4116 6224
318 404 434 466 ’157

322 559 492 613 ματος
564 541 661 593 τοῦ
727 539 963 613 Χριστοῦ
1021 536 1216 606 iam;

318 627 567 701 πλῶμεν·
636 628 725 682 καὶ
792 625 979 682 πάλιν*
1048 626 1123 683 Οὐ
1192 623 1417 681 δύνασθε
1507 630 1776 702 ποτήριον
1875 635 1974 683 Κυ-

323 717 439 792 ρίου
487 715 660 772 πίνειν
721 717 811 771 καὶ
860 717 1128 791 ποτήριον
1186 713 1506 790 δαιμονίων’
1567 718 1681 785 καὶ,
1742 719 1822 775 Οὐ
1874 716 1971 772 δύ-

317 809 480 861 νασθε
534 806 809 881 τραπέζης
853 806 1060 880 Κυρίου
1115 804 1381 881 μετέχειν.
1429 804 1719 881 Ἀλλαχοῦ
1767 805 1824 861 δέ
1871 829 1972 883 φη-

320 897 510 963 σι·Τῇ
565 898 610 934 ⁸⁸
664 895 819 950 νυκτὶ
965 891 1313 968 παρεδίδοτο,
1362 895 1484 970 περὶ
1539 900 1637 950 τοῦ
1695 899 1970 952 Δεσπὸτου

318 985 525 1062 λέγων,
556 980 721 1041 ἔλαϐε
748 985 842 1040 τὸν
872 982 1056 1060 ἄρτον,
1091 986 1203 1041 εἶτα
1244 983 1365 1055 ἑξῆς
1412 986 1502 1040 καὶ
1551 985 1675 1062 περέ
1719 991 1817 1042 τοῦ
1865 1008 1973 1042 πο-

316 1074 515 1149 τηρίου
547 1068 934 1145 διαλαμϐάνει.

393 1165 523 1237 [507
566 1164 659 1236 3.]
707 1162 836 1233 Περὶ
880 1162 1061 1216 τοίνυν
1117 1167 1328 1218 τούτων
1388 1158 1666 1218 διαλαϐὼν
1718 1168 1970 1240 πειρᾶται

321 1254 496 1309 αἰτίαν
527 1251 850 1309 ἀποδιδόναι
878 1259 978 1322 τῆς
1012 1252 1309 1328 εἰρημένης
1342 1251 1604 1330 διαφόρου
1634 1254 1857 1326 τάξεως·
1880 1255 1971 1310 καί

326 1362 508 1420 φησιν,
539 1343 614 1404 ὡς
644 1339 871 1411 Ἐπειδή
899 1341 951 1395 ἐν
983 1343 1117 1414 ἡμῖν
1140 1346 1357 1415 πρῶτον
1385 1342 1446 1396 τὸ
1467 1344 1608 1416 αἷμα
1636 1344 1967 1413 συνίσταται,

325 1432 441 1487 εἶτα
472 1426 874 1505 μεταϐάλλεται
905 1429 983 1494 εἰς
1010 1431 1201 1504 σάρκα,
1247 1436 1487 1505 φυσικῶς
1516 1434 1551 1501 ἡ
1587 1434 1770 1509 Γραφὴ
1818 1453 1971 1487 κινο-

319 1523 496 1595 υμένη
541 1523 640 1592 τήν
681 1521 828 1590 τάξιν
874 1521 1000 1593 [308
1031 1522 1122 1592 Π.]
1161 1519 1362 1589 ταύτην
1410 1519 1500 1575 καὶ
1548 1520 1683 1575 κατᾶ
1724 1522 1824 1590 τήν
1866 1525 1971 1575 τῶν

323 1612 645 1685 μυστηρίων
681 1607 939 1687 διήγησιν
976 1607 1251 1685 ἐφύλαξεν,
1306 1613 1368 1664 Ἥ
1419 1606 1475 1663 δὲ
1512 1609 1783 1664 ἀνάπαλιν
1826 1611 1974 1679 τάξις

317 1705 419 1767 τῆς
446 1708 638 1771 κοινῆς
669 1701 943 1775 τραπέζης
977 1704 1224 1772 μιμεῖται
1263 1700 1363 1768 τὴν
1389 1701 1559 1771 τάξιν·
1600 1704 1818 1776 πρῶτον
1869 1702 1972 1777 γὰρ

317 1791 404 1847 ἐπ’
432 1789 605 1860 αὐτῆς
634 1791 662 1844 ὁ
695 1787 856 1864 όὶρτος
888 1789 1224 1865 προτίθεται,
1256 1789 1371 1843 εἶτα
1402 1791 1429 1843 ὁ
1461 1790 1604 1851 οἶνος
1641 1789 1972 1865 ἐπιφέρεται.

1420 404 1957 468 BIBLIOTHECA.
2003 438 2081 448 —
2123 404 2293 465 COD.
2355 403 2631 464 CCXXII.

1296 539 1445 593 Εἶτα·
1522 540 1623 595 Τὸν
1684 538 1844 615 ἄρτον
1914 540 1972 593 ὃν

2093 540 2298 595 Christi
2325 540 2445 595 est?
2474 544 2522 595 et
2544 539 2703 610 panis
2724 555 2880 611 quem
2914 540 3227 609 frangimus
3255 539 3321 607 ⁴⁴,
3355 541 3559 609 [nonne
3585 553 3723 608 par-

3604 400 3723 459 758

2082 630 2324 701 ticipalio
2355 627 2598 700 corporis
2631 630 2852 683 Domini
2877 629 2977 699 est]
3011 628 3038 683 ‘?
3071 630 3139 685 Et
3167 645 3401 686 rursum
3435 643 3450 683 :
3483 627 3603 684 Non
3629 642 3726 699 po-

2081 721 2239 775 testis
2258 717 2495 773 calicem
2516 717 2740 771 Domini
2767 717 2967 785 bibere,
2985 722 3034 773 et
3054 718 3283 775 calicem
3302 716 3726 774 dxmom‘orum.

2080 808 2147 863 Et
2181 826 2194 863 :
2225 808 2340 863 Non
2368 806 2593 878 potestis
2621 821 2826 863 mensae
2866 806 3092 862 Domini
3122 808 3419 880 participes
3449 820 3564 861 esse
3592 803 3636 838 “
3656 803 3732 875 [οι

2077 911 2287 954 mensae
2306 896 2752 966 daemoniorum],
2778 894 2934 951 Alibi
2964 911 3099 953 vero
3130 896 3274 952 dicit
3298 913 3311 953 :
3348 896 3411 951 In
3434 908 3545 967 qua
3571 899 3731 949 nocte

2078 986 2410 1041 tradebatur
2438 985 2537 1055 (de
2575 984 2821 1040 Domino
2860 983 3154 1057 loquens),
3186 985 3402 1057 accepit
3436 996 3639 1055 panem
3661 980 3729 1049 “,

2081 1092 2146 1131 ac
2178 1075 2313 1130 dein
2345 1076 2415 1130 de
2446 1073 2624 1131 calice
2647 1073 2895 1130 disserit.

2151 1165 2283 1221 Haec
2321 1164 2501 1237 igitur
2534 1164 2631 1220 ubi
2661 1163 2878 1230 retulit,
2911 1180 3151 1221 causam
3185 1164 3364 1237 hujus
3394 1162 3539 1221 varii
3567 1161 3727 1219 ordi-

2079 1254 2172 1311 nis
2218 1255 2459 1310 reddere
2490 1256 2751 1320 conatur,
2803 1253 2941 1309 dum
2975 1254 3058 1311 ait
3089 1270 3104 1310 :
3154 1253 3635 1326 Quandoquidem
3665 1251 3727 1307 in

2082 1344 2246 1400 nobis
2267 1344 2491 1416 primus
2506 1343 2749 1414 sanguis
2772 1342 3170 1414 constituitur,
3189 1345 3289 1416 qui
3312 1344 3450 1400 hinc
3470 1343 3618 1400 187
3642 1339 3732 1413 (ὁ)

2080 1433 2139 1489 in
2163 1450 2393 1490 carnem
2424 1433 2798 1501 convertitur,
2825 1432 3080 1490 naturali
3113 1433 3205 1489 via
3242 1433 3544 1506 Scriptura
3592 1451 3726 1506 pro-

2080 1522 2488 1591 cedens,hunc
2502 1522 2676 1579 etiam
2691 1523 2956 1579 ordinem
2986 1523 3044 1579 in
3078 1522 3493 1593 mysteriorum
3524 1539 3728 1580 narra-

2080 1614 2237 1669 tione
2277 1612 2537 1668 retinuit.
2591 1613 2764 1669 Porro
2814 1616 3143 1669 contrarius
3187 1612 3323 1669 huic
3353 1615 3515 1682 ordo,
3564 1630 3727 1671 com-

2082 1702 2279 1759 munis
2310 1718 2525 1758 measse
2561 1702 2736 1758 ritum
2769 1703 3054 1759 imitatur.
3094 1703 3290 1759 Primo
3320 1704 3475 1760 enim
3508 1704 3566 1759 in
3599 1704 3727 1777 ipsa

2085 1793 2251 1865 panis
2281 1792 2617 1865 apponitur,
2640 1808 2706 1849 ac
2745 1798 2872 1849 tum
2908 1794 3113 1849 vinum
3144 1794 3412 1850 infertur.
3448 1794 3728 1850 Commu-

315 1881 429 1948 Τὴν
462 1877 522 1934 δὲ
548 1881 740 1949 κοινὴν
780 1877 984 1949 ταύτην
1027 1876 1293 1953 τράπεζαν
1347 1881 1628 1951 μιμεῖσθαι
1677 1877 1843 1934 πάλιν
1874 1879 1975 1947 τήν

2093 1864 2219 1938 hem
2246 1864 2443 1935 autem
2472 1880 2637 1937 illum
2669 1897 2957 1951 mensam,
2990 1898 3228 1937 rursum
3260 1883 3607 1954 respondere
3628 1899 3728 1938 no-

316 1968 522 2025 πλάσιν
553 1970 738 2041 ἡμῶν·
773 1965 960 2036 ἐπειδὴ
994 1967 1119 2042 γὰρ,
1154 1968 1227 2030 ὡς
1261 1964 1411 2022 δοκεῖ
1438 1971 1516 2040 τῷ
1548 1963 1673 2025 Ἰὼϐ
1703 1966 1848 2035 ⁸⁷,ἐκ
1867 1989 1973 2037 πη-

318 2057 425 2114 λοῦ
457 2055 887 2130 διεπλάσθημεν,
922 2057 950 2110 ὁ
982 2053 1039 2110 δὶ
1068 2054 1248 2126 πηλὸς
1280 2054 1339 2111 ὲκ
1366 2062 1467 2131 γῆς
1498 2054 1607 2111 ἐστι
1639 2056 1729 2111 καὶ
1753 2053 1974 2125 ὕδατος,

316 2148 524 2210 πλάσις
556 2146 615 2202 δέ
645 2146 756 2203 ἔστι
790 2147 992 2219 τρόπον
1022 2147 1141 2201 τινὰ
1163 2145 1252 2201 καὶ
1285 2149 1319 2218 ἡ
1350 2148 1550 2223 τροφὴ,
1583 2146 1975 2222 άναπληροῦσα

317 2239 413 2295 καὶ
444 2235 863 2293 ἀναπλάττουσα
889 2237 951 2291 τὸ
977 2235 1267 2313 ἀπορρέον,
1301 2234 1391 2292 διὰ
1419 2241 1579 2293 τοῦτο
1612 2237 1793 2313 ὥσπερ
1825 2237 1876 2292 ἐν
1906 2240 1975 2310 τῇ

320 2329 472 2403 παρὰ
508 2328 642 2383 Θεοῦ
682 2325 880 2382 πλάσει
910 2325 973 2382 τὸ
1022 2325 1183 2398 ξηρὸδ
1226 2325 1592 2401 προείληπται
1632 2331 1731 2382 τοῦ
1783 2328 1975 2404 ὑγροῦ,

325 2416 473 2474 οὕτω
501 2418 589 2473 καὶ
638 2415 691 2471 ἐν
735 2420 806 2490 τῇ
860 2416 1090 2489 μιμήσει
1138 2423 1239 2485 τῆς
1294 2416 1421 2490 παρ’
1470 2419 1606 2488 ἡμῖν
1656 2414 1908 2478 πλάσεως
1948 2416 1976 2472 ὁ

321 2505 489 2583 ἄρτος
525 2509 622 2561 τοῦ
676 2505 827 2560 οἷ’νου
876 2499 1351 2579 προλαμϐάνεται.
1396 2505 1496 2559 Καὶ
1523 2504 1685 2569 αὐτὸς
1717 2505 1812 2578 μὲν
1856 2524 1977 2559 τοι-

321 2597 461 2652 αῦτά
489 2616 609 2651 τινα
636 2594 762 2669 περὶ
807 2600 908 2663 τῆς
960 2594 1164 2663 τάξεως
1213 2593 1553 2671 φυσιολογεῖ,
1599 2595 1645 2649 εἰ
1697 2595 1787 2650 καὶ
1837 2596 1978 2649 θειο-

315 2688 483 2761 τέρας
523 2684 753 2761 Θεωρίας
781 2684 1179 2759 ταπεινότερον.

394 2775 470 2832 Τὸ
518 2772 705 2847 μέντοι
758 2770 1202 2848 λαμπροφορεῖν,
1254 2774 1411 2851 φησὶ,
1459 2771 1586 2835 τοὺς
1639 2772 1979 2849 βαπτιζομέ-

314 2886 471 2938 νους,
505 2871 608 2934 τῆς
637 2869 747 2919 τῶν
778 2862 1022 2937 ἀγγέλων
1072 2862 1181 2918 ἐστὶ
1234 2858 1515 2937 σύμϐολον
1563 2861 1977 2939 λαμπρότητος,

312 2956 381 3010 τὸ
438 2953 677 3029 καθαρὸν
736 2950 957 3014 ἐκείνοις
1014 2956 1111 3006 τοῦ
1162 2956 1258 3007 νοῦ
1310 2954 1397 3007 καὶ
1454 2952 1650 3028 ἀμιγὲς
1698 2958 1798 3022 τῆς
1843 2950 1981 3023 ὕλης

314 3042 414 3099 καὶ
452 3046 561 3096 τῶν
604 3041 788 3096 παθῶν
823 3038 1210 3111 διατυποόσης·
1254 3042 1326 3095 ὢν
1364 3042 1477 3116 χρὴ
1527 3042 1616 3095 καὶ
1660 3041 1753 3095 τὸν
1800 3060 1980 3117 φωτι-

316 3134 514 3188 σθὲντα
543 3131 598 3186 ἐν
632 3130 836 3203 μεθέξει
865 3136 968 3199 τῆς
994 3130 1223 3205 χάριτος
1252 3130 1532 3204 γεγονότα,
1575 3128 1626 3184 ἐν
1658 3134 1773 3191 τοῖς
1804 3136 1905 3199 τῆς
1937 3131 1979 3166 ³⁸

316 3220 724 3297 λαμπρότητος
765 3218 1071 3294 χαρίσμασι
1122 3223 1405 3291 συντηρεῖν
1456 3218 1669 3273 ἔαυτόν·
1728 3215 1883 3273 Ἀλλ’
1920 3217 1973 3272 ἐν

312 3312 544 3371 τούτοις
592 3310 688 3382 μὲν
743 3307 892 3380 αὐτῷ
935 3307 1028 3363 καὶ
1073 3308 1137 3363 τὸ
1199 3308 1268 3378 ιη’
1323 3306 1617 3386 κεφάλαιον
1675 3305 1753 3369 εἷς
1809 3306 1977 3384 πέρας

312 3401 501 3478 ⁴ἢχθη.

388 3483 903 3545 ’Βννεακαιδέκατον
990 3484 1047 3541 δὲ
1146 3484 1447 3563 κεφάλαιον
1537 3487 1975 3562 πραγματεύεται

310 3578 500 3638 αἰτίας
570 3573 949 3651 διερχόμενον·
1045 3577 1127 3629 Δι’
1193 3576 1256 3637 ’ὰς
1329 3582 1429 3645 τῆς
1496 3574 1884 3651 κοσμογενείτις
1949 3577 1978 3631 ὁ

313 3670 539 3736 Μωσῆς
608 3665 711 3719 οὐκ
775 3662 825 3733 ἐξ
894 3662 1147 3739 ἇγγὲλων
1214 3661 1438 3739 ἤρξατο.
1506 3663 1608 3721 Καί
1674 3686 1836 3742 φησιν
1895 3663 1978 3720 ὅτι

315 3761 540 3825 Μωσῆς
589 3754 898 3826 νομοθετεῖν
958 3750 1183 3827 μέλλων
1240 3752 1565 3827 ἀνθρώποις,
1623 3755 1710 3809 καὶ
1769 3753 1981 3830 ἀγαθῶν

318 3845 417 3919 μὲν
448 3840 786 3919 ἐπαγγελίαν
825 3845 944 3904 τοῖς
986 3843 1343 3916 κατορθοῦσιν
1388 3840 1618 3904 ἀπειλὰς
1658 3839 1715 3896 δὲ
1761 3843 1852 3897 καὶ
1899 3862 1980 3899 τι-

322 3936 546 4010 μωρίαν
577 3934 725 4009 παρᾶ
753 3937 887 3989 Θεοῦ
938 3939 1053 3996 τοῖς
1098 3932 1517 4008 ἐξαμαρτάνουσι
1565 3931 1980 4007 ἑπανατεινόμε·

317 4045 436 4097 νος,
502 4022 755 4091 εἰκότως,
808 4023 883 4085 ὡς
928 4022 980 4078 ἐν
1021 4023 1265 4098 ἱστορίας
1318 4023 1534 4100 τρόπῳ,
1591 4025 1680 4079 καῖ¹
1737 4024 1835 4093 τήν
1884 4020 1987 4093 δη-

322 4114 627 4190 μιουργίαν
676 4112 892 4168 ἐκείνων
934 4133 1152 4169 παντων
1204 4111 1430 4190 εἰσάγει,
1467 4112 1544 4168 ὧν
1575 4115 1609 4183 ἡ
1643 4112 1803 4189 ’χρεία
1848 4114 1984 4187 πρός

315 4225 378 4260 τε
412 4203 731 4279 εὐεργεσίαν
758 4202 848 4258 καὶ
891 4203 1125 4273 ἀπειλὴν
1156 4206 1265 4258 τῶν
1316 4202 1754 4276 νουθετουμὲνων
1786 4203 1833 4239 ⁸9
1862 4223 1989 4257 συν-

317 4296 498 4349 τελεῖ’
553 4295 745 4350 Ἔσται
779 4297 796 4331 ί
825 4292 952 4367 γὰρ,
987 4292 1171 4367 φησὶν,
1213 4293 1241 4347 ὁ
1290 4292 1520 4365 οὐρανὸς
1570 4290 1815 4367 χαλκοῦς
1847 4294 1868 4328 ³
1898 4291 1987 4346 καὶ

316 4385 354 4455 ἠ
386 4391 465 4459 γῆ
508 4380 732 4458 σιδηρᾶ.
766 4381 867 4439 Καὶ
897 4381 996 4437 ὅσα
1032 4380 1179 4437 ἄλλα
1209 4378 1298 4436 διὰ
1336 4386 1444 4437 τῶν
1495 4381 1811 4454 κτισμάτων
1862 4402 1988 4436 τοι-

320 4477 463 4530 αῦτα
523 4473 561 4543 ἢ
621 4473 761 4548 πρὸς
806 4470 1106 4528 ἀπόλαυσιν
1165 4475 1275 4527 τῶν
1324 4472 1733 4548 κατορθούντων
1768 4470 1805 4541 ἢ
1853 4470 1989 4546 πρὸς

319 4559 563 4619 κόλασιν
610 4566 720 4618 τῶν
765 4562 1189 4637 ἁμαρτανόντων
1247 4560 1663 4637 ἂναγὲγραπται.
1699 4561 1851 4619 Ἐπεὶ
1901 4562 1992 4617 οὖν

325 4653 546 4715 σκοπὸς
599 4652 668 4720 ἧν
723 4654 804 4723 τῷ
856 4650 1127 4726 νομοθέτῃ
1185 4651 1275 4705 καὶ
1328 4654 1409 4723 τῷ
1464 4650 1792 4726 ἀνθρωπίνῳ
1852 4649 1995 4726 γένει

324 4740 717 4820 σωτηριώδεις
759 4741 964 4816 νόμους
1015 4742 1349 4820 εἰσαγαγεῖν,
1398 4742 1489 4797 καὶ
1536 4743 1645 4798 τῶν
1699 4744 1999 4816 νομοθετη-

323 4834 540 4890 θέντων
568 4831 865 4912 ἀσφάλειαν
899 4829 987 4887 διά
1033 4852 1093 4887 τε
1138 4838 1239 4901 τῆς
1287 4835 1397 4886 τῶν
1453 4836 1718 4907 χαλεπῶν
1759 4828 1999 4900 ἀπειλῆς

323 4921 560 4992 καὶτῆς
590 4924 700 4977 τῶν
758 4920 1057 4996 βελτιόνων
1113 4921 1467 4996 ὑποσχέσεως
1518 4921 1997 4995 περιποιήσασθαι,

326 5011 594 5087 ὶκάτερον
639 5006 697 5065 δὶ
740 5009 949 5066 τούτων
999 5009 1060 5066 ἐκ
1106 5014 1214 5066 τῶν
1264 5008 1580 5085 κτισμάτων
1630 5004 1999 5086 παραλαμϐά-

326 5121 469 5170 νειν,
503 5098 597 5156 διὰ
625 5102 787 5155 τοῦτο
837 5102 936 5155 ὅσα
995 5100 1090 5173 μὲν
1136 5098 1408 5156 συνετέλει
1457 5100 1599 5176 πρὸς
1640 5100 1733 5157 τὸν
1778 5098 1944 5154 αὐτοῦ
1976 5102 1997 5136 ³

332 5192 570 5259 σκοπὸν,
627 5188 840 5246 τούτων
896 5190 987 5245 καὶ
1039 5189 1284 5266 ἱστορίαν
1337 5196 1438 5261 τῆς
1496 5188 1756 5265 γενέσεως
1814 5188 2000 5245 ἀνετά-

334 5278 495 5350 ξατο,
530 5279 630 5334 ὅσα
660 5275 717 5335 δὶ
744 5278 882 5343 τέως
914 5281 981 5336 οὐ
1010 5282 1362 5359 κατήπειγεν,
1398 5280 1755 5357 ὑπερτίθεται.

2084 1973 2218 2026 strae
2253 1969 2604 2026 formationi'
2632 1970 2856 2041 [addit].
2908 1970 3227 2044 Postquam
3260 1969 3415 2027 enim
3464 1974 3552 2043 (ut
3604 1969 3730 2026 vult

2082 2058 2193 2115 Job
2243 2058 2311 2129 ‘7)
2361 2058 2433 2115 de
2490 2059 2611 2114 luto
2645 2059 2876 2115 formati
2903 2075 3106 2115 sumus
3158 2059 3336 2131 [quod
3383 2076 3415 2115 e
3466 2064 3619 2116 terra
3672 2066 3729 2115 et

2086 2164 2234 2218 aqua
2265 2148 2673 2219 temperatur),
2731 2146 2975 2203 nutritio
3006 2154 3203 2203 autem
3246 2146 3513 2219 quaedam
3555 2148 3730 2218 quasi

2084 2236 2355 2292 formatio
2385 2240 2495 2303 est,
2519 2234 2751 2308 replens
2768 2252 2834 2291 ac
2866 2234 3155 2304 reficiens,
3189 2236 3343 2308 quod
3365 2234 3723 2313 deﬂuxerat;

2085 2328 2303 2385 idcirco
2331 2328 2829 2400 quemadmodum
2860 2327 2921 2383 in
2953 2344 3019 2384 ea
3042 2344 3220 2399 quam
3251 2327 3408 2384 Deus
3438 2327 3577 2385 fecit
3615 2328 3731 2384 for-

2087 2418 2359 2488 matione,
2395 2418 2626 2473 aridum
2659 2422 2794 2473 ante
2824 2416 3132 2473 humidum
3155 2421 3459 2489 sumptum
3499 2419 3610 2486 est,
3642 2416 3730 2473 sic

2087 2509 2146 2561 et
2176 2506 2235 2561 in
2268 2523 2356 2575 ea,
2389 2522 2568 2578 quam
2599 2522 2707 2562 nos
2741 2505 2921 2576 hujus
2949 2504 3273 2561 imitatione
3300 2505 3555 2562 facimus
3612 2504 3728 2561 for-

2089 2594 2366 2662 matione,
2392 2596 2560 2667 panis
2582 2599 2718 2651 ante
2737 2594 2941 2652 vinum
2961 2594 3230 2651 sumitur.
3263 2592 3610 2665 Hujusmodi
3632 2592 3731 2649 ille

2086 2683 2206 2739 fere
2228 2685 2297 2740 de
2321 2682 2520 2740 ordine
2551 2700 2618 2739 ex
2646 2691 2855 2740 natura
2884 2682 3326 2755 philosophatur
3356 2700 3371 2751 ;
3404 2682 3512 2739 etsi
3530 2681 3590 2738 id
3611 2697 3730 2739 non

2088 2774 2233 2831 satis
2265 2790 2368 2845 pro
2400 2774 2687 2845 dignitate
2734 2772 3060 2846 theologia.

2161 2864 2323 2930 Quod
2356 2867 2549 2919 autem
2582 2862 2910 2931 candidam,
2947 2863 3047 2935 qui
3085 2862 3480 2935 baptizantur,
3509 2863 3732 2919 vestem

2089 2956 2317 3025 gerant,
2337 2952 2546 3024 inquit,
2571 2951 2808 3025 signum
2828 2951 2976 3008 illud
2998 2956 3089 3009 est
3108 2951 3358 3026 angelici
3380 2951 3727 3024 splendoris,

2091 3043 2188 3115 qui
2212 3041 2525 3115 puritatem
2550 3041 2766 3098 mentis
2789 3041 2926 3110 illis,
2942 3041 3069 3098 sine
3090 3041 3363 3099 mistione
3382 3040 3640 3098 materia
3661 3055 3730 3098 ac

2091 3132 2452 3200 passionum,
2486 3130 2719 3187 exhibet
2750 3149 2765 3198 ;
2796 3147 3046 3204 quorum
3089 3131 3327 3203 quidem
3365 3129 3561 3202 gratim
3591 3143 3729 3185 cum

2089 3220 2458 3277 illuminatus
2478 3220 2558 3275 sit
2587 3219 2873 3291 particeps
2903 3219 3163 3288 effectus,
3194 3218 3256 3275 in
3283 3217 3490 3275 nitoris
3509 3218 3730 3290 accepti

2083 3311 2253 3367 donis
2283 3312 2542 3382 seipsum
2593 3324 2931 3365 conservare
2960 3309 3150 3365 debet.
3190 3310 3379 3381 Atque
3409 3308 3470 3364 in
3501 3307 3596 3364 his
3625 3308 3730 3365 de-

2085 3402 2234 3458 cimo
2263 3406 2464 3456 octavo
2495 3398 2671 3471 capiti
2701 3398 2775 3454 ab
2802 3414 2869 3455 eo
2901 3396 3037 3453 finis
3068 3396 3412 3470 imponitur.

2158 3491 2244 3545 19.
2279 3489 2478 3562 Capite
2506 3487 2735 3544 decimo
2766 3504 2920 3544 nono
2951 3503 3157 3543 causas
3188 3489 3451 3543 recenset
3483 3501 3498 3541 :
3534 3485 3647 3542 Cur
3672 3486 3731 3542 in

2086 3597 2136 3634 m
2146 3581 2282 3636 undi
2291 3580 2508 3649 fabrica
2522 3577 2838 3649 referenda,
2852 3577 3018 3633 Moses
3032 3576 3099 3631 ab
3116 3575 3443 3646 angelorum
3455 3576 3734 3632 creatione

2087 3670 2313 3725 initium
2330 3684 2440 3724 non
2468 3667 2709 3722 duxerit.
2738 3665 2935 3721 Mosen
2957 3680 3095 3736 ergo
3117 3664 3272 3735 leges
3288 3663 3626 3720 hominibus
3646 3662 3731 3719 la-

2084 3763 2309 3826 turum,
2324 3772 2453 3812 cum
2466 3760 2618 3812 recte
2631 3754 2863 3827 quidem
2876 3754 3181 3826 agentibus
3195 3752 3475 3809 bonorum
3490 3750 3735 3823 promis-

2089 3850 2310 3906 sionem
2322 3888 2335 3914 ,
2354 3845 2546 3901 minas
2558 3861 2692 3901 vero
2707 3862 2742 3900 a
2758 3845 2869 3902 Deo
2883 3848 2941 3900 et
2954 3859 3181 3916 poenam
3214 3840 3510 3899 sceleratis
3537 3840 3733 3897 inten-

2090 3938 2272 4002 deret,
2291 3934 2499 3990 merito
2513 3932 2594 3989 ait
2607 3950 2709 4005 pro
2733 3932 3114 3989 historiarum
3130 3948 3289 3989 more
3304 3930 3538 3987 illorum
3553 3929 3735 3987 etiam

2091 4023 2351 4082 omnium
2373 4022 2725 4080 creationem
2756 4023 3064 4091 adducere,
3097 4036 3348 4093 quorum
3378 4036 3524 4077 usus
3551 4018 3642 4076 vel
3663 4018 3736 4074 ad

2093 4114 2560 4185 beneﬁcentiam,
2584 4113 2684 4184 qui
2714 4112 3000 4170 admoniti
3039 4114 3222 4180 fuere,
3251 4109 3341 4167 vel
3363 4110 3436 4166 ad
3459 4115 3743 4167 terrorem

2093 4203 2495 4259 incutiendum
2552 4202 2796 4258 valeret.
2873 4203 2993 4258 Erit
3042 4200 3225 4267 enim,
3283 4199 3495 4271 inquit,
3550 4198 3746 4255 calum

2096 4310 2326 4361 aeneum,
2360 4301 2411 4349 et
2441 4301 2590 4350 terra
2607 4295 2791 4366 ferrea
2817 4291 2885 4348 ⁴⁸.
2911 4291 2979 4348 Et
3009 4305 3373 4365 quaecunque
3393 4288 3518 4346 alia
3540 4288 3746 4359 hujus-

2100 4382 2258 4440 modi
2289 4390 2562 4438 creaturae
2592 4396 2797 4437 eorum
2829 4378 2917 4436 vel
2949 4380 3020 4435 ad
3042 4395 3218 4435 usum
3242 4380 3395 4433 recte
3426 4374 3746 4447 agentium,
3832 4394 3841 4407 τ

2100 4471 2187 4527 vel
2218 4470 2287 4526 ad
2342 4470 2765 4541 correptionem
2811 4466 3177 4541 peccantium
3229 4465 3534 4537 descripta
3585 4466 3748 4519 sunt.

2024 4517 2070 4583 Β
2103 4561 2247 4618 Cum
2277 4517 2459 4632 igitur
2511 4517 2845 4631 Rl'egislatorir
2874 4556 3244 4630 propositum
3276 4517 3473 4624 fuerit,
3506 4558 3564 4608 et
3594 4567 3749 4607 mor-

2104 4650 2209 4708 tali
2246 4650 2443 4723 generi
2493 4648 2650 4721 leges
2711 4648 2857 4705 ferre
2887 4647 3192 4713 salutares,
3224 4650 3283 4703 et
3329 4643 3476 4716 ipsis
3526 4640 3750 4713 legibus

2104 4740 2237 4797 latis
2261 4736 3058 4811 praesidium,suppliciorum
3083 4734 3361 4800 minis,ac
3382 4729 3753 4805 praemiorum

2106 4829 2519 4902 promissione,
2573 4842 2852 4899 querere,
2904 4829 3224 4896 utrumque
3256 4823 3468 4878 horum
3499 4835 3566 4875 ex
3596 4832 3755 4874 crea-

2110 4919 2255 4975 turis
2283 4917 2692 4975 desumendo:
2743 4919 3048 4988 propterea
3078 4925 3437 4985 quaecunque
3484 4907 3559 4964 ad
3599 4906 3756 4962 hunc

2108 5024 2345 5081 scopum
2376 5008 2734 5073 conducunt,
2794 5004 3005 5061 horum
3058 5004 3231 5061 etiam
3289 4996 3604 5057 creationis
3662 4995 3750 5051 hi.

2109 5097 2349 5155 storiam
2384 5095 2697 5169 pertexuit,
2730 5093 2802 5150 iis
2832 5110 2959 5166 quia
2990 5108 3057 5150 eo
3099 5108 3216 5149 non
3265 5085 3638 5163 pertinebant
3666 5099 3757 5142 re-

2104 5187 2298 5259 jectis.

409 5406 466 5441 ⁴⁴
498 5406 527 5463 Ι
555 5406 684 5463 Cor.
714 5423 772 5480 ι,
801 5408 888 5476 16,
940 5407 985 5444 ⁸⁸
1013 5407 1160 5466 ibid.
1194 5410 1287 5482 20,
1312 5408 1403 5465 21.
1462 5409 1509 5446 ⁴⁶
1543 5412 1565 5467 Ι
1596 5409 1722 5467 Cor.
1745 5424 1829 5478 ιιι,
1857 5410 1949 5479 24,

2093 5407 2193 5466 lob
2223 5423 2422 5479 χχχιιι,
2443 5407 2499 5462 6.
2559 5404 2603 5441 ⁴⁸
2638 5406 2803 5462 Deut.
2835 5419 3034 5474 xxvur,
3063 5402 3153 5460 23.

1678 5537 1925 5595 VARI/E
1964 5535 2370 5596 LECTIONES.

418 5655 470 5691 ’τι
502 5652 600 5728 τῇ]
629 5650 651 5709 I
681 5654 809 5728 Cor.
842 5670 921 5722 ιι,
966 5656 1059 5728 23.
1174 5653 1220 5728 ’ἶ
1251 5647 1400 5728 Ἰώϐ]
1439 5655 1538 5728 33,
1568 5656 1623 5711 6.

1735 5656 1781 5691 θ’
1810 5655 2057 5713 alterum
2104 5659 2204 5722 τῆς
2234 5655 2367 5711 add.
2420 5657 2485 5709 Α.

349 5725 437 5800 ς’.
473 5721 812 5782 δοέἷωειὶω
841 5721 1353 5800 νομοθετουμὲνων.
1383 5721 1399 5728 ”
1432 5726 1450 5761 ¹
1483 5721 1652 5799 ἔσται]
1691 5728 1858 5785 Deut.
1891 5743 2086 5795 xxvm,
2116 5721 2205 5783 25.

2596 5655 2640 5690 9°
2668 5651 3099 5723 νουθετουμένων
3148 5652 3191 5706 Α
3226 5666 3239 5706 :
3297 5644 3763 5723 vgtouﬁemptvmv

2284 5728 2305 5762 ²
2335 5723 2545 5801 χαλκὸς
2584 5730 2650 5783 Α.
2728 5727 2749 5761 ⁸
2777 5720 2944 5780 αὐτοῦ
2984 5730 3027 5779 Α
3061 5742 3073 5779 :
3108 5723 3271 5777 αὐτὸν
