4184 6212
439 261 556 320 759
1641 251 1908 316 ΡΗΟΤΙΙ
1951 248 2081 309 PA']

2195 247 2480 308 ARCH/E
2525 247 2643 309 ΟΡ.
3716 254 3834 316 760

506 396 658 452 188
691 396 765 470 (a)
825 396 1043 452 Deinde
1074 409 1176 466 per
1219 391 1553 449 sensibilem
1582 389 1894 457 mundum,
1937 391 2072 443 tan-
2107 387 2156 451 Α

434 501 612 556 quam
643 501 744 556 per
772 485 1113 556 imaginem,
1147 481 1328 538 voluit
1360 481 1546 537 Moses
1599 477 1881 534 artificem
1928 475 2076 545 ejus,

435 580 493 630 et
521 578 877 645 Creatorem,
907 575 977 630 iis
1009 574 1226 645 quibus
1256 573 1444 643 legem
1503 571 1716 626 ferebat
1763 567 2033 624 exhibere
2063 583 2075 620 :

435 660 682 730 quicum
709 665 848 715 tunc
871 661 1061 714 adhuc
1093 659 1708 724 crassiorcsessent,et
1738 655 1832 708 vix
1879 669 1907 708 e
1950 669 2077 708 sen-

437 747 646 803 silibus
679 753 854 820 atque
887 749 1146 817 cognatis
1190 747 1385 817 rebus,
1422 763 1621 803 eorum
1655 762 1776 815 quae
1810 744 2078 798 videntur

431 837 758 892 Creatorem
819 841 1050 907 possent
1088 853 1477 908 cognoscere;
1513 843 1662 890 recte
1695 833 1838 888 illud
1871 831 2076 887 conﬁci

434 941 549 980 non
587 925 795 996 potuit,
821 930 1006 996 erepta
1027 926 1099 981 ab
1120 926 1340 995 angelis
1374 925 1726 979 narratione.
1761 922 1837 976 Ex
1868 920 2077 989 ignotis

428 1012 605 1081 enim,
639 1029 754 1070 non
800 1019 992 1069 autem
1035 1031 1104 1070 ex
1145 1013 1562 1085 apparentibus
1593 1011 1858 1067 notitiam
1894 1008 2074 1079 ignoti

429 1119 639 1174 parare
681 1101 848 1167 velle,
884 1102 1106 1158 inutilis
1162 1119 1303 1158 sane
1361 1106 1608 1158 conatus
1657 1105 1764 1167 est,
1799 1099 2077 1171 valdeque

427 1191 719 1246 infirmus.
743 1191 975 1263 Alioqui
1006 1192 1186 1248 Deum
1220 1193 1270 1247 si
1304 1208 1416 1246 non
1452 1195 1625 1257 recte,
1648 1195 1706 1244 at
1737 1189 1934 1261 aliquo
1967 1190 2081 1245 sal-

430 1286 546 1336 tem
582 1281 752 1336 modo
781 1279 1023 1338 Judaica
1061 1299 1225 1352 gens,
1257 1281 1426 1336 etiam
1470 1285 1602 1335 ante
1645 1280 1830 1351 legem
1875 1280 2072 1345 latam,

431 1368 817 1441 glorificavit:
849 1387 980 1425 cum
1013 1371 1356 1442 angelorum
1390 1387 1459 1426 ne
1484 1368 1929 1440 appellationem
1953 1371 2076 1440 qui-

433 1460 567 1514 dem
628 1460 882 1515 novisset
914 1477 1029 1516 uno
1070 1461 1306 1516 forsitan
1341 1465 1398 1515 et
1428 1459 1558 1515 item
1588 1458 1768 1514 altero
1817 1463 2073 1530 excepto,

433 1547 648 1617 quibus
704 1548 759 1603 id
822 1548 1010 1604 sancti
1053 1547 1306 1620 Spiritus
1356 1549 1542 1620 gratia
1586 1546 1888 1603 revelarat.
1924 1547 2074 1602 Con-

435 1635 627 1691 ﬁrmat
658 1653 781 1706 quae
809 1636 1060 1692 dicimus
1091 1636 1199 1692 hoc
1223 1637 1290 1705 4°,
1313 1637 1464 1707 quod
1497 1637 1819 1691 etiamnum
1851 1636 2077 1690 Saddu-

434 1724 538 1779 cesi
590 1725 771 1779 Deum
815 1724 1052 1796 quidem
1103 1725 1399 1792 exsistere,
1433 1729 1490 1780 et
1536 1725 1920 1780 architectum
1955 1741 2078 1781 esse

429 1812 634 1867 mundi
659 1813 931 1874 fatentur.
967 1831 1099 1869 cum
1126 1822 1317 1870 tamen
1350 1815 1590 1886 angelos
1613 1813 1762 1869 ullos
1793 1829 1921 1870 esse
1943 1831 2079 1884 per—

432 1902 706 1958 tinaciter
763 1907 997 1974 negant.
1058 1902 1414 1975 Angelorum
1472 1919 1610 1958 vero
1669 1910 1877 1957 natura
1906 1906 2078 1972 atque

432 1991 742 2062 appellatio
766 2009 796 2047 a
818 1991 1099 2062 principio
1131 1992 1352 2063 ignota,
1377 1991 1512 2047 inde
1535 1991 1792 2063 primum
1816 1991 1874 2046 in
1899 1993 2077 2048 notio~

433 2096 566 2136 nem
589 2081 767 2148 venit,
790 2096 858 2135 ex
888 2097 1004 2152 quo
1026 2081 1267 2146 Abrahae
1299 2083 1358 2136 in
1385 2081 1568 2136 Deum
1601 2081 1783 2152 pietas
1805 2082 2078 2152 cognosci

435 2170 652 2239 coepit:
717 2169 866 2225 unde
927 2176 1094 2226 aucta
1134 2174 1307 2242 atque
1359 2169 1732 2240 ampliﬁcata,
1765 2170 1824 2226 in
1879 2186 2077 2226 omnes

437 2258 647 2314 deinde
705 2257 830 2330 pios
880 2259 1139 2314 derivata
1195 2264 1302 2315 est.
1348 2261 1687 2329 Quanquam
1737 2259 1844 2315 hos
1903 2261 2076 2316 etiam

437 2346 630 2403 Moses
666 2345 724 2402 in
751 2347 864 2402 ﬁne
895 2364 1013 2402 suae
1045 2348 1309 2404 Historiae
1344 2365 1474 2403 cum
1510 2347 1623 2404 alia
1654 2354 1920 2405 creatura
1941 2366 2074 2405 con-

429 2437 692 2506 jungens
725 2453 739 2491 :
775 2437 1088 2504 Laetamini,
1147 2438 1360 2509 inquit,
1416 2438 1559 2506 casti,
1593 2441 1646 2493 et
1688 2440 1920 2494 adorent
1951 2456 2078 2494 eum

437 2539 624 2580 omnes
654 2524 849 2595 angeli
877 2526 994 2596 ejus
1026 2525 1092 2580 5°.

511 2613 775 2668 Tertium
801 2611 944 2668 illud
969 2614 1131 2668 addit
1149 2614 1354 2669 Jobius
1375 2632 1386 2670 :
1411 2614 1460 2670 si
1484 2613 1735 2670 visibilis
1757 2613 1922 2670 nobis
1945 2614 2080 2670 vici-

438 2701 619 2767 niora,
641 2706 810 2772 atque
834 2701 908 2757 ad
949 2705 1418 2774 cognoscendum
1449 2704 1695 2775 aptiora,
1729 2721 1907 2775 quam
1932 2704 2084 2760 invi-

438 2789 636 2846 sibilia
657 2795 816 2857 sunt,
837 2795 988 2846 recte
1010 2791 1376 2848 sensibilium
1397 2795 1634 2848 tradens
1657 2799 1842 2849 ortum
1869 2793 2080 2864 Moses,

445 2879 668 2948 majora
723 2879 1009 2951 tantisper
1039 2881 1285 2936 rudibus
1341 2883 1562 2937 tradere
1594 2881 1664 2937 ob
1724 2883 2082 2938 inaccessam

441 2971 873 3040 difﬁcultatem,
915 2977 973 3026 et
1013 2987 1140 3042 qua:
1173 2969 1357 3026 multa
1387 2970 1672 3042 indigeret
1702 2972 2085 3028 instructions

441 3061 682 3117 omittit.
703 3061 788 3116 Tu
814 3077 984 3131 porro
1016 3059 1110 3114 hic
1136 3076 1251 3115 una
1285 3075 1513 3116 mecum
1547 3060 1869 3131 considera,
1903 3079 2086 3118 unum

440 3165 570 3207 esse
583 3150 894 3205 admodum
910 3148 1371 3204 desensibilibus
1393 3149 1719 3205 docendum
1744 3150 1908 3220 illud,
1933 3153 2087 3220 quod

440 3257 474 3296 δ
503 3240 621 3295 Deo
665 3240 945 3310 producta
975 3239 1097 3294 sint
1132 3255 1144 3292 :
1178 3253 1313 3293 cum
1346 3239 1416 3293 de
1448 3239 1917 3310 intelligibilibus
1973 3244 2087 3298 duo

439 3328 564 3383 haec
593 3329 850 3384 docenda
882 3326 1134 3393 veniant,
1169 3331 1224 3382 et
1273 3328 1426 3398 quod
1460 3328 1598 3396 sint,
1630 3333 1686 3383 et
1735 3331 1885 3397 quod
1919 3347 2084 3385 suam

441 3435 510 3474 ex
528 3417 642 3473 Deo
665 3417 1106 3473 subsistentiam
1131 3417 1483 3487 acceperint.
1519 3416 1828 3488 Propterea
1859 3435 2087 3489 quoque

443 3506 786 3578 angelorum
822 3522 938 3560 non
988 3505 1258 3560 meminit
1291 3505 1498 3573 Moses,
1531 3508 1669 3560 dum
1695 3509 1894 3562 mundi
1925 3524 2083 3563 crea-

436 3595 654 3651 tionem
689 3610 925 3650 narrare
946 3594 1201 3664 primum
1233 3592 1478 3664 incipit;
1509 3610 1580 3649 ne
1609 3594 1709 3665 qui
1744 3596 1888 3651 forte
1913 3597 2083 3650 {idem

437 3685 618 3740 latius
668 3684 977 3739 extendere
1027 3682 1294 3754 cupiunt,
1327 3685 1498 3753 atque
1554 3683 1864 3740 instabiles
1922 3690 2082 3751 sunt,

435 3773 632 3844 ipsum
657 3788 887 3843 quoque
915 3772 1252 3826 universum
1277 3770 1346 3826 ab
1374 3773 1594 3842 angelis
1626 3773 1925 3828 conditum
1958 3791 2086 3830 esse

437 3861 833 3932 opinarentur.
871 3861 930 3916 Si
953 3863 1108 3917 enim
1154 3878 1286 3915 cum
1323 3860 1544 3916 nullam
1570 3861 1816 3932 hujusce
1846 3880 2082 3919 causam

435 3951 623 4005 Moses
657 3951 968 4005 scribendo
1001 3949 1247 4017 dederit,
1290 3949 1657 4006 Hebraeorum
1720 3955 1910 4006 tamen
1971 3969 2083 4007 non

437 4039 630 4111 pauci,
664 4044 721 4094 et
743 4039 960 4110 quibus
993 4038 1201 4094 horum
1235 4039 1412 4110 placet
1449 4055 1632 4110 error,
1664 4042 1953 4096 mundum
2011 4041 2083 4095 ab

441 4127 686 4199 angelis,
740 4144 982 4198 quaeque
1020 4128 1242 4182 mundo
1294 4129 1678 4196 continentur,
1736 4135 1928 4184 creata
1957 4145 2084 4184 esse

436 4219 754 4287 nugantur,
775 4221 994 4286 quanto
1020 4214 1222 4284 utique
1252 4216 1477 4270 auctior
1507 4222 1632 4271 erat
1666 4217 1896 4272 futurus
1930 4235 2082 4272 mor-

2119 3013 2168 3080 C

3512 381 3536 400 ς

2269 381 2522 455 Δεύτερον
2559 379 2647 435 διὰ
2691 384 2786 434 τοῦ
2818 382 3078 452 αἰσθητοῦ
3122 384 3333 455 κόσμου
3381 385 3456 444 ὡς
3509 381 3577 438 δι’
3628 385 3836 449 εἰκόνος

2192 471 2219 523 ὁ
2255 473 2458 539 Μωσῆς
2498 472 2590 524 τὸν
2640 471 2894 546 τεχνίτην
2943 471 3108 526 αύτοῦ
3156 472 3244 526 καί
3287 470 3620 547 δημιουργὸν
3685 470 3840 529 ἐδού-

2190 559 2314 613 λετο
2345 565 2460 620 τοῖς
2492 559 2983 632 νομοθετουμένοις
3018 558 3417 629 ὑποδεικνύναι,
3462 563 3551 617 ἅτε
3583 561 3650 633 δὴ
3712 565 3839 636 [309

2190 649 2282 720 Η.]
2316 649 2646 724 παχυτέροις
2681 647 2800 703 οὖσι
2832 655 3130 719 τηνικαῦτα
3173 651 3263 706 καί
3317 651 3478 724 μόλις
3512 650 3571 706 ἐκ
3616 657 3723 706 τῶν
3758 654 3842 707 αἶ-

2189 739 2401 808 σθητῶν
2453 738 2543 791 καὶ
2595 739 2908 816 συντρόφων
2957 739 3142 804 αὐτοῖς
3191 737 3509 813 δυναμένοις
3564 749 3841 797 κατανοεῖν

2186 827 2275 880 τὸν
2324 830 2671 903 Δημιουργὸν
2717 830 2806 883 καὶ
2853 828 3114 904 τεχνίτην
3162 834 3268 884 τῶν
3317 831 3629 905 ὁρωμένων.
3661 835 3839 889 Τοῦτο

2188 912 2244 969 δὲ
2275 917 2380 970 ἀπὸ
2421 924 2521 985 τῆς
2563 919 2685 992 περὶ
2736 916 2996 993 ἀγγέλους
3039 916 3349 994 διηγήσεως
3394 920 3491 975 οὐκ
3539 922 3661 990 ἐνῆν
3710 943 3840 976 κατ-

2189 1007 2379 1078 ορθοῦν
2414 1026 2426 1036 ·
2463 1005 2511 1075 ἐξ
2543 1005 2768 1077 ἀδήλων
2798 1008 2900 1081 γὰρ
2931 1007 3020 1062 καὶ
3054 1009 3156 1064 οὐκ
3204 1008 3261 1064 ἐκ
3291 1014 3396 1064 τῶν
3430 1013 3452 1046 ⁸
3499 1012 3842 1089 φαινομένων

2185 1100 2282 1149 τοῦ
2315 1093 2525 1165 ἀδήλου
2574 1097 2670 1163 τὴν
2714 1101 2915 1171 γνῶσιν
2966 1098 3225 1172 παρέχειν
3278 1099 3592 1177 ἀσύμφορόν
3641 1122 3698 1156 τε
3748 1101 3839 1156 καὶ

2189 1183 2310 1238 λίαν
2337 1183 2570 1246 ἀσθενές.
2623 1184 2850 1247 Ἀλλως
2880 1208 2937 1240 τε
2988 1184 3043 1241 δὶ
3073 1188 3161 1241 καὶ
3209 1189 3336 1242 Θεὸν
3374 1190 3493 1261 μὲν,
3527 1189 3571 1244 εἰ
3621 1191 3712 1244 καὶ
3763 1192 3840 1263 μὴ

2199 1273 2211 1290 ν
2301 1278 2321 1287 ν
2433 1271 2475 1286 ηε
2537 1275 2548 1292 ν
2614 1272 2641 1290 τ
2697 1276 2714 1292 r
2761 1275 2773 1293 ν
2912 1275 2921 1292 ν
3073 1277 3085 1292 ς
3127 1279 3137 1298 τ
3243 1275 3266 1293 λ
3315 1279 3324 1295 ρ
3440 1276 3464 1297 ν
3695 1280 3708 1299 ς
3821 1280 3834 1295 ο

2188 1276 2387 1346 ορθως,
2422 1273 2529 1327 αΑλ
2580 1295 2672 1328 ουν
2697 1288 2720 1308 δ’
2750 1295 3003 1350 αμηγεπῃ
3030 1298 3094 1330 το
3147 1278 3405 1333 Ιουοαιων
3439 1281 3587 1340 εθνος
3619 1300 3710 1333 και
3738 1300 3843 1353 προ

2185 1369 2284 1431 τῆς
2315 1363 2639 1434 νομοθεσίας
2692 1361 2959 1434 ἐδόξαζεν,
3001 1369 3128 1439 [600
3169 1369 3261 1440 Η.]
3311 1367 3555 1442 ἀγγέλων
3609 1366 3665 1423 δέ
3716 1367 3842 1424 οὐδὲ

2186 1450 2552 1523 προσηγορίαν
2606 1453 2874 1520 ἠπίστατο
2925 1452 3100 1526 γωρίς
3159 1455 3279 1515 ένος
3331 1455 3364 1522 ἢ
3426 1456 3513 1508 καὶ
3567 1453 3841 1530 δευτέρου,

2188 1541 2270 1600 οἷς
2311 1543 2342 1608 ἡ
2389 1543 2484 1593 τού
2519 1540 2834 1612 ΙΙνεύματος
2867 1541 3182 1615 ἀπεκάλυψε
3237 1545 3420 1618 χάρις.
3473 1547 3753 1618 Μαρτυρεῖ
3789 1543 3843 1599 δὲ

2187 1627 2248 1680 τὸ
2294 1627 2613 1703 λεγόμενον,
2665 1630 2746 1684 ὅτι
2805 1629 2894 1684 καί
2946 1631 3113 1709 μέχρι
3169 1635 3258 1684 νῦν
3291 1631 3353 1686 τὸ
3407 1629 3790 1688 Σαδδουκαίων
3822 1636 3841 1670 ⁸

2112 1695 2156 1759 Β
2190 1713 2335 1777 ἔθνος
2369 1718 2496 1771 Θεὸν
2548 1719 2643 1790 μὲν
2695 1719 2825 1772 εἶναι
2867 1720 2954 1773 καὶ
3007 1721 3355 1796 Δημιουργὸν
3407 1719 3698 1796 ὁμολογεῖ,
3743 1722 3843 1798 ἆγ-

2187 1803 2384 1877 γέλους
2427 1803 2482 1860 δὲ
2536 1804 2809 1880 μηδαμῶς
2859 1808 3122 1882 ὑπάρχειν
3172 1807 3614 1879 ἀπαυθαδίζεται.
3664 1813 3724 1866 Ἡ
3788 1809 3843 1866 δὲ

2185 1898 2294 1946 τῶν
2341 1894 2583 1969 ἀγγέλων
2632 1896 2788 1968 φύσις
2839 1896 2927 1950 καὶ
2971 1893 3169 1966 κλῆσις
3217 1899 3336 1952 κατ’
3391 1896 3567 1974 ἀρχὰς
3614 1899 3842 1973 ἀγνοου-

2193 1984 2328 2055 μένη
2364 1982 2560 2039 ἐκεῖθεν
2591 1985 2665 2044 εἰς
2717 1989 2916 2061 γνῶσιν
2965 1984 3221 2056 κατέστη,
3256 1986 3342 2065 ἀφ’
3394 1988 3455 2041 οὗ
3484 1989 3546 2041 τὸ
3595 1984 3842 2050 θεοσεϐὲς

2187 2077 2282 2127 τοῦ
2344 2069 2598 2147 Ἀρϐαάμ
2653 2075 2955 2149 ἐγνωρίσθη
3013 2095 3024 2108 ·
3084 2075 3320 2132 ἐντεῦθεν
3380 2077 3651 2150 αὐξομένη
3712 2080 3847 2134 κατά

2187 2164 2472 2233 προκοπὴν
2524 2163 2599 2224 εἰς
2653 2167 2756 2217 πᾶν
2809 2165 2870 2218 τὸ
2919 2169 3026 2219 τῶν
3089 2160 3321 2220 εὺσεϐῶν
3372 2164 3588 2237 διεδόθη
3640 2168 3794 2243 γένος
3830 2185 3843 2200 '

2189 2249 2334 2320 πλήν
2366 2271 2428 2325 γε
2457 2252 2546 2305 καὶ
2579 2253 2605 2306 ὁ
2637 2257 2838 2322 Μωσῆς
2870 2256 2889 2289 ⁷
2923 2254 3008 2308 ἐπὶ
3039 2253 3185 2309 τέλει
3217 2263 3315 2324 τῆς
3347 2257 3466 2310 καθ’
3497 2256 3658 2310 αὐτὸν
3701 2258 3846 2312 ἱστο-

2193 2338 2326 2412 ρίας,
2379 2340 2604 2401 τούτους
2657 2344 2723 2414 τῇ
2783 2340 2930 2416 ἀλλῃ
2990 2343 3418 2417 συνταττόμενος
3475 2346 3677 2413 κτίσει,
3739 2347 3843 2403 Εὐ-

2189 2430 2477 2503 φρανθητε,
2562 2429 2800 2504 οὐρανοὶ,
2892 2432 3047 2508 φησί,
3133 2431 3222 2487 καὶ
3309 2436 3837 2508 προσκυνησάτωσαν

2191 2515 2348 2571 αὐτὸν
2381 2520 2400 2553 ⁸
2441 2519 2652 2586 πάντες,
2689 2519 2912 2596 ἀγγελοι
2944 2525 3094 2578 Θεοῦ.

2260 2605 2447 2680 Τρίτον
2499 2607 2671 2662 ἐκεῖνό
2718 2630 2899 2685 φησιν.
2963 2609 3031 2666 Εἰ
3075 2615 3184 2664 τῶν
3245 2611 3490 2687 ἀοράτων
3549 2614 3618 2668 κά
3671 2616 3838 2688 ὁρατά

2191 2694 2465 2770 ἐγγυτέρω
2505 2717 2562 2751 τε
2591 2699 2751 2770 ἡμῶν
2784 2699 2807 2732 ⁹
2851 2699 2939 2752 καὶ
2972 2700 3110 2774 πρὸς
3157 2704 3355 2775 γνῶσιν
3405 2700 3836 2778 ἐπιτηδειότερα,

2193 2785 2434 2860 εὐλόγως
2488 2791 2593 2840 τῶν
2653 2787 2922 2858 αἰσθητῶν
2977 2787 3310 2863 παραδιδοὺς
3363 2793 3465 2859 τήν
3541 2794 3742 2867 γένεσιν
3810 2796 3836 2849 ὁ

2195 2877 2396 2943 Μωσῆς
2429 2875 2492 2930 τὰ
2527 2875 2694 2948 μείζω
2723 2875 2859 2937 τέως
2907 2882 3023 2940 τοῖς
3063 2878 3436 2954 εἰσαγομένοις
3480 2879 3568 2935 διὰ
3601 2883 3663 2938 τὸ
3717 2880 3837 2937 δυσ-

2198 2961 2410 3040 έφικτον
2457 2964 2546 3018 καὶ
2598 2963 2817 3034 πολλῆς
2859 2964 3230 3043 παιδαγωγίας
3272 2966 3530 3041 δεόμενον
3571 2972 3840 3046 παρατρέ-

2201 3073 2311 3126 χει.
2353 3058 2582 3108 Κάκεῖνο
2615 3051 2669 3108 δέ
2703 3077 2796 3128 μοι
2847 3059 3226 3133 συνεπιθεώρει
3263 3077 3275 3090 °
3311 3063 3452 3122 Μιᾶς
3487 3057 3695 3115 δέονται
3743 3063 3840 3130 τῆς

2201 3139 2552 3204 διδασκαλίας
2620 3145 2685 3198 τὰ
2745 3145 3000 3216 αἰσθητὰ,
3043 3146 3125 3201 ὅτι
3186 3150 3549 3227 προήχθησαν
3584 3149 3643 3205 ἐκ
3690 3155 3842 3219 Θεοῦ,

2197 3233 2262 3286 τὰ
2305 3229 2359 3287 δὲ
2397 3233 2567 3300 νοητὰ
2599 3230 2782 3302 διττὴν
2812 3234 3050 3302 ἀπαιτεῖ,
3078 3234 3160 3290 ὅτι
3190 3238 3248 3291 τέ
3280 3237 3382 3292 εἰσι
3413 3239 3501 3292 καὶ
3534 3241 3608 3300 ὡς
3641 3242 3675 3308 ἡ
3719 3243 3844 3295 τού-

2195 3341 2298 3375 των
2335 3321 2588 3383 ούσίωσις
2628 3322 2686 3376 ἐκ
2715 3328 2869 3380 Θεοῦ.
2903 3331 3023 3380 Ἔτι
3059 3322 3115 3379 δὲ
3164 3325 3411 3402 ἀγγέλων
3461 3327 3561 3382 οὐκ
3600 3328 3840 3402 ἐμνήσθη

2193 3414 2292 3474 τῆς
2338 3410 2721 3486 κοσμογενείας
2756 3417 2798 3450 ¹⁰
2836 3413 3246 3488 ἀπαρχόμενος,
3285 3414 3378 3470 ’ίνα
3436 3419 3512 3488 μή
3563 3439 3705 3480 τινες
3740 3424 3840 3472 τῶν

2196 3499 2518 3572 εύριπίστων
2550 3521 2607 3555 τε
2655 3503 2743 3555 καὶ
2796 3500 3180 3574 εὐμεταϐόλων
3211 3502 3280 3558 δι’
3329 3505 3582 3580 ἀγγέλων
3635 3508 3697 3562 τὸ
3746 3514 3840 3562 πᾶν

2197 3587 2492 3656 ὑποστῆναί
2535 3609 2592 3643 τε
2629 3589 2718 3642 καί
2753 3586 3234 3664 δημιουργηθῆναι
3266 3588 3584 3663 δοξάσωσιν.
3642 3593 3701 3648 Εἰ
3741 3594 3836 3669 γὰρ

2193 3675 2280 3730 καὶ
2343 3673 2615 3749 μηδεμίαν
2673 3677 2925 3753 ἀφορμὴν
2985 3679 3223 3744 Μωσέως
3279 3683 3414 3736 κατὰ
3468 3684 3565 3750 τήν
3621 3704 3836 3759 συγγρα-

2195 3767 2299 3843 φὴν
2331 3767 2709 3840 παρασχόντος
2744 3768 2782 3802 ¹¹
2819 3766 2972 3839 ὅμως
3005 3764 3272 3844 Ἐὃραίῶν
3308 3791 3365 3823 τε
3389 3769 3487 3824 οὐκ
3518 3769 3729 3846 δλίγοι,
3752 3773 3831 3826 καὶ

2195 3855 2280 3915 οἷς
2324 3854 2484 3931 φίλον
2515 3859 2548 3925 ἠ
2592 3855 2805 3911 ἐκείνων
2858 3858 3059 3928 ἀπάτη,
3095 3855 3162 3912 δι’
3212 3857 3464 3934 ἀγγέλων
3497 3860 3590 3914 τὸν
3635 3860 3830 3932 κόσμον

2193 3942 2377 3998 καίτᾶ
2417 3942 2466 3998 έν
2498 3949 2577 4016 τῷ
2625 3945 2819 4019 κόσμῳ
2869 3943 3349 4024 δημιουργηθῆναι
3403 3948 3829 4024 παραληροῦσιν,

2190 4032 2281 4086 επὶ
2322 4033 2487 4088 πόσον
2527 4033 2585 4087 ἂν
2620 4034 2718 4089 οὐκ
2758 4034 3062 4109 ἐπενεμήθη
3107 4036 3169 4091 τὸ
3198 4038 3438 4110 νόσημα,
3473 4038 3528 4093 εἶ’
3568 4060 3621 4094 τι
3663 4044 3831 4094 τοιού·

2193 4143 2281 4176 τον
2314 4127 2393 4194 τῷ
2421 4121 2687 4198 νομοθέτῃ
2736 4125 3140 4200 ἁνεγέγραπτο;
3181 4127 3269 4182 καὶ
3319 4129 3420 4201 ὅρα
3457 4149 3550 4200 μοι
3597 4129 3699 4196 τήν
3746 4131 3830 4183 τοῦ

2194 4210 2364 4285 λόγου
2404 4207 2696 4286 ἀκρίϐειαν.
2748 4214 2882 4268 Ἀπὸ
2923 4214 3102 4269 τοίνυν
3133 4217 3229 4283 τῆς
3277 4211 3637 4290 παραϐάσεως
3669 4215 3830 4288 Ἀδὰμ

435 4304 568 4371 bus,
601 4305 649 4358 si
683 4305 819 4374 quid
854 4303 968 4357 tale
999 4303 1068 4356 ab
1094 4305 1218 4373 ipso
1245 4303 1576 4374 legislatore
1607 4305 1766 4361 Mose
1798 4306 2079 4377 scriptum

2197 4299 2362 4374 μέχρι
2392 4307 2493 4369 τῆς
2541 4306 2665 4356 Νῶε
2694 4307 2878 4374 γενεᾶς
2928 4301 3174 4378 ἀγγέλων
3215 4304 3372 4382 φύσις
3414 4304 3491 4368 εἰς
3543 4305 3826 4380 ἀνθρώπων

435 4393 662 4448 fuisset.
700 4391 864 4448 Nunc
889 4392 1017 4446 vide
1050 4391 1192 4446 mihi
1219 4392 1677 4449 ratiocinationis
1723 4395 1897 4466 hujus
1920 4412 2085 4450 accu-

435 4482 743 4537 rationem.
779 4482 863 4536 Ab
896 4480 1100 4536 Adami
1134 4481 1605 4552 praevaricatione
1636 4484 1707 4537 ad
1742 4500 1930 4555 usque
1965 4484 2083 4539 Noe

435 4570 888 4643 generationem,
945 4569 1283 4640 angelorum
1362 4579 1569 4627 natura
1636 4573 1695 4627 in
1773 4573 2081 4628 hominum

443 4661 590 4717 I88
618 4660 692 4731 (h)
714 4660 1105 4732 cognitionem
1131 4660 1373 4715 minime
1394 4660 1570 4716 venit.
1596 4662 1728 4725 Quae
1755 4663 1938 4732 prima
1959 4679 2080 4718 om-

434 4749 600 4806 nium
641 4754 782 4804 aetas
824 4749 1018 4803 fuerit.
1057 4751 1134 4803 Ac
1170 4765 1238 4804 ne
1268 4749 1325 4803 in
1357 4751 1611 4805 secunda
1633 4749 1870 4820 quidem
1895 4757 2080 4819 atate,

436 4857 560 4911 quae
591 4840 650 4895 in
671 4840 951 4894 audacem
975 4838 1135 4894 illam
1164 4840 1341 4894 turris
1372 4839 1820 4896 adiﬁcationem
1847 4841 2078 4897 desinit.

437 4929 544 4985 Sed
571 4944 677 4984 nec
698 4927 872 4983 tertia
902 4943 964 4982 se
989 4932 1180 4998 potest
1212 4932 1350 4982 aetas
1375 4928 1720 5000 angelorum
1754 4929 2082 5000 cognitione

428 5019 670 5087 jactare,
703 5033 827 5087 quae
849 5031 1032 5087 usque
1048 5015 1187 5070 dum
1206 5016 1502 5071 Abraham
1531 5017 1711 5072 Deum
1736 5033 2084 5090 cognoscere

435 5107 628 5176 cmpit,
655 5111 718 5162 ut
741 5107 1114 5162 manifestum
1151 5109 1261 5168 est,
1286 5105 1640 5161 extenditur.
1675 5109 1742 5160 At
1771 5117 2082 5178 postquam

435 5195 668 5250 Abrahae
701 5195 1118 5266 promissiones
1148 5195 1281 5252 illas.
1312 5211 1439 5268 qua:
1481 5195 1846 5252 Dominicam
1889 5197 2081 5252 incar-

516 5310 562 5348 ⁸ο
591 5313 716 5368 Act.
741 5330 904 5384 χχιιι,
935 5315 989 5369 8.
1066 5312 1115 5347 ⁵ο
1139 5313 1310 5371 Deut.
1334 5332 1514 5385 χχχιι,
1547 5315 1615 5370 42
1644 5332 1759 5373 sec.
1790 5314 1940 5371 LXX.

2193 4393 2388 4462 γνῶσιν
2448 4390 2548 4444 οὐκ
2595 4390 2816 4467 ἀφίκετο
2852 4411 2863 4422 ·
2911 4389 3166 4466 περίοδος
3227 4389 3345 4446 δᾶν
3394 4391 3476 4462 εἰή
3549 4394 3685 4465 αὕτη
3741 4397 3826 4448 τοῦ

2186 4481 2389 4554 χρόνου
2415 4481 2628 4555 πρώτη.
2663 4481 2739 4538 Ού
2784 4484 2892 4555 μὴν
2929 4481 3057 4538 οὐδὲ
3084 4486 3219 4538 κατᾶ
3245 4485 3345 4552 τὴν
3379 4482 3634 4560 δευτέραν
3685 4486 3828 4561 περί-

2187 4566 2332 4637 οδον,
2392 4571 2508 4638 ἣτις
2567 4571 2644 4632 εἰς
2702 4572 2800 4639 τήν
2866 4573 3229 4647 πυργοποιίας
3279 4572 3550 4649 ἀπολήγει
3601 4574 3825 4646 τόλμαν.

2188 4657 2342 4714 Ἀλλ’
2377 4656 2491 4713 οὐδ’
2523 4661 2556 4728 ἡ
2590 4659 2743 4733 τρίτη
2795 4665 2892 4715 τοῦ
2933 4662 3136 4735 χρόνου
3175 4659 3527 4736 περίοδος-τῇ
3577 4669 3683 4718 τῶν
3735 4664 3826 4737 ἀγ-

2188 4749 2366 4822 γέλων
2407 4743 2524 4821 ἔχει
2555 4749 2753 4823 γνώσει
2803 4750 3172 4823 σεμνύνεσθαι,
3207 4750 3329 4820 ἥτις
3385 4751 3552 4825 μέχρι
3598 4759 3698 4821 τῆς
3740 4755 3826 4805 τοῦ

2188 4835 2437 4914 Ἀϐρααμ
2485 4840 2837 4914 θεογνωσίας,
2880 4841 2955 4903 ὡς
3005 4837 3199 4911 δῆλον,
3242 4842 3642 4916 παρατείνεται.
3688 4841 3825 4897 Ἐπεὶ

2189 4926 2245 4983 δὲ
2285 4933 2363 5000 τῷ
2394 4924 2649 5002 Ἀϐραὰμ
2693 4930 2747 4984 αἱ
2799 4933 3062 5000 συνθῆκαι
3102 4933 3204 5000 τήν
3256 4933 3587 5000 Δεσποτικὴν
3640 4930 3826 5002 ἐπιδη-

2192 5016 2318 5090 μίαν
2359 5017 2524 5072 οἱονεὶ
2575 5016 2930 5090 θεμελιοῦσαί
2961 5041 3018 5074 τε
3067 5021 3157 5074 καὶ
3206 5019 3762 5096 προδιοικονομοῦσαι
3792 5022 3830 5056 ¹²

2188 5107 2468 5181 γεγόνασι,
2500 5105 2589 5161 καὶ
2629 5104 2830 5182 ἤρξατο
2867 5106 3080 5181 μᾶλλον
3113 5110 3176 5164 τὸ
3206 5110 3545 5184 ἀνθρώπινον
3588 5115 3670 5182 τῷ
3699 5108 3827 5189 φωτὶ

2187 5202 2286 5266 τῆς
2331 5195 2590 5266 ἀληθείας
2619 5195 2749 5258 τοὺς
2779 5203 2878 5266 τῆς
2928 5194 3169 5260 διανοίας
3221 5201 3349 5271 [310
3382 5202 3472 5273 IL]
3521 5198 3826 5277 ὀφθαλμοὺς

1804 5424 2033 5482 νΑιιιίΕ
2075 5424 2482 5484 LECTIONES.

507 5513 528 5549 ‘
557 5515 665 5588 τῶν
708 5514 840 5570 add.
875 5519 938 5568 A.
987 5584 998 5588 Α
1052 5516 1072 5551 ⁸
1105 5512 1221 5588 οὖν]
1261 5515 1393 5588 libri
1425 5514 1542 5573 οὐκ.

1659 5517 1680 5551 ⁸
1707 5515 1768 5569 τὸ
1799 5511 1966 5570 Σαδδ·
2000 5519 2121 5571 Act.
2156 5533 2314 5582 χχιιι,
2347 5518 2398 5570 8.

2513 5517 2536 5551 7
2584 5518 2872 5595 gmwcﬁg]
2905 5521 3071 5578 Deut.
3115 5524 3415 5595 xxm,_42.
3525 5525 3545 5559 ⁸
3576 5519 3722 5595 αύτῷ
3753 5518 3828 5595 ς.

437 5586 458 5624 ⁹
486 5605 545 5641 τε
573 5586 734 5658 ἡμῶν
763 5590 807 5640 Δ
848 5603 861 5644 :
904 5584 1043 5661 πρὸς
1073 5584 1226 5660 ἡμᾶς
1419 5590 1464 5626 ⁸ο
1492 5587 1856 5660 κοσμογονίας
2047 5586 2091 5622 ίί
2122 5587 2531 5664 παρατυχόντος
2733 5594 2777 5629 ¹²
2806 5584 3229 5667 διόικονομοῦσα
