4184 6212
326 326 440 391 761

1422 324 1960 387 BIBLIOTHECA.
2007 358 2085 368 —
2128 325 2303 386 COD.
2350 325 2633 386 CCXXII.

3613 330 3730 394 762

329 457 711 533 ἰναυγάζεσθαι
752 452 934 510 καὶτὸ
980 451 1282 528 παλίρῥουν
1304 457 1407 520 τῆς
1456 454 1689 529 γνώμης
1720 453 1797 516 εἰς
1845 454 1972 510 στά-

2090 455 2381 513 nationem
2407 455 2582 512 veluti
2605 455 2948 524 fundabant,
2969 471 3035 512 ac
3060 457 3544 531 praeordinabant,
3569 459 3733 516 factae

328 568 494 620 σιμον
538 540 811 606 εὐσεϐείας
849 545 1032 599 πίστιν
1084 540 1502 617 διαπήγνυσθαι,
1548 542 1671 598 τότε
1719 540 1811 613 δὴ,
1856 542 1979 598 τότε

327 640 438 689 τῶν
486 632 738 711 ἀγγέλων
777 628 871 687 ἵνα
914 629 1347 705 διοικονομεῖται
1381 632 1428 666 ¹³
1471 630 1540 705 τῇ
1585 628 1846 705 παιδίσκῃ
1882 635 1978 686 τοῦ

328 718 582 796 ’Δϐραὰμ
623 724 796 798 ’Ἅγαρ
827 718 1093 776 διακονεῖν
1148 719 1240 774 καὶ
1283 719 1427 775 τὸέν
1477 720 1615 794 αὐτῇ
1663 720 1982 795 καταπραῧ-

327 834 438 868 νιιν
471 809 880 886 διηπορημένον
926 831 986 865 τε
1023 809 1112 865 καὶ
1153 811 1380 880 ἄθυμον,
1426 810 1588 883 μόνον
1640 809 1768 885 οὐχὶ
1801 810 1985 888 φωνὴν

329 901 582 978 ἀφιείσης
624 907 723 970 τῆς
783 900 1027 972 ἱστορῖας
1075 898 1151 961 ὡς
1195 896 1342 953 πολὺ
1395 900 1487 972 μὲν
1540 898 1652 954 ἐστι
1695 900 1759 954 τὸ
1819 895 1979 970 μέσον

331 989 609 1053 διακονίας
656 991 746 1045 καὶ
791 989 1157 1067 δημιουργίας
1193 989 1283 1044 καὶ
1337 992 1696 1064 Δημιουργοῦ
1741 989 1830 1043 καὶ
1875 989 1982 1043 ὑπο

332 1081 680 1155 ηρετούντων
734 1081 797 1119 Η·
848 1080 913 1135 τὸ
972 1080 1065 1152 μὲν
1116 1080 1220 1156 γὰρ
1276 1079 1601 1155 κυριότητος
1649 1079 1738 1134 καὶ
1785 1075 1981 1133 δεσπο-

325 1172 497 1240 τείας,
539 1173 603 1227 τὸ
645 1169 705 1226 δὲ
753 1171 997 1240 ὑπακοῆς
1025 1170 1118 1225 καὶ
1166 1167 1436 1230 δουλείας.
1473 1168 1587 1229 Δυὸ
1615 1170 1706 1223 καὶ
1738 1167 1979 1238 Παῦλος,

326 1259 377 1315 ε’ί
438 1282 523 1323 τις
578 1258 750 1323 ἄλλος
817 1260 1140 1334 νομομαθής
1197 1256 1291 1328 ὢν,
1345 1258 1485 1332 Οὐχὶ
1530 1259 1575 1294 ¹⁸
1627 1255 1820 1311 πάντες
1877 1257 1978 1311 εἰσὶ

324 1349 683 1425 λειτουργικὰ
760 1349 1067 1421 Πνεύματα,
1128 1345 1497 1422 διακέκραγεν,
1565 1347 1640 1408 εἷς
1707 1343 1979 1401 διακονίαν

323 1438 820 1510 ἄποστελλόμενα;
873 1435 963 1493 διὰ
1009 1437 1211 1507 ταύτην
1247 1438 1342 1510 μὲν
1392 1435 1486 1491 οὖν
1527 1437 1630 1505 τὴν
1678 1435 1874 1504 αἰτίαν,
1906 1436 1982 1499 ὡς

322 1526 496 1607 ἔφθην
531 1528 720 1597 εἰπὼν,
768 1526 1016 1604 ἀγγέλων
1060 1527 1176 1582 κατ’
1227 1526 1403 1600 ἀρχὰς
1434 1527 1468 1595 ἡ
1517 1523 1732 1596 ἱστορία
1778 1526 1980 1599 γένεσιν

324 1615 429 1672 οὐκ
480 1616 795 1695 ἀναγράφει.
848 1615 945 1671 Καὶ
986 1619 1154 1671 ταῦτα
1201 1615 1368 1670 εἰπὼν
1416 1616 1444 1669 6
1491 1613 1847 1691 συγγραφεὺς,
1890 1613 1980 1668 καὶ

319 1703 483 1780 ἕτερα
512 1705 750 1780 συνάψας
779 1706 995 1769 τούτοις
1042 1704 1141 1759 οὐκ
1176 1701 1370 1782 ἔμοιγε
1402 1702 1661 1759 δοκοῦντα
1704 1705 1767 1758 τὸ
1817 1703 1981 1777 ἀναγ-

2088 549 2250 612 sunt,
2288 544 2676 616 humanaeque
2722 544 2934 602 mentis
2975 546 3129 601 oculi
3159 547 3420 605 veritatis
3460 548 3588 606 luce
3618 548 3739 605 col-

2090 634 2325 689 lustrari
2367 635 2557 706 magis
2597 650 2840 705 cmpere,
2891 639 2946 691 et
2986 635 3165 691 animi
3201 634 3503 693 ﬂuctuatio
3543 638 3738 695 stabili

2095 722 2390 794 religionis
2423 723 2535 780 ﬁde
2556 724 2930 794 conﬁrmari;
2960 730 3101 781 tunc
3123 730 3275 782 certe
3303 727 3547 796 angelus
3578 745 3733 784 unus

2091 810 2479 869 introducitur
2525 813 2751 869 ancillae
2802 812 3045 870 Abraha
3092 817 3247 886 Agar
3289 816 3633 874 ministrans
3663 818 3733 888 ⁸⁸,

2092 902 2189 971 qui
2206 903 2363 958 illam
2384 904 2565 959 animi
2582 907 2928 976 pendentem
2951 922 3016 961 ac
3039 906 3403 963 deﬁcientem
3427 907 3732 965 solaretur.

2089 990 2461 1048 Tantumnon
2488 993 2634 1049 hanc
2655 1009 2851 1050 vocem
2875 994 3141 1051 mittente
3169 995 3427 1061 historia,
3453 1014 3731 1069 magnum

2052 1095 2219 1136 .esse
2268 1080 2587 1138 discrimen
2634 1082 2784 1138 inter
2827 1082 3221 1139 ministerium
3263 1091 3316 1140 et
3356 1087 3731 1154 creationem,

2091 1168 2356 1242 interque
2388 1171 2712 1227 Creatorem
2756 1176 2813 1227 et
2853 1188 2946 1228 res
2976 1177 3216 1229 creatas.
3261 1172 3406 1229 Illud
3440 1174 3596 1230 enim
3627 1176 3733 1231 do-

2091 1258 2431 1316 minationis
2461 1266 2549 1317 est
2581 1266 2756 1331 atque
2787 1261 3044 1332 imperii;
3077 1262 3185 1319 hoc
3214 1279 3349 1319 vero
3389 1264 3730 1321 obedientiaa

2090 1364 2157 1403 ac
2189 1348 2507 1405 servitutis.
2535 1351 2925 1415 Quamobrem
2945 1355 3002 1407 et
3023 1350 3238 1407 Paulus
3262 1356 3469 1423 praeter
3495 1359 3733 1410 caeteros

2089 1438 2235 1510 legis
2264 1438 2413 1493 bene
2453 1439 2708 1508 peritus:
2759 1441 2947 1496 Nonne
2977 1457 3165 1497 omnes
3210 1450 3337 1497 sunt
3379 1442 3735 1500 administra-

2088 1528 2225 1582 torii
2252 1526 2514 1598 Spiritus,
2545 1527 2606 1583 in
2640 1529 3017 1585 ministerium
3046 1530 3200 1587 missi
3231 1531 3276 1566 ⁸³
3296 1530 3324 1586 τ
3363 1531 3730 1593 exclamavit.

2089 1616 2207 1671 Hac
2238 1616 2416 1688 igitur
2454 1618 2526 1673 de
2557 1634 2759 1687 causa,
2790 1624 2854 1675 ut
2884 1620 3161 1687 diximus,
3193 1620 3533 1692 angelorum
3566 1639 3730 1680 crea-

2088 1706 2306 1762 tionem
2340 1707 2509 1763 initio
2541 1708 2788 1766 historia
2818 1726 2933 1766 non
2958 1712 3172 1783 attigit.
3206 1712 3340 1776 Quae
3363 1713 3595 1784 quidem
3629 1714 3730 1771 ubi

321 1801 485 1850 καῖον
514 1795 653 1870 πρὸς
681 1797 781 1865 τήν
835 1795 1089 1850 ὑπόθεσιν
1122 1796 1301 1872 φερειν
1352 1788 1785 1870 προϐάλλεσθαι,
1818 1794 1909 1849 τὸν
1936 1805 1972 1866 γ

2088 1794 2284 1852 retulit
2316 1802 2540 1865 auctor,
2565 1798 2795 1869 aliaque
2818 1777 3107 1870 adjunxit,
3131 1817 3257 1872 quae
3287 1777 3457 1873 (mihi
3498 1803 3732 1876 saltem)

324 1884 670 1959 ἀποπερατοῐ
700 1881 886 1959 λόγον.

2088 1899 2458 1955 nequaquam
2488 1901 2555 1941 ea
2584 1886 2855 1943 videntur
2885 1888 2957 1942 ad
2991 1905 3111 1945 rem
3141 1891 3496 1961 propositam
3529 1893 3734 1950 aﬁ‘erre

2088 1990 2218 2045 quae
2250 1975 2577 2031 necessaria
2600 1979 2786 2043 erant,
2818 1976 3057 2032 tertium
3081 1979 3317 2034 tandem
3340 1978 3555 2036 librum
3581 1982 3730 2041 ﬁnit.

1387 2082 1509 2139 Lib.
1544 2098 1598 2135 ιν
1630 2088 1756 2136 etv.
1791 2081 1902 2135 Cur
1929 2079 2104 2136 Filius
2135 2080 2233 2137 Dei
2263 2080 2427 2137 homo
2454 2082 2652 2151 Iactus.

394 2190 520 2262 [601
557 2189 644 2261 3.]
678 2193 733 2242 Ὁ
765 2184 822 2242 δὲ
871 2184 913 2240 δ’
940 2186 1088 2258 αύτῷ
1132 2187 1220 2240 καὶ
1253 2186 1290 2240 ε’
1319 2191 1415 2241 τοῦ
1463 2182 1688 2260 βιϐλίου
1723 2186 1768 2223 ⁸ο
1812 2183 1976 2261 λόγος

317 2274 371 2330 ἐν
436 2273 558 2330 δυσί
631 2274 950 2352 κεφαλαίοις
1018 2274 1515 2351 περιγραφόμενος,
1573 2272 1731 2330 οὐδὲν
1794 2270 1975 2350 ἕτερον

317 2360 684 2438 διαλαμϐάνει
724 2367 759 2435 ἢ
794 2363 877 2420 ὅτι
924 2369 1032 2420 τῶν
1063 2362 1524 2438 πρεπωδεστᾶτων
1552 2365 1619 2432 ἦν
1653 2365 1751 2433 τήν
1800 2364 1977 2437 ἀπαρ-

317 2453 600 2510 άλλακτον
639 2455 729 2509 καὶ
780 2455 1013 2532 φυσικὴν
1062 2453 1238 2508 εἰκόνα
1266 2457 1364 2509 τοῦ
1415 2454 1629 2526 Πατρὸς
1669 2455 1818 2527 ἡμᾶς
1847 2454 1976 2514 τοὺς

314 2549 439 2598 κατ’
475 2543 658 2597 εἰκόνα
690 2543 785 2617 μὲν
826 2544 1137 2619 γεγονότας,
1168 2543 1263 2597 τὸν
1308 2539 1365 2597 δὲ
1397 2548 1721 2619 χαρακτῆρα
1767 2537 1974 2611 κιϐδη-

318 2632 642 2703 λεύσαντας,
672 2632 874 2704 ταύτην
915 2635 1063 2706 ἡμᾶς
1102 2632 1436 2707 ἀποκαθᾶραί
1464 2652 1523 2687 τε
1569 2636 1679 2687 τῶν
1716 2628 1974 2702 κηλιδω-

320 2724 517 2797 μάτων
547 2722 636 2777 καὶ
687 2722 762 2784 εἰς
811 2723 876 2777 τὸ
915 2722 1146 2800 ἀρχαῖον
1177 2719 1387 2784 κάλλος
1437 2720 1932 2799 ἀναμορφώσασθαι
1957 2738 1971 2752 ·

315 2811 410 2865 καῖ
464 2810 541 2872 ὡς
599 2807 704 2865 ἔδει
752 2812 852 2880 τὴν
901 2809 1079 2881 ἀληθῆ
1140 2809 1231 2865 καί
1280 2808 1636 2864 ἐνυπόστατον
1691 2813 1789 2863 τοῦ
1838 2813 1975 2864 Θεοῦ

316 2901 518 2980 σοφίαν
545 2901 673 2961 τοὺς
704 2900 781 2961 εἷς
827 2899 1054 2975 ἀλογίαν
1090 2897 1536 2975 παρατραπέντας
1567 2898 1657 2953 καὶ
1705 2900 1843 2974 πρὸς
1881 2899 1973 2953 τὸν

311 3010 453 3059 κτην
488 2987 556 3057 δη
614 2987 735 3057 βίον
784 2987 1183 3052 ἀπονεύσαντας
1226 2986 1537 3058 ἀπαλλάξαι
1587 3009 1647 3043 τε
1692 2991 1793 3053 τῆς
1838 2986 1974 3043 ἀλο-

311 3080 444 3155 γίας
475 3080 566 3134 καὶ
600 3081 736 3156 πρὸς
766 3081 828 3135 τὸ
854 3081 1038 3155 νοερὸν
1070 3078 1423 3159 ἐπαναγαγεῖν
1453 3079 1689 3154 ἀξίωμα.

2160 2188 2413 2252 Quartus
2444 2204 2573 2244 vero
2606 2192 2662 2244 et
2701 2188 2946 2260 quintus
2989 2189 3138 2246 liber
3176 2190 3406 2248 duobus
3437 2192 3730 2264 capitibus

2086 2276 2428 2345 absolvitur,
2446 2294 2633 2350 neque
2650 2277 2805 2334 aliud
2829 2280 2967 2351 quid
2988 2280 3247 2352 attingit,
3268 2297 3443 2352 quam
3468 2281 3617 2355 [cap.
3637 2283 3731 2356 20]

2088 2365 2565 2422 decentissimum
2627 2368 2824 2434 fuisse,
2871 2373 2931 2424 ut
2986 2368 3368 2425 immutabilis
3419 2372 3730 2445 nativaque

2086 2453 2272 2511 Patris
2298 2455 2493 2529 imago
2526 2473 2631 2511 nos
2653 2457 2721 2511 ad
2754 2459 3016 2513 eamdem
3040 2459 3305 2514 conditos
3338 2459 3459 2530 (sed
3485 2461 3582 2531 qui
3610 2462 3724 2517 for-

2086 2559 2244 2599 mam
2286 2544 2445 2601 illam
2480 2546 2601 2617 jam
2630 2548 3104 2618 corruperamus)
3129 2565 3162 2603 a
3192 2548 3460 2604 sordibus
3491 2549 3733 2605 munda-

2086 2638 2192 2701 ret,
2225 2638 2281 2688 et
2310 2633 2560 2704 pristino
2604 2635 2796 2691 decori
2838 2636 3197 2691 restitueret:
3237 2636 3388 2708 [cap.
3418 2637 3510 2707 2t]
3544 2641 3726 2709 utque

2087 2722 2406 2793 oportuerit
2444 2738 2638 2778 veram
2670 2727 2729 2778 et
2772 2722 3200 2795 hypostaticam
3244 2724 3593 2797 sapientiam
3623 2726 3726 2782 Dei

2085 2827 2390 2867 conversos
2421 2811 2480 2867 in
2512 2810 2936 2883 insipientiam,
2964 2813 3320 2884 etjumcntis
3342 2813 3566 2869 similes
3598 2815 3728 2871 red-

2088 2900 2241 2955 ditos
2282 2917 2316 2955 a
2365 2898 2620 2956 stultitia
2655 2900 2926 2967 liberare,
2972 2906 3028 2957 et
3065 2903 3135 2957 ad
3169 2902 3529 2959 rationabilis
3568 2918 3728 2960 crea-

2084 2994 2227 3044 turae
2258 2988 2599 3061 dignitatem
2633 2990 2928 3047 reducere.

1386 3194 1504 3249 Lib.
1541 3210 1617 3251 v1.
1647 3192 1756 3249 Cur
1775 3194 2017 3263 Creator,
2040 3202 2093 3249 et
2122 3192 2303 3249 Judea:
2333 3192 2431 3249 Dei
2457 3193 2653 3250 Filius.

378 3304 450 3359 '0
483 3298 542 3356 δὲ
568 3308 612 3366 ς’
654 3301 804 3374 αὖτῷ
852 3300 1020 3377 λόγος
1058 3300 1353 3379 κεφάλαιον
1403 3298 1780 3377 προϐάλλεται
1817 3307 1964 3378 πρῶ-

2147 3304 2353 3359 Sextus
2391 3302 2539 3357 liber
2586 3302 2843 3373 primum
2884 3302 3028 3359 illud
3063 3304 3175 3375 [22]
3208 3310 3383 3375 caput
3412 3304 3715 3376 proponit:

298 3414 430 3460 τον,
492 3392 591 3446 Διά
648 3390 701 3446 τί
777 3388 1116 3468 δημιουργὸς
1175 3391 1203 3446 6
1278 3391 1402 3454 Υἱὸς
1462 3390 1678 3467 λέγεται
1751 3398 1851 3461 τῆς
1906 3414 1965 3448 τε

298 3482 543 3557 πρώτης
592 3482 756 3554 ἡμῶν
818 3479 1163 3543 ὑποστάσεως
1210 3480 1300 3536 καὶ
1358 3487 1458 3551 τῆς
1507 3480 1593 3536 ἐπὶ
1650 3480 1798 3537 τέλει
1853 3487 1961 3536 τῶν

298 3571 529 3627 αἰώνων
606 3567 981 3640 ἀναπλάσεως,
1059 3570 1173 3625 εἶτα
1261 3570 1351 3624 καὶ
1436 3571 1626 3644 κριτὴς
1712 3569 1962 3625 ἀπάντων

299 3658 353 3713 ἐν
429 3659 517 3731 τῷ
576 3664 753 3735 καιρῷ
801 3666 902 3729 τῆς
954 3661 1145 3725 κοινῆς
1206 3659 1250 3696 ¹⁷
1304 3657 1665 3722 ἀναστάσεως.
1723 3658 1967 3734 Ἐχομέ-

296 3770 413 3803 νων
462 3749 573 3822 γὰρ
621 3753 730 3804 τῶν
783 3752 952 3823 τριῶν
998 3747 1208 3803 τούτων
1256 3749 1632 3803 καταστάσεων
1690 3746 1963 3819 ἀλλήλοις

295 3839 393 3894 καὶ
429 3839 575 3914 πρὸς
624 3839 715 3894 τὸν
747 3839 909 3894 αὐτὸν
960 3836 1230 3911 δεσπότην
1277 3839 1368 3894 καὶ
1413 3838 1669 3917 τεχνίτην
1711 3840 1968 3917 ἀναφερο-

297 3930 515 4003 μένων,
548 3928 639 3983 καὶ
669 3930 704 3998 ἡ
748 3927 871 4003 περὶ
912 3927 1085 3983 αὐτῶν
1116 3930 1158 3965 1⁸
1207 3926 1649 4003 ἂλληλουχεῖται
1701 3927 1791 3983 καὶ
1841 3948 1966 3983 συν-

293 4018 593 4095 υφαίνεται
644 4017 869 4088 ζήτησίς
898 4038 958 4073 τε
1001 4018 1091 4073 καὶ
1121 4018 1390 4080 ἐπίλυσις.
1423 4018 1576 4073 Ἐπεὶ
1616 4017 1719 4095 γὰρ
1767 4012 1961 4083 ἔκτισε,

291 4105 541 4170 δικαίως
589 4107 679 4161 καὶ
721 4104 1065 4169 διαλυθέντας
1114 4107 1378 4178 ἀνακτίζει
1414 4125 1428 4139 ⁸
1478 4108 1568 4163 καὶ
1616 4106 1732 4163 ἐπεὶ
1780 4111 1962 4179 τοῦτο,

286 4196 632 4258 ἀκολούθως
662 4193 741 4267 τῷ
789 4195 979 4269 οῗκείῳ
1025 4193 1310 4270 πλάσματι
1355 4195 1446 4251 καὶ
1490 4197 1827 4269 νομοθετεῖ·
1877 4217 1968 4251 νο-

290 4288 559 4358 μοθετῶν
596 4288 639 4323 ¹⁹
669 4283 727 4339 δὲ
767 4282 938 4355 δῆλον
972 4283 1055 4341 ὅτι
1092 4286 1182 4340 καὶ
1213 4287 1311 4355 τὴν
1354 4286 1530 4359 κρίσιν
1557 4289 1674 4349 τοῖς
1714 4306 1773 4340 τε
1802 4305 1968 4358 νομο-

286 4373 617 4453 ᾳυλακοῦσι
683 4375 775 4430 καί
849 4380 968 4439 τοῖς
1038 4373 1100 4431 τδ
1177 4377 1493 4449 παράνομον
1567 4372 1966 4449 προελομένοις

287 4465 469 4528 αὐτὸς
522 4461 814 4519 ἀδέκαστον
863 4463 924 4520 τὰ
976 4460 1280 4540 προνόμιον
1327 4462 1448 4540 ἔχει
1496 4462 1782 4535 διανέμειν.
1827 4470 1971 4537 Προ-

288 4554 631 4628 ηγουμένης
663 4553 755 4608 οὖν
806 4560 906 4623 τῆς
957 4555 1262 4629 ζητήσεως,
1312 4554 1411 4609 Διά
1448 4555 1498 4608 τί
1555 4551 1828 4627 μηδεμιᾶς
1878 4550 1973 4608 οὕ-

289 4664 402 4713 σης
467 4642 526 4698 ὲν
586 4647 655 4717 τῇ
711 4639 903 4716 Τριάδι
970 4641 1255 4719 διαφορᾶς,
1304 4645 1425 4699 καθ’
1485 4643 1766 4722 ὑπεροχὴν
1827 4639 1974 4718 λέγω

287 4733 393 4787 καὶ
455 4727 731 4806 ἔλλειψιν,
800 4733 828 4786 6
884 4732 1006 4795 Υἱὸς
1069 4732 1281 4805 μᾶλλον
1351 4729 1690 4809 δημιουργός
1745 4753 1805 4787 τε
1879 4732 1970 4786 καὶ

288 4822 572 4892 πλάστης
621 4821 1066 4895 ἀνακηρύττεται,
1112 4823 1202 4878 καὶ
1250 4822 1454 4893 ταύτης
1502 4824 1602 4891 τὴν
1657 4821 1810 4878 λύσιν
1857 4819 1966 4892 ἢδη

288 4906 738 4987 λαμϐανούσης,
789 4913 1016 4991 φανερὸν
1046 4912 1120 4974 ὡς
1168 4911 1260 4968 καὶ
1302 4912 1369 4968 τὰ
1400 4911 1589 4989 ἐφεξῆς
1634 4915 1743 4966 τῶν
1796 4917 1970 4983 ζητη-

291 5003 509 5077 μάτων
562 4997 963 5059 συνδιαλύεται.
1005 5001 1179 5073 Φησῖν
1208 5003 1304 5057 οὗν
1352 5003 1426 5065 ὡς
1455 5000 1639 5064 καλῶς
1670 5003 1758 5056 καὶ
1809 4999 1971 5057 εὒλό-

279 5112 413 5170 γως
447 5092 491 5159 ἡ
540 5086 881 5166 δημιουργία
923 5094 1019 5145 τοῦ
1050 5091 1253 5152 παντὸς
1296 5096 1413 5145 κατ’
1445 5089 1715 5165 ἐξαίρετον
1742 5094 1823 5163 τῷ
1861 5090 1971 5163 Υίῷ

278 5174 658 5255 ἀναφέρεται.
693 5179 796 5236 Καὶ
844 5179 946 5255 γὰρ
990 5184 1087 5235 τοῦ
1120 5180 1295 5254 Λόγου
1351 5180 1485 5255 μετά
1532 5180 1729 5256 σαρκὸς
1777 5175 1970 5249 ἐπιδη-

279 5269 595 5345 μήσαντος
625 5266 677 5321 αἱ
728 5266 948 5340 μείζους
992 5267 1081 5322 καὶ
1131 5265 1357 5330 πλείους
1385 5267 1509 5342 περὶ
1551 5268 1650 5339 τήν
1698 5264 1969 5341 δημιουρ-

353 5386 411 5423 ⁵ι
450 5384 605 5442 Gen.
646 5401 762 5453 xxx,
798 5384 886 5442 17.
917 5384 967 5421 ⁵³
996 5384 1169 5443 Hebr.
1196 5402 1237 5455 ι,
1270 5386 1356 5441 14.

2076 3392 2257 3461 Quare
2295 3393 2395 3446 Dei
2432 3391 2610 3447 Filius
2639 3393 2828 3462 opifex
2856 3391 3097 3459 dicatur,
3129 3408 3253 3448 cum
3281 3394 3482 3464 prima
3520 3396 3721 3451 nostra

2073 3481 2399 3545 existentize,
2451 3484 2567 3536 tum
2627 3482 3039 3551 reformationis
3094 3483 3155 3536 in
3212 3483 3323 3552 ﬁne
3368 3483 3718 3554 saeculorum,

2075 3579 2187 3627 tum
2215 3571 2388 3626 etiam
2419 3570 2604 3626 Iudex
2630 3569 2902 3637 omnium,
2940 3584 3100 3627 nova
3128 3572 3545 3628 resurrectionis
3576 3579 3725 3628 tem-

2072 3674 2202 3733 pore
2223 3662 2251 3716 ἵ
2282 3660 2381 3716 His
2396 3659 2551 3715 enim
2574 3660 2767 3716 tribus
2789 3659 2938 3716 inter
2958 3676 3019 3716 se
3039 3660 3339 3726 connexis,
3370 3664 3426 3715 et
3450 3661 3522 3715 ad
3547 3675 3718 3716 eum-

2074 3749 2207 3805 dem
2238 3748 2543 3805 dominum
2584 3748 2989 3819 artiﬁcemque
3029 3748 3181 3804 189
3215 3749 3294 3820 (ιι)
3325 3747 3545 3816 relatis,
3580 3748 3720 3819 ipsas

2074 3853 2298 3908 quoque
2343 3837 2588 3909 quaestio
2621 3842 2679 3893 et
2718 3836 2930 3893 solutio
2969 3852 3290 3894 connexam
3332 3841 3503 3906 atque
3532 3836 3721 3891 cohae-

2074 3932 2298 3983 rentem
2340 3926 2624 3983 rationem
2663 3926 2901 3982 habent.
2945 3928 3262 3998 Postquam
3293 3925 3447 3981 enim
3480 3924 3716 3994 creavit,

2076 4015 2287 4071 merito
2319 4015 2574 4087 perditos
2616 4021 2863 4087 reparat.
2906 4015 3066 4079 Quod
3101 4030 3237 4069 cum
3268 4014 3350 4069 ita
3379 4012 3480 4083 sit,
3513 4029 3717 4070 conse-

2076 4109 2319 4177 quenter
2348 4104 2525 4160 etiam
2566 4121 2686 4160 suis
2732 4106 3012 4159 creaturas
3061 4102 3248 4176 legem
3297 4103 3425 4158 fert.
3469 4101 3634 4158 Unde
3664 4106 3724 4159 et

2075 4195 2217 4252 illud
2244 4196 2481 4268 planum
2500 4195 2775 4265 efﬁcitur,
2797 4194 2985 4267 ipsius
3007 4209 3137 4252 esse
3157 4194 3512 4250 sententiam
3532 4192 3724 4250 incor-

2076 4287 2309 4356 ruptam
2335 4283 2505 4352 ferre,
2527 4288 2648 4340 tam
2672 4283 2734 4339 in
2756 4282 2946 4355 legem
2969 4286 3287 4348 servantes,
3311 4298 3485 4352 quam
3507 4282 3568 4338 in
3590 4297 3722 4339 eam

2077 4376 2284 4445 sponte
2322 4373 2627 4430 violantes.
2652 4372 2958 4429 Praemissa
2998 4372 3181 4444 igitur
3210 4372 3562 4443 quaastione:
3614 4374 3726 4427 Cur

2080 4480 2205 4520 cum
2233 4463 2393 4520 nulla
2422 4466 2496 4521 sit
2539 4466 2595 4519 in
2643 4465 2911 4520 Trinitate
2946 4463 3148 4533 gradus
3175 4462 3481 4535 superioris
3508 4469 3605 4519 aut
3634 4464 3724 4519 in-

2080 4554 2306 4625 feriori:
2336 4553 2670 4628 differentia,
2698 4552 2889 4609 Filius
2916 4557 3103 4608 tamen
3132 4553 3315 4623 potius
3343 4555 3530 4624 Opi/ex
3557 4560 3726 4625 atque

2006 4629 2052 4695 D
2074 4646 2346 4713 formator
2372 4645 2741 4715 praedicatur,
2775 4640 3147 4698 manifestum
3178 4646 3288 4710 est,
3334 4642 3440 4698 hac
3479 4658 3598 4698 una
3629 4658 3721 4698 so-

2079 4732 2225 4804 luta,
2272 4732 2529 4805 reliquas
2560 4746 2791 4803 quoque
2829 4747 2898 4786 ex
2926 4747 2995 4787 ea
3042 4730 3318 4802 deinceps
3361 4735 3518 4787 ortas
3563 4747 3720 4802 qua:-

2079 4822 2300 4879 stiones
2346 4821 2605 4877 dissolvi.
2658 4822 2842 4887 Quare
2889 4820 3146 4876 afﬁrmat
3194 4827 3348 4877 recte
3395 4836 3461 4875 ac
3512 4820 3721 4876 merito

2080 4910 2338 4967 universi
2386 4911 2742 4967 creationem
2792 4910 2864 4965 ad
2912 4908 3123 4965 Filium
3174 4925 3277 4980 per
3321 4907 3720 4965 excellentiam

2080 5000 2302 5056 referri.
2352 5000 2498 5056 Cum
2527 4998 2744 5057 etenim
2782 4998 3042 5055 Verbum
3075 4999 3135 5055 in
3174 5014 3344 5055 carne
3383 4998 3457 5054 ad
3490 5014 3598 5053 nos
3627 5012 3723 5055 ve-

2081 5089 2287 5157 nisset,
2312 5089 2510 5162 plures
2532 5106 2599 5145 ac
2629 5090 2879 5160 majores
2911 5088 3162 5144 haereses
3182 5088 3254 5143 de
3274 5087 3565 5145 creatione
3586 5102 3723 5158 pro-

2081 5182 2403 5235 cesserunt.
2436 5178 2499 5234 In
2532 5177 2623 5236 his
2654 5177 2833 5251 aliqui
2862 5192 3065 5234 verum
3096 5180 3267 5248 atque
3292 5175 3532 5233 unicum
3563 5175 3725 5234 Crea-

2080 5272 2266 5326 torem
2298 5268 2658 5342 ignorantes,
2688 5266 2750 5325 in
2782 5266 2973 5326 varias
3007 5282 3218 5325 causas
3251 5266 3458 5324 mundi
3490 5265 3729 5325 creatio-

1682 5476 1913 5535 VARIIE
1952 5475 2362 5533 LECTIONES.

364 5574 419 5611 ⁸³
458 5569 557 5660 ἵνα
581 5568 1151 5662 δῄ-οἰκοῖοιξεῖταιέ.
1218 5571 1276 5662 ,ίξ
1308 5570 1689 5662 ύπηρετολύτων
1720 5579 1805 5629 A:
1838 5569 2327 5662 δημιουργούντων
2357 5573 2440 5646 ς.
2522 5572 2562 5610 ί⁵
2594 5569 2746 5652 οὐχὶ]
2769 5572 2939 5630 Hebr.
2975 5589 3015 5644 1,
3050 5571 3134 5628 14.
3215 5570 3262 5610 ¹⁶
3291 5562 3538 5647 βιϐλίου]
3570 5570 3727 5631 libri.

279 5648 334 5686 1⁷
372 5649 591 5712 καινῆς

786 5645 834 5681 ιε
861 5645 1018 5701 αὐτὸν
1054 5645 1137 5719 ς.

1218 5646 1263 5685 ³9
1292 5646 1604 5719 νομοθετῶν
1642 5648 1690 5704 Α
1716 5663 1729 5703 :
1760 5646 2135 5720 νομοθετεῖς
2141 5687 2155 5703 .
