4184 6212
439 413 561 474 763

1657 414 1926 476 PHOTII
1970 417 2507 479 PATRIARCHE
2549 416 2665 476 CP.

3731 407 3855 466 764

444 569 577 608 nem
613 551 956 608 retulerunt.
991 547 1155 604 Unde
1178 565 1292 604 non
1325 547 1383 603 in
1416 549 1856 605 multitudinem
1890 550 2080 606 solum

2209 551 2312 624 γίαν
2355 545 2587 621 αἱρέσεις
2638 541 2979 619 προσέκοψαν
3013 542 3080 609 π,
3126 539 3216 593 καὶ
3257 539 3307 593 0't
3352 537 3445 611 μὲν
3483 538 3574 592 τὸν
3621 534 3711 591 ἕνα
3761 535 3858 590 καὶ

445 642 683 698 deorum
709 639 946 712 quidam
972 654 1098 694 sese
1119 638 1472 705 effuderunt,
1494 639 1591 693 sed
1615 646 1669 694 et
1688 639 1839 694 bono
1865 641 2081 694 malum

441 733 825 802 opponentes,
861 729 1111 784 universi
1144 727 1631 799 gubernationem
1664 728 2081 784 indivisibilem

440 819 499 873 in
556 818 874 873 contrarias
926 815 1316 886 providentius
1371 817 1788 874 distraxerunt.
1838 818 2084 881 Quidam

441 922 670 963 rursum
705 906 1018 961 individua:
1051 909 1107 960 et
1139 921 1237 976 per
1263 905 1461 960 omnia
1490 905 1729 976 aequalis
1756 906 2084 961 Divinitatis

441 996 724 1051 divisores
775 1013 1006 1052 amaros
1053 1002 1228 1068 atque
1266 995 1516 1064 iniustos
1547 1009 1609 1050 se
1639 995 2083 1064 constituentes,

443 1090 563 1140 tota
605 1085 702 1140 Dei
738 1086 1042 1156 majestate
1078 1084 1230 1140 Patri
1263 1084 1566 1153 attributa,
1603 1084 1814 1140 Filium
1846 1100 1913 1140 ac
1945 1084 2083 1155 Spi-

442 1174 622 1230 ritum
669 1179 940 1230 sanctum
992 1173 1063 1229 ab
1099 1173 1358 1243 ejusdem
1392 1177 1609 1229 naturae
1649 1173 2087 1245 participatione

443 1262 826 1336 repulerunt:
875 1263 983 1318 hoc
1023 1279 1126 1335 pro
1165 1279 1266 1318 sua
1297 1263 1591 1318 dementia
1626 1266 1898 1333 praetextu
1930 1277 2089 1317 arre-

443 1359 564 1426 pto,
588 1356 743 1426 quod
768 1359 825 1409 et
860 1356 1037 1410 Deum
1062 1369 1243 1410 unum
1267 1354 1462 1424 (quem
1493 1353 1666 1409 etiam
1690 1353 1919 1410 Patrem
1949 1369 2089 1424 pras-

441 1445 604 1501 dicat
633 1448 798 1500 vetus
833 1444 969 1515 Lex)
993 1443 1377 1509 celebrarent,
1410 1446 1467 1498 et
1496 1459 1706 1498 noxam
1741 1442 2087 1498 adducentis

443 1533 702 1589 audacias
717 1538 886 1601 esset,
908 1533 1113 1588 Filium
1130 1532 1210 1588 vel
1225 1532 1501 1603 Spiritum
1521 1537 1696 1587 Deum
1714 1532 1994 1588 conﬁteri.
2014 1533 2089 1588 Ex

443 1623 537 1678 his
558 1637 691 1678 vero
715 1621 932 1678 fuerint
952 1626 1078 1677 tum
1111 1622 1208 1693 qui
1235 1621 1564 1693 ignorantia
1584 1622 1710 1676 Filii
1741 1626 1798 1676 et
1834 1621 2088 1694 Spiritus

442 1710 812 1772 laborarunt;
829 1715 1115 1783 quotquot
1127 1710 1404 1765 nimirum
1419 1710 1753 1767 Judaeorum
1770 1715 1936 1781 atque
1953 1726 2090 1782 gen-

448 1800 638 1856 tilium
661 1800 932 1856 tabefecit
953 1817 1145 1867 error;
1170 1805 1295 1855 tum
1321 1799 1420 1871 qui
1443 1799 1687 1856 scientia
1705 1801 1964 1870 quidem,
1990 1801 2088 1856 sed

444 1889 638 1946 fallaci
667 1889 894 1962 praediti
926 1891 1015 1959 (ut
1037 1890 1208 1944 Arius
1242 1898 1415 1960 atque
1447 1889 1865 1958 Macedoniani)
1897 1889 2091 1960 ipsum

446 1978 774 2034 Creatorem
789 1978 968 2049 impie
983 1978 1155 2033 rebus
1169 1977 1376 2033 creatis
1390 1994 1498 2032 ann
1512 1977 2093 2034 umeraverunt.Vide

451 2067 650 2138 igitur,
684 2067 912 2138 quando
938 2065 1030 2122 hic
1061 2083 1222 2122 error
1252 2065 1422 2138 longe
1453 2067 1594 2121 adeo
1626 2066 1857 2138 lateque
1884 2067 2094 2123 invale-

451 2171 607 2212 scere
646 2157 860 2228 potuit;
898 2157 946 2209 si
987 2155 1164 2210 etiam
1205 2156 1517 2211 creationis
1549 2156 1805 2212 universi
1836 2157 2092 2229 dignitas

452 2245 690 2300 deﬁnite
706 2243 854 2299 Patri
871 2248 1024 2300 esset
1042 2244 1344 2312 attributa,
1363 2248 1756 2317 praetereaque
1773 2247 2094 2317 redemptio

453 2339 622 2402 atque
646 2332 958 2402 judicium,
995 2331 1128 2402 quis
1159 2349 1270 2386 non
1297 2332 1495 2402 impiis
1526 2333 1828 2389 dementiae
1853 2334 2008 2391 color
2030 2352 2095 2392 ac

455 2425 768 2493 pratextus
817 2412 1269 2492 contingeretur,
1314 2439 1428 2492 quo
1478 2422 1687 2478 Filium
1719 2440 1784 2479 ac
1815 2424 2095 2495 Spiritum

456 2520 748 2578 sanctum,
771 2509 855 2565 vel
871 2509 1029 2566 nullo
1053 2511 1222 2567 modo
1244 2509 1558 2567 subsistere
1578 2511 1662 2568 vel
1682 2514 2097 2572 subsistentem

465 2599 526 2656 in
558 2602 947 2655 creaturarum
990 2600 1256 2655 ordinem
1298 2601 1556 2672 redigere
1595 2603 1926 2659 auderent?
1958 2606 2100 2661 Pro-

462 2693 661 2761 pterea
693 2688 872 2758 igitur
902 2689 1070 2744 Pater
1100 2689 1245 2744 Filio
1276 2690 1440 2759 justa
1470 2691 1540 2746 de
1571 2708 1744 2747 causa
1765 2693 1935 2763 cedit,
1969 2709 2098 2749 cum

469 2776 784 2832 creationis
824 2776 1103 2848 dignitate
1148 2777 1219 2832 ab
1259 2777 1447 2844 initio,
1490 2783 1617 2834 tum
1652 2780 2100 2853 reformationis,

462 2869 589 2921 tum
621 2865 795 2921 etiam
825 2866 1051 2936 judicii.
1085 2866 1237 2921 189
1271 2866 1343 2939 (b)
1373 2867 1781 2925 Verumtamen
1815 2886 1931 2926 non
1965 2871 2014 2927 si
2045 2871 2102 2926 in

468 2972 665 3011 eorum
697 2955 912 3025 aliquo,
945 2971 1071 3026 quas
1104 2956 1276 3012 modo
1317 2956 1595 3028 diximus,
1631 2958 1775 3016 Filio
1806 2961 1980 3016 cessit
2009 2965 2110 3016 Pa-

467 3049 571 3114 ter,
606 3060 737 3100 mox
767 3046 942 3100 etiam
967 3045 1025 3099 in
1060 3045 1333 3101 omnibus
1355 3047 1547 3102 cessit.
1581 3048 1783 3120 Neque
1811 3051 1968 3105 enim
2002 3050 2110 3106 hoc

465 3133 830 3204 disponentis
888 3134 1086 3190 omnia
1138 3136 1429 3204 sapienter
1478 3137 1858 3196 Providentiae
1906 3141 2100 3207 fuerit,

2194 639 2271 699 ὡς
2330 639 2555 708 ἀληθῶς
2613 631 2964 708 Δημιουργὸν
3024 629 3382 702 ἀγνοήσαντες
3431 629 3564 700 [312
3777 625 3855 685 εἷς

2194 726 2413 790 πολλὰς
2478 723 2653 788 αἰτίας
2700 725 2797 792 τὴν
2856 728 2963 776 τῶν
3024 717 3192 773 ὄντων
3251 717 3463 791 ἀνῆψαν
3529 717 3851 781 ὑπόστασιν,

2195 817 2326 874 ἔνιοι
2368 815 2410 870 δ’
2448 814 2537 870 οὖν
2589 815 2688 868 οὐκ
2717 813 2793 874 εἷς
2844 809 3056 879 πλῆθος
3093 808 3258 881 μόνον
3309 810 3444 861 θεῶν
3491 807 3853 880 ἒξεχύθησαν,

2194 903 2342 962 ἀλλά
2373 905 2462 961 καὶ
2511 908 2590 975 τῷ
2635 902 2816 978 ἀγαθῷ
2854 899 3091 974 πονηρὸν
3126 898 3544 959 ἀντανιστῶντες
3589 896 3690 962 τὴν
3741 897 3852 947 τῶν

2195 995 2339 1052 ὅλων
2379 995 2670 1067 ἀμέριστον
2703 990 3019 1045 ἐπιστασίαν
3051 988 3124 1049 εἷς
3166 987 3540 1058 ἀντικειμένας
3588 983 3852 1056 προνοίας

2198 1083 2491 1159 διὲσχισαν.
2534 1082 2692 1142 Τινὲς
2736 1077 2792 1134 δὲ
2823 1080 3042 1147 καὶτῆς
3091 1077 3326 1151 ἀμεροῦς
3356 1076 3446 1129 καὶ
3495 1070 3584 1128 3ιά
3631 1072 3849 1126 πάντων

2195 1175 2257 1230 τὸ
2319 1173 2430 1228 ἴσον
2497 1171 2735 1247 ἐχούσης
2805 1169 3063 1239 θεότητος
3130 1165 3386 1240 μεριστάς
3463 1161 3696 1237 πικροὺς
3759 1161 3848 1214 καὶ

2196 1263 2412 1325 ἀδίκους
2469 1266 2606 1337 σφᾶς
2663 1259 2855 1320 αὐτοὺς
2916 1256 3358 1328 προκαθίσαντες,
3421 1253 3549 1308 ὅλον
3605 1252 3671 1306 τὸ
3727 1270 3855 1304 τεο-

2195 1354 2397 1430 πρεπές
2450 1356 2529 1424 τῷ
2577 1347 2748 1423 Πατρὶ
2805 1345 3265 1421 περικλείσαντες,
3315 1344 3404 1397 τὸν
3459 1342 3585 1396 Υἱὸν
3634 1341 3725 1395 καὶ
3786 1338 3851 1392 τὸ

2198 1427 2416 1515 Πνεῦμα
2481 1447 2580 1509 τῆς
2647 1437 2917 1514 συμφυΐας
2982 1435 3289 1502 ἀπώσαντο,
3357 1431 3679 1508 προφάσεως
3752 1427 3853 1501 (ὡς

2198 1531 2442 1604 ἐνόμιζεν
2490 1528 2664 1583 αὑτῶν
2695 1528 2758 1582 τὸ
2811 1525 3082 1596 ἀσύνετον)
3135 1520 3622 1597 περιδρασσὸμενοι
3663 1519 3746 1573 ὅτι
3781 1515 3852 1585 δή

2196 1643 2301 1677 που
2333 1621 2459 1676 Θεὸν
2485 1616 2597 1688 ἕνα,
2639 1618 2699 1672 ’ὸν
2742 1615 2833 1671 καὶ
2876 1614 3087 1688 Πατέρα
3141 1613 3320 1685 ὑμνεῖ,
3366 1610 3433 1665 τὰ
3476 1608 3692 1664 Παλαιὰ
3739 1607 3860 1664 N6-

2203 1731 2344 1784 μιμα
2393 1707 2843 1779 ἀνακηρύττουσι,
2883 1703 2973 1758 καὶ
3022 1701 3240 1774 τόλμης
3291 1700 3434 1756 ἐστὶν
3484 1697 3726 1775 ἀγούσης
3776 1695 3862 1760 εἷς

2200 1800 2538 1876 παρανομίαν
2587 1798 2716 1853 Θεὸν
2768 1797 2860 1850 τὸν
2906 1795 3028 1848 Υἱὸν
3075 1795 3108 1863 ἢ
3161 1792 3224 1847 τὸ
3271 1794 3486 1862 Πνεῦμα
3533 1786 3855 1860 συνομολο-

2125 1873 2170 1937 B
2201 1873 2338 1965 γεῗν.
2379 1887 2600 1944 Τούτων
2633 1883 2679 1939 δ’
2712 1882 2771 1938 ἂν
2806 1885 2904 1938 εἶεν
2939 1880 3160 1958 ἄγνοιαν
3195 1881 3288 1952 μὲν
3325 1883 3422 1934 τοῦ
3468 1878 3588 1932 Γίοῦ
3631 1875 3720 1932 καὶ
3752 1880 3857 1932 τοῦ

2203 1978 2514 2051 Πνεύματος
2559 1975 2961 2044 ἐκνοσήσαντες,
3017 1971 3163 2033 ὅσοις
3214 1973 3258 2008 ²¹
3326 1969 3389 2025 τὸ
3446 1965 3741 2022 Ἰουδαϊκόν
3791 1987 3858 2021 τε

2201 2069 2289 2123 καὶ
2321 2064 2647 2136 Ἑλληνικὸν
2700 2064 2922 2133 ἐνετᾶκη
2974 2061 3251 2138 φρόνημα,
3294 2061 3344 2114 οἱ
3405 2056 3462 2113 δὲ
3499 2062 3696 2133 γνῶσιν
3754 2057 3854 2129 μὲν

2203 2155 2473 2236 ἐπισφαλῆ
2510 2153 2565 2210 δὲ
2595 2154 2948 2226 κτησάμενοι,
2991 2149 3171 2224 ὥσπερ
3228 2151 3446 2222 ’Ἄρειος
3485 2148 3575 2202 καὶ
3625 2148 3676 2200 οἱ
3715 2149 3862 2201 κατᾶ

2201 2234 2558 2312 Μακεδόνων,
2627 2244 2677 2296 οἳ
2736 2238 3096 2314 συνηρίθμουν
3153 2238 3326 2299 ἀθέως
3384 2241 3452 2310 τῇ
3520 2234 3690 2290 κτίσει
3758 2236 3858 2289 τὸν

2206 2335 2491 2395 Κτίσαντα.
2560 2335 2701 2408 ’Όρα
2759 2329 2873 2403 οῦν,
2933 2337 3033 2399 τῆς
3099 2327 3356 2398 τοιαύτης
3414 2326 3625 2396 πλάνης
3683 2325 3868 2387 οὕτως

2207 2427 2556 2496 ἐπιπολάζειν
2617 2421 3045 2498 κατισχυούσης,
3086 2419 3135 2475 εἴ
3192 2418 3279 2474 καὶ
3340 2420 3402 2474 τὸ
3445 2425 3545 2487 τῆς
3589 2415 3868 2492 δημιουρ-

2207 2516 2329 2590 γίας
2381 2515 2489 2568 τῶν
2550 2511 2694 2568 ὅλων
2759 2510 2970 2583 ἀξίωμα
3035 2503 3430 2586 ἀφωρισμένως
3489 2504 3861 2579 προσανετέθη

2209 2603 2288 2676 τῷ
2331 2603 2522 2677 Πατρὶ,
2575 2603 2686 2656 εἶτα
2729 2600 2817 2655 καὶ
2865 2603 2899 2668 ἡ
2942 2598 3254 2659 ἀνάπλασις
3303 2597 3393 2652 καὶ
3437 2598 3472 2664 ἡ
3504 2595 3709 2670 κρίσις,
3739 2595 3879 2649 ποία

2218 2692 2409 2765 μανίας
2469 2692 2568 2745 οὐκ
2617 2688 2675 2744 ἂν
2738 2686 3089 2745 διεπλάττετο
3145 2691 3261 2747 τοῖς
3319 2679 3535 2739 ἀσεϐέσι
3593 2683 3870 2761 πρόφασις

2218 2786 2345 2856 [604
2375 2782 2462 2855 R.]
2511 2779 2586 2842 εἷς
2626 2779 2689 2835 τὸ
2717 2779 2808 2832 τὸν
2847 2779 2940 2850 μὲν
2989 2778 3110 2830 Υὶὸν
3143 2776 3234 2830 καὶ
3278 2774 3341 2829 τὸ
3387 2777 3606 2846 Πνεῦμα
3654 2771 3690 2841 ἢ
3736 2770 3876 2845 μηδ’

2217 2871 2361 2927 ὅλως
2406 2868 2778 2947 ὑφεστάναι,ἣ
2829 2866 2917 2922 καὶ
2978 2868 3258 2942 ὑφεστῶτα
3307 2866 3382 2926 εἰς
3437 2866 3539 2932 τὴν
3588 2867 3697 2918 τῶν
3748 2883 3884 2916 κτι-

2219 2963 2442 3035 σμάτων
2519 2960 2705 3034 χώραν
2784 2955 3103 3011 ἀπελαύνειν
3168 2951 3699 3026 καταθρασύνεσθαις
3782 2948 3885 3005 διὰ

2220 3054 2381 3106 τοῦτο
2413 3047 2505 3104 οῦν
2547 3049 2574 3102 6
2607 3048 2794 3119 Πατὴρ
2839 3049 2918 3116 τῷ
2957 3045 3066 3115 Υίῷ
3107 3043 3473 3116 οἰκονομικῶς
3522 3041 3878 3110 ὑπεξίσταται

2221 3147 2318 3210 τῆς
2349 3161 2406 3194 τε
2437 3139 2553 3193 κατ’
2586 3137 2759 3211 ἀρχὰς
2802 3133 3167 3210 δημιουργίας
3213 3132 3303 3187 καὶ
3343 3138 3442 3200 τῆς
3488 3128 3877 3199 ἀναπλάσεως,

461 3193 930 3294 quandoquidem
965 3222 1062 3277 tali
1114 3193 1272 3279 nulla
1322 3226 1556 3297 penitus
1597 3193 2099 3298 apparente—

2234 3193 2245 3196 _
2275 3193 2317 3210 ,,
2365 3193 2398 3194 η
2623 3193 2696 3211 In
2747 3193 2756 3197 _
2857 3193 2888 3208 η
3014 3193 3022 3209 ι
3061 3193 3071 3210 ι
3157 3193 3162 3194 γ
3400 3193 3409 3200 _
3862 3193 3873 3199 _

2216 3230 2328 3284 εἶτα
2357 3229 2446 3284 καὶ
2478 3231 2574 3293 τῆς
2605 3228 2853 3302 κρίσεως.
2889 3224 2966 3281 Οὐ
3021 3224 3125 3297 μὴν
3156 3221 3282 3277 ἀλλ’
3334 3220 3447 3276 οὐδ’
3478 3221 3522 3276 εί
3561 3224 3668 3276 τῶν
3716 3221 3882 3295 εἰρη-

461 3312 647 3378 sione,
683 3310 856 3366 multi
898 3312 1214 3382 impiorum
1245 3315 1359 3369 duo
1389 3319 1756 3372 Testamenta
1794 3318 2106 3375 contrariis

461 3397 893 3471 legislatoribus
920 3401 1314 3470 assignarunt.
1340 3401 1526 3465 Quare
1557 3405 1920 3461 convenienti
1953 3423 2109 3478 pror-

461 3507 584 3556 sus,
637 3506 880 3562 quaque
940 3490 1124 3546 Deum
1170 3492 1368 3549 deceat
1413 3495 1656 3562 ratione,
1707 3503 1759 3551 et
1809 3499 2106 3569 sapientius

460 3582 634 3654 plena
652 3581 1109 3652 dispensatione,
1132 3581 1275 3638 Filio
1291 3599 1405 3639 non
1429 3584 1701 3641 formatio
1725 3587 1917 3643 solum
1941 3598 2106 3660 atque

460 3671 819 3738 reformatio,
853 3671 954 3727 sed
994 3671 1283 3741 judicium
1331 3690 1564 3745 quoque
1594 3677 1720 3745 (etsi
1753 3677 1942 3733 tribus
1975 3695 2106 3750 per-

463 3759 628 3815 sonis
657 3761 995 3815 communia
1025 3759 1149 3817 hac
1193 3761 1332 3832 sint)
1365 3778 1464 3833 per
1495 3763 1895 3822 excellentiam
1929 3770 2108 3824 attri-

462 3850 745 3905 buuntur.
763 3850 854 3905 Sic
876 3849 1054 3921 igitur
1070 3849 1354 3921 objectam
1378 3853 1757 3923 quaestionem
1777 3857 1875 3912 Dei
1898 3874 2105 3914 amans

463 3939 715 4011 scriptor
751 3938 847 3994 hic
889 3939 1184 3995 dissolvit:
1237 3940 1326 3996 cui
1367 3948 1424 3998 et
1467 3942 1583 3999 alia
1630 3945 1934 4014 accedunt,
1978 3963 2104 4018 qua:

462 4044 661 4173 lparem
711 4043 1084 4101 nequaquam
1139 4045 1273 4085 cum
1334 4032 1746 4105 suprascriptis
1791 4035 2103 4093 utilitatem

509 4118 702 4173 ahent.

509 4118 702 4175 aheut.

2219 3319 2388 3394 μένων
2450 3318 2543 3392 μὲν
2599 3336 2745 3377 τινος
2805 3315 2832 3368 ὁ
2889 3315 3080 3387 Πατήρ
3143 3312 3401 3382 ὑπεξέστη
3451 3315 3530 3381 τῷ
3582 3310 3719 3381 Υἳῷ,
3791 3311 3873 3382 μή

2216 3410 2430 3465 πάντων
2477 3406 2533 3462 δὲ
2580 3411 2689 3461 τῶν
2742 3405 3069 3479 είρημένων,
3131 3400 3253 3456 οὐδὲ
3309 3404 3469 3456 τοῦτο
3527 3399 3588 3453 ἂν
3649 3399 3715 3468 ἦν
3772 3401 3878 3467 τῆς

2216 3498 2384 3554 πάντα
2435 3501 2615 3574 σοφῶς
2657 3492 3059 3566 οἰκονομούσης
3109 3489 3399 3564 Προνοίας,
3431 3491 3571 3544 ’ὀπου
3611 3510 3675 3565 γε
3732 3487 3882 3562 μηδὲ

2216 3588 2474 3657 τοιαύτης
2523 3587 2569 3621 ⁸³
2629 3582 2779 3645 ὅλως
2833 3579 3273 3658 ὑποφαινομένης
3340 3580 3595 3655 ἀφορμῆς
3665 3576 3883 3633 πολλοὶ

2213 3682 2324 3733 τῶν
2373 3670 2581 3730 ἀσεϐῶν
2626 3674 2722 3734 τὰς
2772 3669 2867 3726 δύο
2919 3668 3182 3740 διαθήκας
3235 3667 3498 3730 ἐναντίοις
3547 3664 3884 3740 νομοθὲταις

2217 3765 2575 3839 διενείμαντο.
2649 3764 2810 3816 Ὥστε
2885 3759 3204 3833 ἐναρμὸστῳ
3279 3778 3336 3811 τε
3408 3755 3501 3810 καὶ
3579 3757 3884 3830 θεοπρεπεῖ

2215 3853 2370 3932 λόγῳ
2424 3855 2516 3909 καὶ
2558 3851 2844 3924 οἰκονομίᾳ
2901 3845 3316 3923 πεπληρωμένη
3381 3846 3571 3923 σοφίας
3628 3850 3708 3916 τῷ
3764 3845 3880 3915 lic?)

2213 3947 2369 4014 καὶὴ
2421 3943 2620 4004 πλάσις
2678 3941 2768 3995 καὶ
2821 3940 2855 4008 ἢ
2902 3937 3204 4000 ἀνάπλασις
3266 3936 3356 3991 καὶ
3389 3939 3422 4005 ἡ
3476 3936 3657 4011 κρίσις
3697 3932 3793 3989 κᾶν
3826 3934 3880 3969 9³

2211 4038 2320 4089 τῶν
2355 4039 2520 4109 τριῶν
2580 4027 2930 4086 ὑποστέίσεων
2973 4027 3056 4098 εἶή
3110 4031 3276 4082 ταῦτα
3331 4025 3508 4093 κοινὶ,
3567 4025 3687 4079 κατ’
3745 4022 3884 4093 ἐξαί-

2216 4144 2364 4200 ρετον
2423 4121 2764 4196 ἀναφέρεται.
2823 4118 2984 4175 Οὕτω
3037 4117 3131 4190 μὲν
3190 4113 3290 4185 ούη
3358 4115 3456 4182 τήν
3507 4113 3880 4190 προκειμένην

465 4208 695 4282 ἀπορίαν
751 4208 779 4261 6
829 4205 1083 4284 φιλόθεος
1128 4209 1462 4288 συγγραφεὺς
1518 4211 1818 4282 ἐπιλύεται,
1871 4210 2301 4272 συνυποϐἀλλων
2345 4214 2394 4251 ²⁴
2435 4213 2525 4268 καὶ
2579 4208 2736 4285 ἓτερά
2782 4228 2903 4264 τινα
2951 4206 3054 4286 οὐχ
3109 4206 3319 4280 ὁμοίως
3374 4209 3489 4260 τοῖς
3556 4203 3884 4280 εἰρημένοις

465 4301 529 4354 τὸ
562 4300 839 4373 χρήσιμον
879 4302 1092 4376 παρεχό
1102 4323 1255 4374 μενα.

542 4391 782 4446 Interim
815 4395 1084 4463 presenti
1119 4394 1464 4453 dubitationi
1506 4397 1665 4454 aliud
1698 4399 1980 4471 quiddam
2012 4401 2099 4457 in-

2291 4395 2502 4468 Μεταξὺ
2531 4393 2588 4451 δὲ
2632 4398 2730 4450 τοῦ
2771 4394 3139 4469 προκειμένου
3192 4392 3512 4463 ζητήματος
3561 4389 3648 4444 καὶ
3691 4384 3888 4462 ἕτερόν

467 4479 852 4551 vestigatione
891 4481 1132 4553 dignum
1165 4484 1467 4544 admiscet.
1501 4488 1711 4550 Quaerit
1757 4492 1954 4546 enim:
2007 4493 2118 4548 Cur

468 4567 615 4622 Filio
655 4569 820 4624 Pater
853 4580 1246 4640 prmponatur,
1291 4590 1356 4629 ac
1384 4575 1585 4632 dehinc
1618 4580 1823 4634 tertius
1870 4581 2110 4652 Spiritus

467 4663 697 4714 sanctus
753 4664 1162 4717 constituatur?
1200 4663 1648 4736 Respondetque
1707 4673 1927 4725 certum
1986 4687 2112 4729 esse

466 4745 722 4803 divinam
763 4753 1034 4805 naturam
1078 4750 1238 4822 (cum
1293 4769 1397 4809 nec
1442 4754 1636 4811 verbis
1690 4758 1953 4828 exprimi,
2007 4775 2111 4815 nec

467 4841 663 4894 mente
693 4839 1106 4910 comprehendi
1155 4843 1350 4914 queat)
1397 4860 1582 4915 neque
1633 4846 1879 4917 ratione,
1929 4864 2113 4920 neque

467 4926 748 4995 oratione,
774 4927 883 4984 hoc
906 4928 1097 5000 ipsum
1123 4931 1278 5002 quod
1301 4939 1407 4999 est,
1431 4933 1690 5006 evulgari
1711 4935 1800 4993 vel
1824 4937 2113 4995 nominari

467 5031 676 5087 posse:
702 5016 917 5087 quibus
948 5033 1083 5074 vero
1111 5035 1212 5089 per
1231 5019 1587 5078 ineffabilem
1613 5024 2111 5096 dispensationem

467 5105 876 5176 cognoscenda
918 5107 1214 5178 objicitur,
1256 5126 1372 5168 non
1417 5112 1593 5169 sicuti
1633 5119 1742 5181 est,
1784 5117 1885 5171 sed
1923 5120 1986 5172 ut
2026 5117 2113 5174 fas

467 5198 641 5266 atque
658 5196 800 5251 utile
822 5200 912 5253 est
931 5197 1006 5254 iis
1028 5198 1246 5269 quibus
1268 5205 1526 5273 apparet,
1551 5203 1634 5259 sic
1657 5204 2113 5276 pulchritudinis

469 5298 585 5338 sua
613 5284 982 5354 splendorem
1015 5287 1327 5347 immittere
1348 5291 1584 5348 inﬁxius
1612 5294 1672 5348 in
1705 5311 1768 5351 se
1797 5295 2112 5365 intuentes,

470 5377 524 5426 et
563 5374 863 5446 utcunque
911 5375 1219 5434 fruendam
1269 5377 1440 5437 dare:
1486 5386 1840 5456 quapropter
1878 5387 1946 5440 ut
1975 5401 2115 5457 pro-

468 5459 730 5530 fundius,
761 5472 814 5520 et
863 5465 1052 5537 magis
1092 5465 1417 5540 theologica
1446 5469 1785 5545 loquamur,
1827 5473 1948 5531 sive
1986 5473 2114 5530 Tri-

2227 4509 2286 4545 τε
2323 4489 2473 4560 αὑτῷ
2521 4484 2665 4557 ἀξιον
2705 4483 2996 4554 ἒξετάσεως
3037 4478 3507 4536 συνδιαπλὲκεται.
3561 4483 3726 4549 Ζητεῖ
3775 4477 3889 4554 γὰρ

2222 4576 2309 4634 διὰ
2365 4577 2416 4634 τί
2474 4577 2836 4653 προτέτακται
2909 4575 2937 4628 ὁ
3003 4574 3192 4647 Πατὴρ
3263 4574 3358 4625 τοῦ
3417 4571 3570 4638 Υίοῦ,
3631 4569 3750 4623 εἶτα
3815 4569 3887 4623 τὸ

2221 4672 2442 4740 Πνεῦμα
2490 4665 2668 4740 τρίτον
2731 4661 3100 4719 συντάττεται.
3148 4660 3252 4717 Καὶ
3311 4679 3472 4736 φησιν
3533 4659 3606 4717 ὼς
3668 4659 3704 4726 ἡ
3766 4656 3891 4711 θεία

2221 4756 2377 4836 φύσις
2407 4755 2642 4832 ἅῤῥητος
2675 4753 2807 4810 οῦσα
2856 4753 2947 4808 καὶ
2994 4749 3381 4820 ἀκατάληπτος
3423 4745 3595 4816 δῆλον
3635 4747 3712 4808 ὡς
3760 4744 3888 4801 οὔτε

2223 4847 2478 4924 λογισμῷ
2507 4867 2613 4900 τινι
2645 4841 2766 4899 οὕτε
2794 4843 2999 4917 ῥήματι
3050 4841 3180 4896 αὐτὸ
3209 4843 3371 4894 τοῦτο
3404 4836 3539 4910 ὅπερ
3584 4836 3734 4924 ἐστὶν
3787 4836 3888 4891 ὲκ-

2221 4923 2554 4992 καλύπτεται
2587 4935 2621 5004 ἢ
2669 4933 3016 5004 ὀνομάζεται,
3057 4931 3136 4990 οἷς
3187 4925 3232 4982 δ’
3275 4927 3333 4982 ἃν
3377 4928 3462 4982 καὶ
3516 4925 3654 5000 πρὸς
3702 4923 3890 5003 ἐμφά-

2223 5047 2366 5082 νειαν
2419 5023 2490 5079 δι’
2531 5022 2845 5097 οἰκονομίαν
2897 5019 3098 5100 ἄφατον
3137 5022 3377 5092 καταστῇ
3428 5019 3540 5091 οὐχ
3580 5017 3656 5078 ὡς
3709 5011 3882 5082 ἔστιν,

2223 5114 2352 5172 ἀλλ’
2387 5117 2462 5178 ὡς
2506 5115 2714 5186 ἑκάστῳ
2764 5119 2871 5169 τῶν
2915 5111 3359 5191 ἐμφανιζομὲνων
3408 5106 3636 5163 δυνατόν
3679 5128 3737 5162 τε
3769 5107 3886 5178 καὶ,

2228 5206 2531 5280 συμφέρον,
2565 5201 2736 5264 οὕτως
2772 5201 2937 5270 αὐτῆς
2977 5204 3074 5255 τοῦ
3107 5199 3352 5262 κάλλους
3380 5197 3476 5258 τᾶς
3514 5196 3890 5271 μαρμαρυγὰς

2225 5293 2425 5365 ἐνίηνσί
2475 5314 2532 5348 τε
2589 5298 2706 5355 τοῖς
2752 5290 2830 5354 εἷς
2892 5289 3058 5360 αὐτὴν
3121 5291 3166 5326 ³⁸
3229 5289 3532 5357 ἀτενίζουσι
3589 5286 3681 5341 καὶ
3740 5306 3890 5362 παρ·-

2225 5381 2519 5439 απολαύειν
2552 5379 2870 5456 παρέχεται.
2907 5379 3001 5434 Διὸ
3056 5377 3348 5453 βαθύτερόν
3383 5397 3441 5432 τε
3488 5374 3579 5431 καὶ
3627 5373 3890 5448 θεολογι-

2224 5473 2461 5548 κώτερον
2509 5472 2691 5550 φάναι,
2740 5467 2836 5525 κᾶν
2893 5465 3126 5544 Τριάδα,
3175 5470 3302 5543 [312
3353 5469 3447 5538 Η.]
3496 5465 3594 5521 κᾶν
3655 5461 3896 5540 μονάδα,

1841 5584 2082 5642 VARIIE
2118 5583 2513 5643 LECTIONES

540 5672 586 5709 ²⁰
615 5674 925 5758 πρρξκοψαν
961 5683 1051 5758 A_._
1104 5676 1331 5758 “jam;
1362 5685 1408 5738 A
1437 5699 1449 5738 :
1483 5680 1613 5746 ὅσας

471 5739 944 5802 συνυποϐάλλὲται
989 5748 1070 5822 ς’,
1148 5750 1194 5786 ³⁸
1220 5739 1421 5824 ταύτην
1445 5754 1507 5826 ς·
1513 5792 1529 5813 .

1817 5686 1864 5722 ²²
1897 5681 2039 5758 μηδὲ
2067 5686 2165 5755 τῆς
2191 5684 2449 5756 τοιαύτης
2483 5683 2565 5756 ς.
2642 5682 2690 5719 ³³
2717 5677 2814 5736 κᾶν
2845 5683 2892 5738 Α
2925 5697 2937 5738 :
2970 5681 3057 5736 καὶ
3256 5681 3303 5717 ²⁴
3335 5673 3767 5734 συνυποϐἀλλων
3800 5685 3848 5732 Δ
3881 5696 3897 5737 :
