4184 6212
357 417 472 478 765

351 550 450 604 κάν
505 546 716 622 Πατέρα
772 547 861 601 καὶ
921 547 1043 602 Υἱόν
1107 549 1196 602 καὶ

355 636 450 691 κᾶν
497 633 678 710 ’ἔτερόν
726 658 780 690 τι
829 638 928 706 τήν
979 633 1228 707 ἄληπτον
1275 638 1478 709 ἐκείνην
1535 641 1626 694 καὶ
1685 640 1884 718 ἄφατον
1924 640 2000 696 ἐν·

353 729 642 798 νοήσωμεν
703 727 738 794 ἢ
799 727 1158 800 ὀνομάσωμεν
1215 727 1389 803 φύσιν,
1460 728 1588 808 οὗχῖ
1645 735 1812 784 ταῦτα
1877 727 2006 784 ἀλλ’

360 817 494 891 ὑπὲρ
547 816 714 870 ταῦτᾶ
769 814 901 872 ἐστι.
955 817 1048 870 Διὸ
1101 817 1189 871 καὶ
1233 819 1258 872 ὁ
1300 823 1406 872 τῶν
1469 818 1792 894 ἁπορῥητων
1836 841 2004 891 μυστ-

353 905 596 982 αγωγὸς,
629 907 726 960 Ἐκ
759 904 956 979 μέρους
983 905 1048 972 ²⁶,
1107 907 1227 980 βοᾷ,
1262 907 1629 982 γινώσκομεν,
1663 909 1752 962 καὶ
1803 907 1862 962 ἐκ
1909 907 2002 979 μέο

357 1015 484 1072 ρους
543 995 961 1070 προφητεύομεν
1006 1003 1020 1026 ‘
1101 997 1226 1050 ὅταν
1309 995 1364 1050 δὲ
1439 991 1567 1070 ἔλθῃ
1639 997 1702 1050 τὸ
1767 995 1999 1062 τέλειον,

353 1086 476 1138 τότε
529 1085 592 1138 τὸ
651 1083 710 1137 ἐκ
771 1082 971 1156 μέρους
1042 1087 1534 1158 καταργηθήσεται.
1607 1085 1706 1140 Καὶ
1763 1085 1790 1138 ὁ
1868 1087 2002 1159 γνή-

355 1193 469 1234 σιος
511 1169 568 1226 δὲ
598 1172 800 1226 τούτου
835 1174 1108 1244 μαθητής,
1141 1174 1168 1226 ὁ
1211 1175 1373 1240 σοφὸς
1426 1173 1722 1237 Διονύσιος,
1774 1175 1840 1227 τὰ
1871 1173 2003 1228 αύτᾶ

351 1263 444 1317 καὶ
492 1268 608 1324 τοῖς
663 1262 850 1322 αὐτοῖς
903 1267 1101 1336 μικροῦ
1151 1259 1572 1338 διαμαρτύρεται
1636 1263 1863 1339 ῥήμασι,
1913 1265 2002 1318 καὶ

421 1353 460 1372 ,η
585 1357 594 1370 ,
687 1375 706 1384 _
919 1359 944 1368 ..
1018 1375 1080 1386 ω
1125 1355 1138 1372 .
1226 1375 1245 1386 _
1325 1354 1336 1374 ,
1451 1376 1464 1386 _
1523 1357 1535 1368 .
1851 1354 1887 1386 ._
1945 1359 1970 1369 ..

361 1373 600 1426 μαλιστα
647 1375 709 1427 γι
756 1352 807 1408 ἐν
857 1375 974 1415 τοις
1025 1375 1140 1428 ..ιρι
1191 1355 1404 1408 τελειου
1453 1376 1540 1408 ιιαι
1590 1353 1729 1416 ἑνός.
1794 1359 2004 1412 ΟυΛουν

355 1443 472 1496 ἐπεὶ
515 1444 580 1497 τὰ
627 1442 856 1496 πλεῖστα
902 1447 1010 1496 τῶν
1057 1442 1178 1518 περῖ
1231 1447 1362 1497 Θεοῦ
1419 1441 1526 1517 οὐχ
1563 1443 1694 1518 ὅπερ
1745 1443 1856 1498 ἐστὶ
1897 1465 2002 1498 πα-

355 1529 612 1606 ραδηλοῖ,
648 1532 987 1609 χειραγωγία
1035 1529 1092 1586 δὲ
1143 1530 1358 1604 μὶλλόν
1398 1533 1476 1595 τίς
1521 1532 1750 1587 ἐστικαὶ
1802 1555 2005 1608 συγκα-

353 1615 600 1686 τάὗασις,
661 1619 750 1674 διὰ
796 1626 906 1674 τῶν
963 1622 1274 1694 συντρὸφῶν
1335 1624 1470 1694 ἡμῖν
1523 1623 1614 1676 καὶ
1671 1623 2000 1698 πραγμάτων

351 1709 442 1765 καὶ
497 1708 782 1782 ὀνομάτων
831 1710 925 1764 τὸν
982 1715 1104 1764 νοῦν
1147 1712 1308 1782 ἡμῶν
1357 1712 1490 1783 πρὸς
1547 1712 1612 1765 τὰ
1675 1711 1803 1785 ὑπὲρ
1853 1714 2002 1785 ἡμᾶς

352 1800 715 1875 ἀναφέρουσα,
767 1795 935 1862 δῆλὸν
987 1799 1071 1854 ὅτι
1118 1801 1367 1854 τοιοῦτόν
1419 1799 1528 1854 ἐστι
1577 1801 1666 1854 καὶ
1699 1801 1759 1856 τὸ
1806 1822 2002 1876 προτε-

1446 420 1992 482 BlBLlOTHECA.
2041 451 2116 468 -
2160 421 2332 485 COD.
2378 421 2664 486 CCXXII.

1273 555 1513 622 Πνεῦμα,
1573 551 1666 608 κᾶν
1741 551 2000 621 Θεὸτητα,

2119 553 2380 620 nitatem,
2423 555 2542 611 sive
2583 556 2888 622 unitatem,
2923 554 3039 610 sive
3083 559 3337 623 Patrem,
3371 557 3487 612 sive
3527 556 3757 623 Filium,

3641 423 3760 488 ’166

2111 643 2234 698 sive
2275 643 2552 714 Spiritum
2597 649 2884 710 sanctum,
2932 646 3052 700 sive
3093 645 3542 713 Deitatem,sive
3598 647 3758 701 aliud

2113 732 2416 804 quidpiam
2443 733 3091 805 incomprehensibilem
3129 733 3292 788 illam
3324 743 3378 790 et
3408 733 3758 790 ineffabilem

2115 827 2381 876 naturam
2411 823 2755 892 cogitemus,
2789 821 2872 877 vel
2909 822 3298 890 nominemus,
3335 840 3448 878 non
3481 823 3602 878 haec
3633 822 3758 892 illa,

2112 911 2210 965 sed
2243 928 2420 981 supra
2451 911 2570 966 haec
2603 917 2709 968 est.
2745 913 3128 976 Quamobrem
3161 911 3336 966 etiam
3371 911 3758 968 ineil'abilium

2112 1003 2414 1054 enarrator
2470 999 2688 1054 clamat
2735 1017 2747 1053 :
2809 1001 2891 1054 Ex
2933 1009 3095 1070 parte
3147 1001 3544 1070 Cognoscimus,
3579 1005 3634 1054 et
3693 1017 3762 1055 es:

2109 1091 2266 1158 parte
2311 1089 2715 1160 praphetamus,
2747 1103 2868 1143 cum
2910 1097 3093 1144 autem
3141 1091 3347 1144 venerit
3400 1089 3539 1160 quod
3587 1093 3762 1162 perfe-

2111 1181 2258 1230 ctum
2287 1185 2384 1244 est,
2411 1177 2769 1232 evacuabitur
2798 1177 2938 1248 quod
2967 1194 3036 1232 ex
3067 1186 3220 1248 parte
3249 1186 3326 1234 est
3355 1177 3418 1232 ⁵³.
3454 1178 3759 1250 Hujusque

2112 1281 2414 1336 germanus
2461 1267 2806 1337 discipulus,
2841 1265 3074 1338 sapiens
3127 1265 3224 1322 ille
3271 1267 3604 1336 Dionysius,
3637 1267 3760 1323 hinc

2113 1357 2240 1427 ipsa
2283 1357 2489 1412 iisdem
2533 1357 2952 1430 propemodum
2999 1361 3208 1413 testala
3245 1358 3440 1414 verbis
3471 1357 3710 1428 reliquit
3743 1375 3756 1413 :

2113 1445 2365 1502 maxime
2383 1447 2480 1502 ubi
2515 1449 2582 1502 de
2605 1449 2854 1519 perfecto
2874 1448 2984 1519 (47)
3007 1451 3182 1520 atque
3216 1465 3330 1503 uno
3354 1449 3493 1520 agit.
3517 1448 3756 1512 Quando

2077 1533 2090 1542 “
2111 1535 2290 1605 igitur
2321 1535 2572 1606 plurima
2599 1553 2800 1592 eorum
2833 1553 2956 1606 qum
2989 1539 3058 1592 de
3089 1537 3206 1592 Deo
3239 1537 3536 1606 dicuntur,
3563 1554 3674 1592 non
3695 1538 3754 1592 id

2113 1623 2268 1694 quod
2302 1628 2406 1693 est,
2439 1625 2791 1696 significant,
2826 1627 2922 1681 sed
2977 1625 3169 1696 potius
3213 1642 3384 1681 manu
3419 1627 3662 1694 ducunt,
3701 1631 3760 1682 et

2112 1730 2212 1783 pro
2271 1717 2439 1784 captu
2491 1719 2686 1770 nostro
2745 1729 2848 1786 per
2905 1723 3178 1786 cognatas
3237 1715 3406 1771 nobis
3457 1732 3547 1771 res
3581 1720 3758 1787 atque

2110 1807 2560 1870 voces,mcntem
2583 1807 2842 1858 nostram
2869 1821 3050 1876 supra
3072 1822 3177 1860 nos
3204 1804 3476 1860 attollunt
3502 1823 3513 1860 :
3535 1805 3756 1876 perspi-

352 1891 556 1963 τάχθαι
605 1889 696 1942 τὸν
751 1888 964 1962 Πατέρα
1022 1889 1156 1944 κατᾶ
1211 1890 1312 1956 τήν
1371 1889 1696 1968 ἐκφώνησιν,
1751 1890 1863 1944 εἶτα
1919 1891 2005 1946 τὸν

2117 1909 2294 1946 cuum
2327 1899 2412 1947 est
2444 1891 2552 1947 tale
2576 1891 2672 1963 qui
2705 1891 2845 1948 illud
2871 1909 3019 1958 esse,
3045 1895 3196 1964 quod
3231 1893 3417 1965 primo
3451 1893 3576 1949 loco
3607 1893 3756 1949 inter

351 1979 479 2032 Υἱὸν
522 1977 612 2031 καὶ
665 1979 778 2050 μετ’
829 1976 1030 2032 ἐκεῖνον
1077 1978 1138 2032 τὸ
1181 1981 1394 2052 Πνεῦμα
1445 1979 1506 2032 τὸ
1559 1977 1732 2053 ἅγιον,
1779 1978 1852 2040 ὥς
1895 2000 1999 2034 που

351 2067 444 2122 καὶ
475 2067 638 2128 αὐτὸς
671 2067 697 2120 ὁ
758 2063 1032 2138 Δεσπότης
1079 2064 1444 2144 παιδαγωγῶν
1493 2070 1642 2141 ἡμᾶς
1689 2068 1825 2142 πρὸς
1875 2069 1998 2130 τοὺς

355 2157 606 2230 μαθητάς
653 2177 784 2234 φησι
835 2174 848 2186 ·
910 2155 1260 2230 Πορευθέντες
1307 2157 1352 2191 ’⁷
1405 2156 1773 2228 μαθητεύσατε
1829 2161 2002 2212 πάντα

350 2245 419 2300 τὰ
476 2242 627 2314 ἓθνη,
701 2243 1074 2320 βαπτίζοντες,
1145 2245 1338 2307 αὐτοὺς
1409 2245 1480 2307 εἷς
1538 2247 1599 2300 τὸ
1676 2241 1852 2318 ὄνομα
1905 2249 2002 2300 τοῦ

353 2335 571 2407 Πατρὸς
639 2333 728 2387 καὶ
787 2339 884 2388 τοῦ
943 2335 1071 2388 Υἱοῦ
1137 2333 1224 2388 καὶ
1285 2339 1380 2388 τοῦ
1447 2335 1606 2408 ἁγίου
1669 2335 2000 2407 Πνεύματος,

351 2421 468 2477 insi
519 2443 578 2496 γε
626 2423 762 2492 αὑτὴ
809 2424 926 2477 καθ’
969 2425 1160 2492 ἑαυτήν
1195 2426 1228 2494 ἡ
1281 2423 1395 2478 θεία
1444 2425 1600 2502 φύσις
1634 2421 1758 2479 οὕτε
1804 2425 2002 2498 προτέ-

347 2533 544 2566 τακται
603 2509 728 2566 οὔτε
798 2513 1171 2584 ὑποτέτακται,
1241 2511 1386 2567 ἀλλὰ
1439 2514 1528 2568 καὶ
1601 2515 1778 2584 πάσης
1839 2515 2001 2590 ὑπερ-

356 2599 568 2674 ίδρυται
619 2601 708 2655 καὶ
753 2601 1102 2675 ἀριθμήσεως
1151 2601 1244 2656 καὶ
1298 2599 1599 2675 μοναδικῆς
1648 2602 2001 2674 ἐπινοῆσεως,

351 2689 510 2764 εἶ’περ
541 2690 630 2744 καὶ
663 2691 690 2744 ὁ
740 2691 972 2766 ἀριθμὸς
1010 2691 1099 2744 καὶ
1131 2693 1164 2760 ἡ
1219 2691 1382 2762 μονὰς
1421 2693 1544 2767 περὶ
1597 2691 1805 2760 ούσίαν,
1835 2693 1897 2748 τὸ
1949 2689 2006 2746 δὲ

350 2782 498 2834 θεῖον
547 2779 884 2854 ὑπερούσιον.
918 2783 1120 2854 ’Ὠσπερ
1173 2779 1264 2834 οὗν
1316 2781 1376 2835 τὸ
1419 2785 1570 2836 Θεῖον
1616 2783 1682 2836 τὰ
1728 2782 1778 2836 ἐν
1819 2781 2005 2856 χρόνῳ

349 2870 529 2922 xiv-ra
575 2870 826 2943 ἂχρὸνως
874 2868 1148 2924 ἐπίσταται
1182 2869 1271 2924 καί
1324 2869 1629 2944 ἆμερίστως
1663 2873 1728 2926 τὰ
1781 2871 2004 2945 μεριστὰ

351 2959 440 3012 καὶ
478 2957 784 3034 ἀρῥεύστως
829 2960 896 3013 τὰ
935 2957 1148 3032 ῥέοντα,
1200 2961 1327 3032 [605
1368 2962 1460 3032 Β..]
1509 2959 1652 3013 οὕτω
1696 2965 1838 3014 πᾶσα
1885 2981 2002 3035 γεν·

347 3049 492 3118 νητὴ
557 3048 712 3125 φύσις
759 3047 850 3102 καὶ
895 3049 957 3102 τὸ
1009 3049 1345 3123 ὑπέρχρονον
1405 3047 1456 3102 έν
1504 3049 1692 3124 χρόνῳ
1743 3055 1876 3120 νοεῖ,
1913 3051 2003 3104 καὶ

355 3137 773 3210 μεμερισμένοις
829 3137 891 3192 τὸ
950 3137 1262 3211 ἀμέριστον,
1313 3137 1402 3192 καὶ
1451 3139 1512 3193 τὸ
1565 3136 1860 3216 ἄφθεγκτον
1917 3137 2004 3194 διὰ

353 3227 656 3304 συντρόνρου
723 3228 907 3304 φωνῆς
993 3226 1221 3300 ὀνόμασι
1307 3225 1841 3306 διαμεμορφιυμένης
1915 3230 2005 3283 καὶ

351 3315 615 3390 ῥήμασιν.

429 3495 560 3552 Εἶτα
621 3493 812 3572 ἐφεξῆς
878 3493 1132 3566 ἐξετάζει,
1191 3497 1356 3558 Τίνος
1412 3493 1589 3551 ἕνεκεν
1647 3497 1674 3551 ὁ
1737 3498 1829 3570 μὲν
1887 3497 2007 3559 Υἱὸς

355 3585 496 3639 κατᾶ
595 3585 694 3653 τῆν
802 3585 1107 3662 έκφώνησιν
1235 3587 1397 3658 μέσος
1499 3583 2005 3662 παραλαμϐάνεται,

353 3673 494 3748 ἄκρα
545 3671 602 3729 δὲ
648 3675 675 3728 ὁ
725 3677 910 3750 Πατὴρ
959 3675 1048 3730 καὶ
1103 3675 1164 3731 τὸ
1217 3681 1438 3749 Πνεῦμα
1483 3677 1544 3732 τὸ
1591 3679 1746 3752 ἅγιον
1779 3679 1842 3734 ³³.
1903 3678 2003 3734 Καὶ

353 3785 517 3842 φησιν
560 3764 634 3826 ὡς
687 3761 874 3834 ἐπειδὴ
911 3761 1261 3836 δικάιοσυνης
1315 3767 1472 3842 ζυγὸς
1527 3765 1803 3842 λέγεταιὸ
1855 3767 2006 3834 θεὸς,

352 3853 642 3928 ἀναλόγως
689 3859 767 3926 τῷ
825 3856 950 3928 παρ’
1004 3857 1138 3928 ἡμῖν
1202 3860 1346 3931 ζυγῷ
1401 3857 1490 3910 καὶ
1548 3859 1582 3926 ἡ
1657 3855 1708 3911 ἐν
1761 3861 1829 3930 τῇ
1893 3857 2008 3929 θείᾳ

352 3945 510 4022 φύσει
559 3945 706 4016 τάξις
765 3943 1106 4015 ἐπινενόηται
1158 3943 1296 4000 ὥστε
1345 3945 1438 4001 τὸν
1497 3946 1620 4000 Υἰὸν
1676 3947 1776 4016 τὴν
1839 3947 2005 4020 μέσην

352 4035 548 4110 χώραν
606 4031 1024 4104 ἂναπληροῦντα
1089 4035 1188 4105 τὴν
1246 4035 1410 4110 ἄκραν
1471 4034 1694 4106 ἷσότητα
1753 4035 1888 4109 πρὸς
1944 4036 2010 4090 τᾶ

353 4121 494 4195 ἄκρα
527 4127 810 4196 συντηρεῖν
857 4141 869 4156 ·
925 4123 1088 4184 αὐτὸς
1134 4123 1242 4197 γὰρ
1288 4125 1386 4194 τήν
1427 4145 1486 4178 τε
1532 4125 1650 4178 κατ’
1693 4123 1868 4198 ἀρχὰς
1919 4121 2011 4195 δη-

359 4211 652 4286 μιουργίαν
709 4211 799 4265 καὶ
857 4213 955 4280 τὴν
1025 4213 1246 4290 ὕστερον
1301 4217 1397 4267 τοῦ
1468 4212 1658 4288 γένους
1713 4213 2009 4269 ἀνάπλασιν

355 4302 742 4376 ἀπειργάσατο.
795 4303 898 4359 Καὶ
943 4303 1006 4358 τὸ
1063 4302 1412 4379 παράδειγμα
1463 4303 1520 4359 δὲ
1574 4309 1674 4359 τοῦ
1733 4309 1898 4380 ζυγοῦ
1945 4306 2006 4360 τὸ

356 4388 652 4466 ἷσὸῤῥοπόν
709 4412 768 4446 τε
825 4391 916 4446 καὶ
985 4389 1310 4466 ἷσοδύναμον
1386 4401 1486 4463 τῆς
1559 4391 2008 4470 ἀπειροδυνάμου

802 3585 1107 3664 ἐκφώνησιν

353 4477 592 4554 Τριάδος
622 4479 933 4550 αἰνίττεται,
981 4479 1254 4554 μηδεμιᾶς
1295 4487 1404 4537 τῶν
1448 4487 1613 4557 τριῶν
1663 4484 2006 4540 ὑποστάσεων
2037 4505 2083 4570 D

353 4567 764 4648 ἀναφερομένης
821 4571 882 4625 τὸ
948 4569 1114 4626 πλέον
1172 4573 1208 4642 ἢ
1266 4574 1401 4648 πρὸς
1465 4573 1562 4642 τὴν
1621 4574 1768 4628 κάτω
1829 4573 2004 4648 ῥοπὴν

351 4656 784 4728 ἀποκλινούσης,
827 4657 953 4714 ἀλλ’
1005 4661 1056 4714 ἐν
1096 4664 1176 4732 τῷ
1225 4659 1328 4734 ἶ’σῳ
1367 4683 1426 4716 τε
1473 4663 1560 4716 καὶ
1615 4661 1872 4736 δμοτίμῳ
1920 4669 2010 4722 καὶ

355 4745 642 4825 eameam.
671 4755 770 4818 τῆς
805 4746 964 4820 δόξης
1002 4751 1094 4804 καὶ
1131 4757 1234 4820 τῆς
1285 4751 1470 4816 οὐσίας
1509 4752 2012 4828 ζυγοστατουμένης

351 4857 410 4892 τε
439 4837 530 4892 καὶ
563 4836 1000 4916 θεολογουμένης
1037 4860 1049 4872 ·
1082 4837 1132 4910 ἐξ
1183 4840 1244 4894 οὗ
1284 4840 1372 4894 καὶ
1405 4839 1456 4894 ἐν
1507 4847 1624 4904 τοῖς
1662 4849 1940 4917 γεννητοῖς

355 4927 548 4998 ἰσότης
581 4927 788 4985 δίδοται
834 4929 923 4984 καὶ
973 4931 1034 4984 τὸ
1085 4927 1292 4984 δίκαιον
1337 4930 1732 4988 ταλαντεύεται.
1773 4936 2010 4990 Τοιαῦτα

355 5017 454 5090 μὲν
489 5017 582 5072 ούν
631 5019 782 5090 αὐτῷ
826 5019 961 5074 κατά
1008 5039 1064 5072 τε
1103 5020 1164 5074 τὸ
1213 5021 1300 5094 κβ’
1349 5020 1640 5099 κεφάλαιον
1681 5027 1778 5078 τοῦ
1826 5026 1867 5086 ς’
1917 5025 2009 5096 βι-

351 5099 518 5161 ϐλίου
543 5107 633 5162 καὶ
661 5109 724 5162 τὸ
751 5109 799 5182 γ’
829 5109 919 5164 καὶ
949 5111 996 5164 κ’
1027 5097 1433 5190 συνυφαίνεταιξ
1687 5097 1692 5102 Ι

426 5197 580 5252 Μετᾶ
635 5200 798 5252 τοῦτο
857 5195 914 5254 δέ
973 5221 1138 5280 φησιν
1180 5199 1481 5278 ἀναλογίαν
1537 5203 1660 5258 τινὰ
1717 5199 2002 5271 διασώζειν

426 5327 512 5383 ⁵³1
543 5331 668 5384 Cor.
701 5345 828 5397 xm,
859 5331 894 5384 9
923 5333 980 5386 et
1011 5331 1096 5387 10.
1127 5333 1172 5368 ⁵⁸
1201 5331 1410 5388 Matth.
1442 5350 1644 5406 xxvm,
1675 5335 1764 5388 29.

2109 1979 2470 2051 loquendum
2503 1981 2828 2050 proferatur
2859 1981 3262 2048 Pater,deinde
3293 1982 3493 2048 Filius,
3526 1998 3594 2038 ac
3623 1986 3756 2055 post

2109 2067 2266 2124 hunc
2291 2069 2540 2139 Spiritus
2555 2071 3328 2134 sanctus.Quemadmodum
3349 2070 3753 2126 alicubietiam

2108 2157 2234 2229 ipse
2265 2158 2568 2226 Dominus,
2589 2175 2692 2215 nos
2725 2159 3044 2226 instruens,
3070 2159 3376 2230 discipulis
3405 2159 3484 2214 ait
3513 2176 3526 2214 :
3551 2161 3754 2214 Euntes

2108 2249 2289 2304 docete
2345 2263 2529 2304 omnes
2575 2257 2779 2320 gentes,
2839 2249 3090 2316 190(a)
3143 2249 3478 2320 baptizantes
3535 2264 3644 2318 eos,
3697 2249 3755 2303 in

2109 2335 2334 2392 nomine
2383 2337 2588 2406 Patris,
2630 2341 2678 2392 et
2719 2337 2874 2405 Filii,
2903 2342 2954 2393 et
3001 2337 3240 2408 Spiritus
3287 2338 3465 2393 sancti
3505 2337 3574 2391 εἰ.
3609 2337 3758 2401 Quo-

2111 2427 2266 2482 niam
2297 2427 2421 2498 ipsa
2451 2427 2774 2482 secundum
2800 2443 2862 2482 se
2901 2427 3094 2481 divina
3129 2433 3358 2494 natura,
3391 2442 3574 2498 neque
3607 2443 3751 2498 pras-

2112 2516 2270 2588 poni,
2305 2533 2492 2588 neque
2547 2516 2760 2586 subjici
2811 2524 2944 2588 apta
2992 2519 3100 2586 est,
3134 2517 3234 2571 sed
3295 2533 3471 2586 supra
3519 2532 3753 2572 omnem

2113 2611 2230 2660 tam
2281 2605 2529 2674 numeri,
2561 2621 2738 2677 quam
2779 2605 3200 2676 singularitatis
3245 2605 3538 2660 notionem
3583 2604 3761 2660 collo-

2113 2699 2298 2750 catur.
2340 2695 2624 2750 Numerus
2655 2693 2970 2766 siquidem,
3003 2697 3060 2748 et
3091 2694 3284 2749 unitas
3333 2693 3404 2748 de
3435 2691 3763 2748 substantia

2113 2785 2392 2839 dicuntur
2425 2801 2436 2838 :
2463 2783 2732 2839 divinitas
2756 2797 2886 2839 vero
2917 2783 3315 2838 substantiam
3349 2787 3586 2853 superat
3618 2782 3758 2836 uni-

2111 2888 2356 2928 versam.
2391 2873 2892 2936 Quemadmodum
2924 2871 3103 2944 igitur
3137 2873 3287 2927 Deus
3319 2871 3663 2943 omniaquae
3697 2871 3756 2926 in

2111 2967 2370 3032 tempore
2400 2961 2708 3028 exsistunt,
2743 2961 2868 3016 sine
2893 2969 3146 3033 Iempore
3177 2961 3498 3034 cognoscit,
3523 2969 3573 3015 et
3597 2959 3759 3014 indi-

2113 3053 2254 3116 vise,
2303 3067 2427 3121 quis
2471 3051 2803 3117 divisibilia,
2829 3057 2890 3106 ut
2939 3053 2995 3106 et
3028 3050 3199 3120 ﬂuxa,
3234 3049 3361 3105 sine
3402 3048 3520 3104 ullo
3555 3049 3708 3104 [luxu
3745 3064 3758 3102 :

2117 3141 2201 3196 sic
2232 3141 2425 3196 omnis
2458 3145 2648 3196 creata
2689 3145 2920 3208 natura,
2955 3141 3011 3194 id
3059 3139 3214 3210 quod
3255 3146 3486 3210 tempus
3518 3137 3760 3204 excedit,

2117 3231 2176 3285 in
2227 3235 2484 3302 tempore
2536 3228 2855 3301 cognoscit,
2890 3233 2948 3284 et
2985 3228 3192 3294 divise,
3229 3228 3382 3298 quod
3435 3226 3614 3282 dividi
3647 3242 3762 3281 non

2117 3323 2326 3391 potest,
2348 3319 2620 3391 quodque
2649 3317 2942 3374 ineffabile
2971 3321 3079 3388 est,
3113 3333 3211 3388 per
3242 3321 3550 3388 cognatam
3576 3315 3764 3371 nomi-

2116 3408 2406 3480 nibusque
2439 3415 2491 3463 et
2520 3407 2711 3463 verbis
2742 3407 3092 3462 etl'ormatam
3121 3421 3344 3462 vocem.

2185 3499 2276 3554 23.
2313 3497 2526 3562 Quaerit
2575 3496 2874 3566 deinceps,
2909 3495 3020 3550 Cur
3067 3495 3263 3562 Filius,
3293 3512 3417 3550 cum
3459 3494 3760 3566 loquimur,

2115 3588 2328 3644 medius
2355 3595 2686 3656 assumatur,
2711 3588 3079 3657 extremisque
3121 3583 3256 3642 locis
3297 3587 3463 3641 Pater
3490 3591 3541 3642 et
3577 3585 3765 3656 Spiri-

2115 3681 2200 3733 tus
2228 3681 2497 3734 sanctus?
2535 3675 2870 3746 Respondet
2902 3691 2915 3728 :
2950 3675 3234 3738 Quoniam
3267 3673 3512 3744 justitiae
3542 3673 3764 3729 trutina

2117 3768 2331 3824 dicitur
2385 3767 2561 3834 Deus,
2622 3763 2992 3835 proportione
3047 3763 3298 3834 quadam
3353 3778 3486 3816 cum
3542 3761 3762 3816 trutina

2119 3861 2338 3920 nostra,
2359 3855 2486 3910 ideo
2510 3869 2739 3926 quoque
2762 3853 2820 3907 in
2845 3855 3052 3907 natura
3081 3851 3275 3907 divina
3297 3849 3438 3906 ordo
3469 3849 3765 3918 ejusmodi

2117 3945 2475 4018 excogitatus
2507 3949 2616 4008 est,
2649 3951 2710 3997 ut
2740 3941 3140 4009 Filius,medio
3163 3945 3438 4010 occupato
3463 3940 3606 4006 loco,
3631 3955 3766 3994 exa-

2119 4041 2269 4092 ctam
2304 4033 2690 4103 aequalilatem
2721 4047 2855 4086 cum
2887 4029 3158 4086 extremis
3191 4033 3402 4084 teneat.
3441 4031 3567 4099 Ipse
3609 4029 3765 4084 enim

2119 4133 2170 4181 et
2201 4143 2230 4178 ιι
2263 4121 2546 4196 principio
2566 4121 3012 4190 creationem,et
3042 4120 3112 4174 ad
3147 4125 3504 4190 postremum
3536 4117 3764 4189 generis

2119 4212 2350 4286 [nostri]
2388 4210 2868 4267 instaurationem
2917 4207 3177 4280 perfecit.
3212 4207 3360 4270 Quin
3409 4207 3588 4262 etiam
3637 4210 3767 4260 tru-

2117 4303 2253 4358 tina:
2295 4298 2650 4370 exemplum,
2687 4297 2914 4354 inﬁnite
2963 4297 3214 4369 potentis
3245 4295 3548 4350 Trinitatis
3578 4310 3769 4366 aequa-

2119 4392 2231 4448 lem
2267 4391 2498 4447 omnino
2531 4405 2596 4446 ac
2627 4405 2824 4462 parem
2860 4391 3206 4460 potestatem
3251 4385 3602 4455 subindicat,
3634 4400 3767 4440 cum

2119 4481 2279 4538 nulla
2319 4481 2499 4536 trium
2542 4494 2946 4552 personarum,
2971 4477 3058 4534 vel
3099 4475 3232 4548 plus
3265 4475 3446 4531 altera
3476 4477 3765 4544 assurgat,

2118 4573 2210 4628 vel
2242 4573 2312 4628 ad
2345 4571 2460 4626 ima
2491 4571 2676 4641 magis
2697 4573 2912 4639 vergat,
2935 4569 3035 4624 sed
3055 4568 3114 4624 in
3141 4567 3351 4638 aequali
3383 4570 3442 4622 et
3473 4566 3618 4637 pari,
3641 4563 3771 4619 nul-

2123 4661 2296 4734 loque
2325 4661 2500 4716 modo
2522 4658 2822 4714 diﬂ‘erente
2861 4655 3042 4728 gloria
3071 4662 3122 4712 et
3145 4655 3398 4712 essentia
3429 4654 3767 4718 trutinatur,

2124 4769 2189 4808 ac
2233 4749 2555 4820 theologica
2586 4747 2968 4818 expendatur.
3003 4745 3166 4801 Unde
3198 4749 3256 4801 et
3294 4745 3354 4800 in
3387 4744 3560 4800 rebus
3593 4757 3763 4812 gene-

2122 4841 2264 4896 ratis
2297 4837 2599 4912 mqualitas
2634 4837 2822 4906 datur,
2855 4839 2912 4891 et
2935 4835 3168 4905 justum
3203 4833 3378 4904 aequis
3411 4831 3764 4903 ponderibus

2122 4930 2387 4985 libratur.
2420 4928 2552 4984 Haec
2581 4927 2698 4982 fere
2729 4927 2791 4981 in
2819 4923 3092 4980 vicesimo
3122 4922 3376 4980 secundo
3399 4920 3586 4990 capite
3618 4917 3764 4974 sexti

2121 5019 2274 5088 libri,
2309 5021 2566 5089 itemque
2595 5015 2869 5072 vicesimo
2899 5014 3074 5071 tertio
3105 5013 3178 5070 ab
3222 5027 3288 5068 eo
3321 5013 3726 5066 contexuntur.

2188 5201 2280 5270 24,
2309 5201 2400 5257 25.
2435 5200 2571 5256 Post
2626 5199 2748 5255 hac
2799 5196 3130 5268 analogiam
3181 5193 3499 5265 quamdam
3548 5188 3764 5247 servari

1702 5443 1946 5500 γΑῆῐῶ
1986 5440 2402 5500 LECTIONES.

424 5549 470 5586 ³⁸
499 5543 560 5604 ἐκ
592 5571 650 5622 μ.
686 5553 812 5610 Cor.
845 5569 972 5622 xm,
1003 5553 1058 5610 9.

1139 5553 1186 5590 ³⁷
1223 5555 1446 5628 πορευθ.
1478 5554 1709 5628 [Μαιιιι.
1740 5570 1942 5624 xxvm,
1969 5553 2062 5610 29.
2139 5552 2188 5588 ³⁸
2215 5551 2278 5606 τὸ
2310 5549 2400 5628 ἃγ.
2443 5565 2590 5607 corr.
2619 5551 2663 5604 A
2697 5565 2710 5606 :
2742 5567 2798 5602 τε
2839 5543 2904 5621 ’ἀγ
2935 5544 3017 5618 ς·-

1943 5673 2175 5730 NOTAE.

423 5761 546 5833 (47)
580 5759 720 5834 Cap.
755 5763 842 5834 13,
875 5763 976 5821 lib.
1011 5765 1090 5822 De
1117 5763 1308 5822 divin.
1341 5767 1680 5826 nominibus.
