4116 6224
475 349 590 408 767

1683 342 1947 406 PHOTII
1990 342 2512 406 PATBIARCHE
2555 347 2673 408 ΟΡ.

3754 349 3880 407 ’168

479 478 685 534 asserit
705 494 739 534 a
769 475 986 547 duplici
1007 475 1108 530 illa
1130 475 1434 542 Trinitate,
1458 494 1584 547 qua:
1604 477 1659 531 in
1685 475 1790 530 alis
1813 473 2114 547 Seraphim

2228 475 2325 542 τήν
2359 476 2406 510 ²⁹
2463 475 2513 529 ἐν
2571 481 2688 537 ταίς
2750 476 2967 550 πτέρυξι
3022 481 3128 530 τῶν
3188 474 3438 552 Σεραφὶμ
3495 477 3884 550 θεωρουμένην

480 567 885 622 consideratur
920 564 983 618 ⁸⁸.
1009 565 1078 618 Ει
1117 564 1374 620 medium
1399 566 1633 635 quidem
1682 564 1843 620 Patri
1887 580 2124 634 respon-

479 655 634 720 dere,
668 658 922 708 extrema
951 668 1086 709 vero
1137 651 1302 717 Filio,
1337 670 1401 708 ac
1452 653 1694 725 Spiritui
1746 651 2124 708 sancto.Tri-

477 743 687 814 plicem
738 759 967 813 quoque
1007 741 1170 797 illam
1202 747 1258 798 et
1302 744 1542 799 omnino
1581 743 1925 799 invariatam
1972 741 2027 797 in
2063 757 2125 796 se

476 831 635 886 vocis
683 831 913 886 Sanctus
963 830 1469 900 exclamationem,
1513 832 1689 888 trium
1741 847 2122 904 personarum

479 920 1040 988 immutabilitatem,
1077 922 1265 992 quoad
1326 922 1666 991 essentiam,
1696 921 2011 993 potentiam
2071 927 2126 974 et

478 1009 814 1066 facultatem
847 1010 1240 1066 subindicare.
1274 1009 1426 1072 Quin
1459 1015 1516 1066 et
1543 1010 1774 1065 illorum
1796 1009 1969 1064 trium
1996 1025 2126 1063 con-

480 1098 1042 1154 substantialitatem
1086 1102 1260 1170 atque
1294 1098 1572 1155 unitatem
1605 1096 1758 1153 velut
1787 1096 1978 1168 sigillo
2011 1096 2123 1151 ob-

476 1188 690 1260 signari
723 1205 789 1244 ac
849 1188 1132 1260 coaptari,
1167 1189 1308 1244 dum
1357 1205 1540 1244 unum
1601 1188 1879 1244 duntaxat
1927 1190 2126 1258 postea

475 1279 604 1350 [per
632 1279 855 1349 vocem]
905 1279 1170 1334 Dominus
1225 1277 1527 1335 inducitur
1583 1285 1636 1333 et
1680 1277 1952 1333 inferlur.
1991 1275 2124 1331 Ala-

476 1385 605 1423 rum
649 1369 787 1424 item
834 1368 1313 1440 geminationem,
1356 1368 1686 1440 significare
1734 1367 2125 1440 cognitionem

472 1456 634 1513 illam
683 1473 941 1525 omnem,
984 1475 1112 1529 quae
1164 1474 1265 1529 per
1297 1458 1401 1514 hos
1434 1458 1492 1513 in
1531 1456 1798 1513 homines
1840 1457 2130 1513 derivatur

474 1547 609 1616 (etsi
643 1563 740 1617 per
770 1547 1190 1603 immateriales
1213 1547 1456 1620 spiritus
1485 1546 2127 1616 subministretur),non

475 1636 827 1706 simplicem,
881 1638 980 1692 sed
1037 1639 1397 1693 materiatam
1449 1637 1716 1692 deferri:
1779 1652 1843 1692 ex
1905 1635 2123 1692 nostris

474 1724 756 1779 nimirum
781 1726 985 1797 ﬁguris
1007 1743 1070 1781 ac
1103 1726 1328 1796 formis,
1345 1725 1503 1782 velut
1524 1727 1913 1796 compositum
1937 1725 2121 1796 quod-

2229 559 2432 632 διπλῆν
2467 562 2691 637 Τριάδα,
2736 565 2825 620 καὶ
2865 565 2928 619 τὸ
2963 565 3056 638 μὲν
3104 564 3265 636 μέσον
3311 563 3605 639 ἀναλογεῖν
3656 572 3744 638 τῷ
3778 572 3888 621 Πα-

2296 653 2310 672 \
2411 654 2424 671 λ
2498 656 2510 676 ν
2563 654 2587 672 Ἰ
2760 661 2786 670 ιιι-
2871 663 2888 675 ιι
2929 655 2954 674 ν
3072 655 3083 668 ⁸
3178 659 3203 669 ⁸⁸
3386 654 3398 674 Ι
3721 657 3734 673 \
3834 658 3848 674 \

2226 673 2334 724 τρι,
2367 651 2490 708 ταδ
2555 677 2693 728 ακρα
2721 677 2801 727 τῳ
2849 656 2960 727 ὶὶῳ
2999 676 3086 708 και
3136 676 3215 726 τῳ
3268 660 3538 727 Πνευματι
3575 675 3588 686 ·
3644 677 3737 710 και
3789 678 3884 724 την

2228 740 2512 816 τριαδικὴν
2562 747 2659 813 τῆς
2723 746 3017 822 ἁγιότητος
3085 742 3388 821 ἐκφώνησιν
3459 743 3884 818 ἀπαράλλακτον

2231 828 2391 884 οὖσαν
2451 832 2627 899 πάντη
2692 833 2832 905 πρὸς
2904 832 3100 900 ἑαυτὴν
3156 833 3218 885 τὺ
3276 831 3708 907 ἀπαράλλακτον
3767 836 3882 888 κατ’

2231 918 2416 973 οὐσίαν
2447 921 2535 974 καὶ
2587 919 2813 994 δύναμιν
2843 921 2931 975 καὶ
2973 919 3214 993 ἐξουσίαν
3244 925 3350 975 τῶν
3395 926 3559 996 τριῶν
3615 922 3884 997 αἶνιγμα-

2227 1008 2393 1076 τίζειν
2454 1012 2581 1080 [315
2632 1013 2720 1083 [1.]
2781 1008 3148 1066 ὑποστάσεων.
3194 1011 3294 1066 Καὶ
3353 1009 3767 1087 ἐπισφραγίζειν
3827 1009 3883 1066 δὲ

2230 1098 2319 1152 καὶ
2387 1097 2761 1154 ἐπισυνάπτειν
2847 1101 2909 1155 τὸ
2987 1100 3278 1172 ὁμοούσιον
3347 1101 3435 1154 καὶ
3504 1101 3703 1155 ὲνιαῖον
3778 1105 3880 1155 τῶν

2229 1191 2394 1259 τριῶν
2423 1189 2520 1256 την
2573 1186 2863 1263 ἐπαγωγην
2893 1188 2984 1242 καὶ
3035 1187 3296 1266 ἐπιφορὰν
3343 1193 3439 1243 τοῦ
3488 1189 3608 1250 ἑνὸς
3655 1191 3882 1264 Κύριος.

2234 1277 2456 1346 Δηλοῦν
2489 1277 2546 1333 δὲ
2595 1278 2824 1334 καὶτῶν
2875 1284 3085 1353 πτερῶν
3131 1279 3230 1348 τὴν
3273 1277 3507 1349 διπλόην
3559 1285 3738 1334 πᾶσαν
3791 1282 3882 1348 τήν

2235 1367 2308 1430 εἷς
2366 1371 2514 1442 ἡμᾶς
2574 1367 2643 1424 δι’
2701 1371 2879 1425 αὐτῶν
2938 1373 3225 1424 κατιοῦσαν
3269 1375 3494 1446 γνῶσιν,
3547 1371 3592 1425 εἰ
3653 1372 3749 1425 καὶ
3802 1368 3888 1424 διὰ

2231 1462 2339 1512 τῶν
2373 1457 2552 1513 ἀὺλων
2606 1455 2930 1514 διακονεῖται
2979 1461 3325 1531 πνευμὰτων,
3360 1461 3472 1538 οὐχ
3525 1458 3711 1525 ἁπλῆν
3763 1459 3889 1514 ἀλλ’

2240 1544 2434 1614 ὑλικήν
2493 1547 2750 1616 κατιέναι,
2783 1545 2842 1602 ἐκ
2895 1551 3002 1603 τῶν
3057 1549 3176 1602 καθ’
3234 1550 3381 1620 ἡμᾶς
3439 1547 3626 1604 τύπων
3683 1569 3746 1603 τε
3797 1549 3886 1602 καὶ

2233 1637 2536 1712 σχημάτων
2595 1643 2711 1700 τοῖς
2771 1638 3047 1699 συνθέτοις
3108 1637 3361 1693 σύνθετον
3441 1635 3833 1711 ἁρμοζομένην
3870 1657 3883 1670 ⁸

2535 1724 2576 1744 1“

2234 1724 2462 1781 διπλοῦν
2532 1724 2588 1781 δέ
2647 1727 2708 1782 τὸ
2767 1725 2955 1781 ὓλικὸν
3017 1727 3176 1796 ἅπαν,
3238 1725 3287 1796 ἐξ
3338 1727 3477 1797 ὕλης
3529 1727 3884 1800 συγκεῖμενον

473 1814 627 1883 dam,
663 1815 1000 1886 compositis
1041 1817 1395 1888 adaptatam,
1429 1831 1563 1871 cum
1598 1815 1808 1886 duplex
1833 1814 1911 1869 sit
1944 1818 2118 1869 mate-

2231 1815 2321 1871 καὶ
2391 1813 2586 1878 ε’ἶδους.
2646 1821 2767 1870 Ἔτι
2827 1813 2883 1871 δὲ
2940 1815 3029 1870 καὶ
3104 1817 3199 1878 τὰς
3259 1815 3448 1890 νοεράς
3509 1813 3770 1888 δυνάμεις
3837 1813 3886 1887 ἐξ

473 1902 686 1958 riatum
717 1920 909 1970 omne,
935 1920 1003 1959 ex
1025 1905 1260 1960 materia
1291 1905 1605 1959 conﬂatum
1630 1911 1683 1958 et
1707 1905 1906 1958 forma.
1933 1902 2124 1965 Quan-

475 2007 650 2062 quam
676 1996 731 2047 et
761 1993 1013 2063 190(b)
1049 1992 1448 2065 intelligibiles
1472 1996 1800 2064 potestates,
1827 2008 1894 2047 ex
1916 1993 2124 2046 sancti-

476 2079 746 2136 ﬁcatione
776 2085 832 2135 et
871 2081 1394 2153 substantia,quod
1429 2080 1759 2153 duplicibus
1786 2081 1893 2134 alis
1938 2079 2118 2151 signi-

480 2168 705 2234 ﬁcetur,
740 2169 978 2224 conflari
1027 2169 1246 2225 volunt.
1282 2171 1515 2226 Certum
1549 2186 1681 2225 vero
1725 2169 1874 2240 quod
1914 2169 2121 2223 horum

477 2257 748 2326 cognitio,
784 2258 1208 2328 perfectissima
1239 2257 1354 2326 illa,
1389 2266 1442 2314 et
1474 2274 1599 2329 quae
1637 2275 1867 2314 omnem
1917 2257 2123 2328 cogni-

479 2343 654 2399 tionis
687 2345 1119 2417 simplicitatem
1174 2351 1430 2419 superat,
1467 2351 1532 2402 ut
1563 2365 1692 2418 quae
1723 2347 1828 2404 soli
1860 2347 2120 2402 creatrici

479 2433 753 2489 Trinitati
805 2435 1149 2505 ascribatur,
1208 2437 1446 2493 inferior
1501 2442 1673 2509 atque
1730 2437 2123 2508 imperfectior

473 2522 778 2591 exsisteus,
835 2539 947 2580 non
979 2526 1053 2580 ab
1110 2526 1270 2582 omni
1326 2526 1404 2582 sit
1453 2527 1871 2598 compositione
1917 2527 2118 2582 libera.

471 2615 555 2669 Ad
597 2614 714 2670 haec
746 2633 943 2673 vocem
996 2621 1243 2674 Sanctus
1274 2619 1401 2674 sine
1454 2619 1578 2674 ulla
1617 2619 2121 2692 coagmentatione

473 2704 776 2776 prolatam,
814 2710 869 2762 et
896 2706 1058 2764 nullo
1096 2709 1332 2764 omnino
1352 2707 1463 2764 alio
1511 2709 1900 2765 intercedente
1922 2725 2122 2780 provo-

475 2794 704 2864 cabulo,
736 2795 995 2853 indicare
1043 2797 1395 2870 simplicem,
1426 2798 1668 2854 minime
1706 2801 2117 2870 compositum,

476 2883 849 2941 excellentem
867 2904 930 2942 ac
945 2903 1109 2943 sacro
1124 2893 1392 2944 sanctum
1409 2887 1613 2943 divinae
1631 2891 1846 2943 natura:
1875 2891 2091 2943 statum
2104 2928 2117 2954 ,

475 2987 611 3027 cum
644 2973 806 3029 omni
843 2973 959 3030 alia
1008 2980 1218 3032 natura
1247 2980 1303 3030 et
1334 2976 1718 3033 subsistentia
1748 2980 2119 3047 comparata.

475 3058 625 3116 Illud
661 3077 789 3117 vero
820 3061 1068 3118 Sanctus
1100 3068 1452 3129 sanctorum,
1486 3063 1772 3135 ejusmodi
1794 3064 2123 3135 significare

2235 1905 2506 1977 ἁγιασμοῦ
2561 1903 2651 1957 καὶ
2709 1902 2916 1973 οὐσίας,
2975 1904 3002 1957 ὃ
3062 1904 3124 1957 τὸ
3183 1902 3362 1958 διττὸν
3424 1903 3721 1957 αἰνίττεται
3781 1907 3886 1956 τῶν

2232 1993 2538 2067 πτερύγων,
2595 1994 2906 2066 συγκεῖσθαι
2964 2013 3088 2070 φασι
3124 2011 3135 2025 ·
3202 1989 3372 2062 δῆλον
3403 1989 3487 2046 -δὶ
3555 1993 3630 2054 ὡς
3698 1992 3794 2045 καί
3853 1993 3885 2058 ἡ

2230 2081 2436 2135 τούτων
2493 2085 2696 2156 γνῶσις
2755 2088 2855 2150 τῆς
2914 2080 3210 2143 ὁὶεοτελοῦς
3267 2083 3356 2135 καὶ
3421 2081 3551 2154 ὑπὲρ
3599 2079 3920 2148 ἁπλότητα

2230 2169 2506 2242 γνώσεως,
2564 2168 2687 2238 ἥτις
2751 2170 2892 2242 μόνῇ
2941 2174 3010 2243 τῇ
3079 2166 3450 2243 δημιουργικῇ
3508 2167 3705 2243 Τριάδι
3785 2170 3890 2244 ἀφ-

2231 2258 2478 2332 ώρισται,
2512 2257 2884 2330 ἐλαττουμένη
2920 2257 3009 2311 καὶ
3058 2259 3120 2312 τὸ
3152 2257 3336 2319 ἀτελὲς
3387 2256 3590 2333 ἔχουσα
3639 2257 3743 2311 οὐκ
3805 2255 3886 2325 εἴη

2232 2348 2407 2416 πάσης
2439 2345 2676 2416 διπλόης
2719 2349 2780 2402 τὸ
2812 2345 3089 2421 ἐλεύθερον
3142 2341 3364 2422 ἔχουσα.
3419 2345 3786 2421 Παραδηλοῦν
3836 2343 3888 2399 δέ

2232 2435 2319 2489 καὶ
2380 2434 2543 2504 αὐτὴν
2596 2437 2642 2471 3°
2716 2437 2815 2505 τήν
2894 2437 3049 2510 ἅγιος
3135 2437 3339 2515 φωνην,
3408 2433 3528 2489 ἄνευ
3608 2436 3884 2505 συνθήκης

2231 2526 2612 2602 προαγομένην
2642 2525 2731 2580 καὶ
2775 2521 2916 2598 μηδὲ
2951 2520 3385 2598 μεσολαϐοὖντος
3416 2520 3602 2598 ἑτέρου
3635 2525 3881 2600 προσρή-

2235 2636 2423 2688 ματος,
2457 2615 2519 2670 τὸ
2566 2614 2772 2670 ἁπλοῦν
2822 2614 2912 2669 καὶ
2965 2615 3247 2669 ἀσύνθετον
3279 2615 3366 2668 καὶ
3415 2614 3752 2688 ἐξῃρημένον
3802 2613 3888 2667 καὶ

2232 2699 2510 2774 ἀϐέϐηλον
2569 2709 2671 2772 τῆς
2743 2703 2886 2764 θείας
2954 2704 3166 2782 φύσεως
3239 2704 3376 2778 πρὸς
3451 2708 3624 2761 πᾶσαν
3707 2700 3885 2771 ἄλλην

2231 2795 2384 2871 φύσιν
2444 2815 2501 2849 τε
2548 2794 2638 2848 καὶ
2699 2793 2990 2848 ὑπόστασιν
3025 2813 3039 2827 ⁸
3116 2798 3274 2848 τοῦτο
3339 2791 3396 2848 δὲ
3452 2794 3512 2848 τὸ
3569 2794 3740 2866 ἅγιος,
3784 2796 3886 2845 τῶν

2233 2883 2394 2958 ἁγίων
2448 2882 2773 2937 αἰνίττεσθαι
2821 2884 2883 2936 τὸ
2935 2881 3368 2957 ὑπεριδρυμένον
3419 2880 3507 2936 xai
3561 2879 3889 2956 ἀσύγκριτον

2233 2972 2369 3045 πρὸς
2410 2975 2578 3025 πᾶσαν
2609 2969 2788 3041 ἄλλην
2842 2969 3256 3044 ὀνομαζομένην
3289 2971 3546 3044 ἁγιότητα
3575 2988 3588 3000 ·
3637 2969 3730 3022 καί
3778 2971 3883 3042 γὰρ

2231 3060 2321 3115 καὶ
2362 3061 2480 3115 ὅσοι
2514 3058 2602 3114 διὰ
2647 3061 2709 3114 τὸ
2755 3065 2906 3114 Θεῖον
2941 3058 3091 3136 ἅγιοι
3143 3059 3413 3134 λέγονται,
3449 3053 3677 3134 βέϐηλοι
3727 3079 3789 3113 τε
3821 3055 3882 3111 ἂν

473 3148 943 3221 sanctimoniam,
987 3167 1115 3222 quin
1163 3153 1241 3206 sit
1279 3170 1457 3224 supra
1492 3169 1724 3209 omnem
1767 3152 1964 3221 aliam,
1997 3171 2118 3224 qua;

2228 3151 2539 3224 κριθείησαν
2622 3149 2711 3204 καὶ
2788 3149 3079 3222 ἀκάθαρτοι
3166 3143 3655 3222 παραϐαλλόμενοι
3741 3151 3880 3216 Θεῷ,

475 3235 767 3292 nominari
819 3239 1020 3310 possit,
1054 3239 1336 3296 collocata
1390 3259 1403 3295 :
1455 3243 1815 3313 minimeque
1845 3259 1974 3297 cum
2017 3243 2119 3299 illa

476 3326 900 3396 componenda.
937 3329 1230 3398 Quotquot
1267 3330 1424 3383 enim
1465 3330 1536 3384 ob
1578 3329 1834 3384 divinam
1865 3330 2113 3400 gratiam

475 3412 661 3467 sancti
689 3413 990 3482 dicuntur,
1024 3417 1249 3487 profani
1283 3417 1499 3488 alioqui
1533 3422 1707 3488 atque
1745 3418 1962 3490 impuri
1996 3435 2116 3475 me-

474 3499 586 3556 rito
608 3501 860 3571 judicari
909 3509 1143 3574 queant,
1177 3506 1222 3560 si
1254 3521 1389 3562 cum
1423 3511 1534 3562 Deo
1566 3511 2014 3578 componantur.
2048 3509 2117 3564 Ut

475 3597 528 3644 et
560 3606 763 3647 omnes
796 3608 982 3665 reges,
1015 3593 1183 3664 servi,
1217 3599 1272 3650 et
1315 3596 1677 3665 exsislentia,
1710 3615 1822 3653 non
1867 3597 2114 3654 exist-en-

475 3679 574 3750 tia,
591 3683 664 3738 ad
693 3700 826 3739 eum
859 3685 960 3756 qui
992 3701 1188 3743 revera
1218 3687 1448 3743 exsistit
1468 3687 2115 3744 collata.Excellentiam

476 3770 674 3844 igitur,
705 3779 770 3828 ut
816 3773 1036 3832 dictum
1081 3781 1187 3843 est,
1231 3793 1298 3833 ac
1333 3777 1627 3848 singulare
1658 3777 1820 3848 quid,
1855 3787 1907 3834 et
1939 3795 2118 3850 supra

478 3861 711 3934 reliquae
735 3872 1014 3921 creatura:
1052 3868 1336 3923 terminos
1367 3868 1437 3922 de
1467 3867 1579 3923 Deo
1614 3868 1845 3924 nuntiat
1872 3871 2115 3926 verbum

475 3951 620 4007 illud
645 3955 1208 4012 Sanctus.Sanctum
1240 3956 1392 4012 enim
1427 3956 1522 4012 hic
1547 3958 1844 4024 dicas,non
1868 3961 2018 4031 quod
2043 3960 2114 4015 ab

475 4043 632 4098 omni
665 4042 856 4110 sorde,
891 4061 1021 4116 quae
1047 4061 1254 4117 corpus
1286 4049 1390 4102 aut
1420 4046 1672 4103 animam
1703 4047 2114 4121 iuquinat,pu-

476 4145 606 4184 rum
639 4135 726 4185 est
754 4149 767 4198 ;
795 4146 1192 4204 nequaquam.
1225 4133 1501 4197 Quaenam
1534 4135 1688 4191 enim
1714 4135 1810 4191 illa
1830 4137 1931 4192 Dei
1963 4136 2112 4204 laus,

475 4225 574 4272 aut
606 4220 799 4288 potius
849 4223 1140 4291 quomodo
1174 4240 1286 4278 non
1318 4228 1579 4282 extrema
1617 4225 1744 4296 ejus
1775 4225 2114 4296 vituperatio

475 4307 572 4375 sit,
607 4309 656 4361 si
687 4309 744 4363 id
776 4309 1126 4367 laudationis
1157 4314 1281 4368 loco
1315 4319 1644 4385 usurpetur,
1680 4317 1835 4387 quod
1864 4316 2014 4372 Deus
2045 4315 2114 4372 ab

472 4395 877 4454 affectionibus
910 4402 1126 4456 nostris
1157 4401 1304 4456 liber
1333 4403 1625 4458 exsistat?
1648 4405 1754 4460 Sed
1776 4405 2110 4461 distinctam

473 4483 596 4554 [Dei
629 4491 899 4544 naturam
935 4507 1040 4546 vox
1071 4490 1194 4562 illa]
1220 4495 1276 4546 et
1305 4493 1529 4548 caeteris
1560 4494 1835 4550 omnibus
1857 4495 2109 4551 antecel-

471 4573 711 4644 lentem,
757 4580 927 4648 atque
983 4580 1051 4634 ab
1085 4579 1155 4635 iis
1207 4581 1535 4652 sejunctam
1586 4582 1880 4654 praedicat.
1913 4584 2109 4656 Neque

469 4679 602 4719 vero
627 4664 862 4721 insolita
892 4669 1070 4724 sacris
1089 4669 1307 4726 Litteris
1322 4670 1809 4742 ejusmodihujus
1843 4673 2108 4730 vocabuli

470 4753 843 4827 significatio,
877 4760 942 4812 ut
971 4757 1048 4812 ibi
1087 4774 1098 4812 :
1133 4763 1312 4816 Omne
1366 4761 1744 4817 masculinum
1784 4761 2110 4835 adaperien:

466 4846 708 4915 vulvam,
741 4851 985 4903 sanctum
1021 4849 1249 4904 Domino
1279 4849 1561 4906 vocabitur
1588 4849 1656 4918 ⁵⁸,
1690 4851 1797 4906 hoc
1821 4855 1929 4919 est,
1965 4850 2110 4907 sele-

467 4939 647 4993 ctum.
681 4935 750 4991 Et
792 4953 1015 4993 rursum
1066 4937 1335 4995 Judicum
1371 4939 1516 4994 libro
1551 4956 1563 4996 :
1601 4939 1791 4995 Parias
1827 4939 2032 5010 ﬁlium,
2064 4943 2114 4996 et

2229 3239 2410 3311 ὥσπερ
2443 3239 2532 3294 καὶ
2581 3239 2775 3301 πάντες
2829 3241 2877 3292 οἱ
2931 3235 3180 3312 βασιλεῖς
3235 3235 3449 3305 δοῦλοι,
3477 3237 3567 3291 καὶ
3625 3238 3703 3309 μὴ
3754 3235 3878 3291 ὄντα

2224 3331 2290 3384 τὰ
2321 3328 2444 3384 ὅντα
2492 3329 2628 3402 πρὸς
2676 3328 2766 3382 τὸν
2819 3323 2990 3389 ὅντως
3041 3326 3169 3382 ὄντα
3219 3325 3590 3400 ἐξεταζόμενα.
3623 3326 3702 3381 Τὸ
3743 3324 3875 3395 ἐξαί-

2227 3439 2376 3492 ρετον
2453 3417 2656 3486 τοίνυν,
2718 3417 2792 3479 ὡς
2855 3415 3094 3487 ε’ἱρηται,
3165 3416 3255 3471 καὶ
3322 3415 3716 3489 μεμονωμένον
3785 3414 3870 3468 καὶ

2225 3507 2402 3578 πάσης
2437 3506 2615 3578 ἄλλης
2652 3507 2939 3582 ὑπερόριον
2973 3506 3184 3580 φύσεως
3213 3505 3299 3561 ἐπι
3348 3510 3481 3561 Θεοῦ
3511 3503 3867 3581 καταγγέλλει

2224 3598 2286 3652 τὸ
2341 3599 2514 3673 ἅγιος,
2575 3599 2703 3670 [608
2761 3597 2849 3669 R.]
2903 3598 3095 3671 ’Ἄγιον
3156 3595 3257 3672 γὰρ
3325 3593 3547 3649 ἐνταῦθα
3622 3593 3750 3668 οὐχὶ
3806 3595 3866 3647 τὸ

2227 3683 2399 3760 ῥύπου
2455 3684 2600 3748 τινὸς
2651 3685 2880 3758 καθαρὸν
2940 3684 3070 3738 εἶναι
3118 3681 3208 3738 διὰ
3265 3683 3517 3755 σώματος
3589 3680 3625 3749 ἢ
3687 3685 3868 3753 ψυχῆς

2227 3770 2616 3835 διαϐαίνοντοςο
2652 3771 2852 3848 ἄπαγε·
2887 3777 2992 3828 ποῦ
3023 3773 3124 3848 γὰρ
3157 3771 3428 3846 ἐγκώμιον
3463 3774 3622 3840 Θεοῦ,
3661 3767 3866 3842 μᾶλλον

2227 3860 2283 3918 δὲ
2327 3867 2444 3925 πῶς
2471 3863 2573 3918 οὐκ
2619 3859 2847 3936 ἔσχατος
2880 3862 3050 3937 ψόγος
3093 3860 3168 3922 εἷς
3216 3860 3385 3934 ὕμνον
3425 3853 3870 3934 παραλαμϐάνειν

2226 3952 2288 4007 τὸ
2327 3952 2512 4006 παθῶν
2567 3948 2928 4024 ἀπηλλάχθαι
2977 3951 3038 4003 τὸ
3091 3954 3242 4003 Θεῖον
3295 3948 3466 4022 λέγειν
3516 3951 3627 4000 τῶν
3680 3943 3868 4019 ἡμετέ-

2227 4059 2375 4116 ρων;
2425 4040 2572 4095 ἀλλὰ
2613 4040 2675 4094 τὸ
2732 4037 3108 4116 ἀφωρισμένον
3151 4038 3241 4092 καὶ
3295 4034 3723 4111 ὑπεριδρυμένον
3771 4038 3868 4088 τῶν

2225 4129 2411 4185 ἄλλων
2453 4130 2702 4184 ἁπάντων
2750 4131 2841 4183 καὶ
2887 4127 3314 4206 ἀνακεχωρηκὸς
3357 4126 3603 4198 ἀνυμνεῖ.
3644 4124 3870 4193 Σῦνηθες

2227 4217 2282 4274 δὲ
2310 4224 2378 4293 τῇ
2413 4217 2530 4290 θείᾳ
2577 4221 2762 4296 Γραφῇ
2794 4219 2856 4272 τὸ
2903 4221 3148 4272 τοιοῦτον
3200 4223 3299 4286 τῆς
3347 4213 3545 4285 λέξεως
3605 4213 3869 4286 σημαινό-

2227 4329 2406 4382 μενον,
2467 4308 2543 4370 ὡς
2616 4307 2701 4376 τὸ,
2772 4313 2883 4362 Πᾶν
2942 4306 2985 4342 ³¹
3066 4307 3221 4380 ἄρσεν
3297 4302 3573 4380 διανοῖγον
3661 4306 3865 4377 μήτραν

2225 4398 2373 4474 ἅγιον
2431 4396 2510 4470 τῷ
2567 4398 2754 4472 Κυρίῳ
2803 4395 3161 4466 κληθήσεται,
3218 4396 3495 4451 τουτέστιν
3553 4390 3866 4471 ἀφωρισμέ-

2221 4508 2332 4546 νον.
2385 4487 2486 4544 Καὶ
2531 4484 2692 4541 πάλιν
2735 4484 2787 4541 ἐν
2834 4489 2951 4548 τοῖς
2999 4488 3224 4561 Κριταῖς
3268 4486 3336 4520 ³³·
3401 4481 3541 4557 Τέξῃ
3595 4484 3728 4548 υἱὸν,
3775 4480 3862 4535 καὶ

2220 4577 2318 4632 οὐκ
2373 4571 2703 4646 ἀναϐήσεται
2785 4572 3007 4649 σίδηρος
3087 4571 3176 4628 ἐπὶ
3255 4573 3355 4641 τήν
3438 4570 3688 4649 κεφαλὴν
3769 4568 3862 4623 αὖ.

2219 4673 2338 4738 τοῦ,
2373 4666 2454 4722 ὅτι
2515 4664 2846 4740 ἡγιασμένον
2898 4664 3008 4719 ἐστὶ
3063 4665 3125 4719 τὸ
3182 4661 3495 4738 παιδάριον,
3547 4661 3640 4716 καὶ
3703 4658 3862 4734 μυρία

2221 4755 2384 4811 ἄλλα.
2449 4755 2606 4812 Οὕτω
2667 4752 2732 4823 δὴ
2791 4757 2881 4808 καὶ
2941 4752 3255 4830 ἀγιάζεσθαι
3306 4753 3397 4807 τὸν
3463 4751 3635 4805 τόπον
3694 4751 3728 4819 ἢ
3771 4749 3860 4802 τὸν

2222 4844 2380 4922 ἄρτον
2430 4844 2466 4914 ἢ
2523 4846 2613 4899 τὸν
2677 4844 2838 4912 οἶνον,
2894 4841 2924 4896 ii
2978 4846 3058 4914 τῷ
3114 4846 3230 4914 Θεῷ
3285 4861 3458 4918 φαμεν
3520 4839 3861 4916 ἀφορίζεσθαι

2221 4937 2311 4992 καὶ
2342 4936 2478 5008 πρὸς
2523 4931 2796 5007 μηδεμίαν
2827 4932 3010 5000 κοινὴν
3047 4929 3402 5010 ὑποφέρεσθαι
3426 4936 3654 5006 χρῆσιν.

467 5040 576 5080 non
605 5027 858 5083 ascendet
882 5030 1102 5097 ferrum
1145 5044 1310 5100 super
1337 5033 1500 5101 caput
1530 5029 1667 5100 ejus,
1701 5032 1834 5101 quia
1885 5030 2256 5099 sanctiﬁcata:
2305 5025 2448 5098 (47⁸)
2479 5035 2560 5082 eu
2589 5041 2744 5098 puer.
2776 5022 3020 5094 Aliaque
3076 5029 3359 5078 sexcenta.
3396 5021 3487 5077 Sic
3527 5034 3672 5076 sane
3730 5034 3868 5074 san-

534 5135 580 5170 ⁵⁵
611 5137 723 5197 lea.
747 5155 822 5209 vx,
851 5143 884 5196 2
913 5157 1077 5213 seqq.
1112 5141 1158 5177 ⁵⁸
1187 5142 1361 5199 Num.
1389 5159 1511 5215 vm,
1551 5143 1654 5210 l6;
1689 5142 1824 5199 Luc.
1860 5160 1920 5212 η,
1951 5143 2041 5199 23.

1814 5268 2060 5326 VARI/['1
2099 5264 2512 5325 LECTIONES.

538 5372 586 5409 ³⁸
613 5372 713 5443 τὴν
745 5372 822 5449 ἐν]
852 5376 962 5437 Isa.
996 5397 1071 5450 vr,
1103 5381 1158 5438 2.

1235 5379 1283 5418 ⁸⁸
1311 5378 1477 5451 αὐτὴν
1510 5381 1644 5440 add.
1677 5382 1744 5439 A.
1820 5379 1866 5416 ’ί
1897 5379 2027 5454 πᾶν]
2057 5380 2196 5437 Luc.
2220 5383 2284 5448 Ii,
2315 5377 2406 5435 23.
2482 5377 2530 5412 ³⁸
2560 5373 2808 5451 Κριταῖς]
2840 5375 2928 5446 13,
2956 5372 3010 5430 5.

2041 5516 2087 5572 Ν
2095 5515 2276 5571 ΟΤᾸΕ.

535 5618 676 5697 (57:)
707 5619 898 5697 -ἶιιάίευ
936 5637 1061 5697 xm,
1094 5622 1150 5678 5.
1181 5626 1247 5697 in
1293 5623 1465 5697 Vulg.
1500 5630 1559 5682 et
1610 5626 1754 5684 LXX
1784 5627 2080 5685 Nummus
2107 5621 2363 5696 legitur:
2392 5638 2519 5695 qua
2549 5637 2655 5680 vox
2701 5617 2956 5676 Hebraeis
3004 5623 3278 5689 sanctum,
3309 5615 3396 5673 vel
3455 5612 3857 5683 sanctiﬁcatum

458 5690 778 5764 significat,
813 5697 875 5748 ut
905 5693 1061 5765 apud
1092 5698 1149 5750 Β.
1177 5690 1511 5769 Hieronfm.
1541 5697 1758 5758 videas.
