4184 6212
272 309 393 370 769

1368 301 1907 367 BIBLIOTHECA.
1950 333 2030 346 —
2072 300 2245 363 COD.
2292 300 2578 364 CCXXII.

3558 309 3678 369 770

270 443 483 499 tiﬁcari
515 441 735 510 locum,
757 440 845 498 vel
868 456 1096 515 panem,
1129 440 1217 496 vel
1248 439 1454 496 vinum
1474 438 1748 509 dicimus,
1782 454 1909 511 quae
1940 442 2057 493 Deo
2090 439 2497 506 secernuntur,
2531 439 2588 493 et
2618 436 2688 493 ad
2723 436 2948 494 nullum
2973 420 3345 496 communem
3381 456 3553 498 usum
3586 459 3672 501 re-

273 532 559 589 feruntur.

348 620 444 682 Εἷς
529 621 714 675 πίστιν
792 617 849 674 δὲ
922 639 1179 692 παραγειν
1246 616 1537 693 ἐπιχειρεῖ,
1611 619 1798 692 ὅτιπερ
1871 616 2009 686 αἳΑ

279 708 446 766 ἄϋλοι
507 707 770 782 δυνάμεις
846 707 1052 770 ὑλικῶς
1124 712 1242 768 τοῖς
1310 707 1534 777 ἡλικοῖς
1605 707 1673 762 τὰ
1740 706 1937 762 ἄνωθεν

284 796 775 872 διαπορθμεύουσι,
826 797 925 865 τὴν
980 792 1180 851 λαϐίδα
1210 797 1277 867 ³³,
1319 796 1380 864 ἣν
1426 794 1482 850 ἓν
1525 800 1635 851 τῶν
1691 793 1941 871 Σεραφὶμ

279 889 417 961 πρὸς
460 888 554 943 τὸν
599 889 892 966 προστάτην
947 885 1419 959 ἀποστελλόμενον
1469 880 1642 964 ἔφερε,
1692 886 1781 939 τὸν
1844 883 1926 938 ἄν·

284 979 456 1053 θρακα
504 978 793 1055 φέρουσαν.
840 975 1021 1046 Δῆλον
1064 977 1166 1053 γὰρ
1199 976 1273 1038 ὡς
1321 975 1374 1030 ἔν
1427 980 1761 1050 σωματικοῖς
1795 996 1932 1046 συμ-

284 1062 477 1129 ϐόλοις
508 1067 813 1140 ἀσωμάτων
850 1070 1008 1121 τινῶν
1056 1065 1146 1121 καὶ
1178 1071 1389 1135 νοητῶν
1436 1068 1471 1135 ἡ
1515 1067 1801 1139 ἀσώματος
1845 1061 1931 1120 δύ-

282 1175 444 1228 ναμις
479 1152 758 1225 ὑπεδήλου
806 1159 885 1227 τῷ
932 1157 1189 1234 προφήτῃ
1225 1156 1521 1229 μυστήρια,
1572 1151 1932 1223 διδασκούσης

280 1246 431 1318 ἡμᾶς
462 1252 563 1313 τῆς
601 1244 750 1317 ἱερᾶς
792 1249 1009 1322 Γραςδῆς
1058 1245 1163 1313 ὅτι,
1203 1243 1441 1319 καθάπερ
1494 1241 1597 1298 οὒκ
1626 1238 1765 1298 ἔστιν
1814 1243 1932 1297 ἀνευ

286 1334 588 1406 μεσότητος
647 1329 774 1387 οὔτε
847 1333 988 1401 ὅλης
1064 1332 1373 1408 παχυτέρας
1427 1336 1523 1387 τοῦ
1598 1331 1767 1406 πυρὸς
1832 1329 1935 1385 λα-

282 1416 495 1491 ϐέσθαι,
544 1420 685 1476 οὕτω
735 1420 824 1475 καὶ
870 1424 978 1475 τῶν
1019 1421 1177 1475 Θείων
1210 1418 1363 1475 οὐδὲν
1412 1415 1522 1475 ἔστι
1572 1414 1761 1475 λαϐεῖν
1811 1420 1933 1473 ἄνευ

282 1506 585 1582 συμϐόλων
615 1508 820 1565 ὑλικῶν
848 1509 938 1564 καὶ
969 1511 1015 1546 ⁸⁵
1062 1509 1389 1585 προσφόρων
1421 1513 1540 1571 τοῖς
1589 1506 1931 1584 δεχομένοις.

280 1598 439 1655 ’Ἐστι
472 1596 529 1653 δὲ
558 1597 649 1653 καὶ
679 1600 714 1668 ἡ
748 1594 910 1660 λαϐἱς
949 1601 1076 1672 [314
1107 1603 1152 1654 Η
1181 1600 1198 1671 ]
1228 1603 1468 1653 τυποῦσα
1496 1600 1597 1668 τήν
1648 1599 1786 1667 ὕλην
1821 1596 1931 1652 ὥσ-

283 1708 387 1763 περ
419 1688 449 1743 ό
481 1686 671 1762 ἄνθραξ
703 1687 764 1742 τὸ
803 1689 969 1742 θεῖον·
1001 1688 1058 1740 Ὀ
1090 1686 1191 1761 γὰρ
1224 1688 1272 1723 ³⁵
1300 1688 1430 1749 Θεὸς
1475 1687 1636 1759 ἡμῶν
1665 1690 1770 1760 πῦρ
1802 1707 1933 1740 κατ-

286 1776 579 1833 αναλίσκον
613 1793 626 1807 ⁸
679 1777 793 1844 καὶ,
848 1777 927 1831 Τὰ
971 1773 1133 1851 λόγια
1181 1776 1228 1812 ⁸⁸
1290 1775 1493 1850 Κυρίου
1547 1775 1931 1850 πεπυρωμένα.

282 1867 386 1921 Καὶ
427 1864 565 1934 αὐτὴ
618 1862 675 1920 δὲ
714 1867 749 1934 ὴ
813 1867 964 1945 φωνή
1021 1866 1122 1935 τῆς
1164 1859 1391 1929 λαϐίδος
1434 1867 1535 1936 τήν
1568 1866 1706 1943 ἁφήν
1765 1865 1931 1940 ιΞιπαγ⁴

281 1954 494 2031 γέλλει,
536 1956 659 2025 ἣτις
711 1951 972 2025 δηλονότι
1012 1954 1099 2010 ἐπὶ
1144 1956 1326 2028 μόνων
1368 1956 1555 2030 ὁρᾶται
1596 1958 1702 2009 τῶν
1746 1953 1934 2023 αἰσθη-

279 2050 412 2101 τῶν.
468 2046 628 2104 Ἴσως
687 2042 744 2098 δὲ
799 2045 887 2098 καὶ
926 2045 1026 2113 τήν
1080 2045 1210 2118 ὑπὲρ
1270 2046 1428 2117 ἡμῶν
1478 2042 1792 2117 οἷκονομίαν
1838 2047 1934 2098 τοῦ

265 2138 471 2212 ’Λόγου
508 2137 976 2210 αἱνιγματίζεσοαι
1010 2133 1099 2190 διὰ
1134 2140 1241 2190 τῶν
1288 2135 1590 2210 εἰρημένων
1639 2132 1934 2209 συμϐόλων

278 2227 442 2302 φάναι
485 2222 641 2281 οὐδὲν
700 2224 923 2286 ἀπεικός
962 2244 975 2257 ·
1035 2225 1099 2280 τὸ
1155 2226 1255 2301 γὰρ
1312 2227 1455 2279 θεῖον
1495 2222 1599 2298 πῦρ
1654 2223 1931 2300 παχύτητι

276 2322 381 2385 τῆς
412 2315 530 2368 καθ’
590 2315 731 2386 ἡμᾶς
775 2313 974 2387 σαρκὸς
1013 2311 1441 2387 προσωμίλησεν
1491 2315 1648 2385 ἡμῖν.
1699 2313 1930 2367 Δυνατὸν

278 2401 340 2458 δέ
386 2423 517 2481 φησι
547 2401 638 2456 καὶ
691 2403 791 2470 τήν
843 2401 938 2473 μὲν
981 2396 1182 2456 λαϐίδα
1231 2402 1330 2469 την
1374 2402 1607 2474 νομικὴν
1654 2400 1934 2471 εἰκονίζειν

277 2490 456 2560 σκιὰν,
488 2491 578 2545 τὸν
614 2488 849 2564 ἄνθρακα
871 2486 927 2543 δὲ
955 2491 1055 2559 τήν
1088 2489 1223 2543 Νέαν
1251 2490 1554 2559 Διαθήκην·
1588 2489 1678 2542 καὶ
1710 2490 1815 2563 γὰρ
1846 2486 1935 2544 διὰ

277 2585 393 2636 τῶν
442 2574 739 2653 συμϐόλων
786 2583 895 2633 τῶν
942 2584 1184 2651 νομικῶν
1232 2580 1298 2632 τὰ
1328 2585 1426 2648 τῆς
1471 2579 1611 2640 Νέας
1659 2580 1934 2652 μυστήρια

278 2666 739 2744 παραδηλοῦσϐαι
804 2688 863 2721 τε
934 2667 1025 2721 καὶ
1081 2672 1196 2729 τοῖς
1257 2667 1563 2743 εὐγνώμοσι
1633 2663 1931 2740 παραδίδο-

279 2760 425 2815 σθαι,
480 2757 630 2834 Λέγει
677 2754 734 2812 δὲ
779 2756 869 2811 καὶ
926 2760 1022 2811 τοῦ
1070 2760 1346 2831 Κυριακοῦ
1397 2754 1648 2829 σώματος
1699 2754 1786 2810 ἐπὶ
1829 2761 1931 2824 τῆς

277 2850 433 2922 ἱερᾶς
500 2846 775 2922 τραπέζης
840 2844 1192 2920 προτεθέντος
1261 2842 1350 2899 διὰ
1406 2849 1568 2901 τοῦτο
1620 2843 1747 2906 τοὺς
1804 2845 1933 2918 παρ’

277 2936 507 3012 ἱκάτερα
550 2941 659 2991 τῶν
691 2935 756 2991 τὰ
795 2935 914 3009 ἰερᾶ
962 2933 1414 3009 ὑπηρετουμένων
1466 2932 1681 3008 ῥιπίδας
1719 2938 1930 3009 πτερῶν

278 3024 657 3098 πεποιημένας
715 3030 830 3086 τοῖς
893 3024 1271 3099 προκειμένοις
1338 3029 1584 3100 φρικτοῖς
1650 3022 1930 3094 ὲπικινεῖν,

277 3120 389 3171 τῶν
424 3114 798 3191 έξαπτερύγων
832 3114 1093 3192 φέροντας
1143 3109 1421 3186 σύμϐολα,
1464 3113 1538 3175 ὡς
1582 3114 1640 3169 ἃν
1682 3115 1756 3187 μή
1806 3112 1932 3167 ἐῶσι

1966 1917 2013 1981 Β

2110 615 2304 672 Fidem
2336 632 2469 672 vero
2500 620 2565 673 ut
2594 616 2766 674 faciat
2796 617 2886 674 bis
2916 619 3089 691 (quod
3127 621 3383 676 materiaa
3415 629 3680 694 expertes

2040 705 2285 776 spiritus
2315 705 2699 762 materialiter
2739 706 2908 763 nobis
2940 707 3264 765 materiatis
3294 727 3385 766 res
3417 711 3679 771 caelestes

2041 793 2326 864 atterunt),
2363 794 2637 867 forcipem
2670 795 2828 851 illam
2870 797 3155 853 adducere
3188 801 3375 872 pergit
3402 800 3469 869 ⁵⁷,
3502 817 3675 872 quam

2043 899 2196 939 unus
2221 899 2251 939 e
2282 883 2588 954 Seraphim
2622 885 2689 940 ad
2717 884 3055 956 prophetam
3084 887 3299 943 missus
3321 888 3534 958 attulit,
3558 907 3679 945 car-

2042 972 2253 1026 bonem
2285 970 2669 1043 complexam.
2696 972 2891 1028 Palam
2914 973 3068 1030 enim
3093 984 3175 1030 est
3198 976 3599 1048 corporalibus
3620 979 3678 1035 in

2042 1060 2325 1130 symbolis
2378 1060 2783 1133 incorporeum
2839 1062 2992 1118 illam
3037 1068 3382 1134 potestatem
3423 1065 3685 1139 incorpo-

2040 1164 2268 1204 reorum
2303 1150 2692 1220 quorumdam
2715 1156 2886 1222 atque
2918 1150 3369 1224 intelligibilium
3403 1156 3682 1227 mysteria

2040 1237 2370 1306 signiﬁcare
2402 1238 2555 1309 apud
2606 1239 2943 1309 prephetam
2994 1240 3268 1309 voluisse,
3301 1242 3543 1300 docente
3574 1261 3679 1301 nos

2039 1341 2208 1382 sacra
2256 1325 2584 1399 Scriptura:
2635 1328 3131 1399 quemadmodum
3173 1330 3298 1386 sine
3336 1332 3683 1389 intermedio

2039 1416 2256 1490 aliquo,
2288 1423 2345 1474 et
2376 1420 2596 1491 absque
2627 1420 2911 1477 crassiore
2952 1423 3197 1479 materia
3227 1424 3376 1495 ignis
3405 1426 3532 1496 capi
3565 1443 3680 1482 non

2041 1512 2270 1579 potest:
2307 1508 2392 1564 sic
2438 1525 2544 1566 nec
2586 1526 2778 1565 rerum
2820 1511 3148 1568 divinarum
3196 1514 3520 1585 quidquam
3551 1531 3681 1586 per-

2038 1598 2153 1670 cipi
2186 1616 2358 1671 posse
2401 1599 2531 1656 sine
2571 1600 2975 1658 materialibus
3006 1603 3309 1675 symbolis,
3342 1606 3684 1677 czeterisque

2041 1689 2238 1755 rebus,
2267 1688 2337 1743 iis
2359 1690 2461 1760 qui
2485 1690 2848 1762 susciperent
2871 1692 3342 1749 accommodatis.
3368 1697 3467 1749 Est
3486 1700 3680 1751 autem

2044 1780 2264 1851 forceps
2279 1778 2574 1834 materiam
2593 1780 2923 1853 designans,
2941 1782 3087 1837 τοι
3108 1782 3184 1855 (α)
3201 1784 3684 1855 quemadmodum

2043 1874 2094 1922 et
2123 1869 2297 1923 carbo
2329 1866 2592 1923 divinum
2618 1885 2837 1926 numen
2868 1871 3116 1926 denotat.
3151 1872 3289 1927 Deus
3319 1874 3469 1928 enim
3498 1877 3686 1930 noster

2043 1957 2188 2027 ignis
2234 1971 2555 2013 consumens
2602 1964 2685 2013 est
2730 1958 2794 2013 ⁸⁸.
2846 1957 2947 2013 Et:
2999 1961 3229 2031 Eloquia
3290 1962 3511 2018 Domini
3562 1964 3687 2034 igne

2043 2046 2370 2101 examinata
2428 2044 2493 2099 δν.
2551 2045 2685 2118 Ipsa
2734 2063 2965 2119 quoque
3014 2064 3127 2102 vox
3172 2047 3413 2119 forcipis
3461 2054 3681 2106 tactum

2043 2134 2356 2206 signiﬁcat,
2379 2134 2479 2207 qui
2511 2135 2731 2192 scilicet
2759 2135 2821 2192 in
2852 2136 2993 2193 solis
3017 2143 3259 2209 apparet
3287 2139 3684 2195 sensibilibus.

2043 2222 2313 2280 Fortasse
2345 2240 2476 2280 vero
2508 2230 2564 2281 et
2592 2224 2765 2280 Verbi
2790 2225 3275 2295 incarnationem,
3303 2229 3487 2284 nostri
3509 2244 3688 2285 causa

2044 2313 2277 2382 factam,
2310 2315 2558 2370 obscure
2590 2314 2882 2383 designari
2914 2316 3206 2387 praedictis
3237 2318 3522 2389 symbolis
3553 2334 3685 2389 pro-

2044 2400 2314 2457 babiliter
2336 2402 2586 2460 dicatur.
2614 2403 2772 2475 Ignis
2794 2403 2951 2460 enim
2975 2404 3232 2470 divinus,
3257 2407 3454 2462 carnis
3475 2415 3686 2463 nostrae

2043 2491 2307 2547 crassitie
2365 2491 2714 2565 [interjecta]
2780 2492 3086 2549 nobiscum
3148 2499 3528 2551 conversatus
3576 2500 3683 2551 est.

2043 2577 2191 2634 Fieri
2212 2579 2384 2635 etiam
2419 2584 2625 2650 potest,
2648 2581 2745 2648 ait,
2778 2584 2843 2636 ut
2873 2581 3098 2652 forceps
3132 2582 3376 2653 legalem
3423 2582 3686 2639 umbram

2044 2668 2328 2740 designet,
2356 2669 2526 2723 carbo
2546 2684 2679 2724 vero
2701 2667 2926 2724 Novum
2946 2670 3404 2738 Testamentum,
3430 2687 3562 2726 cum
3587 2688 3689 2743 per

2040 2755 2248 2826 legalia
2270 2756 2535 2825 symbola
2554 2754 2693 2811 Novi
2711 2757 2978 2827 mysteria
2995 2757 3355 2812 Testamenti
3380 2758 3689 2814 ostendans

2041 2849 2156 2913 tur,
2191 2861 2256 2900 ac
2281 2846 2425 2901 bene
2448 2845 2836 2902 sentientibus
2865 2849 3188 2901 tradantur.
3214 2846 3385 2902 Addit
3408 2846 3683 2920 insuper:

2040 2935 2184 2991 Cum
2209 2952 2419 3007 corpus
2437 2934 2802 2991 Dominicum
2828 2936 2885 2991 in
2908 2952 3074 2991 sacra
3096 2953 3297 2992 mensa
3319 2936 3683 3008 propositum

2043 3028 2153 3091 est,
2182 3023 2311 3080 ideo
2342 3025 2440 3096 qui
2472 3025 2544 3080 ab
2593 3028 2838 3095 utroque
2877 3024 3055 3080 latere
3099 3025 3279 3081 sacris
3311 3026 3689 3098 operantibus

2045 3114 2285 3187 [astant]
2319 3115 2376 3169 in
2407 3129 2608 3170 eorum
2644 3131 2770 3185 quae
2791 3130 2891 3169 sex
2922 3113 3044 3169 alas
3064 3119 3300 3186 gestant
3329 3115 3686 3187 symbolum,

273 3205 407 3266 τοὺς
454 3205 824 3276 τελουμένους
872 3209 987 3265 τοῖς
1026 3204 1327 3277 ὁρωμένοις
1373 3201 1746 3278 έναπομένειν,
1788 3200 1933 3258 ἀλλὰ

2045 3206 2305 3261 confecta
2334 3220 2403 3258 ex
2432 3202 2540 3258 alis
2573 3202 2802 3259 ﬂabella
2844 3203 2959 3275 (48)
2999 3219 3176 3274 supra
3216 3204 3405 3260 oblata
3440 3205 3518 3260 ibi
3554 3205 3690 3261 hor-

276 3295 487 3358 παντὸς
576 3293 854 3369 προσύλου
948 3292 1195 3368 ὑπεράνω
1287 3294 1615 3367 γενομένους
1717 3298 1927 3368 νοεροῖς

277 3383 596 3458 ὀφθαλμοῖς
641 3381 732 3439 δια
767 3388 876 3438 τῶν
908 3384 1203 3458 ὁρωμένων
1256 3383 1342 3438 ἐπὶ
1374 3384 1475 3452 τὴν
1524 3382 1756 3460 ἀόρατον
1806 3383 1927 3437 θέαν

274 3475 369 3529 καὶ
422 3473 486 3527 τὸ
544 3473 831 3548 ἀμήχανον
888 3472 1056 3528 ἐκεῖνο
1081 3475 1123 3509 ³⁷
1180 3471 1390 3534 κάλλος
1432 3474 1926 3547 παρασκευάζουσιν

277 3560 635 3635 ἀναδραμεῖν.
700 3562 801 3618 Καὶ
830 3562 931 3637 γὰρ
990 3561 1079 3616 καὶ
1140 3567 1468 3633 σωματικῶς
1527 3565 1606 3633 τῷ
1683 3561 1925 3636 Δεσπότῃ

275 3653 514 3725 παρόντι
555 3646 709 3728 φόϐῳ
757 3652 847 3705 καὶ
877 3652 1069 3725 τρόμῳ
1112 3651 1178 3705 τὰ
1219 3651 1468 3728 Σεραιρῖμ
1516 3651 1771 3725 ὑπηρέτει
1806 3669 1818 3684 ·
1865 3651 1927 3704 οὗ

274 3741 432 3803 τίνος
480 3736 654 3819 φόϐου
705 3740 793 3794 καὶ
823 3740 1034 3815 τρόμου
1067 3739 1296 3816 αἴνιγμα
1335 3740 1465 3795 εἶναι
1499 3740 1588 3795 καὶ
1633 3741 1733 3809 τήν
1774 3760 1926 3815 γενο·

282 3829 449 3904 μένην
497 3826 586 3883 διὰ
632 3832 741 3883 τῶν
791 3833 1000 3905 πτερῶν
1050 3830 1288 3899 κίνησιν,
1339 3830 1399 3898 ἣν
1438 3829 1500 3883 τὸ
1552 3829 1927 3903 ὑπηρετούμε-

274 3939 374 3973 νον
406 3917 632 3993 ἐνεργεῖ.
670 3917 736 3975 Εἰ
786 3915 842 3973 δὲ
880 3919 946 3973 τὰ
994 3918 1243 3995 Σεραφὶμ
1277 3918 1647 3992 ὑπηρετοῦντα
1694 3914 1932 3988 δηλοῦν-

273 4029 366 4063 ται
412 4009 461 4043 ³⁸
500 4006 591 4061 καὶ
636 4005 966 4081 σαρκωθέντι
1015 4011 1093 4077 τῷ
1143 4005 1325 4080 Λόγῳ,
1375 4005 1465 4060 καὶ
1511 4002 1664 4060 οὐδὲν
1696 4004 1783 4060 διὰ
1831 4008 1929 4076 τήν

275 4097 432 4152 κάτω
462 4101 559 4151 τοῦ
608 4098 785 4170 Λόγου
842 4092 1118 4170 διαγωγὴν
1163 4102 1264 4164 τῆς
1304 4091 1414 4148 ἄνω
1459 4094 1756 4174 καθυφίησι
1805 4092 1933 4150 δου-

279 4185 456 4250 λείας,
486 4182 746 4254 δηλονότι
778 4185 867 4239 καὶ
909 4186 943 4253 ἡ
976 4184 1121 4253 ἄλλη
1155 4188 1262 4239 τῶν
1292 4183 1596 4256 ἂσωμάτων
1626 4182 1933 4257 διακόσμη-

280 4294 366 4335 σις
424 4273 565 4328 νόων
623 4274 715 4327 τὸν
781 4273 915 4345 μετᾶ
970 4273 1167 4347 σαρκὸς
1225 4271 1637 4347 παραγεγονὸτα
1704 4271 1933 4344 λατρεύ-

282 4384 417 4418 ουσα
464 4362 803 4436 προσεκύνει.
848 4362 979 4434 [609
1027 4362 1116 4434 3.]
1162 4360 1225 4416 Ἡ
1269 4360 1373 4435 γὰρ
1427 4360 1477 4414 ἐν
1528 4360 1744 4422 τούτοις
1792 4382 1935 4437 πρω-

278 4453 515 4509 τεύουσα
567 4452 734 4523 τάξις,
783 4452 883 4519 τήν
941 4447 1190 4504 δουλείαν
1252 4448 1312 4503 οὐ
1370 4454 1801 4522 καινοτομοῦσα,
1844 4451 1933 4505 καὶ

2040 3296 2219 3350 renda
2254 3292 2528 3366 mysteria
2556 3292 2791 3363 agitare,
2816 3300 2877 3348 ut
2909 3309 2980 3349 ne
3003 3292 3199 3349 sinant
3232 3293 3486 3350 initiatos
3519 3294 3691 3351 rebus

2032 3385 2173 3441 visis
2205 3383 2505 3452 inhaerere,
2541 3383 2641 3438 sed
2692 3398 2790 3438 eos
2824 3383 3037 3438 mentis
3081 3382 3267 3439 oculis
3310 3400 3489 3455 supra
3519 3401 3691 3441 omne

2033 3473 2116 3542 id,
2150 3472 2305 3544 quod
2328 3489 2460 3528 cum
2485 3471 2724 3527 materia
2746 3471 3129 3542 conjuuetum
3154 3475 3263 3541 est,
3289 3472 3572 3545 sublatos,
3601 3475 3686 3529 fa-

2037 3563 2194 3618 ciant
2224 3578 2323 3633 per
2354 3578 2418 3617 ea
2447 3579 2576 3633 qua!
2607 3561 2892 3628 videntur,
2928 3561 2999 3617 ad
3031 3560 3386 3617 invisibilem
3420 3567 3683 3619 contem-

2035 3651 2376 3724 plationem,
2403 3654 2459 3704 et
2484 3648 2956 3722 ineXplicabilem
2988 3648 3149 3705 illam
3183 3649 3680 3721 pulchritudinem

2035 3740 2367 3796 ascendere.
2415 3739 2558 3794 Nam
2603 3744 2724 3794 tum
2766 3738 2941 3794 etiam
2975 3754 3107 3794 cum
3149 3738 3527 3809 corporaliter
3556 3740 3675 3795 Do-

2035 3829 2234 3885 minus
2265 3844 2521 3901 praesens
2546 3833 2716 3894 esset,
2749 3844 2883 3883 cum
2912 3827 3117 3883 timore
3146 3844 3211 3882 ao
3244 3834 3485 3884 tremore
3517 3827 3681 3885 Sera-

2036 3919 2198 3991 phim
2220 3918 2273 3973 ei
2299 3917 2698 3973 inserviebant
2723 3935 2734 3972 :
2762 3917 3049 3988 hujusque
3079 3917 3307 3973 timoris
3337 3922 3394 3972 et
3416 3918 3683 3975 tremoris

2036 4008 2339 4081 specimen
2363 4006 2678 4061 obscurum
2699 4022 2847 4072 esse,
2864 4006 3086 4062 alarum
3108 4005 3265 4062 illam
3285 4007 3683 4078 agitationem,

2037 4112 2213 4169 quam
2269 4096 2664 4151 ministrantes
2721 4095 3022 4151 adhibent.
3086 4095 3143 4150 Si
3192 4112 3324 4151 vero
3374 4096 3681 4168 Seraphim

2036 4188 2213 4243 etiam
2236 4184 2540 4240 incarnato
2563 4184 2686 4255 jam
2709 4182 3268 4254 Verboiministrare
3293 4184 3683 4252 declarantur,

2037 4282 2102 4334 ut
2133 4275 2278 4331 nihil
2310 4275 2382 4330 ob
2406 4276 2532 4346 ejus
2564 4275 2622 4329 in
2658 4280 2872 4330 terram
2895 4276 3245 4332 descensum
3277 4275 3348 4331 de
3378 4275 3682 4345 servitute,

2037 4382 2161 4440 quae
2193 4364 2250 4420 in
2284 4364 2424 4420 ccelo
2452 4367 2593 4433 erat,
2622 4363 2982 4432 diminuant:
3018 4364 3243 4420 clarum
3273 4366 3422 4435 quod
3452 4371 3511 4421 et
3540 4366 3688 4422 alter

2035 4456 2508 4527 incorporeorum
2557 4452 2874 4524 spirituum
2925 4454 3064 4510 ordo
3098 4454 3474 4510 Incarnatum
3524 4454 3685 4511 cultu

277 4545 392 4597 τῶν
456 4541 572 4611 μετ’
630 4537 798 4608 αὐτὴν
856 4540 954 4608 τήν
1033 4536 1155 4605 ἴσην
1224 4538 1519 4610 ὑπηρεσίαν
1597 4534 1931 4612 βεϐαιοῦται.

2042 4544 2221 4600 Ιίιῐιιίω
2254 4543 2553 4598 adorabat.
2588 4545 2731 4598 Cum
2764 4543 2919 4598 enim
2952 4545 3053 4615 qui
3084 4543 3142 4598 in
3181 4543 3274 4600 hia
3306 4545 3561 4616 primum
3594 4561 3686 4600 or-

284 4631 592 4705 Γέγραπται
648 4631 694 4665 ³⁸
766 4630 871 4703 γὰρ
939 4628 1014 4689 ὡς
1089 4628 1179 4682 καὶ
1250 4625 1471 4701 ἄγγελοι
1547 4629 1939 4703 προσελθόντες

283 4718 573 4789 διηκόνουν
622 4719 767 4790 αὗτῷ
817 4738 829 4751 ⁸
877 4718 939 4772 τὸ
991 4716 1048 4773 δὲ
1097 4722 1194 4772 τοῦ
1234 4715 1472 4793 ἀγγέλου
1517 4713 1709 4791 ὄνομα,
1761 4721 1835 4783 ὡς
1885 4722 1936 4775 οἳ

281 4811 351 4864 τὰ
419 4811 537 4863 θεῖα
596 4807 740 4863 ἴσασι
792 4806 973 4884 σοφοὶ,
1028 4807 1210 4862 κοινόν
1282 4806 1394 4862 ἐστι
1454 4806 1650 4868 πάσαις
1708 4808 1756 4844 ⁴⁰
1818 4814 1935 4872 ταῖς

279 4903 495 4972 ἰοεραῖς
548 4893 834 4969 δυνάμεσιν
890 4892 1085 4968 ὄνομα.
1145 4897 1244 4950 Καὶ
1302 4893 1468 4950 πάλιν
1522 4896 1646 4971 περὶ
1697 4900 1794 4952 τοῦ
1860 4898 1937 4962 εἷς

282 4990 389 5057 τήν
446 4985 777 5058 οἰκουμένην
837 4983 1192 5059 εἰσαγομένου
1256 4983 1609 5059 πρωτοτόκου
1673 4986 1736 5040 τὸ
1788 4986 1929 5063 ἷέρὸν

2048 4634 2245 4689 dinem
2290 4635 2512 4699 tenent,
2566 4630 2786 4687 cultum
2825 4649 2940 4687 non
2980 4632 3314 4701 immutant,
3350 4650 3481 4690 mox
3513 4634 3686 4690 etiam

2044 4739 2151 4794 par
2179 4738 2211 4776 a
2241 4720 2732 4792 subsequentibus
2764 4720 3156 4777 ministerium
3188 4722 3448 4777 exhiberi
3476 4722 3688 4778 conﬁr-

2046 4816 2227 4868 mant.
2260 4812 2549 4883 Scriptum
2578 4817 2665 4867 est
2695 4810 2880 4879 enim,
2910 4812 3061 4883 quod
3094 4812 3269 4868 etiam
3299 4810 3491 4884 angeli
3522 4827 3688 4868 acce-

2041 4902 2244 4957 dentes
2278 4900 2693 4956 ministrabant
2723 4901 2773 4956 ei
2812 4898 2879 4955 ⁸ο.
2926 4902 3129 4970 Angeti
3170 4916 3304 4958 vero
3350 4899 3685 4973 appellatio,

2043 4996 2107 5047 ut
2148 5007 2341 5047 rerum
2398 4988 2725 5046 divinarum
2761 4990 2929 5062 periti
2964 4994 3203 5062 norunt,
3245 5006 3561 5049 commune
3603 4997 3693 5050 est

354 5111 405 5146 ⁵⁷
434 5111 546 5169 Isa.
577 5128 655 5183 vr,
681 5112 733 5168 6.
768 5112 810 5146 ⁸³
844 5111 1007 5167 Deut.
1041 5127 1118 5179 iv,
1148 5111 1238 5168 24.
1272 5110 1320 5144 ⁵9
1350 5110 1501 5167 Psal.
1535 5128 1677 5181 xvu,
1711 5113 1800 5169 37.
1830 5112 1877 5149 ⁸ο
1906 5116 1933 5168 ll

2041 5132 2085 5171 1.
2118 5131 2194 5183 ιν,
2228 5117 2313 5171 11.

1644 5226 1887 5284 νΑΗΙλΕ
1928 5229 2344 5288 LECTIONES.

356 5333 404 5409 ‘f'
429 5332 532 5401 τὴν
576 5326 883 5409 Malles.
919 5350 1017 5409 ﬁt,
1044 5335 1100 5388 6.
1158 5407 1167 5409 _
1210 5333 1259 5368 3‘
1286 5333 1378 5409 καὶ
1407 5340 1469 5409 Ἀ
1504 5351 1517 5388 :
1569 5353 1628 5389 τε
1666 5334 1761 5409 καὶ

1984 5336 2031 5372 ³⁸
2068 5338 2097 5412 ό
2135 5338 2262 5412 γὰρ]
2294 5338 2459 5394 Deut.
2507 5355 2583 5407 τι,
2631 5341 2719 5393 24.

284 5404 333 5441 ⁸⁷
363 5400 569 5460 ἐκεῖνον
600 5408 665 5463 Α.
710 5400 785 5441 ’³⁸
818 5400 1111 5458 δουλοῦται
1142 5407 1206 5462 Α.
1284 5405 1332 5440 ³9
1361 5404 1687 5482 γέγραπται]
1715 5400 1918 5465 Matth.
1950 5426 2026 5478 v1,
2055 5400 2159 5464 11.’
2210 5400 2265 5445 "‘3
2293 5412 2421 5463 πᾶσι
2454 5414 2520 5464 Α.

2833 5337 2881 5374 ³6
2910 5336 2975 5393 τὰ
3005 5336 3189 5414 λόγια]
3239 5342 3388 5399 Psal.
3421 5359 3559 5414 xvn,
3600 5346 3691 5403 37.

1878 5526 2106 5583 NOTAE.

358 5629 476 5703 (48)
503 5629 611 5695 Qui
643 5645 769 5687 mos
798 5629 858 5686 in
898 5628 1181 5702 Hispania
1210 5631 1505 5705 hodieque
1535 5636 1852 5706 spectatur,
1886 5634 1956 5691 ad
1987 5638 2195 5692 uastum
2222 5635 2461 5694 ardente
2490 5636 2755 5695 canicula
2783 5637 3210 5711 depellendum.
