4184 6212
413 280 526 339 771

419 506 713 577 mogenito
743 504 802 559 in
835 504 1033 560 orbem
1065 505 1228 555 terrae
1271 498 1598 554 introducto
1635 497 1934 567 Scriptura
1977 496 2059 550 lo-

414 594 616 664 quitur
643 611 654 648 :
687 595 750 648 Et
781 592 1016 646 adorent
1044 605 1170 644 eum
1201 603 1383 644 omnes
1413 586 1599 658 angeli
1630 585 1728 641 Dei
1754 584 1895 639 ⁶¹-⁶².
1920 586 2059 640 Pro-

412 689 609 754 pterea
638 681 814 736 etiam
847 676 1025 733 simul
1049 681 1226 748 atque
1247 676 1319 731 ad
1343 675 1523 731 altare
1548 676 1879 730 sacerdotes
1905 690 2059 731 acce-

414 773 582 840 dunt,
629 772 834 825 cantor
863 781 1031 823 sacer
1078 767 1147 822 de
1197 765 1497 836 superiore
1534 765 1660 820 loco
1693 765 1777 819 sic
1809 763 2059 820 clamat:

413 861 641 915 Sanctus
699 860 862 924 Deus,
919 864 1139 912 sanctus
1195 855 1381 924 fortis,
1435 860 1659 910 sanctus
1707 854 2059 910 immortalis.

417 952 599 1015 Quem
631 949 916 1018 hymnum
968 962 1036 1001 ex
1081 945 1415 1001 veneranda
1463 961 1530 1001 ac
1560 945 1865 1001 tremenda
1896 944 2059 999 Sera-

417 1038 736 1111 phinorum
763 1037 1121 1107 professione
1151 1035 1538 1106 compositum
1573 1033 1802 1088 asserit.
1835 1033 1960 1088 Non
1985 1037 2064 1088 ta-

421 1144 550 1184 men
586 1129 655 1183 de
689 1144 794 1182 suo
838 1125 1050 1180 habere
1091 1125 1200 1179 hoc
1232 1124 1552 1189 inventum,
1606 1123 1749 1176 191
1790 1123 1867 1192 (1))
1899 1123 1998 1177 sed
2033 1137 2062 1176 e

411 1217 748 1273 Judacorum
773 1218 939 1285 gente
961 1217 1276 1285 quemdam
1300 1212 1558 1268 veritatis
1580 1211 1839 1267 doctrina
1862 1211 2059 1265 imbu-

415 1311 564 1373 tum,
599 1305 700 1378 qui
722 1305 867 1360 alios
899 1319 1134 1375 quoque
1156 1302 1401 1357 docendi
1425 1301 1833 1356 auctoritatem
1860 1300 1932 1355 ab
1956 1300 2060 1356 Ec-

417 1395 593 1450 clesia
627 1393 960 1464 accepisset,
994 1393 1184 1447 virum
1211 1395 1418 1445 caetera
1448 1390 1795 1462 sapientem,
1829 1390 2060 1459 vitaque

416 1485 732 1551 illustrem,
783 1483 963 1553 hujus
1011 1481 1285 1536 doctrinm
1325 1479 1494 1535 Jobio
1526 1483 1820 1535 auctorem
1854 1479 2057 1546 fuisse,

416 1591 552 1632 cum
587 1573 743 1628 unde
774 1570 1131 1642 compositus
1164 1573 1315 1624 esset
1337 1585 1500 1625 sacer
1529 1569 1625 1624 ille
1657 1569 1929 1640 hymnus,
1962 1585 2061 1623 ex-

421 1666 680 1736 poneret.
717 1663 926 1717 Doccre
962 1676 1094 1715 vero
1125 1659 1321 1730 ipsum
1355 1674 1421 1714 ex
1461 1658 1923 1714 Cberubinorum
1951 1657 2060 1728 (49)

1613 271 1878 334 ΡΗΟΤΙΙ
1925 269 2458 333 ΡΑΤΒΙΑΒΟΗᾸΕ
2501 273 2620 334 CP.

411 415 870 487 intelligibilium
894 413 1209 485 spirituum
1233 424 1469 467 nomen.
1501 409 1568 463 Et
1588 408 1801 464 iterum
1840 407 1911 462 de
1941 405 2061 478 pri-

2175 403 2408 479 Γράμμά
2472 407 2634 484 φησίν
2698 425 2713 441 ⁸

3701 281 3822 342 772

2791 406 2887 462 Καὶ
2970 409 3496 483 προσκυνησάτωσαν
3554 412 3599 446 ⁴ί
3676 413 3825 484 αὖτῷ

2171 494 2359 556 πάντες
2400 494 2629 570 ἄγγελοι
2688 502 2842 554 Θεοῦ.
2907 498 3002 552 Διί
3056 521 3141 553 τοι
3203 505 3365 555 τοῦτο
3423 501 3513 555 καὶ
3575 504 3688 575 ἅμα
3745 508 3826 574 τῷ

2167 585 2302 658 πρὸς
2332 587 2392 639 τὸ
2425 589 2806 660 Θυσιαστήριον
2841 589 3059 643 εἰσιέναι
3089 590 3215 652 τοὺς
3274 592 3436 664 ἱερεῖς
3480 593 3506 647 ὁ
3559 593 3824 667 ἱεροψάλ-

2166 695 2266 744 της
2319 676 2520 731 ἄνωθεν
2570 673 2772 747 ἀναϐοᾷ
2819 679 2903 750 τὸ,
2944 681 3139 753 ’Ἄγιος
3192 681 3219 735 ὁ
3270 682 3423 748 Θεὸς,
3456 679 3614 756 ἅγιος
3660 683 3822 758 ἰσχυ-

2171 763 2282 838 ρὸς,
2370 766 2526 839 ἅγιος
2603 766 2885 830 ἀθάνατος.
2969 770 3194 823 ’Ἰίντινα
3280 770 3617 846 ὑμνολογίαν
3686 793 3825 846 συγ-

2167 854 2372 908 κεῖσῦαί
2418 876 2580 932 φησιν
2630 855 2690 911 ἐκ
2727 863 2826 924 τῆς
2873 860 2978 911 τῶν
3031 858 3278 936 Σεραφὶμ
3326 861 3561 934 ορικτῆς
3611 860 3825 933 ὁμολο-

2169 943 2310 1018 γίας.
2346 946 2488 1014 Φησὶ
2524 942 2580 999 δέ
2612 946 2685 1007 ὡς
2719 943 2841 1000 οὐδ’
2870 944 3083 1000 οἴκοθεν
3127 948 3262 1021 πρὸς
3311 948 3510 1019 ταύτην
3540 949 3677 1018 ἦλθε
3718 954 3823 1020 τήν

2168 1027 2392 1100 ἔννοιαν,
2454 1032 2580 1088 ἀλλ’
2639 1033 2688 1104 ἒξ
2751 1033 3027 1089 Ἰουδαίων
3083 1057 3165 1098 τις
3223 1039 3314 1091 τόν
3379 1046 3477 1107 τῆς
3536 1039 3821 1110 ἀληθείας.

2169 1119 2330 1194 λόγον
2385 1124 2723 1196 κατηχηθεῖς
2791 1125 2877 1178 καὶ
2941 1122 3146 1186 ἄλλους
3205 1133 3470 1201 κατηχεῐν
3519 1129 3664 1202 παρὰ
3721 1137 3825 1198 τῆς

2169 1207 2495 1280 Ἐκκλησίας
2525 1211 2737 1284 ἀξίωμα
2795 1207 3002 1281 λαϐὼν,
3073 1213 3236 1292 σοφός
3296 1236 3354 1270 τε
3408 1215 3474 1270 τὰ
3536 1216 3683 1272 ἄλλα
3729 1219 3823 1273 καὶ

2172 1298 2275 1373 βίῳ
2319 1297 2592 1372 λαμπρὸς,
2643 1299 2844 1362 ἐκεῖνος
2883 1302 3033 1376 αὖτῷ
3081 1310 3178 1372 τῆς
3230 1307 3590 1380 προκειμένης
3641 1309 3823 1380 μαθή-

2168 1409 2302 1451 σεως
2331 1392 2702 1464 καθηγήσατο,
2745 1390 2794 1464 ἐξ
2844 1394 2916 1445 ὧν
3035 1393 3319 1468 ἱερολογία
3373 1393 3648 1465 συνετέθη,
3701 1399 3825 1452 ἀνα-

2169 1475 2541 1551 διδαξαμενος.
2593 1478 2868 1536 Διδάσκειν
2920 1481 3012 1535 οὖν
3070 1482 3228 1537 αὐτόν
3275 1505 3436 1553 φησιν
3497 1480 3558 1540 ἔκ
3604 1507 3662 1541 τε
3720 1494 3827 1556 τῆς

2171 1563 2514 1641 Χερουϐικῆς
2583 1569 2918 1646 ὑμνολογίας
2975 1571 3065 1625 καὶ
3130 1577 3225 1627 τοῦ
3298 1575 3384 1646 μα’
3451 1574 3678 1648 ψαλμοῦ
3709 1581 3822 1631 τῶν

2174 1656 2514 1731 ἱεροψαλτῶν
2548 1661 2909 1715 συντεθεῖσθαι
2938 1662 2999 1714 τὸ
3045 1659 3354 1736 μελῲδημα
3389 1684 3401 1696 ·
3454 1661 3672 1734 ᾅδεσθαι
3725 1666 3824 1737 μὲν

417 1753 656 1825 hymno.
695 1756 752 1807 et
800 1750 1025 1820 psalmo
1069 1766 1160 1803 xm
1203 1764 1500 1804 sacrorum
1544 1752 1848 1803 cantorum
1879 1747 2063 1802 canti—

2174 1746 2276 1820 γὰρ
2311 1745 2358 1800 ἐν
2411 1750 2490 1818 τῷ
2539 1746 2743 1820 ψαλμῷ
2776 1751 2868 1804 τὸν
2916 1751 3044 1804 Θεὸν
3075 1749 3165 1804 τὸν
3221 1750 3444 1824 ἰσχυρὸν
3490 1753 3580 1806 τὸν
3623 1757 3826 1822 ζῶντα,

422 1858 556 1898 cum
588 1841 731 1896 illud
782 1840 1096 1896 conﬂatum
1144 1854 1292 1894 esse.
1341 1837 1630 1893 Celebrari
1672 1837 1825 1892 enim
1863 1837 1920 1890 in
1953 1836 2062 1891 hoc

413 1930 646 1988 Psalmo
678 1932 844 1985 Deum
884 1933 1084 2000 [erlem
1128 1931 1350 1983 vivum:
1398 1944 1463 1981 ac
1511 1930 1790 1981 mutatam
1825 1925 2062 1996 quidem

413 2037 535 2078 esse
556 2036 752 2076 vocem
774 2020 961 2073 vivum
985 2019 1044 2072 in
1070 2016 1450 2088 aequipollens
1471 2014 1755 2071 vocabqu
1770 2033 1820 2069 m
1843 2017 2064 2068 immor-

417 2112 569 2178 talis,
602 2111 727 2181 ipsa
751 2123 888 2164 voce
917 2109 1079 2178 [ortis
1102 2110 1359 2161 retenta:
1396 2106 1477 2160 ita
1500 2121 1725 2160 sacrum
1751 2104 1894 2158 illud
1924 2121 2061 2160 can-

416 2201 597 2255 ticum
638 2201 972 2253 contextum
1023 2212 1171 2253 esse.
1215 2196 1388 2251 Porro
1438 2194 1678 2265 eXprimi
1711 2210 1878 2251 voces
1924 2195 2063 2249 Deus

422 2292 480 2345 et
509 2289 766 2355 Sanctus,
816 2290 880 2341 ut
929 2285 1224 2340 distinctio
1260 2286 1359 2339 fiat
1390 2285 1460 2339 ab
1499 2282 1784 2340 idolorum
1817 2283 2062 2339 simula-

420 2379 557 2442 cris,
609 2393 733 2446 quae
791 2374 1089 2430 terrestria
1138 2379 1296 2444 sunt,
1345 2375 1733 2428 humanarum
1781 2389 2060 2428 manuum

419 2483 587 2536 opus,
621 2469 677 2520 et
707 2480 850 2518 veras
891 2463 1381 2519 abominationes.
1415 2464 1589 2517 Fortis
1619 2478 1750 2517 vero
1783 2461 2060 2517 adversus

418 2560 602 2623 muta,
663 2551 989 2608 immobilia
1045 2556 1102 2607 et
1151 2551 1443 2606 imbecilla
1493 2551 1665 2606 idola.
1717 2553 2061 2606 Immortalis

416 2643 688 2714 denique,
713 2643 864 2712 quod
889 2641 1042 2696 idola
1061 2657 1164 2697 nec
1188 2641 1433 2711 spirent,
1451 2657 1552 2695 nec
1577 2639 1754 2695 ullam
1773 2641 2060 2696 efficiendi

416 2733 534 2788 vim
569 2731 859 2787 habeant:
893 2733 991 2787 sed
1035 2746 1141 2786 nec
1172 2730 1462 2786 tantillam
1501 2731 1736 2800 quidem
1770 2731 1896 2785 vita:
1930 2748 2060 2802 par-

420 2827 536 2878 tem
573 2820 922 2892 acceperint.
955 2821 1164 2875 Narrat
1203 2820 1312 2874 hoc
1350 2820 1551 2889 etiam,
1595 2820 1863 2875 eumdem
1898 2819 2057 2876 illum

422 2928 656 2966 sacrum
704 2910 889 2965 virum
933 2925 1060 2964 sese
1106 2908 1396 2977 docuisse,
1439 2909 1933 2979 quemadmodum
1989 2911 2061 2964 ab

422 3000 550 3055 aliis
592 3015 824 3070 quoque
875 2997 1258 3068 scriptoribus
1298 2998 1563 3062 refertur,
1616 3001 1679 3051 ut
1718 2999 1919 3052 beatus
1949 2998 2060 3069 (60)

415 3090 657 3145 Proclus
701 3089 1257 3161 (Constantinopolis
1306 3089 1357 3143 is
1390 3088 1596 3159 pracsul
1631 3090 1774 3160 erat)
1808 3088 2067 3160 prredicti

415 3180 621 3251 hymni
666 3179 1185 3244 constructionem,
1239 3193 1338 3247 per
1388 3177 1792 3232 rcvelationem
1825 3179 2066 3233 edoctus

419 3267 517 3336 sit,
552 3285 682 3322 cum
705 3267 925 3338 angelis
948 3283 1181 3321 sacrum
1203 3268 1358 3322 hunc
1382 3266 1666 3338 hymnum
1701 3267 2065 3334 canentibus,

426 3360 656 3430 primus
687 3357 785 3413 ille
815 3358 1076 3412 eamdem
1101 3357 1307 3412 deinde
1330 3357 1656 3411 doctrinam
1688 3357 1909 3413 hausit.
1944 3358 2068 3413 Tali

428 3448 822 3518 disputatione
852 3446 1205 3503 vecesimum
1239 3451 1508 3517 quartum
1532 3451 1588 3501 et
1610 3446 1881 3518 quintum
1915 3447 2066 3502 clau-

427 3540 584 3594 ditur
624 3544 820 3610 caput.

498 3628 584 3681 26.
607 3626 803 3697 Capite
825 3625 1102 3682 vicesimo
1129 3629 1292 3681 sexto
1309 3625 1573 3691 refertur,
1594 3643 1694 3682 sex
1709 3627 1929 3682 dierum
1958 3645 2068 3682 nu-

423 3731 648 3772 merum
670 3716 726 3770 in
747 3715 1034 3787 principio
1052 3720 1253 3787 typum
1273 3731 1400 3771 esse
1423 3717 1805 3788 agnoscenda
1821 3717 2069 3774 Trinita-

421 3806 518 3870 tis,
538 3805 796 3876 illudque
809 3821 942 3862 cum
963 3822 1031 3862 ex
1044 3804 1174 3861 aliis
1196 3805 1566 3861 manifestum
1583 3807 1846 3875 evadere,
1863 3813 1984 3862 tum
2001 3823 2070 3863 ex

421 3893 519 3950 illo
543 3911 554 3947 :
577 3896 698 3950 Dies
712 3893 824 3949 diei
843 3899 1059 3950 eructat
1071 3895 1298 3950 verbum
1319 3903 1370 3950 et
1386 3911 1498 3950 nox
1512 3896 1876 3952 noctiindicat
1893 3897 2065 3952 scien-

419 3986 559 4039 tiam
591 3984 656 4040 ⁸³.
708 3983 852 4048 Quin
886 3992 938 4040 et
983 3999 1050 4038 ex
1096 3983 1231 4040 illo:
1283 3986 1342 4040 In
1375 3986 1560 4056 capite
1616 3985 1750 4040 libri
1794 3986 2070 4056 scriptum

424 4079 506 4127 est
536 4071 600 4127 de
629 4088 715 4126 me
745 4070 826 4126 “z
867 4071 1077 4142 quibus
1117 4071 1374 4144 [saltem]
1407 4073 1743 4143 contigisset
1777 4074 2070 4145 percipere

423 4176 524 4216 sex
553 4159 670 4215 illis
693 4160 1018 4216 initialibus
1051 4161 1257 4217 diebus
1290 4161 1434 4216 nihil
1465 4176 1595 4216 esse
1623 4161 2066 4235 intelligendum

419 4263 642 4314 eorum,
668 4265 793 4318 quas
825 4253 1189 4319 apparerent.
1223 4253 1402 4319 Caput
1434 4249 1590 4305 enim
1625 4255 1680 4306 et
1711 4251 2062 4322 principium

2177 1834 2594 1909 μεταληφθῇναι
2652 1835 2707 1890 δέ
2765 1839 2826 1891 τὸ
2858 1839 2904 1873 ⁸³
2966 1839 3058 1910 μέν
3116 1843 3292 1908 ζῶντα
3351 1840 3426 1902 εἷς
3487 1839 3824 1915 ἰσοδῦναμον

3310 1925 3350 1944 κς

2172 1927 2298 1997 [315
2356 1927 2444 1999 [1.]
2502 1926 2563 1979 τὸ
2623 1925 2908 1995 ἀθάνατον,
2967 1927 3246 1998 αὐτολεξεὶ
3306 1925 3362 1983 δὲ
3421 1926 3828 2003 διατηρηοῆναι

2169 2015 2260 2068 τὸν
2321 2015 2570 2088 ἰσχυρὸν,
2620 2015 2708 2068 καὶ
2761 2015 2902 2068 οὕτω
2963 2019 3359 2094 συνυφανθῆναί
3408 2039 3460 2074 τι
3516 2017 3831 2092 μελῴδημα

2169 2102 2230 2155 τὸ
2262 2103 2428 2178 ἱερὸν.
2463 2099 2848 2157 Ἃποὸεδὸσοαι
2901 2102 3084 2175 μέντοι
3119 2126 3179 2181 γε
3217 2107 3279 2159 τὸ
3333 2106 3424 2178 μὶν
3465 2107 3593 2167 Θεὸς
3619 2107 3709 2161 καὶ
3759 2109 3823 2162 τὸ

2172 2187 2322 2264 ἅγιος
2366 2192 2500 2266 πρὸς
2559 2190 2974 2262 ἀντιδιαστολὴν
3021 2198 3127 2248 τῶν
3188 2191 3491 2250 εἰδωλικῶν
3543 2191 3821 2268 σεϐασμά-

2172 2303 2299 2349 των,
2332 2279 2363 2334 ἂ
2409 2279 2586 2353 γεώδη
2621 2282 2678 2336 τέ
2727 2281 2838 2336 ἐστι
2891 2283 2981 2337 καὶ
3013 2288 3214 2358 χειρῶν
3258 2285 3303 2320 4³
3343 2283 3643 2359 ανθρώπων
3693 2281 3825 2361 ἔργα

2170 2371 2259 2424 καὶ
2296 2366 2644 2443 βδελύγματα
2675 2370 2746 2431 ὡς
2797 2369 3019 2440 ἀληθῶς
3055 2391 3067 2403 ο
3118 2372 3179 2426 τὸ
3211 2369 3268 2426 δε
3320 2373 3544 2448 ἰσχυρὸς
3577 2375 3720 2449 πρὸς
3760 2376 3822 2430 τὸ

2171 2457 2388 2513 ἐκείνων
2445 2458 2658 2535 ἄφωνον
2718 2458 2808 2514 καὶ
2867 2459 3120 2531 ἀκίνητον
3181 2459 3272 2516 καί
3331 2460 3561 2531 ἀσθενὲς,
3633 2465 3697 2518 τὸ
3769 2461 3823 2519 δὲ

2174 2547 2428 2607 ἀθάνατος
2493 2548 2627 2620 πρὸς
2683 2553 2745 2602 τὸ
2795 2545 2990 2602 ἄπνουν
3049 2548 3266 2603 ἐκείνων
3316 2551 3404 2604 καὶ
3463 2550 3823 2627 ἀνενέργητον

2171 2635 2259 2689 καὶ
2311 2632 2423 2688 οὐδ’
2468 2636 2714 2688 ὁπωσοῦν
2770 2642 2916 2705 ζωῆς
2952 2637 3246 2710 μετασχὸν.
3295 2637 3445 2711 Λέγιι
3479 2637 3534 2694 δὲ
3583 2641 3674 2695 τὸν
3728 2639 3826 2693 αὗ-

2171 2725 2261 2778 τὸν
2294 2724 2434 2798 ἱερὸν
2488 2721 2656 2797 ἄνδρα
2685 2724 2775 2778 καὶ
2823 2728 2984 2779 τοῦτο
3031 2724 3193 2779 αὐτὸν
3240 2723 3639 2798 ἐκδιδάξασθαι,
3691 2729 3828 2782 καθᾶ

2171 2813 2260 2867 καὶ
2328 2812 2530 2888 ἑτέροις
2582 2812 2943 2887 ἐξιστόρηται,
3003 2815 3076 2876 ὡς
3135 2819 3212 2885 τῷ
3277 2816 3527 2889 μακαρίῳ
3586 2817 3824 2892 Πρόκλῳ

2174 2901 2820 2974 (Κωνσταντινουπὸλεως
2873 2899 2929 2956 δὲ
2987 2900 3253 2978 πρόεδρος
3439 2907 3472 2974 ἡ
3531 2910 3624 2960 τοῦ
3665 2907 3826 2980 εἰρη-

2179 2992 2343 3064 μένου
2402 2988 2804 3064 μελῳδήματος
2866 2989 2935 3045 δι’
3003 2990 3403 3065 ἀποκαλύψεως
3470 2997 3701 3067 [ἐμυήθη
3750 2997 3824 3068 “j

2175 3081 2434 3149 σύνθεσις,
2488 3080 2731 3154 ἀγγέλων
2785 3081 2880 3152 μὲν
2933 3083 3032 3151 τήν
3081 3080 3394 3156 ἱερολογίαν
3445 3084 3642 3153 ταυτην
3693 3083 3828 3138 ἁνα-

2178 3169 2522 3245 μελπὸντων,
2570 3168 2775 3224 ἐκείνου
2835 3167 2891 3224 δὲ
2946 3172 3044 3239 τήν
3096 3171 3293 3242 μύησιν
3353 3174 3574 3246 πρώτου
3624 3172 3825 3228 ἐκεῖθεν

2174 3257 2546 3331 ἐκδεξαμένου.
2594 3263 2856 3316 Τοιοῦτον
2921 3259 3014 3332 μὲν
3066 3259 3247 3335 ἀγῶνα
3303 3261 3493 3315 καὶτὸ
3549 3258 3591 3315 δ’
3640 3262 3733 3316 καὶ
3783 3265 3830 3317 κ’

2175 3349 2287 3419 ἅμα
2314 3351 2411 3401 τοῦ
2451 3348 2642 3424 ἐφεξῆς
2667 3348 2702 3401 ε’
2735 3346 3029 3426 κεφαλαίου
3063 3346 3371 3408 ὑποδύεται.

2248 3620 2333 3674 Ἐν
2364 3615 2419 3672 δέ
2447 3622 2526 3690 τῷ
2557 3617 2670 3692 κζη
2702 3615 2981 3688 κεφαλαίῳ
3021 3615 3168 3693 λέγει
3201 3617 3291 3672 τὸν
3322 3619 3364 3653 “
3397 3617 3448 3671 έν
3497 3623 3568 3692 τῇ
3613 3639 3830 3692 κοσμο-

2176 3709 2350 3785 γενείᾳ
2380 3712 2495 3762 κατ’
2526 3707 2698 3781 ἀρχὰς
2728 3711 2834 3760 τῶν
2991 3708 3214 3780 ἡμερῶν
3245 3706 3475 3781 ἀριθμὸν
3524 3708 3697 3763 τύπον
3751 3709 3828 3763 εἶ-

2174 3819 2258 3852 ναι
2289 3804 2388 3866 τῆς
2427 3793 2712 3871 τριαδικῆς
2764 3796 3110 3868 Οεογνωσίας,
3144 3797 3232 3850 καὶ
3282 3800 3443 3852 τοῦτο
3477 3794 3682 3867 δηλοῦν
3733 3800 3827 3852 σὺν

2175 3887 2261 3942 καί
2309 3907 2448 3940 τισιν
2499 3884 2702 3958 έτέροις
2751 3883 2839 3937 καὶ
2887 3883 2971 3952 τὸ,
3008 3885 3218 3960 Ἡμέρα
3249 3886 3293 3920 ‘6
3330 3889 3398 3958 τῇ
3444 3885 3626 3961 ἡμέρᾳ
3675 3885 3828 3960 ἐρεύ-

2174 3998 2324 4051 γεται
2401 3977 2572 4050 ῥῆμα,
2651 3974 2738 4027 καὶ
2816 3972 2905 4042 νὺξ
2991 3974 3142 4028 νυκτὶ
3216 3974 3534 4048 ἀνα-(γέλλει
3601 3981 3829 4051 γνῶσιν.

2177 4065 2354 4122 Ἀλλᾶ
2413 4065 2501 4120 καὶ
2560 4064 2645 4133 τὸ,
2706 4067 2789 4120 Ἐν
2845 4060 3100 4140 κεφαλίδι
3151 4064 3195 4099 ⁴⁷
3258 4060 3478 4138 βιϐλίου
3528 4064 3832 4141 γέγραπται

2177 4155 2299 4230 περὶ
2351 4153 2509 4227 ἐμοῦ,
2560 4151 2707 4214 ὅσοις
2737 4151 2948 4228 γέγονεν
3001 4154 3076 4213 εἰς
3108 4155 3201 4214 τὰς
3245 4154 3477 4230 ἀρχικὰς
3524 4152 3731 4216 ἐκείνας
3777 4157 3828 4224 ’ἐξ

2179 4247 2390 4322 ἡμέρας
2439 4238 2710 4313 ἐκλαϐεῖν,
2754 4239 2906 4297 οὐδὲν
2939 4247 3044 4298 τῶν
3097 4245 3547 4321 ἀπεμφαινόντων
3605 4242 3831 4316 διανοη-

418 4335 576 4400 libri,
620 4336 740 4391 sive
790 4337 982 4392 omnis
1015 4354 1048 4392 a
1095 4337 1210 4393 Deo
1259 4337 1553 4409 inspirata:
1603 4339 1922 4408 Scriptura,
1975 4341 2062 4396 est

2180 4339 2356 4405 Οῆναι.
2390 4332 2615 4408 Κεφαλὴ
2665 4333 2768 4407 γὰρ
2800 4333 2888 4386 καὶ
2931 4333 3077 4407 ἀρχὴ
3135 4328 3379 4408 βιϐλίου,
3435 4335 3682 4389 τουτέστι
3731 4334 3833 4388 πά-

417 4441 564 4496 opus
580 4439 678 4479 sex
697 4426 945 4493 dierum,
973 4425 1189 4496 quibus
1213 4427 1414 4481 mundi
1439 4427 1652 4483 creatio
1673 4429 1926 4500 perfecta
1947 4437 2063 4486 est:

420 4514 588 4584 cujus
621 4529 689 4568 ex
714 4514 1118 4583 magnitudine
1142 4531 1207 4570 ac
1230 4515 1666 4587 pulchritudine
1691 4519 1926 4574 Creator
1949 4522 2068 4591 ipso

419 4601 656 4674 agnitus
691 4603 935 4658 canitur.
972 4604 1291 4675 Imaginem
1326 4622 1457 4660 vero
1490 4607 1699 4662 referre
1731 4608 2064 4664 Trinitatis:

421 4696 476 4747 et
507 4692 575 4746 ad
611 4692 871 4763 mysterii
895 4694 1288 4763 cognitionem
1322 4695 1643 4751 conducere
1674 4696 1908 4752 eosdem
1937 4698 2069 4754 illos

419 4798 519 4837 sex
550 4781 671 4838 dies
703 4779 934 4849 asserit,
969 4798 1083 4837 non
1111 4783 1308 4838 minus
1340 4799 1517 4855 quam
1551 4785 1619 4841 de
1651 4802 1750 4840 sex
1780 4785 1890 4842 alis
1921 4787 2070 4844 Che-

418 4871 586 4926 rubin
637 4871 959 4943 symbolica
990 4876 1045 4927 et
1085 4889 1251 4928 sacra
1281 4874 1486 4928 oratio.
1523 4877 1656 4940 Quae
1701 4883 1852 4932 certe
1901 4878 2071 4934 doce-

2178 4447 2276 4494 σης
2333 4431 2433 4492 τῆς
2473 4422 2829 4477 Οεοπνεῦστου
2881 4428 3119 4498 Γραφῆς,
3179 4425 3212 4490 ἡ
3269 4422 3591 4498 ἑξαὴμερος,
3632 4421 3686 4477 ἐν
3738 4425 3832 4485 αἷς

2176 4519 2210 4586 ἡ
2243 4517 2416 4577 κτίσις
2451 4513 2802 4582 συνετελέσθη
2838 4529 2852 4544 ⁶
2898 4514 2971 4566 ὧν
3007 4513 3066 4567 ἐκ
3117 4514 3377 4589 μεγέθους
3416 4513 3509 4567 καὶ
3546 4511 3830 4583 καλλονῆς

2178 4607 2205 4659 ὁ
2266 4603 2607 4677 δημιουργὸς
2661 4596 3217 4673 καταλαμϐανόμενος
3274 4603 3607 4673 ἀνυμνεῐται.
3665 4602 3832 4658 Εἰκο-

2176 4693 2338 4763 νίζειν
2372 4690 2428 4748 δὲ
2456 4693 2554 4761 τήν
2605 4688 2813 4765 Τριαδα
2851 4689 2942 4744 καὶ
2998 4691 3133 4764 πρὸς
3184 4687 3536 4744 διδασκαλίαν
3575 4695 3675 4745 τοῦ
3730 4714 3832 4762 μυ-

2179 4785 2428 4858 στηρίου,
2461 4780 2732 4836 συντελεῖν
2760 4780 2855 4841 τὰς
2885 4781 3050 4841 αὐτὰς
3163 4780 3394 4854 ἡμέρας,
3427 4780 3612 4857 φησὶν,
3645 4781 3831 4856 ὥσπερ

2177 4876 2413 4930 καὶτῶν
2470 4872 2522 4945 ’ἐξ
2573 4866 2920 4946 Χερουϐικῶν
2981 4870 3264 4945 πτερύγων
3325 4870 3422 4938 τὴν
3480 4866 3830 4944 συμϐολικὴ-ι

491 4991 626 5033 ⁸³-⁶²
649 4991 819 5048 Deut.
848 5007 1021 5060 xxxu,
1049 4991 1116 5046 42
1148 5007 1260 5048 sec.
1289 4992 1463 5060 LXX;
1490 4992 1642 5050 Psal.
1677 5011 1825 5061 xcvr,
1855 4996 1929 5064 7;
1964 4994 2134 5053 Hebr.
2160 5012 2199 5058 ι,
2233 4995 2285 5049 6.
2319 4992 2366 5028 ⁸³
2395 4992 2551 5050 Psal.
2574 5008 2738 5061 xvm,
2770 4997 2822 5050 3.
2855 4991 2900 5026 ³⁸
2931 4989 3086 5046 Psal.
3114 5007 3310 5061 xxxix,
3341 4991 3372 5044 8
3397 4994 3452 5046 et
3482 4989 3655 5046 Hebr.
3688 5010 3742 5057 χ,
3773 4994 3830 5048 7.

1783 5112 2023 5170 VARUE
2064 5113 2469 5170 LECTlONES.

493 5205 534 5240 ‘1
568 5205 657 5280 καὶ
688 5209 910 5280 προσκ.]
944 5209 1114 5264 Deut.
1163 5226 1336 5276 χχχιι,
1372 5211 1460 5265 42.

423 5281 558 5332 ante
589 5277 645 5332 id
694 5277 934 5335 verbum
986 5280 1258 5338 lacunam
1309 5282 1487 5338 habet
1516 5299 1722 5339 versus
1768 5277 2018 5339 dimidii;

423 5349 468 5384 ιτ
501 5346 551 5401 ἐν
584 5349 730 5424 κεφ.]
766 5351 914 5407 Psal.
948 5368 1141 5418 xxxrx,
1173 5353 1227 5407 8.

1575 5209 1956 5264 “15mm
1999 5211 2081 5269 ς.

1999 5211 2081 5285 ς.
2195 5213 2240 5246 ⁴³
2269 5215 2472 5286 γειρῶν
2523 5211 2630 5262 τῶν
2671 5211 2801 5281 ἀνθρ

2006 5326 2018 5338 .
2131 5283 2177 5318 ⁴⁶
2208 5277 2353 5357 λέίει
2399 5281 2491 5335 τὸν
2524 5286 2566 5334 Α
2599 5298 2611 5337 :
2647 5277 2864 5356 λέγεται

3030 5208 3074 5243 ⁸⁸
3105 5206 3319 5277 ἐμυήθη
3372 5222 3488 5261 om.
3526 5221 3610 5276 pr.
3654 5209 3695 5258 Α
3735 5223 3748 5261 :
3789 5209 3832 5262 C

2195 5213 2240 5246 ‘3
2269 5215 2472 5286 γειρῶν
2523 5211 2630 5262 τῶν
2671 5207 2801 5281 ἀνθρ
3030 5208 3074 5243 ⁸⁸
3105 5207 3319 5277 ἐμυήθη
3372 5222 3488 5261 om.
3526 5221 3610 5276 pr.
3654 5209 3695 5258 Α
3735 5223 3748 5261 :
3789 5209 3807 5260 τ

2208 5277 2353 5351 λέῆει
2399 5281 2491 5335 τὸν
2524 5286 2566 5334 Α
2599 5298 2611 5337 :
2647 5277 2864 5351 λέγεται
3089 5278 3136 5314 ⁸⁸
3165 5276 3346 5351 ἡμέρα
3395 5277 3548 5333 Psal.
3581 5293 3741 5347 XVIII,
3773 5278 3807 5332 3

3283 5318 3346 5353 Γῆ
3395 5318 3548 5333 ιιι-θυι.
3582 5318 3741 5347 απιιι,
3773 5318 3827 5332 νο

2012 5462 2244 5517 ΝΟΤίΕ.

495 5553 609 5624 (49)
641 5553 1016 5633 Idem_docet
1057 5557 1296 5629 Niceph.
1341 5559 1638 5617 Cabasilas
1687 5559 1934 5633 exposit.
1977 5558 2072 5615 Li-

425 5631 576 5697 turg.
612 5641 736 5697 cap.
769 5627 858 5682 20.

2256 5560 2368 5630 (50)
2454 5557 2779 5630 Georgius“
2819 5556 3144 5624 Celrenus,
3233 5557 3438 5612 Ηὶςιον.
3536 5553 3828 5625 Compend.

2184 5628 2437 5690 anno'30
2474 5628 2807 5689 Theodosii.
