  <div class='ocr_page' id='page_1' title='image "/cluster/home/n/w/nwhite01/storage/ocr_20150623/103/hvd.32044054112495/406.png"; bbox 0 0 4184 6212; ppageno 0'>
   <div class='ocr_carea' id='block_1_1' title="bbox 292 303 408 362">
    <p class='ocr_par' dir='ltr' id='par_1_1' title="bbox 292 303 408 362">
     <span class='ocr_line' id='line_1_1' title="bbox 292 303 408 362; baseline 0 -1"><span class='ocrx_word' id='word_1_1' title='bbox 292 303 408 362; x_wconf 90' lang='lat'><strong>773</strong></span> 
     </span>
    </p>
   </div>
   <div class='ocr_carea' id='block_1_2' title="bbox 1387 297 2600 363">
    <p class='ocr_par' dir='ltr' id='par_1_2' title="bbox 1387 297 2600 363">
     <span class='ocr_line' id='line_1_2' title="bbox 1387 297 2600 363; baseline 0.003 -4"><span class='ocrx_word' id='word_1_2' title='bbox 1387 297 1934 361; x_wconf 81' lang='lat' dir='ltr'>BIBLIOTHECA.</span> <span class='ocrx_word' id='word_1_3' title='bbox 1980 330 2061 350; x_wconf 91' lang='lat'><strong><em>—</em></strong></span> <span class='ocrx_word' id='word_1_4' title='bbox 2101 298 2271 363; x_wconf 89' lang='lat' dir='ltr'>COD.</span> <span class='ocrx_word' id='word_1_5' title='bbox 2320 300 2600 363; x_wconf 84' lang='lat' dir='ltr'>CCXXII.</span> 
     </span>
    </p>
   </div>
   <div class='ocr_carea' id='block_1_3' title="bbox 3579 302 3697 363">
    <p class='ocr_par' dir='ltr' id='par_1_3' title="bbox 3579 302 3697 363">
     <span class='ocr_line' id='line_1_3' title="bbox 3579 302 3697 363; baseline 0 0"><span class='ocrx_word' id='word_1_6' title='bbox 3579 302 3697 363; x_wconf 71' lang='grc'>774</span> 
     </span>
    </p>
   </div>
   <div class='ocr_carea' id='block_1_4' title="bbox 285 430 1931 514">
    <p class='ocr_par' dir='ltr' id='par_1_4' title="bbox 285 430 1931 514">
     <span class='ocr_line' id='line_1_4' title="bbox 285 430 1931 514; baseline -0.002 -22"><span class='ocrx_word' id='word_1_7' title='bbox 285 434 630 514; x_wconf 73' lang='grc' dir='ltr'>ἱερολογίαν.</span> <span class='ocrx_word' id='word_1_8' title='bbox 671 435 735 490; x_wconf 73' lang='grc' dir='ltr'>’Β</span> <span class='ocrx_word' id='word_1_9' title='bbox 772 432 828 489; x_wconf 78' lang='grc' dir='ltr'>δὲ</span> <span class='ocrx_word' id='word_1_10' title='bbox 876 435 979 508; x_wconf 73' lang='grc' dir='ltr'>ἄρα</span> <span class='ocrx_word' id='word_1_11' title='bbox 1018 430 1397 511; x_wconf 79' lang='grc' dir='ltr'>ἐμυσταγώγει</span> <span class='ocrx_word' id='word_1_12' title='bbox 1442 440 1543 504; x_wconf 80' lang='grc' dir='ltr'>τῆς</span> <span class='ocrx_word' id='word_1_13' title='bbox 1594 430 1931 511; x_wconf 75' lang='grc' dir='ltr'>δημιουργοί</span> 
     </span>
    </p>
   </div>
   <div class='ocr_carea' id='block_1_5' title="bbox 2044 430 3704 514">
    <p class='ocr_par' dir='ltr' id='par_1_5' title="bbox 2056 437 3704 513">
     <span class='ocr_line' id='line_1_5' title="bbox 2056 437 3704 513; baseline 0.005 -21"><span class='ocrx_word' id='word_1_14' title='bbox 2056 437 2156 493; x_wconf 84' lang='lat' dir='ltr'>bat</span> <span class='ocrx_word' id='word_1_15' title='bbox 2202 437 2503 496; x_wconf 82' lang='lat' dir='ltr'>Trinitatis</span> <span class='ocrx_word' id='word_1_16' title='bbox 2552 438 2851 497; x_wconf 86' lang='lat' dir='ltr'>creatricis</span> <span class='ocrx_word' id='word_1_17' title='bbox 2899 440 3167 497; x_wconf 74' lang='lat' dir='ltr'>notitiam</span> <span class='ocrx_word' id='word_1_18' title='bbox 3213 456 3315 513; x_wconf 89' lang='lat' dir='ltr'>per</span> <span class='ocrx_word' id='word_1_19' title='bbox 3345 442 3704 500; x_wconf 88' lang='lat' dir='ltr'>materialem</span> 
     </span>
    </p>
   </div>
   <div class='ocr_carea' id='block_1_6' title="bbox 281 520 1937 601">
    <p class='ocr_par' dir='ltr' id='par_1_6' title="bbox 281 520 1937 601">
     <span class='ocr_line' id='line_1_6' title="bbox 281 520 1937 601; baseline -0.002 -18"><span class='ocrx_word' id='word_1_20' title='bbox 281 525 516 600; x_wconf 82' lang='grc' dir='ltr'>Τριάδος</span> <span class='ocrx_word' id='word_1_21' title='bbox 546 526 648 595; x_wconf 80' lang='grc' dir='ltr'>τὴν</span> <span class='ocrx_word' id='word_1_22' title='bbox 676 529 871 601; x_wconf 78' lang='grc' dir='ltr'>γνῶσιν</span> <span class='ocrx_word' id='word_1_23' title='bbox 906 520 978 579; x_wconf 85' lang='grc' dir='ltr'>δι’</span> <span class='ocrx_word' id='word_1_24' title='bbox 1023 522 1218 592; x_wconf 74' lang='grc' dir='ltr'>ὑλιγῆς</span> <span class='ocrx_word' id='word_1_25' title='bbox 1249 524 1637 598; x_wconf 89' lang='grc' dir='ltr'>παραγίνεσθαι</span> <span class='ocrx_word' id='word_1_26' title='bbox 1675 526 1764 580; x_wconf 78' lang='grc' dir='ltr'>καὶ</span> <span class='ocrx_word' id='word_1_27' title='bbox 1814 546 1937 581; x_wconf 83' lang='grc' dir='ltr'>συν-</span> 
     </span>
    </p>
   </div>
   <div class='ocr_carea' id='block_1_7' title="bbox 285 610 1937 687">
    <p class='ocr_par' dir='ltr' id='par_1_7' title="bbox 285 610 1937 687">
     <span class='ocr_line' id='line_1_7' title="bbox 285 610 1937 687; baseline -0.003 -14"><span class='ocrx_word' id='word_1_28' title='bbox 285 616 466 673; x_wconf 81' lang='grc' dir='ltr'>θέτου.</span> <span class='ocrx_word' id='word_1_29' title='bbox 505 614 603 670; x_wconf 79' lang='grc' dir='ltr'>Καὶ</span> <span class='ocrx_word' id='word_1_30' title='bbox 640 615 748 687; x_wconf 75' lang='grc' dir='ltr'>μὴν</span> <span class='ocrx_word' id='word_1_31' title='bbox 795 613 881 668; x_wconf 84' lang='grc' dir='ltr'>καί</span> <span class='ocrx_word' id='word_1_32' title='bbox 926 612 1095 681; x_wconf 81' lang='grc' dir='ltr'>αὐτῆς</span> <span class='ocrx_word' id='word_1_33' title='bbox 1144 619 1244 681; x_wconf 81' lang='grc' dir='ltr'>τῆς</span> <span class='ocrx_word' id='word_1_34' title='bbox 1294 610 1475 681; x_wconf 80' lang='grc' dir='ltr'>ἁπλῆς</span> <span class='ocrx_word' id='word_1_35' title='bbox 1515 613 1604 667; x_wconf 79' lang='grc' dir='ltr'>καί</span> <span class='ocrx_word' id='word_1_36' title='bbox 1654 611 1937 670; x_wconf 80' lang='grc' dir='ltr'>ἂσυνθέτου</span> 
     </span>
    </p>
   </div>
   <div class='ocr_carea' id='block_1_8' title="bbox 289 700 1947 778">
    <p class='ocr_par' dir='ltr' id='par_1_8' title="bbox 289 700 1947 778">
     <span class='ocr_line' id='line_1_8' title="bbox 289 700 1947 778; baseline -0.003 -16"><span class='ocrx_word' id='word_1_37' title='bbox 289 706 481 767; x_wconf 78' lang='grc' dir='ltr'>οὐσίας</span> <span class='ocrx_word' id='word_1_38' title='bbox 513 702 602 760; x_wconf 83' lang='grc' dir='ltr'>διὰ</span> <span class='ocrx_word' id='word_1_39' title='bbox 639 707 739 773; x_wconf 76' lang='grc' dir='ltr'>τῆς</span> <span class='ocrx_word' id='word_1_40' title='bbox 785 701 976 758; x_wconf 76' lang='grc' dir='ltr'>ἑνόλου</span> <span class='ocrx_word' id='word_1_41' title='bbox 1024 702 1113 757; x_wconf 86' lang='grc' dir='ltr'>καὶ</span> <span class='ocrx_word' id='word_1_42' title='bbox 1146 700 1555 776; x_wconf 86' lang='grc' dir='ltr'>συντεθειμένης</span> <span class='ocrx_word' id='word_1_43' title='bbox 1602 704 1702 771; x_wconf 79' lang='grc' dir='ltr'>τήν</span> <span class='ocrx_word' id='word_1_44' title='bbox 1734 700 1947 778; x_wconf 85' lang='grc' dir='ltr'>τριαδι-</span> 
     </span>
    </p>
   </div>
   <div class='ocr_carea' id='block_1_9' title="bbox 291 790 1947 866">
    <p class='ocr_par' dir='ltr' id='par_1_9' title="bbox 291 790 1947 866">
     <span class='ocr_line' id='line_1_9' title="bbox 291 790 1947 866; baseline -0.002 -16"><span class='ocrx_word' id='word_1_45' title='bbox 291 796 396 865; x_wconf 75' lang='grc' dir='ltr'>κήν</span> <span class='ocrx_word' id='word_1_46' title='bbox 458 792 858 850; x_wconf 81' lang='grc' dir='ltr'>ὖπαινίττεσθαι</span> <span class='ocrx_word' id='word_1_47' title='bbox 915 790 1233 866; x_wconf 75' lang='grc' dir='ltr'>κυριότητα.</span> <span class='ocrx_word' id='word_1_48' title='bbox 1295 794 1423 864; x_wconf 83' lang='grc'>[512</span> <span class='ocrx_word' id='word_1_49' title='bbox 1483 793 1576 865; x_wconf 64' lang='lat' dir='ltr'>IL]</span> <span class='ocrx_word' id='word_1_50' title='bbox 1632 793 1791 849; x_wconf 74' lang='grc' dir='ltr'>’Ὀθεν</span> <span class='ocrx_word' id='word_1_51' title='bbox 1858 793 1947 847; x_wconf 84' lang='grc' dir='ltr'>καὶ</span> 
     </span>
    </p>
   </div>
   <div class='ocr_carea' id='block_1_10' title="bbox 294 878 1946 955">
    <p class='ocr_par' dir='ltr' id='par_1_10' title="bbox 294 878 1946 955">
     <span class='ocr_line' id='line_1_10' title="bbox 294 878 1946 955; baseline -0.001 -16"><span class='ocrx_word' id='word_1_52' title='bbox 294 882 384 939; x_wconf 80' lang='grc' dir='ltr'>διὰ</span> <span class='ocrx_word' id='word_1_53' title='bbox 414 881 618 951; x_wconf 82' lang='grc' dir='ltr'>διπλῆς</span> <span class='ocrx_word' id='word_1_54' title='bbox 650 878 880 955; x_wconf 77' lang='grc' dir='ltr'>Τριοὶδος</span> <span class='ocrx_word' id='word_1_55' title='bbox 912 887 1012 949; x_wconf 83' lang='grc' dir='ltr'>τῆς</span> <span class='ocrx_word' id='word_1_56' title='bbox 1039 879 1168 955; x_wconf 73' lang='grc' dir='ltr'>ὑπὲρ</span> <span class='ocrx_word' id='word_1_57' title='bbox 1199 885 1370 935; x_wconf 79' lang='grc' dir='ltr'>πᾶσαν</span> <span class='ocrx_word' id='word_1_58' title='bbox 1400 878 1685 950; x_wconf 80' lang='grc' dir='ltr'>ἁπλότητα</span> <span class='ocrx_word' id='word_1_59' title='bbox 1716 878 1946 955; x_wconf 74' lang='grc' dir='ltr'>Τριαδος</span> 
     </span>
    </p>
   </div>
   <div class='ocr_carea' id='block_1_11' title="bbox 290 966 1950 1046">
    <p class='ocr_par' dir='ltr' id='par_1_11' title="bbox 290 966 1950 1046">
     <span class='ocr_line' id='line_1_11' title="bbox 290 966 1950 1046; baseline -0.001 -19"><span class='ocrx_word' id='word_1_60' title='bbox 290 975 392 1043; x_wconf 82' lang='grc' dir='ltr'>τήν</span> <span class='ocrx_word' id='word_1_61' title='bbox 443 975 647 1046; x_wconf 77' lang='grc' dir='ltr'>γνῶσιν</span> <span class='ocrx_word' id='word_1_62' title='bbox 707 968 1198 1026; x_wconf 78' lang='grc' dir='ltr'>ἀνακαλύπτεσται.</span> <span class='ocrx_word' id='word_1_63' title='bbox 1256 968 1444 1024; x_wconf 80' lang='grc' dir='ltr'>Πίστιν</span> <span class='ocrx_word' id='word_1_64' title='bbox 1497 966 1555 1024; x_wconf 77' lang='grc' dir='ltr'>δὲ</span> <span class='ocrx_word' id='word_1_65' title='bbox 1601 975 1717 1031; x_wconf 86' lang='grc' dir='ltr'>τοῖς</span> <span class='ocrx_word' id='word_1_66' title='bbox 1752 972 1950 1025; x_wconf 86' lang='grc' dir='ltr'>τεθεω-</span> 
     </span>
    </p>
   </div>
   <div class='ocr_carea' id='block_1_12' title="bbox 295 1057 1948 1138">
    <p class='ocr_par' dir='ltr' id='par_1_12' title="bbox 295 1057 1948 1138">
     <span class='ocr_line' id='line_1_12' title="bbox 295 1057 1948 1138; baseline -0.001 -22"><span class='ocrx_word' id='word_1_67' title='bbox 295 1061 558 1138; x_wconf 81' lang='grc' dir='ltr'>ρημένοις</span> <span class='ocrx_word' id='word_1_68' title='bbox 627 1057 908 1122; x_wconf 76' lang='grc' dir='ltr'>ἐπιτιθεὶς,</span> <span class='ocrx_word' id='word_1_69' title='bbox 961 1059 1061 1126; x_wconf 75' lang='grc' dir='ltr'>τὴν</span> <span class='ocrx_word' id='word_1_70' title='bbox 1122 1059 1165 1126; x_wconf 72' lang='grc' dir='ltr'>ζ’</span> <span class='ocrx_word' id='word_1_71' title='bbox 1216 1058 1349 1134; x_wconf 74' lang='grc' dir='ltr'>φησί</span> <span class='ocrx_word' id='word_1_72' title='bbox 1414 1058 1582 1113; x_wconf 85' lang='grc' dir='ltr'>τύπον</span> <span class='ocrx_word' id='word_1_73' title='bbox 1641 1059 1773 1113; x_wconf 75' lang='grc' dir='ltr'>εἶναι</span> <span class='ocrx_word' id='word_1_74' title='bbox 1850 1063 1948 1114; x_wconf 83' lang='grc' dir='ltr'>τοῦ</span> 
     </span>
    </p>
   </div>
   <div class='ocr_carea' id='block_1_13' title="bbox 291 1145 1945 1227">
    <p class='ocr_par' dir='ltr' id='par_1_13' title="bbox 291 1145 1945 1227">
     <span class='ocr_line' id='line_1_13' title="bbox 291 1145 1945 1227; baseline -0.003 -21"><span class='ocrx_word' id='word_1_75' title='bbox 291 1156 490 1227; x_wconf 80' lang='grc' dir='ltr'>καιροῦ</span> <span class='ocrx_word' id='word_1_76' title='bbox 524 1148 749 1217; x_wconf 74' lang='grc' dir='ltr'>ἐκείνου,</span> <span class='ocrx_word' id='word_1_77' title='bbox 785 1148 837 1203; x_wconf 72' lang='grc' dir='ltr'>ἐν</span> <span class='ocrx_word' id='word_1_78' title='bbox 884 1148 929 1218; x_wconf 82' lang='grc' dir='ltr'>ᾧ</span> <span class='ocrx_word' id='word_1_79' title='bbox 978 1151 1083 1202; x_wconf 75' lang='grc' dir='ltr'>τῶν</span> <span class='ocrx_word' id='word_1_80' title='bbox 1116 1145 1440 1221; x_wconf 81' lang='grc' dir='ltr'>παχυτέρων</span> <span class='ocrx_word' id='word_1_81' title='bbox 1489 1146 1578 1201; x_wconf 83' lang='grc' dir='ltr'>καί</span> <span class='ocrx_word' id='word_1_82' title='bbox 1620 1152 1945 1221; x_wconf 78' lang='grc' dir='ltr'>σωματικῶν</span> 
     </span>
    </p>
   </div>
   <div class='ocr_carea' id='block_1_14' title="bbox 289 1235 1947 1317">
    <p class='ocr_par' dir='ltr' id='par_1_14' title="bbox 289 1235 1947 1317">
     <span class='ocr_line' id='line_1_14' title="bbox 289 1235 1947 1317; baseline -0.002 -20"><span class='ocrx_word' id='word_1_83' title='bbox 289 1246 427 1316; x_wconf 78' lang='grc' dir='ltr'>ἡμῖν</span> <span class='ocrx_word' id='word_1_84' title='bbox 484 1240 654 1317; x_wconf 76' lang='grc' dir='ltr'>ἔργων</span> <span class='ocrx_word' id='word_1_85' title='bbox 707 1237 1058 1311; x_wconf 73' lang='grc' dir='ltr'>κατάπαυσις,</span> <span class='ocrx_word' id='word_1_86' title='bbox 1109 1235 1185 1302; x_wconf 83' lang='grc' dir='ltr'>ὥς</span> <span class='ocrx_word' id='word_1_87' title='bbox 1244 1259 1349 1293; x_wconf 81' lang='grc' dir='ltr'>που</span> <span class='ocrx_word' id='word_1_88' title='bbox 1397 1241 1440 1275; x_wconf 70' lang='grc'>⁴⁸</span> <span class='ocrx_word' id='word_1_89' title='bbox 1496 1238 1586 1293; x_wconf 80' lang='grc' dir='ltr'>καὶ</span> <span class='ocrx_word' id='word_1_90' title='bbox 1645 1241 1673 1294; x_wconf 98' lang='lat'>6</span> <span class='ocrx_word' id='word_1_91' title='bbox 1733 1238 1947 1300; x_wconf 83' lang='grc' dir='ltr'>Παῦλος</span> 
     </span>
    </p>
   </div>
   <div class='ocr_carea' id='block_1_15' title="bbox 289 1322 1949 1409">
    <p class='ocr_par' dir='ltr' id='par_1_15' title="bbox 289 1322 1949 1409">
     <span class='ocr_line' id='line_1_15' title="bbox 289 1322 1949 1409; baseline -0.001 -23"><span class='ocrx_word' id='word_1_92' title='bbox 289 1353 484 1409; x_wconf 76' lang='grc' dir='ltr'>φησιν,</span> <span class='ocrx_word' id='word_1_93' title='bbox 516 1332 588 1391; x_wconf 78' lang='grc' dir='ltr'>ὡς</span> <span class='ocrx_word' id='word_1_94' title='bbox 654 1327 1051 1386; x_wconf 83' lang='grc' dir='ltr'>Ἀπολείπεται</span> <span class='ocrx_word' id='word_1_95' title='bbox 1113 1322 1484 1401; x_wconf 85' lang='grc' dir='ltr'>σαϐϐατισμὸς</span> <span class='ocrx_word' id='word_1_96' title='bbox 1539 1333 1618 1401; x_wconf 81' lang='grc' dir='ltr'>τῷ</span> <span class='ocrx_word' id='word_1_97' title='bbox 1677 1328 1796 1401; x_wconf 74' lang='grc' dir='ltr'>λαῷ</span> <span class='ocrx_word' id='word_1_98' title='bbox 1850 1333 1949 1384; x_wconf 88' lang='grc' dir='ltr'>τοῦ</span> 
     </span>
    </p>
   </div>
   <div class='ocr_carea' id='block_1_16' title="bbox 289 1416 1947 1495">
    <p class='ocr_par' dir='ltr' id='par_1_16' title="bbox 289 1416 1947 1495">
     <span class='ocr_line' id='line_1_16' title="bbox 289 1416 1947 1495; baseline -0.002 -19"><span class='ocrx_word' id='word_1_99' title='bbox 289 1425 472 1477; x_wconf 86' lang='grc' dir='ltr'>Θεοῦ·</span> <span class='ocrx_word' id='word_1_100' title='bbox 532 1421 560 1474; x_wconf 89' lang='lat'>6</span> <span class='ocrx_word' id='word_1_101' title='bbox 623 1418 728 1495; x_wconf 74' lang='grc' dir='ltr'>γαρ</span> <span class='ocrx_word' id='word_1_102' title='bbox 801 1416 975 1472; x_wconf 84' lang='grc' dir='ltr'>ἐλθὼν</span> <span class='ocrx_word' id='word_1_103' title='bbox 1045 1416 1122 1479; x_wconf 82' lang='grc' dir='ltr'>εἰς</span> <span class='ocrx_word' id='word_1_104' title='bbox 1191 1419 1288 1487; x_wconf 75' lang='grc' dir='ltr'>τὴν</span> <span class='ocrx_word' id='word_1_105' title='bbox 1356 1418 1690 1473; x_wconf 80' lang='grc' dir='ltr'>κατάπαυσιν</span> <span class='ocrx_word' id='word_1_106' title='bbox 1760 1417 1947 1495; x_wconf 67' lang='grc' dir='ltr'>αὐτοῦ,</span> 
     </span>
    </p>
   </div>
   <div class='ocr_carea' id='block_1_17' title="bbox 282 1505 1947 1582">
    <p class='ocr_par' dir='ltr' id='par_1_17' title="bbox 282 1505 1947 1582">
     <span class='ocr_line' id='line_1_17' title="bbox 282 1505 1947 1582; baseline -0.001 -16"><span class='ocrx_word' id='word_1_107' title='bbox 282 1511 375 1566; x_wconf 81' lang='grc' dir='ltr'>καὶ</span> <span class='ocrx_word' id='word_1_108' title='bbox 461 1508 621 1572; x_wconf 74' lang='grc' dir='ltr'>αυτὸς</span> <span class='ocrx_word' id='word_1_109' title='bbox 696 1508 1025 1563; x_wconf 68' lang='grc' dir='ltr'>κατέπαυσεν</span> <span class='ocrx_word' id='word_1_110' title='bbox 1121 1506 1226 1561; x_wconf 82' lang='grc' dir='ltr'>ἀπὸ</span> <span class='ocrx_word' id='word_1_111' title='bbox 1302 1510 1410 1561; x_wconf 79' lang='grc' dir='ltr'>τῶν</span> <span class='ocrx_word' id='word_1_112' title='bbox 1502 1505 1673 1582; x_wconf 83' lang='grc' dir='ltr'>ἐργων</span> <span class='ocrx_word' id='word_1_113' title='bbox 1760 1507 1947 1569; x_wconf 81' lang='grc' dir='ltr'>αὐτοῦ,</span> 
     </span>
    </p>
   </div>
   <div class='ocr_carea' id='block_1_18' title="bbox 287 1594 1948 1668">
    <p class='ocr_par' dir='ltr' id='par_1_18' title="bbox 287 1594 1948 1668">
     <span class='ocr_line' id='line_1_18' title="bbox 287 1594 1948 1668; baseline 0 -16"><span class='ocrx_word' id='word_1_114' title='bbox 287 1597 474 1668; x_wconf 74' lang='grc' dir='ltr'>ὥσπερ</span> <span class='ocrx_word' id='word_1_115' title='bbox 506 1595 614 1653; x_wconf 72' lang='grc' dir='ltr'>ἀπὸ</span> <span class='ocrx_word' id='word_1_116' title='bbox 657 1603 763 1652; x_wconf 80' lang='grc' dir='ltr'>τῶν</span> <span class='ocrx_word' id='word_1_117' title='bbox 816 1594 968 1651; x_wconf 84' lang='grc' dir='ltr'>ἰδιῶν</span> <span class='ocrx_word' id='word_1_118' title='bbox 1001 1596 1028 1651; x_wconf 90' lang='lat'>6</span> <span class='ocrx_word' id='word_1_119' title='bbox 1079 1596 1229 1658; x_wconf 84' lang='grc' dir='ltr'>Θεός.</span> <span class='ocrx_word' id='word_1_120' title='bbox 1265 1595 1330 1653; x_wconf 78' lang='grc' dir='ltr'>Εἰ</span> <span class='ocrx_word' id='word_1_121' title='bbox 1380 1594 1437 1650; x_wconf 76' lang='grc' dir='ltr'>δὲ</span> <span class='ocrx_word' id='word_1_122' title='bbox 1474 1596 1645 1660; x_wconf 79' lang='grc' dir='ltr'>τόπος</span> <span class='ocrx_word' id='word_1_123' title='bbox 1693 1598 1728 1666; x_wconf 76' lang='grc' dir='ltr'><strong>ἡ</strong></span> <span class='ocrx_word' id='word_1_124' title='bbox 1763 1602 1803 1666; x_wconf 88' lang='grc' dir='ltr'>ζ’</span> <span class='ocrx_word' id='word_1_125' title='bbox 1846 1603 1948 1666; x_wconf 78' lang='grc' dir='ltr'>τῆς</span> 
     </span>
    </p>
   </div>
   <div class='ocr_carea' id='block_1_19' title="bbox 289 1681 1950 1760">
    <p class='ocr_par' dir='ltr' id='par_1_19' title="bbox 289 1681 1950 1760">
     <span class='ocr_line' id='line_1_19' title="bbox 289 1681 1950 1760; baseline 0 -17"><span class='ocrx_word' id='word_1_126' title='bbox 289 1689 683 1749; x_wconf 73' lang='grc' dir='ltr'>καταπαύσεως</span> <span class='ocrx_word' id='word_1_127' title='bbox 726 1691 832 1741; x_wconf 82' lang='grc' dir='ltr'>τῶν</span> <span class='ocrx_word' id='word_1_128' title='bbox 867 1688 993 1760; x_wconf 85' lang='grc' dir='ltr'>παρ’</span> <span class='ocrx_word' id='word_1_129' title='bbox 1040 1688 1177 1760; x_wconf 75' lang='grc' dir='ltr'>ἡμῖν</span> <span class='ocrx_word' id='word_1_130' title='bbox 1226 1681 1397 1760; x_wconf 81' lang='grc' dir='ltr'>ἔργων</span> <span class='ocrx_word' id='word_1_131' title='bbox 1443 1690 1553 1741; x_wconf 82' lang='grc' dir='ltr'>τῶν</span> <span class='ocrx_word' id='word_1_132' title='bbox 1605 1685 1828 1754; x_wconf 79' lang='grc' dir='ltr'>ὑλικῶν,</span> <span class='ocrx_word' id='word_1_133' title='bbox 1860 1686 1950 1743; x_wconf 74' lang='grc' dir='ltr'>ὅτε</span> 
     </span>
    </p>
   </div>
   <div class='ocr_carea' id='block_1_20' title="bbox 284 1775 1943 1833">
    <p class='ocr_par' dir='ltr' id='par_1_20' title="bbox 284 1775 1943 1833">
     <span class='ocr_line' id='line_1_20' title="bbox 284 1775 1943 1833; baseline 0 -1"><span class='ocrx_word' id='word_1_134' title='bbox 284 1778 424 1833; x_wconf 81' lang='grc' dir='ltr'>κατὰ</span> <span class='ocrx_word' id='word_1_135' title='bbox 476 1778 568 1833; x_wconf 85' lang='grc' dir='ltr'>τὸν</span> <span class='ocrx_word' id='word_1_136' title='bbox 611 1777 769 1832; x_wconf 76' lang='grc' dir='ltr'>αὐτὸν</span> <span class='ocrx_word' id='word_1_137' title='bbox 827 1776 1105 1831; x_wconf 83' lang='grc' dir='ltr'>θεσπέσιον</span> <span class='ocrx_word' id='word_1_138' title='bbox 1156 1775 1371 1830; x_wconf 90' lang='grc' dir='ltr'>Παῦλον</span> <span class='ocrx_word' id='word_1_139' title='bbox 1403 1778 1450 1813; x_wconf 80' lang='grc'><strong>⁴⁹</strong></span> <span class='ocrx_word' id='word_1_140' title='bbox 1494 1777 1582 1829; x_wconf 85' lang='grc' dir='ltr'>καί</span> <span class='ocrx_word' id='word_1_141' title='bbox 1627 1775 1688 1831; x_wconf 88' lang='grc' dir='ltr'>τό</span> <span class='ocrx_word' id='word_1_142' title='bbox 1734 1776 1943 1832; x_wconf 86' lang='grc' dir='ltr'>τέλειον</span> 
     </span>
    </p>
   </div>
   <div class='ocr_carea' id='block_1_21' title="bbox 282 1864 1939 1943">
    <p class='ocr_par' dir='ltr' id='par_1_21' title="bbox 282 1864 1939 1943">
     <span class='ocr_line' id='line_1_21' title="bbox 282 1864 1939 1943; baseline -0.001 -20"><span class='ocrx_word' id='word_1_143' title='bbox 282 1871 382 1938; x_wconf 73' lang='grc' dir='ltr'>τῆς</span> <span class='ocrx_word' id='word_1_144' title='bbox 409 1869 660 1943; x_wconf 81' lang='grc' dir='ltr'>γνώσεως</span> <span class='ocrx_word' id='word_1_145' title='bbox 688 1873 789 1935; x_wconf 78' lang='grc' dir='ltr'>τῆς</span> <span class='ocrx_word' id='word_1_146' title='bbox 821 1866 908 1920; x_wconf 78' lang='grc' dir='ltr'>ἐπὶ</span> <span class='ocrx_word' id='word_1_147' title='bbox 955 1865 1154 1941; x_wconf 87' lang='grc' dir='ltr'>μέρους</span> <span class='ocrx_word' id='word_1_148' title='bbox 1195 1864 1387 1939; x_wconf 77' lang='grc' dir='ltr'>σοφίας</span> <span class='ocrx_word' id='word_1_149' title='bbox 1435 1864 1939 1939; x_wconf 82' lang='grc' dir='ltr'>ἀνταλλασσόμεθα,</span> 
     </span>
    </p>
   </div>
   <div class='ocr_carea' id='block_1_22' title="bbox 286 1952 1939 2031">
    <p class='ocr_par' dir='ltr' id='par_1_22' title="bbox 286 1952 1939 2031">
     <span class='ocr_line' id='line_1_22' title="bbox 286 1952 1939 2031; baseline -0.002 -18"><span class='ocrx_word' id='word_1_150' title='bbox 286 1956 533 2031; x_wconf 71' lang='grc' dir='ltr'>εὖλογως</span> <span class='ocrx_word' id='word_1_151' title='bbox 564 1956 656 2011; x_wconf 86' lang='grc' dir='ltr'>καί</span> <span class='ocrx_word' id='word_1_152' title='bbox 703 1956 804 2024; x_wconf 73' lang='grc' dir='ltr'>τὴν</span> <span class='ocrx_word' id='word_1_153' title='bbox 855 1956 1154 2028; x_wconf 68' lang='grc' dir='ltr'>ἒξαημερον</span> <span class='ocrx_word' id='word_1_154' title='bbox 1185 1954 1244 2009; x_wconf 68' lang='grc' dir='ltr'>ἂν</span> <span class='ocrx_word' id='word_1_155' title='bbox 1281 1952 1450 2009; x_wconf 80' lang='grc' dir='ltr'>τύπον</span> <span class='ocrx_word' id='word_1_156' title='bbox 1500 1954 1631 2009; x_wconf 79' lang='grc' dir='ltr'>εἶναι</span> <span class='ocrx_word' id='word_1_157' title='bbox 1671 1961 1773 2024; x_wconf 77' lang='grc' dir='ltr'>τῆς</span> <span class='ocrx_word' id='word_1_158' title='bbox 1818 1953 1939 2010; x_wconf 74' lang='grc' dir='ltr'>ὁλιο</span> 
     </span>
    </p>
   </div>
   <div class='ocr_carea' id='block_1_23' title="bbox 282 2041 1933 2121">
    <p class='ocr_par' dir='ltr' id='par_1_23' title="bbox 282 2041 1933 2121">
     <span class='ocr_line' id='line_1_23' title="bbox 282 2041 1933 2121; baseline -0.001 -20"><span class='ocrx_word' id='word_1_159' title='bbox 282 2053 384 2117; x_wconf 77' lang='grc' dir='ltr'>κῆς</span> <span class='ocrx_word' id='word_1_160' title='bbox 424 2046 840 2121; x_wconf 77' lang='grc' dir='ltr'>τεθεωρήκαμεν</span> <span class='ocrx_word' id='word_1_161' title='bbox 888 2045 1164 2119; x_wconf 86' lang='grc' dir='ltr'>γνώσεως,</span> <span class='ocrx_word' id='word_1_162' title='bbox 1213 2044 1333 2098; x_wconf 78' lang='grc' dir='ltr'>καθ’</span> <span class='ocrx_word' id='word_1_163' title='bbox 1381 2045 1445 2112; x_wconf 80' lang='grc' dir='ltr'>ἣν</span> <span class='ocrx_word' id='word_1_164' title='bbox 1494 2041 1553 2098; x_wconf 83' lang='grc' dir='ltr'>ἐκ</span> <span class='ocrx_word' id='word_1_165' title='bbox 1610 2045 1806 2119; x_wconf 89' lang='grc' dir='ltr'>μέρους</span> <span class='ocrx_word' id='word_1_166' title='bbox 1847 2046 1933 2099; x_wconf 85' lang='grc' dir='ltr'>καὶ</span> 
     </span>
    </p>
   </div>
   <div class='ocr_carea' id='block_1_24' title="bbox 282 2132 1937 2211">
    <p class='ocr_par' dir='ltr' id='par_1_24' title="bbox 282 2132 1937 2211">
     <span class='ocr_line' id='line_1_24' title="bbox 282 2132 1937 2211; baseline -0.002 -19"><span class='ocrx_word' id='word_1_167' title='bbox 282 2136 335 2193; x_wconf 82' lang='grc' dir='ltr'>ἐν</span> <span class='ocrx_word' id='word_1_168' title='bbox 377 2136 685 2211; x_wconf 76' lang='grc' dir='ltr'>αἰνίγμασιν</span> <span class='ocrx_word' id='word_1_169' title='bbox 726 2138 762 2205; x_wconf 81' lang='grc' dir='ltr'>ἡ</span> <span class='ocrx_word' id='word_1_170' title='bbox 813 2135 936 2209; x_wconf 81' lang='grc' dir='ltr'>περὶ</span> <span class='ocrx_word' id='word_1_171' title='bbox 974 2135 1037 2189; x_wconf 89' lang='grc' dir='ltr'>τὸ</span> <span class='ocrx_word' id='word_1_172' title='bbox 1087 2139 1240 2189; x_wconf 82' lang='grc' dir='ltr'>Θεῖον</span> <span class='ocrx_word' id='word_1_173' title='bbox 1278 2137 1414 2207; x_wconf 76' lang='grc' dir='ltr'>ἡμῖν</span> <span class='ocrx_word' id='word_1_174' title='bbox 1457 2132 1733 2207; x_wconf 77' lang='grc' dir='ltr'>ὑπόληψις</span> <span class='ocrx_word' id='word_1_175' title='bbox 1783 2154 1937 2209; x_wconf 86' lang='grc' dir='ltr'>περι-</span> 
     </span>
    </p>
   </div>
   <div class='ocr_carea' id='block_1_25' title="bbox 278 2222 1932 2301">
    <p class='ocr_par' dir='ltr' id='par_1_25' title="bbox 278 2222 1932 2301">
     <span class='ocr_line' id='line_1_25' title="bbox 278 2222 1932 2301; baseline -0.002 -21"><span class='ocrx_word' id='word_1_176' title='bbox 278 2225 487 2301; x_wconf 82' lang='grc' dir='ltr'>γέγονε.</span> <span class='ocrx_word' id='word_1_177' title='bbox 529 2224 755 2288; x_wconf 68' lang='grc' dir='ltr'>Τούτοις</span> <span class='ocrx_word' id='word_1_178' title='bbox 784 2224 971 2299; x_wconf 74' lang='grc' dir='ltr'>ἐπάγει</span> <span class='ocrx_word' id='word_1_179' title='bbox 1017 2224 1109 2278; x_wconf 77' lang='grc' dir='ltr'>καὶ</span> <span class='ocrx_word' id='word_1_180' title='bbox 1138 2225 1237 2292; x_wconf 69' lang='grc' dir='ltr'>τὴν</span> <span class='ocrx_word' id='word_1_181' title='bbox 1278 2226 1375 2277; x_wconf 78' lang='grc' dir='ltr'>τοῦ</span> <span class='ocrx_word' id='word_1_182' title='bbox 1417 2222 1694 2298; x_wconf 87' lang='grc' dir='ltr'>Θεολόγου</span> <span class='ocrx_word' id='word_1_183' title='bbox 1725 2226 1932 2300; x_wconf 74' lang='grc' dir='ltr'>φωνήν,</span> 
     </span>
    </p>
   </div>
   <div class='ocr_carea' id='block_1_26' title="bbox 277 2310 1931 2389">
    <p class='ocr_par' dir='ltr' id='par_1_26' title="bbox 277 2310 1931 2389">
     <span class='ocr_line' id='line_1_26' title="bbox 277 2310 1931 2389; baseline 0 -22"><span class='ocrx_word' id='word_1_184' title='bbox 277 2312 407 2375; x_wconf 63' lang='lat' dir='ltr'>&quot;in:</span> <span class='ocrx_word' id='word_1_185' title='bbox 443 2313 608 2389; x_wconf 84' lang='grc' dir='ltr'>μέχρι</span> <span class='ocrx_word' id='word_1_186' title='bbox 655 2316 821 2385; x_wconf 81' lang='grc' dir='ltr'>τριῶν</span> <span class='ocrx_word' id='word_1_187' title='bbox 873 2314 1008 2382; x_wconf 74' lang='grc' dir='ltr'>ἡμῖν</span> <span class='ocrx_word' id='word_1_188' title='bbox 1046 2310 1385 2365; x_wconf 70' lang='grc' dir='ltr'>ὑποστάσεων</span> <span class='ocrx_word' id='word_1_189' title='bbox 1423 2311 1487 2365; x_wconf 87' lang='grc' dir='ltr'>τὸ</span> <span class='ocrx_word' id='word_1_190' title='bbox 1531 2317 1629 2381; x_wconf 80' lang='grc' dir='ltr'>τῆς</span> <span class='ocrx_word' id='word_1_191' title='bbox 1674 2311 1931 2382; x_wconf 82' lang='grc' dir='ltr'>θεότητος</span> 
     </span>
    </p>
   </div>
   <div class='ocr_carea' id='block_1_27' title="bbox 282 2397 1933 2478">
    <p class='ocr_par' dir='ltr' id='par_1_27' title="bbox 282 2397 1933 2478">
     <span class='ocr_line' id='line_1_27' title="bbox 282 2397 1933 2478; baseline -0.002 -21"><span class='ocrx_word' id='word_1_192' title='bbox 282 2406 584 2475; x_wconf 77' lang='grc' dir='ltr'>μυστήριον</span> <span class='ocrx_word' id='word_1_193' title='bbox 647 2398 1085 2478; x_wconf 60' lang='grc' dir='ltr'>ἀνακαλυφθῆναι</span> <span class='ocrx_word' id='word_1_194' title='bbox 1156 2398 1322 2473; x_wconf 87' lang='grc' dir='ltr'>λέγει,</span> <span class='ocrx_word' id='word_1_195' title='bbox 1377 2397 1623 2461; x_wconf 78' lang='grc' dir='ltr'>Μονάδος</span> <span class='ocrx_word' id='word_1_196' title='bbox 1694 2401 1787 2473; x_wconf 74' lang='grc' dir='ltr'>μὲν</span> <span class='ocrx_word' id='word_1_197' title='bbox 1846 2422 1933 2455; x_wconf 81' lang='grc' dir='ltr'>κι-</span> 
     </span>
    </p>
   </div>
   <div class='ocr_carea' id='block_1_28' title="bbox 276 2486 1930 2568">
    <p class='ocr_par' dir='ltr' id='par_1_28' title="bbox 276 2486 1930 2568">
     <span class='ocr_line' id='line_1_28' title="bbox 276 2486 1930 2568; baseline -0.001 -22"><span class='ocrx_word' id='word_1_198' title='bbox 276 2491 556 2561; x_wconf 81' lang='grc' dir='ltr'>νηθείσης,</span> <span class='ocrx_word' id='word_1_199' title='bbox 614 2490 768 2568; x_wconf 75' lang='grc' dir='ltr'>φησί,</span> <span class='ocrx_word' id='word_1_200' title='bbox 811 2488 899 2545; x_wconf 73' lang='grc' dir='ltr'>διὰ</span> <span class='ocrx_word' id='word_1_201' title='bbox 953 2491 1014 2543; x_wconf 83' lang='grc' dir='ltr'>τὸ</span> <span class='ocrx_word' id='word_1_202' title='bbox 1070 2487 1354 2557; x_wconf 68' lang='grc' dir='ltr'>πλούσιον,</span> <span class='ocrx_word' id='word_1_203' title='bbox 1411 2486 1605 2549; x_wconf 77' lang='grc' dir='ltr'>δυάδος</span> <span class='ocrx_word' id='word_1_204' title='bbox 1663 2492 1790 2562; x_wconf 90' lang='grc'>[316</span> <span class='ocrx_word' id='word_1_205' title='bbox 1838 2491 1930 2562; x_wconf 86' lang='grc' dir='ltr'>Η,]</span> 
     </span>
    </p>
   </div>
   <div class='ocr_carea' id='block_1_29' title="bbox 281 2574 1928 2655">
    <p class='ocr_par' dir='ltr' id='par_1_29' title="bbox 281 2574 1928 2655">
     <span class='ocr_line' id='line_1_29' title="bbox 281 2574 1928 2655; baseline -0.001 -20"><span class='ocrx_word' id='word_1_206' title='bbox 281 2578 341 2636; x_wconf 75' lang='grc' dir='ltr'>δὲ</span> <span class='ocrx_word' id='word_1_207' title='bbox 410 2574 799 2655; x_wconf 77' lang='grc' dir='ltr'>ὁπερϐαθείσης</span> <span class='ocrx_word' id='word_1_208' title='bbox 859 2577 948 2634; x_wconf 76' lang='grc' dir='ltr'>διὰ</span> <span class='ocrx_word' id='word_1_209' title='bbox 1000 2579 1101 2646; x_wconf 79' lang='grc' dir='ltr'>τήν</span> <span class='ocrx_word' id='word_1_210' title='bbox 1161 2576 1303 2647; x_wconf 73' lang='grc' dir='ltr'>ὕλην</span> <span class='ocrx_word' id='word_1_211' title='bbox 1356 2577 1446 2632; x_wconf 83' lang='grc' dir='ltr'>καὶ</span> <span class='ocrx_word' id='word_1_212' title='bbox 1513 2578 1575 2633; x_wconf 75' lang='grc' dir='ltr'>τὸ</span> <span class='ocrx_word' id='word_1_213' title='bbox 1644 2576 1812 2647; x_wconf 73' lang='grc' dir='ltr'>εἶδος,</span> <span class='ocrx_word' id='word_1_214' title='bbox 1878 2577 1928 2652; x_wconf 79' lang='grc' dir='ltr'>ἐξ</span> 
     </span>
    </p>
   </div>
   <div class='ocr_carea' id='block_1_30' title="bbox 284 2663 1927 2739">
    <p class='ocr_par' dir='ltr' id='par_1_30' title="bbox 284 2663 1927 2739">
     <span class='ocr_line' id='line_1_30' title="bbox 284 2663 1927 2739; baseline -0.001 -17"><span class='ocrx_word' id='word_1_215' title='bbox 284 2670 359 2722; x_wconf 79' lang='grc' dir='ltr'>ὧν</span> <span class='ocrx_word' id='word_1_216' title='bbox 419 2668 485 2722; x_wconf 68' lang='grc' dir='ltr'>τὰ</span> <span class='ocrx_word' id='word_1_217' title='bbox 558 2668 804 2739; x_wconf 84' lang='grc' dir='ltr'>σώματα,</span> <span class='ocrx_word' id='word_1_218' title='bbox 881 2664 1115 2739; x_wconf 75' lang='grc' dir='ltr'>Τριάδος</span> <span class='ocrx_word' id='word_1_219' title='bbox 1185 2663 1243 2719; x_wconf 74' lang='grc' dir='ltr'>δὲ</span> <span class='ocrx_word' id='word_1_220' title='bbox 1320 2664 1629 2738; x_wconf 75' lang='grc' dir='ltr'>ὁρισθείσης</span> <span class='ocrx_word' id='word_1_221' title='bbox 1706 2663 1795 2721; x_wconf 80' lang='grc' dir='ltr'>διὰ</span> <span class='ocrx_word' id='word_1_222' title='bbox 1865 2668 1927 2722; x_wconf 89' lang='grc' dir='ltr'>τὸ</span> 
     </span>
    </p>
   </div>
   <div class='ocr_carea' id='block_1_31' title="bbox 281 2750 1928 2832">
    <p class='ocr_par' dir='ltr' id='par_1_31' title="bbox 281 2750 1928 2832">
     <span class='ocr_line' id='line_1_31' title="bbox 281 2750 1928 2832; baseline -0.002 -19"><span class='ocrx_word' id='word_1_223' title='bbox 281 2756 517 2813; x_wconf 85' lang='grc' dir='ltr'>τέλειον,</span> <span class='ocrx_word' id='word_1_224' title='bbox 560 2757 757 2831; x_wconf 81' lang='grc' dir='ltr'>Πρώτη</span> <span class='ocrx_word' id='word_1_225' title='bbox 789 2756 891 2832; x_wconf 73' lang='grc' dir='ltr'>γὰρ</span> <span class='ocrx_word' id='word_1_226' title='bbox 937 2759 971 2825; x_wconf 81' lang='grc' dir='ltr'>ἡ</span> <span class='ocrx_word' id='word_1_227' title='bbox 1012 2754 1172 2829; x_wconf 79' lang='grc' dir='ltr'>Τριᾶς</span> <span class='ocrx_word' id='word_1_228' title='bbox 1203 2751 1398 2816; x_wconf 75' lang='grc' dir='ltr'>δυάδος</span> <span class='ocrx_word' id='word_1_229' title='bbox 1447 2750 1754 2829; x_wconf 82' lang='grc' dir='ltr'>ὑπερϐαίνει</span> <span class='ocrx_word' id='word_1_230' title='bbox 1798 2755 1928 2809; x_wconf 77' lang='grc' dir='ltr'>σόν-</span> 
     </span>
    </p>
   </div>
   <div class='ocr_carea' id='block_1_32' title="bbox 282 2843 1926 2919">
    <p class='ocr_par' dir='ltr' id='par_1_32' title="bbox 282 2843 1926 2919">
     <span class='ocr_line' id='line_1_32' title="bbox 282 2843 1926 2919; baseline 0 -19"><span class='ocrx_word' id='word_1_231' title='bbox 282 2849 450 2916; x_wconf 86' lang='grc' dir='ltr'>θεσιν,</span> <span class='ocrx_word' id='word_1_232' title='bbox 501 2844 591 2899; x_wconf 62' lang='grc' dir='ltr'>ἵνα</span> <span class='ocrx_word' id='word_1_233' title='bbox 633 2847 771 2919; x_wconf 71' lang='grc' dir='ltr'>μήτε</span> <span class='ocrx_word' id='word_1_234' title='bbox 819 2845 974 2913; x_wconf 83' lang='grc' dir='ltr'>στενή</span> <span class='ocrx_word' id='word_1_235' title='bbox 1028 2844 1181 2916; x_wconf 90' lang='grc' dir='ltr'>μένοι</span> <span class='ocrx_word' id='word_1_236' title='bbox 1227 2843 1419 2914; x_wconf 88' lang='grc' dir='ltr'>θεότης</span> <span class='ocrx_word' id='word_1_237' title='bbox 1471 2846 1609 2916; x_wconf 65' lang='grc' dir='ltr'>μήτε</span> <span class='ocrx_word' id='word_1_238' title='bbox 1654 2844 1731 2907; x_wconf 86' lang='grc' dir='ltr'>εἰς</span> <span class='ocrx_word' id='word_1_239' title='bbox 1770 2843 1926 2900; x_wconf 77' lang='grc' dir='ltr'>ἄπει-</span> 
     </span>
    </p>
   </div>
   <div class='ocr_carea' id='block_1_33' title="bbox 281 2931 1920 3015">
    <p class='ocr_par' dir='ltr' id='par_1_33' title="bbox 281 2931 1920 3015">
     <span class='ocr_line' id='line_1_33' title="bbox 281 2931 1920 3015; baseline 0 -25"><span class='ocrx_word' id='word_1_240' title='bbox 281 2955 371 3008; x_wconf 90' lang='grc' dir='ltr'>ρον</span> <span class='ocrx_word' id='word_1_241' title='bbox 411 2936 631 3015; x_wconf 78' lang='grc' dir='ltr'>χέηται.</span> <span class='ocrx_word' id='word_1_242' title='bbox 685 2934 951 2990; x_wconf 75' lang='grc' dir='ltr'>Συνάπτει</span> <span class='ocrx_word' id='word_1_243' title='bbox 991 2931 1047 2988; x_wconf 77' lang='grc' dir='ltr'>δὲ</span> <span class='ocrx_word' id='word_1_244' title='bbox 1092 2938 1159 3006; x_wconf 80' lang='grc' dir='ltr'>τῇ</span> <span class='ocrx_word' id='word_1_245' title='bbox 1208 2933 1353 2988; x_wconf 80' lang='grc' dir='ltr'>αἰτία</span> <span class='ocrx_word' id='word_1_246' title='bbox 1397 2932 1565 3007; x_wconf 72' lang='grc' dir='ltr'>ταύτῃ</span> <span class='ocrx_word' id='word_1_247' title='bbox 1600 2936 1689 2988; x_wconf 75' lang='grc' dir='ltr'>καί</span> <span class='ocrx_word' id='word_1_248' title='bbox 1738 2935 1920 3009; x_wconf 74' lang='grc' dir='ltr'>ἑτέραν</span> 
     </span>
    </p>
   </div>
   <div class='ocr_carea' id='block_1_34' title="bbox 1978 1733 2026 1799">
    <p class='ocr_par' dir='ltr' id='par_1_34' title="bbox 1978 1733 2026 1799">
     <span class='ocr_line' id='line_1_34' title="bbox 1978 1733 2026 1799; baseline 0 0"><span class='ocrx_word' id='word_1_249' title='bbox 1978 1733 2026 1799; x_wconf 88' lang='grc' dir='ltr'><strong>Β</strong></span> 
     </span>
    </p>
   </div>
   <div class='ocr_carea' id='block_1_35' title="bbox 2051 528 3705 604">
    <p class='ocr_par' dir='ltr' id='par_1_35' title="bbox 2051 528 3705 604">
     <span class='ocr_line' id='line_1_35' title="bbox 2051 528 3705 604; baseline 0.004 -23"><span class='ocrx_word' id='word_1_250' title='bbox 2051 533 2218 596; x_wconf 88' lang='lat' dir='ltr'>atque</span> <span class='ocrx_word' id='word_1_251' title='bbox 2249 528 2631 600; x_wconf 88' lang='lat' dir='ltr'>compositam</span> <span class='ocrx_word' id='word_1_252' title='bbox 2682 529 3075 601; x_wconf 84' lang='lat' dir='ltr'>cognitionem</span> <span class='ocrx_word' id='word_1_253' title='bbox 3111 530 3404 598; x_wconf 88' lang='lat' dir='ltr'>advenire,</span> <span class='ocrx_word' id='word_1_254' title='bbox 3438 532 3705 604; x_wconf 88' lang='lat' dir='ltr'>quinimo</span> 
     </span>
    </p>
   </div>
   <div class='ocr_carea' id='block_1_36' title="bbox 2049 615 3704 693">
    <p class='ocr_par' dir='ltr' id='par_1_36' title="bbox 2049 615 3704 693">
     <span class='ocr_line' id='line_1_36' title="bbox 2049 615 3704 693; baseline 0.004 -23"><span class='ocrx_word' id='word_1_255' title='bbox 2049 615 2337 689; x_wconf 88' lang='lat' dir='ltr'>simplicis</span> <span class='ocrx_word' id='word_1_256' title='bbox 2368 618 2553 689; x_wconf 85' lang='lat' dir='ltr'>ipsius</span> <span class='ocrx_word' id='word_1_257' title='bbox 2576 627 2627 675; x_wconf 89' lang='lat' dir='ltr'>et</span> <span class='ocrx_word' id='word_1_258' title='bbox 2651 618 3049 690; x_wconf 70' lang='lat' dir='ltr'>incompositae</span> <span class='ocrx_word' id='word_1_259' title='bbox 3076 621 3230 677; x_wconf 73' lang='lat'>102</span> <span class='ocrx_word' id='word_1_260' title='bbox 3255 620 3328 693; x_wconf 82' lang='grc' dir='ltr'>(α)</span> <span class='ocrx_word' id='word_1_261' title='bbox 3362 622 3704 677; x_wconf 69' lang='lat' dir='ltr'>substantia:</span> 
     </span>
    </p>
   </div>
   <div class='ocr_carea' id='block_1_37' title="bbox 2053 708 3705 783">
    <p class='ocr_par' dir='ltr' id='par_1_37' title="bbox 2053 708 3705 783">
     <span class='ocr_line' id='line_1_37' title="bbox 2053 708 3705 783; baseline 0.003 -21"><span class='ocrx_word' id='word_1_262' title='bbox 2053 708 2269 763; x_wconf 89' lang='lat' dir='ltr'>trinam</span> <span class='ocrx_word' id='word_1_263' title='bbox 2312 709 2747 779; x_wconf 83' lang='lat' dir='ltr'>proprietatem,</span> <span class='ocrx_word' id='word_1_264' title='bbox 2781 725 2882 780; x_wconf 90' lang='lat' dir='ltr'>per</span> <span class='ocrx_word' id='word_1_265' title='bbox 2929 710 3288 766; x_wconf 87' lang='lat' dir='ltr'>materialem</span> <span class='ocrx_word' id='word_1_266' title='bbox 3323 728 3387 767; x_wconf 91' lang='lat' dir='ltr'>ac</span> <span class='ocrx_word' id='word_1_267' title='bbox 3418 712 3705 783; x_wconf 85' lang='lat' dir='ltr'>composi-</span> 
     </span>
    </p>
   </div>
   <div class='ocr_carea' id='block_1_38' title="bbox 2052 796 3704 872">
    <p class='ocr_par' dir='ltr' id='par_1_38' title="bbox 2052 796 3704 872">
     <span class='ocr_line' id='line_1_38' title="bbox 2052 796 3704 872; baseline 0.004 -22"><span class='ocrx_word' id='word_1_268' title='bbox 2052 798 2168 850; x_wconf 81' lang='lat' dir='ltr'>tam</span> <span class='ocrx_word' id='word_1_269' title='bbox 2220 796 2581 869; x_wconf 65' lang='lat' dir='ltr'>zenigmatice</span> <span class='ocrx_word' id='word_1_270' title='bbox 2620 798 2913 858; x_wconf 88' lang='lat' dir='ltr'>denotari;</span> <span class='ocrx_word' id='word_1_271' title='bbox 2949 803 3120 870; x_wconf 87' lang='lat' dir='ltr'>atque</span> <span class='ocrx_word' id='word_1_272' title='bbox 3178 798 3313 854; x_wconf 88' lang='lat' dir='ltr'>hinc</span> <span class='ocrx_word' id='word_1_273' title='bbox 3369 801 3543 856; x_wconf 90' lang='lat' dir='ltr'>etiam</span> <span class='ocrx_word' id='word_1_274' title='bbox 3605 816 3704 872; x_wconf 85' lang='lat' dir='ltr'>per</span> 
     </span>
    </p>
   </div>
   <div class='ocr_carea' id='block_1_39' title="bbox 2054 883 3703 961">
    <p class='ocr_par' dir='ltr' id='par_1_39' title="bbox 2054 883 3703 961">
     <span class='ocr_line' id='line_1_39' title="bbox 2054 883 3703 961; baseline 0.004 -22"><span class='ocrx_word' id='word_1_275' title='bbox 2054 883 2346 954; x_wconf 88' lang='lat' dir='ltr'>duplicem</span> <span class='ocrx_word' id='word_1_276' title='bbox 2388 886 2731 942; x_wconf 82' lang='lat' dir='ltr'>Trinitatem</span> <span class='ocrx_word' id='word_1_277' title='bbox 2782 886 2958 946; x_wconf 83' lang='lat' dir='ltr'>illius,</span> <span class='ocrx_word' id='word_1_278' title='bbox 2992 904 3222 944; x_wconf 89' lang='lat' dir='ltr'>omnem</span> <span class='ocrx_word' id='word_1_279' title='bbox 3266 889 3703 961; x_wconf 75' lang='lat' dir='ltr'>simplicitatem</span> 
     </span>
    </p>
   </div>
   <div class='ocr_carea' id='block_1_40' title="bbox 2055 973 3703 1048">
    <p class='ocr_par' dir='ltr' id='par_1_40' title="bbox 2055 973 3703 1048">
     <span class='ocr_line' id='line_1_40' title="bbox 2055 973 3703 1048; baseline 0.004 -20"><span class='ocrx_word' id='word_1_280' title='bbox 2055 973 2385 1030; x_wconf 80' lang='lat' dir='ltr'>excedentis</span> <span class='ocrx_word' id='word_1_281' title='bbox 2430 975 2737 1031; x_wconf 82' lang='lat' dir='ltr'>Trinitatis</span> <span class='ocrx_word' id='word_1_282' title='bbox 2790 977 3181 1048; x_wconf 85' lang='lat' dir='ltr'>cognitionem</span> <span class='ocrx_word' id='word_1_283' title='bbox 3216 977 3473 1034; x_wconf 80' lang='lat' dir='ltr'>revelari.</span> <span class='ocrx_word' id='word_1_284' title='bbox 3509 980 3703 1036; x_wconf 85' lang='lat' dir='ltr'>Fidem</span> 
     </span>
    </p>
   </div>
   <div class='ocr_carea' id='block_1_41' title="bbox 2055 1063 3707 1135">
    <p class='ocr_par' dir='ltr' id='par_1_41' title="bbox 2055 1063 3707 1135">
     <span class='ocr_line' id='line_1_41' title="bbox 2055 1063 3707 1135; baseline 0.004 -17"><span class='ocrx_word' id='word_1_285' title='bbox 2055 1079 2187 1119; x_wconf 84' lang='lat' dir='ltr'>vcro</span> <span class='ocrx_word' id='word_1_286' title='bbox 2218 1067 2485 1119; x_wconf 85' lang='lat' dir='ltr'>astruens</span> <span class='ocrx_word' id='word_1_287' title='bbox 2516 1064 2687 1120; x_wconf 86' lang='lat' dir='ltr'>rebus</span> <span class='ocrx_word' id='word_1_288' title='bbox 2716 1063 2879 1133; x_wconf 85' lang='lat' dir='ltr'>visis,</span> <span class='ocrx_word' id='word_1_289' title='bbox 2923 1065 3242 1135; x_wconf 89' lang='lat' dir='ltr'>septimum</span> <span class='ocrx_word' id='word_1_290' title='bbox 3289 1066 3435 1123; x_wconf 89' lang='lat' dir='ltr'>diem</span> <span class='ocrx_word' id='word_1_291' title='bbox 3469 1067 3550 1124; x_wconf 86' lang='lat' dir='ltr'>ait</span> <span class='ocrx_word' id='word_1_292' title='bbox 3581 1083 3707 1124; x_wconf 86' lang='lat' dir='ltr'>esse</span> 
     </span>
    </p>
   </div>
   <div class='ocr_carea' id='block_1_42' title="bbox 2055 1150 3708 1226">
    <p class='ocr_par' dir='ltr' id='par_1_42' title="bbox 2055 1150 3708 1226">
     <span class='ocr_line' id='line_1_42' title="bbox 2055 1150 3708 1226; baseline 0.004 -21"><span class='ocrx_word' id='word_1_293' title='bbox 2055 1150 2299 1223; x_wconf 81' lang='lat' dir='ltr'>ﬁguram</span> <span class='ocrx_word' id='word_1_294' title='bbox 2332 1152 2490 1207; x_wconf 90' lang='lat' dir='ltr'>illius</span> <span class='ocrx_word' id='word_1_295' title='bbox 2520 1155 2821 1225; x_wconf 90' lang='lat' dir='ltr'>temporis,</span> <span class='ocrx_word' id='word_1_296' title='bbox 2856 1153 2916 1208; x_wconf 91' lang='lat' dir='ltr'>in</span> <span class='ocrx_word' id='word_1_297' title='bbox 2948 1170 3064 1225; x_wconf 90' lang='lat' dir='ltr'>quo</span> <span class='ocrx_word' id='word_1_298' title='bbox 3096 1154 3267 1210; x_wconf 92' lang='lat' dir='ltr'>nobis</span> <span class='ocrx_word' id='word_1_299' title='bbox 3315 1155 3546 1226; x_wconf 87' lang='lat' dir='ltr'>requies</span> <span class='ocrx_word' id='word_1_300' title='bbox 3597 1160 3708 1212; x_wconf 78' lang='lat' dir='ltr'>erit</span> 
     </span>
    </p>
   </div>
   <div class='ocr_carea' id='block_1_43' title="bbox 2057 1241 3706 1313">
    <p class='ocr_par' dir='ltr' id='par_1_43' title="bbox 2057 1241 3706 1313">
     <span class='ocr_line' id='line_1_43' title="bbox 2057 1241 3706 1313; baseline 0.004 -18"><span class='ocrx_word' id='word_1_301' title='bbox 2057 1257 2090 1296; x_wconf 90' lang='lat' dir='ltr'>a</span> <span class='ocrx_word' id='word_1_302' title='bbox 2122 1241 2414 1312; x_wconf 83' lang='lat' dir='ltr'>corporeis</span> <span class='ocrx_word' id='word_1_303' title='bbox 2447 1248 2504 1296; x_wconf 87' lang='lat' dir='ltr'>et</span> <span class='ocrx_word' id='word_1_304' title='bbox 2533 1242 2897 1313; x_wconf 82' lang='lat' dir='ltr'>gravioribus</span> <span class='ocrx_word' id='word_1_305' title='bbox 2927 1242 3249 1310; x_wconf 86' lang='lat' dir='ltr'>laboribus,</span> <span class='ocrx_word' id='word_1_306' title='bbox 3275 1243 3497 1299; x_wconf 86' lang='lat' dir='ltr'>utalibi</span> <span class='ocrx_word' id='word_1_307' title='bbox 3530 1245 3706 1301; x_wconf 88' lang='lat' dir='ltr'>etiam</span> 
     </span>
    </p>
   </div>
   <div class='ocr_carea' id='block_1_44' title="bbox 2054 1328 3706 1407">
    <p class='ocr_par' dir='ltr' id='par_1_44' title="bbox 2054 1328 3706 1407">
     <span class='ocr_line' id='line_1_44' title="bbox 2054 1328 3706 1407; baseline 0.004 -23"><span class='ocrx_word' id='word_1_308' title='bbox 2054 1328 2273 1385; x_wconf 84' lang='lat' dir='ltr'>Paulus</span> <span class='ocrx_word' id='word_1_309' title='bbox 2320 1330 2575 1386; x_wconf 82' lang='lat' dir='ltr'>afﬁrmat</span> <span class='ocrx_word' id='word_1_310' title='bbox 2604 1331 2669 1397; x_wconf 77' lang='grc'>⁸⁸,</span> <span class='ocrx_word' id='word_1_311' title='bbox 2711 1330 2962 1403; x_wconf 83' lang='lat' dir='ltr'>relinqui</span> <span class='ocrx_word' id='word_1_312' title='bbox 3012 1331 3438 1388; x_wconf 86' lang='lat' dir='ltr'>sabbatismum</span> <span class='ocrx_word' id='word_1_313' title='bbox 3490 1334 3706 1407; x_wconf 90' lang='lat' dir='ltr'>populo</span> 
     </span>
    </p>
   </div>
   <div class='ocr_carea' id='block_1_45' title="bbox 2058 1418 3706 1493">
    <p class='ocr_par' dir='ltr' id='par_1_45' title="bbox 2058 1418 3706 1493">
     <span class='ocr_line' id='line_1_45' title="bbox 2058 1418 3706 1493; baseline 0.004 -20"><span class='ocrx_word' id='word_1_314' title='bbox 2058 1418 2178 1476; x_wconf 88' lang='lat' dir='ltr'>Dei.</span> <span class='ocrx_word' id='word_1_315' title='bbox 2202 1419 2309 1484; x_wconf 86' lang='lat' dir='ltr'>Qui</span> <span class='ocrx_word' id='word_1_316' title='bbox 2331 1421 2487 1475; x_wconf 88' lang='lat' dir='ltr'>enim</span> <span class='ocrx_word' id='word_1_317' title='bbox 2512 1421 2814 1492; x_wconf 86' lang='lat' dir='ltr'>ingressus</span> <span class='ocrx_word' id='word_1_318' title='bbox 2836 1426 2926 1477; x_wconf 89' lang='lat' dir='ltr'>est</span> <span class='ocrx_word' id='word_1_319' title='bbox 2945 1420 3006 1477; x_wconf 93' lang='lat' dir='ltr'>in</span> <span class='ocrx_word' id='word_1_320' title='bbox 3035 1423 3295 1493; x_wconf 82' lang='lat' dir='ltr'>requiem</span> <span class='ocrx_word' id='word_1_321' title='bbox 3320 1438 3504 1487; x_wconf 89' lang='lat' dir='ltr'>suam,</span> <span class='ocrx_word' id='word_1_322' title='bbox 3530 1423 3706 1480; x_wconf 87' lang='lat' dir='ltr'>etiam</span> 
     </span>
    </p>
   </div>
   <div class='ocr_carea' id='block_1_46' title="bbox 2054 1507 3701 1583">
    <p class='ocr_par' dir='ltr' id='par_1_46' title="bbox 2054 1507 3701 1583">
     <span class='ocr_line' id='line_1_46' title="bbox 2054 1507 3701 1583; baseline 0.005 -21"><span class='ocrx_word' id='word_1_323' title='bbox 2054 1507 2180 1579; x_wconf 90' lang='lat' dir='ltr'>ipse</span> <span class='ocrx_word' id='word_1_324' title='bbox 2210 1509 2494 1582; x_wconf 85' lang='lat' dir='ltr'>requievit</span> <span class='ocrx_word' id='word_1_325' title='bbox 2524 1510 2595 1566; x_wconf 87' lang='lat' dir='ltr'>ab</span> <span class='ocrx_word' id='word_1_326' title='bbox 2625 1511 2904 1582; x_wconf 84' lang='lat' dir='ltr'>operibus</span> <span class='ocrx_word' id='word_1_327' title='bbox 2949 1511 3096 1583; x_wconf 87' lang='lat' dir='ltr'>suis,</span> <span class='ocrx_word' id='word_1_328' title='bbox 3128 1512 3280 1568; x_wconf 88' lang='lat' dir='ltr'>sicut</span> <span class='ocrx_word' id='word_1_329' title='bbox 3308 1530 3342 1568; x_wconf 90' lang='lat' dir='ltr'>a</span> <span class='ocrx_word' id='word_1_330' title='bbox 3371 1512 3494 1569; x_wconf 90' lang='lat' dir='ltr'>suis</span> <span class='ocrx_word' id='word_1_331' title='bbox 3524 1514 3701 1572; x_wconf 90' lang='lat' dir='ltr'>Deus.</span> 
     </span>
    </p>
   </div>
   <div class='ocr_carea' id='block_1_47' title="bbox 2052 1599 3705 1672">
    <p class='ocr_par' dir='ltr' id='par_1_47' title="bbox 2052 1599 3705 1672">
     <span class='ocr_line' id='line_1_47' title="bbox 2052 1599 3705 1672; baseline 0.004 -20"><span class='ocrx_word' id='word_1_332' title='bbox 2052 1599 2111 1652; x_wconf 81' lang='lat' dir='ltr'>Si</span> <span class='ocrx_word' id='word_1_333' title='bbox 2140 1614 2274 1653; x_wconf 89' lang='lat' dir='ltr'>vero</span> <span class='ocrx_word' id='word_1_334' title='bbox 2306 1599 2496 1669; x_wconf 82' lang='lat' dir='ltr'>ﬁgura</span> <span class='ocrx_word' id='word_1_335' title='bbox 2524 1606 2613 1655; x_wconf 87' lang='lat' dir='ltr'>est</span> <span class='ocrx_word' id='word_1_336' title='bbox 2642 1600 2930 1670; x_wconf 86' lang='lat' dir='ltr'>septimus</span> <span class='ocrx_word' id='word_1_337' title='bbox 2959 1600 3084 1657; x_wconf 88' lang='lat' dir='ltr'>dies</span> <span class='ocrx_word' id='word_1_338' title='bbox 3114 1601 3395 1672; x_wconf 84' lang='lat' dir='ltr'>requietis</span> <span class='ocrx_word' id='word_1_339' title='bbox 3428 1618 3461 1657; x_wconf 89' lang='lat' dir='ltr'>a</span> <span class='ocrx_word' id='word_1_340' title='bbox 3491 1604 3705 1660; x_wconf 85' lang='lat' dir='ltr'>nostris</span> 
     </span>
    </p>
   </div>
   <div class='ocr_carea' id='block_1_48' title="bbox 2058 1688 3705 1761">
    <p class='ocr_par' dir='ltr' id='par_1_48' title="bbox 2058 1688 3705 1761">
     <span class='ocr_line' id='line_1_48' title="bbox 2058 1688 3705 1761; baseline 0.003 -17"><span class='ocrx_word' id='word_1_341' title='bbox 2058 1688 2457 1744; x_wconf 88' lang='lat' dir='ltr'>materialibus</span> <span class='ocrx_word' id='word_1_342' title='bbox 2488 1689 2781 1760; x_wconf 88' lang='lat' dir='ltr'>operibus,</span> <span class='ocrx_word' id='word_1_343' title='bbox 2816 1690 3052 1761; x_wconf 87' lang='lat' dir='ltr'>quando</span> <span class='ocrx_word' id='word_1_344' title='bbox 3083 1692 3404 1747; x_wconf 89' lang='lat' dir='ltr'>secundum</span> <span class='ocrx_word' id='word_1_345' title='bbox 3437 1694 3705 1749; x_wconf 88' lang='lat' dir='ltr'>eumdem</span> 
     </span>
    </p>
   </div>
   <div class='ocr_carea' id='block_1_49' title="bbox 2058 1775 3708 1852">
    <p class='ocr_par' dir='ltr' id='par_1_49' title="bbox 2058 1775 3708 1852">
     <span class='ocr_line' id='line_1_49' title="bbox 2058 1775 3708 1852; baseline 0.003 -19"><span class='ocrx_word' id='word_1_346' title='bbox 2058 1777 2321 1833; x_wconf 88' lang='lat' dir='ltr'>divinum</span> <span class='ocrx_word' id='word_1_347' title='bbox 2354 1775 2599 1833; x_wconf 89' lang='lat' dir='ltr'>Paulum</span> <span class='ocrx_word' id='word_1_348' title='bbox 2632 1778 2676 1812; x_wconf 76' lang='grc' dir='ltr'>⁸ο</span> <span class='ocrx_word' id='word_1_349' title='bbox 2707 1794 2837 1833; x_wconf 92' lang='lat' dir='ltr'>cum</span> <span class='ocrx_word' id='word_1_350' title='bbox 2873 1778 3215 1850; x_wconf 75' lang='lat' dir='ltr'>perfectiora</span> <span class='ocrx_word' id='word_1_351' title='bbox 3244 1780 3571 1852; x_wconf 88' lang='lat' dir='ltr'>cognitione</span> <span class='ocrx_word' id='word_1_352' title='bbox 3601 1782 3708 1838; x_wconf 84' lang='lat' dir='ltr'>im-</span> 
     </span>
    </p>
   </div>
   <div class='ocr_carea' id='block_1_50' title="bbox 2055 1867 3706 1940">
    <p class='ocr_par' dir='ltr' id='par_1_50' title="bbox 2055 1867 3706 1940">
     <span class='ocr_line' id='line_1_50' title="bbox 2055 1867 3706 1940; baseline 0.003 -16"><span class='ocrx_word' id='word_1_353' title='bbox 2055 1867 2453 1940; x_wconf 87' lang='lat' dir='ltr'>pcrfectiorem</span> <span class='ocrx_word' id='word_1_354' title='bbox 2486 1868 3000 1935; x_wconf 87' lang='lat' dir='ltr'>commutabimus,</span> <span class='ocrx_word' id='word_1_355' title='bbox 3029 1869 3229 1925; x_wconf 88' lang='lat' dir='ltr'>merito</span> <span class='ocrx_word' id='word_1_356' title='bbox 3261 1874 3318 1927; x_wconf 89' lang='lat' dir='ltr'>et</span> <span class='ocrx_word' id='word_1_357' title='bbox 3347 1887 3446 1927; x_wconf 86' lang='lat' dir='ltr'>sex</span> <span class='ocrx_word' id='word_1_358' title='bbox 3476 1872 3706 1931; x_wconf 90' lang='lat' dir='ltr'>dierum</span> 
     </span>
    </p>
   </div>
   <div class='ocr_carea' id='block_1_51' title="bbox 2050 1956 3704 2029">
    <p class='ocr_par' dir='ltr' id='par_1_51' title="bbox 2050 1956 3704 2029">
     <span class='ocr_line' id='line_1_51' title="bbox 2050 1956 3704 2029; baseline 0.004 -15"><span class='ocrx_word' id='word_1_359' title='bbox 2050 1972 2199 2028; x_wconf 85' lang='lat' dir='ltr'>Opus</span> <span class='ocrx_word' id='word_1_360' title='bbox 2220 1956 2466 2027; x_wconf 87' lang='lat' dir='ltr'>ﬁguram</span> <span class='ocrx_word' id='word_1_361' title='bbox 2492 1970 2620 2012; x_wconf 87' lang='lat' dir='ltr'>esse</span> <span class='ocrx_word' id='word_1_362' title='bbox 2643 1956 2965 2012; x_wconf 83' lang='lat' dir='ltr'>materialis</span> <span class='ocrx_word' id='word_1_363' title='bbox 2990 1957 3341 2029; x_wconf 85' lang='lat' dir='ltr'>cognitionis</span> <span class='ocrx_word' id='word_1_364' title='bbox 3372 1963 3704 2020; x_wconf 88' lang='lat' dir='ltr'>meditando</span> 
     </span>
    </p>
   </div>
   <div class='ocr_carea' id='block_1_52' title="bbox 2051 2045 3703 2119">
    <p class='ocr_par' dir='ltr' id='par_1_52' title="bbox 2051 2045 3703 2119">
     <span class='ocr_line' id='line_1_52' title="bbox 2051 2045 3703 2119; baseline 0.004 -17"><span class='ocrx_word' id='word_1_365' title='bbox 2051 2045 2473 2119; x_wconf 86' lang='lat' dir='ltr'>perspeximus,</span> <span class='ocrx_word' id='word_1_366' title='bbox 2507 2046 2835 2101; x_wconf 85' lang='lat' dir='ltr'>secundum</span> <span class='ocrx_word' id='word_1_367' title='bbox 2886 2063 3063 2117; x_wconf 88' lang='lat' dir='ltr'>quam</span> <span class='ocrx_word' id='word_1_368' title='bbox 3095 2063 3163 2102; x_wconf 86' lang='lat' dir='ltr'>ex</span> <span class='ocrx_word' id='word_1_369' title='bbox 3200 2056 3359 2119; x_wconf 88' lang='lat' dir='ltr'>parte</span> <span class='ocrx_word' id='word_1_370' title='bbox 3384 2055 3441 2105; x_wconf 88' lang='lat' dir='ltr'>et</span> <span class='ocrx_word' id='word_1_371' title='bbox 3470 2050 3531 2107; x_wconf 91' lang='lat' dir='ltr'>in</span> <span class='ocrx_word' id='word_1_372' title='bbox 3564 2053 3703 2108; x_wconf 80' lang='lat' dir='ltr'>aeni-</span> 
     </span>
    </p>
   </div>
   <div class='ocr_carea' id='block_1_53' title="bbox 2048 2134 3704 2211">
    <p class='ocr_par' dir='ltr' id='par_1_53' title="bbox 2048 2134 3704 2211">
     <span class='ocr_line' id='line_1_53' title="bbox 2048 2134 3704 2211; baseline 0.004 -21"><span class='ocrx_word' id='word_1_373' title='bbox 2048 2142 2242 2208; x_wconf 89' lang='lat' dir='ltr'>gmate</span> <span class='ocrx_word' id='word_1_374' title='bbox 2272 2136 2425 2189; x_wconf 86' lang='lat' dir='ltr'>Deus</span> <span class='ocrx_word' id='word_1_375' title='bbox 2449 2150 2480 2188; x_wconf 83' lang='lat' dir='ltr'>a</span> <span class='ocrx_word' id='word_1_376' title='bbox 2504 2134 2674 2190; x_wconf 92' lang='lat' dir='ltr'>nobis</span> <span class='ocrx_word' id='word_1_377' title='bbox 2705 2136 3094 2206; x_wconf 84' lang='lat' dir='ltr'>cognoscitur.</span> <span class='ocrx_word' id='word_1_378' title='bbox 3125 2136 3224 2191; x_wconf 92' lang='lat' dir='ltr'>llis</span> <span class='ocrx_word' id='word_1_379' title='bbox 3256 2138 3420 2193; x_wconf 89' lang='lat' dir='ltr'>addit</span> <span class='ocrx_word' id='word_1_380' title='bbox 3446 2141 3704 2211; x_wconf 80' lang='lat' dir='ltr'>Gregorii</span> 
     </span>
    </p>
   </div>
   <div class='ocr_carea' id='block_1_54' title="bbox 2046 2222 3704 2299">
    <p class='ocr_par' dir='ltr' id='par_1_54' title="bbox 2046 2222 3704 2299">
     <span class='ocr_line' id='line_1_54' title="bbox 2046 2222 3704 2299; baseline 0.005 -23"><span class='ocrx_word' id='word_1_381' title='bbox 2046 2222 2314 2294; x_wconf 89' lang='lat' dir='ltr'>Tbeologi</span> <span class='ocrx_word' id='word_1_382' title='bbox 2346 2222 2458 2293; x_wconf 87' lang='grc'>(51)</span> <span class='ocrx_word' id='word_1_383' title='bbox 2490 2222 2863 2291; x_wconf 83' lang='lat' dir='ltr'>sententiam,</span> <span class='ocrx_word' id='word_1_384' title='bbox 2898 2240 3010 2296; x_wconf 86' lang='lat' dir='ltr'>qua</span> <span class='ocrx_word' id='word_1_385' title='bbox 3058 2240 3245 2296; x_wconf 91' lang='lat' dir='ltr'>usque</span> <span class='ocrx_word' id='word_1_386' title='bbox 3276 2226 3348 2281; x_wconf 89' lang='lat' dir='ltr'>ad</span> <span class='ocrx_word' id='word_1_387' title='bbox 3402 2230 3518 2282; x_wconf 89' lang='lat' dir='ltr'>tres</span> <span class='ocrx_word' id='word_1_388' title='bbox 3568 2243 3704 2299; x_wconf 90' lang='lat' dir='ltr'>per-</span> 
     </span>
    </p>
   </div>
   <div class='ocr_carea' id='block_1_55' title="bbox 2048 2311 3702 2383">
    <p class='ocr_par' dir='ltr' id='par_1_55' title="bbox 2048 2311 3702 2383">
     <span class='ocr_line' id='line_1_55' title="bbox 2048 2311 3702 2383; baseline 0.003 -14"><span class='ocrx_word' id='word_1_389' title='bbox 2048 2328 2224 2369; x_wconf 89' lang='lat' dir='ltr'>sonas</span> <span class='ocrx_word' id='word_1_390' title='bbox 2272 2311 2590 2367; x_wconf 84' lang='lat' dir='ltr'>divinitatis</span> <span class='ocrx_word' id='word_1_391' title='bbox 2649 2312 2985 2383; x_wconf 84' lang='lat' dir='ltr'>mysterium</span> <span class='ocrx_word' id='word_1_392' title='bbox 3046 2313 3210 2369; x_wconf 91' lang='lat' dir='ltr'>nobis</span> <span class='ocrx_word' id='word_1_393' title='bbox 3262 2315 3702 2373; x_wconf 78' lang='lat' dir='ltr'>manifestatum</span> 
     </span>
    </p>
   </div>
   <div class='ocr_carea' id='block_1_56' title="bbox 2047 2401 3704 2471">
    <p class='ocr_par' dir='ltr' id='par_1_56' title="bbox 2047 2401 3704 2471">
     <span class='ocr_line' id='line_1_56' title="bbox 2047 2401 3704 2471; baseline 0.004 -16"><span class='ocrx_word' id='word_1_394' title='bbox 2047 2401 2223 2457; x_wconf 89' lang='lat' dir='ltr'>dicit:</span> <span class='ocrx_word' id='word_1_395' title='bbox 2259 2402 2482 2458; x_wconf 78' lang='lat' dir='ltr'>Unitate</span> <span class='ocrx_word' id='word_1_396' title='bbox 2527 2405 2695 2469; x_wconf 85' lang='lat' dir='ltr'>mota,</span> <span class='ocrx_word' id='word_1_397' title='bbox 2749 2401 2850 2467; x_wconf 88' lang='lat' dir='ltr'>ait,</span> <span class='ocrx_word' id='word_1_398' title='bbox 2903 2401 2967 2457; x_wconf 89' lang='lat' dir='ltr'>ob</span> <span class='ocrx_word' id='word_1_399' title='bbox 3014 2402 3259 2471; x_wconf 79' lang='lat' dir='ltr'>divitias,</span> <span class='ocrx_word' id='word_1_400' title='bbox 3312 2403 3532 2461; x_wconf 86' lang='lat' dir='ltr'>binario</span> <span class='ocrx_word' id='word_1_401' title='bbox 3579 2422 3704 2463; x_wconf 85' lang='lat' dir='ltr'>vero</span> 
     </span>
    </p>
   </div>
   <div class='ocr_carea' id='block_1_57' title="bbox 2043 2489 3705 2564">
    <p class='ocr_par' dir='ltr' id='par_1_57' title="bbox 2043 2489 3705 2564">
     <span class='ocr_line' id='line_1_57' title="bbox 2043 2489 3705 2564; baseline 0.002 -19"><span class='ocrx_word' id='word_1_402' title='bbox 2043 2498 2301 2561; x_wconf 75' lang='lat' dir='ltr'>superato</span> <span class='ocrx_word' id='word_1_403' title='bbox 2329 2497 2555 2561; x_wconf 77' lang='lat' dir='ltr'>propter</span> <span class='ocrx_word' id='word_1_404' title='bbox 2583 2489 2883 2545; x_wconf 77' lang='lat' dir='ltr'>materiam</span> <span class='ocrx_word' id='word_1_405' title='bbox 2911 2500 2960 2545; x_wconf 77' lang='lat' dir='ltr'>et</span> <span class='ocrx_word' id='word_1_406' title='bbox 2988 2495 3247 2559; x_wconf 83' lang='lat' dir='ltr'>/ormam,</span> <span class='ocrx_word' id='word_1_407' title='bbox 3272 2508 3341 2549; x_wconf 74' lang='lat' dir='ltr'>ex</span> <span class='ocrx_word' id='word_1_408' title='bbox 3361 2495 3561 2564; x_wconf 74' lang='lat' dir='ltr'>quibus</span> <span class='ocrx_word' id='word_1_409' title='bbox 3579 2511 3705 2551; x_wconf 87' lang='lat' dir='ltr'>cor-</span> 
     </span>
    </p>
   </div>
   <div class='ocr_carea' id='block_1_58' title="bbox 2040 2578 3697 2653">
    <p class='ocr_par' dir='ltr' id='par_1_58' title="bbox 2040 2578 3697 2653">
     <span class='ocr_line' id='line_1_58' title="bbox 2040 2578 3697 2653; baseline 0.004 -19"><span class='ocrx_word' id='word_1_410' title='bbox 2040 2595 2174 2651; x_wconf 84' lang='lat' dir='ltr'>pora</span> <span class='ocrx_word' id='word_1_411' title='bbox 2196 2597 2214 2633; x_wconf 90' lang='lat'><strong><em>:</em></strong></span> <span class='ocrx_word' id='word_1_412' title='bbox 2247 2578 2518 2634; x_wconf 80' lang='lat' dir='ltr'>Trinitate</span> <span class='ocrx_word' id='word_1_413' title='bbox 2558 2593 2679 2634; x_wconf 80' lang='lat' dir='ltr'>vero</span> <span class='ocrx_word' id='word_1_414' title='bbox 2708 2587 2930 2649; x_wconf 82' lang='lat' dir='ltr'>prapter</span> <span class='ocrx_word' id='word_1_415' title='bbox 2972 2579 3260 2649; x_wconf 76' lang='lat' dir='ltr'>deﬁnitam</span> <span class='ocrx_word' id='word_1_416' title='bbox 3305 2584 3697 2653; x_wconf 74' lang='lat' dir='ltr'>perfectionem</span> 
     </span>
    </p>
   </div>
   <div class='ocr_carea' id='block_1_59' title="bbox 2042 2670 3693 2744">
    <p class='ocr_par' dir='ltr' id='par_1_59' title="bbox 2042 2670 3693 2744">
     <span class='ocr_line' id='line_1_59' title="bbox 2042 2670 3693 2744; baseline 0.004 -18"><span class='ocrx_word' id='word_1_417' title='bbox 2042 2672 2247 2744; x_wconf 87' lang='lat' dir='ltr'>(prima</span> <span class='ocrx_word' id='word_1_418' title='bbox 2276 2673 2424 2727; x_wconf 85' lang='lat' dir='ltr'>enim</span> <span class='ocrx_word' id='word_1_419' title='bbox 2455 2672 2537 2742; x_wconf 86' lang='lat' dir='ltr'>[in</span> <span class='ocrx_word' id='word_1_420' title='bbox 2566 2670 2839 2741; x_wconf 78' lang='lat' dir='ltr'>numeris]</span> <span class='ocrx_word' id='word_1_421' title='bbox 2873 2673 3009 2727; x_wconf 73' lang='lat' dir='ltr'>(rius</span> <span class='ocrx_word' id='word_1_422' title='bbox 3040 2672 3250 2727; x_wconf 78' lang='lat' dir='ltr'>binarii</span> <span class='ocrx_word' id='word_1_423' title='bbox 3286 2675 3500 2730; x_wconf 75' lang='lat' dir='ltr'>excedit</span> <span class='ocrx_word' id='word_1_424' title='bbox 3543 2692 3693 2732; x_wconf 84' lang='lat' dir='ltr'>com-</span> 
     </span>
    </p>
   </div>
   <div class='ocr_carea' id='block_1_60' title="bbox 2037 2761 3688 2834">
    <p class='ocr_par' dir='ltr' id='par_1_60' title="bbox 2037 2761 3688 2834">
     <span class='ocr_line' id='line_1_60' title="bbox 2037 2761 3688 2834; baseline 0.002 -16"><span class='ocrx_word' id='word_1_425' title='bbox 2037 2761 2384 2834; x_wconf 82' lang='lat' dir='ltr'>positionem)</span> <span class='ocrx_word' id='word_1_426' title='bbox 2443 2768 2505 2817; x_wconf 78' lang='grc' dir='ltr'>ιιι</span> <span class='ocrx_word' id='word_1_427' title='bbox 2559 2777 2731 2833; x_wconf 85' lang='lat' dir='ltr'>neque</span> <span class='ocrx_word' id='word_1_428' title='bbox 2789 2761 3042 2828; x_wconf 77' lang='lat' dir='ltr'>angustis</span> <span class='ocrx_word' id='word_1_429' title='bbox 3106 2762 3365 2818; x_wconf 77' lang='lat' dir='ltr'>terminis</span> <span class='ocrx_word' id='word_1_430' title='bbox 3420 2766 3688 2822; x_wconf 75' lang='lat' dir='ltr'>divinitas</span> 
     </span>
    </p>
   </div>
   <div class='ocr_carea' id='block_1_61' title="bbox 2037 2848 3682 2922">
    <p class='ocr_par' dir='ltr' id='par_1_61' title="bbox 2037 2848 3682 2922">
     <span class='ocr_line' id='line_1_61' title="bbox 2037 2848 3682 2922; baseline 0.002 -15"><span class='ocrx_word' id='word_1_431' title='bbox 2037 2853 2402 2911; x_wconf 84' lang='lat' dir='ltr'>contineatur.</span> <span class='ocrx_word' id='word_1_432' title='bbox 2418 2865 2592 2920; x_wconf 84' lang='lat' dir='ltr'>neque</span> <span class='ocrx_word' id='word_1_433' title='bbox 2608 2848 2668 2904; x_wconf 84' lang='lat' dir='ltr'>in</span> <span class='ocrx_word' id='word_1_434' title='bbox 2686 2849 2967 2919; x_wconf 82' lang='lat' dir='ltr'>inﬁnitum</span> <span class='ocrx_word' id='word_1_435' title='bbox 2984 2850 3342 2922; x_wconf 69' lang='lat' dir='ltr'>diffundatur.</span> <span class='ocrx_word' id='word_1_436' title='bbox 3362 2853 3527 2909; x_wconf 80' lang='lat' dir='ltr'>Addit</span> <span class='ocrx_word' id='word_1_437' title='bbox 3546 2853 3682 2910; x_wconf 87' lang='lat' dir='ltr'>huic</span> 
     </span>
    </p>
   </div>
   <div class='ocr_carea' id='block_1_62' title="bbox 2032 2938 3683 3012">
    <p class='ocr_par' dir='ltr' id='par_1_62' title="bbox 2032 2938 3683 3012">
     <span class='ocr_line' id='line_1_62' title="bbox 2032 2938 3683 3012; baseline 0.001 -15"><span class='ocrx_word' id='word_1_438' title='bbox 2032 2949 2086 2997; x_wconf 91' lang='lat' dir='ltr'>et</span> <span class='ocrx_word' id='word_1_439' title='bbox 2115 2940 2287 2996; x_wconf 83' lang='lat' dir='ltr'>aliam</span> <span class='ocrx_word' id='word_1_440' title='bbox 2317 2954 2557 2994; x_wconf 89' lang='lat' dir='ltr'>causam</span> <span class='ocrx_word' id='word_1_441' title='bbox 2589 2954 2694 2994; x_wconf 89' lang='lat' dir='ltr'>cur</span> <span class='ocrx_word' id='word_1_442' title='bbox 2718 2940 2786 2993; x_wconf 89' lang='lat' dir='ltr'>ad</span> <span class='ocrx_word' id='word_1_443' title='bbox 2819 2938 3159 2995; x_wconf 87' lang='lat' dir='ltr'>Trinitatem</span> <span class='ocrx_word' id='word_1_444' title='bbox 3196 2956 3379 3012; x_wconf 88' lang='lat' dir='ltr'>usque</span> <span class='ocrx_word' id='word_1_445' title='bbox 3407 2941 3683 3000; x_wconf 88' lang='lat' dir='ltr'>divinitas</span> 
     </span>
    </p>
   </div>
   <div class='ocr_carea' id='block_1_63' title="bbox 271 3020 1931 3122">
    <p class='ocr_par' dir='ltr' id='par_1_63' title="bbox 271 3020 1919 3100">
     <span class='ocr_line' id='line_1_63' title="bbox 271 3020 1919 3100; baseline -0.001 -19"><span class='ocrx_word' id='word_1_446' title='bbox 271 3033 375 3094; x_wconf 82' lang='grc' dir='ltr'>τῆς</span> <span class='ocrx_word' id='word_1_447' title='bbox 428 3026 592 3099; x_wconf 86' lang='grc' dir='ltr'>μέχρι</span> <span class='ocrx_word' id='word_1_448' title='bbox 633 3021 864 3098; x_wconf 79' lang='grc' dir='ltr'>Τριάδος</span> <span class='ocrx_word' id='word_1_449' title='bbox 910 3026 1097 3092; x_wconf 73' lang='grc' dir='ltr'>θεϊκῆς</span> <span class='ocrx_word' id='word_1_450' title='bbox 1148 3020 1409 3096; x_wconf 80' lang='grc' dir='ltr'>προόδου,</span> <span class='ocrx_word' id='word_1_451' title='bbox 1458 3022 1550 3076; x_wconf 83' lang='grc' dir='ltr'>καί</span> <span class='ocrx_word' id='word_1_452' title='bbox 1606 3045 1738 3100; x_wconf 74' lang='grc' dir='ltr'>φησι</span> <span class='ocrx_word' id='word_1_453' title='bbox 1781 3021 1919 3080; x_wconf 87' lang='grc' dir='ltr'>διότι</span> 
     </span>
    </p>
   </div>
   <div class='ocr_carea' id='block_1_64' title="bbox 2044 3020 3687 3122">
    <p class='ocr_par' dir='ltr' id='par_1_64' title="bbox 2044 3028 3687 3102">
     <span class='ocr_line' id='line_1_64' title="bbox 2044 3028 3687 3102; baseline 0.002 -18"><span class='ocrx_word' id='word_1_454' title='bbox 2044 3045 2342 3102; x_wconf 84' lang='lat' dir='ltr'>progressa</span> <span class='ocrx_word' id='word_1_455' title='bbox 2369 3028 2465 3093; x_wconf 90' lang='lat' dir='ltr'>sit,</span> <span class='ocrx_word' id='word_1_456' title='bbox 2490 3031 2547 3083; x_wconf 88' lang='lat' dir='ltr'>et</span> <span class='ocrx_word' id='word_1_457' title='bbox 2575 3028 2653 3083; x_wconf 89' lang='lat' dir='ltr'>ait</span> <span class='ocrx_word' id='word_1_458' title='bbox 2679 3044 2692 3082; x_wconf 92' lang='lat'><strong>:</strong></span> <span class='ocrx_word' id='word_1_459' title='bbox 2726 3028 2871 3092; x_wconf 90' lang='lat' dir='ltr'>Quia</span> <span class='ocrx_word' id='word_1_460' title='bbox 2897 3028 3058 3083; x_wconf 89' lang='lat' dir='ltr'>solus</span> <span class='ocrx_word' id='word_1_461' title='bbox 3092 3045 3467 3087; x_wconf 83' lang='lat' dir='ltr'>numerorum</span> <span class='ocrx_word' id='word_1_462' title='bbox 3502 3036 3687 3089; x_wconf 80' lang='lat' dir='ltr'>terna-</span> 
     </span>
    </p>
   </div>
   <div class='ocr_carea' id='block_1_65' title="bbox 270 3112 1919 3192">
    <p class='ocr_par' dir='ltr' id='par_1_65' title="bbox 270 3112 1919 3192">
     <span class='ocr_line' id='line_1_65' title="bbox 270 3112 1919 3192; baseline 0 -23"><span class='ocrx_word' id='word_1_463' title='bbox 270 3115 362 3169; x_wconf 81' lang='grc' dir='ltr'>καί</span> <span class='ocrx_word' id='word_1_464' title='bbox 398 3114 564 3187; x_wconf 86' lang='grc' dir='ltr'>μόνος</span> <span class='ocrx_word' id='word_1_465' title='bbox 616 3114 862 3187; x_wconf 72' lang='grc' dir='ltr'>ἀριθμῶν</span> <span class='ocrx_word' id='word_1_466' title='bbox 903 3113 930 3166; x_wconf 89' lang='lat'>6</span> <span class='ocrx_word' id='word_1_467' title='bbox 978 3117 1123 3184; x_wconf 64' lang='grc' dir='ltr'>τρεῖς</span> <span class='ocrx_word' id='word_1_468' title='bbox 1176 3116 1342 3186; x_wconf 72' lang='grc' dir='ltr'>ζυγοῦ</span> <span class='ocrx_word' id='word_1_469' title='bbox 1388 3112 1558 3170; x_wconf 73' lang='grc' dir='ltr'>τόπος</span> <span class='ocrx_word' id='word_1_470' title='bbox 1599 3112 1709 3168; x_wconf 79' lang='grc' dir='ltr'>ἐστί</span> <span class='ocrx_word' id='word_1_471' title='bbox 1760 3116 1919 3192; x_wconf 74' lang='grc' dir='ltr'>σαφέ-</span> 
     </span>
    </p>
   </div>
   <div class='ocr_carea' id='block_1_66' title="bbox 275 3198 1925 3278">
    <p class='ocr_par' dir='ltr' id='par_1_66' title="bbox 275 3198 1925 3278">
     <span class='ocr_line' id='line_1_66' title="bbox 275 3198 1925 3278; baseline 0.001 -21"><span class='ocrx_word' id='word_1_472' title='bbox 275 3222 494 3269; x_wconf 82' lang='grc' dir='ltr'>στατος,</span> <span class='ocrx_word' id='word_1_473' title='bbox 526 3204 554 3258; x_wconf 88' lang='lat'>6</span> <span class='ocrx_word' id='word_1_474' title='bbox 604 3200 661 3257; x_wconf 73' lang='grc' dir='ltr'>δὲ</span> <span class='ocrx_word' id='word_1_475' title='bbox 702 3202 865 3278; x_wconf 80' lang='grc' dir='ltr'>ζυγὸς</span> <span class='ocrx_word' id='word_1_476' title='bbox 925 3201 1174 3272; x_wconf 79' lang='grc' dir='ltr'>ἰσότητος</span> <span class='ocrx_word' id='word_1_477' title='bbox 1225 3199 1383 3276; x_wconf 86' lang='grc' dir='ltr'>ἔργον</span> <span class='ocrx_word' id='word_1_478' title='bbox 1418 3203 1531 3275; x_wconf 77' lang='grc' dir='ltr'>ἅμα</span> <span class='ocrx_word' id='word_1_479' title='bbox 1576 3202 1666 3257; x_wconf 85' lang='grc' dir='ltr'>καὶ</span> <span class='ocrx_word' id='word_1_480' title='bbox 1719 3198 1925 3276; x_wconf 75' lang='grc' dir='ltr'>σύμϐο-</span> 
     </span>
    </p>
   </div>
   <div class='ocr_carea' id='block_1_67' title="bbox 275 3288 1916 3366">
    <p class='ocr_par' dir='ltr' id='par_1_67' title="bbox 275 3288 1916 3366">
     <span class='ocr_line' id='line_1_67' title="bbox 275 3288 1916 3366; baseline -0.001 -17"><span class='ocrx_word' id='word_1_481' title='bbox 275 3293 373 3349; x_wconf 88' lang='grc' dir='ltr'>λον</span> <span class='ocrx_word' id='word_1_482' title='bbox 408 3333 420 3346; x_wconf 95' lang='grc'>.</span> <span class='ocrx_word' id='word_1_483' title='bbox 453 3294 571 3347; x_wconf 76' lang='grc' dir='ltr'>ὅθεν</span> <span class='ocrx_word' id='word_1_484' title='bbox 602 3293 693 3346; x_wconf 80' lang='grc' dir='ltr'>καὶ</span> <span class='ocrx_word' id='word_1_485' title='bbox 732 3290 784 3345; x_wconf 81' lang='grc' dir='ltr'>ἒν</span> <span class='ocrx_word' id='word_1_486' title='bbox 835 3290 1089 3366; x_wconf 79' lang='grc' dir='ltr'>ἀριθμοῖς</span> <span class='ocrx_word' id='word_1_487' title='bbox 1134 3291 1161 3344; x_wconf 89' lang='lat'>6</span> <span class='ocrx_word' id='word_1_488' title='bbox 1212 3288 1486 3365; x_wconf 80' lang='grc' dir='ltr'>τριαδικὸς</span> <span class='ocrx_word' id='word_1_489' title='bbox 1537 3292 1699 3364; x_wconf 83' lang='grc' dir='ltr'>μόνος</span> <span class='ocrx_word' id='word_1_490' title='bbox 1748 3294 1916 3348; x_wconf 82' lang='grc' dir='ltr'>ἁπαν-</span> 
     </span>
    </p>
   </div>
   <div class='ocr_carea' id='block_1_68' title="bbox 278 3379 1923 3457">
    <p class='ocr_par' dir='ltr' id='par_1_68' title="bbox 278 3379 1923 3457">
     <span class='ocr_line' id='line_1_68' title="bbox 278 3379 1923 3457; baseline 0.002 -21"><span class='ocrx_word' id='word_1_491' title='bbox 278 3403 386 3436; x_wconf 88' lang='grc' dir='ltr'>των</span> <span class='ocrx_word' id='word_1_492' title='bbox 438 3382 589 3455; x_wconf 71' lang='grc' dir='ltr'>φέρει</span> <span class='ocrx_word' id='word_1_493' title='bbox 633 3381 698 3435; x_wconf 84' lang='grc' dir='ltr'>τὸ</span> <span class='ocrx_word' id='word_1_494' title='bbox 749 3379 908 3452; x_wconf 89' lang='grc' dir='ltr'>μέσον</span> <span class='ocrx_word' id='word_1_495' title='bbox 963 3381 1098 3455; x_wconf 86' lang='grc' dir='ltr'>πρὸς</span> <span class='ocrx_word' id='word_1_496' title='bbox 1141 3382 1207 3435; x_wconf 77' lang='grc' dir='ltr'>τὰ</span> <span class='ocrx_word' id='word_1_497' title='bbox 1250 3381 1574 3453; x_wconf 71' lang='grc' dir='ltr'>ἑκατέρωθεν</span> <span class='ocrx_word' id='word_1_498' title='bbox 1624 3383 1759 3457; x_wconf 79' lang='grc' dir='ltr'>ἄκρα</span> <span class='ocrx_word' id='word_1_499' title='bbox 1808 3383 1923 3439; x_wconf 69' lang='grc' dir='ltr'>ἴσον</span> 
     </span>
    </p>
   </div>
   <div class='ocr_carea' id='block_1_69' title="bbox 279 3467 1923 3547">
    <p class='ocr_par' dir='ltr' id='par_1_69' title="bbox 279 3467 1923 3547">
     <span class='ocr_line' id='line_1_69' title="bbox 279 3467 1923 3547; baseline 0.002 -22"><span class='ocrx_word' id='word_1_500' title='bbox 279 3491 338 3525; x_wconf 86' lang='grc' dir='ltr'>τε</span> <span class='ocrx_word' id='word_1_501' title='bbox 385 3469 477 3524; x_wconf 79' lang='grc' dir='ltr'>καί</span> <span class='ocrx_word' id='word_1_502' title='bbox 524 3467 969 3543; x_wconf 70' lang='grc' dir='ltr'>ἀπαράλλακτον,</span> <span class='ocrx_word' id='word_1_503' title='bbox 1020 3467 1277 3541; x_wconf 79' lang='grc' dir='ltr'>οὐδεμιᾶς</span> <span class='ocrx_word' id='word_1_504' title='bbox 1334 3475 1450 3530; x_wconf 88' lang='grc' dir='ltr'>τοῖς</span> <span class='ocrx_word' id='word_1_505' title='bbox 1505 3471 1680 3543; x_wconf 83' lang='grc' dir='ltr'>τρισὶν</span> <span class='ocrx_word' id='word_1_506' title='bbox 1731 3473 1923 3547; x_wconf 84' lang='grc' dir='ltr'>ἐνορω-</span> 
     </span>
    </p>
   </div>
   <div class='ocr_carea' id='block_1_70' title="bbox 291 3558 1933 3640">
    <p class='ocr_par' dir='ltr' id='par_1_70' title="bbox 291 3558 1933 3640">
     <span class='ocr_line' id='line_1_70' title="bbox 291 3558 1933 3640; baseline 0.002 -26"><span class='ocrx_word' id='word_1_507' title='bbox 291 3562 460 3635; x_wconf 84' lang='grc' dir='ltr'>μένης</span> <span class='ocrx_word' id='word_1_508' title='bbox 516 3561 662 3623; x_wconf 76' lang='grc' dir='ltr'>ὅλως</span> <span class='ocrx_word' id='word_1_509' title='bbox 720 3558 1033 3622; x_wconf 84' lang='grc' dir='ltr'>συνθέσεως.</span> <span class='ocrx_word' id='word_1_510' title='bbox 1078 3561 1163 3616; x_wconf 78' lang='grc' dir='ltr'>Ἑν</span> <span class='ocrx_word' id='word_1_511' title='bbox 1225 3562 1309 3623; x_wconf 80' lang='grc' dir='ltr'>οἷς</span> <span class='ocrx_word' id='word_1_512' title='bbox 1357 3560 1448 3615; x_wconf 84' lang='grc' dir='ltr'>καὶ</span> <span class='ocrx_word' id='word_1_513' title='bbox 1479 3561 1506 3615; x_wconf 89' lang='lat'>6</span> <span class='ocrx_word' id='word_1_514' title='bbox 1546 3562 1622 3636; x_wconf 74' lang='grc' dir='ltr'>ς’</span> <span class='ocrx_word' id='word_1_515' title='bbox 1648 3567 1728 3635; x_wconf 78' lang='grc' dir='ltr'>τῷ</span> <span class='ocrx_word' id='word_1_516' title='bbox 1769 3562 1933 3640; x_wconf 79' lang='grc' dir='ltr'>φιλο-</span> 
     </span>
    </p>
   </div>
   <div class='ocr_carea' id='block_1_71' title="bbox 287 3646 1366 3725">
    <p class='ocr_par' dir='ltr' id='par_1_71' title="bbox 287 3646 1366 3725">
     <span class='ocr_line' id='line_1_71' title="bbox 287 3646 1366 3725; baseline 0.002 -22"><span class='ocrx_word' id='word_1_517' title='bbox 287 3649 521 3723; x_wconf 78' lang='grc' dir='ltr'>θεάμονι</span> <span class='ocrx_word' id='word_1_518' title='bbox 553 3647 704 3725; x_wconf 83' lang='grc' dir='ltr'>ἀνδρί</span> <span class='ocrx_word' id='word_1_519' title='bbox 738 3648 1147 3723; x_wconf 84' lang='grc' dir='ltr'>συμπεραίνεται</span> <span class='ocrx_word' id='word_1_520' title='bbox 1181 3646 1366 3722; x_wconf 86' lang='grc' dir='ltr'>λόγος.</span> 
     </span>
    </p>
   </div>
   <div class='ocr_carea' id='block_1_72' title="bbox 2034 3116 3685 3188">
    <p class='ocr_par' dir='ltr' id='par_1_72' title="bbox 2034 3116 3685 3188">
     <span class='ocr_line' id='line_1_72' title="bbox 2034 3116 3685 3188; baseline 0.001 -14"><span class='ocrx_word' id='word_1_521' title='bbox 2034 3118 2154 3174; x_wconf 85' lang='lat' dir='ltr'>rius</span> <span class='ocrx_word' id='word_1_522' title='bbox 2200 3116 2359 3172; x_wconf 64' lang='lat' dir='ltr'>libra</span> <span class='ocrx_word' id='word_1_523' title='bbox 2405 3116 2589 3188; x_wconf 82' lang='lat' dir='ltr'>figura</span> <span class='ocrx_word' id='word_1_524' title='bbox 2641 3120 2730 3170; x_wconf 88' lang='lat' dir='ltr'>est</span> <span class='ocrx_word' id='word_1_525' title='bbox 2781 3116 3282 3171; x_wconf 83' lang='lat' dir='ltr'>manifestissima.</span> <span class='ocrx_word' id='word_1_526' title='bbox 3328 3117 3499 3174; x_wconf 89' lang='lat' dir='ltr'>Libra</span> <span class='ocrx_word' id='word_1_527' title='bbox 3552 3136 3685 3176; x_wconf 89' lang='lat' dir='ltr'>vero</span> 
     </span>
    </p>
   </div>
   <div class='ocr_carea' id='block_1_73' title="bbox 2033 3203 3685 3279">
    <p class='ocr_par' dir='ltr' id='par_1_73' title="bbox 2033 3203 3685 3279">
     <span class='ocr_line' id='line_1_73' title="bbox 2033 3203 3685 3279; baseline 0.001 -17"><span class='ocrx_word' id='word_1_528' title='bbox 2033 3204 2421 3277; x_wconf 70' lang='lat' dir='ltr'>aequalitatem</span> <span class='ocrx_word' id='word_1_529' title='bbox 2453 3203 2652 3272; x_wconf 81' lang='lat' dir='ltr'>efﬁcit,</span> <span class='ocrx_word' id='word_1_530' title='bbox 2686 3204 2863 3259; x_wconf 89' lang='lat' dir='ltr'>simul</span> <span class='ocrx_word' id='word_1_531' title='bbox 2897 3221 2962 3259; x_wconf 83' lang='lat' dir='ltr'>ac</span> <span class='ocrx_word' id='word_1_532' title='bbox 2994 3205 3308 3275; x_wconf 84' lang='lat' dir='ltr'>significat.</span> <span class='ocrx_word' id='word_1_533' title='bbox 3344 3206 3506 3279; x_wconf 85' lang='lat' dir='ltr'>Unde</span> <span class='ocrx_word' id='word_1_534' title='bbox 3537 3212 3594 3263; x_wconf 90' lang='lat' dir='ltr'>et</span> <span class='ocrx_word' id='word_1_535' title='bbox 3625 3208 3685 3263; x_wconf 92' lang='lat' dir='ltr'>in</span> 
     </span>
    </p>
   </div>
   <div class='ocr_carea' id='block_1_74' title="bbox 2037 3293 3685 3366">
    <p class='ocr_par' dir='ltr' id='par_1_74' title="bbox 2037 3293 3685 3366">
     <span class='ocr_line' id='line_1_74' title="bbox 2037 3293 3685 3366; baseline -0.001 -13"><span class='ocrx_word' id='word_1_536' title='bbox 2037 3295 2293 3353; x_wconf 85' lang='lat' dir='ltr'>numeris</span> <span class='ocrx_word' id='word_1_537' title='bbox 2324 3293 2483 3350; x_wconf 91' lang='lat' dir='ltr'>solus</span> <span class='ocrx_word' id='word_1_538' title='bbox 2512 3294 2799 3349; x_wconf 77' lang='lat' dir='ltr'>ternarias</span> <span class='ocrx_word' id='word_1_539' title='bbox 2824 3294 3081 3349; x_wconf 85' lang='lat' dir='ltr'>medium</span> <span class='ocrx_word' id='word_1_540' title='bbox 3104 3294 3564 3366; x_wconf 89' lang='lat' dir='ltr'>occupatlocum</span> <span class='ocrx_word' id='word_1_541' title='bbox 3598 3298 3685 3353; x_wconf 87' lang='lat' dir='ltr'>in-</span> 
     </span>
    </p>
   </div>
   <div class='ocr_carea' id='block_1_75' title="bbox 2036 3384 3684 3455">
    <p class='ocr_par' dir='ltr' id='par_1_75' title="bbox 2036 3384 3684 3455">
     <span class='ocr_line' id='line_1_75' title="bbox 2036 3384 3684 3455; baseline 0 -15"><span class='ocrx_word' id='word_1_542' title='bbox 2036 3390 2125 3441; x_wconf 87' lang='lat' dir='ltr'>ter</span> <span class='ocrx_word' id='word_1_543' title='bbox 2148 3392 2388 3455; x_wconf 84' lang='lat' dir='ltr'>utraque</span> <span class='ocrx_word' id='word_1_544' title='bbox 2411 3387 2670 3438; x_wconf 85' lang='lat' dir='ltr'>extrema</span> <span class='ocrx_word' id='word_1_545' title='bbox 2690 3399 2888 3454; x_wconf 84' lang='lat' dir='ltr'>parem</span> <span class='ocrx_word' id='word_1_546' title='bbox 2920 3387 3092 3454; x_wconf 86' lang='lat' dir='ltr'>atque</span> <span class='ocrx_word' id='word_1_547' title='bbox 3121 3384 3684 3454; x_wconf 83' lang='lat' dir='ltr'>incommutabilem,</span> 
     </span>
    </p>
   </div>
   <div class='ocr_carea' id='block_1_76' title="bbox 2040 3471 3685 3531">
    <p class='ocr_par' dir='ltr' id='par_1_76' title="bbox 2040 3471 3685 3531">
     <span class='ocr_line' id='line_1_76' title="bbox 2040 3471 3685 3531; baseline -0.001 0"><span class='ocrx_word' id='word_1_548' title='bbox 2040 3475 2123 3531; x_wconf 88' lang='lat' dir='ltr'>sic</span> <span class='ocrx_word' id='word_1_549' title='bbox 2158 3477 2219 3530; x_wconf 83' lang='lat' dir='ltr'>ut</span> <span class='ocrx_word' id='word_1_550' title='bbox 2252 3472 2414 3528; x_wconf 88' lang='lat' dir='ltr'>nulla</span> <span class='ocrx_word' id='word_1_551' title='bbox 2442 3472 2677 3527; x_wconf 91' lang='lat' dir='ltr'>omnino</span> <span class='ocrx_word' id='word_1_552' title='bbox 2706 3471 2766 3526; x_wconf 91' lang='lat' dir='ltr'>in</span> <span class='ocrx_word' id='word_1_553' title='bbox 2789 3471 2975 3528; x_wconf 91' lang='lat' dir='ltr'>tribus</span> <span class='ocrx_word' id='word_1_554' title='bbox 3007 3473 3497 3530; x_wconf 83' lang='lat' dir='ltr'>animadvertatur</span> <span class='ocrx_word' id='word_1_555' title='bbox 3527 3490 3685 3531; x_wconf 88' lang='lat' dir='ltr'>com-</span> 
     </span>
    </p>
   </div>
   <div class='ocr_carea' id='block_1_77' title="bbox 2044 3560 3688 3635">
    <p class='ocr_par' dir='ltr' id='par_1_77' title="bbox 2044 3560 3688 3635">
     <span class='ocr_line' id='line_1_77' title="bbox 2044 3560 3688 3635; baseline -0.001 -15"><span class='ocrx_word' id='word_1_556' title='bbox 2044 3563 2276 3635; x_wconf 89' lang='lat' dir='ltr'>positio,</span> <span class='ocrx_word' id='word_1_557' title='bbox 2311 3562 2367 3616; x_wconf 88' lang='lat' dir='ltr'>in</span> <span class='ocrx_word' id='word_1_558' title='bbox 2400 3560 2614 3632; x_wconf 90' lang='lat' dir='ltr'>quibus</span> <span class='ocrx_word' id='word_1_559' title='bbox 2662 3564 2860 3618; x_wconf 87' lang='lat' dir='ltr'>sextus</span> <span class='ocrx_word' id='word_1_560' title='bbox 2909 3562 3263 3633; x_wconf 75' lang='lat' dir='ltr'>speculativo</span> <span class='ocrx_word' id='word_1_561' title='bbox 3295 3562 3431 3619; x_wconf 88' lang='lat' dir='ltr'>huic</span> <span class='ocrx_word' id='word_1_562' title='bbox 3464 3564 3688 3620; x_wconf 91' lang='lat' dir='ltr'>homini</span> 
     </span>
    </p>
   </div>
   <div class='ocr_carea' id='block_1_78' title="bbox 2043 3650 3247 3709">
    <p class='ocr_par' dir='ltr' id='par_1_78' title="bbox 2043 3650 3247 3709">
     <span class='ocr_line' id='line_1_78' title="bbox 2043 3650 3247 3709; baseline -0.006 -1"><span class='ocrx_word' id='word_1_563' title='bbox 2043 3652 2187 3709; x_wconf 90' lang='lat' dir='ltr'>liber</span> <span class='ocrx_word' id='word_1_564' title='bbox 2216 3650 2553 3709; x_wconf 87' lang='lat' dir='ltr'>absolvitur.</span> <span class='ocrx_word' id='word_1_565' title='bbox 3222 3674 3247 3691; x_wconf 60' lang='grc' dir='ltr'><strong>π</strong></span> 
     </span>
    </p>
   </div>
   <div class='ocr_carea' id='block_1_79' title="bbox 1846 3742 2131 3799">
    <p class='ocr_par' dir='ltr' id='par_1_79' title="bbox 1846 3742 2131 3799">
     <span class='ocr_line' id='line_1_79' title="bbox 1846 3742 2131 3799; baseline 0 -2"><span class='ocrx_word' id='word_1_566' title='bbox 1846 3742 2007 3799; x_wconf 85' lang='lat' dir='ltr'>Liber</span> <span class='ocrx_word' id='word_1_567' title='bbox 2029 3759 2131 3798; x_wconf 74' lang='lat' dir='ltr'>vn.</span> 
     </span>
    </p>
   </div>
   <div class='ocr_carea' id='block_1_80' title="bbox 347 3824 1923 3905">
    <p class='ocr_par' dir='ltr' id='par_1_80' title="bbox 347 3824 1923 3905">
     <span class='ocr_line' id='line_1_80' title="bbox 347 3824 1923 3905; baseline -0.001 -17"><span class='ocrx_word' id='word_1_568' title='bbox 347 3835 433 3890; x_wconf 88' lang='grc' dir='ltr'>Ἐν</span> <span class='ocrx_word' id='word_1_569' title='bbox 470 3830 528 3886; x_wconf 73' lang='grc' dir='ltr'>δὲ</span> <span class='ocrx_word' id='word_1_570' title='bbox 572 3836 653 3905; x_wconf 76' lang='grc' dir='ltr'>τῷ</span> <span class='ocrx_word' id='word_1_571' title='bbox 705 3832 745 3902; x_wconf 84' lang='grc' dir='ltr'>ζ’</span> <span class='ocrx_word' id='word_1_572' title='bbox 781 3825 987 3905; x_wconf 73' lang='grc' dir='ltr'>βιϐλίῳ</span> <span class='ocrx_word' id='word_1_573' title='bbox 1018 3824 1381 3903; x_wconf 70' lang='grc' dir='ltr'>διαλαμϐάνει</span> <span class='ocrx_word' id='word_1_574' title='bbox 1431 3830 1514 3885; x_wconf 76' lang='grc' dir='ltr'>ὅτι</span> <span class='ocrx_word' id='word_1_575' title='bbox 1563 3835 1710 3905; x_wconf 82' lang='grc' dir='ltr'>τρεῖς</span> <span class='ocrx_word' id='word_1_576' title='bbox 1764 3852 1923 3903; x_wconf 87' lang='grc' dir='ltr'>μετα-</span> 
     </span>
    </p>
   </div>
   <div class='ocr_carea' id='block_1_81' title="bbox 277 3919 1921 4000">
    <p class='ocr_par' dir='ltr' id='par_1_81' title="bbox 277 3919 1921 4000">
     <span class='ocr_line' id='line_1_81' title="bbox 277 3919 1921 4000; baseline -0.002 -20"><span class='ocrx_word' id='word_1_577' title='bbox 277 3924 450 3987; x_wconf 79' lang='grc' dir='ltr'>θέσεις</span> <span class='ocrx_word' id='word_1_578' title='bbox 496 3921 789 3978; x_wconf 75' lang='grc' dir='ltr'>πολιτειῶν</span> <span class='ocrx_word' id='word_1_579' title='bbox 823 3921 885 3977; x_wconf 82' lang='grc' dir='ltr'>τὸ</span> <span class='ocrx_word' id='word_1_580' title='bbox 924 3921 1069 3993; x_wconf 74' lang='grc' dir='ltr'>ἱερὸν</span> <span class='ocrx_word' id='word_1_581' title='bbox 1101 3920 1394 4000; x_wconf 74' lang='grc' dir='ltr'>ἀναγράφει</span> <span class='ocrx_word' id='word_1_582' title='bbox 1445 3920 1701 3995; x_wconf 75' lang='grc' dir='ltr'>Γραμμα,</span> <span class='ocrx_word' id='word_1_583' title='bbox 1733 3919 1793 3983; x_wconf 79' lang='grc' dir='ltr'>ἃς</span> <span class='ocrx_word' id='word_1_584' title='bbox 1833 3923 1921 3977; x_wconf 78' lang='grc' dir='ltr'>καὶ</span> 
     </span>
    </p>
   </div>
   <div class='ocr_carea' id='block_1_82' title="bbox 266 4009 1925 4086">
    <p class='ocr_par' dir='ltr' id='par_1_82' title="bbox 266 4009 1925 4086">
     <span class='ocr_line' id='line_1_82' title="bbox 266 4009 1925 4086; baseline -0.002 -17"><span class='ocrx_word' id='word_1_585' title='bbox 266 4011 531 4086; x_wconf 77' lang='grc' dir='ltr'>σεισμο·5ς</span> <span class='ocrx_word' id='word_1_586' title='bbox 583 4010 864 4083; x_wconf 71' lang='grc' dir='ltr'>ὀνομάζει,</span> <span class='ocrx_word' id='word_1_587' title='bbox 895 4009 1120 4083; x_wconf 81' lang='grc' dir='ltr'>πρώτην</span> <span class='ocrx_word' id='word_1_588' title='bbox 1179 4012 1273 4083; x_wconf 75' lang='grc' dir='ltr'>μὲν</span> <span class='ocrx_word' id='word_1_589' title='bbox 1319 4011 1417 4079; x_wconf 78' lang='grc' dir='ltr'>τὴν</span> <span class='ocrx_word' id='word_1_590' title='bbox 1469 4010 1573 4066; x_wconf 78' lang='grc' dir='ltr'>ἀπὸ</span> <span class='ocrx_word' id='word_1_591' title='bbox 1618 4017 1717 4079; x_wconf 80' lang='grc' dir='ltr'>τῆς</span> <span class='ocrx_word' id='word_1_592' title='bbox 1768 4009 1925 4066; x_wconf 78' lang='grc' dir='ltr'>εἰδω-</span> 
     </span>
    </p>
   </div>
   <div class='ocr_carea' id='block_1_83' title="bbox 266 4098 1922 4175">
    <p class='ocr_par' dir='ltr' id='par_1_83' title="bbox 266 4098 1922 4175">
     <span class='ocr_line' id='line_1_83' title="bbox 266 4098 1922 4175; baseline -0.002 -16"><span class='ocrx_word' id='word_1_593' title='bbox 266 4101 598 4175; x_wconf 78' lang='grc' dir='ltr'>λολατρείας</span> <span class='ocrx_word' id='word_1_594' title='bbox 629 4099 718 4155; x_wconf 79' lang='grc' dir='ltr'>ἐπὶ</span> <span class='ocrx_word' id='word_1_595' title='bbox 766 4100 868 4169; x_wconf 74' lang='grc' dir='ltr'>τήν</span> <span class='ocrx_word' id='word_1_596' title='bbox 917 4100 1152 4171; x_wconf 73' lang='grc' dir='ltr'>νομικὴν</span> <span class='ocrx_word' id='word_1_597' title='bbox 1190 4098 1469 4154; x_wconf 77' lang='grc' dir='ltr'>πολιτείαν</span> <span class='ocrx_word' id='word_1_598' title='bbox 1521 4103 1821 4172; x_wconf 75' lang='grc' dir='ltr'>μετάθεσιν,</span> <span class='ocrx_word' id='word_1_599' title='bbox 1871 4101 1922 4156; x_wconf 79' lang='grc' dir='ltr'>ἐν</span> 
     </span>
    </p>
   </div>
   <div class='ocr_carea' id='block_1_84' title="bbox 273 4186 1926 4266">
    <p class='ocr_par' dir='ltr' id='par_1_84' title="bbox 273 4186 1926 4266">
     <span class='ocr_line' id='line_1_84' title="bbox 273 4186 1926 4266; baseline -0.001 -20"><span class='ocrx_word' id='word_1_600' title='bbox 273 4196 311 4266; x_wconf 75' lang='grc' dir='ltr'>ᾖ</span> <span class='ocrx_word' id='word_1_601' title='bbox 346 4192 513 4266; x_wconf 74' lang='grc' dir='ltr'>μόνος</span> <span class='ocrx_word' id='word_1_602' title='bbox 560 4190 654 4263; x_wconf 71' lang='grc' dir='ltr'>μὲν</span> <span class='ocrx_word' id='word_1_603' title='bbox 685 4190 713 4243; x_wconf 86' lang='lat'>6</span> <span class='ocrx_word' id='word_1_604' title='bbox 755 4189 941 4263; x_wconf 69' lang='grc' dir='ltr'>Πατὴρ</span> <span class='ocrx_word' id='word_1_605' title='bbox 992 4186 1359 4265; x_wconf 69' lang='grc' dir='ltr'>ἐμφανέστατα</span> <span class='ocrx_word' id='word_1_606' title='bbox 1401 4189 1747 4262; x_wconf 76' lang='grc' dir='ltr'>κηρύττεται,</span> <span class='ocrx_word' id='word_1_607' title='bbox 1791 4192 1818 4245; x_wconf 87' lang='lat'>6</span> <span class='ocrx_word' id='word_1_608' title='bbox 1869 4188 1926 4245; x_wconf 77' lang='grc' dir='ltr'>δὲ</span> 
     </span>
    </p>
   </div>
   <div class='ocr_carea' id='block_1_85' title="bbox 273 4272 1922 4356">
    <p class='ocr_par' dir='ltr' id='par_1_85' title="bbox 273 4272 1922 4356">
     <span class='ocr_line' id='line_1_85' title="bbox 273 4272 1922 4356; baseline -0.002 -18"><span class='ocrx_word' id='word_1_609' title='bbox 273 4285 400 4343; x_wconf 74' lang='grc' dir='ltr'>Υἱὸς</span> <span class='ocrx_word' id='word_1_610' title='bbox 429 4280 520 4335; x_wconf 85' lang='grc' dir='ltr'>καί</span> <span class='ocrx_word' id='word_1_611' title='bbox 557 4279 621 4334; x_wconf 86' lang='grc' dir='ltr'>τὸ</span> <span class='ocrx_word' id='word_1_612' title='bbox 663 4282 882 4351; x_wconf 79' lang='grc' dir='ltr'>Πνεῦμα</span> <span class='ocrx_word' id='word_1_613' title='bbox 911 4276 963 4332; x_wconf 80' lang='grc' dir='ltr'>ἐν</span> <span class='ocrx_word' id='word_1_614' title='bbox 1014 4272 1317 4350; x_wconf 87' lang='grc' dir='ltr'>συμϐόλοις</span> <span class='ocrx_word' id='word_1_615' title='bbox 1360 4276 1572 4349; x_wconf 71' lang='grc' dir='ltr'>μᾶλλον</span> <span class='ocrx_word' id='word_1_616' title='bbox 1604 4282 1650 4317; x_wconf 81' lang='grc' dir='ltr'>⁸ο</span> <span class='ocrx_word' id='word_1_617' title='bbox 1678 4278 1922 4356; x_wconf 88' lang='grc' dir='ltr'>παραδη-</span> 
     </span>
    </p>
   </div>
   <div class='ocr_carea' id='block_1_86' title="bbox 272 4363 1925 4444">
    <p class='ocr_par' dir='ltr' id='par_1_86' title="bbox 272 4363 1925 4444">
     <span class='ocr_line' id='line_1_86' title="bbox 272 4363 1925 4444; baseline -0.002 -17"><span class='ocrx_word' id='word_1_618' title='bbox 272 4370 469 4427; x_wconf 86' lang='grc' dir='ltr'>λοῦται</span> <span class='ocrx_word' id='word_1_619' title='bbox 514 4369 607 4424; x_wconf 83' lang='grc' dir='ltr'>καί</span> <span class='ocrx_word' id='word_1_620' title='bbox 650 4366 930 4444; x_wconf 77' lang='grc' dir='ltr'>αἰνίγμασι</span> <span class='ocrx_word' id='word_1_621' title='bbox 974 4386 987 4399; x_wconf 83' lang='lat'>&#39;</span> <span class='ocrx_word' id='word_1_622' title='bbox 1037 4363 1285 4441; x_wconf 85' lang='grc' dir='ltr'>δευτέραν</span> <span class='ocrx_word' id='word_1_623' title='bbox 1337 4363 1393 4420; x_wconf 76' lang='grc' dir='ltr'>δέ</span> <span class='ocrx_word' id='word_1_624' title='bbox 1423 4368 1524 4436; x_wconf 76' lang='grc' dir='ltr'>τὴν</span> <span class='ocrx_word' id='word_1_625' title='bbox 1572 4366 1678 4423; x_wconf 79' lang='grc' dir='ltr'>ἀπὸ</span> <span class='ocrx_word' id='word_1_626' title='bbox 1724 4369 1925 4441; x_wconf 69' lang='grc' dir='ltr'>ταύτης</span> 
     </span>
    </p>
   </div>
   <div class='ocr_carea' id='block_1_87' title="bbox 272 4453 1921 4536">
    <p class='ocr_par' dir='ltr' id='par_1_87' title="bbox 272 4453 1921 4536">
     <span class='ocr_line' id='line_1_87' title="bbox 272 4453 1921 4536; baseline -0.002 -20"><span class='ocrx_word' id='word_1_627' title='bbox 272 4461 409 4536; x_wconf 82' lang='grc' dir='ltr'>πρὸς</span> <span class='ocrx_word' id='word_1_628' title='bbox 447 4459 512 4513; x_wconf 80' lang='grc' dir='ltr'>τὸ</span> <span class='ocrx_word' id='word_1_629' title='bbox 544 4456 907 4533; x_wconf 80' lang='grc' dir='ltr'>Εὐαγγέλιον,</span> <span class='ocrx_word' id='word_1_630' title='bbox 940 4453 991 4509; x_wconf 82' lang='grc' dir='ltr'>ἐν</span> <span class='ocrx_word' id='word_1_631' title='bbox 1120 4454 1441 4531; x_wconf 83' lang='grc' dir='ltr'>τρανότερον</span> <span class='ocrx_word' id='word_1_632' title='bbox 1475 4457 1502 4511; x_wconf 90' lang='lat'>6</span> <span class='ocrx_word' id='word_1_633' title='bbox 1551 4458 1677 4519; x_wconf 79' lang='grc' dir='ltr'>Υἱὸς</span> <span class='ocrx_word' id='word_1_634' title='bbox 1721 4458 1811 4512; x_wconf 85' lang='grc' dir='ltr'>καί</span> <span class='ocrx_word' id='word_1_635' title='bbox 1860 4460 1921 4513; x_wconf 86' lang='grc' dir='ltr'>τὸ</span> 
     </span>
    </p>
   </div>
   <div class='ocr_carea' id='block_1_88' title="bbox 2106 3830 3689 3904">
    <p class='ocr_par' dir='ltr' id='par_1_88' title="bbox 2106 3830 3689 3904">
     <span class='ocr_line' id='line_1_88' title="bbox 2106 3830 3689 3904; baseline -0.001 -16"><span class='ocrx_word' id='word_1_636' title='bbox 2106 3832 2277 3888; x_wconf 89' lang='lat' dir='ltr'>Libro</span> <span class='ocrx_word' id='word_1_637' title='bbox 2303 3831 2552 3904; x_wconf 89' lang='lat' dir='ltr'>septimo</span> <span class='ocrx_word' id='word_1_638' title='bbox 2576 3830 2724 3902; x_wconf 88' lang='lat' dir='ltr'>[cap.</span> <span class='ocrx_word' id='word_1_639' title='bbox 2740 3830 2830 3902; x_wconf 83' lang='lat'>27]</span> <span class='ocrx_word' id='word_1_640' title='bbox 2852 3832 3059 3886; x_wconf 88' lang='lat' dir='ltr'>asserit</span> <span class='ocrx_word' id='word_1_641' title='bbox 3074 3834 3192 3888; x_wconf 89' lang='lat' dir='ltr'>tres</span> <span class='ocrx_word' id='word_1_642' title='bbox 3216 3830 3544 3902; x_wconf 85' lang='lat' dir='ltr'>politiarum</span> <span class='ocrx_word' id='word_1_643' title='bbox 3565 3847 3689 3887; x_wconf 90' lang='lat' dir='ltr'>mu-</span> 
     </span>
    </p>
   </div>
   <div class='ocr_carea' id='block_1_89' title="bbox 2033 3920 3690 3992">
    <p class='ocr_par' dir='ltr' id='par_1_89' title="bbox 2033 3920 3690 3992">
     <span class='ocr_line' id='line_1_89' title="bbox 2033 3920 3690 3992; baseline 0 -15"><span class='ocrx_word' id='word_1_644' title='bbox 2033 3922 2288 3978; x_wconf 88' lang='lat' dir='ltr'>tationes</span> <span class='ocrx_word' id='word_1_645' title='bbox 2339 3939 2373 3976; x_wconf 86' lang='lat' dir='ltr'>a</span> <span class='ocrx_word' id='word_1_646' title='bbox 2420 3936 2583 3976; x_wconf 87' lang='lat' dir='ltr'>sacra</span> <span class='ocrx_word' id='word_1_647' title='bbox 2635 3920 3037 3992; x_wconf 72' lang='lat' dir='ltr'>repraesentari</span> <span class='ocrx_word' id='word_1_648' title='bbox 3088 3921 3408 3991; x_wconf 79' lang='lat' dir='ltr'>Scriptura,</span> <span class='ocrx_word' id='word_1_649' title='bbox 3440 3938 3584 3991; x_wconf 89' lang='lat' dir='ltr'>quas</span> <span class='ocrx_word' id='word_1_650' title='bbox 3632 3925 3690 3977; x_wconf 88' lang='lat' dir='ltr'>et</span> 
     </span>
    </p>
   </div>
   <div class='ocr_carea' id='block_1_90' title="bbox 2035 4007 3684 4079">
    <p class='ocr_par' dir='ltr' id='par_1_90' title="bbox 2035 4007 3684 4079">
     <span class='ocr_line' id='line_1_90' title="bbox 2035 4007 3684 4079; baseline -0.001 -13"><span class='ocrx_word' id='word_1_651' title='bbox 2035 4013 2387 4067; x_wconf 75' lang='lat' dir='ltr'>Terrwmotus</span> <span class='ocrx_word' id='word_1_652' title='bbox 2421 4009 2704 4065; x_wconf 90' lang='lat' dir='ltr'>nominat.</span> <span class='ocrx_word' id='word_1_653' title='bbox 2743 4008 2996 4065; x_wconf 87' lang='lat' dir='ltr'>Primam</span> <span class='ocrx_word' id='word_1_654' title='bbox 3025 4010 3259 4079; x_wconf 89' lang='lat' dir='ltr'>quidem</span> <span class='ocrx_word' id='word_1_655' title='bbox 3293 4009 3364 4065; x_wconf 88' lang='lat' dir='ltr'>ab</span> <span class='ocrx_word' id='word_1_656' title='bbox 3394 4007 3684 4065; x_wconf 88' lang='lat' dir='ltr'>idolorum</span> 
     </span>
    </p>
   </div>
   <div class='ocr_carea' id='block_1_91' title="bbox 2034 4096 3692 4171">
    <p class='ocr_par' dir='ltr' id='par_1_91' title="bbox 2034 4096 3692 4171">
     <span class='ocr_line' id='line_1_91' title="bbox 2034 4096 3692 4171; baseline -0.001 -15"><span class='ocrx_word' id='word_1_657' title='bbox 2034 4101 2194 4156; x_wconf 90' lang='lat' dir='ltr'>cultu</span> <span class='ocrx_word' id='word_1_658' title='bbox 2209 4100 2268 4155; x_wconf 93' lang='lat' dir='ltr'>in</span> <span class='ocrx_word' id='word_1_659' title='bbox 2282 4097 2519 4171; x_wconf 82' lang='lat' dir='ltr'>legalem</span> <span class='ocrx_word' id='word_1_660' title='bbox 2536 4096 2863 4169; x_wconf 65' lang='lat' dir='ltr'>reipublicae</span> <span class='ocrx_word' id='word_1_661' title='bbox 2879 4097 3299 4153; x_wconf 88' lang='lat' dir='ltr'>ordinationem</span> <span class='ocrx_word' id='word_1_662' title='bbox 3312 4142 3325 4168; x_wconf 90' lang='lat'>,</span> <span class='ocrx_word' id='word_1_663' title='bbox 3341 4098 3399 4153; x_wconf 92' lang='lat' dir='ltr'>in</span> <span class='ocrx_word' id='word_1_664' title='bbox 3414 4113 3517 4168; x_wconf 86' lang='lat' dir='ltr'>qua</span> <span class='ocrx_word' id='word_1_665' title='bbox 3533 4099 3692 4154; x_wconf 90' lang='lat' dir='ltr'>solus</span> 
     </span>
    </p>
   </div>
   <div class='ocr_carea' id='block_1_92' title="bbox 2032 4185 3688 4257">
    <p class='ocr_par' dir='ltr' id='par_1_92' title="bbox 2032 4185 3688 4257">
     <span class='ocr_line' id='line_1_92' title="bbox 2032 4185 3688 4257; baseline -0.002 -13"><span class='ocrx_word' id='word_1_666' title='bbox 2032 4190 2201 4247; x_wconf 77' lang='lat' dir='ltr'>Pater</span> <span class='ocrx_word' id='word_1_667' title='bbox 2252 4186 2727 4243; x_wconf 79' lang='lat' dir='ltr'>manifestissime</span> <span class='ocrx_word' id='word_1_668' title='bbox 2759 4185 3126 4257; x_wconf 64' lang='lat' dir='ltr'>praedicatur.</span> <span class='ocrx_word' id='word_1_669' title='bbox 3162 4186 3339 4241; x_wconf 83' lang='lat' dir='ltr'>Filius</span> <span class='ocrx_word' id='word_1_670' title='bbox 3386 4191 3576 4242; x_wconf 87' lang='lat' dir='ltr'>autem</span> <span class='ocrx_word' id='word_1_671' title='bbox 3629 4190 3688 4243; x_wconf 89' lang='lat' dir='ltr'>et</span> 
     </span>
    </p>
   </div>
   <div class='ocr_carea' id='block_1_93' title="bbox 2030 4275 3685 4350">
    <p class='ocr_par' dir='ltr' id='par_1_93' title="bbox 2030 4275 3685 4350">
     <span class='ocr_line' id='line_1_93' title="bbox 2030 4275 3685 4350; baseline -0.001 -17"><span class='ocrx_word' id='word_1_672' title='bbox 2030 4278 2278 4350; x_wconf 85' lang='lat' dir='ltr'>Spiritus</span> <span class='ocrx_word' id='word_1_673' title='bbox 2301 4275 2579 4348; x_wconf 85' lang='lat' dir='ltr'>symbolis</span> <span class='ocrx_word' id='word_1_674' title='bbox 2598 4276 2879 4330; x_wconf 80' lang='lat' dir='ltr'>duntaxat</span> <span class='ocrx_word' id='word_1_675' title='bbox 2900 4280 2955 4331; x_wconf 86' lang='lat' dir='ltr'>et</span> <span class='ocrx_word' id='word_1_676' title='bbox 2976 4275 3303 4348; x_wconf 63' lang='lat' dir='ltr'>mnigmatis</span> <span class='ocrx_word' id='word_1_677' title='bbox 3327 4276 3685 4332; x_wconf 89' lang='lat' dir='ltr'>indicantur.</span> 
     </span>
    </p>
   </div>
   <div class='ocr_carea' id='block_1_94' title="bbox 2032 4363 3687 4439">
    <p class='ocr_par' dir='ltr' id='par_1_94' title="bbox 2032 4363 3687 4439">
     <span class='ocr_line' id='line_1_94' title="bbox 2032 4363 3687 4439; baseline 0.001 -17"><span class='ocrx_word' id='word_1_678' title='bbox 2032 4369 2288 4423; x_wconf 85' lang='lat' dir='ltr'>Alteram</span> <span class='ocrx_word' id='word_1_679' title='bbox 2319 4382 2450 4421; x_wconf 89' lang='lat' dir='ltr'>vero</span> <span class='ocrx_word' id='word_1_680' title='bbox 2481 4380 2550 4420; x_wconf 84' lang='lat' dir='ltr'>ex</span> <span class='ocrx_word' id='word_1_681' title='bbox 2580 4363 2684 4420; x_wconf 90' lang='lat' dir='ltr'>bac</span> <span class='ocrx_word' id='word_1_682' title='bbox 2709 4364 2770 4420; x_wconf 93' lang='lat' dir='ltr'>in</span> <span class='ocrx_word' id='word_1_683' title='bbox 2794 4364 3168 4436; x_wconf 85' lang='lat' dir='ltr'>Evangelium</span> <span class='ocrx_word' id='word_1_684' title='bbox 3202 4381 3316 4439; x_wconf 88' lang='lat' dir='ltr'>qua</span> <span class='ocrx_word' id='word_1_685' title='bbox 3347 4365 3532 4436; x_wconf 82' lang='lat' dir='ltr'>magis</span> <span class='ocrx_word' id='word_1_686' title='bbox 3562 4382 3687 4437; x_wconf 90' lang='lat' dir='ltr'>per-</span> 
     </span>
    </p>
   </div>
   <div class='ocr_carea' id='block_1_95' title="bbox 2033 4453 3687 4528">
    <p class='ocr_par' dir='ltr' id='par_1_95' title="bbox 2033 4453 3687 4528">
     <span class='ocr_line' id='line_1_95' title="bbox 2033 4453 3687 4528; baseline 0 -16"><span class='ocrx_word' id='word_1_687' title='bbox 2033 4455 2234 4528; x_wconf 90' lang='lat' dir='ltr'>spicue</span> <span class='ocrx_word' id='word_1_688' title='bbox 2259 4454 2438 4510; x_wconf 84' lang='lat' dir='ltr'>Filius</span> <span class='ocrx_word' id='word_1_689' title='bbox 2459 4457 2516 4510; x_wconf 87' lang='lat' dir='ltr'>et</span> <span class='ocrx_word' id='word_1_690' title='bbox 2536 4453 2787 4525; x_wconf 89' lang='lat' dir='ltr'>Spiritus</span> <span class='ocrx_word' id='word_1_691' title='bbox 2807 4462 3040 4511; x_wconf 86' lang='lat' dir='ltr'>sanctus</span> <span class='ocrx_word' id='word_1_692' title='bbox 3064 4454 3526 4512; x_wconf 83' lang='lat' dir='ltr'>manifestantur.</span> <span class='ocrx_word' id='word_1_693' title='bbox 3546 4457 3687 4512; x_wconf 88' lang='lat' dir='ltr'>Tcr-</span> 
     </span>
    </p>
   </div>
   <div class='ocr_carea' id='block_1_96' title="bbox 276 4518 1931 4621">
    <p class='ocr_par' dir='ltr' id='par_1_96' title="bbox 276 4544 1916 4621">
     <span class='ocr_line' id='line_1_96' title="bbox 276 4544 1916 4621; baseline -0.001 -17"><span class='ocrx_word' id='word_1_694' title='bbox 276 4553 493 4621; x_wconf 80' lang='grc' dir='ltr'>Πνεῦμα</span> <span class='ocrx_word' id='word_1_695' title='bbox 524 4544 970 4601; x_wconf 73' lang='grc' dir='ltr'>ἀποκαλύπτεται</span> <span class='ocrx_word' id='word_1_696' title='bbox 1002 4564 1015 4577; x_wconf 75' lang='grc'><strong>⁸</strong></span> <span class='ocrx_word' id='word_1_697' title='bbox 1049 4545 1139 4599; x_wconf 78' lang='grc' dir='ltr'>καὶ</span> <span class='ocrx_word' id='word_1_698' title='bbox 1170 4544 1360 4619; x_wconf 81' lang='grc' dir='ltr'>τρίτην</span> <span class='ocrx_word' id='word_1_699' title='bbox 1394 4545 1586 4601; x_wconf 84' lang='grc' dir='ltr'>λοιπὸν</span> <span class='ocrx_word' id='word_1_700' title='bbox 1619 4548 1717 4614; x_wconf 80' lang='grc' dir='ltr'>τήν</span> <span class='ocrx_word' id='word_1_701' title='bbox 1749 4546 1916 4602; x_wconf 75' lang='grc' dir='ltr'>ἄυλο-</span> 
     </span>
    </p>
   </div>
   <div class='ocr_carea' id='block_1_97' title="bbox 2044 4518 3687 4621">
    <p class='ocr_par' dir='ltr' id='par_1_97' title="bbox 2044 4542 3687 4617">
     <span class='ocr_line' id='line_1_97' title="bbox 2044 4542 3687 4617; baseline 0 -16"><span class='ocrx_word' id='word_1_702' title='bbox 2044 4546 2169 4601; x_wconf 83' lang='lat' dir='ltr'>;iam</span> <span class='ocrx_word' id='word_1_703' title='bbox 2190 4544 2425 4616; x_wconf 82' lang='lat' dir='ltr'>denique</span> <span class='ocrx_word' id='word_1_704' title='bbox 2437 4542 2597 4599; x_wconf 89' lang='lat' dir='ltr'>illam</span> <span class='ocrx_word' id='word_1_705' title='bbox 2611 4543 2863 4599; x_wconf 65' lang='lat' dir='ltr'>materiai</span> <span class='ocrx_word' id='word_1_706' title='bbox 2878 4544 3066 4615; x_wconf 86' lang='lat' dir='ltr'>magis</span> <span class='ocrx_word' id='word_1_707' title='bbox 3079 4553 3365 4617; x_wconf 87' lang='lat' dir='ltr'>expertem</span> <span class='ocrx_word' id='word_1_708' title='bbox 3381 4549 3438 4600; x_wconf 90' lang='lat' dir='ltr'>et</span> <span class='ocrx_word' id='word_1_709' title='bbox 3450 4544 3687 4601; x_wconf 87' lang='lat' dir='ltr'>divinio-</span> 
     </span>
    </p>
   </div>
   <div class='ocr_carea' id='block_1_98' title="bbox 269 4632 1917 4713">
    <p class='ocr_par' dir='ltr' id='par_1_98' title="bbox 269 4632 1917 4713">
     <span class='ocr_line' id='line_1_98' title="bbox 269 4632 1917 4713; baseline -0.002 -18"><span class='ocrx_word' id='word_1_710' title='bbox 269 4639 430 4713; x_wconf 85' lang='grc' dir='ltr'>τέραν</span> <span class='ocrx_word' id='word_1_711' title='bbox 466 4659 526 4692; x_wconf 90' lang='grc' dir='ltr'>τε</span> <span class='ocrx_word' id='word_1_712' title='bbox 573 4634 662 4691; x_wconf 79' lang='grc' dir='ltr'>καὶ</span> <span class='ocrx_word' id='word_1_713' title='bbox 703 4634 974 4709; x_wconf 79' lang='grc' dir='ltr'>θειοτέραν</span> <span class='ocrx_word' id='word_1_714' title='bbox 1026 4633 1206 4704; x_wconf 74' lang='grc' dir='ltr'>λῆξιν,</span> <span class='ocrx_word' id='word_1_715' title='bbox 1239 4632 1290 4688; x_wconf 79' lang='grc' dir='ltr'>ἐν</span> <span class='ocrx_word' id='word_1_716' title='bbox 1419 4632 1749 4709; x_wconf 77' lang='grc' dir='ltr'>διαπρυσίως</span> <span class='ocrx_word' id='word_1_717' title='bbox 1787 4640 1917 4691; x_wconf 75' lang='grc' dir='ltr'>πᾶσι</span> 
     </span>
    </p>
   </div>
   <div class='ocr_carea' id='block_1_99' title="bbox 270 4720 1919 4797">
    <p class='ocr_par' dir='ltr' id='par_1_99' title="bbox 270 4720 1919 4797">
     <span class='ocr_line' id='line_1_99' title="bbox 270 4720 1919 4797; baseline -0.001 -16"><span class='ocrx_word' id='word_1_718' title='bbox 270 4729 335 4781; x_wconf 86' lang='grc' dir='ltr'>τὸ</span> <span class='ocrx_word' id='word_1_719' title='bbox 380 4733 482 4796; x_wconf 79' lang='grc' dir='ltr'>τῆς</span> <span class='ocrx_word' id='word_1_720' title='bbox 522 4721 747 4797; x_wconf 72' lang='grc' dir='ltr'>Τριάδος</span> <span class='ocrx_word' id='word_1_721' title='bbox 797 4720 1023 4786; x_wconf 73' lang='grc' dir='ltr'>ὲνοειδὶς</span> <span class='ocrx_word' id='word_1_722' title='bbox 1078 4721 1167 4776; x_wconf 78' lang='grc' dir='ltr'>καὶ</span> <span class='ocrx_word' id='word_1_723' title='bbox 1224 4721 1516 4795; x_wconf 79' lang='grc' dir='ltr'>ἀμέριστον</span> <span class='ocrx_word' id='word_1_724' title='bbox 1576 4724 1664 4779; x_wconf 79' lang='grc' dir='ltr'>καὶ</span> <span class='ocrx_word' id='word_1_725' title='bbox 1720 4745 1919 4780; x_wconf 83' lang='grc' dir='ltr'>παντο-</span> 
     </span>
    </p>
   </div>
   <div class='ocr_carea' id='block_1_100' title="bbox 272 4807 1920 4887">
    <p class='ocr_par' dir='ltr' id='par_1_100' title="bbox 272 4807 1920 4887">
     <span class='ocr_line' id='line_1_100' title="bbox 272 4807 1920 4887; baseline -0.002 -18"><span class='ocrx_word' id='word_1_726' title='bbox 272 4814 617 4887; x_wconf 79' lang='grc' dir='ltr'>κρατορικὸν,</span> <span class='ocrx_word' id='word_1_727' title='bbox 669 4812 741 4872; x_wconf 84' lang='grc' dir='ltr'>ὡς</span> <span class='ocrx_word' id='word_1_728' title='bbox 789 4816 1025 4885; x_wconf 79' lang='grc' dir='ltr'>γεννητῇ</span> <span class='ocrx_word' id='word_1_729' title='bbox 1077 4810 1231 4884; x_wconf 74' lang='grc' dir='ltr'>φύσει</span> <span class='ocrx_word' id='word_1_730' title='bbox 1283 4807 1526 4882; x_wconf 85' lang='grc' dir='ltr'>δυνατὸν,</span> <span class='ocrx_word' id='word_1_731' title='bbox 1585 4810 1660 4873; x_wconf 82' lang='grc' dir='ltr'>εἰς</span> <span class='ocrx_word' id='word_1_732' title='bbox 1708 4812 1920 4884; x_wconf 78' lang='grc' dir='ltr'>ἀνθρώ-</span> 
     </span>
    </p>
   </div>
   <div class='ocr_carea' id='block_1_101' title="bbox 271 4898 1921 4976">
    <p class='ocr_par' dir='ltr' id='par_1_101' title="bbox 271 4898 1921 4976">
     <span class='ocr_line' id='line_1_101' title="bbox 271 4898 1921 4976; baseline -0.004 -16"><span class='ocrx_word' id='word_1_733' title='bbox 271 4926 391 4959; x_wconf 85' lang='grc' dir='ltr'>πων</span> <span class='ocrx_word' id='word_1_734' title='bbox 442 4899 760 4957; x_wconf 76' lang='grc' dir='ltr'>ἆδίστακτον</span> <span class='ocrx_word' id='word_1_735' title='bbox 817 4904 1016 4974; x_wconf 80' lang='grc' dir='ltr'>γνῶσιν</span> <span class='ocrx_word' id='word_1_736' title='bbox 1065 4898 1383 4975; x_wconf 72' lang='grc' dir='ltr'>ἀφικνεῖται.</span> <span class='ocrx_word' id='word_1_737' title='bbox 1436 4899 1804 4976; x_wconf 83' lang='grc' dir='ltr'>Ἀπαγγέλλει</span> <span class='ocrx_word' id='word_1_738' title='bbox 1864 4898 1921 4954; x_wconf 76' lang='grc' dir='ltr'>δὲ</span> 
     </span>
    </p>
   </div>
   <div class='ocr_carea' id='block_1_102' title="bbox 266 4984 1921 5065">
    <p class='ocr_par' dir='ltr' id='par_1_102' title="bbox 266 4984 1921 5065">
     <span class='ocr_line' id='line_1_102' title="bbox 266 4984 1921 5065; baseline -0.002 -17"><span class='ocrx_word' id='word_1_739' title='bbox 266 4993 362 5049; x_wconf 87' lang='grc' dir='ltr'>τὸν</span> <span class='ocrx_word' id='word_1_740' title='bbox 399 4992 495 5065; x_wconf 71' lang='grc' dir='ltr'>μὲν</span> <span class='ocrx_word' id='word_1_741' title='bbox 537 4995 754 5065; x_wconf 77' lang='grc' dir='ltr'>πρῶτον</span> <span class='ocrx_word' id='word_1_742' title='bbox 802 4989 1026 5061; x_wconf 80' lang='grc' dir='ltr'>σεισμὸν</span> <span class='ocrx_word' id='word_1_743' title='bbox 1074 4989 1102 5043; x_wconf 89' lang='lat'>6</span> <span class='ocrx_word' id='word_1_744' title='bbox 1134 4988 1409 5050; x_wconf 84' lang='grc' dir='ltr'>θεσπέσιος</span> <span class='ocrx_word' id='word_1_745' title='bbox 1457 4984 1624 5044; x_wconf 84' lang='grc' dir='ltr'>Δαϐἰδ</span> <span class='ocrx_word' id='word_1_746' title='bbox 1679 4987 1768 5044; x_wconf 68' lang='grc' dir='ltr'>διὰ</span> <span class='ocrx_word' id='word_1_747' title='bbox 1811 4993 1921 5045; x_wconf 82' lang='grc' dir='ltr'>τῶν</span> 
     </span>
    </p>
   </div>
   <div class='ocr_carea' id='block_1_103' title="bbox 268 5075 1924 5154">
    <p class='ocr_par' dir='ltr' id='par_1_103' title="bbox 268 5075 1924 5154">
     <span class='ocr_line' id='line_1_103' title="bbox 268 5075 1924 5154; baseline -0.001 -21"><span class='ocrx_word' id='word_1_748' title='bbox 268 5079 539 5154; x_wconf 75' lang='grc' dir='ltr'>ῥημάτιον</span> <span class='ocrx_word' id='word_1_749' title='bbox 603 5076 812 5132; x_wconf 68' lang='grc' dir='ltr'>τούτων</span> <span class='ocrx_word' id='word_1_750' title='bbox 884 5093 898 5108; x_wconf 86' lang='grc'>⁶</span> <span class='ocrx_word' id='word_1_751' title='bbox 961 5075 1096 5132; x_wconf 87' lang='grc' dir='ltr'>Ἀπὸ</span> <span class='ocrx_word' id='word_1_752' title='bbox 1153 5076 1454 5148; x_wconf 83' lang='grc' dir='ltr'>προσώπου</span> <span class='ocrx_word' id='word_1_753' title='bbox 1530 5078 1734 5151; x_wconf 83' lang='grc' dir='ltr'>Κυρίου</span> <span class='ocrx_word' id='word_1_754' title='bbox 1810 5076 1924 5132; x_wconf 83' lang='grc' dir='ltr'>ἐσα-</span> 
     </span>
    </p>
   </div>
   <div class='ocr_carea' id='block_1_104' title="bbox 270 5162 1920 5242">
    <p class='ocr_par' dir='ltr' id='par_1_104' title="bbox 270 5162 1920 5242">
     <span class='ocr_line' id='line_1_104' title="bbox 270 5162 1920 5242; baseline -0.001 -19"><span class='ocrx_word' id='word_1_755' title='bbox 270 5168 441 5238; x_wconf 74' lang='grc' dir='ltr'>λεύθη</span> <span class='ocrx_word' id='word_1_756' title='bbox 475 5169 517 5204; x_wconf 84' lang='grc'>⁶¹</span> <span class='ocrx_word' id='word_1_757' title='bbox 565 5168 600 5236; x_wconf 78' lang='grc' dir='ltr'>ἡ</span> <span class='ocrx_word' id='word_1_758' title='bbox 656 5172 753 5242; x_wconf 81' lang='grc' dir='ltr'>γῆ,</span> <span class='ocrx_word' id='word_1_759' title='bbox 810 5164 919 5220; x_wconf 83' lang='grc' dir='ltr'>ἀπὸ</span> <span class='ocrx_word' id='word_1_760' title='bbox 976 5165 1274 5239; x_wconf 81' lang='grc' dir='ltr'>προσώπου</span> <span class='ocrx_word' id='word_1_761' title='bbox 1314 5169 1409 5221; x_wconf 90' lang='grc' dir='ltr'>τοῦ</span> <span class='ocrx_word' id='word_1_762' title='bbox 1466 5170 1599 5221; x_wconf 86' lang='grc' dir='ltr'>Θεοῦ</span> <span class='ocrx_word' id='word_1_763' title='bbox 1668 5162 1859 5222; x_wconf 81' lang='grc' dir='ltr'>Ἰακώϐ</span> <span class='ocrx_word' id='word_1_764' title='bbox 1906 5186 1920 5201; x_wconf 76' lang='grc' dir='ltr'><strong>ο</strong></span> 
     </span>
    </p>
   </div>
   <div class='ocr_carea' id='block_1_105' title="bbox 2030 4633 3690 4705">
    <p class='ocr_par' dir='ltr' id='par_1_105' title="bbox 2030 4633 3690 4705">
     <span class='ocr_line' id='line_1_105' title="bbox 2030 4633 3690 4705; baseline -0.001 -15"><span class='ocrx_word' id='word_1_765' title='bbox 2030 4650 2148 4691; x_wconf 89' lang='lat' dir='ltr'>rem</span> <span class='ocrx_word' id='word_1_766' title='bbox 2168 4633 2449 4702; x_wconf 85' lang='lat' dir='ltr'>sortem,in</span> <span class='ocrx_word' id='word_1_767' title='bbox 2466 4650 2581 4705; x_wconf 87' lang='lat' dir='ltr'>qua</span> <span class='ocrx_word' id='word_1_768' title='bbox 2596 4634 2832 4705; x_wconf 89' lang='lat' dir='ltr'>penitus</span> <span class='ocrx_word' id='word_1_769' title='bbox 2852 4633 3385 4704; x_wconf 75' lang='lat' dir='ltr'>192(b)1‘rinitatis</span> <span class='ocrx_word' id='word_1_770' title='bbox 3400 4634 3690 4691; x_wconf 83' lang='lat' dir='ltr'>uniformi-</span> 
     </span>
    </p>
   </div>
   <div class='ocr_carea' id='block_1_106' title="bbox 2028 4723 3689 4796">
    <p class='ocr_par' dir='ltr' id='par_1_106' title="bbox 2028 4723 3689 4796">
     <span class='ocr_line' id='line_1_106' title="bbox 2028 4723 3689 4796; baseline 0 -17"><span class='ocrx_word' id='word_1_771' title='bbox 2028 4723 2675 4790; x_wconf 83' lang='lat' dir='ltr'>tas,etindivisibilitas,</span> <span class='ocrx_word' id='word_1_772' title='bbox 2692 4732 2744 4779; x_wconf 85' lang='lat' dir='ltr'>et</span> <span class='ocrx_word' id='word_1_773' title='bbox 2758 4723 3199 4796; x_wconf 76' lang='lat' dir='ltr'>omnipotentis,</span> <span class='ocrx_word' id='word_1_774' title='bbox 3216 4728 3503 4796; x_wconf 86' lang='lat' dir='ltr'>quantum</span> <span class='ocrx_word' id='word_1_775' title='bbox 3520 4729 3689 4780; x_wconf 54' lang='lat' dir='ltr'>natu-</span> 
     </span>
    </p>
   </div>
   <div class='ocr_carea' id='block_1_107' title="bbox 2029 4811 3689 4884">
    <p class='ocr_par' dir='ltr' id='par_1_107' title="bbox 2029 4811 3689 4884">
     <span class='ocr_line' id='line_1_107' title="bbox 2029 4811 3689 4884; baseline -0.002 -15"><span class='ocrx_word' id='word_1_776' title='bbox 2029 4831 2092 4869; x_wconf 87' lang='lat' dir='ltr'>ra</span> <span class='ocrx_word' id='word_1_777' title='bbox 2103 4818 2297 4869; x_wconf 78' lang='lat' dir='ltr'>creata</span> <span class='ocrx_word' id='word_1_778' title='bbox 2311 4811 2545 4883; x_wconf 91' lang='lat' dir='ltr'>assequi</span> <span class='ocrx_word' id='word_1_779' title='bbox 2562 4819 2741 4884; x_wconf 89' lang='lat' dir='ltr'>potest</span> <span class='ocrx_word' id='word_1_780' title='bbox 2754 4812 2834 4879; x_wconf 88' lang='lat' dir='ltr'>,in</span> <span class='ocrx_word' id='word_1_781' title='bbox 2852 4811 3154 4868; x_wconf 88' lang='lat' dir='ltr'>hominum</span> <span class='ocrx_word' id='word_1_782' title='bbox 3170 4812 3546 4867; x_wconf 87' lang='lat' dir='ltr'>indubitatam</span> <span class='ocrx_word' id='word_1_783' title='bbox 3562 4827 3689 4883; x_wconf 85' lang='lat' dir='ltr'>pcr-</span> 
     </span>
    </p>
   </div>
   <div class='ocr_carea' id='block_1_108' title="bbox 2029 4900 3689 4972">
    <p class='ocr_par' dir='ltr' id='par_1_108' title="bbox 2029 4900 3689 4972">
     <span class='ocr_line' id='line_1_108' title="bbox 2029 4900 3689 4972; baseline -0.002 -15"><span class='ocrx_word' id='word_1_784' title='bbox 2029 4904 2188 4959; x_wconf 88' lang='lat' dir='ltr'>venit</span> <span class='ocrx_word' id='word_1_785' title='bbox 2205 4901 2612 4972; x_wconf 85' lang='lat' dir='ltr'>cognitionem.</span> <span class='ocrx_word' id='word_1_786' title='bbox 2631 4900 2890 4956; x_wconf 88' lang='lat' dir='ltr'>Primum</span> <span class='ocrx_word' id='word_1_787' title='bbox 2911 4908 3103 4957; x_wconf 87' lang='lat' dir='ltr'>autem</span> <span class='ocrx_word' id='word_1_788' title='bbox 3122 4908 3286 4956; x_wconf 75' lang='lat' dir='ltr'>terrae</span> <span class='ocrx_word' id='word_1_789' title='bbox 3306 4905 3527 4955; x_wconf 89' lang='lat' dir='ltr'>motum</span> <span class='ocrx_word' id='word_1_790' title='bbox 3548 4917 3689 4972; x_wconf 78' lang='lat' dir='ltr'>pree-</span> 
     </span>
    </p>
   </div>
   <div class='ocr_carea' id='block_1_109' title="bbox 2032 4987 3694 5060">
    <p class='ocr_par' dir='ltr' id='par_1_109' title="bbox 2032 4987 3694 5060">
     <span class='ocr_line' id='line_1_109' title="bbox 2032 4987 3694 5060; baseline -0.001 -13"><span class='ocrx_word' id='word_1_791' title='bbox 2032 4991 2186 5047; x_wconf 86' lang='lat' dir='ltr'>dicat</span> <span class='ocrx_word' id='word_1_792' title='bbox 2213 4989 2448 5046; x_wconf 89' lang='lat' dir='ltr'>divinus</span> <span class='ocrx_word' id='word_1_793' title='bbox 2470 4988 2566 5044; x_wconf 87' lang='lat' dir='ltr'>ille</span> <span class='ocrx_word' id='word_1_794' title='bbox 2583 4987 2787 5055; x_wconf 83' lang='lat' dir='ltr'>David,</span> <span class='ocrx_word' id='word_1_795' title='bbox 2805 4990 2894 5045; x_wconf 86' lang='lat' dir='ltr'>his</span> <span class='ocrx_word' id='word_1_796' title='bbox 2910 4990 3130 5046; x_wconf 88' lang='lat' dir='ltr'>verbis:</span> <span class='ocrx_word' id='word_1_797' title='bbox 3150 4991 3185 5045; x_wconf 84' lang='lat' dir='ltr'><strong><em>A</em></strong></span> <span class='ocrx_word' id='word_1_798' title='bbox 3200 4989 3694 5060; x_wconf 76' lang='lat' dir='ltr'>[acz‘eDominimo-</span> 
     </span>
    </p>
   </div>
   <div class='ocr_carea' id='block_1_110' title="bbox 2032 5076 3689 5149">
    <p class='ocr_par' dir='ltr' id='par_1_110' title="bbox 2032 5076 3689 5149">
     <span class='ocr_line' id='line_1_110' title="bbox 2032 5076 3689 5149; baseline -0.001 -15"><span class='ocrx_word' id='word_1_799' title='bbox 2032 5083 2094 5134; x_wconf 84' lang='lat' dir='ltr'>ta</span> <span class='ocrx_word' id='word_1_800' title='bbox 2116 5088 2195 5135; x_wconf 79' lang='lat' dir='ltr'>est</span> <span class='ocrx_word' id='word_1_801' title='bbox 2217 5087 2385 5146; x_wconf 86' lang='lat' dir='ltr'>terra,</span> <span class='ocrx_word' id='word_1_802' title='bbox 2399 5095 2434 5133; x_wconf 91' lang='lat' dir='ltr'>a</span> <span class='ocrx_word' id='word_1_803' title='bbox 2456 5079 2599 5149; x_wconf 80' lang='lat' dir='ltr'>facie</span> <span class='ocrx_word' id='word_1_804' title='bbox 2614 5079 2711 5134; x_wconf 84' lang='lat' dir='ltr'>Dei</span> <span class='ocrx_word' id='word_1_805' title='bbox 2723 5078 2883 5135; x_wconf 78' lang='lat' dir='ltr'>Iacob</span> <span class='ocrx_word' id='word_1_806' title='bbox 2897 5077 2961 5131; x_wconf 77' lang='grc'>⁸⁷.</span> <span class='ocrx_word' id='word_1_807' title='bbox 2982 5077 3156 5134; x_wconf 88' lang='lat' dir='ltr'>Addit</span> <span class='ocrx_word' id='word_1_808' title='bbox 3178 5076 3333 5133; x_wconf 88' lang='lat' dir='ltr'>enim</span> <span class='ocrx_word' id='word_1_809' title='bbox 3351 5092 3364 5131; x_wconf 91' lang='lat'><strong>:</strong></span> <span class='ocrx_word' id='word_1_810' title='bbox 3380 5076 3689 5133; x_wconf 82' lang='lat' dir='ltr'>Simulacra</span> 
     </span>
    </p>
   </div>
   <div class='ocr_carea' id='block_1_111' title="bbox 2031 5168 3694 5243">
    <p class='ocr_par' dir='ltr' id='par_1_111' title="bbox 2031 5168 3694 5243">
     <span class='ocr_line' id='line_1_111' title="bbox 2031 5168 3694 5243; baseline -0.002 -16"><span class='ocrx_word' id='word_1_811' title='bbox 2031 5172 2278 5241; x_wconf 80' lang='lat' dir='ltr'>gentium</span> <span class='ocrx_word' id='word_1_812' title='bbox 2290 5179 2581 5241; x_wconf 85' lang='lat' dir='ltr'>argentum</span> <span class='ocrx_word' id='word_1_813' title='bbox 2595 5178 2644 5227; x_wconf 81' lang='lat' dir='ltr'>et</span> <span class='ocrx_word' id='word_1_814' title='bbox 2658 5187 2799 5226; x_wconf 81' lang='lat' dir='ltr'>aura</span> <span class='ocrx_word' id='word_1_815' title='bbox 2810 5186 3051 5243; x_wconf 84' lang='lat' dir='ltr'>m,opera</span> <span class='ocrx_word' id='word_1_816' title='bbox 3066 5187 3330 5227; x_wconf 86' lang='lat' dir='ltr'>manuum</span> <span class='ocrx_word' id='word_1_817' title='bbox 3345 5169 3634 5226; x_wconf 84' lang='lat' dir='ltr'>hominum</span> <span class='ocrx_word' id='word_1_818' title='bbox 3643 5168 3694 5204; x_wconf 76' lang='grc'>⁸⁸</span> 
     </span>
    </p>
   </div>
   <div class='ocr_carea' id='block_1_112' title="bbox 347 5264 2228 5336">
    <p class='ocr_par' dir='ltr' id='par_1_112' title="bbox 347 5264 2228 5336">
     <span class='ocr_line' id='line_1_112' title="bbox 347 5264 2228 5336; baseline -0.001 -13"><span class='ocrx_word' id='word_1_819' title='bbox 347 5268 393 5304; x_wconf 78' lang='grc'>⁸⁸</span> <span class='ocrx_word' id='word_1_820' title='bbox 422 5266 598 5324; x_wconf 83' lang='lat' dir='ltr'>Hebr.</span> <span class='ocrx_word' id='word_1_821' title='bbox 633 5282 706 5334; x_wconf 75' lang='grc' dir='ltr'>ιν,</span> <span class='ocrx_word' id='word_1_822' title='bbox 738 5267 793 5323; x_wconf 82' lang='grc'><strong>9.</strong></span> <span class='ocrx_word' id='word_1_823' title='bbox 825 5266 869 5302; x_wconf 77' lang='grc'>⁸⁸</span> <span class='ocrx_word' id='word_1_824' title='bbox 901 5266 923 5320; x_wconf 87' lang='lat' dir='ltr'><strong>I</strong></span> <span class='ocrx_word' id='word_1_825' title='bbox 954 5266 1081 5321; x_wconf 86' lang='lat' dir='ltr'>Cor.</span> <span class='ocrx_word' id='word_1_826' title='bbox 1117 5280 1242 5334; x_wconf 87' lang='lat' dir='ltr'>xm,</span> <span class='ocrx_word' id='word_1_827' title='bbox 1272 5264 1328 5322; x_wconf 82' lang='lat'>9.</span> <span class='ocrx_word' id='word_1_828' title='bbox 1360 5266 1404 5302; x_wconf 75' lang='grc'>⁸⁷</span> <span class='ocrx_word' id='word_1_829' title='bbox 1434 5265 1584 5322; x_wconf 91' lang='lat' dir='ltr'>Psal.</span> <span class='ocrx_word' id='word_1_830' title='bbox 1618 5283 1777 5336; x_wconf 85' lang='lat' dir='ltr'>cxm,</span> <span class='ocrx_word' id='word_1_831' title='bbox 1807 5268 1862 5324; x_wconf 91' lang='lat'>7.</span> <span class='ocrx_word' id='word_1_832' title='bbox 1895 5267 1943 5304; x_wconf 77' lang='grc'>⁸⁸</span> <span class='ocrx_word' id='word_1_833' title='bbox 1970 5267 2110 5325; x_wconf 92' lang='lat' dir='ltr'>ibid.</span> <span class='ocrx_word' id='word_1_834' title='bbox 2144 5269 2228 5323; x_wconf 83' lang='lat'>13.</span> 
     </span>
    </p>
   </div>
   <div class='ocr_carea' id='block_1_113' title="bbox 1641 5358 2328 5416">
    <p class='ocr_par' dir='ltr' id='par_1_113' title="bbox 1641 5358 2328 5416">
     <span class='ocr_line' id='line_1_113' title="bbox 1641 5358 2328 5416; baseline -0.003 -1"><span class='ocrx_word' id='word_1_835' title='bbox 1641 5358 1877 5415; x_wconf 78' lang='lat' dir='ltr'>VARUE</span> <span class='ocrx_word' id='word_1_836' title='bbox 1916 5358 2328 5416; x_wconf 87' lang='lat' dir='ltr'>LECTIONES.</span> 
     </span>
    </p>
   </div>
   <div class='ocr_carea' id='block_1_114' title="bbox 347 5448 953 5519">
    <p class='ocr_par' dir='ltr' id='par_1_114' title="bbox 347 5448 953 5519">
     <span class='ocr_line' id='line_1_114' title="bbox 347 5448 953 5519; baseline 0.005 -17"><span class='ocrx_word' id='word_1_837' title='bbox 347 5451 393 5486; x_wconf 82' lang='grc'>⁴⁸</span> <span class='ocrx_word' id='word_1_838' title='bbox 424 5448 554 5519; x_wconf 88' lang='grc' dir='ltr'>που]</span> <span class='ocrx_word' id='word_1_839' title='bbox 586 5448 759 5505; x_wconf 87' lang='lat' dir='ltr'>llebr.</span> <span class='ocrx_word' id='word_1_840' title='bbox 792 5464 868 5519; x_wconf 83' lang='grc' dir='ltr'>ιν,</span> <span class='ocrx_word' id='word_1_841' title='bbox 900 5451 953 5505; x_wconf 84' lang='grc'>9.</span> 
     </span>
    </p>
   </div>
   <div class='ocr_carea' id='block_1_115' title="bbox 1029 5444 3360 5522">
    <p class='ocr_par' dir='ltr' id='par_1_115' title="bbox 1029 5444 3360 5522">
     <span class='ocr_line' id='line_1_115' title="bbox 1029 5444 3360 5522; baseline 0.002 -22"><span class='ocrx_word' id='word_1_842' title='bbox 1029 5446 1078 5484; x_wconf 74' lang='grc'><strong>⁴⁹</strong></span> <span class='ocrx_word' id='word_1_843' title='bbox 1118 5444 1356 5521; x_wconf 84' lang='grc' dir='ltr'>Παῦλον]</span> <span class='ocrx_word' id='word_1_844' title='bbox 1389 5448 1516 5507; x_wconf 85' lang='lat' dir='ltr'>Cor.</span> <span class='ocrx_word' id='word_1_845' title='bbox 1548 5465 1672 5516; x_wconf 77' lang='lat' dir='ltr'><strong>XIII,</strong></span> <span class='ocrx_word' id='word_1_846' title='bbox 1704 5451 1757 5507; x_wconf 89' lang='lat'>9.</span> <span class='ocrx_word' id='word_1_847' title='bbox 1835 5448 1883 5484; x_wconf 77' lang='grc' dir='ltr'>⁵ο</span> <span class='ocrx_word' id='word_1_848' title='bbox 1927 5447 2140 5522; x_wconf 80' lang='grc' dir='ltr'>μᾶλλον</span> <span class='ocrx_word' id='word_1_849' title='bbox 2173 5454 2215 5504; x_wconf 77' lang='grc' dir='ltr'><strong>Δ</strong></span> <span class='ocrx_word' id='word_1_850' title='bbox 2252 5467 2264 5504; x_wconf 91' lang='lat'>:</span> <span class='ocrx_word' id='word_1_851' title='bbox 2300 5449 2466 5521; x_wconf 86' lang='grc' dir='ltr'>μόνον</span> <span class='ocrx_word' id='word_1_852' title='bbox 2499 5449 2581 5522; x_wconf 77' lang='grc' dir='ltr'>ς.</span> <span class='ocrx_word' id='word_1_853' title='bbox 2658 5449 2704 5484; x_wconf 70' lang='lat'>5‘</span> <span class='ocrx_word' id='word_1_854' title='bbox 2736 5447 2887 5506; x_wconf 80' lang='grc' dir='ltr'>ἐσαλ.</span> <span class='ocrx_word' id='word_1_855' title='bbox 2932 5450 3079 5507; x_wconf 82' lang='lat' dir='ltr'>Psal.</span> <span class='ocrx_word' id='word_1_856' title='bbox 3112 5466 3272 5519; x_wconf 78' lang='lat' dir='ltr'>CXIII,</span> <span class='ocrx_word' id='word_1_857' title='bbox 3309 5453 3360 5505; x_wconf 86' lang='lat'>7.</span> 
     </span>
    </p>
   </div>
   <div class='ocr_carea' id='block_1_116' title="bbox 1881 5541 2090 5599">
    <p class='ocr_par' dir='ltr' id='par_1_116' title="bbox 1881 5541 2090 5599">
     <span class='ocr_line' id='line_1_116' title="bbox 1881 5541 2090 5599; baseline -0.01 0"><span class='ocrx_word' id='word_1_858' title='bbox 1881 5541 2090 5599; x_wconf 71' lang='lat' dir='ltr'>NOTIE</span> 
     </span>
    </p>
   </div>
   <div class='ocr_carea' id='block_1_117' title="bbox 349 5628 1373 5704">
    <p class='ocr_par' dir='ltr' id='par_1_117' title="bbox 349 5628 1373 5704">
     <span class='ocr_line' id='line_1_117' title="bbox 349 5628 1373 5704; baseline -0.004 -17"><span class='ocrx_word' id='word_1_859' title='bbox 349 5631 472 5704; x_wconf 85' lang='grc'>(51)</span> <span class='ocrx_word' id='word_1_860' title='bbox 503 5628 661 5686; x_wconf 85' lang='lat' dir='ltr'>Orat.</span> <span class='ocrx_word' id='word_1_861' title='bbox 697 5644 759 5700; x_wconf 84' lang='grc' dir='ltr'>ιι,</span> <span class='ocrx_word' id='word_1_862' title='bbox 792 5630 863 5687; x_wconf 90' lang='lat' dir='ltr'>De</span> <span class='ocrx_word' id='word_1_863' title='bbox 892 5630 1053 5699; x_wconf 82' lang='lat' dir='ltr'>Pace,</span> <span class='ocrx_word' id='word_1_864' title='bbox 1087 5645 1249 5687; x_wconf 90' lang='lat' dir='ltr'>num.</span> <span class='ocrx_word' id='word_1_865' title='bbox 1290 5631 1373 5684; x_wconf 88' lang='lat' dir='ltr'>t7.</span> 
     </span>
    </p>
   </div>
  </div>
