4184 6212
413 365 528 425 775

1610 362 1879 423 PHOTII
1922 361 2452 424 PATRIARCHIE
2497 362 2614 422 GP.

3699 371 3819 431 ’776

413 498 786 570 Rursumque
806 498 973 554 dicit:
997 498 1206 568 Aﬂerte
1231 496 1485 565 Domino,
1500 495 1700 566 patriae
1719 494 1986 565 gentium,
2008 498 2058 550 et

2171 491 2353 567 ἐπάγει
2384 493 2487 569 γὰρ
2519 496 2586 549 τὰ
2617 492 2820 551 εἷ’δωλα
2867 502 2973 552 τῶν
3011 497 3199 570 ἐθνῶν,
3239 501 3500 576 ἀργύριον
3547 505 3636 558 καὶ
3684 524 3824 581 χρυ-

415 591 624 646 intrate
640 589 701 643 in
716 589 868 642 atria
886 589 1004 653 eius
1019 587 1085 642 69.
1107 588 1215 643 Sed
1236 603 1352 642 non
1370 587 1426 641 in
1447 586 1783 654 Judaicum,
1799 591 1856 641 et
1876 602 2055 640 unum

415 683 644 736 tantum
677 679 884 732 atrium
909 695 921 731 :
947 678 1214 749 adjungit
1234 677 1388 732 enim
1413 693 1574 732 mox:
1602 678 2010 734 Commoveatur
2029 692 2064 730 a

411 768 557 839 facie
576 767 694 837 ejus
717 765 974 822 universa
997 771 1166 832 terra,
1189 766 1358 822 dicite
1376 769 1434 822 in
1451 767 1704 838 gentibus
1725 767 1858 838 quia
1882 767 2064 822 Domi-

413 875 519 914 nus
540 857 790 929 regnavit
809 856 875 912 7°.
893 859 962 912 Et
983 858 1225 913 iterum:
1252 859 1517 913 Dominus
1539 860 1810 927 regnavit,
1825 856 2067 913 exsultet

411 952 586 1014 terra,
604 946 1074 1002 laatenlurz'nsulaz
1090 944 1356 1003 multae“.
1372 948 1450 1002 Ac
1470 945 1770 1016 deinceps:
1791 947 2067 1015 Apparue-

415 1039 546 1090 runt
574 1035 810 1107 fulgura
839 1038 932 1088 tua
951 1034 1074 1090 orbi
1093 1040 1291 1102 terrm;
1314 1037 1471 1101 vidit,
1496 1043 1544 1090 et
1561 1039 1823 1090 commota
1849 1039 1923 1090 est
1949 1039 2063 1089 ter-

416 1125 560 1183 ra".
578 1126 878 1196 Multaque
896 1127 948 1180 id
967 1142 1152 1197 genus
1168 1128 1320 1198 apud
1337 1126 1816 1181 eumdem.Isaias
1833 1141 2062 1197 quoque

415 1214 586 1270 dixit:
609 1216 740 1270 Cum
764 1217 1131 1270 resurrexerit
1150 1224 1429 1270 conterere
1445 1223 1652 1270 terram
1671 1215 1801 1285 (52).
1822 1215 2062 1270 Divinus

414 1303 777 1361 veroPaulus
800 1305 1117 1360 secundum
1141 1304 1636 1360 simulettertium
1661 1309 1823 1360 terrea
1849 1309 2060 1358 motum

413 1394 713 1463 describit,
748 1395 884 1449 dum
915 1395 1110 1466 Aggzei
1143 1396 1438 1467 prophetae
1469 1395 1642 1450 verba
1673 1393 1952 1449 inclamat
1976 1391 2056 1448 73:

414 1483 580 1555 Cujus
621 1499 722 1539 vox
766 1495 968 1539 terram
1019 1487 1185 1540 movit
1227 1488 1396 1541 tunc:
1429 1500 1576 1539 nunc
1616 1493 1798 1538 autem
1845 1483 2060 1537 denun-

410 1572 580 1628 tiavit
633 1573 864 1628 dicens:
902 1573 1088 1628 Adhuc
1135 1590 1234 1642 ego
1282 1573 1448 1628 semel
1504 1588 1684 1628 moveo
1729 1587 1837 1627 non
1883 1573 2060 1626 solum

407 1665 636 1729 terram,
685 1661 776 1717 sed
831 1665 886 1716 et
928 1662 1142 1717 caelum.
1195 1662 1405 1717 Eadem
1452 1667 1508 1718 et
1556 1663 1894 1733 Gregorium
1946 1660 2056 1730 (53)

410 1755 796 1823 cognomento
825 1750 1183 1823 Theologum
1218 1751 1472 1806 scribere
1503 1751 1779 1806 afﬁrmat.

411 1835 540 1910 ϐοᾷν
593 1858 604 1870 ·
656 1839 728 1893 Οῦ
779 1841 813 1907 ἡ
864 1840 913 1873 ⁵⁵
971 1841 1120 1917 φωνή
1169 1840 1268 1907 τήν
1319 1846 1419 1912 γῆν
1469 1838 1722 1894 ἐσάλευσε
1771 1837 1892 1893 τότε
1943 1857 1955 1870 ·

2172 581 2306 652 σίον,
2356 577 2486 657 ἔργα
2536 591 2736 660 χειρῶν
2794 585 3102 660 ἐνθρώπίυν.
3156 591 3256 646 Καὶ
3315 593 3406 646 τὸν
3457 589 3704 669 δεότερον
3765 593 3824 650 δὲ

2175 671 2225 724 ἐν
2279 673 2358 743 τῷ
2400 673 2592 747 λέγειν,
2658 675 2946 750 Ἐνέγκατε
3002 679 3050 712 ⁵²
3106 683 3183 749 τῷ
3244 681 3422 754 Κυρίῳ
3483 683 3540 736 αἱ
3598 685 3820 758 πατριαὶ

2169 766 2277 814 τῶν
2370 760 2555 831 ἐθνῶν,
2653 765 2742 818 καὶ
2824 765 3199 840 εἰσπορεύεσθε
3282 769 3358 832 εἷς
3449 773 3544 833 τὰς
3649 772 3823 835 αὐλὶς

2170 851 2361 918 αὐτοῦ,
2411 850 2538 907 ἀλλ’
2597 853 2694 907 οὐκ
2749 853 3216 927 τήνιΊουδαϊκὴν
3274 859 3364 914 καὶ
3419 861 3542 933 μίαν
3592 861 3769 934 αὐλήν
3805 882 3816 894 ·

2171 941 2425 997 συνάπτει
2485 945 2590 1019 γὰρ
2645 943 2836 998 αὐτίκα
2887 963 2900 975 ⁶

2171 1030 2338 1084 αὐτοῦ
2396 1035 2537 1085 πᾶσα
2597 1034 2630 1099 ἡ
2690 1038 2803 1108 γῆ·

2962 945 3292 1018 Σαλευθήτω
3351 949 3457 1005 ἀπὸ
3518 953 3821 1020 προσώπου

3458 1036 3660 1094 ἔθνεσιν
3735 1041 3820 1094 ὅτι

3231 1126 3290 1178 c0
3348 1127 3547 1201 Κύριος
3588 1130 3635 1164 ⁵³
3692 1124 3821 1184 ἐϐα-

2882 1031 3066 1088 εἷ’πατε
3142 1035 3192 1089 έν
3264 1043 3381 1100 τοῖς

2173 1120 2368 1192 Κύριος
2425 1115 2762 1176 ἒϐασίλευσε.
2805 1123 2910 1177 Καὶ
2969 1121 3134 1178 πάλιν
3168 1143 3180 1154 ⁸

2552 1208 2724 1283 ἄγαλλ
2737 1210 2901 1265 ιάσθω
3022 1216 3056 1280 ἡ
3170 1221 3238 1289 γῆ
3253 1259 3266 1284 ,
3365 1215 3817 1294 εὖφρανθήτωσαν

2168 1303 2326 1366 νῆσοι
2380 1295 2610 1353 πολλαί.
2695 1300 2870 1352 Εἵτα”
2931 1302 3170 1374 Ἔφαναν
3242 1305 3298 1357 αἱ
3382 1305 3648 1379 ἂστραπαί
3721 1327 3818 1360 σου

2208 1389 2232 1398 ..
2299 1387 2311 1402 .
2475 1386 2491 1415 ι
2695 1383 2744 1404 ,ς
2894 1386 2907 1403 κ
2959 1387 2972 1404 ν
3131 1389 3142 1406 ρ
3381 1395 3406 1405 -
3566 1395 3578 1408 .
3800 1393 3810 1405 .

2168 1405 2235 1458 τῃ
2268 1407 2562 1459 οικουμενῃ
2603 1407 2615 1419 ·
2668 1407 2774 1440 ειοε
2822 1407 2910 1440 και
2954 1387 3217 1459 εσαλευθη
3253 1393 3286 1458 ἡ
3338 1413 3434 1466 γη.
3479 1393 3580 1447 Και
3631 1389 3822 1446 πολλα

2167 1477 2391 1529 τοιαῦτά
2443 1474 2553 1529 ἐστι
2610 1477 2736 1546 παρ’
2793 1475 2958 1546 αὐτῷ.
3020 1477 3118 1531 Καὶ
3181 1480 3208 1532 ὁ
3267 1480 3486 1544 Ἠσαίας
3523 1484 3570 1517 ⁸⁸
3628 1483 3817 1560 φησίν·

3301 1570 3357 1622 Ὁ
3417 1567 3474 1624 δὲ
3532 1572 3821 1632 Θεσπέσιος

2169 1654 2386 1718 Παῦλος
2418 1655 2528 1726 ἅμα
2557 1654 2646 1708 τόν
2692 1674 2750 1708 τε
2781 1651 3028 1728 δεύτερον
3078 1657 3166 1710 καὶ
3199 1657 3289 1710 τὸν
3340 1659 3520 1731 τρίτον
3581 1659 3823 1733 ἀναγρά-

2171 1207 2435 1277 σίλευσεν,

2167 1567 2330 1622 ’Ὁταν
2391 1566 2592 1637 ἀναστῇ
2653 1568 2877 1638 θραῦσαι
2930 1567 3026 1635 τὴν
3106 1574 3231 1642 γῆν.

2167 1765 2252 1823 (ρει
2300 1745 2520 1815 σεισμὸν
2568 1742 2618 1797 ἐν
2667 1749 2746 1815 τῷ
2797 1745 2861 1798 τὰ
2899 1749 2996 1798 τοῦ
3048 1749 3334 1824 προφήτου
3381 1748 3632 1824 Ἀγγαίου
3685 1749 3818 1803 ἀνα-

2007 1841 2096 1890 νῦν
2149 1832 2204 1889 δὲ
2253 1830 2333 1890 ἔτι
2382 1837 2424 1870 ⁸⁸
2489 1832 2598 1910 ἐγὼ
2647 1835 2783 1894 ἅπας
2838 1833 2963 1888 σείω
3013 1834 3074 1888 οὐ
3119 1838 3288 1908 μόνον
3341 1838 3440 1905 τήν
3491 1845 3617 1914 γῆν,
3670 1837 3820 1893 ἀλλὰ

404 1931 492 1984 καὶ
528 1928 618 1983 τὸν
649 1928 901 2004 οὐρανόν.
936 1932 1107 1982 Ταῦτα
1131 1925 1186 1982 δὲ
1215 1929 1303 1983 καὶ
1333 1929 1422 1983 τὸν
1449 1927 1715 2004 Θεολόγον
1751 1927 2077 2005 ἀναγράφειν
2113 1923 2316 1998 εἰσάγει
2350 1923 2674 1997 Γρηγόριον.

478 2023 687 2091 28,29.
726 2021 854 2076 Haec
902 2019 1152 2085 locutus,
1200 2021 1547 2092 profundius
1594 2037 1723 2075 mox
1766 2019 2061 2090 inquirere
2093 2023 2136 2084 Β

405 2109 626 2180 pergit:
662 2109 774 2163 Cur
816 2109 1040 2178 primus
1083 2112 1253 2163 Pater
1294 2108 1691 2179 praedicetur?
1732 2107 2061 2178 Respondet

408 2198 506 2253 Dei
541 2196 962 2268 providentiam
991 2197 1146 2252 circa
1180 2214 1284 2253 nos
1317 2213 1416 2267 pro
1452 2197 1549 2252 illo
1581 2214 1776 2252 rerum
1811 2202 1968 2252 statu
2000 2197 2056 2251 id

408 2286 632 2354 fecisse,
667 2286 805 2340 dum
844 2286 948 2340 hac
997 2287 1430 2358 sapientissima
1480 2287 1699 2344 ratione
1747 2288 2060 2359 [homines]

405 2392 438 2430 a
471 2376 710 2430 deorum
744 2375 1118 2430 multitudine
1151 2377 1438 2432 abducere
1469 2379 1686 2433 studet.
1721 2379 2056 2433 Absurdum

407 2463 564 2520 enim
599 2463 800 2519 fuisset
831 2469 1007 2535 atque
1031 2465 1428 2521 inordinatum
1454 2481 1610 2532 eum,
1637 2467 1794 2537 quia
1815 2467 2057 2520 deorum

407 2551 784 2608 multitudine
833 2570 1069 2610 avocare
1113 2554 1304 2624 vellet,
1358 2555 1678 2610 divinitatis
1719 2556 2060 2610 Trinitatem

408 2642 481 2697 iis
514 2642 745 2710 animis,
783 2643 878 2713 qui
913 2643 1080 2713 longo
1113 2648 1441 2717 temporum
1486 2644 1774 2700 curriculo
1819 2645 2057 2700 deorum

411 2731 850 2788 multitudinem
923 2733 1154 2788 attoniti
1213 2735 1623 2805 suspexissent,
1679 2735 2056 2790 committere.

411 2821 738 2878 Praesertim
772 2837 901 2876 cum
935 2823 1124 2878 Patris
1159 2824 1311 2879 notio
1361 2823 1553 2880 silenti
1596 2829 1650 2880 et
1681 2827 1842 2880 muto
1892 2825 2057 2895 quasi

411 2910 688 2982 suﬂragio
759 2911 968 2966 Filium
1028 2929 1092 2967 ac
1151 2913 1426 2982 Spiritum
1486 2918 1751 2969 sanctum
1822 2914 2059 2970 existere

409 3001 800 3072 conﬁrmaret,
834 3017 1149 3073 eorumque
1178 3003 1562 3072 cognitionem
1596 3003 1905 3073 colligeret,
1942 3020 2057 3060 non

406 3089 669 3146 laedendo
721 3090 949 3160 quidem
1002 3090 1349 3156 imbecillos,
1382 3093 1477 3147 sed
1513 3091 1810 3163 religionis
1856 3091 2057 3146 ﬁrma—

409 3183 606 3234 menta
635 3179 864 3249 mystice
893 3178 1254 3235 delineando.
1290 3179 1432 3234 Nam
1465 3181 1632 3235 Pater
1662 3180 1787 3234 Filii
1819 3179 2055 3236 omnino

409 3269 574 3322 Pater
604 3272 710 3332 est,
739 3271 795 3322 et
826 3267 1076 3337 Spiritus
1108 3285 1336 3339 quoque
1366 3269 1617 3338 alicujus
1647 3285 1774 3324 esse
1805 3270 2048 3324 dicatur.

2239 2013 2417 2071 Ἀλλὰ
2447 2014 2546 2090 γὰρ
2586 2018 2754 2068 ταῦτα
2806 2013 2998 2082 εἰπὼν,
3048 2011 3330 2088 ἑμϐαθύνει
3383 2024 3586 2088 ζητεῖν,
3621 2018 3718 2073 Διὶ
3765 2018 3820 2074 τί

2171 2106 2198 2159 ὁ
2241 2105 2424 2177 Πατὴρ
2458 2103 2781 2178 κηρύττεται
2821 2109 3075 2179 πρῶτος;
3112 2106 3212 2162 Καὶ
3245 2109 3278 2176 ἡ
3315 2105 3493 2177 λύσις,
3527 2109 3610 2162 ὅτι
3640 2109 3687 2143 ⁵⁷
3715 2129 3817 2182 περ

2168 2195 2202 2262 ἡ
2235 2193 2358 2266 περὶ
2417 2195 2565 2266 ἡμᾶς
2622 2197 2718 2248 τοῦ
2775 2199 2909 2248 Θεοῦ
2976 2195 3204 2268 πρόνοια
3259 2196 3622 2268 οἶκονομίκῶς
3652 2202 3817 2252 τοῦτο

2169 2279 2508 2356 διεπράξατο,
2568 2283 2828 2360 πανσόφῳ
2900 2282 3115 2356 μεθόδῳ
3180 2288 3279 2350 τῆς
3354 2284 3649 2350 πολυθε’ίας
3705 2285 3818 2341 ἄπο

2170 2373 2389 2448 ἀγουσα.
2426 2369 2720 2443 Ἀμέθοδον
2771 2371 2870 2448 γὰρ
2919 2373 2984 2441 ἧν
3018 2373 3107 2427 καὶ
3157 2375 3592 2448 ἀγοικονόμητον
3639 2375 3820 2431 πολυ-

2168 2462 2312 2525 θείας
2371 2461 2790 2516 ἀπαλλαττοντα
2821 2463 2868 2497 ⁵⁸
2923 2462 2984 2517 τὸ
3053 2461 3334 2537 τριαδικὸν
3397 2473 3496 2534 τῆς
3557 2467 3816 2535 θεότητος

2169 2557 2374 2628 ψυχαῖς
2431 2551 2835 2606 καταπιστεόειν
2901 2557 3092 2625 μακρῷ
3151 2552 3569 2626 διεπτοημέναις
3629 2555 3818 2630 χρόνῳ

2169 2647 2296 2716 περῖ
2323 2641 2384 2695 τὸ
2428 2639 2716 2696 πολύθεον.
2767 2639 2990 2700 Ἄλλως
3037 2660 3095 2694 τε
3143 2637 3200 2695 δὲ
3243 2644 3332 2695 καὶ
3379 2645 3412 2711 ἡ
3463 2647 3559 2697 τοῦ
3601 2645 3817 2718 Πατρὸς

2169 2727 2344 2785 ἔννοια
2384 2733 2508 2802 [317
2552 2732 2641 2802 [1.]
2674 2730 2936 2804 σιωπώσῃ
2978 2731 3068 2785 καὶ
3099 2729 3462 2809 ἀνεκφωντξτῳ
3511 2735 3681 2806 ψήφῳ
3711 2735 3812 2802 τήν

2167 2827 2264 2878 τοῦ
2318 2821 2444 2877 Υἱοῦ
2496 2821 2586 2876 καὶ
2643 2826 2737 2875 τοῦ
2799 2822 3111 2894 Πνεῦματος
3171 2822 3395 2898 ὕπαρξιν
3467 2823 3658 2898 ἐκύρου
3718 2825 3810 2878 καὶ

2169 2921 2266 2982 τῆν
2310 2916 2506 2986 γνῶσιν
2551 2919 2801 2985 συνῆγεν,
2854 2911 2914 2965 οὐ
2965 2909 3283 2982 πλήττουσα
3344 2915 3436 2986 μέν
3480 2915 3604 2973 τοὺς
3652 2914 3812 2967 ἀσθε-

2169 3009 2296 3069 νεῖς,
2346 3003 2406 3055 τὸ
2449 2999 2504 3055 δὲ
2551 3008 2648 3068 τῆς
2682 2996 2952 3064 εὐσεϐείας
3003 3007 3276 3073 μυστικῶς
3321 3003 3639 3076 κραταίωμα
3687 3000 3812 3056 διας-

2166 3091 2464 3168 γράφουσα.
2497 3093 2566 3146 "0
2612 3111 2667 3144 τε
2717 3091 2820 3166 γὰρ
2864 3092 3050 3165 Πατὴρ
3098 3092 3223 3144 Υἱοῦ
3272 3096 3482 3152 παντως
3530 3090 3639 3145 ἐστὶ
3692 3098 3813 3146 Πα-

2164 3182 2290 3254 τὴρ,
2323 3180 2410 3234 καὶ
2461 3180 2523 3234 τὸ
2558 3183 2774 3253 Πνεῦμα
2820 3181 3004 3254 ἑτέρου
3047 3181 3190 3242 τινὸς
3243 3180 3442 3256 λέγοιτ’
3492 3179 3572 3235 ἄν.
3607 3181 3663 3233 Ὀ
3718 3182 3811 3253 μὲν

2166 3267 2256 3323 οὖν
2321 3270 2506 3342 Πατὴρ
2575 3265 2766 3340 μηδενὶ
2831 3265 3102 3341 μηδεμίαν
3181 3271 3438 3344 παρέχων
3514 3267 3812 3332 πολυθείας

596 3319 1821 3425 ivg'it'urvnurlliullae:reatitudinis—deorum
1846 3375 2049 3415 ansam

2173 3319 2249 3323 ’⁷⁷
2321 3319 2500 3342 “’“’ΊΓ
2575 3319 2764 3340 δῂΊ⁷⁷ν⁷
2831 3319 3094 3341 Γ”Ί”Τ”““’
3188 3319 3430 3344 ””⁷Γ”Ι,.-”
3521 3319 3810 3332 ⁷’””“⁷⁷“’“’¹

2166 3352 2338 3423 λαϐήν
2389 3353 2628 3425 ἠδύνατο
2683 3353 3109 3427 δημοσιευθῆναι
3164 3360 3242 3427 τῷ
3292 3356 3514 3426 πλήθει,
3572 3353 3724 3416 ἔθους
3751 3376 3814 3431 γε

407 3443 740 3516 praebendo,
777 3443 966 3514 potuit
999 3445 1210 3515 populo
1262 3446 1580 3516 praedicari,
1628 3448 1880 3502 maxime
1932 3465 2058 3504 cum

2166 3445 2400 3518 μάλιστα
2457 3441 2609 3506 ὄντος
2669 3447 2814 3518 παρά
2870 3465 2926 3498 τε
2984 3439 3258 3518 Ἑϐραίοις
3286 3446 3376 3499 ναὶ
3444 3443 3687 3514 ’Ἑλλησι
3720 3446 3812 3499 καὶ

406 3537 463 3588 et
489 3534 642 3603 apud
678 3533 946 3588 Hebraeos
977 3537 1032 3589 et
1065 3535 1215 3604 apud
1264 3545 1465 3607 gentes
1511 3535 1568 3591 in
1604 3553 1760 3592 more
1808 3537 2058 3609 positum

2166 3533 2331 3589 αὐτῶν
2365 3537 2474 3588 τῶν
2524 3533 2822 3606 ἀνθρώπων
2859 3531 3069 3607 Πατέρα
3114 3533 3299 3588 καλεῖν
3328 3532 3418 3587 τὸν
3468 3533 3596 3589 Θεόν
3630 3553 3642 3566 ο
3685 3555 3813 3588 συν-

406 3624 582 3687 esset,
645 3627 704 3674 ut
765 3619 1027 3690 ipsorum
1087 3621 1260 3676 etiam
1327 3622 1632 3678 hominum
1703 3626 1892 3680 Pater
1949 3627 2058 3680 Det

2166 3625 2438 3693 εσκιάζετο
2479 3625 2579 3699 γὰρ
2641 3623 2718 3694 τῷ
2768 3621 2872 3677 ἔθει
2929 3625 2963 3690 ἡ
3019 3623 3295 3699 ὑπερφυὴς
3355 3627 3453 3676 τοῦ
3510 3624 3638 3677 ὶὶοῦ
3677 3623 3813 3694 πρὸς

402 3715 720 3765 vocaretur.
755 3711 876 3765 Mos
905 3711 1061 3765 enim
1096 3709 1193 3765 ille
1229 3711 1606 3766 inumbrabat
1640 3719 2061 3785 supernatura-

401 3796 514 3853 lem
569 3798 697 3852 Filii
749 3814 882 3853 cum
935 3798 1101 3853 Patre
1158 3799 1652 3870 conjunctionem,
1708 3804 2059 3873 eosdemque

399 3888 575 3943 simul
605 3887 900 3954 exsistere,
934 3896 988 3944 et
1027 3893 1292 3944 mutuam
1325 3898 1456 3945 ante
1505 3890 1714 3947 saecula
1760 3891 1907 3946 inter
1957 3909 2056 3947 eos

401 3977 807 4032 habitudinem
838 3993 984 4033 esse.
1011 3979 1176 4044 Quod
1199 3983 1389 4034 autem
1429 3981 1575 4035 Deus
1609 3985 1842 4035 vocetur
1872 3983 2054 4050 Pater,

403 4083 470 4123 ex
502 4067 574 4122 iis
607 4083 729 4138 quas
763 4066 930 4122 nobis
984 4084 1082 4137 pro
1131 4067 1438 4122 hominum
1503 4085 1660 4124 more
1708 4070 1885 4126 chara
1932 4086 2056 4125 esse

399 4155 608 4221 solent,
644 4156 793 4211 I93
830 4156 906 4226 (ιι)
941 4155 1212 4212 dicimus.
1247 4157 1399 4212 Nihil
1450 4159 1606 4213 enim
1661 4167 1744 4214 est
1791 4159 2055 4214 omnium

401 4245 554 4314 apud
589 4261 696 4300 nos
750 4250 994 4316 paterna
1035 4246 1424 4317 appellatione
1453 4252 1556 4302 aut
1581 4248 1929 4317 jucundius,
1963 4252 2060 4302 aut

403 4333 908 4402 honoriﬁcentius,
942 4339 1043 4390 aut
1075 4336 1260 4407 magis
1292 4338 1709 4406 venerandum,
1735 4337 1839 4392 sed
1870 4353 2060 4408 neque

397 4421 749 4478 familiarius
795 4424 1118 4495 quidquam
1171 4424 1254 4479 vel
1303 4425 1375 4479 ad
1427 4425 1867 4481 beneficentiam
1920 4443 2053 4497 pro-

398 4510 704 4582 pinquius.
758 4512 900 4568 Nam
950 4518 1006 4569 et
1054 4515 1318 4585 producit
1367 4515 1532 4570 Pater
1578 4521 1748 4572 antea
1797 4533 1909 4571 non
1955 4531 2054 4570 ex-

2151 3715 2243 3769 τὸν
2299 3715 2504 3787 Πατέρα
2554 3711 2803 3789 συνάφεια
2848 3733 2905 3766 τε
2943 3711 3032 3765 καὶ
3083 3711 3404 3785 συνύπαρξις
3446 3712 3538 3766 καί
3587 3714 3620 3780 ἡ
3672 3713 3809 3785 πρὸς

2155 3801 2443 3873 ἀλλήλους
2506 3802 2833 3875 προαιώνιος
2888 3803 3092 3875 σχέσις.
3134 3804 3344 3876 Πατέρα
3409 3798 3588 3873 μέντοι
3621 3802 3808 3856 καλεῖν

2155 3894 2245 3947 τὸν
2290 3895 2419 3946 Θεὸν
2473 3890 2531 3946 ἐκ
2568 3894 2674 3945 τῶν
2726 3893 2845 3945 καθ’
2902 3893 3050 3963 ἡμᾶς
3098 3891 3294 3963 τιμίων
3359 3894 3420 3946 τὸ
3468 3891 3806 3964 ἂιιθρώπινον

2157 3981 2516 4055 ἀνεμάθομεν.
2559 3979 2727 4036 Οὐδέν
2774 3981 2879 4054 γὰρ
2916 3984 3023 4033 τῶν
3053 3981 3179 4053 παρ’
3227 3983 3361 4053 ἡμῖν
3405 3988 3507 4049 τῆς
3538 3987 3808 4055 πατρικῆς

2155 4071 2529 4146 προσηγορίας
2591 4067 2713 4124 οὔτε
2767 4067 3030 4141 ἡόῦτερον
3091 4069 3215 4124 οὔτε
3291 4071 3619 4144 τιμιώτερον
3681 4067 3807 4124 οὔτε

2160 4161 2267 4231 μὴν
2324 4156 2774 4230 αἰδεσιμώτερον,
2833 4155 2960 4211 ἀλλ’
3019 4155 3131 4211 οὐδ’
3163 4158 3489 4233 οἰκειότερον
3521 4155 3643 4211 οὕτε
3674 4159 3810 4231 πρὸς

2154 4248 2461 4322 εὐεργεσίαν
2519 4247 2819 4322 ἐγγύτερον.
2865 4247 2961 4300 Καὶ
3012 4247 3239 4320 προάγει
3285 4249 3386 4322 γὰρ
3437 4249 3463 4300 ὁ
3518 4248 3708 4319 Πατήρ
3750 4247 3808 4300 έκ

2165 4340 2240 4411 μὴ
2303 4335 2493 4406 ὄντων,
2540 4336 2630 4390 καὶ
2686 4335 2892 4410 τρέφει,
2941 4335 3030 4390 καὶ
3079 4335 3178 4402 τῆς
3234 4341 3377 4404 ζωῆς
3429 4333 3653 4405 κήδεται
3699 4339 3806 4390 τῶν

2163 4428 2386 4483 τέκνων.
2417 4428 2487 4484 ’Ἀ
2535 4425 2748 4498 μᾶλλον
2777 4427 2870 4498 μέν
2918 4424 3145 4480 ἐστικαὶ
3197 4425 3332 4480 κατὲι
3370 4427 3593 4500 πρώτην
3635 4425 3806 4480 αἰτίαν

2163 4522 2263 4572 τοῦ
2296 4521 2450 4583 Θεοῦ,
2497 4516 2692 4570 ἐκεῖθεν
2723 4511 2779 4569 δέ
2823 4515 2910 4570 καὶ
2955 4518 3089 4568 κατὰ
3123 4516 3366 4590 μετοχὴν
3417 4515 3505 4568 καὶ
3537 4518 3631 4568 τοῦ
3679 4515 3809 4592 φῦν-

397 4600 692 4668 sistentes,
736 4607 789 4655 et
840 4600 961 4666 alit,
1004 4609 1060 4656 et
1106 4602 1177 4657 de
1232 4601 1541 4658 liberorum
1581 4603 1741 4670 victu
1799 4604 2043 4675 satagit:

2166 4628 2256 4668 τος
2288 4609 2332 4642 ⁸⁸
2364 4606 2597 4678 Πατρὸς,
2630 4603 2679 4676 ἐξ
2711 4605 2770 4658 οῦ
2813 4604 2900 4657 καὶ
2940 4605 3001 4656 τὸ
3039 4602 3250 4658 καλεῖν.
3288 4603 3496 4678 Πατέρα
3541 4603 3630 4656 τὸν
3681 4603 3810 4658 Θεὸν

395 4705 523 4762 quae
572 4690 824 4759 quidem,
860 4695 916 4746 et
965 4690 1152 4762 magis
1210 4691 1406 4761 etiam,
1455 4708 1556 4763 pro
1609 4694 1810 4764 primae
1857 4709 2044 4748 causas

394 4779 748 4847 conditione,
782 4781 853 4836 ad
889 4781 1072 4836 Deum
1105 4787 1385 4853 spectant,
1421 4783 1574 4837 unde
1608 4795 1708 4853 per
1740 4783 2047 4855 participa-

391 4872 610 4928 tionem
659 4873 728 4927 ad
772 4880 1133 4941 generanlem
1183 4889 1412 4944 quoque
1463 4876 1687 4928 Patrem
1739 4874 2046 4945 pertinent,

397 4979 513 5034 quo
544 4961 725 5018 Deum
759 4979 962 5018 vocare
993 4965 1221 5018 Patrem
1255 4963 1610 5033 terrigenum
1665 4979 1818 5019 more
1858 4965 2044 5020 edocti

394 5067 626 5107 sumus.
675 5056 853 5108 Porro
913 5052 1203 5124 Spiritum,
1255 5055 1356 5107 aut
1401 5051 1610 5107 Filium
1659 5059 1722 5108 ut
1771 5068 2047 5110 vocemus

3422 4689 3461 4707 ἧς

2153 4699 2216 4754 τὸ
2273 4696 2502 4771 γηγενὲς
2555 4691 3104 4768 ἐπαιδαγωγήθημεν.
3143 4697 3358 4765 Πνεῦμα
3418 4690 3472 4746 δὲ
3521 4690 3706 4746 καλεῖν
3745 4691 3808 4744 τὸ

2157 4793 2312 4843 Θεῖον
2361 4788 2395 4854 ἢ
2456 4784 2577 4837 Υἱὸν
2631 4782 2738 4856 οὐχ
2805 4781 2978 4844 οὕτως
3033 4781 3084 4852 ἐξ
3142 4783 3302 4854 ἡμῶν
3378 4781 3620 4858 ἃφορμαὶ
3691 4780 3809 4834 ἀνα-

2157 4877 2402 4954 φύονται.
2437 4873 2512 4932 Οὐ
2567 4875 2672 4946 μὴν
2721 4871 2846 4927 οὐδὲ
2891 4879 2992 4941 τῆς
3037 4871 3328 4933 πολυθεῖας
3386 4875 3419 4941 ἡ
3468 4871 3680 4926 τούτων
3727 4875 3806 4942 τῷ

2158 4970 2334 5040 Πατρῖ
2393 4963 2778 5036 συναρίθμησις
2839 4961 3010 5024 οὕτως
3053 4960 3294 5038 ἀφανίζει
3350 4963 3455 5015 κάκ
3511 4964 3620 5014 τῶν
3680 4957 3806 5014 δυσ-

2157 5049 2332 5109 σεϐεἶν
2383 5049 2795 5108 ἐσπουδακότων
2842 5053 2962 5124 [τῆς
3017 5049 3336 5122 πολυθεΐας]
3375 5052 3471 5119 τὴν
3510 5050 3804 5127 πρότασιν,

465 5157 511 5194 ⁶⁹
541 5158 691 5215 Psal.
722 5176 849 5232 xcv,
879 5161 934 5216 7.
966 5159 1012 5195 το
1043 5159 1183 5216 ibid.
1211 5162 1265 5216 9.
1299 5159 1341 5196 τι
1376 5159 1526 5217 Psal.
1560 5177 1670 5230 cv1,
1710 5163 1757 5216 1.
1791 5159 1839 5195 ⁷2
1872 5161 2010 5217 ibid.
2048 5179 2058 5204 ι

2166 5165 2175 5198 ¹
2204 5167 2348 5236 Agg.
2382 5181 2439 5230 ιι,
2472 5167 2542 5232 7;
2575 5163 2748 5220 Hebr.
2782 5180 2884 5233 xu,
2916 5165 3006 5220 26.

1762 5271 1978 5327 VARIE
2017 5272 2426 5329 LECTIONES.

539 5351 738 5428 ἐνέγκ,]
800 5357 944 5412 Psal.
1001 5375 1127 5433 xcv,
1184 5361 1241 5416 7.
1525 5360 1743 5433 Κύριος]
1803 5360 1950 5433 Psal.

2022 5378 2168 5432 xcvr,
2209 5365 2257 5419 1.

2371 5362 2479 5436 “ﬁ
2537 5363 2758 5436 ᾙς,]2,
2818 5362 2968 5436 2-1.-
3019 5362 3066 5398 ⁵⁸
3097 5360 3158 5415 οὗ
3217 5361 3278 5431 ἡ]
3339 5359 3507 5415 Hebr.
3561 5373 3660 5424 xu,
3717 5356 3804 5409 26.

398 5426 444 5461 ⁸⁸
475 5420 552 5480 ἔτι
584 5445 616 5482 a
638 5420 970 5486 correctore
1001 5420 1178 5488 habet
1207 5438 1268 5487 Α.
1347 5430 1391 5466 ⁸⁷
1421 5429 1527 5504 ὅτι]
1561 5420 1704 5504 δ’ρτ.
1727 5420 1809 5487 Ἀ.
1885 5432 1930 5466 ⁵⁸
1965 5420 2386 5488 ἀπαλλᾶττουσα
2576 5420 2626 5470 δέ
2653 5420 2878 5510 ᾧύόντος

1991 5541 2222 5596 NOTE.

469 5626 577 5702 (ἓξ)
612 5627 720 5702 lea.
758 5645 814 5696 ιι,
845 5629 937 5702 21,
973 5629 1067 5702 ubi
1101 5633 1376 5700 percutere
1409 5629 1580 5684 habet
1608 5629 1780 5702 vulg.

471 5697 589 5766 (53)
617 5697 773 5754 Orat.
807 5705 882 5756 De
914 5696 1125 5772 Spiritu
1154 5704 1338 5762 saneto
1370 5717 1495 5771 quae
1527 5704 1613 5757 est
1643 5701 1710 5756 37
1726 5696 1816 5756 "ad
1847 5700 2032 5758 schol.
2063 5703 2153 5757 58.
2190 5702 2334 5760 Vide
2364 5712 2414 5760 et
2447 5703 2633 5762 schol.
2665 5704 2754 5774 32,
2789 5704 2860 5760 ad
2893 5707 3038 5761 orat.
3066 5701 3132 5758 21
3171 5699 3322 5772 apud
3356 5696 3484 5753 Bill.
