4116 6224
239 355 340 410 ΤΠ

1294 354 1838 416 BIBLIOTHECA.
1886 387 1965 399 —
2011 354 2178 416 COD.
2227 357 2506 416 CCXXII.

3501 362 3618 444 778

237 480 370 548 ὡςὴ
415 484 508 534 τοῦ
566 481 780 556 Πατρὸς
835 485 952 538 καθ’
1009 481 1194 538 ἑαυτὸν
1252 483 1597 558 ἀνακηρυξις.
1655 486 1858 540 Οὐκοῦν

1977 487 2180 558 Deum,
2219 505 2388 559 pares
2431 505 2461 544 e
2493 489 2661 544 nobis
2709 489 2849 560 ipsis
2888 508 3096 548 causas
3143 509 3256 550 non
3305 493 3614 552 habemus.

237 569 598 648 συμφερόντως
627 591 686 625 τε
744 571 834 626 καὶ
887 577 1233 643 προνητικῶς
1285 573 1450 646 μόνος
1481 574 1509 627 6
1542 575 1726 649 Πατὴρ
1777 571 1866 628 διὰ

236 679 286 712 τε
327 657 490 729 νόμου
537 658 628 712 καὶ
676 663 973 738 προφητῶν
1024 659 1278 738 ἐμφανῶς
1327 660 1672 734 ἔκηρύττετο,
1728 663 1864 734 μήτε

237 743 546 816 πρόσκομμα
604 750 724 808 τοῖς
783 749 1114 822 παχυτέροις
1153 750 1491 824 παρέχοντος
1536 753 1633 802 τοῦ
1689 749 1866 820 κηρύ-

238 854 446 908 γματος,
502 835 592 888 καὶ
649 839 772 896 τοῖς
849 837 1348 910 θεωρητικωτέροις
1404 839 1502 907 τὴν
1579 841 1675 892 τοῦ
1733 837 1863 890 Υἱοῦ

237 921 416 976 ἔννοιάν
458 943 516 977 τε
559 924 652 978 καὶ
700 923 1012 1001 ὁμολογίαν
1053 927 1478 999 συνεισάγοντος.
1513 925 1574 982 Εἰ
1632 923 1690 979 δὲ
1719 929 1864 1000 πρῶ-

240 1032 320 1074 τος
348 1013 372 1066 6
397 1012 517 1073 Υἱὸς
545 1011 895 1088 ἑκηρῦττετο,
937 1013 1037 1069 οὐκ
1075 1014 1137 1069 ἃν
1183 1015 1246 1070 τὸ
1294 1015 1457 1092 σοφὸν
1489 1023 1590 1084 τῆς
1639 1015 1864 1070 οἰκονο-

242 1100 354 1172 μίας
381 1102 586 1174 ὁμοίως
615 1097 954 1176 προέϐαινεν·
989 1101 1116 1159 ἀλλ’
1149 1102 1263 1158 οὐδ’
1294 1104 1340 1158 εἰ
1373 1105 1436 1159 τὸ
1467 1105 1730 1181 πανάγιον
1772 1106 1857 1160 καὶ

240 1190 485 1258 ζωοποιὸν
513 1195 650 1246 Πνεῦ
659 1213 752 1264 μα.

1978 577 2175 648 Neque
2209 594 2338 633 vero
2372 579 2608 632 deorum
2634 577 3062 636 multitudinem
3091 579 3294 637 horum
3321 583 3458 653 (54),
3480 599 3615 640 cum

1973 666 2140 721 Patre
2197 666 2558 722 enumeratio
2622 667 2705 721 sic
2765 667 3028 722 funditus
3089 669 3454 740 abolevisset,
3515 675 3618 726 aut

1973 753 2258 824 impietati
2290 754 2504 809 deditis
2543 755 3121 824 multiplicandorum
3169 759 3411 814 deorum
3453 775 3613 814 occa-

1973 842 2192 897 sionem
2229 844 2550 914 eripuisset,
2601 848 2664 898 ut
2713 845 2888 899 Patris
2931 845 3187 902 solitario
3218 849 3434 919 sumpti
3467 865 3616 919 pra:-

1974 932 2209 988 dicatio.
2260 933 2491 989 Utiliter
2535 935 2712 1006 igitur
2753 953 2818 990 ac
2851 937 3082 1007 provide
3123 938 3286 994 solus
3315 938 3484 994 Pater
3514 954 3617 1011 per
3665 999 3668 1002 ,

1973 1015 2129 1089 leges
2179 1022 2235 1072 et
2284 1019 2601 1090 prOpbetas
2651 1020 2804 1076 clare
2856 1022 3291 1092 praedicabatur,
3346 1039 3482 1080 cum
3531 1024 3617 1080 sic

1975 1122 2080 1162 nec
2109 1107 2540 1178 praedicationis
2585 1109 3000 1166 offendiculum
3044 1110 3276 1182 aliquod
3311 1112 3618 1168 crassiori-

1974 1197 2083 1250 bus
2118 1197 2468 1266 praeberetur
2511 1202 2569 1252 et
2616 1198 2790 1270 magis
2833 1198 3206 1270 speculativis
3263 1201 3392 1256 Filii
3442 1201 3616 1258 simul

237 1281 380 1337 notio
424 1287 587 1352 atque
637 1283 928 1339 confessio
975 1281 1356 1355 ingereretur.
1408 1283 1534 1340 Ulbi
1595 1283 1646 1339 si
1697 1283 1875 1339 Filius
1927 1283 2081 1354 prior
2129 1286 2560 1356 praedicaretur,
2621 1303 2734 1342 non
2783 1289 3020 1357 perinde
3061 1289 3268 1346 divina:
3307 1291 3620 1347 Providen-

242 1369 325 1425 tize
351 1370 624 1441 sapientia
657 1371 1012 1442 procederet,
1047 1377 1110 1427 ut
1141 1387 1330 1444 neque
1360 1372 1412 1428 si
1441 1372 1850 1428 sanctissimus
1881 1389 1946 1426 ac
1977 1373 2236 1429 vivificus
2273 1374 2543 1446 Spiritus.

299 1461 402 1524 Τῆς
435 1457 628 1529 ὁμοίας
685 1459 866 1512 τοίνυν
927 1452 1108 1532 ἔχεται
1159 1459 1425 1532 προνοίας
1483 1457 1572 1512 καὶ
1633 1456 1861 1532 Θεωρίας

233 1545 312 1598 καὶ
340 1546 396 1599 τὸ
427 1546 503 1618 μή
534 1547 625 1600 τὸν
662 1545 871 1620 Πατέρα
913 1553 1277 1620 σαρκωοῆναι-
1339 1551 1453 1602 Ποῦ
1492 1549 1596 1621 γὰρ
1644 1547 1859 1602 ἀνεκτὸν

235 1632 340 1687 ἄντὶ
377 1637 490 1702 τοῦ,
551 1635 676 1695 Υἱὸς
723 1635 773 1670 ῧο
824 1655 926 1706 μου
980 1635 1030 1688 εἶ
1077 1637 1161 1705 σὺ,
1207 1635 1316 1712 ἐγὼ
1375 1637 1614 1710 σήμερον
1673 1635 1860 1713 γεγέν-

234 1723 358 1790 νηκά
377 1742 448 1790 σε,
477 1723 620 1796 πρὸς
669 1721 760 1778 τὸν
808 1721 1148 1796 σαρκωθὲντα
1199 1723 1400 1800 λέγειν·
1455 1725 1640 1799 Πατήρ
1676 1745 1780 1796 μου
1813 1724 1863 1778 εἷ

238 1809 310 1877 σὺ,
361 1811 598 1885 σήμερον
647 1811 970 1887 γεγέννηκας
1020 1833 1134 1885 με;
1183 1814 1244 1868 Τί
1294 1813 1396 1888 γὰρ
1443 1815 1543 1867 οὐκ
1602 1812 1662 1866 ἂν
1721 1813 1860 1887 πρὸς

2043 1462 2126 1516 Ad
2169 1463 2434 1518 eamdem
2481 1462 2684 1533 utique
2735 1463 2842 1519 hoc
2875 1463 3046 1519 etiam
3089 1465 3512 1536 providentiam
3561 1471 3618 1523 ct

1973 1549 2368 1621 cognitionem
2401 1551 2674 1624 pertinet,
2711 1554 2864 1623 quod
2898 1553 3067 1610 Pater
3097 1571 3215 1612 non
3245 1555 3318 1610 sit
3349 1555 3616 1612 incarna-

1973 1643 2089 1694 tus.
2135 1641 2431 1704 Quomodo
2485 1639 2642 1696 enim
2700 1643 2930 1698 tolerari
2981 1651 3198 1714 posset,
3251 1645 3300 1699 si
3347 1662 3448 1716 pro
3493 1645 3616 1714 illo,

1971 1729 2148 1784 Filius
2201 1745 2356 1783 meus
2402 1745 2458 1784 es
2498 1737 2558 1784 tu
2597 1745 2691 1800 ego
2722 1729 2880 1786 hodie
2925 1733 3096 1802 genui
3140 1741 3190 1788 te
3228 1749 3280 1802 (ι,
3324 1733 3394 1788 ad
3425 1733 3618 1788 incar-

1970 1825 2170 1872 natum
2220 1819 2466 1874 diceret:
2517 1821 2682 1874 Pater
2729 1837 2882 1876 meus
2912 1838 2962 1876 es
3021 1829 3099 1888 tu,
3159 1821 3318 1878 hodie
3364 1822 3616 1890 genuisti

235 1897 466 1953 ἄπόνοιαν
515 1897 712 1973 ἔπραξε
756 1901 818 1954 τὸ
867 1897 1144 1957 Ἰουδαίων
1194 1895 1340 1962 ἔθνος
1394 1901 1528 1972 μετᾶ
1563 1905 1660 1956 τοῦ
1707 1923 1864 1956 κατα-

1977 1909 2106 1961 me?
2152 1905 2299 1969 Quid
2349 1907 2504 1962 enim
2549 1925 2661 1963 non
2705 1925 2804 1980 per
2849 1910 3200 1965 dementiam
3251 1912 3615 1982 designasset

235 1987 388 2062 φυγήν
411 1987 679 2061 εὑρίσκειν
715 1995 818 2058 τῆς
865 1988 1083 2062 τόλμης
1124 1991 1185 2044 τὸ
1227 1994 1323 2044 τοῦ
1371 1990 1688 2064 πράγματος
1741 1990 1860 2045 δυσ-

234 2072 548 2148 παράδεκτὸν
643 2097 700 2132 τε
756 2077 845 2132 καὶ
912 2078 1298 2147 ἀνακόλουθον,
1365 2077 1414 2132 εἷ
1478 2079 1506 2133 6
1562 2080 1858 2153 σαρκωοεὶς

235 2160 392 2238 ἔλεγε’
425 2168 618 2242 Πατήρ
667 2166 781 2238 εἰμι
821 2171 920 2222 τοῦ
970 2171 1143 2236 Θεοῦ;
1178 2170 1307 2242 [616
1338 2169 1432 2240 R.]
1477 2171 1600 2230 Πῶς
1652 2169 1750 2223 οὐκ
1797 2167 1856 2224 ἄν

235 2249 389 2308 ἐδόκει
423 2257 617 2328 μῦθος,
657 2253 704 2309 εἴ
749 2255 840 2311 τὸν
889 2256 1230 2331 σαρκωοέντα
1277 2257 1426 2334 φωνή
1457 2277 1538 2318 τις
1572 2256 1858 2332 οὐρανόθεν

235 2339 436 2416 ἐλέγετο
487 2343 706 2399 καλεῖν·
765 2343 940 2409 Οὗτός
982 2343 1122 2399 ἐστιν
1174 2346 1202 2400 6
1257 2347 1442 2420 Πατήρ
1505 2367 1609 2418 μου
1649 2347 1676 2400 ὁ
1727 2347 1860 2422 ἀγα-

239 2432 420 2502 πητὸς,
467 2434 514 2488 ἐν
545 2436 594 2507 ᾧ
629 2431 897 2504 εὐδόκησα
925 2461 939 2504 ;
971 2435 1006 2504 ἢ
1055 2435 1118 2489 16
1166 2431 1342 2511 λέγειν
1393 2433 1574 2488 αὐτόν·
1629 2439 1685 2489 Ὁ
1737 2436 1860 2496 Υἱὸς

236 2521 496 2579 ἀπέστειλέ
545 2545 641 2598 με,
689 2524 780 2578 καὶ
834 2523 1033 2598 μείζων
1087 2525 1192 2597 μού
1247 2522 1379 2592 ἐστι,
1428 2530 1519 2578 καί
1569 2525 1668 2578 ὅσα
1717 2522 1862 2580 ἄλλα

237 2615 458 2670 τοιαῦτα.
491 2615 576 2670 Τὰ
627 2611 759 2666 αὐτὰ
791 2611 838 2666 δ’
867 2611 926 2667 ἂν
958 2611 1038 2682 είή
1094 2611 1272 2689 λέγειν
1319 2614 1407 2668 καὶ
1453 2612 1538 2668 ἐπὶ
1588 2617 1688 2666 τοῦ
1737 2635 1864 2668 παν-

237 2700 376 2774 αγίου
431 2703 766 2775 Πνεῦματος.
819 2703 1012 2758 Καίτοι
1061 2723 1122 2775 γε
1168 2702 1230 2756 τὸ
1278 2704 1404 2776 [318
1449 2704 1542 2774 IL]
1605 2703 1862 2778 πανάγιον

238 2791 432 2863 Πνεῦμα
477 2791 566 2846 καὶ
611 2792 946 2866 γυμνότερον
979 2791 1014 2860 ἢ
1045 2791 1136 2846 τὸν
1167 2791 1290 2845 Υίὸν
1332 2789 1395 2846 16
1443 2792 1588 2864 ἱερὸν
1635 2791 1864 2867 γράμμα

237 2877 480 2956 Θεολογεῖ.
513 2881 621 2938 Καὶ
657 2881 761 2956 γΞιρ
801 2901 933 2958 φησι
972 2879 1096 2955 περὶ
1145 2881 1238 2953 μὲν
1287 2884 1384 2935 τοῦ
1430 2881 1574 2935 Υίοῦο
1633 2880 1787 2950 Δεξιᾶ
1817 2881 1860 2917 εί

241 2969 422 3041 Κυρίου
466 2965 698 3039 ἐποίησε
743 2967 984 3042 δύναμινι
1033 2968 1144 3023 καί·
1215 2971 1310 3042 Τῷ
1361 2968 1518 3042 Λόγῳ
1565 2969 1614 3004 ⁵³
1661 2968 1863 3042 Κυρίου

239 3056 282 3109 οἱ
323 3057 528 3131 οὐρανοὶ
577 3059 1008 3133 ἐστερεώθησαν,
1057 3059 1146 3113 καὶ
1197 3057 1247 3112 εἷ’
1290 3079 1342 3114 τι
1401 3057 1542 3112 ἄλλο
1591 3061 1861 3113 τοιοῦτον⁶

235 3141 264 3196 ’ἆ
287 3148 508 3220 νοήματι
541 3149 645 3222 μὲν
679 3143 963 3220 συμϐαίνει
994 3147 1082 3202 καὶ
1116 3149 1488 3221 συνομολογεῖ
1513 3150 1580 3220 τῇ
1617 3145 1861 3220 σημασία

233 3238 315 3287 τοῦ
373 3237 517 3309 Tios,
585 3243 692 3306 τῆς
741 3234 798 3291 δὲ
852 3235 988 3292 κατὰ
1050 3237 1151 3305 τὴν
1209 3237 1395 3312 φωνὴν
1438 3237 1538 3290 οὐκ
1594 3233 1859 3308 ἐξίσταται

235 3323 592 3401 παραλλαγῆς.
655 3327 793 3400 Ὅρα
839 3323 894 3380 δὲ
938 3326 1000 3380 τὸ
1054 3325 1264 3402 τρανὸν⁴
1297 3325 1385 3379 καὶ
1436 3323 1858 3399 ἀπαράλλακτον

235 3419 321 3481 τῆς
347 3419 477 3470 κατὰ
523 3419 588 3472 τὸ
639 3418 790 3492 ἅγιον
831 3419 1050 3488 Πνεῦμα
1100 3422 1304 3493 φωνῆς⁸
1353 3417 1446 3488 Τῷ
1495 3417 1766 3488 Πνεῦματι
1815 3416 1863 3452 ⁶³

236 3506 320 3557 τοῦ
371 3503 646 3578 πόματος
705 3505 870 3561 αὐτοῦ
927 3510 1070 3561 πᾶσα
1121 3507 1156 3574 ἡ
1217 3503 1450 3580 δύναμις
1499 3506 1696 3576 αὐτῶν,
1757 3505 1864 3561 καί·

239 3598 436 3670 Πνεῦμα
463 3599 510 3636 ⁸⁴
557 3601 662 3654 τοῦ
713 3597 919 3670 Κυρίου
977 3595 1314 3670 πεπλήρωκε
1369 3597 1468 3666 τὴν
1519 3595 1869 3668 οἰκουμένην,

236 3683 332 3738 καί’
386 3685 462 3744 Td
531 3687 762 3760 Πνεῦμά
815 3687 863 3722 ⁸⁸
919 3706 1015 3741 σου
1083 3685 1147 3740 16
1221 3685 1416 3760 ἀγαθὸν
1480 3683 1743 3759 ὁδηγήσει
1807 3706 1872 3758 με

239 3769 286 3824 ἒν
476 3775 686 3846 εὐθείᾳ,
752 3774 862 3830 καί’
928 3779 1150 3848 Πνεῦμα
1215 3776 1260 3812 ⁸⁸
1325 3773 1524 3850 Κυρίου
1601 3773 1684 3830 ἐπ’
1751 3773 1868 3848 ἐμὲ,

238 3865 334 3916 καί·
401 3870 620 3939 Πνεῦμα
670 3866 716 3901 ⁸⁷
771 3866 914 3920 Θεῖον
951 3863 1015 3920 16
1065 3863 1298 3933 ποιῆσαν
1351 3884 1434 3937 με,
1489 3864 1599 3918 καί·
1651 3865 1873 3932 Ἐξαπο-

243 3949 428 4016 στελεῖς
476 3955 522 3990 ⁸³
567 3955 636 4010 τὸ
687 3957 928 4028 Πνεῦμα,
969 3953 1059 4008 καὶ
1105 3954 1514 4023 κτισθήσονται,
1563 3951 1653 4006 καέ
1705 3952 1872 4025 μυρία

241 4035 388 4097 ἄλλα.
417 4044 532 4112 Τῆς
561 4043 812 4120 ἀρρήτου
841 4039 898 4097 δὲ
928 4043 1017 4096 καὶ
1046 4046 1207 4097 τοῦτο
1239 4045 1334 4096 τοῦ
1382 4044 1516 4096 Θεοῦ
1565 4041 1778 4116 σοφίας,
1808 4040 1870 4094 τὸ

241 4127 321 4182 τὸν
353 4132 439 4204 μὲν
471 4134 594 4188 Υἱὸν
655 4133 1014 4212 ἑτεροφὼνοις
1059 4131 1233 4202 λέξεσι
1277 4130 1673 4207 Θεολογεῖσῦαι,
1723 4129 1784 4184 τὸ
1818 4126 1874 4183 δὲ

243 4221 440 4292 Πνεῦμα
470 4220 558 4278 διὰ
589 4225 694 4288 τῆς
726 4220 928 4283 οἰκείας
977 4220 1288 4294 ὀνομασίας.
1335 4221 1392 4274 '0
1444 4220 1538 4292 μὲν
1597 4217 1698 4294 γὰρ
1748 4217 1873 4278 Υἱὸς

249 4305 414 4376 ῥηθεὶς
461 4311 660 4367 αὐτίκα
709 4312 772 4365 16
823 4309 1227 4365 αὐϐυπόστατον
1275 4309 1504 4384 εἰσῆγεν,
1545 4309 1574 4362 ’ὀ
1605 4312 1721 4368 τοῖς
1774 4305 1876 4373 τὴν

247 4394 524 4456 πολυϐεῗαν
564 4399 882 4470 νενοσηκόσι
915 4400 1186 4477 πρόφασις
1228 4395 1287 4452 ἃν
1330 4397 1568 4474 ἐγεγόνει
1609 4400 1706 4450 τοῦ
1755 4391 1880 4468 δρα-

1968 1995 2300 2051 Judaeorum
2359 2011 2521 2066 gens,
2573 1997 2806 2052 invento
2864 2015 2933 2053 ex
2981 2015 3042 2054 re
3089 1999 3182 2053 vix
3238 1999 3502 2056 credibili
3550 2017 3615 2056 ac

1971 2085 2212 2140 minime
2245 2084 2452 2140 rationi
2485 2089 2874 2142 consentanea
2897 2087 3152 2143 audaciai
3176 2105 3297 2144 suae
3327 2087 3612 2160 perfugio,

1972 2175 2018 2229 si
2071 2174 2409 2229 incarnatus
2455 2173 2702 2229 diceret:
2755 2176 2922 2231 Pater
2965 2192 3090 2232 sum
3131 2177 3275 2232 Dei?
3321 2177 3614 2244 Quomodo

1969 2263 2100 2318 item
2151 2262 2272 2318 haec
2315 2279 2428 2318 non
2473 2263 2762 2318 videretur
2791 2264 3008 2335 fabula,
3051 2265 3102 2321 si
3133 2265 3327 2337 aliqua
3357 2265 3428 2321 de
3469 2267 3614 2321 caelo

1970 2369 2078 2408 vox
2111 2352 2400 2407 diceretur
2450 2351 2739 2424 appellare
2791 2353 3202 2410 incarnatum:
3253 2355 3350 2410 Hic
3391 2358 3470 2410 est
3502 2361 3612 2411 Pa-

1971 2447 2056 2495 ter
2112 2457 2265 2496 meus
2313 2440 2564 2508 dilectus,
2617 2443 2677 2496 in
2723 2459 2827 2512 qua
2887 2444 3028 2498 mihi
3074 2443 3463 2514 complacitum
3511 2449 3608 2510 est,

1971 2529 2058 2584 vel
2092 2528 2342 2600 ipsemet
2388 2529 2641 2584 diceret:
2687 2531 2860 2584 Filius
2889 2530 3042 2585 misit
3081 2547 3188 2596 me,
3229 2539 3280 2586 et
3317 2533 3498 2601 major
3525 2547 3612 2586 me

1970 2623 2070 2686 est,
2103 2621 2160 2672 et
2192 2633 2552 2688 quaecunque
2591 2621 2731 2672 sunt
2770 2618 2884 2672 alia
2914 2619 3140 2688 generis
3171 2619 3476 2689 ejusdem?
3503 2619 3610 2672 Ea-

1972 2707 2219 2776 demque
2249 2705 2369 2760 haac
2400 2705 2511 2760 dici
2547 2706 2774 2776 possint
2801 2707 2871 2760 de
2901 2707 3114 2777 Spiritu
3161 2712 3381 2763 sancto.
3416 2709 3608 2772 Quan-

1972 2811 2145 2865 quam
2179 2795 2248 2848 de
2279 2795 2387 2850 hoc
2419 2795 2651 2864 planius
2682 2795 2852 2850 etiam
2889 2795 3184 2865 Scriptura
3214 2812 3398 2860 sacra,
3434 2811 3608 2866 quam

1973 2883 2044 2938 de
2097 2882 2238 2938 Filio
2289 2882 2554 2938 disserat.
2612 2881 2692 2937 De
2741 2881 2881 2936 Pilio
2935 2883 3087 2938 enim
3144 2885 3317 2939 dicit:
3371 2885 3609 2938 Dextera

1975 2972 2202 3027 Domini
2255 2971 2384 3042 fecit
2439 2973 2696 3026 virtutem
2746 2971 2796 3025 Ι).
2853 2971 2954 3026 Et:
3009 2971 3172 3028 Verbo
3221 2971 3444 3028 Domini
3490 2972 3612 3026 caeli

1973 3062 2185 3132 ﬁrmati
2228 3067 2355 3116 sunt
2401 3075 2470 3126 c;
2515 3065 2571 3114 et
2617 3059 2834 3115 similia
2875 3059 3033 3128 alibi,
3067 3078 3193 3133 quae
3225 3059 3611 3132 intelligentia

1976 3149 2210 3220 quidem
2234 3149 2613 3219 quadrant,et
2633 3149 3002 3203 consentiunt
3019 3148 3146 3202 Filii
3169 3147 3608 3219 signiﬁcationi,

1974 3239 2074 3293 sed
2107 3253 2226 3292 non
2248 3237 2375 3292 sine
2407 3253 2612 3292 vocum
2638 3237 2938 3292 abusione.
2972 3235 3098 3291 Jam
3124 3236 3254 3292 vide
3275 3251 3610 3306 expressum

1972 3332 2028 3384 et
2057 3343 2172 3384 non
2203 3327 2494 3382 detortum
2526 3325 2771 3396 Spiritus
2801 3324 2988 3381 sancti
3019 3325 3398 3382 vocabulum:
3431 3325 3612 3396 Spiri-

1974 3421 2060 3470 tus
2103 3414 2215 3470 oris
2259 3416 2374 3486 ejus
2434 3414 2608 3468 omnis
2657 3414 2845 3468 193!)
2911 3413 3086 3468 virtus
3127 3428 3314 3469 eorum
3371 3411 3425 3470 ά.
3485 3413 3608 3468 Et:

1977 3505 2220 3576 Spiritus
2274 3503 2494 3560 Domini
2549 3503 2782 3574 replevit
2837 3505 3024 3558 orbem
3082 3507 3360 3559 terrarum
3407 3519 3455 3560 e.
3506 3503 3612 3558 Et:

1978 3595 2219 3665 Spiritus
2250 3601 2375 3648 tuus
2407 3592 2576 3648 bonus
2603 3592 2822 3647 deducet
2853 3607 2938 3647 me
2975 3593 3040 3647 in
3079 3595 3294 3648 terram
3325 3601 3532 3648 rectam
3554 3593 3614 3662 f;

1980 3685 2154 3740 item:
2207 3684 2441 3755 Spiritus
2491 3683 2709 3738 Domini
2755 3699 2921 3753 super
2967 3698 3052 3737 me
3097 3699 3149 3752 g.
3203 3683 3328 3738 Sic:
3376 3681 3617 3752 Spiritus

1980 3773 2208 3828 Domini
2265 3773 2394 3840 fecit
2448 3787 2534 3825 me
2583 3770 2638 3826 h.
2700 3771 2766 3825 Et
2819 3770 2994 3826 alibi:
3058 3773 3284 3826 Emittes
3343 3771 3618 3840 Spiritum

1981 3873 2156 3927 tuum,
2199 3869 2249 3916 et
2294 3859 2632 3916 creabuntur
2663 3861 2718 3928 i;
2762 3859 2994 3930 aliaque
3037 3859 3241 3914 multa.
3281 3857 3386 3913 Ubi
3417 3865 3472 3912 et
3511 3857 3620 3914 hoc

1981 3953 2052 4006 ab
2083 3948 2362 4006 ineffabili
2393 3947 2594 4017 utique
2623 3947 2724 4002 Dei
2755 3946 3035 4016 sapientia
3067 3947 3384 4018 profectum
3415 3946 3622 4002 obser—

1980 4055 2099 4104 ves,
2151 4037 2359 4092 Filium
2411 4036 2539 4090 aliis
2589 4035 2830 4090 vocibus
2861 4035 2920 4090 in
2972 4035 3280 4108 theologia,
3331 4035 3618 4106 Spiritum

1981 4147 2117 4186 vero
2148 4130 2416 4184 sanctum
2448 4142 2554 4181 suo
2602 4129 2836 4181 tantum
2889 4125 3124 4181 nomine
3156 4123 3452 4196 appellari,
3485 4125 3621 4180 Filii

1983 4219 2140 4276 enim
2173 4215 2517 4272 vocabulum
2541 4213 2855 4285 prolatum,
2889 4213 3088 4269 statim
3122 4229 3221 4286 per
3251 4229 3312 4268 se
3343 4213 3621 4282 existens,

1986 4307 2352 4379 suppositum
2387 4303 2640 4370 adducit,
2694 4305 2846 4375 quod
2878 4319 3070 4359 errore
3101 4303 3158 4358 in
3199 4304 3439 4358 deorum
3473 4301 3623 4357 mul-

1987 4396 2238 4451 titudine
2284 4393 2689 4449 laborantibus
2739 4393 3106 4448 occasionem
3141 4391 3499 4464 praebuisset,
3550 4391 3624 4447 ad

251 4491 355 4552 μεῖν
395 4489 526 4563 πρὸς
570 4488 744 4559 αῦτῆν
805 4491 871 4560 ἣν
927 4493 1116 4566 φυγεῖν
1174 4483 1514 4541 ἐδιδάσκοντο
1572 4485 1640 4520 ⁸9⁸
1699 4485 1762 4540 16
1820 4479 1865 4537 δὲ

1987 4483 2151 4541 illum
2185 4483 2378 4554 ipsum
2411 4499 2663 4538 errorem
2705 4482 3060 4548 recurrendi,
3094 4497 3266 4552 quem
3301 4481 3498 4554 fugere
3528 4480 3627 4536 do-

246 4575 443 4650 Πνεῦμα
477 4577 527 4633 εἴ
567 4579 812 4640 καὶτοῖς
857 4573 1166 4632 εὐσεϐοῦσιν
1217 4574 1425 4650 ὁμοίως
1472 4573 1872 4628 αὗθυπόστατον

243 4666 564 4738 γινώσκεται,
607 4667 740 4724 ἀλλ’
770 4665 862 4722 οῦν
895 4664 1112 4722 δύναται
1139 4671 1256 4727 τοῖς
1287 4663 1522 4724 πολλοῖς
1551 4663 1642 4718 καὶ
1693 4681 1879 4736 παχυ-

245 4753 408 4828 τέροις
435 4756 958 4832 παρακαλύπτεσθαι
987 4755 1062 4817 ὡς
1103 4755 1211 4830 οὐχ
1257 4755 1438 4828 ἑτέραν
1486 4753 1700 4829 εἰσάγον
1749 4751 1880 4806 ὑπό-

249 4860 432 4912 στασιν,
463 4849 552 4901 καὶ
585 4843 744 4902 οὐδὲν
773 4848 937 4916 ἧττον
977 4843 1276 4920 λεγόμενον
1321 4843 1384 4896 τὸ
1425 4847 1526 4911 τῆς
1574 4841 1878 4915 μοναρχίας

247 4933 514 5006 ’κρατύνειν
573 4934 908 5010 προνόμιον.
957 4936 1160 5006 Ὥσπερ
1208 4933 1311 5008 γὰρ
1359 4933 1422 4988 16
1473 4931 1668 5006 λέγειν’
1713 4931 1878 5000 Ἢκη-

249 5015 382 5079 δίεπε
423 5028 468 5064 το
511 5030 576 5083 16
625 5027 843 5100 πνεῦμά
903 5045 1030 5099 μου,
1083 5022 1146 5079 οὗ
1207 5019 1304 5078 δύο
1363 5019 1660 5095 συνεισάγει
1716 5019 1878 5094 πρόσ-

318 5147 348 5188 ιι
397 5135 544 5192 Psal.
597 5153 664 5204 ιι,
715 5137 772 5193 7.
852 5135 880 5190 b
931 5133 1080 5190 Psal.
1143 5149 1314 5203 cxvn,
1363 5132 1447 5187 17.

251 5235 280 5284 g
307 5217 404 5276 lsa.
437 5240 546 5296 ιιι,
579 5226 632 5280 1.
713 5223 748 5278 h
775 5221 884 5280 Job
917 5237 1114 5291 χχχιιι,
1149 5221 1202 5277 4.

1525 5147 1553 5186 c
1599 5129 1755 5186 Psal.
1802 5143 1980 5198 χχχιι,
2024 5127 2077 5180 6.
2156 5125 2189 5180 d
2237 5123 2377 5181 ibid.
2429 5125 2482 5179 8.

1280 5221 1303 5276 i
1335 5219 1480 5275 Psal.
1514 5235 1634 5286 οιιι,
1665 5218 1754 5274 30.
1828 5217 1854 5288 7'
1883 5213 2032 5270 Psal.
2072 5229 2243 5278 CXLII,
2281 5213 2328 5268 4.

1982 4574 2283 4630 cebantur.
2329 4571 2582 4644 Spiritus
2631 4587 2787 4640 vero,
2829 4570 2936 4626 etsi
2968 4587 2999 4625 a
3033 4571 3145 4642 piis
3185 4569 3452 4626 similiter
3491 4585 3630 4640 sup-

1989 4663 2238 4735 positum
2272 4678 2374 4733 per
2403 4677 2466 4717 se
2509 4661 2868 4733 agnoscitur,
2918 4659 3092 4732 vulgo
3123 4664 3321 4716 tamen
3353 4663 3542 4732 potest
3569 4663 3630 4713 et

1987 4750 2369 4808 crassioribus
2401 4751 2476 4804 ita
2505 4750 2645 4821 tegi,
2679 4749 2846 4820 quasi
2880 4765 2994 4804 non
3027 4747 3204 4804 aliam
3235 4748 3470 4804 inducat
3501 4763 3630 4817 per-

1987 4855 2215 4910 sonam,
2261 4843 2438 4910 atque
2481 4837 2866 4893 nihilominus
2907 4836 3079 4892 etiam
3125 4837 3266 4892 dum
3305 4836 3626 4907 profertur:

1987 4929 2334 4986 monarchiaa
2385 4927 2818 5000 praerogativam
2869 4927 3124 4982 ﬁrmare.
3177 4925 3248 4982 Ut
3291 4925 3446 4981 enim
3493 4925 3632 4980 dum

1987 5017 2230 5074 dicitur:
2281 5018 2552 5072 Anxium:
2599 5022 2678 5071 est
2715 5013 2948 5086 spiritus
2977 5030 3128 5071 meus
3141 5017 3200 5087 j,
3243 5029 3360 5069 non
3390 5013 3536 5068 duas
3569 5013 3630 5069 id

2559 5139 2587 5180 ε
2646 5123 2780 5196 Sep.
2825 5139 2862 5192 ι,
2909 5123 2966 5177 7.
3041 5125 3073 5194 f
3114 5121 3264 5178 Psal.
3323 5136 3494 5191 cxui,
3545 5120 3631 5178 10.

1587 5305 1826 5361 νΑιιιΑι
1868 5299 2288 5358 LECTIONES.

317 5397 360 5432 “
385 5399 520 5473 υἱός]
551 5402 709 5460 Psal.
743 5419 800 5471 ιι,
851 5406 903 5458 7.

255 5481 416 5538 nm,
443 5471 518 5546 7;
631 5475 679 5546 εξ
708 5471 942 5546 πνεῦμα]
984 5471 1114 5546 sap.
1149 5487 1188 5540 1,

257 5553 444 5612 mm,
464 5545 518 5602 4.
623 5543 674 5582 ⁸³
703 5541 880 5618 ἐξάπζ]
909 5541 1076 5601 Psal.
1095 5558 1193 5614 cu,
1223 5541 1314 5599 30.

1009 5399 1054 5436 ⁶¹
1085 5395 1232 5468 δεξιὰ
1287 5398 1435 5456 Psal.
1495 5413 1668 5466 cxvn,
1717 5397 1804 5452 17.

1907 5393 1952 5428 ⁸³
2001 5393 2082 5462 τῷ
2131 5387 2308 5462 λόγῳ]
2368 5390 2514 5447 Psal.
2571 5407 2745 5459 xxx”,
2803 5392 2858 5448 6.

1394 5469 1547 5548 5:16
1563 5463 1678 5548 τεν-ξι
1713 5466 1868 5548 Ρειιζ.
1878 5463 2190 5548 pacta".

1419 5541 1466 5578 σθ
1493 5528 1800 5596 ἐδιδάᾶκετο
1832 5537 1990 5593 libri.
2065 5533 2114 5568 7°
2143 5528 2338 5606 ἠκηδ.)
2369 5528 2724 5602 Ρειιιξοέιιι,
2765 5536 2819 5588 4.

2976 5390 3022 5425 ⁵³
3079 5393 3158 5462 τῷ
3205 5389 3429 5462 πνεύμ.]
3485 5389 3637 5447 Psal.

2311 5462 2355 5535 βα
2395 5463 2630 5535 πνεῦμα]
2675 5463 2784 5517 Isu.
2841 5479 2951 5532 LXI,
2987 5465 3036 5518 1.
3154 5464 3197 5499 ⁵⁷
3247 5463 3476 5535 πνεῦμα]
3505 5463 3636 5520 Job.

1834 5625 2054 5686 NOT/E.

321 5699 428 5778 (5t)
477 5703 600 5764 Filii
633 5711 696 5762 et
729 5705 976 5780 Spiritus
1003 5705 1216 5762 sancti.

561 5807 837 5871 Panos.
885 5807 994 5870 Gs.
1041 5803 1201 5868 CIII.

3247 5801 3324 5862 25
