4116 6224
380 476 383 489 1
430 393 544 452 7'19

1631 386 1887 447 t‘HOTII
1932 384 2457 447 ΡΑΤΒΙΑΠΟΗᾹΞ
2500 388 2617 449 CP.

3707 393 3831 453 180

430 524 597 580 affert
625 538 925 595 personas,
956 522 1057 577 sed
1089 521 1366 577 unitatem
1399 536 1667 593 peraque
1699 519 1907 575 retinet
1941 536 2069 591 per-

2190 538 2327 587 ωπα,
2358 518 2481 574 ἀλλ’
2528 517 2680 575 οὐδὲν
2728 522 2890 590 ἧττον
2947 522 3008 576 τὸ
3060 523 3261 577 ἒνιαῖον
3317 520 3673 600 διαφυλάττει
3724 532 3834 595 τῆς

430 630 607 682 sonis,
641 612 725 667 sic
754 617 810 667 et
836 610 1079 682 Spiritus
1121 610 1235 679 Dei,
1268 610 1405 666 dum
1438 610 1509 665 ab
1542 609 1802 680 antiquis
1834 608 2063 664 audire-

428 706 526 758 tur
556 702 862 774 pinguiora
894 700 1089 767 modo,
1134 703 1190 755 et
1232 700 1302 755 ad
1334 716 1465 754 eum
1512 715 1624 769 quo
1659 699 1715 752 in
1761 697 1928 753 nobis
1961 702 2066 765 est,

428 790 649 846 nullius
682 790 789 844 hoc
812 788 1151 843 idololatria)
1178 788 1521 845 scandalum
1544 787 1734 842 dabat.
1762 786 2072 857 Propterea

428 880 625 951 itaque
651 878 899 950 Spiritus
931 878 1101 949 plane
1134 877 1192 932 in
1237 876 1428 933 Veteri
1466 878 1831 933 Testamento
1866 874 2072 945 praedi-

430 975 612 1027 catur.
639 967 819 1022 Filius
851 984 964 1022 non
999 967 1160 1033 item,
1192 966 1292 1022 sed
1326 982 1426 1036 per
1457 964 1789 1035 hujusmodi
1822 964 2067 1030 nomina,

430 1075 553 1130 qua:
586 1061 643 1113 et
682 1058 810 1128 ipsa
859 1061 1145 1128 nequeant
1185 1055 1466 1111 unitatem
1501 1055 1878 1125 bypostaseos
1919 1052 2073 1107 divi—

430 1147 585 1213 dere,
639 1150 700 1201 ut
748 1146 926 1200 illud:
980 1146 1078 1200 Dei
1131 1162 1350 1212 manus,
1401 1144 1716 1199 Brachium.
1768 1142 2072 1213 Sapientia,

425 1235 697 1305 Potentia,
762 1236 1013 1303 Dextera,
1083 1235 1327 1303 Verbum,
1378 1240 1430 1288 et
1478 1249 1604 1303 quas
1656 1237 1795 1288 sunt
1842 1231 2070 1303 generis

430 1326 712 1396 ejusdem.
774 1327 889 1380 Ista
949 1322 1164 1380 etenim
1217 1338 1322 1377 nec
1371 1323 1427 1377 in
1477 1321 1811 1377 mortalium
1867 1326 2073 1376 natura

428 1414 618 1486 ipsam
667 1412 954 1469 unitatem
1002 1412 1063 1467 in
1114 1412 1227 1468 duo
1272 1411 1567 1475 dividunt,
1616 1414 1715 1465 aut
1758 1426 2067 1481 personam

430 1504 815 1575 distinguunt.
834 1502 1029 1557 Sicubi
1047 1518 1181 1557 vero
1203 1502 1377 1557 etiam
1399 1499 1522 1555 Filii
1540 1498 1887 1557 vocabulum
1910 1499 2073 1555 affer-

430 1598 557 1649 tur:
588 1594 815 1663 quando
850 1609 981 1648 mox
1012 1595 1076 1646 ut
1125 1590 1338 1646 dicitur
1377 1590 1578 1658 Filius,
1624 1590 1949 1645 differentia
1991 1588 2087 1644 si-‘

432 1682 743 1755 gniticatur
776 1696 1191 1753 personarum;
1227 1684 1291 1736 ut
1335 1679 1396 1735 in
1441 1679 1579 1737 illo:
1626 1680 1799 1734 Filius
1831 1694 1981 1734 meus
2018 1694 2073 1734 es

432 1775 493 1826 tu
540 1771 604 1839 k;
658 1772 1070 1826 adumbratum
1122 1770 1230 1826 hoc
1288 1775 1345 1824 et
1392 1768 1684 1825 obtectum
1735 1767 2067 1823 adducitur.

430 1859 784 1931 Adjungitur
824 1859 1010 1915 enim:
1062 1858 1231 1914 Hodie
1277 1860 1446 1929 genui
1487 1866 1568 1925 te;
1619 1857 1724 1911 Et:
1773 1856 1996 1911 Pustula
2042 1873 2076 1909 a

431 1966 518 2004 me
567 1950 607 2004 t.
660 1949 789 2012 Quae
844 1949 1094 2003 humana
1147 1964 1281 2003 cum
1331 1946 1471 2014 sint,
1518 1951 1574 2002 et
1625 1944 1829 1999 divinas
1878 1945 2075 1999 minus

433 2042 564 2108 apta
597 2042 837 2100 naturae,
882 2037 1009 2092 Filii
1055 2036 1500 2107 appellationem
1536 2039 1740 2107 tegunt
1771 2039 1826 2091 et
1857 2036 2071 2091 adum—

435 2125 625 2181 brant.
658 2127 837 2195 Atque
870 2125 927 2180 in
970 2124 1268 2181 similibus
1298 2126 1369 2180 ad
1404 2126 1671 2181 eumdem
1707 2126 1963 2181 modum.

508 2217 601 2283 At,
645 2230 748 2268 cur
780 2214 1016 2269 tandem
1061 2213 1236 2269 etiam
1280 2215 1487 2270 Dextra
1516 2222 1569 2269 et
1604 2214 1850 2277 Verbum,
1884 2221 1937 2269 et
1968 2216 2070 2270 Po-

436 2306 600 2358 testas
630 2303 834 2369 Patris,
888 2306 944 2358 et
974 2301 1189 2357 similia
1221 2302 1433 2358 dicitur
1476 2303 1674 2371 Filius,
1727 2319 1841 2358 non
1873 2307 2073 2357 contra

437 2392 606 2447 Pater
638 2391 809 2446 Filii?
857 2396 942 2447 An
980 2392 1112 2462 quia
1143 2393 1311 2447 Pater
1354 2409 1468 2448 non
1498 2409 1527 2447 e
1558 2392 1721 2458 Filio,
1764 2392 1863 2447 sed
1896 2391 2073 2445 Filius

435 2499 465 2537 e
496 2480 709 2536 Patre?
737 2481 818 2535 Ad
852 2481 992 2548 haec,
1029 2498 1237 2536 manus
1269 2482 1527 2552 quidem,
1562 2481 1976 2551 brachiumque
2009 2497 2074 2535 ac

436 2569 739 2641 sapientia,
772 2574 825 2625 et
860 2571 1121 2639 verbum,
1165 2570 1422 2626 hominis
1454 2588 1581 2627 esse
1611 2572 1912 2639 dicuntur,
1941 2584 2073 2623 cum

436 2660 612 2715 homo
644 2660 907 2725 dexterae,
940 2659 1025 2715 vel
1067 2660 1387 2731 sapientia},
1438 2660 1525 2715 vel
1575 2659 1855 2715 similium
1906 2673 2075 2714 nemo

439 2748 680 2817 dixerit;
728 2748 1228 2820 quemadmodum
1286 2766 1397 2804 non
1456 2752 1601 2805 rami
1653 2750 1939 2817 arborem,
1973 2745 2077 2801 sed

437 2837 1048 2894 ramumarborisesse
1088 2838 1361 2893 dicimus.
1401 2840 1600 2894 194a
1641 2839 1895 2910 Spiritus
1933 2839 2072 2896 item

437 2933 674 2985 sanctus
706 2930 802 2984 Dei
840 2928 1047 2998 digitus
1096 2928 1425 3001 appellatur
1477 2947 1551 2984 m.
1604 2932 1844 2995 Quando
1889 2940 2075 2987 autem

438 3018 660 3090 digitus
691 3034 900 3074 manus
943 3034 1073 3074 esse
1115 3019 1346 3085 dicitur,
1393 3022 1803 3077 convenienter
1842 3038 1953 3077 non
1986 3039 2077 3077 so-

2180 607 2546 677 ὑποστάσεως,
2606 607 2748 663 οὕτω
2806 608 2896 662 καὶ
2950 613 3166 681 Πνεῦμα
3218 615 3353 665 Θεοῦ
3400 617 3517 672 τοῖς
3563 612 3831 673 παλαιοῖς

2178 696 2522 770 παχυτέρως,
2569 698 2661 751 καὶ
2714 697 2789 760 ὡς
2838 696 2917 774 ἐφ’
2967 700 3126 771 ἡμῶν
3180 700 3507 771 ἄκουόμενον
3562 698 3833 773 οὐδεμιᾶς

2182 784 2473 847 πολυθεΐας
2521 783 2756 840 ἐνεδίδου
2803 783 3122 844 σκάνδαλον.
3179 789 3278 841 Διά
3320 792 3484 844 τοῦτο
3531 790 3715 844 τοίνυν
3767 792 3832 844 τὸ

2186 875 2277 946 μὲν
2312 878 2526 945 Πνεῦμα
2558 875 2737 947 ῥητῶς
2767 876 2911 948 παρά
2948 878 3014 948 τῇ
3064 875 3276 946 Παλαιᾷ
3326 878 3569 951 Διαθήκῃ
3620 879 3837 952 κηρύτ-

2182 984 2350 1033 τεται,
2383 964 2410 1017 6
2443 961 2499 1018 δὲ
2529 964 2652 1025 Υἱὸς
2686 963 2888 1033 οὐκέτι,
2922 963 3067 1019 ἀλλὰ
3119 962 3190 1020 δι’
3236 965 3522 1037 ὀνομάτων
3562 966 3835 1022 τοιούτων

2183 1052 2214 1106 ἃ
2244 1052 2331 1105 καὶ
2364 1051 2497 1106 αὐτὰ
2527 1050 2742 1107 δύναται
2773 1053 2834 1107 τὸ
2866 1054 3063 1108 ὲνιαῖον
3101 1055 3174 1126 μὴ
3208 1055 3251 1090 τί
3286 1051 3511 1129 διαιρεῖν
3542 1062 3643 1124 τῆς
3696 1055 3835 1110 ὑπο-

2184 1143 2439 1210 στάσεως,
2504 1143 2577 1204 ὼς
2644 1144 2727 1211 τὸ,
2798 1143 2928 1218 Χεὶρ
3005 1148 3165 1211 Θεοῦ,
3230 1144 3319 1198 καὶ
3386 1146 3672 1223 Βραχίων,
3741 1146 3835 1199 καὶ

2184 1230 2376 1308 Σοαία,
2444 1233 2534 1285 καὶ
2592 1230 2854 1303 Δύναμις,
2912 1234 3003 1287 καὶ
3060 1232 3235 1305 Δεξιά,
3301 1235 3393 1288 καὶ
3471 1234 3672 1310 Λόγος,
3742 1235 3836 1289 καὶ

2182 1318 2278 1375 ὅσα
2306 1325 2551 1375 τοιαῦτα·
2604 1322 2694 1376 καὶ
2748 1323 2851 1397 γάρ
2904 1321 2991 1376 καὶ
3048 1322 3133 1377 ἐπὶ
3184 1324 3282 1391 τῆς
3332 1323 3679 1395 ἀνθρωπίνης
3730 1322 3840 1399 φύ-

2184 1430 2317 1469 σεως
2346 1414 2512 1464 ταῦτα
2541 1410 2602 1465 τὸ
2635 1412 2835 1466 ἒνιαῖον
2866 1412 2967 1466 οὐκ
2997 1411 3073 1475 εἰς
3104 1409 3199 1466 δύο
3223 1409 3457 1483 διαλύει,
3508 1409 3633 1467 ούδέ
3684 1410 3837 1468 διαιο

2186 1504 2265 1571 ρεῖ
2298 1499 2396 1567 τὴν
2428 1500 2739 1554 ὑπόστασιν.
2775 1500 2835 1556 Ei
2869 1497 2924 1555 δέ
2954 1521 3059 1555 που
3088 1501 3181 1555 καὶ
3208 1508 3310 1570 τῆς
3337 1506 3436 1556 τοῦ
3466 1502 3596 1556 Υἱοῦ
3646 1509 3837 1575 φωνῆς

2183 1584 2446 1658 ἐμνήσθη,
2508 1586 2695 1656 ἐπειδὴ
2746 1588 2899 1651 εὐθὺς
2933 1591 2961 1643 6
2992 1590 3118 1651 Υἱὸς
3172 1590 3357 1663 ῥηθεὶς
3409 1587 3669 1669 διαφορὰν
3722 1612 3839 1663 μη-

2180 1676 2293 1731 νύει
2329 1677 2434 1730 τῶν
2467 1678 2835 1747 ὑποστάσεων,
2870 1679 2943 1741 ὡς
2997 1677 3081 1744 τὸ,
3134 1678 3257 1741 Υἱός
3310 1699 3415 1750 μου
3467 1681 3517 1733 εἴ
3564 1679 3651 1748 σὺ,
3702 1677 3835 1734 ἐπί-

2184 1768 2536 1839 σκιαζόμενον
2591 1769 2680 1822 καὶ
2738 1768 3279 1843 περικαλυπτόμενον
3345 1774 3506 1825 τοῦτο
3577 1771 3834 1843 προάγει·

2187 1855 2371 1929 ἐπάγει
2427 1856 2553 1931 γάρ,
2613 1858 2867 1931 Σήμερον
2920 1858 3217 1932 γεγέννηκά
3275 1878 3353 1927 σε,
3420 1857 3531 1914 καί’
3592 1859 3835 1929 Αἷτησαι

2185 1947 2312 2019 παρ’
2344 1945 2502 2018 ἐμοῦ,
2543 1947 2676 2020 ἅπερ
2718 1947 3022 2020 ἀνθρώπινα
3065 1944 3193 2002 ὅντα
3242 1948 3331 2001 καὶ
3370 1951 3438 2021 τῇ
3486 1949 3601 2017 θείᾳ
3657 1950 3735 2020 μὴ
3784 1949 3835 1985 ⁷³

2185 2032 2559 2111 ἐφαρμόζοντα
2590 2032 2742 2111 φύσει
2771 2037 2869 2104 τήν
2898 2040 2998 2089 τοῦ
3031 2037 3158 2090 Υἱοῦ
3191 2036 3561 2111 προσηγορίαν
3594 2038 3837 2111 παρεκά-

2183 2123 2352 2178 λυπτέ
2381 2144 2437 2177 τε
2467 2125 2554 2178 καὶ
2583 2125 2911 2193 συνεσκίαζε.
2940 2124 3040 2181 Καὶ
3073 2125 3160 2179 ἐπὶ
3182 2130 3290 2179 τῶν
3314 2126 3524 2198 ὁμοίων
3549 2126 3835 2190 ὡσαύτως.

2252 2213 2319 2268 Τί
2352 2208 2416 2282 δή
2452 2233 2584 2267 ποτε
2630 2213 2688 2267 δὲ
2736 2212 2888 2283 Δεξιδ.
2934 2213 3023 2268 καὶ
3072 2215 3252 2289 Λόγος
3300 2215 3391 2267 καὶ
3442 2216 3701 2287 Δύναμις,
3743 2217 3835 2271 καὶ

2184 2300 2280 2355 ὅσα
2312 2299 2476 2373 ἄλλα,
2508 2306 2603 2356 τοῦ
2650 2305 2858 2375 Πατρὸς
2907 2302 3002 2373 μὶν
3038 2303 3065 2357 ὁ
3097 2303 3218 2363 Υἱὸς
3268 2301 3508 2379 λέγεται,
3561 2303 3691 2359 ἀλλ’
3737 2304 3839 2359 οὐκ

2185 2385 2418 2462 ἔμπαλιν
2454 2391 2481 2444 6
2514 2392 2700 2462 Πατὴρ
2733 2394 2829 2445 τοῦ
2862 2391 3020 2458 ὶ”ιοῦ;
3053 2392 3086 2459 ἢ
3124 2389 3264 2445 διότι
3296 2392 3322 2444 6
3356 2393 3542 2467 Πατήρ
3596 2393 3691 2465 μὶν
3741 2392 3838 2448 ούκ

2186 2478 2246 2533 ἐκ
2273 2483 2368 2534 τοῦ
2401 2480 2548 2550 Υἱοῦ,
2592 2479 2717 2534 ἀλλ’
2750 2481 2777 2533 6
2805 2480 2925 2541 ι”ιὸς
2959 2479 3018 2534 ἐκ
3045 2484 3140 2534 τοῦ
3177 2481 3403 2554 Πατρός.
3452 2483 3573 2537 Ἔτι
3621 2478 3681 2536 δὲ
3711 2483 3834 2556 χεὶρ

2190 2570 2305 2641 μὶν,
2337 2568 2425 2621 καὶ
2471 2569 2737 2642 βραχίων,
2777 2570 2867 2622 καὶ
2901 2568 3083 2644 σοφία,
3115 2568 3206 2624 καὶ
3240 2566 3401 2642 λόγος
3430 2567 3590 2624 τοῦδε
3618 2575 3719 2624 τοῦ
3749 2571 3834 2625 άν-

2186 2660 2408 2733 θρώπου
2442 2655 2680 2731 λέγεται,
2732 2653 2857 2711 ἀλλ’
2901 2658 2928 2711 6
2978 2655 3262 2731 ἄνθρωπος
3310 2661 3410 2721 τῆς
3461 2654 3637 2727 δεξιᾶς
3666 2659 3700 2726 ἢ
3735 2664 3838 2726 τῆς

2188 2747 2376 2819 σοφίας
2408 2748 2441 2815 ἢ
2475 2749 2581 2800 τῶν
2617 2745 2826 2819 ὁμοίων
2877 2745 2975 2800 οὐκ
3024 2744 3081 2799 ἄν
3132 2746 3322 2819 ῥηθείη
3358 2746 3428 2811 ⁷³,
3479 2746 3660 2819 ὥσπερ
3710 2744 3837 2802 οὐδέ

2184 2840 2279 2891 τοῦ
2310 2834 2514 2890 κλάδου
2546 2836 2717 2912 φαμὲν
2748 2836 2809 2890 τὸ
2855 2832 3095 2907 δένδρον,
3148 2832 3292 2889 ἆλλᾶ
3338 2838 3430 2889 τὸν
3484 2833 3691 2890 κλάδον
3732 2841 3834 2891 τοῦ

2188 2923 2433 2999 δένδρου.
2487 2926 2585 2979 Καὶ
2624 2926 2686 2980 τὸ
2742 2928 2960 2997 Πνεῦμα
3002 2922 3057 2979 δὲ
3099 2922 3365 2987 δάκτυλος
3414 2924 3463 2960 ⁷⁴
3512 2924 3839 2997 ὀνομάζεται

2188 3020 2341 3083 Θεοῦ,
2377 3017 2502 3087 [617
2532 3016 2622 3087 IL]
2671 3014 2759 3068 xui
2812 3012 2924 3068 ἐπεὶ
2959 3014 2986 3067 ό
3028 3011 3294 3075 δάκτυλος
3341 3020 3441 3083 τῆς
3478 3016 3693 3089 χειρὸς,
3747 3016 3839 3069 εύ-

439 3108 562 3163 lum
600 3108 810 3174 Patris,
844 3108 945 3162 sed
979 3112 1035 3161 et
1065 3107 1212 3173 Filii,
1256 3124 1383 3178 quas
1416 3113 1659 3179 paterna
1697 3114 1787 3165 est
1818 3111 2075 3177 dextera,

2190 3103 2374 3180 λόγως
2406 3102 2466 3158 οἱ)
2509 3103 2672 3176 μόνον
2704 3106 2797 3157 τοῦ
2830 3102 3059 3176 Πατρὸς,
3111 3104 3235 3176 [319
3276 3108 3364 3169 H.]
3417 3101 3565 3158 ἀλλά
3610 3103 3699 3158 καὶ
3740 3108 3842 3159 τοῦ

439 3208 567 3250 esse
600 3195 829 3250 dicitur.
874 3198 1085 3249 Verum
1119 3212 1232 3250 non
1266 3196 1350 3252 sic
1391 3198 1649 3252 vicissim
1680 3197 1861 3253 Filius
1892 3200 2077 3256 sancti

440 3282 711 3354 Spiritus.
745 3283 942 3354 Neque
981 3282 1133 3337 enim
1180 3301 1388 3339 manus
1429 3285 1593 3355 digiti
1636 3290 1789 3341 recte
1828 3288 2075 3345 dicatur.

439 3370 635 3439 Neque
663 3385 796 3425 vero
829 3370 914 3424 vel
949 3370 1019 3423 ob
1055 3370 1174 3425 haec
1206 3370 1395 3426 solum
1441 3374 1512 3428 ab
1546 3374 1709 3428 initio
1741 3375 2081 3444 expediebat

441 3475 544 3529 pro
581 3458 747 3513 Patre
775 3458 1006 3526 Filium,
1033 3463 1132 3514 aut
1164 3460 1444 3529 Spiritum
1476 3466 1739 3517 sanctum
1761 3465 2077 3522 enuntiari.

440 3546 669 3601 Etenim
702 3545 1005 3602 hominum
1032 3550 1201 3602 Pater
1235 3552 1400 3614 Deus,
1436 3556 1500 3604 ut
1532 3551 1702 3607 modo
1734 3552 2077 3622 referebam,

442 3635 634 3690 dictus
668 3639 785 3691 est:
833 3634 1035 3690 Filium
1069 3652 1196 3692 vero
1238 3641 1485 3693 nostrum
1530 3645 1630 3693 aut
1667 3639 1938 3711 Spiritum
1968 3642 2083 3698 dici

443 3725 648 3794 Deum,
681 3726 1003 3781 absurdum
1054 3742 1193 3781 sane
1243 3743 1306 3781 ac
1350 3727 1591 3783 minime
1623 3736 2079 3787 consentaneum

443 3813 765 3883 iudicatum
802 3814 1026 3869 fuisset.
1080 3814 1469 3877 Quamobrem
1517 3817 1688 3873 etiam
1740 3819 1904 3875 Pater
1950 3826 2085 3876 tunc

444 3905 813 3977 praedicatus,
875 3908 946 3963 ob
1003 3907 1345 3963 familiarem
1407 3909 1630 3965 scilicet
1674 3912 1829 3967 vocis
1889 3928 2082 3983 usum,

445 4011 620 4051 unam
666 3996 838 4067 vulgo
893 3996 1193 4065 innuebut,
1242 4000 1699 4071 ostendebatque
1749 4018 2081 4072 personam.

443 4084 587 4154 [Quo
619 4086 904 4157 tempore]
931 4086 980 4141 si
1013 4085 1192 4141 Filius
1216 4091 1315 4142 aut
1348 4088 1595 4159 Spiritus
1618 4096 1856 4147 sanctus
1885 4094 2088 4163 praedi-

444 4180 607 4229 catus
638 4174 865 4243 fuisset,
909 4175 1144 4231 omnino
1187 4194 1565 4248 personarum
1609 4180 1861 4237 dualitas
1910 4181 2086 4238 simul

445 4262 823 4331 probabatur.
870 4264 977 4328 Qui
1022 4265 1177 4319 enim
1231 4265 1435 4321 Filium
1468 4269 1747 4338 audisset,
1782 4272 1977 4325 statim
2012 4273 2083 4327 ad

447 4350 675 4405 Patrem
722 4352 1034 4418 retulisset,
1076 4358 1131 4409 et
1161 4353 1442 4424 Spiritum
1475 4362 1740 4413 sanetum
1776 4360 2080 4427 similiter;

2190 3197 2336 3265 Υἱοῦ,
2369 3196 2492 3263 ἥτις
2525 3194 2665 3248 ἐστὶν
2712 3197 2746 3263 ἡ
2778 3195 3014 3267 πατρική
3076 3190 3238 3265 δεξιὰ,
3274 3191 3508 3269 λέγεται.
3563 3193 3719 3250 Ἀλλ’
3773 3197 3841 3251 οῦ

2185 3287 2247 3340 τὸ
2279 3283 2541 3339 ἀνάπαλιν
2575 3284 2602 3337 ὁ
2644 3284 2766 3344 Υἱὸς
2814 3286 2911 3338 τοῦ
2960 3284 3292 3355 Πνεύματος’
3344 3281 3473 3338 οὐδὲ
3504 3284 3609 3358 γάρ
3642 3285 3676 3352 ἦ
3713 3285 3844 3359 χεὶρ

2190 3375 2377 3451 ῥηθείη
2430 3374 2489 3429 ἂν
2531 3377 2626 3429 τοῦ
2672 3371 2963 3429 δακτύλου.
3015 3371 3124 3427 Οὐκ
3172 3373 3237 3441 ἦν
3293 3370 3353 3426 δὲ
3413 3370 3513 3445 ἄρα
3565 3370 3691 3428 οὐδὲ
3753 3371 3846 3428 διὰ

2186 3470 2353 3520 ταῦτα
2384 3464 2500 3519 ἀντῖ
2531 3468 2626 3517 τοῦ
2660 3463 2867 3532 Πατρὸς
2915 3462 3003 3516 τὸν
3052 3462 3173 3516 Υἱὸν
3222 3462 3257 3530 ἢ
3324 3462 3385 3515 τὸ
3452 3465 3675 3534 Πνεῦμα
3722 3464 3846 3518 κατ’

2190 3555 2361 3630 ἀρχὰς
2424 3552 2696 3631 συμφέρον
2757 3550 3245 3627 καταγγέλλεσθαι.
3305 3552 3400 3605 Καὶ
3456 3550 3559 3626 γάρ
3599 3550 3689 3605 καὶ
3738 3553 3842 3605 ἆν-

2192 3644 2424 3718 θρώπων
2476 3644 2660 3716 Πατήρ
2711 3643 2737 3695 6
2789 3642 2939 3711 Θεὸς,
2993 3641 3066 3701 ὠς
3116 3642 3431 3717 προὲφημεν
3473 3641 3543 3710 ⁷⁵,
3595 3640 3837 3714 ἐλέγετο·

2192 3735 2316 3795 Υἱὸς
2361 3730 2417 3786 δὲ
2445 3733 2478 3801 ἢ
2518 3736 2734 3803 Πνεῦμα
2790 3733 2949 3803 ἡμῶν
2984 3732 3012 3786 6
3057 3731 3207 3798 Θεὸς,
3256 3735 3362 3784 τῶν
3419 3730 3718 3804 ἀμηχάνων
3775 3750 3835 3785 τε

2191 3823 2281 3877 καὶ
2312 3821 2695 3877 ἀνακολούθων
2729 3821 2965 3890 ἐκρίνετο
3020 3818 3285 3894 λέγεσθαι.
3338 3819 3430 3873 Διὸ
3460 3819 3551 3873 καί
3596 3820 3623 3873 6
3656 3822 3698 3855 τε
3728 3823 3844 3872 Πα-

2192 3914 2295 3985 τὴρ
2334 3913 2427 3984 μὲν
2460 3910 2862 3983 κηρυττόμενος
2896 3906 2983 3963 διὰ
3014 3911 3112 3978 τὴν
3157 3907 3209 3963 ἰν
3249 3912 3317 3981 τῇ
3368 3908 3629 3979 συνηθείᾳ
3675 3908 3848 3964 κατά-

2193 4021 2394 4077 χρησιν
2419 3997 2472 4055 ἓν
2502 3997 2819 4075 παρεδήλου
2848 4000 2970 4053 τότε
2997 4004 3114 4060 τοῖς
3144 3997 3381 4061 πολλοῖς
3408 3998 3498 4053 καὶ
3536 3995 3851 4053 ὑπεδείκνυε

2194 4091 2509 4162 πρόσωπον*
2562 4087 2606 4142 εἷ
2660 4085 2716 4142 δὲ
2767 4090 2793 4142 6
2834 4088 2956 4147 Υἱὸς
3005 4086 3039 4155 ἢ
3093 4087 3155 4141 τὸ
3212 4091 3430 4159 Πνεῦμα
3475 4087 3852 4161 κατήγγελτο,

2196 4180 2411 4239 πάντως
2442 4178 2500 4231 αν
2538 4178 2600 4231 τὸ
2650 4173 2903 4231 δυαδικὸν
2950 4173 3397 4250 συνωμολογεῖτο
3444 4180 3555 4229 τῶν
3610 4175 3854 4230 ὑποστά-

2195 4287 2347 4324 σεωνο
2381 4269 2408 4321 6
2456 4268 2555 4343 γὰρ
2592 4266 2805 4321 ἀκούων
2862 4266 3009 4337 Υἱὸν,
3069 4264 3224 4327 εὐθὺς
3286 4264 3421 4338 πρὸς
3478 4263 3572 4318 τὸν
3634 4266 3846 4337 Πατέρα

2194 4358 2443 4433 ἀνήγετο.
2480 4356 2583 4411 Καὶ
2614 4356 2676 4410 τὸ
2710 4360 2925 4429 Πνεῦμα
2975 4354 3203 4428 ὁμοίως·
3263 4353 3324 4409 οῦ
3364 4354 3465 4428 γὰρ
3512 4353 3581 4421 ἦν
3633 4356 3857 4424 Πνεῦμα

451 4438 616 4507 cujus
664 4439 816 4494 enim
867 4445 1017 4496 esset
1070 4443 1336 4513 Spiritus,
1389 4451 1673 4515 quaereret
1728 4463 1926 4503 mens:
1977 4450 2078 4520 [θος

2201 4447 2449 4517 ἐπεζήτει
2479 4448 2512 4515 ἡ
2548 4442 2779 4514 διάνοια,
2813 4446 2900 4507 οἷς
2930 4446 2963 4513 ἡ
2996 4443 3156 4506 νόσος
3189 4443 3252 4497 τὸ
3284 4439 3551 4497 πολύθεον
3600 4440 3707 4495 ἀπὸ
3754 4448 3857 4510 τῆς

452 4542 599 4596 quos
633 4526 949 4583 multorum
999 4530 1239 4586 deorum
1289 4532 1529 4587 morbus
1580 4539 1823 4600 teneret,
1857 4537 2089 4594 incura-

450 4612 596 4669 biles
627 4629 694 4669 ex
737 4614 863 4685 ipsa
902 4616 1143 4673 salutari
1189 4619 1478 4691 theologia
1512 4623 1909 4681 redderentur.
1939 4629 2092 4683 Adde

444 4705 567 4773 jam
601 4703 793 4773 dictis,
830 4705 950 4760 fieri
997 4723 1109 4762 non
1160 4710 1439 4780 potuisse,
1494 4715 1555 4765 ut
1594 4716 2088 4782 quemadmodum

450 4794 600 4863 Filii,
634 4810 699 4850 ac
747 4794 998 4867 Spiritus
1037 4800 1244 4864 sancti,
1294 4800 1378 4855 sic
1411 4801 1587 4856 etiam
1627 4803 1814 4860 Patris
1846 4820 2093 4877 persona

452 4885 725 4955 prudenti
757 4886 954 4957 aliqua
993 4888 1217 4944 ratione
1249 4889 1725 4946 absconderetur.
1761 4894 1904 4950 Nam
1941 4896 2091 4966 quod

449 4975 702 5046 Spiritus
734 4974 833 5031 Dei
880 4977 1066 5033 dictus
1116 4979 1191 5034 sit
1234 4982 1467 5045 Dextra,
1508 4981 1792 5052 Sapienta,
1826 4987 2093 5052 Potestas,

451 5062 509 5116 id
543 5065 1057 5136 multiplicatorum
1092 5069 1335 5124 deorum
1361 5071 1645 5127 insaniam
1683 5074 1817 5145 [non
1853 5074 2093 5131 difﬁcul-

452 5152 561 5223 ter]
592 5154 845 5225 eifugere
886 5157 1094 5227 potuit.
1142 5158 1264 5215 Non
1299 5159 1451 5215 enim
1490 5161 1735 5234 percipit
1765 5164 1858 5219 hic
1888 5164 2095 5236 vulgus

453 5253 830 5307 personarum
864 5245 1037 5301 simul
1072 5246 1460 5305 differentiam
1494 5250 1647 5306 duci.
1680 5255 1822 5309 Cum
1855 5253 1902 5308 si
1936 5255 2097 5310 Pater

2205 4535 2488 4605 σωζούσης
2520 4534 2804 4609 θεολογίας
2846 4527 3120 4604 ἐλάμϐανε
3168 4532 3229 4586 τὸ
3269 4531 3504 4587 ἀνίατον.
3559 4530 3747 4605 Χωρὶς
3798 4527 3858 4585 δὶ

2198 4630 2305 4679 τῶν
2368 4624 2673 4697 εἰρημένων
2724 4619 2850 4676 οὐδὲ
2891 4619 3114 4676 δυνατὸν
3172 4622 3265 4689 ἦν,
3312 4620 3554 4693 καθάπερ
3594 4622 3693 4673 τοῦ
3724 4620 3858 4674 ficii

2201 4714 2417 4769 καὶτοῦ
2450 4712 2783 4785 Πνεύματος,
2813 4712 2958 4765 οὕτω
3012 4708 3101 4764 καὶ
3149 4710 3210 4764 τὸ
3258 4712 3354 4763 τοῦ
3407 4708 3621 4782 Πατρὸς
3662 4713 3855 4784 σοφαῖς

2206 4800 2454 4877 μεθόδοις
2494 4799 2987 4877 περικαλύπτεσθαι
3018 4798 3333 4873 πρόσωπον.
3359 4800 3579 4869 Πνεῦμα
3624 4797 3721 4869 μὶν
3752 4798 3856 4873 γὰρ

2205 4899 2338 4949 Θεοῦ
2371 4894 2527 4967 ῥηθὲν
2556 4893 2645 4947 καὶ
2698 4891 2870 4963 Δεξιά,
2921 4891 3011 4945 καὶ
3054 4888 3247 4968 Σοφία,
3296 4888 3385 4943 καὶ
3429 4886 3672 4959 Δύναμις
3714 4885 3861 4942 οἶδεν

2203 4983 2474 5059 ἐκφεύγειν
2508 4984 2568 5037 τὸ
2599 4989 2700 5051 τῆς
2732 4979 3023 5045 πολυθεΐας
3052 4980 3447 5057 παλίμφημον·
3481 4975 3737 5032 λανθάνει
3758 4976 3860 5051 γάρ

2202 5072 2328 5133 τοὺς
2360 5070 2610 5131 πολλοὺς
2636 5069 2897 5149 διαφοράν
2922 5072 3233 5145 προσώπων
3263 5068 3729 5142 συνεπαγόμενον.
3755 5072 3865 5120 Πα-

2204 5164 2306 5233 τὴρ
2342 5159 2396 5217 δὲ
2429 5164 2564 5216 Θεοῦ
2622 5161 2943 5234 κηρυχθεὶς,
2987 5158 3085 5214 κᾶν
3128 5158 3219 5213 τὸν
3271 5154 3592 5231 γεννηθέντα
3638 5152 3862 5222 λάϐοις,

2204 5253 2300 5306 κάν
2345 5253 2407 5306 16
2452 5250 2793 5326 ἐκπορευθὶν,
2843 5246 3021 5304 ούκὲτι
3075 5248 3169 5321 μὶν
3222 5246 3403 5303 λαθεῖν
3455 5244 3578 5319 ἔχοι
3625 5245 3690 5300 16
3742 5241 3868 5299 διά-

526 5388 557 5443 Ιι
582 5388 737 5446 Psal.
770 5392 830 5461 it,
862 5394 916 5449 7.
995 5396 1013 5451 t
1044 5396 1194 5454 Psal.
1230 5415 1307 5469 ix,
1343 5401 1428 5455 10.
1506 5418 1559 5457 m
1588 5401 1764 5459 Exod.
1801 5419 1918 5469 vm,
1953 5404 2057 5471 19;
2096 5402 2228 5458 Luc.
2261 5419 2339 5471 xi,
2371 5404 2457 5457 20.

1805 5544 2049 5603 VARIZE
2088 5544 2506 5603 LECTIONES.

527 5664 686 5761 "mpii
720 5683 836 5761 om.
851 5685 959 5761 "pr.
990 5674 1055 5728 A.

527 5676 573 5705 '”
609 5676 686 5737 μὴ
720 5683 836 5723 om.
865 5685 959 5758 pr.
990 5676 1055 5728 A.
1159 5676 1204 5710 τ’
1237 5677 1309 5747 μὴ
1345 5682 1400 5735 et
1433 5694 1564 5736 mox
1600 5700 1696 5735 του
1728 5681 1858 5739 add.
1892 5684 1960 5740 A.

458 5755 535 5810 ιι,
568 5741 654 5795 20.
763 5739 811 5775 ⁷⁵
839 5740 1021 5810 ὥσπερ
1053 5738 1257 5810 ἔφημεν
1288 5752 1355 5806 Α.
1432 5751 1475 5786 ⁷⁸
1505 5750 1532 5805 ὁ
1575 5768 1690 5810 om.
1734 5755 1794 5810 Α.

763 5739 811 5775 ⁷⁵
839 5738 1021 5818 ὥσπερ
1053 5738 1257 5824 ἔφημεν
1432 5751 1475 5786 ⁷⁸
1505 5750 1532 5805 ὁ
1575 5768 1690 5812 om.
1734 5755 1794 5810 Α.

2082 5680 2127 5718 ⁷³
2158 5678 2217 5733 ἃν
2251 5680 2327 5752 μὴ
2360 5678 2552 5753 ῥηθείη
2598 5680 2679 5755 ς.

2774 5680 2821 5716 ⁷⁴
2851 5675 3137 5750 δάκτυλος]
3172 5675 3348 5737 Exod.
3389 5689 3509 5745 VIII,
3544 5672 3613 5729 19
3642 5698 3658 5744 ;
3718 5674 3864 5733 Luc.
