4184 6212
280 381 388 440 781

1363 379 1909 440 BlBLlOTHECA.
1971 411 2024 423 τ-
2077 378 2249 440 COD.
2293 379 2582 442 CCXXII.

3562 383 3679 443 782

279 529 444 588 φορον
479 506 714 584 εἰσάγων
758 512 864 563 τῶν
896 504 1263 577 ὑποστάσεων,
1315 505 1432 563 οὐδ’
1481 510 1676 580 ὅμοιον
1708 515 1822 571 τοῖς
1864 510 1927 564 τὸ

2062 511 2138 566 )ei
2165 511 2538 568 enuntiatum
2570 510 2666 578 sit,
2701 509 2820 566 sive
2849 511 3105 581 genitum
3158 511 3529 580 intellexeris,
3561 511 3684 570 sive

279 596 546 653 πολύθεον
576 601 795 652 νοσοῦσι
828 597 1154 674 προσφέρειν
1183 596 1245 652 τὸ
1279 595 1437 669 ἴαμα.
1462 598 1534 652 Οὐ
1561 599 1655 669 μὲν
1690 598 1782 653 οὖν
1807 597 1931 654 ἀλλ’

281 683 392 741 οὐδ’
424 683 576 756 εἴπερ
609 686 637 740 6
670 687 858 760 Πατὴρ
889 685 1028 739 κατὰ
1073 686 1136 739 τὸ
1184 681 1424 758 ἔμπαλιν
1481 687 1608 764 χεὶρ
1656 691 1753 741 τοῦ
1801 685 1931 741 ι”ιοῦ

279 778 314 846 ἢ
371 778 466 829 τοῦ
533 775 846 847 Πνεύματος
907 774 1246 847 ὠνομᾶζετο,
1310 776 1670 849 ὑποκρύπτειν
1741 777 1928 831 ἑαυτὸν

280 865 460 920 καὶτὸ
493 861 748 919 δυαδικὸν
799 862 1220 938 περικαλύπτειν
1276 869 1384 918 τῶν
1434 865 1743 939 προσώπων
1792 863 1929 935 ἠδύ-

281 951 540 1009 νατοοῖνα
594 955 670 1027 μῆ
719 952 865 1029 λέγω
922 954 997 1015 ὡς
1056 951 1178 1008 οὐδὲ
1236 953 1469 1027 ῥηθῆναι
1534 955 1815 1018 παντελῶς
1863 957 1930 1009 τὰ

285 1041 566 1117 εἰρημένα,
600 1037 725 1097 οὔτε
752 1046 875 1097 νοῦν
917 1039 1040 1097 οὔτε
1068 1041 1224 1119 φύσιν
1268 1037 1416 1118 ἔχειν
1469 1039 1649 1104 οὐδεὶς
1698 1041 1757 1097 ἃν
1797 1041 1932 1098 ὑπό-

284 1135 454 1187 θοιτο.
490 1132 588 1186 Διά
616 1131 669 1184 τί
703 1128 751 1186 δ’
781 1129 872 1186 οῦν
901 1131 1018 1184 κατ’
1048 1131 1226 1205 ἀρχὰς
1257 1132 1292 1198 ἡ
1323 1131 1491 1205 Τριάς
1518 1129 1627 1206 οὐχ
1657 1131 1771 1201 ἅμα
1800 1151 1927 1186 κατ-

284 1218 527 1296 ήγγελτο
557 1239 571 1289 ;
603 1218 688 1274 δτι
719 1221 954 1293 καθάπερ
997 1223 1115 1281 τοῖς
1167 1218 1516 1293 ὀφθαλμιῶσι
1563 1220 1625 1274 τὸ
1676 1217 1928 1296 λαμπρὸν

286 1314 424 1384 φῶς,
489 1308 668 1364 καίτοι
728 1309 1000 1382 σωτήριον
1059 1308 1138 1376 ὃν,
1197 1309 1392 1382 ἀθρόον
1451 1303 1932 1380 ἑπιϐλαϐἐστατον,

288 1397 436 1453 οὕτω
490 1398 578 1452 καὶ
633 1402 750 1458 τοῖς
808 1397 884 1459 εἰς
942 1397 1005 1452 τὸ
1063 1395 1333 1452 πολύθεον
1390 1396 1862 1476 ἀποτυφλωθεῖσιν
1895 1401 1930 1469 ἡ

285 1484 542 1564 τριαδική
593 1485 852 1561 θεολογία
894 1481 1163 1561 βλαϐερὸν
1219 1488 1437 1561 ὑπῆρχε
1479 1486 1569 1542 καὶ
1614 1486 1931 1560 ἐπιζήμιον.

285 1573 468 1634 ’Δλλὰ
494 1579 664 1631 ταῦτα
716 1575 810 1647 μὲν
854 1579 934 1647 τῷ
979 1571 1222 1652 φιλοθὲῳ
1273 1580 1570 1654 συγγραφεῖ
1615 1576 1704 1630 καὶ
1750 1577 1778 1632 6
1823 1581 1931 1631 τῶν

287 1665 472 1741 λόγων
528 1666 572 1735 ζ’
611 1663 662 1720 ἰν
719 1664 861 1739 τρισὶ
912 1664 1293 1741 φιλοπονεῖται
1341 1664 1682 1741 κεφαλαίοις,
1725 1665 1758 1719 ἃ
1800 1667 1936 1739 μετᾶ

286 1755 350 1810 τὸ
379 1757 460 1820 κς¹
497 1755 587 1810 τὸν
616 1755 918 1810 ἀκόλουθον
947 1755 1181 1831 ἀριθμὸν
1213 1751 1560 1833 ἀναδέχεται.

2043 618 2174 655 eum
2212 601 2313 672 qui
2348 599 2657 672 processit,
2689 615 3060 670 nequaquam
3087 602 3208 671 jam
3243 601 3324 669 id,
3356 601 3500 672 quin
3555 617 3686 674 per-

2043 706 2320 744 sonarum
2355 690 2670 745 discrimen
2704 689 2928 755 afferat,
2963 690 3217 761 ignorari
3267 691 3523 761 amplius
3555 707 3686 761 pos-

2039 780 2116 834 sit
2148 796 2336 849 neque
2366 779 2558 834 simile
2582 779 2906 833 remedium
2939 778 3428 834 idololatritelabe
3458 779 3687 836 infectis

2039 868 2252 923 alTerri.
2288 871 2495 938 Itaque
2525 884 2597 922 ne
2628 873 2752 922 tum
2788 867 3044 938 quidem,
3070 869 3116 923 si
3151 873 3314 924 Pater
3335 886 3366 923 e
3396 871 3686 925 contrario

2037 957 2201 1020 Filii,
2258 954 2348 1009 vel
2406 955 2648 1025 Spiritus
2718 957 2903 1010 sancti
2975 972 3176 1010 manus
3263 956 3686 1026 nominaretur,

2040 1045 2292 1115 seipsum
2361 1043 2737 1111 abscondere,
2789 1049 2847 1099 et
2908 1043 3245 1100 dualitatem
3306 1061 3687 1116 personarum

2041 1138 2343 1202 contegere
2373 1137 2608 1205 posset:
2645 1148 2716 1188 ne
2747 1132 2851 1187 hoc
2873 1133 3082 1200 dicam,
3107 1134 3402 1189 neminem
3429 1150 3688 1206 unquam

2041 1237 2276 1276 censere
2307 1221 2586 1292 potuisse,
2632 1225 2694 1275 ut
2725 1237 2850 1292 quae
2896 1237 3052 1277 nunc
3083 1223 3688 1291 commemoravimus,

2041 1311 2126 1367 vel
2159 1311 2398 1366 omnino
2444 1311 2798 1376 dicerentur,
2841 1315 2944 1366 aut
2975 1327 3218 1367 sensum
3277 1312 3556 1383 aliquem,
3591 1318 3692 1370 aut

2043 1399 2278 1470 genium
2314 1399 2522 1455 habere
2544 1399 2972 1469 judicarentur.
3015 1401 3202 1464 Quare
3231 1399 3410 1472 igitur
3439 1402 3693 1459 Trinitas

2043 1488 2116 1544 ab
2150 1488 2315 1545 initio
2365 1505 2479 1544 non
2523 1490 2790 1559 evulgata
2819 1494 2906 1545 est
2949 1503 2964 1544 :
3001 1489 3160 1560 quia,
3193 1489 3693 1560 quemadmodum

2045 1577 2456 1635 laborantibus
2487 1595 2551 1634 ex
2579 1579 2763 1635 oculis
2795 1579 3170 1650 splendidum
3204 1580 3353 1636 lucis
3377 1580 3692 1651 jubar,etsi

2046 1667 2442 1738 salutiferum,
2476 1668 2722 1723 maxime
2765 1669 3006 1724 noxium
3035 1673 3145 1737 est,
3176 1669 3258 1725 ita
3288 1675 3345 1725 et
3376 1671 3694 1728 multorum

2046 1758 2290 1813 deorum
2322 1755 2482 1812 cultu
2516 1757 2814 1813 occaecatis
2846 1757 3016 1814 noxia
3045 1764 3167 1814 erat
3196 1759 3503 1816 Trinitatis
3533 1761 3698 1818 theo-

290 1845 466 1917 logia,
500 1863 567 1901 ac
600 1845 928 1917 perniciosa
981 1845 1195 1900 futura.
1230 1845 1442 1900 Verum
1474 1845 1595 1901 haec
1623 1845 1859 1917 quidem
1922 1846 2021 1901 Dei
2053 1862 2260 1901 amans
2320 1845 2567 1917 scriptor
2603 1847 2845 1916 septimo
2875 1846 3024 1902 libro
3079 1848 3267 1904 tribus
3298 1848 3412 1904 illis
3442 1851 3698 1922 graviter

292 1938 605 2007 pertractat
631 1935 943 2006 capitibus,
973 1950 1100 2005 quzs
1131 1937 1261 2005 post
1290 1938 1517 1990 sextum
1549 1940 1605 1990 et
1624 1935 1967 1991 vicesimum
2008 1934 2212 1991 ordine
2243 1939 2702 2004 consequuntur.

367 2025 446 2082 Τὸ
495 2021 552 2080 δὶ
591 2023 911 2098 τριακοστὸν
959 2022 1106 2095 αὖτῷ
1162 2022 1456 2100 κεφάλαιον
1515 2021 1756 2096 διέξεισιν
1809 2023 1882 2086 ὡς
1915 2025 1943 2079 6

2123 2023 2506 2081 Tricesimum
2555 2039 2688 2082 vero
2726 2031 2898 2098 caput
2941 2029 3329 2100 persequitur,
3361 2033 3426 2084 ut
3471 2030 3699 2100 primus

293 2117 514 2188 πρῶτος
565 2113 788 2185 σεισμὸς
838 2111 1090 2181 θεμέλιος
1139 2117 1217 2184 τῷ
1373 2111 1682 2186 γεγένηται,
1728 2113 1818 2168 καὶ
1878 2113 1939 2167 οὐ

297 2203 468 2276 μόνον
499 2207 616 2264 τοῖς
645 2202 784 2256 κατᾶ
821 2198 1018 2258 Μωσὲα
1066 2203 1351 2278 συνήνεγκε
1411 2203 1538 2257 Θεὸν
1597 2204 1690 2256 τὸν
1733 2202 1940 2274 Πατέρα

293 2291 556 2366 κηρύξας,
596 2289 746 2346 ἀλλὰ
795 2289 885 2345 καὶ
931 2294 1050 2352 τοῖς
1091 2289 1142 2344 ἐν
1191 2294 1260 2363 τῇ
1311 2294 1519 2365 χάριτι.
1574 2290 1662 2361 Ἐξ
1710 2291 1785 2344 ὧν
1838 2291 1941 2366 γὰρ

293 2380 390 2435 τὸν
422 2381 552 2435 Θεὸν
603 2379 815 2452 Πατέρα
860 2383 966 2433 τῶν
1017 2378 1317 2453 ἀνθρώπων
1358 2378 1672 2450 νομίζεσθαι
1722 2376 1944 2448 ἔδωκεν,

290 2467 524 2529 ἕκαστος
572 2468 617 2504 ⁷⁷
674 2472 783 2522 τῶν
836 2466 1073 2542 γνησίως
1130 2467 1578 2542 προσανεχόντων
1649 2471 1763 2539 Θεῷ
1821 2467 1944 2528 Υἱὸς

293 2563 438 2615 Θεοῦ
469 2558 690 2620 εἰκότως
739 2555 972 2630 ἐλέγετοο
1016 2556 1075 2611 ἐκ
1123 2554 1179 2611 δὲ
1225 2555 1421 2612 τούτου
1479 2555 1613 2630 θύρα
1669 2557 1757 2610 καὶ
1817 2554 1942 2618 ὁδὸς

291 2652 371 2722 τῇ
405 2645 496 2701 διὰ
543 2647 736 2721 σαρκὸς
786 2645 1076 2720 οἰκονομίᾳ
1126 2646 1530 2720 ὑπανοίγνυται.
1583 2645 1676 2700 Διὸ
1725 2645 1813 2700 καὶ
1857 2646 1946 2701 τὸν

294 2737 429 2791 Υἱὸν
454 2737 482 2791 6
590 2734 873 2808 κηρύττων
908 2736 1152 2809 σεισμὸς,
1188 2735 1261 2797 ὡς
1311 2731 1420 2805 ἤδη
1478 2736 1741 2804 συνήθους
1782 2731 1948 2804 οὔσης

295 2832 402 2895 τῆς
436 2831 618 2902 φωνῆς
664 2825 755 2879 καὶ
805 2823 892 2880 ἐπὶ
945 2825 1122 2898 ψιλῶν
1179 2823 1479 2898 ἀνθρώπων
1526 2824 1788 2893 τίθεσθαι,
1837 2823 1950 2897 οὐχ

298 2915 449 2969 οὕτω
504 2913 634 2976 τοὺς
692 2912 986 2974 ἀκούοντας
1036 2911 1396 2986 ἐξετάραττεν,
1446 2911 1505 2967 ἐκ
1550 2920 1648 2982 τῆς
1694 2915 1948 2988 χρήσεως

299 3009 403 3073 τῆς
453 3002 682 3077 πρώτης
740 3003 1012 3071 Διαθήκης
1069 2998 1523 3062 καταλεανθὲντας
1588 3003 1685 3064 τὰς
1758 3001 1948 3073 ἀκοὰς,

295 3090 387 3146 καὶ
422 3086 603 3146 οὐκέτι
645 3091 782 3164 πρὸς
818 3091 920 3159 τὴν
973 3089 1157 3168 φωνὴν
1207 3087 1381 3152 σῧτως
1431 3087 1794 3163 ἒμεμήνεσαν,
1845 3091 1950 3145 ὥσ-

295 3199 398 3254 περ
451 3176 745 3252 ἐμαίνοντο
798 3177 879 3247 ἂν,
927 3177 973 3232 εἰ
1030 3178 1107 3251 μῆ
1158 3178 1394 3247 συνήθης
1451 3177 1635 3240 αὐτοῖς
1690 3179 1795 3233 ἀπὸ
1849 3185 1951 3247 τῆς

299 3265 556 3328 Παλαιᾶς
597 3267 830 3343 ἐγεγόνει
873 3267 1170 3336 Διαθήκης.
1217 3268 1418 3338 Ὠσπερ
1479 3265 1534 3321 δὲ
1584 3266 1670 3322 ἐπὶ
1718 3273 1816 3336 τῆς
1861 3288 1954 3322 νο-

2052 2118 2248 2170 motus
2297 2118 2468 2170 terras
2497 2114 2946 2172 fundamentum
2995 2115 3236 2172 alterius
3287 2117 3481 2188 fuerit,
3518 2122 3700 2190 utque

2053 2220 2168 2259 non
2220 2203 2411 2260 solum
2444 2203 2518 2260 iis
2568 2203 2668 2276 qui
2701 2204 2812 2261 sub
2861 2205 3010 2260 Mosa
3049 2205 3338 2274 vixerunt,
3371 2206 3554 2262 Deum
3586 2209 3698 2262 Pa-

2054 2297 2200 2349 trem
2246 2293 2434 2348 1941)
2463 2294 2834 2364 praedicando
2864 2293 3169 2365 profuerit,
3201 2295 3300 2352 sed
3333 2299 3389 2352 et
3419 2295 3520 2368 qui
3548 2299 3698 2352 tem-

2056 2397 2190 2454 pore
2249 2382 2468 2453 gratiis.
2503 2383 2814 2453 Postquam
2861 2383 3017 2438 enim
3066 2383 3256 2439 effecit
3305 2388 3370 2439 ut
3419 2385 3566 2440 Deus
3597 2385 3702 2441 bo-

2056 2471 2279 2527 minum
2329 2471 2494 2526 Pater
2540 2471 2867 2528 crederetur
2911 2487 2925 2527 :
2961 2488 3091 2528 mox
3150 2473 3327 2528 etiam
3362 2473 3701 2544 quicunque

2056 2560 2114 2615 in
2149 2561 2266 2616 Deo
2319 2561 2588 2616 fiduciam
2631 2560 2966 2628 collocaret,
3000 2561 3208 2617 merito
3240 2561 3337 2617 Dei
3387 2561 3567 2618 Filius
3599 2577 3700 2631 ap-

2057 2650 2325 2722 pellatur.
2359 2649 2523 2704 Unde
2582 2650 2864 2720 palel’acta
2899 2650 3104 2719 janua,
3137 2654 3196 2706 et
3232 2651 3324 2705 via
3380 2656 3576 2721 aperta
3613 2654 3703 2706 est

2056 2738 2130 2794 ad
2186 2739 2643 2794 incarnationem
2687 2739 3173 2810 cognoscendam.
3213 2740 3397 2804 Quam
3427 2739 3598 2794 etiam
3629 2737 3702 2794 ob

2058 2845 2294 2885 causam
2351 2829 2492 2883 dum
2547 2828 2756 2885 Filium
2812 2830 3109 2884 secundus
3164 2828 3263 2886 ille
3300 2833 3466 2884 terrai
3511 2832 3704 2884 motus

2060 2917 2398 2990 praedicaret
2417 2918 2594 2989 (quod
2621 2918 2744 2988 jam
2771 2921 3111 2974 consuetum
3144 2922 3298 2974 esset
3329 2917 3480 2974 hanc
3503 2932 3699 2973 vocem

2060 3007 2130 3061 de
2163 3005 2339 3061 meris
2361 3022 2597 3078 quoque
2619 3005 2961 3062 hominibus
2981 3007 3305 3078 usurpare),
3337 3023 3450 3062 non
3478 3005 3561 3062 sic
3591 3021 3696 3060 au-

2061 3096 2275 3151 ditores
2317 3095 2587 3150 turbabat
2636 3095 2844 3166 prioris
2892 3096 3247 3151 Testamenti
3280 3111 3386 3151 usu
3421 3093 3704 3166 mitigatis

2064 3183 2316 3250 auribus,
2352 3188 2414 3240 ut
2454 3200 2568 3239 non
2603 3185 2854 3255 amplius
2887 3184 2971 3238 sic
3009 3183 3166 3239 vocis
3199 3183 3372 3254 hujus
3403 3182 3706 3238 occasione

2065 3273 2467 3343 insaniverint,
2527 3274 3023 3346 quemadmodum
3096 3272 3533 3337 insanivissent,
3593 3269 3708 3326 nisi

300 3360 479 3430 μικῆς
524 3335 807 3418 πολῖτείας
856 3354 921 3409 τὸ
970 3335 1326 3430 κηρύττεσθαι
1371 3335 1462 3409 τὸν
1512 3357 1634 3410 Υἰὸν
1680 3335 1949 3428 λαμπρῶς

2068 3365 2277 3419 usitata
2306 3361 2424 3418 illis
2453 3335 2559 3435 per
2585 3363 2759 3418 Vetus
2788 3364 3226 3418 Testamentum
3259 3376 3384 3417 esse
3414 3335 3705 3432 coepisset.

307 3446 343 3516 ἧ
392 3446 462 3500 τὸ
517 3449 759 3518 Πνεῦμα,
795 3442 865 3499 δι’
913 3443 973 3506 ἃς
1033 3443 1208 3506 αἰτίας
1264 3443 1618 3518 προείπομεν,
1676 3447 1804 3516 [320
1863 3446 1955 3518 Η.]

298 3541 424 3599 τοῖς
465 3531 544 3591 ἔτι
573 3536 672 3600 τὰς
701 3534 870 3596 οὐλὰς
914 3536 1013 3602 τῆς
1054 3533 1327 3589 πολυθὲου
1375 3533 1596 3610 πληγῆς
1643 3534 1695 3590 ὲν
1742 3536 1958 3597 ἑαυτοῖς

305 3625 595 3702 φέρουσιν,
635 3625 765 3698 [620
796 3624 889 3696 8.]
933 3621 1077 3678 οὕτω
1119 3619 1184 3692 δὴ
1225 3624 1313 3678 καὶ
1365 3621 1426 3677 τὸ
1477 3625 1816 3698 σαρκωθῆναι
1869 3625 1962 3698 μὶν

295 3718 398 3773 τὸν
430 3713 648 3791 Πατέρα
678 3716 713 3783 ἤ
739 3716 802 3769 τὸ
836 3717 1072 3786 Πνεῦμα,
1114 3714 1489 3769 συνεσκιάσθαι
1530 3711 1586 3768 δὲ
1632 3716 1720 3770 καὶ
1774 3710 1960 3770 λαϐεῖν

307 3805 479 3884 ἰσχὺν
513 3803 592 3867 εἰς
621 3805 683 3859 τὸ
716 3803 922 3871 λαθεῖν,
963 3803 1022 3857 ὃν
1062 3802 1264 3877 τρόπον
1309 3801 1394 3858 ἐπὶ
1434 3807 1531 3858 τοῦ
1571 3804 1718 3872 Υἰοῦ,
1767 3801 1966 3858 ἀδύνα-

307 3915 406 3951 τον
454 3895 542 3962 ἦν.
598 3893 660 3948 Εἰ
690 3893 792 3969 γὰρ
847 3892 936 3947 καὶ
991 3894 1179 3960 κοινῆς
1238 3887 1404 3962 οὔσης
1456 3891 1546 3947 καὶ
1598 3894 1967 3968 τετριμμένης

305 3994 416 4057 τῆς
452 3989 549 4041 τοῦ
581 3984 708 4039 Υἰοῦ
747 3983 1120 4059 προσηγορίας
1154 3982 1306 4056 ὅμως
1337 3983 1428 4038 τὸν
1473 3984 1595 4038 Υἰὸν
1648 3983 1816 4059 σάρκα
1865 3983 1966 4039 λα-

311 4073 510 4141 ϐόντα,
570 4074 654 4128 ὅτι
693 4077 831 4129 Θεοῦ
879 4075 1003 4128 Υἱὸν
1049 4074 1206 4146 (ὅπερ
1252 4073 1341 4143 ἦν)
1389 4067 1574 4150 ἔλεγεν
1625 4074 1833 4144 ἑαυτὸν,
1881 4075 1971 4128 καὶ

311 4167 602 4242 κρημνοῖς
633 4161 827 4232 ἐξῶσαι
857 4160 946 4216 καί
980 4160 1278 4234 ῥαπίσμασι
1317 4157 1503 4234 βαλεῖν
1552 4161 1600 4198 ⁷⁸
1635 4163 1726 4216 καὶ
1767 4163 1830 4218 τὸ
1886 4183 1972 4217 τε·

314 4254 580 4310 λευταῖον
631 4255 848 4327 σταυρῷ
896 4249 1193 4325 ἀναρτῆσαι
1251 4248 1604 4322 ἐξεμάνησαν,
1655 4253 1707 4305 τί
1759 4250 1855 4306 οὐκ
1912 4251 1972 4306 ἃν

318 4339 594 4412 ἰποίησαν
643 4340 734 4395 καὶ
782 4339 937 4396 αὐτοί
989 4338 1079 4394 καὶ
1120 4341 1172 4394 οἰ
1225 4339 1461 4412 μαθηταὶ
1512 4337 1713 4395 δούλου
1759 4341 1974 4418 μορφὴν

2067 3453 2244 3516 Quem
2275 3451 2430 3506 enim
2465 3451 2536 3506 ad
2573 3451 2809 3507 modum
2859 3450 2968 3505 sub
3003 3451 3127 3522 lege
3173 3449 3300 3505 Filii
3329 3451 3433 3505 aut
3462 3447 3710 3520 Spiritus

2068 3545 2264 3612 aperta
2296 3539 2698 3612 promulgatio,
2759 3539 2831 3596 ob
2897 3557 3011 3606 eas,
3073 3555 3219 3610 quas
3275 3542 3446 3595 antea
3502 3552 3712 3593 causas

2067 3631 2344 3696 diximus,
2380 3629 2552 3685 noxia
2585 3629 2697 3684 fore
2734 3629 3041 3685 videbatur
3069 3627 3164 3694 iis,
3205 3627 3306 3698 qui
3338 3626 3531 3682 adhuc
3561 3626 3710 3680 cica-

2071 3721 2240 3775 trices
2268 3719 2470 3774 inﬂicti
2503 3735 2536 3773 a
2559 3719 2800 3773 deorum
2855 3717 3230 3772 multitudine
3260 3714 3517 3770 vulneris
3550 3728 3711 3784 gere-

2072 3810 2230 3864 bant.
2273 3807 2366 3862 Sic
2409 3810 2563 3861 certe
2611 3806 2835 3862 Patrem
2877 3805 2962 3861 vel
2993 3805 3275 3874 Spiritum
3308 3807 3578 3858 sanctum
3621 3799 3711 3854 in-

2074 3894 2321 3957 carnari,
2356 3893 2678 3963 umbraque
2710 3893 2848 3964 tegi,
2872 3899 2926 3947 et
2957 3891 3172 3948 latendi
3223 3891 3484 3962 accipere
3538 3887 3715 3943 facul-

2073 3986 2253 4039 tatem
2285 3983 2370 4051 (ut
2397 3979 2457 4035 in
2490 3980 2634 4036 Filio
2667 3981 2904 4050 factum)
2928 3979 3292 4053 impossibile
3331 3975 3717 4034 fuisset.Nam

2077 4071 2122 4128 si
2182 4073 2308 4125 tum
2370 4085 2622 4141 quoque,
2657 4085 2790 4125 cum
2843 4069 2973 4125 Filii
3015 4069 3326 4141 appellatio
3385 4063 3720 4123 communis

2079 4165 2254 4229 esset,
2298 4164 2471 4231 atque
2501 4175 2612 4215 usu
2663 4159 2823 4226 trita,
2853 4157 3046 4229 ipsum
3079 4163 3276 4214 tamen
3310 4155 3516 4213 Filium
3550 4169 3723 4210 carne

2080 4251 2355 4306 indutum
2415 4248 2551 4319 quia
2606 4249 2705 4304 Dei
2751 4249 2958 4306 Filium
3019 4248 3200 4319 (quod
3259 4248 3406 4316 erat)
3463 4244 3726 4316 seipsum

2084 4339 2228 4395 dixit
2275 4356 2333 4400 η,
2383 4355 2450 4394 ex
2479 4337 2708 4393 editiori
2740 4337 2862 4395 loco
2917 4337 3292 4409 praecipitare,
3324 4339 3380 4391 et
3425 4333 3608 4404 alapis
3638 4348 3730 4387 ex-

322 4433 591 4508 ὸρῶντες,
643 4430 688 4485 εἰ
746 4431 775 4484 6
826 4430 1122 4505 σαρκωθιίς
1187 4425 1392 4503 ἔλεγεν,
1442 4431 1582 4506 Ἐγώ
1632 4429 1746 4503 εἰμι
1795 4431 1822 4485 ὁ
1868 4436 1949 4486 Πα

2085 4429 2274 4500 cipere
2320 4443 2371 4494 ο,
2411 4444 2476 4482 ac
2507 4428 2743 4483 tandem
2766 4427 2920 4483 cruci
2954 4425 3168 4482 furiose
3203 4425 3435 4497 afﬁgere
3466 4421 3730 4494 aggressi

317 4526 462 4597 τήρ,
493 4520 528 4591 ἢ
559 4520 624 4576 τὸ
657 4523 875 4593 Πνεῦμα
909 4520 971 4575 τὸ
1010 4519 1200 4595 ἅγιον;
1243 4519 1380 4574 ὥστε
1429 4520 1491 4574 τὸ
1535 4524 1636 4574 πᾶν
1681 4522 1780 4589 τῆς
1829 4520 1947 4576 οἰκο

2087 4521 2247 4586 sunt,
2279 4518 2433 4588 quod
2466 4533 2579 4572 non
2627 4515 2899 4573 fecissent
2929 4523 2984 4572 el
3031 4515 3164 4588 ipsi,
3194 4519 3251 4570 et
3279 4511 3576 4584 discipuli,
3609 4511 3728 4582 [so-

323 4609 533 4684 νομίας
589 4612 906 4684 θεοπρεπῶς
961 4629 1020 4664 τε
1074 4609 1164 4664 καὶ
1220 4609 1353 4681 ὓπερ
1413 4608 1575 4684 λόγον
1630 4610 1719 4664 καὶ
1776 4605 1949 4665 avom

333 4699 360 4716 ε.
734 4697 783 4716 ι..
989 4698 1002 4715 ς
1099 4699 1112 4715 ς
1253 4701 1279 4712 ν
1377 4698 1389 4716 .
1430 4699 1454 4716 η
1517 4699 1528 4716 ι
1907 4697 1918 4716 .

2088 4607 2226 4678 lam]
2258 4604 2408 4662 servi
2438 4604 2697 4662 videntes
2727 4603 3062 4671 formam,si
3093 4602 3436 4659 incarnatus
3460 4598 3728 4655 dixisset:

2105 4698 2159 4716 n,
2186 4712 2202 4716 -
2242 4711 2349 4716 -----,
2424 4697 2580 4716 ,ιι-ι---
2629 4693 2712 4716 ---1
2762 4693 2998 4716 (κη-μη-.-
3061 4698 3316 4716 --..--ι-.-ι›
3347 4691 3493 4716 121......
3528 4687 3706 4716 ,ιε-,ξηε

329 4697 848 4774 διεπραγματεόθη,
915 4698 1004 4752 καί
1052 4699 1153 4766 τῆν
1213 4701 1319 4753 τῶν
1364 4698 1660 4774 ἀνθρώπων
1711 4697 1949 4772 σωτηρία

2094 4698 2205 4766 Ego
2234 4711 2354 4751 sum
2412 4697 2599 4761 Pater,
2629 4693 2716 4750 vel
2759 4693 2999 4765 Spiritus
3054 4698 3316 4748 sanctus?
3347 4691 3495 4760 Ergo
3527 4687 3735 4744 divini-

326 4787 732 4862 ἀπειργάσατο.

2094 4797 2199 4854 tus,
2231 4791 2289 4843 et
2317 4803 2494 4858 supra
2525 4801 2703 4857 quam
2735 4786 2848 4841 dici
2879 4800 2944 4842 ac
2974 4784 3214 4856 cogitari
3240 4782 3444 4855 possit,
3467 4779 3738 4836 universa

2099 4879 2303 4935 mundi
2341 4877 2682 4950 gubernatio
2712 4893 2830 4933 una
2860 4893 2993 4932 cum
3025 4874 3332 4931 hominum
3367 4871 3556 4928 salute
3604 4884 3736 4940 pro-

2099 4973 2302 5025 curata
2331 4971 2438 5025 est.

2173 5061 2445 5114 Attamen
2476 5072 2609 5112 mox
2639 5055 2712 5112 ab
2740 5055 2905 5111 initio
2938 5054 3185 5110 Verbum
3217 5051 3586 5108 incarnatum
3627 5061 3742 5102 non

2105 5152 2214 5214 est,
2248 5161 2381 5202 cum
2441 5144 2572 5201 aliis
2620 5146 2693 5200 de
2748 5143 2967 5214 causis,
2999 5147 3120 5198 tum
3184 5140 3401 5197 idcirco
3432 5137 3589 5209 quod
3629 5151 3746 5191 non

2106 5239 2394 5306 oporteret
2423 5234 2617 5290 statim
2651 5232 2970 5290 maximum
3013 5231 3503 5288 medicamentum
3538 5222 3751 5283 morbi-

414 5054 547 5111 Κατ’
587 5052 767 5129 ἀρχὰς
809 5053 994 5128 μέντοι
1025 5055 1053 5110 6
1095 5053 1270 5130 Λόγος
1317 5053 1380 5110 οὗ
1429 5054 1761 5128 σεσάρκωται
1805 5056 1895 5110 καί
1944 5052 1992 5110 δ’

334 5142 525 5206 ἄλλας
577 5144 672 5218 μὶν
724 5144 927 5214 αἰτίας,
964 5145 1053 5200 καὶ
1107 5141 1246 5200 διότι
1296 5143 1396 5201 οὐκ
1442 5143 1550 5201 ἔδει
1582 5142 1738 5207 εὸθὺς
1785 5146 1844 5200 τὸ
1897 5144 1994 5218 μέ-

335 5254 536 5312 γιστον
593 5236 703 5289 τῶν
762 5234 1061 5311 φαρμάκων
1113 5241 1231 5297 τοῖς
1303 5239 1522 5291 νοσοῦσι
1591 5239 1996 5312 προσενεγκεῖν,

419 5415 458 5455 π
490 5397 629 5456 Luc.
663 5413 742 5470 iv,
773 5399 862 5455 29.
894 5413 925 5456 ο
957 5399 1130 5457 Marc.
1161 5415 1280 5470 xiv,
1311 5401 1415 5469 65;
1448 5399 1616 5458 Jean.
1637 5415 1752 5470 xix,
1786 5398 1838 5454 3.

1709 5567 1956 5627 VARIE
1999 5567 2305 5626 LECTION
2312 5568 2408 5624 ES.

430 5726 472 5766 ⁷⁷
507 5724 725 5784 ἕκαστον
761 5725 845 5803 ς’.
922 5727 965 5765 ⁷⁸
999 5725 1184 5804 βαλεῖν
1217 5745 1366 5787 corr.
1399 5732 1482 5787 A:
1517 5725 1705 5788 λαϐεῖν
