4184 6212
497 359 608 420 783

1690 360 1956 421 ΡΗΟΤΙῘ
2000 362 2523 425 ΡᾹΤΒῙΑΗΟΗᾹΞ
2568 366 2685 426 CP.

3770 374 3890 433 784

492 498 583 554 dis
610 499 835 566 aﬁ‘erre,
858 499 958 554 sed
1008 513 1135 568 qum
1173 495 1288 552 vim
1341 495 1621 552 haberent
1652 494 1935 567 paulatim
1968 511 2131 551 mor-

2245 494 2389 551 ἀλλά
2438 496 2504 551 τά
2560 496 2644 551 ἐπ’
2699 492 2927 553 ἔλαττον
2996 497 3237 555 ἐλαύνειν
3288 501 3388 569 τὴν
3455 502 3614 557 νόσον
3663 499 3896 575 δύναμιν

492 587 634 642 bum
668 587 958 658 abigendi.
994 586 1073 641 Ad
1108 586 1248 653 haec,
1272 585 1343 641 ab
1373 584 1541 641 initio
1567 584 1827 641 Verbum
1860 584 2130 640 incarna-

491 681 760 744 tum,non
793 676 963 730 modo
987 682 1265 747 quantam
1298 674 1355 729 in
1390 674 1504 729 fine
1523 673 2128 745 temporum,adventu

488 779 589 820 suo
623 764 936 819 utilitatem
972 764 1135 835 [non]
1163 763 1521 835 praebuisset,
1554 765 1653 819 sed
1688 763 2133 819 incitamentum

487 854 684 926 potius
709 852 1031 909 idololatria
1053 852 1127 908 ad
1150 852 1734 924 erroremjudicatum
1754 852 2133 908 fuisset.Nam

486 944 558 1010 si,
581 960 713 1000 cum
736 943 917 999 Graeci
950 960 1144 999 rerum
1178 944 1525 1015 potirentur,
1556 943 1853 999 similibus
1874 942 2132 999 aﬂ‘ectio-

485 1034 661 1089 nibus
713 1032 994 1088 obnoxios
1027 1033 1293 1088 homines
1326 1038 1443 1088 tam
1488 1032 1661 1087 facile
1692 1032 1751 1088 in
1793 1032 1891 1087 Dei
1926 1032 2131 1087 evehe-

484 1122 625 1178 bant
682 1122 1051 1193 dignitatem,
1084 1122 1370 1192 quomodo
1416 1121 1665 1177 scientes
1698 1122 1756 1176 in
1789 1136 1961 1176 carne
1992 1124 2130 1175 Ver-

486 1213 627 1269 bum
660 1228 967 1283 apparens,
1008 1215 1287 1283 tanquam
1319 1211 1503 1267 Deum
1537 1210 1836 1277 celebrari,
1868 1226 1984 1266 non
2016 1214 2130 1265 sta-

484 1300 590 1358 tim
623 1301 758 1356 inde
789 1300 1062 1357 lictorum
1098 1317 1129 1355 a
1161 1316 1222 1357 se
1262 1301 1503 1356 deorum
1559 1298 1821 1370 exempla
1852 1302 2131 1370 peterent,

484 1390 694 1461 iisque,
731 1390 829 1461 qui
860 1393 1212 1446 conarentur
1243 1390 1313 1445 ab
1334 1388 1444 1445 hoc
1482 1404 1678 1444 errore
1709 1387 1981 1454 avellere,
2017 1403 2135 1443 non

481 1478 926 1550 promptissime
955 1478 1387 1549 exprobrarent,
1422 1476 1551 1533 illos
1583 1477 1763 1549 ipsos,
1797 1476 1898 1548 qui
1938 1491 2135 1548 repre—

482 1570 806 1626 henderent
862 1570 1160 1626 hominem
1202 1585 1363 1641 aeque
1415 1584 1517 1639 pro
1557 1568 1673 1624 Deo
1706 1567 2016 1639 praedicare
2064 1582 2130 1623 ac

481 1663 763 1720 venerari.
798 1667 1113 1735 PrOpterea
1143 1662 1300 1717 enim
1341 1678 1453 1733 quo
1486 1666 1748 1733 tempore
1776 1662 1959 1717 Graeci
1988 1661 2127 1716 deos

482 1752 855 1817 fabricarent,
880 1751 1075 1808 195a
1121 1750 1312 1807 Patris
1339 1766 1569 1823 quoque
1592 1751 1783 1806 unitas
1816 1749 2126 1823 praedicata

2240 583 2456 660 ἔχοντα.
2490 587 2610 642 Ἔτι
2642 584 2699 641 δὲ
2745 586 2835 643 καὶ
2881 590 2964 643 δτι
3004 590 3119 643 κατ’
3169 588 3344 663 ἀρχὰς
3395 592 3690 662 σαρκωθεῖς
3724 592 3752 645 6
3784 592 3897 646 Λό-

2240 695 2338 746 γος
2372 673 2432 727 ού
2468 675 2627 745 μόνον
2647 676 2692 711 ⁷9
2722 681 2979 750 παρεῖχεν
3015 676 3136 746 ἴσην
3166 676 3344 749 ὥσπερ
3388 678 3477 732 ἐπὶ
3515 679 3663 734 τέλει
3713 699 3896 748 παρα.

2237 765 2480 837 γεγονὼς
2512 765 2610 833 την
2639 764 2928 841 ὠφέλειαν,
2962 764 3108 820 ἀλλὰ
3150 767 3240 820 καὶ
3288 768 3642 842 παράκλησις
3676 767 3897 841 μᾶλλον

2236 857 2353 912 τοῖς
2385 850 2855 929 εἶδωλολατροῧσι
2885 855 3021 929 πρὸς
3059 858 3159 925 τήν
3203 856 3416 927 πλάνην
3466 856 3777 929 ἐνομίζετο.
3828 857 3899 913 Εἴ

2236 942 2362 1015 γάρ,
2396 942 2485 997 ὅτε
2516 941 2703 1005 παῖδες
2746 943 3029 1015 Ἑλλήνων
3078 944 3274 1015 ἐπέστη
3327 947 3397 1013 ⁸ο,
3446 946 3574 1007 τοὺς
3615 948 3898 1019 ὁμοιοπά-

2237 1033 2347 1093 θεῖς
2377 1032 2703 1105 ἀνθρώπους
2752 1034 2827 1095 εἷς
2878 1034 2941 1089 τὸ
2989 1038 3087 1089 τοῦ
3136 1038 3272 1090 Θεοῦ
3312 1032 3511 1109 ῥᾳδίως
3566 1031 3894 1105 ἀνεϐίϐαζον

2235 1120 2470 1194 ἀξίωμα,
2501 1126 2608 1175 τῶν
2650 1124 2735 1192 ἂν,
2768 1122 2968 1185 εἰδότες
3001 1125 3158 1198 σαρκὶ
3189 1125 3279 1178 τὸν
3332 1126 3509 1199 Λόγον
3558 1126 3892 1204 φαινόμενον

2234 1210 2324 1263 καὶ
2347 1211 2473 1265 Θεὸν
2528 1211 2892 1284 ὑμνούμενον,
2938 1214 3071 1287 οὐχὶ
3118 1217 3225 1268 τῶν
3273 1216 3399 1287 παρ’
3448 1214 3633 1275 αὐτοῖς
3681 1214 3900 1269 πεπλα-

2236 1298 2449 1371 σμένων
2516 1301 2649 1354 θεῶν
2708 1301 2904 1356 ἐκεῖθεν
2964 1301 3147 1357 εἷλκον
3191 1303 3261 1357 τά
3301 1299 3735 1378 παραδείγματα,
3798 1305 3896 1358 καὶ

2232 1386 2360 1453 τοὺς
2386 1387 2691 1459 μέλλοντας
2723 1390 2919 1451 αὐτοὺς
2949 1397 3049 1460 τῆς
3080 1390 3296 1461 πλάνης
3340 1391 3585 1461 ἀποσπᾷν
3640 1391 3896 1467 εὐχερῶς

2236 1478 2338 1533 οὐκ
2395 1477 2455 1532 ἂν
2515 1478 2918 1551 ἀντωνείδιςον,
2988 1481 3274 1555 ἄνθρωπον
3332 1481 3423 1534 καὶ
3504 1480 3702 1543 αὐτοὺς
3758 1483 3897 1535 τοὺς

2273 1568 2286 1587 ν
2447 1569 2464 1601 1
2848 1572 2862 1593 ρ
2974 1576 2998 1587 -ο
3164 1572 3180 1591 \
3647 1574 3660 1589 ι
3796 1576 3826 1587 ο

2236 1591 2592 1643 αιτιωμενους
2648 1571 3025 1645 Θεόντευμνειν
3090 1594 3181 1627 και
3238 1568 3505 1641 σέϐεσθαι,
3574 1581 3670 1628 Δια
3726 1593 3897 1627 τουτο

2234 1660 2335 1733 γὰρ
2373 1659 2495 1715 τότε
2523 1666 2631 1715 τῶν
2661 1660 2949 1732 Ἑλλήνων
2976 1662 3298 1737 ἀνθρώπους
3339 1661 3739 1717 θεοποιούντων
3798 1662 3897 1716 καὶ

2235 1750 2269 1816 ἡ
2302 1752 2399 1803 τοῦ
2433 1750 2641 1825 Πατρὸς
2676 1750 2842 1823 μονάς
2890 1749 3217 1826 ἐκηρύττετο
3266 1753 3335 1812 ⁸ί.
3376 1750 3588 1808 Ούκοῦν
3644 1745 3750 1806 ἔδει
3792 1752 3895 1825 μὶν

483 1849 591 1900 est.
627 1843 732 1915 [Ne
780 1844 918 1899 item
955 1843 1255 1900 dicerent:
1289 1843 1349 1899 Si
1390 1842 1737 1911 distulisset,
1771 1842 1896 1898 suis
1954 1857 2017 1897 se
2054 1841 2135 1896 vi-

2244 1838 2416 1894 ἒκεῖνα
2480 1846 2697 1915 πρῶνον
2772 1841 3047 1915 [ἀργῆσαι,
3117 1838 3246 1914 ἔδει]
3314 1844 3727 1917 καταργηθῂαι
3804 1839 3897 1896 διὰ

482 1936 646 1991 ribus
680 1934 994 1990 humanum
1027 1950 1211 2005 genus
1251 1933 1474 1989 salvare
1504 1932 1813 2004 potuisset,
1847 1936 2018 2003 atque
2052 1931 2130 1986 ita

482 2040 715 2079 summa
773 2023 961 2095 gratia
1008 2023 1217 2079 fuisset
1268 2023 1513 2095 ingratis
1567 2038 1865 2078 summum
1916 2020 2129 2092 ingrati

487 2112 919 2168 animivitium.
954 2111 1073 2167 Etsi
1117 2111 1265 2167 nihil
1305 2112 1479 2167 etiam
1514 2111 1585 2167 ab
1616 2110 1781 2165 initio
1829 2109 2128 2177 vetuisset,

486 2198 697 2255 salutis
754 2199 881 2255 loco
928 2200 1364 2256 contentionum
1420 2202 1681 2255 amantes
1726 2199 2013 2264 homines,
2046 2197 2131 2255 sio

490 2304 726 2344 rursum
762 2288 1031 2344 dubitare
1065 2304 1078 2343 :
1129 2289 1241 2343 Cur
1272 2303 1386 2343 non
1435 2287 1493 2343 in
1525 2288 1661 2355 ﬁne,
1693 2288 1791 2343 sed
1824 2287 1882 2343 in
1924 2286 2135 2358 princi-

485 2378 582 2447 pio
630 2395 642 2433 :
687 2384 805 2444 aut,
841 2394 946 2434 cur
975 2394 1089 2434 non
1122 2377 1179 2433 in
1220 2378 1409 2433 medio
1440 2382 1770 2449 temporum
1802 2393 1999 2446 cursu,
2032 2376 2133 2432 sed

487 2467 546 2523 in
600 2466 885 2539 principio
936 2467 1192 2523 Verbum
1242 2467 1610 2522 incarnatum
1669 2466 1805 2522 est?
1845 2466 1924 2520 ita
1962 2466 2020 2520 in
2072 2481 2135 2521 se

491 2561 698 2612 mutuo
740 2557 1091 2627 questiones
1123 2558 1449 2612 secundum
1482 2555 1769 2627 triplicem
1802 2561 2133 2628 temporum

491 2646 873 2701 differentiam
939 2646 1326 2717 torquentes.]
1382 2646 1697 2717 Oportebat
1761 2645 1959 2717 itaque
2027 2644 2137 2715 pri-

494 2751 657 2790 mum
717 2734 820 2790 illa
863 2736 1147 2803 evacuari,
1189 2740 1247 2791 et
1295 2752 1359 2790 ea
1407 2734 1642 2804 quidem
1703 2735 2133 2806 pradicatione,

495 2842 623 2897 quae
655 2825 876 2880 Patrem
898 2824 1086 2881 solum
1118 2826 1487 2881 annuntiaret
1516 2842 1528 2879 :
1554 2825 1878 2896 deindeque
1910 2826 2138 2881 deorum

495 2914 958 2985 efﬁngendorum
1009 2929 1202 2970 errore
1241 2930 1271 2969 e
1316 2914 1595 2971 memoria
1642 2913 1889 2981 sublato,
1934 2930 2138 2970 verum

2240 1933 2337 1984 τοῦ
2386 1928 2763 2004 κηρύγματος,
2796 1932 2824 1984 ’ὁ
2870 1931 2959 1985 τὸν
3006 1930 3218 2005 Πατέρα
3267 1930 3432 2004 μόνον
3482 1928 3893 2007 κατήγγελλεν⁹

2241 2020 2333 2073 εἶθ’
2365 2020 2507 2074 οὕτω
2556 2019 2700 2093 λήθῃ
2754 2018 3002 2090 δοθείσης
3055 2028 3156 2089 τῆς
3206 2022 3462 2075 θεοποιοῦ
3528 2018 3745 2090 πλάνης
3798 2023 3895 2075 τὸν

2239 2107 2420 2177 ἀληθῆ
2474 2109 2601 2163 Θεὸν
2651 2108 2704 2163 ἐν
2749 2110 2905 2182 σαρκὶ
2955 2110 3348 2187 φανερωθῆναι.
3401 2108 3559 2167 Οὕτω
3610 2109 3705 2179 μὲν
3734 2108 3836 2163 οὗν
3867 2110 3896 2163 6

2243 2194 2406 2271 λόγος
2432 2201 2532 2262 τῆς
2562 2197 2642 2253 ἐπ’
2693 2196 2928 2275 ἐσχάτου
2972 2203 3081 2253 τῶν
3122 2200 3347 2271 ἡμερῶν
3384 2195 3481 2252 τοῦ
3523 2198 3704 2270 Λόγου
3753 2218 3897 2270 σαρ-

2240 2284 2477 2349 κώσεως.
2540 2287 2643 2342 Καὶ
2692 2288 2932 2360 καθάπερ
2979 2288 3007 2341 6
3056 2292 3276 2362 πρῶτος
3347 2287 3567 2359 σεισμὸς
3630 2283 3719 2339 διὰ
3776 2291 3895 2340 τῶν

2244 2374 2498 2429 ἐναντίων
2560 2375 2745 2430 ἰάσατο
2802 2377 2864 2430 τὸ
2933 2376 3202 2430 πολύθεον
3281 2373 3719 2449 ἐπικρυψάμενος
3780 2379 3892 2429 τῶν

2245 2464 2591 2519 ὑποστάσεων
2643 2465 2703 2518 τὸ
2761 2463 3040 2538 διάφορον,
3100 2464 3243 2518 οὕτω
3288 2465 3335 2500 ³³
3380 2463 3471 2518 καὶ
3518 2463 3569 2517 ἐν
3632 2462 3895 2537 ἐσχάτοις

2243 2559 2474 2629 καιροῖς,
2508 2560 2607 2622 τῆς
2638 2550 2948 2623 Ἰουδαϊκῆς
2980 2551 3140 2623 δόξης
3173 2552 3248 2614 εἰς
3279 2550 3332 2607 ’ἑν
3382 2552 3678 2626 πρόσωπον
3729 2552 3894 2625 νόμῳ

2242 2644 2331 2697 καὶ
2388 2644 2575 2717 χρόνῳ
2631 2641 3013 2717 κρατυνθείσης
3070 2643 3160 2697 καί
3207 2642 3571 2718 περιελούσης
3620 2642 3684 2695 τὸ
3717 2642 3896 2697 πολύ-

2245 2733 2385 2802 θεον,
2420 2733 2447 2785 ὁ
2480 2732 2602 2793 Υἱὸς
2644 2735 2935 2801 τηνικαῦτα
2983 2733 3305 2806 θεοπρεπῶς
3350 2752 3407 2786 τε
3453 2732 3541 2786 καὶ
3579 2729 3898 2805 φιλανθρώ-

2246 2844 2363 2884 πως
2386 2821 2473 2876 καῖ
2524 2821 2693 2895 σάρκα
2736 2818 3001 2895 λαμϐάνει
3058 2822 3149 2877 καὶ
3205 2823 3267 2877 τὸ
3321 2828 3423 2891 τῆς
3480 2818 3718 2895 Τριάδος
3756 2822 3899 2875 κατά

2252 2913 2444 2986 μικρὸν
2476 2911 2838 2965 ἀνακαλύπτει
2874 2912 3172 2984 μυστήριον
3184 2953 3197 2967 .

496 3005 676 3059 Deum
708 3003 767 3058 in
798 3019 972 3058 carne
996 3002 1379 3059 maniiestari.
1409 3004 1501 3058 Sic
1533 3002 1709 3073 igitur
1734 3019 1796 3058 se
1828 3003 1999 3059 habet
2023 3003 2145 3058 hzec
2176 3003 2247 3059 de
2277 3002 2447 3058 Verbi
2482 3002 2539 3057 in
2576 3002 2859 3072 temporis
2889 3001 3249 3072 plenitudine
3283 3000 3686 3056 incarnatione
3722 3002 3900 3057 ratio-

492 3091 729 3147 cinatio.
764 3092 834 3146 Et
862 3093 1357 3162 quemadmodum
1393 3092 1617 3163 primus
1671 3091 1769 3147 ille
1800 3095 2165 3148 terraemotus
2207 3109 2309 3164 per
2338 3092 2657 3147 contrarias
2690 3093 2944 3147 rationes
2977 3092 3217 3146 dcorum
3261 3089 3621 3146 multitudini
3655 3091 3905 3146 medici-

492 3196 627 3235 nam
660 3180 814 3248 fecit,
840 3180 980 3234 dum
1013 3197 1393 3251 personarum
1427 3181 1739 3237 discrimen
1771 3182 1935 3247 texit,
1974 3182 2056 3237 ita
2086 3180 2144 3236 in
2179 3181 2515 3238 novissimis
2546 3197 2773 3252 quoque
2812 3180 3173 3251 temporibus
3203 3196 3337 3235 cum
3376 3178 3627 3235 Judaica
3677 3179 3899 3249 opinio,

490 3270 552 3323 in
585 3285 761 3323 unam
794 3284 1100 3338 personam
1132 3269 1258 3340 lege
1285 3287 1350 3325 ac
1382 3276 1640 3341 tempore
1671 3271 2059 3337 corroborata,
2093 3270 2325 3325 deorum
2359 3269 2789 3325 multitudinem
2824 3268 3207 3340 proﬂigasset,
3240 3272 3295 3324 et
3322 3268 3600 3325 divinitus
3630 3271 3780 3323 tunc
3803 3268 3901 3324 Dei

489 3356 668 3412 Filius
698 3372 763 3412 ac
794 3356 1045 3428 benigne
1067 3374 1300 3413 carnem
1331 3358 1671 3429 assumpsit,
1705 3363 1761 3414 et
1790 3358 2088 3414 Trinitatis
2120 3360 2462 3431 mysterium
2498 3357 2780 3430 paulatim
2812 3359 3045 3414 detexit.

559 3449 648 3503 31.
700 3448 877 3502 Addit
933 3448 1061 3504 istis
1115 3448 1411 3519 sapienter
1466 3448 1704 3504 omnino
1754 3448 2130 3517 Salvatorem,
2164 3450 2206 3517 C

492 3537 683 3592 verbis
712 3536 949 3608 quidem
982 3536 1298 3593 humilibus
1314 3537 1881 3605 utendo,divinitatis
1901 3539 2144 3593 abscon-

495 3625 654 3681 disse
683 3626 937 3694 radium,
970 3628 1069 3683 sed
1104 3643 1203 3697 per
1224 3627 1381 3681 illius
1410 3643 1579 3697 Opera
1601 3627 1877 3693 etl‘ecisse,
1910 3632 1974 3682 ut
2016 3644 2144 3682 om-

497 3715 817 3786 nipotentis
858 3715 1093 3771 virtutis
1126 3717 1403 3787 majestas
1442 3716 1756 3789 effulgeret,
1787 3733 1852 3771 ac
1881 3732 1981 3787 per
2026 3717 2143 3772 haec

496 3804 698 3858 eadem
740 3805 1039 3875 praedicari
1089 3806 1403 3860 videretur.
1439 3808 1617 3876 Atque
1647 3806 1783 3859 hinc
1812 3804 2008 3873 etiam,
2042 3806 2141 3876 ait,

502 3893 773 3948 dicebat:
812 3894 981 3950 Verba
1040 3911 1159 3966 quae
1190 3911 1290 3963 ego
1341 3896 1559 3965 loquor,
1594 3912 1627 3949 τι
1655 3898 1859 3966 meipso
1912 3912 2022 3949 non
2057 3894 2142 3949 lo-

503 3998 676 4053 quor;
706 3984 870 4040 Pater
898 3994 1083 4041 autem
1112 3988 1172 4039 in
1203 4002 1288 4040 me
1314 4001 1562 4051 manens,
1589 3988 1707 4056 ipse
1718 3986 1857 4057 fecit
1891 4001 2055 4055 opera
2082 4003 2139 4056 ρ.

496 4071 717 4129 Credite
744 4074 887 4128 mihi
927 4074 1058 4145 (56),
1092 4076 1223 4145 quia
1252 4092 1347 4143 ego
1380 4077 1437 4130 in
1467 4078 1651 4140 Patre,
1685 4080 1735 4131 et
1766 4076 1931 4129 Pater
1962 4076 2019 4129 in
2054 4091 2140 4131 me

494 4169 572 4215 est
602 4178 621 4215 .'
650 4162 897 4233 alioquin
929 4172 1157 4235 propter
1184 4180 1347 4234 opera
1378 4167 1499 4234 ipsa
1530 4163 1917 4219 credite.Duas
1950 4170 2138 4219 autem

493 4248 601 4304 has
648 4250 719 4305 ob
773 4266 981 4307 causas
1031 4252 1337 4309 verborum
1398 4252 1791 4309 humilitatem
1825 4251 2134 4312 adhibuit;

491 4338 751 4407 primum
790 4340 1027 4409 quidem
1060 4341 1130 4395 ad
1181 4342 1512 4397 Iudaeorum
1545 4342 2012 4397 effervescentem
2046 4341 2139 4397 in-

494 4423 710 4479 vidiam
743 4426 1162 4497 mitigandam;
1206 4428 1415 4484 deinde
1444 4446 1574 4485 vero
1607 4434 1672 4484 ut
1703 4430 1871 4485 nobis
1904 4445 2137 4501 quoque

489 4512 827 4570 humilitatis
856 4517 1188 4588 exemplum
1235 4518 1489 4587 ipsomet
1548 4519 1697 4573 facto
1747 4519 2133 4590 exprimeret;

2318 3446 2539 3522 Ἐπάγει
2573 3445 2631 3501 δὲ
2653 3446 2869 3507 τούτοις
2901 3446 2973 3508 ὡς
3002 3446 3293 3521 πανσὸφως
3328 3448 3354 3499 ὁ
3390 3446 3589 3519 Σωτὴρ
3638 3451 3757 3507 τοῖς
3811 3447 3901 3519 μὶν

2255 3536 2489 3611 ῥήμασιν
2524 3534 2995 3610 ἐταπεινολογεῖτο
3035 3536 3126 3590 καὶ
3173 3536 3274 3604 τήν
3322 3541 3423 3604 τῆς
3470 3536 3732 3605 θεότητος
3784 3555 3898 3589 συν-

2252 3624 2501 3683 ἕστελλεν
2530 3625 2726 3700 αὐγὴν,
2757 3630 2873 3687 τοῖς
2916 3623 3098 3702 ἔργοις
3146 3622 3203 3679 δὶ
3244 3626 3445 3693 ταύτην
3494 3623 3542 3660 ⁸³
3572 3626 3897 3697 παρεσκεύα-

2254 3720 2338 3784 ζεν
2377 3715 2722 3789 ἀστράπτειν,
2769 3715 2858 3768 καὶ
2917 3712 2987 3768 δι’
3038 3713 3216 3768 αὐτῶν
3268 3711 3478 3768 εὐδόκει
3530 3715 3575 3749 ⁸⁸
3628 3712 3897 3785 κηρύττε-

2254 3807 2371 3858 σθαι
2434 3808 2534 3868 τῆς
2590 3810 3094 3879 παντοκρατορικῆς
3151 3801 3435 3875 δυνάμεως
3496 3804 3614 3871 [321
3680 3805 3772 3875 Η.]
3837 3802 3895 3855 τὸ

2251 3893 2482 3965 ἀξίωμα.
2517 3893 2609 3946 Διὸ
2640 3893 2729 3946 καὶ
2779 3888 2956 3965 ἔλεγε,
3004 3891 3082 3947 Τά
3132 3890 3350 3965 ῥήματα
3397 3893 3442 3926 ⁸⁵
3489 3890 3521 3943 ἃ
3561 3888 3667 3963 ἐγὼ
3719 3889 3893 3957 λαλῶ,

2251 3982 2342 4036 ἀπ’
2400 3982 2636 4054 ἐμαυτοῦ
2691 3982 2753 4036 οὐ
2813 3980 2992 4036 λαλῶ·
3052 3984 3080 4035 ὁ
3130 3980 3188 4035 δὲ
3221 3979 3547 4055 Πατῆρὸἒν
3604 3980 3733 4052 ἐμοὶ
3794 3981 3891 4052 μὲ-

2247 4092 2353 4125 νων
2407 4070 2566 4133 αὐτὸς
2618 4076 2765 4125 ποιεῖ
2818 4070 2886 4125 τά
2935 4068 3084 4146 ἔργα.
3148 4070 3435 4124 Πιστεύετέ
3496 4090 3591 4141 μοι
3649 4068 3735 4123 ὅτι
3794 4066 3891 4140 ἐγὼ

2249 4158 2300 4213 ἐν
2332 4163 2410 4230 τῷ
2463 4159 2630 4231 Πατρὶ
2663 4160 2785 4231 [621
2823 4160 2914 4230 3.]
2967 4158 3057 4211 καὶ
3116 4158 3143 4210 6
3191 4159 3373 4230 Πατήρ
3424 4156 3476 4212 ὲν
3528 4155 3675 4230 ἐμοί.
3729 4158 3791 4212 Εἰ
3840 4151 3892 4207 δὲ

2250 4251 2350 4322 μὴ,
2410 4246 2500 4303 διά
2553 4248 2619 4303 τά
2676 4245 2807 4323 ἔργα
2863 4246 2997 4303 αὕτα
3062 4247 3339 4302 πιστεύετὲ
3385 4268 3499 4319 μοι.
3555 4248 3654 4301 Διά
3703 4244 3797 4300 δύο
3840 4242 3892 4298 δὲ

2245 4339 2442 4400 ταύτας
2498 4338 2673 4399 αἰτίας
2726 4338 2788 4392 τὸ
2836 4338 3085 4392 ταπεινὸν
3128 4341 3236 4392 τῶν
3290 4337 3553 4411 ῥημάτων
3588 4337 3888 4409 ὑπήρχετο⁸

2249 4428 2375 4498 μίαν
2430 4428 2545 4499 μὲν,
2598 4427 2691 4481 τὸν
2748 4425 2936 4503 φθόνον
2997 4430 3104 4481 τῶν
3166 4423 3447 4483 Ἰουδαίων
3504 4423 3888 4500 καταπραῦνων

2244 4514 2671 4591 φλεγμαίνοντα·
2756 4512 3005 4591 δευτέραν
3060 4512 3137 4584 δὲ,
3190 4516 3280 4569 καὶ
3332 4516 3466 4586 ἡμῖν
3532 4511 3891 4588 ὑπογραμμὸν

489 4604 660 4658 tertio
691 4604 895 4673 etiam,
931 4607 1071 4679 quia
1102 4609 1409 4664 verborum
1449 4608 1727 4678 splendor
1757 4624 1871 4663 non
1895 4609 2134 4664 omnino

2244 4604 2742 4683 ταπεινοφροσύνης
2792 4600 2937 4678 ἔργῳ
2996 4601 3289 4658 διατυπῶψ
3334 4604 3423 4657 καὶ
3474 4604 3691 4679 τρίτην,
3745 4601 3888 4667 δτιὴ

490 4693 743 4749 actiones
772 4694 947 4751 simul
979 4696 1231 4753 emicare
1259 4697 1412 4765 facit,
1447 4712 1577 4753 cum
1622 4701 1813 4753 tamen
1864 4702 2136 4753 naturam

558 4825 593 4881 ρ
624 4808 794 4865 Joan.
827 4826 940 4879 xiv,
976 4812 1062 4868 10.

2245 4700 2351 4749 τῶν
2414 4695 2676 4768 ῥημάτων
2734 4694 3061 4770 λαμπρότης
3121 4691 3181 4748 ού
3230 4693 3448 4756 πάντως
3514 4697 3663 4747 ποιεῖ
3725 4690 3892 4760 συνεξ-

1842 4910 2085 4966 νΛΗΙίΕ
2126 4910 2531 4967 LECTIONES.

558 5014 603 5049 ’³ο
632 5012 693 5068 ού
729 5014 911 5087 μόνον)
942 5014 1181 5072 alteram
1217 5015 1581 5087 negationem
1650 5015 1811 5087 addit
1856 5016 2152 5087 Schottus.

1241 5080 1329 5139 καὶ
1375 5084 1466 5139 ’ίνα
1522 5087 1595 5159 μή
1650 5083 1880 5160 λέγοιεν,
1932 5085 1977 5139 εἲ
2034 5085 2322 5175 ἀὲἐμξινεν,
2384 5086 2513 5141 αὐτὸ
2552 5080 2629 5139 ⁷ἂν
2691 5088 2847 5140 ἑαυτὸ
2885 5080 2982 5175 Ιἰδ’
3026 5080 3747 5173 ἀνθρώπινον’ἀνερώσατο,
3806 5080 3888 5167 καὶ

1254 5156 1263 5171 θ
1460 5162 1482 5173 ν
1570 5158 1583 5175 Ἰ
1684 5158 1695 5175 1
1932 5159 1946 5175 ο
2141 5160 2158 5175 \
2260 5158 2273 5175 Ι
2443 5160 2453 5173 Ἴ
2672 5162 2681 5174 ο
2801 5160 2813 5175 9
2907 5159 2931 5175 Λ
3124 5165 3159 5175 ην
3205 5158 3219 5175 \
3303 5158 3317 5173 θ
3465 5159 3479 5175 Ι
3632 5157 3644 5171 ‘
3780 5153 3888 5175 '-‘_,-

494 5082 620 5156 haec
673 5082 834 5141 addit
884 5082 983 5156 ing
1034 5088 1140 5143 AC.
1187 5104 1199 5142 :

2275 5016 2321 5050 ⁸ο
2370 5014 2726 5105 ἐπ’ἐστηὶΑαε
2788 5013 3083 5085 ἐπὲστησαν
3119 5013 3200 5105 ς’ν.
3296 5016 3340 5050 ⁸¹
3385 5019 3518 5087 post
3564 5008 3885 5103 ξκηρύττετο

3436 5086 3884 5105 ςγίίκημ,

486 5154 648 5247 ᾗνέν
680 5150 1159 5247 ἡιάνυπέρϐλητος
1192 5150 1532 5247 χάριίτοῖί
1560 5150 1902 5247 ἀγνωμοσιῇ
1926 5150 2381 5247 ὑπερβαλλούσης
2430 5160 2770 5247 ἀχαριστίας⁵
2796 5156 3101 5245 ὑπόθεσιςλ
3124 5150 3221 5243 Ῐςαὶ
3243 5158 3317 5247 ἐἰ
3358 5159 3479 5243 κατ’
3508 5156 3707 5245 ἀρχάς,
3739 5150 3888 5247 ούδέν

486 5223 693 5307 ﬁebam».
725 5223 989 5307 (ξκῴλύσε
1020 5223 1084 5297 Α)
1113 5223 1377 5307 τοῖξιᾶντξ
1407 5236 1505 5307 τῆς
1548 5223 1818 5307 σωτηρίας
1848 5229 1911 5307 1:6
1943 5223 2502 5307 cptxovetgco‘I-Cn'roﬁei
2532 5223 2696 5307 ¹πάλιν
2741 5228 3021 5307 διαπορεῖν
3074 5227 3164 5307 διά
3202 5228 3267 5307 τ-ί.
3421 5223 3557 5281 κατᾶ
3583 5223 3667 5307 ’ξτὸ
3712 5225 3887 5307 τέλος,

487 5293 777 5387 ἀλλξκαλς
807 5300 1007 5387 ἀρχάς,
1049 5293 1138 5387 καξ
1181 5299 1268 5387 διά
1315 5301 1368 5354 τί
1396 5293 1495 5387 ’μῆ
1546 5293 1790 5387 κατάηθτὸ
1826 5293 2051 5387 “pa-36w.
2080 5293 2302 5387 ἀλλ’ωέν
2333 5293 2500 5387 ’,ἀρχῇ
2551 5302 2859 5387 ἐσαρκώθη,
2908 5293 2999 5355 καὶ
3044 5302 3161 5387 ἔξιτ’
3214 5293 3482 5387 ἀλλήλων
3527 5294 3890 5387 τροξπεινδςᾶς

484 5365 715 5441 ἀπορίας
747 5365 852 5424 ἀπὸ
881 5365 1148 5441 τ’ῆςκατά
1171 5373 1259 5427 τὸν

484 5371 715 5441 ἀπορίας
747 5371 852 5424 ἀπὸ
881 5371 982 5441 τῆς
1014 5373 1148 5426 κατὰ
1171 5373 1259 5427 τὸν
1384 5371 1499 5426 όνον
1550 5378 1774 5446 τριττῆς
1823 5371 2105 5447 διαφορᾶς.

483 5442 887 5514 apographum
919 5446 1238 5517 Stephani:
1272 5389 1448 5499 ἒέξκει
1481 5444 1563 5517 ς.
1640 5445 1685 5480 ⁸⁸
1711 5444 1777 5498 τὰ
1810 5442 2105 5517 ῥῆμα-ιαμ

2205 5372 2252 5407 ⁸2
2302 5372 2707 5441 οὕτωῖωοιίὶῑι
2760 5374 2941 5435 οὗτος.

1366 5462 1448 5497 κει
1640 5445 1685 5480 ⁸⁸
1711 5444 1777 5498 τὰ
1810 5442 2054 5520 ῥήματα]
2080 5446 2249 5502 Joan.
2280 5463 2394 5515 xw,
2431 5447 2517 5502 10.

3044 5373 3092 5409 ⁸³
3138 5364 3361 5444 ταύτης⁷
3563 5364 3629 5406 ’⁸⁸
3682 5364 3887 5423 εύδόκει

2104 5552 2330 5609 ΝΟἸἾΕ.

554 5646 667 5795 ξ55)
698 5647 828 5705 Hac
860 5651 1029 5708 uncis
1053 5650 1277 5731 inclusa
1304 5649 1480 5708 verba
1508 5648 1570 5706 in
1600 5650 1828 5708 duobus
1861 5651 2149 5708 duntaxat
2184 5666 2319 5708 mss.
2353 5650 2719 5727 legebantur.

576 5719 670 5795 56)
698 5719 869 5795 Vulg.
902 5723 1016 5781 Non
1047 5723 1274 5781 creduis
1304 5725 1333 5781 ?

576 5719 670 5799 56)
698 5719 869 5796 Vulg.
902 5723 1016 5781 Non
1047 5723 1274 5781 creditis
1304 5725 1333 5781 ?
