4184 6212
371 315 488 376 785

1472 305 2013 370 BIBLIOTHECA.
2063 337 2140 352 --
2182 305 2354 366 COD.
2401 303 2677 366 CCXXII.

3665 304 3780 364 786

373 449 698 523 αστράπτειν
731 445 820 502 καὶ
861 445 926 500 τὰ
973 445 1286 521 πράγμάτα,
1317 444 1352 513 ἠ
1388 439 1445 498 δὲ
1490 444 1596 497 τῶν
1642 435 1818 518 ἔργων
1859 439 2015 517 ὓπερ-

2140 439 2545 497 excedentium
2596 443 2654 496 et
2696 439 3025 495 divinorum
3071 453 3309 510 operum
3344 437 3616 511 patratio,
3649 455 3774 496 ver-

371 541 516 616 φυὴς
572 537 662 593 καὶ
722 536 1027 610 θεοπρεπὴς
1103 530 1356 603 ἐπίδειξις
1413 531 1504 586 καὶ
1579 534 1685 586 τῶν
1764 530 2026 607 ῥημάτων

369 632 667 703 συνανυψοῖ
693 629 793 696 τὴν
836 625 1126 682 εὐτέλειαν.
1686 687 1692 693 .

442 720 703 776 Ἐνταῦθα
760 714 815 770 δὲ
861 715 952 770 καὶ
1001 715 1174 789 ῥητοῦ
1213 734 1354 776 τινος
1398 710 1756 789 εὖαγγελικοῦ
1800 711 1846 748 ⁸⁸
1893 709 2025 766 ἀνα-

367 808 593 864 πτύσσει
621 805 860 862 διάνοιαν
907 807 1004 860 τοῦ
1051 803 1333 880 λέγοντος,
1364 804 1434 860 Τί
1481 803 1527 840 ³⁷
1578 801 1719 857 ἐστιν
1769 801 2018 856 εὐκοπώ-

364 916 519 970 τερον
561 893 754 968 εἰπεῖν,
801 891 1100 970 Ἀφέωνταί
1145 912 1240 946 σου
1297 891 1354 946 αἱ
1410 890 1695 966 ἁμαρτίαι,
1758 890 1793 959 ἢ
1846 889 2018 962 Ἐγει-

367 1006 458 1060 ραι
506 984 556 1020 ⁸⁸
609 983 700 1038 καὶ
749 983 1086 1057 περιπάτει;
1135 980 1527 1055 Εὐκοπώτερον
1579 977 1636 1034 δέ
1667 999 1828 1053 φησιν
1879 978 2018 1033 εἶναι

367 1075 431 1131 τὸ
461 1094 705 1150 πρωτον,
739 1072 824 1128 ὅτι
853 1073 946 1128 τὸν
997 1071 1092 1146 μὶν
1140 1069 1410 1145 ἀφέωνται
1462 1070 1562 1125 ούκ
1605 1065 1720 1144 ἔχει
1772 1069 1870 1137 τὴν
1906 1073 2014 1124 τῶν

372 1163 642 1237 ῥημάτων
683 1159 964 1238 προφορὰν
995 1161 1070 1223 ὡς
1106 1158 1156 1232 ἐξ
1201 1155 1342 1221 ἰδίας
1389 1156 1627 1228 ἐξουσίας
1674 1155 2019 1232 προφερομέ-

367 1272 469 1322 νην
499 1251 590 1306 καὶ
647 1249 1066 1323 προστάγματος
1121 1244 1302 1320 (οὐδὲν
1358 1247 1464 1322 γάρ
1518 1243 1724 1300 κωλύει
1779 1245 1868 1298 καὶ
1925 1245 2016 1300 τὸν

375 1342 455 1414 μὴ
508 1336 632 1396 ὄντα
679 1345 781 1408 τῆς
834 1335 1073 1417 ἆφέςεως
1130 1336 1328 1410 Κύριον
1389 1333 1833 1411 εὐαγγελίσασθαι
1887 1337 2016 1390 ταύ-

367 1432 515 1501 την),
581 1429 642 1482 τὸ
710 1425 787 1498 δὶ,
856 1430 1098 1503 ’Έγειραι
1167 1425 1258 1480 καὶ
1333 1423 1611 1499 περιπάτει
1681 1431 2014 1494 Δεσποτικῆς

367 1517 500 1574 ὅλον
531 1519 875 1591 προστάξεως
936 1516 1193 1590 ἤρτηται,
1243 1513 1432 1576 ἄλλως
1480 1534 1538 1569 τε
1587 1510 1644 1568 δέ
1691 1511 1780 1568 καὶ
1821 1512 1904 1568 ὅτι
1950 1515 2014 1568 τὸ

365 1609 610 1682 ’Βγειραι
669 1607 758 1661 καὶ
816 1607 1126 1679 περιπάτει,
1196 1599 1528 1674 ἀδιάϐλητον
1601 1603 1758 1680 φέρον
1836 1597 2016 1677 ἔργοις

364 1698 468 1766 τήν
501 1696 811 1751 αὐθεντείαν
870 1695 939 1766 3°,
986 1693 1075 1749 καὶ
1116 1694 1214 1763 τήν
1265 1691 1450 1767 ἄφεσιν
1497 1697 1908 1771 συμπεριεῖχεν.
1957 1693 2014 1746 Ὀ

2139 533 2349 588 borum
2391 547 2508 588 una
2539 546 2736 588 secum
2774 529 3168 586 humilitatem
3200 529 3460 588 extollat.

2203 713 2381 766 Porro
2412 710 2520 766 hoc
2539 711 2661 767 loco
2684 709 2820 767 dicti
2846 711 3150 781 cujusdam
3174 710 3490 783 evangelici
3513 728 3778 782 sensum,

2132 799 2401 870 exponit:
2451 800 2596 868 Quid
2633 805 2712 856 est
2748 800 2975 870 facilius
2999 799 3224 856 dicere:
3267 800 3640 856 Dimittuntur
3676 802 3781 858 tibi

2127 899 2346 962 peccata
2377 897 2491 958 tua,
2523 907 2597 944 an
2626 891 2842 945 dicere:
2877 889 3052 960 Surge
3081 896 3134 944 et
3161 889 3390 945 ambula
3419 890 3492 962 q?
3524 890 3777 947 Facilius

2130 986 2326 1035 autem
2358 978 2614 1049 primum
2638 993 2765 1034 esse
2795 977 2954 1043 dicit,
2979 977 3255 1048 quoniam
3276 976 3442 1045 illud,
3469 978 3769 1035 Dimittun-

2129 1071 2241 1137 tur,
2289 1083 2402 1123 non
2448 1082 2576 1122 eam
2630 1067 2802 1122 habet
2856 1067 3163 1123 verborum
3214 1067 3769 1139 pronuntiationem,

2128 1167 2297 1239 quasi
2347 1181 2412 1221 ex
2456 1165 2690 1236 propria
2738 1164 3082 1220 auctoritate
3127 1165 3475 1235 proprioque
3523 1163 3766 1236 imperio

2125 1257 2500 1328 proferretur.
2534 1254 2692 1311 Nihil
2722 1254 2877 1310 enim
2910 1253 3181 1324 prohibet
3209 1253 3279 1309 ab
3311 1252 3410 1309 illo
3441 1254 3636 1325 etiam,
3665 1258 3767 1328 qui

2125 1346 2254 1418 ejus
2285 1360 2657 1418 nequaquam
2686 1343 2762 1399 sit
2791 1342 3084 1406 dominus,
3112 1343 3513 1399 remissionem
3538 1360 3766 1400 annun-

2125 1434 2278 1492 tiari.
2308 1438 2410 1491 At:
2442 1434 2620 1505 Surge
2638 1436 2690 1490 et
2713 1432 2962 1498 ambula,
2997 1436 3185 1488 totum
3217 1448 3250 1488 a
3280 1432 3582 1490 Dominico
3612 1449 3764 1505 pen-

2125 1525 2223 1581 det
2252 1525 2512 1598 imperio.
2544 1523 2875 1580 Praesertim
2904 1539 3040 1580 cum
3071 1521 3214 1578 illud
3256 1522 3446 1580 195b
3483 1522 3664 1596 Surge
3713 1529 3765 1580 et

2124 1614 2370 1682 ambula,
2419 1611 2990 1685 irreprehensibilem
3051 1612 3224 1669 rebus
3278 1611 3422 1684 ipsis
3475 1613 3764 1670 efferendo

2124 1704 2546 1771 auctoritatem,
2581 1703 2767 1774 ipsam
2799 1717 3032 1774 quoque
3062 1701 3472 1758 remissionem
3505 1701 3763 1774 comple-

364 1787 471 1862 γὰρ
499 1783 626 1845 δοὺς
655 1785 754 1853 τήν
790 1784 950 1859 χάριν
998 1787 1096 1839 τοῦ
1149 1781 1388 1857 βαδίζειν
1438 1767 1700 1852 δηλονότι
1747 1767 1835 1836 καί
1882 1785 2013 1850 τῶν,

2128 1797 2398 1850 cteretur.
2451 1767 2560 1860 Qui
2603 1767 2767 1848 enim
2815 1767 3160 1848 ambulandi
3206 1791 3459 1862 gratiam
3492 1767 3767 1862 donabat,

367 1875 503 1950 ὑπὲρ
546 1875 621 1929 ὧν
680 1876 964 1948 κατείχετο
1022 1876 1091 1948 τῇ
1138 1872 1302 1944 νόσῳ,
1353 1869 1861 1946 πλημμελημάτων
1911 1871 2009 1939 τήν

369 1963 556 2040 ἄφεσιν
617 1959 994 2019 συναπεδίδου.
1055 1960 1325 2017 Δεσπότου
1376 1957 1434 2016 δέ
1491 1959 1876 2035 φιλανθρώπου
1925 1959 2014 2013 καὶ

365 2055 469 2123 τὴν
534 2053 771 2126 μάστιγα
818 2055 934 2112 τοῖς
979 2049 1374 2124 ἁμαρτάνουσιν
1425 2047 1732 2123 ἐπαφεῖναι,
1781 2047 1870 2102 καὶ
1917 2053 2019 2114 τῆς

366 2140 593 2215 πληγῆς
654 2143 789 2212 μετὰ
829 2143 926 2193 τοῦ
985 2138 1322 2211 πταίσματος
1377 2137 1468 2192 τὸν
1527 2135 1804 2212 πληγέντα
1845 2132 2019 2192 ἀπαλ-

367 2229 550 2300 λάξαι.
582 2227 763 2291 Εἰδὼς
795 2225 852 2284 δὲ
880 2229 943 2283 τὸ
984 2222 1138 2304 ἔργον
1179 2227 1268 2281 καὶ
1307 2227 1406 2295 τήν
1448 2223 1632 2301 ἄφεσιν
1681 2229 1789 2280 τῶν
1833 2227 2015 2300 ἡμαρ-

368 2318 620 2393 τημένων
666 2317 1030 2390 πιττούμενον
1067 2315 1156 2370 καὶ
1202 2317 1301 2385 τὴν
1353 2312 1662 2370 δεσποτείαν
1705 2319 1802 2370 τοῦ
1835 2313 2014 2392 ἀφιέν-

367 2429 462 2470 τος
518 2404 982 2480 ἐπιδεικνύμενον,
1042 2404 1232 2481 ἐπάγει
1289 2406 1354 2462 9°.
1413 2405 1528 2462 Ἵνα
1585 2401 1640 2458 δὲ
1699 2401 1877 2473 εἰδῆτε
1933 2402 2014 2458 ὅτι

367 2499 612 2570 ἐξουσίαν
690 2492 806 2572 ἔχει
875 2496 902 2550 6
968 2493 1092 2558 Υἱὸς
1157 2497 1255 2549 τοῦ
1322 2494 1630 2566 ἀνθρώπου,
1697 2493 1786 2548 καὶ
1871 2493 2015 2566 ἑξῆς.

370 2588 700 2660 Ἀναγκαῖον
761 2582 816 2640 δὲ
870 2583 937 2653 ἦν
995 2584 1058 2638 τὸ
1130 2581 1533 2653 ἐπισκιάζεσθαι
1589 2582 1650 2636 τὸ
1721 2583 2017 2657 μυστήριον

373 2681 478 2746 τῆς
516 2679 614 2729 τοῦ
665 2673 846 2752 Λόγου
891 2672 1212 2747 σαρκώσεως
1273 2669 1360 2726 διά
1407 2691 1465 2726 τε
1509 2673 1571 2726 τὸ
1614 2670 1854 2748 γενέσθαι
1899 2677 2016 2734 τοῖς

375 2760 750 2840 ἀκροωμένοις
784 2759 1204 2839 εύπαράδεκτον,
1235 2761 1328 2816 καὶ
1357 2759 1452 2816 ’ίνα
1484 2760 1622 2835 λάθῃ
1662 2761 1706 2798 9⁸
1755 2765 1850 2816 τοῦ
1890 2760 2017 2816 σκό-

367 2876 497 2917 τους
551 2856 643 2910 τὸν
697 2855 956 2929 ἄρχοντα.
1017 2853 1161 2923 Φησί
1228 2851 1332 2930 γάρ
1381 2853 1407 2906 6
1447 2852 1707 2929 θεοφόρος
1764 2853 2018 2928 Ἰγνάτιος

370 2946 496 3017 τρία
549 2943 731 3000 λαθεῖν
789 2942 882 2998 τὸν
940 2941 1184 3019 ἄρχοντα
1233 2946 1330 2997 τοῦ
1387 2942 1583 3004 αἰῶνος
1643 2941 1860 3012 τούτου,
1919 2943 2019 3012 τήν

371 3033 666 3107 Παρθενίαν
726 3033 960 3106 Μαρίας,
1006 3034 1107 3102 τήν
1164 3029 1448 3105 Σύλληψιν
1493 3033 1594 3086 τοῦ
1652 3031 1878 3105 Κυρίου,
1926 3030 2016 3086 καὶ

369 3125 470 3192 τήν
524 3122 859 3198 Σταύρωσιν.
912 3121 1068 3198 Λέγει
1113 3119 1170 3177 δὲ
1225 3121 1316 3176 καὶ
1374 3121 1402 3175 6
1463 3119 1740 3183 θεσπέσιος
1800 3119 2016 3183 Παῦλος

369 3214 634 3288 περὶτῶν
665 3211 948 3288 ἀρχόντων
989 3215 1085 3266 τοῦ
1133 3211 1326 3274 αἰῶνος
1369 3209 1588 3278 τούτου,
1638 3212 1714 3272 ὡς
1755 3210 1816 3266 Εἰ
1846 3211 1892 3246 9³
1929 3206 2014 3285 ἔγ-

369 3321 567 3372 νωσαν,
635 3300 736 3357 οὐκ
801 3299 860 3357 ἄν
929 3301 1021 3358 τὸν
1089 3302 1289 3377 Κύριον
1354 3307 1455 3370 τῆς
1523 3298 1685 3372 δόξης
1740 3298 2014 3378 ἐσταύρω-

368 3413 484 3449 σαν.

441 3485 620 3539 Ταῦτα
661 3481 829 3537 εἰπὼν
881 3480 1123 3560 ἐπιφέρει
1172 3483 1246 3544 ὡς
1278 3484 1311 3551 ἡ
1350 3482 1444 3555 μὲν
1496 3479 1668 3543 ἀ³ιδιος
1710 3481 1800 3537 καὶ
1855 3484 2016 3558 ὑπερ-

367 3571 571 3646 άρχιος
625 3569 792 3644 Τριόις
851 3571 932 3625 ἀεί
984 3569 1094 3625 ἐστι
1142 3570 1231 3624 καὶ
1280 3571 1536 3632 ὡσαύτως
1582 3569 1772 3646 Τριάς,
1829 3571 2015 3646 Πατὴρ

368 3662 494 3724 Υἱὸς
528 3661 616 3716 καὶ
665 3664 884 3734 Πνεῦμα
929 3662 1102 3737 ἅγιον,
1151 3659 1279 3716 ἀλλ’
1321 3661 1452 3734 ὑπὲρ
1497 3661 1526 3716 ’ὸ
1575 3666 1807 3735 νοοῦμεν
1859 3661 2019 3732 ἤλα-

369 3749 600 3824 λοῦμεν,
655 3755 762 3805 Πᾶν
821 3752 926 3826 γάρ
978 3752 1006 3806 ’ὀ
1050 3749 1283 3828 λέγομεν
1328 3752 1452 3826 περὶ
1497 3755 1630 3807 Θεοῦ
1679 3752 1712 3822 ἢ
1762 3757 2015 3826 νοοῦμεν,

370 3839 433 3896 ἰκ
470 3844 577 3895 τῶν
618 3840 738 3895 καθ’
788 3841 938 3914 ἡμᾶς
985 3840 1330 3916 πραγμάτων
1372 3860 1432 3895 τε
1481 3841 1570 3895 καὶ
1631 3839 1894 3916 ῥημάτιον
1951 3843 2017 3896 τὰ

365 3929 492 4002 περὶ
537 3927 706 3999 αὐτῆς
769 3929 816 3964 ’3
862 3924 1152 3998 ἀναλόγως
1202 3927 1292 3984 καὶ
1345 3927 1582 4004 λέγομεν
1627 3930 1717 3984 καὶ
1765 3934 2016 4004 νοοῦμεν.

367 4017 642 4090 ’ἰσότιμος
691 4013 747 4072 δὲ
800 4016 893 4072 καὶ
940 4016 1220 4088 ίσοσθενὴς
1260 4020 1294 4088 ἡ
1327 4017 1560 4094 παναγία
1604 4017 1796 4093 Τριάς,
1844 4019 2019 4075 πάντα

361 4105 500 4181 πρὸς
557 4106 656 4175 τήν
707 4105 976 4182 ἡμετέραν
1025 4107 1296 4182 σωτηρίαν
1349 4107 1738 4182 οἶκονομοῦσα,
1786 4109 1876 4164 καὶ
1923 4109 2019 4164 ὅσα

365 4193 648 4270 θεολογεῖν
681 4194 849 4266 αὐτὴν
892 4193 1278 4272 δυναμούμεθα
1317 4198 1381 4270 9⁸,
1420 4196 1554 4266 αύτή
1605 4201 1772 4254 ταῦτα
1820 4197 2018 4278 φιλαν-

365 4285 603 4358 θρώπως
633 4286 769 4357 ἡμῖν
801 4284 1144 4360 χαριζομένη
1193 4286 1357 4342 πάλιν
1405 4285 1708 4362 προσίεται.
1760 4289 1852 4342 Διὸ
1900 4288 2018 4343 κατ’

2123 1881 2278 1937 idem
2302 1881 2578 1937 nimirum
2600 1885 2962 1952 peccatorum
2986 1880 3182 1946 etiam,
3201 1880 3272 1936 ob
3294 1897 3420 1952 quae
3440 1881 3643 1936 morbo
3666 1880 3766 1937 illo

2125 1969 2455 2035 tenebatur,
2515 1967 2926 2025 remissionem
2983 1967 3352 2024 conferebat:
3414 1968 3766 2039 perhumani

2122 2058 2277 2114 enim
2305 2057 2536 2113 Domini
2561 2061 2668 2126 est,
2701 2065 2755 2113 et
2777 2055 3073 2129 ﬂagellum
3094 2055 3498 2126 peccatoribus
3529 2056 3762 2124 inferre,

2125 2151 2182 2203 et
2211 2145 2570 2217 flagellatum
2601 2149 2724 2202 tam
2755 2163 2790 2202 a
2820 2143 3010 2217 plaga,
3043 2159 3218 2215 quam
3250 2145 3322 2200 ab
3352 2144 3604 2216 ipsemet
3635 2160 3767 2216 pec-

2127 2239 2254 2292 cato
2276 2235 2542 2291 liberare.
2567 2234 2769 2292 Sciens
2799 2237 2996 2290 autem
3020 2249 3167 2305 opus
3190 2232 3300 2290 hoc
3321 2249 3439 2290 non
3469 2233 3765 2290 remissio-

2126 2341 2262 2383 nem
2291 2327 2521 2381 tantum
2549 2325 2896 2382 delictorum
2914 2325 3421 2394 conﬁrmaturum,
3445 2323 3546 2381 sed
3570 2330 3767 2394 potes-

2126 2420 2303 2474 tatem
2337 2432 2565 2488 quoque
2607 2415 2963 2472 dimittentis
3005 2419 3401 2482 ostensurum,
3449 2412 3644 2469 addit:
3703 2414 3767 2471 Ut

2127 2513 2310 2562 autem
2336 2505 2550 2572 sciatis,
2591 2507 2725 2576 quia
2755 2504 2930 2559 Filius
2965 2503 3212 2559 hominis
3251 2502 3414 2558 habet
3449 2504 3769 2573 potestatem

2128 2597 2188 2652 in
2217 2599 2371 2651 terra
2409 2593 2728 2651 dimittendi
2771 2597 3015 2666 peccato,
3064 2596 3173 2648 etc.
3219 2593 3502 2648 Caeterum
3535 2605 3770 2646 necesse

2129 2689 2252 2742 erat
2279 2683 2700 2742 incarnationis
2729 2681 3045 2740 Dominicm
3076 2679 3419 2753 mysterium
3451 2677 3608 2735 velut
3637 2693 3770 2734 um-

2129 2774 2235 2830 bra
2264 2773 2404 2845 tegi,
2453 2788 2587 2830 cum
2619 2777 2685 2828 ut
2713 2773 2785 2828 ab
2815 2771 3189 2828 audientibus
3225 2767 3498 2841 cupidius
3545 2765 3768 2837 accipe-

2129 2868 2307 2931 retur,
2351 2867 2476 2919 tum
2519 2867 2583 2918 ut
2622 2862 2675 2918 id
2726 2860 3100 2919 tenebrarum
3147 2858 3417 2930 princeps
3456 2857 3768 2930 ignoraret.

2129 2957 2278 3008 Nam
2301 2951 2413 3008 tria
2435 2950 2670 3008 divinus
2697 2949 2957 3022 lgnatius
2976 2967 3006 3004 r
3025 2946 3221 3005 seaculi
3241 2946 3416 3017 huius
3439 2944 3766 3018 principem

2131 3042 2367 3100 latuisse
2394 3047 2836 3108 commemorat,
2858 3037 3268 3111 Virginitatem
3302 3034 3517 3104 Mariis,
3549 3033 3768 3090 Conce-

2131 3131 2388 3203 ptionem
2421 3129 2678 3198 Domini,
2699 3132 2756 3185 et
2775 3127 2943 3186 Cruci
2973 3125 3305 3182 afﬁxionem
3327 3121 3561 3180 Christi.
3591 3120 3766 3176 Afﬁr-

2128 3227 2245 3278 mat
2293 3219 2504 3292 quippe
2548 3218 2715 3275 divus
2764 3217 2979 3274 Paulus
3027 3215 3098 3270 de
3151 3212 3517 3286 principibus
3565 3208 3767 3267 saeculi

2127 3309 2338 3382 hujus:
2383 3309 2446 3365 Si
2487 3308 2881 3378 cognovissent,
2927 3319 3212 3375 nunquam
3249 3303 3542 3360 Dominum
3568 3300 3765 3372 gloriae

2121 3398 2527 3470 cruciﬁxissent
2552 3414 2597 3454 ε.

2193 3489 2285 3545 32.
2305 3489 2436 3545 Haec
2451 3487 2550 3544 ubi
2566 3486 2732 3554 dixit,
2748 3483 3356 3556 infertsempiternam
3380 3494 3447 3536 ac
3467 3491 3763 3536 summam

2121 3578 2465 3636 Trinitatem
2517 3592 2744 3648 semper
2784 3590 2933 3640 esse,
2983 3577 3039 3628 et
3081 3570 3356 3628 similiter
3396 3569 3761 3632 Trinitatem,

2121 3672 2354 3726 Patrem
2385 3666 2686 3732 nimirum,
2719 3668 2775 3720 et
2796 3663 3028 3732 Filium,
3061 3665 3118 3718 et
3148 3659 3433 3731 Spiritum
3465 3660 3761 3720 sanctum,

2122 3757 2224 3814 sed
2245 3773 2423 3828 supra
2440 3771 2631 3823 omne,
2655 3753 2809 3826 quod
2830 3756 2933 3808 aut
2958 3749 3305 3822 cogitamus,
3328 3750 3430 3802 aut
3445 3743 3759 3815 loquimur.

2122 3848 2603 3915 Quandocunque
2633 3844 2787 3901 enim
2829 3843 2901 3898 de
2932 3847 3046 3898 Deo
3085 3837 3380 3912 loquimur
3409 3838 3510 3892 aut
3545 3833 3766 3905 cogita-

2127 3952 2279 4002 mus,
2313 3951 2378 3991 ex
2407 3934 2624 3990 nostris
2661 3932 2852 3988 verbis
2893 3947 2958 3988 ac
2999 3929 3175 3986 rebus
3216 3943 3280 3984 ea
3310 3941 3437 3998 quae
3467 3923 3539 3979 ad
3573 3921 3763 3994 ipsam

2123 4025 2386 4083 Triadem
2405 4026 2688 4095 spectant,
2711 4020 3084 4093 preportione
3120 4015 3400 4090 quadam,
3428 4017 3484 4070 et
3515 4011 3768 4068 dicimus

2126 4119 2184 4172 et
2212 4113 2556 4185 cogitamus.
2605 4108 2990 4166 Sanctissima
3018 4105 3231 4163 etenim
3260 4100 3538 4167 Trinitas,
3571 4096 3766 4168 digni-

2124 4207 2244 4261 tate
2273 4218 2338 4258 ac
2368 4199 2630 4274 potentia
2682 4195 2946 4269 aqualis,
2987 4194 3186 4252 omnia
3234 4208 3361 4264 quae
3400 4191 3470 4246 ad
3503 4190 3764 4245 nostram

2123 4292 2371 4350 salutem
2404 4289 2628 4346 faciunt
2651 4287 2884 4360 provide
2915 4289 3152 4358 operata
3181 4287 3298 4340 est:
3331 4293 3578 4353 quaeque
3607 4275 3766 4331 theo-

363 4372 549 4449 ἀρχὰς
615 4374 729 4446 μὲν,
790 4374 864 4436 ὡς
924 4372 1156 4448 εἷ’ρηται,
1219 4372 1306 4430 διὰ
1363 4375 1426 4431 τό
1487 4374 1756 4432 πολύθεον
1815 4379 1850 4446 ἡ
1901 4377 2015 4433 θεία

2128 4381 2308 4455 logica
2352 4381 2423 4438 de
2453 4380 2584 4452 ipsa
2621 4376 2910 4450 speculari
2941 4374 3250 4448 possimus,
3283 4372 3408 4470 huic
3440 4367 3537 4470 illa
3568 4363 3761 4432 nobis,

364 4463 554 4541 Γραφή
600 4459 1121 4537 συγκαταϐαίνουσα,
1172 4463 1279 4539 ούχ
1321 4464 1395 4527 ὡς
1445 4460 1562 4540 ἔχει
1611 4465 1818 4544 φύσεως
1850 4467 1884 4535 ἢ
1917 4467 2010 4522 τά·

363 4571 499 4613 σεως
533 4553 567 4620 ἡ
605 4552 800 4624 Τριάς,
833 4550 961 4608 ἀλλ’
1009 4553 1082 4613 ὡς
1133 4555 1269 4626 ἡμῖν
1317 4555 1442 4626 [322
1474 4555 1567 4628 [1.]
1617 4553 2011 4629 εύπαράδεκτον

363 4637 759 4714 παραδιδοῦσα,
823 4639 915 4694 τὸν
982 4642 1196 4717 Πατέρα
1267 4640 1538 4718 λαμπρῶς
1631 4643 2009 4720 καταγγέλλει,

364 4729 482 4784 εἶτα
514 4729 605 4783 τὸν
655 4729 778 4783 Υἱὸν
829 4728 964 4784 κατᾶ
1009 4729 1100 4786 τὸν
1157 4728 1406 4806 δεύτερον
1465 4735 1708 4806 σεισμὸν,
1759 4732 1811 4789 ἐν
1843 4735 1889 4806 ᾦ
1920 4735 2005 4789 καὶ

363 4817 469 4886 τήν
512 4820 719 4894 γνῶσιν,
754 4821 856 4872 τοῦ
906 4819 1217 4892 Πνεύματος
1265 4817 1898 4897 συμπαραλαμϐάνομεν,
1947 4821 2009 4878 ού

365 4906 479 4979 μὴν
508 4907 608 4977 τήν
642 4926 702 4982 γε
733 4904 963 4962 τελείαν’
1006 4907 1140 4979 αὕτη
1181 4907 1286 4985 γὰρ
1330 4907 1382 4964 έν
1424 4916 1502 4983 τῷ
1554 4911 1812 4985 μέλλοντι
1856 4913 2010 4968 αἰῶνι

360 4995 456 5050 καὶ
525 4999 607 5068 τῷ
661 4993 966 5069 τελευταίῳ
1020 5003 1230 5072 σεισμῷ
1276 4999 1650 5076 παραγίνεται,
1692 5009 1794 5071 τῆς
1841 5004 2012 5077 Τριά-

360 5081 457 5147 δος
506 5082 644 5155 ὅλης
698 5085 1022 5161 τρανότερον
1071 5088 1205 5160 ἡμῖν
1261 5091 1384 5157 [624
1434 5092 1526 5163 R.]
1569 5089 2009 5167 έμφανιζομένης

359 5194 421 5230 τε
471 5174 560 5228 καὶ
615 5172 1157 5250 ἆνακαλυπτομένης.
1214 5175 1285 5234 Εἰ
1327 5177 1430 5254 γὰρ
1476 5180 1565 5234 καὶ
1611 5184 1708 5236 τοῦ
1765 5179 2012 5254 Πνεύμα-

435 5337 466 5392 q
497 5320 698 5377 Matth.
732 5337 812 5390 ιιι,
844 5323 901 5379 5.
977 5340 1011 5378 r
1043 5322 1220 5396 Epist.
1254 5329 1306 5382 3.
1381 5341 1405 5382 ς
1434 5327 1458 5381 I
1487 5327 1615 5384 Cor.
1647 5343 1710 5398 ιι,
1740 5328 1795 5382 8.

2122 4471 2370 4542 benigne
2401 4469 2760 4542 gratificans,
2793 4465 3110 4522 identidem
3142 4461 3422 4520 admittit.
3453 4461 3763 4529 Propterea

2120 4562 2357 4634 quidem
2389 4577 2423 4618 a
2453 4558 2762 4633 principio,
2787 4561 2852 4613 ut
2873 4555 3130 4612 diximus
3150 4553 3248 4625 (ob
3271 4553 3514 4607 deorum
3539 4545 3762 4604 scilicet

2121 4649 2584 4719 multitudinem)
2631 4663 2798 4704 sacra
2845 4643 3149 4716 Scriptura
3187 4641 3356 4699 nobis
3399 4639 3758 4697 condescen-

2121 4741 2288 4810 dens,
2304 4755 2422 4795 non
2440 4742 2501 4794 ut
2517 4744 2724 4794 natura
2753 4737 2855 4791 aut
2870 4733 3123 4806 dignitas
3145 4729 3450 4788 Trinitatis
3480 4745 3542 4786 se
3563 4727 3762 4796 habet,

2122 4829 2223 4885 sed
2257 4832 2552 4900 quatenus
2583 4844 2616 4881 a
2647 4825 2818 4882 nobis
2851 4821 3078 4880 facilius
3107 4820 3236 4892 capi
3272 4822 3462 4892 potest
3490 4833 3618 4874 eam
3648 4821 3764 4873 tra-

2122 4917 2335 4984 dendo,
2368 4915 2674 4988 perspicue
2705 4915 2939 4969 Patrem
2970 4909 3206 4967 indicat.
3240 4909 3304 4964 In
3346 4907 3525 4963 altero
3555 4906 3765 4963 deinde

2121 5009 2451 5062 terraemotu
2486 5003 2728 5072 Filium,
2765 5002 2826 5057 in
2857 5017 2970 5072 quo
3000 5002 3058 5056 et
3086 4996 3335 5068 Spiritus
3355 4996 3538 5052 sancti
3559 4993 3762 5067 cogni-

2122 5095 2363 5162 tionem,
2413 5093 2520 5150 etsi
2570 5092 2768 5149 mlnus
2813 5089 3151 5160 perfectam,
3191 5083 3373 5142 simul
3421 5083 3764 5156 accipimus.

2122 5184 2261 5241 Haec
2294 5182 2450 5240 enim
2483 5182 2544 5239 in
2574 5181 2772 5238 futuro
2813 5178 3050 5247 saeculo,
3080 5180 3137 5234 et
3165 5174 3374 5232 ultimo
3412 5173 3512 5232 illo
3543 5174 3766 5232 accedit

1723 5472 1969 5529 VARI/E
2013 5473 2413 5530 LECTIONES.

435 5590 890 5671 ῗδξῦαγγελιξιὴν
921 5596 1004 5670 ς’.
1099 5596 1146 5631 ⁸⁷
1175 5597 1251 5671 τί]
1279 5598 1486 5671 Matth.
1519 5617 1594 5671 rx,
1627 5602 1682 5656 5.

362 5666 406 5703 "
443 5663 586 5739 λάθῃ
623 5663 752 5738 pust
781 5663 1027 5742 ἄρχοντα
1064 5663 1339 5743 ροῐιὶίςἿ
1417 5670 1464 5708 ⁹²
1497 5663 1619 5743 sill
1661 5675 1789 5730 Cor.
1822 5689 1885 5741 ιι,
1917 5674 1970 5728 8.

1813 5601 1860 5636 ιε
1892 5601 1982 5656 hic
2005 5605 2059 5657 ct
2093 5601 2209 5674 inf.
2235 5593 2407 5674 ἔγειρε
2448 5599 2530 5673 ς’.
2609 5599 2660 5674 αξ
2685 5593 3079 5674 αύθεντίανμςτ

2078 5671 2122 5709 ³³
2152 5665 2566 5743 αὖτῆςΪιιοιῖιιθ
2606 5669 2768 5728 αὐτοῦ
2788 5670 2815 5726 ‘I
2888 5670 2933 5706 ⁹⁴
2962 5665 3226 5742 δύνάμεθα

3187 5595 3232 5632 θ’
3262 5592 3450 5669 ἐπάγει
3479 5588 3536 5647 δὲ
3560 5587 3654 5645 ’ίνα
