4184 6212
468 323 585 381 787
1665 317 1935 379 ΡΗΟΤΙΙ
1982 318 2110 378 IPA

2214 315 2507 376 LARCHZE
2548 315 2667 376 GP.
3746 313 3866 375 788

466 461 851 526 terrae-motu,
897 473 1010 529 quo
1050 460 1170 511 tota
1215 455 1381 511 nobis
1427 454 1686 510 Trinitas
1736 454 2101 510 manifestius

2225 473 2307 514 τος
2382 453 2475 507 τὸν
2544 448 2860 528 ἀρραϐῶνα,
2921 453 2996 513 ὡς
3053 454 3152 516 τῆς
3222 450 3459 526 ἐκλογῆς
3518 449 3877 524 ἐπιμαρτῦρε-

467 547 771 620 apparebit
802 563 867 603 ac
916 544 1290 602 revelabitur.
1337 545 1459 601 Etsi
1510 545 1667 601 enim
1716 543 1966 616 Spiritus
2013 562 2110 600 ar-

2225 562 2305 595 ται
2333 542 2382 577 9⁵
2410 543 2472 596 τὸ
2506 546 2720 609 σκεῦος,
2754 538 2981 616 ἔχομεν,
3017 539 3142 595 ἀλλ’
3175 540 3275 595 οὐκ
3306 540 3382 601 εἷς
3414 541 3513 607 τὴν
3552 538 3877 609 τελειότητα

466 638 631 693 rham
667 636 966 703 habemus,
999 639 1063 690 ut
1101 652 1202 690 vas
1246 634 1547 691 electionis
1569 638 1822 691 testatur
1859 644 1878 691 t
1917 637 2108 692 196a

2225 637 2317 699 τῆς
2374 637 2749 704 πνευματικῆς
2808 630 3112 707 ἐφθάσαμεν
3156 629 3559 691 καταστάσεως.
3620 628 3721 682 Καὶ
3769 628 3877 702 γὰρ

468 725 728 781 nondum
776 728 971 781 tamen
1019 724 1090 779 ad
1140 724 1548 795 perfectionem
1595 723 1872 796 spiritalis
1913 728 2103 780 status

2223 720 2303 774 iui
2350 720 2480 775 αὐτὸ
2529 721 2591 774 τὸ
2650 724 2748 775 τοῦ
2814 715 3133 793 ἀῤῥαὸὦνος
3202 715 3377 791 ὄνομα
3434 712 3720 793 σύμϐολον
3780 718 3875 789 μέν

468 814 856 885 pervenimus.
904 814 1101 885 Ipsum
1153 814 1372 869 etenim
1404 814 1589 869 arrhae
1622 831 1837 871 nomen
1871 814 2105 886 signum

2222 810 2327 866 ἐστι
2353 815 2450 867 τοῦ
2488 810 2700 866 τελείου
2750 810 2953 886 δώρου,
3004 809 3066 865 οὐ
3119 810 3226 883 μὴν
3269 809 3399 864 αὐτό
3449 830 3513 885 γε
3560 810 3620 864 τὸ
3673 807 3874 883 δῶρον.

471 902 708 974 quidem
757 901 997 972 perfecti
1036 901 1171 958 doni
1202 906 1323 957 est:
1374 908 1433 958 at
1477 920 1589 958 non
1642 904 1831 974 ipsum
1864 904 2101 959 donum.

2227 903 2314 957 Καὶ
2347 900 2645 975 πολλαχοῦ
2675 901 2724 936 9°
2752 896 3046 976 ἀρραϐῶνα
3075 901 3117 937 ⁸⁷
3148 906 3250 969 τῆς
3297 897 3611 972 μελλούσης
3663 896 3879 973 κληρο-

469 993 626 1048 Idem
668 992 841 1047 etiam
889 991 1027 1046 alibi
1076 992 1286 1064 pignus
1337 994 1539 1048 futurae
1587 994 1939 1050 baereditatis
1982 1010 2108 1049 esse

2224 990 2415 1064 νομίας
2447 992 2510 1046 τὸ
2559 993 2773 1063 Πνεῦμα
2826 991 2983 1063 ὑμνεῖ
3029 989 3123 1043 καὶ
3179 990 3436 1063 ἀπαρχὴν
3489 990 3535 1025 9⁸
3582 993 3691 1043 τῶν
3741 986 3876 1042 aim-

469 1080 752 1153 Spiritum
787 1082 1076 1151 praedicat,
1121 1085 1178 1136 et
1220 1082 1509 1152 primitias
1550 1088 1899 1139 aeternorum
1934 1083 2109 1140 bono-

2226 1080 2344 1135 νίων
2404 1080 2641 1156 ἀγαθῶν,
2693 1076 2833 1134 ὥστε
2882 1078 2981 1146 τήν
3032 1076 3356 1148 τελειότητα
3402 1082 3505 1132 τοῦ
3555 1076 3878 1150 Πνεύματος

469 1187 602 1228 rum
647 1187 705 1236 ιι,
751 1169 937 1234 Quare
981 1171 1395 1242 perfectionem
1427 1172 1680 1244 Spiritus
1712 1172 1946 1229 nonnisi
1980 1178 2110 1245 post

2222 1169 2357 1242 μετὰ
2386 1169 2485 1237 τὴν
2520 1167 2909 1243 ἀπολύτρωσιν
2937 1170 3034 1223 τοῦ
3067 1167 3324 1240 σώματος
3359 1163 3766 1241 ὑποδεχόμεθα.

471 1260 935 1333 redemptionem
968 1262 1225 1332 corporis
1250 1261 1623 1333 suscipimus.

542 1351 673 1407 Jam
705 1351 935 1420 quando
968 1351 1066 1422 qui
1101 1351 1253 1422 apud
1294 1350 1563 1407 homines
1603 1367 1736 1407 cum
1768 1355 1951 1423 pater,
1983 1355 2109 1408 tum

2308 1348 2516 1420 Επειδὴ
2559 1347 2616 1405 δὲ
2648 1350 2675 1404 6
2705 1350 2844 1405 κατά
2885 1350 2946 1404 τὸ
2994 1349 3335 1424 ἀνθρώπινον
3380 1345 3534 1421 γένος
3584 1346 3883 1421 λεγόμενος

473 1440 632 1496 ﬁlius
679 1439 915 1510 dicitur,
968 1456 1067 1511 per
1108 1440 1361 1511 conjugii
1411 1440 1743 1496 societatem
1784 1440 2112 1498 declaratur

2233 1438 2310 1494 ιαὶ
2380 1441 2561 1513 πατὴρ
2630 1440 2721 1495 καὶ
2792 1440 2909 1502 υἱὸς
2975 1438 3230 1510 κοινωνίᾳ
3296 1437 3477 1514 γάμου
3535 1436 3885 1515 ἀναφαίνεται

473 1533 651 1601 atque
699 1530 1087 1600 cognoscitur,
1133 1535 1432 1600 propterea
1477 1530 1777 1600 praesentis
1808 1530 1936 1585 vitae
1966 1531 2112 1586 duos

2230 1531 2313 1585 καὶ
2356 1528 2699 1604 γνωρίζεται,
2754 1526 2843 1583 διὰ
2889 1534 3057 1583 τοῦτο
3104 1533 3201 1583 τοῦ
3258 1527 3530 1601 παρόντος
3586 1525 3708 1601 βίου
3751 1524 3882 1586 τοὺς

473 1621 859 1685 terrwmotus,
924 1616 1169 1674 alterum
1221 1616 1508 1688 pertinere
1556 1618 1626 1672 ad
1680 1618 1931 1685 Patrem,
1979 1618 2115 1673 alte-

2231 1616 2319 1673 δῦο
2366 1617 2642 1690 σεισμοὺς,
2680 1619 2773 1672 τὸν
2824 1618 2917 1691 μὶν
2983 1619 3244 1693 πρότερον
3292 1616 3508 1686 ἀνήκειν
3556 1614 3633 1688 τῷ
3685 1614 3883 1689 Πατρῖ³

477 1723 606 1762 rum
667 1707 737 1761 ad
797 1706 1031 1776 Filium,
1082 1704 1354 1761 vaticinia
1406 1706 1671 1761 tradunt.
1724 1706 1949 1762 Rursus
1980 1723 2115 1762 cum

2229 1713 2305 1779 τῷ
2342 1709 2451 1779 Υίῷ
2485 1705 2540 1760 δὲ
2570 1707 2660 1761 τὸν
2694 1704 2943 1781 δεύτερον
2968 1706 3035 1761 τὰ
3073 1707 3248 1780 Λόγια
3295 1701 3660 1779 παραδίδωσι.
3704 1701 3881 1760 Πάλιν

478 1793 732 1865 Spiritus
763 1798 1026 1861 sanctus,
1060 1792 1237 1847 etiam
1271 1796 1333 1847 ut
1356 1793 1507 1864 apud
1544 1808 1649 1848 nos
1674 1797 1780 1858 est,
1814 1809 2119 1865 corporum

2232 1793 2413 1864 ἐπειδὴ
2454 1795 2516 1849 τὸ
2549 1799 2762 1867 Πνεῦμα
2799 1795 2888 1849 καὶ
2933 1795 2996 1849 τὸ
3038 1799 3164 1868 παρ’
3213 1796 3351 1866 ἡμῖν
3403 1794 3673 1865 σωμάτων
3724 1794 3884 1870 ὑπερ-

480 1883 854 1939 transcendat
884 1881 1361 1950 crassitudinem,
1405 1881 1610 1937 merito
1644 1881 1740 1937 ubi
1771 1883 2123 1939 cessaverint

2235 1880 2405 1939 ϐαίνει
2460 1883 2774 1962 παχύτητα,
2835 1884 3058 1946 εἰκότως
3118 1884 3146 1938 6
3202 1886 3309 1938 τῶν
3361 1881 3553 1958 γάμων
3603 1882 3886 1954 πεπαυμέ-

483 1972 773 2043 conjugia,
809 1971 1091 2027 excelsior
1120 1970 1221 2026 illa
1266 1979 1318 2027 et
1348 1970 1636 2027 illustrior
1679 1972 1789 2027 vita
1832 1972 1972 2041 (vita
2001 1971 2124 2028 haec

2234 1994 2341 2027 νων
2388 1973 2700 2027 ἀνακύπτων
2747 1994 2805 2027 τε
2851 1974 2937 2027 καὶ
2993 1970 3333 2045 ἀναλάμπων
3388 1971 3506 2045 βίος
3552 1972 3733 2045 (οὗτος
3766 1970 3883 2027 δὶὸ

488 2061 932 2117 resurrectionis
964 2064 1086 2115 est:
1123 2065 1186 2115 In
1219 2062 1618 2118 resurrectione
1649 2064 1799 2116 enim
1820 2077 1993 2133 neque
2020 2078 2126 2116 nu-

2234 2069 2333 2131 τῆς
2363 2063 2699 2124 ἀναστάσεως
2749 2061 2809 2116 ἃν
2869 2060 2977 2131 είήσ
3038 2063 3123 2118 Ἐν
3183 2062 3287 2138 γὰρ
3354 2061 3401 2097 ⁹⁰
3466 2064 3535 2133 τῇ
3597 2062 3884 2116 ἀναστάσει

490 2154 615 2207 bent
646 2167 820 2222 neque
848 2152 1127 2206 nubenlur
1158 2153 1233 2219 v),
1278 2153 1508 2223 proprie
1551 2153 1901 2208 attribuatur
1944 2152 2129 2224 Spiri-

2237 2150 2361 2208 οὕτε
2412 2156 2678 2227 γαμοῦσιν
2749 2151 2873 2206 οὕτε
2929 2151 3316 2226 γαμίσκονται,
3385 2149 3600 2211 οἰκείως
3663 2147 3724 2203 ἄν
3784 2150 3886 2228 ἀφ·-

490 2240 598 2295 tui.
636 2239 797 2294 illius
830 2243 1024 2295 autem
1050 2240 1179 2295 vitae
1208 2245 1489 2312 tempore,
1522 2241 1581 2296 in
1606 2258 1721 2314 qua
1756 2245 1947 2312 patres
1981 2240 2127 2297 tilios

2239 2242 2474 2318 ορισθείη
2507 2246 2583 2313 τῷ
2618 2239 2907 2314 ΙΙνε-ὄματι.
2960 2238 3107 2297 Ἔδει
3159 2237 3216 2294 δὲ
3252 2240 3342 2294 τὸν
3394 2241 3531 2313 βίον,
3564 2239 3615 2293 ἐν
3648 2240 3695 2311 ᾧ
3724 2238 3891 2294 πατέ-

492 2330 901 2401 progenerant,
926 2328 1105 2383 Deum
1126 2330 1354 2385 Patrem
1371 2330 1572 2385 ordine
1596 2329 1737 2386 Filio
1760 2332 2126 2402 praepositum

2238 2351 2324 2406 ρες
2356 2328 2553 2392 παῖδας
2604 2331 2819 2407 φύουσι,
2870 2329 2960 2383 τὸν
3023 2329 3150 2384 Θεὸν
3212 2328 3303 2383 καὶ
3366 2328 3576 2402 Πατέρα
3619 2347 3887 2401 προτετα-

492 2416 762 2487 cognosci
792 2418 1117 2487 oportebat,
1152 2434 1267 2473 non
1292 2420 1444 2491 quod
1465 2419 1719 2475 Trinitas
1741 2420 2003 2475 ordinem
2029 2421 2129 2476 ali-

2236 2422 2433 2496 γμένον
2483 2419 2838 2497 γινώσκεσθαι
2890 2424 2987 2474 τοῦ
3035 2420 3185 2490 Υἲοῦ,
3248 2419 3310 2473 οὖ
3350 2425 3449 2487 τῆς
3492 2416 3734 2493 Τριάδος
3786 2420 3888 2486 τήν

489 2522 662 2577 quem
692 2506 945 2577 exigeret
982 2510 1135 2581 (quis
1174 2510 1331 2563 enim
1372 2508 1453 2563 ibi
1493 2508 1633 2565 ordo
1674 2509 1767 2578 sit,
1802 2508 1899 2563 ubi
1934 2526 2127 2580 aequa-

2235 2511 2381 2583 τάξιν
2434 2509 2793 2579 ἀπαιτούσης,
2857 2512 2983 2581 (ποῦ
3048 2508 3149 2583 γὰρ
3215 2508 3385 2578 τάξις,
3456 2502 3577 2561 ἔνθα
3640 2507 3706 2561 τὸ
3771 2507 3887 2562 ἴσον

486 2596 619 2651 litas
652 2596 1037 2653 immutabilis
1069 2598 1281 2670 viget?)
1309 2614 1321 2653 :
1356 2598 1454 2654 sed
1488 2600 1641 2670 quod
1673 2616 1774 2671 per
1808 2615 1937 2654 eum
1971 2599 2125 2654 ordi-

2236 2597 2697 2675 ἀπαράλλακτονς
2736 2602 2751 2671 )
2790 2597 2934 2653 ἀλλὰ
2967 2595 3054 2651 διὰ
3102 2604 3201 2667 τῆς
3254 2596 3304 2650 ἐν
3354 2596 3495 2670 αὐτῇ
3544 2601 3662 2651 κατ’
3703 2597 3886 2651 οἰκονο

486 2700 644 2755 nem,
677 2687 775 2758 qui
810 2688 865 2741 in
898 2688 1025 2759 ipsa
1057 2704 1123 2744 ex
1155 2692 1289 2759 apta
1318 2687 1696 2760 dispositione
1728 2696 1833 2756 est,
1868 2704 1899 2743 a
1929 2687 2127 2745 liberis

2240 2689 2364 2762 μίαν
2418 2688 2618 2761 τάξεως
2658 2688 2782 2747 τοὺς
2832 2689 3061 2761 πατέρας
3099 2687 3355 2758 τιμᾶσθαι
3406 2686 3550 2760 παρά
3599 2689 3707 2740 τῶν
3755 2684 3889 2739 παί-

487 2780 756 2847 parentes
781 2775 1051 2831 honorari
1094 2776 1445 2832 hortaretur.
1492 2775 1740 2846 Spiritus
1772 2792 2004 2846 quoque
2034 2775 2125 2829 di-

2237 2775 2343 2832 δων
2370 2778 2765 2853 παραινούσης.
2799 2776 2901 2833 Καὶ
2950 2777 3010 2830 τὸ
3060 2774 3273 2849 ἀξίωμα
3323 2774 3378 2829 δὲ
3423 2778 3519 2829 τοῦ
3570 2776 3883 2847 Πνεύματος

486 2864 766 2937 gnitatem
797 2881 959 2920 sacra
983 2865 1277 2936 Scriptura
1308 2866 1613 2933 extollens,
1648 2866 1977 2921 universam
1998 2864 2122 2919 Tri-

2235 2870 2269 2937 ἠ
2320 2867 2438 2942 ἱερά
2489 2866 2784 2940 ἐπαίρουσα
2827 2867 3013 2943 Γραφή
3065 2863 3201 2935 ὅλην
3247 2865 3345 2932 τήν
3412 2861 3622 2938 Τριάδα
3671 2867 3739 2937 τῇ
3790 2867 3885 2917 τοῦ

486 2954 728 3009 nitatem
759 2954 998 3027 Spiritu:
1032 2954 1263 3010 nomine
1294 2954 1565 3026 appellat.
1596 2953 1776 3021 Quale
1809 2954 1980 3010 illud:
2009 2954 2127 3024 Spi-

2236 2960 2549 3030 Πνεύματος
2605 2954 2917 3028 ἐξονομάζει
2977 2957 3150 3030 φωνῇ,
3208 2954 3281 3015 ὡς
3337 2954 3423 3020 τὸ,
3485 2955 3708 3024 Πνεῦμα
3780 2957 3795 2990 ¹
3860 2954 3886 3007 ὁ

485 3044 624 3099 ritus
653 3051 736 3099 est
777 3045 946 3100 Deus:
979 3053 1035 3098 et
1074 3060 1161 3099 eos
1192 3046 1287 3115 qui
1324 3044 1553 3101 adorant
1594 3046 1807 3111 cum,in
1848 3044 2047 3116 spiritu
2076 3052 2126 3099 et

2238 3046 2395 3114 Θεὸς,
2462 3045 2549 3098 καὶ
2633 3043 2764 3105 τοὺς
2850 3046 3290 3116 προσκυνοῦντας
3373 3041 3535 3095 αὐτὸν
3603 3039 3654 3095 ἐν
3724 3041 3887 3095 πνεῦ-

481 3135 713 3189 ueritate
737 3136 944 3205 oportet
975 3134 1211 3189 adorare
1238 3149 1295 3189 ξε.
1331 3134 1448 3190 Hoc
1480 3134 1615 3188 item
1645 3150 1657 3187 :
1693 3134 1893 3190 Omnes
1928 3149 2119 3205 pecca-

2238 3156 2367 3208 ματι
2425 3135 2516 3188 καὶ
2578 3133 2811 3204 ἀληθείᾳ
2870 3130 2951 3187 δεῖ
2997 3135 3339 3206 προσκυνεῖν.
3400 3129 3498 3183 Καὶ
3554 3129 3637 3200 τὸ,
3686 3130 3887 3184 Πᾶσα²

480 3229 593 3278 tum
621 3223 935 3279 remittetur
966 3221 1317 3277 hominibus:
1349 3223 1401 3277 ei
1428 3225 1613 3277 autem
1648 3223 1745 3295 qui
1774 3222 2124 3294 blasphema-

2238 3223 2479 3297 ἁμαρτία
2578 3223 2901 3301 ἀφεθήσεται
3016 3226 3132 3283 τοῖς
3224 3219 3561 3294 ἀνθρώποις,
3664 3222 3746 3290 τῷ
3837 3216 3890 3273 δὲ

481 3313 617 3368 verit
648 3313 707 3368 in
738 3311 1006 3382 Spiritum
1037 3319 1309 3379 sanctum,
1340 3327 1449 3367 non
1481 3310 1792 3367 remittetur
1819 3328 1874 3382 y,
1909 3312 1980 3366 de
2003 3314 2121 3367 tota

2238 3312 2655 3390 βλασφημοῦντι
2750 3310 2826 3373 εἷς
2922 3311 2983 3365 16
3079 3312 3295 3381 Πνεῦμα
3382 3308 3445 3362 τὸ
3538 3306 3695 3382 ἅγιον
3794 3304 3889 3362 οὐκ

480 3400 783 3457 divinitate
815 3404 1139 3472 acceptum,
1171 3416 1302 3456 cum
1334 3401 1607 3471 praedicto
1640 3417 1815 3472 scopo
1846 3401 2117 3471 quadrat.

2237 3402 2575 3478 ἀφεθήσεται,
2639 3400 2726 3455 ἐπὶ
2768 3407 2869 3470 τῆς
2924 3400 3184 3470 θεότητος
3242 3396 3378 3468 ὅλης
3438 3395 3708 3473 ἐκληφθέν
3760 3397 3889 3469 σύμ-

483 3490 589 3547 llla
619 3506 851 3561 quoque
884 3506 985 3561 per
1015 3489 1317 3559 speculum
1348 3497 1401 3544 et
1433 3489 1490 3543 in
1522 3489 1835 3561 renigmate
1866 3488 2119 3561 cognitio

2234 3512 2413 3567 φωνον
2467 3490 2529 3545 ἂν
2589 3489 2671 3560 εἶή
2723 3493 2803 3561 τῷ
2876 3488 3265 3563 προειρημένῳ
3317 3489 3524 3556 σκοπῷ.
3586 3486 3685 3539 Καὶ
3742 3486 3776 3555 ἦ
3838 3483 3886 3538 ἐν

483 3578 950 3651 supernaturalis
972 3579 1031 3634 in
1062 3580 1276 3634 Triade
1307 3578 1561 3647 deitatis,
1587 3595 1684 3649 per
1714 3577 1993 3650 Spiritum
2016 3595 2119 3634 no-

2232 3579 2475 3653 ἒσόπτρῳ
2527 3578 2585 3633 δὲ
2640 3583 2839 3652 γνῶσις
2886 3578 2976 3633 καὶ
3025 3579 3060 3647 ἡ
3120 3575 3171 3631 ἐν
3232 3574 3517 3651 αἰνίγματι
3566 3581 3668 3644 τῆς
3728 3575 3884 3647 ὑπερ-

483 3668 572 3725 bis
611 3669 669 3723 in
723 3668 911 3723 futuro
961 3667 1275 3740 perficitur.
1324 3668 1419 3723 Sic
1470 3668 1624 3723 enim
1669 3669 1765 3722 hic
1814 3672 1999 3723 motus
2048 3670 2118 3723 ad

2231 3673 2398 3745 φυοῦς
2447 3669 2497 3722 ἐν
2548 3664 2747 3743 Τριεὶδι
2807 3666 3065 3736 θεότητος
3123 3664 3199 3728 εἷς
3253 3665 3316 3719 τὸ
3374 3661 3584 3718 τέλειον
3642 3660 3729 3716 διὰ
3780 3665 3877 3717 τοῦ

481 3759 766 3832 Spiritum
792 3763 1076 3827 sanctum,
1111 3758 1600 3829 quemadmodum
1635 3760 1883 3814 duorum
1919 3774 2122 3830 praece-

2231 3756 2544 3829 Πνεῦματος
2584 3758 2719 3828 ἡμῖν
2772 3754 3195 3809 ἀποκαθίσταται
3245 3753 3379 3807 κατά
3427 3752 3519 3806 τὸν
3584 3750 3875 3824 μέλλοντα·

482 3848 744 3906 dentium
779 3849 922 3904 alter
952 3849 1021 3903 ad
1056 3849 1306 3918 Patrem,
1331 3846 1477 3903 alter
1507 3848 1576 3902 ad
1613 3847 1824 3903 Filium
1853 3850 2117 3904 refertur.

2229 3848 2449 3919 καὶγὰρ
2490 3846 2648 3906 οὗτος
2696 3848 2717 3881 ⁸
2764 3848 2841 3916 τῷ
2882 3843 3129 3918 παναγίῳ
3180 3842 3477 3915 Πνεῦματι,
3533 3838 3718 3915 ὥσπερ
3766 3844 3869 3896 τῶν

481 3938 589 4004 Qui
619 3941 806 3993 autem
851 3938 1054 3993 ordine
1103 3937 1328 4006 primus
1369 3942 1457 3992 est
1487 3941 1651 3993 terrai
1684 3942 1900 4005 motus,
1934 3942 2118 3992 extre-

2229 3938 2335 4011 πρὸ
2383 3935 2545 3990 αὐτοῦ
2595 3934 2689 3990 δύο
2737 3938 2972 4008 σεισμῶν
3028 3934 3055 3987 6
3111 3933 3203 4005 μὲν
3250 3936 3329 4003 τῷ
3378 3929 3567 4005 Πατρῖ,
3616 3932 3644 3985 ὁ
3696 3928 3755 3985 δὲ
3800 3934 3872 4002 τῷ

481 4042 616 4083 mus
644 4026 798 4083 idem
831 4026 1114 4097 dignitate
1153 4032 1207 4081 et
1256 4026 1529 4082 utilitatis
1573 4026 1978 4101 magnitudine
2010 4030 2117 4082 est.

2228 4029 2340 4098 Υἱῷ
2400 4025 2740 4103 ἀναφέρεται.
2790 4027 2947 4081 ’Έστι
3001 4021 3058 4078 δὲ
3101 4020 3362 4093 δηλονότι
3402 4022 3429 4075 6
3481 4022 3575 4093 μὶν
3618 4023 3689 4093 τῇ
3734 4020 3872 4090 τάξει

479 4117 847 4172 Manifestam
881 4115 1035 4171 enim
1063 4117 1309 4185 gratiam
1343 4116 1523 4171 multo
1546 4133 1671 4172 esse
1695 4116 1818 4188 lego
1840 4116 2120 4187 [antiqua]

2230 4120 2449 4188 πρῶτος
2506 4112 2750 4186 σεισμὸς,
2803 4112 3035 4191 ἔσχατος
3084 4115 3160 4183 τῷ
3228 4132 3287 4165 τε
3337 4110 3602 4182 ἀξιώματι
3656 4109 3750 4163 καὶ
3800 4113 3873 4180 τῷ

481 4206 763 4275 majorem
806 4210 863 4258 et
905 4202 1215 4257 utiliorem.
1265 4206 1478 4258 Verum
1521 4208 1575 4259 et
1607 4205 1902 4260 secundus
1934 4204 2123 4259 minor

2229 4211 2330 4273 τῆς
2367 4202 2633 4279 ὠφελείας
2676 4203 2909 4276 μεγέθει·
2945 4199 3115 4271 δῆλον
3145 4200 3250 4275 γὰρ
3300 4200 3373 4261 ὡς
3403 4200 3437 4267 ὴ
3468 4198 3630 4272 χάρις
3681 4196 3874 4267 πολλῷ

483 4299 572 4350 est
618 4293 808 4359 tertio,
862 4291 1154 4361 siquidem
1203 4291 1357 4346 Nunc
1403 4292 1649 4347 videmus
1696 4311 1795 4364 per
1842 4294 2120 4365 speculum

2231 4298 2325 4350 τοῦ
2358 4295 2530 4367 νόμου
2578 4292 2778 4365 μείζων
2822 4310 2880 4345 τε
2928 4289 3017 4344 καὶ
3069 4286 3501 4361 λυσιτελεστέρα.
3565 4284 3747 4341 ⁹Αλλά
3791 4285 3873 4341 καὶ

483 4386 531 4437 et
555 4384 615 4437 in
644 4381 966 4449 aenigmate:
1003 4386 1135 4434 tunc
1164 4383 1347 4435 autem
1375 4382 1519 4450 faeie
1543 4381 1611 4436 ad
1639 4383 1837 4451 faciem
1857 4399 1907 4437 τ.
1943 4382 2123 4446 Quare

2233 4384 2261 4438 6
2305 4380 2554 4455 δεύτερος
2587 4378 2907 4435 ἐλαττοῦται
2954 4382 3051 4433 τοῦ
3091 4378 3303 4452 τρίτου,
3349 4375 3457 4451 εἷ’γε
3504 4379 3592 4430 νῦν
3645 4377 3742 4447 μὲν
3792 4377 3874 4432 Ἐν

2237 4471 2250 4488 ν
2308 4472 2318 4488 ο
2546 4472 2560 4488 ι
2624 4469 2717 4488 νην
3055 4467 3067 4485 ε
3133 4466 3146 4488 2
3246 4465 3289 4488 ,1
3335 4465 3346 4485 1
3410 4486 3503 4488 η.-
3619 4466 3740 4488 A!__
3827 4461 3874 4488 nx

484 4472 681 4536 etiam,
715 4470 848 4523 Cum
886 4469 1097 4523 venerit
1134 4469 1280 4540 quod
1307 4470 1607 4539 perfectum
1640 4479 1739 4541 est,
1770 4474 2125 4527 evacuabitur

2234 4471 2481 4544 ἐσόπτρῳ
2543 4472 2565 4505 ⁴
2624 4469 2899 4543 βλέπομεν
2979 4467 3070 4521 καὶ
3130 4466 3181 4520 ὲν
3236 4465 3537 4539 αἰνίγματι,
3617 4466 3743 4518 τότε
3825 4461 3876 4518 δὶ

485 4558 627 4632 quod
670 4576 741 4613 ex
776 4561 936 4629 parte
975 4568 1055 4613 est
1101 4575 1154 4612 α.
1189 4558 1257 4612 Ει
1287 4559 1590 4613 considera
1637 4559 1877 4630 [quaeso]
1930 4561 2126 4615 divina

2234 4559 2535 4634 πρόσωπον
2595 4558 2729 4631 πρὸς
2790 4555 3103 4632 πρόσωπον.
3182 4555 3276 4610 Διὸ
3347 4553 3459 4623 καὶ,
3525 4556 3690 4609 Ὅταν
3751 4551 3877 4625 ἔλθῃ

484 4647 780 4722 operantis
838 4647 1217 4702 Providentiae
1275 4648 1463 4702 1806
1514 4647 2011 4718 sapientissimam
2072 4655 2127 4703 et

2233 4649 2295 4703 16
2369 4647 2604 4715 τέλειον,
2695 4646 3169 4721 καταργηθήσεται
3234 4643 3295 4699 τὸ
3372 4641 3431 4697 ἐκ
3494 4642 3713 4715 μέρους.
3778 4640 3873 4697 Καὶ

483 4738 765 4811 aequalem
819 4736 1115 4792 trutinam.
1179 4736 1499 4793 Videbatur
1547 4739 1713 4793 Pater
1760 4738 1968 4809 priscis
2010 4739 2127 4795 illis

2236 4736 2422 4791 σκόπει
2448 4740 2547 4803 τῆς
2580 4736 2837 4808 θεουργοῦ
2877 4736 2897 4769 ⁵
2946 4733 3211 4807 Προνοίας
3259 4732 3351 4785 τὸν
3400 4728 3674 4803 πάνσοφόν
3706 4750 3765 4784 τε
3792 4727 3877 4782 καὶ

482 4828 834 4902 praecipuam
867 4827 1204 4898 dignitatem
1238 4826 1531 4883 obtinere:
1564 4843 1918 4900 rursumque
1950 4829 2127 4885 Filius

2236 4825 2445 4903 ἆρῥεπῆ
2481 4823 2660 4897 ζυγόν.
2707 4824 2835 4897 [323
2867 4827 2959 4894 Η.]
2991 4824 3053 4879 Ὀ
3100 4822 3286 4895 Πατὴρ
3330 4817 3503 4875 ἐδόκει
3549 4824 3665 4880 τοῖς
3710 4816 3876 4874 πάλαι

478 4919 537 4975 ἱιι
569 4934 719 4975 nova
747 4916 869 4987 lege
887 4915 1238 4987 quibusdam
1268 4915 1579 4984 minorem,
1619 4922 1678 4971 at
1710 4917 1910 4974 multis
1940 4935 2127 4990 aequa-

2234 4917 2297 4971 16
2360 4920 2543 4989 μεῖζον
2603 4912 2771 4987 ἔχειν,
2833 4912 2860 4966 6
2911 4911 3035 4975 Υἱὸς
3088 4908 3145 4965 δὲ
3194 4909 3361 4964 πάλιν
3412 4907 3550 4963 κατᾶ
3604 4908 3705 4976 τήν
3763 4908 3877 4962 νέαν

480 5008 590 5064 lem
620 5024 630 5061 :
660 5006 913 5079 Spiritus
943 5021 1075 5060 vero
1101 5008 1343 5060 sanctus
1368 5003 1568 5059 multis
1592 5006 1901 5076 minorem,
1924 5008 2127 5079 paucis

2237 5005 2402 5065 ἐνίοις
2440 5003 2534 5075 μὶν
2561 5004 2624 5057 τὸ
2673 4996 2922 5073 ἔλαττον,
2971 5005 3090 5060 τοῖς
3142 4997 3384 5060 πολλοῖς
3427 4995 3485 5052 δὶ
3529 4997 3590 5052 τὸ
3635 4995 3783 5051 ἶσόν·
3821 4997 3877 5051 τὸ

481 5096 783 5167 aequalem.
819 5095 891 5150 Ut
912 5094 1092 5165 igitur
1113 5110 1179 5149 ex
1207 5092 1511 5149 hominum
1542 5094 1819 5165 opinione
1842 5078 1964 5152 orta
1996 5097 2132 5153 inae-

2240 5090 2297 5147 δὶ
2330 5094 2478 5166 ἅγιον
2516 5092 2733 5161 Πνεῦμα
2780 5092 2896 5148 τοῖς
2938 5085 3175 5148 πολλοῖς
3224 5086 3317 5159 μὶν
3363 5085 3425 5139 16
3474 5078 3724 5156 ἔλαττον,
3772 5082 3879 5139 ὀλί-

482 5183 733 5254 qualitas
765 5184 833 5237 ad
886 5181 1280 5253 aequalitatem
1328 5182 1721 5252 reduceretur,
1765 5186 1990 5256 primus
2030 5185 2132 5243 ille

2237 5203 2355 5261 γοις
2377 5180 2433 5236 δὶ
2459 5181 2521 5235 τὸ
2558 5178 2691 5238 ἴσον.
2746 5180 2861 5235 ’Ίνα
2904 5176 2997 5232 οῦν
3046 5177 3109 5232 16
3153 5175 3333 5231 ἄνισον
3368 5175 3430 5229 τὸ
3475 5173 3582 5228 ἀπὸ
3625 5179 3726 5242 τῆς
3774 5176 3876 5227 τῶν

554 5288 572 5335 t
615 5280 663 5334 ll
705 5281 833 5335 Cor.
876 5297 915 5344 ι,
948 5280 1038 5335 22.
1099 5295 1136 5334 u
1168 5279 1371 5351 Ephes.
1407 5296 1447 5343 ι,
1481 5280 1574 5349 14ς
1612 5280 1779 5337 Rom.
1824 5300 1952 5351 vur,
1987 5286 2085 5351 .23.
2147 5303 2177 5340 ιι

2227 5282 2427 5340 Matth.
2472 5295 2606 5347 xxu,
2645 5278 2733 5332 30.
2787 5294 2829 5333 ω
2856 5276 3024 5333 Joan.
3066 5293 3143 5345 iv,
3174 5277 3264 5331 24.
3323 5291 3356 5347 y
3388 5272 3596 5329 Matth.
3643 5288 3745 5338 xu,
3778 5273 3879 5341 3t;

485 5351 663 5406 Marc.
700 5367 784 5419 ιιι,
813 5352 918 5419 29;
954 5352 1089 5407 Luc.
1124 5366 1225 5421 xu,
1261 5353 1345 5408 10.
1405 5367 1436 5405 z
1468 5353 1487 5407 Ι
1520 5352 1648 5407 Cor.
1684 5370 1805 5425 xm,
1842 5356 1926 5409 12.
1987 5373 2019 5408 a
2052 5357 2193 5411 ibid.
2231 5358 2319 5410 10.

1834 5445 2073 5500 VARle
2110 5439 2519 5500 LECTIONES.

557 5528 606 5563 9⁵
636 5527 918 5603 ὲπιμαρτ.]
952 5529 998 5585 ΙΙ
1030 5532 1157 5584 Cor.
1188 5546 1226 5599 ι,
1266 5529 1355 5584 22.
1482 5528 1530 5563 9°
1559 5526 1876 5603 πολλαχοῦ]
1920 5529 2175 5605 ἀλλαχοῦ
2226 5526 2603 5586 Hmschelius.
2706 5524 2753 5559 ⁵⁷
2802 5521 3023 5601 ἀρῥα6.]
3078 5525 3290 5635 Ephes.
3344 5523 3509 5592 ι,14.
3619 5520 3669 5556 ⁸⁸
3720 5520 3886 5594 ἀπαρο

557 5600 622 5635 L..1
663 5600 803 5635 Dnm
870 5608 968 5635 unt
1032 5602 1100 5635 ενι
1262 5597 1390 5635 σοις,
1430 5598 1555 5635 "Ad
1588 5601 1762 5635 υηιηι
1837 5620 1953 5635 νυ..
2026 5606 2091 5635 0n
2218 5606 2234 5635 ί
2276 5599 2507 5635 ...ηεῧηηῖ
2558 5598 2699 5635 Jn-n
2774 5615 2849 5635 πυ·
2894 5600 2960 5635 οι
3176 5592 3341 5635 wing]
3392 5592 3565 5635 Matth
3644 5610 3744 5635 IIL
3797 5598 3851 5635 34H

488 5600 622 5711 20713]
663 5592 828 5711 R621
870 5592 991 5711 vluti
1032 5602 1126 5689 23.,
1211 5592 1221 5599 ’
1262 5597 1555 5711 Ἷξνργᾶρ]
1588 5592 1788 5711 Matth):
1837 5592 1988 5711 x'x'ua
2024 5592 2111 5659 30'.
2188 5606 2243 5711 κζ
2276 5599 2507 5711 ἓνεῦμα]
2556 5598 2721 5682 Jgan.
2774 5592 3022 5711 r‘v,'24.'
3123 5592 3148 5635 δ
3176 5592 3341 5660 πᾶσα]
3390 5592 3587 5652 Matth.
3644 5610 3747 5661 xu,
3796 5592 3881 5650 31.

541 5669 713 5731 οὕτως
907 5675 928 5708 ⁶
958 5669 1009 5726 ἐν
1042 5670 1310 5743 ἐσόπτρῳ]
1348 5673 1367 5727 Ι
1401 5669 1683 5739 Οὐὰ-ιω,
1718 5673 1804 5727 12.
1910 5675 1930 5711 ⁸
1961 5676 2243 5750 θεουργοῦ]
2276 5669 2623 5745 δημεουργοῦ
2656 5687 2736 5739 pr.
2774 5673 2840 5725 A.
