4116 6224
265 315 370 376 780

1343 311 1892 376 BIBLIOTHECA.
1951 345 2022 358 -—
2064 313 2240 374 COD.
2289 315 2568 377 CCXXII.

3543 323 3659 384 790

265 447 552 521 ἀνθρώπων
602 445 934 520 ὑπολήψεως
983 465 1060 507 εις
1102 444 1328 515 ίσότητα
1371 443 1673 520 ἐπαναχθῇ,
1728 445 1756 498 6
1804 446 1900 518 μὲν

2029 451 2182 504 terra:
2199 453 2415 519 motus,
2431 451 2526 521 qui
2541 450 2692 506 Patri
2710 452 3028 508 attributus
3041 454 3444 524 est,minorem
3475 454 3659 528 digni-

266 540 468 611 πρῶτος
506 536 752 610 σεισμὸς,
785 535 848 597 ’ὸς
891 535 1174 611 ἀφώριστο
1212 539 1290 606 τῷ
1329 535 1524 610 Πατρὶ,
1572 535 1633 589 τὸ
1680 532 1905 589 ἔλαττον

267 624 433 704 ἔσχεν,
467 626 495 679 6
526 623 584 680 δὲ
624 622 892 697 δεύτερος,
926 625 986 686 ὃς
1016 627 1081 694 ἦν
1134 627 1215 696 τῷ
1263 625 1395 697 Titi),
1437 627 1499 679 τὸ
1538 623 1748 679 ἐκείνου
1795 629 1909 696 μεῖ·

269 721 370 786 ζον,
399 715 489 769 καὶ
521 715 550 769 6
578 718 676 770 τοῦ
710 713 1026 785 Πνεὺματος
1070 713 1270 791 ἀμφοῖν
1318 713 1609 789 ὑπερὲχον.
1653 713 1756 768 Καὶ
1806 713 1906 787 δρα

275 807 446 880 σαφῶς
489 803 700 871 ὅπωςὴ
735 802 788 857 ἐν
837 807 958 863 ταῖς
1003 807 1112 857 τῶν
1162 803 1461 879 ἀνθρώπων
1509 799 1688 872 δόξαις
1735 800 1909 855 ἄνισό-

274 913 362 963 της
392 889 524 946 διιὲι⁸
561 893 661 957 τῆς
696 895 807 946 τῶν
856 894 1022 966 τριῶν
1065 896 1270 965 καιρῶν
1320 890 1638 960 ἀνισότητος
1687 889 1761 953 εἷς
1807 887 1906 964 ἆρο

273 981 592 1057 ῥεπεστάτην
638 1000 698 1036 τε
750 979 843 1036 καὶ
900 983 1200 1052 θαυμασίαν
1254 975 1606 1050 συνεϐιϐάσθη
1659 978 1903 1050 ἰσότητα,

271 1073 385 1146 [625
412 1073 503 1144 3.]
547 1075 649 1140 τῆς
686 1066 977 1146 τριαδικῆς
1030 1069 1292 1145 θεαρχίας
1337 1068 1518 1143 ὥσπερ
1568 1068 1740 1146 αὐγὴν
1789 1088 1907 1123 τινα

270 1158 668 1235 παραδεξαμένη
715 1161 736 1196 ⁷
784 1160 874 1213 καὶ
928 1157 1224 1233 ἔλλαμψιν.
1275 1161 1398 1217 Ὀτι
1447 1156 1504 1214 δὲ
1533 1161 1566 1228 ἡ
1618 1157 1670 1212 ἐν
1711 1155 1906 1232 Τριάδι

267 1249 400 1322 τάξις
436 1251 536 1318 τὴν
581 1249 692 1304 τῶν
737 1246 966 1303 πολλῶν
1015 1248 1334 1321 οἰκονομίαν
1385 1248 1728 1322 στοχάζεται,
1779 1243 1909 1300 ἀλλ’

272 1339 366 1394 οὑκ
390 1339 495 1393 ἂπὸ
539 1343 640 1408 τῆς
701 1337 1008 1416 ὑπερφυοῦς
1066 1335 1270 1407 ἐκείνης
1327 1337 1418 1392 καὶ
1479 1336 1718 1413 ἀρρήτου
1771 1334 1904 1410 βλα·

273 1427 441 1484 στάνει
489 1427 720 1506 φύσεως,
779 1427 807 1482 6
853 1429 960 1481 τῶν
1003 1424 1329 1501 ἀπορῥήτων
1384 1425 1592 1499 μύστης
1641 1422 1904 1492 διδάσκει,

271 1519 327 1580 ὃς
355 1517 440 1572 καὶ
469 1517 558 1572 τὸν
589 1517 714 1571 Υίὸν
746 1517 836 1570 καὶ
889 1519 1106 1588 Πνεῦμα
1154 1513 1458 1586 θεόληπτον
1503 1516 1702 1588 μύησιν
1746 1509 1902 1588 ἔσχεν

271 1604 425 1663 ὶνίοτε
497 1608 596 1660 τοῦ
667 1605 879 1677 ΙῙατρὸς
944 1604 1283 1678 προτάττειν·
1356 1604 1651 1678 Διαιρέσεις
1714 1603 1740 1638 ⁸
1801 1603 1908 1678 γὰρ

272 1696 621 1771 χαρισμάτων
688 1691 814 1762 εῗσὶ,
882 1693 970 1747 καὶ
1066 1693 1129 1747 τὸ
1224 1692 1376 1761 αὐτὸ,
1446 1693 1600 1770 φησὶ,
1666 1695 1909 1764 Πνεῦμα·

2022 539 2203 592 tatem
2229 537 2461 593 habuit:
2486 541 2778 596 secundus
2802 541 2957 609 dein,
2982 542 3078 613 qui
3104 543 3228 597 Filii
3251 547 3394 612 erat,
3417 543 3514 602 illo
3537 561 3657 602 ma-

2012 627 2230 697 jorem:
2256 627 2580 699 tertiusque
2600 629 2844 700 Spiritus
2867 631 3076 699 sancti,
3101 636 3345 704 utroque
3369 633 3657 692 excellen-

2016 716 2245 772 tiorcm.
2269 719 2354 772 Ita
2378 717 2529 774 clare
2553 719 2891 791 perspicias,
2927 721 3217 792 quomodo
3241 739 3370 793 quas
3391 724 3452 780 in
3473 724 3658 781 homi-

2016 821 2158 860 num
2191 809 2280 860 est
2300 807 2568 877 opinione
2592 808 2978 879 inaequalitas,
3007 826 3104 880 per
3124 812 3302 866 trium
3329 816 3657 883 temporum

2015 893 2489 963 inaequalitatem,
2507 897 2562 950 in
2580 897 2985 952 admirandam
3005 914 3070 954 ac
3083 899 3348 955 stabilem
3364 901 3660 971 aequalita-

2019 987 2133 1038 tem
2167 983 2385 1053 coierit,
2408 985 2710 1041 Trinitatis
2744 987 3046 1057 majestate
3077 988 3255 1044 veluti
3289 989 3657 1061 splendorem

2018 1072 2328 1143 quemdam
2372 1089 2437 1127 ac
2480 1071 2667 1130 lucem
2713 1075 3050 1146 accipiente.
3103 1077 3265 1142 Quod
3297 1093 3428 1134 vero
3469 1080 3567 1150 qui
3597 1079 3658 1135 in

2015 1159 2301 1216 Trinitate
2351 1165 2441 1217 est
2486 1163 2645 1230 ordo,
2693 1164 2847 1230 vulgi
2893 1166 3180 1222 duntaxat
3227 1167 3657 1224 ordinationem

2017 1256 2260 1320 spectet,
2301 1267 2417 1307 non
2461 1256 2657 1307 autem
2702 1270 2768 1308 ex
2814 1254 3098 1310 ineffabili
3130 1261 3186 1310 et
3230 1256 3659 1328 supernaturali

2017 1342 2230 1394 natura
2264 1349 2591 1412 promanet,
2619 1359 2964 1398 arcanorum
2997 1343 3094 1399 ille
3121 1349 3308 1416 mysta
3339 1346 3525 1414 docet,
3559 1345 3660 1418 qui

2016 1425 2296 1482 divinitus
2337 1444 2465 1484 eam
2508 1430 2940 1487 institutionem
2982 1433 3222 1503 accepit,
3265 1437 3326 1488 ut
3360 1433 3570 1490 Filium
3601 1438 3660 1490 et

2017 1513 2297 1584 Spiritum
2346 1517 2701 1590 quandoque
2753 1522 2887 1574 ante
2933 1519 3160 1575 Patrem
3212 1520 3457 1577 locaret:
3515 1521 3662 1576 Divi-

2015 1603 2195 1658 siones
2241 1607 2386 1660 enim
2440 1608 2756 1674 gratiarum
2802 1614 2953 1676 sunt,
3006 1609 3220 1680 inquit,
3274 1609 3419 1665 idem
3477 1615 3660 1666 autem

2017 1689 2291 1761 Spiritus:
2334 1693 2630 1750 divisiones
2666 1697 3169 1766 ministrationum,
3203 1706 3252 1754 ει
3282 1698 3428 1753 idem
3459 1699 3659 1753 Domi-

273 1780 547 1858 διαιρέσεις
590 1780 644 1837 δὶ
698 1780 1010 1852 διακονιῶν,
1070 1782 1160 1836 καὶ
1226 1783 1254 1836 6
1319 1769 1479 1842 αὐτὸς
1539 1782 1751 1855 Κύριος·
1812 1779 1914 1859 καὶ-

2029 1796 2114 1836 ius
2142 1791 2195 1837 et
2225 1783 2523 1840 divisiones
2562 1785 2967 1856 operationum,
3008 1786 3259 1859 idemque
3296 1794 3438 1843 Deus
3473 1788 3523 1843 b.
3575 1788 3660 1842 Ad

274 1854 550 1948 διαιρέσεις
625 1871 1041 1946 ἐνεργημάτων,
1118 1871 1210 1926 καὶ
1271 1872 1298 1926 6
1358 1871 1518 1932 αὐτὸς
1596 1854 1745 1932 Θεός.
1815 1854 1919 1948 Καξ

267 1963 390 2036 πρὸς
459 1959 712 2023 Γαλάτας
777 1961 819 1996 θ’
883 1959 1101 2022 Παύλος
1163 1962 1191 2015 6
1250 1959 1578 2030 ἀπόστολος,
1667 1959 1766 2014 οὐκ
1829 1960 1903 2014 ἀπ

270 2051 562 2126 ἀνθρώπων
623 2047 749 2105 οὐδὲ
811 2047 882 2104 δι’
947 2047 1269 2124 ἀνθρώπων,
1352 2048 1498 2104 ἀλλὰ
1582 2046 1673 2103 διὰ
1733 2050 1918 2120 Ἰησοῦ

269 2143 497 2215 Χριστοῦ
530 2140 650 2207 ξκαί
709 2143 844 2196 Θεοῦ
903 2138 1133 2214 Πατρός.
1191 2141 1352 2194 Ὥστε
1420 2139 1483 2193 τὸ
1529 2139 1918 2215 προτάττεσθαι

265 2213 347 2285 καὶ
377 2225 776 2285 ὑποτάττεσθαι
823 2229 890 2284 τά
941 2231 986 2266 ¹⁰
1024 2213 1134 2297 τῆς
1199 2229 1502 2305 θεαρχικῆς
1551 2225 1781 2303 Τριάδος
1825 2213 1912 2282 καὶ

269 2324 429 2375 πᾶσαν
464 2319 617 2389 τάξιν
659 2317 750 2373 καὶ
805 2316 981 2372 πάντα
1030 2315 1193 2392 λόγον
1254 2317 1628 2392 ὑπερεχούσης
1677 2318 1918 2390 ὀνόματα

272 2406 374 2482 οὐχ
434 2407 623 2483 εἷρμόν
693 2428 814 2464 τινα
871 2407 1094 2485 φυσικὸν
1158 2404 1410 2477 διασώζει
1476 2407 1698 2477 τάξεως,
1771 2405 1918 2461 ἀλλά

269 2499 400 2572 πρὸς
439 2501 542 2567 τήν
591 2501 701 2554 τῶν
749 2498 1027 2572 ἀκροατῶν
1077 2495 1350 2572 σωτηρίαν
1403 2496 1776 2569 οἰκονομεῖται
1824 2496 1911 2550 καὶ

271 2585 728 2644 διαποικίλλεται.
762 2590 940 2644 Ταῦτα
995 2587 1089 2660 μὲν
1138 2583 1230 2640 οὖν
1293 2587 1336 2624 ίί
1387 2587 1414 2640 6
1468 2583 1684 2649 κλεινός
1728 2606 1786 2640 τε
1823 2585 1911 2639 καὶ

269 2680 370 2731 τῶν
398 2675 564 2732 θείων
603 2676 944 2747 μαθημάτων
977 2671 1239 2748 διάπυρος
1271 2673 1499 2746 ἐραστὴς
1547 2673 1683 2728 κοιτᾶ
1724 2672 1786 2728 τὸ
1831 2669 1916 2727 λα’

269 2784 322 2820 τε
357 2766 443 2822 καὶ
500 2766 557 2841 β’
613 2762 919 2842 κεφάλαιον
974 2761 1491 2840 φιλοπονησάμενος
1542 2761 1914 2838 ἐπραγματεύ-

271 2874 416 2911 σατυ.

329 2942 416 2998 Ἐν
450 2940 509 2996 δὲ
570 2944 652 3013 τῷ
700 2941 822 3013 ὶξῆς
864 2938 1144 3015 κεφαλαίῳ
1202 2938 1375 2999 άῗτίας
1429 2937 1609 3009 τίθησι
1670 2936 1739 2992 δι’
1786 2937 1847 3001 ’ὰς
1879 2941 1914 3007 ἡ

266 3028 468 3086 Παλαιὰ
493 3028 597 3086 καὶ
630 3029 739 3086 Νὲα
770 3030 1008 3100 Διαθήκη
1040 3033 1120 3102 τῷ
1152 3026 1449 3100 δυσλήπτῳ
1490 3047 1550 3082 τε
1587 3027 1677 3082 καὶ
1728 3024 1917 3102 δυσερ-

269 3121 513 3192 μηνεὺτῳ
550 3093 932 3189 ποικίλλεται,
962 3093 1008 3172 εί
1058 3093 1148 3172 καὶ
1202 3093 1431 3190 μᾶλλον.
1469 3117 1563 3190 μὲν
1609 3118 1644 3185 ἡ
1680 3093 1914 3186 Παλαιίά,
1949 3093 1991 3160 C

265 3209 418 3277 ἦττον
461 3207 520 3266 δὶ
553 3210 627 3265 τά
655 3214 756 3278 τῆς
796 3209 1048 3284 χάριτος.
1080 3209 1186 3264 Καὶ
1218 3206 1308 3263 ἐπὶ
1354 3209 1446 3280 μὲν
1497 3211 1593 3262 τοῦ
1621 3210 1918 3263 Μωσαῖκοῦ

264 3298 590 3373 γράμματός
640 3318 802 3370 φησιν
858 3295 965 3365 ὅτι,
1009 3296 1123 3352 ἐπεὶ
1174 3296 1344 3358 τύπος
1386 3297 1452 3366 ἦν
1499 3297 1590 3351 καὶ
1642 3295 1764 3351 σκιᾶ
1809 3299 1916 3350 τῶν

267 3385 588 3460 μελλόντων
634 3387 874 3462 ἀγαθῶν,
907 3387 1133 3449 εἰκότως
1166 3387 1242 3449 ὡς
1275 3385 1326 3440 ἰν
1383 3390 1507 3457 σκιᾷ
1545 3407 1603 3441 τε
1631 3385 1720 3440 καὶ
1767 3387 1922 3458 τύπῳ

262 3476 350 3531 καὶ
379 3479 520 3534 αὑτά
567 3481 618 3516 ¹³
651 3477 718 3532 τὰ
749 3478 971 3551 ῥήματα
1018 3476 1108 3532 καὶ
1160 3477 1260 3545 τήν
1306 3480 1414 3530 τῶν
1483 3475 1744 3550 ῥημάτων
1793 3494 1921 3528 συν-

267 3568 434 3639 θήκην
469 3565 888 3645 προϐάλλεται,
939 3565 1008 3622 δι’
1057 3565 1130 3621 ὧν
1181 3568 1432 3642 κρατεῖή
1468 3566 1712 3643 ἀσάφεια.
1766 3565 1918 3635 Πλήν

262 3677 318 3730 γε
344 3659 486 3714 κατᾶ
523 3659 628 3719 τὰς
675 3654 876 3718 διπλᾶς
931 3662 1030 3726 τῆς
1084 3654 1410 3728 νομοθεσίάς
1455 3655 1666 3716 πλάκας
1721 3652 1922 3722 διπλῆν

266 3745 350 3800 καὶ
408 3749 512 3817 τήν
574 3747 770 3822 χρείαν
826 3746 1150 3821 παρέχεται,
1215 3750 1333 3808 τοῖς
1391 3746 1485 3819 μὲν
1561 3740 1922 3813 ἀναϐεϐηκόσι

261 3835 352 3890 τὸν
401 3841 534 3892 νοῦν
596 3837 704 3904 τήν
757 3826 955 3911 αἴγλην
1011 3830 1208 3890 ἔσωθεν
1260 3835 1709 3908 ἀπαστραπτοντα
1740 3836 1782 3869 ⁸³
1822 3834 1921 3901 τὴν

261 3922 354 3977 τοῦ
385 3924 740 3998 Πνεόματος,
789 3922 919 3985 τοὺς
981 3921 1038 3978 δὲ
1093 3923 1437 3999 παχυτέρους
1486 3925 1926 3997 ψυχαγωγοῦντα

260 4010 328 4086 τῇ
383 4013 738 4090 σκιαγραφίᾳ
790 4012 887 4067 τοῦ
946 4013 1288 4088 γράμματος.
1349 4011 1677 4083 Ἐκὲκρυπτο
1747 4007 1804 4064 δὲ
1859 4011 1926 4064 τά

263 4100 544 4172 μέλλοντα
578 4102 785 4179 ἀγαθὰ,
821 4101 894 4156 ὧν
927 4103 962 4171 ὴ
999 4108 1093 4170 τῆς
1142 4099 1378 4177 Τριάδος
1416 4105 1614 4176 γνῶσις
1653 4101 1712 4155 τὸ
1762 4099 1928 4176 κειρά-

260 4185 434 4259 λαιον,
480 4189 531 4246 δ’
585 4190 657 4254 ’ἀς
710 4189 888 4252 αἶ’τίας
941 4189 1216 4251 πολλάκις
1282 4187 1728 4264 ἀποδεδώκαμεν,
1783 4187 1927 4263 λέγω

262 4276 326 4348 δὴ
368 4277 463 4335 διά
493 4301 556 4336 τε
589 4285 708 4337 τῶν
749 4280 1032 4352 ἀκροατῶν
1071 4280 1133 4334 τὸ
1176 4279 1392 4342 ἀσθενὲς
1437 4278 1525 4333 καὶ
1578 4275 1665 4332 διὰ
1714 4278 1776 4332 τὸ
1827 4277 1928 4332 λα-

258 4370 365 4425 θεῖν
414 4371 512 4426 τὸν
585 4369 842 4448 ἄρχοντα
890 4371 988 4424 τοῦ
1045 4367 1293 4436 σκότους,
1351 4369 1438 4423 καὶ
1500 4369 1671 4441 τρίτον
1723 4365 1815 4421 ’ίνα
1870 4365 1930 4421 ἐκ

263 4458 428 4533 μέσου
490 4457 794 4518 παντελῶς
836 4458 972 4534 ἀρθῇ
1028 4458 1092 4512 τὸ
1121 4455 1414 4526 πολύθεον,
1469 4455 1741 4530 μηδεμιᾶς
1787 4475 1928 4531 προ-

261 4547 477 4623 φάσεως
517 4551 653 4610 τοῖς
699 4541 1142 4619 πεπλανημένοις
1191 4565 1250 4600 τε
1294 4545 1384 4600 καὶ
1434 4543 1819 4620 ἀμαθεστέροις
1871 4543 1930 4599 ἐκ

256 4639 352 4689 τοῦ
381 4637 488 4705 τὴν
540 4632 772 4711 Τριάδα
817 4635 1176 4710 κηρύττεσθαι
1227 4639 1408 4713 σαφῶς
1457 4635 1547 4690 καὶ
1597 4635 1772 4710 χωρὶς
1821 4655 1929 4690 πα-

262 4723 736 4799 ρακαλυμμᾶτων
797 4721 1236 4798 ὑπολειπομένης
1284 4726 1421 4802 πρὸς
1483 4723 1775 4796 πλάνησιν.
1827 4725 1928 4782 Καὶ

259 4809 401 4871 ἔοικε
437 4815 511 4870 τὰ
562 4815 699 4887 ἱερᾶ
734 4813 1037 4888 Γράμματα
1086 4813 1363 4895 χρυσίτιδι
1409 4820 1501 4891 γῇ,
1543 4819 1666 4887 ἣτις
1715 4816 1776 4871 οὺ
1825 4820 1931 4871 πᾶ-

259 4923 341 4956 σιν
372 4901 503 4960 οὐδὲ
528 4908 667 4967 τοῖς
694 4907 979 4980 τυχοῦσιν,
1011 4907 1137 4980 [324
1168 4907 1260 4981 ΙΙ.]
1282 4905 1428 4962 ἀλλὰ
1462 4911 1579 4968 τοῖς
1612 4906 1928 4981 φιλοπόνως

256 4993 344 5046 καὶ
377 4993 792 5068 ὶπιστημόνως
854 4991 1249 5068 μεταλλεόουσι
1304 4997 1366 5050 τό
1406 5016 1465 5051 τε
1514 4995 1742 5072 χρυσίον
1779 4992 1931 5050 δόκι-

259 5103 357 5152 μον
400 5085 497 5138 καὶ
558 5083 628 5138 τὸ
705 5079 895 5156 κὲρδος
950 5086 1063 5138 τῶν
1120 5083 1300 5139 πόνων
1374 5089 1556 5158 μεῖζον
1613 5085 1931 5160 παρέχεται.

251 5172 458 5248 Ὠσπερ
512 5169 620 5227 οῦν
675 5169 867 5233 πενίας
898 5170 1000 5226 οὐκ
1043 5170 1448 5229 ἂπαλλάττεται
1485 5173 1512 5228 6
1568 5175 1666 5244 την
1733 5172 1935 5247 μεταλ·-

321 5301 350 5356 b
384 5301 403 5356 Ι
437 5302 578 5357 Cor.
613 5314 727 5369 xxI,
756 5300 846 5355 24.
876 5315 906 5357 c
934 5300 1119 5357 Galat.
1152 5318 1193 5368 ι,
1215 5303 1270 5358 4.

2031 1872 2255 1928 Galatas
2286 1888 2506 1944 quoque
2544 1874 2836 1931 scribens:
2871 1875 3081 1931 Paulus
3119 1877 3414 1948 apostolus,
3459 1893 3568 1934 non
3597 1877 3663 1932 ab

2028 1961 2362 2029 nominibus,
2403 1979 2576 2034 neque
2612 1980 2708 2034 per
2737 1962 3002 2031 homines,
3045 1963 3137 2019 sed
3164 1980 3262 2036 per
3288 1966 3471 2021 Iesum
3504 1966 3664 2022 Chri-

2026 2061 2194 2116 stum,
2217 2059 2267 2106 et
2296 2053 2463 2108 Deum
2485 2053 2702 2107 Patrem
2724 2068 2770 2108 c.
2797 2054 2984 2117 Quare
3006 2053 3155 2123 quod
3179 2052 3386 2109 divinaa
3411 2053 3666 2110 Trinita-

2025 2140 2127 2210 tis,
2159 2157 2285 2213 quae
2318 2156 2550 2196 omnem
2580 2145 2637 2196 et
2676 2141 2940 2197 ordinem
2977 2149 3033 2196 et
3060 2157 3389 2198 sermonem
3421 2143 3663 2209 excedit,

2027 2233 2265 2286 nomina
2303 2231 2474 2286 modo
2523 2235 2957 2303 praeponuntur,
3008 2232 3178 2286 modo
3224 2237 3663 2300 postponantur,

2027 2337 2142 2375 non
2174 2320 2231 2375 id
2283 2321 2494 2376 seriem
2532 2319 2791 2392 aliquam
2835 2320 3159 2376 naturalem
3202 2323 3422 2388 tuetur,
3462 2321 3559 2375 sed
3593 2319 3664 2374 ad

2026 2409 2358 2465 auditorum
2402 2410 2653 2465 salutem
2692 2409 2849 2464 varie
2899 2409 3335 2466 accomodatur.
3378 2409 3509 2464 Haec
3537 2423 3666 2464 vero

2025 2496 2274 2570 inclytus
2303 2499 2634 2568 ardensque
2673 2496 3005 2552 divinarum
3037 2496 3476 2565 disciplinarum
3507 2510 3669 2550 ama-

2026 2590 2116 2642 tor
2146 2587 2435 2642 tricesimo
2469 2587 2654 2657 primo
2696 2587 2883 2658 capite
2913 2590 2969 2640 et
3008 2584 3183 2641 altero
3215 2584 3474 2640 studiose
3505 2582 3664 2639 labo-

2025 2677 2204 2731 rando
2236 2676 2628 2748 pertractavit.

2098 2943 2187 2999 33.
2236 2941 2508 2997 Proximo
2559 2939 2766 2995 dehinc
2816 2939 3004 3011 capite
3049 2953 3259 2994 causas
3308 2935 3514 3006 reddit,
3566 2953 3669 2996 cur

2030 3037 2147 3088 tam
2179 3032 2404 3087 Novum
2451 3045 2626 3102 quam
2675 3028 2854 3083 Vetus
2896 3032 3324 3084 Testamentum
3365 3025 3666 3082 intellectu

2030 3127 2206 3193 atque
2243 3120 2547 3191 explanata
2595 3117 2933 3174 difﬁcilibus
2969 3117 3114 3173 locis
3155 3117 3537 3172 intertextum
3569 3115 3665 3186 sit,

2028 3208 2136 3264 etsi
2167 3208 2348 3263 Vetus
2391 3209 2831 3262 Testamentum
2866 3205 3018 3275 plus,
3053 3203 3247 3259 minus
3278 3218 3409 3259 vero
3440 3203 3663 3258 Novum

2029 3296 2368 3368 bujusmodi
2400 3297 2819 3351 difficultatum
2853 3294 3079 3349 habeat.
3114 3293 3183 3348 Et
3213 3307 3390 3364 super
3417 3291 3667 3347 Mosaico

2030 3387 2264 3460 quidem
2308 3385 2526 3457 scripto
2557 3385 2830 3454 afﬁrmat,
2867 3381 3336 3454 quandoquidem
3370 3386 3540 3453 typus
3570 3379 3672 3436 illa

2030 3480 2197 3532 erant
2227 3480 2283 3531 et
2309 3475 2519 3530 umbra
2552 3476 2882 3530 futurorum
2927 3473 3240 3542 bonorum,
3281 3469 3487 3526 merito
3518 3473 3583 3525 ut
3610 3470 3670 3524 in

2032 3569 2167 3638 typo
2191 3570 2364 3636 atque
2387 3564 2590 3620 umbra
2611 3579 2742 3617 cum
2767 3561 2942 3616 verba
2963 3565 3084 3615 tum
3109 3561 3418 3615 verborum
3441 3574 3673 3629 compo-

2031 3656 2300 3710 sitionem
2335 3653 2628 3724 ejusmodi
2658 3652 2933 3724 prol‘erre,
2970 3666 3068 3721 per
3099 3665 3224 3719 quis
3255 3651 3536 3702 cresceret
3565 3647 3677 3702 ob-

2033 3743 2300 3798 scuritas.
2325 3744 2668 3812 Quanquam
2693 3740 2814 3795 haec
2837 3739 2892 3792 in
2917 3737 3250 3808 duplicibus
3268 3735 3408 3805 legis
3431 3733 3671 3803 tabulis,

2032 3831 2327 3903 geminam
2368 3845 2600 3901 quoque
2640 3827 2945 3883 utilitatem
2992 3825 3307 3896 praebeant,
3342 3837 3475 3876 cum
3509 3823 3565 3875 et
3597 3820 3672 3875 iis

2034 3922 2132 3993 qui
2211 3927 2402 3975 mente
2468 3917 2643 3973 altius
2717 3916 3126 3976 ascenderunt,
3177 3912 3368 3966 I91a
3427 3908 3673 3966 interius

2033 4024 2210 4062 suum
2236 4005 2477 4077 spiritus
2500 4004 2695 4059 lumen
2722 4003 2894 4058 veluti
2922 4001 3320 4067 aﬂulminant,
3342 4001 3400 4054 et
3422 3996 3671 4056 crassio-

2034 4113 2126 4152 res
2156 4095 2358 4152 litteras
2389 4093 2838 4150 obumbratione
2879 4091 3189 4146 delectant.
3221 4085 3676 4144 Abscondeban-

2037 4193 2128 4240 tur
2149 4189 2343 4241 autem
2368 4183 2560 4238 futura
2581 4181 2752 4247 bona,
2778 4181 2836 4235 in
2863 4179 3079 4252 quibus
3103 4175 3354 4249 cognitio
3374 4173 3674 4228 Trinitatis

2035 4279 2205 4346 caput
2234 4277 2343 4339 est,
2374 4272 2445 4328 ob
2489 4287 2586 4326 eas
2632 4269 2929 4340 [maxime]
2975 4283 3202 4336 causas,
3236 4281 3382 4337 quas
3408 4264 3530 4334 jam
3561 4278 3676 4318 sae-

2037 4379 2354 4436 penumero
2377 4361 2748 4426 tradidimus,
2774 4363 3007 4431 propter
3028 4353 3390 4411 audientium
3414 4348 3673 4406 imbecil-

2036 4456 2279 4523 litatem,
2325 4455 2592 4526 inquam,
2635 4455 2814 4523 utque
2844 4449 3215 4504 tenebrarum
3249 4442 3567 4515 principem
3600 4439 3677 4495 la-

2036 4551 2254 4602 terent:
2322 4544 2640 4600 multorum
2699 4541 2938 4595 deorum
3000 4535 3213 4602 cultus,
3281 4548 3416 4590 cum
3476 4528 3676 4586 nullus

2039 4635 2362 4707 [deinceps]
2394 4631 2726 4689 errantibus
2770 4633 2945 4700 atque
2976 4622 3432 4698 imperitioribus
3464 4619 3678 4677 erroris

2039 4727 2132 4783 sui
2164 4727 2472 4797 praetextus
2504 4721 2925 4791 relinqueretur
2945 4731 3014 4770 ex
3041 4716 3201 4771 clara
3231 4720 3284 4768 et
3314 4710 3556 4767 minime
3583 4724 3678 4765 ve-

2039 4815 2157 4870 lata
2187 4810 2493 4868 Trinitatis
2525 4805 2950 4880 praedicatione.
2985 4805 3058 4858 Ut
3088 4816 3264 4856 sacras
3304 4797 3530 4853 Litteras
3562 4809 3677 4848 non

2042 4901 2365 4959 dissimiles
2403 4914 2588 4956 aures:
2618 4901 2788 4952 terra:
2829 4895 3155 4956 videantur,
3189 4904 3316 4960 qum
3348 4901 3462 4942 non
3493 4882 3680 4940 omni-

2041 4994 2151 5048 bus
2168 5006 2351 5062 neque
2366 4987 2723 5059 vulgaribus,
2743 4984 2842 5041 sed
2862 4980 3153 5038 laboriose
3169 4980 3396 5034 tantum
3415 4990 3479 5030 ac
3497 4973 3681 5029 scien-

2042 5088 2131 5140 ter
2163 5079 2686 5154 perscrutantibus,
2737 5089 2945 5132 aurum
2991 5072 3295 5144 probatum
3345 5070 3402 5122 et
3448 5065 3679 5121 lucrum

2045 5172 2244 5229 labore
2275 5172 2470 5242 majus
2514 5167 2746 5241 praebet.
2780 5160 3284 5233 Quemadmodum
3315 5156 3514 5229 itaque
3543 5169 3683 5226 pau-

1636 5429 1882 5485 VARIIE
1917 5426 2332 5484 LECTIONES.

325 5535 475 5594 ⁵διᾶ
526 5541 624 5595 A:
674 5533 774 5590 καὶ

263 5619 309 5657 ιο
332 5611 399 5666 τὰ
429 5611 572 5667 add.
613 5611 682 5666 C.
800 5605 854 5646 ίῖ
879 5605 970 5662 οὖν
1001 5613 1060 5666 et
1100 5605 1340 5665 monks
1371 5610 1500 5664 add.
1529 5615 1592 5665 A.

263 5685 481 5747 notius
515 5679 922 5751 ἀπαστράπτον
949 5713 1020 5724 -
1047 5682 1441 5757 ψυχαγωγοῦν.

817 5536 938 5611 ςχ
978 5538 998 5573 ⁷
1036 5532 1444 5611 παραδεξαμένη
1465 5610 1472 5611 η
1503 5540 1626 5594 AC:
1677 5533 2124 5611 παραδεξαμένην
2174 5536 2300 5611 ς.-
2333 5534 2358 5570 ⁸
2402 5531 2596 5611 διαιρ]
2658 5534 2856 5611 [Ωον.
2915 5546 3017 5611 xu,
3066 5529 3114 5583 4.

1705 5599 1868 5662 η’καὶ
1897 5599 2044 5680 ’πρὸς
2075 5599 2213 5661 αὑτᾶ
2398 5606 2442 5640 ¹³
2471 5599 2922 5675 ἀπαστράπτοντα
2962 5607 3016 5654 et
3049 5616 3178 5654 mox
3225 5599 3664 5673 ψυχαγωγοῦντα

3237 5526 3258 5562 ³
3315 5522 3474 5597 Γαλ.]
3541 5541 3581 5590 ι,
3632 5524 3688 5666 1}

3237 5599 3664 5666 μυχαγωγοῦντα
