  <div class='ocr_page' id='page_1' title='image "/cluster/home/n/w/nwhite01/storage/ocr_20150623/103/hvd.32044054112495/415.png"; bbox 0 0 4184 6212; ppageno 0'>
   <div class='ocr_carea' id='block_1_1' title="bbox 417 324 524 383">
    <p class='ocr_par' dir='ltr' id='par_1_1' title="bbox 417 324 524 383">
     <span class='ocr_line' id='line_1_1' title="bbox 417 324 524 383; baseline 0 0"><span class='ocrx_word' id='word_1_1' title='bbox 417 324 524 383; x_wconf 83' lang='grc'>791</span> 
     </span>
    </p>
   </div>
   <div class='ocr_carea' id='block_1_2' title="bbox 1600 313 2600 376">
    <p class='ocr_par' dir='ltr' id='par_1_2' title="bbox 1600 313 2600 376">
     <span class='ocr_line' id='line_1_2' title="bbox 1600 313 2600 376; baseline 0.003 -5"><span class='ocrx_word' id='word_1_2' title='bbox 1600 313 1866 375; x_wconf 84' lang='lat' dir='ltr'>PllOTII</span> <span class='ocrx_word' id='word_1_3' title='bbox 1912 314 2441 376; x_wconf 74' lang='lat' dir='ltr'>PATRIARCH/E</span> <span class='ocrx_word' id='word_1_4' title='bbox 2486 315 2600 375; x_wconf 78' lang='grc' dir='ltr'>ΟΡ.</span> 
     </span>
    </p>
   </div>
   <div class='ocr_carea' id='block_1_3' title="bbox 3686 322 3806 382">
    <p class='ocr_par' dir='ltr' id='par_1_3' title="bbox 3686 322 3806 382">
     <span class='ocr_line' id='line_1_3' title="bbox 3686 322 3806 382; baseline -0.008 -1"><span class='ocrx_word' id='word_1_5' title='bbox 3686 322 3806 382; x_wconf 74' lang='grc'>’192</span> 
     </span>
    </p>
   </div>
   <div class='ocr_carea' id='block_1_4' title="bbox 410 444 2072 528">
    <p class='ocr_par' dir='ltr' id='par_1_4' title="bbox 410 449 2044 528">
     <span class='ocr_line' id='line_1_4' title="bbox 410 449 2044 528; baseline -0.006 -15"><span class='ocrx_word' id='word_1_6' title='bbox 410 459 695 528; x_wconf 89' lang='lat' dir='ltr'>pertatem</span> <span class='ocrx_word' id='word_1_7' title='bbox 720 470 832 510; x_wconf 92' lang='lat' dir='ltr'>non</span> <span class='ocrx_word' id='word_1_8' title='bbox 855 451 1178 521; x_wconf 88' lang='lat' dir='ltr'>evadit,qui</span> <span class='ocrx_word' id='word_1_9' title='bbox 1200 449 1457 507; x_wconf 79' lang='lat' dir='ltr'>fossilem</span> <span class='ocrx_word' id='word_1_10' title='bbox 1482 464 1717 505; x_wconf 87' lang='lat' dir='ltr'>arenam</span> <span class='ocrx_word' id='word_1_11' title='bbox 1740 463 2044 504; x_wconf 88' lang='lat' dir='ltr'>ornamen-</span> 
     </span>
    </p>
   </div>
   <div class='ocr_carea' id='block_1_5' title="bbox 2183 444 3813 528">
    <p class='ocr_par' dir='ltr' id='par_1_5' title="bbox 2183 444 3813 525">
     <span class='ocr_line' id='line_1_5' title="bbox 2183 444 3813 525; baseline 0.004 -23"><span class='ocrx_word' id='word_1_12' title='bbox 2183 449 2323 517; x_wconf 71' lang='grc' dir='ltr'>ιικὴν</span> <span class='ocrx_word' id='word_1_13' title='bbox 2352 450 2579 522; x_wconf 78' lang='grc' dir='ltr'>ψάμμον</span> <span class='ocrx_word' id='word_1_14' title='bbox 2637 448 2687 502; x_wconf 88' lang='grc' dir='ltr'>ἐν</span> <span class='ocrx_word' id='word_1_15' title='bbox 2741 447 3009 522; x_wconf 78' lang='grc' dir='ltr'>ώραϊσμῷ</span> <span class='ocrx_word' id='word_1_16' title='bbox 3043 444 3079 520; x_wconf 78' lang='grc' dir='ltr'>ἤ</span> <span class='ocrx_word' id='word_1_17' title='bbox 3110 449 3301 521; x_wconf 80' lang='grc' dir='ltr'>παιδιᾷ</span> <span class='ocrx_word' id='word_1_18' title='bbox 3338 450 3373 519; x_wconf 73' lang='grc' dir='ltr'><strong>ἢ</strong></span> <span class='ocrx_word' id='word_1_19' title='bbox 3406 450 3545 506; x_wconf 86' lang='grc' dir='ltr'>κατά</span> <span class='ocrx_word' id='word_1_20' title='bbox 3596 473 3813 525; x_wconf 85' lang='grc' dir='ltr'>μυκτη-</span> 
     </span>
    </p>
   </div>
   <div class='ocr_carea' id='block_1_6' title="bbox 408 537 2049 615">
    <p class='ocr_par' dir='ltr' id='par_1_6' title="bbox 408 537 2049 615">
     <span class='ocr_line' id='line_1_6' title="bbox 408 537 2049 615; baseline -0.004 -15"><span class='ocrx_word' id='word_1_21' title='bbox 408 544 473 612; x_wconf 91' lang='lat' dir='ltr'>ti,</span> <span class='ocrx_word' id='word_1_22' title='bbox 518 544 662 615; x_wconf 89' lang='lat' dir='ltr'>ludi,</span> <span class='ocrx_word' id='word_1_23' title='bbox 703 547 804 600; x_wconf 86' lang='lat' dir='ltr'>aut</span> <span class='ocrx_word' id='word_1_24' title='bbox 840 541 955 611; x_wconf 89' lang='lat' dir='ltr'>joci</span> <span class='ocrx_word' id='word_1_25' title='bbox 1000 556 1176 595; x_wconf 85' lang='lat' dir='ltr'>causa</span> <span class='ocrx_word' id='word_1_26' title='bbox 1214 542 1494 608; x_wconf 87' lang='lat' dir='ltr'>tractans,</span> <span class='ocrx_word' id='word_1_27' title='bbox 1548 537 1779 593; x_wconf 92' lang='lat' dir='ltr'>nullum</span> <span class='ocrx_word' id='word_1_28' title='bbox 1828 537 2049 593; x_wconf 84' lang='lat' dir='ltr'>interea</span> 
     </span>
    </p>
   </div>
   <div class='ocr_carea' id='block_1_7' title="bbox 408 626 2049 699">
    <p class='ocr_par' dir='ltr' id='par_1_7' title="bbox 408 626 2049 699">
     <span class='ocr_line' id='line_1_7' title="bbox 408 626 2049 699; baseline -0.005 -9"><span class='ocrx_word' id='word_1_29' title='bbox 408 635 670 690; x_wconf 90' lang='lat' dir='ltr'>studium</span> <span class='ocrx_word' id='word_1_30' title='bbox 705 630 959 694; x_wconf 75' lang='lat' dir='ltr'>adhibet,</span> <span class='ocrx_word' id='word_1_31' title='bbox 992 635 1052 682; x_wconf 89' lang='lat' dir='ltr'>ut</span> <span class='ocrx_word' id='word_1_32' title='bbox 1082 629 1233 699; x_wconf 90' lang='lat' dir='ltr'>quod</span> <span class='ocrx_word' id='word_1_33' title='bbox 1257 627 1367 682; x_wconf 89' lang='lat' dir='ltr'>sub</span> <span class='ocrx_word' id='word_1_34' title='bbox 1389 642 1456 682; x_wconf 87' lang='lat' dir='ltr'>ea</span> <span class='ocrx_word' id='word_1_35' title='bbox 1478 626 1884 682; x_wconf 87' lang='lat' dir='ltr'>absconditum</span> <span class='ocrx_word' id='word_1_36' title='bbox 1911 626 2049 682; x_wconf 86' lang='lat' dir='ltr'>latet</span> 
     </span>
    </p>
   </div>
   <div class='ocr_carea' id='block_1_8' title="bbox 415 714 2055 791">
    <p class='ocr_par' dir='ltr' id='par_1_8' title="bbox 415 714 2055 791">
     <span class='ocr_line' id='line_1_8' title="bbox 415 714 2055 791; baseline -0.005 -14"><span class='ocrx_word' id='word_1_37' title='bbox 415 722 752 791; x_wconf 85' lang='lat' dir='ltr'>investiget:</span> <span class='ocrx_word' id='word_1_38' title='bbox 787 719 869 773; x_wconf 91' lang='lat' dir='ltr'>sic</span> <span class='ocrx_word' id='word_1_39' title='bbox 892 734 1079 788; x_wconf 89' lang='lat' dir='ltr'>neque</span> <span class='ocrx_word' id='word_1_40' title='bbox 1102 714 1515 786; x_wconf 79' lang='lat' dir='ltr'>ignorantiam,</span> <span class='ocrx_word' id='word_1_41' title='bbox 1543 731 1729 786; x_wconf 90' lang='lat' dir='ltr'>neque</span> <span class='ocrx_word' id='word_1_42' title='bbox 1761 714 2055 785; x_wconf 88' lang='lat' dir='ltr'>negligen-</span> 
     </span>
    </p>
   </div>
   <div class='ocr_carea' id='block_1_9' title="bbox 414 802 2053 879">
    <p class='ocr_par' dir='ltr' id='par_1_9' title="bbox 414 802 2053 879">
     <span class='ocr_line' id='line_1_9' title="bbox 414 802 2053 879; baseline -0.006 -14"><span class='ocrx_word' id='word_1_43' title='bbox 414 810 508 865; x_wconf 64' lang='lat' dir='ltr'>tia:</span> <span class='ocrx_word' id='word_1_44' title='bbox 540 807 1051 879; x_wconf 84' lang='lat' dir='ltr'>reprehensionem</span> <span class='ocrx_word' id='word_1_45' title='bbox 1076 803 1314 859; x_wconf 79' lang='lat' dir='ltr'>evadere</span> <span class='ocrx_word' id='word_1_46' title='bbox 1332 807 1527 875; x_wconf 82' lang='lat' dir='ltr'>queat,</span> <span class='ocrx_word' id='word_1_47' title='bbox 1561 803 1685 873; x_wconf 90' lang='lat' dir='ltr'>qui,</span> <span class='ocrx_word' id='word_1_48' title='bbox 1718 803 1824 858; x_wconf 91' lang='lat' dir='ltr'>soli</span> <span class='ocrx_word' id='word_1_49' title='bbox 1849 802 2053 856; x_wconf 66' lang='lat' dir='ltr'>litteras</span> 
     </span>
    </p>
   </div>
   <div class='ocr_carea' id='block_1_10' title="bbox 412 892 2054 963">
    <p class='ocr_par' dir='ltr' id='par_1_10' title="bbox 412 892 2054 963">
     <span class='ocr_line' id='line_1_10' title="bbox 412 892 2054 963; baseline -0.005 -9"><span class='ocrx_word' id='word_1_50' title='bbox 412 899 836 963; x_wconf 76' lang='lat' dir='ltr'>adhaerescens,</span> <span class='ocrx_word' id='word_1_51' title='bbox 886 895 1227 950; x_wconf 75' lang='lat' dir='ltr'>thesaurum</span> <span class='ocrx_word' id='word_1_52' title='bbox 1275 892 1332 947; x_wconf 91' lang='lat' dir='ltr'>in</span> <span class='ocrx_word' id='word_1_53' title='bbox 1382 893 1510 962; x_wconf 90' lang='lat' dir='ltr'>ipsa</span> <span class='ocrx_word' id='word_1_54' title='bbox 1551 892 1907 946; x_wconf 87' lang='lat' dir='ltr'>reconditum</span> <span class='ocrx_word' id='word_1_55' title='bbox 1941 907 2054 946; x_wconf 91' lang='lat' dir='ltr'>non</span> 
     </span>
    </p>
   </div>
   <div class='ocr_carea' id='block_1_11' title="bbox 412 982 2054 1055">
    <p class='ocr_par' dir='ltr' id='par_1_11' title="bbox 412 982 2054 1055">
     <span class='ocr_line' id='line_1_11' title="bbox 412 982 2054 1055; baseline -0.007 -10"><span class='ocrx_word' id='word_1_56' title='bbox 412 992 726 1053; x_wconf 80' lang='lat' dir='ltr'>scrutetur,</span> <span class='ocrx_word' id='word_1_57' title='bbox 761 1000 949 1055; x_wconf 90' lang='lat' dir='ltr'>neque</span> <span class='ocrx_word' id='word_1_58' title='bbox 990 985 1268 1039; x_wconf 89' lang='lat' dir='ltr'>latentem</span> <span class='ocrx_word' id='word_1_59' title='bbox 1311 983 1371 1037; x_wconf 88' lang='lat' dir='ltr'>in</span> <span class='ocrx_word' id='word_1_60' title='bbox 1403 982 1531 1052; x_wconf 91' lang='lat' dir='ltr'>ejus</span> <span class='ocrx_word' id='word_1_61' title='bbox 1566 982 1744 1037; x_wconf 85' lang='lat' dir='ltr'>fundo</span> <span class='ocrx_word' id='word_1_62' title='bbox 1776 997 2054 1037; x_wconf 86' lang='lat' dir='ltr'>sensuum</span> 
     </span>
    </p>
   </div>
   <div class='ocr_carea' id='block_1_12' title="bbox 414 1069 2055 1144">
    <p class='ocr_par' dir='ltr' id='par_1_12' title="bbox 414 1069 2055 1144">
     <span class='ocr_line' id='line_1_12' title="bbox 414 1069 2055 1144; baseline -0.005 -12"><span class='ocrx_word' id='word_1_63' title='bbox 414 1075 726 1132; x_wconf 84' lang='lat' dir='ltr'>utilitatem</span> <span class='ocrx_word' id='word_1_64' title='bbox 768 1073 1039 1144; x_wconf 82' lang='lat' dir='ltr'>colligere</span> <span class='ocrx_word' id='word_1_65' title='bbox 1091 1073 1340 1127; x_wconf 86' lang='lat' dir='ltr'>studeat.</span> <span class='ocrx_word' id='word_1_66' title='bbox 1394 1071 1463 1125; x_wconf 75' lang='lat' dir='ltr'>Et</span> <span class='ocrx_word' id='word_1_67' title='bbox 1511 1077 1661 1125; x_wconf 87' lang='lat' dir='ltr'>certe</span> <span class='ocrx_word' id='word_1_68' title='bbox 1704 1069 1813 1124; x_wconf 89' lang='lat' dir='ltr'>hoc</span> <span class='ocrx_word' id='word_1_69' title='bbox 1861 1069 2055 1141; x_wconf 89' lang='lat' dir='ltr'>ipsum</span> 
     </span>
    </p>
   </div>
   <div class='ocr_carea' id='block_1_13' title="bbox 414 1158 2057 1237">
    <p class='ocr_par' dir='ltr' id='par_1_13' title="bbox 414 1158 2057 1237">
     <span class='ocr_line' id='line_1_13' title="bbox 414 1158 2057 1237; baseline -0.005 -18"><span class='ocrx_word' id='word_1_70' title='bbox 414 1165 569 1237; x_wconf 91' lang='lat' dir='ltr'>quod</span> <span class='ocrx_word' id='word_1_71' title='bbox 602 1163 781 1218; x_wconf 86' lang='lat' dir='ltr'>divini</span> <span class='ocrx_word' id='word_1_72' title='bbox 815 1178 1025 1217; x_wconf 85' lang='lat' dir='ltr'>sensus</span> <span class='ocrx_word' id='word_1_73' title='bbox 1066 1160 1248 1216; x_wconf 90' lang='lat' dir='ltr'>abditi</span> <span class='ocrx_word' id='word_1_74' title='bbox 1290 1159 1527 1225; x_wconf 83' lang='lat' dir='ltr'>lateant,</span> <span class='ocrx_word' id='word_1_75' title='bbox 1572 1158 1822 1228; x_wconf 87' lang='lat' dir='ltr'>pretium</span> <span class='ocrx_word' id='word_1_76' title='bbox 1857 1174 2057 1213; x_wconf 91' lang='lat' dir='ltr'>eorum</span> 
     </span>
    </p>
   </div>
   <div class='ocr_carea' id='block_1_14' title="bbox 418 1246 2059 1318">
    <p class='ocr_par' dir='ltr' id='par_1_14' title="bbox 418 1246 2059 1318">
     <span class='ocr_line' id='line_1_14' title="bbox 418 1246 2059 1318; baseline -0.005 -8"><span class='ocrx_word' id='word_1_77' title='bbox 418 1255 739 1311; x_wconf 84' lang='lat' dir='ltr'>maximum</span> <span class='ocrx_word' id='word_1_78' title='bbox 771 1256 829 1307; x_wconf 91' lang='lat' dir='ltr'>et</span> <span class='ocrx_word' id='word_1_79' title='bbox 858 1250 1274 1305; x_wconf 86' lang='lat' dir='ltr'>sublimitatem</span> <span class='ocrx_word' id='word_1_80' title='bbox 1302 1250 1554 1303; x_wconf 85' lang='lat' dir='ltr'>indicat:</span> <span class='ocrx_word' id='word_1_81' title='bbox 1582 1264 1645 1302; x_wconf 90' lang='lat' dir='ltr'>ac</span> <span class='ocrx_word' id='word_1_82' title='bbox 1667 1248 1853 1318; x_wconf 87' lang='lat' dir='ltr'>majus</span> <span class='ocrx_word' id='word_1_83' title='bbox 1885 1246 2059 1301; x_wconf 89' lang='lat' dir='ltr'>simul</span> 
     </span>
    </p>
   </div>
   <div class='ocr_carea' id='block_1_15' title="bbox 416 1336 2060 1415">
    <p class='ocr_par' dir='ltr' id='par_1_15' title="bbox 416 1336 2060 1415">
     <span class='ocr_line' id='line_1_15' title="bbox 416 1336 2060 1415; baseline -0.005 -17"><span class='ocrx_word' id='word_1_84' title='bbox 416 1342 749 1415; x_wconf 89' lang='lat' dir='ltr'>inquirendi</span> <span class='ocrx_word' id='word_1_85' title='bbox 783 1339 1141 1396; x_wconf 88' lang='lat' dir='ltr'>desiderium</span> <span class='ocrx_word' id='word_1_86' title='bbox 1174 1338 1243 1393; x_wconf 91' lang='lat' dir='ltr'>iis</span> <span class='ocrx_word' id='word_1_87' title='bbox 1272 1337 1461 1409; x_wconf 80' lang='lat' dir='ltr'>inﬁgit</span> <span class='ocrx_word' id='word_1_88' title='bbox 1483 1336 1717 1403; x_wconf 87' lang='lat' dir='ltr'>animis,</span> <span class='ocrx_word' id='word_1_89' title='bbox 1752 1336 1849 1407; x_wconf 87' lang='lat' dir='ltr'>qui</span> <span class='ocrx_word' id='word_1_90' title='bbox 1878 1336 1980 1391; x_wconf 87' lang='lat' dir='ltr'>Dei</span> <span class='ocrx_word' id='word_1_91' title='bbox 2008 1342 2060 1390; x_wconf 92' lang='lat' dir='ltr'>et</span> 
     </span>
    </p>
   </div>
   <div class='ocr_carea' id='block_1_16' title="bbox 416 1427 1597 1494">
    <p class='ocr_par' dir='ltr' id='par_1_16' title="bbox 416 1427 1597 1494">
     <span class='ocr_line' id='line_1_16' title="bbox 416 1427 1597 1494; baseline -0.007 -7"><span class='ocrx_word' id='word_1_92' title='bbox 416 1430 636 1487; x_wconf 88' lang='lat' dir='ltr'>laboris</span> <span class='ocrx_word' id='word_1_93' title='bbox 668 1443 924 1484; x_wconf 84' lang='lat' dir='ltr'>amorem</span> <span class='ocrx_word' id='word_1_94' title='bbox 956 1427 1176 1481; x_wconf 83' lang='lat' dir='ltr'>inertiae</span> <span class='ocrx_word' id='word_1_95' title='bbox 1222 1430 1597 1494; x_wconf 87' lang='lat' dir='ltr'>anteponunt.</span> 
     </span>
    </p>
   </div>
   <div class='ocr_carea' id='block_1_17' title="bbox 488 1513 2061 1586">
    <p class='ocr_par' dir='ltr' id='par_1_17' title="bbox 488 1513 2061 1586">
     <span class='ocr_line' id='line_1_17' title="bbox 488 1513 2061 1586; baseline -0.004 -12"><span class='ocrx_word' id='word_1_96' title='bbox 488 1519 820 1574; x_wconf 84' lang='lat' dir='ltr'>Judaeorum</span> <span class='ocrx_word' id='word_1_97' title='bbox 868 1517 1105 1586; x_wconf 90' lang='lat' dir='ltr'>insuper</span> <span class='ocrx_word' id='word_1_98' title='bbox 1145 1513 1508 1585; x_wconf 86' lang='lat' dir='ltr'>improbitas,</span> <span class='ocrx_word' id='word_1_99' title='bbox 1553 1516 1610 1568; x_wconf 88' lang='lat' dir='ltr'>et</span> <span class='ocrx_word' id='word_1_100' title='bbox 1640 1513 1699 1567; x_wconf 88' lang='lat' dir='ltr'>in</span> <span class='ocrx_word' id='word_1_101' title='bbox 1730 1513 1904 1569; x_wconf 85' lang='lat' dir='ltr'>rebus</span> <span class='ocrx_word' id='word_1_102' title='bbox 1936 1530 2061 1584; x_wconf 74' lang='lat' dir='ltr'>qua:</span> 
     </span>
    </p>
   </div>
   <div class='ocr_carea' id='block_1_18' title="bbox 422 1603 2066 1678">
    <p class='ocr_par' dir='ltr' id='par_1_18' title="bbox 422 1603 2066 1678">
     <span class='ocr_line' id='line_1_18' title="bbox 422 1603 2066 1678; baseline -0.003 -14"><span class='ocrx_word' id='word_1_103' title='bbox 422 1608 661 1664; x_wconf 89' lang='lat' dir='ltr'>minime</span> <span class='ocrx_word' id='word_1_104' title='bbox 690 1606 1041 1678; x_wconf 81' lang='lat' dir='ltr'>attingendae</span> <span class='ocrx_word' id='word_1_105' title='bbox 1072 1608 1269 1661; x_wconf 88' lang='lat' dir='ltr'>essent</span> <span class='ocrx_word' id='word_1_106' title='bbox 1290 1604 1553 1671; x_wconf 86' lang='lat' dir='ltr'>audacia,</span> <span class='ocrx_word' id='word_1_107' title='bbox 1581 1603 1951 1659; x_wconf 86' lang='lat' dir='ltr'>obscuritatis</span> <span class='ocrx_word' id='word_1_108' title='bbox 1982 1608 2066 1659; x_wconf 88' lang='lat' dir='ltr'>est</span> 
     </span>
    </p>
   </div>
   <div class='ocr_carea' id='block_1_19' title="bbox 422 1691 2061 1763">
    <p class='ocr_par' dir='ltr' id='par_1_19' title="bbox 422 1691 2061 1763">
     <span class='ocr_line' id='line_1_19' title="bbox 422 1691 2061 1763; baseline -0.004 -11"><span class='ocrx_word' id='word_1_109' title='bbox 422 1699 482 1752; x_wconf 92' lang='lat' dir='ltr'>in</span> <span class='ocrx_word' id='word_1_110' title='bbox 513 1696 703 1753; x_wconf 89' lang='lat' dir='ltr'>Veteri</span> <span class='ocrx_word' id='word_1_111' title='bbox 734 1696 1096 1750; x_wconf 87' lang='lat' dir='ltr'>Testamento</span> <span class='ocrx_word' id='word_1_112' title='bbox 1119 1691 1404 1750; x_wconf 88' lang='lat' dir='ltr'>nonnulla</span> <span class='ocrx_word' id='word_1_113' title='bbox 1425 1707 1618 1748; x_wconf 87' lang='lat' dir='ltr'>causa.</span> <span class='ocrx_word' id='word_1_114' title='bbox 1652 1692 1733 1747; x_wconf 88' lang='lat' dir='ltr'>Ne</span> <span class='ocrx_word' id='word_1_115' title='bbox 1752 1692 1907 1747; x_wconf 90' lang='lat' dir='ltr'>enim</span> <span class='ocrx_word' id='word_1_116' title='bbox 1938 1709 2061 1763; x_wconf 74' lang='lat' dir='ltr'>quas</span> 
     </span>
    </p>
   </div>
   <div class='ocr_carea' id='block_1_20' title="bbox 2162 535 3817 617">
    <p class='ocr_par' dir='ltr' id='par_1_20' title="bbox 2162 535 3817 617">
     <span class='ocr_line' id='line_1_20' title="bbox 2162 535 3817 617; baseline 0.002 -25"><span class='ocrx_word' id='word_1_117' title='bbox 2162 538 2353 613; x_wconf 84' lang='grc' dir='ltr'>ρισμὸν</span> <span class='ocrx_word' id='word_1_118' title='bbox 2424 536 2800 614; x_wconf 74' lang='grc' dir='ltr'>ἐπαφώμενος,</span> <span class='ocrx_word' id='word_1_119' title='bbox 2862 535 3013 593; x_wconf 68' lang='grc' dir='ltr'>οῦδὲν</span> <span class='ocrx_word' id='word_1_120' title='bbox 3065 536 3123 593; x_wconf 78' lang='grc' dir='ltr'>δὲ</span> <span class='ocrx_word' id='word_1_121' title='bbox 3179 537 3495 617; x_wconf 85' lang='grc' dir='ltr'>φιλοπονῶν</span> <span class='ocrx_word' id='word_1_122' title='bbox 3544 539 3659 597; x_wconf 81' lang='grc' dir='ltr'>οὐδ’</span> <span class='ocrx_word' id='word_1_123' title='bbox 3716 541 3817 596; x_wconf 86' lang='grc' dir='ltr'>ἀν-</span> 
     </span>
    </p>
   </div>
   <div class='ocr_carea' id='block_1_21' title="bbox 2163 626 3818 702">
    <p class='ocr_par' dir='ltr' id='par_1_21' title="bbox 2163 626 3818 702">
     <span class='ocr_line' id='line_1_21' title="bbox 2163 626 3818 702; baseline 0.002 -22"><span class='ocrx_word' id='word_1_124' title='bbox 2163 626 2391 702; x_wconf 83' lang='grc' dir='ltr'>ιχνεύων</span> <span class='ocrx_word' id='word_1_125' title='bbox 2433 627 2494 680; x_wconf 89' lang='grc' dir='ltr'>τὸ</span> <span class='ocrx_word' id='word_1_126' title='bbox 2548 627 2651 681; x_wconf 85' lang='grc' dir='ltr'>ὑπὸ</span> <span class='ocrx_word' id='word_1_127' title='bbox 2701 627 2903 696; x_wconf 80' lang='grc' dir='ltr'>ταύτης</span> <span class='ocrx_word' id='word_1_128' title='bbox 2945 628 3342 700; x_wconf 82' lang='grc' dir='ltr'>κρυπτόμενον,</span> <span class='ocrx_word' id='word_1_129' title='bbox 3395 627 3569 690; x_wconf 73' lang='grc' dir='ltr'>οὕτως</span> <span class='ocrx_word' id='word_1_130' title='bbox 3620 630 3718 685; x_wconf 88' lang='grc' dir='ltr'>ούκ</span> <span class='ocrx_word' id='word_1_131' title='bbox 3749 630 3818 684; x_wconf 81' lang='grc' dir='ltr'>ἃν</span> 
     </span>
    </p>
   </div>
   <div class='ocr_carea' id='block_1_22' title="bbox 2162 712 3820 794">
    <p class='ocr_par' dir='ltr' id='par_1_22' title="bbox 2162 712 3820 794">
     <span class='ocr_line' id='line_1_22' title="bbox 2162 712 3820 794; baseline 0.002 -25"><span class='ocrx_word' id='word_1_132' title='bbox 2162 715 2372 791; x_wconf 77' lang='grc' dir='ltr'>ἀγνοίας</span> <span class='ocrx_word' id='word_1_133' title='bbox 2417 713 2761 790; x_wconf 82' lang='grc' dir='ltr'>ἀπαλλαγείη</span> <span class='ocrx_word' id='word_1_134' title='bbox 2819 712 2942 770; x_wconf 71' lang='grc' dir='ltr'>οὐδὲ</span> <span class='ocrx_word' id='word_1_135' title='bbox 3000 718 3096 785; x_wconf 74' lang='grc' dir='ltr'>τῆς</span> <span class='ocrx_word' id='word_1_136' title='bbox 3153 715 3393 791; x_wconf 77' lang='grc' dir='ltr'>ἐχούσης</span> <span class='ocrx_word' id='word_1_137' title='bbox 3452 718 3581 780; x_wconf 80' lang='grc' dir='ltr'>τοὺς</span> <span class='ocrx_word' id='word_1_138' title='bbox 3641 718 3820 794; x_wconf 75' lang='grc' dir='ltr'>ῥᾳθύ-</span> 
     </span>
    </p>
   </div>
   <div class='ocr_carea' id='block_1_23' title="bbox 2168 802 3824 883">
    <p class='ocr_par' dir='ltr' id='par_1_23' title="bbox 2168 802 3824 883">
     <span class='ocr_line' id='line_1_23' title="bbox 2168 802 3824 883; baseline 0.005 -29"><span class='ocrx_word' id='word_1_139' title='bbox 2168 822 2306 876; x_wconf 85' lang='grc' dir='ltr'>μους</span> <span class='ocrx_word' id='word_1_140' title='bbox 2338 802 2623 863; x_wconf 83' lang='grc' dir='ltr'>αἷτιάσεως</span> <span class='ocrx_word' id='word_1_141' title='bbox 2670 803 2697 856; x_wconf 78' lang='grc' dir='ltr'>ὁ</span> <span class='ocrx_word' id='word_1_142' title='bbox 2746 808 2824 875; x_wconf 81' lang='grc' dir='ltr'>τῷ</span> <span class='ocrx_word' id='word_1_143' title='bbox 2873 804 3155 879; x_wconf 81' lang='grc' dir='ltr'>γράμματι</span> <span class='ocrx_word' id='word_1_144' title='bbox 3199 806 3349 878; x_wconf 85' lang='grc' dir='ltr'>μόνῳ</span> <span class='ocrx_word' id='word_1_145' title='bbox 3392 808 3824 883; x_wconf 84' lang='grc' dir='ltr'>περιφυόμενος,</span> 
     </span>
    </p>
   </div>
   <div class='ocr_carea' id='block_1_24' title="bbox 2162 888 3826 968">
    <p class='ocr_par' dir='ltr' id='par_1_24' title="bbox 2162 888 3826 968">
     <span class='ocr_line' id='line_1_24' title="bbox 2162 888 3826 968; baseline 0.002 -22"><span class='ocrx_word' id='word_1_146' title='bbox 2162 892 2256 946; x_wconf 84' lang='grc' dir='ltr'>τὸν</span> <span class='ocrx_word' id='word_1_147' title='bbox 2290 888 2345 945; x_wconf 75' lang='grc' dir='ltr'>δὲ</span> <span class='ocrx_word' id='word_1_148' title='bbox 2371 890 2422 945; x_wconf 84' lang='grc' dir='ltr'>ἐν</span> <span class='ocrx_word' id='word_1_149' title='bbox 2455 890 2600 963; x_wconf 85' lang='grc' dir='ltr'>αύτῷ</span> <span class='ocrx_word' id='word_1_150' title='bbox 2653 893 2925 966; x_wconf 81' lang='grc' dir='ltr'>θησαυρὸν</span> <span class='ocrx_word' id='word_1_151' title='bbox 2976 892 3074 947; x_wconf 82' lang='grc' dir='ltr'>οὐκ</span> <span class='ocrx_word' id='word_1_152' title='bbox 3126 893 3445 968; x_wconf 87' lang='grc' dir='ltr'>ἀνερευνῶν,</span> <span class='ocrx_word' id='word_1_153' title='bbox 3505 893 3633 951; x_wconf 71' lang='grc' dir='ltr'>οὐδὲ</span> <span class='ocrx_word' id='word_1_154' title='bbox 3671 897 3733 951; x_wconf 89' lang='grc' dir='ltr'>τὸ</span> <span class='ocrx_word' id='word_1_155' title='bbox 3770 895 3826 950; x_wconf 78' lang='grc' dir='ltr'>ἐν</span> 
     </span>
    </p>
   </div>
   <div class='ocr_carea' id='block_1_25' title="bbox 2169 978 3821 1056">
    <p class='ocr_par' dir='ltr' id='par_1_25' title="bbox 2169 978 3821 1056">
     <span class='ocr_line' id='line_1_25' title="bbox 2169 978 3821 1056; baseline 0.002 -21"><span class='ocrx_word' id='word_1_156' title='bbox 2169 982 2321 1055; x_wconf 88' lang='grc' dir='ltr'>βάθει</span> <span class='ocrx_word' id='word_1_157' title='bbox 2370 978 2558 1055; x_wconf 84' lang='grc' dir='ltr'>κέρδος</span> <span class='ocrx_word' id='word_1_158' title='bbox 2624 984 2732 1036; x_wconf 88' lang='grc' dir='ltr'>τῶν</span> <span class='ocrx_word' id='word_1_159' title='bbox 2790 982 3084 1055; x_wconf 80' lang='grc' dir='ltr'>νοημάτων</span> <span class='ocrx_word' id='word_1_160' title='bbox 3147 981 3571 1056; x_wconf 73' lang='grc' dir='ltr'>ἂναλεγόμενος.</span> <span class='ocrx_word' id='word_1_161' title='bbox 3630 985 3821 1040; x_wconf 79' lang='grc' dir='ltr'>Καίτοι</span> 
     </span>
    </p>
   </div>
   <div class='ocr_carea' id='block_1_26' title="bbox 2166 1069 3819 1147">
    <p class='ocr_par' dir='ltr' id='par_1_26' title="bbox 2166 1069 3819 1147">
     <span class='ocr_line' id='line_1_26' title="bbox 2166 1069 3819 1147; baseline 0.001 -21"><span class='ocrx_word' id='word_1_162' title='bbox 2166 1071 2256 1126; x_wconf 80' lang='grc' dir='ltr'>καὶ</span> <span class='ocrx_word' id='word_1_163' title='bbox 2288 1070 2419 1125; x_wconf 82' lang='grc' dir='ltr'>αὐτὸ</span> <span class='ocrx_word' id='word_1_164' title='bbox 2467 1071 2529 1125; x_wconf 86' lang='grc' dir='ltr'>τὸ</span> <span class='ocrx_word' id='word_1_165' title='bbox 2574 1069 2871 1144; x_wconf 72' lang='grc' dir='ltr'>κεκρύφθαι</span> <span class='ocrx_word' id='word_1_166' title='bbox 2919 1073 2987 1126; x_wconf 80' lang='grc' dir='ltr'>τά</span> <span class='ocrx_word' id='word_1_167' title='bbox 3036 1072 3155 1125; x_wconf 86' lang='grc' dir='ltr'>θεῖα</span> <span class='ocrx_word' id='word_1_168' title='bbox 3204 1073 3456 1145; x_wconf 84' lang='grc' dir='ltr'>νοήματα</span> <span class='ocrx_word' id='word_1_169' title='bbox 3512 1075 3575 1128; x_wconf 86' lang='grc' dir='ltr'>τὸ</span> <span class='ocrx_word' id='word_1_170' title='bbox 3612 1075 3819 1147; x_wconf 81' lang='grc' dir='ltr'>τιμιώ-</span> 
     </span>
    </p>
   </div>
   <div class='ocr_carea' id='block_1_27' title="bbox 2166 1158 3821 1235">
    <p class='ocr_par' dir='ltr' id='par_1_27' title="bbox 2166 1158 3821 1235">
     <span class='ocr_line' id='line_1_27' title="bbox 2166 1158 3821 1235; baseline 0.001 -20"><span class='ocrx_word' id='word_1_171' title='bbox 2166 1181 2324 1216; x_wconf 88' lang='grc' dir='ltr'>τατον</span> <span class='ocrx_word' id='word_1_172' title='bbox 2378 1159 2561 1221; x_wconf 86' lang='grc' dir='ltr'>αύτοῖς</span> <span class='ocrx_word' id='word_1_173' title='bbox 2616 1160 2705 1213; x_wconf 81' lang='grc' dir='ltr'>καὶ</span> <span class='ocrx_word' id='word_1_174' title='bbox 2760 1158 2972 1233; x_wconf 74' lang='grc' dir='ltr'>ὑψηλὸν</span> <span class='ocrx_word' id='word_1_175' title='bbox 3021 1159 3466 1235; x_wconf 82' lang='grc' dir='ltr'>ἐπιμαρτύρεται,</span> <span class='ocrx_word' id='word_1_176' title='bbox 3516 1163 3607 1217; x_wconf 86' lang='grc' dir='ltr'>καὶ</span> <span class='ocrx_word' id='word_1_177' title='bbox 3651 1164 3821 1217; x_wconf 90' lang='grc' dir='ltr'>πόθον</span> 
     </span>
    </p>
   </div>
   <div class='ocr_carea' id='block_1_28' title="bbox 2170 1245 3821 1325">
    <p class='ocr_par' dir='ltr' id='par_1_28' title="bbox 2170 1245 3821 1325">
     <span class='ocr_line' id='line_1_28' title="bbox 2170 1245 3821 1325; baseline 0.002 -22"><span class='ocrx_word' id='word_1_178' title='bbox 2170 1248 2490 1324; x_wconf 82' lang='grc' dir='ltr'>ἐγκεντρίζει</span> <span class='ocrx_word' id='word_1_179' title='bbox 2542 1245 2755 1321; x_wconf 78' lang='grc' dir='ltr'>μᾶλλον</span> <span class='ocrx_word' id='word_1_180' title='bbox 2790 1249 3069 1317; x_wconf 70' lang='grc' dir='ltr'>ζητήσεως</span> <span class='ocrx_word' id='word_1_181' title='bbox 3118 1254 3237 1310; x_wconf 85' lang='grc' dir='ltr'>ταῖς</span> <span class='ocrx_word' id='word_1_182' title='bbox 3286 1253 3507 1325; x_wconf 73' lang='grc' dir='ltr'>ψυχαῖς,</span> <span class='ocrx_word' id='word_1_183' title='bbox 3558 1250 3680 1306; x_wconf 74' lang='grc' dir='ltr'>ὅσαι</span> <span class='ocrx_word' id='word_1_184' title='bbox 3711 1253 3821 1325; x_wconf 83' lang='grc' dir='ltr'>πρὸ</span> 
     </span>
    </p>
   </div>
   <div class='ocr_carea' id='block_1_29' title="bbox 2168 1334 3825 1416">
    <p class='ocr_par' dir='ltr' id='par_1_29' title="bbox 2168 1334 3825 1416">
     <span class='ocr_line' id='line_1_29' title="bbox 2168 1334 3825 1416; baseline 0.002 -25"><span class='ocrx_word' id='word_1_185' title='bbox 2168 1340 2267 1402; x_wconf 79' lang='grc' dir='ltr'>τῆς</span> <span class='ocrx_word' id='word_1_186' title='bbox 2302 1336 2582 1410; x_wconf 75' lang='grc' dir='ltr'>ῥᾳστώνης</span> <span class='ocrx_word' id='word_1_187' title='bbox 2609 1337 2671 1391; x_wconf 89' lang='grc' dir='ltr'>τὸ</span> <span class='ocrx_word' id='word_1_188' title='bbox 2721 1334 2968 1412; x_wconf 74' lang='grc' dir='ltr'>θεοφιλές</span> <span class='ocrx_word' id='word_1_189' title='bbox 3026 1357 3085 1392; x_wconf 90' lang='grc' dir='ltr'>τε</span> <span class='ocrx_word' id='word_1_190' title='bbox 3133 1338 3221 1392; x_wconf 84' lang='grc' dir='ltr'>καὶ</span> <span class='ocrx_word' id='word_1_191' title='bbox 3264 1337 3565 1416; x_wconf 89' lang='grc' dir='ltr'>φιλόπονον</span> <span class='ocrx_word' id='word_1_192' title='bbox 3612 1336 3825 1415; x_wconf 76' lang='grc' dir='ltr'>ἔμπρο-</span> 
     </span>
    </p>
   </div>
   <div class='ocr_carea' id='block_1_30' title="bbox 2172 1428 2540 1501">
    <p class='ocr_par' dir='ltr' id='par_1_30' title="bbox 2172 1428 2540 1501">
     <span class='ocr_line' id='line_1_30' title="bbox 2172 1428 2540 1501; baseline 0 -20"><span class='ocrx_word' id='word_1_193' title='bbox 2172 1428 2287 1481; x_wconf 90' lang='grc' dir='ltr'>σθεν</span> <span class='ocrx_word' id='word_1_194' title='bbox 2328 1428 2540 1501; x_wconf 75' lang='grc' dir='ltr'>ἄγουσι.</span> 
     </span>
    </p>
   </div>
   <div class='ocr_carea' id='block_1_31' title="bbox 2246 1514 3829 1591">
    <p class='ocr_par' dir='ltr' id='par_1_31' title="bbox 2246 1514 3829 1591">
     <span class='ocr_line' id='line_1_31' title="bbox 2246 1514 3829 1591; baseline 0.001 -19"><span class='ocrx_word' id='word_1_195' title='bbox 2246 1518 2372 1589; x_wconf 79' lang='lat'>[6&#39;28</span> <span class='ocrx_word' id='word_1_196' title='bbox 2404 1517 2496 1588; x_wconf 82' lang='lat' dir='ltr'>R.]</span> <span class='ocrx_word' id='word_1_197' title='bbox 2547 1516 2645 1570; x_wconf 87' lang='lat' dir='ltr'>Kui</span> <span class='ocrx_word' id='word_1_198' title='bbox 2694 1516 2757 1570; x_wconf 85' lang='grc' dir='ltr'>τὸ</span> <span class='ocrx_word' id='word_1_199' title='bbox 2805 1520 3109 1591; x_wconf 77' lang='grc' dir='ltr'>κακοῦργον</span> <span class='ocrx_word' id='word_1_200' title='bbox 3146 1514 3201 1571; x_wconf 74' lang='grc' dir='ltr'>δὲ</span> <span class='ocrx_word' id='word_1_201' title='bbox 3250 1517 3357 1573; x_wconf 81' lang='grc' dir='ltr'>τῶν</span> <span class='ocrx_word' id='word_1_202' title='bbox 3408 1514 3681 1574; x_wconf 76' lang='grc' dir='ltr'>Ἰουδαίων</span> <span class='ocrx_word' id='word_1_203' title='bbox 3731 1519 3829 1574; x_wconf 90' lang='lat' dir='ltr'>xui</span> 
     </span>
    </p>
   </div>
   <div class='ocr_carea' id='block_1_32' title="bbox 2173 1603 3825 1680">
    <p class='ocr_par' dir='ltr' id='par_1_32' title="bbox 2173 1603 3825 1680">
     <span class='ocr_line' id='line_1_32' title="bbox 2173 1603 3825 1680; baseline 0.002 -21"><span class='ocrx_word' id='word_1_204' title='bbox 2173 1603 2459 1679; x_wconf 84' lang='grc' dir='ltr'>τολμηρὸν</span> <span class='ocrx_word' id='word_1_205' title='bbox 2490 1604 2613 1680; x_wconf 77' lang='grc' dir='ltr'>περὶ</span> <span class='ocrx_word' id='word_1_206' title='bbox 2652 1605 2719 1659; x_wconf 89' lang='grc' dir='ltr'>τά</span> <span class='ocrx_word' id='word_1_207' title='bbox 2766 1605 3055 1679; x_wconf 82' lang='grc' dir='ltr'>ἀτόλμητα</span> <span class='ocrx_word' id='word_1_208' title='bbox 3097 1613 3197 1675; x_wconf 78' lang='grc' dir='ltr'>τῆς</span> <span class='ocrx_word' id='word_1_209' title='bbox 3244 1605 3379 1661; x_wconf 89' lang='grc' dir='ltr'>κατά</span> <span class='ocrx_word' id='word_1_210' title='bbox 3425 1608 3527 1676; x_wconf 72' lang='grc' dir='ltr'>τὴν</span> <span class='ocrx_word' id='word_1_211' title='bbox 3577 1606 3825 1664; x_wconf 86' lang='grc' dir='ltr'>Παλαιάν</span> 
     </span>
    </p>
   </div>
   <div class='ocr_carea' id='block_1_33' title="bbox 2174 1692 3831 1772">
    <p class='ocr_par' dir='ltr' id='par_1_33' title="bbox 2174 1692 3831 1772">
     <span class='ocr_line' id='line_1_33' title="bbox 2174 1692 3831 1772; baseline 0.002 -24"><span class='ocrx_word' id='word_1_212' title='bbox 2174 1693 2433 1768; x_wconf 78' lang='grc' dir='ltr'>ἀσαφείας</span> <span class='ocrx_word' id='word_1_213' title='bbox 2463 1692 2661 1748; x_wconf 70' lang='grc' dir='ltr'>α’ίτιοψ</span> <span class='ocrx_word' id='word_1_214' title='bbox 2691 1692 2781 1748; x_wconf 85' lang='grc' dir='ltr'>’ίνα</span> <span class='ocrx_word' id='word_1_215' title='bbox 2819 1696 2922 1769; x_wconf 78' lang='grc' dir='ltr'>γάρ</span> <span class='ocrx_word' id='word_1_216' title='bbox 2974 1697 3048 1769; x_wconf 78' lang='grc' dir='ltr'>μὴ</span> <span class='ocrx_word' id='word_1_217' title='bbox 3100 1696 3194 1757; x_wconf 83' lang='grc' dir='ltr'>τὰς</span> <span class='ocrx_word' id='word_1_218' title='bbox 3245 1696 3367 1770; x_wconf 88' lang='grc' dir='ltr'>περὶ</span> <span class='ocrx_word' id='word_1_219' title='bbox 3415 1697 3651 1771; x_wconf 84' lang='grc' dir='ltr'>Χριστοῦ</span> <span class='ocrx_word' id='word_1_220' title='bbox 3686 1719 3831 1772; x_wconf 79' lang='grc' dir='ltr'>μαρ-</span> 
     </span>
    </p>
   </div>
   <div class='ocr_carea' id='block_1_34' title="bbox 425 1771 2072 1860">
    <p class='ocr_par' dir='ltr' id='par_1_34' title="bbox 425 1780 2067 1852">
     <span class='ocr_line' id='line_1_34' title="bbox 425 1780 2067 1852; baseline -0.002 -12"><span class='ocrx_word' id='word_1_221' title='bbox 425 1786 727 1841; x_wconf 83' lang='lat' dir='ltr'>manifesla</span> <span class='ocrx_word' id='word_1_222' title='bbox 757 1788 951 1840; x_wconf 91' lang='lat' dir='ltr'>essent</span> <span class='ocrx_word' id='word_1_223' title='bbox 981 1784 1048 1839; x_wconf 90' lang='lat' dir='ltr'>de</span> <span class='ocrx_word' id='word_1_224' title='bbox 1093 1782 1321 1838; x_wconf 87' lang='lat' dir='ltr'>Christo</span> <span class='ocrx_word' id='word_1_225' title='bbox 1367 1786 1539 1852; x_wconf 89' lang='lat' dir='ltr'>atque</span> <span class='ocrx_word' id='word_1_226' title='bbox 1577 1788 1776 1852; x_wconf 86' lang='lat' dir='ltr'>aperta</span> <span class='ocrx_word' id='word_1_227' title='bbox 1806 1780 2067 1852; x_wconf 86' lang='lat' dir='ltr'>Scriptu-</span> 
     </span>
    </p>
   </div>
   <div class='ocr_carea' id='block_1_35' title="bbox 2183 1771 3836 1860">
    <p class='ocr_par' dir='ltr' id='par_1_35' title="bbox 2183 1783 3836 1860">
     <span class='ocr_line' id='line_1_35' title="bbox 2183 1783 3836 1860; baseline 0.002 -21"><span class='ocrx_word' id='word_1_228' title='bbox 2183 1784 2365 1859; x_wconf 85' lang='grc' dir='ltr'>τυρίας</span> <span class='ocrx_word' id='word_1_229' title='bbox 2433 1784 2495 1839; x_wconf 88' lang='grc' dir='ltr'>τὸ</span> <span class='ocrx_word' id='word_1_230' title='bbox 2552 1785 2841 1859; x_wconf 71' lang='grc' dir='ltr'>περιφανὲς</span> <span class='ocrx_word' id='word_1_231' title='bbox 2897 1786 2984 1839; x_wconf 81' lang='grc' dir='ltr'>καὶ</span> <span class='ocrx_word' id='word_1_232' title='bbox 3054 1783 3365 1853; x_wconf 86' lang='grc' dir='ltr'>κατάδηλον</span> <span class='ocrx_word' id='word_1_233' title='bbox 3432 1785 3663 1860; x_wconf 86' lang='grc' dir='ltr'>ἐχούσας</span> <span class='ocrx_word' id='word_1_234' title='bbox 3720 1793 3836 1843; x_wconf 85' lang='grc' dir='ltr'>τῶν</span> 
     </span>
    </p>
   </div>
   <div class='ocr_carea' id='block_1_36' title="bbox 424 1869 2065 1935">
    <p class='ocr_par' dir='ltr' id='par_1_36' title="bbox 424 1869 2065 1935">
     <span class='ocr_line' id='line_1_36' title="bbox 424 1869 2065 1935; baseline -0.004 -5"><span class='ocrx_word' id='word_1_235' title='bbox 424 1891 613 1930; x_wconf 88' lang='lat' dir='ltr'>rarum</span> <span class='ocrx_word' id='word_1_236' title='bbox 659 1872 996 1929; x_wconf 89' lang='lat' dir='ltr'>testimonia</span> <span class='ocrx_word' id='word_1_237' title='bbox 1044 1870 1529 1927; x_wconf 88' lang='lat' dir='ltr'>circumciderent</span> <span class='ocrx_word' id='word_1_238' title='bbox 1568 1872 1624 1925; x_wconf 91' lang='lat' dir='ltr'>et</span> <span class='ocrx_word' id='word_1_239' title='bbox 1668 1869 2065 1935; x_wconf 87' lang='lat' dir='ltr'>obliterarent,</span> 
     </span>
    </p>
   </div>
   <div class='ocr_carea' id='block_1_37' title="bbox 424 1959 2069 2032">
    <p class='ocr_par' dir='ltr' id='par_1_37' title="bbox 424 1959 2069 2032">
     <span class='ocr_line' id='line_1_37' title="bbox 424 1959 2069 2032; baseline -0.002 -15"><span class='ocrx_word' id='word_1_240' title='bbox 424 1964 551 2020; x_wconf 85' lang='lat' dir='ltr'>ideo</span> <span class='ocrx_word' id='word_1_241' title='bbox 591 1964 935 2019; x_wconf 90' lang='lat' dir='ltr'>adumbrate</span> <span class='ocrx_word' id='word_1_242' title='bbox 966 1977 1032 2016; x_wconf 90' lang='lat' dir='ltr'>ea</span> <span class='ocrx_word' id='word_1_243' title='bbox 1054 1968 1419 2032; x_wconf 87' lang='lat' dir='ltr'>promuntur.</span> <span class='ocrx_word' id='word_1_244' title='bbox 1454 1959 1646 2015; x_wconf 87' lang='lat' dir='ltr'>Tertio</span> <span class='ocrx_word' id='word_1_245' title='bbox 1677 1959 1849 2013; x_wconf 86' lang='lat' dir='ltr'>etiam</span> <span class='ocrx_word' id='word_1_246' title='bbox 1883 1975 1955 2015; x_wconf 89' lang='lat' dir='ltr'>ne</span> <span class='ocrx_word' id='word_1_247' title='bbox 1979 1960 2069 2014; x_wconf 90' lang='lat' dir='ltr'>di-</span> 
     </span>
    </p>
   </div>
   <div class='ocr_carea' id='block_1_38' title="bbox 426 2051 2070 2126">
    <p class='ocr_par' dir='ltr' id='par_1_38' title="bbox 426 2051 2070 2126">
     <span class='ocr_line' id='line_1_38' title="bbox 426 2051 2070 2126; baseline -0.002 -16"><span class='ocrx_word' id='word_1_248' title='bbox 426 2056 691 2110; x_wconf 84' lang='lat' dir='ltr'>vinarum</span> <span class='ocrx_word' id='word_1_249' title='bbox 723 2054 1179 2126; x_wconf 82' lang='lat' dir='ltr'>praeceptionum</span> <span class='ocrx_word' id='word_1_250' title='bbox 1206 2051 1593 2123; x_wconf 86' lang='lat' dir='ltr'>contemptrix</span> <span class='ocrx_word' id='word_1_251' title='bbox 1615 2052 1944 2108; x_wconf 72' lang='lat' dir='ltr'>Judaaorum</span> <span class='ocrx_word' id='word_1_252' title='bbox 1977 2070 2070 2107; x_wconf 90' lang='lat' dir='ltr'>na-</span> 
     </span>
    </p>
   </div>
   <div class='ocr_carea' id='block_1_39' title="bbox 429 2140 2068 2212">
    <p class='ocr_par' dir='ltr' id='par_1_39' title="bbox 429 2140 2068 2212">
     <span class='ocr_line' id='line_1_39' title="bbox 429 2140 2068 2212; baseline -0.001 -13"><span class='ocrx_word' id='word_1_253' title='bbox 429 2146 532 2211; x_wconf 85' lang='lat' dir='ltr'>tio,</span> <span class='ocrx_word' id='word_1_254' title='bbox 565 2145 615 2198; x_wconf 89' lang='lat' dir='ltr'>si</span> <span class='ocrx_word' id='word_1_255' title='bbox 647 2143 802 2198; x_wconf 88' lang='lat' dir='ltr'>clare</span> <span class='ocrx_word' id='word_1_256' title='bbox 824 2143 1161 2199; x_wconf 88' lang='lat' dir='ltr'>didicissent</span> <span class='ocrx_word' id='word_1_257' title='bbox 1193 2140 1523 2196; x_wconf 86' lang='lat' dir='ltr'>universam</span> <span class='ocrx_word' id='word_1_258' title='bbox 1548 2141 1858 2211; x_wconf 86' lang='lat' dir='ltr'>aliquando</span> <span class='ocrx_word' id='word_1_259' title='bbox 1884 2142 2068 2212; x_wconf 89' lang='lat' dir='ltr'>legem</span> 
     </span>
    </p>
   </div>
   <div class='ocr_carea' id='block_1_40' title="bbox 428 2229 2068 2303">
    <p class='ocr_par' dir='ltr' id='par_1_40' title="bbox 428 2229 2068 2303">
     <span class='ocr_line' id='line_1_40' title="bbox 428 2229 2068 2303; baseline -0.001 -16"><span class='ocrx_word' id='word_1_260' title='bbox 428 2234 952 2303; x_wconf 66' lang='lat' dir='ltr'>praeterfluxuram,</span> <span class='ocrx_word' id='word_1_261' title='bbox 970 2236 1145 2303; x_wconf 88' lang='lat' dir='ltr'>atque</span> <span class='ocrx_word' id='word_1_262' title='bbox 1164 2232 1223 2287; x_wconf 91' lang='lat' dir='ltr'>in</span> <span class='ocrx_word' id='word_1_263' title='bbox 1246 2229 1417 2285; x_wconf 86' lang='lat' dir='ltr'>aliam</span> <span class='ocrx_word' id='word_1_264' title='bbox 1442 2229 1779 2301; x_wconf 78' lang='lat' dir='ltr'>reipublicae</span> <span class='ocrx_word' id='word_1_265' title='bbox 1803 2231 2068 2299; x_wconf 84' lang='lat' dir='ltr'>formam,</span> 
     </span>
    </p>
   </div>
   <div class='ocr_carea' id='block_1_41' title="bbox 430 2320 2073 2393">
    <p class='ocr_par' dir='ltr' id='par_1_41' title="bbox 430 2320 2073 2393">
     <span class='ocr_line' id='line_1_41' title="bbox 430 2320 2073 2393; baseline -0.001 -17"><span class='ocrx_word' id='word_1_266' title='bbox 430 2339 556 2392; x_wconf 79' lang='lat' dir='ltr'>quae</span> <span class='ocrx_word' id='word_1_267' title='bbox 591 2323 745 2393; x_wconf 88' lang='lat' dir='ltr'>apud</span> <span class='ocrx_word' id='word_1_268' title='bbox 772 2322 929 2393; x_wconf 90' lang='lat' dir='ltr'>ipsos</span> <span class='ocrx_word' id='word_1_269' title='bbox 961 2322 1019 2375; x_wconf 90' lang='lat' dir='ltr'>in</span> <span class='ocrx_word' id='word_1_270' title='bbox 1048 2321 1264 2377; x_wconf 87' lang='lat' dir='ltr'>honore</span> <span class='ocrx_word' id='word_1_271' title='bbox 1285 2337 1349 2375; x_wconf 84' lang='lat' dir='ltr'>ac</span> <span class='ocrx_word' id='word_1_272' title='bbox 1383 2320 1565 2391; x_wconf 88' lang='lat' dir='ltr'>pretio</span> <span class='ocrx_word' id='word_1_273' title='bbox 1590 2326 1777 2391; x_wconf 89' lang='lat' dir='ltr'>erant,</span> <span class='ocrx_word' id='word_1_274' title='bbox 1801 2321 2073 2376; x_wconf 84' lang='lat' dir='ltr'>transitu-</span> 
     </span>
    </p>
   </div>
   <div class='ocr_carea' id='block_1_42' title="bbox 431 2410 2075 2481">
    <p class='ocr_par' dir='ltr' id='par_1_42' title="bbox 431 2410 2075 2481">
     <span class='ocr_line' id='line_1_42' title="bbox 431 2410 2075 2481; baseline -0.001 -16"><span class='ocrx_word' id='word_1_275' title='bbox 431 2427 525 2465; x_wconf 87' lang='lat' dir='ltr'>ra:</span> <span class='ocrx_word' id='word_1_276' title='bbox 562 2412 748 2481; x_wconf 83' lang='lat' dir='ltr'>magis</span> <span class='ocrx_word' id='word_1_277' title='bbox 780 2411 953 2466; x_wconf 89' lang='lat' dir='ltr'>etiam</span> <span class='ocrx_word' id='word_1_278' title='bbox 988 2412 1057 2466; x_wconf 92' lang='lat' dir='ltr'>ad</span> <span class='ocrx_word' id='word_1_279' title='bbox 1090 2414 1485 2481; x_wconf 90' lang='lat' dir='ltr'>contemptum</span> <span class='ocrx_word' id='word_1_280' title='bbox 1518 2414 1938 2480; x_wconf 79' lang='lat' dir='ltr'>praeceptorum</span> <span class='ocrx_word' id='word_1_281' title='bbox 1973 2410 2075 2464; x_wconf 90' lang='lat' dir='ltr'>Dei</span> 
     </span>
    </p>
   </div>
   <div class='ocr_carea' id='block_1_43' title="bbox 427 2497 2076 2571">
    <p class='ocr_par' dir='ltr' id='par_1_43' title="bbox 427 2497 2076 2571">
     <span class='ocr_line' id='line_1_43' title="bbox 427 2497 2076 2571; baseline -0.001 -16"><span class='ocrx_word' id='word_1_282' title='bbox 427 2516 493 2555; x_wconf 87' lang='lat' dir='ltr'>cx</span> <span class='ocrx_word' id='word_1_283' title='bbox 523 2499 647 2571; x_wconf 88' lang='lat' dir='ltr'>ipsa</span> <span class='ocrx_word' id='word_1_284' title='bbox 670 2500 777 2555; x_wconf 87' lang='lat' dir='ltr'>hac</span> <span class='ocrx_word' id='word_1_285' title='bbox 802 2500 958 2555; x_wconf 87' lang='lat' dir='ltr'>clara</span> <span class='ocrx_word' id='word_1_286' title='bbox 981 2499 1312 2571; x_wconf 85' lang='lat' dir='ltr'>cognitione</span> <span class='ocrx_word' id='word_1_287' title='bbox 1332 2498 1718 2554; x_wconf 87' lang='lat' dir='ltr'>traherentur.</span> <span class='ocrx_word' id='word_1_288' title='bbox 1745 2499 1893 2563; x_wconf 90' lang='lat' dir='ltr'>Quid</span> <span class='ocrx_word' id='word_1_289' title='bbox 1922 2497 2076 2553; x_wconf 89' lang='lat' dir='ltr'>enim</span> 
     </span>
    </p>
   </div>
   <div class='ocr_carea' id='block_1_44' title="bbox 429 2586 2077 2659">
    <p class='ocr_par' dir='ltr' id='par_1_44' title="bbox 429 2586 2077 2659">
     <span class='ocr_line' id='line_1_44' title="bbox 429 2586 2077 2659; baseline -0.002 -15"><span class='ocrx_word' id='word_1_290' title='bbox 429 2604 626 2644; x_wconf 86' lang='lat' dir='ltr'>amare</span> <span class='ocrx_word' id='word_1_291' title='bbox 665 2589 872 2644; x_wconf 86' lang='lat' dir='ltr'>attinet</span> <span class='ocrx_word' id='word_1_292' title='bbox 915 2604 1027 2657; x_wconf 90' lang='lat' dir='ltr'>me,</span> <span class='ocrx_word' id='word_1_293' title='bbox 1063 2588 1217 2659; x_wconf 87' lang='lat' dir='ltr'>quod</span> <span class='ocrx_word' id='word_1_294' title='bbox 1258 2604 1391 2643; x_wconf 82' lang='lat' dir='ltr'>mox</span> <span class='ocrx_word' id='word_1_295' title='bbox 1420 2586 1788 2657; x_wconf 82' lang='lat' dir='ltr'>dissolvetur,</span> <span class='ocrx_word' id='word_1_296' title='bbox 1822 2590 1878 2641; x_wconf 91' lang='lat' dir='ltr'>et</span> <span class='ocrx_word' id='word_1_297' title='bbox 1909 2587 2077 2657; x_wconf 89' lang='lat' dir='ltr'>cujus</span> 
     </span>
    </p>
   </div>
   <div class='ocr_carea' id='block_1_45' title="bbox 429 2675 2081 2750">
    <p class='ocr_par' dir='ltr' id='par_1_45' title="bbox 429 2675 2081 2750">
     <span class='ocr_line' id='line_1_45' title="bbox 429 2675 2081 2750; baseline -0.002 -17"><span class='ocrx_word' id='word_1_298' title='bbox 429 2694 544 2733; x_wconf 89' lang='lat' dir='ltr'>non</span> <span class='ocrx_word' id='word_1_299' title='bbox 568 2677 650 2733; x_wconf 88' lang='lat' dir='ltr'>ita</span> <span class='ocrx_word' id='word_1_300' title='bbox 677 2678 862 2733; x_wconf 89' lang='lat' dir='ltr'>multo</span> <span class='ocrx_word' id='word_1_301' title='bbox 887 2683 1019 2750; x_wconf 91' lang='lat' dir='ltr'>post</span> <span class='ocrx_word' id='word_1_302' title='bbox 1050 2677 1213 2732; x_wconf 87' lang='lat' dir='ltr'>nulla</span> <span class='ocrx_word' id='word_1_303' title='bbox 1243 2678 1352 2733; x_wconf 90' lang='lat' dir='ltr'>erit</span> <span class='ocrx_word' id='word_1_304' title='bbox 1374 2675 1633 2732; x_wconf 83' lang='lat' dir='ltr'>utilitas?</span> <span class='ocrx_word' id='word_1_305' title='bbox 1667 2681 1974 2747; x_wconf 81' lang='lat' dir='ltr'>Propterea</span> <span class='ocrx_word' id='word_1_306' title='bbox 1997 2676 2081 2730; x_wconf 91' lang='lat' dir='ltr'>ni-</span> 
     </span>
    </p>
   </div>
   <div class='ocr_carea' id='block_1_46' title="bbox 432 2765 2075 2838">
    <p class='ocr_par' dir='ltr' id='par_1_46' title="bbox 432 2765 2075 2838">
     <span class='ocr_line' id='line_1_46' title="bbox 432 2765 2075 2838; baseline -0.002 -15"><span class='ocrx_word' id='word_1_307' title='bbox 432 2770 642 2823; x_wconf 88' lang='lat' dir='ltr'>mirum</span> <span class='ocrx_word' id='word_1_308' title='bbox 685 2768 805 2823; x_wconf 68' lang='lat' dir='ltr'>hzec</span> <span class='ocrx_word' id='word_1_309' title='bbox 849 2767 1198 2823; x_wconf 87' lang='lat' dir='ltr'>obscuritate</span> <span class='ocrx_word' id='word_1_310' title='bbox 1226 2770 1403 2838; x_wconf 86' lang='lat' dir='ltr'>atque</span> <span class='ocrx_word' id='word_1_311' title='bbox 1434 2765 1790 2837; x_wconf 86' lang='lat' dir='ltr'>percipiendi</span> <span class='ocrx_word' id='word_1_312' title='bbox 1824 2765 2075 2820; x_wconf 81' lang='lat' dir='ltr'>difﬁcul-</span> 
     </span>
    </p>
   </div>
   <div class='ocr_carea' id='block_1_47' title="bbox 428 2852 2075 2926">
    <p class='ocr_par' dir='ltr' id='par_1_47' title="bbox 428 2852 2075 2926">
     <span class='ocr_line' id='line_1_47' title="bbox 428 2852 2075 2926; baseline -0.003 -12"><span class='ocrx_word' id='word_1_313' title='bbox 428 2862 546 2914; x_wconf 86' lang='lat' dir='ltr'>tate</span> <span class='ocrx_word' id='word_1_314' title='bbox 574 2857 966 2913; x_wconf 90' lang='lat' dir='ltr'>involvuntur.</span> <span class='ocrx_word' id='word_1_315' title='bbox 1002 2857 1151 2911; x_wconf 91' lang='lat' dir='ltr'>Nam</span> <span class='ocrx_word' id='word_1_316' title='bbox 1184 2856 1235 2911; x_wconf 91' lang='lat' dir='ltr'>si</span> <span class='ocrx_word' id='word_1_317' title='bbox 1262 2856 1484 2926; x_wconf 83' lang='lat' dir='ltr'>absque</span> <span class='ocrx_word' id='word_1_318' title='bbox 1513 2853 1626 2910; x_wconf 85' lang='lat' dir='ltr'>ulla</span> <span class='ocrx_word' id='word_1_319' title='bbox 1656 2870 1835 2910; x_wconf 88' lang='lat' dir='ltr'>causa</span> <span class='ocrx_word' id='word_1_320' title='bbox 1863 2852 2075 2909; x_wconf 87' lang='lat' dir='ltr'>millies</span> 
     </span>
    </p>
   </div>
   <div class='ocr_carea' id='block_1_48' title="bbox 430 2943 2076 3018">
    <p class='ocr_par' dir='ltr' id='par_1_48' title="bbox 430 2943 2076 3018">
     <span class='ocr_line' id='line_1_48' title="bbox 430 2943 2076 3018; baseline -0.002 -17"><span class='ocrx_word' id='word_1_321' title='bbox 430 2964 461 3001; x_wconf 90' lang='lat' dir='ltr'>a</span> <span class='ocrx_word' id='word_1_322' title='bbox 489 2946 792 3018; x_wconf 64' lang='lat' dir='ltr'>preceptis</span> <span class='ocrx_word' id='word_1_323' title='bbox 828 2948 925 3001; x_wconf 89' lang='lat' dir='ltr'>Dei</span> <span class='ocrx_word' id='word_1_324' title='bbox 966 2945 1338 3001; x_wconf 88' lang='lat' dir='ltr'>desciverunt</span> <span class='ocrx_word' id='word_1_325' title='bbox 1366 2943 1573 3010; x_wconf 72' lang='lat' dir='ltr'>Judaei,</span> <span class='ocrx_word' id='word_1_326' title='bbox 1620 2959 1753 2997; x_wconf 89' lang='lat' dir='ltr'>cum</span> <span class='ocrx_word' id='word_1_327' title='bbox 1787 2958 1974 3013; x_wconf 91' lang='lat' dir='ltr'>neque</span> <span class='ocrx_word' id='word_1_328' title='bbox 2006 2943 2076 2999; x_wconf 90' lang='lat' dir='ltr'>de</span> 
     </span>
    </p>
   </div>
   <div class='ocr_carea' id='block_1_49' title="bbox 431 3034 2071 3108">
    <p class='ocr_par' dir='ltr' id='par_1_49' title="bbox 431 3034 2071 3108">
     <span class='ocr_line' id='line_1_49' title="bbox 431 3034 2071 3108; baseline -0.004 -14"><span class='ocrx_word' id='word_1_329' title='bbox 431 3054 632 3094; x_wconf 89' lang='lat' dir='ltr'>eorum</span> <span class='ocrx_word' id='word_1_330' title='bbox 666 3039 985 3093; x_wconf 86' lang='lat' dir='ltr'>mutatione</span> <span class='ocrx_word' id='word_1_331' title='bbox 1008 3038 1329 3108; x_wconf 89' lang='lat' dir='ltr'>quidquam</span> <span class='ocrx_word' id='word_1_332' title='bbox 1362 3035 1658 3106; x_wconf 87' lang='lat' dir='ltr'>cognitum</span> <span class='ocrx_word' id='word_1_333' title='bbox 1681 3034 1981 3103; x_wconf 89' lang='lat' dir='ltr'>haberent,</span> <span class='ocrx_word' id='word_1_334' title='bbox 2008 3038 2071 3088; x_wconf 88' lang='lat' dir='ltr'>ut</span> 
     </span>
    </p>
   </div>
   <div class='ocr_carea' id='block_1_50' title="bbox 433 3122 2077 3196">
    <p class='ocr_par' dir='ltr' id='par_1_50' title="bbox 433 3122 2077 3196">
     <span class='ocr_line' id='line_1_50' title="bbox 433 3122 2077 3196; baseline -0.002 -15"><span class='ocrx_word' id='word_1_335' title='bbox 433 3142 620 3196; x_wconf 91' lang='lat' dir='ltr'>neque</span> <span class='ocrx_word' id='word_1_336' title='bbox 667 3127 822 3196; x_wconf 91' lang='lat' dir='ltr'>quod</span> <span class='ocrx_word' id='word_1_337' title='bbox 870 3125 1208 3195; x_wconf 84' lang='lat' dir='ltr'>imperfecta</span> <span class='ocrx_word' id='word_1_338' title='bbox 1252 3128 1308 3179; x_wconf 90' lang='lat' dir='ltr'>et</span> <span class='ocrx_word' id='word_1_339' title='bbox 1353 3124 1587 3180; x_wconf 87' lang='lat' dir='ltr'>alterius</span> <span class='ocrx_word' id='word_1_340' title='bbox 1638 3122 1848 3195; x_wconf 77' lang='lat' dir='ltr'>politiae</span> <span class='ocrx_word' id='word_1_341' title='bbox 1891 3124 2077 3193; x_wconf 79' lang='lat' dir='ltr'>figura</span> 
     </span>
    </p>
   </div>
   <div class='ocr_carea' id='block_1_51' title="bbox 434 3214 2073 3286">
    <p class='ocr_par' dir='ltr' id='par_1_51' title="bbox 434 3214 2073 3286">
     <span class='ocr_line' id='line_1_51' title="bbox 434 3214 2073 3286; baseline -0.002 -16"><span class='ocrx_word' id='word_1_342' title='bbox 434 3220 628 3271; x_wconf 86' lang='lat' dir='ltr'>essent</span> <span class='ocrx_word' id='word_1_343' title='bbox 677 3220 852 3286; x_wconf 92' lang='lat' dir='ltr'>atque</span> <span class='ocrx_word' id='word_1_344' title='bbox 920 3217 1161 3279; x_wconf 70' lang='lat' dir='ltr'>umbrae,</span> <span class='ocrx_word' id='word_1_345' title='bbox 1212 3215 1348 3284; x_wconf 90' lang='lat' dir='ltr'>quid</span> <span class='ocrx_word' id='word_1_346' title='bbox 1398 3216 1636 3269; x_wconf 87' lang='lat' dir='ltr'>tandem</span> <span class='ocrx_word' id='word_1_347' title='bbox 1687 3214 1904 3284; x_wconf 85' lang='lat' dir='ltr'>[putas]</span> <span class='ocrx_word' id='word_1_348' title='bbox 1960 3229 2073 3269; x_wconf 90' lang='lat' dir='ltr'>non</span> 
     </span>
    </p>
   </div>
   <div class='ocr_carea' id='block_1_52' title="bbox 435 3304 2075 3375">
    <p class='ocr_par' dir='ltr' id='par_1_52' title="bbox 435 3304 2075 3375">
     <span class='ocr_line' id='line_1_52' title="bbox 435 3304 2075 3375; baseline -0.002 -16"><span class='ocrx_word' id='word_1_349' title='bbox 435 3304 714 3375; x_wconf 88' lang='lat' dir='ltr'>egissent,</span> <span class='ocrx_word' id='word_1_350' title='bbox 770 3306 959 3361; x_wconf 73' lang='lat'>1976</span> <span class='ocrx_word' id='word_1_351' title='bbox 1034 3305 1085 3359; x_wconf 90' lang='lat' dir='ltr'>si</span> <span class='ocrx_word' id='word_1_352' title='bbox 1154 3305 1365 3359; x_wconf 90' lang='lat' dir='ltr'>tradita</span> <span class='ocrx_word' id='word_1_353' title='bbox 1434 3305 1579 3375; x_wconf 88' lang='lat' dir='ltr'>ipsis</span> <span class='ocrx_word' id='word_1_354' title='bbox 1646 3304 1920 3359; x_wconf 83' lang='lat' dir='ltr'>mandata</span> <span class='ocrx_word' id='word_1_355' title='bbox 1952 3308 2075 3357; x_wconf 84' lang='lat' dir='ltr'>tan-</span> 
     </span>
    </p>
   </div>
   <div class='ocr_carea' id='block_1_53' title="bbox 434 3391 2078 3463">
    <p class='ocr_par' dir='ltr' id='par_1_53' title="bbox 434 3391 2078 3463">
     <span class='ocr_line' id='line_1_53' title="bbox 434 3391 2078 3463; baseline -0.001 -15"><span class='ocrx_word' id='word_1_356' title='bbox 434 3394 566 3450; x_wconf 89' lang='lat' dir='ltr'>dem</span> <span class='ocrx_word' id='word_1_357' title='bbox 609 3393 887 3449; x_wconf 89' lang='lat' dir='ltr'>solvenda</span> <span class='ocrx_word' id='word_1_358' title='bbox 918 3398 1093 3463; x_wconf 89' lang='lat' dir='ltr'>atque</span> <span class='ocrx_word' id='word_1_359' title='bbox 1138 3393 1421 3449; x_wconf 90' lang='lat' dir='ltr'>mutanda</span> <span class='ocrx_word' id='word_1_360' title='bbox 1452 3409 1481 3449; x_wconf 92' lang='lat' dir='ltr'>e</span> <span class='ocrx_word' id='word_1_361' title='bbox 1512 3392 1831 3463; x_wconf 88' lang='lat' dir='ltr'>Scripturis</span> <span class='ocrx_word' id='word_1_362' title='bbox 1863 3391 2078 3447; x_wconf 90' lang='lat' dir='ltr'>clarius</span> 
     </span>
    </p>
   </div>
   <div class='ocr_carea' id='block_1_54' title="bbox 436 3480 2078 3554">
    <p class='ocr_par' dir='ltr' id='par_1_54' title="bbox 436 3480 2078 3554">
     <span class='ocr_line' id='line_1_54' title="bbox 436 3480 2078 3554; baseline -0.001 -16"><span class='ocrx_word' id='word_1_363' title='bbox 436 3484 889 3554; x_wconf 84' lang='lat' dir='ltr'>cognovissent?</span> <span class='ocrx_word' id='word_1_364' title='bbox 912 3482 1183 3554; x_wconf 82' lang='lat' dir='ltr'>Alioquin</span> <span class='ocrx_word' id='word_1_365' title='bbox 1216 3487 1273 3537; x_wconf 90' lang='lat' dir='ltr'>et</span> <span class='ocrx_word' id='word_1_366' title='bbox 1302 3482 1402 3538; x_wconf 82' lang='lat' dir='ltr'>illa</span> <span class='ocrx_word' id='word_1_367' title='bbox 1441 3481 1784 3553; x_wconf 83' lang='lat' dir='ltr'>disciplinas</span> <span class='ocrx_word' id='word_1_368' title='bbox 1815 3480 2078 3537; x_wconf 88' lang='lat' dir='ltr'>tradendi</span> 
     </span>
    </p>
   </div>
   <div class='ocr_carea' id='block_1_55' title="bbox 434 3570 2079 3643">
    <p class='ocr_par' dir='ltr' id='par_1_55' title="bbox 434 3570 2079 3643">
     <span class='ocr_line' id='line_1_55' title="bbox 434 3570 2079 3643; baseline -0.001 -17"><span class='ocrx_word' id='word_1_369' title='bbox 434 3572 523 3627; x_wconf 85' lang='lat' dir='ltr'>lex</span> <span class='ocrx_word' id='word_1_370' title='bbox 550 3571 765 3642; x_wconf 86' lang='lat' dir='ltr'>ubique</span> <span class='ocrx_word' id='word_1_371' title='bbox 783 3572 1099 3637; x_wconf 84' lang='lat' dir='ltr'>obtinebat,</span> <span class='ocrx_word' id='word_1_372' title='bbox 1119 3576 1185 3627; x_wconf 90' lang='lat' dir='ltr'>ut</span> <span class='ocrx_word' id='word_1_373' title='bbox 1203 3570 1302 3643; x_wconf 91' lang='lat' dir='ltr'>qui</span> <span class='ocrx_word' id='word_1_374' title='bbox 1322 3575 1585 3628; x_wconf 88' lang='lat' dir='ltr'>recenter</span> <span class='ocrx_word' id='word_1_375' title='bbox 1602 3570 1808 3641; x_wconf 89' lang='lat' dir='ltr'>primis</span> <span class='ocrx_word' id='word_1_376' title='bbox 1830 3570 2079 3627; x_wconf 88' lang='lat' dir='ltr'>elemen-</span> 
     </span>
    </p>
   </div>
   <div class='ocr_carea' id='block_1_56' title="bbox 437 3660 2081 3731">
    <p class='ocr_par' dir='ltr' id='par_1_56' title="bbox 437 3660 2081 3731">
     <span class='ocr_line' id='line_1_56' title="bbox 437 3660 2081 3731; baseline 0 -16"><span class='ocrx_word' id='word_1_377' title='bbox 437 3661 511 3715; x_wconf 88' lang='lat' dir='ltr'>tis</span> <span class='ocrx_word' id='word_1_378' title='bbox 543 3661 971 3727; x_wconf 86' lang='lat' dir='ltr'>imbuerentur,</span> <span class='ocrx_word' id='word_1_379' title='bbox 1006 3662 1075 3716; x_wconf 90' lang='lat' dir='ltr'>ad</span> <span class='ocrx_word' id='word_1_380' title='bbox 1102 3660 1468 3731; x_wconf 85' lang='lat' dir='ltr'>perfectionis</span> <span class='ocrx_word' id='word_1_381' title='bbox 1490 3675 1675 3730; x_wconf 90' lang='lat' dir='ltr'>usque</span> <span class='ocrx_word' id='word_1_382' title='bbox 1704 3663 1935 3731; x_wconf 89' lang='lat' dir='ltr'>tempus</span> <span class='ocrx_word' id='word_1_383' title='bbox 1958 3675 2081 3730; x_wconf 90' lang='lat' dir='ltr'>per-</span> 
     </span>
    </p>
   </div>
   <div class='ocr_carea' id='block_1_57' title="bbox 437 3748 2079 3821">
    <p class='ocr_par' dir='ltr' id='par_1_57' title="bbox 437 3748 2079 3821">
     <span class='ocr_line' id='line_1_57' title="bbox 437 3748 2079 3821; baseline 0 -18"><span class='ocrx_word' id='word_1_384' title='bbox 437 3748 677 3805; x_wconf 84' lang='lat' dir='ltr'>fectiora</span> <span class='ocrx_word' id='word_1_385' title='bbox 727 3766 973 3821; x_wconf 72' lang='lat' dir='ltr'>qumque</span> <span class='ocrx_word' id='word_1_386' title='bbox 1022 3750 1385 3806; x_wconf 86' lang='lat' dir='ltr'>celarentur:</span> <span class='ocrx_word' id='word_1_387' title='bbox 1430 3749 1533 3805; x_wconf 90' lang='lat' dir='ltr'>sed</span> <span class='ocrx_word' id='word_1_388' title='bbox 1562 3748 1898 3804; x_wconf 87' lang='lat' dir='ltr'>rudioribus</span> <span class='ocrx_word' id='word_1_389' title='bbox 1930 3749 2079 3804; x_wconf 91' lang='lat' dir='ltr'>dun-</span> 
     </span>
    </p>
   </div>
   <div class='ocr_carea' id='block_1_58' title="bbox 439 3838 2080 3911">
    <p class='ocr_par' dir='ltr' id='par_1_58' title="bbox 439 3838 2080 3911">
     <span class='ocr_line' id='line_1_58' title="bbox 439 3838 2080 3911; baseline -0.001 -17"><span class='ocrx_word' id='word_1_390' title='bbox 439 3843 600 3894; x_wconf 82' lang='lat' dir='ltr'>taxat</span> <span class='ocrx_word' id='word_1_391' title='bbox 628 3840 933 3911; x_wconf 84' lang='lat' dir='ltr'>praeceptis</span> <span class='ocrx_word' id='word_1_392' title='bbox 965 3838 1235 3909; x_wconf 88' lang='lat' dir='ltr'>discipuli</span> <span class='ocrx_word' id='word_1_393' title='bbox 1269 3839 1340 3894; x_wconf 90' lang='lat' dir='ltr'>ad</span> <span class='ocrx_word' id='word_1_394' title='bbox 1374 3838 1759 3910; x_wconf 83' lang='lat' dir='ltr'>perfectorum</span> <span class='ocrx_word' id='word_1_395' title='bbox 1793 3838 2080 3908; x_wconf 87' lang='lat' dir='ltr'>cognitio—</span> 
     </span>
    </p>
   </div>
   <div class='ocr_carea' id='block_1_59' title="bbox 440 3926 2080 4000">
    <p class='ocr_par' dir='ltr' id='par_1_59' title="bbox 440 3926 2080 4000">
     <span class='ocr_line' id='line_1_59' title="bbox 440 3926 2080 4000; baseline 0.001 -17"><span class='ocrx_word' id='word_1_396' title='bbox 440 3944 575 3983; x_wconf 92' lang='lat' dir='ltr'>nem</span> <span class='ocrx_word' id='word_1_397' title='bbox 608 3928 1039 3999; x_wconf 86' lang='lat' dir='ltr'>percipiendam</span> <span class='ocrx_word' id='word_1_398' title='bbox 1075 3931 1562 4000; x_wconf 81' lang='lat' dir='ltr'>praeparareutur.</span> <span class='ocrx_word' id='word_1_399' title='bbox 1594 3927 1803 3983; x_wconf 70' lang='lat' dir='ltr'>Praeter</span> <span class='ocrx_word' id='word_1_400' title='bbox 1833 3926 1954 3983; x_wconf 66' lang='lat' dir='ltr'>hanc</span> <span class='ocrx_word' id='word_1_401' title='bbox 1984 3944 2080 3984; x_wconf 87' lang='lat' dir='ltr'>au-</span> 
     </span>
    </p>
   </div>
   <div class='ocr_carea' id='block_1_60' title="bbox 439 4016 2081 4089">
    <p class='ocr_par' dir='ltr' id='par_1_60' title="bbox 439 4016 2081 4089">
     <span class='ocr_line' id='line_1_60' title="bbox 439 4016 2081 4089; baseline 0.001 -18"><span class='ocrx_word' id='word_1_402' title='bbox 439 4022 559 4072; x_wconf 87' lang='lat' dir='ltr'>tem</span> <span class='ocrx_word' id='word_1_403' title='bbox 609 4019 784 4072; x_wconf 88' lang='lat' dir='ltr'>etiam</span> <span class='ocrx_word' id='word_1_404' title='bbox 836 4022 1104 4072; x_wconf 86' lang='lat' dir='ltr'>naturam</span> <span class='ocrx_word' id='word_1_405' title='bbox 1156 4018 1236 4071; x_wconf 92' lang='lat' dir='ltr'>ita</span> <span class='ocrx_word' id='word_1_406' title='bbox 1284 4016 1619 4089; x_wconf 82' lang='lat' dir='ltr'>gubernari,</span> <span class='ocrx_word' id='word_1_407' title='bbox 1664 4026 1719 4071; x_wconf 89' lang='lat' dir='ltr'>et</span> <span class='ocrx_word' id='word_1_408' title='bbox 1762 4033 1934 4089; x_wconf 88' lang='lat' dir='ltr'>opera</span> <span class='ocrx_word' id='word_1_409' title='bbox 1973 4034 2081 4073; x_wconf 90' lang='lat' dir='ltr'>sua</span> 
     </span>
    </p>
   </div>
   <div class='ocr_carea' id='block_1_61' title="bbox 440 4105 2081 4178">
    <p class='ocr_par' dir='ltr' id='par_1_61' title="bbox 440 4105 2081 4178">
     <span class='ocr_line' id='line_1_61' title="bbox 440 4105 2081 4178; baseline 0.001 -17"><span class='ocrx_word' id='word_1_410' title='bbox 440 4122 638 4177; x_wconf 87' lang='lat' dir='ltr'>regere</span> <span class='ocrx_word' id='word_1_411' title='bbox 709 4106 1000 4161; x_wconf 92' lang='lat' dir='ltr'>videmus.</span> <span class='ocrx_word' id='word_1_412' title='bbox 1069 4105 1263 4161; x_wconf 88' lang='lat' dir='ltr'>Prima</span> <span class='ocrx_word' id='word_1_413' title='bbox 1341 4105 1497 4161; x_wconf 90' lang='lat' dir='ltr'>enim</span> <span class='ocrx_word' id='word_1_414' title='bbox 1567 4109 1838 4161; x_wconf 87' lang='lat' dir='ltr'>sementis</span> <span class='ocrx_word' id='word_1_415' title='bbox 1908 4110 2081 4178; x_wconf 84' lang='lat' dir='ltr'>atque</span> 
     </span>
    </p>
   </div>
   <div class='ocr_carea' id='block_1_62' title="bbox 439 4194 2081 4267">
    <p class='ocr_par' dir='ltr' id='par_1_62' title="bbox 439 4194 2081 4267">
     <span class='ocr_line' id='line_1_62' title="bbox 439 4194 2081 4267; baseline 0 -16"><span class='ocrx_word' id='word_1_416' title='bbox 439 4195 665 4251; x_wconf 89' lang='lat' dir='ltr'>semina</span> <span class='ocrx_word' id='word_1_417' title='bbox 697 4198 1010 4266; x_wconf 83' lang='lat' dir='ltr'>perfectam</span> <span class='ocrx_word' id='word_1_418' title='bbox 1044 4195 1101 4249; x_wconf 89' lang='lat' dir='ltr'>in</span> <span class='ocrx_word' id='word_1_419' title='bbox 1135 4212 1197 4250; x_wconf 85' lang='lat' dir='ltr'>se</span> <span class='ocrx_word' id='word_1_420' title='bbox 1236 4196 1487 4265; x_wconf 89' lang='lat' dir='ltr'>speciem</span> <span class='ocrx_word' id='word_1_421' title='bbox 1528 4194 1679 4251; x_wconf 86' lang='lat' dir='ltr'>clare</span> <span class='ocrx_word' id='word_1_422' title='bbox 1710 4212 2081 4267; x_wconf 88' lang='lat' dir='ltr'>nequaquam</span> 
     </span>
    </p>
   </div>
   <div class='ocr_carea' id='block_1_63' title="bbox 439 4284 2084 4355">
    <p class='ocr_par' dir='ltr' id='par_1_63' title="bbox 439 4284 2084 4355">
     <span class='ocr_line' id='line_1_63' title="bbox 439 4284 2084 4355; baseline 0.001 -16"><span class='ocrx_word' id='word_1_423' title='bbox 439 4286 768 4352; x_wconf 89' lang='lat' dir='ltr'>ostendunt,</span> <span class='ocrx_word' id='word_1_424' title='bbox 804 4286 899 4340; x_wconf 90' lang='lat' dir='ltr'>sed</span> <span class='ocrx_word' id='word_1_425' title='bbox 933 4285 1061 4355; x_wconf 82' lang='lat' dir='ltr'>ejus</span> <span class='ocrx_word' id='word_1_426' title='bbox 1094 4288 1319 4339; x_wconf 89' lang='lat' dir='ltr'>tantum</span> <span class='ocrx_word' id='word_1_427' title='bbox 1355 4285 1614 4340; x_wconf 86' lang='lat' dir='ltr'>rationes</span> <span class='ocrx_word' id='word_1_428' title='bbox 1645 4284 1869 4340; x_wconf 89' lang='lat' dir='ltr'>abditas</span> <span class='ocrx_word' id='word_1_429' title='bbox 1899 4287 2084 4341; x_wconf 89' lang='lat' dir='ltr'>conti-</span> 
     </span>
    </p>
   </div>
   <div class='ocr_carea' id='block_1_64' title="bbox 440 4374 2082 4446">
    <p class='ocr_par' dir='ltr' id='par_1_64' title="bbox 440 4374 2082 4446">
     <span class='ocr_line' id='line_1_64' title="bbox 440 4374 2082 4446; baseline 0.002 -19"><span class='ocrx_word' id='word_1_430' title='bbox 440 4378 609 4427; x_wconf 86' lang='lat' dir='ltr'>nent:</span> <span class='ocrx_word' id='word_1_431' title='bbox 656 4379 719 4427; x_wconf 89' lang='lat' dir='ltr'>ut</span> <span class='ocrx_word' id='word_1_432' title='bbox 765 4391 1013 4445; x_wconf 86' lang='lat' dir='ltr'>granum</span> <span class='ocrx_word' id='word_1_433' title='bbox 1062 4374 1223 4445; x_wconf 88' lang='lat' dir='ltr'>spica</span> <span class='ocrx_word' id='word_1_434' title='bbox 1268 4391 1381 4429; x_wconf 88' lang='lat' dir='ltr'>non</span> <span class='ocrx_word' id='word_1_435' title='bbox 1414 4378 1520 4440; x_wconf 90' lang='lat' dir='ltr'>est,</span> <span class='ocrx_word' id='word_1_436' title='bbox 1572 4374 1676 4429; x_wconf 89' lang='lat' dir='ltr'>etsi</span> <span class='ocrx_word' id='word_1_437' title='bbox 1725 4374 1782 4429; x_wconf 90' lang='lat' dir='ltr'>in</span> <span class='ocrx_word' id='word_1_438' title='bbox 1823 4391 1883 4430; x_wconf 91' lang='lat' dir='ltr'>se</span> <span class='ocrx_word' id='word_1_439' title='bbox 1914 4376 2082 4446; x_wconf 73' lang='lat' dir='ltr'>spicae</span> 
     </span>
    </p>
   </div>
   <div class='ocr_carea' id='block_1_65' title="bbox 440 4462 2082 4534">
    <p class='ocr_par' dir='ltr' id='par_1_65' title="bbox 440 4462 2082 4534">
     <span class='ocr_line' id='line_1_65' title="bbox 440 4462 2082 4534; baseline 0.001 -17"><span class='ocrx_word' id='word_1_440' title='bbox 440 4462 725 4518; x_wconf 88' lang='lat' dir='ltr'>rationem</span> <span class='ocrx_word' id='word_1_441' title='bbox 758 4464 919 4534; x_wconf 79' lang='lat' dir='ltr'>tegit.</span> <span class='ocrx_word' id='word_1_442' title='bbox 952 4465 1165 4519; x_wconf 85' lang='lat' dir='ltr'>Eadem</span> <span class='ocrx_word' id='word_1_443' title='bbox 1210 4468 1427 4518; x_wconf 69' lang='lat' dir='ltr'>natura:</span> <span class='ocrx_word' id='word_1_444' title='bbox 1458 4463 1639 4519; x_wconf 88' lang='lat' dir='ltr'>series</span> <span class='ocrx_word' id='word_1_445' title='bbox 1671 4463 1729 4518; x_wconf 90' lang='lat' dir='ltr'>in</span> <span class='ocrx_word' id='word_1_446' title='bbox 1772 4463 1899 4519; x_wconf 91' lang='lat' dir='ltr'>aliis</span> <span class='ocrx_word' id='word_1_447' title='bbox 1932 4481 2082 4534; x_wconf 88' lang='lat' dir='ltr'>quo-</span> 
     </span>
    </p>
   </div>
   <div class='ocr_carea' id='block_1_66' title="bbox 444 4553 2083 4626">
    <p class='ocr_par' dir='ltr' id='par_1_66' title="bbox 444 4553 2083 4626">
     <span class='ocr_line' id='line_1_66' title="bbox 444 4553 2083 4626; baseline 0.002 -20"><span class='ocrx_word' id='word_1_448' title='bbox 444 4568 559 4624; x_wconf 90' lang='lat' dir='ltr'>que</span> <span class='ocrx_word' id='word_1_449' title='bbox 592 4553 875 4608; x_wconf 80' lang='lat' dir='ltr'>fructibus</span> <span class='ocrx_word' id='word_1_450' title='bbox 898 4570 961 4608; x_wconf 91' lang='lat' dir='ltr'>ac</span> <span class='ocrx_word' id='word_1_451' title='bbox 993 4554 1319 4609; x_wconf 90' lang='lat' dir='ltr'>seminibus</span> <span class='ocrx_word' id='word_1_452' title='bbox 1352 4554 1742 4626; x_wconf 80' lang='lat' dir='ltr'>cognoscitur,</span> <span class='ocrx_word' id='word_1_453' title='bbox 1777 4554 2005 4624; x_wconf 88' lang='lat' dir='ltr'>qualem</span> <span class='ocrx_word' id='word_1_454' title='bbox 2032 4564 2083 4610; x_wconf 91' lang='lat' dir='ltr'>et</span> 
     </span>
    </p>
   </div>
   <div class='ocr_carea' id='block_1_67' title="bbox 443 4641 2085 4714">
    <p class='ocr_par' dir='ltr' id='par_1_67' title="bbox 443 4641 2085 4714">
     <span class='ocr_line' id='line_1_67' title="bbox 443 4641 2085 4714; baseline 0.001 -18"><span class='ocrx_word' id='word_1_455' title='bbox 443 4642 535 4697; x_wconf 84' lang='lat' dir='ltr'>lex</span> <span class='ocrx_word' id='word_1_456' title='bbox 568 4645 733 4696; x_wconf 92' lang='lat' dir='ltr'>vetus</span> <span class='ocrx_word' id='word_1_457' title='bbox 754 4643 867 4697; x_wconf 80' lang='lat' dir='ltr'>fere</span> <span class='ocrx_word' id='word_1_458' title='bbox 891 4643 1165 4700; x_wconf 90' lang='lat' dir='ltr'>rationem</span> <span class='ocrx_word' id='word_1_459' title='bbox 1188 4658 1317 4697; x_wconf 90' lang='lat' dir='ltr'>cum</span> <span class='ocrx_word' id='word_1_460' title='bbox 1341 4641 1530 4714; x_wconf 87' lang='lat' dir='ltr'>gratia</span> <span class='ocrx_word' id='word_1_461' title='bbox 1551 4646 1761 4698; x_wconf 88' lang='lat' dir='ltr'>servat.</span> <span class='ocrx_word' id='word_1_462' title='bbox 1786 4643 1929 4698; x_wconf 83' lang='lat' dir='ltr'>Nam</span> <span class='ocrx_word' id='word_1_463' title='bbox 1957 4660 2085 4714; x_wconf 70' lang='lat' dir='ltr'>quae</span> 
     </span>
    </p>
   </div>
   <div class='ocr_carea' id='block_1_68' title="bbox 440 4731 2084 4804">
    <p class='ocr_par' dir='ltr' id='par_1_68' title="bbox 440 4731 2084 4804">
     <span class='ocr_line' id='line_1_68' title="bbox 440 4731 2084 4804; baseline 0.001 -18"><span class='ocrx_word' id='word_1_464' title='bbox 440 4732 630 4803; x_wconf 87' lang='lat' dir='ltr'>gratia</span> <span class='ocrx_word' id='word_1_465' title='bbox 660 4731 904 4801; x_wconf 81' lang='lat' dir='ltr'>perﬁcit,</span> <span class='ocrx_word' id='word_1_466' title='bbox 932 4731 1072 4803; x_wconf 91' lang='lat' dir='ltr'>jacti</span> <span class='ocrx_word' id='word_1_467' title='bbox 1104 4748 1207 4804; x_wconf 88' lang='lat' dir='ltr'>per</span> <span class='ocrx_word' id='word_1_468' title='bbox 1236 4733 1417 4803; x_wconf 87' lang='lat' dir='ltr'>legem</span> <span class='ocrx_word' id='word_1_469' title='bbox 1449 4731 1691 4787; x_wconf 85' lang='lat' dir='ltr'>seminis</span> <span class='ocrx_word' id='word_1_470' title='bbox 1722 4748 1883 4802; x_wconf 84' lang='lat' dir='ltr'>seges</span> <span class='ocrx_word' id='word_1_471' title='bbox 1910 4732 2084 4788; x_wconf 88' lang='lat' dir='ltr'>habe-</span> 
     </span>
    </p>
   </div>
   <div class='ocr_carea' id='block_1_69' title="bbox 442 4820 2083 4893">
    <p class='ocr_par' dir='ltr' id='par_1_69' title="bbox 442 4820 2083 4893">
     <span class='ocr_line' id='line_1_69' title="bbox 442 4820 2083 4893; baseline 0.002 -18"><span class='ocrx_word' id='word_1_472' title='bbox 442 4824 557 4875; x_wconf 90' lang='lat' dir='ltr'>tur.</span> <span class='ocrx_word' id='word_1_473' title='bbox 594 4821 817 4887; x_wconf 84' lang='lat' dir='ltr'>Quibus</span> <span class='ocrx_word' id='word_1_474' title='bbox 850 4821 1030 4893; x_wconf 88' lang='lat' dir='ltr'>igitur</span> <span class='ocrx_word' id='word_1_475' title='bbox 1061 4822 1132 4877; x_wconf 89' lang='lat' dir='ltr'>de</span> <span class='ocrx_word' id='word_1_476' title='bbox 1161 4820 1357 4877; x_wconf 89' lang='lat' dir='ltr'>causis</span> <span class='ocrx_word' id='word_1_477' title='bbox 1389 4821 1809 4877; x_wconf 88' lang='lat' dir='ltr'>obscuritatem</span> <span class='ocrx_word' id='word_1_478' title='bbox 1844 4838 2083 4878; x_wconf 87' lang='lat' dir='ltr'>assum-</span> 
     </span>
    </p>
   </div>
   <div class='ocr_carea' id='block_1_70' title="bbox 442 4910 1813 4983">
    <p class='ocr_par' dir='ltr' id='par_1_70' title="bbox 442 4910 1813 4983">
     <span class='ocr_line' id='line_1_70' title="bbox 442 4910 1813 4983; baseline 0.001 -18"><span class='ocrx_word' id='word_1_479' title='bbox 442 4912 623 4981; x_wconf 86' lang='lat' dir='ltr'>pserit</span> <span class='ocrx_word' id='word_1_480' title='bbox 651 4910 743 4967; x_wconf 82' lang='lat' dir='ltr'>lex</span> <span class='ocrx_word' id='word_1_481' title='bbox 773 4912 1057 4982; x_wconf 87' lang='lat' dir='ltr'>Mosaica,</span> <span class='ocrx_word' id='word_1_482' title='bbox 1091 4916 1390 4983; x_wconf 90' lang='lat' dir='ltr'>utcunque</span> <span class='ocrx_word' id='word_1_483' title='bbox 1412 4913 1536 4983; x_wconf 88' lang='lat' dir='ltr'>jam</span> <span class='ocrx_word' id='word_1_484' title='bbox 1569 4911 1813 4968; x_wconf 88' lang='lat' dir='ltr'>dictum.</span> 
     </span>
    </p>
   </div>
   <div class='ocr_carea' id='block_1_71' title="bbox 511 4999 2090 5077">
    <p class='ocr_par' dir='ltr' id='par_1_71' title="bbox 511 4999 2090 5077">
     <span class='ocr_line' id='line_1_71' title="bbox 511 4999 2090 5077; baseline 0.001 -22"><span class='ocrx_word' id='word_1_485' title='bbox 511 5004 677 5057; x_wconf 87' lang='lat' dir='ltr'>Nunc</span> <span class='ocrx_word' id='word_1_486' title='bbox 712 5001 870 5073; x_wconf 91' lang='lat' dir='ltr'>quod</span> <span class='ocrx_word' id='word_1_487' title='bbox 900 5001 1103 5073; x_wconf 67' lang='lat' dir='ltr'>gratiae</span> <span class='ocrx_word' id='word_1_488' title='bbox 1145 5016 1374 5072; x_wconf 91' lang='lat' dir='ltr'>quoque</span> <span class='ocrx_word' id='word_1_489' title='bbox 1406 4999 1495 5077; x_wconf 63' lang='lat' dir='ltr'>lex</span> <span class='ocrx_word' id='word_1_490' title='bbox 1528 5001 1852 5070; x_wconf 89' lang='lat' dir='ltr'>obscurior,</span> <span class='ocrx_word' id='word_1_491' title='bbox 1886 5004 1942 5055; x_wconf 91' lang='lat' dir='ltr'>et</span> <span class='ocrx_word' id='word_1_492' title='bbox 1974 5018 2090 5056; x_wconf 92' lang='lat' dir='ltr'>non</span> 
     </span>
    </p>
   </div>
   <div class='ocr_carea' id='block_1_72' title="bbox 440 5088 2089 5161">
    <p class='ocr_par' dir='ltr' id='par_1_72' title="bbox 440 5088 2089 5161">
     <span class='ocr_line' id='line_1_72' title="bbox 440 5088 2089 5161; baseline 0.002 -18"><span class='ocrx_word' id='word_1_493' title='bbox 440 5089 522 5143; x_wconf 90' lang='lat' dir='ltr'>ita</span> <span class='ocrx_word' id='word_1_494' title='bbox 548 5089 787 5146; x_wconf 91' lang='lat' dir='ltr'>cuilibet</span> <span class='ocrx_word' id='word_1_495' title='bbox 822 5091 1131 5161; x_wconf 86' lang='lat' dir='ltr'>perspicua</span> <span class='ocrx_word' id='word_1_496' title='bbox 1162 5088 1258 5157; x_wconf 89' lang='lat' dir='ltr'>sit,</span> <span class='ocrx_word' id='word_1_497' title='bbox 1294 5090 1627 5151; x_wconf 65' lang='lat' dir='ltr'>auditorum</span> <span class='ocrx_word' id='word_1_498' title='bbox 1660 5106 1859 5145; x_wconf 88' lang='lat' dir='ltr'>recens</span> <span class='ocrx_word' id='word_1_499' title='bbox 1896 5089 2089 5147; x_wconf 86' lang='lat' dir='ltr'>adhuc</span> 
     </span>
    </p>
   </div>
   <div class='ocr_carea' id='block_1_73' title="bbox 442 5177 2084 5249">
    <p class='ocr_par' dir='ltr' id='par_1_73' title="bbox 442 5177 2084 5249">
     <span class='ocr_line' id='line_1_73' title="bbox 442 5177 2084 5249; baseline 0.003 -19"><span class='ocrx_word' id='word_1_500' title='bbox 442 5177 1170 5249; x_wconf 63' lang='lat' dir='ltr'>instructio,/nientisque</span> <span class='ocrx_word' id='word_1_501' title='bbox 1224 5179 1599 5235; x_wconf 87' lang='lat' dir='ltr'>imbecillitas</span> <span class='ocrx_word' id='word_1_502' title='bbox 1651 5179 1710 5234; x_wconf 92' lang='lat' dir='ltr'>in</span> <span class='ocrx_word' id='word_1_503' title='bbox 1756 5195 1928 5236; x_wconf 92' lang='lat' dir='ltr'>causa</span> <span class='ocrx_word' id='word_1_504' title='bbox 1978 5187 2084 5235; x_wconf 91' lang='lat' dir='ltr'>est.</span> 
     </span>
    </p>
   </div>
   <div class='ocr_carea' id='block_1_74' title="bbox 441 5256 2085 5341">
    <p class='ocr_par' dir='ltr' id='par_1_74' title="bbox 441 5256 2085 5341">
     <span class='ocr_line' id='line_1_74' title="bbox 441 5256 2085 5341; baseline 0.004 -23"><span class='ocrx_word' id='word_1_505' title='bbox 441 5266 602 5320; x_wconf 88' lang='lat' dir='ltr'>Unde</span> <span class='ocrx_word' id='word_1_506' title='bbox 652 5271 708 5322; x_wconf 92' lang='lat' dir='ltr'>et</span> <span class='ocrx_word' id='word_1_507' title='bbox 750 5256 851 5324; x_wconf 89' lang='lat' dir='ltr'>vas</span> <span class='ocrx_word' id='word_1_508' title='bbox 902 5268 1238 5325; x_wconf 88' lang='lat' dir='ltr'>electionis:</span> <span class='ocrx_word' id='word_1_509' title='bbox 1286 5272 1424 5339; x_wconf 79' lang='lat' dir='ltr'>Lac,</span> <span class='ocrx_word' id='word_1_510' title='bbox 1472 5269 1683 5341; x_wconf 87' lang='lat' dir='ltr'>inquit,</span> <span class='ocrx_word' id='word_1_511' title='bbox 1718 5268 1868 5325; x_wconf 77' lang='lat' dir='ltr'>vobis</span> <span class='ocrx_word' id='word_1_512' title='bbox 1895 5274 2085 5341; x_wconf 81' lang='lat' dir='ltr'>potum</span> 
     </span>
    </p>
   </div>
   <div class='ocr_carea' id='block_1_75' title="bbox 439 5355 2083 5434">
    <p class='ocr_par' dir='ltr' id='par_1_75' title="bbox 439 5355 2083 5434">
     <span class='ocr_line' id='line_1_75' title="bbox 439 5355 2083 5434; baseline 0.006 -26"><span class='ocrx_word' id='word_1_513' title='bbox 439 5355 581 5427; x_wconf 79' lang='lat' dir='ltr'>dedi,</span> <span class='ocrx_word' id='word_1_514' title='bbox 614 5372 724 5414; x_wconf 82' lang='lat' dir='ltr'>non</span> <span class='ocrx_word' id='word_1_515' title='bbox 751 5374 967 5416; x_wconf 72' lang='lat' dir='ltr'>escam:</span> <span class='ocrx_word' id='word_1_516' title='bbox 1012 5360 1257 5418; x_wconf 83' lang='lat' dir='ltr'>nondum</span> <span class='ocrx_word' id='word_1_517' title='bbox 1295 5362 1445 5418; x_wconf 81' lang='lat' dir='ltr'>enim</span> <span class='ocrx_word' id='word_1_518' title='bbox 1481 5363 1745 5434; x_wconf 71' lang='lat' dir='ltr'>poteratis</span> <span class='ocrx_word' id='word_1_519' title='bbox 1781 5378 1830 5419; x_wconf 80' lang='grc' dir='ltr'>ο.</span> <span class='ocrx_word' id='word_1_520' title='bbox 1868 5364 2083 5429; x_wconf 84' lang='lat' dir='ltr'>Quem-</span> 
     </span>
    </p>
   </div>
   <div class='ocr_carea' id='block_1_76' title="bbox 510 5464 943 5535">
    <p class='ocr_par' dir='ltr' id='par_1_76' title="bbox 510 5464 943 5535">
     <span class='ocr_line' id='line_1_76' title="bbox 510 5464 943 5535; baseline 0.005 -16"><span class='ocrx_word' id='word_1_521' title='bbox 510 5479 537 5519; x_wconf 89' lang='lat' dir='ltr'>c</span> <span class='ocrx_word' id='word_1_522' title='bbox 566 5465 588 5521; x_wconf 93' lang='grc' dir='ltr'>Ι</span> <span class='ocrx_word' id='word_1_523' title='bbox 614 5464 739 5525; x_wconf 89' lang='lat' dir='ltr'>Cor.</span> <span class='ocrx_word' id='word_1_524' title='bbox 774 5484 859 5535; x_wconf 89' lang='grc' dir='ltr'>ιιι,</span> <span class='ocrx_word' id='word_1_525' title='bbox 888 5468 943 5522; x_wconf 88' lang='lat'>2.</span> 
     </span>
    </p>
   </div>
   <div class='ocr_carea' id='block_1_77' title="bbox 2182 1873 3832 1951">
    <p class='ocr_par' dir='ltr' id='par_1_77' title="bbox 2182 1873 3832 1951">
     <span class='ocr_line' id='line_1_77' title="bbox 2182 1873 3832 1951; baseline 0.002 -22"><span class='ocrx_word' id='word_1_526' title='bbox 2182 1877 2407 1951; x_wconf 62' lang='grc' dir='ltr'>Γραφῶν</span> <span class='ocrx_word' id='word_1_527' title='bbox 2478 1876 2819 1947; x_wconf 75' lang='grc' dir='ltr'>περικόψωσι</span> <span class='ocrx_word' id='word_1_528' title='bbox 2895 1876 2985 1928; x_wconf 82' lang='grc' dir='ltr'>καὶ</span> <span class='ocrx_word' id='word_1_529' title='bbox 3064 1874 3441 1949; x_wconf 76' lang='grc' dir='ltr'>ἐξαφανίσωσι,</span> <span class='ocrx_word' id='word_1_530' title='bbox 3514 1873 3602 1930; x_wconf 77' lang='grc' dir='ltr'>διά</span> <span class='ocrx_word' id='word_1_531' title='bbox 3665 1881 3832 1932; x_wconf 88' lang='grc' dir='ltr'>τοῦτο</span> 
     </span>
    </p>
   </div>
   <div class='ocr_carea' id='block_1_78' title="bbox 2184 1963 3839 2040">
    <p class='ocr_par' dir='ltr' id='par_1_78' title="bbox 2184 1963 3839 2040">
     <span class='ocr_line' id='line_1_78' title="bbox 2184 1963 3839 2040; baseline 0.001 -22"><span class='ocrx_word' id='word_1_532' title='bbox 2184 1965 2320 2038; x_wconf 88' lang='grc' dir='ltr'>μετὰ</span> <span class='ocrx_word' id='word_1_533' title='bbox 2400 1968 2498 2017; x_wconf 85' lang='grc' dir='ltr'>τοῦ</span> <span class='ocrx_word' id='word_1_534' title='bbox 2583 1965 3037 2036; x_wconf 81' lang='grc' dir='ltr'>συνεσκιασμένου</span> <span class='ocrx_word' id='word_1_535' title='bbox 3101 1969 3271 2019; x_wconf 84' lang='grc' dir='ltr'>ταῦτα</span> <span class='ocrx_word' id='word_1_536' title='bbox 3351 1963 3663 2040; x_wconf 89' lang='grc' dir='ltr'>προάγεται.</span> <span class='ocrx_word' id='word_1_537' title='bbox 3727 1967 3839 2023; x_wconf 83' lang='grc' dir='ltr'>Καὶ</span> 
     </span>
    </p>
   </div>
   <div class='ocr_carea' id='block_1_79' title="bbox 2179 2051 3837 2130">
    <p class='ocr_par' dir='ltr' id='par_1_79' title="bbox 2179 2051 3837 2130">
     <span class='ocr_line' id='line_1_79' title="bbox 2179 2051 3837 2130; baseline 0.001 -23"><span class='ocrx_word' id='word_1_538' title='bbox 2179 2053 2380 2129; x_wconf 85' lang='grc' dir='ltr'>τρίτον,</span> <span class='ocrx_word' id='word_1_539' title='bbox 2413 2051 2495 2106; x_wconf 80' lang='grc' dir='ltr'>ὅτι</span> <span class='ocrx_word' id='word_1_540' title='bbox 2528 2051 2802 2127; x_wconf 85' lang='grc' dir='ltr'>ὀλίγωρος</span> <span class='ocrx_word' id='word_1_541' title='bbox 2834 2051 2908 2107; x_wconf 79' lang='grc' dir='ltr'>ὢν</span> <span class='ocrx_word' id='word_1_542' title='bbox 2937 2056 2979 2091; x_wconf 64' lang='grc' dir='ltr'>ιδ</span> <span class='ocrx_word' id='word_1_543' title='bbox 3007 2054 3097 2107; x_wconf 85' lang='grc' dir='ltr'>καὶ</span> <span class='ocrx_word' id='word_1_544' title='bbox 3127 2058 3235 2109; x_wconf 91' lang='grc' dir='ltr'>τῶν</span> <span class='ocrx_word' id='word_1_545' title='bbox 3269 2053 3424 2108; x_wconf 61' lang='grc' dir='ltr'>θείω]</span> <span class='ocrx_word' id='word_1_546' title='bbox 3467 2056 3837 2130; x_wconf 83' lang='grc' dir='ltr'>προσταγμά-</span> 
     </span>
    </p>
   </div>
   <div class='ocr_carea' id='block_1_80' title="bbox 2178 2140 3829 2217">
    <p class='ocr_par' dir='ltr' id='par_1_80' title="bbox 2178 2140 3829 2217">
     <span class='ocr_line' id='line_1_80' title="bbox 2178 2140 3829 2217; baseline 0 -20"><span class='ocrx_word' id='word_1_547' title='bbox 2178 2164 2284 2198; x_wconf 90' lang='grc' dir='ltr'>των</span> <span class='ocrx_word' id='word_1_548' title='bbox 2344 2144 2765 2217; x_wconf 66' lang='grc' dir='ltr'>καταφρονητὴς</span> <span class='ocrx_word' id='word_1_549' title='bbox 2826 2143 2853 2196; x_wconf 87' lang='grc' dir='ltr'>ὁ</span> <span class='ocrx_word' id='word_1_550' title='bbox 2912 2147 3019 2196; x_wconf 94' lang='grc' dir='ltr'>τῶν</span> <span class='ocrx_word' id='word_1_551' title='bbox 3078 2140 3353 2197; x_wconf 86' lang='grc' dir='ltr'>Ἰουδαίων</span> <span class='ocrx_word' id='word_1_552' title='bbox 3387 2142 3544 2211; x_wconf 83' lang='grc' dir='ltr'>λαὸς,</span> <span class='ocrx_word' id='word_1_553' title='bbox 3598 2142 3690 2198; x_wconf 72' lang='grc' dir='ltr'>’ίνα</span> <span class='ocrx_word' id='word_1_554' title='bbox 3748 2146 3829 2214; x_wconf 77' lang='grc' dir='ltr'>μὴ</span> 
     </span>
    </p>
   </div>
   <div class='ocr_carea' id='block_1_81' title="bbox 2186 2231 3835 2308">
    <p class='ocr_par' dir='ltr' id='par_1_81' title="bbox 2186 2231 3835 2308">
     <span class='ocr_line' id='line_1_81' title="bbox 2186 2231 3835 2308; baseline 0 -22"><span class='ocrx_word' id='word_1_555' title='bbox 2186 2232 2441 2306; x_wconf 78' lang='grc' dir='ltr'>μαθόντες</span> <span class='ocrx_word' id='word_1_556' title='bbox 2499 2235 2683 2308; x_wconf 80' lang='grc' dir='ltr'>σαφῶς</span> <span class='ocrx_word' id='word_1_557' title='bbox 2725 2231 2799 2295; x_wconf 83' lang='grc' dir='ltr'>ὡς</span> <span class='ocrx_word' id='word_1_558' title='bbox 2837 2233 2902 2286; x_wconf 82' lang='grc' dir='ltr'>τὰ</span> <span class='ocrx_word' id='word_1_559' title='bbox 2950 2237 3046 2285; x_wconf 89' lang='grc' dir='ltr'>τοῦ</span> <span class='ocrx_word' id='word_1_560' title='bbox 3097 2234 3271 2304; x_wconf 87' lang='grc' dir='ltr'>νόμου</span> <span class='ocrx_word' id='word_1_561' title='bbox 3330 2234 3503 2305; x_wconf 86' lang='grc' dir='ltr'>πάντα</span> <span class='ocrx_word' id='word_1_562' title='bbox 3551 2234 3835 2306; x_wconf 78' lang='grc' dir='ltr'>ῥυήσεται,</span> 
     </span>
    </p>
   </div>
   <div class='ocr_carea' id='block_1_82' title="bbox 2184 2317 3837 2395">
    <p class='ocr_par' dir='ltr' id='par_1_82' title="bbox 2184 2317 3837 2395">
     <span class='ocr_line' id='line_1_82' title="bbox 2184 2317 3837 2395; baseline 0 -19"><span class='ocrx_word' id='word_1_563' title='bbox 2184 2322 2258 2384; x_wconf 85' lang='grc' dir='ltr'>εἷς</span> <span class='ocrx_word' id='word_1_564' title='bbox 2302 2320 2484 2395; x_wconf 76' lang='grc' dir='ltr'>ἕτέραν</span> <span class='ocrx_word' id='word_1_565' title='bbox 2536 2318 2593 2374; x_wconf 73' lang='grc' dir='ltr'>δὲ</span> <span class='ocrx_word' id='word_1_566' title='bbox 2632 2317 2915 2375; x_wconf 84' lang='grc' dir='ltr'>πολιτείαν</span> <span class='ocrx_word' id='word_1_567' title='bbox 2950 2322 2982 2374; x_wconf 80' lang='grc' dir='ltr'>ἃ</span> <span class='ocrx_word' id='word_1_568' title='bbox 3012 2324 3137 2395; x_wconf 83' lang='grc' dir='ltr'>παρ’</span> <span class='ocrx_word' id='word_1_569' title='bbox 3180 2321 3361 2383; x_wconf 78' lang='grc' dir='ltr'>αὐτοῖς</span> <span class='ocrx_word' id='word_1_570' title='bbox 3413 2321 3523 2375; x_wconf 84' lang='grc' dir='ltr'>ἐστι</span> <span class='ocrx_word' id='word_1_571' title='bbox 3572 2321 3729 2395; x_wconf 85' lang='grc' dir='ltr'>τίμιά</span> <span class='ocrx_word' id='word_1_572' title='bbox 3777 2344 3837 2377; x_wconf 88' lang='grc' dir='ltr'>τε</span> 
     </span>
    </p>
   </div>
   <div class='ocr_carea' id='block_1_83' title="bbox 2183 2408 3838 2482">
    <p class='ocr_par' dir='ltr' id='par_1_83' title="bbox 2183 2408 3838 2482">
     <span class='ocr_line' id='line_1_83' title="bbox 2183 2408 3838 2482; baseline 0 -17"><span class='ocrx_word' id='word_1_573' title='bbox 2183 2413 2275 2466; x_wconf 79' lang='grc' dir='ltr'>καὶ</span> <span class='ocrx_word' id='word_1_574' title='bbox 2308 2408 2723 2482; x_wconf 79' lang='grc' dir='ltr'>σπουδαζόμενα</span> <span class='ocrx_word' id='word_1_575' title='bbox 2775 2413 3184 2482; x_wconf 75' lang='grc' dir='ltr'>μεταστήσεται,</span> <span class='ocrx_word' id='word_1_576' title='bbox 3236 2409 3295 2465; x_wconf 87' lang='grc' dir='ltr'>ἐκ</span> <span class='ocrx_word' id='word_1_577' title='bbox 3334 2409 3393 2465; x_wconf 74' lang='grc' dir='ltr'>δὲ</span> <span class='ocrx_word' id='word_1_578' title='bbox 3427 2417 3528 2480; x_wconf 80' lang='grc' dir='ltr'>τῆς</span> <span class='ocrx_word' id='word_1_579' title='bbox 3577 2411 3838 2481; x_wconf 79' lang='grc' dir='ltr'>τοιαύτης</span> 
     </span>
    </p>
   </div>
   <div class='ocr_carea' id='block_1_84' title="bbox 2185 2498 3839 2578">
    <p class='ocr_par' dir='ltr' id='par_1_84' title="bbox 2185 2498 3839 2578">
     <span class='ocr_line' id='line_1_84' title="bbox 2185 2498 3839 2578; baseline 0.001 -25"><span class='ocrx_word' id='word_1_580' title='bbox 2185 2500 2459 2578; x_wconf 85' lang='grc' dir='ltr'>ἐμφανοῦς</span> <span class='ocrx_word' id='word_1_581' title='bbox 2519 2498 2857 2573; x_wconf 79' lang='grc' dir='ltr'>ἐπιγνώσεως</span> <span class='ocrx_word' id='word_1_582' title='bbox 2909 2498 3074 2553; x_wconf 76' lang='grc' dir='ltr'>πλέον</span> <span class='ocrx_word' id='word_1_583' title='bbox 3119 2521 3178 2554; x_wconf 87' lang='grc' dir='ltr'>τε</span> <span class='ocrx_word' id='word_1_584' title='bbox 3228 2503 3271 2538; x_wconf 85' lang='grc'>¹⁸</span> <span class='ocrx_word' id='word_1_585' title='bbox 3320 2501 3455 2575; x_wconf 88' lang='grc' dir='ltr'>πρὸς</span> <span class='ocrx_word' id='word_1_586' title='bbox 3512 2502 3611 2570; x_wconf 67' lang='grc' dir='ltr'>τὴν</span> <span class='ocrx_word' id='word_1_587' title='bbox 3674 2501 3839 2575; x_wconf 73' lang='grc' dir='ltr'>ὑπερο</span> 
     </span>
    </p>
   </div>
   <div class='ocr_carea' id='block_1_85' title="bbox 2188 2587 3842 2665">
    <p class='ocr_par' dir='ltr' id='par_1_85' title="bbox 2188 2587 3842 2665">
     <span class='ocr_line' id='line_1_85' title="bbox 2188 2587 3842 2665; baseline -0.001 -21"><span class='ocrx_word' id='word_1_588' title='bbox 2188 2590 2347 2663; x_wconf 72' lang='grc' dir='ltr'>οψίαν</span> <span class='ocrx_word' id='word_1_589' title='bbox 2411 2589 2633 2663; x_wconf 78' lang='grc' dir='ltr'>ὑπαχθῇ</span> <span class='ocrx_word' id='word_1_590' title='bbox 2683 2594 2792 2642; x_wconf 88' lang='grc' dir='ltr'>τῶν</span> <span class='ocrx_word' id='word_1_591' title='bbox 2850 2592 3303 2663; x_wconf 75' lang='grc' dir='ltr'>προσταγμάτων,</span> <span class='ocrx_word' id='word_1_592' title='bbox 3357 2588 3431 2662; x_wconf 88' lang='grc' dir='ltr'>(τί</span> <span class='ocrx_word' id='word_1_593' title='bbox 3479 2590 3580 2665; x_wconf 87' lang='grc' dir='ltr'>γάρ</span> <span class='ocrx_word' id='word_1_594' title='bbox 3641 2611 3707 2662; x_wconf 90' lang='grc' dir='ltr'>με</span> <span class='ocrx_word' id='word_1_595' title='bbox 3759 2587 3842 2645; x_wconf 83' lang='grc' dir='ltr'>δεῖ</span> 
     </span>
    </p>
   </div>
   <div class='ocr_carea' id='block_1_86' title="bbox 2190 2675 3841 2755">
    <p class='ocr_par' dir='ltr' id='par_1_86' title="bbox 2190 2675 3841 2755">
     <span class='ocr_line' id='line_1_86' title="bbox 2190 2675 3841 2755; baseline 0.001 -24"><span class='ocrx_word' id='word_1_596' title='bbox 2190 2679 2429 2755; x_wconf 70' lang='grc' dir='ltr'>στέργειν</span> <span class='ocrx_word' id='word_1_597' title='bbox 2478 2677 2511 2730; x_wconf 84' lang='grc' dir='ltr'>’ἀ</span> <span class='ocrx_word' id='word_1_598' title='bbox 2563 2675 2697 2749; x_wconf 86' lang='grc' dir='ltr'>μετά</span> <span class='ocrx_word' id='word_1_599' title='bbox 2740 2676 2931 2749; x_wconf 75' lang='grc' dir='ltr'>μικρὸν</span> <span class='ocrx_word' id='word_1_600' title='bbox 2986 2677 3277 2747; x_wconf 79' lang='grc' dir='ltr'>λυθήσεται</span> <span class='ocrx_word' id='word_1_601' title='bbox 3330 2679 3416 2732; x_wconf 80' lang='grc' dir='ltr'>καὶ</span> <span class='ocrx_word' id='word_1_602' title='bbox 3469 2679 3541 2732; x_wconf 85' lang='grc' dir='ltr'>ὧν</span> <span class='ocrx_word' id='word_1_603' title='bbox 3589 2678 3650 2733; x_wconf 83' lang='grc' dir='ltr'>οὐ</span> <span class='ocrx_word' id='word_1_604' title='bbox 3704 2679 3841 2752; x_wconf 82' lang='grc' dir='ltr'>μετᾶ</span> 
     </span>
    </p>
   </div>
   <div class='ocr_carea' id='block_1_87' title="bbox 2192 2762 3836 2841">
    <p class='ocr_par' dir='ltr' id='par_1_87' title="bbox 2192 2762 3836 2841">
     <span class='ocr_line' id='line_1_87' title="bbox 2192 2762 3836 2841; baseline 0 -22"><span class='ocrx_word' id='word_1_605' title='bbox 2192 2766 2373 2841; x_wconf 77' lang='grc' dir='ltr'>βραχὺ</span> <span class='ocrx_word' id='word_1_606' title='bbox 2404 2765 2466 2819; x_wconf 90' lang='grc' dir='ltr'>τὸ</span> <span class='ocrx_word' id='word_1_607' title='bbox 2499 2766 2762 2835; x_wconf 76' lang='grc' dir='ltr'>ἀνόνητον</span> <span class='ocrx_word' id='word_1_608' title='bbox 2791 2785 2805 2834; x_wconf 89' lang='lat'><strong>;</strong></span> <span class='ocrx_word' id='word_1_609' title='bbox 2830 2767 2851 2835; x_wconf 88' lang='lat'>)</span> <span class='ocrx_word' id='word_1_610' title='bbox 2884 2762 2972 2818; x_wconf 79' lang='grc' dir='ltr'>διὰ</span> <span class='ocrx_word' id='word_1_611' title='bbox 3002 2768 3163 2820; x_wconf 88' lang='grc' dir='ltr'>τοῦτο</span> <span class='ocrx_word' id='word_1_612' title='bbox 3192 2770 3260 2839; x_wconf 81' lang='grc' dir='ltr'>τῇ</span> <span class='ocrx_word' id='word_1_613' title='bbox 3295 2764 3521 2837; x_wconf 76' lang='grc' dir='ltr'>ἀσαφείᾳ</span> <span class='ocrx_word' id='word_1_614' title='bbox 3548 2769 3715 2819; x_wconf 86' lang='grc' dir='ltr'>ταῦτα</span> <span class='ocrx_word' id='word_1_615' title='bbox 3745 2765 3836 2820; x_wconf 83' lang='grc' dir='ltr'>καὶ</span> 
     </span>
    </p>
   </div>
   <div class='ocr_carea' id='block_1_88' title="bbox 2186 2851 3836 2929">
    <p class='ocr_par' dir='ltr' id='par_1_88' title="bbox 2186 2851 3836 2929">
     <span class='ocr_line' id='line_1_88' title="bbox 2186 2851 3836 2929; baseline -0.001 -19"><span class='ocrx_word' id='word_1_616' title='bbox 2186 2858 2265 2926; x_wconf 81' lang='grc' dir='ltr'>τῷ</span> <span class='ocrx_word' id='word_1_617' title='bbox 2324 2851 2625 2925; x_wconf 71' lang='grc' dir='ltr'>δυσλήπτῳ</span> <span class='ocrx_word' id='word_1_618' title='bbox 2684 2852 3167 2927; x_wconf 76' lang='grc' dir='ltr'>περικαλύπτεται.</span> <span class='ocrx_word' id='word_1_619' title='bbox 3227 2854 3291 2910; x_wconf 85' lang='grc' dir='ltr'>Εἰ</span> <span class='ocrx_word' id='word_1_620' title='bbox 3347 2855 3453 2928; x_wconf 80' lang='grc' dir='ltr'>γάρ</span> <span class='ocrx_word' id='word_1_621' title='bbox 3508 2856 3600 2909; x_wconf 84' lang='grc' dir='ltr'>καὶ</span> <span class='ocrx_word' id='word_1_622' title='bbox 3660 2856 3836 2929; x_wconf 72' lang='grc' dir='ltr'>χωρὶς</span> 
     </span>
    </p>
   </div>
   <div class='ocr_carea' id='block_1_89' title="bbox 2185 2942 3838 3021">
    <p class='ocr_par' dir='ltr' id='par_1_89' title="bbox 2185 2942 3838 3021">
     <span class='ocr_line' id='line_1_89' title="bbox 2185 2942 3838 3021; baseline 0 -22"><span class='ocrx_word' id='word_1_623' title='bbox 2185 2947 2508 3021; x_wconf 81' lang='grc' dir='ltr'>προφάσεως</span> <span class='ocrx_word' id='word_1_624' title='bbox 2573 2942 2825 3019; x_wconf 77' lang='grc' dir='ltr'>μυριάκις</span> <span class='ocrx_word' id='word_1_625' title='bbox 2902 2948 3007 2998; x_wconf 87' lang='grc' dir='ltr'>τῶν</span> <span class='ocrx_word' id='word_1_626' title='bbox 3065 2950 3162 2999; x_wconf 87' lang='grc' dir='ltr'>τοῦ</span> <span class='ocrx_word' id='word_1_627' title='bbox 3218 2948 3352 2999; x_wconf 88' lang='grc' dir='ltr'>Θεοῦ</span> <span class='ocrx_word' id='word_1_628' title='bbox 3408 2946 3838 3021; x_wconf 74' lang='grc' dir='ltr'>προσταγμάτων</span> 
     </span>
    </p>
   </div>
   <div class='ocr_carea' id='block_1_90' title="bbox 2190 3032 3839 3108">
    <p class='ocr_par' dir='ltr' id='par_1_90' title="bbox 2190 3032 3839 3108">
     <span class='ocr_line' id='line_1_90' title="bbox 2190 3032 3839 3108; baseline 0.001 -20"><span class='ocrx_word' id='word_1_629' title='bbox 2190 3035 2519 3103; x_wconf 72' lang='grc' dir='ltr'>ἀπέστησαν,</span> <span class='ocrx_word' id='word_1_630' title='bbox 2559 3035 2696 3106; x_wconf 76' lang='grc' dir='ltr'>μήτε</span> <span class='ocrx_word' id='word_1_631' title='bbox 2754 3034 3072 3105; x_wconf 81' lang='grc' dir='ltr'>μετάστασιν</span> <span class='ocrx_word' id='word_1_632' title='bbox 3122 3033 3301 3087; x_wconf 83' lang='grc' dir='ltr'>αὐτῶν</span> <span class='ocrx_word' id='word_1_633' title='bbox 3358 3032 3650 3108; x_wconf 81' lang='grc' dir='ltr'>ἐγνωκότες</span> <span class='ocrx_word' id='word_1_634' title='bbox 3701 3037 3839 3106; x_wconf 74' lang='grc' dir='ltr'>μήτε</span> 
     </span>
    </p>
   </div>
   <div class='ocr_carea' id='block_1_91' title="bbox 2190 3116 3837 3197">
    <p class='ocr_par' dir='ltr' id='par_1_91' title="bbox 2190 3116 3837 3197">
     <span class='ocr_line' id='line_1_91' title="bbox 2190 3116 3837 3197; baseline 0 -20"><span class='ocrx_word' id='word_1_635' title='bbox 2190 3122 2275 3178; x_wconf 80' lang='grc' dir='ltr'>ὅτι</span> <span class='ocrx_word' id='word_1_636' title='bbox 2303 3124 2364 3176; x_wconf 90' lang='grc' dir='ltr'>τὸ</span> <span class='ocrx_word' id='word_1_637' title='bbox 2398 3121 2581 3184; x_wconf 73' lang='grc' dir='ltr'>ἀτελὲς</span> <span class='ocrx_word' id='word_1_638' title='bbox 2616 3116 2804 3197; x_wconf 80' lang='grc' dir='ltr'>ἔχουσι</span> <span class='ocrx_word' id='word_1_639' title='bbox 2862 3123 3000 3193; x_wconf 75' lang='grc' dir='ltr'>μήτε</span> <span class='ocrx_word' id='word_1_640' title='bbox 3048 3121 3131 3176; x_wconf 83' lang='grc' dir='ltr'>ὅτι</span> <span class='ocrx_word' id='word_1_641' title='bbox 3180 3120 3464 3184; x_wconf 87' lang='grc' dir='ltr'>πολιτείας</span> <span class='ocrx_word' id='word_1_642' title='bbox 3513 3122 3697 3195; x_wconf 78' lang='grc' dir='ltr'>ἓτέρας</span> <span class='ocrx_word' id='word_1_643' title='bbox 3738 3123 3837 3178; x_wconf 78' lang='grc' dir='ltr'>εἰσὶ</span> 
     </span>
    </p>
   </div>
   <div class='ocr_carea' id='block_1_92' title="bbox 2184 3207 3834 3285">
    <p class='ocr_par' dir='ltr' id='par_1_92' title="bbox 2184 3207 3834 3285">
     <span class='ocr_line' id='line_1_92' title="bbox 2184 3207 3834 3285; baseline 0 -18"><span class='ocrx_word' id='word_1_644' title='bbox 2184 3213 2348 3267; x_wconf 86' lang='grc' dir='ltr'>τύποι</span> <span class='ocrx_word' id='word_1_645' title='bbox 2380 3211 2469 3264; x_wconf 87' lang='lat' dir='ltr'>xui</span> <span class='ocrx_word' id='word_1_646' title='bbox 2503 3212 2827 3282; x_wconf 83' lang='grc' dir='ltr'>σκιάσματα,</span> <span class='ocrx_word' id='word_1_647' title='bbox 2878 3212 2928 3264; x_wconf 87' lang='grc' dir='ltr'>τί</span> <span class='ocrx_word' id='word_1_648' title='bbox 2965 3209 3062 3264; x_wconf 78' lang='grc' dir='ltr'>οὐκ</span> <span class='ocrx_word' id='word_1_649' title='bbox 3092 3208 3150 3263; x_wconf 79' lang='grc' dir='ltr'>ἄν</span> <span class='ocrx_word' id='word_1_650' title='bbox 3184 3207 3430 3285; x_wconf 81' lang='grc' dir='ltr'>ἔδρασαν,</span> <span class='ocrx_word' id='word_1_651' title='bbox 3482 3211 3527 3266; x_wconf 86' lang='grc' dir='ltr'>εἷ</span> <span class='ocrx_word' id='word_1_652' title='bbox 3578 3210 3629 3282; x_wconf 80' lang='grc' dir='ltr'>ἐξ</span> <span class='ocrx_word' id='word_1_653' title='bbox 3661 3212 3834 3267; x_wconf 74' lang='grc' dir='ltr'>αὐτῶν</span> 
     </span>
    </p>
   </div>
   <div class='ocr_carea' id='block_1_93' title="bbox 2189 3296 3835 3372">
    <p class='ocr_par' dir='ltr' id='par_1_93' title="bbox 2189 3296 3835 3372">
     <span class='ocr_line' id='line_1_93' title="bbox 2189 3296 3835 3372; baseline -0.002 -16"><span class='ocrx_word' id='word_1_654' title='bbox 2189 3300 2407 3356; x_wconf 83' lang='grc' dir='ltr'>ἐκείνων</span> <span class='ocrx_word' id='word_1_655' title='bbox 2475 3304 2657 3372; x_wconf 81' lang='grc' dir='ltr'>σαφῶς</span> <span class='ocrx_word' id='word_1_656' title='bbox 2722 3300 2821 3366; x_wconf 80' lang='grc' dir='ltr'>τὴν</span> <span class='ocrx_word' id='word_1_657' title='bbox 2892 3297 3096 3353; x_wconf 80' lang='grc' dir='ltr'>οἰκείαν</span> <span class='ocrx_word' id='word_1_658' title='bbox 3163 3296 3316 3353; x_wconf 82' lang='grc' dir='ltr'>λύσιν</span> <span class='ocrx_word' id='word_1_659' title='bbox 3390 3300 3480 3353; x_wconf 80' lang='grc' dir='ltr'>καὶ</span> <span class='ocrx_word' id='word_1_660' title='bbox 3558 3302 3835 3371; x_wconf 80' lang='grc' dir='ltr'>μετάθεσιν</span> 
     </span>
    </p>
   </div>
   <div class='ocr_carea' id='block_1_94' title="bbox 2188 3389 3833 3470">
    <p class='ocr_par' dir='ltr' id='par_1_94' title="bbox 2188 3389 3833 3470">
     <span class='ocr_line' id='line_1_94' title="bbox 2188 3389 3833 3470; baseline 0.001 -22"><span class='ocrx_word' id='word_1_661' title='bbox 2188 3393 2479 3466; x_wconf 78' lang='grc' dir='ltr'>ἐμάνθανον</span> <span class='ocrx_word' id='word_1_662' title='bbox 2520 3395 2599 3459; x_wconf 81' lang='grc'>¹⁶;</span> <span class='ocrx_word' id='word_1_663' title='bbox 2633 3390 2820 3454; x_wconf 80' lang='grc' dir='ltr'>ἄλλως</span> <span class='ocrx_word' id='word_1_664' title='bbox 2851 3412 2910 3446; x_wconf 90' lang='grc' dir='ltr'>τε</span> <span class='ocrx_word' id='word_1_665' title='bbox 2941 3389 2998 3446; x_wconf 73' lang='grc' dir='ltr'>δὲ</span> <span class='ocrx_word' id='word_1_666' title='bbox 3027 3392 3117 3445; x_wconf 82' lang='grc' dir='ltr'>καὶ</span> <span class='ocrx_word' id='word_1_667' title='bbox 3157 3391 3327 3466; x_wconf 88' lang='grc' dir='ltr'>νόμος</span> <span class='ocrx_word' id='word_1_668' title='bbox 3375 3398 3659 3470; x_wconf 77' lang='grc' dir='ltr'>πανταχοῦ</span> <span class='ocrx_word' id='word_1_669' title='bbox 3708 3415 3833 3469; x_wconf 80' lang='grc' dir='ltr'>κρα-</span> 
     </span>
    </p>
   </div>
   <div class='ocr_carea' id='block_1_95' title="bbox 2188 3479 3833 3555">
    <p class='ocr_par' dir='ltr' id='par_1_95' title="bbox 2188 3479 3833 3555">
     <span class='ocr_line' id='line_1_95' title="bbox 2188 3479 3833 3555; baseline 0 -16"><span class='ocrx_word' id='word_1_670' title='bbox 2188 3488 2295 3539; x_wconf 90' lang='grc' dir='ltr'>τῶν</span> <span class='ocrx_word' id='word_1_671' title='bbox 2345 3480 2713 3550; x_wconf 81' lang='grc' dir='ltr'>διδασκαλίας,</span> <span class='ocrx_word' id='word_1_672' title='bbox 2760 3486 2876 3543; x_wconf 82' lang='grc' dir='ltr'>τοῖς</span> <span class='ocrx_word' id='word_1_673' title='bbox 2937 3480 3058 3555; x_wconf 72' lang='grc' dir='ltr'>ἄρτι</span> <span class='ocrx_word' id='word_1_674' title='bbox 3116 3479 3590 3555; x_wconf 83' lang='grc' dir='ltr'>στοιχειουμένοις</span> <span class='ocrx_word' id='word_1_675' title='bbox 3641 3484 3707 3537; x_wconf 84' lang='grc' dir='ltr'>τά</span> <span class='ocrx_word' id='word_1_676' title='bbox 3753 3506 3833 3539; x_wconf 78' lang='grc' dir='ltr'>τε·</span> 
     </span>
    </p>
   </div>
   <div class='ocr_carea' id='block_1_96' title="bbox 2189 3570 3837 3648">
    <p class='ocr_par' dir='ltr' id='par_1_96' title="bbox 2189 3570 3837 3648">
     <span class='ocr_line' id='line_1_96' title="bbox 2189 3570 3837 3648; baseline -0.004 -17"><span class='ocrx_word' id='word_1_677' title='bbox 2189 3574 2430 3648; x_wconf 84' lang='grc' dir='ltr'>λεώτερα</span> <span class='ocrx_word' id='word_1_678' title='bbox 2465 3574 2628 3648; x_wconf 62' lang='grc' dir='ltr'>μέχρι</span> <span class='ocrx_word' id='word_1_679' title='bbox 2670 3575 2860 3646; x_wconf 79' lang='grc' dir='ltr'>καιροῦ</span> <span class='ocrx_word' id='word_1_680' title='bbox 2917 3578 3019 3641; x_wconf 83' lang='grc' dir='ltr'>τῆς</span> <span class='ocrx_word' id='word_1_681' title='bbox 3063 3570 3406 3634; x_wconf 85' lang='grc' dir='ltr'>τελειώσεως</span> <span class='ocrx_word' id='word_1_682' title='bbox 3467 3571 3837 3647; x_wconf 83' lang='grc' dir='ltr'>συγκαλύπτε-</span> 
     </span>
    </p>
   </div>
   <div class='ocr_carea' id='block_1_97' title="bbox 2190 3658 3830 3739">
    <p class='ocr_par' dir='ltr' id='par_1_97' title="bbox 2190 3658 3830 3739">
     <span class='ocr_line' id='line_1_97' title="bbox 2190 3658 3830 3739; baseline -0.004 -20"><span class='ocrx_word' id='word_1_683' title='bbox 2190 3666 2333 3734; x_wconf 87' lang='grc' dir='ltr'>σθαι,</span> <span class='ocrx_word' id='word_1_684' title='bbox 2404 3664 2781 3739; x_wconf 79' lang='grc' dir='ltr'>εἷσαγωγικοῖς</span> <span class='ocrx_word' id='word_1_685' title='bbox 2851 3659 2909 3715; x_wconf 75' lang='grc' dir='ltr'>δὲ</span> <span class='ocrx_word' id='word_1_686' title='bbox 2983 3658 3315 3733; x_wconf 81' lang='grc' dir='ltr'>παιδεύμασι</span> <span class='ocrx_word' id='word_1_687' title='bbox 3408 3660 3503 3716; x_wconf 84' lang='grc' dir='ltr'>τὸν</span> <span class='ocrx_word' id='word_1_688' title='bbox 3592 3660 3830 3733; x_wconf 70' lang='grc' dir='ltr'>μαθητὴν</span> 
     </span>
    </p>
   </div>
   <div class='ocr_carea' id='block_1_98' title="bbox 2188 3748 3837 3827">
    <p class='ocr_par' dir='ltr' id='par_1_98' title="bbox 2188 3748 3837 3827">
     <span class='ocr_line' id='line_1_98' title="bbox 2188 3748 3837 3827; baseline -0.004 -18"><span class='ocrx_word' id='word_1_689' title='bbox 2188 3753 2719 3827; x_wconf 69' lang='grc' dir='ltr'>προπαρασκευάζειν</span> <span class='ocrx_word' id='word_1_690' title='bbox 2778 3752 2913 3825; x_wconf 88' lang='grc' dir='ltr'>πρὸς</span> <span class='ocrx_word' id='word_1_691' title='bbox 2961 3751 3062 3820; x_wconf 81' lang='grc' dir='ltr'>τήν</span> <span class='ocrx_word' id='word_1_692' title='bbox 3110 3754 3218 3804; x_wconf 89' lang='grc' dir='ltr'>τῶν</span> <span class='ocrx_word' id='word_1_693' title='bbox 3268 3748 3617 3824; x_wconf 79' lang='grc' dir='ltr'>τελεωτέρων</span> <span class='ocrx_word' id='word_1_694' title='bbox 3672 3769 3837 3803; x_wconf 84' lang='grc' dir='ltr'>κατα-</span> 
     </span>
    </p>
   </div>
   <div class='ocr_carea' id='block_1_99' title="bbox 2188 3836 3835 3917">
    <p class='ocr_par' dir='ltr' id='par_1_99' title="bbox 2188 3836 3835 3917">
     <span class='ocr_line' id='line_1_99' title="bbox 2188 3836 3835 3917; baseline -0.004 -18"><span class='ocrx_word' id='word_1_695' title='bbox 2188 3845 2394 3914; x_wconf 84' lang='grc' dir='ltr'>νόησιν.</span> <span class='ocrx_word' id='word_1_696' title='bbox 2429 3843 2545 3898; x_wconf 81' lang='grc' dir='ltr'>Ἐπὶ</span> <span class='ocrx_word' id='word_1_697' title='bbox 2583 3839 2638 3896; x_wconf 73' lang='grc' dir='ltr'>δὲ</span> <span class='ocrx_word' id='word_1_698' title='bbox 2665 3846 2781 3902; x_wconf 83' lang='grc' dir='ltr'>τοῖς</span> <span class='ocrx_word' id='word_1_699' title='bbox 2815 3836 3145 3915; x_wconf 72' lang='grc' dir='ltr'>εἰρημένοις,</span> <span class='ocrx_word' id='word_1_700' title='bbox 3197 3839 3285 3893; x_wconf 86' lang='grc' dir='ltr'>καὶ</span> <span class='ocrx_word' id='word_1_701' title='bbox 3326 3840 3424 3906; x_wconf 75' lang='grc' dir='ltr'>τὴν</span> <span class='ocrx_word' id='word_1_702' title='bbox 3473 3838 3631 3917; x_wconf 87' lang='grc' dir='ltr'>φύσιν</span> <span class='ocrx_word' id='word_1_703' title='bbox 3662 3840 3835 3899; x_wconf 73' lang='grc' dir='ltr'>οὕτως</span> 
     </span>
    </p>
   </div>
   <div class='ocr_carea' id='block_1_100' title="bbox 2190 3920 3835 4003">
    <p class='ocr_par' dir='ltr' id='par_1_100' title="bbox 2190 3920 3835 4003">
     <span class='ocr_line' id='line_1_100' title="bbox 2190 3920 3835 4003; baseline -0.004 -16"><span class='ocrx_word' id='word_1_704' title='bbox 2190 3930 2571 4003; x_wconf 73' lang='grc' dir='ltr'>οἷακιζομένην</span> <span class='ocrx_word' id='word_1_705' title='bbox 2632 3951 2691 3985; x_wconf 85' lang='grc' dir='ltr'>τε</span> <span class='ocrx_word' id='word_1_706' title='bbox 2745 3929 2835 3983; x_wconf 87' lang='grc' dir='ltr'>καὶ</span> <span class='ocrx_word' id='word_1_707' title='bbox 2902 3930 2967 3983; x_wconf 79' lang='grc' dir='ltr'>τὰ</span> <span class='ocrx_word' id='word_1_708' title='bbox 3027 3928 3200 3982; x_wconf 74' lang='grc' dir='ltr'>οἰκεῖα</span> <span class='ocrx_word' id='word_1_709' title='bbox 3284 3920 3416 4002; x_wconf 78' lang='grc' dir='ltr'>ἔργα</span> <span class='ocrx_word' id='word_1_710' title='bbox 3473 3928 3835 4001; x_wconf 82' lang='grc' dir='ltr'>ῥυθμίζουσαν</span> 
     </span>
    </p>
   </div>
   <div class='ocr_carea' id='block_1_101' title="bbox 2191 4014 3840 4096">
    <p class='ocr_par' dir='ltr' id='par_1_101' title="bbox 2191 4014 3840 4096">
     <span class='ocr_line' id='line_1_101' title="bbox 2191 4014 3840 4096; baseline -0.005 -19"><span class='ocrx_word' id='word_1_711' title='bbox 2191 4024 2426 4096; x_wconf 87' lang='grc' dir='ltr'>ὁρῶμεν.</span> <span class='ocrx_word' id='word_1_712' title='bbox 2478 4023 2545 4078; x_wconf 69' lang='grc' dir='ltr'>Αἱ</span> <span class='ocrx_word' id='word_1_713' title='bbox 2577 4023 2680 4095; x_wconf 79' lang='grc' dir='ltr'>γὰρ</span> <span class='ocrx_word' id='word_1_714' title='bbox 2711 4024 2922 4095; x_wconf 90' lang='grc' dir='ltr'>πρῶται</span> <span class='ocrx_word' id='word_1_715' title='bbox 2964 4014 3267 4074; x_wconf 78' lang='grc' dir='ltr'>καταϐολαὶ</span> <span class='ocrx_word' id='word_1_716' title='bbox 3307 4019 3397 4072; x_wconf 86' lang='grc' dir='ltr'>καὶ</span> <span class='ocrx_word' id='word_1_717' title='bbox 3446 4019 3513 4073; x_wconf 78' lang='grc' dir='ltr'>τά</span> <span class='ocrx_word' id='word_1_718' title='bbox 3560 4020 3840 4091; x_wconf 72' lang='grc' dir='ltr'>σπέρματα</span> 
     </span>
    </p>
   </div>
   <div class='ocr_carea' id='block_1_102' title="bbox 2189 4105 3839 4184">
    <p class='ocr_par' dir='ltr' id='par_1_102' title="bbox 2189 4105 3839 4184">
     <span class='ocr_line' id='line_1_102' title="bbox 2189 4105 3839 4184; baseline -0.004 -17"><span class='ocrx_word' id='word_1_719' title='bbox 2189 4114 2250 4167; x_wconf 89' lang='grc' dir='ltr'>τὸ</span> <span class='ocrx_word' id='word_1_720' title='bbox 2295 4112 2388 4184; x_wconf 69' lang='grc' dir='ltr'>μὲν</span> <span class='ocrx_word' id='word_1_721' title='bbox 2444 4110 2654 4165; x_wconf 77' lang='grc' dir='ltr'>τέλειον</span> <span class='ocrx_word' id='word_1_722' title='bbox 2708 4106 2853 4170; x_wconf 79' lang='grc' dir='ltr'>εἶδος</span> <span class='ocrx_word' id='word_1_723' title='bbox 2910 4105 2961 4162; x_wconf 77' lang='grc' dir='ltr'>ἐν</span> <span class='ocrx_word' id='word_1_724' title='bbox 3019 4109 3231 4171; x_wconf 75' lang='grc' dir='ltr'>ἑαυτοῖς</span> <span class='ocrx_word' id='word_1_725' title='bbox 3287 4106 3539 4183; x_wconf 83' lang='grc' dir='ltr'>ἐμφανῶς</span> <span class='ocrx_word' id='word_1_726' title='bbox 3610 4108 3676 4161; x_wconf 78' lang='grc' dir='ltr'>οὐ</span> <span class='ocrx_word' id='word_1_727' title='bbox 3734 4105 3839 4161; x_wconf 85' lang='grc' dir='ltr'>δει-</span> 
     </span>
    </p>
   </div>
   <div class='ocr_carea' id='block_1_103' title="bbox 2190 4195 3833 4273">
    <p class='ocr_par' dir='ltr' id='par_1_103' title="bbox 2190 4195 3833 4273">
     <span class='ocr_line' id='line_1_103' title="bbox 2190 4195 3833 4273; baseline -0.004 -18"><span class='ocrx_word' id='word_1_728' title='bbox 2190 4203 2435 4271; x_wconf 88' lang='grc' dir='ltr'>κνύουσι,</span> <span class='ocrx_word' id='word_1_729' title='bbox 2467 4199 2662 4254; x_wconf 84' lang='grc' dir='ltr'>τούτου</span> <span class='ocrx_word' id='word_1_730' title='bbox 2709 4197 2766 4253; x_wconf 77' lang='grc' dir='ltr'>δὲ</span> <span class='ocrx_word' id='word_1_731' title='bbox 2807 4197 2935 4259; x_wconf 72' lang='grc' dir='ltr'>τοὺς</span> <span class='ocrx_word' id='word_1_732' title='bbox 2981 4196 3181 4273; x_wconf 86' lang='grc' dir='ltr'>λόγους</span> <span class='ocrx_word' id='word_1_733' title='bbox 3232 4195 3701 4270; x_wconf 65' lang='grc' dir='ltr'>ἐγκεκρυμμένους</span> <span class='ocrx_word' id='word_1_734' title='bbox 3746 4199 3833 4272; x_wconf 82' lang='grc' dir='ltr'>φέ·</span> 
     </span>
    </p>
   </div>
   <div class='ocr_carea' id='block_1_104' title="bbox 2196 4282 3841 4365">
    <p class='ocr_par' dir='ltr' id='par_1_104' title="bbox 2196 4282 3841 4365">
     <span class='ocr_line' id='line_1_104' title="bbox 2196 4282 3841 4365; baseline -0.005 -21"><span class='ocrx_word' id='word_1_735' title='bbox 2196 4310 2398 4365; x_wconf 86' lang='grc' dir='ltr'>ρουσιν,</span> <span class='ocrx_word' id='word_1_736' title='bbox 2432 4290 2550 4343; x_wconf 79' lang='grc' dir='ltr'>οἷον</span> <span class='ocrx_word' id='word_1_737' title='bbox 2582 4289 2608 4341; x_wconf 86' lang='grc' dir='ltr'><strong>ὁ</strong></span> <span class='ocrx_word' id='word_1_738' title='bbox 2640 4288 2836 4348; x_wconf 77' lang='grc' dir='ltr'>κόκκος</span> <span class='ocrx_word' id='word_1_739' title='bbox 2869 4288 3072 4360; x_wconf 86' lang='grc' dir='ltr'>στάχυς</span> <span class='ocrx_word' id='word_1_740' title='bbox 3106 4286 3198 4358; x_wconf 73' lang='grc' dir='ltr'>μὲν</span> <span class='ocrx_word' id='word_1_741' title='bbox 3231 4284 3330 4339; x_wconf 81' lang='grc' dir='ltr'>οὐκ</span> <span class='ocrx_word' id='word_1_742' title='bbox 3360 4282 3526 4353; x_wconf 78' lang='grc' dir='ltr'>ἔστιν,</span> <span class='ocrx_word' id='word_1_743' title='bbox 3567 4283 3620 4338; x_wconf 86' lang='grc' dir='ltr'>ἐν</span> <span class='ocrx_word' id='word_1_744' title='bbox 3673 4285 3841 4353; x_wconf 77' lang='grc' dir='ltr'>ἐαυτῷ</span> 
     </span>
    </p>
   </div>
   <div class='ocr_carea' id='block_1_105' title="bbox 2116 4371 3837 4472">
    <p class='ocr_par' dir='ltr' id='par_1_105' title="bbox 2116 4371 3837 4472">
     <span class='ocr_line' id='line_1_105' title="bbox 2116 4371 3837 4472; baseline -0.006 -38"><span class='ocrx_word' id='word_1_745' title='bbox 2116 4408 2159 4472; x_wconf 57' lang='grc' dir='ltr'>ἰ)</span> <span class='ocrx_word' id='word_1_746' title='bbox 2194 4378 2251 4434; x_wconf 74' lang='grc' dir='ltr'>δὲ</span> <span class='ocrx_word' id='word_1_747' title='bbox 2282 4378 2506 4453; x_wconf 84' lang='grc' dir='ltr'>κρύπτει</span> <span class='ocrx_word' id='word_1_748' title='bbox 2537 4378 2629 4432; x_wconf 86' lang='grc' dir='ltr'>τὸν</span> <span class='ocrx_word' id='word_1_749' title='bbox 2661 4375 2825 4451; x_wconf 88' lang='grc' dir='ltr'>λόγον</span> <span class='ocrx_word' id='word_1_750' title='bbox 2856 4379 2954 4429; x_wconf 83' lang='grc' dir='ltr'>τοῦ</span> <span class='ocrx_word' id='word_1_751' title='bbox 2987 4374 3246 4448; x_wconf 79' lang='grc' dir='ltr'>στάχυος’</span> <span class='ocrx_word' id='word_1_752' title='bbox 3272 4375 3362 4427; x_wconf 80' lang='grc' dir='ltr'>καὶ</span> <span class='ocrx_word' id='word_1_753' title='bbox 3395 4373 3480 4428; x_wconf 79' lang='grc' dir='ltr'>ἐπὶ</span> <span class='ocrx_word' id='word_1_754' title='bbox 3511 4378 3621 4428; x_wconf 89' lang='grc' dir='ltr'>τῶν</span> <span class='ocrx_word' id='word_1_755' title='bbox 3656 4371 3837 4427; x_wconf 76' lang='grc' dir='ltr'>ἄλλων</span> 
     </span>
    </p>
   </div>
   <div class='ocr_carea' id='block_1_106' title="bbox 2194 4461 3839 4541">
    <p class='ocr_par' dir='ltr' id='par_1_106' title="bbox 2194 4461 3839 4541">
     <span class='ocr_line' id='line_1_106' title="bbox 2194 4461 3839 4541; baseline -0.005 -18"><span class='ocrx_word' id='word_1_756' title='bbox 2194 4466 2249 4523; x_wconf 78' lang='grc' dir='ltr'>δὲ</span> <span class='ocrx_word' id='word_1_757' title='bbox 2306 4470 2525 4541; x_wconf 80' lang='grc' dir='ltr'>καρπῶν</span> <span class='ocrx_word' id='word_1_758' title='bbox 2600 4466 2691 4520; x_wconf 84' lang='grc' dir='ltr'>καὶ</span> <span class='ocrx_word' id='word_1_759' title='bbox 2758 4463 3080 4539; x_wconf 74' lang='grc' dir='ltr'>σπερμάτων</span> <span class='ocrx_word' id='word_1_760' title='bbox 3149 4462 3176 4515; x_wconf 87' lang='grc' dir='ltr'>ὁ</span> <span class='ocrx_word' id='word_1_761' title='bbox 3246 4461 3405 4523; x_wconf 80' lang='grc' dir='ltr'>αὐτὸς</span> <span class='ocrx_word' id='word_1_762' title='bbox 3474 4469 3573 4530; x_wconf 75' lang='grc' dir='ltr'>τῆς</span> <span class='ocrx_word' id='word_1_763' title='bbox 3632 4462 3839 4541; x_wconf 76' lang='grc' dir='ltr'>φύσεως</span> 
     </span>
    </p>
   </div>
   <div class='ocr_carea' id='block_1_107' title="bbox 2195 4548 3838 4631">
    <p class='ocr_par' dir='ltr' id='par_1_107' title="bbox 2195 4548 3838 4631">
     <span class='ocr_line' id='line_1_107' title="bbox 2195 4548 3838 4631; baseline -0.005 -19"><span class='ocrx_word' id='word_1_764' title='bbox 2195 4558 2383 4631; x_wconf 78' lang='grc' dir='ltr'>εἱρμὸς</span> <span class='ocrx_word' id='word_1_765' title='bbox 2415 4556 2853 4631; x_wconf 86' lang='grc' dir='ltr'>ἐπιγινώσκεται.</span> <span class='ocrx_word' id='word_1_766' title='bbox 2906 4555 3166 4610; x_wconf 89' lang='grc' dir='ltr'>Τοιοῦτον</span> <span class='ocrx_word' id='word_1_767' title='bbox 3226 4548 3292 4621; x_wconf 70' lang='grc' dir='ltr'>δή</span> <span class='ocrx_word' id='word_1_768' title='bbox 3326 4572 3442 4605; x_wconf 81' lang='grc' dir='ltr'>τινα</span> <span class='ocrx_word' id='word_1_769' title='bbox 3490 4551 3581 4606; x_wconf 82' lang='grc' dir='ltr'>καὶ</span> <span class='ocrx_word' id='word_1_770' title='bbox 3615 4557 3643 4606; x_wconf 89' lang='lat' dir='ltr'>o&#39;</span> <span class='ocrx_word' id='word_1_771' title='bbox 3671 4552 3838 4622; x_wconf 83' lang='grc' dir='ltr'>νόμος</span> 
     </span>
    </p>
   </div>
   <div class='ocr_carea' id='block_1_108' title="bbox 2194 4640 3834 4722">
    <p class='ocr_par' dir='ltr' id='par_1_108' title="bbox 2194 4640 3834 4722">
     <span class='ocr_line' id='line_1_108' title="bbox 2194 4640 3834 4722; baseline -0.005 -19"><span class='ocrx_word' id='word_1_772' title='bbox 2194 4649 2329 4722; x_wconf 74' lang='grc' dir='ltr'>πρὸς</span> <span class='ocrx_word' id='word_1_773' title='bbox 2386 4647 2484 4714; x_wconf 76' lang='grc' dir='ltr'>τήν</span> <span class='ocrx_word' id='word_1_774' title='bbox 2546 4646 2709 4719; x_wconf 84' lang='grc' dir='ltr'>χάριν</span> <span class='ocrx_word' id='word_1_775' title='bbox 2770 4642 3021 4712; x_wconf 86' lang='grc' dir='ltr'>διασώζει</span> <span class='ocrx_word' id='word_1_776' title='bbox 3080 4640 3271 4715; x_wconf 88' lang='grc' dir='ltr'>λόγον·</span> <span class='ocrx_word' id='word_1_777' title='bbox 3340 4640 3373 4695; x_wconf 81' lang='grc' dir='ltr'>ἃ</span> <span class='ocrx_word' id='word_1_778' title='bbox 3429 4641 3528 4717; x_wconf 79' lang='grc' dir='ltr'>γάρ</span> <span class='ocrx_word' id='word_1_779' title='bbox 3583 4644 3618 4711; x_wconf 75' lang='grc' dir='ltr'>ἡ</span> <span class='ocrx_word' id='word_1_780' title='bbox 3678 4642 3834 4715; x_wconf 67' lang='grc' dir='ltr'>χάρις</span> 
     </span>
    </p>
   </div>
   <div class='ocr_carea' id='block_1_109' title="bbox 2200 4728 3838 4807">
    <p class='ocr_par' dir='ltr' id='par_1_109' title="bbox 2200 4728 3838 4807">
     <span class='ocr_line' id='line_1_109' title="bbox 2200 4728 3838 4807; baseline -0.004 -16"><span class='ocrx_word' id='word_1_781' title='bbox 2200 4735 2508 4805; x_wconf 83' lang='grc' dir='ltr'>ἐτελείωσε,</span> <span class='ocrx_word' id='word_1_782' title='bbox 2545 4739 2652 4789; x_wconf 87' lang='grc' dir='ltr'>τῶν</span> <span class='ocrx_word' id='word_1_783' title='bbox 2703 4737 2943 4807; x_wconf 89' lang='grc' dir='ltr'>νομικῶν</span> <span class='ocrx_word' id='word_1_784' title='bbox 3005 4730 3326 4803; x_wconf 77' lang='grc' dir='ltr'>σπερμάτων</span> <span class='ocrx_word' id='word_1_785' title='bbox 3386 4728 3496 4784; x_wconf 73' lang='grc' dir='ltr'>ἐστὶ</span> <span class='ocrx_word' id='word_1_786' title='bbox 3545 4738 3644 4799; x_wconf 74' lang='grc' dir='ltr'>τῆς</span> <span class='ocrx_word' id='word_1_787' title='bbox 3685 4750 3838 4785; x_wconf 81' lang='grc' dir='ltr'>κατα-</span> 
     </span>
    </p>
   </div>
   <div class='ocr_carea' id='block_1_110' title="bbox 2199 4817 3831 4897">
    <p class='ocr_par' dir='ltr' id='par_1_110' title="bbox 2199 4817 3831 4897">
     <span class='ocr_line' id='line_1_110' title="bbox 2199 4817 3831 4897; baseline 0.007 -36"><span class='ocrx_word' id='word_1_788' title='bbox 2199 4820 2374 4891; x_wconf 66' lang='grc' dir='ltr'>ϐολῆς</span> <span class='ocrx_word' id='word_1_789' title='bbox 2424 4822 2489 4876; x_wconf 68' lang='grc' dir='ltr'>τὰ</span> <span class='ocrx_word' id='word_1_790' title='bbox 2537 4822 2793 4897; x_wconf 77' lang='grc' dir='ltr'>γεώργια,</span> <span class='ocrx_word' id='word_1_791' title='bbox 2843 4820 2921 4874; x_wconf 84' lang='grc' dir='ltr'>Δι’</span> <span class='ocrx_word' id='word_1_792' title='bbox 2969 4818 3000 4872; x_wconf 78' lang='grc' dir='ltr'>ἆ</span> <span class='ocrx_word' id='word_1_793' title='bbox 3047 4818 3142 4891; x_wconf 77' lang='grc' dir='ltr'>μὲν</span> <span class='ocrx_word' id='word_1_794' title='bbox 3196 4817 3287 4873; x_wconf 75' lang='grc' dir='ltr'>οὖν</span> <span class='ocrx_word' id='word_1_795' title='bbox 3334 4818 3431 4887; x_wconf 70' lang='grc' dir='ltr'>τὴν</span> <span class='ocrx_word' id='word_1_796' title='bbox 3495 4818 3744 4895; x_wconf 83' lang='grc' dir='ltr'>ἀσάφειαν</span> <span class='ocrx_word' id='word_1_797' title='bbox 3801 4819 3831 4884; x_wconf 79' lang='grc' dir='ltr'>ἡ</span> 
     </span>
    </p>
   </div>
   <div class='ocr_carea' id='block_1_111' title="bbox 2196 4905 3546 4984">
    <p class='ocr_par' dir='ltr' id='par_1_111' title="bbox 2196 4905 3546 4984">
     <span class='ocr_line' id='line_1_111' title="bbox 2196 4905 3546 4984; baseline -0.004 -17"><span class='ocrx_word' id='word_1_798' title='bbox 2196 4912 2465 4980; x_wconf 78' lang='grc' dir='ltr'>Μωσαϊκὴ</span> <span class='ocrx_word' id='word_1_799' title='bbox 2497 4910 2787 4984; x_wconf 85' lang='grc' dir='ltr'>νομοθεσία</span> <span class='ocrx_word' id='word_1_800' title='bbox 2818 4905 3002 4971; x_wconf 68' lang='grc' dir='ltr'>ὑπέδυ,</span> <span class='ocrx_word' id='word_1_801' title='bbox 3039 4906 3277 4982; x_wconf 83' lang='grc' dir='ltr'>μετρίως</span> <span class='ocrx_word' id='word_1_802' title='bbox 3310 4905 3546 4981; x_wconf 81' lang='grc' dir='ltr'>εἷ’ρηται.</span> 
     </span>
    </p>
   </div>
   <div class='ocr_carea' id='block_1_112' title="bbox 2271 4996 3834 5074">
    <p class='ocr_par' dir='ltr' id='par_1_112' title="bbox 2271 4996 3834 5074">
     <span class='ocr_line' id='line_1_112' title="bbox 2271 4996 3834 5074; baseline -0.004 -19"><span class='ocrx_word' id='word_1_803' title='bbox 2271 5003 2375 5057; x_wconf 79' lang='grc' dir='ltr'>Καὶ</span> <span class='ocrx_word' id='word_1_804' title='bbox 2406 5007 2503 5069; x_wconf 77' lang='grc' dir='ltr'>τῆς</span> <span class='ocrx_word' id='word_1_805' title='bbox 2537 5001 2765 5074; x_wconf 86' lang='grc' dir='ltr'>χάριτος</span> <span class='ocrx_word' id='word_1_806' title='bbox 2816 4996 2872 5052; x_wconf 77' lang='grc' dir='ltr'>δὲ</span> <span class='ocrx_word' id='word_1_807' title='bbox 2912 4997 2975 5052; x_wconf 85' lang='grc' dir='ltr'>τὸ</span> <span class='ocrx_word' id='word_1_808' title='bbox 3022 4996 3222 5073; x_wconf 72' lang='grc' dir='ltr'>ἀσαφὲς</span> <span class='ocrx_word' id='word_1_809' title='bbox 3271 4996 3360 5050; x_wconf 81' lang='grc' dir='ltr'>καὶ</span> <span class='ocrx_word' id='word_1_810' title='bbox 3411 4996 3473 5049; x_wconf 80' lang='grc' dir='ltr'>ού</span> <span class='ocrx_word' id='word_1_811' title='bbox 3522 5000 3681 5051; x_wconf 77' lang='grc' dir='ltr'>πᾶσιν</span> <span class='ocrx_word' id='word_1_812' title='bbox 3723 4996 3834 5050; x_wconf 86' lang='grc' dir='ltr'>ἐπί-</span> 
     </span>
    </p>
   </div>
   <div class='ocr_carea' id='block_1_113' title="bbox 2200 5080 3831 5163">
    <p class='ocr_par' dir='ltr' id='par_1_113' title="bbox 2200 5080 3831 5163">
     <span class='ocr_line' id='line_1_113' title="bbox 2200 5080 3831 5163; baseline -0.006 -16"><span class='ocrx_word' id='word_1_813' title='bbox 2200 5090 2371 5163; x_wconf 87' lang='grc' dir='ltr'>δηλον</span> <span class='ocrx_word' id='word_1_814' title='bbox 2413 5091 2475 5145; x_wconf 76' lang='grc' dir='ltr'>τὸ</span> <span class='ocrx_word' id='word_1_815' title='bbox 2521 5090 2939 5162; x_wconf 69' lang='grc' dir='ltr'>νεοκατήχητον</span> <span class='ocrx_word' id='word_1_816' title='bbox 2990 5084 3163 5140; x_wconf 69' lang='grc' dir='ltr'>αἴτιον</span> <span class='ocrx_word' id='word_1_817' title='bbox 3228 5080 3343 5159; x_wconf 79' lang='grc' dir='ltr'>ἔχει</span> <span class='ocrx_word' id='word_1_818' title='bbox 3401 5088 3508 5138; x_wconf 90' lang='grc' dir='ltr'>τῶν</span> <span class='ocrx_word' id='word_1_819' title='bbox 3579 5087 3705 5158; x_wconf 79' lang='lat'>[325</span> <span class='ocrx_word' id='word_1_820' title='bbox 3749 5085 3831 5155; x_wconf 72' lang='lat'>8.]</span> 
     </span>
    </p>
   </div>
   <div class='ocr_carea' id='block_1_114' title="bbox 2196 5173 3831 5257">
    <p class='ocr_par' dir='ltr' id='par_1_114' title="bbox 2196 5173 3831 5257">
     <span class='ocr_line' id='line_1_114' title="bbox 2196 5173 3831 5257; baseline -0.007 -20"><span class='ocrx_word' id='word_1_821' title='bbox 2196 5184 2472 5257; x_wconf 85' lang='grc' dir='ltr'>ἀκροατῶν</span> <span class='ocrx_word' id='word_1_822' title='bbox 2523 5180 2615 5233; x_wconf 87' lang='grc' dir='ltr'>καὶ</span> <span class='ocrx_word' id='word_1_823' title='bbox 2658 5181 2757 5245; x_wconf 71' lang='grc' dir='ltr'>τῆς</span> <span class='ocrx_word' id='word_1_824' title='bbox 2810 5174 3044 5237; x_wconf 85' lang='grc' dir='ltr'>διανοίας</span> <span class='ocrx_word' id='word_1_825' title='bbox 3096 5175 3195 5243; x_wconf 82' lang='grc' dir='ltr'>τήν</span> <span class='ocrx_word' id='word_1_826' title='bbox 3252 5174 3548 5229; x_wconf 71' lang='grc' dir='ltr'>ἀσθένειαν.</span> <span class='ocrx_word' id='word_1_827' title='bbox 3611 5174 3702 5227; x_wconf 88' lang='grc' dir='ltr'>Διὸ</span> <span class='ocrx_word' id='word_1_828' title='bbox 3748 5173 3831 5227; x_wconf 77' lang='lat' dir='ltr'>xui</span> 
     </span>
    </p>
   </div>
   <div class='ocr_carea' id='block_1_115' title="bbox 2194 5260 3830 5341">
    <p class='ocr_par' dir='ltr' id='par_1_115' title="bbox 2194 5260 3830 5341">
     <span class='ocr_line' id='line_1_115' title="bbox 2194 5260 3830 5341; baseline -0.007 -16"><span class='ocrx_word' id='word_1_829' title='bbox 2194 5271 2254 5325; x_wconf 84' lang='grc' dir='ltr'>τὸ</span> <span class='ocrx_word' id='word_1_830' title='bbox 2288 5274 2475 5330; x_wconf 88' lang='grc' dir='ltr'>σκεῦος</span> <span class='ocrx_word' id='word_1_831' title='bbox 2517 5271 2617 5333; x_wconf 81' lang='grc' dir='ltr'>τῆς</span> <span class='ocrx_word' id='word_1_832' title='bbox 2678 5264 2934 5341; x_wconf 83' lang='grc' dir='ltr'>ἐκλογῆς,</span> <span class='ocrx_word' id='word_1_833' title='bbox 3003 5263 3152 5319; x_wconf 87' lang='grc' dir='ltr'>Γάλα</span> <span class='ocrx_word' id='word_1_834' title='bbox 3202 5263 3269 5333; x_wconf 70' lang='grc' dir='ltr'>Π,</span> <span class='ocrx_word' id='word_1_835' title='bbox 3303 5262 3486 5336; x_wconf 82' lang='grc' dir='ltr'>φησὶν,</span> <span class='ocrx_word' id='word_1_836' title='bbox 3541 5263 3679 5335; x_wconf 72' lang='grc' dir='ltr'>ὑμᾶς</span> <span class='ocrx_word' id='word_1_837' title='bbox 3719 5260 3830 5315; x_wconf 82' lang='grc' dir='ltr'>ἐπό-</span> 
     </span>
    </p>
   </div>
   <div class='ocr_carea' id='block_1_116' title="bbox 2190 5348 3829 5431">
    <p class='ocr_par' dir='ltr' id='par_1_116' title="bbox 2190 5348 3829 5431">
     <span class='ocr_line' id='line_1_116' title="bbox 2190 5348 3829 5431; baseline -0.007 -17"><span class='ocrx_word' id='word_1_838' title='bbox 2190 5380 2335 5429; x_wconf 87' lang='grc' dir='ltr'>τισα,</span> <span class='ocrx_word' id='word_1_839' title='bbox 2383 5358 2473 5413; x_wconf 84' lang='grc' dir='ltr'>καὶ</span> <span class='ocrx_word' id='word_1_840' title='bbox 2531 5356 2593 5412; x_wconf 83' lang='grc' dir='ltr'>ού</span> <span class='ocrx_word' id='word_1_841' title='bbox 2655 5356 2870 5431; x_wconf 86' lang='grc' dir='ltr'>βρῶμα·</span> <span class='ocrx_word' id='word_1_842' title='bbox 2933 5350 3086 5408; x_wconf 77' lang='grc' dir='ltr'>οὔπω</span> <span class='ocrx_word' id='word_1_843' title='bbox 3140 5353 3245 5427; x_wconf 76' lang='grc' dir='ltr'>γὰρ</span> <span class='ocrx_word' id='word_1_844' title='bbox 3302 5348 3590 5423; x_wconf 80' lang='grc' dir='ltr'>ἠδύνασθε.</span> <span class='ocrx_word' id='word_1_845' title='bbox 3637 5354 3829 5423; x_wconf 83' lang='grc' dir='ltr'>Ὥσπερ</span> 
     </span>
    </p>
   </div>
   <div class='ocr_carea' id='block_1_117' title="bbox 1782 5576 2486 5635">
    <p class='ocr_par' dir='ltr' id='par_1_117' title="bbox 1782 5576 2486 5635">
     <span class='ocr_line' id='line_1_117' title="bbox 1782 5576 2486 5635; baseline -0.001 -3"><span class='ocrx_word' id='word_1_846' title='bbox 1782 5577 2030 5635; x_wconf 64' lang='grc' dir='ltr'>νΑιιιίΕ</span> <span class='ocrx_word' id='word_1_847' title='bbox 2073 5576 2486 5635; x_wconf 86' lang='lat' dir='ltr'>LECTIONES.</span> 
     </span>
    </p>
   </div>
   <div class='ocr_carea' id='block_1_118' title="bbox 511 5662 1564 5735">
    <p class='ocr_par' dir='ltr' id='par_1_118' title="bbox 511 5662 1564 5735">
     <span class='ocr_line' id='line_1_118' title="bbox 511 5662 1564 5735; baseline 0.006 -20"><span class='ocrx_word' id='word_1_848' title='bbox 511 5665 554 5700; x_wconf 83' lang='grc'>¹⁴</span> <span class='ocrx_word' id='word_1_849' title='bbox 585 5662 682 5735; x_wconf 83' lang='grc' dir='ltr'>ὧν]</span> <span class='ocrx_word' id='word_1_850' title='bbox 718 5664 831 5724; x_wconf 83' lang='lat' dir='ltr'>imo</span> <span class='ocrx_word' id='word_1_851' title='bbox 862 5665 950 5733; x_wconf 81' lang='grc' dir='ltr'>ἦν.</span> <span class='ocrx_word' id='word_1_852' title='bbox 1033 5668 1075 5703; x_wconf 79' lang='grc'>¹⁵</span> <span class='ocrx_word' id='word_1_853' title='bbox 1105 5666 1183 5734; x_wconf 86' lang='grc' dir='ltr'>τε]</span> <span class='ocrx_word' id='word_1_854' title='bbox 1217 5683 1287 5721; x_wconf 90' lang='lat' dir='ltr'>an</span> <span class='ocrx_word' id='word_1_855' title='bbox 1322 5666 1427 5722; x_wconf 78' lang='lat' dir='ltr'>fuit</span> <span class='ocrx_word' id='word_1_856' title='bbox 1465 5687 1514 5721; x_wconf 85' lang='grc' dir='ltr'>τι</span> <span class='ocrx_word' id='word_1_857' title='bbox 1537 5670 1564 5721; x_wconf 88' lang='lat'><strong>?</strong></span> 
     </span>
    </p>
   </div>
   <div class='ocr_carea' id='block_1_119' title="bbox 1666 5666 2209 5739">
    <p class='ocr_par' dir='ltr' id='par_1_119' title="bbox 1666 5666 2209 5739">
     <span class='ocr_line' id='line_1_119' title="bbox 1666 5666 2209 5739; baseline 0.007 -19"><span class='ocrx_word' id='word_1_858' title='bbox 1666 5668 1710 5705; x_wconf 73' lang='grc' dir='ltr'>ιθ</span> <span class='ocrx_word' id='word_1_859' title='bbox 1740 5666 2104 5739; x_wconf 84' lang='grc' dir='ltr'>ἀνεμάνθανον</span> <span class='ocrx_word' id='word_1_860' title='bbox 2145 5671 2209 5724; x_wconf 81' lang='grc' dir='ltr'>Α.</span> 
     </span>
    </p>
   </div>
   <div class='ocr_carea' id='block_1_120' title="bbox 2290 5662 2945 5739">
    <p class='ocr_par' dir='ltr' id='par_1_120' title="bbox 2290 5662 2945 5739">
     <span class='ocr_line' id='line_1_120' title="bbox 2290 5662 2945 5739; baseline 0.021 -33"><span class='ocrx_word' id='word_1_861' title='bbox 2290 5667 2335 5706; x_wconf 75' lang='grc' dir='ltr'>ιτ</span> <span class='ocrx_word' id='word_1_862' title='bbox 2367 5664 2533 5739; x_wconf 76' lang='grc' dir='ltr'>γάλα]</span> <span class='ocrx_word' id='word_1_863' title='bbox 2566 5665 2586 5719; x_wconf 88' lang='grc' dir='ltr'>ῐ</span> <span class='ocrx_word' id='word_1_864' title='bbox 2621 5664 2747 5719; x_wconf 88' lang='lat' dir='ltr'>Cor.</span> <span class='ocrx_word' id='word_1_865' title='bbox 2782 5678 2865 5729; x_wconf 89' lang='grc' dir='ltr'>ιιι,</span> <span class='ocrx_word' id='word_1_866' title='bbox 2891 5662 2945 5720; x_wconf 88' lang='lat'>2.</span> 
     </span>
    </p>
   </div>
  </div>
