4116 6224
247 387 366 450 793

1336 385 1872 448 BIBLIOTHECA.
1923 416 1994 432 —-
2039 385 2214 445 COD.
2263 383 2543 445 CCXXII.

3535 374 3656 436 794

251 517 313 575 δὲ
341 525 482 575 πᾶσα
509 521 686 600 τροφή
736 517 1125 590 ἀκατάλληλος
1177 515 1420 596 βλαϐερὰ
1465 521 1544 590 τῷ
1586 517 1895 592 μετέχοντι,

2015 518 2328 576 admodum
2380 521 2575 574 autem
2625 517 2824 574 minus
2876 517 3223 573 conveniens
3265 515 3431 572 cibus
3460 515 3655 572 omnis

253 611 400 665 οὕτω
449 609 537 663 καὶ
588 613 813 686 γνῶσις,
860 607 956 663 κᾶν
1007 607 1071 661 τὸ
1119 606 1594 678 παναληθέστατον
1647 605 1720 662 ε⁹ίν
1766 627 1900 681 προ-

253 696 558 770 ϐάλλουσα,
605 704 721 761 τοῖς
771 697 1014 753 ἀτελέσιν
1043 698 1377 776 ἀσύμφορος.
1412 699 1473 755 Εἰ
1523 698 1626 774 γὰρ
1666 699 1754 753 καὶ
1803 704 1902 767 τῆς

255 789 500 853 Παλαιᾶς
551 793 585 860 ἡ
643 789 758 848 Νέα
803 788 1242 863 τηλαυγέστερον
1302 787 1634 865 ἐκδιηγεῖται
1693 789 1754 843 τὸ
1805 794 1904 857 τῆς

253 877 524 944 εὐσεϐείας
581 881 902 956 μυστήριον,
943 878 1072 933 ἀλλ’
1128 877 1218 933 οὖν
1268 878 1342 940 ὡς
1386 879 1567 953 ἀρχῆς
1612 877 1703 934 καὶ
1744 879 1904 952 σπέρ-

257 990 428 1041 ματος
460 967 622 1042 λόγον
657 967 930 1042 ἐπέχουσα
969 967 1060 1022 καὶ
1093 967 1227 1036 αύτή
1269 969 1405 1042 πρὸς
1435 969 1535 1038 τὴν
1587 965 1697 1036 ἤδη
1749 966 1907 1022 πολι-

253 1057 397 1113 τείαν
455 1056 907 1132 ἐγκαινιζομένην
964 1057 1063 1113 οὐκ
1126 1058 1283 1120 εὐθὺς
1359 1063 1475 1120 τοῖς
1552 1058 1905 1132 μυουμένοις,

257 1145 406 1201 ἀλλᾶ
459 1148 598 1201 κατὰ
635 1147 922 1220 προκοπὴν
979 1145 1355 1202 ἀποκαλύπτει
1409 1148 1476 1202 τὰ
1533 1144 1735 1204 τέλειοι.
1787 1148 1904 1202 Ἔτι

256 1230 316 1287 δὲ
367 1235 455 1288 καὶ
515 1237 634 1294 τοῖς
699 1235 847 1302 κυσὶ,
913 1233 1156 1290 τουτέστι
1219 1239 1335 1296 τοῖς
1384 1234 1770 1307 ἀντικειμένοις
1817 1234 1906 1288 καὶ

257 1321 712 1389 καθυλακτοῦσιν,
811 1321 942 1397 οὐχὶ
1017 1327 1306 1396 προπετῶς
1391 1325 1481 1378 καὶ
1558 1323 1906 1400 ἂψιλοσόφως

255 1408 467 1484 ῥίπτειν
523 1408 587 1463 τὰ
643 1409 795 1484 ἅγια,
842 1407 967 1466 οὐδὲ
1023 1413 1152 1474 τοὺς
1213 1411 1551 1488 μαργαρίτας
1606 1411 1907 1486 ἔμπροσθεν

251 1503 364 1552 τῶν
425 1497 658 1573 χοίρων,
699 1501 786 1562 οἷς
841 1499 869 1554 6
933 1500 1049 1575 βίος
1101 1502 1129 1555 ὁ
1186 1507 1292 1556 τῶν
1343 1500 1557 1572 ἡδονῶν
1619 1497 1908 1578 βόρϐορος,

252 1590 579 1644 Δεσποτικὸν
631 1589 866 1664 ὑπάρχει
917 1590 1007 1644 καὶ
1037 1593 1134 1660 τήν
1187 1588 1543 1648 διδασκαλίαν
1591 1595 1906 1648 κατευθῦνον

252 1676 640 1754 παράγγελμα.
695 1685 851 1734 ’Ἀνευ
905 1677 962 1734 δὲ
1005 1685 1112 1735 τῶν
1161 1679 1484 1756 εἰρημένων,
1527 1681 1616 1736 καὶ
1664 1685 1696 1752 ἡ
1758 1684 1906 1756 αγιο-

254 1768 411 1828 ποιὸς
441 1765 638 1836 τελετὴ
695 1771 994 1844 μυστήριον
1025 1769 1372 1842 ὀνομάζεται,
1403 1771 1464 1825 τὸ
1505 1769 1561 1825 δὲ
1614 1771 1909 1845 μυστήριον

253 1855 316 1910 οὐ
371 1857 548 1911 κοινὸν
605 1853 730 1911 οὐδὲ
767 1863 884 1921 τοῖς
923 1853 1190 1931 βεϐήλοις
1249 1856 1586 1916 εὐεπίϐατον.
1641 1862 1766 1933 [629
1815 1861 1906 1934 Ρι.]

253 1949 374 2000 Ἔτι
418 1946 528 2016 μὴν
575 1947 665 2000 καὶ
712 1947 777 2000 τὰ
823 1946 948 2022 ἅγια
997 1967 1200 2016 νοερως
1247 1949 1344 2021 μὲν
1393 1954 1510 2012 τοῖς
1547 1970 1605 2004 τε
1657 1951 1906 2027 Σεραφῖμ

253 2035 342 2089 καὶ
375 2031 681 2110 Χερουϐὶμ,
719 2035 926 2099 ὑλικῶς
980 2034 1036 2092 δὲ
1066 2039 1508 2112 καταπετάσμασι
1555 2041 1645 2093 καὶ
1683 2045 1904 2109 πτεροῖς

255 2122 344 2178 καὶ
401 2123 606 2186 πύλαις
664 2125 754 2178 καὶ
833 2123 1116 2199 κλείθροις
1189 2129 1699 2202 περιστοιχίζεται·
1760 2128 1904 2183 οὕτω

256 2215 386 2285 γοῦν
417 2213 466 2247 ¹δ
511 2214 624 2288 χρή
665 2211 752 2267 καὶ
802 2221 903 2284 τῆν
947 2215 1094 2288 ἱερὰν
1147 2217 1307 2286 ἡμῶν
1361 2218 1576 2293 Γραφην
1627 2222 1746 2278 τοῖς
1807 2217 1903 2288 μὲν

261 2296 526 2376 βεϐήλοις
574 2301 1094 2378 περικαλύπτεσθαι,
1132 2301 1225 2360 ’ίνα
1275 2307 1352 2378 μὴ
1404 2305 1471 2360 τὰ
1517 2301 1646 2381 ἅγια
1692 2302 1902 2382 ἐξυϐρί-

255 2395 434 2460 ζοιτο,
491 2395 603 2453 τοῖς
662 2389 718 2446 δὲ
780 2393 1156 2466 μεμυημένοις
1214 2393 1303 2447 καὶ
1361 2400 1575 2456 πιστοῖς
1634 2393 1903 2449 ἀνακαλύο

249 2481 500 2535 πτεσθαι.
533 2479 824 2537 ’Ἃλλωστε
873 2479 930 2536 δὲ
957 2483 1044 2537 καὶ
1081 2482 1126 2538 εἰ
1169 2485 1214 2519 ¹⁹
1255 2483 1317 2537 τὸ
1358 2485 1486 2556 ῥᾷον
1520 2483 1596 2547 εἰς
1633 2491 1824 2554 κτῆσιν
1859 2485 1904 2519 ²⁰

249 2566 362 2642 οὐχ
393 2567 576 2642 ὥσπερ
606 2570 668 2623 τὸ
701 2571 850 2643 πόνῳ
877 2571 1074 2640 κτηθὶν
1111 2569 1606 2646 περισπούδαστον,
1662 2570 1904 2642 εὐλόγως

243 2657 310 2710 τὸ
365 2656 512 2730 ἱερὸν
565 2658 802 2731 Γραμμα
847 2662 966 2719 τοῖς
1019 2659 1112 2730 μὲν
1173 2658 1441 2734 ῥᾳθύμοις
1492 2661 1580 2714 τὸν
1638 2661 1904 2735 θησαυρὸν

247 2743 683 2820 ἃποκρύπτεται,
726 2751 842 2808 τοῖς
875 2743 932 2802 δὲ
983 2746 1344 2824 φιλοπονοῦσι
1389 2749 1692 2826 χαρίζεται.
1729 2748 1904 2805 Ἀλλὰ

245 2833 340 2887 καὶ
389 2831 588 2908 ἱδρῶσι
636 2839 738 2890 πᾶν
781 2835 844 2890 τὸ
894 2835 1081 2908 τίμιον
1138 2837 1227 2892 καὶ
1277 2839 1312 2908 ἡ
1359 2839 1521 2912 ἀρετή
1581 2837 1658 2902 εἷς
1711 2845 1900 2908 κτῆσιν

239 2920 556 3002 ἀφικνεῖται
615 2923 704 2978 καὶ
761 2923 1084 2997 ἀπόλαυσιν,
1133 2929 1168 2997 ἡ
1209 2923 1268 2981 δὲ
1313 2926 1478 2982 κακία
1525 2927 1653 3002 ῥᾷόν
1704 2949 1762 2982 τε
1813 2930 1902 2984 καὶ

241 3019 382 3068 πᾶσι
423 3014 746 3088 πρόχειρον.
781 3015 882 3072 Καὶ
921 3015 982 3069 τὸ
1027 3017 1122 3089 μὲν
1170 3017 1324 3090 πόνῳ
1373 3019 1710 3093 κατορθωθέν
1767 3018 1904 3094 μᾶλς

233 3101 342 3158 λον
385 3104 638 3158 ποθεῖται
673 3121 686 3134 ⁸
738 3105 766 3158 ’ὁ
808 3101 865 3160 δὲ
903 3101 1108 3178 ῥᾳδίως
1160 3103 1518 3180 λαμϐάνεται,
1567 3110 1658 3163 καὶ
1699 3106 1901 3182 ῥᾳδίως

233 3185 627 3247 ἀποϐάλλεται
657 3194 746 3247 καί
785 3195 922 3269 πρὸς
949 3195 1013 3250 τὸ
1061 3193 1487 3271 παρεωραμένον
1528 3197 1742 3271 μᾶλλον
1789 3199 1899 3254 ἀντὶ

227 3285 336 3334 τοῦ
389 3283 676 3337 ποθεῖσθαι
733 3283 1112 3359 κατασύρεται.
1164 3287 1266 3346 Διὸ
1319 3285 1409 3340 καὶ
1463 3288 1490 3340 6
1549 3285 1728 3360 ’Δδὰμ
1783 3285 1902 3344 ἄνευ

231 3367 433 3424 ἄθλων
491 3372 577 3426 καὶ
637 3372 894 3446 καμάτων
956 3372 1182 3446 ὁμιλίας
1238 3375 1556 3449 ἀξιούμενος
1616 3376 1758 3439 θείας
1810 3377 1899 3432 καὶ

229 3463 352 3515 τῶν
393 3457 586 3516 ἄλλων
616 3461 856 3538 ἀγαθῶν,
891 3461 1096 3538 ῥᾳδίως
1127 3467 1202 3520 ὦν
1233 3463 1512 3536 ἀπήλαυεν
1547 3466 1896 3537 ἐξωλίσθὴσε·

235 3550 336 3604 καὶ
391 3547 582 3620 ἐπειδὴ
637 3552 726 3607 τὸν
769 3550 977 3608 ἄλυπον
1019 3555 1106 3608 καὶ
1154 3555 1402 3632 ἂμοχθον
1457 3556 1576 3631 βίον
1629 3558 1899 3632 βαράθρου

231 3638 506 3714 πρόξενον
571 3640 748 3713 ἑαυτῷ
801 3643 1212 3714 κατεσκεύασεν,
1269 3645 1296 3697 6
1370 3645 1645 3724 πάνσοφος
1714 3647 1901 3722 ἱατρὸς

227 3734 356 3791 τοῖς
439 3727 702 3792 ἐναντίοις
769 3732 1074 3810 φαρμάκοις
1139 3732 1338 3802 ἐξιᾶται
1415 3739 1475 3789 τὸ
1540 3735 1776 3808 νόσημα,
1847 3735 1899 3790 ἒν

227 3815 438 3893 ἱδρῶτι
473 3822 576 3873 τοῦ
625 3821 922 3892 προσώπου
963 3821 1050 3875 καὶ
1097 3823 1188 3876 τὸν
1244 3825 1551 3896 σωματικὸν
1585 3821 1743 3897 ἄρτον
1796 3847 1898 3902 φα-

225 3913 348 3981 γεῖν
387 3909 564 3980 νόμον
614 3905 916 3982 τιθέμενος,
958 3911 1048 3964 καὶ
1100 3912 1250 3974 ὅσοις
1283 3913 1310 3966 6
1364 3914 1732 3986 πνευματικὸς
1762 3909 1899 3990 ἔρως

225 3997 618 4068 πνευματικήν
687 3998 1020 4076 παρατίθησι
1095 4003 1382 4076 τράπεζαν·
1453 4003 1610 4058 Ἀνευ
1679 4000 1736 4056 δὲ
1791 4008 1896 4058 τῶν

225 4083 580 4159 εἰρημένων,
621 4086 669 4140 εἷ’
725 4088 928 4151 παντὸς
984 4089 1048 4156 ἦν
1105 4091 1193 4144 καὶ
1253 4091 1428 4166 χωρὶς
1485 4089 1743 4163 καμάτων
1801 4099 1902 4162 τῆς

225 4176 376 4229 κατὰ
435 4173 541 4240 τήν
595 4176 809 4254 Γραφὴν
857 4177 1084 4250 θεωρίας
1142 4179 1177 4248 ἡ
1233 4178 1568 4252 κατάληψις,
1627 4183 1731 4234 ποῦ
1790 4185 1897 4235 τῶν

217 4261 736 4337 ἑπαγρυπνούντων
817 4265 986 4338 ταύτῃ
1075 4266 1167 4320 καὶ
1254 4265 1740 4342 ἐπαγωνιζομένων
1835 4271 1900 4323 τὰ

219 4347 492 4418 ἔπαθλας
531 4351 564 4421 ἣ
615 4349 696 4412 τίς
727 4349 790 4405 ἂν
837 4360 1170 4433 προσανεῖχε
1214 4361 1282 4430 τῇ
1334 4357 1536 4427 ταύτης
1579 4355 1896 4434 φιλοπονίᾳ,

2011 609 2315 680 accipienti
2346 609 2572 674 noxius,
2607 608 2687 664 sic
2719 612 2776 664 et
2803 607 3068 673 scientia,
3090 606 3321 664 tametsi
3351 605 3660 663 verissima

2013 701 2314 770 pr0ponat,
2341 697 2558 753 nullam
2593 697 2944 769 imperfectis
2975 695 3286 768 utilitatem
3319 695 3503 751 aﬂ'ert.
3539 695 3660 751 Etsi

2013 789 2169 845 enim
2221 789 2446 846 Novum
2507 804 2684 858 quam
2733 787 2909 843 Vetus
2961 787 3400 842 Testamentum
3447 784 3661 840 clarius

2015 878 2150 934 fidei
2183 877 2524 948 mysterium
2550 879 2820 948 exponat,
2855 892 2988 931 cum
3021 880 3216 932 tamen
3247 872 3520 946 principii
3556 873 3660 929 ali-

2016 983 2188 1038 quam
2248 984 2312 1022 ac
2366 965 2602 1022 seminis
2661 965 2948 1022 rationem
2996 965 3274 1034 obtineat,
3325 964 3500 1019 etiam
3557 963 3662 1020 bac

2017 1055 2234 1112 ratione
2263 1058 2332 1112 ad
2366 1072 2492 1113 eam
2536 1071 2662 1127 quas
2715 1071 2872 1110 nunc
2921 1055 3190 1111 innovata
3219 1060 3304 1110 est
3331 1051 3660 1124 reipublicae

2019 1147 2286 1214 formam,
2321 1161 2434 1202 non
2466 1145 2670 1202 statim
2704 1144 2970 1214 initiatis,
3003 1144 3102 1200 sed
3157 1143 3372 1199 sensim
3407 1157 3473 1198 ac
3495 1141 3664 1212 juxta

2019 1236 2452 1308 proﬁcientium
2486 1234 2723 1306 gradus,
2756 1251 2882 1306 qua:
2915 1233 3255 1305 perfectiora
3281 1235 3435 1300 sunt,
3469 1229 3661 1287 mani-

2021 1327 2213 1382 festat.
2247 1325 2504 1382 Canibus
2561 1329 2834 1396 praeterea
2894 1325 3024 1396 (hoc
3071 1327 3160 1381 est
3210 1321 3558 1379 adversariis
3607 1325 3664 1376 et

2018 1414 2471 1486 oblatrantibus)
2505 1431 2575 1471 ne
2605 1419 2822 1470 temere
2853 1430 2919 1469 ac
2949 1414 3076 1469 sine
3119 1412 3344 1468 ratione
3389 1409 3663 1482 projicias

2019 1507 2234 1571 sancta,
2266 1507 2364 1559 aut
2395 1505 2727 1575 margaritas
2757 1510 2887 1560 ante
2913 1518 3101 1575 porcos
3151 1502 3186 1556 (ἰ
3216 1500 3430 1572 quibus
3488 1499 3664 1556 nimi-

2017 1608 2153 1648 rum
2183 1592 2299 1650 vita
2327 1591 2691 1665 voluptatum
2725 1609 2978 1662 omnum,
3002 1589 3395 1658 Dominicum,
3418 1593 3475 1646 et
3503 1590 3658 1661 quod

2017 1682 2262 1738 docendi
2276 1681 2532 1755 regulam
2548 1686 3146 1756 statuat,praeceptum
3163 1679 3662 1738 est.Sanctificans

2019 1772 2156 1828 item
2186 1772 2538 1829 sacriﬁcium
2572 1772 2910 1844 mysterium
2951 1771 3066 1829 dici
3097 1769 3282 1826 solet:
3315 1767 3661 1842 mysterium

1941 1845 1984 1910 Β
2016 1867 2212 1919 autem
2262 1878 2572 1918 commune
2623 1879 2732 1918 non
2781 1870 2886 1931 est,
2940 1877 3129 1934 neque
3181 1860 3346 1917 facile
3401 1858 3662 1931 profanis

2015 1953 2370 2008 adeundum.
2397 1952 2546 2015 Quin
2573 1951 2746 2006 etiam
2779 1955 3002 2021 sancta,
3025 1949 3405 2023 spiritualiter
3425 1949 3664 2020 quidem

2015 2058 2050 2096 a
2075 2039 2376 2112 Seraphim
2425 2046 2600 2112 atque
2629 2039 2962 2108 Cherubim,
2999 2037 3371 2096 materialiter
3407 2053 3538 2094 vero
3567 2053 3664 2094 ve-

2015 2128 2310 2199 lamentis,
2356 2127 2486 2196 alis,
2539 2127 2723 2200 portis
2771 2145 2836 2184 ac
2883 2128 3174 2200 repagulis
3231 2127 3484 2198 undique
3538 2141 3664 2182 am-

2015 2217 2274 2274 biuntur.
2299 2220 2393 2273 Sic
2423 2217 2603 2290 igitur
2633 2233 2858 2274 sacram
2892 2233 3121 2290 quoque
3153 2215 3513 2288 Scripturam
3557 2231 3665 2270 no-

2015 2313 2192 2363 stram
2223 2312 2447 2380 oportet
2478 2308 2734 2380 profanis
2783 2307 3121 2364 horninibus
3171 2305 3446 2362 abscondi
3480 2306 3564 2375 (ut
3595 2321 3666 2360 ne

2013 2414 2180 2452 sacra
2229 2397 2446 2468 injuria
2493 2397 2694 2468 aliqua
2737 2397 3091 2464 afficiantur)
3122 2409 3188 2452 ac
3231 2393 3372 2450 solis
3415 2393 3664 2450 initiatis

2013 2490 2188 2558 atque
2209 2487 2471 2542 fidelibus
2487 2486 2752 2542 revelari.
2771 2486 3028 2558 Alioqui,
3044 2486 3276 2557 quando
3296 2485 3473 2540 etiam
3491 2483 3663 2554 illud,

2013 2575 2204 2632 198a
2251 2577 2419 2646 cujus
2463 2592 2606 2632 usus
2651 2573 2818 2631 facile
2853 2573 3101 2630 obtineri
3126 2578 3334 2646 potest,
3358 2588 3662 2644 nunquam

2012 2669 2134 2721 tam
2166 2671 2414 2736 amatur,
2447 2669 2621 2736 atque
2651 2664 2708 2718 id
2743 2664 2900 2736 quod
2935 2663 3124 2720 labore
3175 2662 3359 2718 multo
3410 2661 3664 2733 acquisi-

2014 2758 2141 2810 tum
2173 2758 2281 2825 est,
2316 2753 2522 2810 merito
2550 2769 2724 2809 sacrm
2755 2753 3068 2823 Scripturae
3106 2751 3445 2808 thesaurum
3494 2749 3662 2806 illum

2014 2841 2444 2914 negligentibus
2483 2841 2875 2908 abscondunt,
2907 2856 3082 2911 quem
3121 2839 3428 2896 laboriosis
3458 2853 3665 2895 conce-

2014 2931 2179 2987 dunt.
2206 2931 2316 2986 Sed
2349 2935 2406 2986 et
2437 2930 2789 2986 sudantibus
2812 2929 3055 2986 honesta
3075 2928 3292 3000 omnia,
3315 2927 3664 2998 virtutisque

2013 3037 2127 3077 non
2163 3019 2452 3092 possessio
2485 3020 2785 3090 duntaxat,
2810 3020 2910 3074 sed
2942 3019 3168 3074 fructus
3199 3017 3441 3089 insuper
3469 3016 3662 3072 obtin-

2015 3111 2118 3182 git,
2171 3127 2302 3164 cum
2361 3109 2570 3165 vitium
2626 3108 2796 3165 facile
2844 3111 3100 3180 paretur,
3159 3115 3212 3164 et
3272 3106 3545 3162 omnibus
3600 3105 3662 3160 in

2015 3201 2290 3274 promptu
2322 3199 2418 3254 sit.
2470 3197 2760 3269 Quidquid
2802 3198 2940 3252 item
2988 3212 3125 3253 cum
3169 3196 3366 3252 labore
3420 3195 3664 3251 feliciter

2014 3290 2342 3346 confectum
2374 3291 2481 3354 est,
2506 3288 2696 3358 majus
2727 3289 2888 3359 longe
2910 3288 3000 3343 sui
3022 3287 3234 3344 excitat
3263 3287 3618 3342 desiderium
3647 3302 3659 3340 :

2013 3379 2162 3450 quod
2197 3381 2390 3433 autem
2420 3377 2590 3434 facile
2619 3376 2931 3447 obtinetur,
2965 3376 3133 3432 facile
3163 3375 3336 3432 etiam
3381 3375 3656 3446 rejicitur,

2011 3468 2368 3539 propiusque
2399 3470 2485 3522 est
2507 3473 2566 3521 ul
2588 3470 3016 3534 contemnatur,
3039 3480 3208 3537 quam
3241 3468 3306 3521 ut
3333 3468 3654 3536 expetatur.

2012 3559 2322 3629 Propterea
2349 3557 2523 3612 etiam
2554 3557 2762 3624 Adam,
2795 3557 2896 3627 qui
2927 3557 3054 3611 sine
3085 3553 3508 3612 certaminibus
3558 3563 3658 3611 aut

2009 3646 2306 3703 laboribus
2335 3645 2530 3700 divino
2579 3645 2837 3716 alloquio
2869 3645 3210 3716 ceterisque
3238 3644 3408 3701 bonis
3440 3644 3656 3714 dignus

2010 3739 2134 3789 erat
2165 3731 2426 3798 habitus,
2459 3731 2634 3786 citius
2664 3747 2731 3787 ea
2764 3732 2976 3802 quibus
3016 3732 3286 3786 utebatur
3334 3729 3552 3784 amisit.
3585 3731 3656 3784 At

2009 3831 2316 3898 postquam
2341 3824 2552 3880 doloris
2575 3841 2640 3878 ac
2661 3823 2958 3880 laboribus
2989 3828 3278 3894 expertem
3299 3822 3478 3877 vitam
3511 3835 3654 3892 prte-

2009 3914 2194 3987 cipitii
2225 3913 2337 3968 sibi
2369 3928 2608 3968 causam
2644 3913 2795 3976 fecit,
2830 3913 3136 3968 contrariis
3168 3911 3368 3982 utique
3400 3909 3650 3966 medica-

2011 4001 2225 4058 mentis
2283 4000 2746 4071 sapientissimus
2805 4001 3066 4057 medicus
3126 4000 3390 4056 morbum
3463 4003 3650 4069 curat,

2017 4091 2132 4147 lata
2153 4089 2300 4162 lege,
2321 4093 2386 4143 ut
2409 4087 2468 4142 in
2491 4089 2704 4144 sudore
2724 4088 2918 4144 vultus
2956 4106 3004 4157 ε,
3029 4105 3144 4144 non
3169 4086 3488 4158 corporalis
3523 4091 3651 4141 tan-

2011 4191 2132 4238 tum
2148 4179 2309 4235 cibus
2323 4180 2880 4243 sumeretur,verum
2897 4183 2949 4234 et
2964 4177 3179 4249 quibus
3193 4175 3476 4248 spiritalis
3489 4191 3653 4232 amor

2007 4267 2326 4342 spiritalem
2360 4267 2608 4321 adornat
2638 4283 2925 4322 mensam.
2949 4265 3160 4322 Adhaec
3191 4282 3344 4334 vero,
3369 4264 3418 4322 si
3442 4265 3648 4334 quivis,

2009 4358 2168 4414 nullo
2191 4357 2364 4412 etiam
2387 4354 2583 4410 labore
2605 4355 2886 4426 adhibito,
2904 4373 3074 4412 sacrae
3095 4355 3390 4427 Scripture
3409 4369 3650 4410 sensum

221 4439 390 4496 οὐδὲν
455 4435 684 4495 ἔλαττον
742 4439 985 4515 ἑχόντων
1037 4449 1146 4498 τῶν
1202 4445 1459 4518 ῥᾳθύμως
1509 4445 1678 4515 αὐτῆς
1739 4449 1899 4502 ἀπτο-

2015 4447 2301 4522 percipere
2333 4451 2541 4514 posset,
2579 4445 2818 4500 ubinam
2874 4461 3076 4502 eorum
3125 4445 3226 4517 qui
3275 4444 3334 4500 in
3384 4443 3494 4500 hac
3537 4459 3651 4498 non

221 4531 466 4602 μένωνς
513 4528 650 4584 ὥστε
709 4528 800 4585 διὰ
869 4536 978 4586 τῶν
1029 4533 1329 4609 εἰρημένων
1399 4533 1606 4589 δίκαιόν
1665 4556 1722 4590 τε
1787 4537 1900 4608 ἅμα

2015 4537 2133 4593 sine
2189 4532 2404 4607 vigiliis
2465 4537 2640 4604 atque
2699 4533 2999 4590 laboribus
3053 4536 3358 4591 versantur
3413 4531 3654 4605 praemia

211 4622 308 4674 καὶ
381 4617 676 4681 λυσιτελὲς
731 4619 964 4695 ἀνεφάνη
1024 4623 1084 4676 τὸ
1143 4625 1218 4693 μή
1273 4622 1630 4692 ἀνηπλωσθαι
1685 4623 1896 4698 μᾶλλον

2015 4623 2352 4682 manerent?
2373 4623 2484 4676 Aut
2507 4623 2638 4692 quis
2671 4639 2930 4695 unquam
2964 4623 3142 4694 hujus
3173 4639 3298 4680 sese
3329 4622 3520 4679 studio
3555 4621 3652 4675 ad-

221 4705 368 4780 μηδ⁹
425 4707 913 4785 ἀπαραφυλάκτως
967 4708 1218 4785 ἐρῥῖφθαι
1266 4710 1301 4779 ἢ
1359 4713 1422 4766 τὸ
1474 4713 1712 4768 21κοινοὶ
1769 4735 1901 4788 προ-

2015 4716 2199 4771 dicere
2228 4711 2388 4777 velit,
2413 4710 2462 4766 si
2496 4711 2688 4767 minus
2723 4711 2864 4768 nihil
2897 4717 3333 4784 consequantur
3361 4711 3402 4766 ii
3433 4710 3528 4781 qui
3560 4727 3656 4765 ne-

215 4800 454 4853 κεῖσθαι
509 4801 639 4850 πᾶσι
670 4797 762 4852 καὶ
813 4803 927 4860 τοῖς
967 4799 1206 4872 ἀναξίοις
1252 4807 1352 4870 τῆς
1403 4808 1620 4879 Γραφῆς
1659 4803 1725 4858 τὰ
1763 4807 1898 4876 νοή-

2015 4807 2295 4878 gligenter
2323 4821 2450 4862 eam
2481 4805 2874 4876 attingerent?
2896 4803 2976 4858 Ex
3007 4802 3078 4857 iis
3108 4801 3312 4874 igitur,
3347 4817 3476 4872 quae
3507 4799 3656 4853 hac—

215 4911 404 4963 Ιιιατα·
2007 4901 2176 4950 tenus
2226 4901 2676 4952 commemorata
2725 4896 2885 4962 sunt,
2920 4907 3152 4964 aequum
3203 4889 3376 4946 simul
3417 4893 3472 4944 et
3511 4885 3655 4942 utile

213 4981 548 5053 appareat,
608 4979 761 5050 quod
819 4995 934 5035 non
995 4980 1276 5054 explicata
1334 4983 1524 5055 magis
1579 4985 1891 5056 Scriptura:
1966 5001 2142 5041 sensa
2190 5001 2378 5057 neque
2438 4984 2731 5042 incautius
2789 4981 3032 5053 abjecta,
3089 4979 3178 5036 vel
3235 4978 3294 5035 in
3353 4975 3654 5034 communi

211 5071 544 5134 omnibus,
580 5070 756 5126 etiam
789 5069 1074 5142 indignis,
1108 5071 1403 5142 proposita
1434 5073 1664 5129 fuerint.

293 5157 470 5232 Παρᾶ
521 5159 710 5230 μέντοι
766 5157 832 5212 τὰ
890 5156 1170 5234 εἰρημένα,
1245 5162 1352 5214 τῶν
1423 5159 1518 5232 μὲν
1587 5160 1898 5237 φιλοπόνων

207 5249 310 5304 καὶ
369 5245 548 5314 ἀξίων
590 5249 690 5300 τοῦ
727 5247 864 5301 κατά
905 5251 1098 5320 γνῶσιν
1141 5253 1506 5322 πνευματικοῦ
1559 5251 1900 5325 χαρίσματος

211 5338 324 5393 οὐκ
389 5337 534 5412 [326
599 5337 694 5408 Η.]
748 5333 808 5390 ἄν
863 5358 945 5398 τις
996 5337 1300 5394 αἰτιάσαιτο
1357 5340 1460 5410 τῆς
1521 5345 1740 5416 Γραφῆς
1797 5341 1897 5409 τήν

283 5467 324 5522 d
361 5463 580 5524 Matth.
613 5480 708 5534 vn,
735 5467 788 5520 6.
821 5481 852 5522 e
879 5465 1021 5523 Gen.
1057 5481 1140 5536 ιιι,
1172 5467 1258 5524 19.

2087 5167 2302 5220 Verum
2335 5164 2406 5220 ob
2437 5169 2579 5234 haec,
2612 5179 2734 5234 quas
2776 5161 2902 5234 jam
2932 5157 3206 5228 diximus,
3232 5172 3400 5215 nemo
3431 5171 3653 5222 eorum,

2012 5253 2113 5325 qui
2145 5257 2248 5308 aut
2279 5253 2492 5310 laboris
2520 5257 2783 5310 amantes
2813 5253 2972 5320 sunt,
3005 5253 3109 5306 aut
3138 5247 3388 5320 spiritali
3420 5245 3657 5304 intelle-

2008 5347 2134 5399 ctus
2183 5344 2370 5416 gratia
2417 5343 2600 5415 digni,
2645 5357 2823 5398 sacrae
2871 5339 3185 5413 Scriptum
3236 5337 3652 5396 obscuritatem

1619 5594 1868 5650 VARl/E
1909 5595 2320 5653 LECTIONES.

293 5727 348 5764 ¹⁹
383 5725 600 5784 malim
635 5723 808 5788 οὕτως
841 5724 956 5784 οὗν.
1037 5727 1086 5762 ¹⁹
1114 5725 1159 5781 εἰ
1191 5727 1326 5786 add.
1357 5731 1422 5788 A.
1499 5731 1544 5768 ²⁰
1572 5732 1792 5802 κτῆσιν]
1823 5731 1953 5788 libri
1985 5737 2208 5806 χρῆσιν.
2287 5733 2333 5771 ﬂ
2365 5732 2400 5801 ἢ
2431 5731 2516 5804 τὸ]
2543 5729 2652 5788 εἷ’τε
2681 5749 2830 5790 corr.
2865 5735 2932 5790 A.
2973 5750 2984 5787 :
3017 5730 3051 5801 ἢ
3080 5730 3146 5786 τὰ
