4184 6212
417 310 537 373 795

1625 319 1893 380 PHO'I‘II
1942 317 2458 381 PATRIARCHJE
2501 320 2617 382 CP.

3697 320 3820 382 796

421 451 730 506 eccusarit.
764 456 838 506 At
884 452 1181 525 negligens
1226 465 1278 509 ct
1317 454 1624 524 remissus,
1666 470 1771 509 cur
1826 454 2055 509 tandem

2181 451 2508 533 ἀσάφειανχὸ
2540 451 2599 508 δὲ
2627 454 2875 527 ῥᾴθυμος
2910 454 3001 508 καὶ
3032 453 3435 515 ἀναπεπτωκὼς
3472 454 3524 509 τί
3570 452 3640 523 δή
3687 472 3821 506 ποτε

420 534 779 608 indignetur,
812 540 857 595 si
892 558 1006 597 non
1058 542 1290 613 capiat?
1340 546 1485 599 Nam
1521 545 1569 599 si
1611 543 1939 599 divinarum
1971 559 2065 599 re-

421 640 553 681 rum
580 629 969 699 cognitionem
996 631 1188 687 labore
1214 631 1410 703 aliquo
1432 633 1937 704 dignamjudicat,
1962 650 2067 688 cur

416 712 489 770 iis
520 731 633 770 non
663 718 859 773 studet
904 719 1079 776 rebus
1125 737 1269 792 quas
1302 721 1476 777 habet
1504 723 1563 777 in
1598 723 1831 793 pretio?
1861 723 1958 777 Sin
1991 723 2061 778 ad

415 803 685 860 virtutem
740 806 886 861 hanc
943 808 1085 865 nihil
1140 826 1270 867 esse
1319 812 1708 867 necessariam
1744 816 1928 883 putat,
1962 826 2064 867 cur

417 891 579 948 nullo
610 895 848 951 affectus
878 897 1092 953 damno
1134 899 1460 955 molestiam
1516 900 1714 972 capit?
1740 901 1883 966 Quid
1929 917 2062 956 vero

418 999 485 1038 ex
528 982 653 1054 ipsa
700 1001 929 1059 quoque
982 987 1353 1054 obscuritate,
1386 1006 1626 1047 sensum
1678 990 1778 1062 qui
1820 995 2060 1061 quaret,

417 1073 651 1144 assequi
684 1076 914 1146 possit?
936 1077 1090 1133 Licet
1118 1077 1295 1146 enim,
1328 1078 1465 1134 licet
1496 1080 1822 1151 cuicunque
1848 1080 2059 1136 volenti

417 1162 664 1232 quaesita
703 1163 869 1219 facile
915 1166 1236 1223 addiscere.
1272 1167 1581 1223 Multorum
1632 1168 1786 1224 enim
1837 1172 2063 1225 sancto-

416 1264 549 1304 rum
580 1249 835 1307 virorum
865 1253 1091 1312 labores
1120 1256 1413 1327 explicant
1442 1261 1497 1313 et
1527 1259 1817 1314 elucidant
1836 1259 2061 1315 divinas

418 1339 681 1405 Litteras,
713 1342 926 1413 quibus
979 1343 1263 1402 inbarere
1294 1347 1342 1403 si
1374 1347 1505 1419 quis
1534 1348 1780 1405 libenter
1820 1349 1977 1419 velit,
2012 1350 2061 1404 is

418 1445 451 1484 a
508 1430 803 1501 proposito
862 1434 1105 1489 minime
1171 1436 1490 1492 aberrabit.
1545 1436 1705 1501 Quod
1767 1438 1815 1493 si
1876 1440 2060 1495 facere

420 1524 668 1585 recuset,
688 1521 1060 1578 manifestum
1082 1522 1392 1595 [ejusmodi
1415 1525 1735 1599 hominem]
1759 1544 2058 1599 nunquam

417 1605 477 1661 in
500 1606 731 1663 illarum
757 1610 1139 1681 cognitionem
1162 1614 1459 1683 pervenire
1482 1631 1666 1685 posse,
1686 1616 2063 1684 non,etiamsi

421 1696 684 1752 omnium
735 1703 932 1754 essent
979 1702 1378 1771 apertissima.
1430 1703 1644 1760 Verum
1690 1709 1882 1760 autem
1936 1723 2063 1763 esse

2177 543 2252 614 μὴ
2286 538 2718 615 καταλαμϐάνων
2753 540 3094 619 δυσχεραίνοι
3125 539 3229 608 civ;
3259 543 3323 598 Εἰ
3358 543 3453 615 μὲν
3496 543 3599 617 γὰρ
3646 562 3823 595 σπου-

2172 627 2270 699 δῆς
2325 630 2471 700 ἀξίαν
2528 634 2627 701 τήν
2685 636 2790 688 τῶν
2850 631 3007 687 θείων
3065 636 3266 706 γνῶσιν
3324 633 3559 705 ἡγεῖται,
3616 630 3665 684 τί
3739 630 3819 701 μή

2172 718 2462 790 σπουδάζει
2511 724 2632 797 περί
2672 720 2738 776 τὰ
2784 719 2983 796 τίμια;
3038 721 3097 777 Εἰ
3152 719 3208 775 δὲ
3239 720 3374 795 πρὸς
3411 720 3606 795 ἀρετὴν
3644 716 3822 792 μηδεν

2169 810 2459 887 ἀναγκαῖον
2519 812 2884 886 παρέχουσαν,
2952 809 3007 866 τί
3072 811 3161 864 καὶ
3224 807 3568 885 δυσχεραίνει
3645 804 3820 881 μηδὲν

2172 900 2580 973 ζημιούμενοςς
2630 902 2681 956 τί
2735 898 2793 956 δὲ
2832 901 2923 956 καὶ
2972 899 3031 955 ἐκ
3066 906 3165 968 τῆς
3215 896 3475 974 ἀσαφείας
3533 892 3821 971 tapeta}:-

2171 984 2290 1057 ὄείη
2325 989 2370 1024 ²¹
2430 1011 2513 1053 σις
2557 994 2735 1060 ζητῶν
2786 992 2972 1062 μαθεῖν
3022 990 3121 1056 τὴν
3177 985 3461 1057 διάνοιανς
3521 984 3634 1042 ἔστι
3686 986 3819 1061 γὰρ,

2169 1079 2281 1138 ἔστι
2310 1086 2428 1142 τοῖς
2480 1078 2843 1155 βουλομένοις
2874 1078 2906 1133 ’ἀ
2945 1080 3198 1148 ζητοῦσιν
3231 1078 3277 1113 ³³
3327 1075 3387 1130 οὗ
3420 1073 3665 1150 χαλεπὸν
3720 1088 3823 1146 μα-

2170 1173 2299 1228 θεῖν.
2334 1168 2570 1225 Πολλῶν
2599 1168 2699 1241 γὰρ
2747 1165 2955 1241 ἀνδρῶν
3003 1168 3163 1240 ἱερῶν
3217 1163 3376 1220 πόνοι
3423 1162 3825 1219 ἀναπτύσσουσί

2166 1280 2223 1315 τε
2254 1258 2341 1313 καὶ
2377 1257 2670 1331 ἐξαπλοῦσι
2721 1258 2786 1313 τὰ
2817 1255 3070 1311 θεσπέσια
3119 1254 3312 1329 Λόγια,
3357 1256 3440 1314 οἷς
3491 1250 3825 1330 ἐμφιλοχω-

2170 1353 2278 1424 ρεῖν
2306 1368 2389 1409 τις
2422 1345 2857 1420 προαιρούμενος
2897 1345 3000 1399 οὐκ
3049 1342 3106 1405 ἂν
3153 1344 3407 1417 ἀτυχήσῃ
3453 1344 3550 1396 τοῦ
3602 1339 3827 1415 βουλή-

2172 1458 2360 1512 ματος·
2402 1439 2498 1498 Ὃς
2531 1433 2576 1489 δ’
2622 1435 2738 1512 οὐχ
2779 1435 3033 1508 αἱρεῖται,
3067 1430 3236 1501 δῆλον
3270 1432 3344 1492 ὡς
3384 1430 3428 1484 εἰ
3478 1430 3567 1484 καὶ
3601 1431 3826 1485 πάντων

2168 1524 2251 1597 ε’ίη
2298 1526 2615 1602 σαφέστερα,
2663 1522 2762 1577 οὐκ
2822 1520 2881 1585 ἂν
2933 1520 3108 1576 αὐτῶν
3165 1520 3242 1581 εἷς
3289 1523 3487 1594 γνῶσιν
3542 1517 3821 1595 ἀφίκοινο.

2170 1617 2286 1671 Ὀτι
2320 1612 2375 1669 δὲ
2406 1612 2607 1683 ἀληθὶς
2646 1612 2708 1667 τὸ
2760 1610 2944 1688 ῥηθὲν,
2977 1611 3108 1665 εἰσὶν
3160 1610 3211 1663 οἳ
3260 1605 3400 1681 μηδὲ
3449 1604 3639 1669 ἁπλῶς
3684 1604 3827 1660 αύτά

2169 1709 2277 1760 τῶν
2335 1701 2712 1758 ἀποστολικῶν
2772 1696 3077 1755 ἐπιστολῶν
3152 1695 3290 1771 ψιλά
3344 1698 3679 1772 γινώσκουσι
3752 1693 3827 1749 τὰ

416 1784 572 1855 quod
595 1785 870 1857 diximus,
898 1793 1072 1859 patet,
1096 1791 1234 1861 quia
1256 1796 1393 1847 sunt
1414 1794 1512 1863 qui
1545 1795 1786 1850 omnino
1810 1810 1880 1850 ne
1906 1795 2059 1851 nuda

2181 1793 2430 1866 Βνόματα,
2480 1789 2609 1847 ἀλλ’
2669 1787 2793 1845 ούδέ
2849 1793 2955 1844 τῶν
3011 1791 3308 1863 προφητῶν
3366 1785 3402 1855 ἢ
3463 1789 3573 1841 τῶν
3632 1782 3825 1839 ἄλλων

419 1873 655 1945 quidem
690 1876 947 1945 nomine,
982 1879 1362 1949 epistolarum
1404 1883 1855 1954 apostolicarum
1888 1900 2059 1940 nove-

419 1961 576 2031 rint;
609 1964 710 2019 sed
745 1979 929 2036 neque
978 1968 1418 2040 prophetarum,
1452 1968 1540 2027 vel
1582 1971 1826 2028 aliorum
1876 1990 2062 2031 sacro-

420 2064 551 2106 rum
604 2051 904 2109 Librorum
982 2055 1120 2125 (sive
1169 2058 1251 2113 illi
1318 2059 1505 2116 198b
1583 2062 1838 2135 antiqua
1892 2064 2061 2137 Legis

422 2138 561 2207 sint,
597 2140 713 2196 sive
744 2146 949 2214 novae),
981 2145 1068 2200 vel
1100 2148 1324 2203 nudum
1376 2151 1704 2221 catalogum
1753 2168 1890 2208 voce
1940 2170 2065 2224 pos-

420 2228 544 2285 sint
572 2245 914 2301 recensere;
948 2239 1003 2289 et
1045 2244 1195 2292 certe
1245 2254 1376 2309 qua
1423 2240 1767 2313 obscuritas,
1800 2242 1889 2298 vel
1935 2259 2063 2315 qua

421 2321 697 2388 tenebrae,
732 2337 927 2392 quave
972 2325 1308 2395 difﬁcultas,
1340 2328 1644 2384 nominum
1693 2330 1945 2388 indicem
1979 2348 2065 2388 co-

422 2424 693 2479 gnoscere
713 2411 740 2464 ?
770 2416 989 2482 quanto
1030 2429 1158 2469 vero
1183 2413 1240 2469 id
1273 2416 1464 2473 studio
1496 2417 1761 2490 indiget?
1790 2423 2065 2477 Caeterum

427 2497 782 2567 nolentibus,
820 2500 933 2555 hac
966 2519 1079 2557 non
1113 2503 1329 2572 minus,
1363 2522 1536 2576 quam
1581 2509 1881 2579 Scriptura
1919 2510 2066 2581 ipsa,

426 2585 726 2659 incognita
756 2598 1011 2646 manent.
1048 2592 1237 2656 Quare
1287 2611 1399 2651 non
1432 2595 1797 2668 eloquiorum
1829 2598 1930 2655 Dei
1973 2600 2071 2655 ob-

426 2677 678 2732 scuritas
730 2679 905 2750 vulgo
953 2680 1294 2753 ignorantia
1343 2700 1522 2742 causa
1568 2692 1675 2754 est,
1710 2689 1811 2744 sed
1858 2688 2069 2746 horum

434 2765 662 2827 incuria
710 2786 776 2827 ac
826 2772 1182 2846 negligentia
1228 2776 1401 2832 etiam
1457 2777 1782 2836 clarissima
1829 2797 2073 2853 quaque

435 2856 686 2927 ignorari
717 2860 871 2918 fecit.
901 2863 1075 2935 Apud
1121 2880 1269 2936 quos
1318 2866 1455 2922 clari
1500 2872 1676 2940 atque
1722 2870 1977 2938 obscuri,
2012 2875 2078 2926 ut

434 2946 898 3006 demonstratum
947 2956 1055 3020 est,
1098 2953 1324 3015 nullum
1376 2955 1724 3015 discrimen:
1759 2975 1893 3015 cum
1948 2964 2074 3015 stu-

434 3034 632 3093 diosos
668 3037 785 3093 hac
816 3039 1163 3111 obscuritas,
1190 3048 1575 3115 praterquam
1600 3048 1752 3117 quod
1786 3048 2073 3104 sinceram

433 3140 503 3178 ex
528 3139 589 3177 se
623 3125 931 3182 utilitatem
966 3129 1233 3200 prabeat,
1267 3134 1554 3202 sapientes
1583 3150 1649 3190 ac
1680 3135 1890 3191 virtute
1938 3153 2076 3205 pra-

436 3210 585 3265 ditos
623 3213 853 3270 efficiat.
887 3217 1233 3290 Quicunque
1263 3221 1334 3274 ad
1370 3220 1489 3275 hac
1540 3222 1854 3293 Scriptura
1902 3241 2076 3281 sacra

436 3302 785 3356 sententiam
833 3304 1115 3361 illustrari
1164 3312 1344 3377 optat,
1377 3310 1426 3364 si
1473 3310 1709 3380 quidem
1756 3313 2074 3369 humanam

435 3386 682 3458 gloriam
739 3393 968 3461 quaerit,
1002 3395 1205 3452 merito
1244 3414 1277 3452 a
1316 3397 1521 3454 divina
1571 3400 1863 3470 sapientia
1912 3403 2078 3458 vesti-

437 3475 579 3533 bulo
626 3485 891 3536 arcetur:
933 3482 1023 3538 sin
1072 3484 1305 3540 virtutis
1353 3487 1655 3555 duntaxat,
1704 3492 1761 3545 et
1808 3506 2075 3562 superna

433 3569 924 3626 remunerationis
955 3573 1221 3643 gratiam,
1245 3580 1527 3645 quantum
1559 3575 1857 3635 laboribus
1888 3597 1953 3635 ac
1985 3597 2079 3636 su-

436 3656 679 3713 doribus
709 3659 839 3729 ipsa
869 3664 1236 3734 processerit,
1268 3668 1432 3721 tanta
1477 3682 1660 3737 eaque
1708 3674 1865 3726 certa
1903 3672 2076 3726 retri-

437 3746 698 3804 butionis
727 3751 1012 3807 assecutio
1042 3751 1505 3812 ellaborantibus
1544 3757 1928 3830 relinquetur.
1970 3762 2076 3819 Sed

439 3834 598 3892 istud
629 3853 859 3910 quoque
890 3840 959 3895 ad
982 3841 1279 3912 sapientia
1310 3844 1469 3900 illius
1502 3846 1925 3917 inexplicabilis
1950 3868 2077 3921 pro-

439 3924 761 3982 videntiam
836 3929 1103 3999 pertinet,
1165 3933 1317 4003 quod
1375 3934 1586 3991 tollens
1645 3952 1776 3994 mox
1833 3942 1903 3994 ab
1958 3940 2077 3996 ini-

440 4014 521 4071 tio
568 4014 723 4073 Deus
779 4034 1012 4078 omnem
1058 4022 1130 4078 de
1178 4032 1330 4079 sorte
1377 4031 1580 4082 nostra
1629 4030 2078 4099 querimoniam,

441 4110 702 4176 expertes
750 4122 1150 4165 arumnarum
1201 4111 1439 4168 delicias
1482 4114 1653 4170 nobis
1700 4122 1758 4171 in
1809 4122 2079 4190 paradiso

442 4194 644 4265 donat,
672 4196 854 4252 donec
901 4198 1261 4269 deprehenso
1302 4217 1370 4256 ex
1418 4202 1584 4257 factis
1633 4206 1869 4274 nostris,
1900 4208 2081 4265 inuti-

441 4284 556 4341 lem
600 4285 941 4343 bominibus
988 4304 1113 4343 esse
1162 4288 1357 4345 labore
1396 4307 1463 4347 ac
1507 4292 1746 4349 miseria
1790 4301 2080 4353 carentem

2164 1885 2325 1957 ἰερῶν
2362 1876 2578 1937 Βίϐλων
2612 1881 2682 1949 υ,
2716 1878 2815 1933 ὅσα
2852 1884 2954 1947 τῆς
3006 1874 3250 1936 Παλαιᾶς
3281 1874 3371 1929 καὶ
3418 1875 3517 1928 ὅσα
3560 1880 3661 1943 τῆς
3712 1873 3827 1950 χάς

2169 1994 2339 2049 ριτος,
2395 1969 2512 2028 οὐδ’
2566 1970 2726 2025 αὐτὸν
2788 1970 2878 2024 τὸν
2936 1968 3241 2041 κατάλογον
3303 1964 3393 2021 διὰ
3446 1968 3632 2037 φωνῆς
3689 1984 3829 2037 προ-

2170 2062 2314 2138 άγειν
2362 2059 2696 2115 ἐπίστανται.
2750 2057 2941 2115 Καίτοι
2978 2055 3031 2111 τί
3082 2055 3373 2125 σκοτεινὸν,
3418 2053 3467 2108 τί
3510 2050 3556 2107 δ’
3601 2052 3825 2129 ἀσαφὲς,

2170 2152 2223 2207 τί
2274 2151 2331 2206 δὲ
2380 2148 2623 2225 χαλεπὸν
2675 2148 2959 2222 ὀνομάτων
3007 2143 3203 2201 εἷδέναι
3244 2142 3604 2220 κατάλογον,
3661 2140 3828 2202 ποίας

2176 2239 2232 2297 δὶ
2276 2238 2509 2314 μελέτης
2560 2236 2777 2305 δεῖται;
2839 2235 2987 2291 ἀλλὰ
3032 2240 3151 2297 τοῖς
3199 2254 3260 2311 γε
3331 2235 3406 2306 μή
3461 2228 3826 2308 βουλομένοις

2176 2327 2328 2385 οὐδὲν
2358 2330 2520 2397 ἦττον
2552 2330 2720 2382 ταῦτα
2751 2328 2877 2399 [632
2909 2326 3002 2398 3.]
3033 2322 3068 2393 ἢ
3101 2323 3165 2377 τά
3193 2326 3300 2377 τῶν
3333 2322 3560 2395 Γράφων
3590 2323 3637 2356 ³⁸
3678 2318 3829 2392 μένει

2177 2420 2568 2493 ἀνεπίγνωστα.
2620 2417 2779 2470 Ὥστε
2828 2415 2936 2491 οὐχ
2989 2416 3024 2483 ἡ
3074 2416 3181 2467 τῶν
3233 2414 3279 2449 ³⁸
3327 2410 3544 2487 Λογίων
3600 2410 3833 2487 ἀσάφεια

2177 2516 2276 2578 τῆς
2333 2511 2443 2562 τῶν
2502 2503 2729 2561 πολλῶν
2768 2504 2984 2579 ἀγνοίας
3032 2503 3092 2558 τὸ
3150 2501 3344 2571 α’ίτιον,
3386 2500 3449 2556 τὸ
3508 2495 3564 2554 δὶ
3621 2497 3833 2554 τούτων

2178 2596 2536 2672 ἠμελημένον
2584 2594 2675 2648 καὶ
2726 2594 2970 2667 ῥᾴθυμον
3010 2592 3102 2648 καὶ
3150 2593 3219 2646 τά
3266 2590 3565 2669 σαφέστατα
3614 2587 3827 2644 πάντων

2182 2691 2395 2764 ἀγνοεῖν
2446 2682 2828 2759 παρεσκεύασε.
2863 2682 3017 2757 Παρὰ
3068 2684 3164 2754 μὲν
3193 2685 3308 2741 τοῖς
3354 2678 3628 2741 τοιούτοις
3672 2675 3831 2732 ούδὶν

2181 2781 2280 2835 τοῦ
2339 2778 2542 2852 σαφοῦς
2596 2775 2660 2828 τὸ
2717 2771 2941 2845 ἀσαφὲς,
3000 2771 3075 2832 ὡς
3136 2766 3422 2837 δέδεικται,
3487 2765 3770 2841 διενήνοχε
3815 2784 3831 2797 ·

2184 2865 2312 2930 τοὺς
2368 2862 2426 2919 δὲ
2482 2860 2810 2923 σπουδαίους
2862 2861 2896 2926 ᾖ
2957 2860 3207 2932 ἀσάφεια,
3258 2856 3391 2931 μετά
3427 2859 3523 2911 τοῦ
3569 2856 3833 2929 παρέχειν

2185 2951 2564 3024 ἀκαπήλευτον
2610 2951 2675 3005 τὸ
2726 2947 2935 3004 θ’ίκοθεν
2982 2944 3194 3023 κέρδος,
3245 2944 3335 3000 καὶ
3384 2943 3579 3023 σοφούς
3625 2962 3683 2997 τε
3734 2943 3831 2996 καὶ

2185 3041 2512 3104 σπουδαίους
2542 3041 2641 3108 τὴν
2680 3039 2877 3113 ἀρετὴν
2928 3034 3305 3093 ἐπιδείκνυσιν.
3340 3039 3454 3089 Ἐτι
3500 3031 3557 3088 δὶ
3603 3034 3631 3087 ὁ
3679 3032 3831 3106 [μὶν]

2183 3141 2283 3203 τῆς
2328 3134 2476 3207 ἱερᾶς
2526 3135 2744 3206 Γραφῆς
2791 3128 2884 3181 τὸν
2933 3129 3056 3179 νοῦν
3105 3121 3492 3200 έλλαμφθῆναι
3538 3121 3727 3192 ἀξιῶν,
3784 3120 3831 3174 εἰ

2189 3228 2286 3299 μὲν
2316 3222 2662 3299 ἀνθρωπίνην
2694 3219 2849 3290 δόξαν
2879 3222 3058 3289 ζητῶν
3088 3216 3268 3288 οὗτος,
3310 3212 3535 3276 δικαίως
3582 3217 3689 3268 τῶν
3730 3219 3829 3281 τῆς

2186 3313 2331 3375 θείας
2386 3313 2575 3387 σοφίας
2625 3307 2987 3386 προπυλαίων
3048 3304 3405 3362 ἀπελαύνεται
3438 3321 3453 3336 ⁶
3516 3302 3562 3358 εί
3623 3301 3681 3358 δὲ
3730 3309 3830 3372 τῆς

2185 3404 2382 3479 ἀρετῆς
2431 3403 2595 3477 χάριν
2655 3400 2745 3455 καὶ
2774 3404 2875 3467 τῆς
2931 3395 3126 3451 ἄνωθεν
3189 3391 3537 3463 ἀντιδόσεως,
3571 3392 3697 3447 ὅσον
3748 3389 3833 3446 διὰ

2185 3493 2368 3550 πόνων
2414 3492 2505 3546 καὶ
2560 3487 2808 3563 ἱδρώτων
2861 3487 2996 3557 αὕτη
3051 3486 3351 3559 πρόσεισιν,
3395 3486 3655 3537 τοσοῦτον
3714 3478 3828 3535 ἀδί-

2188 3602 2411 3642 στακτος
2459 3586 2559 3649 τῆς
2607 3572 2849 3651 ἀμοιϐῆς
2896 3576 2931 3643 ἠ
2982 3573 3284 3634 ἀπόλαυσις
3343 3577 3458 3631 τοῖς
3509 3572 3831 3646 ἀγωνισταῖς

2186 3672 2540 3746 περιγίνεται.
2581 3663 2757 3721 Ἀλλὰ
2802 3665 2905 3739 γὰρ
2962 3662 3053 3717 καὶ
3100 3660 3265 3717 τοῦτο
3328 3658 3517 3739 σοφίας
3567 3659 3673 3714 ἐστὶ
3731 3660 3832 3725 τῆς

2186 3756 2579 3831 ἀνεκδιηγήτω
2652 3761 2901 3828 πρόνοια.
2988 3751 3303 3807 Ἐκκόπτων
3385 3748 3480 3821 μὶν
3542 3747 3643 3823 γὰρ
3709 3746 3833 3800 κατ’

2187 3850 2364 3924 ἀρχὰς
2396 3850 2424 3902 ὁ
2458 3847 2589 3907 Θεὸς
2628 3844 2689 3897 τὸ
2726 3841 3126 3914 μεμψίμοιρον,
3172 3835 3391 3893 δίδωσιν
3422 3840 3558 3909 ἡμῖν
3601 3832 3836 3924 ἀταλαί-

2187 3922 2371 4012 πωρον
2424 3936 2523 4003 τὴν
2576 3932 2628 3988 έν
2675 3927 2987 4005 παραδείσῳ
3033 3929 3265 4004 τρυφήν.
3320 3925 3607 3999 Διελέγξας
3655 3922 3713 3979 δὲ
3753 3926 3837 3985 οἷς

2187 4028 2489 4103 ἐπράξαμεν
2520 4025 2596 4084 ὡς
2644 4021 2961 4096 ἀσύμφορον
3010 4018 3315 4091 ἀνθρώποις
3350 4016 3377 4071 ὃ
3428 4014 3681 4089 ἅμοχθος
3718 4013 3836 4089 βίος

2188 4117 2277 4171 καὶ
2308 4112 2715 4186 ἀταλαίπωρος,
2761 4107 2942 4181 ὥσπερ
2985 4129 3039 4162 τι
3087 4107 3374 4185 φάρμακον
3423 4108 3530 4160 τῶν
3572 4103 3833 4175 καμάτων

2189 4206 2279 4263 καί
2315 4206 2543 4283 μόχθων
2590 4205 2671 4273 τῷ
2723 4199 2824 4276 βίῳ
2861 4199 2960 4266 τήν
3012 4196 3291 4272 βαρύτητα
3338 4193 3675 4268 συνεκέρασε,
3717 4192 3839 4283 στά-

2190 4294 2303 4351 διον
2339 4282 2519 4367 ὥσπερ
2557 4290 2650 4345 καὶ
2690 4287 3091 4365 ἀγωνιστήριον
3126 4287 3321 4339 τοῦτον
3358 4284 3493 4357 ἡμῖν
3532 4282 3837 4357 προτιθεὶς,

438 4374 643 4441 vitam,
673 4375 939 4431 laborum
979 4393 1046 4433 ac
1085 4378 1451 4434 miseriarum
1502 4382 1732 4452 pondus
1776 4384 1899 4440 vita
1948 4386 2070 4457 [no-

2197 4386 2284 4440 καὶ
2349 4381 2589 4455 μεγάλου
2646 4374 2872 4451 κέρδους
2933 4374 3024 4429 καὶ
3081 4372 3332 4430 ἐπάθλων
3398 4370 3677 4476 πρόξενον.
3745 4370 3835 4474 Ἰῗν

437 4464 593 4537 atra]
623 4469 903 4536 tanquam
934 4483 1038 4538 pro
1070 4468 1321 4524 remedio
1370 4469 1718 4527 admiscuit:
1754 4472 1863 4530 hoc
1902 4475 2070 4533 veluti

2187 4474 2403 4533 τούτοις
2454 4472 2546 4543 μὶν
2598 4470 2680 4539 τῷ
2729 4469 3031 4543 συγγραφεῖ
3088 4464 3150 4519 τὸ
3202 4483 3261 4517 τε
3308 4464 3625 4537 τριακοστὸν
3679 4464 3841 4537 κεφά-

436 4554 692 4610 stadium
736 4554 904 4612 nobis
935 4572 1000 4611 ac
1032 4556 1353 4628 palaestram
1386 4560 1767 4630 constituens,
1802 4579 1929 4635 qua
1962 4582 2082 4621 ma-

2192 4563 2349 4620 λαιον
2381 4558 2561 4634 τρίτον
2594 4555 2686 4612 καὶ
2714 4556 2741 4609 ὁ
2769 4556 2810 4625 ζ’
2842 4552 3187 4627 ἀπαρτίζεται
3218 4550 3404 4627 λόγος.

436 4657 620 4711 gnum
678 4648 875 4715 posset
923 4650 1214 4716 quaestum
1264 4663 1329 4702 ac
1378 4647 1612 4721 [multa]
1663 4653 1900 4722 pramia
1956 4655 2281 4712 conciliare.
2316 4652 2417 4708 His
2466 4653 2669 4706 auctor
2724 4645 3088 4702 tricesimum
3139 4642 3375 4698 tertium
3426 4646 3622 4714 caput,
3656 4639 3835 4696 simul

433 4736 492 4787 et
522 4732 832 4803 septimum
868 4732 1083 4790 librum
1116 4734 1383 4791 absolvit.

1981 4832 2145 4889 Liber
2170 4847 2293 4889 vm.

508 4918 757 4975 Octavus
831 4919 980 4975 liber
1033 4922 1104 4976 de
1159 4921 1390 4977 duobus
1446 4927 1740 4981 certamen
1806 4927 2082 4987 instituit.

433 5007 523 5063 34.
584 5007 801 5064 Horum
860 5010 1114 5079 primum
1182 5009 1396 5067 solutio
1473 5012 1783 5083 cujusdam
1855 5016 2083 5074 dubita-

436 5095 611 5153 tionis
639 5102 750 5163 est,
781 5114 908 5169 qua
940 5114 1065 5154 rem
1098 5100 1311 5156 seriam
1362 5116 1501 5157 sane
1545 5118 1651 5160 nec
1692 5104 2080 5178 inelegantem

436 5186 713 5241 continet.
750 5187 944 5244 Refert
992 5193 1188 5244 autem
1240 5205 1368 5245 eam
1418 5191 1838 5251 dubitationem
1899 5201 2081 5254 ortam

438 5287 507 5327 ex
537 5277 893 5332 astructione
926 5278 1390 5337 ratiocinationis
1422 5281 1747 5352 cujusdam,
1772 5300 1875 5356 per
1905 5302 2079 5357 quam

439 5359 621 5418 Deum
656 5364 867 5421 habere
891 5366 1097 5425 Filium
1135 5370 1417 5441 probatur
1441 5395 1455 5440 ;
1476 5375 1886 5445 auctoremque
1907 5375 2085 5447 hujus

2264 4928 2326 4983 Ὀ
2357 4922 2415 4979 δὲ
2463 4924 2515 4993 η’
2544 4919 2669 4995 περὶ
2701 4916 2795 4975 δύο
2843 4920 3006 4972 τινῶν
3034 4915 3125 4970 τὸν
3175 4916 3358 4991 ἀγῶνα
3406 4910 3715 4982 ὑποδύεται,
3763 4915 3838 4968 ὧν

2189 5015 2245 5071 ἓν
2282 5016 2373 5088 μὶν
2415 5011 2570 5072 λύσις
2603 5008 2744 5064 ἐστὶν
2796 5006 2941 5077 αύτῷ
2980 5003 3208 5079 ἀπορίας
3258 5004 3403 5065 τινὸς
3437 5001 3535 5057 οὐκ
3580 5000 3835 5077 ἄκομψον

2191 5103 2429 5172 σπουδὴν
2481 5099 2742 5175 ἐχούσης.
2797 5093 3101 5166 Ταύτηνδέ
3150 5095 3446 5169 βλάστημα
3488 5093 3622 5148 εἶναι
3670 5114 3836 5148 κατα.

2188 5200 2383 5262 σκευῆς
2414 5190 2584 5264 λόγου
2640 5186 2807 5254 τινὸς,
2842 5183 2913 5239 δι’
2943 5185 3005 5240 οὗ
3062 5184 3153 5239 τὸν
3183 5184 3311 5239 Θεὸν
3371 5183 3494 5237 Υἱὸν
3541 5179 3690 5256 ἔχειν
3738 5204 3840 5237 κα-

2188 5282 2567 5350 τασκευάζεται
2611 5294 2624 5307 ·
2685 5276 2777 5330 τὸν
2835 5272 2893 5329 δὲ
2945 5272 3150 5347 πατέρα
3204 5278 3306 5343 τῆς
3360 5274 3689 5341 κατασκευῆς
3744 5272 3839 5326 τὸν

2192 5374 2405 5440 Νύσσης
2434 5370 2477 5406 ²⁷
2524 5367 2662 5422 εἶναι
2706 5362 3036 5439 Γρηγόριον.
3084 5363 3248 5437 Λέγει
3279 5358 3338 5416 δὲ
3381 5362 3444 5416 τὸ
3491 5359 3839 5439 ἐπιχείρημα

1778 5491 2025 5548 VAHUE
2067 5489 2481 5548 LEC'l‘lONES.

514 5588 561 5623 sa
589 5582 939 5671 Σαραέξιβξέη
1105 5593 1181 5671 Διε
1210 5591 1243 5671 ᾇ
1275 5594 1506 5671 μὴγζητ.
1701 5597 1747 5632 ει
1775 5602 1875 5651 ,ιιι
1908 5592 2137 5671 βιϐλίων
2170 5612 2339 5669 opus,
2374 5596 2476 5648 aut
2504 5590 2644 5645 ὅσαι.
2733 5589 2780 5625 ³⁸
2808 5587 3016 5664 γρίφων
3058 5593 3099 5644 Α
3134 5604 3147 5642 :
3182 5588 3405 5663 γραφῶν

440 5661 550 5713 τῶν
744 5658 788 5694 ²⁷
820 5657 1024 5731 Νύσηξ,
1059 5668 1120 5718 ut
1150 5657 1313 5735 solet,
1341 5657 1410 5721 VA:

3619 5586 3667 5621 ’⁸
3708 5584 3843 5660 οὐχὶ
