4116 6224
301 359 417 417 797

1388 360 1933 423 BIBLIOTHECA.
1980 392 2059 409 —-
2101 361 2275 423 COD.
2324 361 2613 423 CCXXII.

3586 360 3705 426 798

300 489 429 562 [327
459 491 553 561 8.]
594 490 669 551 ὡς
717 488 865 551 ὅστις
917 491 994 563 μὴ
1048 489 1251 567 ἄλογον
1304 491 1433 546 εἶναι
1486 489 1811 570 διομολογεῖ
1854 495 1938 549 τὸν

2061 495 2431 555 astructionis
2462 513 2590 555 esse
2619 496 2961 567 Gregorium
2992 498 3343 569 Nysseuum.
3367 497 3700 569 Argumen-

298 577 451 646 Θεὸν,
498 577 711 639 πάντως
759 576 923 653 λόγον
970 577 1114 655 ἔχειν
1162 581 1535 655 συγκατὶθεται
1582 602 1596 615 ·
1653 584 1681 637 ὁ
1744 579 1800 638 δὲ
1853 587 1950 638 τοῦ

298 665 573 740 ἀκηράτου
624 666 787 743 λόγος
836 664 1107 742 ἀκήρατος
1162 688 1175 701 ’
1224 669 1252 723 ὁ
1310 667 1368 725 δὶ
1424 669 1699 745 ἀκήρατος
1750 672 1949 747 Λόγος,

296 757 425 830 παρ’
472 756 531 810 ’ὸν
593 754 888 828 δοξάζομεν
945 758 1090 827 Υἱὸν,
1142 756 1295 813 ούδὶν
1356 758 1415 823 ἂν
1475 759 1560 832 εἷή
1618 760 1821 833 ἓτερον.
1881 767 1943 817 Ἥ

300 846 395 917 μὲν
448 845 541 900 οὖν
580 844 926 921 ἐπιχείρησις
975 850 1072 901 τοῦ
1132 844 1243 902 δεῖν
1297 848 1420 903 Υἱὸν
1477 843 1625 927 ἔχειν
1678 852 1769 905 τὸν
1820 852 1947 906 Θεὸν

294 933 522 1005 τοιαύτη
559 954 572 968 ·
611 936 729 989 εἶτα
774 936 913 1010 πρὸς
942 936 1145 1005 ταύτην
1198 938 1628 1015 ἀνθυποφέροντά
1672 960 1789 993 τινα
1836 945 1943 994 τῶν

297 1022 477 1102 φίλων
511 1024 736 1101 εἰσάγει,
776 1025 835 1078 ’ὸν
888 1026 978 1079 καὶ
1008 1026 1339 1099 τιμιώτατον
1392 1028 1569 1101 ὑμνεῖ.
1618 1032 1680 1083 Ἥ
1722 1026 1777 1082 δὲ
1827 1029 1944 1083 ἀνθ-

296 1114 573 1190 υποφορᾶ,
607 1114 692 1168 ’ὁτι
724 1114 775 1150 ²⁶
814 1134 914 1188 περ
947 1112 1101 1169 οὐδὲν
1153 1114 1356 1171 κωλύει
1388 1116 1455 1173 τὰ
1496 1116 1630 1171 αὐτὰ
1682 1116 1767 1171 καὶ
1820 1116 1942 1191 περὶ

290 1206 389 1257 τοῦ
447 1202 578 1256 ficii
634 1201 727 1256 καὶ
772 1203 896 1276 περί
952 1206 1049 1257 τοῦ
1092 1204 1405 1277 Πνεύματος
1457 1201 1739 1260 διαλαϐεῖν
1790 1206 1941 1277 (Θεὸς

292 1291 399 1366 γὰρ
443 1289 651 1345 τούτων
703 1290 999 1365 ἑκάτερον),
1050 1292 1141 1346 καὶ
1194 1290 1365 1354 οὕτως
1424 1293 1523 1349 ούκ
1580 1293 1657 1355 εἷς
1713 1292 1941 1368 Τριάδα,

296 1378 430 1435 ἀλλ’
460 1380 534 1441 εἷς
584 1377 819 1453 μυριάδα
853 1381 1218 1451 ὑποστάσεων,
1262 1382 1385 1437 ὅσον
1432 1382 1537 1437 ἀπὸ
1586 1388 1683 1438 τοῦ
1730 1384 1940 1459 ἐπιχει-

293 1468 565 1543 ρήματος,
621 1466 1003 1542 προελεύσεται
1068 1469 1130 1523 τὸ
1191 1472 1509 1544 μυστήριον.
1570 1470 1777 1541 Ταύτην
1840 1472 1939 1539 τήν

289 1554 695 1634 ἂνθυποφορᾶν,
750 1555 1001 1630 δριμεῖάν
1057 1577 1115 1612 τε
1168 1558 1258 1612 καὶ
1319 1559 1797 1634 συνεπραμμὲνην
1858 1559 1942 1614 οὖ-

288 1663 407 1714 σαν,
460 1642 743 1723 διαφόροις
801 1647 895 1719 μὶν
951 1644 1221 1721 ἰπιχειρεῖ
1293 1647 1481 1723 λόγοις
1538 1648 1938 1719 ἀνασκευάζειν,

288 1732 353 1787 ού
381 1733 493 1806 μὴν
524 1735 661 1789 κατά
700 1754 762 1811 γε
801 1733 899 1807 ἐμὲ
928 1741 1030 1804 τῆς
1074 1730 1354 1812 ἀκριϐείας
1396 1736 1709 1814 ἐφικνεῖται.
1745 1739 1938 1792 Καίτοι

286 1821 467 1885 πολὺς
524 1822 673 1895 αύτῷ
723 1822 1057 1900 περιῤῥεῖται
1107 1828 1204 1894 τῆς
1252 1825 1337 1879 ἐπὶ
1387 1825 1567 1898 τούτῳ
1616 1824 1859 1897 σπουδῆς
1906 1828 1933 1881 ὁ
1965 1818 2011 1882 Β

285 1908 457 1985 ἱδρώς
500 1929 513 1943 ·
567 1911 736 1988 μέχρι
774 1913 877 1987 γὰρ
918 1918 1008 1968 καί
1053 1915 1117 1989 ιγ’
1157 1915 1595 1989 ἐπιχειρήματος
1633 1916 1724 1970 τὸν
1767 1916 1931 1970 πόνον

285 2000 617 2076 παρατείνει.
670 2000 845 2059 Ἀλλά
874 2004 1011 2077 πρὸς
1065 2004 1161 2077 μὶν
1211 2005 1340 2067 τοὺς
1388 2006 1488 2073 τήν
1540 2001 1808 2061 εὐσέϐειαν
1850 2026 1931 2061 τις

288 2095 510 2163 μῶντας
548 2085 690 2146 ἔστιν
728 2090 762 2145 ’ἆ
799 2096 902 2146 τῶν
948 2090 1000 2147 ἐν
1042 2094 1232 2157 αὐτοῖς
1270 2093 1572 2168 εἰρημένων
1615 2093 1714 2149 ούκ
1751 2096 1933 2173 ἀφυῶς

280 2176 405 2258 ἔχει
439 2200 452 2213 ·
488 2178 640 2255 ἀνδρὲ
687 2177 744 2235 δὲ
781 2179 1177 2261 διαμαχομένῳ
1209 2185 1273 2239 ού
1322 2184 1487 2257 μόνον
1527 2180 1681 2239 οὒδὶν
1718 2184 1933 2259 ἐπαγω-

282 2271 384 2343 γὸν
442 2269 579 2344 πρὸς
639 2265 912 2325 εὐσέϐειαν
970 2272 1185 2347 παρέξει
1218 2274 1285 2345 ²⁹,
1346 2271 1493 2327 ἀλλᾶ
1542 2274 1630 2327 καὶ
1685 2274 1935 2351 ἀφορμὰς

283 2358 429 2431 πρὸς
458 2359 546 2413 τὸν
577 2359 812 2433 γέλωτα.
848 2358 991 2430 Φαίη
1027 2358 1074 2415 δ’
1117 2360 1177 2415 ἄν
1209 2382 1293 2423 τις
1327 2360 1463 2423 ’ἴσως
1507 2364 1934 2435 συντετμημένῳ

281 2466 346 2503 τε
409 2448 497 2501 καί
549 2446 826 2521 ἀπερίττῳ
885 2445 1039 2523 λόγῳ
1094 2450 1232 2523 πρὸς
1296 2450 1386 2504 τὸν
1444 2455 1512 2525 τῇ
1588 2449 1934 2529 ἀνθυποφοΡᾶ

276 2536 679 2612 γαυρούμενον,
713 2537 789 2597 ὡς
835 2535 885 2591 εἷ’
936 2535 1030 2610 μέν
1066 2560 1150 2602 τις
1196 2540 1286 2593 τὸν
1333 2540 1544 2613 Πατέρα
1588 2539 1932 2614 προτίθησιν,

278 2625 401 2680 εἶτα
430 2626 557 2700 περὶ
606 2624 770 2680 αὐτοῦ
812 2622 1043 2701 διερωτᾷ
1092 2628 1322 2701 πότερον
1350 2626 1549 2703 ἄλογον
1600 2628 1635 2697 ἣ
1688 2628 1931 2705 λογικὸν,

276 2716 529 2770 κάτεῖθεν
573 2717 959 2786 κατασκευάζει
1006 2720 1085 2788 τῷ
1130 2718 1299 2791 Πατρὶ
1358 2716 1467 2772 δεῖν
1517 2724 1798 2791 προσεῖναι
1845 2719 1933 2773 καὶ

286 2802 439 2872 Υἲὸν,
476 2804 603 2876 [633
653 2804 744 2876 Η.]
791 2810 892 2873 τῆς
937 2804 1316 2885 ἀνθυποφορᾶς
1363 2806 1426 2860 τὸ
1477 2806 1758 2883 περίεργον
1799 2806 1935 2867 ’ἰσως

276 2892 403 2970 ἔχει
444 2891 684 2969 πάροδον
736 2895 825 2949 καὶ
878 2894 1056 2973 ἴσχύν.
1090 2895 1155 2953 Εἰ
1206 2894 1262 2951 δὶ
1308 2900 1469 2952 τοῦτο
1528 2898 1623 2969 μὶν
1674 2899 1739 2953 οὐ
1786 2903 1936 2953 ποιεῖ

275 2981 434 3057 (οὔτε
466 2983 572 3057 γὰρ
606 2980 708 3053 δεῖ,
759 2980 882 3039 οὔτε
912 2985 939 3039 ὁ
988 2986 1296 3059 Θαυμαστὸς
1329 2985 1630 3062 Γρηγόριος
1675 2985 1820 3042 οὓτω
1847 2987 1938 3042 τὸν

276 3071 477 3148 λόγον,
522 3074 878 3149 προήνεγκεν)
918 3072 1048 3129 αύτὸ
1090 3070 1147 3129 δὲ
1184 3075 1245 3130 τὸ
1287 3074 1415 3137 Θεός
1456 3070 1933 3149 προϐαλλόμενος,

273 3162 305 3217 ὂ
334 3163 527 3216 κοινόν
576 3160 687 3216 εστι
736 3161 825 3216 καὶ
857 3160 1145 3237 ἀμέριστον
1193 3168 1300 3219 τῶν
1347 3166 1655 3244 θεαρχικῶν
1706 3166 1935 3221 ὑποστά-

274 3271 422 3307 σεων
453 3246 653 3323 ὄνομα,
688 3249 771 3305 ἐπ’
818 3249 983 3306 αύτοῦ
1014 3249 1081 3320 δὴ
1129 3254 1219 3308 καὶ
1259 3254 1348 3308 τὸν
1392 3255 1569 3330 Λόγον
1617 3254 1651 3323 ἢ
1691 3258 1754 3310 τὸ
1794 3256 1938 3331 γόνι-

275 3360 414 3413 μον.
448 3339 501 3393 εἷ’
551 3336 741 3412 βούλει
793 3336 851 3393 δὶ
906 3339 995 3394 καί
1049 3339 1112 3394 τὸ
1168 3338 1428 3414 ἔμπνουν,
1460 3342 1723 3417 ἐπερωτᾷ,
1772 3362 1934 3397 κατα-

271 3429 539 3485 σκευάσει
584 3428 680 3501 μὶν
737 3428 799 3483 τὸ
845 3434 946 3498 τῆς
999 3426 1230 3503 Τριάδος
1296 3433 1593 3506 μυστήριον
1651 3432 1832 3499 οὗτος,
1876 3430 1938 3487 ού

273 3521 397 3592 μήν
426 3539 487 3595 γε
520 3519 709 3598 χώραν
742 3516 962 3574 ἐνδώσει
994 3524 1073 3592 τῷ
1107 3518 1435 3594 βουλομένῳ
1463 3523 1563 3591 τήν
1605 3522 1940 3591 κατασκευὴν

269 3609 755 3685 περιεργάζεσθαι.
807 3612 918 3663 Ποῦ
962 3610 1065 3684 γὰρ
1111 3606 1231 3663 ’ἶσον
1286 3608 1321 3678 ἢ
1373 3608 1533 3685 ἔγγὺς
1574 3610 1772 3681 ὅμοιον
1821 3608 1939 3663 ἀντῖ

268 3706 379 3771 τῆς
416 3695 621 3766 δλικῆς
667 3698 927 3767 θεότητος
976 3698 1103 3771 μίαν
1155 3696 1449 3752 ὑπόστασιν
1499 3693 1803 3765 διαλαϐεῖν,
1848 3697 1937 3752 καὶ

270 3789 409 3866 περὶ
440 3787 647 3857 ταύτης
684 3787 1154 3865 φιλοπραγμονεῖν
1186 3787 1219 3842 ἃ
1261 3785 1447 3851 καλῶς
1478 3788 1594 3863 εἶχε
1636 3790 1760 3862 περὶ
1801 3788 1939 3859 ὅλης

271 3879 571 3952 Θεολογεῖν
616 3884 715 3947 τῆς
762 3877 1066 3948 Θεότητος;
1108 3878 1199 3933 τὸν
1249 3878 1351 3953 γὰρ
1405 3877 1549 3932 οὕτω
1599 3877 1675 3939 είς
1716 3876 1939 3953 ἀλογίαν

268 3966 657 4044 ὶκφερόμενον
705 3964 861 4022 οὐδὲν
909 3964 1114 4021 κωλύει
1162 3967 1253 4021 καὶ
1302 3965 1427 4022 ἄνευ
1464 3968 1614 4030 τινὸς
1663 3966 1938 4041 περινοίας

268 4056 508 4112 αὐτόθεν
546 4055 593 4092 ³⁸
634 4052 998 4130 παραληρεῖν,
1052 4056 1127 4117 ὡς
1173 4054 1289 4110 ἑπεί
1336 4074 1438 4129 περ
1478 4055 1606 4128 ὑμῖν
1656 4054 1707 4109 ὲν
1754 4053 1939 4129 Τριάδι

269 4145 301 4200 ὸ
351 4148 516 4211 Θεὸς,
564 4144 768 4219 ἀνάγκη
814 4144 904 4199 καὶ
952 4142 1181 4200 ἵκαστον
1213 4151 1311 4215 τῆς
1358 4141 1583 4221 Τριάδος
1637 4144 1712 4207 εἰς
1757 4143 1939 4221 ἕτὲραν

264 4231 488 4308 Τριάδα
561 4232 929 4304 πληθύνεσθαι
986 4235 1052 4288 ³⁸.
1129 4234 1271 4308 Πρὸς
1322 4230 1379 4288 δὶ
1451 4237 1698 4289 τοιοῦτον
1768 4232 1938 4308 λῆρον

268 4321 466 4385 οὐδεὶς
500 4320 564 4375 ἃν
604 4322 758 4395 οἶμαι
806 4323 1037 4400 σώφρων
1079 4320 1310 4398 ἔλεγχος
1349 4321 1725 4403 ἔπιστραφείη.
1768 4320 1943 4379 Ἀλλᾶ

2060 586 2204 643 tatio
2236 587 2361 656 ipsa
2390 585 2471 640 ita
2502 602 2561 641 se
2592 585 2786 641 habet.
2822 585 3097 655 Quisquis
3141 601 3256 640 non
3305 584 3702 642 irrationalem

2061 689 2189 731 esse
2238 674 2423 730 Deum
2475 674 2801 740 confitetur,
2835 673 2885 728 is
2933 673 3108 729 etiam
3160 673 3399 729 omnino
3447 673 3704 729 Verbum

2058 763 2271 820 habere
2303 764 2589 830 concedit,
2623 764 2775 835 quod
2821 762 3140 819 immortali
3189 762 3522 817 immortale
3575 766 3700 817 est:

2056 851 2390 908 immortale
2422 855 2619 907 autem
2650 850 2923 920 Verbum,
2956 854 3163 921 praeter
3212 864 3346 905 eum
3399 865 3571 920 quem
3612 849 3703 905 Fi-

2055 939 2199 994 lium
2242 939 2579 1006 statuimus,
2610 938 2755 994 nihil
2786 954 2915 994 esse
2942 942 3117 1010 queat
3155 938 3336 993 aliud.
3371 937 3477 993 Illa
3524 936 3704 1008 igitur

2056 1029 2504 1101 argumentatio,
2539 1044 2665 1099 quas
2714 1032 2977 1099 oportere
3039 1027 3252 1083 astruit
3300 1030 3365 1081 ut
3412 1026 3563 1081 Deus
3606 1025 3702 1081 Fi-

2055 1116 2197 1173 lium
2232 1117 2461 1185 habeat,
2494 1116 2832 1187 hujusmodi
2863 1121 2969 1171 est.
3003 1116 3223 1172 Deinde
3253 1116 3534 1170 adversus
3576 1114 3697 1170 haec

2053 1207 2439 1278 objectionem
2473 1207 2648 1262 amici
2680 1206 2987 1275 cujusdam
3021 1205 3278 1273 adducit,
3312 1219 3489 1275 quem
3520 1208 3587 1258 ut
3605 1218 3700 1259 re-

2050 1296 2540 1352 verendissimum
2586 1294 2861 1353 celebrat.
2910 1294 3169 1364 Objectio
3215 1309 3345 1349 vero
3393 1301 3498 1359 est,
3542 1291 3699 1348 Nihil

2053 1385 2383 1457 prohibere,
2416 1385 2555 1456 quin
2588 1384 2788 1439 eadem
2822 1383 2892 1438 de
2925 1382 3065 1439 Filio
3110 1398 3342 1454 quoque
3372 1398 3437 1437 ao
3467 1382 3539 1437 de
3568 1380 3697 1452 Spi-

2052 1474 2168 1528 ritu
2202 1482 2403 1529 sancto
2434 1477 2832 1529 assumantur.
2860 1476 3009 1527 Deus
3049 1471 3203 1528 enim
3248 1471 3453 1526 borum
3500 1471 3699 1527 199a

2054 1568 2297 1634 uterque
2327 1571 2431 1619 est.
2464 1565 2652 1633 Atque
2684 1562 2766 1617 ita
2799 1578 2913 1617 non
2945 1561 3007 1617 in
3038 1561 3387 1616 Trinitatem
3442 1562 3695 1628 tantum,

2051 1654 2149 1710 sed
2206 1656 2263 1709 in
2307 1652 2569 1709 infinitas
2618 1668 2894 1723 personas
2923 1668 2991 1707 ex
3023 1651 3198 1721 hujus
3247 1649 3580 1722 argumenti
3634 1653 3697 1703 ut

2053 1743 2391 1815 mysterium
2451 1740 2735 1813 procedet.
2795 1740 2952 1796 Hanc
3017 1741 3216 1811 itaque
3278 1737 3693 1810 objectionem,

2043 1847 2234 1888 acrem
2266 1846 2407 1886 sane
2440 1837 2611 1901 atque
2642 1829 2973 1901 implexam,
2997 1828 3172 1884 variis
3203 1828 3441 1900 quidem
3474 1826 3695 1883 solvere

2044 1918 2371 1975 rationibus
2403 1919 2756 1989 aggreditur,
2780 1934 2895 1973 non
2926 1922 3120 1973 tamen
3144 1916 3448 1987 (quantum
3469 1930 3575 1987 ego
3598 1915 3694 1985 ju-

2044 2009 2193 2078 dico)
2240 2008 2383 2063 satis
2434 2011 2720 2063 accurate.
2768 2005 3024 2061 Tametsi
3070 2005 3320 2059 multum
3370 2004 3478 2060 hac
3528 2003 3586 2058 in
3632 2018 3694 2058 re

2045 2098 2364 2155 laborando
2397 2096 2659 2161 desudet,
2692 2094 2968 2151 tredecim
3002 2109 3117 2150 non
3152 2092 3346 2149 minus
3379 2107 3690 2163 argumen-

2044 2187 2123 2243 tis
2154 2186 2360 2242 allatis.
2394 2188 2476 2242 Ac
2507 2201 2608 2257 pro
2658 2184 2893 2256 pietatis
2943 2183 3181 2254 quidem
3213 2180 3559 2248 cultoribus,
3592 2194 3695 2234 eo-

2046 2292 2177 2332 rum
2209 2291 2339 2348 quaa
2363 2274 2441 2329 ibi
2472 2275 2625 2329 dicta
2656 2281 2791 2329 sunt
2824 2272 3021 2342 aliqua
3052 2287 3167 2327 non
3191 2271 3387 2341 inepta
3417 2269 3554 2336 sint,
3587 2267 3692 2325 sed

2045 2382 2173 2437 quae
2201 2364 2564 2421 contentioso
2596 2363 2767 2419 alicui
2804 2360 3043 2429 homini,
3080 2377 3193 2415 non
3229 2359 3399 2414 modo
3443 2356 3588 2412 nihil
3621 2356 3692 2413 ad

2045 2454 2317 2527 pietatem
2350 2452 2660 2523 impellens
2689 2452 2955 2517 afferant,
2979 2455 3046 2504 ut
3069 2448 3291 2504 ridendi
3316 2447 3511 2519 potius
3533 2460 3694 2501 occa-

2045 2544 2239 2599 siones
2271 2541 2584 2614 prmbeant.
2620 2539 2835 2595 Dixerit
2864 2554 2997 2593 vero
3028 2536 3343 2607 quispiam,
3366 2534 3601 2590 concisa
3632 2547 3699 2586 ao

2046 2632 2290 2688 minime
2315 2629 2610 2701 superﬂua
2634 2644 2779 2684 usus
2799 2626 3084 2691 oratione,
3108 2625 3389 2679 adversus
3412 2636 3568 2681 eum.
3592 2620 3695 2691 qui

2044 2722 2154 2777 hac
2175 2719 2502 2789 objections
2524 2721 2743 2790 pugnet
2762 2714 3133 2770 insolentius.
3158 2713 3212 2767 Si
3236 2711 3371 2783 quis
3394 2711 3559 2765 Patre
3583 2708 3696 2780 pri-

2046 2826 2205 2866 mum
2238 2809 2444 2882 posito,
2472 2809 2541 2863 de
2582 2806 2709 2878 ipso
2758 2805 2963 2859 deinde
3006 2804 3345 2873 interroget,
3377 2804 3571 2854 utrum
3605 2813 3695 2853 ra-

2043 2899 2223 2957 tionis
2269 2898 2561 2971 particeps
2593 2911 2666 2953 an
2699 2910 2903 2967 expers
2935 2892 3028 2960 sil,
3060 2896 3233 2963 atque
3263 2906 3333 2944 ex
3360 2888 3462 2944 illo
3508 2886 3694 2942 conti-

2045 2989 2161 3048 oiat
2217 2989 2370 3044 Patri
2429 2990 2692 3057 oportere
2750 2982 2958 3038 Filium
3014 2981 3305 3047 accedere,
3357 2974 3694 3048 obiectionis

2047 3078 2225 3149 hujus
2255 3075 2652 3132 curiositatem
2677 3072 2909 3144 aliquod
2938 3070 3181 3126 forsitan
3202 3067 3493 3140 specimen
3518 3081 3586 3119 ac
3610 3081 3699 3120 ro-

2048 3169 2159 3225 bur
2188 3168 2418 3224 habere.
2452 3165 2553 3221 Sin
2585 3165 2694 3221 hoc
2724 3162 2943 3219 omisso
2984 3161 3195 3233 (neque
3238 3158 3393 3214 enim
3443 3154 3695 3227 expedit,

2048 3274 2235 3330 neque
2279 3255 2661 3311 admirandus
2704 3250 3015 3323 Gregorius
3047 3250 3131 3304 sic
3171 3246 3495 3303 orationem
3547 3243 3697 3299 hanc

2048 3344 2309 3419 protulit)
2341 3346 2529 3417 ipsam
2562 3357 2757 3399 vocem
2810 3341 2947 3395 Deus
2989 3340 3297 3410 proponat,
3330 3335 3483 3406 quod
3530 3349 3691 3389 com-

2045 3450 2220 3491 mune
2242 3439 2333 3490 est
2362 3438 2538 3504 atque
2566 3427 2914 3486 indivisibile
2936 3426 3114 3483 trium
3136 3425 3465 3480 divinarum
3500 3439 3693 3495 perso-

2045 3539 2251 3579 narum
2302 3537 2535 3589 nomen,
2567 3536 2633 3576 ac
2666 3520 2736 3574 de
2772 3518 2947 3587 hujus
2994 3519 3117 3569 tum
3167 3515 3285 3569 sive
3334 3512 3543 3577 Verbo,
3576 3510 3695 3567 sive

2045 3611 2320 3684 gignendi
2363 3610 2442 3679 vi,
2492 3610 2609 3665 imo
2659 3612 2716 3663 et
2758 3606 2976 3671 aiﬂalu,
3025 3603 3068 3659 si
3122 3602 3303 3667 voles,
3355 3601 3693 3671 interroget,

2048 3702 2141 3757 hic
2176 3705 2233 3758 et
2262 3698 2493 3756 Triadis
2526 3696 2865 3769 mysterium
2901 3698 3141 3757 astruet,
3174 3695 3230 3745 et
3260 3690 3454 3745 locum
3484 3688 3531 3743 ei
3570 3688 3698 3741 nul-

2045 3791 2170 3846 lum
2204 3789 2388 3857 dabit,
2423 3787 2523 3858 qui
2556 3785 2695 3841 velit
2742 3781 3160 3838 astructionem
3193 3778 3377 3847 ipsam
3409 3775 3697 3831 curiosius

2047 3883 2336 3935 excutere.
2372 3875 2475 3933 Ubi
2511 3874 2667 3929 enim
2700 3869 2923 3943 aequale
2954 3868 3039 3924 vel
3074 3881 3249 3938 prope
3279 3863 3467 3920 simile
3494 3865 3567 3917 sit
3594 3878 3698 3934 pro

2048 3971 2172 4024 tota
2201 3965 2501 4020 divinitate
2534 3976 2707 4017 unam
2750 3959 3005 4029 aliquam
3041 3953 3380 4025 bypostasin
3414 3950 3693 4022 accipere,

2048 4063 2102 4112 et
2131 4056 2199 4109 de
2248 4053 2351 4107 hac
2400 4048 2819 4107 contentiosius
2868 4046 2968 4099 illa
3017 4044 3339 4115 disputare,
3370 4056 3494 4112 qua)
3545 4042 3697 4094 recte

2049 4145 2338 4216 poterant,
2390 4141 2461 4195 de
2520 4143 2642 4194 tota
2702 4136 2920 4190 Deitate
2976 4131 3298 4202 theologica
3347 4129 3509 4185 dici?
3548 4128 3691 4183 Eum

2049 4233 2202 4289 enim
2235 4230 2335 4302 qui
2365 4230 2423 4285 in
2456 4232 2677 4284 tantam
2728 4224 3149 4281 absurditatem
3201 4218 3513 4285 delabitur,
3552 4216 3699 4271 nihil

2052 4320 2317 4396 prohibet
2350 4319 2477 4375 sine
2510 4316 2628 4372 ulla
2667 4314 2904 4371 solertia
2951 4311 3225 4383 nugando
3275 4307 3411 4363 hinc
3459 4304 3699 4362 conclu-

266 4414 384 4488 γὰρ
419 4414 458 4482 ἡ
525 4411 619 4484 μὲν
674 4410 829 4474 λύσις
870 4398 970 4477 τῆς
1028 4411 1403 4489 ἀνθυποφορᾶς
1460 4398 1686 4483 τοιαύτη
1747 4433 1830 4475 τις
1878 4410 1938 4465 ’ἀν

2052 4413 2208 4479 dere,
2242 4406 2716 4482 quandoquidem
2748 4402 2991 4460 Trinum
3023 4398 3337 4457 confitetur
3369 4400 3571 4463 Deum,
3602 4410 3700 4450 ne-

267 4486 389 4571 s'iij,
426 4501 522 4554 καὶ
586 4500 705 4555 ’ὸσαι
766 4498 931 4556 ἄλλαι
987 4502 1087 4570 τήν
1146 4486 1317 4571 αύτῆν
1348 4499 1542 4557 Ἱενται.
1598 4502 1668 4555 Τὸ
1702 4502 1796 4575 μὶν
1847 4499 1938 4556 οὖν

2051 4500 2366 4557 cessarium
2398 4512 2633 4569 quoque
2663 4508 2813 4559 esse,
2847 4492 3107 4565 singulas
3146 4486 3377 4544 Triadis
3421 4500 3698 4556 personas

266 4596 512 4666 πρῶτον
546 4592 646 4644 τοῦ
676 4583 912 4662 ὶδδόμον
949 4585 1173 4655 βιϐλίου
1204 4588 1497 4669 κεφάλαιον
1526 4593 1793 4647 τοιοῦτον.

2053 4590 2110 4646 in
2163 4589 2339 4645 aliam
2388 4587 2661 4643 Triadem
2714 4579 3112 4653 multiplicari.
3166 4578 3453 4632 Adversus
3500 4573 3700 4645 qualia

263 4664 695 4749 deliramenta,
745 4680 927 4748 nulla,
988 4681 1217 4752 Opinor,
1278 4664 1513 4753 sapiens
1561 4682 1881 4738 contutatio
1941 4680 2259 4753 intorqueri
2320 4677 2523 4750 possit.
2574 4674 2981 4730 Verumtamen
3040 4668 3249 4725 solutio
3310 4665 3488 4736 hujus
3545 4664 3698 4753 obje-

265 4769 499 4828 ctionis
534 4768 666 4825 talis
710 4768 905 4839 fuerit,
948 4750 1045 4825 aut
1088 4770 1134 4825 si
1184 4785 1308 4841 qua:
1348 4750 1493 4827 alia:
1552 4771 1750 4827 eadem
1808 4750 2261 4844 progrediantur
2304 4766 2415 4823 via.
2469 4765 2586 4821 Hoc
2647 4762 2821 4834 igitur
2880 4759 3141 4833 primum
3188 4760 3278 4811 est
3323 4754 3509 4810 octavi
3559 4750 3690 4806 libri

262 4864 485 4935 caput.

345 4949 619 5024 Δεύτερον
660 4946 716 5005 δὲ
748 4954 922 5021 ζητεῖ,
957 4947 1054 5005 Διὰ
1091 4948 1166 5021 τί,
1196 4949 1296 5003 τοῦ
1346 4949 1480 5005 Υἱοῦ
1506 4950 1597 5005 καὶ
1634 4954 1731 5005 τοῦ
1762 4950 1939 5007 Πνεύ-

263 5060 461 5113 ματος
504 5038 793 5112 ὸμοτίμως
850 5040 913 5094 ’ἐκ
950 5040 1047 5093 τοῦ
1100 5037 1313 5113 [ἰατρὸς
1368 5038 1691 5113 προϊόντων,
1752 5040 1780 5094 ὁ
1842 5040 1935 5113 μὲν

258 5129 500 5207 λάγεται
556 5128 707 5197 Υἱὸς,
762 5128 825 5185 τὸ
873 5125 931 5184 δὶ
986 5132 1223 5203 Πνεῦμα,
1249 5129 1338 5184 καὶ
1400 5128 1504 5184 οὐκ
1540 5129 1707 5209 ἄμφω
1760 5129 1860 5197 τὴν
1892 5128 1941 5165 ⁸²

254 5227 373 5291 τῆς
439 5218 700 5291 υἱότητος
746 5216 1075 5289 διασώζουσι
1137 5216 1355 5292 κλῆσιν,
1425 5216 1606 5295 ὥσπερ
1664 5214 1788 5273 οὐδὲ
1841 5217 1940 5285 τὴν

260 5310 509 5383 σχὲσινς
562 5307 651 5363 καὶ
692 5305 835 5364 οὕτω
888 5305 1223 5383 διαπορήσας
1269 5308 1459 5385 ἀπάγει
1492 5310 1590 5378 τὴν
1639 5306 1813 5375 λύσιν,
1863 5305 1938 5367 ὡς

258 5400 416 5467 ἅπαξ
456 5398 490 5465 ἡ
549 5396 806 5471 θεολογία
857 5396 915 5452 ἐκ
955 5400 1061 5451 τῶν
1115 5396 1406 5472 γνωρίμων
1463 5400 1597 5471 ἡμῖν
1632 5403 1731 5467 τῆς
1791 5392 1937 5457 θείας

257 5489 496 5566 φύσεως
530 5487 593 5541 τὸ
632 5484 687 5542 ὲν
724 5483 917 5560 Τριάδι
955 5488 1176 5561 γνήσιον
1218 5486 1310 5541 καὶ
1351 5486 1621 5561 ὁμότιμον
1666 5485 1940 5561 λογογρα-

2123 4950 2210 5005 35.
2245 4947 2501 5003 Alterum
2535 4942 2742 5000 deinde
2774 4940 3019 5013 quaerit:
3054 4937 3187 5002 Cur,
3220 4948 3354 4989 eum
3406 4928 3586 4985 Filius
3632 4944 3700 4985 ao

2048 5040 2301 5113 Spiritus
2329 5040 2568 5094 sanctus
2598 5050 2663 5091 ex
2689 5037 2856 5088 Patre
2887 5030 3105 5102 pariter
3135 5016 3582 5113 procedant,_hio
3603 5017 3698 5113 Fi-

2049 5104 2184 5193 lius,
2217 5126 2315 5181 ille
2345 5124 2596 5197 Spiritus
2627 5121 2875 5186 dicatur,
2909 5121 2967 5173 et
3016 5131 3131 5171 non
3177 5110 3352 5167 ambo
3397 5104 3695 5197 ﬂlistionis

2049 5195 2495 5288 appellationem
2530 5217 2778 5276 servent,
2811 5202 3306 5279 quemadmodum
3356 5212 3544 5288 neque
3588 5195 3693 5288 ha-

2050 5284 2371 5359 bitudinem
2392 5303 2421 5356 ?
2450 5301 2568 5356 Hoc
2598 5314 2734 5370 ergo
2775 5295 2871 5350 ubi
2903 5292 3193 5351 dubitavit
3223 5290 3417 5354 modo,
3450 5284 3692 5341 solutio-

2049 5407 2179 5449 nem
2211 5389 2463 5448 adbibet.
2498 5387 2745 5444 Omnino
2794 5384 3028 5457 [inquit]
3078 5378 3361 5449 theologia
3391 5393 3459 5432 ex
3488 5375 3696 5447 cogni—
3736 5414 3739 5417 -

2047 5482 2125 5539 tis
2157 5482 2325 5538 nobis
2366 5480 2538 5537 rebus
2588 5490 2925 5549 germanam
2968 5477 3142 5544 atque
3172 5466 3449 5543 aqualem
3482 5464 3694 5522 divinae

1666 5616 1893 5672 vanu;
1934 5610 2323 5668 LECTIONES
3078 5684 3081 5687 δ

341 5728 395 5766 ⁸⁸
442 5721 555 5796 δτι]
585 5722 657 5785 ὧς
690 5730 753 5781 Δ.
832 5724 877 5760 ²⁹
913 5723 1147 5801 παρέχει
1172 5730 1236 5782 Δ.
1313 5723 1358 5761 ³ο
1383 5722 1603 5780 άύτόθεν
1638 5724 1771 5783 add.
1806 5725 1872 5779 Α.
1950 5720 1993 5757 ²¹
2024 5715 2362 5787 πληθύεσθαι
2404 5722 2471 5777 Α.
2548 5715 2594 5750 ³⁸
2632 5712 2729 5782 τὴν
2759 5712 2887 5770 add.
2924 5713 2989 5769 Α,
