4184 6212
395 352 513 411 799

1595 347 1865 409 PHOTII
1910 347 2436 409 PATBIARCHxE
2477 346 2596 408 ΟΡ.

3683 352 3811 413 800

395 488 613 540 natura:
647 482 992 540 Trinitatem
1042 480 1231 537 verbis
1261 480 1623 549 describens,
1658 496 1759 553 per
1788 481 2034 552 Patrem,

2153 482 2349 556 φοῦσα,
2382 476 2471 533 διὰ
2518 481 2614 533 τοῦ
2648 479 2884 553 Πατρὸς,
2924 482 3014 535 καὶ
3061 485 3157 536 τοῦ
3202 482 3352 551 Υίοῦ,
3387 481 3475 537 καὶ
3518 486 3619 536 τοῦ
3648 482 3813 557 ἁγίου

400 572 614 628 Filium
645 572 853 639 199b,
913 574 969 626 et
1029 570 1308 640 Spiritum
1385 572 1679 637 sanctum,
1728 569 2040 641 ineffabile,

400 662 673 731 quodque
726 658 1093 716 denominari
1157 657 1362 729 nequit
1428 657 1750 714 divinitatis
1808 675 2040 726 nomen,

393 748 689 804 consuetis
722 747 888 803 nobis
939 745 1320 818 cognatisque
1369 745 1862 817 appellationibus
1911 763 2047 818 sug-

391 837 598 907 gessit.
629 837 873 900 Quando
906 842 1100 892 autem
1134 839 1481 892 consuetum
1514 839 1602 892 est
1634 839 1809 906 atque
1839 851 2047 892 conve-

391 926 562 982 niens
594 926 664 981 de
699 925 839 981 ﬁliis
872 925 1095 982 nostris
1128 926 1319 982 dicere
1349 924 1813 995 generationem,
1834 927 1904 981 de
1926 926 2051 997 Spi-

391 1018 503 1071 ritu
536 1030 670 1072 vero
704 1016 1139 1088 processionem
1168 1031 1180 1068 :
1214 1016 1462 1086 Spiritus
1502 1014 1659 1070 enim
1710 1015 1918 1085 inquit,
1952 1032 2047 1071 va-

391 1105 525 1163 dens
565 1110 617 1161 et
653 1120 762 1162 non
804 1105 1021 1161 rediens
1054 1107 1086 1175 f
1098 1105 1189 1160 Et:
1211 1103 1655 1175 ExibitSpiritus
1672 1106 1786 1176 ejus
1818 1106 2051 1176 g.ltem-

394 1208 541 1264 que:
576 1193 846 1261 Quoniam
894 1193 1135 1264 Spiritus
1181 1193 1549 1263 pertransivit
1596 1194 1654 1247 in
1704 1194 1822 1257 ιἰισ,
1856 1196 1907 1248 et
1940 1208 2049 1248 non

394 1281 973 1348 subsisteth.Quando
1012 1281 1192 1353 igitur
1221 1281 1281 1335 in
1306 1281 1563 1337 humano
1581 1296 1788 1351 genere
1802 1281 1944 1337 Filio
1964 1298 2052 1353 ge-

395 1369 753 1426 nerationem
815 1370 1186 1439 adaptamus,
1242 1368 1487 1439 Spiritui
1536 1384 1672 1424 vero
1731 1369 2051 1440 processio-

396 1474 568 1514 nem:
600 1460 723 1528 pari
756 1474 990 1530 quoque
1021 1457 1246 1514 ratione
1294 1457 1354 1512 in
1401 1461 1611 1514 natura
1655 1457 1937 1513 ineffabili
1986 1475 2051 1515 ac

396 1546 854 1618 supernaturali,
886 1552 944 1602 et
972 1546 1184 1602 Filium
1214 1546 1499 1617 genitum,
1525 1553 1579 1602 et
1602 1546 1887 1618 Spiritum
1918 1565 2049 1604 san-

396 1641 555 1693 ctum
589 1637 921 1708 procedere.
954 1634 1235 1691 divinitus
1266 1636 1454 1691 edocti
1508 1651 1738 1691 sumus.
1785 1636 2051 1707 Propter-

397 1740 466 1781 ea
513 1724 670 1782 enim
719 1725 989 1796 Spiritus,
1040 1725 1228 1781 Patris
1276 1741 1439 1796 aeque
1489 1741 1554 1780 ac
1601 1724 1750 1795 Filii,
1803 1726 2052 1797 Spiritus

2154 564 2487 637 Πνεύματος,
2537 564 2599 618 τὸ
2656 563 2913 640 ἅρῥητόν,
2957 586 3015 621 τε
3067 567 3156 622 καὶ
3214 566 3654 640 ἀκατονόμαστον
3710 574 3812 637 τῆς

2158 652 2413 723 θεότητος
2446 649 2617 726 ὄνομα
2650 656 2777 728 [328
2809 656 2904 727 Η.]
2956 657 3242 725 συνήθεσιν
3275 658 3409 729 ἡμῖν
3458 658 3549 711 καὶ
3591 658 3815 731 συντρό-

2159 762 2281 821 φοις
2340 742 2742 818 προσηγορίαις
2811 739 3099 800 ὑπέϐαλεν.
3162 746 3264 801 Καὶ
3332 742 3521 813 ἐπειδὴ
3582 744 3813 816 σύνηθες

2157 830 2246 886 ἐπὶ
2305 833 2399 904 μὶν
2446 836 2552 886 τῶν
2604 833 2721 887 καθ’
2771 835 2919 905 ἡμᾶς
2953 835 3082 888 υἱῶν
3134 834 3225 889 καὶ
3268 835 3585 911 πρόσφορον
3637 834 3817 912 λέγειν

2156 921 2256 988 τὴν
2293 921 2521 994 γένεσιν,
2559 920 2648 976 ἐπὶ
2689 918 2745 975 δὲ
2791 926 2887 977 τοῦ
2938 923 3255 996 Πνεύματος
3283 923 3329 957 ³³
3365 924 3464 992 τῆν
3499 922 3818 998 ἐκπόρευσιν

2157 1012 2403 1083 (Πνεῦμα
2454 1010 2585 1085 γὰρ,
2635 1012 2789 1086 φησί,
2841 1007 3207 1084 πορευόμενον
3260 1012 3349 1066 καὶ
3410 1013 3513 1067 οὐκ
3567 1011 3813 1088 ἐπιστρέ-

2159 1118 2258 1174 φον
2291 1116 2304 1130 ⁸
2366 1099 2453 1151 καὶ
2492 1116 2502 1127 ·
2560 1096 2925 1168 Ἐξελεύσεται
2956 1101 3002 1136 ³⁴
3039 1100 3100 1154 τὸ
3155 1103 3373 1172 Πνεῦμα
3424 1098 3590 1154 αὐτοῦ
3632 1119 3643 1132 ·
3696 1101 3815 1168 καὶ,

2160 1186 2243 1241 ὅτι
2294 1188 2341 1222 ³⁵
2382 1190 2596 1260 Πνεῦμα
2656 1184 2877 1257 διῆλθεν
2930 1186 2983 1243 ἐν
3039 1188 3207 1260 αὐτῷ,
3251 1188 3339 1244 καὶ
3397 1189 3507 1263 οὐχ
3566 1190 3815 1264 ὑπάρξει)

2161 1275 2272 1331 ἐπεὶ
2333 1274 2422 1329 οῦν
2478 1276 2529 1330 ἐν
2578 1281 2658 1349 τῷ
2717 1276 3033 1351 ἀνθρωπίνῳ
3080 1277 3222 1351 γὲνει
3278 1283 3356 1351 τῷ
3402 1279 3493 1352 μὲν
3549 1279 3661 1349 Υίῷ
3708 1280 3812 1347 τήν

2158 1364 2404 1440 γὲννησιν
2455 1365 2854 1439 ἐφαρμόζομεν,
2912 1371 2990 1439 τῷ
3051 1367 3323 1438 Πνεύματι
3383 1364 3440 1422 δὲ
3494 1369 3594 1438 τῆν
3653 1366 3813 1422 ἐκπόο

2162 1472 2361 1528 ρευσιν,
2396 1454 2678 1529 ἀναλόγως
2708 1456 2793 1509 καὶ
2830 1453 2915 1509 ἐπί
2945 1462 3044 1524 τῆς
3081 1454 3321 1531 ἀρῥήτου
3361 1457 3450 1510 καὶ
3505 1456 3813 1532 ὑπερφυοῦς

2162 1544 2373 1619 φύσεως
2420 1542 2511 1597 τὸν
2563 1543 2655 1615 μὲν
2704 1544 2828 1597 Υίὸν
2876 1547 3224 1619 γεγεννῆσθαι
3283 1542 3669 1618 διδασκόμεθα,
3720 1544 3813 1601 ἔκ-

2160 1632 2484 1705 πορεύεσθαι
2546 1629 2603 1686 δὲ
2656 1634 2717 1687 τὸ
2800 1637 3016 1705 Πνεῦμα
3083 1635 3400 1708 θεοπρεπῶς
3465 1633 3809 1707 ἐμυήθημεν·

2163 1723 2260 1776 Διὰ
2298 1723 2345 1757 ³6
2386 1725 2548 1777 τοῦτο
2580 1720 2682 1797 γὰρ
2712 1721 2801 1775 καὶ
2837 1726 3055 1795 Πνεῦμα
3097 1724 3191 1796 μὲν
3222 1727 3318 1777 τοῦ
3350 1724 3559 1799 Πατρὸς
3590 1724 3681 1778 καὶ
3711 1727 3814 1778 τοῦ

396 1818 640 1870 sanctus
681 1813 931 1870 dicitur:
965 1813 1102 1884 quia
1149 1813 1327 1869 etiam
1377 1814 1529 1883 apud
1581 1830 1689 1869 nos
1734 1815 2038 1886 utriusque

2154 1811 2280 1864 Υίοῦ
2318 1811 2380 1865 τὸ
2432 1812 2581 1885 ἅγιον
2630 1814 2850 1883 Πνεῦμα
2900 1810 3131 1885 εἷ’ρηται,
3178 1811 3293 1866 ἐπεὶ
3335 1812 3426 1866 καὶ
3484 1814 3609 1885 παρ’
3666 1813 3811 1884 ἡμῖν

394 1904 605 1959 borum
634 1903 888 1975 Spiritus
940 1904 1091 1975 [esse
1140 1903 1314 1974 recte]
1365 1902 1596 1959 dicitur.
1628 1904 1797 1959 Pater
1825 1920 1956 1961 vero
1987 1910 2045 1961 et

390 1993 575 2049 Filius
623 1992 878 2064 Spiritus
928 1993 1115 2049 sancti
1157 2009 1273 2048 non
1304 1992 1468 2061 item,
1501 1992 1638 2064 quia
1672 2009 1858 2064 neque
1887 1995 2044 2066 apud

394 2100 522 2139 nos.
581 2084 868 2140 Caeterum
922 2084 1075 2154 quod
1124 2082 1279 2139 Deus
1336 2086 1540 2154 suapte
1589 2086 1797 2138 natura
1854 2100 2043 2155 neque

393 2174 507 2228 dici
539 2192 570 2229 a
601 2174 791 2243 nobis,
826 2190 1014 2245 neque
1047 2173 1288 2245 cogitari
1320 2173 1525 2245 possit,
1559 2175 1891 2230 communis
1921 2192 2039 2230 om-

393 2262 559 2319 nium
608 2279 817 2320 sensus
875 2262 1167 2319 admittit:
1202 2267 1257 2319 et
1302 2278 1435 2319 vero
1482 2263 1703 2333 passim
1750 2262 1809 2319 in
1858 2265 2039 2321 sacris

397 2352 623 2408 Litteris
653 2352 1023 2423 pradicatur,
1055 2359 1504 2423 sanctorumque
1538 2353 1776 2408 Patrum
1808 2357 2038 2410 nostro-

396 2457 528 2497 rum
560 2444 744 2497 coetus
776 2458 937 2512 paene
970 2441 1273 2497 universus
1304 2440 1458 2498 idem
1498 2442 1862 2509 testificatur,
1894 2458 2035 2513 quo-

392 2544 524 2583 rum
554 2544 626 2584 ne
665 2528 841 2585 verba
889 2528 1126 2599 quidem
1176 2528 1329 2599 (cum
1382 2528 1625 2585 minime
1672 2528 1850 2585 dubia
1895 2530 2035 2599 sint)

388 2616 695 2689 designare
724 2631 983 2673 necesse.
1019 2620 1204 2689 Atque
1235 2617 1358 2675 haec
1388 2617 1537 2674 libro
1586 2621 1787 2675 octavo
1830 2617 2034 2676 Jobius

386 2702 772 2774 persequitur.

2154 1901 2407 1975 ἑκατέρου
2453 1900 2659 1954 τούτων
2706 1904 2922 1972 Πνεῦμα
2972 1898 3212 1977 λέγεται,
3256 1903 3442 1972 Πατὴρ
3493 1900 3549 1955 δὲ
3604 1904 3637 1972 ἢ
3683 1901 3812 1962 Υἱὸς

2146 1993 2244 2043 τοῦ
2276 1989 2588 2062 Πνεύματος
2627 1989 2811 2043 οὐκετι
2848 2008 2860 2021 ·
2906 1986 3029 2043 οὐδὲ
3079 1991 3183 2063 γὰρ
3212 1992 3339 2065 παρ’
3379 1992 3536 2063 ἡμῖν’
3576 1992 3704 2047 ’Ότι
3753 1987 3815 2045 δὲ

2146 2078 2207 2134 τὸ
2257 2083 2409 2133 Θεῖον
2457 2082 2526 2151 τῇ
2575 2079 2769 2133 ἑαυτοῦ
2820 2078 2975 2155 φύσει
3016 2076 3249 2154 ὀίῤῥητὸν
3301 2077 3413 2134 ἔστι
3469 2080 3559 2135 καὶ
3609 2079 3804 2134 ἀνεπι-

2145 2168 2359 2239 νόητον,
2408 2174 2553 2222 πᾶσα
2603 2169 2700 2241 μὲν
2758 2171 2919 2238 κοινή
2970 2168 3303 2242 ἀνομολογεῖ
3336 2170 3382 2206 ³⁷
3421 2164 3619 2239 ἔννοια,
3658 2169 3800 2225 πολ-

2147 2255 2328 2331 λαχοῦ
2370 2255 2426 2312 δὲ
2472 2257 2561 2311 καὶ
2611 2263 2709 2326 τῆς
2756 2258 2904 2331 ἱερᾶς
2950 2264 3167 2337 Γραφῆς
3212 2258 3663 2329 ἀνακηρύσσεται,
3709 2259 3802 2313 καὶ

2147 2350 2255 2400 τῶν
2296 2352 2476 2423 σοφῶν
2512 2344 2764 2421 Πατέρων
2799 2349 2956 2418 ἡμῶν
3004 2351 3203 2421 μικροῦ
3251 2352 3354 2409 πᾶς
3414 2349 3617 2423 ὁχορὸς
3669 2369 3799 2402 συν-

2146 2435 2592 2509 επιμαρτύρεται,
2626 2437 2700 2491 ὦν
2744 2433 2873 2490 οὐδὲ
2902 2436 2995 2497 τὰς
3049 2438 3229 2513 φωνὰς
3280 2438 3354 2498 ὡς
3405 2438 3506 2492 οὐκ
3547 2435 3794 2507 ἀδήλους

2146 2524 2353 2599 ἀνάγκη
2397 2524 2853 2599 ἐπισημήνασθαι.
2905 2528 3085 2583 Ταῦτα
3119 2527 3213 2601 μὲν
3260 2525 3313 2582 ἐν
3344 2517 3421 2583 τῶ
3470 2529 3519 2598 η’
3570 2526 3720 2603 λόγῳ
3748 2530 3791 2563 ³⁸

2146 2609 2414 2683 διέξεισιν.

1948 2815 2111 2871 Liber
2140 2832 2218 2871 Ix.

459 2920 635 2977 Libro
667 2937 820 2977 nono
854 2920 1078 2978 modice
1128 2920 1427 2993 praefatus,
1460 2921 1602 2976 dum
1649 2921 1829 2978 Josue
1879 2920 2037 2978 ﬁlius

390 3012 541 3066 Nave
588 3010 801 3067 dicitur
856 3009 1139 3067 exercitus
1197 3010 1518 3082 principem
1576 3010 1743 3066 illum
1801 3012 2039 3067 interro-

390 3115 551 3170 gare:
579 3103 771 3156 Noster
812 3116 887 3168 es,
913 3117 986 3155 an
1014 3099 1462 3155 adversariorum
1499 3101 1520 3155 ἰ
1554 3100 1582 3154 ?
1603 3100 1729 3155 Non
1761 3100 1912 3155 idem
1941 3116 2037 3171 pe-

388 3193 511 3243 tere
558 3188 822 3259 disputat
866 3187 1071 3244 Jobius
1119 3188 1412 3260 aliquisne
1469 3196 1624 3244 esset
1669 3188 2037 3245 sensibilium

2221 2921 2309 2977 Ἐν
2342 2917 2398 2974 δὲ
2428 2922 2505 2991 τῷ
2536 2921 2578 2973 θ’
2632 2921 2765 2993 μετά
2812 2940 2933 2975 τινα
2974 2917 3264 2976 διάπλασιν
3314 2922 3633 2996 προοιμίου,
3669 2922 3719 2977 ἐν
3747 2924 3795 2995 ᾧ

2147 3008 2237 3064 τὸν
2280 3006 2376 3064 τοῦ
2405 3013 2560 3078 Ναυῆ
2611 3009 2820 3078 Ἰησοῦν
2867 3030 3029 3086 φησιν
3059 3010 3106 3047 ³9
3155 3009 3511 3085 ἐπερωτῶντα
3558 3013 3647 3067 τὸν
3698 3013 3802 3085 ἀρ-

2150 3098 2517 3173 χιστράτηγον
2554 3117 2566 3131 ·
2627 3096 2923 3173 Ἦμὲτερος
2972 3100 3020 3134 ⁴⁰
3060 3100 3110 3154 εἶ
3164 3101 3199 3170 ἢ
3251 3104 3359 3155 τῶν
3421 3101 3797 3170 ὑπεναντίωνς

2149 3185 2248 3241 οὐκ
2278 3184 2330 3240 εἷ’
2373 3186 2457 3248 τίς
2498 3185 2610 3242 ἐστι
2659 3189 2765 3241 τῶν
2816 3186 3092 3257 αἰσθητῶν
3142 3186 3450 3260 πολεμίων,
3502 3187 3647 3243 ἀλλὰ
3689 3194 3803 3244 τῶν

386 3276 672 3344 hostium,
705 3277 807 3333 sed
851 3293 923 3333 an
964 3276 1361 3348 spiritualium
1387 3277 1414 3331 ‘2
1446 3276 1627 3333 Multa
1665 3277 1819 3334 enim
1859 3279 2035 3335 Josue

2150 3281 2379 3345 νοητῶν,
2426 3276 2527 3344 τὴν
2577 3274 2840 3349 ἐρώτησιν
2891 3277 3184 3334 ποιεῖσθαι.
3233 3275 3426 3331 Πολλὰ
3483 3278 3587 3353 γὰρ
3632 3277 3797 3333 αὐτὸν

386 3366 696 3434 docebant,
721 3383 906 3437 neque
938 3366 1191 3439 aliquem
1223 3382 1347 3422 esse
1379 3367 1537 3422 hunc
1564 3383 1630 3423 ex
1666 3367 1861 3424 hostili
1890 3368 2032 3434 acie,

388 3471 455 3512 ac
488 3470 671 3526 neque
701 3471 769 3511 ex
790 3456 1019 3527 proprio
1051 3456 1327 3524 exercitu,
1368 3460 1448 3524 ut,
1488 3457 1643 3527 quod
1678 3456 1869 3513 subito
1900 3456 2035 3513 asti-

389 3546 577 3611 tisset,
613 3546 887 3617 quodque
943 3561 1115 3602 nemo
1164 3546 1630 3601 adversariorum
1660 3546 1916 3615 auderet,
1945 3546 2036 3603 vel

389 3652 493 3707 per
524 3636 745 3691 medias
776 3635 1032 3692 hostium
1066 3636 1258 3709 cupias
1285 3636 1555 3708 transire,
1578 3635 1665 3692 vel
1700 3636 1757 3692 in
1786 3654 2035 3709 conspe-

389 3732 541 3780 ctum
574 3725 942 3796 imperatoris
973 3724 1191 3792 venire,
1224 3726 1366 3796 quin
1398 3729 1472 3793 et,
1507 3726 1664 3798 quod
1702 3730 1865 3782 tanta
1895 3742 2035 3783 usus

389 3814 651 3881 audacia,
685 3812 830 3869 nihil
864 3814 1102 3869 omnino
1134 3812 1347 3871 hostile
1387 3815 1637 3871 fecisset.
1670 3814 1899 3886 Alioqui
1932 3830 2034 3871 nec

385 3901 804 3973 sapientissimi
855 3902 1225 3974 imperatoris
1275 3905 1461 3959 fuerat
1509 3904 1793 3975 ignorare,
1822 3903 2033 3975 ‘qualis

386 3990 799 4046 contribulium
834 3995 988 4047 esset
1018 3990 1257 4047 habitus
1281 3995 1457 4064 atque
1478 3996 1815 4064 apparatus,
1842 3993 2033 4065 qualis

381 4080 517 4136 item
548 4080 1038 4154 alienigenarum.
1070 4081 1284 4137 Verum
1319 4086 1557 4138 noverat
1588 4083 1821 4155 quidem
1857 4084 2032 4139 Josue

385 4170 579 4226 visum
610 4169 756 4225 illud
790 4187 975 4226 unum
1023 4169 1475 4240 intelligentium
1525 4171 1839 4242 spirituum
1880 4189 2029 4243 esse,

387 4260 487 4315 sed
519 4258 628 4315 hoc
660 4275 1006 4330 cognoscere
1037 4259 1261 4329 avebat,
1296 4264 1494 4315 utrum
1536 4262 1691 4331 quod
1730 4263 2027 4333 apparuis~

386 4350 472 4401 set
504 4364 570 4402 ex
601 4347 870 4404 hostibus
902 4352 1075 4417 esset,
1104 4365 1177 4404 an
1206 4349 1275 4404 de
1314 4348 1413 4404 illo
1453 4349 1726 4415 exercitu,
1760 4349 1855 4421 qui
1888 4366 2027 4421 pro-

388 4436 620 4507 tegebat
642 4435 839 4493 Israel.
866 4437 942 4493 De
973 4436 1081 4493 hoc
1104 4452 1239 4510 ergo
1270 4438 1328 4492 in
1362 4438 1641 4510 prommio
1673 4438 1812 4509 agit.

2146 3361 2457 3419 ἀνεδίδασκε
2494 3366 2632 3438 μήτε
2660 3370 2761 3435 τῆς
2802 3364 3151 3439 παρατάξεως
3179 3364 3397 3421 ἐκείνων
3441 3366 3597 3436 εἶναι,
3650 3366 3798 3422 ἀλλὰ

2147 3451 2288 3528 μηδέ
2316 3474 2436 3509 τινα
2481 3460 2584 3524 τῆς
2628 3454 2832 3518 οἰκείας
2878 3459 3130 3528 στρατιᾶς
3163 3473 3177 3487 ·
3228 3457 3290 3510 τό
3337 3476 3392 3510 τε
3442 3456 3544 3531 γὰρ
3595 3457 3792 3530 ἀθρόον

2142 3549 2241 3613 τῆς
2275 3542 2609 3613 ἐπιστασίας,
2643 3546 2767 3617 [636
2815 3546 2908 3617 R.]
2957 3544 3049 3599 καὶ
3078 3545 3139 3598 τὸ
3189 3542 3394 3618 μηδένα
3438 3545 3651 3617 τολμᾷν
3680 3550 3790 3601 τῶν

2145 3631 2399 3688 ἐναντίων
2444 3635 2581 3707 μήτε
2613 3631 2703 3688 διὰ
2737 3634 2901 3707 μέσου
2934 3631 3299 3708 στρατοπέδου
3330 3633 3607 3708 πολεμίου
3642 3632 3795 3689 διελ-

2144 3723 2253 3777 θεῖν
2299 3725 2437 3796 μήτε
2483 3722 2558 3785 είς
2608 3723 2732 3797 ὄψιν
2775 3722 2949 3778 ἐλθεῖν
2992 3728 3090 3777 τοῦ
3140 3728 3465 3798 στρατηγοῦ,
3510 3723 3652 3779 ἀλλά
3697 3723 3795 3778 καὶ

2143 3813 2205 3867 τὸ
2234 3816 2402 3867 ταῦτα
2433 3815 2477 3851 ⁴¹
2504 3814 2861 3887 τολμήσαντα
2895 3810 3063 3885 μηδὲν
3097 3812 3245 3875 ὅλως
3276 3812 3543 3886 πολέμιον
3574 3810 3791 3887 δρᾶσαι.

2141 3901 2433 3958 ’Ἀλλωστε
2463 3900 2518 3957 δὲ
2569 3900 2695 3957 οὐδὲ
2731 3906 2829 3957 τοῦ
2876 3901 3191 3979 σοφωτάτου
3232 3907 3339 3958 τῶν
3377 3907 3690 3979 στρατηγῶν
3721 3904 3794 3971 ἦν

2146 3993 2221 4065 μή
2256 3989 2452 4046 εἰδέναι
2480 3993 2671 4047 ὁποῖόν
2705 4012 2756 4046 τι
2784 3996 2891 4045 τῶν
2926 3990 3223 4069 ὁμοφύλων
3256 3994 3348 4046 τὸν
3377 4000 3574 4070 σχῆμα
3620 3992 3711 4047 καὶ
3752 3995 3788 4061 ἡ

2140 4084 2464 4153 κατασκευὴ,
2497 4082 2588 4137 καὶ
2621 4085 2735 4137 οἷον
2766 4082 2828 4137 τὸ
2851 4080 3192 4160 ἀλλόφυλον.
3218 4082 3376 4139 Ἀλλ’
3408 4081 3525 4158 ᾔδει
3561 4084 3656 4157 μὲν
3687 4085 3791 4153 τῆν

2139 4177 2414 4248 παροῦσαν
2462 4169 2586 4247 ὄψιν
2636 4171 2690 4228 ἓν
2740 4194 2793 4229 τι
2849 4194 2956 4227 των
3006 4177 3205 4246 νοερῶν
3258 4176 3577 4247 πνευμάτων
3624 4175 3789 4243 εἶναι,

2140 4262 2318 4333 ἐζήτει
2356 4261 2412 4318 δὲ
2448 4266 2631 4335 μαθεῖν
2683 4262 2906 4338 πότερον
2934 4264 2997 4318 τὸ
3043 4265 3367 4337 φαινόμενον
3415 4271 3514 4333 τῆς
3554 4263 3792 4326 ἐναντίας

2139 4351 2224 4423 εἴη
2253 4355 2298 4390 ⁸³
2330 4355 2365 4423 ἢ
2416 4359 2514 4423 τῆς
2560 4353 3030 4426 ύπερασπιζούσης
3080 4350 3364 4426 δυνάμεως
3410 4354 3502 4408 τὸν
3540 4353 3791 4428 Ἰσραήλ.

2136 4441 2286 4497 Κατά
2338 4443 2434 4517 μὲν
2482 4439 2572 4496 οῦν
2614 4443 2663 4477 ⁴³
2688 4442 2750 4497 τὸ
2800 4441 3095 4517 προοίμιον
3123 4442 3249 4518 περὶ
3301 4446 3499 4497 τούτου
3551 4440 3794 4516 διαλαμ-

2138 4527 2310 4591 δάνει.

453 4615 543 4670 36.
578 4617 793 4682 Quaerit
815 4621 1040 4689 postea,
1065 4617 1363 4682 Quomodo
1387 4620 1631 4688 utraque
1653 4615 1771 4671 haec
1794 4619 2030 4674 concedi

2214 4620 2363 4680 Μετά
2420 4617 2477 4674 δὲ
2532 4623 2697 4675 τοῦτο
2759 4625 2930 4691 ζητεῖ,
3000 4623 3125 4684 Πῶς
3191 4620 3248 4674 ἂν
3314 4619 3595 4697 ἀμφότερα
3662 4641 3791 4696 συγο

386 4709 626 4777 queant,
652 4722 755 4763 nos
776 4713 829 4762 et
852 4706 1086 4777 adeptos
1117 4722 1246 4762 esse
1277 4706 1524 4777 gratiam
1558 4705 1818 4776 angelica
1848 4707 2037 4778 digni-

388 4800 503 4851 tate
557 4795 837 4866 majorem
870 4801 923 4851 et
964 4795 1185 4867 angelis
1232 4794 1487 4866 aequales
1517 4795 1575 4850 in
1608 4796 2035 4853 resurrectione

387 4886 580 4942 200a
636 4885 1053 4957 apparituros?
1091 4887 1227 4952 Quas
1260 4885 1499 4957 quaestio
1548 4885 1628 4940 ita
1676 4884 2031 4942 dissolvitur.

376 4977 655 5044 Primum,
674 4976 815 5031 nihil
831 4976 1098 5050 prohibet
1112 4977 1376 5032 eamdem
1393 4991 1511 5031 rem
1530 4977 1857 5032 secundum
1873 4976 2030 5033 aliud

377 5066 659 5123 honorem
689 5067 999 5138 quemdam
1016 5065 1190 5139 paulo
1212 5067 1491 5137 majorem
1514 5066 1816 5137 consequi,
1832 5083 2033 5123 secun-

372 5158 506 5213 dum
522 5156 680 5213 aliud
694 5173 824 5213 vero
837 5156 1267 5213 inferiorisesse
1280 5156 1652 5212 conditionis.
1669 5156 1735 5212 In
1754 5162 2030 5228 quantum

378 5245 534 5301 enim
580 5250 773 5302 nostro
828 5262 1066 5317 corpore
1123 5248 1426 5318 assumpto
1480 5246 1765 5302 Dominus
1810 5246 1868 5301 id
1916 5247 2029 5303 sibi

2147 4709 2457 4786 χωρηθείη,
2482 4710 2572 4764 καὶ
2597 4708 2660 4764 τὸ
2689 4714 2876 4784 τυχεῖν
2905 4710 3052 4782 ἡμᾶς
3095 4708 3436 4787 χαρίσματος
3475 4708 3790 4783 κρείττονος

2140 4802 2238 4855 τοῦ
2285 4799 2582 4875 ἀγγελιχοῦ
2620 4798 2953 4871 ἀξιώματος,
3001 4798 3091 4854 καὶ
3143 4799 3205 4853 τὸ
3257 4797 3581 4874 ίσαγγέλους
3621 4798 3672 4853 ἐν
3718 4802 3791 4872 τῇ

2143 4887 2417 4945 ἐναστάσει
2478 4889 2853 4966 ὀφθήσεσθαις
2917 4888 3012 4944 Καὶ
3088 4884 3366 4942 ἐπιλύεται
3436 4889 3497 4942 τὸ
3564 4890 3794 4961 ζήτημα

2141 4983 2361 5053 πρῶτον
2395 4978 2513 5051 μὲν,
2548 4978 2621 5039 ὡς
2655 4974 2811 5032 οῦδὲν
2839 4974 3043 5031 κωλύει
3072 4976 3137 5031 τὸ
3168 4976 3302 5031 αὐτὸ
3332 4978 3451 5032 κατ’
3496 4976 3638 5032 ἄλλο
3694 4979 3791 5050 μὲν

2141 5067 2322 5142 ἱτέρας
2354 5068 2496 5128 τινὸς
2532 5066 2779 5140 μείζονος
2828 5072 2996 5139 τιμῆς
3028 5064 3343 5135 ἀπολαύειν,
3374 5067 3492 5121 κατ’
3541 5064 3681 5122 ἄλλο
3733 5064 3791 5121 δὲ

2138 5153 2349 5227 λήξεως
2386 5155 2521 5210 εἶναι
2569 5161 2667 5224 τῆς
2708 5155 2951 5223 ἥττονος.
3001 5155 3141 5208 Καθὸ
3188 5155 3286 5228 μὲν
3332 5155 3437 5229 γὰρ
3487 5155 3549 5209 τὸ
3590 5153 3785 5227 ἡμετε-

2141 5266 2231 5321 ρον
2271 5239 2559 5300 ἀναλαϐὼν
2605 5243 2826 5321 φύραμα
2858 5245 3087 5316 συνῆψεν
3116 5244 3145 5298 ὁ
3190 5244 3463 5315 Δεσπότης
3504 5244 3680 5316 ἑαυτῷ
3711 5244 3784 5310 “,

445 5338 473 5407 Ι
502 5336 652 5393 Psal.
686 5354 892 5406 Lxxvu,
923 5337 1014 5394 39.
1043 5353 1075 5409 g
1108 5336 1261 5393 Psal.
1296 5353 1450 5405 chv,
1484 5337 1537 5395 4.
1570 5338 1605 5393 Ιι
1635 5338 1786 5396 Psal.
1821 5354 1919 5410 cu,
1954 5338 2038 5395 10.

2150 5340 2299 5396 ὀευο
2328 5354 2381 5408 v,
2414 5338 2502 5393 13.

1720 5461 1962 5518 νΑΗΙβΕ
2000 5462 2298 5518 LECTION
2308 5461 2408 5519 ES.

442 5572 490 5609 ³³
517 5573 936 5646 πνεῦμαλὴαὶ.
990 5591 1199 5645 Lxxvu,
1248 5575 1337 5632 39.

374 5661 461 5718 ρι’.
660 5642 718 5718 Ἵξθ
735 5642 922 5718 ᾎόγῳλ
939 5646 1070 5718 add.
1104 5648 1170 5701 A.

1276 5647 1321 5681 ³⁸
1349 5644 1495 5721 libri
1517 5644 1674 5721 φασὶν
1708 5647 2000 5721 ἐπερωτᾷνζ

370 5716 423 5752 ⁵³
453 5713 534 5785 εἴη
564 5719 611 5773 Α
643 5715 687 5769 εί
839 5713 850 5718 ’
881 5713 927 5751 ⁴³
968 5714 1059 5771 οῦν
1092 5718 1225 5775 add.
1261 5723 1324 5771 A.

1402 5717 1449 5752 ⁴⁴
1473 5714 1625 5774 δεσπ.
1658 5717 1710 5773 ἐν
1742 5714 2029 5791 ὲαῦτῷςῖ

1417 5571 1658 5648 ³⁴ᾼέεελ.ν]
1691 5576 1838 5633 Psal.
1873 5593 2034 5648 σειν,
2057 5577 2111 5631 4.
2188 5577 2235 5611 ⁸⁵
2265 5573 2372 5648 ὅτι]
2405 5577 2554 5633 Psal.
2579 5592 2678 5643 cn,
2711 5576 2798 5633 16.
2874 5570 3172 5648 ³⁶μδιὰῄοω.
3202 5591 3289 5648 pr.
3321 5577 3389 5635 A.
3464 5576 3511 5610 ³⁷
3530 5573 3699 5630 ἀναλο

2103 5648 2147 5687 ⁸⁰
2172 5645 2460 5721 ἡμέτερος]
2490 5648 2609 5706 Jos.
2640 5665 2696 5716 v,
2731 5648 2817 5704 13.

3740 5596 3791 5631 ει

2921 5596 3034 5627 οια
3054 5596 3172 5632 om.
3202 5596 3289 5648 pr.
3321 5596 3389 5635 Α.
3464 5596 3505 5610 ο·
3530 5596 3699 5630 αναΑο
3740 5596 3778 5631 ει

2921 5645 2967 5682 ⁴ί
2998 5646 3060 5700 τὸ
3088 5650 3257 5701 ταῦτα
3287 5649 3347 5704 C.
3383 5664 3396 5707 :
3429 5650 3665 5702 τοσαῦτα
