4116 6224
311 283 424 344 801

1395 271 1936 334 BIBLIOTHECA.
1985 305 2060 316 —
2105 273 2278 334 COD.
2327 273 2618 336 CCXXII.

3594 288 3712 350 802

315 415 406 470 καὶ
465 412 707 485 υπεράνω
765 407 948 477 πάσης
1002 406 1182 481 ἀρχῆς
1241 405 1331 460 καὶ
1369 403 1610 474 ἐξουσίας
1667 405 1954 481 ἀναγαγὼν

2076 407 2396 478 conjunxit,
2428 413 2486 466 et
2516 426 2688 480 supra
2719 427 2920 468 omnes
2951 413 3322 488 Principatus
3363 434 3428 476 ac
3457 419 3713 480 Potesta-

319 503 374 558 ἓν
424 501 564 572 δεξιᾷ
607 499 914 554 συνεκάθισε
949 499 1046 550 τοῦ
1093 496 1324 568 Πατρὸς,
1379 492 1549 563 δῆλον
1594 493 1675 548 ὅτι
1718 497 1819 560 τῆς
1865 495 1960 570 ἀγ-

315 593 538 670 γελικῆς
593 591 744 660 ἀξίας
803 591 838 657 ἡ
895 582 1134 662 ἡμετέρα
1175 586 1330 662 φύσις
1385 584 1799 658 προτετίμηται.
1860 585 1959 640 Καὶ

315 683 444 738 καθὸ
511 679 808 754 ἐγνωρίσθη
880 682 998 737 ταῖς
1047 677 1272 752 Ἀρχαῖς
1330 675 1420 728 καὶ
1483 679 1602 736 ταῖς
1664 673 1960 743 Ἐξουσίαις

313 773 364 828 ἐν
449 777 560 831 τοῖς
633 765 977 842 ἐπουρανίοις
1072 762 1160 820 διὰ
1235 771 1333 832 τῆς
1409 763 1759 833 Ἐκκλησίας,
1839 763 1960 832 ἥτις

309 861 450 916 ἐστίν
494 862 524 914 ὁ
573 859 650 920 εἷς
701 858 930 932 Χριστὸν
977 856 1352 917 πεπιστευκὼς
1401 851 1552 924 λαὸς,
1603 856 1638 923 ἡ
1687 851 1958 908 πολυποί-

303 949 466 1012 κιλος
548 949 712 1026 σοφία
794 950 892 1000 τοῦ
969 949 1124 1016 Θεοῦ,
1203 946 1269 1013 ἢν
1337 939 1528 1013 ἔδειξεν
1607 941 1658 998 ἐν
1735 945 1959 1016 Χριστῷ

301 1039 512 1108 Ἰησοῦ,
587 1035 678 1090 καὶ
753 1033 892 1090 κατά
966 1037 1124 1089 τοῦτο
1201 1032 1264 1087 τὸ
1339 1031 1602 1106 ἡμέτερον
1669 1031 1821 1108 γένος
1898 1031 1958 1085 τὸ

300 1123 591 1202 πρεσϐεῖον
661 1124 1008 1200 ἀπηνέγκατο
1042 1142 1054 1154 ·
1113 1123 1238 1196 [3'30
1309 1124 1394 1190 1-1.]
1453 1121 1636 1196 τρίτον
1716 1118 1794 1190 δὲ,
1876 1122 1955 1176 ὅτι

309 1236 420 1288 περ
485 1217 532 1252 ⁸⁵
612 1211 830 1268 ἒκείνων
914 1214 1012 1281 τὴν
1098 1210 1396 1266 ἀπόλαυσιν
1481 1209 1960 1288 ἐφιλὸτιμῆθημεν

305 1307 498 1378 ἡμεῖς,
557 1302 632 1367 είς
683 1301 716 1355 ἆ
771 1301 1126 1374 ἐπιθυμοῦσιν
1187 1299 1410 1376 ἄγγελοι
1469 1299 1802 1373 παρακύψαι.
1857 1299 1958 1357 Καὶ

305 1395 446 1450 καθὸ
507 1392 836 1469 ἀμφοτέρων
905 1388 1438 1463 παραπεπτωκότων,
1497 1394 1592 1443 τοῦ
1655 1409 1714 1442 τε
1782 1387 1961 1463 Ἀδὰμ

296 1483 394 1538 καὶ
431 1489 532 1551 τῆς
575 1479 879 1556 ἀγγελικῆς
906 1478 1128 1548 τάξεως,
1159 1483 1258 1532 τοῦ
1311 1479 1403 1551 μὲν
1435 1481 1534 1548 τήν
1565 1479 1722 1554 φύσιν
1771 1475 1958 1534 λαϐὼν

295 1571 636 1641 ἀνεσώσατο,
694 1569 803 1624 τῶν
857 1565 914 1624 δὲ
964 1569 1166 1636 οὐκέτι,
1209 1569 1488 1623 κάντεῦθεν
1541 1565 1712 1637 δῆλον
1762 1569 1836 1630 ὡς
1875 1591 1958 1645 φι-

311 1659 578 1734 λοτιμίας
622 1657 874 1732 μείζονος
911 1659 946 1727 ἡ
999 1655 1237 1730 ἡμετέρα
1275 1658 1433 1735 φύσις
1481 1656 1834 1728 κατηξίωται.
1881 1659 1958 1716 Τὸ

303 1748 366 1806 δὲ
417 1749 470 1804 ἐν
515 1754 588 1822 τῇ
643 1747 926 1802 ἀναστάσει
976 1747 1052 1810 ὡς
1092 1744 1358 1820 ἀγγέλους
1407 1747 1540 1801 εἶναι
1587 1746 1714 1808 τοὺς
1753 1745 1958 1822 ἀνθρώ·
1988 1727 2034 1792 Β

293 1861 440 1903 ⁴ιιους
487 1837 592 1892 ούκ
631 1837 902 1910 ἰσοτιμίαν
953 1833 1208 1912 ἑκατέρου
1255 1835 1445 1910 γένους
1501 1833 1762 1908 διδάσκει,
1811 1835 1957 1892 ἀλλά

305 1925 592 1984 πολιτείαν
655 1923 1028 2000 ὁμοιότροπον
1108 1929 1372 1999 μαρτυρεῖ
1404 1946 1417 1960 ·
1485 1921 1800 1995 τηνικαῦτα
1852 1927 1956 2001 γὰρ

305 2015 494 2091 ὥσπερ
546 2011 664 2070 οὐδ’
705 2015 756 2069 οἱ
809 2011 1055 2091 ἄγγελοι,
1101 2013 1275 2076 οὕτως
1321 2011 1446 2069 οὐδὲ
1501 2015 1562 2068 τὸ
1619 2014 1956 2091 ἀνθρώπινον

301 2105 462 2182 1g...“
491 2105 681 2180 γάμου
719 2103 812 2157 καὶ
862 2109 1180 2175 σωματικῆς
1213 2100 1438 2176 ὁμιλίας
1487 2099 1793 2175 δεήσονται.
1836 2107 1960 2162 Ἔτι

303 2191 366 2248 δὲ
424 2191 576 2248 οὐδὲν
635 2191 842 2248 κωλύει
893 2192 982 2248 καί
1051 2193 1180 2255 τοὺς
1247 2191 1566 2262 ἀνθρώπους
1634 2191 1959 2270 ἷσαγγέλους

305 2285 468 2344 ’ὁντας
509 2281 544 2350 ἢ
607 2281 788 2358 βραχύ
837 2302 888 2337 τι
937 2281 1064 2356 παρ’
1113 2279 1311 2343 αὐτοὺς
1361 2280 1785 2356 ἠλαττωμένους
1845 2284 1960 2356 μεί-

307 2377 468 2442 ζονος
517 2370 812 2426 ἀπολαύειν
863 2367 1066 2444 δώρου,
1116 2368 1240 2426 ὅταν
1284 2371 1335 2425 ot
1367 2372 1463 2444 μὶν
1514 2371 1808 2445 ἀσωμάτου
1857 2373 1952 2451 φύε

305 2481 446 2522 σεως
521 2462 786 2536 τυχόντες
861 2459 951 2514 καὶ
1025 2466 1126 2530 τῆς
1213 2459 1418 2522 οἰκείας
1493 2460 1964 2534 ἀποστατήσαντες

304 2547 474 2620 δόξης
501 2549 592 2604 καὶ
644 2549 788 2618 ἀξίας
821 2548 1241 2622 ἀμεταμέλητον
1293 2554 1616 2624 συντηροῦσι
1665 2551 1762 2620 τήν
1810 2557 1960 2608 πτῶ-

309 2660 420 2706 σιν,
481 2640 647 2712 ἡμεῖς
704 2635 760 2692 δὲ
813 2639 876 2692 τὸ
933 2633 1158 2694 ἔλαττον
1224 2639 1442 2694 ἐκείνων
1502 2638 1551 2710 ἐξ
1627 2641 1794 2710 αὐτῆς
1862 2649 1963 2711 τῆς

309 2727 572 2790 πλάσεως
611 2723 872 2788 λαϐόντες
915 2725 1004 2782 διὰ
1044 2734 1144 2796 τήν
1188 2731 1326 2804 πρὸς
1360 2729 1424 2783 τὸ
1475 2733 1632 2802 σῶμα
1661 2729 1964 2806 συνάφειαν,

303 2817 424 2872 εἶτα
473 2823 576 2887 τῆς
626 2815 855 2886 ἐντολῆς
905 2815 1323 2892 παραρῥυέντες,
1356 2817 1422 2872 οὐ
1472 2816 1736 2896 φιλοῦμεν
1789 2819 1968 2890 μένειν

303 2905 360 2960 ἐν
389 2911 474 2979 τῷ
505 2907 787 2978 πτώματι,
821 2903 910 2960 διὰ
959 2905 1242 2980 μετανοίας
1285 2904 1341 2961 δὲ
1393 2907 1609 2962 ἐκείνων
1647 2911 1755 2962 τῶν
1805 2907 1966 2962 ἐκπε-

317 2996 520 3052 σόντων
569 2997 670 3065 τήν
721 2995 878 3068 λῆξιν
924 2991 1252 3054 καταλαϐεῖν
1300 2993 1626 3072 σπεύδομεν,
1657 2999 1744 3052 καί
1795 3019 1856 3074 γε
1896 2994 1966 3052 δι’

315 3081 634 3160 ὑπερϐολὴν
668 3083 989 3162 φιλοτιμίας
1033 3087 1128 3141 τὸν
1169 3085 1394 3160 οὐρανὸν
1427 3087 1516 3142 καὶ
1560 3088 1660 3156 τὴν
1703 3091 1800 3142 τοῦ
1831 3091 1965 3142 Θεοῦ

311 3174 600 3248 βασιλείαν
633 3175 752 3231 ἀντὶ
792 3179 890 3231 τοῦ
933 3174 1264 3251 παραδείσου
1311 3173 1962 3252 κατακληροδοτούμεθα.

381 3443 616 3504 Τούτοις
648 3442 1043 3517 ἐπιλυσάμενος
1093 3444 1156 3499 τὸ
1201 3443 1558 3518 ζητούμενον,
1607 3445 1684 3508 εἰς
1731 3445 1965 3502 ἀνάπτυ-

309 3535 389 3600 ξιν
437 3535 654 3606 πρόεισι
697 3535 796 3601 τῆς
845 3528 1173 3608 παραϐολῆς
1203 3533 1238 3602 ἥ
1293 3554 1382 3595 τις
1429 3534 1519 3588 τὸν
1569 3535 1827 3610 νεώτερον
1875 3534 1964 3590 καὶ

311 3622 530 3676 ἄσωτον
578 3621 692 3676 υἱὸν
739 3623 830 3676 καὶ
885 3623 976 3676 τὸν
1031 3617 1395 3698 πρεσϐύτερον
1455 3624 1566 3696 ἅμα
1619 3627 1717 3678 τοῦ
1761 3625 1966 3697 πατρὸς

311 3711 538 3786 εἰσάγει,
571 3710 758 3765 καὶτὰ
805 3711 922 3766 κατ’
961 3710 1158 3774 αὐτοὺς
1208 3707 1530 3782 διατίθεται,
1563 3712 1652 3766 καί
1693 3735 1824 3790 φησι
1875 3713 1967 3768 τὸν

313 3799 416 3870 μὲν
473 3794 840 3872 πρεσϐύτερον
892 3800 1007 3854 υἱὸν
1045 3800 1140 3862 τὰς
1190 3797 1484 3876 ἀγγελικάς
1533 3797 1970 3876 παραδειγματί-

315 3893 426 3956 ζειν
478 3885 736 3960 δυνάμεις
785 3889 992 3963 (χρόνῳ
1039 3889 1142 3964 γὰρ
1193 3889 1282 3944 καὶ
1329 3888 1519 3964 τρόπῳ
1547 3891 1643 3944 τοῦ
1693 3890 1965 3965 ἡμετέρου

309 3977 502 4052 γένους
531 3977 594 4030 τὸ
641 3973 928 4052 πρεσϐεῖον
978 3976 1134 4034 αὗται
1183 3977 1478 4056 φέρονται),
1518 3977 1609 4032 τὸν
1661 3974 1716 4032 δὲ
1767 3977 1972 4034 ἄσωτον

311 4066 376 4120 τὸ
409 4064 746 4140 ἀνθρώπινον
791 4065 966 4140 γένος,
1006 4067 1210 4140 πατέρα
1261 4065 1318 4121 δὲ
1362 4069 1452 4121 τὸν
1483 4069 1832 4142 Δημιουργὸν
1882 4070 1970 4124 καὶ

316 4155 600 4226 Δεσπότην
629 4157 865 4213 πάντων.
918 4159 1044 4230 [637
1078 4160 1169 4229 R.]
1220 4156 1297 4214 T6
1342 4153 1400 4211 δὲ
1447 4155 1834 4214 ἀποδυσπετεῖν
1879 4161 1974 4214 τὸν

315 4239 688 4319 πρεσϐύτερον
719 4245 832 4300 υἱὸν
886 4244 974 4300 ἐπὶ
1022 4249 1090 4318 τῇ
1126 4245 1418 4316 ἀνακλήσει
1466 4245 1556 4300 καὶ
1601 4243 1840 4316 δεξιώσει
1880 4251 1977 4302 τοῦ

315 4333 613 4408 νεωτέρου,
668 4337 742 4406 μή
783 4341 884 4404 τῆς
937 4333 1242 4411 ἀγγελικῆς
1291 4335 1388 4408 μὲν
1440 4334 1574 4390 εἶναι
1625 4339 1786 4391 τοῦτο
1835 4337 1975 4412 γνώ-

319 4444 436 4496 μης
465 4423 514 4460 ⁴⁶
559 4425 594 4493 ἢ
647 4420 961 4493 διαθέσεως,
992 4425 1500 4498 κατασχηματίζειν
1555 4420 1612 4478 δὲ
1657 4425 1756 4494 τήν
1801 4445 1976 4500 παρα-

315 4507 500 4580 ϐολήν
553 4515 742 4582 ταῦτα,
790 4515 853 4568 τὸ
903 4512 1130 4586 μέγεθος
1167 4519 1268 4582 τῆς
1317 4511 1625 4588 εὐεργεσίας
1675 4510 1976 4568 ἐπιδεικνυ-

317 4603 520 4676 μένην,
581 4601 668 4658 ὅτι
735 4601 1004 4673 τοσαύτης
1082 4602 1218 4676 μετά
1274 4601 1542 4670 τοσαύτην
1615 4603 1876 4658 ἀσωτείαν
1935 4606 1979 4640 ⁸⁷

315 4691 610 4762 ἀπῆλαυσε
661 4697 762 4762 τῆς
821 4690 1142 4770 φιλοτιμίας
1202 4693 1229 4746 ὁ
1278 4691 1488 4754 ἄσωτος
1546 4693 1684 4762 υίὸς,
1746 4693 1828 4747 ὅτι
1889 4693 1978 4748 καὶ

317 4783 462 4851 αύτή
499 4781 562 4836 ἂν
611 4785 646 4850 ἡ
689 4788 796 4838 τῶν
827 4782 1072 4857 ἀγγέλων
1107 4783 1276 4852 τάξις,
1325 4781 1476 4856 εἶ’περ
1527 4781 1592 4851 ἦν
1637 4780 1688 4836 ὲν
1738 4785 1806 4856 τῇ
1855 4781 1978 4838 τού-

313 4893 428 4928 των
484 4869 642 4947 ιρύσει
693 4873 754 4926 τὸ
813 4865 1234 4944 ἔπιϐασκαίνειν,
1283 4869 1636 4946 ἐδυσχέρανεν
1670 4871 1720 4906 48
1767 4869 1826 4924 ἃν
1886 4871 1976 4926 καὶ

319 4963 424 5019 οῦκ
449 4961 680 5036 ἀνεκτγν
715 4961 966 5034 ἡλήσατο
1005 4963 1106 5032 τήν
1135 4969 1236 5032 τῆς
1276 4959 1598 5034 φιλοτιμίας
1641 4958 1976 5036 ὑπερϐολήν.

321 5055 438 5108 Ποῦ
493 5052 596 5124 γάρ
653 5051 848 5126 ὅμοιον
909 5050 1036 5114 τοὺς
1093 5052 1296 5114 αὐτούς
1351 5071 1410 5105 τε
1467 5051 1680 5126 χαίρειν
1751 5050 1838 5104 ἐπὶ
1894 5051 1972 5106 ἒνὶ

315 5137 644 5216 ἀμαρτωλῷ
686 5146 1060 5214 μετανοοῦντι,
1101 5143 1190 5197 καὶ
1233 5141 1544 5216 βασκαίνειν
1590 5139 1754 5196 πάλιν
1783 5159 1974 5216 πατριο

1997 3045 2046 3112 C

2007 4381 2054 4447 D

2071 499 2156 551 tes
2205 499 2466 552 evectum
2513 498 2585 552 ad
2633 500 2892 556 dextram
2949 502 3139 560 Patris
3188 507 3502 566 consedere
3551 511 3710 578 fecit,

2070 583 2342 656 angelicae
2373 585 2594 643 scilicet
2615 589 2884 660 dignitati
2916 595 3114 648 nostra
3151 601 3360 651 natura
3388 599 3716 670 anteposita

2069 677 2178 729 est.
2215 674 2508 738 Quatenus
2529 677 2669 733 item
2704 678 2960 736 innotuit
2989 681 3350 754 Principum:
3379 695 3434 740 et
3463 689 3714 744 Potesta-

2067 763 2212 818 tibus
2261 766 2318 820 in
2365 766 2664 824 cazlesu'bus
2708 783 2808 836 per
2835 764 3129 828 Ecclesium
3182 775 3330 846 (qum
3373 775 3516 832 etin
3550 776 3712 832 Chri-

2068 856 2225 908 stum
2258 857 2501 912 credens
2533 857 2804 930 populus)
2851 861 3216 930 multiformi:
3261 863 3542 936 sapientia
3587 867 3708 936 Dei,

2068 959 2230 1012 quam
2251 943 2505 1002 exhibuit
2533 944 2596 1000 in
2622 947 2835 1003 Christo
2861 950 2987 1005 Jesu
3043 951 3086 1016 7',
3135 955 3374 1010 eatenus
3406 954 3579 1010 etiam
3613 970 3712 1026 ge-

2068 1048 2181 1088 nus
2213 1032 2539 1091 humanum
2571 1037 2788 1107 primas
2828 1037 3041 1094 retulit.
3075 1039 3264 1098 Tertio
3304 1041 3459 1112 quod
3489 1041 3588 1098 illo
3621 1044 3714 1100 iu-

2069 1136 2245 1193 super
2273 1138 2513 1180 munere
2543 1141 2609 1180 cx
2643 1127 3049 1185 muniﬁcentia
3096 1129 3292 1186 donati
3324 1130 3512 1187 simus
3545 1135 3608 1186 ut
3639 1131 3712 1188 iis

2071 1211 2338 1268 fruamur
2366 1213 2562 1284 rebus,
2597 1215 2656 1270 in
2687 1232 2829 1287 quas
2861 1217 3193 1274 desiderant
3241 1219 3434 1294 angeli
3483 1221 3714 1293 prospi-

2075 1315 2204 1356 cere
2253 1300 2305 1356 ι.
2359 1305 2662 1366 Quatenus
2693 1305 2870 1361 etiam
2905 1307 3168 1378 utrisque
3197 1307 3378 1380 lapsis
3406 1309 3628 1366 Adamo
3657 1314 3716 1368 et

2069 1389 2412 1461 angelorum
2469 1393 2794 1462 ordinibus,
2853 1394 3015 1452 illius
3075 1401 3210 1468 (non
3267 1397 3406 1454 item
3477 1398 3712 1472 horum)

2071 1485 2378 1552 assumpta
2417 1484 2644 1553 natura,
2679 1483 2928 1540 salutem
2961 1485 3176 1542 attulit.
3209 1491 3402 1558 Atque
3431 1487 3570 1546 hinc
3599 1489 3716 1546 cla-

2067 1584 2200 1624 rum
2233 1572 2342 1640 est,
2375 1571 2582 1642 majori
2629 1571 2848 1630 honore
2895 1575 3136 1648 dignam
3167 1592 3292 1632 esse
3321 1575 3579 1634 habitam
3615 1595 3717 1634 na-

2069 1662 2263 1714 turam
2297 1667 2576 1716 nostram.
2603 1662 2766 1727 Quod
2799 1668 2987 1721 autem
3019 1664 3080 1722 in
3112 1666 3535 1724 resurrectione
3565 1667 3718 1726 sicut

2065 1749 2254 1822 angeli
2291 1757 2458 1806 erunt
2491 1751 2762 1808 homines
2823 1755 2862 1822 ι,
2913 1771 3028 1810 non
3059 1755 3116 1812 id
3149 1755 3454 1828 utriusque
3483 1758 3716 1828 generis

2063 1838 2452 1910 mqualitatem
2491 1841 2712 1908 edocet,
2765 1845 2863 1899 sed
2924 1843 3186 1902 assimile
3241 1847 3524 1902 duntaxat
3581 1847 3710 1902 vitae

2064 1945 2251 2002 genus
2291 1933 2614 1988 attestatur.
2648 1931 2810 1988 Tunc
2859 1934 3038 2002 enim,
3065 1936 3558 2005 quemadmodum
3605 1953 3710 1992 an-

2063 2017 2176 2090 geli
2207 2033 2321 2074 non
2353 2018 2634 2091 indigent,
2667 2020 2752 2077 sic
2784 2037 2970 2095 neque
3000 2037 3183 2094 genus
3233 2023 3560 2080 humanum
3605 2041 3714 2080 nu-

2064 2107 2202 2181 ptiis
2250 2113 2352 2164 aut
2409 2125 2715 2180 corporum
2770 2127 3089 2184 congressu
3146 2112 3448 2184 indigebit.
3503 2113 3718 2170 Praeter

2067 2197 2202 2264 ista,
2231 2197 2380 2254 nihil
2411 2198 2680 2270 prohibet
2727 2199 2997 2258 homines
3042 2200 3268 2274 angelis
3317 2202 3594 2273 aequales,
3628 2200 3718 2258 vel

2069 2286 2440 2358 paulominus
2479 2305 2534 2344 m
2570 2287 2776 2344 abillis
2794 2290 3112 2347 diminutos
3131 2291 3318 2362 maius
3337 2291 3570 2363 aliquod
3587 2307 3722 2348 con-

2075 2377 2238 2448 sequi
2275 2392 2514 2446 munus,
2535 2380 2767 2448 quando
2798 2379 3032 2450 quidem
3071 2379 3178 2448 illi,
3201 2378 3302 2449 qui
3334 2381 3594 2451 corporis
3625 2396 3724 2434 ex-

2071 2469 2292 2538 pertem
2346 2471 2618 2521 naturam
2669 2467 2966 2522 consecuti
2998 2472 3158 2532 sunt,
3193 2465 3292 2522 ubi
3324 2466 3504 2522 semel
3536 2483 3567 2522 e
3596 2483 3728 2536 pro-

2071 2552 2198 2624 prio
2249 2551 2466 2608 honore
2495 2556 2551 2606 et
2581 2551 2765 2624 gloria
2815 2551 3173 2622 exciderunt,
3209 2552 3270 2607 in
3300 2567 3407 2608 suo
3451 2551 3728 2624 deinceps

2072 2656 2206 2696 casu
2263 2641 2392 2696 sine
2448 2639 2794 2711 poenitentia
2849 2643 3200 2696 remanent:
3237 2655 3345 2695 nos
3397 2655 3554 2708 vero,
3589 2656 3722 2698 cum

2075 2729 2410 2785 inferiorem
2470 2728 2584 2784 illis
2632 2729 3019 2786 conditionem
3080 2746 3148 2784 ex
3194 2729 3446 2801 ipsamet
3502 2731 3726 2802 origine

2075 2821 2274 2875 nostra
2303 2819 2563 2890 (propter
2611 2820 2868 2888 corporis
2914 2817 3416 2892 conjunctionem)
3447 2819 3732 2890 acceperi-

2075 2923 2226 2978 mus,
2275 2914 2630 2980 praaceptum
2685 2907 2895 2964 deinde
2939 2907 3318 2980 transgressi,
3365 2909 3426 2965 in
3475 2909 3728 2980 peccatis

2077 2999 2296 3055 haerere
2321 2997 2621 3068 nolumus,
2653 2999 2756 3055 sed
2795 2997 3030 3055 illorum
3081 2997 3182 3070 qui
3222 2997 3564 3054 exciderunt
3611 3013 3731 3054 sor'

2077 3095 2216 3156 tem,
2266 3102 2367 3160 per
2428 3086 2832 3159 paenitentiam
2889 3103 3234 3159 recuperare
3281 3087 3606 3144 studemus.
3657 3087 3728 3144 Et

2076 3193 2209 3234 vero
2269 3193 2370 3248 per
2425 3177 2895 3249 exsuperantiam
2967 3177 3220 3249 [divinis]
3281 3175 3724 3243 munificentia,

2078 3267 2288 3324 coelum
2348 3283 2414 3322 ac
2461 3265 2564 3322 Dei
2611 3283 2854 3339 regnum
2905 3283 3007 3338 pro
3065 3266 3337 3338 paradiso
3391 3265 3724 3322 hereditate

2071 3356 2385 3414 cernimus.

2143 3443 2232 3500 37.
2255 3442 2353 3499 His
2371 3441 2471 3498 illa
2489 3443 2793 3516 proﬂigata
2809 3443 3148 3515 qumstioue,
3171 3443 3240 3500 ad
3259 3442 3726 3515 explanationem

2076 3529 2364 3604 parabole:
2386 3533 2726 3606 aggreditur
2769 3550 2830 3600 η,
2876 3548 3002 3604 quae
3020 3532 3314 3602 juniorem
3337 3549 3404 3589 ac
3425 3533 3733 3604 prodigum

2077 3619 2282 3688 ﬁlium,
2316 3629 2368 3678 et
2395 3621 2684 3678 seniorem
2715 3620 2896 3677 simul
2933 3637 3070 3677 cum
3103 3626 3270 3694 patre
3308 3622 3534 3676 inducit
3563 3629 3616 3676 et
3646 3637 3735 3678 eo-

2079 3725 2210 3764 rum
2263 3707 2572 3765 historiam
2631 3710 2712 3764 ita
2768 3707 3001 3781 digerit.
3063 3711 3124 3764 In
3181 3707 3410 3764 seniore
3469 3707 3550 3762 ait
3611 3705 3729 3760 ﬁlio

2079 3797 2306 3854 ostendi
2365 3798 2660 3870 angelicas
2717 3797 3008 3868 potentias
3057 3799 3209 3866 (nam
3255 3801 3313 3852 et
3365 3801 3622 3865 tempore
3674 3797 3732 3849 et

2081 3887 2272 3954 modo,
2297 3895 2492 3944 nostro
2523 3887 2724 3960 generi
2753 3887 3038 3960 dignitate
3060 3889 3385 3959 praestant),
3409 3885 3466 3941 in
3491 3883 3730 3956 prodigo

2081 3991 2214 4032 vero
2245 3975 2570 4031 humanum
2601 3990 2788 4047 genus
2811 3991 2824 4029 :
2849 3975 2908 4030 in
2931 3979 3098 4046 patre
3121 3973 3452 4031 Creatorem
3475 3971 3733 4028 universi

2083 4081 2148 4121 ac
2163 4064 2475 4121 Dominum
2505 4064 2925 4136 repraesentari.
2965 4064 3158 4120 200b
3207 4063 3574 4134 lndignatum
3597 4075 3734 4117 vero

2083 4155 2370 4212 seniorem
2402 4153 2591 4210 ﬁlium
2623 4153 2986 4210 revocatione
3017 4159 3074 4209 et
3103 4151 3358 4224 benigna
3389 4149 3736 4206 tractatione

2079 4243 2356 4316 junioris,
2391 4259 2508 4302 non
2555 4241 2667 4299 hoc
2715 4241 2992 4316 angelicas
3043 4257 3171 4298 esse
3222 4241 3432 4296 mentis
3473 4245 3572 4294 aut
3600 4237 3736 4294 aﬁ‘e-

2090 4333 2317 4401 ctionis,
2343 4335 2443 4392 sed
2476 4331 2816 4405 parabolam
2850 4333 2983 4400 ista,
3016 4347 3132 4404 quo
3163 4329 3430 4386 beneﬁcii
3455 4328 3742 4402 magnitu-

2087 4423 2283 4478 dinem
2315 4421 2591 4490 declaret,
2617 4421 2699 4478 ita
2719 4420 3012 4492 efﬁngere,
3035 4419 3319 4485 Quoniam
3351 4421 3584 4474 tantum
3609 4419 3742 4489 post

2085 4515 2208 4568 tam
2251 4511 2545 4586 insignem
2593 4509 3106 4582 intemperantiam
3141 4509 3420 4582 prodigus
3451 4507 3549 4563 ille
3580 4506 3740 4562 ﬁlius

2087 4607 2360 4676 expertus
2390 4607 2481 4660 est
2509 4601 2959 4674 benignitatem,
2997 4603 3060 4655 ut
3087 4599 3210 4671 ipse
3239 4613 3471 4670 quoque
3502 4594 3737 4668 angelo-

2091 4711 2220 4754 rum
2253 4693 2415 4763 ordo,
2440 4692 2488 4749 si
2513 4691 2834 4750 invidentia
2855 4690 2914 4744 in
2947 4688 3158 4745 borum
3191 4691 3462 4742 naturam
3493 4686 3742 4752 caderet,

2087 4783 2430 4855 indignatus
2461 4781 2664 4853 utique
2686 4779 2914 4850 fuisset,
2941 4791 3130 4848 neque
3153 4773 3514 4832 tolerabilem
3542 4779 3744 4843 putas-

2087 4879 2176 4930 set
2222 4875 2446 4930 tantam
2499 4867 2913 4928 benevolentiae
2958 4865 3444 4938 magnitudinem.
3489 4865 3744 4930 Quomo-

2087 4961 2158 5018 do
2189 4961 2342 5016 enim
2373 4959 2592 5030 alioqui
2639 4961 3100 5015 consentaneum
3130 4953 3227 5023 sit,
3258 4951 3442 5008 laetari
3492 4948 3730 5008 eosdem

2085 5067 2256 5122 super
2302 5066 2418 5106 uno
2471 5051 2772 5121 peccatore
2823 5042 3228 5118 pmnitentiam
3301 5042 3509 5112 agente
3568 5053 3620 5108 ο,
3688 5041 3746 5094 et

2085 5156 2324 5196 rursum
2354 5138 2636 5204 invidere,
2661 5135 2815 5208 quod
2837 5129 3238 5190 amantissimi
3255 5129 3443 5204 patris
3471 5126 3748 5200 amplexi-

393 5273 416 5340 ἰ
471 5271 690 5343 Ephee.
745 5287 829 5338 ιιι,
897 5272 982 5327 10.
1052 5269 1084 5325 k
1145 5271 1170 5326 Ι
1229 5271 1378 5328 Petr.
1431 5288 1472 5340 ι,
1523 5273 1609 5328 12.
1669 5268 1924 5326 tMatth.

2076 5285 2114 5338 l,
2176 5268 2272 5336 30;
2317 5267 2454 5324 Luc.
2507 5282 2601 5337 xx,
2654 5265 2742 5320 36.
2791 5279 2848 5319 m
2877 5261 3026 5320 Psal.
3055 5277 3180 5330 vm,
3223 5261 3299 5332 6;
3345 5259 3519 5316 Hebr.
3568 5259 3632 5326 ir,
3687 5259 3745 5317 7.

321 5361 358 5398 π
391 5343 532 5400 Luc.
563 5359 658 5414 xv,
683 5343 742 5398 11
778 5358 922 5414 seqq
953 5359 982 5400 ο
1015 5343 1154 5400 Luc.
1187 5359 1244 5414 κ,
1281 5343 1366 5400 15.

1699 5468 1938 5526 νΑιιιίΕ
1977 5465 2390 5524 LECTIONES.

397 5581 442 5616 “
471 5577 601 5656 ετξ
617 5577 742 5654 περ]
793 5577 924 5656 ὅπερ
983 5597 1072 5654 pr.
1103 5581 1172 5638 Α.
1207 5593 1222 5636 :
1253 5575 1330 5642 ὡς
1389 5593 1536 5638 corr.

331 5671 496 5708 σαντο
537 5649 622 5726 ς’.

1649 5579 1694 5616 ⁸⁸
1731 5576 1962 5654 γνώμης
1988 5578 2151 5631 τοῦτο
2211 5573 2292 5649 ς’.

2405 5574 2448 5610 ⁴τ
2503 5569 2736 5628 ἀσωτίαν
2797 5569 2878 5646 ς’.
2992 5570 3040 5606 ⁸⁸
3067 5565 3431 5648 ἐδυσχέραναν
3487 5595 3556 5610 -
3593 5563 3744 5640 ἡγή-
