4184 6212
348 396 465 460 803

350 614 507 670 ﬁctio
556 627 680 668 esse
730 608 904 665 solet:
938 621 1045 663 nec
1093 605 1248 660 enim
1279 620 1341 659 ea
1371 602 1588 671 solum,
1618 620 1743 675 quas
1776 608 1878 660 aut
1910 604 1993 659 fa-

351 708 446 759 cta
475 704 577 757 aut
608 700 801 754 futura
831 700 971 752 sunt
1002 693 1489 765 complectuntur,
1514 693 1615 748 sed
1638 697 1695 748 et
1722 690 1842 759 illa,
1869 708 1994 763 qua:

351 788 642 847 curiosius
694 784 987 857 quispiam
1036 799 1232 840 eorum
1283 782 1687 839 commovendi
1720 782 1859 848 vim,
1894 786 1998 838 aut

340 876 794 950 jucundilatem,
852 876 955 928 aut
1020 870 1520 942 consequentiam,
1578 875 1679 925 aut
1746 870 1999 941 denique

348 961 705 1036 adipiscendi
741 959 1079 1016 facilitatem
1115 962 1295 1029 utque
1332 955 1641 1013 utilitatem
1694 962 1998 1014 contexen-

353 1060 450 1125 do,
481 1058 846 1129 adjungeret.
881 1054 1219 1111 Parabolam
1268 1068 1491 1123 quoque
1533 1060 1765 1107 centum
1802 1052 1998 1108 ovium

353 1149 425 1205 ad
459 1144 800 1217 angelorum
831 1148 888 1201 et
914 1143 1215 1199 hominum
1265 1144 1534 1197 naturam
1584 1140 1773 1196 refert.
1806 1141 2003 1196 Memi-

359 1237 446 1294 nit
479 1236 726 1292 aliarum
757 1234 929 1289 etiam
964 1231 1246 1303 parabolae
1276 1231 1345 1287 de
1377 1229 1494 1285 ﬁlio
1535 1230 1778 1301 prodigo
1824 1226 2002 1300 expli-

357 1323 676 1392 calionum,
709 1321 812 1377 sed
841 1320 1055 1392 quibus
1085 1320 1355 1376 omnibus
1386 1318 1720 1389 praedictam
1761 1322 2001 1388 antepo-

360 1414 467 1482 nit,
514 1428 689 1484 quam
738 1412 899 1467 varia
946 1410 1165 1483 ingenii
1211 1408 1599 1465 ostentatione
1655 1408 2004 1463 concinnare

360 1506 578 1563 studet.
615 1505 743 1560 llaec
774 1503 1092 1575 septimum
1127 1502 1312 1573 ipsius
1342 1508 1396 1557 et
1427 1499 1790 1557 tricesimum
1831 1502 2006 1570 caput

357 1597 623 1655 studiose
652 1598 881 1651 tractat.

427 1686 516 1741 30.
538 1685 712 1741 Porro
732 1683 934 1755 quaerit
957 1682 1253 1739 tricesimo
1275 1685 1473 1738 octavo
1497 1680 1712 1753 capite:
1740 1679 2008 1750 Quomodo

359 1789 458 1847 pro
471 1772 725 1829 omnibus
736 1778 982 1827 mortuus
996 1786 1111 1825 esse
1126 1769 1378 1825 Christus
1390 1769 1628 1836 dicatur,
1641 1785 1763 1845 cum
1784 1768 2011 1825 nonnisi

1546 382 1813 445 PHOTII
1857 382 2387 445 PATRIARCH/E
2430 382 2549 443 (ΞΡ.

348 529 461 586 bus
510 525 787 599 dignatus
835 519 1034 578 esset?
1064 519 1173 575 Sed
1208 518 1360 575 enim
1400 516 1536 574 talis
1585 516 1995 588 parabolarum

2132 520 2218 571 ιῶν
2265 514 2569 587 ἀξιουμένῳ
2628 510 2964 599 πλάγχνων

3632 370 3749 427 804

3074 507 3219 565 ἀλλά
3274 508 3382 583 γὰρ
3419 508 3668 562 τοιοῦτον
3716 505 3755 572 ἠ

2107 602 2396 664 διάπλασις
2424 607 2533 658 τῶν
2573 597 2932 675 παραϐολῶν·
2969 597 3030 653 ού
3060 598 3161 673 γὰρ
3190 598 3258 651 τὰ
3287 594 3554 670 γεγονότα
3587 593 3755 665 μόνον

2107 698 2141 767 ἢ
2199 694 2529 769 γενησόμενα
2587 688 3075 764 διαλαμϐάνουσιν,
3134 685 3281 742 ἀλλά
3333 686 3424 740 καὶ
3482 682 3514 737 ἃ
3563 682 3623 738 ἄν
3671 702 3758 743 τις

2109 784 2545 861 συνυφηνάμενος
2594 780 2965 856 ἐναργέστερον
3025 775 3201 831 αὐτῶν
3257 775 3321 830 τὸ
3377 770 3755 840 καταπληκτι-

2108 876 2199 931 κὸν
2299 875 2360 928 τὸ
2392 870 2589 941 ἡδῦνον
2620 871 2655 940 ἢ
2686 872 2749 925 τὸ
2779 868 3080 925 ἀκόλουθον
3113 866 3147 935 ἢ
3201 863 3391 925 ἁπλῶς
3420 862 3484 918 τὸ
3532 860 3760 935 εὐπάρυ-

2111 961 2201 1019 δον
2247 963 2583 1037 παραστήσει
2626 960 2715 1015 καὶ
2757 956 3068 1037 ὠφέλιμον.
3125 956 3223 1010 Καὶ
3272 957 3379 1008 τῶν
3431 955 3477 1025 ρ’
3526 948 3581 1005 δὶ
3626 968 3761 1023 προ-

2111 1051 2290 1109 ϐάτων
2318 1054 2417 1122 την
2460 1045 2783 1125 παραϐολὴν
2825 1045 2909 1109 ε’ίς
2938 1067 2997 1103 τε
3041 1044 3171 1108 τοὺς
3219 1039 3482 1118 ἀγγέλους
3526 1037 3616 1093 καὶ
3659 1039 3763 1106 τήν

2112 1142 2454 1217 ἀνθρωπίνην
2509 1140 2758 1219 ἀναφέρει
2807 1138 2983 1216 φύσιν.
3020 1132 3365 1208 Μνημονεύει
3398 1128 3456 1186 δὶ
3504 1128 3628 1219 περὶ
3658 1133 3765 1219 τῆς

2112 1227 2437 1307 παραϐολῆς
2494 1235 2590 1286 τοῦ
2636 1214 2853 1284 ἀσώτου
2910 1228 3000 1282 καὶ
3056 1223 3252 1299 ἑτέρων
3306 1224 3469 1278 τινῶν
3528 1214 3762 1273 ἀναιττύ⁸

2114 1322 2265 1391 ξεων,
2301 1322 2374 1374 ὧν
2423 1322 2521 1389 τῆν
2568 1317 2973 1393 προειρημένην
3022 1315 3241 1369 ἁπασῶν
3288 1307 3585 1385 προκρίνει,
3618 1301 3765 1359 πολ-

2116 1408 2236 1471 λοῖς
2270 1411 2441 1478 αὐτὴν
2481 1411 2525 1445 ⁸³
2575 1410 2886 1481 συγκροτῶν
2936 1402 3330 1481 ἀγωνίσμασιν.
3361 1395 3545 1455 Ἀλλά
3593 1398 3766 1450 ταῦτα

2118 1500 2212 1572 μὶν
2244 1499 2392 1570 αύτῷ
2421 1496 2510 1552 καὶ
2540 1498 2602 1551 τὸ
2644 1497 2685 1565 ζ’
2708 1495 2799 1550 καὶ
2831 1491 2883 1548 λ’
2914 1488 3208 1560 σπουδάζει
3236 1484 3546 1565 κεφάλαιο..

2187 1677 2256 1731 Τὸ
2312 1673 2368 1730 δὲ
2424 1674 2518 1743 λη’
2573 1676 2747 1743 ζητεῖ,
2818 1674 2940 1732 Πῶς
3004 1668 3136 1740 ὑπὲρ
3195 1665 3413 1720 πάντων
3472 1662 3769 1717 ἀποθανεῖν

2120 1768 2248 1839 [330
2324 1766 2416 1837 H.]
2502 1761 2719 1839 λέγεται
2804 1761 2832 1815 ὁ
2903 1758 3164 1834 Χριστὸς,
3242 1751 3487 1812 πολλαῖς
3550 1754 3770 1839 γενεαῖς

360 1838 553 1919 multis
563 1862 825 1920 aetatibus
831 1867 1119 1932 postquam
1134 1860 1233 1928 inﬁ
1239 1861 1355 1915 nita
1369 1859 1651 1915 hominum
1662 1842 1952 1931 progenies
1964 1866 2015 1914 et

2132 1838 2361 1929 ύστερυν,
2422 1852 2509 1930 ἀφ’
2588 1851 2650 1905 οῦ
2713 1848 2920 1923 μυρίων
2974 1845 3127 1924 γένος
3194 1841 3495 1918 ἀνθρώπων
3547 1838 3643 1916 ἔφυ
3710 1858 3772 1893 τε

362 1958 500 2010 nata
524 1962 575 2010 et
595 1969 822 2008 rursum
848 1960 1017 2007 morte
1037 1952 1219 2006 deleta
1240 1954 1395 2017 esset,
1419 1950 1790 2022 Redemptoris
1818 1952 2006 2003 incar-

361 2044 516 2098 natio
531 2042 769 2098 evenerit
784 2043 809 2094 .9
823 2040 1023 2096 Nodus
1038 2042 1232 2094 autem
1250 2040 1331 2094 sic
1348 2039 1684 2095 dissolvitur
1703 2056 1714 2093 :
1735 2037 1935 2093 multis
1951 2039 2007 2093 in

358 2131 505 2188 locis
525 2148 747 2187 sacram
768 2129 1128 2200 Scripturam
1147 2127 1462 2195 testiﬁcari,
1480 2128 1762 2199 quomodo
1782 2133 1918 2183 tunc
1937 2128 2009 2181 vi-

360 2219 653 2288 ventibus,
687 2219 888 2275 eodem
920 2218 1095 2273 etiam
1130 2216 1219 2286 iis,
1253 2217 1351 2288 qui
1392 2216 1546 2286 apud
1577 2216 1792 2272 inferos
1824 2219 2008 2282 erant,

364 2325 467 2380 per
497 2308 790 2364 Christum
823 2305 1279 2378 redemptionem
1305 2306 1548 2361 venisse.
1572 2305 1716 2361 Nam
1744 2305 2009 2375 princeps

364 2396 764 2469 apostolorum
796 2394 914 2451 ait:
949 2395 1006 2449 In
1038 2400 1135 2451 hoc
1163 2395 1312 2450 enim
1352 2398 1599 2450 mortuus
1627 2398 1727 2459 est,
1757 2402 1808 2449 et
1835 2409 2012 2448 resur-

364 2485 545 2553 rexit,
577 2489 636 2540 ut
667 2489 719 2540 et
746 2486 1090 2541 mortuorum
1115 2494 1166 2539 et
1198 2486 1447 2540 vivorum
1479 2483 1797 2539 dominetur
1841 2500 1897 2553 ρ.
1945 2482 2012 2535 Ει

372 2592 614 2632 rursus:
650 2575 753 2631 His
782 2576 877 2647 qui
908 2576 963 2629 in
996 2590 1214 2630 carcere
1251 2580 1408 2629 erant
1456 2573 1743 2644 spiritibus
1791 2574 2012 2630 veniens

364 2665 695 2737 pradicavit
729 2681 780 2735 q,
827 2667 889 2718 ut
909 2662 1238 2733 judicentur
1258 2663 1475 2735 quidem
1492 2678 1678 2730 carne,
1705 2664 1891 2717 vivant
1911 2678 2013 2716 au-

367 2761 476 2811 tem
522 2753 743 2825 Spiritu
787 2770 833 2807 r.
888 2752 1005 2808 Hoc
1034 2757 1143 2821 est,
1178 2760 1238 2808 ut
1269 2751 1489 2817 ﬁdeles,
1522 2752 1621 2823 qui
1656 2757 1885 2824 pr0pter
1923 2750 2015 2806 in—

369 2842 715 2899 ﬁdelitatem
776 2859 942 2897 suam
998 2847 1330 2912 peccatores
1388 2848 1806 2908 remanserant,
1856 2840 2017 2896 dam-

375 2936 610 2998 nentur,
643 2930 809 3003 quasi
864 2930 1033 3002 plane
1083 2947 1215 2986 caro
1267 2930 1423 2998 facti,
1456 2936 1513 2985 et
1561 2929 1769 2984 divulsi
1818 2946 1848 2984 a
1889 2928 2021 3000 Spi-

374 3022 512 3078 ritu.
565 3021 862 3091 Quotquot
911 3025 1105 3075 autem
1156 3020 1332 3075 etiam
1381 3022 1530 3091 apud
1584 3020 1819 3084 inferos,
1864 3019 2026 3073 Chri-

384 3115 475 3165 sto
525 3109 651 3180 (qui
701 3108 828 3179 ipsa
874 3112 995 3162 erat
1036 3107 1289 3177 justitin)
1338 3108 1728 3176 crediderunt,
1778 3106 2023 3178 spiritali

377 3197 581 3252 laetitia
655 3196 1051 3267 perfruantur.
1114 3196 1256 3251 Illud
1316 3196 1542 3267 igitur:
1597 3198 1659 3252 Ut
1707 3195 2029 3267 judicentur

387 3302 579 3355 carne,
631 3285 700 3340 de
755 3284 1074 3339 incredulis
1131 3285 1351 3339 dictum
1411 3286 1685 3339 alﬁrmat.
1728 3287 1797 3339 At
1848 3284 2029 3338 illud:

388 3373 855 3444 VivantSpiritu,
882 3372 950 3427 de
973 3372 1363 3440 credentibus,
1390 3373 1562 3428 Porro
1594 3373 1675 3428 ita
1705 3388 2031 3428 sermonem

386 3461 667 3529 instituit,
703 3466 767 3516 ut
814 3462 981 3532 quasi
1033 3462 1101 3517 de
1152 3478 1269 3516 uno
1319 3463 1513 3532 aliquo
1544 3461 1697 3532 loqui
1731 3462 2032 3529 videatur;

386 3551 523 3621 quia
553 3550 782 3606 etiamsi
819 3567 930 3604 non
963 3550 1167 3605 eadem
1216 3551 1292 3606 sit
1330 3551 1527 3606 ποια
1567 3550 1928 3607 credentium
1980 3554 2037 3606 et

391 3639 832 3695 incredulorum
868 3638 1144 3707 conditio,
1187 3638 1245 3694 in
1280 3654 1459 3694 unum
1494 3644 1686 3694 tamen
1718 3640 2033 3696 inferorum

393 3729 659 3787 ordinem
717 3728 1092 3799 colliguntur.
1127 3731 1309 3799 Atque
1352 3729 1428 3785 ita
1480 3729 1648 3784 etiam
1684 3731 1754 3784 de
1802 3746 1917 3785 uno
1948 3746 2037 3786 eo-

394 3818 644 3887 demque
696 3832 935 3886 corpore
981 3821 1259 3885 aegrotare
1306 3815 1460 3871 idem
1507 3821 1564 3873 et
1612 3817 1803 3873 valere
1850 3818 2038 3874 dicere

392 3920 733 3977 possumus,
767 3905 1093 3960 secundum
1126 3906 1302 3960 aliam
1336 3906 1614 3962 nimirum
1664 3915 1835 3978 atque
1866 3907 2037 3963 aliam

389 3994 480 4049 sui
533 3997 778 4065 partem.
823 3994 1315 4059 Quemadmodum
1363 4003 1555 4050 autem
1600 3996 1854 4067 aliquem
1906 3996 2039 4067 igne

393 4083 656 4139 damnari
708 4087 883 4151 atque
934 4082 1127 4154 puniri
1177 4084 1454 4153 dicimus,
1487 4084 1568 4140 sic
1599 4093 1647 4139 el
1684 4102 1847 4141 sacra
1893 4085 2041 4141 Scri-

392 4177 563 4245 ptura
594 4172 769 4227 dicit:
808 4172 867 4229 Ut
890 4171 1221 4241 judicentur
1271 4190 1456 4230 carne.
1492 4175 1846 4231 Gravissima
1884 4176 2039 4232 enim

394 4279 566 4335 penna
592 4268 681 4318 est
710 4262 981 4331 (maxime
1016 4264 1458 4320 resurrectionis
1499 4267 1777 4337 tempore)
1809 4267 2041 4337 quando

394 4369 459 4408 ea
501 4351 879 4406 delectatione
928 4352 1305 4422 perfruuntur
1347 4354 1511 4423 justi,
1545 4370 1672 4426 quae
1721 4356 2036 4411 humanam

395 4454 631 4496 omnem
662 4450 919 4511 superat,
944 4445 999 4496 et
1020 4440 1237 4511 Spiritu
1261 4442 1483 4509 vivunt,
1509 4445 1875 4515 peccantium
1899 4449 2040 4501 tunc

396 4526 836 4584 multitudinem
870 4527 927 4582 in
961 4530 1119 4585 nuda
1166 4546 1356 4597 carne,
1390 4538 1444 4586 et
1475 4533 1600 4588 sine
1640 4531 1761 4589 ulla
1790 4533 2037 4605 spiritali

396 4617 609 4688 gratia,
641 4619 817 4673 vitam
870 4636 1037 4675 suam
1081 4620 1139 4675 in
1185 4628 1459 4678 aeternum
1500 4623 1822 4694 transigere
1868 4628 2041 4695 atque

395 4710 715 4764 conterere.
751 4706 964 4762 Verum
1009 4712 1064 4763 et
1109 4708 1284 4766 aliam
1335 4711 1470 4767 licet
1518 4711 1652 4767 huic
1702 4711 1856 4768 dicto
1906 4712 2041 4769 dare

396 4794 891 4867 explanationem.
939 4797 1028 4852 Ait
1084 4798 1237 4854 enim
1280 4799 1512 4857 divinus
1561 4801 1826 4857 Paulus:
1877 4803 2043 4871 Cuius

398 4901 534 4957 opus
565 4885 782 4954 arserit,
815 4885 1212 4943 detrimentum
1240 4890 1489 4960 patietur
1506 4906 1528 4954 ;
1558 4892 1673 4964 ipse
1719 4896 1902 4949 autem
1932 4893 2043 4948 sate

396 4978 647 5045 vabitur,
678 4976 758 5033 sic
788 4985 968 5034 tamen
1000 4982 1160 5051 quasi
1199 4997 1296 5052 per
1325 4982 1527 5050 ignem.
1581 4984 1640 5037 Et
1690 4983 2045 5056 uniuscujus-

397 5080 501 5135 que
547 5080 700 5135 ορατ,
751 5063 920 5136 quale
964 5065 1056 5135 sit,
1097 5068 1243 5139 ignis
1288 5070 1543 5140 probabit
1580 5088 1626 5128 s.
1677 5072 1746 5127 Et
1794 5089 1864 5128 ne
1912 5074 2047 5144 quis

404 5152 718 5224 existimet,
742 5156 1239 5225 quemadmodum
1270 5163 1593 5231 peccatum,
1616 5161 1699 5217 sic
1725 5165 1782 5217 et
1811 5177 2052 5234 peccan-

396 5245 518 5297 tem
538 5245 1036 5301 concremandum
1056 5250 1231 5318 atque
1248 5251 1734 5321 consumendum,
1752 5255 2053 5324 propterea

400 5330 599 5388 addit:
636 5334 696 5387 ut
724 5332 774 5389 si
817 5350 993 5405 opera
1032 5336 1275 5394 ardeant
1326 5342 1501 5411 atque
1550 5340 1904 5413 dispereunt,
1937 5358 2051 5401 non

2117 1945 2205 1998 καὶ
2268 1940 2461 1997 κατέδυ
2501 1945 2577 2013 τῷ
2637 1939 2870 2010 Θανάτῳ,
2919 1942 3017 2006 τῆς
3062 1934 3201 1989 κατά
3253 1931 3345 1987 τὸν
3393 1936 3631 2004 Σωτῆρα
3680 1946 3771 2003 γι-

2118 2030 2425 2103 γενημένης
2485 2027 2848 2101 οἶκονομίαςς
2912 2026 3006 2079 Καὶ
3068 2021 3347 2078 ἐπιλύεται
3404 2019 3468 2073 τὸ
3517 2019 3769 2089 ζήτημα,

2120 2123 2192 2183 ὡς
2221 2118 2514 2194 πολλαχοῦ
2542 2114 2967 2191 διαμαρτύρεται
2997 2114 3032 2182 ἠ
3066 2111 3276 2187 Γραφή,
3317 2110 3376 2163 ’ὸν
3404 2108 3605 2194 τρόπον
3647 2108 3769 2194 τοῖς

2119 2206 2374 2281 τηνικάδε
2433 2212 2589 2278 ζῶσι,
2646 2206 2738 2261 τὸν
2789 2203 2952 2259 αὐτὸν
3017 2200 3108 2257 καὶ
3160 2204 3277 2259 τοῖς
3343 2197 3393 2251 έν
3454 2190 3625 2267 ’ᾍδου
3672 2189 3764 2247 διὰ

2118 2280 2352 2375 Χριστοῦ
2399 2298 2497 2365 τήν
2548 2293 2929 2368 ἀπολύτρωσιν
2983 2285 3396 2365 παραγενέσθαι.
3446 2280 3764 2375 ,Λέγειῃγάρ

2121 2371 2281 2443 ὁτῶν
2315 2389 2571 2459 μαθητῶν
2620 2388 2939 2460 κορυφαῖος,
2972 2381 3066 2442 Εἰς
3113 2382 3275 2433 τοῦτο
3303 2377 3352 2412 ⁵ο
3397 2374 3500 2449 γὰρ
3543 2371 3773 2427 ἀπέθανε

2120 2477 2211 2532 καὶ
2260 2477 2480 2546 ἀνέστη,
2524 2472 2616 2528 ’ίνα
2671 2474 2761 2528 καὶ
2811 2474 3013 2545 νεκρῶν
3074 2468 3164 2523 καὶ
3217 2467 3435 2536 ζώντων
3489 2460 3777 2535 κυριεύσῃ.

2122 2567 2221 2622 Καὶ
2288 2563 2452 2620 πάλιν
2485 2583 2498 2596 ·
2557 2568 2681 2624 Τοῖς
2705 2563 2752 2600 ⁵⁸
2811 2560 2866 2615 ἐν
2924 2558 3142 2636 φυλακῇ
3201 2553 3486 2631 πορευθεὶς
3548 2549 3781 2636 έκήρυξε

2123 2654 2440 2728 πνεύμασιν,
2507 2652 2599 2708 ’ἱνα
2654 2654 2700 2688 ⁵⁸
2773 2652 3003 2725 κριθῶσι
3089 2647 3182 2721 μὲν
3257 2643 3439 2719 σαρκὶ⁹
3515 2644 3648 2710 ζῶσι
3725 2634 3786 2691 δὶ

2124 2744 2415 2817 πνεύματι,
2455 2741 2750 2809 τουτέστιν,
2794 2737 2947 2799 ὅπως
3008 2737 3057 2790 cl
3121 2735 3218 2807 μὶν
3277 2731 3495 2787 ἄπιστοι
3546 2727 3637 2782 καὶ
3697 2724 3790 2780 διὰ

2125 2837 2288 2890 τοῦτο
2358 2829 2683 2906 ἁμαρτωλοὶ
2747 2827 3116 2902 μεμενηκότες
3191 2822 3615 2896 κατακριθῶσιν,
3688 2814 3787 2871 ’ἁτε

2128 2920 2196 2990 δὴ
2233 2920 2562 2995 ὁλοκλήρως
2595 2919 2720 2993 σὰρξ
2752 2916 3039 2993 γεγονότες
3069 2914 3159 2969 καὶ
3191 2906 3654 2985 διχοτομηθέντες
3683 2906 3786 2995 τ-οῦ

2133 2990 2464 3084 πνεύματος,
2522 2990 2900 3063 ὅσοι-δὰ-κᾶν
2959 3003 3008 3059 έν
3064 2999 3235 3075 ’ᾍδου
3292 3000 3521 3074 Χριστῷ
3706 2990 3786 3084 δι-

2080 3101 2395 3187 Ὶκαιοσύνῃ
2455 3097 2862 3163 πεπιστεύκασι,
2926 3100 3028 3162 τῆς
3084 3092 3455 3163 πνευματικῆς
3528 3080 3787 3161 εὐφροσύ·

2816 3186 2819 3187 ,
2918 3182 2946 3187 μ
3030 3185 3048 3187 η
3285 3180 3346 3187 -_
3586 3175 3599 3187 .
3768 3170 3784 3187 ι

2134 3212 2232 3261 νης
2264 3188 2614 3246 ἀπολαύωσιν
2646 3188 2713 3243 ⁸³.
2762 3186 2836 3241 Τὸ
2887 3182 2978 3239 οῦν
3025 3185 3141 3238 ’Ίνα
3186 3180 3416 3253 κριθῶσι
3448 3175 3601 3247 σαρκὶ
3657 3170 3786 3245 περὶ

2135 3285 2242 3336 τῶν
2291 3276 2704 3348 ἀπιστησάντων
2763 3273 3008 3350 είρῆσθαι
3041 3291 3197 3345 φησι,
3229 3268 3290 3323 τὸ
3340 3263 3397 3320 δὲ
3428 3264 3567 3317 Ζῶσι
3626 3257 3787 3350 πνεύ-

2141 3390 2269 3443 ματι
2321 3368 2443 3436 περὶ
2502 3371 2612 3422 τῶν
2679 3360 3139 3420 πεπιστευκότων.
3206 3360 3294 3417 Ὠς
3352 3353 3475 3428 περὶ
3532 3350 3651 3411 ἐνὸς
3730 3345 3793 3443 ξὶ

2138 3434 2426 3535 φαντασίαν
2471 3452 2851 3529 παρεχόμενον
2899 3447 3158 3526 προφέρει
3196 3446 3287 3501 τὸν
3335 3437 3639 3535 λόγον,-ὅτι
3690 3434 3791 3535 κᾶγ

2140 3526 2403 3620 διάφορος
2452 3544 2678 3619 ἱκατέρα
2739 3540 2915 3617 μερὶς,
2950 3544 3058 3595 τῶν
3114 3558 3171 3591 τε
3222 3531 3659 3590 πεπιστευκότων
3700 3526 3793 3581 καὶ

2137 3640 2246 3693 τῶν
2296 3634 2734 3704 ἀπιστησάντων,
2772 3629 2898 3685 ἀλλ’
2960 3626 3052 3683 οῦν
3111 3626 3188 3687 εἷς
3242 3624 3297 3679 ’ὲν
3356 3615 3792 3697 συγκεφαλαιοῦ-

2139 3747 2226 3780 ται
2258 3725 2306 3760 ⁵⁴
2348 3724 2410 3778 τὸ
2458 3728 2566 3777 τῶν
2624 3718 3005 3798 καταχθονίων
3064 3716 3265 3790 τάγμα.
3317 3712 3478 3770 Οὕτω
3533 3704 3788 3798 γοῦν

2139 3814 2264 3888 περὶ
2315 3814 2568 3885 σώματος
2606 3810 2723 3870 ἑνὸς
2767 3814 2938 3863 νοσεῖν
2969 3807 3031 3863 τὸ
3084 3804 3214 3860 αὐτὸ
3261 3801 3350 3857 καὶ
3394 3796 3645 3874 ὑγιαίνειν
3704 3787 3795 3847 λέ-

2140 3882 2252 3980 γειν
2307 3882 2601 3974 δυνάμεθα,
2640 3901 2758 3955 κατ’
2808 3896 2955 3954 ἄλλο
3011 3895 3175 3969 μέρος
3222 3891 3314 3947 καὶ
3365 3887 3509 3980 ἄλλο
3539 3887 3636 3980 τοῦ
3682 3882 3795 3980 σιδ-

2147 3971 2333 4068 ματος.
2395 3971 2601 4066 ’Ὠσπερ
2654 3988 2710 4044 δέ
2767 4007 2940 4062 φαμεν
2979 3986 3073 4040 τὸν
3132 3980 3283 4037 δεῖνα
3329 3975 3461 4053 πυρὶ
3518 3971 3793 4068 κρίνεσθαι

2141 4086 2229 4138 καὶ
2290 4082 2633 4150 κολάζεσθαι,
2675 4078 2820 4134 οὕτω
2877 4075 3023 4152 λέγει
3072 4073 3162 4128 καὶ
3218 4072 3281 4125 τὸ
3339 4068 3481 4143 ἱερὸν
3540 4061 3797 4152 γράμμα,

2142 4177 2259 4228 Ἵνα
2287 4173 2514 4247 κριθῶσι
2567 4167 2723 4243 σαρκί
2758 4187 2770 4199 °
2825 4150 3050 4240 μεγίστη
3100 4162 3204 4239 γὰρ
3252 4156 3513 4247 κόλασις,
3541 4153 3658 4247 καὶ-
3692 4150 3797 4247 μά·

2145 4258 2306 4316 λιστά
2358 4281 2421 4335 γε
2476 4257 2614 4313 κατά
2668 4258 2759 4313 τὸν
2815 4262 2915 4325 τῆς
2970 4252 3309 4310 ἀναστάσεως
3367 4244 3579 4335 καιρὸν,
3634 4240 3803 4335 ἡνίκα

2148 4352 2248 4421 τήν
2280 4350 2413 4423 ὑπὲρ
2463 4350 2747 4423 ἄνθρωπον
2797 4345 3007 4419 τρυφὴν
3034 4344 3305 4419 τρυφῶσιν
3357 4337 3410 4390 οἱ
3459 4332 3659 4388 δίκαιοι
3707 4328 3801 4383 καὶ

2155 4419 2423 4513 πνεύματί
2491 4419 2647 4507 ζῶσι,
2703 4434 2828 4490 τότε
2880 4435 2943 4489 τὸ
3000 4437 3109 4487 τῶν
3170 4423 3517 4503 ἁμαρτωλῶν
3578 4419 3803 4513 πλῆθος

2157 4507 2313 4601 σαρκῖ
2352 4528 2491 4603 ψιλῇ
2539 4526 2629 4582 καὶ
2674 4526 2850 4595 πάσης
2905 4524 3278 4595 πνευματικῆς
3317 4509 3725 4603 κεχωρισμένον
3757 4507 3807 4543 ⁸⁵

2147 4598 2378 4693 χάριτος
2424 4598 2513 4672 τόν
2555 4613 2672 4690 βίον
2715 4611 2783 4668 δι’
2832 4610 3034 4672 αῗῶνος
3084 4603 3477 4693 έξαναλίσκεινΔ
3501 4598 3593 4654 καὶ
3631 4615 3795 4651 κατα-

2147 4687 2447 4781 τρίϐεσθαι.
2496 4687 2652 4761 ’Ἐστι
2710 4704 2897 4777 μέντοι
2955 4699 3046 4755 καὶ
3105 4696 3289 4771 ἑτέραν
3343 4687 3644 4781 ἀποδοῦναι
3699 4688 3801 4739 τοῦ

2152 4777 2321 4872 ῥητοῦ
2363 4793 2711 4869 διασάφησιν.
2753 4793 2815 4848 '0
2856 4789 3001 4851 θεῖός
3045 4807 3178 4866 φησι
3228 4780 3470 4849 Παῦλος,
3512 4777 3803 4872 ρῦᾷτιγος

2283 4881 2444 4961 ἔργον
2516 4863 2938 4953 κατακαήσεται,
2999 4863 3435 4961 ζημιωθήσεται,
3509 4867 3643 4961 [ero
3706 4863 3803 4961 ἢ]

2154 4950 2323 5037 αὐτὸς.
2358 4950 2423 5030 ’δὶ
2482 4950 2805 5044 σωθήσεται,
2851 4967 3025 5031 οὕτως
3072 4963 3128 5021 δὶ
3175 4963 3251 5025 ὡς
3307 4958 3398 5015 διὰ
3443 4954 3661 5044 πυρός’
3712 4950 3803 5044 καὶ

2155 5067 2383 5123 ἑκάστου
2440 5064 2503 5119 τὸ
2561 5060 2714 5140 ἔργον
2783 5060 2972 5117 ὁποῖόν
3036 5056 3171 5124 ἐστι,
3229 5053 3292 5109 τὸ
3343 5052 3451 5124 πῦρ
3520 5043 3655 5140 αῦτδ
3711 5037 3809 5096 30-

2156 5157 2399 5231 κιμάσει.
2432 5154 2536 5212 Καὶ
2589 5134 2679 5207 ἳνα
2732 5152 2808 5225 μή
2864 5169 2948 5212 τις
3000 5144 3202 5221 νομίσῃ
3235 5140 3415 5214 ὥσπερ
3472 5136 3572 5205 τὴν
3631 5134 3810 5231 ᾁμοξρ-

2160 5246 2301 5314 τίαν,
2362 5245 2507 5300 οὕτω
2574 5241 2665 5298 καὶ
2747 5240 2838 5295 τὸν
2924 5235 3370 5312 ἐξαμαρτήσαντα
3425 5221 3808 5314 κατακαίεσθαι

2160 5337 2250 5393 καὶ
2281 5308 2359 5399 εἰς
2407 5332 2714 5410 ἀφανισμὸν
2756 5308 2983 5405 χωρεῖν,
3016 5308 3200 5399 έπαγει
3231 5322 3305 5383 ὡς
3345 5317 3392 5375 εί
3432 5315 3524 5373 καὶ
3568 5311 3637 5369 τὰ
3683 5308 3821 5386 ἔργα,

458 5455 497 5511 p
522 5442 687 5497 Rom.
720 5457 832 5512 xxv,
864 5443 918 5500 9.
950 5460 980 5515 q
1013 5445 1033 5498 Ι
1067 5444 1214 5501 Petr.
1250 5462 1333 5513 ιιι,
1370 5450 1452 5502 19.
1489 5465 1517 5503 r
1547 5448 1685 5505 ibid.
1721 5466 1799 5520 ιν,
1828 5452 1883 5507 6.
1917 5468 1942 5507 s
1972 5454 1993 5507 Ι

2132 5469 2156 5509 ι.
2199 5464 2291 5516 ιιι,
2327 5444 2523 5501 13-15.

1767 5559 2012 5616 νΑΗῐίΕ
2052 5554 2465 5615 LECTIONES.

472 5658 519 5732 ις’
547 5655 717 5732 audin)!
752 5656 810 5713 in
845 5676 963 5732 mg.
1010 5660 1206 5720 habet.
1240 5667 1305 5721 Δ.

1411 5664 1459 5702 ⁵⁵
1515 5663 1589 5727 εἷς
1612 5663 1811 5739 τοῦτο]
1852 5667 2017 5739 Rom.
2076 5682 2194 5733 xxv,
2224 5668 2276 5739 9.

2380 5662 2427 5698 εί
2456 5663 2597 5735 τοῖς]
2639 5664 2661 5719 I
2716 5663 2870 5735 Petr.
2928 5674 3020 5735 tu,
3051 5655 3137 5711 t9.
3240 5646 3426 5721 "'iva]
3462 5641 3612 5702 ibid.
3653 5654 3731 5707 tv,
3763 5638 3820 5694 6.

406 5732 454 5771 "
485 5726 841 5786 ἀπολαύωσιν
878 5726 1024 5788 εδιτ.
1058 5738 1100 5788 Δ
1135 5751 1148 5790 2
1179 5733 1547 5791 ἀπολαύουσιν
1580 5726 1674 5811 νς,
1749 5726 1811 5776 ⁵⁵³
1832 5726 2225 5817 κεφαλαιοῦτάι
2254 5736 2337 5813 ς,
2410 5735 2461 5771 ⁵⁵
2496 5726 2925 5809 κάωρισμὲνων
2958 5729 3041 5804 ς’,
