4116 6224
254 391 376 454 805

1353 393 1888 456 BIBLIOTHECA.
1937 425 2014 438 —
2060 394 2231 456 COD.
2278 397 2566 461 CCXXII.

3539 405 3658 466 806

251 530 650 598 κατακαήσεται
680 528 770 584 καὶ
825 526 1263 606 ἀφανισθήσεται.
1333 527 1459 584 ἄλλ’
1497 527 1658 590 αὐτὸς
1716 529 1744 582 6
1791 530 1890 594 τῆς

2011 533 2201 585 tamen
2231 531 2425 601 ipsum
2447 535 2808 604 peccatorem
2835 548 2951 589 una
2979 532 3424 606 disparlturum.
3459 534 3653 593 Salva-

251 617 521 692 ἁμαρτίας
571 615 807 692 ἐργάτης
862 617 928 672 οὐ
973 618 1491 690 συναφανισθήσεται
1536 635 1550 650 ο
1600 618 1903 688 σωθήσεται

253 705 330 776 δὲ,
371 705 623 762 τουτέστι
656 702 903 778 διαμενεῖ
928 710 997 780 τῇ
1047 703 1287 777 διηνεκεῖ
1327 706 1556 762 κολάσει
1601 707 1901 781 συντηρού-

257 816 432 870 μενος.
468 797 590 850 Ἵνα
649 792 706 850 δὶ
753 795 816 850 τὸ
874 797 1176 867 σωθήσεται
1238 796 1315 868 μή
1374 793 1501 866 δόξη
1557 794 1736 871 λέγειν
1783 800 1900 858 τοῖς

252 883 612 958 αἰρετίζουσιν
643 884 717 946 ὡς
757 890 856 953 τῆς
904 883 1171 960 ἁμαρτίας
1219 881 1616 958 δαπανωμένης
1659 885 1749 939 καὶ
1791 889 1899 939 τῶν

253 971 601 1046 ἁμαρτωλῶν
646 969 872 1035 ἕκαστος
906 977 1003 1028 τοῦ
1033 977 1208 1049 χοροῦ
1257 976 1364 1028 τῶν
1398 971 1621 1028 δικαίων
1652 974 1737 1027 καὶ
1792 977 1902 1028 τῶν

254 1061 578 1136 σωζομένων
619 1063 927 1139 γενήσεται,
957 1067 1057 1130 τῆς
1103 1063 1197 1134 μὲν
1246 1059 1524 1122 κολάσεως
1564 1061 1899 1134 παυομένης,

249 1157 352 1220 τῆς
383 1149 431 1206 δ’
467 1149 825 1212 ἀπολαύσεως
863 1156 1058 1220 κοινῆς
1098 1151 1264 1205 ἅπασι
1305 1151 1725 1225 προτιθεμὲνης,
1769 1149 1904 1222 μετὰ

250 1241 313 1295 τὸ
364 1242 679 1310 Σωθήσεται
719 1238 926 1314 ἐπάγει,
978 1240 1078 1307 τήν
1128 1240 1358 1315 γνώμην
1419 1238 1591 1294 αὐτῶν
1649 1238 1903 1314 ἐμφανῶς

251 1327 657 1407 καταστρέφων,
690 1326 864 1391 οὕτως
912 1325 968 1382 δὶ
1008 1327 1083 1389 ὡς
1133 1325 1220 1382 διὰ
1268 1328 1462 1400 πυρὸς,
1511 1327 1754 1382 τουτέστι
1803 1333 1902 1394 τῆς

251 1415 346 1471 διὰ
377 1417 547 1492 πυρὸς
589 1416 864 1491 τιμωρίας
915 1415 1013 1471 οὐκ
1059 1415 1462 1490 ἀπολυόμενος.
1514 1415 1902 1490 Παραπλήσιον

247 1504 432 1562 τοίνυν
472 1504 583 1560 ἐστὶ
627 1505 716 1561 καὶ
763 1506 897 1580 ὅπερ
924 1503 1136 1581 εἷ’ρηται
1186 1505 1310 1580 περὶ
1347 1510 1454 1561 τῶν
1506 1503 1558 1559 ἐν
1589 1501 1760 1575 ’ᾼδου
1822 1505 1898 1577 μὴ

246 1595 646 1650 πιστευσάντων
685 1595 765 1666 τῷ
822 1595 1056 1669 Χριστῷ.
1111 1593 1373 1648 Βούλεται
1430 1594 1534 1668 γάρ
1585 1589 1789 1663 δηλοῦν
1835 1592 1899 1648 τὸ

245 1687 364 1741 Ἵνα
412 1686 647 1761 κριθῶσι
687 1683 868 1758 σαρκὶ,
916 1684 1006 1739 καὶ
1058 1684 1203 1754 ἑξῆς,
1247 1683 1310 1739 τὸ
1357 1685 1610 1758 κριθῆναι
1665 1684 1760 1756 μὲν
1806 1681 1898 1737 αύ-

244 1774 375 1837 τοὺς
433 1778 662 1829 τοιαῦτα
705 1775 811 1850 ,οἷα
875 1774 1080 1850 πέφυκε
1135 1773 1402 1847 κρίνεσθαι
1474 1774 1623 1846 σάρξ,
1685 1777 1779 1845 ζῇν
1837 1769 1894 1827 δὶ

249 1862 408 1936 ὅμως
437 1863 550 1937 οὐχ
578 1863 678 1917 οἶα
715 1861 1044 1937 φθειρομένη
1087 1860 1212 1936 σὰρξ
1243 1861 1333 1916 καὶ
1363 1864 1433 1936 τῇ
1476 1859 1742 1936 βαρύτητι
1775 1861 1898 1916 λυο-

249 1953 386 2026 μένη
426 1957 539 2008 τῶν
569 1951 874 2022 κολάσεων,
911 1950 1255 2025 ἀνωλέθρους
1290 1953 1412 2024 [331
1476 1952 1566 2017 Η.]
1623 1948 1679 2006 δὲ
1707 1953 1776 2024 τῇ
1808 1948 1897 2005 δυ-

244 2043 401 2116 νάμει
491 2042 894 2118 συνεχομένους
970 2039 1068 2096 τοῦ
1151 2042 1296 2096 θείου
1383 2039 1718 2112 Πνεύματος,
1804 2040 1895 2094 καὶ

244 2131 551 2207 ἀφθάρτους
613 2130 870 2210 ἀφθάρτῳ
933 2128 1160 2185 κολάσει
1228 2131 1330 2199 την
1387 2128 1750 2199 ἀτελεύτητον
1808 2130 1894 2184 καὶ

241 2218 506 2274 ἐπίπονον
563 2220 708 2290 ζωὴν
761 2215 1091 2282 διανύοντας.
1131 2217 1295 2276 Ἀλλ’
1351 2220 1386 2287 ἠ
1432 2219 1527 2291 μὶν
1574 2221 1672 2272 τοῦ
1729 2219 1898 2292 ῥητοῦ

249 2304 581 2384 διασάφησις
610 2307 686 2372 ὡς
713 2306 766 2363 ἐν
798 2301 1125 2380 παρεκϐάσει
1161 2327 1175 2341 ο
1217 2307 1245 2361 6
1287 2303 1344 2361 δὶ
1383 2307 1582 2368 σκοπὸς
1612 2306 1681 2374 ἦν
1723 2326 1896 2380 παρα-

244 2402 446 2465 στῆσαι
479 2396 552 2458 ὡς
599 2395 688 2450 καὶ
732 2396 864 2468 ὑπὲρ
897 2397 1112 2466 ζώντων
1157 2395 1247 2450 καὶ
1290 2395 1420 2470 ὑπὲρ
1469 2399 1577 2450 τῶν
1619 2393 1670 2465 ἐξ
1721 2392 1899 2466 Ἀδαμ

242 2482 426 2540 πάλαι
459 2485 766 2540 τεθνεώτων
799 2485 827 2538 6
856 2486 1039 2546 κοινὸς
1072 2482 1347 2554 Δεσπότης
1386 2485 1477 2540 καὶ
1512 2485 1709 2558 Σωτὴρ
1739 2485 1897 2556 ἡμῶν

249 2575 460 2644 ὑπέστη
499 2575 591 2630 τὸν
641 2576 892 2645 θάνατον,
945 2573 1034 2628 καὶ
1091 2571 1163 2628 δι’
1219 2572 1384 2629 αὐτοῦ
1440 2575 1476 2642 ἡ
1518 2573 1759 2647 σωτηρία
1806 2572 1896 2627 καὶ

243 2664 576 2738 κηρύττεται
633 2670 762 2720 πᾶσι
801 2664 892 2719 καὶ
953 2658 1294 2739 βραϐεύεται.
1348 2661 1524 2719 Ἀλλα
1555 2659 1626 2718 δι’
1669 2663 1742 2717 ὧν
1799 2662 1894 2736 μὶν

247 2754 402 2825 αύτῷ
458 2755 908 2822 κατασκευάζεται
980 2755 1042 2808 τὸ
1117 2752 1493 2828 προκείμενον,
1550 2753 1612 2808 τὸ
1678 2757 1894 2826 πρῶτον

247 2842 464 2917 εἴρηται
497 2846 604 2896 τῶν
638 2841 892 2916 ἐπιχειρη
905 2841 1112 2914 μάτων.

325 2931 586 3004 Δεύτερον
619 2927 676 2985 δέ
718 2951 880 3007 φησιν
913 2931 986 2992 ὡς
1035 2930 1080 2985 εἰ
1108 2929 1236 2992 τοὺς
1269 2931 1400 3006 ὑπὲρ
1449 2931 1643 3004 ἀρετῆς
1673 2933 1898 3003 μισθοὺς

245 3019 339 3074 καὶ
392 3017 686 3096 στεφάνους
744 3021 780 3088 ἡ
813 3019 1100 3081 ἀνάστασις
1154 3020 1418 3094 προξενεῖ,
1467 3020 1494 3074 6
1553 3015 1609 3075 δὲ
1667 3020 1895 3096 σταυρὸς

2009 617 2158 674 bitur
2176 635 2318 688 vero,
2346 619 2454 677 hoc
2495 626 2580 678 est
2629 625 2916 692 perpetuae
2972 621 3226 678 manebit
3258 640 3442 695 poenis
3473 641 3654 681 reser-

2005 713 2196 764 vatus.
2210 708 3149 777 Atneillud.Salvabitur,videatur
3164 710 3354 767 dicere
3367 713 3655 784 sectariis,

2006 795 2173 866 quasi
2189 801 2706 868 pecoatoexpenso,
2727 805 3092 869 peccatorum
3116 799 3363 870 quilibet
3380 801 3654 870 adjueto-

2005 901 2137 940 rum
2152 890 2326 958 atque
2338 889 2690 944 salvatorum
2707 890 3658 962 cretumadjungendusesset(ces-

2005 979 2172 1030 sante
2201 975 2413 1031 nimiru
2427 994 2477 1032 m
2507 993 2695 1049 poena,
2710 994 2776 1034 ac
2788 978 3082 1034 communi
3100 979 3375 1034 omnibus
3391 977 3651 1037 libertate

2006 1063 2340 1134 proposita),
2363 1074 2491 1136 post
2509 1065 2674 1134 illud,
2698 1067 3034 1133 Saluabitur,
3061 1065 3242 1134 addit,
3267 1066 3425 1138 quod
3445 1083 3648 1125 eorum

2003 1152 2350 1208 sententiam
2411 1153 2778 1210 manifestius
2828 1154 3058 1210 evertit:
3121 1154 3210 1210 Sic
3257 1163 3442 1211 tamen
3490 1158 3650 1228 quasi

1999 1255 2104 1309 per
2149 1240 2355 1310 ignem,
2401 1241 2460 1297 id
2501 1247 2609 1310 est,
2641 1245 2714 1298 ab
2764 1243 2915 1315 ignis
2961 1259 3130 1315 posca
3177 1259 3291 1300 non
3341 1243 3646 1302 liberatus.

2000 1329 2189 1384 Afﬁne
2219 1329 2395 1400 igitur
2426 1335 2483 1385 et
2513 1330 2658 1386 illud
2700 1335 2805 1399 est,
2839 1332 2990 1403 quod
3029 1333 3099 1388 de
3131 1332 3204 1388 iis
3236 1333 3512 1405 diximus,
3546 1335 3649 1408 qui

2004 1417 2156 1488 apud
2189 1417 2404 1475 inferos
2427 1419 2655 1476 Christo
2687 1419 2921 1477 credere
2944 1421 3277 1476 noluerunt.
3313 1420 3430 1478 Hoc
3462 1423 3642 1492 enim,

2001 1509 2399 1580 utjudicenlur
2428 1527 2621 1576 carne,
2653 1515 2711 1567 et
2745 1528 2868 1584 quae
2893 1517 3240 1585 sequuntur,
3273 1512 3534 1571 indicare
3563 1514 3648 1570 vi-

2009 1596 2181 1653 detur
2228 1599 2522 1668 judicatos
2589 1600 2824 1671 quidem
2897 1601 3055 1671 ipsos
3111 1615 3241 1656 esse
3294 1601 3514 1667 eadem,
3575 1602 3644 1659 ad

2010 1701 2134 1756 qua:
2165 1687 2568 1757 carojudicari
2610 1704 2674 1743 ac
2705 1688 3082 1745 condemnari
3115 1688 3294 1756 solet;
3326 1690 3429 1746 sed
3460 1689 3650 1747 vivere

2005 1774 2410 1844 nihilominus,
2461 1793 2576 1832 non
2622 1780 2902 1849 tanquam
2952 1778 3350 1850 corruptibilis
3392 1794 3551 1846 caro,
3593 1783 3652 1836 et

2006 1883 2132 1938 quis
2157 1884 2456 1938 pinnarum
2480 1869 2762 1940 gravitate
2786 1868 3061 1938 solvatur,
3086 1887 3286 1927 verum
3308 1872 3406 1938 ita,
3427 1876 3492 1928 ut
3512 1887 3646 1928 cum

2008 1960 2272 2028 expertes
2319 1955 2594 2013 interitus
2644 1974 2747 2029 per
2794 1959 2980 2014 sancti
3023 1959 3277 2028 Spiritus
3325 1960 3646 2032 potentiam

2006 2049 2436 2111 conserventur,
2492 2046 2962 2119 incorruptibiles
3011 2048 3072 2102 in
3125 2055 3405 2120 perpetua
3450 2064 3644 2121 pmna,

2007 2142 2294 2190 carentem
2327 2135 2439 2190 ﬁne
2469 2139 2522 2191 et
2554 2135 2904 2192 laboriosam
2927 2137 3104 2192 vitam
3137 2138 3374 2209 degunt.
3405 2138 3500 2194 Sic
3533 2137 3648 2193 hu-

1998 2223 2097 2293 jus
2129 2222 2237 2278 loci
2271 2223 2596 2296 explanatio
2627 2227 2906 2295 tanquam
2939 2240 3041 2296 per
3067 2225 3492 2297 digressionem
3523 2229 3647 2282 tra-

2006 2316 2217 2368 ctatur.
2268 2313 2602 2385 Przecipuus
2660 2313 2815 2370 enim
2875 2330 3090 2386 scopus
3138 2319 3263 2369 erat
3318 2315 3644 2383 ostendere,

2006 2418 2121 2457 non
2171 2419 2348 2474 super
2394 2402 2538 2458 vivis
2589 2404 2892 2467 duntaxat,
2938 2419 3138 2458 verum
3187 2407 3243 2459 et
3289 2419 3466 2474 super
3507 2403 3645 2459 olim

2007 2490 2253 2545 mortuis
2290 2491 2496 2545 Adami
2541 2490 2790 2562 posteris
2823 2505 3196 2546 communem
3231 2491 3544 2546 Dominum
3579 2505 3645 2546 ac

2005 2576 2360 2633 Salvatorem
2384 2578 2632 2634 subiisse
2654 2585 2919 2646 mortem,
2939 2578 3309 2649 salutemque
3332 2593 3434 2649 per
3450 2578 3640 2648 ipsum

2005 2666 2280 2722 omnibus
2341 2667 2663 2738 praedicari,
2739 2670 2795 2722 et
2856 2665 3010 2721 velut
3067 2665 3401 2721 certaminis
3457 2665 3648 2720 20Ib

2002 2755 2308 2826 praemium
2335 2755 2606 2810 conferri.
2643 2754 2794 2809 Illud
2838 2769 2975 2826 ergo
3024 2754 3276 2825 primum
3311 2769 3516 2809 eorum
3548 2769 3645 2808 ar-

2001 2849 2404 2918 gumentorum
2434 2861 2535 2916 per
2555 2861 2683 2916 quae
2708 2843 2937 2915 probari
2962 2845 3079 2899 hac
3109 2846 3394 2900 sententia
3424 2846 3641 2914 potest.

2071 2935 2338 2990 Secundo
2360 2934 2677 3004 igiturloco
2699 2933 2779 2989 sic
2808 2937 3252 3003 argumentatur
3277 2949 3288 2987 :
3319 2932 3379 2989 Si
3403 2931 3640 2989 virtutis

2001 3025 2240 3098 przsmia
2259 3039 2326 3080 ac
2354 3039 2600 3079 coronas
2632 3021 2977 3077 resurrectio
3009 3020 3298 3088 conciliat,
3331 3037 3474 3076 crux
3502 3036 3637 3077 vero

241 3111 348 3178 τήν
400 3109 708 3176 ἀνάστασιν,
766 3108 855 3163 καὶ
910 3109 1086 3182 χωρὶς
1140 3107 1310 3178 αὐτῆς
1367 3108 1467 3163 οὐκ
1521 3106 1662 3163 ἔστιν
1717 3108 1893 3164 αὐτῶν

2011 3113 2500 3181 resurrectionem,
2533 3129 2647 3184 qua
2677 3111 2804 3168 sine
2837 3110 2981 3166 nihil
3013 3110 3145 3166 boni
3180 3111 3454 3182 consequi
3486 3112 3644 3184 quis-

240 3195 437 3252 οὐδένα
483 3202 590 3252 τῶν
636 3199 851 3273 άγαθων
898 3202 1104 3272 τυχεῖν,
1157 3195 1326 3266 δῆλον
1376 3197 1451 3262 ὡς
1498 3199 1629 3274 ὑπὲρ
1679 3199 1896 3254 πάντων

2011 3204 2156 3276 piam
2191 3206 2398 3274 potest,
2431 3207 2653 3257 certum
2699 3205 2791 3256 est
2831 3200 3130 3258 Christum
3165 3216 3268 3272 pro
3302 3199 3491 3256 salute
3522 3217 3652 3257 om-

243 3291 416 3362 ἠμῶν
444 3295 546 3358 τῆς
594 3289 869 3364 σωτηρίας
901 3289 929 3343 6
961 3289 1200 3363 Χριστὸς
1226 3292 1305 3360 τῷ
1354 3289 1562 3362 θανάτῳ
1593 3287 1901 3366 παρέδωκεν

240 3379 461 3433 ἱαυτόν.
494 3379 679 3435 Ταῦτα
723 3375 891 3432 εἰπὼν
937 3377 1221 3453 λογοθετεῖ
1257 3377 1347 3432 καὶ
1380 3375 1607 3434 διαπλοῖ
1652 3381 1752 3449 τήν
1797 3383 1902 3441 Δε-

242 3467 518 3535 σποτικὴν
570 3467 752 3544 φωνὴν
800 3469 901 3536 τήν
951 3465 1232 3543 λέγουσαν,
1275 3467 1389 3523 Οὐκ
1425 3467 1471 3505 ⁵⁷
1518 3467 1689 3536 ἦλθον
1737 3468 1902 3524 καλέ-

242 3578 335 3612 σαι
424 3553 692 3623 δικαίους,
775 3555 904 3612 ἀλλ’
987 3554 1351 3631 ἁμαρτωλοὺς
1429 3556 1504 3620 εἷς
1593 3559 1900 3630 μετάνοιαν.

247 3645 354 3702 Καί
386 3666 550 3721 φησιν
599 3646 675 3708 ὡς
717 3645 842 3720 οὐχὶ
897 3643 1119 3720 διαιρῶν
1167 3645 1244 3708 εἰς
1277 3646 1638 3722 ἁμαρτωλούς
1687 3647 1776 3702 καὶ
1828 3645 1904 3702 δι-

246 3735 442 3796 καίους
496 3735 560 3789 τὸ
610 3738 716 3791 τῶν
773 3735 1073 3809 ἀνθρώπων
1130 3734 1347 3803 πλῆθος
1403 3736 1432 3790 6
1489 3737 1686 3808 Σωτὴρ
1742 3739 1903 3790 τοῦτο

250 3823 569 3902 ἐφθέγξατο.
632 3824 884 3898 Μάχεται
927 3824 1032 3898 γάρ
1081 3824 1116 3893 ἡ
1155 3822 1388 3894 τοιαύτη
1440 3825 1650 3878 διάνοια
1697 3825 1785 3878 καὶ
1835 3828 1905 3898 τῇ

257 3911 604 3986 θεοπνεύστῳ
655 3916 840 3991 Γραφῇ
898 3911 988 3966 καὶ
1052 3912 1192 3986 αύτῇ
1248 3916 1318 3986 τῇ
1385 3915 1495 3968 τῶν
1569 3913 1905 3988 πραγμάτων

252 4001 438 4077 φύσει.
493 4001 590 4056 Καὶ
639 3999 740 4075 γάρ
799 4005 1016 4076 πρῶτον
1051 4001 1149 4074 μὶν
1198 4003 1438 4063 ἅπαντας
1485 4002 1513 4056 6
1561 4001 1744 4064 κοινὸς
1788 4008 1907 4056 Σω-

248 4093 386 4165 τήρ,
425 4089 516 4144 καὶ
549 4090 680 4165 ούχὶ
709 4092 754 4126 ⁸⁸
799 4089 928 4153 τοὺς
960 4090 1054 4163 μὶν
1097 4088 1227 4151 τοὺς
1257 4087 1305 4144 δ’
1344 4089 1428 4161 οδ,
1477 4087 1658 4146 ἐκάλει
1705 4110 1763 4145 τε
1818 4089 1908 4145 καὶ

248 4185 357 4246 τῆς
403 4179 680 4253 σωτηρίας
728 4176 1024 4235 ἀπολαύειν
1085 4175 1284 4248 ἐδίδου,
1336 4177 1480 4234 ἀλλᾶ
1517 4179 1604 4234 καὶ
1653 4181 1842 4248 κοινήν
1866 4183 1910 4218 ⁸⁸

252 4271 360 4340 τήν
416 4265 768 4323 διδασκαλίαν
833 4267 1092 4325 ἐποιεῖτο.
1154 4269 1251 4322 Καὶ
1310 4269 1372 4323 τὸ
1447 4269 1791 4343 κηρυχθῆναι
1845 4269 1908 4324 τὸ

253 4355 603 4434 Εὐαγγὲλιον
651 4355 702 4412 ἐν
761 4355 880 4430 ὅλῳ
932 4362 1014 4429 τῷ
1067 4358 1261 4430 κόσμῳ
1307 4359 1408 4427 τὴν
1467 4354 1761 4426 διαστολὴν
1799 4362 1909 4413 τῶν

2011 3293 2174 3350 nium
2206 3296 2470 3347 nostrum
2505 3291 2678 3346 morti
2711 3289 2968 3361 seipsum
3002 3289 3331 3346 tradidisse.
3366 3294 3501 3345 Post
3533 3291 3651 3346 haec

2010 3383 2170 3438 illam
2199 3381 2426 3438 Domini
2449 3381 2820 3447 sententiam,
2845 3380 3126 3436 rationem
3159 3381 3532 3450 reposcendo,
3555 3395 3653 3436 ex-

2011 3473 2230 3547 planat,
2262 3488 2389 3544 quas
2430 3471 2601 3528 dicit:
2632 3473 2749 3528 Non
2787 3472 2911 3528 veni
2944 3485 3138 3527 vocare
3166 3470 3361 3541 justas,
3403 3469 3495 3526 sed
3532 3485 3653 3542 pec-

2008 3567 2217 3619 catores
2244 3561 2315 3615 ad
2355 3562 2739 3630 paenitentiam
2769 3565 2818 3620 ις
2861 3564 3147 3631 negatque
3190 3559 3312 3614 haec
3342 3559 3421 3614 ita
3459 3574 3590 3615 esse
3624 3573 3657 3612 a

2013 3652 2309 3708 Salvatore
2340 3650 2734 3720 pronuntiata,
2777 3649 2945 3719 quasi
2981 3647 3309 3703 universam
3345 3647 3650 3702 hominum

2015 3739 2449 3795 multitudinem
2503 3737 2560 3793 in
2604 3741 2936 3807 peccatores
2981 3741 3038 3790 et
3067 3735 3252 3804 justos
3292 3735 3653 3804 distinguere

2013 3827 2284 3883 voluisse.
2321 3826 2547 3896 Pugnat
2585 3827 2763 3891 enim,
2805 3823 3015 3895 inquit,
3052 3822 3385 3894 hujusmodi
3417 3837 3652 3888 sensus,

2017 3932 2132 3972 non
2165 3931 2296 3970 cum
2326 3914 2505 3970 sacris
2525 3917 2752 3968 tantum
2783 3912 3034 3977 Litteris,
3062 3915 3161 3966 sed
3196 3927 3330 3966 cum
3353 3910 3483 3983 ipsa
3513 3925 3658 3982 quo-

2019 4021 2129 4076 que
2142 4019 2337 4060 rerum
2356 4007 2582 4058 natura.
2601 4002 2746 4057 Nam
2769 4001 3036 4072 inprimis
3049 3999 3374 4056 communis
3396 3999 3661 4055 Salvator

2018 4107 2244 4163 omnes,
2259 4108 2374 4147 non
2388 4091 2878 4162 aliquostantum,
2899 4090 3217 4160 praemissis
3239 4087 3479 4157 caeteris,
3496 4092 3554 4143 et
3567 4104 3660 4158 ap-

2019 4181 2289 4255 pellabat,
2308 4187 2362 4236 et
2383 4179 2780 4252 redemptione
2799 4179 3018 4248 perfrui
3053 4178 3424 4245 concedebat,
3447 4176 3662 4232 doctri-

2021 4288 2153 4328 nam
2207 4269 2423 4344 [suam]
2481 4267 2749 4325 omnibus
2801 4282 2928 4324 esse
2987 4281 3358 4324 communem
3412 4265 3656 4322 volebat.

2019 4359 2396 4430 Evangelium
2419 4373 2654 4431 quoque
2684 4357 3056 4428 pradicatum
3089 4371 3213 4412 esse
3235 4355 3293 4410 in
3325 4358 3444 4410 toto
3475 4358 3660 4411 terra-

255 4446 608 4522 ἁμαρτωλῶν
640 4447 748 4503 άπὸ
779 4450 887 4501 τῶν
922 4445 1148 4502 δικαίων
1197 4446 1502 4522 ἀνατρέπει.
1545 4446 1643 4502 Καὶ
1683 4448 1711 4501 6
1751 4451 1902 4503 ΙΙαῦ-

2026 4467 2158 4507 rum
2189 4449 2349 4515 orbe,
2383 4452 2751 4520 peccatorum
2799 4445 2954 4501 illam
2987 4463 3017 4500 ιι
3039 4444 3218 4517 justis
3250 4443 3662 4501 discretionem

257 4535 363 4598 λός
397 4557 532 4615 φησι
563 4556 576 4568 ο
632 4536 833 4599 Πάντες
860 4537 910 4572 ⁸ο
958 4537 1038 4598 εἷς
1082 4535 1243 4610 ἐσμεν
1280 4538 1334 4592 ἐν
1374 4541 1618 4610 Χριστῷ.
1669 4535 1766 4591 Kal
1808 4543 1908 4606 τῆς

257 4627 513 4701 σαγήνης
541 4628 583 4664 ⁸³
623 4627 660 4695 ἡ
700 4621 992 4700 παραϐολὴ
1024 4627 1086 4682 τὸ
1116 4626 1296 4682 κοινὸν
1326 4631 1433 4681 τῶν
1468 4625 1546 4690 εἷς
1582 4627 1751 4700 θήραν
1779 4623 1913 4681 συλ-

257 4709 700 4788 λαμϐανομένων
749 4715 1003 4789 κηρύττει
1047 4734 1059 4748 ·
1103 4713 1228 4770 οὐδὲ
1265 4713 1368 4790 γὰρ
1429 4711 1557 4770 οὐδὲ
1614 4712 1788 4786 ἐκείνη
1842 4716 1908 4770 τὰ

260 4804 360 4874 μὲν
397 4803 634 4875 θηρεύει,
664 4803 732 4857 τά
781 4799 837 4857 δὲ
866 4804 931 4858 ού
987 4800 1334 4874 μεταδιώκει,
1383 4799 1512 4856 ἀλλ’
1551 4802 1692 4876 ὁμοῦ
1737 4803 1911 4858 πάντα

256 4894 329 4946 τά
388 4894 802 4965 προσπίπτοντα
855 4891 1162 4962 σαληνεύει.
1194 4891 1294 4946 Καὶ
1343 4893 1376 4960 ἡ
1427 4889 1622 4947 σινδὼν
1654 4893 1704 4929 ⁰²
1749 4894 1784 4962 ἠ
1834 4897 1913 4965 τῷ

259 4982 456 5055 Πέτρῳ
510 4980 894 5055 ὑποδειχθεῖσα
965 4982 1066 5050 τήν
1130 4982 1319 5050 κοινὴν
1395 4979 1590 5052 κλῆσιν
1666 4982 1911 5038 ἁπάντων

261 5069 596 5146 ὑπογράφει,
627 5068 756 5126 ἀλλ’
803 5070 932 5145 03χὶ
964 5072 1010 5108 ⁸³
1054 5074 1163 5126 τῶν
1207 5069 1520 5146 ἀκαθάρτων
1571 5070 1760 5144 μόνον,
1803 5073 1910 5126 τῶν

261 5154 322 5213 δε
379 5159 629 5235 καθαρῶν
697 5157 896 5216 ούκὲτι.
956 5157 1078 5229 Καὶ,
1143 5157 1312 5222 Τέλος
1351 5161 1400 5195 ³⁸
1452 5159 1626 5234 νόμου
1685 5161 1916 5234 Χριστὸς

2022 4539 2256 4613 penitus
2312 4537 2539 4593 evertit.
2599 4535 2812 4592 Paulus
2863 4538 3003 4590 item
3068 4534 3180 4589 ait:
3240 4534 3438 4591 Omne:
3493 4549 3666 4589 unum

2021 4643 2206 4686 sumus
2235 4625 2298 4683 in
2342 4625 2554 4682 Christo
2595 4642 2652 4681 ιι.
2702 4625 2826 4680 lmo
2871 4629 2929 4680 et
2963 4623 3236 4695 parabola
3279 4624 3351 4680 de
3392 4638 3610 4693 sagena
3640 4639 3670 4678 v

2019 4731 2391 4775 communem
2407 4722 2707 4787 captorum
2725 4714 3117 4770 conditionem
3135 4713 3457 4770 denuntiat.
3472 4712 3671 4782 Neque

2021 4805 2177 4861 enim
2200 4804 2323 4860 haec
2345 4803 2490 4858 alios
2513 4801 2751 4872 quidem
2774 4799 3202 4870 complectitur,
3227 4800 3374 4855 alios
3390 4813 3526 4854 vero
3552 4812 3666 4851 non

2020 4893 2430 4964 persequitur;
2455 4890 2553 4947 sed
2581 4905 2784 4948 omnes
2809 4905 3053 4961 prorsus
3075 4892 3360 4959 quotquot
3380 4885 3672 4953 incidunt,

2021 4982 2230 5038 irretit.
2265 4981 2361 5037 Sic
2391 4983 2448 5035 et
2478 4979 2644 5035 Petro
2668 4983 2969 5035 ostensum
3003 4977 3245 5034 linteum
3277 4992 3318 5031 ω
3338 4971 3675 5030 communi-

2022 5075 2109 5127 ter
2138 5085 2344 5128 omnes
2393 5067 2715 5140 appellatos
2764 5066 3047 5138 disignat,
3095 5080 3214 5122 non
3260 5063 3526 5135 impuros
3575 5075 3672 5117 so-

2023 5159 2131 5226 los,
2173 5156 2425 5215 exclusis
2473 5156 2670 5229 puris:
2723 5154 2877 5211 Finis
2921 5167 3138 5225 quoque
3184 5151 3319 5224 legis
3367 5148 3667 5207 Christus:

335 5336 358 5389 ι
384 5331 592 5390 Matth.
635 5347 714 5402 rx,
752 5332 836 5390 13.
870 5349 909 5390 ιι
940 5332 1108 5391 Rom.
1135 5348 1238 5404 xu,
1265 5333 1342 5402 5;
1373 5331 1559 5391 Galat.
1593 5348 1681 5402 ιιι,
1709 5334 1803 5390 28.
1834 5350 1865 5390 υ
1893 5334 1902 5387 1

2012 5329 2097 5386 th.
2129 5336 2252 5398 xm,
2285 5327 2371 5383 47.
2402 5343 2444 5382 ,τ
2471 5327 2598 5383 Act.
2631 5340 2688 5392 x,
2725 5324 2814 5381 11.

1629 5503 1870 5564 νΑΗΙᾸΞ
1913 5499 2319 5562 LECTIONES.

344 5678 388 5715 ⁸⁸
416 5676 505 5750 ού]
541 5682 564 5739 Ι
598 5680 726 5739 Cor.
762 5698 846 5750 In,
880 5680 965 5738 15.
1069 5681 1112 5718 ⁸⁷
1144 5681 1265 5750 οὐκ]
1297 5680 1502 5740 Matth.
1534 5695 1613 5748 lx,
1647 5680 1734 5739 13.

1835 5679 1880 5715 ⁸⁸
1905 5675 2006 5732 οὐκ

2222 5672 2452 5744 "NW?!
2486 5670 2570 5744 ς.
2642 5670 2718 5744 ,⁸⁸
2748 5665 2961 5741 πάντες]
2992 5669 3154 5744 Rom.
3207 5685 3311 5741 xu,
3347 5667 3403 5724 5.
3507 5664 3553 5703 σι
3581 5668 3686 5736 τῆς

272 5727 965 5828 σαγ.]’ἱιιῐιέἷ’έιὶἱ;ἰ²ιῖ’
1015 5754 1061 5790 σε
1087 5727 1734 5830 ὴῖζᾷἒῖῖέῖῖἑζίἱῗ
1777 5750 1824 5788 οι
1855 5727 2076 5826 οὐᾶἵί
2097 5727 2117 5807 ε’
2146 5741 2208 5802 οὒ
2239 5743 2322 5821 ς’.
2397 5727 2658 5817 ⁸⁸’τῖλος1
2690 5745 2856 5802 Rom-
2887 5727 3033 5816 3:4-
