4116 6224
482 319 599 377 807

1676 314 1944 375 ΡΗΟΤΙΙ
1993 312 2516 373 ΡΑΤΒῙΑΗΟΗᾸΞ
2561 309 2674 369 CP.

3762 318 3882 378 808

481 453 551 508 ad
581 451 849 520 iustitiam
872 451 1024 505 omni
1059 448 1309 507 credenti
1338 467 1371 519 y
1405 464 1519 504 non
1552 448 1947 520 peccatoribus
1977 452 2114 504 tan-

2233 443 2302 505 εἶς
2360 440 2707 512 δικαιοσύνην
2774 441 2931 497 παντὶ
2996 446 3077 514 τῷ
3154 443 3487 511 πιστεύοντι,
3568 445 3700 525 οὐχὶ
3768 454 3888 511 τοῖς

483 546 633 598 tum.
666 541 876 595 Verum
908 540 1059 594 idem
1093 554 1325 595 rursum
1360 538 1465 593 ait:
1509 537 1823 610 praedicare
1861 552 1923 593 se
1952 553 2123 594 voca-

484 632 558 685 tis
589 628 803 684 Judazis
841 633 1013 699 atque
1046 628 1277 695 Graecis,
1311 626 1606 683 Christum
1642 628 1736 683 Dei
1762 626 2033 682 virtutem
2066 630 2123 683 et

486 722 580 775 Dei
615 718 961 790 sapientiam
1003 735 1053 771 πρ.
1102 717 1454 788 Iterumque,
1503 717 1801 782 Quomodo
1851 734 1965 773 non
2007 734 2118 788 pu-

478 826 652 879 gnare
682 807 781 863 illa
812 807 1163 863 videantur?
1195 809 1255 862 In
1288 808 1434 862 viam
1476 809 1723 879 gentium
1748 825 1817 863 ne
1847 810 2118 871 abieritis,

480 906 529 956 ct
562 899 620 953 in
654 899 927 953 civitatem
979 896 1460 953 Samaritanorum
1491 913 1559 951 ne
1602 897 1944 953 intraveritis
1966 901 1991 951 .9
2029 897 2121 953 sed

478 990 666 1060 potius
710 989 785 1043 ile
832 988 906 1042 ad
954 1003 1077 1043 oves
1122 1004 1241 1058 qua:
1290 987 1578 1057 perierunt
1628 986 1816 1041 domus
1862 988 2034 1042 Israel
2064 1003 2119 1041 a.

482 1079 777 1142 Quatenus
808 1077 988 1142 enim,
1022 1077 1119 1147 qui
1156 1076 1466 1147 perierant,
1499 1092 1631 1131 oves
1665 1079 1851 1141 erant,
1878 1075 2119 1145 justitiaa

482 1167 720 1224 omnino
752 1170 809 1223 et
837 1166 1037 1221 virtuti
1079 1166 1391 1222 viciniores
1423 1168 1608 1232 erant,
1640 1182 1815 1236 quam
1850 1166 2117 1221 Samari-

482 1256 603 1312 tani
633 1262 806 1327 atque
835 1258 1056 1326 gentes.
1106 1254 1404 1319 Quomodo
1445 1254 1584 1309 item
1616 1252 1767 1309 tilios
1798 1257 1968 1309 antea
1996 1267 2120 1309 esse

483 1344 784 1401 satiandos
816 1344 1017 1400 edocet
1043 1344 1093 1411 b,
1126 1360 1190 1399 ac
1224 1347 1349 1399 tum
1381 1360 1507 1414 quas
1538 1347 1849 1413 supersunt
1878 1344 2120 1399 canibus

482 1435 730 1506 relinqui
758 1435 783 1489 ?
811 1434 921 1488 Sed
954 1440 1007 1487 et
1038 1432 1358 1505 discipulos
1390 1432 1701 1501 colligens:
1736 1434 1793 1489 In
1826 1448 2121 1503 quamcun-

483 1543 586 1599 que
617 1526 718 1593 ait,
745 1523 1020 1579 civitatem
1050 1529 1145 1577 aut
1174 1523 1465 1578 castellum
1497 1521 1861 1591 intraveritis,
1886 1523 2117 1578 interro-

482 1624 625 1684 gate,
660 1615 780 1686 quis
809 1613 867 1667 in
898 1628 964 1667 ea
1005 1610 1205 1682 dignus
1248 1613 1317 1666 sit
1347 1610 1485 1683 (non
1527 1610 1659 1681 quis
1705 1610 1781 1667 sit
1814 1610 2120 1682 peccator),

481 1711 533 1760 et
556 1704 636 1760 ibi
656 1706 888 1768 menete,
912 1703 1079 1757 donec
1106 1700 1233 1757 inde
1264 1700 1471 1756 exeatis
1496 1716 1542 1755 ι’.
1577 1701 1693 1756 Hoc
1725 1700 1865 1756 item
1898 1715 2121 1771 purpu-

2234 532 2586 607 ἁμαρτωλοῖς
2649 533 2857 605 μόνοις.
2917 530 3099 586 Ἀλλά
3157 534 3245 586 καὶ
3304 534 3465 597 αὐτὸς
3524 536 3689 591 πάλιν
3753 543 3884 615 φησὶ

2230 625 2347 696 [641
2391 625 2480 695 R.]
2521 622 2807 696 κηρύσσειν
2846 622 2893 659 (³⁸
2920 627 3037 683 τοῖς
3086 624 3318 693 κλητοῖς
3354 624 3641 691 Ἰουδαίοις
3687 649 3747 682 τε
3797 630 3888 683 καὶ

2231 711 2471 781 Ἕλλησι
2530 712 2759 786 Χριστὸν
2822 714 2956 765 Θεοῦ
3024 708 3253 785 δύναμιν
3314 715 3403 768 καὶ
3472 720 3606 770 Θεοῦ
3676 720 3887 793 σοφίαν.

2234 800 2402 856 Πάλιν
2438 798 2493 855 δὲ
2542 806 2659 861 πῶς
2708 800 2770 854 οὐ
2823 798 2961 869 δόξει
2996 801 3043 835 ’⁵⁸
3091 802 3360 876 μάχεσθαι
3412 805 3496 873 τό,
3529 806 3621 865 Εἰς
3668 810 3712 842 ⁸⁸³
3766 806 3890 861 ὁδὸν

2232 888 2398 944 ἐθνῶν
2458 892 2533 963 μή
2613 889 2905 959 ἀπέλθητε,
2965 890 3054 943 καὶ
3129 890 3204 950 εἷς
3288 893 3450 946 πόλιν
3531 901 3889 968 Σαμαρειτῶν

2234 980 2308 1051 μὴ
2381 979 2720 1054 εἰσέρχησθε,
2792 978 3083 1052 πορεύεσθε
3158 978 3213 1034 δὲ
3289 983 3425 1055 πρὸς
3502 982 3568 1037 τά
3643 980 3887 1057 πρόϐατα

2228 1067 2293 1122 τά
2354 1066 2686 1122 ἀπολωλότα
2746 1066 2899 1122 οἴκου
2959 1066 3232 1139 Ἰσραήλς
3293 1072 3461 1126 ’Ὁσον
3513 1072 3621 1145 γὰρ
3671 1072 3734 1125 ’ἀν
3786 1074 3887 1127 ἀπ-

2230 1155 2434 1211 ολώλει
2466 1158 2531 1210 τὰ
2578 1152 2849 1231 πρόϐατα,
2882 1154 3231 1226 δικαιοσύνης
3286 1156 3501 1231 μᾶλλον
3543 1160 3635 1214 καὶ
3688 1162 3884 1235 ἀρετῆς

3597 1249 3886 1321 Ἑλλήνων

2229 1333 2547 1409 ἐτύγχανον.
2593 1339 2715 1396 Πῶς
2750 1332 2805 1388 δὲ
2844 1333 2935 1388 καὶ
2973 1335 3037 1388 τὰ
3066 1334 3225 1389 τέκνα
3254 1336 3302 1371 63
3351 1333 3458 1390 δεῖν
3509 1342 3885 1411 χορτασθῆναι

2227 1424 2493 1498 πρότερον
2554 1421 2977 1497 διεμαρτύρατο,
3030 1424 3118 1477 καὶ
3174 1424 3237 1479 τὰ
3279 1425 3503 1499 περιττά
3557 1433 3681 1488 τοῖς
3743 1450 3892 1484 κυνα-

2233 1511 2371 1586 ρίοις
2408 1511 2848 1578 ὑπολείπεσθαι;
2888 1510 3031 1566 ἀλλά
3075 1513 3319 1575 καὶτοὺς
3364 1516 3618 1587 μαθητὰς
3671 1515 3891 1573 διατάτ-

2227 1246 2490 1321 ἓγγύτερα
2556 1246 2773 1307 πάντως
2832 1249 2941 1299 τῶν
3019 1252 3371 1321 Σαμαρειτῶν
3428 1249 3519 1302 καὶ

2229 1622 2361 1671 τωνν
2395 1602 2489 1664 Εἶέ
2536 1605 2596 1671 ἣν
2635 1604 2681 1639 δ’
2729 1602 2812 1671 ἂν,
2848 1602 3001 1678 φησὶ,
3052 1602 3214 1658 πόλιν
3256 1604 3291 1672 ἢ
3336 1607 3531 1678 κώμην
3582 1607 3889 1678 εἰσέλθητε,

2233 1690 2511 1764 ἐξετάσατε
2549 1692 2628 1755 τίς
2686 1692 2830 1746 ἔστιν
2888 1691 2939 1745 ἐν
2990 1692 3128 1765 αὐτῇ
3186 1691 3354 1763 ἄξιος.
3404 1694 3535 1773 ούχί
3593 1696 3678 1757 τίς
3743 1696 3887 1752 ἐστιν

482 1796 637 1852 raris.
667 1794 765 1849 illa
808 1792 1020 1848 mulier
1058 1808 1174 1847 non
1206 1792 1504 1863 ignorans,
1541 1790 1811 1845 Barnabas
1844 1806 1909 1844 ac
1948 1788 2122 1845 Paulo

2238 1780 2585 1856 ἁμαρτωλὸς,
2662 1780 2814 1835 κάκεῖ
2888 1780 3097 1852 μείνατε
3165 1779 3268 1842 ’έως
3330 1780 3584 1853 ἐξέλθητε
3663 1783 3889 1843 ἐκεῖθεν,

484 1885 627 1942 dixit
668 1902 680 1940 :
730 1883 920 1939 202a
968 1881 1030 1936 Si
1060 1881 1354 1951 judicaslis
1376 1896 1459 1936 me
1480 1879 1712 1947 ﬁdelem,
1744 1883 1961 1933 manete
1985 1878 2129 1949 apud

481 1989 568 2029 me
597 1973 654 2028 ά.
688 1973 757 2026 Et
788 1970 1007 2027 dictum
1042 1968 1187 2023 illud
1218 1967 1516 2039 apostolis,
1550 1966 1650 2037 qui
1691 1965 1926 2021 virtutis
1964 1970 2129 2021 erant

485 2077 717 2117 norma:
760 2060 914 2114 Vobis
944 2058 1139 2112 datum
1182 2060 1258 2111 est
1288 2071 1442 2111 nosse
1476 2056 1762 2125 mysteria,
1796 2053 1913 2109 illis
1943 2062 2127 2109 autem

486 2166 594 2205 non
626 2157 707 2205 est
736 2148 933 2203 datum
960 2162 1008 2216 e,
1044 2146 1321 2200 nimirum
1353 2144 1631 2215 indignis.
1667 2144 1764 2198 His
1793 2143 1972 2215 igitur
2002 2159 2125 2199 om-

487 2238 660 2293 nibus
684 2237 808 2307 jam
855 2235 1047 2301 dictis,
1097 2234 1387 2305 quomodo
1439 2249 1550 2287 non
1597 2233 1946 2304 repugnabit
1976 2231 2126 2288 clare

486 2327 670 2383 illud:
732 2327 849 2382 Non
895 2326 1026 2381 veni
1073 2340 1263 2379 vocare
1312 2324 1489 2393 justos
1536 2322 1627 2377 sed
1681 2326 2009 2394 peccatores.
2066 2322 2126 2378 Si

488 2417 624 2490 quis
654 2418 724 2473 de
746 2416 1048 2473 hominum
1072 2414 1352 2470 divisione
1373 2414 1429 2469 in
1451 2414 1641 2484 justos
1660 2418 1717 2469 et
1741 2414 1991 2484 injustos
2014 2413 2126 2468 hu—

479 2506 582 2576 jus
616 2506 723 2562 loci
756 2503 1106 2560 sententiam
1141 2502 1407 2573 accipiat.
1446 2502 1651 2558 Adhuc
1683 2518 1833 2567 vero,
1858 2503 1907 2557 si
1941 2503 2126 2571 iustos

488 2613 605 2652 non
634 2594 881 2661 vocavit,
910 2596 1243 2664 peccatores
1272 2599 1463 2646 autem
1497 2607 1611 2646 non
1650 2590 1951 2646 accedunt.
1996 2591 2123 2647 0m-

485 2685 576 2741 nis
604 2685 753 2741 enim
792 2685 886 2754 qui
927 2682 1071 2737 male
1109 2684 1242 2751 agit,
1275 2681 1387 2735 odit
1415 2681 1607 2747 lucem,
1641 2684 1695 2734 et
1726 2695 1834 2735 non
1874 2682 2020 2735 venit
2051 2680 2127 2734 ad

486 2776 662 2830 lucem
692 2775 733 2844 f.
776 2773 877 2827 Et:
913 2772 1084 2827 Malus
1131 2771 1288 2826 homo
1336 2770 1407 2825 de
1450 2770 1629 2825 cordis
1673 2768 1763 2823 sui
1813 2769 1956 2823 malo
2007 2768 2124 2824 tlte-

482 2880 646 2921 sauro
689 2864 901 2934 profert
942 2861 1093 2915 mala
1122 2878 1173 2930 g.
1223 2860 1409 2914 Item:
1457 2859 1675 2929 Quoties
1725 2857 1877 2913 volui
1904 2873 2125 2928 congre-

481 2970 611 3025 gare
655 2954 797 3024 ﬁlz'os
840 2958 973 3006 tuos.
1024 2956 1080 3004 et
1130 2947 1360 3003 noluisti
1401 2948 1455 3004 h.
1508 2949 1589 3012 Si,
1632 2947 1891 3018 inquam,
1936 2947 2123 3016 iustos

482 3060 597 3099 non
630 3042 869 3105 vocavit,
897 3042 1227 3111 peccatores
1262 3045 1452 3091 autem
1483 3036 1727 3099 resilire,
1755 3052 1929 3107 quam
1963 3052 2121 3091 acce-

2238 1870 2307 1925 "O
2357 1871 2445 1923 καὶ
2490 1872 2523 1939 ἡ
2585 1867 3017 1944 πορφυρόπωλις
3066 1868 3242 1923 εἰδυῖα
3288 1877 3405 1933 τοῖς
3436 1873 3559 1946 περί
3609 1871 3893 1947 Βαρνάϐαν

2237 1959 2327 2011 καὶ
2388 1958 2600 2013 Παῦλον
2661 1954 2863 2033 ἔλεγεν,
2900 1959 2961 2015 Εἰ
3003 1961 3048 1995 ⁷ο
3098 1961 3229 2029 [332
3263 1961 3356 2034 Η.]
3414 1964 3612 2031 πιστήν
3674 1984 3743 2035 με
3800 1984 3892 2017 κε-

3523 2054 3624 2109 Καί
3678 2056 3741 2108 τό
3793 2054 3892 2109 λέ-

2235 2159 2355 2213 γειν
2417 2141 2512 2211 μὲν
2572 2140 2708 2212 πρὸς
2771 2139 2897 2201 τοὺς
2956 2139 3315 2202 ἀποστόλους.
3362 2140 3414 2195 οἳ
3478 2162 3611 2203 τινες
3677 2143 3886 2216 ἀρετῆς

2236 2050 2457 2124 κρίκατε
2514 2056 2592 2122 τῷ
2654 2050 2855 2124 Κυρίῳ,
2915 2049 3127 2122 μείνατε
3183 2052 3321 2125 πρός
3381 2073 3465 2125 με.

2239 2229 2487 2304 ὑπῆρχον
2549 2230 2793 2297 κανόνες,
2830 2235 2983 2303 Ὑμῖν
3014 2231 3058 2266 7‘
3121 2228 3337 2287 δέδοται
3396 2238 3595 2309 γνῶναι
3649 2233 3717 2287 τα
3778 2255 3895 2305 μυ-

2235 2319 2452 2391 στήρια,
2509 2318 2730 2380 ἐκείνοις
2788 2315 2844 2372 δὲ
2897 2318 2962 2372 οὐ
3024 2317 3257 2388 δέδοται,
3306 2318 3566 2390 δηλονότι
3624 2327 3741 2383 τοῖς
3792 2323 3891 2377 ἀν·-

2236 2405 2423 2476 αξίοις.
2472 2409 2701 2469 Τούτοις
2760 2405 2852 2461 οὖν
2902 2414 3019 2469 τοῖς
3064 2409 3374 2483 εἰρημένοις
3422 2411 3585 2464 ἅπασι
3626 2416 3745 2473 πῶς
3794 2412 3890 2467 ούκ

2234 2496 2593 2550 ἀντιπεσεῖται
2656 2495 2926 2571 λαμπρῶς
2984 2498 3068 2563 τὸ,
3116 2497 3223 2552 Ούκ
3279 2497 3449 2566 ἦλθον
3518 2499 3748 2555 καλέσαι
3808 2498 3889 2555 δι-

2232 2586 2419 2647 καίους
2476 2582 2602 2639 ἀλλ’
2670 2585 3055 2658 ἁμαρτωλοὺς,
3124 2586 3166 2641 εἴ
3231 2608 3315 2649 τις
3386 2587 3720 2661 ἐπιμερίζων
3799 2591 3887 2644 τὸν

2234 2673 2517 2749 ἄνθρωπον
2572 2674 2646 2735 εἷς
2690 2673 3031 2748 ἁμαρτωλῶν
3084 2676 3173 2729 καὶ
3222 2673 3444 2729 δικαίων
3490 2678 3699 2751 τάγμα,
3742 2680 3887 2733 οὕτω

2232 2764 2331 2832 τὴν
2372 2767 2469 2817 τοῦ
2520 2763 2692 2835 ῥητοῦ
2736 2759 2975 2818 διάνοιαν
3020 2761 3345 2835 ἐκλαμϐάνει
3382 2785 3397 2836 ;
3436 2763 3515 2820 ἔτι
3568 2763 3627 2821 δὲ
3673 2767 3719 2821 εἶ
3761 2767 3887 2828 τοὺς

2237 2852 2329 2925 μὲν
2360 2849 2601 2913 δικαίους
2636 2851 2695 2906 ού
2740 2851 3031 2923 κέκληκεν,
3074 2854 3124 2907 οἱ
3166 2850 3221 2907 δὲ
3253 2854 3579 2927 ἁμαρτωλοὶ
3622 2856 3685 2909 ού
3718 2876 3891 2930 προσ-

2235 2941 2490 3016 ἔρχονται
2545 2946 2676 3015 (Πᾶς
2716 2945 2760 2978 ⁷³
2808 2942 2910 3016 γὰρ
2972 2944 2999 2996 ὁ
3060 2943 3123 2997 τά
3183 2942 3361 3021 φαῦλα
3418 2946 3673 3018 πράττων
3740 2951 3895 3019 μισεῖ

2232 3032 2292 3085 τὸ
2334 3036 2445 3107 φῶς
2476 3032 2565 3085 καὶ
2616 3031 2714 3085 οὐκ
2761 3025 2981 3106 ἔρχεται
3012 3032 3147 3105 πρὸς
3179 3032 3240 3085 τὸ
3292 3037 3430 3109 φῶς,
3493 3035 3585 3087 καί
3621 3054 3633 3067 ·
3668 3039 3732 3091 Ὁ
3781 3056 3892 3089 πο-

483 3133 617 3187 dere
650 3100 1164 3199 (quemadmodum
1194 3126 1467 3194 diximus)
1502 3100 1850 3195 maluerunt,
1883 3125 2122 3195 quibus-

2233 3120 2396 3193 νηρὸς
2445 3120 2490 3156 ⁷³
2568 3117 2849 3193 ἄνθρωπος
2915 3118 2974 3174 ἐκ
3038 3125 3133 3175 τοῦ
3199 3126 3442 3196 πονηροῦ
3502 3129 3603 3191 τῆς
3663 3121 3895 3198 καρδίας

479 3235 615 3275 nam
682 3216 1052 3287 praedicatum
1114 3220 1200 3267 est
1250 3213 1675 3283 Evangelium?
1731 3215 1921 3284 Atque
1971 3214 2122 3268 idem

483 3306 625 3362 mihi
649 3305 776 3374 jam
810 3320 839 3359 e
880 3302 1045 3357 factis
1077 3317 1305 3372 quoque
1333 3300 1478 3372 ipsis
1510 3301 1771 3358 observa.
1805 3303 2123 3372 Oportebat

483 3394 581 3450 Dei
625 3392 861 3448 Matrem
894 3391 953 3445 in
986 3394 1138 3445 terra
1168 3406 1293 3445 esse
1322 3407 1333 3442 :
1386 3405 1513 3444 eam
1545 3389 1787 3457 vocavit,
1840 3406 1963 3460 quae
1995 3407 2119 3445 om-

484 3482 657 3538 nibus
707 3479 1016 3535 virtutibus
1079 3478 1225 3534 alias
1269 3495 1472 3534 omnes
1525 3482 1843 3549 superaret.
1896 3479 2119 3534 Patrem

481 3570 804 3642 oportebat,
838 3576 891 3623 et
923 3568 1131 3623 fratres
1171 3582 1349 3638 super
1392 3574 1602 3622 terram
1638 3568 1936 3624 nominare
1964 3584 2121 3636 eum,

479 3660 575 3731 qui
609 3660 734 3715 sine
769 3662 929 3730 patre
950 3662 1123 3712 esset.
1146 3657 1263 3712 Non
1296 3674 1325 3711 e
1358 3657 1686 3712 latronibus
1709 3657 1836 3723 hos,
1866 3664 1918 3711 et
1942 3673 2120 3713 mere-

480 3750 746 3816 tricibus,
778 3747 1114 3818 deligendos
1149 3747 1386 3818 putavit,
1420 3747 1517 3801 sed
1552 3746 1649 3816 qui
1676 3746 1907 3816 justitia
1939 3745 2122 3802 collu-

477 3843 694 3895 carent.
723 3836 881 3892 Talis
931 3835 1168 3906 Joseph,
1214 3834 1355 3890 tales
1388 3837 1442 3889 et
1488 3835 1615 3905 ejus
1646 3833 1834 3890 liberi.
1868 3834 2123 3891 Jacobus

476 3944 608 3984 vero
626 3927 686 3981 in
704 3932 989 3997 quantum
1010 3923 1243 3979 virtutis
1267 3924 1515 3995 gradum
1540 3922 1922 3991 ascendisset,
1950 3940 2124 3994 quan-

476 4022 717 4087 tamque
739 4015 809 4071 de
841 4030 902 4069 se
931 4013 1263 4084 opinionem
1298 4013 1447 4083 apud
1474 4012 1808 4068 Judzeorum
1843 4013 2120 4084 populum

477 4106 801 4172 excitasset,
834 4102 923 4159 vel
967 4103 1091 4158 sola
1137 4103 1264 4173 ejus
1307 4101 1619 4175 appellatio
1662 4102 1890 4159 clamat.
1926 4104 2123 4174 Ipsum

477 4195 630 4251 enim
650 4194 903 4266 populus
928 4196 1159 4263 propter
1180 4192 1412 4247 virtutis
1438 4192 1924 4263 magnitudinem,
1951 4199 2124 4263 atque

476 4283 683 4352 agendi
724 4298 856 4337 cum
898 4280 1011 4336 Deo
1044 4279 1365 4335 libertatem
1413 4278 1635 4334 Obilam
1689 4279 1827 4351 (57),
1872 4278 1979 4334 hoc
2011 4284 2119 4348 est,

3512 3213 3605 3267 καί
3636 3232 3649 3246 ο
3708 3216 3894 3268 ﬂossi-

2228 3319 2311 3360 κις
2378 3300 2422 3333 ¹¹⁴
2504 3297 2749 3367 ἠθέλησα
2808 3303 3123 3373 συναγαγεῖν
3206 3300 3274 3353 τὰ
3355 3301 3517 3354 τέκνα
3607 3322 3727 3371 σου,
3796 3305 3893 3357 καὶ

2234 3209 2397 3264 αὐτοῦ
2438 3211 2710 3282 Θησαυροῦ
2758 3205 3016 3264 ἐκϐάλλει
3075 3208 3140 3265 τὰ
3188 3212 3404 3285 πονηρά
3444 3231 3457 3243 ’

2231 3388 2329 3442 οὐκ
2383 3384 2705 3456 ἠθέλησας),
2768 3387 2813 3440 εἰ
2881 3385 2973 3441 οὖν
3026 3389 3152 3449 τοὺς
3224 3390 3319 3460 μὲν
3377 3386 3619 3450 δικαίους
3685 3390 3749 3445 ού
3808 3392 3894 3445 κέ-

2229 3475 2454 3547 κληκεν,
2490 3477 2539 3529 οἱ
2586 3473 2641 3529 δὲ
2692 3476 3014 3549 ἀμαρτωλοῖ
3062 3479 3125 3531 τὸ
3169 3477 3503 3553 ἀποπιρτᾷν
3562 3484 3661 3535 τοῦ
3709 3502 3893 3556 προσε-

2235 3564 2389 3634 ιὲναι,
2448 3565 2687 3639 καθάπερ
2764 3563 2998 3638 ε’ίρηται,

3093 3570 3531 3641 προτετιμήκασι
3590 3571 3652 3638 ⁷⁸,
3742 3571 3892 3623 τίσιν

2234 3653 2516 3731 ἐκηρύχθη
2573 3655 2634 3708 τὸ
2675 3655 2971 3728 κτξρυγμα;
3036 3654 3110 3709 Σὺ
3170 3653 3226 3710 δέ
3289 3678 3384 3729 μοι
3435 3660 3525 3711 καὶ
3565 3658 3657 3712 ἀπ’
3701 3658 3890 3713 αὐτῶν

2233 3748 2340 3798 τῶν
2388 3742 2727 3818 πραγμάτων
2774 3742 2981 3798 σκόπει.
3034 3742 3180 3801 Ἔδει
3218 3745 3430 3820 μητέρα
3478 3751 3607 3801 Θεοῦ
3646 3744 3739 3798 ἐπὶ
3771 3753 3889 3822 γῆς

2231 3830 2468 3905 γενέσθαι
2520 3850 2531 3862 ·
2582 3832 2682 3899 την
2733 3836 2915 3886 πασῶν
2976 3832 3171 3895 πάσαις
3216 3835 3435 3908 ἀρεταῖς
3496 3834 3896 3911 ὑπερανελθοῦο

2235 3941 2325 3973 σαν
2388 3918 2661 3975 ἐκάλεσεν.
2716 3918 2863 3975 Ἔδει
2906 3920 3111 3997 πατέρα
3179 3924 3267 3976 καὶ
3319 3921 3588 3999 ἀδελιξοὺς
3641 3924 3735 3978 ὶπὶ
3783 3926 3895 4000 γῆς

2235 4009 2501 4083 ὀνομάσαι
2533 4011 2623 4063 τὸν
2654 4009 2899 4086 ἀπάτορα
2934 4030 2946 4043 ’
2992 4011 3089 4065 ούκ
3122 4012 3179 4066 ἐκ
3208 4016 3314 4067 τῶν
3346 4012 3566 4087 λῃστῶν
3610 4013 3701 4069 καὶ
3752 4035 3893 4089 πορ-

2234 4103 2341 4151 νῶι
2381 4098 2607 4161 τούτους
2638 4097 2938 4169 ἐξελέξατο,
2980 4098 3123 4155 ἀλλά
3154 4100 3281 4164 τοὺς
3314 4102 3363 4156 ἐν
3398 4099 3719 4178 δίκαιοσύνῃ
3776 4102 3893 4159 δια-

2233 4186 2566 4260 λάμποντας.
2617 4192 2877 4249 Τοιοῦτος
2916 4188 3018 4262 γὰρ
3072 4191 3271 4267 Ἰωσήφ
3301 4212 3359 4244 τε
3387 4194 3430 4226 ⁷⁵
3469 4193 3557 4245 καὶ
3592 4194 3643 4246 οἱ
3692 4194 3896 4248 τούτου

2231 4273 2441 4338 παῖδες.
2473 4282 2533 4333 Ὀ
2584 4273 2641 4330 δὲ
2679 4272 2944 4337 Ἰάκωϐος
2986 4276 3068 4357 ἐφ’
3118 4278 3240 4333 ὅσον
3287 4280 3486 4353 ἀρετῆς
3516 4281 3653 4355 ὕψος
3684 4281 3897 4351 ἀνῆλθε

474 4369 746 4442 populum
774 4369 1122 4441 praesidium,
1154 4371 1206 4423 et
1233 4368 1619 4440 protectionem
1651 4368 1949 4425 vocabant.
1976 4368 2119 4423 Rur-

2236 4365 2326 4420 καὶ
2357 4367 2477 4419 τίνα
2509 4370 2769 4441 παρεῖχεν
2820 4366 3099 4439 ὑπόληψιν
3128 4373 3210 4441 τῷ
3255 4373 3361 4422 τῶν
3416 4367 3699 4424 Ἰουδαίων
3744 4369 3897 4443 λαῷ,

476 4476 632 4526 sum,
678 4458 859 4515 Verbo
893 4474 1241 4528 praecurrere
1290 4456 1546 4528 oportuit
1577 4456 2026 4512 Praecursorem:
2067 4460 2123 4512 et

477 4548 579 4620 qui
608 4547 902 4619 prophetis
923 4564 972 4613 ο,
993 4546 1386 4617 omnibusque
1410 4546 1553 4600 adeo
1579 4544 1918 4601 hominibus
1941 4547 2127 4617 major

476 4641 648 4707 esset,
699 4636 1023 4708 praecurrit.
1073 4636 1343 4707 Oportuit
1392 4637 1447 4689 ct
1496 4638 1707 4689 testum
1758 4633 1973 4703 otIerri,
2030 4637 2127 4707 qui

474 4728 600 4799 ejus
621 4725 869 4800 gloriam
892 4728 1217 4782 testaretur.
1243 4723 1568 4779 Simeonem
1596 4723 1789 4793 itaque
1810 4726 1868 4779 et
1894 4726 2122 4780 Annam

2229 4457 2319 4510 καὶ
2350 4458 2384 4525 ἡ
2417 4454 2615 4524 κλῆσις
2664 4452 2870 4527 ἀναϐοᾷ
2902 4476 2914 4489 '
2950 4452 3159 4513 ὠϐλίαν
3186 4459 3231 4494 7"
3277 4458 3379 4534 γὰρ
3424 4461 3591 4515 αὐτὸν
3635 4461 3696 4515 τὸ
3738 4460 3901 4531 πλῆ-

2240 4547 2333 4606 θος
2365 4542 2453 4599 διὰ
2482 4546 2542 4600 τὸ
2571 4552 2670 4616 τῆς
2705 4548 2897 4620 ἀρετῆς
2934 4542 3163 4621 μέγεθος
3194 4550 3284 4603 καὶ
3314 4550 3415 4618 τήν
3447 4550 3584 4624 πρὸς
3615 4552 3678 4604 τὸ
3729 4556 3894 4605 Θεῖον

2235 4632 2563 4709 παρρησίαν,
2643 4636 2888 4690 τουτέστι
2970 4638 3243 4716 περιοχὴν
3323 4638 3415 4692 καὶ
3504 4640 3705 4710 σκέπην
3790 4642 3898 4694 τοῦ

2236 4721 2373 4778 λαοῦ
2447 4723 2855 4797 κατωνόμαζον.
2930 4723 3101 4779 Πάλιν
3174 4723 3281 4781 ἔδει
3375 4725 3715 4804 προδραμεῖν
3792 4733 3898 4785 τοῦ

547 4890 581 4942 y
634 4872 802 4947 Rom.
848 4870 1013 4947 κλμ
1054 4871 1143 4947 α]
1193 4868 1320 4924 Cor.
1371 4866 1541 4947 1,3,1.
1575 4866 1858 4947 auMatth.
1914 4868 2057 4947 x,n5_,
2107 4870 2122 4947 ς

2268 4868 2474 4947 Matth.
2524 4886 2639 4947 ιν,
2664 4871 2754 4926 26.
2804 4885 2833 4926 c
2875 4870 3079 4928 Matth.
3130 4889 3188 4944 ι,
3240 4874 3327 4928 11.
3379 4874 3415 4929 d
3461 4876 3589 4931 Act.
3637 4890 3750 4947 mn,
3803 4877 3895 4931 15.

474 4962 503 5003 e
531 4938 735 5002 Matth.
771 4960 893 5009 xm,
926 4942 1012 4999 11.
1044 4940 1265 5013 fJoan.
1299 4956 1385 5008 ιιι,
1418 4939 1505 4993 20.
1540 4955 1573 5008 g
1605 4938 1807 5002 Matth,
1842 4955 1943 5007 xu,
1976 4940 2066 4995 35.
2102 4941 2122 4993 Α

2233 4940 2367 4996 atth.
2400 4956 2540 4997 χχιιι
2574 4943 2658 4998 37.

1830 5084 2073 5140 VARL’E
2115 5085 2531 5141 LECTIONES.

560 5203 607 5237 ⁸⁵
634 5204 948 5276 κηρύσσειν]
984 5205 1005 5260 Ι
1036 5204 1162 5260 Cur.
1216 5219 1256 5271 ι,
1290 5203 1390 5276 24.
1458 5197 1709 5276 ’κν-δόξῃ.
1929 5201 1971 5235 ⁸⁷
1998 5200 2106 5276 είς]

487 5258 766 5330 locusest
796 5258 1004 5331 Matth:
1035 5258 1130 5342 iv,
1163 5258 1255 5329 26:
1352 5274 1398 5309 δ’
1429 5270 1503 5333 εἷς
1534 5258 1864 5344 ἢνΪΜοῖιιι.
1896 5290 1952 5335 x,
1986 5258 2071 5331 11.

488 5344 659 5416 ._l_oa_n_.
698 5362 784 5416 ιιι,
816 5348 907 5401 20.
1007 5345 1053 5381 ⁷³
1091 5345 1298 5416 6_1rov.]
1361 5345 1539 5401 Math.
1596 5361 1695 5414 xu,
1727 5345 1812 5399 35.

2164 5202 2367 5257 Matth.
2423 5218 2476 5269 x,
2508 5202 2562 5259 5.

2176 5272 2221 5307 7°
2243 5271 2311 5343 εἰ]
2345 5274 2463 5327 Act.
2497 5290 2610 5341 xvx,
2647 5274 2731 5329 15.

2194 5344 2397 5399 Matth.
2456 5361 2613 5410 χχιιι,
2645 5346 2733 5402 37.

1920 5344 1967 5378 7‘
1997 5345 2150 5414 ποσ.]

2666 5202 2806 5280 631a
2842 5203 3001 5280 τέκνα
3059 5199 3166 5258 δεῖν
3201 5206 3242 5258 Α
3278 5222 3292 5259 :
3352 5203 3511 5260 τέκνα
3570 5202 3679 5261 δεῖν
3714 5206 3775 5261 τὰ
3812 5206 3903 5280 ς’.

2916 5275 3063 5347 ὑμῖν]
3094 5275 3294 5350 Matth.
3327 5279 3577 5350 χιιι,γ11.
3678 5281 3726 5313 τ’
3763 5275 3906 5350 πίε]

2837 5345 2887 5380 ’⁷⁸⁵
2913 5345 3236 5418 τετιμήκασι
3276 5351 3343 5405 Α.
3456 5349 3504 5386 ⁷⁸
3540 5358 3598 5404 τὲ
3652 5352 3794 5407 add.
3830 5345 3905 5405 A:

489 5413 534 5450 ⁷⁷
565 5409 801 5488 ὠϐλίαν]
844 5418 977 5473 libri
1011 5412 1133 5474 Ἰὼϐ
1177 5409 1316 5476 λίαν.
1352 5419 1423 5473 cf.
1460 5409 1691 5474 Suiceri
1728 5416 1782 5473 h.
1814 5432 1867 5472 v.
1902 5416 1974 5473 cf.
2008 5409 2306 5472 Fabricius
2336 5417 2399 5470 B.
2433 5415 2527 5473 Gr.
2561 5409 2606 5473 ι.
2637 5417 2703 5485 Χ,
2746 5433 2801 5489 p.
2832 5419 2939 5473 748
2968 5409 3059 5475 οίῖ.
3093 5409 3315 5476 Harlcs.

2074 5542 2307 5599 NOT/E.

562 5656 675 5731 (57)
707 5654 1027 5715 Confirmat
1057 5658 1268 5715 Euseb.
1304 5658 1406 5729 lib,
1430 5676 1492 5732 ιι,
1524 5678 1649 5734 cap.
1679 5664 1769 5729 22,
1804 5677 1873 5717 ex
1906 5659 2245 5733 Hegesippo.
2280 5658 2562 5718 Viliatum
2594 5675 2731 5735 ergo
2762 5661 2856 5719 hic
2885 5662 3175 5739 exemplar
3207 5664 3474 5725 Grecum
3504 5667 3748 5741 corrige.
