4116 6224
258 376 377 468 είδ

1367 380 1910 444 BlBLlOTHECA.
1957 415 2029 433 -ι
2075 386 2250 448 COD.
2299 387 2573 453 CCXXII.

3553 397 3673 462 814

253 505 393 598 πρὸς
429 503 955 598 βάθοςᾳκαταδύντες
988 508 1010 542 ³
1037 504 1338 578 ἀπωλείας,
1372 508 1422 580 ἑξ
1455 511 1528 565 ὧν
1572 510 1736 570 ἄλλοι
1774 511 1891 587 μὲγε

2026 516 2285 587 quidem,
2320 521 2460 590 quia
2487 521 2736 580 salutem
2780 539 2880 596 per
2914 524 3030 579 haec
3063 534 3530 598 consequuntur;
3565 529 3676 590 hoc

249 591 446 670 κερδος
504 591 881 669 συλλέγουσιν,
939 594 1093 652 αὐτοὶ
1152 603 1582 674 κακουργοῦντες
1649 601 1786 676 πρὸς
1842 603 1908 656 τὰ

252 683 431 762 χείρω
473 684 887 758 κατασύρονται.
930 683 1110 742 Ἀλλᾶ
1157 691 1322 743 ταῦτα
1385 689 1480 762 μὲν
1519 690 1610 745 καὶ
1657 691 1706 745 ἐν
1767 688 1908 763 τῷδε

250 778 334 847 τῷ
363 771 665 856 κεφαλαίῳ.

327 865 412 918 Ἐν
473 861 530 919 δὲ
593 868 711 927 τοῖς
757 863 880 935 ἑξῆς
937 863 1122 941 ἐρεύνῃ
1175 866 1536 944 φιλοθεάμονι
1595 865 1906 943 ἐμϐατεύων

252 951 576 1029 αἰτιολογεί,
637 953 736 1008 Διά
790 952 842 1008 τί
912 955 989 1026 μῆ
1068 955 1198 1032 ὑπὲρ
1284 955 1528 1032 ἀγγέλων
1607 961 1902 1030 πεσόντων,

251 1039 434 1115 ὥσπερ
495 1042 624 1117 ὑπὲρ
719 1041 1022 1116 ἀνθρώπων
1106 1044 1317 1120 γέγονεν
1389 1046 1698 1120 ἅνθρωπος,
1759 1051 1903 1104 οὕτω

249 1130 341 1190 διιῖ
397 1128 646 1205 ἄγγελος.
708 1131 806 1186 Καὶ
867 1133 1091 1205 πρώτην
1145 1135 1240 1206 μὲν
1308 1132 1641 1194 ἀποδίδωσιν
1703 1138 1902 1208 αἰτίαν,

247 1220 440 1293 ὅτιπερ
488 1216 674 1288 ἐπειδὴ
708 1218 768 1275 ἐκ
813 1220 990 1290 πάσης
1035 1227 1136 1292 τῆς
1186 1221 1416 1297 λογικῆς
1463 1223 1674 1301 φύσεως
1737 1228 1901 1299 μόνος

248 1308 278 1362 ὁ
311 1307 596 1382 ἄνθρωπος
628 1307 786 1383 σαρκὶ
817 1307 905 1364 καὶ
938 1307 1043 1384 ὕλῃ
1095 1307 1371 1382 συνεδέθη,
1405 1311 1600 1386 ἑτοίμη
1653 1310 1709 1372 δὲ
1766 1317 1900 1389 πρὸς

248 1393 478 1454 ὄλισθον
574 1395 702 1467 ὕλη,
735 1393 814 1452 ἔτι
845 1395 902 1452 δὲ
933 1401 953 1434 ³
985 1395 1104 1454 δυσὶ
1149 1399 1334 1478 φύσεσι
1387 1403 1725 1478 μαχομέναις
1780 1427 1896 1460 συν-

243 1486 423 1550 τεθεὶς
473 1486 499 1542 ὁ
544 1485 856 1563 ἄνθρωπος,
899 1487 1152 1562 ἑκατέρας
1196 1491 1332 1564 πρὸς
1389 1491 1450 1547 τὸ
1499 1491 1700 1549 οἰκεῖον
1753 1493 1899 1550 ἐπει-

241 1577 482 1650 γομὲνης
542 1573 866 1632 διασπᾶσθαι
907 1577 1058 1653 φιλεῖ
1111 1577 1173 1634 τὸ
1248 1583 1387 1648 ζῶον
1438 1580 1527 1638 καὶ
1589 1578 1900 1658 διαμερίζε-

243 1669 365 1722 σθαι
422 1665 526 1738 (Τὸ
583 1665 685 1742 γὰρ
753 1669 774 1702 ⁸
839 1667 1095 1744 φρόνημα
1141 1674 1240 1737 τῆς
1308 1671 1526 1744 σαρκὸς,
1587 1671 1662 1734 ὡς
1719 1672 1810 1728 καὶ
1868 1675 1896 1730 ὁ

239 1753 522 1815 θεσπέσιος
611 1753 827 1818 Παῦλος
904 1753 1352 1832 ἐπιμαρτύρεται,
1424 1763 1503 1832 τῷ
1587 1761 1739 1834 νόμῳ
1802 1766 1897 1818 τοῦ

2021 621 2172 675 vero,
2217 607 2355 678 quia
2393 609 2450 664 in
2493 611 2846 680 profundum
2891 612 3158 668 interitus
3209 615 3478 685 demersi,
3517 620 3674 676 unde

2019 693 2114 749 alii
2175 712 2445 765 magnum
2498 700 2725 756 lucrum
2772 700 3075 773 colligunt,
3124 703 3230 774 ipsi
3290 707 3540 763 maleﬁci
3599 710 3671 765 ad

2019 783 2303 841 deteriora
2336 787 2725 859 abripiuntur.
2754 793 2941 862 Atque
2964 792 3072 848 ista
3097 792 3206 847 hoc
3228 795 3416 865 capite
3444 795 3669 854 Jobius.

2089 872 2475 941 Sequentibus
2509 893 2660 948 vero,
2695 879 2784 951 (40
2817 884 2872 934 et
2902 880 3015 950 41),
3051 881 3338 938 curiosam
3370 883 3670 956 ingressus

2017 961 2496 1031 speculationem,
2533 983 2738 1022 causas
2792 969 3008 1023 reddit:
3047 969 3222 1036 Quare
3273 988 3379 1026 non
3419 989 3518 1043 pro
3568 992 3667 1031 an-

2013 1049 2148 1118 gelis
2181 1051 2349 1122 lapsis
2379 1056 2447 1108 sit
2477 1056 2658 1121 factus
2705 1057 2936 1124 angelus-
2984 1057 3108 1128 [Dei
3159 1059 3362 1130 Filius]
3404 1064 3666 1133 quemad-

2013 1140 2239 1196 modum
2293 1157 2387 1212 pro
2447 1143 2759 1202 hominibus
2818 1145 2972 1202 homo
3029 1149 3205 1217 factus
3261 1153 3356 1203 esl.
3408 1151 3662 1207 Primam

2014 1243 2149 1299 ergo
2181 1230 2349 1286 istam
2385 1247 2622 1288 causam
2657 1234 2839 1289 affert.
2875 1235 3362 1307 Quandoquidem
3397 1255 3465 1293 ex
3505 1241 3667 1294 omni

2015 1317 2278 1374 rationali
2317 1325 2538 1384 natura,
2564 1321 2719 1377 solus
2750 1322 2925 1378 homo
2958 1341 3131 1378 carne
3161 1333 3216 1380 et
3239 1328 3480 1385 materia
3505 1345 3667 1383 com-

2013 1411 2220 1477 pactus
2252 1412 2340 1467 est
2371 1409 2636 1480 (materia
2667 1428 2798 1471 vero
2831 1414 2899 1468 ad
2934 1429 3136 1470 casum
3171 1415 3374 1486 prona)
3402 1421 3575 1488 atque
3596 1433 3665 1473 ex

2011 1496 2238 1552 duabus
2287 1499 2528 1570 insuper
2572 1500 2972 1571 pugnantibus
3023 1503 3246 1557 naturis
3279 1507 3658 1576 compositus,

2011 1585 2150 1642 dum
2185 1591 2428 1659 utraque
2461 1590 2528 1644 ad
2566 1607 2733 1645 suam
2766 1607 2902 1646 eum
2949 1591 3344 1649 conditionem
3395 1593 3658 1667 impellit,

2011 1674 2204 1730 divelli
2228 1677 2651 1747 debetanimal,
2671 1697 2734 1736 ac
2757 1680 2935 1736 dividi
2958 1681 3267 1753 (Sapientia
3285 1685 3431 1738 enim
3450 1686 3657 1754 carnis,

2009 1765 2317 1825 utdivinus
2332 1768 2412 1822 ait
2427 1769 2656 1838 Paulus,
2674 1769 2782 1838 legi
2797 1771 3016 1829 Deinon
3028 1778 3106 1827 est
3121 1773 3388 1845 subjecta)
3405 1775 3508 1846 (ρ),
3527 1791 3663 1845 pro-

239 1848 377 1902 Θεοῦ
435 1842 542 1920 οὐχ
604 1844 1005 1919 ὑποτάσσεται),
1065 1842 1154 1903 διὰ
1207 1850 1372 1906 ταῦτα
1430 1847 1504 1910 ὡς
1567 1848 1733 1923 μόνος
1789 1854 1891 1908 τῶν

2006 1857 2204 1926 pterea
2225 1855 2388 1910 solus
2414 1855 2587 1912 homo
2611 1857 2762 1914 inter
2786 1861 3013 1915 ratione
3039 1842 3294 1932 praedi—la,
3324 1842 3660 1918 istiusmodi

240 1932 478 2009 λογικῶν
514 1933 542 1988 δ
571 1930 860 2005 ἄνθρωπος
899 1935 1174 1997 τοιαύταις
1206 1941 1544 2007 σωματικαῖς
1578 1935 1845 2004 συνδεθεὶς
1877 1940 1900 1974 ⁶

237 2020 448 2092 πέδαις,
492 2023 606 2078 εἶτα
664 2023 754 2078 καὶ
799 2025 900 2094 τὴν
953 2023 1239 2098 μετάνοιαν
1286 2024 1501 2080 οἷ’κοθεν
1537 2031 1633 2082 τοῦ
1675 2027 1898 2101 ὀλισθήο

237 2133 408 2184 ματος
453 2108 933 2187 προϐαλλόμενος,
984 2112 1211 2176 εἰκότως
1272 2114 1361 2172 καὶ
1410 2115 1667 2192 προνοίας
1701 2117 1777 2183 εἰς
1817 2118 1899 2173 τὸ’

229 2202 531 2272 ἀναστῆναι
586 2199 842 2264 πλείονός
883 2223 941 2260 τε
1004 2202 1096 2258 καὶ
1153 2202 1401 2276 μείζονος
1441 2203 1633 2279 δεῖται,
1665 2207 1752 2263 καὶ
1797 2213 1897 2277 τῆς

234 2289 392 2352 θείας
460 2287 849 2366 δαψιλέστερον
911 2289 1176 2348 ἀπολαύει
1240 2293 1517 2368 βοηθείας.
1561 2295 1659 2350 Καὶ
1711 2296 1740 2352 ὃ
1795 2316 1895 2354 κατ

222 2378 419 2454 ἀρχὰς
458 2378 678 2438 ἔλαττον
710 2381 818 2437 τῶν
858 2379 1046 2440 ιθλων
1079 2381 1314 2459 λογικῶν
1353 2383 1636 2460 ἀπέφαινεν
1670 2387 1691 2422 ⁷
1721 2387 1890 2460 ἡμᾶς,

221 2471 403 2524 τοῦτο
465 2467 713 2546 μεγάλης
773 2472 910 2545 ἡμῖν
954 2471 1229 2546 σωτηρίας
1276 2471 1529 2549 ἀφορμήν
1590 2474 1618 2528 ὁ
1680 2471 1888 2540 δίκαιος

223 2555 468 2630 ἀνέδειξε
510 2561 734 2633 Κριτής,
770 2562 894 2632 [335
941 2563 1033 2634 Η.)
1073 2561 1134 2624 ’ὸς
1177 2560 1267 2617 καί
1318 2559 1575 2633 συνέδησε
1604 2564 1625 2598 ⁸
1667 2564 1760 2638 μὲν
1811 2569 1890 2636 τῷ

227 2648 446 2722 σαρκίῳ
511 2647 761 2719 κολάζων
817 2651 916 2718 τήν
971 2648 1215 2727 ἔπαρσιν,
1269 2649 1338 2707 δι’
1397 2654 1462 2722 ἧς
1501 2652 1588 2708 καὶ
1637 2653 1886 2728 ἀγγέλων

220 2737 365 2809 τᾶλη
399 2735 908 2816 ἒκτραχηλισθέντα
935 2740 958 2776 ⁹
997 2741 1215 2798 ἀνίατον
1247 2735 1376 2816 ἴσχε
1414 2741 1475 2796 τὸ
1515 2746 1884 2817 παράπτωμα,

220 2828 344 2882 εἶτα
399 2825 459 2881 δὲ
515 2827 604 2881 καὶ
662 2827 918 2904 ἀφορμὴν
965 2833 1065 2895 τῆς
1115 2831 1246 2906 ὑπὲρ
1296 2834 1420 2884 νοῦν
1470 2829 1768 2907 εὐεργεσίας
1797 2834 1888 2888 τὸν

219 2920 561 2995 νομισθέντα
610 2917 810 2994 δεσμὸν
853 2927 954 2992 τῆς
992 2918 1130 2994 ὕλης
1185 2920 1430 2978 ὑπέθετο.
1462 2920 1526 2978 Τί
1575 2922 1676 2998 γὰρ
1706 2921 1767 2979 ἃν
1799 2922 1882 2994 εἴη

223 3016 419 3083 μεῖζον
474 3009 563 3063 καὶ
614 3007 955 3086 ὑψηλότερον
1003 3009 1079 3072 είς
1138 3008 1466 3086 εὐεργεσίαν,
1513 3013 1638 3085 [648
1697 3013 1784 3084 8.]
1831 3011 1882 3067 ἐν

220 3095 376 3171 δεξιᾷ
413 3102 515 3155 τοῦ
570 3098 777 3174 [ἰατρὸς
815 3097 946 3171 ὁρᾷν
996 3099 1056 3155 τὸ
1113 3098 1378 3174 ἡμέτερον
1439 3095 1723 3174 ἱδρυμένον
1783 3101 1886 3180 φύ-

2012 1943 2412 2014 corporalibus
2437 1944 2684 2002 vinculis
2705 1947 2973 2015 innexus,
2999 1950 3321 2019 deindeque
3344 1949 3543 2020 lapsus
3567 1951 3660 2006 sui

2008 2031 2472 2104 resipiscentiam
2507 2051 2538 2092 a
2569 2034 2760 2108 seipso
2810 2037 3080 2103 offerens,
3120 2038 3326 2094 merito
3369 2044 3424 2094 et
3467 2039 3656 2110 provi-

2006 2120 2200 2176 dentia
2230 2123 2302 2178 ad
2335 2123 2692 2196 surgendum
2727 2125 3003 2199 ampliore
3034 2132 3209 2198 atque
3245 2127 3462 2198 majore
3501 2128 3657 2182 indi-

2004 2211 2120 2276 get,
2151 2211 2209 2263 et
2239 2208 2434 2266 divino
2467 2210 2757 2282 copiosius
2783 2210 2992 2267 fruitur
3022 2213 3259 2268 auxilio.
3285 2215 3371 2268 Ita
3401 2213 3551 2284 quod
3584 2212 3656 2268 ab

2003 2294 2171 2352 initio
2204 2297 2354 2355 infra
2382 2297 2632 2371 reliquas
2665 2300 2888 2360 ratione
2921 2301 3193 2374 praeditas
3224 2310 3516 2357 creaturas
3549 2318 3656 2358 nos

2001 2403 2129 2444 esse
2159 2389 2433 2455 ostendit,
2466 2389 2573 2446 hoc
2606 2406 2829 2459 magnae
2859 2391 3030 2446 nobis
3061 2392 3267 2447 salutis
3298 2408 3534 2446 causam
3565 2397 3654 2446 at-

1999 2475 2202 2534 tulisse
2243 2478 2438 2550 juslus
2490 2479 2675 2534 Judex
2716 2479 3048 2548 declaravit,
3081 2480 3180 2552 qui
3215 2497 3321 2535 nos
3363 2479 3654 2550 colligavit

1999 2566 2232 2640 quidem
2266 2568 2424 2626 carni
2457 2569 2526 2623 ad
2561 2569 2940 2626 coercendam
2969 2569 3324 2641 superbiam,
3349 2584 3449 2642 per
3481 2585 3650 2640 quam

1997 2653 2108 2724 ipsi
2141 2655 2485 2727 angelorum
2530 2657 2765 2714 ordines
2815 2658 3179 2729 irreparabili
3213 2659 3379 2729 lapsu
3417 2659 3471 2712 in
3504 2674 3650 2728 prae-

1996 2758 2134 2820 ceps
2163 2743 2273 2800 acti
2307 2749 2485 2812 sunt;
2519 2748 2617 2804 sed
2647 2751 2931 2804 statutum
2977 2746 3122 2802 illud
3159 2745 3410 2801 materiae
3443 2746 3649 2803 vincu-

1995 2830 2117 2886 lum
2170 2832 2229 2887 in
2281 2833 2521 2888 infinitae
2567 2841 2771 2906 postea
2828 2835 3225 2896 beneficentiae
3281 2834 3648 2892 occasionem

1995 2920 2179 2978 vertit.
2205 2924 2478 2990 Quaenam
2512 2923 2667 2984 enim
2687 2929 2787 2981 aut
2814 2925 3018 2996 major,
3037 2930 3140 2984 aut
3161 2924 3526 2996 praestantior
3546 2924 3647 2978 be-

1997 3011 2308 3066 neficentia
2348 3027 2477 3068 esse
2531 3013 2734 3084 possit,
2765 3029 2940 3087 quam
2972 3015 3038 3069 ad
3074 3015 3370 3069 dexteram
3404 3014 3503 3068 Dei
3535 3013 3648 3068 Pa-

1996 3101 2102 3158 tris
2135 3101 2326 3158 videre
2358 3102 2656 3162 sedentem
2701 3110 2954 3162 nostram
3006 3103 3397 3159 conditionem
3425 3119 3438 3158 :
3470 3107 3527 3158 et
3557 3120 3647 3158 re-

218 3207 376 3263 ραμα
413 3188 504 3247 καὶ
536 3188 635 3258 τήν
685 3194 822 3244 ποτε
871 3185 1144 3258 στασιώδη
1179 3185 1334 3264 φύσιν
1387 3185 1628 3258 ὑπήκοόν
1684 3210 1743 3245 τε
1796 3179 1886 3248 καὶ

2005 3189 2314 3250 bellantem
2364 3191 2659 3264 quondam
2700 3197 2964 3250 naturam
3014 3192 3374 3250 obedientem
3409 3193 3535 3264 jam
3579 3209 3646 3248 ac

215 3277 513 3352 εἷρηναίαν
545 3276 635 3333 καὶ
666 3280 745 3348 τῷ
773 3277 940 3350 Πατρὶ
1005 3280 1112 3332 τῶν
1160 3274 1307 3332 ὅλων
1367 3275 1821 3353 διηλλαγμένηνς
1856 3281 1884 3336 ὃ

215 3363 312 3422 διὰ
343 3373 451 3434 τῆς
481 3365 740 3442 ἆπαρχῆς
777 3365 806 3420 ὁ
851 3364 1053 3437 ταύτην
1095 3361 1426 3442 προσλαϐὼν
1469 3366 1646 3443 Λόγος
1695 3368 1882 3441 ἀπειρ-

211 3455 450 3536 γάσατο.
485 3453 695 3526 Ταύτην
729 3476 820 3530 μοι
855 3451 1008 3512 δοκεῖ
1032 3455 1130 3524 τὴν
1164 3453 1389 3531 εἴρήνην
1436 3459 1514 3528 τῷ
1552 3458 1746 3530 κόσμῳ
1795 3459 1884 3516 καὶ

215 3541 309 3602 διὰ
348 3549 466 3600 τῶν
528 3545 804 3618 μαθητῶν,
855 3543 932 3607 ὡς
992 3543 1045 3600 ἐν
1112 3539 1430 3621 ἀρῥαϐὦνος
1487 3543 1662 3621 λόγῳ,
1721 3568 1885 3603 κατα.

217 3634 525 3709 λιμπάνων
556 3631 736 3708 λέγειν
767 3652 780 3665 '
814 3633 1058 3710 Εἰρήνην
1096 3635 1140 3670 ¹⁰
1168 3634 1266 3702 τήν
1295 3633 1436 3708 ἐμὴν
1465 3631 1668 3710 δίδωμι
1731 3638 1884 3713 ὑμῖν,

214 3725 308 3782 καὶ
360 3721 572 3800 ἀφίημι
625 3722 772 3796 ὑμῖν.
805 3723 927 3794 Καὶ⁵
964 3724 1039 3780 Οὐ
1093 3723 1272 3786 καθὼς
1322 3723 1350 3780 ὁ
1399 3725 1604 3800 κόσμος
1664 3723 1886 3782 δίδωσιν

217 3814 480 3888 εἰρήνην.
536 3813 638 3875 Οἷς
694 3809 933 3882 συνᾴδων
988 3811 1077 3868 καὶ
1138 3812 1166 3867 ὸ
1229 3814 1452 3888 γνήσιος
1509 3815 1782 3886 μαθητὴς,
1820 3817 1882 3874 Ἦ

216 3902 423 3976 εἰρήνη
489 3903 557 3967 ίί,
614 3901 770 3980 φησὶ,
824 3905 921 3956 τοῦ
978 3905 1131 3971 Θεοῦ,
1200 3903 1234 3972 ἡ
1316 3900 1656 3982 ὑπερέχουσα
1712 3903 1886 3960 πάντα

212 3996 372 4062 νοῦν,
444 3992 745 4069 φρουρήσει
831 3991 928 4056 τὰς
1021 3988 1251 4067 καρδίας
1341 3992 1542 4065 ὑμῶν’
1610 3993 1722 4064 καὶ,
1790 4001 1884 4049 Δι-

211 4081 551 4140 καιωθέντες
621 4081 667 4118 ¹²
745 4077 805 4135 ἐκ
891 4080 1127 4145 πίστεως
1227 4081 1450 4156 εἰρήνην
1534 4075 1740 4158 ἔχομεν
1820 4081 1887 4139 τά

213 4172 367 4246 πρὸς
467 4169 560 4225 τὸν
645 4169 774 4225 Θεὸν
869 4165 957 4224 διὰ
1048 4173 1150 4224 τοῦ
1226 4167 1426 4243 Κυρίου
1482 4170 1644 4244 ἡμῶν
1701 4171 1885 4242 Ἰησοῦ

213 4264 491 4338 Χριστοῦ,
551 4255 623 4316 δι’
670 4260 731 4315 οὗ
799 4260 892 4314 καί
949 4261 1049 4330 τὴν
1127 4260 1489 4336 προσαγωγὴν
1551 4257 1882 4336 ἆσχήκαμεν.

217 4350 300 4412 Οὐ
327 4351 441 4428 γὰρ
477 4345 543 4423 δὴ
584 4350 685 4420 τήν
712 4347 772 4408 ἐκ
809 4352 917 4404 τῶν
944 4346 1204 4424 πολέμων
1253 4348 1474 4425 εῗρήνην
1533 4350 1560 4420 ὃ
1608 4351 1708 4420 τήν
1748 4356 1887 4426 πρὸς

212 4437 524 4514 ἀλλήλους
553 4437 781 4496 ἐνταῦθα
819 4443 961 4496 νοεῖν
992 4435 1093 4511 δεῖ,
1125 4437 1271 4496 ἀλλὰ
1321 4435 1580 4512 δηλονότι
1627 4440 1725 4509 τὴν
1767 4439 1885 4498 ἑκά·

1995 3279 2324 3350 pacificam,
2349 3285 2405 3338 et
2427 3282 2832 3338 universorum
2868 3281 3090 3353 parenti
3117 3281 3485 3338 conciliatam
3518 3298 3650 3336 con-

1994 3369 2188 3427 tueri?
2215 3370 2375 3435 Quod
2410 3376 2542 3442 post
2572 3371 2724 3432 hanc
2755 3378 3142 3442 assumptam,
3178 3387 3282 3442 per
3312 3387 3482 3426 suam
3529 3369 3653 3442 pri-

1995 3457 2292 3515 mitiarum
2324 3459 2704 3530 oblationem,
2730 3460 2974 3516 Verbum
3009 3461 3245 3532 perfeci.
3278 3462 3465 3532 Atque
3494 3459 3648 3514 banc

1998 3546 2141 3602 mihi
2171 3564 2367 3620 pacem
2393 3549 2614 3606 mundo
2636 3565 2735 3622 per
2753 3547 3045 3621 apostolos
3066 3549 3223 3606 velut
3244 3548 3503 3621 pignoris
3523 3548 3646 3604 loco

1996 3636 2404 3710 relinquendo,
2447 3639 2638 3696 dicere
2665 3638 2951 3695 videtur:
2985 3639 3186 3694 Pacem
3232 3654 3410 3693 meam
3450 3637 3520 3692 do
3556 3654 3650 3693 vo-

1997 3725 2077 3782 bis
2103 3727 2204 3798 (ᾳ).
2226 3727 2329 3782 Et:
2364 3728 2480 3785 Non
2511 3727 2790 3798 quomodo
2811 3726 3050 3784 mundus
3077 3728 3172 3784 dat
3201 3743 3387 3797 pacem
3419 3728 3517 3799 (r).
3541 3729 3648 3784 Cui

1995 3815 2172 3874 etiam
2207 3814 2464 3872 concinit
2493 3831 2811 3886 germanus
2835 3816 2965 3886 ejus
2996 3815 3320 3887 discipulus
3348 3832 3360 3870 :
3389 3817 3531 3882 Pax,
3565 3817 3648 3871 in-

1996 3905 2146 3977 quit,
2182 3905 2296 3972 Dei,
2331 3919 2456 3978 quae
2496 3910 2789 3976 exsuperat
2836 3921 3054 3962 omnem
3102 3921 3344 3973 sensum,
3379 3905 3646 3962 custodiat

1995 3993 2160 4052 corda
2183 3995 2470 4064 vestram.
2497 3993 2595 4048 Et:
2638 3992 2835 4052 ποια
2867 3996 3170 4064 Justiﬁcati
3207 4009 3278 4050 ea:
3304 3995 3418 4062 ﬁde
3457 4010 3648 4067 pacem

1996 4082 2256 4140 habemus
2314 4083 2384 4140 ad
2441 4083 2630 4152 Deum,
2688 4100 2788 4157 per
2831 4085 3120 4140 Dominum
3169 4091 3415 4140 nostrum
3460 4085 3649 4140 Iesum

2000 4173 2276 4232 Christum
2303 4189 2402 4246 per
2446 4189 2604 4246 quem
2644 4179 2698 4229 et
2745 4188 3015 4230 accessum
3063 4173 3360 4230 habuimus
3404 4174 3486 4244 (ι).
3519 4173 3648 4230 Non

1996 4263 2152 4322 enim
2186 4263 2442 4334 profecto
2472 4278 2501 4318 e
2533 4262 2685 4320 bello
2717 4279 2915 4334 pacem
2949 4268 3150 4320 natam
3183 4268 3448 4319 mutuam
3483 4264 3649 4322 illam

1998 4352 2149 4409 inter
2180 4368 2284 4408 nos
2316 4352 2411 4410 hic
2443 4351 2764 4425 intelligere
2812 4356 3070 4424 oportet:
3109 4353 3207 4408 sed
3257 4369 3432 4426 quam
3477 4352 3652 4408 habet

2000 4438 2397 4512 unusquisque
2428 4455 2640 4511 secum,
2664 4456 2730 4498 ac
2753 4456 2853 4513 per
2873 4441 3135 4497 eamdem
3159 4439 3331 4496 etiam
3354 4457 3488 4497 cum
3519 4441 3649 4512 ejus

219 4488 523 4514 ””””Ι⁷’”“Ἰ
554 4488 781 4496 -’““”“⁷”’
828 4488 955 4496 ”⁷⁷’
995 4488 1093 4511 ⁷⁷⁷1
1127 4488 1271 4496 "nu"
1326 4488 1579 4512 ”ο’““’⁷”
1637 4488 1719 4509 “Ἶ’
1769 4488 1863 4498 ’”“”

219 4550 362 4586 στου
414 4528 557 4604 πρὸς
603 4528 816 4598 ἑαυτὸν,
847 4528 936 4584 καὶ
988 4523 1076 4585 διὰ
1131 4527 1332 4600 ταύτης
1392 4527 1530 4604 πρὸς
1557 4527 1646 4583 τὸν
1682 4523 1887 4604 δοτῆρα

2005 4488 2387 4600 largi-tereret
2414 4488 2918 4603 imperturbabilis
2957 4529 3166 4586 salutis
3211 4488 3649 4604 suppeditatum

218 4618 438 4690 ταύτης
490 4615 579 4673 καὶ
627 4623 730 4686 τῆς
777 4615 1140 4674 ἀστασιάστου
1193 4614 1467 4689 σωτηρίας
1531 4617 1691 4692 ἡμῶν
1757 4636 1890 4695 χορ-

219 4709 395 4783 ηγὸν,
430 4707 558 4775 ἥτις
587 4705 677 4762 καὶ
709 4711 938 4786 φρουρεῖ
965 4707 1060 4768 τὰς
1099 4703 1323 4782 καρδίας
1371 4708 1531 4778 ἡμῶν
1581 4705 1671 4762 καὶ
1721 4706 1886 4782 ὑπερ-

218 4799 348 4872 ἑχει
407 4795 584 4850 πάντα
641 4798 788 4866 νοῦν,
818 4795 907 4850 καὶ
967 4796 1030 4866 ἢν
1063 4795 1091 4848 ὁ
1149 4798 1357 4870 κόσμος
1399 4791 1608 4850 διδόναι
1641 4794 1701 4850 ού
1733 4792 1888 4851 δύνα-

1999 4634 2124 4690 quae
2156 4623 2214 4676 et
2235 4619 2410 4676 corda
2431 4623 2630 4676 nostra
2652 4620 2922 4691 custodit,
2946 4625 3004 4676 et
3027 4636 3257 4676 omnem
3283 4621 3504 4676 excedit
3523 4637 3652 4676 sen-

1999 4724 2155 4776 sum,
2175 4713 2231 4764 et
2262 4725 2436 4781 quam
2473 4708 2733 4764 mundus
2752 4708 2889 4764 dare
2909 4724 3020 4764 non
3055 4713 3266 4779 potest.
3297 4711 3485 4775 Quare
3513 4724 3649 4765 cum

2001 4797 2090 4854 his
2119 4815 2233 4854 non
2267 4803 2492 4871 pugnat
2523 4799 2666 4854 illud
2695 4815 2708 4854 :
2741 4799 2858 4856 Non
2890 4800 3014 4855 veni
3056 4798 3274 4855 mittere
3317 4815 3526 4871 pacem,
3557 4799 3654 4853 sed

216 4907 341 4945 ται.
378 4885 476 4944 Διὸ
507 4883 633 4941 οὐδὲ
664 4883 900 4963 μάχεται
931 4883 1018 4955 τὸ,
1063 4885 1176 4942 Οὐκ
1234 4886 1278 4922 ³³
1331 4883 1506 4954 ἦλθον
1570 4882 1756 4958 βαλεῖν
1813 4884 1891 4940 εἰ-

2005 4887 2248 4958 gladium
2278 4889 2376 4960 (ιι).
2411 4887 2611 4944 Mundi
2662 4888 2815 4945 enim
2870 4904 3091 4960 pacem,
3121 4889 3333 4958 inquit,
3368 4904 3479 4943 non
3522 4885 3651 4942 veni

213 4979 412 5052 ρήνην
450 4973 596 5032 ἀλλά
665 4973 959 5054 μάχαιραν.
1015 4976 1124 5046 Τῆν
1184 4974 1288 5054 γὰρ
1349 4975 1645 5049 κοσμικὴν,
1700 4977 1888 5054 φησὶν,

214 5067 461 5142 εἰρήνην
508 5065 612 5121 οὐκ
666 5064 842 5136 ἦλθον
899 5064 1086 5142 βαλεῖν
1129 5062 1314 5125 πάλιν.
1349 5067 1566 5124 Ἐσεσθε
1617 5067 1660 5102 ¹⁴
1693 5066 1892 5139 μισού-

2003 4978 2252 5036 mittere.
2275 4977 2558 5034 Rursum:
2579 4979 2750 5034 Erilis
2772 4977 2893 5034 odio
2917 4979 3169 5035 omnibus
3188 4979 3282 5049 (υ),
3307 4982 3364 5033 et
3391 4977 3444 5030 id
3464 4992 3652 5047 genus

2004 5067 2271 5140 plurima.
2291 5067 2528 5124 Piorum
2553 5068 2710 5124 enim
2735 5083 2869 5124 cum
2896 5072 3008 5123 Deo
3031 5068 3313 5136 affinitas,
3332 5066 3402 5120 ad
3427 5065 3652 5135 odium,

217 5176 394 5231 μενοι
457 5155 558 5212 ὑπὸ
607 5154 846 5228 πάντων,
890 5153 980 5211 καὶ
1024 5152 1212 5211 πολλὰ
1267 5159 1530 5212 τοιαῦτα·
1567 5157 1601 5226 ἡ
1663 5154 1765 5230 γὰρ
1815 5154 1891 5218 είς

2005 5157 2300 5227 invidiam,
2329 5161 2387 5213 et
2418 5161 2640 5214 metum
2673 5156 2886 5229 impios
2917 5156 3244 5213 concitavit.
3282 5156 3446 5211 Venit
3475 5154 3657 5226 igitur

296 5292 385 5360 (ρ)
419 5287 587 5346 Rom.
636 5305 759 5355 vui,
789 5291 844 5342 7.
882 5289 961 5360 (q)
987 5291 1160 5345 Joan.
1212 5303 1327 5355 xxv,
1373 5291 1462 5345 27.
1498 5288 1573 5359 (r)
1617 5286 1765 5344 Ibid.
1816 5286 1885 5344 28

2009 5285 2310 5358 )Philipp.
2366 5301 2438 5355 ιν,
2480 5285 2534 5340 7.
2587 5285 2652 5355 (ι)
2708 5283 2872 5338 Rom.
2931 5300 2984 5351 v,
3037 5284 3088 5339 1.
3125 5283 3208 5352 (ιι)
3237 5281 3436 5338 Matth.
3467 5298 3524 5348 x,
3565 5281 3655 5338 34.

213 5363 301 5435 (υ)
340 5364 526 5417 Μαι-ο.
560 5376 685 5429 xm,
717 5361 805 5417 13.

1596 5473 1841 5530 VARI/ﬂ
1878 5471 2296 5530 LECTIONES.

302 5587 330 5621 ³
361 5578 706 5658 καταδύνταιᾷ
729 5589 799 5658 _A.
876 5584 899 5620 ⁴
929 5579 988 5638 δὶ
1017 5583 1254 5658 add._A_.
1331 5582 1356 5619 ⁵
1383 5582 1452 5658 to
1475 5583 1600 5658 γὰρ]
1652 5582 1999 5658 Romam",
2042 5584 2096 5658 7.

211 5663 237 5694 *ι’
287 5653 860 5732 ἕκτραχηλιασθέντα-
890 5660 958 5712 Α.
1004 5655 1080 5732 _'_‘_’
1130 5653 1373 5732 εἰρήνην]
1422 5650 1599 5712 Jour-1:
1641 5671 1753 5732 xi],
1788 5655 1880 5712 27.
1961 5650 2004 5698 υ
2066 5654 2100 5724 ἡ
2145 5650 2273 5727 eis]
2315 5650 2577 5724 Philipp:
2613 5667 2687 5720 vr,
2736 5652 2792 5712 7.

219 5733 271 5769 ‘3
311 5723 444 5799 οὐκ]
470 5723 685 5785 mutili.
711 5746 765 5800 ι,
799 5729 890 5784 34.
973 5729 1018 5765 ¹⁶
1049 5723 1250 5798 ἔσεσθε]
1292 5723 1468 5784 Marc.
1505 5743 1628 5797 xm,
1663 5727 1748 5782 13.

2175 5579 2198 5614 ⁶
2245 5577 2509 5640 συντεθεὶς
2543 5577 2625 5654 ς’.
2701 5578 2721 5612 ⁷
2753 5575 3020 5687 ἆπέῗηνεν
3222 5577 3243 5613 ³
3274 5574 3539 5632 συνέδεισε
3572 5577 3658 5653 ς’.

2175 5650 2223 5687 ιη
2259 5651 2273 5687 i
2316 5651 2544 5687 ωάιςηη
2613 5667 2667 5687 υτ
2736 5652 2771 5687 7
2898 5652 2918 5687 ε
2970 5648 3197 5687 samum
3273 5650 3415 5687 unm
3495 5668 3527 5687 υ
3603 5653 3623 5687 4

2898 5648 2928 5687 ³⁷
2970 5648 3220 5708 δικαιωθ.
3273 5650 3440 5708 Rom.
3495 5668 3551 5719 v,
3587 5648 3656 5706 ⁷1.
