4184 6212
403 425 520 490 815

1608 420 1874 484 PHOTII
1921 420 2444 482 ΡΑΤΗΙΑΠΟΗἉΕ
2489 419 2603 479 GP.

3693 422 3838 498 816,

405 562 670 620 Salvator
719 579 918 634 pacem
965 561 1211 624 mittere,
1246 574 1374 630 quae
1417 573 1550 614 cum
1583 555 1778 611 animo
1806 571 1873 610 ea
1902 570 2044 609 con-

2160 551 2287 604 Θεὸν
2335 553 2442 604 τῶν
2485 542 2842 604 εύσεϐούντων
2903 570 3162 627 συναφεια
3210 549 3285 611 εἷς
3352 556 3515 624 μῖσος
3566 551 3658 606 καὶ
3699 553 3833 628 3:06-

407 655 644 720 sentire,
672 668 802 724 quae
833 650 1089 721 corporis
1120 651 1279 717 sunt,
1311 646 1467 713 facit,
1501 646 1770 716 quodque
1801 643 2054 698 deterius

406 746 514 807 est,
549 740 803 796 melioris
839 738 1078 795 arbitrio
1111 735 1369 806 subjicit.
1403 737 1584 800 Quam
1617 733 1849 804 quidem
1886 732 2053 787 nobis

407 829 672 901 praebuit,
699 844 830 884 cum
855 826 1056 883 rebelli
1081 834 1288 882 nostra:
1312 829 1534 879 naturis
1558 823 1853 894 paeiﬁcam
1877 821 2056 876 deita-

406 923 523 974 tem
558 917 861 989 copulavit.
886 916 1046 982 Quod
1080 921 1135 971 et
1167 914 1394 970 divinus
1426 913 1642 968 Paulus
1673 909 1891 972 docuit,
1921 926 2054 965 cum

408 1008 524 1063 ait:
554 1007 691 1063 Nam
722 1006 866 1076 quod
891 1003 1236 1078 impossibile
1263 1011 1380 1059 erat
1403 1003 1535 1073 legi,
1567 1001 1626 1056 in
1657 1016 1764 1071 quo
1797 1001 2054 1070 infirma-

410 1097 570 1152 batur
619 1113 723 1168 per
765 1111 1014 1163 carnem,
1066 1096 1205 1149 Deus
1254 1092 1460 1147 Filium
1515 1107 1679 1146 suum
1725 1091 1945 1144 mittens
1994 1088 2055 1142 in

404 1186 830 1242 similitudinem
859 1186 1043 1241 carnis
1072 1182 1306 1254 peccati,
1338 1185 1389 1238 et
1420 1181 1482 1237 de
1511 1184 1730 1252 peccato
1769 1178 2056 1233 damnavit

399 1282 688 1350 peccatum
721 1294 780 1332 tn
809 1293 976 1332 carne
1007 1277 1109 1347 (π).
1139 1273 1206 1329 Ut
1227 1273 1354 1343 jam
1385 1280 1514 1343 apte
1544 1273 1614 1326 de
1644 1271 1844 1326 eadem
1879 1286 1937 1324 re
1969 1269 2056 1324 di-

404 1371 600 1424 eatur:
639 1364 739 1422 Ubi
767 1363 918 1418 enim
945 1362 1245 1418 abundavit
1276 1361 1560 1425 delictum,
1592 1354 2054 1426 superabundavit

403 1457 589 1526 gratia
612 1454 712 1525 (ῃ).
739 1453 1128 1518 Quamobrem
1163 1455 1218 1505 et
1249 1446 1666 1518 redemptionis
1691 1450 1896 1499 nostra:
1922 1461 2052 1515 per-

403 1543 620 1596 fectum
656 1558 689 1594 a
717 1540 892 1594 verbo
925 1554 1094 1610 opus,
1123 1536 1401 1607 justitiam
1436 1534 1556 1601 Dei,
1587 1538 1642 1587 et
1667 1533 1974 1601 judicium,
2000 1533 2054 1587 et

403 1629 857 1685 misericordiam
907 1644 1073 1683 sacra
1121 1627 1416 1690 Scriptura
1467 1622 1772 1694 praedicat:
1807 1621 2052 1690 utjusto

399 1718 623 1790 judicio
673 1718 795 1785 Dei,
829 1716 927 1788 qui
976 1716 1128 1770 inter
1176 1712 1490 1769 rationales
1541 1715 1834 1766 creaturas
1883 1709 1992 1774 soli
2023 1725 2054 1762 e

405 1808 528 1862 luto
559 1805 822 1862 fabricati
852 1809 1009 1874 sunt,
1043 1803 1150 1859 soli
1177 1803 1348 1858 etiam
1382 1805 1543 1856 tanto
1578 1801 1793 1854 honore
1820 1803 1876 1854 et
1905 1798 2054 1853 inef—

2161 649 2252 694 νον
2307 639 2396 692 καὶ
2455 639 2618 712 φόνον
2669 642 2710 677 ³⁵
2751 641 2880 702 τοὺς
2937 637 3149 704 ἀσεϐεῖς
3218 639 3583 716 διεκύμαινεν.
3614 647 3824 702 Ἦλθεν

2164 729 2254 781 οῦν
2287 727 2314 781 6
2348 729 2540 802 Σωτὴρ
2579 728 2799 801 εἰρήνην
2837 728 3050 803 βαλεῖν,
3081 731 3204 799 ἥτις
3238 730 3500 809 σύμφωνα
3552 739 3622 808 τῇ
3661 738 3824 809 ψυχῇ

2163 816 2228 870 τὰ
2265 821 2360 870 τοῦ
2409 818 2662 888 σώματος
2706 817 2963 873 ἀποτελεῖ
3013 819 3102 874 καὶ
3169 822 3476 891 ύποτοὶσσει,
3507 825 3569 878 τὸ
3626 827 3826 899 χεῖρον

2159 910 2278 968 τοῖς
2319 910 2413 960 τοῦ
2459 906 2762 980 κρείττονος
2794 906 3111 982 βουλήμασι
3147 911 3208 968 ¹⁶.
3247 911 3341 965 Καὶ
3391 912 3637 989 παρέσγε
3685 913 3822 968 ταύ-

2161 993 2506 1064 ττ,ν,ἐνώσας
2565 997 2723 1066 ἡμῶν
2779 999 2847 1069 τῇ
2898 995 3184 1053 στασιώδει
3235 999 3390 1076 φύσει
3420 1003 3518 1069 τὴν
3566 1001 3829 1074 εἷρὴνσρ-

2163 1103 2264 1158 χον
2317 1083 2566 1153 θεότητα.
2618 1088 2788 1139 Τοῦτο
2830 1081 2886 1139 δὲ
2935 1087 3020 1140 καὶ
3069 1087 3096 1140 6
3149 1087 3426 1152 θεσπέσιος
3475 1090 3693 1151 Παῦλος
3738 1090 3831 1145 ἔκ-

2164 1168 2403 1226 διδάσκει
2456 1171 2651 1244 λέγων,
2696 1176 2772 1230 Τὸ
2814 1174 2857 1209 ¹⁷
2914 1175 3018 1248 γὰρ
3063 1173 3320 1232 ἀδύνατον
3353 1183 3450 1232 τοῦ
3509 1180 3708 1252 νόμου,
3772 1179 3828 1233 ἐν

2164 1262 2209 1332 ᾧ
2270 1260 2483 1329 ἠσθένει
2543 1260 2632 1315 διὰ
2697 1268 2800 1330 τῆς
2872 1263 3089 1334 σαρκὸς,
3143 1266 3170 1318 6
3239 1265 3370 1328 θεὸς

2162 1350 2286 1404 Υἱὸν
2369 1350 2588 1423 πέμψας
2673 1351 2722 1406 ἐν

2160 1438 2250 1492 καὶ
2327 1438 2449 1514 περῖ

3449 1268 3540 1322 τὸν
3625 1269 3827 1324 ἑαυτοῦ

2823 1353 3140 1427 ὁμοιώματι
3227 1356 3424 1430 σαρκὸς
3510 1357 3826 1432 ἁμαρτίας,

2535 1440 2823 1513 ἁμαρτίας,
2875 1443 3153 1517 κατέκρινε
3227 1445 3326 1512 τὴν
3415 1446 3684 1520 ἁμαρτίαν
3769 1447 3826 1502 ἐν

2161 1533 2230 1601 τῇ
2272 1530 2447 1601 σαρκί.
2481 1529 2570 1590 Ὡς
2619 1529 2876 1602 ἁρμόζειν
2925 1530 3006 1586 ἐπ’
3036 1532 3208 1601 αὐτῆς
3256 1532 3508 1608 λέγεσθαι
3539 1537 3628 1606 τὸ,
3662 1537 3741 1594 Οὗ
3778 1538 3833 1574 ¹⁸

2161 1616 2266 1691 γὰρ
2353 1615 2672 1672 ἐπλεόνασεν
2749 1621 2783 1687 ἡ
2862 1620 3119 1691 ἁμαρτία,
3208 1623 3717 1698 ὑπερεπερίσσευσεν
3782 1629 3833 1664 ¹⁹

2162 1708 2196 1774 ἡ
2230 1706 2413 1780 χάρις,
2449 1708 2540 1761 Διὸ
2586 1707 2675 1761 καὶ
2734 1709 2833 1776 τήν
2893 1710 3010 1764 καθ’
3040 1713 3191 1780 ἡμᾶς
3238 1715 3335 1765 τοῦ
3387 1713 3564 1788 Λόγου
3597 1715 3822 1770 οἰκονο-

2166 1793 2290 1866 μίαν
2327 1792 2672 1866 δικαιοσύνην
2705 1800 2837 1851 Θεοῦ
2883 1797 2974 1852 καὶ
3024 1799 3200 1874 κρίσιν
3243 1803 3333 1855 καὶ
3367 1799 3520 1857 ἔλεον
3564 1804 3625 1858 τὸ
3673 1805 3828 1877 ἱερὸν

400 1895 568 1953 fabili
595 1895 995 1951 misericordia
1019 1893 1178 1964 digni
1203 1891 1389 1948 habiti
1413 1891 1554 1946 sint.
1581 1887 1875 1944 Indicabat
1906 1887 2051 1942 idem

2167 1883 2523 1957 ἆνακηρύττει
2583 1886 2839 1960 Γράμμα,
2898 1889 2973 1950 ὡς
3041 1886 3223 1962 δικαίᾳ
3289 1891 3460 1963 κρίσει
3520 1897 3615 1948 τοῦ
3686 1899 3829 1949 Θεοῦ

405 1993 464 2044 et
496 2002 595 2058 per
621 1985 829 2040 Oseam
862 1980 1398 2052 dicens:$ponsabo
1438 1983 1489 2033 te
1532 1976 1674 2031 mihi
1713 1978 1770 2031 in
1802 1976 2055 2044 justitia,

407 2077 466 2130 in
485 2072 888 2138 misericordia,
904 2077 954 2126 et
976 2071 1035 2124 in
1058 2066 1509 2124 miserationibus
1527 2068 1616 2133 (τ).
1634 2063 1938 2119 Milleitem
1960 2061 2057 2116 alii

407 2178 585 2218 sacrae
635 2160 950 2230 Scriptura:
1002 2157 1112 2213 loci
1161 2157 1437 2220 clamant,
1472 2155 1544 2209 ob
1584 2151 1778 2208 carnis
1826 2149 2060 2206 vincula

408 2249 928 2308 commiseratione
977 2247 1221 2318 dignum
1254 2261 1380 2301 esse
1411 2244 1680 2299 habitum
1732 2240 2057 2295 humanum

405 2355 615 2413 genus,
639 2346 692 2393 el
725 2354 827 2408 pro
861 2353 1083 2391 annexa
1115 2335 1282 2390 nobis
1315 2333 1574 2395 materia,
1599 2331 2058 2387 incarnationem

405 2444 600 2494 suam,
621 2433 939 2494 ceteraque
971 2441 1037 2481 ex
1070 2440 1137 2479 ea
1170 2424 1424 2495 profecta
1447 2421 1597 2476 bona
1615 2420 1871 2476 vicissim
1891 2419 2056 2474 nobis

403 2517 656 2574 Domina
668 2533 721 2571 m
747 2517 1028 2571 donasse:
1051 2514 1383 2570 Recordatus
1396 2517 1492 2575 est,
1511 2511 1699 2582 inquit
1714 2509 1907 2576 David,
1933 2525 2060 2581 quo-

401 2606 561 2662 niam
578 2605 762 2677 pulvis
782 2621 972 2660 sumus
991 2603 1200 2675 (a.).Et:
1227 2604 1495 2672 Quoniam
1514 2617 1640 2656 caro
1659 2616 1852 2656 sumus
1874 2599 1966 2670 (ὁ).
1991 2599 2058 2654 Et

401 2695 510 2750 Job
535 2709 549 2748 :
585 2694 849 2748 Memento
877 2691 1019 2763 quod
1046 2694 1189 2747 sicut
1221 2691 1397 2746 tutum
1425 2691 1621 2762 feceris
1649 2704 1736 2743 me
1763 2691 1855 2756 (c).

2171 1971 2369 2044 μόνους
2417 1978 2524 2029 τῶν
2569 1973 2808 2050 λογικῶν
2865 1981 2943 2048 τῷ
2998 1978 3167 2050 πηλῷ
3226 1977 3575 2044 συνδεθέντας
3620 1983 3829 2054 μόνους

2166 2061 2254 2115 καὶ
2287 2065 2384 2131 τῆς
2415 2063 2685 2134 τοσαύτης
2717 2066 3012 2138 ἀξιωθῆναι
3046 2070 3368 2141 φιλοτιμίας
3411 2071 3501 2124 καὶ
3535 2075 3631 2126 τοῦ
3662 2073 3830 2128 ἀνεκ-

2168 2151 2405 2226 φράστου
2438 2151 2641 2214 ἐλέους.
2662 2150 2899 2222 Ἐδήλου
2933 2152 2989 2208 δὲ
3019 2155 3107 2209 καὶ
3131 2153 3219 2210 διὰ
3247 2162 3344 2212 τοῦ
3376 2159 3540 2229 Ὠσηέ
3571 2161 3636 2229 ²⁰,
3671 2163 3828 2232 Μνη-

2167 2239 2460 2312 στεύσομαί
2511 2262 2566 2295 σε
2623 2243 2845 2314 ἐμαυτῷ
2893 2246 2963 2315 9‘,
3012 2243 3209 2321 λέγων,
3262 2245 3314 2301 έν
3371 2245 3683 2324 δικαιοσύνῃ
3731 2254 3831 2306 καὶ

2167 2327 2219 2383 ἐν
2266 2327 2404 2401 ἐλέῳ
2451 2329 2540 2384 καὶ
2609 2330 2945 2405 οἰκτιρμοῖς.
3009 2335 3109 2390 Καὶ
3173 2337 3356 2411 μυρίοι
3430 2336 3589 2412 λόγοι
3649 2339 3823 2396 ἄλλοι

2165 2417 2303 2492 ἱεροὶ
2337 2422 2382 2454 2³
2415 2417 2827 2496 διακεκράγασιν
2871 2421 2956 2476 ὅτι
2987 2420 3075 2477 διὰ
3119 2429 3226 2479 τῶν
3271 2423 3484 2499 δεσμῶν
3535 2431 3637 2497 τῆς
3681 2450 3827 2505 σαρ-

2165 2507 2260 2567 κὸς
2320 2509 2650 2582 συμπαθείας
2702 2511 2764 2564 τὸ
2814 2511 3150 2585 ἀνθρώπινον
3209 2516 3418 2586 ἠξιώθη
3479 2516 3662 2590 γένος,
3727 2525 3821 2574 καὶ

2165 2595 2276 2650 ἀντὶ
2329 2597 2532 2667 ταύτης
2575 2605 2676 2666 τῆς
2731 2600 3086 2676 συναφθείσης
3135 2604 3269 2675 ἡμῖν
3323 2602 3461 2674 ὕλης
3510 2607 3609 2674 τήν
3668 2607 3823 2662 ἐναν-

2167 2686 2445 2759 θρώπησιν
2487 2685 2651 2740 αὐτοῦ
2673 2688 2764 2741 καὶ
2796 2689 2859 2742 τὰ
2892 2686 2960 2743 δι’
2994 2690 3164 2759 αὐτῆς
3207 2690 3381 2766 ἀγαθὰ
3439 2693 3832 2752 ἀνταπέδωκεν

403 2783 538 2852 ἡμῖν
570 2781 597 2835 6
630 2782 851 2854 Κύριος.
893 2782 1174 2854 Ἐμνήσθη
1208 2780 1254 2815 ³³
1280 2780 1408 2854 γὰρ,
1439 2778 1601 2856 φησὶν
1631 2778 1658 2832 ὁ
1691 2771 1878 2845 Δαϐὶδ,
1914 2774 1997 2828 ὅτι
2027 2777 2165 2849 χοῦς
2197 2774 2379 2848 ἐσμεν,
2412 2775 2500 2831 καὶ
2533 2777 2615 2830 ὅτι
2648 2780 2694 2814 ²⁴
2733 2777 2860 2852 σάρξ
2893 2777 3051 2852 ἐσμεν
3090 2798 3102 2810 ·
3137 2780 3223 2835 καὶ
3258 2783 3386 2851 [336
3537 2784 3564 2838 6
3596 2781 3723 2842 Ἰὼϐ
3747 2788 3817 2856 25’

406 2871 696 2942 Μνήσθητι
736 2869 818 2925 ὅτι
845 2869 1027 2941 πηλόν
1063 2891 1129 2943 με
1159 2865 1419 2930 ἔπλασας.

480 2961 732 3017 Alteram
765 2963 973 3017 deinde
1003 2965 1125 3016 tam
1158 2961 1386 3032 egregie
1408 2959 1664 3013 humano
1695 2956 1891 3029 generi
1926 2973 2056 3026 pro-

2241 2957 2495 3030 Δευτέραν
2539 2953 2675 3012 δ’ἄν
2731 2979 2815 3022 τις
2867 2957 3041 3014 αῗτίαν
3085 2960 3216 3038 φαίη
3273 2970 3376 3032 τῆς
3430 2968 3550 3039 περί
3605 2967 3666 3021 τὸ
3715 2970 3819 3022 ἀν-

409 3051 707 3122 spicienlis
739 3067 888 3106 cura?
922 3050 1073 3105 banc
1120 3049 1299 3103 fuisse
1347 3063 1583 3102 causam
1631 3045 1862 3108 dixeris,
1896 3043 2048 3116 quod

2171 3044 2440 3115 θρώπινον
2489 3045 2757 3116 τοσαύτης
2805 3048 3080 3122 προνοίας,
3116 3050 3190 3114 ὡς
3238 3051 3328 3106 ἐπ’
3357 3053 3537 3128 ἀρχῆς
3583 3057 3609 3109 6
3653 3054 3816 3112 Πλά-

408 3156 781 3211 nequaquam
822 3156 856 3194 a
899 3137 1186 3209 principio
1235 3137 1506 3192 Conditor
1556 3141 1819 3189 naturam
1873 3133 2054 3205 perfe-

407 3231 583 3295 ctam,
608 3226 1101 3297 quemadmodum
1138 3223 1379 3293 angelis,
1430 3221 1619 3278 2046
1662 3222 1738 3276 ita
1789 3226 1846 3276 et
1876 3220 2059 3275 homi-

405 3316 582 3371 nibus
625 3315 926 3382 tribuerit;
963 3316 1062 3370 sed
1115 3313 1363 3369 modicis
1413 3311 1816 3383 progressibus
1863 3310 2049 3380 perfe-

401 3406 654 3462 ctionem
687 3405 923 3460 tandem
950 3401 1225 3474 consequi
1269 3400 1538 3456 voluerit.
1574 3399 1962 3466 Quamobrem
1993 3403 2051 3454 et

401 3511 506 3566 pro
536 3492 769 3548 virtutis
803 3493 1056 3562 praemio,
1090 3496 1147 3546 et
1178 3507 1281 3563 pro
1315 3488 1597 3545 molestiis
1628 3487 1882 3542 toleratis
1923 3503 2048 3556 per-

398 3582 708 3638 fectionem
742 3581 1038 3654 rependit:
1071 3581 1210 3652 quin
1243 3585 1301 3636 et
1332 3578 1589 3634 medium
1625 3582 1869 3633 mortem
1901 3576 2050 3633 inter

399 3675 573 3743 atque
596 3671 1100 3727 immortalitatem
1126 3671 1319 3742 ipsum
1346 3668 1654 3724 constituit
1679 3692 1692 3735 ;
1714 3667 2050 3723 alterutrius

398 3761 652 3834 eligendi
687 3762 838 3816 facta
870 3765 1197 3832 potestate;
1233 3775 1365 3814 cum
1397 3757 1627 3814 interim
1670 3757 1882 3828 angeli,
1911 3762 1968 3812 et
1999 3755 2048 3811 si

399 3852 539 3924 quid
563 3851 715 3906 aliud
742 3851 965 3906 ratione
986 3850 1290 3922 praeditum
1305 3852 1360 3903 et
1377 3848 1776 3920 incorporeum
1793 3845 2047 3917 [uspiam

401 3940 647 4012 exsistit]
695 3956 759 3995 ex
814 3940 943 4010 ipso
1002 3955 1134 3994 mox
1187 3946 1311 3992 orlu
1362 3941 1580 3992 naturae
1640 3936 2046 4007 perfectionem

404 4032 601 4102 adepti
653 4031 790 4085 sint.
842 4029 1005 4085 Unde
1049 4033 1106 4084 et
1150 4027 1328 4084 David
1379 4028 1494 4082 ait:
1529 4028 1778 4082 Potentes
1830 4025 2045 4093 virtute,

400 4122 661 4192 facientes
692 4119 911 4174 verbum
938 4119 1090 4175 illius
1120 4119 1220 4189 (d),
1257 4118 1361 4172 hoc
1392 4124 1510 4172 est':
1546 4115 2047 4180 Quemadmodum

404 4225 502 4266 eos
536 4207 682 4264 nihil
715 4207 1107 4275 materiatum,
1142 4208 1225 4262 uti
1259 4223 1386 4273 nos,
1416 4205 1506 4260 vel
1537 4206 1802 4260 deorsum
1845 4203 2058 4282 trahit,

399 4298 490 4355 vel
523 4298 792 4369 impedit,
824 4298 904 4353 ita
935 4299 1071 4366 cito,
1105 4302 1162 4351 et
1189 4297 1412 4367 absque
1463 4312 1622 4352 mora
1662 4296 1825 4366 jussa
1876 4293 2048 4366 perﬁ-

401 4386 580 4440 ciunt.
614 4384 886 4456 Erigebat
915 4401 1050 4456 ergo
1083 4383 1374 4440 ineffabile
1402 4383 1496 4439 Dei
1525 4384 1861 4454 justumque
1884 4382 2047 4452 judi-

399 4473 577 4540 cium,
612 4478 676 4527 ut
705 4472 1056 4544 imperfectis
1097 4473 1331 4543 quidem
1374 4471 1510 4544 (quo
1558 4480 1813 4542 tempore
1863 4469 2044 4541 placi-

396 4565 524 4616 tum
575 4567 751 4626 esset)
801 4563 954 4633 quod
1001 4563 1199 4618 deerat
1246 4561 1567 4633 suppleret,
1607 4575 1751 4631 quos
1794 4575 1926 4614 vero
1972 4559 2042 4614 ab

397 4650 565 4706 initio
600 4651 886 4721 perfectos
939 4650 1308 4715 reddidisset,
1362 4666 1476 4704 non
1535 4647 1716 4702 simili
1766 4647 1856 4703 his
1906 4663 2044 4704 cura

393 4740 724 4814 previderet
746 4756 759 4794 :
785 4741 882 4795 sed
907 4756 974 4794 ex
999 4739 1602 4812 aequitatejudicaret,
1627 4753 1761 4792 cum
1785 4737 1892 4793 hos
1917 4755 2045 4793 con-

397 4835 588 4887 tenlos
619 4829 735 4886 illis
759 4830 980 4902 [rebus]
1013 4846 1141 4886 esse
1172 4829 1398 4894 debere,
1433 4845 1576 4897 quas
1606 4827 1839 4898 ipsimet
1868 4845 2042 4884 occa-

397 4923 661 4992 passent.
693 4925 817 4974 tum
851 4919 968 4976 illis
996 4935 1197 4974 earum
1230 4934 1423 4973 rerum
1455 4917 1712 4973 defectus
1759 4919 2042 4989 supplen-

397 5009 523 5077 dos,
559 5008 770 5080 quibus
802 5006 1118 5079 aliquando
1149 5005 1359 5077 privati
1402 5006 1673 5060 fuissent.
1709 5005 2043 5062 Enimvero-

397 5102 684 5169 quotquot
724 5114 792 5153 ex
821 5095 1045 5169 angelis
1076 5095 1224 5168 lapsi
1269 5099 1428 5165 sunt,
1463 5111 1575 5151 non
1608 5094 1646 5149 ii
1681 5095 1923 5151 materia
1953 5097 2043 5151 di-

397 5185 660 5256 velleote,
694 5201 882 5259 neque
931 5201 1100 5242 carne
1152 5185 1500 5255 retrahente,
1551 5185 1647 5241 sed
1699 5183 1936 5241 arbitrio
1984 5187 2041 5242 id

2167 3155 2296 3203 στης
2353 3137 2452 3188 οὑκ
2507 3135 2776 3201 αὐτοτελῆ
2831 3139 2931 3206 τήν
2991 3138 3172 3217 φύσιν,
3227 3143 3466 3215 καθάπερ
3524 3144 3818 3219 ἀγγέλοις,

2169 3224 2310 3279 οὕτω
2349 3223 2438 3277 καὶ
2469 3228 2548 3295 τῷ
2587 3225 2909 3300 ἀνθρωπίνῳ
2953 3227 3094 3302 γένει
3134 3232 3460 3306 παρέσχετο,
3494 3233 3639 3289 ἆλλᾶ
3694 3243 3826 3300 ταῖς

2158 3314 2294 3368 κατὰ
2356 3313 2548 3388 μικρὸν
2599 3321 2907 3388 προκοπαῖς
2956 3322 3053 3372 τοῦ
3097 3317 3318 3374 τελείου
3366 3323 3661 3399 τυγγάνειν
3733 3328 3819 3382 εὖ·

2159 3399 2384 3470 δόκησεν
2413 3418 2425 3432 ⁸
2462 3399 2546 3456 διὸ
2575 3402 2663 3456 καὶ
2721 3404 2917 3477 ἀρετῆς
2947 3407 3117 3460 ἆθλον
3152 3409 3243 3463 καὶ
3275 3389 3634 3474 κακοπαθείας
3686 3414 3815 3471 ἀντ⁸

2159 3493 2379 3564 ἀμείψιν
2438 3492 2536 3560 τὴν
2602 3490 2927 3564 τελειότητα
2993 3493 3203 3554 δίδωσι.
3239 3501 3362 3572 [649
3420 3503 3511 3574 R.]
3573 3503 3669 3557 Καὶ
3739 3503 3812 3574 δή

2157 3580 2245 3634 καὶ
2307 3581 2468 3653 μέσον
2530 3581 2758 3636 θανάτου
2813 3583 2903 3638 καὶ
2962 3585 3248 3649 ἀθανασίας
3289 3588 3448 3644 αὐτὸν
3499 3587 3669 3660 ἔθετο,
3707 3601 3815 3663 τῆς

2157 3670 2292 3743 πρὸς
2334 3670 2582 3744 ἑκάτερον
2641 3673 2897 3743 αἱρέσεως
2956 3674 3233 3753 dwarf-(vat;
3301 3678 3506 3755 κύριον.
3547 3683 3814 3759 ’Ἄγγελοι

2158 3756 2213 3813 δὲ
2263 3760 2352 3814 καὶ
2403 3759 2456 3814 εἷ’
2494 3783 2546 3816 τι
2598 3760 2738 3818 ἄλλο
2780 3762 3004 3842 λογικὸν
3057 3768 3145 3822 καὶ
3181 3767 3496 3844 ἀσώματον,
3539 3773 3588 3844 ἐξ
3632 3756 3810 3845 αὐτῆς

2156 3847 2398 3923 προόδου
2453 3851 2515 3904 τὸ
2573 3849 2624 3904 ἐν
2681 3856 2750 3925 τῇ
2809 3855 2963 3932 φύσει
3019 3854 3230 3912 τέλειον
3275 3858 3680 3934 ἐκληρώσαντο.
3716 3868 3818 3920 Διὸ

2156 3938 2246 3993 καὶ
2307 3938 2335 3992 6
2393 3939 2439 3974 ’6
2496 3934 2661 3994 Δαϐὶδ
2728 3963 2882 4021 φησι,
2935 3947 3158 4000 Δυνατοὶ
3220 3950 3263 3983 ³⁷
3315 3949 3474 4022 ἰσχύϊ
3528 3957 3821 4018 ποιοῦντες

2157 4027 2248 4083 τὸν
2290 4028 2458 4103 λόγον
2528 4029 2713 4100 αὐτοῦ,
2770 4029 3041 4088 τουτέστιν
3105 4036 3156 4089 οἳ
3203 4038 3247 4073 ³³
3283 4036 3477 4110 μηδενῖ
3524 4045 3632 4096 τῶν
3687 4042 3816 4098 ὑλι-

2155 4123 2288 4185 κῶν,
2349 4119 2588 4195 καθάπερ
2635 4124 2823 4194 ἡμεῖς,
2854 4125 3249 4199 καθελκόμενοί
3296 4150 3353 4184 τε
3400 4131 3490 4184 καὶ
3532 4134 3810 4200 συμποδι-

2161 4209 2401 4281 ζόμενοι,
2435 4207 2577 4264 οὕτω
2628 4207 2716 4264 διὰ
2758 4214 2968 4287 ταχέων
3029 4216 3116 4269 καὶ
3162 4217 3340 4292 χωρίς
3387 4240 3535 4282 τινος
3597 4222 3816 4294 μελλή-

2159 4317 2293 4359 σεως
2345 4296 2620 4373 πληροῦσι
2675 4300 2737 4355 τὸ
2802 4300 3181 4377 κελευόμενον.
3250 4311 3358 4377 Τῆς
3411 4307 3503 4362 οῦν
3559 4309 3805 4386 ἆρῥήτου

2080 4388 2124 4452 D
2157 4383 2552 4462 δικαιοκρισίας
2592 4389 2658 4458 ἦν
2695 4394 2790 4445 τοῦ
2822 4397 2956 4447 Θεοῦ
3003 4400 3121 4456 τοῖς
3177 4397 3270 4468 μὲν
3321 4395 3557 4467 ἀτελέσι,
3588 4383 3707 4453 καθ’
3741 4402 3801 4456 ὃν

2155 4473 2447 4549 ἐδοκίμασε
2493 4480 2538 4514 ²⁹
2583 4480 2794 4554 καιρὸν,
2827 4481 2890 4536 τὸ
2941 4481 3131 4538 λεῖπον
3174 4484 3590 4560 ἀναπληρῶσαι,
3623 4490 3716 4552 οὖς
3761 4489 3810 4545 δ’

2153 4565 2243 4618 ἀπ’
2276 4563 2455 4640 ἀρχῆς
2511 4567 2753 4631 τελείους
2805 4569 3094 4644 ὑπέστησε,
3154 4575 3230 4645 μή
3277 4577 3376 4644 τῆς
3426 4577 3620 4648 ὁμοίας
3667 4599 3802 4641 προ-

2151 4652 2300 4715 νοίας
2350 4654 2597 4727 ἀξιῶσαι,
2627 4656 2774 4713 ἀλλὰ
2819 4659 2946 4720 τοὺς
2994 4661 3086 4732 μὲν
3139 4664 3222 4723 οἷς
3270 4663 3574 4739 προέλαϐον
3617 4648 3804 4741 ἀρκεῖ.

2155 4743 2297 4814 σθαι,
2344 4742 2472 4806 τοὺς
2540 4743 2596 4799 δὲ
2653 4747 2726 4799 ὧν
2775 4749 3145 4822 ἓστερτςθησαν
3213 4750 3674 4828 ἀναπληρωθῆναι
3735 4759 3803 4812 τὸ

2155 4830 2431 4906 ὑστέρημα
2472 4830 2781 4893 δικαιῶσαι.
2813 4837 2914 4893 Καὶ
2971 4843 3079 4893 τῶν
3135 4839 3390 4916 ἀγγέλων
3432 4840 3491 4897 δέ
3530 4843 3646 4898 ὅσοι
3703 4868 3800 4901 πει

2151 4923 2450 4992 πτιῦκασιν,
2487 4923 2546 4978 οὗ
2577 4933 2678 4995 τῆς
2711 4925 2848 4998 ὕλης
2889 4931 3253 5000 κατασπώσης
3283 4929 3410 4987 οὐδὲ
3439 4939 3536 4989 τοῦ
3579 4937 3801 5010 σαρκίου

2157 5009 2536 5084 μεθέλκοντος,
2577 5022 2677 5085 τῆς
2735 5018 3100 5092 προαιρέσεως
3159 5017 3217 5074 δὲ
3281 5003 3344 5076 τὸ
3403 5021 3611 5098 φαῦλον
3648 5003 3808 5080 ’ἑλο-

2156 5101 2346 5172 μένης,
2379 5109 2481 5171 τῆς
2539 5102 2740 5165 οἷ’κείας
2787 5103 2946 5179 δόξης
3002 5107 3436 5187 κατηνέχθησαν.
3500 5116 3690 5186 Ἡμεῖς
3748 5113 3808 5169 δὲ

2150 5193 2248 5244 τοῦ
2290 5211 2349 5245 τε
2398 5192 2619 5266 σαρκίου
2677 5191 3035 5270 διοχλοῦντος
3084 5197 3174 5252 καὶ
3205 5203 3343 5272 ὲτῶν
3377 5197 3578 5256 ἐκεῖθεν
3618 5206 3804 5258 παθῶν

467 5282 745 5373 item.
780 5301 905 5373 xlii,
936 5286 990 5339 3.
1021 5286 1094 5355 (y)
1135 5284 1302 5340 Rom.
1339 5301 1390 5353 v,
1421 5284 1512 5338 ‘20:
1555 5282 1625 5353 (τ)
1656 5283 1820 5339 Osee.
1873 5300 1934 5351 ιι,
1995 5285 2051 5339 19

2160 5289 2208 5360 ιι)
2256 5290 2408 5346 Psal.
2454 5308 2553 5362 cu,
2604 5294 2687 5350 14.
2740 5295 2814 5366 (1))
2849 5295 2994 5352 Psal.
3049 5315 3260 5366 Lxxvn,
3301 5300 3385 5356 14.
3424 5301 3496 5372 (ε)
3523 5301 3634 5358 Job
3662 5320 3718 5373 x,
3748 5305 3806 5359 9.

394 5352 473 5423 (ἀ)
506 5355 653 5409 Psal.
688 5373 782 5426 cn,
811 5357 902 5413 20.

1741 5445 1980 5501 VARIzE
2023 5447 2442 5510 LECTIONES.

465 5541 509 5618 i5
567 5540 727 5616 φόνον
770 5543 816 5596 Α
849 5559 862 5597 :
899 5537 1065 5618 φόβων
1291 5543 1335 5578 ¹⁶
1393 5539 1731 5618 βουλεύμασι

383 5600 806 5688 ’ριέσ-σειξσεν-ρτ.
839 5617 886 5668 Α
911 5600 934 5670 ἐ
969 5600 1474 5688 ὓπερεπερίσσευσεν
1501 5615 1582 5688 ς.
1603 5600 1614 5618 ’
1659 5617 1703 5651 ²⁰
1735 5605 1792 5668 ’ό

391 5683 541 5770 ξοοηλ
575 5683 736 5770 feel;
773 5701 892 5770 νου,
929 5683 1162 5770 141"“,
1201 5683 1288 5770 καὶ
1336 5687 1442 5770 ﬁt]
1484 5683 1633 5744 P'sal.
1676 5704 1844 5754 cxvn,
1880 5683 1998 5742 {71.7
2043 5689 2090 5722 ἐ’
2138 5683 2396 5765 ’ῐὸ)3]’χ,
2428 5683 2488 5750 9_'
2560 5697 2604 5732 θη
2661 5697 2687 5750 δ
2730 5717 2845 5756 om,
2878 5683 2956 5760 Ἀξ

1337 5757 1396 5780 ρ

394 5759 435 5791 ³⁸
468 5752 541 5826 οἳ]
575 5755 705 5811 libri
739 5752 884 5809 οἷα..
929 5757 975 5791 ²⁹
1015 5752 1305 5826 ἐδοκίμαζε

1765 5542 1883 5630 ς’..
1926 5543 1968 5578 ⁸⁷
2024 5543 2085 5597 τὸ
2133 5547 2261 5654 γὰρ]
2313 5551 2479 5607 Rom.
2528 5571 2649 5623 vm,
2682 5559 2738 5611 3.

1765 5615 1916 5654 ")rn-el
1947 5631 1985 5654 π
2042 5617 2108 5654 40
2282 5618 2503 5654 ὶ......-π.
2546 5629 2567 5654 Α
2613 5643 2625 5654 .
2670 5623 2721 5654 2..

1798 5615 1916 5686 σηέ]
1947 5631 2006 5684 Ii,
2042 5615 2157 5673 19.’
2206 5615 2303 5674 “ﬁ

2819 5556 2862 5592 ¹⁸
2901 5556 2995 5630 0'3]
3039 5559 3204 5614 Rom.
3237 5577 3288 5630 v,
3315 5563 3405 5617 20.

2313 5627 2504 5706 μαυτῷ
2533 5622 2642 5706 AM:
2667 5623 2721 5706 έν
2755 5622 2903 5700 αὒτῷ
3095 5630 3140 5706 ²ξ
3186 5622 3330 5706 ἱερῦς

3035 5703 3078 5737 ³⁷
3111 5699 3351 5776 δυνατοὶ]

3485 5563 3529 5599 ¹⁹
3561 5561 3808 5637 ὑπερπε-

3451 5675 3466 5688 .
3501 5706 3511 5708 !
3541 5631 3586 5669 ³³
3632 5631 3807 5708 ἐμνή-

3429 5706 3537 5763 sal.
3580 5706 3677 5776 cn,
3711 5712 3807 5762 2U.
