4116 6224
280 362 403 422 817

1292 428 1295 431 λ
1371 356 1914 422 BIBLIOTHECA.
1962 391 2036 405 —-
2082 359 2256 421 COD.
2304 361 2588 424 CCXXII.

3567 370 3689 428 818

276 489 858 569 ὑπογαργαλιζόντων,
900 489 1040 565 πρὸς
1091 490 1157 545 τὰ
1208 488 1386 546 πλείω
1432 494 1541 544 τῶν
1602 489 1930 564 ἁμαρτημά-

2049 493 2200 562 quod
2234 493 2453 551 malum
2484 498 2606 550 erat
2625 494 2896 567 eligente,
2927 498 2999 553 de
3030 514 3134 554 sua
3162 498 3344 570 gloria
3392 499 3689 557 deturbati

267 604 378 639 των
412 579 475 637 οὔ
501 580 554 635 τί
582 601 645 658 γε
673 579 940 649 ἑκούσιοι,
970 579 1015 635 εί
1048 580 1137 635 καὶ
1172 581 1249 653 μὴ
1280 579 1342 636 τὸ
1393 579 1522 636 ὅλον
1574 578 1821 634 ἂκούσιοι
1854 580 1922 647 ³ο,

264 671 704 730 καταπίπτομεν.
738 670 842 727 Καὶ
897 670 1001 746 γὰρ
1059 671 1121 726 τὸ
1176 667 1460 743 δαιμόνιον
1503 669 1699 747 φῦλον,
1734 668 1782 724 εἷ
1835 668 1925 725 καὶ

265 767 383 824 τοῖς
434 759 660 834 αἵμασι-ι
719 757 909 829 ἥδεται
958 759 1049 814 καὶ
1098 765 1215 823 τοῖς
1247 757 1337 816 διὰ
1366 759 1565 836 σαρκὸς
1597 760 1781 835 χαίρει
1830 758 1926 816 πά-

271 855 439 919 θεσιν,
484 848 614 906 ἀλλ’
663 847 755 904 οὖν
811 845 964 903 οὐδὲν
1005 844 1213 903 τοῦτων
1264 849 1329 903 οὐ
1382 849 1549 922 μόνον
1606 848 1924 923 αὐτουργεῖν

270 940 426 1018 φύσιν
458 936 560 995 οὒκ
590 934 817 1013 ἔλαχεν,
846 935 976 993 ἀλλ’
1007 934 1125 993 οὐδ’
1157 936 1334 993 αἰτίαν
1375 935 1585 993 οἴκοθεν
1633 933 1750 1012 ἔχει
1792 939 1927 1013 πρὸς

270 1028 302 1084 ἃ
335 1030 413 1103 μή
448 1029 604 1102 θέμις
636 1026 1048 1102 ῥποσύρουσαν.
1081 1022 1221 1082 Οὔτε
1274 1026 1380 1101 γὰρ
1438 1026 1590 1101 ξίφος
1649 1025 1780 1081 ὠθεῖ
1838 1025 1929 1084 διὰ

266 1125 370 1187 τῆς
429 1116 605 1189 δεξιᾶς
656 1116 797 1191 πρὸς
853 1116 953 1184 τήν
1014 1116 1250 1192 σφαγὴν,
1312 1113 1438 1170 οὔτε
1493 1115 1707 1191 γάμους
1762 1116 1926 1178 αὐτὸς

268 1205 488 1279 ὁμιλῶν
523 1210 594 1280 τῇ
658 1200 950 1279 μοιχαλίδι
997 1204 1126 1265 τοὺς
1184 1204 1559 1279 ἀνθρωπίνους
1599 1206 1875 1278 ὃιορύσσει
1909 1224 1922 1239 ·

266 1294 399 1350 ἀλλ’
436 1291 561 1350 οὐδὲ
618 1294 790 1367 θυμὸς
840 1291 999 1348 αὐτὸν
1054 1291 1307 1363 κολάζειν
1366 1290 1612 1366 ἀδίκημα
1654 1295 1793 1369 πρὸς
1825 1296 1926 1364 τὴν

270 1385 490 1463 σφαγὴν
539 1384 786 1452 συνωθεῖ,
837 1381 898 1437 οὐ
956 1384 1064 1456 μὴν
1112 1379 1238 1438 οὐδὲ
1296 1390 1617 1457 σωματικῆς
1656 1379 1792 1459 ἔρως
1836 1383 1925 1458 μί-

263 1476 424 1543 ξεως.
456 1477 671 1545 ²Ἡμεῖς
718 1470 777 1527 δὲ
830 1469 1105 1534 πολλάκις
1163 1473 1254 1528 καὶ
1296 1474 1370 1527 ὢν
1408 1473 1508 1543 τήν
1541 1471 1747 1546 α’ίρεσιν
1797 1472 1930 1547 βδε-

262 1563 601 1636 λυττόμεθα,
651 1566 721 1636 τῇ
781 1563 929 1636 ῥοπῇ
979 1568 1083 1632 τῆς
1132 1560 1274 1634 ὕλης
1324 1563 1630 1634 νικηθέντες
1697 1561 1925 1637 ἐργαζό-

264 1654 425 1725 μεθα,
456 1652 548 1707 καὶ
585 1651 768 1730 βραχύ
798 1672 852 1706 τι
883 1650 1021 1727 πρὸς
1062 1651 1156 1707 τὸν
1193 1655 1292 1706 τοῦ
1339 1654 1526 1729 νήφειν
1573 1653 1726 1707 τόνον
1771 1653 1925 1707 ὑπεν-

260 1740 447 1804 δόντες
503 1745 625 1803 τοῖς
694 1740 921 1795 πάθεσιν
1005 1738 1532 1815 ἂνδραποδιζόμεθα.
1592 1742 1747 1796 Ὅθὲν
1832 1743 1924 1796 καὶ

2036 587 2192 638 sunt.
2219 585 2330 638 Nos
2362 588 2561 640 contra
2591 588 2648 640 et
2677 601 2848 641 carne
2871 586 3320 658 interturbante,
3343 593 3402 645 et
3432 589 3589 646 natis
3618 605 3688 646 ex

2033 686 2100 726 ea
2123 672 2529 729 affectionibus
2552 672 2945 741 titillantibus,
2960 676 3030 730 ad
3048 675 3324 750 pleraque
3338 676 3551 735 delicta
3567 695 3686 735 non

2033 766 2240 833 sponte
2271 762 2549 830 volentes,
2573 764 2678 819 sed
2710 780 2815 821 nec
2845 764 3084 821 omnino
3113 765 3302 835 inviti,
3326 765 3683 823 delabimur.

2033 850 2374 906 Deemonum
2406 852 2562 906 enim
2594 868 2804 924 genus,
2838 854 3063 910 tametsi
3093 854 3382 928 sanguine
3430 855 3683 914 delecte-

2031 941 2147 1007 tur,
2199 943 2257 995 et
2303 939 2530 997 cat-deis
2574 941 2826 1012 gaudeat
2873 942 3303 1011 affectionibus,
3347 961 3462 1001 non
3511 946 3687 1003 modo

2031 1029 2228 1083 tamen
2260 1044 2385 1084 eam
2417 1033 2690 1087 naturam
2720 1047 2836 1088 non
2869 1031 3112 1102 accepit,
3138 1037 3202 1088 ut
3231 1033 3549 1106 quidquam
3579 1034 3687 1090 ho-

2034 1133 2166 1172 rum
2198 1117 2473 1189 perficere
2503 1135 2602 1190 per
2633 1136 2694 1176 se
2724 1120 2926 1191 possit,
2960 1122 3056 1177 sed
3094 1138 3283 1193 neque
3314 1122 3495 1180 ullam
3525 1139 3593 1180 ex
3623 1139 3686 1181 se

2033 1206 2502 1277 proﬁciscentem
2535 1224 2771 1264 causam
2803 1207 2982 1265 habet
3011 1225 3142 1281 qua:
3169 1212 3238 1266 ad
3272 1211 3438 1267 nefas
3467 1211 3684 1270 trahat.

2033 1296 2229 1366 Neque
2258 1295 2415 1351 enim
2445 1295 2708 1369 gladium
2741 1298 2941 1355 dextra
2985 1299 3176 1355 vibrat
3206 1298 3281 1355 ad
3312 1300 3550 1369 caedem,
3586 1317 3682 1358 ne-

2034 1400 2148 1454 que
2193 1385 2430 1455 nuptias
2472 1386 2759 1443 humanas
2810 1403 2943 1444 cum
2984 1388 3250 1446 adultera
3297 1405 3689 1448 consuescens

2032 1472 2233 1529 violat.
2266 1474 2374 1530 Sed
2412 1491 2515 1530 nec
2558 1475 2865 1532 iracundia
2915 1477 3110 1550 ipsum
3144 1477 3410 1548 impellit,
3443 1481 3597 1536 caede
3623 1483 3688 1535 ut

2034 1566 2329 1633 acceptam
2364 1564 2641 1634 injuriam
2671 1566 2946 1632 vindicet,
2981 1582 3170 1637 neque
3200 1583 3487 1639 corporea:
3521 1584 3686 1625 com-

2036 1651 2330 1708 mistionis
2355 1670 2538 1709 amor.
2572 1655 2686 1711 Nos
2732 1670 2864 1711 vero
2906 1671 3079 1727 saepe,
3123 1657 3379 1712 materia:
3427 1657 3686 1728 pondere

2033 1738 2285 1807 incitati,
2317 1757 2387 1797 ea
2415 1758 2645 1814 quoque
2691 1749 3116 1816 perpetramus,
3149 1761 3277 1817 quae
3326 1748 3533 1817 sponte
3581 1746 3683 1801 de-

268 1828 487 1892 [Ιαῦλος
545 1824 701 1899 ὲϐὀα,
732 1827 867 1887 Οἶδα
896 1829 943 1867 ³¹
976 1828 1061 1885 ὅτι
1115 1829 1215 1885 οὐκ
1271 1829 1412 1886 οἰκεῖ
1469 1830 1522 1885 ἐν
1581 1828 1921 1905 ἐμοὲ,τουτ-

2041 1832 2317 1886 testemur
2344 1807 2576 1902 eligere,
2602 1807 2775 1904 atque
2796 1807 2868 1888 ad
2896 1834 3064 1889 breve
3096 1807 3415 1890 admodum
3447 1838 3683 1905 tempus

261 1922 409 1977 ἐστιν
465 1920 522 1976 ἐν
569 1924 640 1994 τῇ
691 1919 846 1995 σαρκί
901 1940 1027 1994 μου,
1058 1921 1121 1975 τὸ
1161 1920 1363 1996 ἀγαθόν
1399 1940 1413 1955 ’
1470 1921 1535 1976 τὸ
1583 1922 1688 1996 γὰρ
1748 1920 1923 1977 θέλειν

261 2009 587 2086 παράκειταί
621 2029 740 2082 μοι,
770 2009 858 2063 καὶ
901 2008 1026 2079 ἑξῆς
1061 2027 1073 2040 ⁶
1114 2008 1205 2063 καὶ
1231 2007 1416 2079 πάλιν,
1444 2010 1529 2067 Οὐ
1585 2010 1687 2086 γάρ
1718 2010 1747 2065 ὃ
1778 2008 1921 2066 θέλω

260 2102 407 2154 ποιῶ
493 2098 720 2175 ἀγαθὸν,
779 2096 907 2153 ἀλλ’
964 2097 993 2151 ὃ
1051 2096 1114 2152 οὗ
1200 2096 1363 2166 θέλω,
1425 2103 1587 2153 τοῦτο
1671 2099 1919 2176 πράσσω·

258 2184 509 2250 Εἰκότως
542 2185 635 2242 οὖν
676 2188 766 2242 καὶ
798 2186 978 2243 πλείω
1007 2188 1117 2241 τῶν
1150 2184 1472 2261 δαιμονίων,
1506 2190 1698 2267 φησὶν,
1749 2190 1923 2266 ἁμαρ.

256 2283 537 2351 τάνοντες,
576 2281 900 2355 συγγνώμης
948 2282 1116 2354 ἡμεῖς
1155 2280 1283 2337 ἀλλ’
1329 2280 1428 2337 οὐκ
1476 2279 1671 2339 ἐκεῖνοι
1715 2281 1920 2359 τυγχᾶ-

263 2391 472 2430 νουσιν,

344 2643 471 2698 Ἔτι
504 2636 561 2695 δὲ
593 2636 708 2695 οὐδ’
741 2640 793 2696 εἶ’
816 2660 899 2703 τις
940 2637 1089 2711 δοίη,
1121 2640 1278 2718 φησὶ,
1310 2639 1465 2717 φύσιν
1507 2638 1753 2716 ἀγγέλων
1803 2640 1926 2695 ἀνα-

276 2724 470 2786 λαϐεῖν
499 2730 593 2784 τὸν
626 2731 787 2802 ἡμῶν
822 2734 1058 2804 Σωτῆρα
1083 2729 1173 2784 καὶ
1221 2731 1519 2803 Λυτρωτὴν
1566 2726 1654 2783 ἐπὶ
1699 2732 1770 2794 τῆ
1798 2729 1925 2784 τού-

272 2839 385 2873 των
418 2816 686 2893 σωτηρίᾳ,
719 2814 872 2872 οὐδὲν
905 2815 965 2871 ἃν
1012 2814 1201 2892 κέρδος
1245 2816 1305 2872 ἐκ
1350 2819 1448 2886 τῆς
1496 2818 1785 2894 συναφείας
1831 2817 1930 2872 αὗ-

274 2913 399 2970 τοῖς
446 2907 678 2977 ἀπήντα.
712 2906 952 2982 Ἀνάγκη
1015 2907 1110 2980 μὶν
1172 2908 1273 2983 γάρ
1318 2908 1422 2963 οὐκ
1469 2907 1528 2961 ἃν
1580 2906 1773 2970 αὐτοὺς
1808 2929 1929 2981 μετ-

273 3006 438 3070 ῆγεν,
470 2996 652 3072 ὥσπερ
683 2994 808 3053 οὐδὲ
832 2996 965 3059 τοὺς
996 2998 1334 3074 ἀνθρώπους,
1367 2999 1472 3054 ἀπὸ
1511 2998 1607 3055 τοῦ
1634 3000 1930 3073 πτώματος

277 3088 371 3144 ἐπὶ
425 3087 489 3143 τὸ
545 3092 789 3161 κρεῖττον
820 3106 834 3121 ο
868 3087 959 3142 τὸν
1030 3085 1087 3143 δὲ
1135 3086 1365 3162 θεοφιλῆ
1407 3089 1497 3144 καὶ
1540 3089 1758 3163 ἄριστον
1811 3087 1927 3164 βίον

272 3179 475 3252 πρᾶξις
532 3174 726 3250 ἀρίστη
779 3175 867 3231 καὶ
915 3180 1092 3241 νεῦσις
1139 3176 1215 3241 εἷς
1256 3178 1407 3249 Θεὸν,
1431 3177 1563 3251 ὅπερ
1596 3176 1707 3233 ἐστὶ
1749 3178 1930 3241 πίστις

271 3264 649 3337 ἇκηλίδωτος,
698 3265 1107 3337 κασασκευάζει,
1156 3268 1231 3321 ὧν
1281 3268 1417 3341 ἡμῖν
1473 3266 1775 3343 εἰσηγητὴς
1841 3267 1930 3322 καὶ

273 3352 616 3417 διδάσκαλος
670 3354 698 3409 ὁ
758 3356 1056 3428 σαρκωθεές
1096 3354 1438 3431 ἐχρημάτισε
1482 3355 1682 3434 Λόγος.
1710 3356 1930 3412 Τούτων

272 3443 336 3500 δὲ
381 3441 662 3518 οὐδέτερον
695 3444 835 3520 πρὸς
866 3446 993 3518 [337
1030 3446 1128 3517 Η.]
1170 3441 1521 3500 διδασκαλίαν
1571 3446 1660 3501 καὶ
1703 3445 1934 3519 μάθησιν

270 3530 528 3609 (ᾔδεισαν
574 3533 679 3607 γὰρ
712 3535 897 3609 σαφῶς
928 3533 1206 3608 ἑκάτερον)
1236 3538 1316 3607 τῷ
1359 3538 1468 3589 τῶν
1515 3533 1762 3610 ἆγγέλων
1817 3556 1936 3590 συν-

268 3621 455 3679 ετέλει
502 3619 640 3697 γένει
673 3640 686 3653 ·
744 3619 797 3691 ἐξ
840 3620 1010 3691 αὐτῆς
1060 3622 1165 3698 γὰρ
1212 3625 1548 3698 παραγωγῆς
1580 3624 1680 3692 τήν
1725 3624 1936 3680 τούτων

269 3713 431 3786 εἶχον
482 3715 700 3785 γνῶσιν.
734 3710 807 3765 Οὔ
863 3709 989 3786 γὰρ,
1022 3709 1203 3786 ὥσπερ
1262 3714 1451 3785 ἡμεῖς,
1497 3716 1606 3768 τῶν
1665 3713 1931 3770 τοιούτων

270 3797 493 3862 ἒπιδεὶς
544 3800 607 3854 τὸ
674 3799 991 3872 ἀσώματον.
1052 3802 1151 3857 Καὶ
1207 3802 1313 3877 γὰρ
1360 3802 1452 3856 καὶ
1517 3802 1609 3857 τὸν
1662 3804 1786 3858 Υἱὸν
1837 3806 1935 3859 τοὺ

271 3893 418 3946 Θεοῦ
463 3889 619 3965 σαρκὶ
667 3888 908 3965 παρόντα
956 3887 1207 3963 δαίμονες
1258 3889 1639 3966 ἐπεγίνωσκον,
1671 3892 1761 3947 καὶ
1812 3912 1934 3967 κρι-

273 3981 386 4048 τήν
424 3978 519 4033 καὶ
562 3978 890 4053 βασανιστὴν
939 3978 1031 4033 καὶ
1075 3980 1349 4051 Δεσπότην
1400 3980 1784 4056 ἀνεκήρυττον.
1836 3979 1933 4038 Καὶ

275 4068 345 4125 τὸ
377 4067 526 4141 ἱερὸν
557 4065 795 4141 Γράμμα
829 4072 1089 4141 μαρτυρεῖ
1131 4067 1311 4141 λὲγον,
1351 4068 1423 4123 Σὺ
1454 4068 1503 4105 ³²
1545 4070 1817 4132 πιστεύεις
1850 4068 1933 4125 ὅτι

273 4156 418 4216 Θεός
479 4153 615 4222 ἐστι,
670 4154 760 4209 καὶ
817 4153 884 4210 τὰ
937 4153 1194 4227 δαιμόνια
1246 4156 1560 4212 πιστεύουσι
1627 4158 1720 4213 καὶ
1787 4157 1939 4236 φρίσο

2029 1919 2362 1976 sobrietatis
2409 1919 2767 1978 contentioni
2817 1924 3111 1990 cedentes,
3162 1940 3369 1980 rursus
3417 1923 3491 1980 ab
3540 1925 3682 1980 aﬂ'e-

2030 2008 2223 2064 ctibus
2247 2009 2465 2065 nostris
2486 2010 2695 2080 captivi
2710 2011 3078 2068 abducimur.
3097 2011 3256 2068 Unde
3268 2016 3324 2068 et
3338 2012 3550 2069 Paulus
3562 2012 3682 2069 cla-

2031 2096 2247 2153 mabat.
2287 2097 2409 2154 Scio
2455 2099 2585 2170 quia
2633 2115 2743 2155 non
2785 2099 3001 2155 habitat
3043 2101 3104 2155 in
3150 2117 3258 2168 me,
3316 2107 3415 2157 hoc
3471 2106 3571 2170 est,
3621 2103 3680 2157 in

2029 2202 2197 2242 carne
2220 2202 2360 2254 mea,
2386 2187 2605 2244 bonum.
2631 2189 2768 2244 Nam
2789 2188 2928 2244 velte
2955 2187 3168 2260 adiacet
3188 2189 3333 2245 mihi
3354 2189 3449 2260 (ε),
3477 2194 3535 2245 et
3556 2206 3681 2261 quae

2030 2278 2398 2346 sequuntur:
2442 2277 2812 2348 iterumque:
2853 2276 2972 2334 Non
3027 2280 3176 2334 enim
3230 2278 3371 2350 quod
3419 2278 3534 2335 ut“
3588 2279 3681 2329 ‘n-

2029 2380 2187 2432 num,
2218 2364 2317 2420 hoc
2353 2365 2528 2437 facta,
2559 2365 2656 2421 sed
2681 2368 2827 2439 quod
2863 2367 2989 2423 noto
3031 2366 3287 2439 [malum]
3319 2366 3418 2423 hoc
3455 2387 3479 2422 at
3528 2412 3533 2419 .
3590 2387 3675 2433 μ),

2031 2453 2231 2510 Merito
2280 2453 2474 2526 igitur,
2517 2454 2625 2510 etsi
2674 2454 2845 2527 plura
2890 2471 3067 2527 quam
3116 2456 3433 2522 daemones,
3464 2457 3505 2509 ἰν
3538 2458 3674 2524 τιέξ,

2033 2559 2359 2614 peccemus,
2392 2560 2500 2601 nos
2525 2544 2754 2601 veniam
2786 2560 3231 2615 consequemur,
3266 2561 3382 2601 non
3414 2544 3543 2616 ipsi.

2102 2631 2369 2705 Amplius
2398 2650 2552 2701 vero,
2576 2649 2766 2705 neque
2791 2633 2840 2689 si
2872 2634 3225 2691 concesserit
3250 2632 3569 2706 quispiam,
3593 2633 3678 2688 in-

2034 2725 2181 2794 quit,
2203 2723 2393 2779 205a
2428 2728 2694 2780 nostrum
2721 2722 3080 2779 Salvatorem
3122 2738 3190 2779 ac
3223 2722 3670 2793 Redemptorem

2036 2811 2375 2885 angelorum
2407 2816 2676 2868 naturam
2710 2828 2814 2885 pro
2840 2811 3074 2868 illorum
3105 2810 3294 2868 salute
3324 2810 3675 2882 suscepisse,

2037 2901 2412 2957 commodum
2446 2900 2592 2972 ipsis
2623 2900 2806 2957 ullum
2838 2916 2907 2957 ex
2936 2901 3042 2958 hac
3070 2900 3354 2957 afﬁnitate
3387 2899 3678 2956 obveniat.

2040 2990 2163 3047 Non
2213 2990 2371 3045 enim
2420 2989 2735 3047 necessitas
2780 2990 2959 3062 ipsos,
2988 2994 3054 3045 ut
3091 3003 3277 3060 neque
3328 2988 3616 3057 homines,
3650 3003 3686 3042 a

2039 3078 2210 3151 lapsu
2242 3080 2314 3135 ad
2343 3078 2632 3135 meliorem
2677 3083 2896 3136 statum
2945 3079 3257 3135 transferat
3285 3094 3298 3132 :
3333 3078 3433 3135 sed
3465 3077 3687 3148 optima

2041 3185 2288 3241 quaeque
2310 3168 2588 3241 operatio,
2606 3173 2781 3241 atque
2804 3183 3128 3240 propensus
3151 3167 3209 3223 in
3230 3168 3407 3223 Deum
3430 3166 3687 3235 animus,

2041 3259 2195 3330 quod
2225 3267 2309 3316 est
2339 3259 2486 3315 ﬁdes
2515 3258 2912 3325 immaculata,
2937 3261 3163 3329 gratam
3197 3255 3313 3312 Deo
3343 3256 3519 3312 vitam
3552 3270 3690 3327 pro-

2042 3348 2297 3420 bamque
2345 3348 2545 3413 et’ﬁcit,
2591 3362 2840 3419 quorum
2892 3347 3064 3403 nobis
3106 3345 3223 3401 dux
3266 3349 3323 3400 et
3371 3348 3690 3416 praeceptor

2042 3436 2295 3494 Verbum
2328 3438 2694 3494 incarnatum
2728 3436 2857 3505 fuit,
2889 3451 3024 3492 cum
3055 3450 3255 3491 eorum
3299 3438 3494 3490 tamen
3545 3448 3691 3489 neu-

2043 3530 2202 3583 trum
2232 3525 2306 3583 ad
2334 3525 2580 3598 angelici
2627 3524 2858 3598 generis
2887 3523 3003 3580 (cui
3035 3522 3157 3580 hmo
3188 3522 3315 3594 ipsa
3345 3522 3491 3578 satis
3523 3526 3691 3578 erant

2042 3617 2297 3689 cognita)
2331 3615 2776 3672 instructionem
2814 3618 2988 3686 atque
3028 3613 3352 3669 doctrinam
3401 3612 3692 3669 conduce-

2045 3710 2168 3773 ret;
2201 3705 2303 3775 qui
2335 3705 2407 3761 ab
2435 3704 2564 3775 ipsa
2592 3704 2685 3760 sui
2718 3702 3098 3776 productione
3134 3701 3345 3758 horum
3376 3699 3684 3756 scientiam

2044 3789 2411 3850 habuissent.
2445 3798 2643 3864 Neque
2673 3791 2852 3857 enim,
2879 3800 2938 3846 ut
2968 3806 3093 3857 nos,
3114 3788 3332 3845 talibus
3362 3787 3692 3858 incorporei

2041 3885 2327 3955 indigent.
2360 3882 2589 3938 Etenim
2637 3881 2738 3936 Dei
2782 3878 2993 3934 Filium
3025 3878 3084 3933 in
3125 3891 3298 3933 carne
3347 3877 3690 3948 presentem

2044 3976 2339 4030 daemones
2368 3969 2776 4043 agnoscebant,
2810 3972 2865 4023 et
2888 3968 3151 4038 judicem
3179 3981 3314 4020 eum
3348 3978 3578 4035 pcenam
3609 3962 3696 4018 in-

2043 4065 2345 4128 ferentem,
2360 4078 2426 4118 ac
2449 4061 2755 4117 Dominum
2776 4057 3164 4130 praedicabant
3184 4054 3281 4126 (g).
3297 4054 3363 4110 Et
3384 4068 3564 4110 sacrm
3585 4052 3695 4108 hoc

2041 4158 2264 4211 testatas
2297 4152 2522 4208 Littera
2552 4149 2757 4205 aiunt:
2792 4148 2865 4203 Tu
2897 4145 3077 4203 credis
3107 4144 3372 4216 quoniam
3410 4143 3551 4198 Deus
3590 4144 3689 4207 est,

275 4264 483 4302 σουσι³
533 4247 664 4318 [652
703 4246 795 4320 8.]
844 4245 934 4300 καὶ
984 4244 1260 4322 ἀλλαχοῦ,
1308 4247 1411 4302 ’Ῑὸν
1465 4248 1559 4320 μὲν
1617 4250 1664 4285 ιι
1705 4232 1930 4324 Χριστὸν

2049 4248 2216 4302 etiam
2246 4243 2519 4302 daemones
2539 4239 2787 4307 credunt,
2811 4237 3304 4326 “contremiscunt
3326 4232 3423 4303 (h).
3450 4235 3697 4326 Iterum-

278 4332 435 4405 οἶδα,
496 4333 586 4388 καὶ
642 4333 737 4389 τὸν
807 4334 1020 4391 Παῦλον
1083 4333 1374 4409 ἑπίσταμαι
1409 4356 1422 4370 ·
1482 4337 1545 4391 σὺ
1603 4334 1659 4392 δὲ
1714 4337 1795 4400 τίς
1864 4338 1941 4400 είς

278 4424 333 4496 ἐξ
359 4424 442 4480 ὦν
476 4420 650 4494 δῆλον
682 4422 767 4479 ὅτι
796 4425 860 4479 τὸ
892 4420 1177 4496 δαιμόνιον
1209 4424 1379 4503 φῦλον
1413 4424 1474 4481 οὐ
1510 4425 1674 4499 μόνον
1706 4425 1829 4501 ᾔδει
1883 4448 1943 4483 τε

280 4512 379 4567 τὸν
445 4510 577 4565 Θεὸν
645 4510 736 4565 καὶ
794 4507 1054 4566 ἐδεδοίκει
1112 4511 1203 4566 καὶ
1258 4506 1461 4579 ἔσεϐεν,
1492 4510 1640 4568 ἀλλὰ
1672 4512 1762 4568 καὶ
1813 4513 1940 4575 τοὺς

277 4600 495 4656 ἐκείνου
524 4601 782 4676 γνησίους
807 4600 1154 4677 θεραπευτάς.

356 4688 554 4748 Αἱτίαν
615 4686 675 4743 δὲ
722 4695 824 4759 τῆς
876 4688 1083 4763 ἀφάτου
1152 4688 1564 4767 φιλανθρωπίας
1619 4691 1942 4748 ἐπισύναπτε

278 4780 376 4835 καὶ
429 4777 658 4848 ταύτην.
707 4780 874 4852 Ἡμῖν
936 4780 1032 4854 μὲν
1098 4780 1300 4856 ἀνοίγει.
1355 4781 1449 4837 τὸν
1500 4783 1727 4856 οὐρανὸν
1785 4782 1940 4839 οὔπω

274 4868 551 4945 γεγονότα
583 4868 747 4941 βατὸν
784 4864 910 4924 οὐδὲ
940 4868 1127 4924 θεατόν
1163 4888 1176 4901 ’
1209 4870 1269 4936 ’ὸς
1305 4871 1396 4926 καὶ
1453 4872 1726 4946 οὐρανῶν,
1759 4873 1939 4946 οἶμαι,

282 4957 550 5034 βασιλεία
606 4959 1087 5032 προσαγορεύεται.
1127 4958 1272 5014 Κατᾶ
1322 4960 1424 5037 γὰρ
1468 4962 1561 5017 τὸν
1613 4963 1755 5018 θεῖον
1811 4966 1940 5017 Παῦ-

277 5048 410 5117 λον,
461 5046 818 5105 Ἐνεκαίνισεν
871 5048 918 5083 ⁸⁴
968 5050 1107 5123 ἡμῖν
1175 5045 1298 5104 ὁδὸν
1331 5053 1638 5129 πρόσφατον
1693 5053 1782 5107 καὶ
1840 5056 1941 5120 ζῶ-

277 5159 384 5193 σαν
426 5158 441 5172 ·
494 5139 610 5208 καὶ,
642 5135 759 5195 Οἰικ
799 5139 847 5175 ³⁵
913 5138 989 5202 είς
1058 5139 1421 5215 χειροποίητα
1477 5141 1605 5219 ἅγια
1666 5139 1940 5214 εἰσῆλθεν,

275 5224 416 5282 ἀλλ’
488 5224 565 5287 εἰς
633 5224 792 5282 αὐτὸν
881 5227 974 5282 τὸν
1060 5225 1309 5304 οὒρανὸν,
1368 5233 1457 5285 νῦν
1551 5230 1942 5309 ἐμφανισθῆναι

2050 4346 2161 4404 que
2191 4330 2328 4386 alibi
2353 4347 2367 4386 :
2398 4332 2587 4386 Iesum
2607 4324 2754 4387 novi.
2788 4331 2844 4380 et
2880 4320 3127 4379 Paulum
3154 4320 3302 4376 scio:
3324 4325 3384 4374 tu
3413 4332 3537 4375 vero
3573 4316 3699 4389 quis

2047 4436 2103 4478 es
2124 4420 2229 4494 (t)?
2246 4420 2407 4477 Unde
2427 4418 2571 4474 satis
2592 4420 2774 4489 patet,
2796 4415 3123 4470 daemonum
3149 4409 3447 4466 nationem
3472 4422 3585 4463 non
3604 4421 3700 4494 so-

2046 4492 2170 4567 lum
2203 4509 2355 4567 scire
2381 4508 2587 4574 Deum,
2609 4517 2863 4575 eumque
2890 4509 3167 4568 metuere,
3198 4502 3255 4554 et
3285 4495 3569 4564 venerari,
3594 4492 3696 4551 sed

2045 4604 2105 4656 et
2133 4614 2440 4670 germanos
2468 4596 2597 4666 ejus
2628 4592 2906 4649 cultores.

2117 4692 2298 4745 Porro
2329 4684 2640 4744 ineﬂ'abilis
2668 4682 2729 4738 in
2761 4680 3025 4737 homines
3074 4677 3294 4735 amoris
3324 4674 3426 4732 Dei
3458 4687 3697 4731 causam

2046 4784 2106 4837 et
2134 4781 2279 4836 hanc
2311 4774 2595 4848 adjungit.
2626 4771 2808 4829 Nobis
2839 4767 3075 4841 [inquit]
3101 4766 3469 4823 inaccessum
3500 4766 3695 4830 antea,

2049 4867 2381 4938 nominique
2402 4864 2594 4921 adhuc
2617 4861 2808 4918 visum
2829 4858 3040 4917 coelum
3065 4856 3241 4929 (quod
3259 4856 3527 4911 caelorum
3558 4855 3697 4923 puto

2048 4975 2276 5031 regnum
2321 4954 2590 5028 appellat)
2635 4951 2839 5025 aperit.
2886 4948 3031 5005 Nam
3080 4945 3407 5003 secundum
3458 4943 3696 5031 beatum

2049 5029 2294 5107 Paulum
2323 5064 2336 5102 :
2360 5046 2610 5102 Initiavit
2630 5044 2785 5099 nobis
2820 5040 2971 5096 viam
2997 5054 3219 5103 novam,
3248 5045 3301 5093 et
3330 5029 3696 5101 viventemU).

2048 5139 2117 5195 Et
2142 5156 2154 5194 :
2187 5140 2306 5195 Non
2338 5138 2394 5192 in
2423 5136 2739 5205 manufesta
2767 5135 2955 5186 sancta
2986 5126 3263 5195 introivit,
3292 5123 3385 5181 sed
3416 5124 3476 5179 in
3514 5122 3698 5194 ipsum

2050 5230 2268 5297 emtum,
2290 5236 2350 5285 ut
2369 5231 2634 5299 appareat
2664 5238 2810 5279 nunc
2836 5220 3013 5277 vultui
3032 5218 3133 5274 Dei
3161 5231 3258 5288 pro
3287 5214 3443 5271 nobis
3467 5212 3561 5285 (k).
3586 5210 3654 5267 Et
3679 5224 3695 5264 :

354 5358 435 5425 (ε)
462 5353 633 5411 Rom.
655 5371 756 5423 vn,
778 5355 864 5411 18.
886 5357 960 5430 (Γ)
981 5356 1121 5414 ibid.
1148 5358 1235 5415 19.
1257 5358 1337 5430 (g)
1360 5358 1568 5417 Matth.
1593 5377 1712 5432 vm,
1724 5361 1813 5418 29.
1838 5361 1913 5434 (ἡ)

2044 5375 2133 5426 .11,
2152 5356 2236 5412 19.
2261 5356 2329 5429 (t)
2349 5356 2475 5412 Act.
2498 5368 2614 5418 xix,
2634 5350 2719 5405 15.
2744 5350 2807 5421 (7')
2830 5348 3002 5405 Hebr.
3021 5363 3077 5412 χ,
3096 5345 3183 5401 20.
3206 5343 3281 5417 (k)
3307 5341 3481 5398 Hebr.
3504 5356 3580 5407 Ix,
3605 5337 3704 5397 24.

1659 5494 1903 5551 VARI/E
1943 5489 2332 5551 LECTIONES

356 5618 702 5703 ﬁAho-{mioy
847 5695 859 5703 _
884 5623 930 5703 ﬁ“
962 5620 1306 5703 ancilium.
1341 5644 1441 5697 vn,
1475 5629 1561 5686 18.
1636 5630 1683 5665 ³³
1716 5626 1803 5703 σὺ]
1832 5627 1953 5685 Jac.
1988 5644 2049 5698 lt,
2086 5626 2172 5683 19.
2245 5623 2293 5658 ³³
2339 5621 2428 5676 τὸν
2482 5619 2599 5694 μὲν]
2650 5620 2772 5674 Act.
2814 5632 2929 5682 Xlx,
2972 5617 3050 5673 15.
3124 5613 3174 5651 ³⁴
3231 5608 3482 5681 ἔνεκαίν.]
3522 5608 3694 5665 llebr.

360 5654 403 5657 ’ἡ
445 5654 701 5675 Μυυυῗυν
796 5664 810 5678 ι
886 5654 930 5658 ’⁷
962 5654 1104 5695 υιυα]
1139 5654 1158 5681 ι

276 5710 343 5761 κ,
378 5692 475 5749 2o.
549 5693 599 5728 εδ
627 5654 768 5765 οὐκῖ
782 5694 923 5753 ibid.
957 5711 1035 5767 ιι,
1069 5698 1158 5753 ει.
