4184 6212
383 371 503 430 819

1594 369 1859 434 ΡΗΟΤΙῙ
1902 372 2429 433 ΡΑἸἬΙΑΒΟΗᾸΞ
2468 376 2585 435 CP.

3684 376 3813 438 8‘20

386 503 490 561 Ubi
516 518 825 576 praecursor
849 518 947 576 pro
982 504 1137 560 nobis
1182 505 1434 561 introivit
1471 506 1717 562 Christus
1747 505 1831 576 (ι).
1867 504 2026 560 Hanc

2160 508 2222 575 τῷ
2272 505 2551 579 προσώπῳ
2599 508 2697 559 τοῦ
2755 508 2888 559 Θεοῦ
2947 503 3079 579 ὑπὲρ
3130 504 3291 579 ἡμῶν
3342 522 3355 537 ·
3390 505 3503 574 καὶ,
3536 507 3721 560 Ὅπου
3766 507 3818 541 ³⁸

388 594 569 666 igitur
606 595 758 649 viam
808 593 1101 663 revelavit,
1134 594 1201 649 ad
1235 611 1410 666 quam
1462 599 1526 650 ut
1564 592 1735 651 nobis
1784 594 2034 665 praeiret,

380 683 627 755 justitia:
657 683 954 755 exemplar
986 684 1112 751 fuit,
1149 700 1261 755 quo
1294 684 1607 756 aliquando
1639 682 1847 752 edocti,
1882 682 2037 739 desi-

386 772 547 827 derio
581 773 1055 835 accenderemur,
1089 789 1274 845 eoque
1324 773 1551 830 accensi
1596 774 1663 828 ad
1714 787 1832 828 rem
1887 772 2038 828 desi-

388 872 646 926 deratam
699 886 1172 941 przepararemur.
1208 872 1444 945 Angelis
1494 888 1626 927 vero
1668 870 1876 928 caelum
1915 872 2037 941 jam

387 960 523 1015 inde
546 976 578 1015 a
600 960 886 1032 principio
921 966 1123 1017 notum
1150 962 1278 1031 fuit,
1304 970 1475 1033 alque
1505 964 1795 1017 testatum.
1819 960 2039 1016 Nostra:

386 1053 668 1120 prmterea
699 1051 1052 1119 conjunctus
1086 1058 1299 1105 naturae
1329 1050 1812 1106 resurrectionem
1848 1048 2035 1117 nobis,

386 1142 445 1193 et
476 1136 977 1209 incorruptionem
1012 1143 1186 1210 atque
1217 1137 1719 1195 immortalitatem
1746 1154 1847 1210 per
1867 1153 2035 1192 suam

386 1226 877 1283 resurrectionem
926 1227 1182 1283 donavit.
1218 1228 1628 1300 lncorporeum
1670 1241 1801 1283 vero
1833 1241 2037 1298 genus,

388 1331 524 1371 cum
555 1314 632 1370 sit
661 1315 1014 1386 immortale,
1048 1316 1156 1373 hac
1187 1332 1301 1372 non
1346 1316 1567 1387 indiget
1595 1310 1797 1387 gratia.
1831 1318 2041 1370 Nostra

388 1405 632 1475 insuper
662 1420 837 1459 causa
867 1404 922 1459 in
958 1420 1133 1460 carne
1164 1404 1589 1477 peregrinatus,
1613 1422 1645 1459 a
1667 1402 1902 1470 diaboli,
1927 1418 2039 1473 qua

386 1493 759 1559 tenebamur,
793 1491 1097 1564 tyrannide
1127 1509 1233 1549 nos
1273 1491 1557 1551 liberavit,
1590 1492 1661 1547 de
1692 1490 2036 1564 principati-

388 1582 501 1637 bus
532 1581 629 1652 (m)
661 1580 1034 1651 triumphans
1064 1587 1119 1636 et
1149 1582 1533 1653 potestatibus
1582 1579 1641 1635 in
1686 1595 1875 1649 cruce,
1908 1580 2044 1634 data

389 1669 530 1725 item
560 1669 729 1725 nobis
753 1673 1038 1739 potestate
1060 1668 1324 1725 calcandi
1358 1682 1587 1725 omnem
1622 1668 1894 1723 virtutem
1930 1666 2042 1722 ini-

392 1757 531 1815 mici
564 1757 665 1829 (η).
692 1756 798 1812 Ubi
819 1758 868 1813 si
899 1758 1103 1813 horum
1134 1757 1416 1814 subiisset
1445 1764 1734 1826 naturam,
1755 1772 2040 1828 quosnam

391 1824 775 1903 destruxrisset
805 1846 926 1917 (0)?
958 1846 1035 1902 De
1067 1847 1284 1919 quibus
1317 1824 2038 1917 triumphasset‘fQualem
2070 1824 2119 1893 B

389 1939 530 1996 item
564 1939 915 2011 quibusdam
949 1943 1291 2011 potestatem
1325 1938 1600 2007 dedisset,
1634 1942 1734 1993 aut
1763 1938 1822 1992 in
1855 1936 2043 2008 quos?

462 2028 652 2085 ποθι)
700 2028 784 2082 Ad
842 2028 964 2083 haec
1014 2043 1143 2083 vero
1188 2043 1317 2083 cum
1352 2044 1455 2083 nos
1488 2024 1634 2098 lapsi
1659 2025 2041 2091 sumus,nul-

392 2116 519 2173 lum
556 2116 842 2187 reliquum
878 2115 982 2171 fuit
1014 2115 1331 2188 exemplar,
1363 2114 1516 2186 quod
1561 2114 1827 2172 eamdem
1874 2122 2044 2170 natu-

395 2223 521 2261 ram
543 2207 829 2277 integram
850 2205 1141 2262 retineret.
1166 2207 1237 2260 At
1258 2203 1439 2278 lapsis
1470 2202 1832 2260 daemonibus
1865 2203 2036 2258 innu~

548 2292 709 2349 tbiles
748 2292 1128 2350 nihilominus
1172 2296 1642 2367 incorporearum
1687 2291 1838 2349 acies
1882 2293 2041 2347 inva-

573 2381 926 2449 consistunt,
959 2396 1087 2452 quae
1117 2389 1169 2437 et
1203 2381 1409 2437 divinas
1440 2382 1824 2439 ordinationis
1854 2398 2045 2438 exem-

562 2511 575 2535 ,
638 2472 692 2525 et
748 2483 1045 2540 nunquam
1105 2471 1261 2526 ﬂexas
1322 2469 1689 2528 rectitudinis
1747 2471 2043 2544 specimen

396 2564 712 2614 exmerent.
759 2556 1117 2631 Quapropter
1146 2560 1248 2631 qui
1278 2561 1474 2616 omnia
1506 2561 1820 2633 sapienter,
1860 2565 1916 2617 et
1945 2578 2043 2616 su-

396 2664 502 2718 pra
533 2663 711 2718 quam
745 2647 856 2702 dici
892 2652 1104 2720 potest,
1124 2646 1384 2721 providet
1406 2666 1471 2705 ac
1497 2650 1630 2704 facit
1652 2653 1804 2706 Deus
1828 2653 2043 2717 noster,

396 2737 617 2806 Deique
640 2734 914 2803 Verbum,
938 2737 1209 2807 cumjam
1244 2737 1507 2793 humana
1539 2740 1746 2793 natura
1778 2737 2047 2809 prolapsa

398 2832 565 2887 esset,
605 2840 718 2878 non
753 2824 901 2879 hanc
953 2823 1143 2879 solum
1184 2840 1249 2880 ex
1282 2824 1512 2880 inﬁnita
1552 2841 1656 2880 sua
1688 2827 1747 2880 in
1781 2824 2047 2880 homines

398 2914 612 2971 amoris
634 2911 686 2966 vi
707 2911 1089 2981 assumit,sed
1116 2930 1216 2984 per
1236 2930 1360 2969 eam
1387 2929 1620 2985 quoque
1642 2914 2049 2985 omnibus,qui

394 3001 653 3073 ejusdem
672 3006 894 3057 natura:
908 3002 2045 3074 essent,correctionem,incorruptionem

394 3088 1580 3163 etaliaistainnumerabillabonalargitur
1597 3107 1609 3147 :
1627 3108 1755 3147 cum
1772 3092 2048 3149 dazmonis

392 3186 591 3235 tamen
637 3194 818 3250 genus
863 3196 1159 3235 assumere
1193 3197 1377 3252 neque
1403 3182 1651 3252 justum,
1688 3197 1873 3252 neque
1906 3179 2045 3236 utile

394 3285 521 3324 esse
546 3268 788 3339 judicet.
821 3268 911 3324 Sic
941 3270 1009 3323 40
1042 3273 1098 3324 et
1127 3273 1275 3341 quod
1309 3272 1569 3341 sequitur
1616 3278 1790 3343 caput
1818 3273 1887 3326 ab
1914 3287 2045 3343 spe-

395 3356 642 3415 culativo
675 3361 729 3412 et
761 3357 1026 3412 studiose
1058 3358 1336 3428 scriptore
1368 3359 1677 3414 clauditur.

469 3529 558 3585 42.
594 3529 908 3603 Investigat
959 3533 1111 3587 unde
1145 3531 1313 3589 nobis
1346 3550 1375 3591 e
1405 3532 1687 3591 deteriore
1718 3535 1776 3591 in
1812 3533 2046 3605 melius,

397 3620 471 3689 et,
504 3621 701 3673 contra
732 3620 801 3675 ad
834 3620 1095 3677 deterius
1126 3636 1156 3677 e
1190 3620 1414 3678 meliori
1468 3623 1716 3680 mutatio
1766 3629 1882 3679 tam
1936 3626 2049 3681 fre-

398 3723 607 3779 quens,
641 3706 811 3776 varia,
846 3722 911 3765 ac
945 3724 1089 3781 pene
1140 3710 1415 3767 continua
1463 3712 1700 3768 exsistat
1729 3731 1740 3768 :
1776 3713 2045 3786 incorpo-

398 3797 512 3853 reis
544 3812 698 3864 vero,
727 3795 855 3853 aliis
881 3797 1098 3854 bonum
1130 3798 1206 3854 sit
1235 3799 1626 3875 immutabile,
1650 3801 1781 3859 aliis
1804 3803 2006 3859 vitium
2025 3804 2053 3857 ?

398 3889 643 3944 Causam
676 3886 886 3955 reddit,
911 3888 1064 3959 quod
1092 3888 1149 3944 in
1186 3889 1351 3946 nobis
1377 3906 1509 3947 cum
1537 3892 1719 3949 animi
1751 3891 2052 3949 inclinatio

398 3978 457 4032 in
484 3975 824 4032 alterutram
852 3980 1073 4047 partem
1096 3978 1445 4046 connitatur,
1475 3980 1544 4037 ob
1568 3982 1843 4053 subjectae
1874 3990 2052 4038 mate-

398 4063 496 4118 riae
530 4062 753 4119 fluxum
785 4068 955 4134 atque
1000 4064 1451 4135 vacillationem,
1486 4065 1584 4123 illa
1615 4068 1927 4140 aliquando
1959 4086 2055 4125 ra-

398 4152 618 4207 tionem
652 4155 908 4221 superet,
934 4152 1227 4208 interdum
1254 4154 1431 4211 etiam
1453 4161 1761 4229 superetur
1786 4174 1799 4212 :
1822 4157 1880 4212 in
1913 4157 2052 4224 illis,

403 4242 471 4297 ad
508 4257 656 4313 quos
690 4256 1057 4313 nequaquam
1096 4244 1335 4299 materia
1383 4245 1638 4317 irrepere
1670 4250 1875 4317 potest,
1910 4246 2057 4304 ratio

403 4331 531 4386 sola
560 4331 619 4384 in
654 4331 909 4386 actiones
956 4346 1154 4389 omnes
1185 4333 1495 4404 imperium
1540 4335 1812 4392 obtineat.
1848 4336 2056 4402 Quam-

408 4419 602 4474 obrem
636 4417 866 4474 illorum
910 4420 1143 4489 quidem
1179 4436 1373 4493 casus,
1415 4424 1513 4494 qui
1547 4429 1755 4493 sponte
1787 4432 1840 4480 et
1868 4424 2055 4497 impe-

408 4506 593 4561 rantis
625 4522 820 4563 revera
853 4525 1011 4565 more
1042 4511 1110 4565 ad
1144 4509 1399 4567 deterius
1432 4512 1653 4583 delapsi
1688 4516 1849 4582 sunt,
1874 4514 2061 4569 ﬁtim-

410 4595 797 4665 medicabilis,
824 4612 955 4652 cum
991 4599 1135 4655 nihil
1167 4601 1484 4672 quidquam
1512 4603 1569 4658 in
1594 4618 1654 4658 se
1686 4602 1934 4660 validius
1970 4604 2061 4660 ha-

413 4686 607 4751 beant,
643 4686 792 4756 quod
824 4686 912 4741 sul
936 4686 1091 4757 juris
1122 4693 1535 4760 mentem,jam
1567 4707 1633 4746 ex
1668 4708 1729 4747 se
1759 4692 2057 4763 ﬂuentem,

413 4777 484 4832 ad
518 4776 576 4832 id
604 4777 753 4847 quod
788 4778 1065 4843 deterius,
1098 4784 1366 4835 revocet:
1401 4782 1899 4853 quemadmodum
1933 4782 2062 4838 alils

413 4873 640 4932 contra,
671 4866 770 4938 qui
807 4870 1011 4937 sponte
1046 4885 1107 4923 ac
1139 4867 1315 4924 libere
1346 4884 1601 4926 amorem
1638 4871 1867 4927 honesti
1899 4887 2060 4927 acce-

410 4961 641 5028 perunt,
675 4955 838 5011 nullo
871 4957 1027 5013 ﬂuxu
1061 4958 1358 5014 turbatum
1406 4959 1550 5015 illud
1604 4977 1801 5017 eorum
1835 4960 2062 5017 deside-

414 5047 567 5101 rium
600 5049 995 5103 conservatur.
1020 5051 1161 5102 Cum
1197 5065 1302 5104 nos
1332 5049 1564 5105 interim
1594 5049 1769 5105 veluti
1801 5051 2065 5122 duplices

416 5136 677 5205 quidam,
695 5151 760 5191 ac
780 5141 1086 5207 propterea
1109 5136 1277 5191 etiam
1304 5137 1453 5194 male
1472 5138 1865 5195 admissorum
1890 5140 2069 5213 poeni-

417 5225 600 5279 tentia
626 5226 808 5294 ducti,
832 5243 945 5282 non
969 5226 1130 5298 ipsos
1153 5232 1428 5299 tanquam
1455 5229 1678 5286 alienos
1702 5230 2063 5288 incusamus.

2145 590 2461 667 πρόδρομος
2544 592 2673 667 ὑπὲρ
2742 594 2902 665 ἡμῶν
2983 592 3206 663 εἰσῆλθε
3267 593 3521 668 Χριστός.
3579 596 3818 665 Ταύτην

2147 679 2238 735 οὖν
2271 683 2368 750 τήν
2396 679 2519 736 ὁδὸν
2551 683 2684 755 ἡμῖν
2728 682 3054 756 ἀνεκάλυψε,
3086 684 3175 737 καὶ
3206 683 3411 753 ταύτης
3462 686 3601 758 ἡμῖν
3664 686 3815 739 καθ-

2144 773 2452 845 ηγησασθαι
2488 769 2833 842 δικαιοσύνης
2866 768 3138 844 ἀπόδειξις
3189 773 3277 843 ἦν,
3316 774 3391 834 ὼς
3433 770 3494 826 ἃν
3547 774 3823 846 μαθόντες

2145 858 2593 933 ἓπιποθήσωμεν,
2644 861 2977 931 ποθήσαντες
3030 858 3087 915 δὲ
3143 861 3279 935 πρὸς
3333 861 3395 915 τὸ
3462 864 3817 934 ποθούμενοι

2143 950 2695 1023 παρασκευαζώμεθα.
2755 952 2885 1011 Τοῖς
2951 946 3007 1003 δὲ
3080 947 3332 1025 ἀγγέλοις
3398 952 3686 1025 γνώριμος
3745 953 3817 1020 ἦν

2144 1038 2234 1095 ἀπ’
2286 1038 2466 1116 ἀρχῆς
2514 1038 2602 1091 καὶ
2642 1039 2717 1098 εἰς
2774 1043 2971 1113 γνῶσιν
3032 1036 3273 1113 ἠγμένος
3324 1039 3351 1092 ὁ
3394 1036 3651 1113 οὐρανός.
3684 1042 3812 1096 "Et:

2147 1124 2203 1183 δὲ
2249 1130 2338 1183 καὶ
2407 1129 2541 1200 ἡμῖν
2591 1128 2684 1199 μὲν
2759 1130 2859 1197 τὴν
2935 1128 3221 1183 ἀνάστασιν
3296 1126 3522 1191 ἑνωθεὶς
3588 1132 3680 1184 καὶ
3747 1130 3813 1185 τὸ

2146 1216 2415 1297 ἄφθαρτον
2479 1216 2569 1271 καὶ
2633 1218 2892 1271 ἀθάνατον
2960 1216 3047 1271 διά
3096 1223 3199 1286 τῆς
3250 1215 3459 1280 οἰκείας
3513 1219 3813 1297 χαρίζεται

2148 1305 2485 1367 ἀναστάσεως
2518 1323 2532 1339 ⁸
2595 1307 2657 1360 τὸ
2716 1303 2772 1360 δὲ
2824 1305 3117 1378 ἀσώματον
3177 1303 3355 1381 γένος,
3405 1306 3672 1363 ἀθάνατον
3723 1307 3811 1367 ὃν.

2148 1402 2247 1465 τῆς
2313 1395 2574 1465 τοιαύτης
2621 1392 2863 1457 ἀνενδεές
2932 1395 3181 1469 χάριτος.
3240 1395 3339 1450 Καὶ
3390 1394 3462 1450 δι’
3501 1397 3655 1469 ἡμᾶς
3709 1398 3812 1469 μὶν

2150 1482 2496 1557 ἐπιδημήσας
2565 1484 2718 1558 σαρκῖ
2788 1489 2890 1553 τῆς
2958 1483 3303 1559 κατεχούσης
3370 1486 3469 1540 τοῦ
3538 1480 3813 1541 διαϐόλου

2146 1570 2459 1647 τυραννίδος
2507 1571 2871 1647 ἠλευθέρωσε,
2909 1575 3007 1637 τὰς
3057 1570 3233 1648 ἀρχὰς
3293 1570 3664 1648 θριαμϐεύσας
3714 1573 3813 1630 καὶ

2148 1663 2243 1723 τὰς
2291 1660 2534 1731 ἐξουσίας
2583 1660 2633 1715 ἐν
2679 1664 2757 1733 τῷ
2804 1664 3045 1735 σταυρῷ,
3074 1662 3165 1716 καί
3198 1658 3423 1735 δύναμιν
3458 1663 3599 1735 ἡμῖν
3639 1681 3817 1739 χαρι-

2152 1752 2382 1824 σάμενος
2415 1757 2585 1805 πᾶσαν
2616 1751 2714 1821 τήν
2743 1752 2840 1805 τοῦ
2900 1750 3103 1825 ἐχθροῦ
3154 1747 3382 1825 δύναμιν
3428 1757 3762 1809 καταπατεῖν
3797 1772 3814 1789 ·

2151 1841 2196 1896 εί
2229 1839 2285 1896 δὲ
2312 1842 2410 1908 τὴν
2464 1839 2680 1896 ἐκείνων
2724 1837 2890 1894 ὑπὲδυ
2921 1840 3102 1917 φύσιν,
3131 1839 3281 1901 τίνας
3322 1837 3382 1895 ἂν
3446 1844 3770 1918 κατηργησε
3797 1861 3813 1913 ;

2152 1930 2310 1986 ποίαν
2353 1928 2410 1984 δὲ
2460 1931 2561 1999 τήν
2616 1928 2855 1999 ἐξουσίαν
2918 1928 3058 1983 τίσιν
3121 1926 3300 1985 ἐδίδου
3357 1929 3449 1985 καὶ
3520 1932 3662 1987 κατά
3727 1931 3813 1987 ri-

2150 2038 2257 2073 νων
2283 2039 2297 2088 ;

2223 2107 2404 2181 Χωρὶς
2436 2104 2493 2161 δὲ
2520 2111 2627 2161 τῶν
2660 2104 2987 2180 εἰρημένων,
3018 2107 3154 2179 ἡμῖν
3190 2107 3287 2179 μὶν
3317 2108 3575 2163 πεσοῦσιν
3622 2105 3813 2171 οὐδεὶς

2153 2196 2218 2265 ἦν
2258 2196 2625 2271 ὑπογραμμὸς
2654 2196 2753 2264 τὴν
2774 2194 2941 2263 αὐτὴν
2982 2192 3175 2271 λαχὼν
3224 2196 3380 2272 φύσιν
3433 2194 3810 2272 διορθώσεως,

2152 2290 2268 2349 τοῖς
2306 2283 2363 2340 δὲ
2392 2285 2699 2340 πεπτωκόσι
2732 2287 2840 2338 τῶν
2873 2280 3151 2356 δαιμόνων
3186 2283 3353 2360 μυρία
3400 2286 3652 2362 τάγματα
3694 2291 3810 2341 τῶν

2153 2374 2457 2448 ἀσωμάτων
2518 2375 2795 2448 ἀτρέπτως
2868 2372 3136 2443 ἑστηκότα
3192 2374 3507 2449 πρόκειται,
3546 2375 3639 2430 καὶ
3698 2397 3817 2432 πο·-

2156 2462 2361 2527 λιτείας
2409 2463 2592 2518 ἐνθέου
2656 2459 3005 2538 παράδειγμα
3084 2460 3215 2517 ὄντα
3288 2464 3378 2517 καὶ
3459 2462 3813 2541 διορθώσεως

2157 2553 2411 2613 ἀκλινοῦς
2469 2553 2839 2612 ὑποτύπωσις.
2908 2552 3113 2625 Διόπερ
3154 2554 3183 2606 ὁ
3241 2553 3418 2607 πάντα
3476 2558 3661 2628 σοφῶς
3720 2556 3818 2609 καὶ

2161 2642 2294 2716 ὑπὲρ
2345 2639 2509 2715 λόγον
2569 2640 2969 2715 προνοούμενος
3011 2641 3102 2696 καὶ
3147 2641 3399 2711 πράττων
3433 2642 3564 2704 Θεὸς
3620 2645 3817 2716 ἡμῶν,

2158 2733 2185 2786 ὁ
2215 2735 2310 2786 τοῦ
2351 2734 2484 2785 Θεοῦ
2518 2730 2715 2806 Λόγος,
2745 2736 2845 2799 τῆς
2902 2732 3002 2804 μὶν
3071 2730 3419 2803 ἀνθρωπίνης
3465 2730 3677 2805 φύσεως
3717 2733 3817 2787 τὸν

2159 2818 2379 2875 ὄλισθον
2461 2819 2769 2889 ὑποστάσης
2852 2819 2943 2874 καὶ
3026 2814 3511 2894 προσλαμϐάνεται
3606 2822 3814 2891 ταύτην

2159 2908 2380 2983 ἀρρήτῳ
2431 2906 2843 2983 φιλανθρωπίας
2914 2910 3117 2983 μέτρῳ,
3164 2909 3251 2962 καὶ
3329 2904 3398 2962 δι’
3447 2910 3621 2978 αὐτῆς
3679 2914 3816 2964 πᾶσι

2156 3003 2273 3060 τοῖς
2307 2995 2570 3073 ὁμοφυὲσι
2601 2998 2702 3067 τήν
2748 3016 2807 3052 τε
2872 2994 3160 3071 διόρθωσιν
3210 2998 3301 3052 καὶ
3349 2998 3449 3066 τήν
3509 2999 3811 3076 ἀφθαρσίαν

2159 3086 2249 3143 καὶ
2279 3086 2347 3142 τὰ
2388 3087 2554 3161 μυρία
2581 3084 2865 3161 χαρίζεται
2933 3088 3126 3161 ἀγαθὰ,
3157 3089 3255 3143 τοῦ
3297 3083 3353 3141 δὶ
3384 3084 3672 3159 δαιμονίου
3706 3091 3811 3163 φύ-

2158 3175 2257 3231 λου
2282 3176 2342 3230 οὖ
2379 3174 2471 3248 μὲν
2502 3174 2596 3229 οὖν
2628 3172 2750 3229 οὔτε
2782 3171 2988 3229 δικαίαν
3027 3170 3151 3230 οὔτε
3201 3174 3581 3254 συμφέρουσαν
3640 3176 3811 3250 κρίνει

2153 3268 2250 3335 τὴν
2290 3267 2629 3339 πρόσληψιν.
2656 3263 2813 3322 Οὕτω
2857 3263 2949 3337 μὶν
2981 3263 3075 3319 οὖν
3122 3265 3213 3320 καὶ
3252 3266 3317 3321 τὸ
3372 3265 3459 3321 ἐπὶ
3509 3260 3689 3339 τούτῳ
3729 3271 3812 3341 τῷ

2156 3354 2516 3435 φιλοθεάμονι
2573 3354 2660 3408 καὶ
2717 3351 3136 3431 σπουδαιολόγῳ
3190 3351 3345 3429 ἀνδρί
3408 3352 3679 3410 διανύεται
3716 3377 3812 3412 κει

2162 3443 2308 3522 φάλα
2319 3464 2418 3499 ιον.

2229 3533 2313 3587 Ἐν
2374 3530 2431 3587 δὶ
2485 3536 2564 3604 τῷ
2626 3533 2718 3607 μβ’
2751 3537 2901 3601 ζητεῖ
2952 3533 3115 3586 πόθεν
3160 3534 3295 3605 ἡμῖν
3348 3533 3446 3606 μὶν
3491 3530 3550 3588 ἔκ
3602 3554 3662 3589 τε
3710 3538 3810 3589 toﬁ

2157 3620 2408 3697 χείρονος
2439 3620 2515 3682 εἰς
2546 3621 2609 3675 τὸ
2639 3624 2880 3695 κρεῖττον
2917 3621 3008 3675 καὶ
3048 3621 3185 3695 πρὸς
3226 3623 3290 3676 τὸ
3338 3626 3528 3697 χεῖρον
3567 3623 3674 3677 ἀπὸ
3714 3627 3814 3677 τοῦ

2158 3710 2464 3787 κρείττονος
2498 3711 2531 3779 ὴ
2568 3706 2849 3782 μεταϐολὴ
2900 3709 2993 3764 καὶ
3042 3706 3231 3777 πολλὴ
3277 3711 3367 3764 καὶ
3400 3707 3667 3790 διάφορος
3724 3712 3817 3767 καὶ

2164 3804 2363 3877 μικροῦ
2416 3800 2671 3876 συνεχὴς,
2704 3803 2811 3854 τῶν
2851 3796 2907 3853 δὲ
2947 3797 3255 3872 ἀσωμάτων
3306 3805 3481 3874 γενῶν
3538 3806 3659 3863 τοῖς
3720 3803 3816 3875 μὲν

2158 3891 2222 3945 τὸ
2257 3887 2425 3944 καλὸν
2477 3880 2882 3962 ἀμετάϐλητον,
2929 3893 3046 3951 τοῖς
3087 3882 3144 3943 δὲ
3198 3889 3263 3943 τὸ
3304 3889 3539 3968 φαῦλον.
3573 3891 3675 3945 Καὶ
3727 3889 3819 3946 τί·

2163 3983 2316 4050 θησιν
2356 3979 2527 4034 αἰτίαν
2562 3980 2696 4052 ἡμῖν
2756 3978 2851 4053 μὶν
2904 3984 3003 4048 τῆς
3045 3972 3125 4058 ἔφ’
3155 3978 3381 4048 ἑκάτερα
3417 3982 3822 4051 στασιαζούσης

2164 4068 2338 4143 ῥοπῆς
2369 4074 2469 4138 τῆς
2499 4066 2627 4141 [338
2658 4068 2751 4142 H.]
2794 4061 3254 4140 ὗποϐεὸλημένης
3314 4066 3453 4138 ὕλης
3500 4069 3565 4123 τὸ
3613 4067 3820 4143 ῥοῶδές

2162 4179 2219 4213 τε
2274 4158 2363 4211 καὶ
2431 4157 2833 4235 εὐπαράφορον,
2876 4155 3007 4211 ποτὲ
3070 4156 3164 4221 μὲν
3223 4160 3321 4212 τοῦ
3361 4154 3636 4231 λογισμοῦ
3686 4176 3820 4224 κρα-

2164 4252 2359 4301 τοῦσαν
2392 4248 2457 4315 ³⁷,
2490 4247 2620 4301 ποτὶ
2652 4244 2709 4300 δὲ
2739 4243 3136 4322 κρατουμένην.
3173 4246 3259 4302 Ἐν
3292 4245 3520 4308 ἐκείνοις
3553 4244 3611 4301 δὲ
3642 4245 3820 4320 μηδα-

2169 4342 2285 4411 μῶς
2348 4338 2445 4404 τῆς
2491 4334 2630 4406 ὕλης
2706 4330 3050 4409 παρείσδυσιν
3101 4329 3377 4401 λαϐούσης
3440 4336 3468 4389 ὁ
3543 4334 3818 4413 λογισμὸς

2171 4428 2334 4501 μόνος
2371 4429 2475 4479 τῶν
2540 4424 2782 4500 πράξεων
2843 4418 2958 4499 ἔχει
3015 4423 3079 4478 τὸ
3135 4422 3351 4499 κράτος.
3398 4424 3492 4479 Διὸ
3550 4430 3659 4479 τῶν
3717 4426 3819 4498 μιν

2170 4515 2429 4577 ἑκουσίως
2477 4513 2566 4568 καὶ
2634 4513 2709 4573 ὡς
2775 4510 2997 4584 ἀληθῶς
3056 4511 3531 4588 αὐτοκρατορικῶς
3583 4517 3719 4589 πρὸς
3756 4516 3819 4570 τὸ

2169 4610 2359 4681 χεῖρον
2392 4603 2798 4682 ἀπενεχθέντων
2849 4606 2883 4673 ἡ
2933 4605 3143 4665 πτῶσις
3191 4597 3410 4667 ἀνίατος
3456 4605 3677 4680 γίνεσαι,
3716 4604 3822 4659 οὐκ

2170 4695 2410 4769 ἐχόντων
2440 4691 2622 4768 ἕτερόν
2657 4714 2710 4747 τι
2736 4691 2981 4758 κρεῖττον
3039 4690 3090 4745 ἐν
3150 4693 3385 4761 ἑαυτοῖς,
3418 4693 3445 4747 ’ὁ
3489 4694 3585 4762 τὴν
3644 4692 3822 4748 αὐτο-

2172 4780 2430 4838 δὲσποτον
2488 4783 2716 4858 γνώμην
2777 4780 2942 4852 αὒτήν
3006 4782 3093 4859 ὑφ’
3126 4782 3324 4851 ἑαυτῆς
3366 4783 3624 4856 ῥεύσασαν
3680 4781 3822 4856 πρὸς

2168 4874 2231 4928 τὸ
2261 4872 2446 4947 χεῖρον
2484 4867 2649 4926 πάλιν
2680 4870 3069 4927 ἀνακαλέσοιτο
3104 4889 3117 4903 ·
3152 4868 3333 4946 ὥσπερ
3373 4872 3439 4925 αὖ
3488 4869 3653 4926 πάλιν
3702 4874 3821 4932 τοίς

2172 4961 2432 5024 ἑκουσίως
2482 4961 2568 5015 καὶ
2599 4960 2921 5033 αὐτονόμως
2952 4961 3043 5014 τὸν
3073 4958 3249 5034 ἔρωτα
3305 4963 3401 5014 τοῦ
3460 4959 3663 5035 ἀγαθοῦ
3723 4958 3824 5015 λα-

2173 5046 2509 5125 6οὖσιν[633
2541 5053 2631 5125 R.]
2664 5050 3072 5124 ἀπαράτρεπτος
3123 5049 3150 5104 ό
3199 5050 3368 5111 πόθος
3426 5050 3531 5105 ὑπὸ
3599 5048 3826 5123 ⁸³3μηδεν

2179 5144 2303 5214 μιᾶς
2336 5140 2467 5215 ῥοῆς
2497 5137 2901 5217 ἐνοχλούμενος
2939 5136 3284 5208 διασώζεται.
3315 5144 3505 5212 Ἡμεῖς
3536 5136 3593 5194 δὲ
3643 5139 3825 5215 ὥσπερ

2177 5225 2369 5285 διπλοῖ
2422 5228 2561 5290 τινές
2628 5226 2787 5301 ἔσμεν
2823 5246 2835 5259 ⁸
2890 5224 2973 5283 διὸ
3037 5228 3127 5283 καὶ
3213 5226 3685 5302 μεταμεληθέντες
3744 5231 3826 5291 οἷς

493 5376 557 5448 (ι)
589 5377 757 5434 Hebr.
785 5394 859 5447 v1,
890 5380 976 5433 20.
1012 5381 1113 5449 (ut)
1146 5380 1363 5439 Coloss.
1400 5399 1462 5447 ll,
1498 5378 1582 5436 15.
1617 5381 1696 5454 (n)
1733 5383 1868 5439 Luc.
1897 5401 1953 5452 x,
1992 5384 2049 5437 19

2160 5384 2181 5453 ν)
2216 5383 2235 5438 Ι
2268 5384 2394 5439 Cor.
2430 5400 2491 5454 ιι,
2524 5381 2578 5439 6.

1793 5548 2027 5604 VARI/i3
2074 5550 2460 5604 LECTIONES

501 5693 544 5726 ³⁸
575 5690 735 5761 ὅπου]
764 5692 905 5748 ibid.
932 5710 1004 5763 VI,
1035 5696 1124 5752 20.
1201 5697 1243 5731 ⁸⁷
1285 5696 1411 5769 lege
1447 5698 1751 5769 κρατούσης
1785 5732 1851 5743 -
1879 5698 2279 5773 κρατουμένης.
2357 5701 2407 5735 ³³
2436 5702 2570 5775 ὑπὲρ
