4184 6212
368 345 480 409 821

1461 345 2005 410 BIBLlOTHEGA.
2055 381 2130 393 --
2171 347 2344 410 COD.
2393 345 2675 408 CCXXII.

373 480 782 555 ἁμαρτάνομεν,
843 477 916 539 ὡς
995 476 1207 550 ἑτέρους
1273 477 1495 541 ἑαυτοὺς
1575 478 2015 554 ἐπιμεμφόμεθα.

2133 481 2256 538 Duo
2287 493 2415 536 vero
2447 479 2546 535 ubi
2577 483 2860 550 pugnant,
2885 483 2940 534 et
2968 478 3026 533 hi
3064 479 3274 549 partim
3307 478 3620 544 vincentes,
3645 493 3778 548 par-

373 569 476 622 Δύο
520 565 578 623 δε
627 565 987 640 μαχομένων,
1019 567 1108 620 καὶ
1157 565 1365 622 τούτων
1394 565 1496 622 ἀνά
1550 569 1718 642 μέρος
1767 567 2026 643 κρατούν-

369 677 477 710 των
505 677 564 710 τε
594 657 684 710 καὶ
733 653 1140 729 κρατοῦμένων,
1171 659 1286 717 πῶς
1315 655 1374 710 ἂν
1426 655 1461 725 ἢ
1490 657 1558 710 τὰ
1593 661 1690 711 τοῦ
1731 658 2026 730 πτώματος

373 744 538 820 σχοίη
591 745 654 800 τὸ
693 739 1114 816 ἀμετάϐλητον;
1167 744 1226 798 οὔ
1280 743 1444 816 μόνον
1480 742 1537 798 δὲ
1585 744 1670 800 ἐπὶ
1727 749 1834 799 τῶν
1885 745 2022 819 πρά-

371 835 526 902 ξεων,
561 833 616 886 αἳ
643 833 705 887 τὸ
737 831 1010 887 ἐπαινετὸν
1041 831 1076 900 ἢ
1109 834 1171 887 τὸ
1211 833 1405 906 ψεκτὸν
1449 833 1719 910 φέρουσιν,
1751 832 1833 910 ἐφ’
1865 836 2023 906 ἡμῶν

369 927 404 993 ἡ
464 917 748 995 μεταϐολή
809 921 898 976 καὶ
948 923 982 991 ἡ
1042 920 1342 998 παλίρῥοια
1392 923 1454 976 τὸ
1512 923 1708 997 κράτος
1757 923 1860 977 οὐκ
1907 921 2022 996 ἔχει

367 1011 862 1086 ἀνανταγώνιστον,
896 1009 1040 1066 ἀλλὰ
1075 1011 1166 1064 καὶ
1196 1010 1282 1064 ἐπὶ
1313 1015 1420 1064 τῶν
1463 1009 1647 1066 ἄλλων
1680 1013 1840 1083 ἡμῶν
1873 1011 2020 1086 ἐνερι

367 1103 530 1176 γειῶν
587 1101 676 1154 καὶ
735 1097 1270 1172 παθημάτων.οὕτε
1325 1101 1430 1175 γὰρ
1489 1095 1578 1154 διὰ
1633 1100 1835 1161 παντὸς
1893 1101 2023 1156 καθ-

367 1193 533 1261 ῆσθαι
602 1187 728 1245 οὔτε
771 1189 1022 1245 ἵστασθαι
1083 1187 1376 1264 δυνάμεθα,
1445 1193 1658 1253 ἀτονίας
1713 1190 1866 1252 εὐθὺς
1922 1193 2020 1256 τῆς

367 1282 506 1335 κατὰ
545 1282 642 1350 τὴν
673 1280 831 1356 φύσιν
881 1281 1136 1353 ἑκατέρου
1175 1284 1243 1354 τῇ
1295 1275 1580 1355 ὑπερϐολῇ
1628 1280 2015 1354 συνεπομένης.

369 1371 478 1425 Καὶ
515 1367 682 1438 δῆλον
722 1371 908 1438 τοῦτο,
943 1369 1016 1430 ὡς
1051 1367 1138 1423 διὰ
1178 1370 1276 1437 τὴν
1309 1369 1360 1423 ἐν
1403 1371 1538 1442 ἡμῖν
1571 1375 1680 1425 τῶν
1729 1371 2020 1444 στοιχείων

371 1455 632 1534 διαφοράν
681 1475 740 1512 τε
783 1459 872 1512 καὶ
935 1458 1122 1532 μάχην
1179 1454 1486 1531 συμϐαίνει.
1518 1457 1623 1516 Καὶ
1661 1457 1766 1535 γὰρ
1823 1461 1885 1515 τὸ
1928 1459 2021 1532 μὲν

367 1549 570 1622 θερμὸν
611 1549 714 1617 τὴν
763 1543 876 1601 ἅνω
917 1547 1105 1625 χώραν
1154 1544 1362 1616 διώκει,
1395 1549 1458 1602 τὸ
1506 1546 1564 1602 δὲ
1599 1543 1798 1624 γεῶδες
1848 1549 2018 1624 βρίθει

363 1655 425 1690 τε
454 1635 544 1690 καὶ
583 1633 938 1710 συγκαθὲλκει
970 1636 1106 1710 πρὸς
1137 1637 1238 1704 τὴν
1278 1642 1404 1710 γῆν.
1439 1638 1542 1694 Καὶ
1574 1635 1662 1692 ἐπὶ
1688 1641 1795 1691 τῶν
1829 1635 2016 1693 ἄλλων

367 1723 426 1780 δὲ
471 1731 581 1781 τῶν
633 1721 1038 1798 παραπλησίων
1089 1723 1372 1788 ὡσαύτως.
1405 1727 1478 1782 "A
1522 1726 1608 1780 ἐπὶ
1657 1733 1758 1796 τῆς
1803 1727 2022 1801 ἀσωμά-

365 1833 466 1870 του
495 1817 541 1852 ³9
569 1815 672 1869 οὐκ
717 1810 834 1889 ἔχει
872 1815 1059 1888 χώραν
1112 1815 1346 1889 φύσεως,
1377 1814 1505 1870 ἀλλ’
1553 1814 1736 1892 ὥσπερ
1785 1815 1836 1870 ἐν
1887 1819 2020 1889 ἡμῖν

363 1906 430 1960 τὸ
479 1902 740 1959 ποικίλον
791 1903 880 1958 καὶ
919 1902 1311 1981 πολύμορφον,
1361 1905 1534 1966 οὕτως
1584 1903 1636 1959 ἐν
1680 1904 1904 1968 ἐκείνοις
1959 1905 2021 1960 τὸ

365 1991 662 2048 ἂποίκιλον
718 1993 808 2047 καὶ
875 1990 1154 2064 μονοειδὲς
1220 1991 1618 2068 ἐγκαθίδρυται.
1681 1995 1836 2050 Ὀθεν
1903 1999 2019 2057 τοῖς

365 2081 570 2144 διπλοῖς
609 2083 702 2156 μὲν
751 2083 836 2137 καὶ
877 2081 1212 2155 μονοειδέσιν
1250 2081 1541 2139 ἀκολουθεῖ
1569 2085 1631 2139 τὸ
1675 2082 2020 2140 δυσαλλοίω-

362 2175 457 2228 τόν
488 2193 548 2228 τε
586 2173 678 2227 καὶ
721 2167 1192 2245 δυσμετάϐλητον,
1223 2177 1342 2237 τοῖς
1389 2171 1448 2228 δὲ
1477 2175 1744 2236 συνθέτοις
1772 2175 1807 2243 ἡ
1864 2193 2022 2248 μετα-

369 2259 514 2332 ϐολῆ
554 2264 642 2317 καὶ
695 2255 1022 2324 ἀλλοίωσις.
1064 2263 1144 2319 Τὸ
1193 2259 1252 2318 δὲ
1281 2265 1326 2300 ⁶⁰
1369 2264 1444 2337 μὴ
1485 2262 1656 2334 πάντη
1703 2265 1917 2325 πάντῶς
1957 2266 2018 2319 τὸ

365 2347 756 2426 ἀμετάϐλητον
789 2353 876 2406 καὶ
923 2349 1301 2408 ἀναλλοίωτον
1345 2351 1487 2425 μηδὲ
1525 2353 1577 2407 ἐν
1621 2357 1742 2413 ταῖς
1789 2351 2018 2426 ἀσωμά-

361 2461 482 2504 τοις
511 2441 724 2503 οὐσίαις
763 2443 986 2516 apicem
1037 2441 1148 2514 (καὶ
1193 2443 1294 2516 γὰρ
1348 2437 1660 2514 μετεϐλήθη
1710 2441 1772 2496 τὸ
1823 2439 2017 2515 δαιμό-

365 2549 483 2585 νιον
515 2529 619 2584 ἀπὸ
657 2528 754 2584 τοῦ
795 2528 1098 2604 κρείττονος
1141 2529 1218 2594 εἰς
1255 2531 1316 2584 τὸ
1368 2533 1601 2608 χεῖρον),
1635 2529 1804 2585 ἐκεῖνο
1837 2529 1894 2585 ἄν
1934 2551 2016 2593 τις

367 2618 504 2681 ἴσως
551 2617 977 2694 προφασίσαιτο,
1010 2620 1093 2674 ὅτι
1138 2620 1226 2676 καὶ
1287 2617 1416 2674 αὐτὸ
1472 2621 1534 2674 τὸ
1590 2619 1882 2693 ἀσώματον
1928 2619 2014 2675 ἐκ-

367 2715 580 2784 τροπῆς
635 2725 692 2762 τε
747 2709 837 2762 καὶ
896 2705 1252 2769 ἀλλοιώσεως
1302 2705 1523 2782 ἤρξατο.
1557 2710 1651 2764 Ἐκ
1710 2709 1785 2783 μὴ
1846 2705 2015 2764 ὄντων

363 2797 470 2873 γὰρ
515 2797 588 2858 εἷς
639 2795 702 2851 τὸ
751 2793 884 2850 εἶναι
933 2797 1021 2851 καὶ
1078 2795 1208 2851 αὐτὸ
1255 2799 1546 2872 παρήχθη,
1589 2795 1684 2851 κᾶν
1735 2805 1834 2866 τῆς
1881 2799 2014 2853 κατὰ

357 2887 459 2954 τὴν
515 2884 654 2954 ὕλην
697 2884 1024 2956 συμπλοκῆς
1081 2881 1362 2959 ἐλευθέραν
1421 2885 1549 2961 ἔσχε
1611 2887 1710 2955 τήν
1769 2886 2010 2960 ὕπαρξιν.

363 2977 526 3051 Τάχα
560 2971 604 3028 δ’
638 2971 696 3028 ἃν
746 2973 834 3028 καὶ
887 2971 976 3029 διὰ
1003 2977 1102 3042 τήν
1145 2975 1272 3047 μίαν
1320 2975 1521 3046 ταύτην
1556 2974 1827 3048 ἐκτροπὴν
1885 2976 2010 3048 μίαν

358 3067 446 3120 καὶ
483 3066 642 3121 αὐτοί
671 3066 770 3134 τὴν
803 3066 941 3139 πρὸς
970 3065 1032 3120 τὸ
1064 3064 1272 3141 φαῦλον
1298 3069 1401 3136 τῆς
1431 3067 1661 3143 γνώμης
1705 3065 2010 3122 ἀλλοίωσιν

359 3152 722 3225 ἐπεδείξαντο.
753 3157 930 3208 Ταῦτα
979 3153 1143 3209 εἰπὼν
1195 3155 1222 3209 ὁ
1272 3151 1531 3225 θεοσεϐὴς
1562 3157 1720 3218 οὗτος
1751 3157 1793 3192 ⁴¹
1844 3177 2010 3233 φρον-

356 3247 501 3300 τίσιν
543 3246 716 3321 ἱεραῖς
765 3245 1048 3317 ἀνειμένος
1087 3244 1222 3320 ἀνὴρ
1254 3247 1299 3282 ⁴²
1347 3244 1688 3322 ἐπιρραπίζει
1717 3249 1817 3318 τήν
1869 3249 2012 3322 Ὠρι-

355 3337 548 3411 γὲνους
597 3335 724 3408 περὶ
784 3331 1057 3407 δαιμόνων
1106 3334 1198 3390 καὶ
1257 3333 1508 3412 ἀγγέλων
1560 3335 1648 3390 καὶ
1707 3335 2008 3411 ἀνθρώπων

353 3424 446 3478 καὶ
477 3421 716 3496 ἀστέρων
757 3423 848 3478 καὶ
900 3429 1002 3492 τῆς
1048 3421 1230 3494 ἄλλης
1279 3423 1566 3497 ὁρωμένης
1601 3425 1828 3487 κτίσεως
1880 3423 2010 3480 δυσ.

359 3507 492 3582 σεϐῆ
545 3531 604 3567 τε
641 3511 734 3567 καὶ
783 3513 1016 3583 ἀνόητον
1063 3513 1151 3568 καὶ
1203 3511 1534 3579 πολυπλανῆ
1581 3513 1870 3591 φλυαρίαν,
1919 3518 2007 3572 καὶ

355 3601 519 3664 τέλος
550 3601 822 3672 ἐπιτίθησι
854 3601 944 3656 καὶ
974 3605 1055 3674 τῷ
1167 3601 1256 3656 καὶ
1288 3607 1341 3676 μ’
1381 3602 1688 3681 κεφαλαίῳ.

432 3692 520 3748 Ἑν
554 3689 613 3746 δὲ
639 3690 719 3763 τῷ
757 3691 880 3762 ἑξῆς
929 3687 1026 3745 δύο
1069 3695 1236 3746 ταῦτα
1285 3695 1456 3762 ζητεῖ,
1487 3691 1541 3746 ’ἐν
1589 3693 1683 3766 μὲν
1717 3690 1807 3748 διὰ
1850 3693 1903 3747 τί
1954 3695 2008 3747 αἱ

359 3779 508 3855 ἅγιαι
556 3781 648 3834 καὶ
691 3779 870 3855 νοεραὶ
923 3775 1204 3852 δυνάμεις,
1236 3779 1336 3835 ὅσα
1383 3801 1446 3855 γε
1483 3779 1643 3854 ἡμῶν
1692 3780 1769 3845 εἷς
1812 3785 2009 3857 γνῶσιν

357 3873 458 3940 ἧκε
485 3868 577 3924 καὶ
609 3870 661 3924 οἳ
691 3870 940 3946 χρησμοὶ
971 3867 1376 3941 ἓξεπαίδευσαν,
1407 3871 1469 3924 τὸ
1499 3867 1666 3924 καλὸν
1707 3869 1798 3924 ἀπ’
1829 3871 2010 3943 ἀρχῆς

367 3959 534 4034 μέχρι
563 3957 758 4021 τέλους
806 3953 1190 4032 ἀμεταϐλητον
1239 3961 1525 4030 σώζουσιν,
1570 3958 1748 4034 ὥσπερ
1799 3961 1852 4012 αἱ
1899 3977 2006 4012 πο-

357 4049 522 4119 νηραὶ
551 4049 649 4116 τὴν
698 4049 890 4103 κακίαν
923 4065 938 4080 ·
990 4049 1120 4120 [339
1157 4049 1250 4119 Η.]
1281 4047 1372 4102 καὶ
1421 4046 1508 4102 διὰ
1535 4049 1588 4102 τί
1638 4047 1864 4103 πολλῶν
1915 4049 2004 4103 ἀν-

357 4139 593 4212 θρώπων
645 4135 960 4212 μελλόντων
1009 4136 1352 4208 κολάζεσθαι,
1401 4139 1462 4192 τὸ
1509 4141 1616 4211 πῦρ
1650 4140 1694 4173 ⁸³
1740 4133 1932 4212 ἔφησεν
1979 4139 2006 4191 ὁ

359 4227 560 4300 Σωτὴρ
617 4227 956 4299 ἡτοιμάσθαι
1006 4229 1086 4298 τῷ
1142 4221 1388 4298 διαϐόλῳ
1437 4227 1526 4280 καὶ
1583 4231 1698 4287 τοῖς
1749 4225 2010 4302 ἀγγέλοις

358 4315 550 4371 αὐτοῦ.
585 4315 684 4368 Καὶ
735 4317 872 4389 πρὸς
921 4316 1016 4390 μὲν
1055 4315 1153 4382 τὴν
1197 4316 1420 4390 πρώτην
1478 4317 1706 4386 ζήτησιν
1757 4315 1838 4394 ἔρρ’
1887 4317 2005 4370 ἔκα-

2136 570 2242 626 tim
2282 569 2452 625 victi:
2487 569 2778 640 quomodo
2818 568 2878 623 in
2909 567 3001 623 his
3033 576 3132 623 aut
3161 567 3420 634 victoria,
3454 573 3554 623 aut
3580 567 3780 637 lapsus

2139 658 2526 714 immutabilis
2558 659 2678 713 sit?
2707 657 2907 729 Neque
2959 674 3089 713 vero
3138 658 3328 712 solum
3361 658 3420 711 in
3451 655 3780 710 actionibus

2133 749 2205 804 iis
2235 765 2362 818 quae
2395 747 2626 804 laudem
2660 757 2758 802 aut
2787 747 3268 818 vituperationem
3303 751 3622 812 merentur,
3653 761 3782 798 mu-

2133 838 2275 892 tatio
2305 841 2362 893 et
2395 837 2648 892 reﬂuxus
2679 837 2738 890 in
2773 837 2940 892 nobis
2961 837 3268 907 imperium
3293 837 3421 892 sine
3453 850 3783 905 repugnan-

2131 927 2207 982 tia
2239 941 2352 982 non
2386 925 2602 982 habet:
2634 927 2734 982 sed
2771 927 2830 981 in
2863 925 2992 982 aliis
3025 941 3256 997 quoque
3309 923 3524 979 nostris
3572 937 3779 994 opera-

2131 1017 2392 1072 tionibus
2413 1019 2586 1086 atque
2608 1017 3030 1072 affectionibus.
3057 1015 3198 1070 Nam
3225 1029 3408 1086 neque
3429 1029 3662 1083 semper
3689 1029 3780 1068 se-

2132 1106 2288 1172 dere,
2315 1119 2500 1175 neque
2523 1121 2752 1160 rursum
2776 1109 2932 1160 stare
2953 1119 3280 1174 possumus,
3305 1119 3440 1160 cum
3461 1103 3778 1171 moxjuxta

2131 1193 2469 1250 alterutrius
2497 1201 2758 1249 naturam
2791 1194 3002 1248 virium
3037 1192 3304 1249 remissio
3327 1193 3408 1263 [in
3433 1192 3548 1262 his]
3581 1205 3774 1246 exces-

2131 1297 2262 1339 sum
2313 1284 2504 1339 200o
2562 1287 2968 1353 consequatur.
3014 1281 3174 1345 Quod
3209 1297 3311 1354 per
3353 1281 3772 1336 elementorum

2129 1372 2190 1427 in
2225 1373 2390 1428 nobis
2415 1373 2756 1428 varietatem
2789 1375 2846 1426 et
2876 1385 3130 1442 pugnam
3163 1369 3495 1440 contingere
3529 1371 3774 1424 constat.

2129 1459 2296 1516 Calor
2343 1462 2496 1517 enim
2555 1462 2627 1516 ad
2685 1475 2900 1532 supera
2955 1459 3242 1531 impellit:
3291 1467 3580 1514 terrenum
3640 1474 3776 1512 vero

2133 1551 2284 1621 quod
2308 1554 2416 1618 est,
2437 1549 2706 1605 deorsum
2733 1550 2931 1618 vergit,
2952 1555 3128 1620 atque
3148 1549 3216 1602 ad
3243 1552 3458 1602 terram
3487 1547 3777 1612 detrahit;

2131 1643 2310 1710 atque
2339 1639 2400 1693 in
2432 1638 2726 1694 similibus
2777 1639 2906 1693 aliis
2942 1639 3012 1692 ad
3045 1638 3311 1692 eumdem
3367 1638 3604 1691 modum
3655 1651 3778 1706 qum

2133 1741 2272 1782 sane
2301 1727 2358 1781 in
2393 1727 2748 1797 incorporeis
2771 1727 2988 1782 naturis
3009 1725 3197 1782 locum
3225 1741 3338 1782 non
3363 1726 3646 1780 obtinent.
3669 1724 3779 1778 Sed

2056 1797 2629 1887 Bquemadmodum
2691 1815 2750 1869 in
2811 1815 2978 1870 nobis
3037 1815 3304 1882 varietas,
3365 1813 3782 1886 multiplexque

2132 1906 2338 1972 forma,
2371 1903 2544 1960 sicin
2577 1905 2716 1974 ipsi:l
2759 1904 2904 1958 nihil
2951 1905 3204 1970 varium,
3241 1913 3295 1958 at
3337 1919 3452 1959 una
3504 1909 3780 1974 perpetua

2131 1994 2320 2048 forma
2348 1993 2580 2048 residet.
2606 1991 2767 2048 Unde
2796 1992 3095 2063 simplices
3127 1993 3231 2047 hos
3257 1997 3428 2059 atque
3453 1994 3776 2047 uniformes

2126 2081 2270 2137 illud
2307 2081 2707 2152 consequitur,
2733 2085 2796 2136 ut
2827 2080 3058 2136 alterari
3090 2085 3264 2150 atque
3295 2081 3508 2134 mutari
3543 2081 3778 2135 nonnisi

2127 2169 2442 2228 difﬁculter
2485 2171 2728 2242 possint,
2765 2169 3085 2241 composita
3122 2181 3255 2224 vero
3295 2169 3606 2224 comitatur
3653 2184 3776 2223 mu-

2127 2260 2268 2316 tatio
2300 2267 2474 2332 atque
2503 2257 2790 2315 alteratio.
2823 2258 2986 2324 Quod
3037 2262 3230 2312 autem
3263 2271 3377 2313 non
3407 2256 3603 2313 omnis
3633 2271 3770 2311 om-

2129 2351 2260 2406 nino
2309 2349 2753 2406 immulabilitas
2785 2363 2855 2404 ne
2885 2349 2957 2404 ab
2989 2347 3347 2419 incorporeis
3387 2347 3622 2416 quidem
3673 2363 3772 2400 na-

2127 2441 2277 2496 turis
2321 2439 2524 2494 abesse
2579 2438 2841 2493 videatur
2895 2439 3138 2504 (daemon
3183 2436 3336 2490 enim
3390 2451 3458 2490 ex
3513 2436 3659 2489 bono
3713 2435 3772 2489 in

2127 2529 2350 2586 malum
2402 2531 2657 2584 mutatus
2687 2528 2794 2597 est)
2825 2527 2969 2581 illud
3023 2527 3167 2581 forte
3214 2523 3426 2594 aliquis
3477 2527 3772 2595 praetexat,

2127 2620 2282 2690 quod
2315 2617 2444 2690 ipsa
2475 2631 2706 2688 quoque
2737 2616 3076 2686 incorporea
3107 2619 3320 2669 natura
3349 2629 3416 2668 ex
3449 2611 3774 2667 mutatione

2126 2713 2302 2781 atque
2349 2708 2693 2764 alterations
2744 2706 2981 2762 initium
3030 2705 3364 2776 sumpserit.
3393 2703 3536 2759 Nam
3583 2719 3613 2758 e
3653 2719 3770 2758 non

2125 2797 2538 2856 exsistentibus
2569 2801 2626 2852 et
2655 2795 2784 2867 ipsa
2832 2796 3116 2866 producta
3163 2797 3269 2861 est,
3303 2793 3536 2848 tametsi
3574 2807 3607 2847 a
3639 2807 3772 2846 ma~

2124 2888 2276 2944 terim
2309 2885 2713 2942 commistione
2745 2883 2988 2939 liberam
3013 2882 3188 2937 habet
3207 2881 3668 2937 subsistentiam.
3691 2881 3771 2935 Ac

2121 2977 2368 3032 forsitan
2399 2975 2570 3031 etiam
2603 2975 2676 3030 ob
2709 2973 2942 3029 unicam
2977 2973 3378 3039 mulationem,
3413 2985 3590 3025 unam
3623 2985 3774 3041 quo-

2126 3081 2236 3136 que
2255 3065 2368 3137 ipsi
2391 3065 2605 3120 mentis
2628 3061 2788 3118 illam
2813 3061 2871 3116 in
2895 3060 3111 3116 malum
3146 3061 3552 3124 mutationem,
3572 3062 3770 3113 osten-

2045 3115 2086 3182 Ο
2391 3115 2974 3222 illec‘u‘binpiusilie,
3008 3153 3066 3204 et
3094 3147 3275 3203 sacris
3305 3147 3392 3202 vir
3421 3115 3634 3202 studiis
3663 3147 3771 3202 de—

2123 3244 2278 3300 ditus
2327 3241 2542 3308 retulit,
2574 3239 2842 3311 Origenis
2891 3239 2962 3293 de
3005 3237 3334 3304 daemoniis,
3387 3235 3632 3307 angelis,
3666 3234 3771 3290 bo-

2122 3331 2405 3400 minibus,
2437 3329 2628 3396 astris,
2659 3327 2907 3399 aliisque
2936 3327 3047 3382 sub
3079 3333 3376 3398 aspectum
3426 3323 3772 3380 cadentibus

2119 3421 2366 3478 conditis
2425 3419 2598 3476 rebus
2658 3417 2896 3489 impias,
2929 3415 3196 3482 stolidas,
3225 3419 3282 3470 et
3311 3413 3526 3469 erroris
3569 3411 3772 3485 plenas

2119 3525 2307 3582 nugas
2340 3507 2586 3574 refellit;
2612 3507 2816 3578 sicque
2834 3505 3012 3561 ﬁnem
3037 3503 3490 3576 quadragesimo
3513 3501 3770 3559 secundo

2118 3598 2292 3670 capiti
2319 3597 2592 3669 imponit.

2187 3689 2276 3743 43.
2311 3689 2372 3743 In
2406 3683 2674 3757 sequenti
2705 3684 2914 3739 deinde
2946 3683 3134 3752 capite
3155 3682 3226 3736 de
3247 3681 3340 3736 his
3363 3681 3594 3735 duobus
3614 3693 3772 3750 qure-

2117 3779 2212 3835 rit.
2243 3778 2525 3842 Primum,
2558 3789 2664 3830 cur
2688 3777 2902 3828 sanctae
2933 3777 2991 3828 et
3019 3770 3419 3841 intelligibiles
3450 3771 3768 3840 potestates

2117 3867 2293 3939 (quod
2341 3865 2572 3935 quidem
2617 3862 2972 3926 noverimus,
3010 3865 3184 3931 atque
3227 3873 3256 3912 e
3296 3857 3480 3912 sacris
3539 3855 3768 3910 Litteris

2113 3951 2882 4024 didicerimus)sicvirtutem
2897 3948 3146 4006 abinitio
3159 3949 3230 4004 ad
3244 3951 3564 4003 extremum
3580 3957 3766 4014 usque

2115 4041 2538 4100 immutabilem
2573 4039 2885 4104 retineant,
2911 4036 3406 4110 quemadmodum
3431 4033 3770 4104 improbita-

2115 4137 2228 4190 tem
2257 4131 2565 4203 malignaa?
2584 4131 2766 4194 Quam
2789 4130 2928 4184 item
2953 4128 3024 4184 ob
3049 4141 3310 4193 causam,
3331 4139 3464 4180 cum
3493 4121 3661 4178 multi
3683 4137 3771 4176 es-

2117 4226 2246 4279 sent
2265 4220 2530 4278 homines
2549 4217 2852 4290 puniendi,
2873 4217 3056 4289 ignem
3077 4216 3232 4272 dicet
3251 4214 3511 4270 Salvator
3539 4209 3769 4267 diabolo

2115 4317 2166 4369 et
2197 4313 2412 4383 angelis
2439 4311 2558 4382 ejus
2588 4313 2859 4380 paratum
2891 4309 2992 4378 (ρ).
3027 4311 3216 4376 Atque
3248 4305 3316 4358 ad
3345 4303 3594 4374 primam
3629 4302 3770 4372 qui-

355 4406 514 4481 τὲρας
551 4401 795 4478 μερίδος,
825 4407 922 4472 τῆς
970 4423 1028 4459 τε
1074 4403 1400 4481 ἀγγελικῆς,
1441 4405 1608 4482 φημὶ,
1647 4405 1738 4458 καὶ
1766 4390 1864 4474 τῆς
1910 4403 2015 4468 δαι,

2127 4405 2256 4459 dem
2315 4399 2714 4472 quastionem,
2757 4401 3004 4468 utraque
3052 4396 3110 4450 in
3161 4397 3324 4466 parte
3380 4390 3767 4464 (angelorum,

360 4493 574 4566 μονίας,
605 4493 668 4548 τὸ
715 4491 927 4548 ἁπλοῦν
961 4493 1199 4549 αἰτιᾶται
1247 4493 1334 4548 καὶ
1388 4495 1672 4548 ἀσύνθετον
1717 4494 1807 4548 καὶ
1853 4494 2012 4549 ἀποί-

354 4581 535 4652 κιλον,
578 4581 666 4638 καί
714 4579 802 4637 διὰ
831 4587 994 4638 τοῦτο
1039 4584 1176 4658 πρὸς
1207 4583 1274 4638 τὰ
1319 4583 1662 4658 ἀντικείμενα
1693 4589 1793 4652 τῆς
1845 4605 2016 4658 μετα-

359 4667 536 4739 ϐολῆς
593 4671 922 4750 ἐνυπάρχειν
978 4673 1162 4735 αὐτοῖς
1209 4673 1270 4726 τὸ
1325 4669 1718 4748 ἁπαράδεκτον.
1755 4674 1900 4746 Πρὸς
1959 4669 2015 4728 δὲ

359 4762 462 4830 τὴν
508 4758 754 4836 δευτέραν
807 4762 1058 4832 ζήτησιν,
1119 4759 1332 4816 ὅτιδιᾶ
1388 4766 1550 4816 τοῦτο
1607 4765 1712 4838 πῦρ
1767 4767 1846 4834 τῷ
1904 4761 2016 4818 δια-

361 4845 518 4922 ϐόλῳ
549 4851 638 4904 καὶ
689 4855 805 4912 τοῖς
857 4849 1114 4924 ἀγγέλοις
1145 4851 1311 4904 αὐτοῦ
1340 4851 1386 4886 ⁴⁴
1430 4852 1764 4924 ἡτοιμάσθαι
1818 4852 2015 4928 γέγρα-

357 4953 514 5006 πται,
549 4937 676 4993 ἀλλ’
708 4937 838 5012 οὐχὶ
889 4944 1006 5000 τοῖς
1039 4939 1374 5012 ἀνθρώποις,
1407 4936 1594 5008 ἐπειδή
1645 4938 1695 4992 ἐν
1741 4941 1876 5012 ἡμῖν
1919 4942 2012 5014 μὲν

356 5025 458 5083 οὐκ
495 5025 769 5098 ἀδόκητον
802 5029 850 5066 ⁴⁸
901 5029 1007 5083 ἀπὸ
1039 5033 1133 5084 τοῦ
1182 5030 1432 5104 χείρονος
1463 5025 1549 5084 ἐπὶ
1596 5031 1658 5084 τὸ
1704 5037 1950 5104 κρεῖττον
1978 5033 2013 5099 ἡ

361 5111 672 5192 μεταϐολὴ,
715 5118 866 5172 οὗτοι
921 5115 978 5173 δὲ
1029 5119 1223 5194 γνώμῃ
1282 5118 1623 5194 παρέσχοντο
1675 5119 1738 5173 τὸ
1794 5115 2017 5174 ἀνελπι-

359 5223 510 5262 στον.
553 5207 662 5274 Τὴν
707 5205 1005 5280 εἴρημὲνην
1053 5204 1109 5262 δὲ
1145 5211 1243 5261 τοῦ
1277 5213 1540 5282 Σωτῆρος
1587 5207 1768 5286 φωνὴν
1820 5209 1930 5280 ἅμα
1959 5227 2016 5262 τε

432 5349 508 5421 (p)
545 5349 750 5405 Matth.
784 5367 915 5416 xxv,
948 5351 1035 5404 41.

2125 4493 2389 4562 inquam,
2447 4497 2499 4544 et
2557 4486 2910 4556 daemonum)
2977 4483 3241 4554 [naturas]
3304 4479 3766 4552 simplicitatem,

2122 4593 2246 4650 quae
2280 4593 2464 4650 neque
2493 4577 2814 4645 composita
2845 4587 3026 4644 neque
3058 4572 3211 4628 varia
3233 4573 3330 4638 sit,
3355 4573 3410 4626 in
3436 4583 3610 4626 causa
3639 4583 3768 4623 esse

2123 4669 2318 4742 ponit;
2355 4683 2420 4724 ac
2460 4679 2560 4738 per
2607 4667 2715 4721 hoc
2763 4677 2890 4720 eam
2942 4677 3176 4735 quoque
3204 4661 3320 4716 vim
3353 4659 3426 4715 iis
3457 4661 3668 4726 inesse,
3703 4661 3769 4711 ut

2121 4759 2418 4832 oppositas
2467 4754 2810 4812 mutationis
2841 4753 3094 4810 rationes
3126 4750 3417 4822 suscipere
3449 4751 3765 4818 nequeant.

2125 4851 2206 4905 Ad
2239 4848 2479 4904 alteram
2531 4861 2698 4917 porro
2751 4844 3130 4917 quaestionem
3165 4839 3514 4914 respondet:
3546 4835 3766 4891 Idcirco

2125 4940 2316 5010 ignem
2369 4935 2599 4992 diabolo
2639 4937 2884 5005 ejusque
2916 4931 3158 5002 angelis,
3193 4945 3310 4985 non
3343 4935 3534 4984 autem
3567 4923 3767 4980 homi-

2126 5029 2298 5084 nibus
2349 5029 2760 5098 preeparatum,
2794 5022 2993 5087 scribi,
3025 5019 3304 5091 quoniam
3337 5017 3394 5072 in
3427 5015 3596 5071 nobis
3653 5029 3768 5070 non

2124 5117 2422 5188 inopinata
2473 5115 2606 5170 site
2641 5111 2791 5167 malo
2826 5112 2882 5166 in
2927 5109 3133 5165 melius
3183 5106 3454 5173 mutatio,
3501 5119 3635 5160 cum
3685 5101 3772 5156 illi

2127 5207 2469 5262 confirmata
2500 5217 2607 5259 sua
2635 5201 2948 5267 voluntate,
2982 5197 3207 5253 nullam
3242 5196 3311 5253 de
3341 5209 3403 5250 se
3433 5209 3595 5266 spem
3628 5191 3770 5246 reli-

1721 5475 1968 5532 VARifE
2010 5473 2308 5532 LEC’TION
2319 5471 2416 5530 ES.

431 5601 479 5636 ”
493 5599 806 5687 νάσωμάτου
835 5605 904 5672 Α,
947 5601 1374 5687 αὐτομάτουὶς.

359 5677 425 5746 Α,
459 5666 676 5736 οὗτος’ὁ
711 5673 848 5746 ἀνὴρ
876 5666 1096 5732 όωῐθνίί
1162 5676 1207 5710 ⁸³
1237 5666 1456 5748 τὸ’πῦρ]
1489 5666 1696 5732 Matth:
1726 5691 1855 5744 XXV,
1893 5675 1976 5730 41.

2127 5670 2290 5725 αὐτοῦ
2313 5687 2425 5727 om.
2463 5673 2526 5725 Α.
2605 5672 2648 5706 ’⁸⁵
2679 5666 2950 5739 ἀδόκητος

1451 5603 1498 5638 ⁴⁹
1526 5605 1588 5656 το
1620 5600 1696 5675 δὲ]
1731 5605 1974 5658 fortasse
2003 5599 2015 5656 i

2150 5603 2246 5675 τοῦ
2278 5595 2352 5654 δὲ.
2430 5601 2472 5636 ⁴¹
2509 5597 2928 5675 οὗτος-ρειονίι
3121 5597 3163 5631 ⁴¹
3205 5593 3365 5670 ἀνὴρ]
3417 5591 3574 5652 οὗτος
3621 5591 3758 5664 ἀνὴρ

2983 5667 3044 5692 ,—
