4184 6212
405 349 524 408 823

1604 333 1865 394 ΡΗΟΤΙΙ
1911 329 2446 393 ΡΑΤΒΙΑΗΟΗίΕ
2487 332 2529 393 C
2542 332 2606 392 P.

3689 344 3819 404 824

403 502 581 559 quam
618 483 871 540 fecerint.
907 477 1246 534 Praedictam
1281 488 1415 545 ergo
1458 470 1770 527 Salvatoris
1803 473 2048 526 senten-

2171 465 2316 520 λύσιν
2377 463 2564 542 ἐπάγει
2622 466 2721 536 τῆς
2783 463 3032 542 δευτέρας
3100 466 3352 543 ἀπορίας,
3413 474 3505 527 καὶ
3570 471 3826 548 δεύτερον

404 580 548 633 tiam
581 573 754 628 simul
805 568 992 626 206!)
1050 583 1150 636 pro
1202 564 1484 621 solutione
1533 559 1920 615 dubitationis
1963 575 2053 614 se-

407 668 610 724 cundae
641 663 826 727 affert,
858 664 914 715 et
944 656 1118 713 simul
1160 672 1260 726 pro
1311 653 1491 709 altero
1537 654 1904 722 argumento,
1939 665 2052 720 quo

407 753 738 808 daemonum
791 753 1057 804 naturam
1091 761 1120 800 θ
1153 744 1305 800 malo
1357 759 1468 798 non
1524 739 1730 797 mutari
1761 754 1934 811 posse
1965 754 2056 794 os-

406 842 697 898 tendatur.

477 932 614 986 Post
662 926 781 984 haec
831 926 1014 997 capite
1045 925 1111 978 44
1143 922 1454 990 excutitur,
1487 937 1600 992 qua
1633 919 1704 975 de
1729 935 1905 975 causa
1952 916 2054 988 qui

406 1014 861 1088 regenerationis
912 1012 1140 1067 lavacro
1190 1007 1453 1081 tingendi
1494 1008 1793 1072 accedunt,
1826 1006 2051 1060 Satanae

406 1111 462 1164 et
492 1106 765 1176 operibus
796 1105 922 1170 ejus
955 1101 1225 1156 nuntium
1265 1098 1601 1154 remittant:
1633 1113 1747 1150 non
1782 1096 1920 1150 item
1950 1094 2052 1149 bo-

403 1195 663 1250 minibus
693 1191 995 1264 improbis,
1020 1204 1340 1258 eorumque
1362 1186 1732 1242 actionibus?
1756 1183 2054 1239 Enimvero

406 1285 454 1340 si
503 1300 616 1338 non
662 1282 995 1337 daemonum
1043 1283 1279 1338 natura}.
1313 1276 1412 1331 sed
1459 1275 1732 1346 Operibus
1771 1275 2055 1327 duntaxat

405 1390 630 1438 eorum,
666 1379 946 1440 tanquam
982 1367 1174 1431 malis,
1207 1365 1628 1432 renuntiamus,
1657 1362 1781 1434 pari
1832 1362 2055 1416 ratione

403 1463 707 1532 oportebat
754 1460 1057 1513 hominum
1093 1474 1204 1510 non
1242 1461 1458 1509 natura;
1510 1454 1768 1526 quidem,
1802 1456 1860 1506 at
1901 1456 2054 1506 certe

405 1553 682 1623 operibus
714 1547 1070 1604 renuntiare.
1096 1545 1219 1600 Non
1249 1546 1405 1598 enim
1440 1543 1591 1613 quod
1626 1543 1866 1612 majora,
1900 1541 2053 1594 difﬁ-

405 1641 628 1706 ciliora,
649 1655 714 1694 ac
737 1654 913 1708 supra
935 1639 1204 1690 naturam
1230 1639 1493 1688 nostram
1519 1633 1847 1685 daemonum
1880 1645 2057 1700 opera

412 1730 550 1797 sint,
585 1732 737 1784 recte
768 1725 1064 1797 quispiam
1100 1739 1200 1793 pro
1233 1721 1618 1776 dubitationis
1649 1719 1941 1774 solutione
1972 1717 2058 1771 di-

2157 553 2516 631 ἐπιχείρημα,
2576 555 2703 628 [656
2745 558 2834 628 3.]
2899 554 2967 611 δι’
3009 557 3068 611 οὗ
3129 567 3188 611 το
3248 556 3634 632 ἀμετάϐλητον
3710 563 3822 617 ἀπὸ

2159 642 2350 705 κακίας
2377 649 2478 711 τῆς
2508 640 2795 717 δαιμονίας
2826 643 3190 702 ἐπιδείκνυται
3234 646 3466 724 φύσεως.

2238 910 2357 964 Ἑπὶ
2399 908 2456 965 δέ
2497 912 2710 974 τούτοις
2760 913 2810 967 ἐν
2863 918 2939 985 τῷ
2991 912 3079 986 μδ’
3130 916 3408 992 κεφαλαίῳ
3461 916 3829 993 διερευνᾶται,

2163 1001 2312 1061 τίνος
2353 999 2514 1074 χάριν
2552 1003 2602 1055 οἱ
2650 1006 2731 1074 τῷ
2781 1001 3002 1078 λουτρῷ
3040 1007 3138 1073 τῆς
3179 1004 3602 1082 παλιγγενεσίας
3643 1030 3833 1084 προσ-

2163 1090 2458 1162 ερχόμενοι
2489 1095 2567 1162 τῷ
2598 1091 2691 1164 μὲν
2725 1097 2931 1162 Σατανᾷ
2961 1093 3050 1147 καὶ
3098 1100 3214 1156 τοῖς
3247 1089 3428 1171 ἔργοις
3460 1099 3630 1152 αὐτοῦ
3681 1099 3833 1153 ἀπο..

2760 1178 2806 1197 ‘1

2163 1178 2474 1247 τάσσονται,
2517 1179 2694 1234 οὐκετι
2755 1178 2811 1236 δέ
2869 1183 2959 1236 καὶ
3017 1189 3133 1244 τοῖς
3191 1191 3451 1259 πονηροῖς
3512 1187 3832 1260 ἀνθρώποις

3029 1272 3214 1328 καίτοι
3246 1295 3327 1350 γε,
3363 1275 3407 1328 εί
3464 1278 3539 1347 μή
3590 1281 3663 1350 τῇ
3712 1283 3827 1332 τῶν

2163 1353 2437 1428 δαιμόνων
2469 1357 2627 1429 οὐσίᾳ
2674 1358 2821 1414 ἀλλὰ
2862 1366 2978 1422 τοῖς
3025 1358 3203 1436 ἔργοις
3249 1363 3425 1418 αὐτῶν
3460 1365 3534 1426 ὡς
3585 1366 3832 1442 φαύλοις

2164 1445 2605 1518 ἀποτασσόμεθα,
2675 1448 2848 1524 ἐχρῆν
2907 1451 2996 1504 καὶ
3053 1455 3121 1524 τῇ
3188 1456 3296 1507 τῶν
3352 1454 3653 1527 ἀνθρώπων
3729 1457 3829 1529 μὲν

2165 1535 2323 1604 οὐσίᾳ
2369 1538 2445 1608 μή
2498 1536 2918 1607 ἀποτάσσεσθαι,
2971 1541 3087 1600 τοῖς
3134 1537 3310 1617 ἔργοις
3365 1539 3409 1596 δ’

2161 1268 2250 1320 καὶ
2285 1274 2404 1329 ταῖς
2454 1270 2662 1324 τούτων
2711 1271 2935 1344 πράξεσι
2970 1289 2982 1302 ·

3463 1547 3643 1598 αὐτῶν
3695 1547 3842 1601 ἀπο-

2166 1625 2471 1682 τάσσεσθαι.
2516 1625 2592 1684 Οὐ
2634 1629 2739 1704 γὰρ
2789 1627 2872 1683 ὅτι
2925 1631 3148 1702 μείζονα
3186 1632 3276 1685 καὶ
3323 1630 3693 1707 χαλεπώτερα
3732 1637 3839 1690 καὶ

2169 1714 2300 1788 ὑπὲρ
2333 1717 2433 1785 τήν
2467 1718 2627 1788 ἡμῶν
2681 1717 2837 1794 φύσιν
2885 1719 2950 1774 15.
2992 1724 3101 1774 τῶν
3152 1717 3426 1794 δαιμόνων
3474 1720 3630 1798 ἔργα,
3664 1725 3837 1781 τοῦτο

408 1818 574 1873 xerit.
608 1815 751 1870 Nam
800 1812 1152 1869 contrarium
1205 1810 1394 1881 potius
1445 1809 1553 1862 hoc
1583 1807 1776 1878 ipsum
1809 1806 2051 1860 dubium

2171 1802 2223 1857 Ξίν
2257 1825 2338 1865 τις
2380 1805 2532 1859 λύσιν
2583 1806 2696 1876 θείη
2750 1811 2848 1862 τοῦ
2898 1808 3259 1882 ἀπορήματος
3303 1829 3315 1842 ·
3369 1811 3682 1868 τούναντίον
3720 1817 3838 1889 γὰρ

407 1912 612 1978 auget:
641 1906 688 1960 si
719 1904 953 1975 quidem
988 1901 1084 1956 illa
1117 1899 1406 1972 quispiam
1438 1915 1508 1953 ne
1539 1898 1833 1964 admittat,
1857 1897 2057 1966 depre-

408 2002 590 2062 cetur,
626 2011 738 2049 non
772 2010 899 2064 qua:
932 1994 1118 2047 facere
1168 1989 1328 2045 nullo
1379 1989 1547 2043 modo
1593 1987 1796 2059 possit,
1830 1987 1929 2040 sed
1982 1985 2054 2039 ad

409 2102 537 2156 quae
569 2085 793 2154 agenda
826 2081 1165 2154 prapendet.
1199 2082 1391 2150 Ipsam
1425 2077 1603 2147 igitur
1631 2074 2054 2131 dubitationem

410 2178 496 2227 sic
529 2173 643 2226 fere
676 2169 968 2225 instituit:
1002 2169 1170 2237 cujus
1215 2167 1365 2221 hanc
1406 2165 1642 2234 subjicit
1681 2163 2050 2220 solutionem.

411 2262 660 2317 Primam
677 2261 936 2331 quidem.
951 2259 1109 2331 quod
1131 2259 1422 2314 daemones
1441 2255 1780 2328 resipiscere
1795 2272 1907 2310 non
1924 2271 2052 2326 pos-

415 2351 573 2406 sint:
607 2349 760 2422 quod
795 2348 998 2418 utique
1027 2347 1197 2418 longe
1227 2348 1460 2418 gravius
1491 2351 1666 2417 atque
1709 2345 2054 2400 abominan-

415 2441 553 2494 dum
589 2439 772 2508 magis
801 2441 908 2506 est,
929 2453 1104 2507 quam
1129 2437 1242 2492 alia
1274 2435 1457 2490 multo
1489 2434 1751 2506 graviora
1784 2438 2054 2505 peccata:

411 2530 510 2584 sed
539 2545 662 2598 qua
686 2528 757 2582 ab
783 2526 1139 2592 hominibus,
1156 2525 1253 2596 qui
1279 2542 1378 2596 per
1399 2525 1797 2596 pmnitentiam
1820 2523 1882 2581 in
1904 2524 2056 2580 viam

410 2616 608 2672 reduci
635 2616 874 2688 possint,
900 2617 1363 2670 committuntur.
1384 2613 1628 2670 Alteram
1649 2615 1877 2682 deinde,
1903 2615 2058 2685 quod

413 2708 485 2761 ab
530 2707 694 2761 initio
746 2705 1030 2771 Salvator,
1075 2709 1130 2760 et
1174 2705 1509 2760 securitatis
1549 2708 1763 2759 nostris
1805 2711 2056 2770 curator,

413 2796 721 2852 terminum
792 2794 1232 2850 inimicitiarum
1292 2792 1676 2858 immobilem,
1735 2793 2060 2847 daemonem

413 2887 566 2941 inter
620 2894 673 2940 et
724 2884 992 2939 homines
1052 2883 1380 2954 praeﬁxerit.
1419 2887 1479 2938 ut
1529 2883 1806 2938 adversus
1864 2881 2058 2951 ipsum

414 2975 607 3030 odium
642 2973 970 3029 immortale
996 2973 1147 3028 inter
1167 2975 1394 3044 seipsos
1416 2977 1730 3039 servantes,
1757 2987 2059 3041 nunquam

410 3065 666 3136 amplius
719 3062 969 3118 oblatam
1026 3063 1097 3116 ab
1157 3064 1282 3132 ipso
1343 3063 1602 3117 fraudem
1661 3059 2058 3130 excipiamus:

2168 1890 2384 1964 μᾶλλον
2437 1893 2644 1963 αύξάνει
2696 1896 2758 1949 τὸ
2806 1894 3032 1971 ἄπορον,
3088 1896 3240 1972 ε’ίπερ
3295 1897 3471 1954 ἐκεῖνά
3519 1923 3601 1965 τις
3651 1905 3836 1979 ἀμαρ-

2163 1982 2341 2036 τάνειν
2399 1982 2720 2061 ἀπεύχεται,
2780 1985 2892 2060 οὐχ
2949 1985 2981 2039 ’ἀ
3041 1984 3182 2059 μηδέ
3250 1989 3504 2062 πράττειν
3560 1991 3822 2068 πέιρυκεν,

2164 2067 2290 2124 ἀλλ’
2321 2072 2394 2125 ὧν
2461 2072 2536 2133 εἰς
2593 2076 2692 2142 την
2767 2077 2958 2149 πρᾶξιν
3017 2076 3397 2154 καταφέρεται.
3455 2080 3565 2147 Τὴν
3603 2067 3697 2153 μὲν
3730 2081 3826 2136 οὗν

2163 2157 2391 2232 ἀπορίαν
2454 2159 2598 2214 οὕτω
2658 2167 2968 2236 συγκροτεῖ.
3023 2164 3187 2218 Λύσιν
3249 2162 3307 2219 δὲ
3365 2165 3554 2243 ἐπάγει
3595 2171 3824 2244 πρώτην

2169 2247 2261 2312 μὲν
2316 2248 2378 2302 τὸ
2431 2253 2540 2302 τῶν
2602 2246 2874 2323 δαιμόνων
2935 2252 3326 2325 ἀμετανόητον,
3360 2257 3493 2330 ὅπερ
3553 2256 3664 2312 ἐστὶ
3730 2258 3830 2313 καὶ

2163 2339 2271 2390 τῶν
2324 2335 2468 2392 πολὺ
2521 2338 2618 2410 μὲν
2678 2338 3088 2416 χαλεπωτέρων
3139 2344 3574 2417 ἁμαρτημάτων,
3614 2347 3830 2421 ἀνθρώο

2165 2447 2293 2487 ποις
2353 2424 2411 2482 δὲ
2466 2429 2875 2502 πραττομένων,
2939 2431 3029 2486 ἅτε
3087 2429 3153 2500 δὴ
3216 2434 3472 2505 μετανοίᾳ
3534 2433 3829 2508 μεθοδεύε-

2169 2517 2290 2569 σθαι
2351 2513 2680 2589 δυναμένων,
2725 2516 2846 2573 λίαν
2914 2519 3205 2595 βαρύτερόν
3263 2543 3320 2577 τε
3368 2527 3457 2578 καί
3529 2523 3830 2598 βδελυκτό-

2165 2627 2344 2680 τερον.
2390 2607 2645 2682 Δευτέραν
2679 2605 2756 2678 δὲ,
2805 2609 2880 2672 ὡς
2911 2610 3003 2665 ἀπ’
3052 2611 3233 2686 ἀρχῆς
3273 2613 3300 2668 ὁ
3352 2615 3548 2688 Σωτὴρ
3579 2615 3672 2670 καὶ
3723 2624 3830 2686 τῆς

2169 2694 2470 2772 ἀσααλείας
2525 2699 2684 2768 ἡμῶν
2735 2701 3048 2773 προνοητὴς
3099 2702 3227 2774 ὅρον
3294 2699 3496 2780 ἔχθρας
3558 2704 3825 2777 ἀμετακί-

2168 2806 2328 2854 νητον
2373 2785 2567 2857 μεταξὺ
2598 2791 2695 2841 τοῦ
2729 2808 2786 2842 τε
2828 2784 3090 2843 διαϐόλου
3119 2790 3210 2844 καὶ
3242 2793 3402 2864 ἡμῶν
3456 2791 3713 2865 ἐπήξατο,
3749 2795 3830 2859 ὡς

2172 2874 2231 2927 ἂν
2262 2876 2363 2944 τήν
2397 2875 2531 2949 πρὸς
2586 2874 2740 2930 αὐτὸν
2784 2875 2986 2954 ἔχθραν
3036 2878 3309 2953 ἀκήρατον
3343 2880 3394 2935 ἐν
3446 2883 3665 2945 ἑαυτοῖς
3703 2882 3832 2938 δια-

2175 2965 2438 3033 σώζοντες
2474 2967 2667 3037 μηκέτι
2710 2972 2823 3040 περ⁸
2873 2967 3036 3022 αύτοῦ
3068 2971 3488 3044 προσαγομένην
3538 2974 3636 3042 τὴν
3686 2974 3828 3027 ἀπά-

2172 3074 2270 3121 την
2301 3050 2660 3124 εἰσδεξώμετα
2691 3056 2753 3112 ⁸6.
2796 3056 2896 3113 Διὸ
2941 3057 3028 3110 καὶ
3063 3062 3168 3112 τῶν
3219 3061 3611 3136 φωτιζομένων
3659 3059 3827 3116 ’ἑκασ-

410 3153 904 3225 quemadmodum
938 3152 1110 3206 etiam
1141 3149 1358 3221 singuli
1386 3151 1485 3220 qui
1518 3151 1908 3220 baptizantur,
1930 3155 2056 3202 tan-

2171 3165 2280 3212 τος,
2306 3142 2486 3218 ὥσπερ
2518 3141 2806 3218 ὁμολογῶν
2832 3149 2898 3219 τῇ
2929 3150 3026 3200 τοῦ
3058 3147 3402 3221 προπάτορος
3433 3149 3612 3223 ἀπάτῃ
3651 3153 3824 3230 μέχρι

412 3259 586 3313 quam
624 3242 916 3296 fateantur
946 3257 1008 3294 se
1039 3241 1108 3295 ad
1144 3240 1198 3294 id
1235 3256 1421 3310 usque
1449 3248 1678 3310 tempus
1710 3254 1840 3292 cum
1875 3238 2061 3308 primo

410 3348 515 3386 suo
574 3335 814 3402 parente
853 3330 1073 3384 Adamo
1117 3329 1388 3399 deceptos
1435 3328 1636 3392 fuisse,
1677 3331 1830 3382 recte
1866 3342 1930 3381 ac
1970 3342 2063 3380 sa-

412 3420 632 3491 pienter
654 3419 713 3473 in
733 3426 1026 3488 posterum
1060 3415 1379 3488 deceptoris
1403 3415 1671 3471 amicitiae
1701 3414 2054 3470 renuntiant.

408 3515 488 3564 De
522 3507 856 3562 hominibus
888 3510 1104 3566 autem.
1126 3505 1361 3560 tametsi
1387 3505 1644 3575 improbe
1676 3502 2057 3569 vivant,nihil

407 3597 524 3653 tale
559 3596 857 3663 Dominus,
881 3595 1019 3668 quin
1046 3594 1238 3666 potius
1265 3594 1622 3650 contrarium
1656 3593 1888 3666 penitus
1920 3609 2058 3664 pra:-

408 3685 578 3757 cepit.
604 3687 684 3742 Ac
715 3686 786 3740 de
815 3684 1100 3740 sexcentis
1131 3683 1187 3738 id
1220 3699 1405 3755 genus
1440 3683 1592 3751 aliis,
1617 3700 1742 3754 Quae
1775 3682 1868 3737 hic
1897 3699 2055 3737 com-

407 3790 731 3831 memorare
761 3782 1041 3844 poteram,
1069 3789 1247 3828 unum
1282 3773 1424 3827 illud
1455 3789 1485 3828 e
1508 3771 1757 3828 maxime
1788 3787 2052 3826 necessa-

409 3863 531 3930 riis,
579 3863 734 3935 quod
783 3861 1052 3918 cbaritati
1111 3865 1326 3916 mutuae
1377 3860 1742 3932 prospiciens
1790 3858 2056 3914 Ecclesiae

409 3952 501 4008 lex
522 3954 723 4024 (quam
758 3952 917 4006 mille
942 3952 1127 4006 modis
1150 3949 1454 4023 improbus
1477 3951 1703 4005 daemon
1729 3949 2057 4004 discindere

412 4045 672 4112 conatur)
703 4041 862 4096 omni
897 4057 1022 4096 eam
1057 4041 1147 4095 via
1184 4057 1250 4096 ac
1293 4039 1585 4110 sa'pientia
1615 4056 1962 4111 componere
1991 4055 2058 4094 ac

415 4146 758 4187 conservare
808 4131 994 4201 jubet.
1050 4129 1235 4192 Quare
1293 4145 1478 4200 neque
1523 4131 1680 4200 ipsos
1739 4129 2058 4199 improbos,

415 4219 661 4292 proximi
689 4235 821 4274 cum
846 4219 966 4274 sint
986 4218 1080 4290 (ᾳ),
1108 4235 1208 4288 pro
1231 4218 1601 4274 exsecrandis
1624 4218 1855 4286 habere,
1884 4223 2061 4288 atque

413 4310 546 4366 odio
587 4325 710 4364 esse
760 4307 1082 4379 permittit:
1117 4307 1216 4362 sed
1268 4315 1488 4376 contra,
1522 4307 1711 4380 quoad
1759 4310 1888 4379 ejus
1937 4307 2061 4362 fieri

416 4403 628 4471 potest,
661 4413 857 4452 amare
909 4397 1079 4467 jubet
1124 4401 1297 4467 atque
1346 4397 1604 4468 diligere.
1650 4399 1769 4452 lmo
1820 4413 1948 4452 vero
1992 4397 2063 4452 de

419 4461 722 4558 purganda
753 4461 1132 4557 curandaque
1163 4461 1384 4541 malitia
1415 4461 1690 4556 cogitare,
1715 4485 1959 4558 illosque
1991 4486 2063 4542 ad
2097 4461 2140 4522 ί)

420 4591 483 4632 se
513 4591 764 4642 sumere,
798 4575 958 4630 nullo
999 4583 1191 4631 autem
1241 4575 1411 4632 modo
1452 4575 1748 4648 repellere,
1784 4577 2060 4648 praecipit.

422 4665 698 4735 Idemque
715 4663 930 4720 Paulus
962 4665 1112 4720 inter
1133 4665 1246 4721 alia
1265 4666 1596 4736 monet,qui
1627 4665 1848 4721 Judtsis
1876 4666 2067 4722 τοτα

422 4759 694 4824 tanquam
721 4753 981 4819 Judteus,
1015 4759 1070 4810 et
1105 4755 1381 4810 omnibus
1413 4755 1608 4810 omnia
1640 4756 1826 4810 factus
1858 4760 1968 4822 est,
2001 4759 2067 4811 ut

421 4844 660 4900 omnino
692 4843 925 4916 aliquos
957 4845 1146 4899 salvos
1177 4844 1386 4900 faceret
1419 4845 1513 4914 (ι’).

492 4932 655 4998 Quod
687 4935 733 4989 si
768 4950 801 4988 a
827 4933 1234 5005 peccatoribus
1263 4934 1563 5004 justorum
1605 4938 1788 4990 ccetus
1829 4935 1962 4990 inde
1994 4933 2065 4990 ab

419 5024 585 5079 initio
619 5026 674 5079 in
710 5023 864 5079 hunc
897 5039 1083 5094 usque
1113 5023 1262 5078 diem
1287 5022 1690 5087 abstinuisset,
1715 5024 1846 5094 quis
1869 5025 2064 5080 salvus

421 5116 622 5171 esset?
649 5114 947 5178 Quomodo
997 5115 1246 5170 mundus
1294 5129 1511 5185 sagena
1549 5120 1755 5185 captus
1785 5120 1959 5179 esset,
1993 5115 2064 5186 si,

422 5219 553 5258 cum
613 5209 948 5273 peccatores
997 5202 1141 5257 nihil
1191 5202 1436 5258 invicem
1490 5202 1754 5259 utilitatis
1797 5204 2062 5274 afferant,

493 5328 564 5398 (q)
599 5328 797 5384 Matth.
831 5347 884 5396 ν,
920 5329 1007 5399 44,
1042 5329 1127 5384 45.
1163 5330 1230 5401 (ν)
1264 5331 1285 5384 I
1316 5330 1444 5387 Cor.
1476 5347 1550 5398 ιχ,
1583 5331 1674 5386 29.

2169 3233 2289 3286 τότε
2321 3233 2660 3307 συνέχεσθαι,
2693 3231 2876 3295 καλως
2913 3255 2971 3289 τε
3003 3237 3091 3288 καί
3126 3235 3402 3310 Οεοσόιρως
3431 3238 3492 3292 τὸ
3525 3235 3717 3293 λοιπὸν
3752 3244 3825 3314 τῇ

2169 3322 2305 3395 πρὸς
2357 3320 2552 3376 ἐκεῖνον
2604 3321 2962 3378 ἀποτάσσεται
2996 3323 3173 3403 φιλίᾳ.
3209 3325 3329 3382 Ἐπὶ
3381 3324 3436 3380 δῖε
3467 3332 3573 3382 τῶν
3628 3329 3833 3404 ἀνθρώ-

2167 3433 2311 3480 πων,
2355 3409 2452 3465 κᾶν
2504 3411 2741 3485 πονηρίᾳ
2791 3417 3044 3484 συζῶσιν,
3086 3411 3244 3469 οὐδὲν
3291 3420 3564 3486 τοιοῦτον,
3607 3416 3703 3471 ’ίνα
3746 3421 3825 3490 μή

2170 3498 2318 3575 λέγω
2349 3505 2450 3554 πᾶν
2482 3501 2819 3567 τούναντίον,
2845 3503 2872 3556 ὁ
2907 3505 3184 3572 Δεσπότης
3216 3502 3491 3563 ἒκάλευσε.
3519 3507 3616 3561 Καὶ
3656 3508 3827 3581 μυρία

2171 3590 2262 3660 μὲν
2292 3587 2434 3644 ἔστιν
2475 3589 2644 3644 εἰπεῖν
2677 3590 2767 3645 καὶ
2817 3589 2984 3661 ἄλλα,
3015 3591 3069 3646 ’ἐν
3115 3591 3170 3648 δῖε
3201 3599 3308 3648 τῶν
3355 3593 3820 3671 ἀναγκαιοτάτων,

2165 3679 2239 3740 ὡς
2277 3682 2376 3743 τῆς
2418 3679 2494 3742 εἷς
2522 3678 2809 3751 ἀλλήλους
2837 3681 3052 3758 ἀγάπης
3083 3681 3110 3736 ό
3137 3686 3237 3755 τῇς
3266 3682 3596 3755 Ἐκκλησίας
3624 3688 3827 3760 θεσμὸς

2163 3767 2592 3842 προνοούμενος,
2649 3772 2714 3840 ἣν
2765 3772 3153 3846 μυριοτρόπως
3205 3773 3232 3826 ὁ
3283 3775 3530 3848 πονηρὸς
3590 3773 3822 3846 διασπᾷν

2165 3855 2462 3932 ἐπείγεται,
2519 3859 2663 3932 πάσῃ
2731 3857 2944 3932 μεθόδῳ
2999 3861 3086 3914 καὶ
3161 3860 3322 3936 σοφίᾳ
3391 3870 3700 3938 συγκροτεῖν
3759 3885 3821 3920 τε

2165 3947 2365 4016 ταύτην
2393 3947 2482 4000 καὶ
2531 3947 2771 4022 συνέχειν
2805 3949 3110 4020 νομοθετεῖ.
3151 3950 3243 4004 Διὸ
3285 3947 3410 4005 ούδέ
3458 3952 3654 4014 αὐτοὺς
3691 3952 3822 4016 τοὺς

2169 4033 2409 4113 φαύλους
2451 4035 2767 4112 ὁμοφύλους
2799 4033 2955 4099 ὄντας
2991 4035 3373 4112 βδελύττεσθαι
3404 4041 3492 4094 καί
3530 4047 3708 4114 μισεῖν
3741 4041 3826 4113 ἐᾷ,

2165 4126 2228 4180 τὸ
2259 4125 2523 4181 ἀνάπαλιν
2565 4124 2621 4180 δὲ
2664 4126 2903 4202 στέργειν
2932 4149 2990 4183 τε
3037 4128 3126 4182 καὶ
3161 4128 3364 4208 φιλεῖν,
3408 4131 3510 4200 ὅση
3565 4127 3823 4205 δύναμις,

2170 4215 2254 4269 ναὶ
2289 4213 2354 4285 δὴ
2389 4217 2477 4270 καὶ
2511 4219 2554 4252 ⁸⁷
2583 4216 2839 4292 κάθαρσιν
2871 4219 2999 4290 [340
3039 4220 3132 4290 H.j
3168 4219 3260 4290 μὲν
3297 4227 3399 4289 τῆς
3430 4223 3706 4294 πονηρίας
3734 4221 3824 4277 καὶ

2173 4305 2456 4379 θεραμείαν
2519 4305 2775 4374 ἐπινοεῖν,
2820 4301 3336 4382 προσλαμϐάνεσθαι
3403 4305 3476 4376 δὲ,
3539 4308 3668 4363 ἀλλ’
3727 4310 3826 4364 οὐκ

2173 4395 2524 4452 ἀπωθεῖσθαι.
2563 4397 2658 4452 Καὶ
2718 4400 2878 4451 τοῦτο
2940 4401 3157 4459 Παῦλος
3189 4399 3233 4432 ⁴⁸
3276 4401 3410 4470 μετὰ
3461 4403 3569 4452 τῶν
3632 4397 3823 4455 ἀλλων

2173 4490 2440 4559 παραινεῖ,
2493 4486 2551 4549 ὃς
2608 4485 2696 4540 καὶ
2751 4491 2865 4548 τοῖς
2925 4483 3208 4549 Ἰουδαίοις
3269 4487 3343 4548 ὡς
3411 4484 3675 4550 Ἰουδαῖος
3731 4491 3825 4544 καὶ

2171 4579 2286 4636 τοῖς
2341 4575 2607 4645 Ἕλλησιν
2651 4575 2696 4611 ‘9
2753 4576 2827 4637 ὡς
2874 4573 3090 4646 Ἕλλην
3147 4577 3234 4631 καὶ
3285 4581 3402 4639 τοῖς
3463 4573 3686 4649 ἀνόμοις
3746 4580 3825 4641 ὡς

2174 4662 2378 4736 ἄνομος
2410 4664 2499 4718 καὶ
2547 4669 2663 4726 τοῖς
2705 4670 2833 4718 πᾶσι
2874 4664 2939 4718 τὰ
2987 4665 3159 4719 πάντα
3204 4663 3430 4740 ἐγένετο,
3459 4663 3552 4720 ’ίνα
3602 4666 3826 4730 πάντως

2173 4752 2322 4816 τινας
2353 4753 2524 4827 σώσῃ.

2245 4932 2308 4988 Εἰ
2351 4929 2406 4987 δὲ
2454 4938 2568 4994 τοῖς
2625 4930 2978 5008 ἁμαρτωλοῖς
3018 4934 3046 4987 ὁ
3086 4936 3194 4987 τῶν
3243 4930 3464 4988 δικαίων
3505 4933 3680 5012 χορὸς
3735 4932 3828 4989 ἀπ’

2174 5023 2354 5096 ἀρχῆς
2413 5022 2578 5097 μέχρι
2635 5027 2723 5076 νῦν
2780 5022 3128 5092 ἀπετάσσετο,
3161 5027 3244 5083 τίς
3302 5023 3363 5076 ἂν
3423 5021 3649 5093 ἐσώθη;
3703 5027 3827 5087 Πῶς

2176 5109 2220 5166 δ’
2257 5112 2314 5166 ’ἀν
2355 5113 2383 5166 ὁ
2415 5113 2622 5184 κόσμος
2663 5110 3023 5186 ἐσαγηνεύθη,
3055 5116 3162 5166 τῶν
3219 5112 3312 5183 μὲν
3360 5109 3588 5190 φαύλων
3641 5109 3826 5181 ἀλλή-

2175 5201 2306 5265 λους
2337 5199 2487 5256 οὐδὲν
2543 5199 2922 5278 ὠφελούντων,
2953 5205 3058 5256 τῶν
3091 5198 3137 5255 δ’
3180 5201 3391 5274 ἀγαθῶν
3430 5201 3658 5262 τούτους
3701 5197 3826 5275 βδε-

1801 5469 2033 5525 νΑΗῙιλΕ
2063 5468 2456 5525 LECTIONES

1113 5593 1156 5627 ⁴⁷
1201 5593 1289 5646 καὶ
1339 5589 1406 5660 δὴ
1460 5593 1550 5646 καὶ
1591 5597 1635 5649 Α
1670 5611 1682 5649 :
1714 5593 1802 5646 καὶ
1856 5590 1920 5662 δὴ

493 5591 539 5626 ⁴⁶
580 5584 923 5662 είσδεξόμεθα

428 5660 628 5734 ἄνομος
671 5661 805 5717 add.
851 5664 917 5720 A.

2128 5594 2176 5628 4⁸
2243 5591 2482 5664 Παῦλος]
2532 5593 2720 5652 lCor.
2773 5608 2848 5659 ix,
2907 5594 2997 5649 20.

3075 5593 3119 5628 ⁴⁹
3157 5591 3245 5647 καὶ
3298 5597 3416 5654 τοῖς
3446 5591 3722 5664 ’Έλλησιν
3753 5626 3824 5638 -
