4184 6212
338 366 454 427 8'25

1432 364 1976 430 BlBLIOTHECA.
2023 401 2100 413 —
2142 370 2314 433 COD.
2361 371 2644 435 CCXXlI.

3624 384 3746 446 826

341 498 691 572 λυσσομένων
728 519 788 553 τε
816 498 906 552 καὶ
956 497 1394 570 ἀποπεμπόντων
1429 518 1443 568 ;
1478 497 1656 558 ’Δλλά
1697 501 1786 556 καὶ
1834 504 1869 571 ἡ
1908 505 1988 574 τῷ

2108 505 2244 573 iusti
2276 506 2512 579 insuper
2543 508 2669 565 illos
2699 517 3139 571 exsecrarentur
3170 532 3234 571 ac
3262 519 3557 589 rejicerenl
3581 522 3609 576 ?
3630 522 3741 578 Sed

342 588 525 661 Πέτρῳ
575 584 770 642 σινδὼν
822 588 1066 664 ὀφθεῖσα,
1097 587 1190 641 καὶ
1239 585 1462 661 πλήρης
1510 591 1759 665 καθαρῶν
1791 611 1850 645 τε
1891 593 1981 645 καὶ

339 678 655 751 ἀκαθάρτων
734 676 886 746 ζώων
960 675 1283 752 ὑπάρχουσα
1364 678 1463 745 τήν
1545 680 1980 757 συναναστροφὴν

344 765 557 839 μᾶλλον
624 767 713 820 καὶ
780 763 1097 839 πρόσληψιν
1152 770 1260 821 τῶν
1316 766 1564 840 φαύλων,
1623 767 1751 824 ἀλλ’
1781 769 1842 823 ού
1888 771 1989 839 τὴν

342 856 694 932 ἀποστροφήν
757 855 1093 929 ὑπῃνίττετο.
1158 855 1224 912 Εἰ
1292 853 1349 911 δὲ
1402 858 1502 925 τὴν
1562 858 1776 934 ἀγάπην
1846 858 1989 914 οὕτω

340 949 627 1021 πανταχοῦ
672 948 771 998 τοῦ
811 948 946 999 Θεοῦ
994 944 1176 1018 Λόγου
1224 946 1652 1017 νομοθετοῦντος
1683 949 1771 1000 καὶ
1810 947 1990 1019 πάσης

337 1031 518 1104 ἄλλης
557 1032 757 1108 ἀρετῆς
807 1034 1177 1108 ὑπερέχουσαν
1220 1031 1309 1088 διά
1351 1038 1461 1089 τῶν
1513 1035 1675 1090 αὐτοῦ
1728 1040 1987 1110 μαθητῶν

341 1118 687 1181 ἀναϐοῶντος
713 1123 866 1195 ὅμως
896 1120 1184 1196 πολεμίως
1211 1125 1346 1198 πρὸς
1389 1124 1612 1188 ἑαυτοὺς
1654 1123 1986 1200 διακείμεθα,

342 1212 432 1267 καὶ
504 1216 702 1287 μικροῦ
766 1212 859 1265 τὸν
917 1210 1153 1282 πλησίον
1211 1209 1452 1277 ἕκαστος,
1509 1213 1606 1269 κᾶν
1665 1213 1882 1290 ἄριστος
1930 1216 1987 1291 ᾖ,

340 1301 530 1376 φθόνῳ
584 1300 900 1373 κακίζομεν,
971 1298 1078 1354 ἔσθ’
1146 1301 1236 1356 ὅτε
1293 1299 1350 1356 δὲ
1404 1303 1493 1357 καὶ
1534 1298 1988 1379 ἐπιϐουλεύομεν,

342 1392 470 1463 [657
531 1392 621 1461 R.]
680 1389 726 1444 εἴ
789 1390 1051 1460 τοιαύτης
1122 1390 1375 1467 ἀφορμῆς
1427 1389 1780 1466 ἐδραξάμεθα,
1843 1393 1990 1469 λέγω

341 1477 408 1547 δὴ
443 1482 540 1533 τοῦ
570 1483 684 1541 τοῖς
715 1484 985 1553 πονηροῖς
1026 1477 1085 1534 ὲκ
1113 1479 1435 1552 νομοθεσίας
1460 1502 1518 1535 τε
1546 1482 1637 1535 καὶ
1686 1483 1991 1557 ὁμολογίας

338 1569 760 1637 ἀποτάσσεσθαι,
818 1569 928 1645 ἐγὼ
980 1570 1076 1643 μὲν
1122 1568 1173 1640 ἐξ
1222 1571 1295 1623 ὧν
1349 1571 1461 1644 ὁρῶ
1510 1573 1571 1626 τε,
1625 1571 1986 1648 ἀνθρώπινον,

338 1659 428 1714 καὶ
480 1658 607 1720 τοὺς
663 1657 944 1732 εὐεργέτας
978 1657 1146 1733 φημὶ,
1198 1656 1314 1713 ἐπεὶ
1360 1659 1489 1722 τούς
1544 1662 1605 1736 γέ
1641 1682 1694 1715 τι
1743 1662 1986 1733 παραλυ-

338 1753 594 1818 ποῦντας,
644 1746 740 1802 κᾶν
798 1745 1022 1810 δικαίως
1086 1752 1249 1803 τοῦτο
1306 1749 1606 1823 πράττωσι,
1656 1751 1870 1814 πάντως
1926 1750 1986 1806 ἃν

342 1836 587 1899 ἐκτόπως
646 1835 943 1910 ἓμισοῦμέν
1000 1858 1058 1892 τε
1112 1838 1202 1891 καὶ
1258 1837 1725 1914 ἀπεστρεφόμεθα,
1775 1842 1863 1895 ἅτε
1923 1839 1988 1910 δὴ

343 1924 759 2000 παρακάλυμμα
787 1932 887 1994 τῆς
938 1928 1197 1999 φθονερᾶς
1227 1927 1453 1999 γνώμης
1498 1927 1587 1982 καὶ
1625 1935 1725 1998 τῆς
1776 1930 1993 1999 πολλῆς

346 2015 428 2091 ἐφ’
473 2016 560 2077 οἷς
608 2018 873 2086 μισοῦμεν
916 2012 1202 2084 ἀλλήλους
1246 2015 1512 2094 αἶσχύνης
1569 2018 1667 2085 τήν
1715 2017 1858 2072 θείαν
1905 2018 1998 2073 ἐν-

340 2102 515 2172 τολὴν
572 2098 1028 2178 προϐαλλόμενοι
1080 2104 1171 2158 καὶ
1226 2107 1526 2182 συνήγορον
1601 2101 1845 2182 ἔχοντες,
1905 2104 1993 2163 καὶ

343 2193 444 2248 ούκ
473 2190 536 2247 ἂν
569 2190 695 2248 οὐδὲ
744 2193 912 2271 μέχρι
945 2193 1179 2247 θανάτου
1226 2195 1326 2261 τήν
1358 2195 1494 2269 πρὸς
1540 2194 1667 2258 τοὺς
1713 2196 1994 2262 τοιούτους

347 2280 547 2358 ἔχθραν
575 2280 926 2355 διελυόμεθα,
967 2280 1062 2338 κᾶν
1093 2283 1187 2338 τὸν
1218 2282 1383 2351 ἥλιον
1417 2287 1491 2357 μὴ
1527 2282 1761 2341 έπιδύειν
1792 2288 1883 2342 ἴεπὶ
1913 2292 1993 2361 τῷ

342 2376 714 2449 παροργισμῷ
777 2375 938 2444 ἡμῶν
1004 2375 1103 2441 τῆς
1178 2379 1522 2443 Δεσποτικῆς
1588 2378 1997 2450 νομοθετούσης

346 2461 715 2537 ἀγαθότητος,
756 2462 848 2516 καὶ
897 2465 992 2516 τοῦ
1044 2464 1254 2540 Πατρὸς
1309 2464 1555 2537 μιμητὰς
1603 2464 1997 2540 ἀποφαίνοντος

346 2547 406 2605 ἒν
463 2553 544 2624 τῷ
599 2555 730 2605 πᾶσι
785 2550 875 2605 καὶ
933 2556 1050 2613 τοῖς
1104 2557 1319 2625 μισοῦσι
1380 2554 1657 2627 χρηστοὺς
1710 2554 1863 2623 εἶναι,
1898 2557 1995 2618 "Oc

356 2638 547 2715 βρέχει
603 2642 652 2676 ⁵ο
724 2638 811 2694 ἐπὶ
867 2638 1107 2703 δικαίους
1179 2642 1270 2696 καὶ
1337 2640 1558 2705 ἀδίκους
1614 2644 1703 2698 καὶ
1772 2644 1995 2701 ἀνατέλ-

353 2728 440 2785 λει
494 2729 588 2783 τὸν
644 2727 806 2798 ἥλιον
860 2727 1031 2784 αἱ)τοῦ
1088 2728 1170 2808 ἐφ’
1228 2730 1476 2806 ἑκατέραν
1536 2732 1743 2805 ὁμοίως
1778 2731 1993 2807 μερίδα.

355 2818 419 2875 Εἰ
455 2815 511 2873 δὲ
547 2820 615 2887 ἦν
656 2816 1043 2892 νενομισμένον
1077 2826 1194 2884 τοῖς
1240 2827 1505 2894 πονηροῖς
1546 2826 1652 2876 τῶν
1700 2823 1997 2897 ἀνθρώπων

351 2907 481 2970 τοὺς
532 2907 939 2986 φωτιζομένους
980 2908 1397 2980 ἀποτάσσεσθαι,
1430 2911 1518 2965 καὶ
1566 2912 1701 2986 γυνὴ
1752 2911 1810 2965 ἃν
1862 2912 1992 2968 ταδ-

341 3018 442 3067 της
490 3005 592 3066 τῆς
640 2997 898 3074 ἀφορμῆς
949 2993 1225 3071 λαϐομένη
1275 3003 1372 3054 τοῦ
1421 2997 1611 3074 ἀνδρὸς
1668 2997 1992 3075 ὃιεσχίζετο,

2094 599 2151 649 et
2173 598 2327 668 quod
2352 598 2515 655 Petro
2541 599 2726 655 visum
2759 605 2845 656 est
2871 602 3114 658 linteum
3141 605 3229 676 (ε),
3256 610 3415 677 puris
3436 618 3603 682 atque
3628 611 3739 667 im-

2096 686 2258 755 puris
2276 686 2672 745 animantibus
2690 690 2944 761 plenum,
2961 692 3031 747 ad
3047 697 3529 754 consuetudinem
3548 701 3737 769 potius

2100 773 2287 830 malos
2308 792 2440 830 assu
2453 777 2704 844 mendos,
2731 795 2903 851 quam
2931 780 3291 853 repellendos
3314 785 3591 858 designat.
3615 789 3741 844 Jam

2100 863 2148 916 si
2180 868 2305 917 tum
2338 864 2539 933 etiam,
2561 868 2794 937 quando
2817 868 3161 925 charitatem
3196 873 3337 929 adeo
3358 873 3462 930 Dei
3484 874 3742 934 Verbum

2100 949 2312 1020 ubique
2345 951 2611 1023 imperat,
2644 959 2699 1009 et
2730 957 3002 1012 omnibus
3032 957 3163 1014 aliis
3192 960 3507 1017 virtutibus
3556 964 3745 1035 majo-

2100 1054 2220 1093 rem
2237 1056 2486 1111 persuos
2511 1046 2827 1099 sectatores
2848 1045 3121 1115 clamitat,
3140 1047 3330 1104 hostili
3355 1054 3547 1106 tamen
3570 1052 3665 1106 alii
3683 1053 3745 1107 in

2100 1127 2244 1183 alios
2273 1128 2469 1184 animo
2492 1147 2719 1198 sumus,
2739 1138 2793 1186 et
2817 1134 2931 1189 fere
2955 1138 3361 1208 unusquisque
3396 1139 3743 1209 proximum,

2099 1217 2332 1272 tametsi
2364 1219 2623 1289 optimus
2654 1222 2750 1286 sit,
2787 1237 2883 1290 per
2921 1222 3200 1280 invidiam
3249 1226 3536 1297 lwdimus,
3569 1234 3743 1300 atque

2098 1305 2393 1361 interdum
2427 1308 2596 1363 etiam
2621 1310 2671 1365 ei
2694 1310 2938 1366 insidias
2969 1329 3247 1383 paramus
3273 1330 3285 1369 :
3311 1315 3417 1371 hac
3439 1316 3634 1373 oblata
3656 1334 3749 1373 oc-

2100 1394 2330 1451 casione
2361 1397 2450 1469 (ut
2479 1398 2701 1454 scilicet
2750 1401 3053 1473 improbis,
3088 1419 3155 1458 ex
3184 1403 3309 1476 lege
3358 1408 3532 1477 atque
3582 1415 3743 1477 pacto

2100 1486 2340 1541 nuntius
2357 1489 3131 1563 remittendussit)equidem
3148 1502 3430 1564 quantum
3454 1496 3750 1554 hominum

2101 1589 2293 1630 mores
2328 1576 2633 1648 perspicio,
2660 1577 2819 1648 ipsos
2841 1594 3070 1650 quoque
3088 1581 3378 1638 beneﬁcos
3410 1582 3468 1638 in
3494 1599 3620 1654 nos,
3646 1585 3748 1655 qui

2100 1664 2272 1719 modo
2293 1664 2549 1735 aliquem
2575 1666 3287 1739 molestiam,ctiamjuste
3326 1671 3598 1728 ali'errent
3636 1673 3749 1728 ab-

2101 1753 2273 1807 surde
2300 1754 2498 1823 utique
2517 1757 2572 1808 et
2596 1755 2927 1810 indecenter
2956 1757 3285 1815 odissemus
3315 1765 3492 1832 atque
3522 1778 3750 1817 aversa-

2105 1856 2295 1897 remur
2311 1841 2727 1913 (velamentum
2743 1844 3016 1900 nimirum
3043 1848 3226 1902 noxiae
3248 1848 3423 1919 bujus
3437 1849 3752 1908 voluntatis

2105 1936 2162 1986 et
2194 1931 2457 2001 probrosi
2510 1930 2671 1987 illius
2721 1950 2836 2004 quo
2881 1934 3130 1990 invicem
3178 1938 3589 2010 prosequimur
3631 1938 3750 1995 odii

2107 2019 2371 2075 divinum
2422 2026 2775 2093 przeceptum
2825 2022 3185 2094 objicientes,
3231 2030 3288 2080 et
3331 2030 3611 2098 tanquam
3646 2045 3748 2100 pro

2104 2110 2383 2165 advocato
2433 2109 2723 2184 habentes)
2758 2127 2824 2167 ac
2861 2127 3048 2184 neque
3078 2112 3153 2168 ad
3183 2121 3507 2171 extremum
3560 2133 3747 2189 usque

2103 2198 2374 2269 spiritum
2431 2200 2629 2255 odium
2682 2200 2739 2255 in
2793 2199 2933 2257 tales
2986 2217 3244 2273 unquam
3295 2192 3781 2274 deponeremusf

2102 2287 2332 2344 etiamsi
2361 2287 2541 2344 solem
2575 2305 2690 2344 non
2721 2290 2983 2345 occidere
3012 2306 3184 2361 super
3229 2292 3590 2348 iracundiam
3641 2311 3747 2350 no-

2102 2388 2286 2434 stram
2322 2377 2549 2433 Domini
2579 2378 2810 2433 bonitas
2840 2379 3135 2451 praecipiat
3157 2381 3241 2451 (ι),
3263 2386 3434 2452 atque
3460 2398 3560 2453 per
3579 2382 3749 2438 beni-

2102 2468 2384 2540 gnitatem
2434 2483 2572 2539 erga
2619 2483 2842 2533 omnes,
2871 2466 3047 2522 etiam
3097 2468 3389 2535 inimicos,
3419 2470 3606 2525 Patris
3658 2468 3748 2526 sui

2106 2557 2423 2612 imitatores
2474 2557 2590 2612 fore
2640 2555 2910 2625 declaret,
2942 2559 3041 2628 qui
3082 2559 3227 2628 pluit
3275 2574 3439 2628 super
3474 2558 3649 2629 justas
3693 2563 3749 2614 et

2105 2644 2359 2715 iniustos,
2392 2647 2441 2700 et
2487 2644 2658 2699 solem
2697 2660 2858 2699 suum
2902 2646 3042 2699 oriri
3082 2648 3217 2715 facit
3270 2661 3437 2717 super
3485 2647 3671 2715 bonos,
3701 2655 3756 2703 et

2103 2734 2276 2788 malos
2309 2735 2410 2805 (ιι).
2444 2734 2512 2788 Et
2537 2749 2669 2789 vero
2701 2734 2750 2787 si
2783 2732 2909 2804 lege
2939 2734 3235 2789 decretum
3270 2734 3434 2802 foret,
3466 2739 3530 2789 ut
3561 2735 3751 2806 bapti-

2103 2824 2271 2879 zandi
2308 2823 2492 2878 malos
2523 2822 2791 2877 homines
2823 2822 3058 2877 omnino
3081 2822 3267 2878 valere
3290 2824 3569 2893 juberent
3594 2824 3748 2894 :jam

2103 2920 2162 2970 et
2212 2930 2355 2969 uxor
2404 2913 2509 2968 hoc
2558 2912 2749 2967 colore
2796 2928 2831 2967 a
2877 2912 2998 2967 viro
3048 2912 3388 2979 discederet,
3437 2918 3493 2968 et
3541 2913 3631 2967 vir
3678 2914 3751 2968 ab

2104 3020 2301 3068 uxore,
2337 3004 2493 3058 ﬁlius
2524 3019 2556 3056 a
2587 3007 2768 3071 patre,
2809 3018 2842 3056 a
2884 3005 3066 3057 matre
3124 3002 3263 3071 ﬁlia,
3288 3019 3321 3057 a
3350 3003 3585 3058 domino
3637 3019 3754 3058 ser-

343 3088 434 3142 καὶ
475 3088 734 3161 γυναικὸς
782 3087 810 3141 6
851 3088 1008 3161 ἀνὴρ,
1063 3088 1268 3161 πατρός
1307 3108 1364 3143 τε
1412 3090 1440 3143 ὁ
1492 3089 1607 3150 υἱὸς
1655 3090 1742 3144 καὶ
1790 3091 1996 3164 μητρὸς

2113 3112 2241 3150 vus.
2274 3092 2658 3149 Conﬁrmaret
2685 3091 2841 3146 enim
2876 3090 3083 3146 horum
3117 3090 3362 3162 quilibet
3394 3109 3456 3146 se
3486 3108 3590 3148 suo
3622 3107 3751 3147 cum

343 3180 381 3245 ἡ
447 3178 691 3250 θυγάτηρ
749 3176 839 3231 καὶ
896 3173 1094 3238 δοῦλος
1152 3175 1417 3233 δεσπότου
1451 3196 1464 3209 ⁸
1526 3178 1835 3253 ἐστηρίζετο
1893 3186 1998 3256 γάρ

347 3263 662 3326 ’ἀν’ἐκαστος
720 3264 928 3322 τούτων
960 3271 1028 3341 τῇ
1079 3268 1217 3341 πρὸς
1275 3268 1404 3322 Θεὸν
1467 3268 1638 3339 οἱκείᾳ
1696 3268 1997 3343 ὁμολογίᾳ,

349 3354 441 3409 καὶ
497 3353 668 3427 νόμον
734 3354 936 3409 ἐτίθετο
993 3360 1182 3410 τοῦτον
1240 3352 1587 3430 ἀπαράϐατον
1650 3363 1730 3430 τῷ
1807 3358 1998 3431 οἰκείῳ

351 3443 627 3514 θελήματι
674 3438 1083 3518 βεϐαιοόμενον.
1144 3446 1242 3500 Διά
1296 3450 1463 3501 ταῦτα
1516 3446 1696 3502 τοίνυν
1753 3453 1832 3519 τῷ
1881 3445 1997 3503 δια-

346 3529 504 3606 ϐόλῳ
538 3534 699 3605 μόνον
731 3533 820 3587 καὶ
870 3539 988 3594 τοῖς
1021 3530 1325 3605 δαιμονίοις
1374 3535 1460 3590 καὶ
1491 3541 1607 3598 τοῖς
1652 3536 1859 3591 τούτων
1911 3531 1999 3611 ἔρ-

352 3642 476 3696 γοις
522 3622 736 3698 φεύγειν
782 3642 840 3677 τε
896 3621 984 3677 καὶ
1035 3619 1415 3697 βδελύττεσθαι
1472 3624 1562 3679 καὶ
1613 3626 2001 3681 ἀποτάττεσθαι

350 3712 823 3787 προστετάγμεθα,
877 3711 1147 3787 ἀμέτοχοι
1201 3720 1300 3782 τῆς
1361 3713 1573 3769 ἐκείνων
1631 3716 1855 3789 γνώμης
1916 3713 2005 3771 διά

352 3801 551 3862 παντὸς
600 3802 1006 3874 συντηρηθῆναι
1064 3800 1463 3876 ὁμολογοῦντές
1500 3824 1559 3858 τε
1614 3804 1705 3859 καὶ
1762 3805 2002 3883 εὐχόμεο

355 3910 462 3957 νοι,
507 3886 599 3943 διὰ
646 3890 749 3958 τήν
797 3890 977 3944 αὐτῶν
1035 3892 1174 3964 πρὸς
1232 3890 1298 3946 τὰ
1337 3891 1516 3967 φαῦλα
1574 3891 1772 3962 ἀκλινῆ
1819 3914 1878 3948 τε
1915 3894 2004 3948 καὶ

357 3977 686 4050 ἀμετάθετον
734 3979 909 4053 ῥοπήν
950 3979 1041 4033 καὶ
1091 3977 1180 4034 διά
1225 3982 1287 4035 τὸ
1327 3982 1488 4056 κόρον
1531 3986 1638 4036 τῶν
1676 3982 2005 4055 ἁμαρτημά-

356 4088 467 4121 των
505 4067 582 4138 μή
632 4062 906 4141 δέχεσθαι.
950 4066 1260 4137 Ἀλλήλοις
1307 4065 1383 4137 δέ,
1435 4067 1532 4123 κᾶν
1586 4069 1921 4142 ἀνθρώπινον
1948 4071 2006 4142 ᾗ,

355 4154 458 4210 κ’ἀν
518 4154 595 4219 εἰς
650 4158 712 4210 τὸ
775 4159 929 4210 Θεῖον
996 4150 1248 4230 διαϐαίνῃ
1304 4157 1346 4193 ⁶¹
1424 4157 1486 4212 τὸ
1540 4157 1852 4234 ἁγάρτημα,
1912 4157 2011 4214 οὐκ

354 4246 533 4314 ὀξεῖαν
583 4245 673 4300 καὶ
723 4244 1007 4318 ἀπότομον
1065 4247 1165 4315 την
1212 4247 1388 4320 κρίσιν
1433 4249 1611 4324 φέρειν
1663 4247 1959 4326 ὀφείλομεν
1994 4267 2009 4284 ο

358 4334 695 4407 λυμαντικόν
726 4355 786 4389 τε
822 4335 925 4409 γὰρ
955 4338 1119 4390 τοῦτο
1149 4342 1248 4404 τῆς
1288 4335 1530 4415 ἐμφύτου
1561 4338 1696 4411 πρὸς
1728 4336 2013 4407 ἀλλήλους

2111 3187 2226 3243 Deo
2258 3183 2400 3237 inito
2432 3189 2617 3252 pacto,
2642 3178 2946 3251 legemque
2979 3180 3127 3235 hanc
3157 3180 3263 3235 sibi
3296 3181 3523 3252 propria
3555 3179 3762 3236 volun-

2112 3280 2224 3329 tate
2256 3270 2687 3327 corroboratum
2723 3285 3019 3339 nunquam
3072 3269 3615 3341 transgrediendum
3648 3273 3761 3324 sta-

2106 3367 2313 3418 tueret.
2340 3359 2456 3414 Has
2489 3358 2667 3429 igitur
2697 3359 2769 3413 ob
2800 3372 3009 3414 causas
3036 3357 3221 3413 solum
3253 3358 3553 3414 diabolum
3586 3362 3758 3426 atque

2105 3449 2413 3516 daemonia,
2446 3451 2503 3503 et
2549 3463 2746 3503 eorum
2793 3463 2969 3519 opera
3012 3448 3293 3517 jubemur
3336 3448 3553 3519 fugere,
3588 3462 3755 3503 exse-

2107 3541 2276 3606 crari,
2312 3537 2609 3610 repellere,
2643 3553 2709 3593 ac
2740 3553 2846 3593 nos
2877 3552 2979 3608 per
3009 3536 3206 3592 omnia
3249 3535 3484 3604 liberos,
3521 3553 3590 3592 ne
3620 3552 3756 3592 cum

2107 3629 2178 3686 iis
2207 3628 2555 3696 sentiamus,
2584 3642 2949 3693 conservare,
2974 3625 3313 3697 profitentes
3344 3630 3519 3697 atque
3550 3631 3762 3696 optan-

2109 3720 2220 3782 tes,
2247 3719 2483 3787 prOpter
2501 3729 2703 3769 eorum
2736 3714 2808 3767 ad
2840 3713 3055 3767 malum
3088 3712 3519 3767 immutabilem
3542 3713 3598 3767 et
3620 3710 3764 3767 irre-

2108 3803 2427 3861 vocabilem
2478 3800 2934 3868 inclinationem,
2986 3805 3042 3857 et
3084 3800 3223 3872 quia
3270 3800 3460 3856 2076
3516 3797 3766 3868 peccatis

2112 3910 2226 3949 non
2269 3892 2575 3960 satiantur,
2609 3889 2842 3945 eosdem
2895 3906 3000 3945 nos
3050 3889 3292 3943 minime
3335 3887 3663 3943 admittere.
3700 3887 3762 3942 In

2112 3998 2219 4037 nos
2252 3985 2458 4035 mutuo
2493 3994 2643 4043 vero,
2667 3978 2783 4033 sive
2813 3978 2873 4033 in
2908 3978 3195 4033 hominem
3229 3977 3351 4033 sive
3372 3977 3431 4031 in
3455 3975 3633 4031 Deum
3665 3974 3767 4031 ad-

2114 4069 2357 4125 missum
2410 4071 2709 4140 peccatum
2742 4066 2838 4133 sit,
2873 4065 3117 4122 celerem
3160 4071 3217 4121 et
3261 4066 3569 4136 abruptam
3612 4064 3762 4119 ferre

2114 4157 2462 4215 sententiam
2487 4172 2602 4212 non
2624 4156 2904 4211 debemus
2926 4156 3188 4227 (noxium
3216 4154 3368 4211 enim
3393 4153 3535 4209 illud
3560 4152 3759 4209 innato

2114 4248 2282 4304 nobis
2329 4247 2511 4303 amori
2565 4249 2767 4301 mutuo
2818 4261 2948 4301 esse
2996 4244 3185 4317 solet),
3219 4248 3340 4299 tum
3376 4243 3529 4315 quod
3579 4258 3763 4315 genus

2117 4338 2453 4394 universum
2487 4351 2520 4391 a
2549 4334 2799 4391 materia
2845 4333 3192 4407 dependeat,
3234 4338 3361 4403 tum
3412 4334 3585 4388 etiam
3639 4332 3774 4402 quia

362 4429 623 4497 στοργῆς,
667 4420 755 4478 διὰ
800 4424 901 4490 τὴν
941 4425 1351 4497 συνηρτημένην
1401 4422 1539 4494 ὕλην
1585 4429 1665 4497 τῷ
1710 4425 1872 4495 γένει,
1922 4446 1991 4481 κα

2125 4426 2307 4498 lapsis
2339 4442 2471 4497 spes
2502 4423 2887 4480 restitutionis
2917 4424 3109 4480 adhuc
3140 4423 3363 4494 reliqua
3392 4429 3498 4478 est.
3533 4421 3692 4477 Unde
3724 4419 3776 4476 si

360 4511 445 4567 ὅτι
494 4516 748 4567 πεσοῦσιν
799 4509 957 4574 ἒλπῖς
1007 4509 1352 4586 διορθώσεως
1404 4513 1759 4570 ὑπολείπεται
1790 4517 1856 4573 ⁸⁵.
1921 4516 2013 4570 Διὸ

361 4602 453 4657 καὶ
485 4599 544 4656 ἀν
590 4622 671 4664 τις
719 4602 814 4673 μὲν
866 4599 1024 4676 λέγῃ,
1070 4603 1187 4660 Οὐκ
1225 4602 1339 4675 εἰμὶ
1387 4605 1506 4658 καθ’
1534 4600 1624 4658 ἕνα
1666 4610 1775 4660 τῶν
1818 4602 2016 4678 δαιμό-

358 4714 486 4761 νων,
548 4693 671 4765 [341
737 4694 829 4764 Η.]
891 4688 1110 4766 ἐπείπερ
1168 4690 1427 4763 ἀλήθειάν
1480 4714 1664 4771 φησιν,
1723 4693 1823 4749 ούκ
1878 4694 2015 4750 ἀπό-

359 4778 569 4852 ϐλητος
605 4802 616 4815 ·
680 4782 706 4836 ὁ
767 4779 824 4836 δὲ
878 4782 1016 4837 κατά
1072 4782 1164 4837 τὸν
1225 4789 1523 4856 Φαρισαιον
1561 4785 1629 4819 δῖ’
1695 4782 2017 4855 ἀλαζονευό-

371 4892 529 4946 μενος
556 4890 569 4940 ;
602 4871 690 4926 καὶ
717 4872 792 4934 ὡς
822 4872 850 4925 6
880 4869 1126 4940 τελώνης
1162 4872 1238 4944 μή
1271 4872 1405 4927 εἶναι
1441 4870 1809 4949 μεγαλαυχῶν
1841 4895 2016 4929 κατα-

362 4963 652 5036 κρίνεται·
699 4956 822 5015 οὔτε
877 4960 980 5035 γὰρ
1029 4959 1189 5025 αὐτὸς
1228 4962 1255 5016 6
1309 4960 1598 5034 ἱστάμενος
1659 4961 1703 5017 εἰ
1739 4964 1816 5036 μή
1858 4961 2015 5019 πέσοι

361 5049 558 5121 δῆλον,
618 5047 747 5104 οὔτε
794 5051 822 5105 ὁ
874 5049 1180 5111 πεπτωκὼς
1248 5051 1295 5105 εἰ
1358 5053 1433 5124 μή
1493 5053 1769 5122 στήσεται.
1830 5054 2013 5128 Χωρίς

360 5135 417 5193 δὲ
445 5142 554 5194 τῶν
608 5136 912 5212 εἰρημένων
958 5137 1176 5193 κάκεῖνο
1226 5137 1553 5214 θεωρητέον,
1606 5139 1681 5200 ὡς
1720 5136 1911 5208 ἐπειδὴ
1950 5140 2013 5195 τὸ

361 5231 457 5301 μὲν
499 5224 783 5298 δαιμόνιον
831 5224 1004 5303 φῦλον
1042 5224 1437 5300 ἀμετανόητον,
1471 5230 1637 5301 ἡμεῖς
1684 5225 1740 5284 δὲ
1780 5225 1868 5283 ’διά
1919 5248 2015 5300 με·

355 5316 581 5379 τανοίας
614 5320 692 5389 τῷ
727 5315 1060 5390 βαπτίσματι
1109 5317 1399 5393 πρόσιμεν,
1432 5313 1502 5371 δι’
1547 5317 1620 5371 ὢν
1660 5320 1777 5378 τοῖς
1818 5318 2014 5391 ἀμετα-

2126 4516 2256 4588 quis
2286 4514 2532 4570 dixerit:
2566 4518 2753 4585 Egone
2792 4514 2879 4569 vel
2928 4530 3102 4568 unum
3148 4512 3449 4568 dmmonem
3497 4509 3772 4567 imitando

2123 4621 2320 4677 sequor
2346 4621 2357 4660 :
2385 4603 2435 4659 si
2456 4604 2691 4676 quidem
2715 4619 2912 4659 verum
2943 4602 3106 4672 dicit,
3129 4618 3245 4658 non
3278 4606 3366 4658 est
3398 4598 3770 4671 rejiciendus,

2124 4695 2238 4760 sin,
2274 4700 2339 4751 ut
2378 4693 2475 4749 ille
2524 4692 2875 4758 Pbarisaaus,
2918 4707 3046 4747 sese
3079 4690 3333 4762 jactitet,
3367 4696 3423 4745 et
3452 4688 3770 4745 Publicano

2126 4800 2243 4841 non
2292 4800 2414 4840 esse
2463 4782 2711 4839 similem
2763 4782 3078 4852 superbius
3127 4779 3427 4851 glorietur,
3473 4779 3521 4833 is
3571 4779 3773 4848 utique

2126 4874 2437 4930 damnatur
2459 4873 2555 4945 (v).
2577 4872 2772 4944 Neque
2794 4871 2948 4928 enim
2970 4875 3215 4938 constat,
3240 4886 3314 4926 an
3338 4868 3435 4924 ille
3456 4867 3556 4939 qui
3588 4865 3778 4923 stabat

2117 4967 2242 5037 jam
2273 4980 2389 5019 non
2421 4963 2739 5019 deciderit:
2774 4977 2963 5033 neque
3012 4976 3209 5016 annon
3260 4959 3332 5014 sit
3382 4960 3776 5025 surrecturus,

2125 5053 2226 5125 qui
2259 5051 2567 5109 ceciderat.
2600 5053 2816 5106 Praeter
2843 5067 2908 5107 ea
2936 5066 3092 5119 vero,
3118 5065 3246 5120 quae
3279 5048 3394 5118 iam
3429 5046 3585 5100 dicta
3612 5047 3773 5111 sunt,

2123 5142 2298 5198 etiam
2349 5141 2492 5197 illud
2545 5138 3057 5207 considerandum,
3108 5136 3382 5209 quoniam
3434 5132 3774 5205 paenitentia

2124 5231 2258 5286 duci
2293 5231 2587 5286 daemones
2629 5245 2745 5284 non
2792 5233 3068 5299 possunt;
3104 5244 3209 5282 nos
3255 5240 3387 5281 vero
3434 5240 3537 5296 per
3582 5221 3767 5294 praui-

2123 5319 2366 5376 tentiam
2396 5320 2466 5375 ad
2499 5317 2861 5391 baptismum
2893 5317 3245 5388 accedimus,
3277 5328 3345 5371 ex
3376 5328 3443 5369 eo
3473 5313 3624 5386 quod
3657 5312 3771 5369 im-

432 5449 500 5520 (ε)
530 5450 657 5505 Aet.
689 5464 745 5514 χ,
781 5448 840 5504 11
876 5463 1042 5520 seqq.
1074 5447 1141 5519 (ι)
1169 5447 1380 5520 prea.
1414 5464 1492 5515 Iv,
1524 5449 1613 5503 26.
1644 5450 1723 5521 (ιι)
1756 5448 1918 5504 Matt.
1952 5464 1998 5516 v,

2111 5490 2124 5503 .
2160 5447 2232 5521 (v)
2264 5450 2400 5506 Luc.
2433 5463 2590 5514 xmr,
2619 5447 2655 5502 9
2686 5463 2848 5519 seqq.

1724 5572 1970 5629 νΑΡιΙιΕ
2008 5572 2407 5631 LECTIONES.

432 5685 481 5719 ⁵ο
511 5683 723 5760 βρέχει]
760 5684 965 5744 Matth.
997 5703 1051 5754 ν,
1074 5686 1163 5741 45.
1241 5685 1285 5721 ⁸1
1317 5678 1536 5757 διαϐαίη
1730 5686 1779 5723 ⁵³
1810 5683 2168 5741 ἀπολείπεται
2368 5686 2437 5721 ⁶²⁶
2469 5684 2561 5739 τὸν
2591 5683 2753 5760 dum.)
2780 5683 2919 5757 Luc,
2946 5701 3106 5755 xvm,
3141 5686 3228 5743 11.
