4184 6212
380 336 506 399 827

1597 337 1861 399 ΡΗΟΤΙΙ
1906 338 2434 402 PATRIARCH/E
2478 341 2595 402 ΟΡ.

3704 344 3831 405 8Ξ8

384 472 814 545 paenitentibus
873 471 1301 538 renuntiamus,
1353 470 1753 543 paenitentiam
1804 471 2043 528 omnino

2171 476 2369 543 ιοήτιυς
2413 474 2634 548 ἔχουσιν
2684 473 3124 547 ἀποτασσόμεθα,
3176 475 3277 542 τήν
3342 475 3631 545 μενάνοιαν
3682 474 3833 529 πάν-

388 563 507 618 Deo
543 564 829 633 spondere
861 577 965 615 nos
998 564 1260 631 apparet.
1296 564 1361 613 Et
1392 576 1525 614 vero
1556 560 1656 629 qui
1687 560 2049 616 daemonibus

395 653 467 707 ob
528 653 585 706 id
646 651 798 721 quod
861 666 975 705 non
1048 649 1412 719 resipiscant,
1471 649 1845 713 renuntiavit,
1906 666 2048 720 quo-

392 740 565 794 modo
596 738 646 794 is
678 756 793 794 non
846 738 1288 807 impcnnitentiaa
1340 737 1591 809 primum
1642 738 2044 794 renuntiavit?

389 822 495 890 Qui
537 826 711 882 etiam
757 827 970 898 prioris
1022 844 1141 882 sum
1191 826 1464 898 nequitias
1516 831 1689 897 atque
1728 827 2045 897 impietatis

387 918 617 974 veniam
673 917 830 986 petit,
864 917 1153 987 quomodo
1206 916 1255 972 is
1295 916 1657 984 hominibus,
1690 917 1789 987 qui
1842 917 2044 971 iisdem

389 1006 623 1062 obnoxii
655 1011 797 1061 sunt
833 1005 1231 1076 passionibus,
1266 1006 1533 1059 eamdem
1568 1021 1746 1075 quam
1783 1021 1883 1075 per
1926 1023 2044 1076 pa:-

391 1093 702 1150 nitentiam
755 1100 1104 1149 consecutus
1135 1100 1223 1149 est
1270 1094 1755 1160 misericordiam,
1790 1095 2047 1150 sectuse-

388 1184 514 1239 rit?

461 1276 654 1345 Atque
686 1272 802 1329 ista
825 1273 1061 1343 quidem
1095 1272 1205 1328 hoc
1238 1273 1423 1343 capite
1455 1272 1793 1344 complexus
1826 1276 1932 1338 est,
1958 1272 2045 1326 in-

386 1368 476 1419 ter
506 1379 633 1433 quae
666 1361 809 1417 illud
856 1362 1027 1416 etiam
1062 1362 1144 1416 ait
1175 1379 1279 1417 nos
1314 1362 1367 1414 in
1403 1361 1827 1416 resurrectione
1860 1378 2046 1432 ange-

388 1452 564 1508 licam
599 1451 772 1505 vitam
806 1455 1066 1515 acturos,
1100 1467 1216 1505 non
1260 1451 1379 1519 jam
1430 1450 1683 1521 amplius
1724 1451 1789 1505 ad
1824 1451 2046 1505 malum

395 1540 583 1595 ullum
624 1556 861 1611 pronos,
896 1539 995 1593 sed
1029 1540 1085 1592 in
1121 1538 1412 1594 constanti
1448 1543 1601 1592 statu
1638 1539 2047 1605 contirmatos;

393 1646 511 1685 non
544 1630 600 1685 id
634 1629 871 1700 quidem
906 1646 975 1684 ex
1007 1633 1214 1683 natura
1246 1628 1563 1693 consecuti,
1589 1629 1687 1683 sed
1716 1633 1777 1682 ut
1798 1632 1851 1682 et
1878 1643 2050 1699 ange-

396 1720 584 1775 lorum
616 1720 780 1785 ordo,
812 1718 1025 1773 virtute
1057 1717 1239 1773 sancti
1269 1718 1535 1787 Spiritus.
1567 1717 1799 1783 Eadem,
1833 1717 2047 1787 inquit,

391 1810 619 1865 ratione
666 1811 839 1865 etiam
891 1808 1034 1863 illud
1093 1809 1271 1862 dicit:
1306 1807 1413 1875 Qui
1463 1809 1645 1861 minor
1682 1812 1757 1861 est
1792 1809 1847 1861 in
1883 1822 2045 1877 regno
2077 1788 2123 1855 Β

390 1899 675 1965 caelorum,
698 1898 883 1967 major
906 1902 983 1953 est
1004 1899 1216 1952 Joanne
1247 1898 1497 1967 Baptista
1528 1896 1631 1966 (ac),
1659 1894 1796 1966 quia
1826 1894 2049 1950 scilicet

392 2005 513 2060 pra:
536 1987 897 2042 abundantia
918 1986 1119 2057 gratia:
1136 1984 1413 2057 spiritalis
1438 1984 1649 2038 mutari
1671 1984 1924 2054 amplius
1949 2000 2049 2038 nc-

396 2075 541 2147 quit.
575 2076 818 2141 Quando
850 2075 1007 2130 enim
1061 2075 1338 2145 majorem
1384 2076 1663 2128 Joannem
1699 2073 1854 2127 inter
1884 2077 2050 2127 natos

401 2165 716 2220 mulierum
734 2162 1179 2235 appellavit,qui
1196 2163 1251 2217 in
1269 2162 1517 2233 Spiritus
1532 2163 1718 2217 sancti
1733 2161 1901 2217 donis
1914 2162 2053 2216 veri-

400 2259 495 2310 tas
526 2258 631 2319 est,
659 2254 938 2309 Conditor
966 2270 1031 2307 ac
1067 2253 1345 2307 Dominus
1380 2256 1593 2317 noster,
1622 2266 1757 2306 cum
1786 2250 1967 2321 hujus
1998 2254 2054 2306 et

405 2344 613 2399 futurae
646 2344 774 2397 vitae
796 2342 1184 2396 differentiam
1209 2342 1570 2396 ostenderet:
1603 2340 1717 2395 Etsi
1745 2356 1924 2406 nunc,
1948 2341 2051 2409 ait,

400 2432 773 2503 spiritalibus
797 2431 965 2486 donis
990 2432 1175 2501 major
1195 2436 1279 2486 est
1303 2435 1655 2499 Prmcursor,
1681 2436 1844 2485 tanta
1861 2435 2058 2486 tamen

408 2521 518 2578 erit
548 2523 607 2577 in
640 2522 838 2575 futura
867 2521 982 2574 vita
1014 2520 1221 2575 harum
1256 2536 1447 2575 rerum
1472 2521 1530 2573 in
1558 2520 1764 2575 melius
1797 2535 2059 2575 commu-

410 2610 575 2675 tatio,
598 2614 877 2680 tantaque
898 2608 1151 2681 Spiritus
1175 2609 1362 2680 copia,
1388 2616 1447 2663 ut
1470 2609 1564 2679 qui
1598 2607 1714 2663 illis
1748 2608 1939 2663 minor
1956 2616 2059 2675 est,

414 2698 700 2769 ampliora
722 2700 869 2753 dona
884 2702 1305 2753 consecuturus
1322 2698 1604 2768 sit,quam
1622 2698 1717 2767 qui
1733 2696 1826 2751 hic
1844 2698 2064 2767 majora

408 2791 777 2858 acceperunt.
811 2786 915 2852 Qui
971 2787 1123 2841 enim
1160 2786 1251 2840 hic
1291 2786 1557 2856 degebat,
1589 2785 1821 2841 etiamsi
1870 2787 2062 2856 majus

413 2876 555 2949 quid
568 2881 719 2930 esset
733 2880 1097 2942 consecutus,
1114 2876 1372 2929 nondum
1391 2881 1575 2928 tamen
1593 2874 1839 2929 habebat
1854 2875 2067 2929 immu-

406 2967 760 3023 tabilitatem
785 2984 797 3033 ;
818 2967 915 3037 qui
940 2983 1072 3021 vero
1091 2965 1148 3019 in
1174 2964 1447 3019 caelorum
1473 2979 1650 3034 regno
1675 2962 1883 3030 minor,
1904 2963 2063 3033 quis-

408 3056 539 3129 quis
570 3058 805 3111 tandem
843 3055 941 3109 ille
972 3056 1169 3120 tuerit,
1196 3054 1345 3123 quod
1371 3053 1504 3107 tulit
1534 3053 1776 3118 bonum,
1800 3052 1854 3105 id
1880 3051 2052 3106 simul

409 3105 1649 3211 Ξιῖιζίἱξῖδῖιῖζιιᾷᾇιὶιέῷᾞςιῖιξιρὲιειιιω⁷ιυιιι,
1686 3105 1828 3194 nulli
1863 3105 2055 3197 muta-
2088 3105 2131 3173 α

410 3231 585 3288 tionis
618 3232 941 3285 inﬁrmitati
981 3230 1290 3285 obnoxius.

483 3420 674 3478 208a
696 3420 909 3485 Quinto
937 3422 993 3475 et
1022 3420 1465 3493 quadragesimo
1492 3420 2061 3492 capiteineamvenit

407 3511 826 3581 qumstionem:
860 3510 1162 3574 Quomodo
1195 3509 1279 3563 illi
1310 3510 1443 3576 duo,
1479 3510 1578 3580 qui
1615 3510 1783 3579 primi
1817 3510 1875 3565 in
1907 3515 2060 3567 utro-

409 3616 525 3672 que
558 3599 883 3672 [rationalis
914 3600 1215 3670 creaturae]
1241 3615 1450 3671 genere
1480 3600 1700 3654 conditi
1734 3600 1910 3669 fuere,
1936 3600 2061 3656 dia-

410 3690 579 3747 bolus
610 3697 662 3746 et
692 3690 900 3758 Adam,
950 3690 1149 3745 statim
1186 3707 1218 3744 a
1248 3690 1537 3746 creatione
1588 3690 1962 3745 ceciderunt?
1995 3692 2059 3746 Et

411 3782 697 3836 Adamum
734 3780 968 3851 quidem
1002 3780 1263 3834 omnium
1299 3778 1389 3834 sui
1413 3779 1637 3851 generis
1662 3780 1912 3851 primum
1934 3796 2058 3836 esse

410 3871 736 3937 conditum,
770 3869 989 3923 nemini
1031 3869 1297 3923 dubium.
1330 3868 1493 3932 Quod
1535 3886 1663 3924 vero
1707 3874 1761 3924 et
1792 3869 2061 3926 diabolus

408 3964 692 4031 tanquam
726 3960 840 4013 dux
874 3959 1294 4029 antesignanus
1328 3959 1618 4029 ceciderit,
1642 3959 1795 4030 apud
1819 3959 1949 4029 Job,
1976 3960 2064 4015 in-

411 4050 557 4122 quit,
592 4048 848 4120 [legitur]
881 4049 985 4101 Hoc
1015 4051 1091 4101 est
1120 4046 1459 4117 principium
1489 4050 1786 4103 creationis
1818 4047 2060 4116 Domini,

411 4147 637 4212 factum,
664 4142 723 4191 ut
741 4136 1072 4191 illuderetur
1090 4136 1157 4190 ab
1178 4136 1391 4207 angelis
1411 4136 1527 4205 ejus
1544 4139 1640 4207 (y).
1667 4141 1732 4191 Et
1754 4139 2059 4208 propheta:

415 4228 685 4297 Quomodo
702 4226 893 4283 cecidit
914 4227 1145 4295 Lucifer,
1164 4226 1261 4295 qui
1281 4242 1445 4281 mane
1463 4227 1751 4281 oriebatur
1772 4228 1841 4297 (ε)
1854 4228 1881 4280 ?
1900 4227 2065 4283 Luci-

417 4318 502 4371 fer
522 4318 699 4381 enim,
717 4332 848 4371 cum
876 4320 1034 4370 motu
1061 4316 1309 4380 quodam
1328 4332 1430 4370 suo
1456 4315 1834 4386 propinquior
1855 4317 2062 4371 sitnis-

416 4406 557 4460 teris
589 4404 801 4471 stellis,
828 4405 1051 4475 primus
1083 4407 1167 4459 est
1201 4420 1424 4459 aurorae
1455 4404 1719 4459 nuntius.
1743 4405 1903 4469 Quod
1940 4420 2066 4475 pro-
2097 4426 2141 4490 D

418 4493 682 4565 portione
704 4493 954 4560 quadam
975 4492 1110 4547 olim
1134 4492 1191 4547 in
1215 4492 1529 4559 diabolum,
1549 4498 1813 4563 respectu
1834 4494 2065 4566 spirita-

414 4581 741 4653 lisjustitia:
756 4579 906 4635 Solis
919 4582 1595 4648 convenisse,obscurius
1610 4582 2069 4654 Scripturaindi-

414 4678 526 4730 cat.
543 4673 650 4728 Sed
673 4672 958 4743 quodjam
980 4672 1199 4744 agitur:
1224 4673 1364 4739 Etsi,
1384 4673 2067 4744 inquit,minimejueun-

415 4764 554 4821 dum
598 4766 872 4817 creaturae
915 4761 1243 4833 utriusque,
1296 4766 1413 4817 tam
1465 4762 1850 4833 intelligibilis
1891 4780 2066 4834 quam

416 4868 541 4926 quae
575 4866 849 4908 sensuum
885 4852 1170 4923 particeps
1193 4855 1300 4919 est,
1326 4851 1741 4922 primogenitos
1775 4852 1833 4907 in
1866 4853 2069 4908 interi-

415 4950 541 5000 tum
577 4942 761 4998 ruisse
787 4958 800 4996 :
826 4941 1074 5013 posteris
1096 4946 1289 4997 tamen
1312 4942 1585 4997 omnibus
1608 4941 1841 4998 illorum
1869 4945 2068 5016 lapsus

416 5033 475 5089 in
506 5032 898 5088 communiter
920 5030 1058 5086 utile
1080 5030 1377 5102 exemplar
1398 5031 1761 5102 proponitur,
1785 5035 2068 5103 praeconis

416 5138 578 5177 more
609 5122 962 5187 exclamans,
990 5136 1267 5193 magnum
1295 5124 1360 5175 ut
1383 5120 1807 5177 incolumitatis
1831 5137 1944 5177 suae
1969 5139 2068 5179 cu—

417 5227 540 5266 ram
567 5215 878 5279 gerant,ne
899 5214 1151 5265 autcum
1180 5210 1311 5265 istis
1334 5210 1390 5264 in
1416 5210 1613 5265 eadem
1634 5209 1894 5266 incidant
1918 5215 2069 5269 mala

418 5302 517 5355 aut
540 5298 741 5353 talium
770 5304 927 5353 certe
950 5314 1137 5354 rerum
1157 5315 1353 5355 amore
1372 5305 1703 5366 teneantur,
1726 5316 1820 5370 per
1841 5318 1985 5373 quas
2010 5304 2066 5360 in

418 5386 731 5461 perniciem
768 5388 984 5457 aliquis
1019 5390 1301 5443 ruat:st
1337 5390 1493 5445 omni
1530 5390 1701 5446 modo
1724 5392 1992 5463 omnique
2014 5396 2067 5448 vi

416 5474 901 5539 inobedientiam,
960 5479 1231 5548 quodque
1302 5494 1403 5547 per
1466 5478 1627 5533 illam
1705 5482 2071 5537 commititur

414 5570 719 5639 peccatum
739 5572 1111 5621 exsecrentur
1130 5584 1142 5622 :
1160 5570 1394 5638 quando
1418 5568 1546 5639 ipsa
1570 5584 1801 5640 quoque
1819 5576 2070 5627 creatio—

2157 582 2264 623 τως
2322 569 2437 635 Θεῴ
2490 562 3002 637 καθομολογοῦντες
3062 560 3403 635 δεικνύμεθα.
3468 563 3566 617 Καὶ
3623 564 3652 618 6
3706 566 3834 626 τοίς

2162 648 2466 722 δαιμονίοις
2526 650 2614 706 διὰ
2668 653 2730 705 τὸ
2780 657 2925 729 σφῶν
2983 652 3314 724 ἀμετάθετον
3370 651 3838 725 ἀποτασσόμενος

2154 744 2269 800 πῶς
2322 740 2448 815 ὸύχὶ
2496 745 2574 812 τῷ
2617 741 2933 812 ἀμεταθέτῳ
2981 745 3201 813 πρῶτος
3244 740 3406 802 αὐτὸς
3465 740 3775 810 ἀπετάξατο
3814 759 3829 808 ;

2154 828 2251 882 Καὶ
2299 830 2325 882 6
2379 837 2480 899 τῆς
2537 830 2805 904 προτὲρας
2863 829 3031 884 αἱ)τοῦ
3088 831 3361 904 πονηρίας
3419 829 3509 883 καὶ
3568 825 3831 892 ἀσεϐείας

2156 920 2483 994 συγγνώμην
2532 918 2699 974 αἰτῶν
2751 924 2868 979 πῶς
2900 917 2957 971 ἂν
3008 923 3125 979 τοῖς
3156 917 3547 989 ὁμοιοπαθὲσιν
3591 918 3826 993 ανθρώ-

2155 1027 2298 1075 ποις,
2360 1009 2416 1060 ὃν
2490 1007 2617 1061 αὐτὸ
2678 1006 2765 1062 διὰ
2845 1007 3132 1079 μετανοίας
3188 1003 3369 1083 ἔσχεν,
3437 1006 3826 1063 ἀποκλείσειεν

2156 1093 2308 1150 ἓλεον
2344 1115 2355 1161 ;

2228 1272 2401 1329 Ἀλλὰ
2454 1278 2621 1328 ταῦτα
2664 1274 2757 1345 μὲν
2799 1275 2888 1327 καὶ
2950 1273 3001 1327 ἐν
3061 1278 3139 1343 τῷ
3195 1272 3421 1347 παρόντι
3474 1273 3764 1350 κεφαλαίῳ
3807 1292 3820 1304 ·

2158 1361 2211 1417 ἰν
2246 1365 2326 1423 οἷς
2357 1362 2446 1417 καί
2495 1383 2653 1440 φησιν
2707 1363 2782 1423 ὡς
2824 1361 2875 1416 ἐν
2915 1367 2984 1435 τῇ
3042 1361 3326 1416 ἀναστάσει
3377 1364 3470 1415 τὸν
3523 1360 3827 1437 ἀγγελικὸν

2163 1451 2475 1524 βιωσόμεθα
2536 1450 2679 1524 βίον,
2726 1450 2920 1523 μηκέτι
2980 1451 3119 1523 πρός
3172 1471 3225 1504 τι
3278 1454 3388 1503 τῶν
3448 1450 3675 1527 φαύλων
3740 1450 3827 1505 ἐκ·

2158 1538 2453 1605 κλίνοντες,
2488 1539 2613 1594 ἀλλ’
2651 1538 2705 1593 ἐν
2753 1543 2832 1610 τῷ
2862 1538 3113 1611 ἀτρέπτῳ
3161 1540 3578 1612 στῆριζόμενοι,
3612 1537 3675 1591 ού
3718 1541 3825 1616 φύ-

2160 1648 2237 1681 σει
2268 1632 2429 1682 τοῦτο
2473 1629 2824 1700 κτησάμενοι,
2855 1630 2923 1699 τῇ
2958 1624 3015 1680 δὲ
3052 1631 3149 1681 τοῦ
3202 1628 3515 1699 [Ινεύματος
3567 1626 3825 1699 δυνάμει,

2160 1715 2340 1789 ὥσπερ
2399 1716 2487 1770 καὶ
2545 1714 2675 1769 αὐτὸ
2722 1716 2785 1769 τὸ
2843 1715 2950 1769 τῶν
3008 1713 3258 1790 ἀγγέλων
3305 1714 3575 1788 σύστημα.
3626 1716 3822 1789 Ταύτῃ

2153 1805 2237 1859 τοί
2304 1826 2437 1880 φησι
2500 1804 2591 1859 καὶ
2649 1805 2732 1872 τὸ,
2794 1806 2856 1861 Ὀ
2919 1803 3239 1879 μικρότερος
3310 1800 3362 1857 ὲν
3423 1806 3496 1877 τῇ
3566 1802 3826 1877 βασιλείᾳ

2157 1901 2267 1949 τῶν
2350 1895 2588 1968 ούρανῶν
2678 1895 2878 1966 μείζων
2955 1892 3096 1947 ἐστὶν
3172 1891 3445 1949 Ἰωάννου.
3517 1896 3646 1965 [660
3726 1897 3820 1967 8.]

2158 1984 2404 2039 τουτέστι
2452 1989 2519 2057 τῇ
2560 1983 2695 2057 πρὸς
2744 1984 2805 2036 τὸ
2856 1979 3116 2055 ἄτρεπτον
3178 1979 3438 2055 δαψιλείᾳ
3484 1987 3581 2037 τοῦ
3644 1982 3822 2038 Πνεύ-

2166 2095 2354 2149 ματος.
2409 2071 2629 2143 Ἐπειδή
2696 2074 2798 2147 γὰρ
2852 2074 3074 2145 μείζονα
3130 2073 3221 2127 τὸν
3279 2073 3536 2144 Ἰωάννην
3596 2074 3648 2127 ἐν
3702 2094 3822 2147 γεν-

2162 2170 2350 2235 νητοῖς
2384 2168 2651 2240 γυναικῶν
2687 2162 2786 2235 [ἐν]
2820 2168 2935 2225 τοῖς
2967 2168 3063 2217 τοῦ
3096 2162 3410 2235 Πνεύματος
3552 2161 3815 2237 ἀλήθεια]

2164 2254 2494 2329 χαρίσμασιν
2526 2253 2552 2306 ὁ
2582 2253 2762 2313 κοινὸς
2806 2252 3159 2326 Δημιουργὸς
3187 2252 3276 2305 καὶ
3311 2252 3591 2321 Δεσπότης
3622 2246 3823 2327 ἔφησε,

2168 2342 2371 2405 δεικνὺς
2416 2345 2478 2397 τὸ
2520 2340 2777 2419 διάφορον
2824 2350 2923 2411 τῆς
2976 2340 3292 2415 μελλούσης
3341 2341 3480 2416 πρὸς
3528 2343 3629 2410 τήν
3673 2361 3824 2417 παρ-

2170 2438 2329 2487 οὖσαν
2366 2434 2508 2502 ζωὴν
2551 2432 2925 2492 καταστάσεως
2971 2431 3135 2510 φησὶν
3188 2431 3281 2496 ὡς,
3328 2430 3372 2484 εί
3420 2430 3512 2484 καὶ
3561 2434 3655 2484 νῦν
3707 2434 3827 2493 τοῖς

2170 2526 2558 2594 πνευματικοῖς
2612 2520 2912 2595 χαρίσμασι
2966 2519 3163 2592 μείζων
3212 2517 3353 2573 ἐστὶν
3394 2519 3421 2573 6
3474 2516 3834 2594 Πρόδρομος,

2172 2610 2299 2666 ἀλλ’
2350 2609 2440 2665 οὖν
2486 2610 2720 2680 τοσαύτη
2754 2631 2838 2672 τις
2889 2604 3036 2663 ἔσται
3084 2610 3219 2662 κατὰ
3264 2608 3326 2661 τὸ
3378 2606 3587 2680 μὲλλον
3637 2611 3673 2679 ἡ
3724 2614 3835 2664 τῶν

2174 2701 2452 2775 παρόντων
2508 2696 2788 2773 μεταϐολὴ
2830 2701 2965 2774 πρὸς
2994 2700 3057 2754 τὸ
3102 2696 3323 2771 ἄμεινον
3361 2699 3452 2753 καὶ
3501 2700 3536 2767 ἡ
3572 2696 3834 2771 δαψίλεια

2174 2796 2270 2847 τοῦ
2330 2791 2660 2863 Πνεύματος,
2716 2791 2790 2852 ὡς
2841 2790 2929 2844 καὶ
2970 2790 3060 2843 τὸν
3119 2787 3289 2843 ἐκεῖσε
3350 2788 3673 2861 μικρότερον
3724 2792 3835 2843 τῶν

2177 2882 2400 2937 ἐνταῦθα
2454 2879 2516 2933 τό
2562 2884 2745 2952 μεῖζον
2803 2880 3043 2955 ἐχόντων
3100 2876 3685 2951 μεγαλοπρεπεστίρας
3732 2898 3825 2932 τυ-

2174 2978 2295 3049 χεῖν
2327 2970 2553 3045 δωρεᾶς.
2596 2969 2694 3024 Καὶ
2744 2969 2845 3045 γὰρ
2879 2970 2905 3023 6
2950 2967 3044 3041 μὶν
3094 2965 3343 3037 ἐνταῦθα,
3377 2966 3473 3021 κὨν
3522 2968 3585 3022 τὸ
3642 2974 3831 3039 μεῖζον

2176 3064 2351 3141 εἶχεν,
2402 3063 2503 3117 οὐκ
2550 3061 2665 3135 εἶχε
2702 3060 2763 3113 τὸ
2813 3058 3074 3133 ἄτρεπτον
3117 3078 3128 3091 ⁸
3181 3058 3209 3111 6
3249 3054 3305 3111 δι
3353 3054 3406 3111 ἐν
3451 3060 3520 3128 τῇ
3573 3056 3832 3130 βασιλείᾳ

2166 3157 2272 3207 τῶν
2329 3150 2565 3226 οὐρανῶν
2630 3150 2973 3224 μικρότερος,
3029 3146 3177 3207 ὅστις
3242 3148 3363 3201 ποτ’
3424 3146 3483 3200 ἂν
3561 3145 3621 3220 ᾖ,
3693 3146 3828 3220 ὅπερ

2168 3239 2227 3295 ἂν
2289 3239 2470 3319 ἔφερεν
2536 3240 2755 3314 ἀγαθὸν,
2823 3237 3178 3316 ἀναφαίρετον
3251 3236 3662 3313 συνεπεφέρετο,
3722 3258 3829 3308 μη-

2170 3329 2357 3403 δαμῶς
2383 3328 2657 3403 ἆῤῥωστίᾳ
2686 3334 2895 3402 τροπῆς
2932 3325 3308 3399 ὑποκείμενος.

2241 3421 2328 3477 Ἐν
2360 3417 2415 3474 δὲ
2442 3424 2521 3491 τῷ
2573 3420 2649 3492 με’
2692 3416 2973 3496 κεφαλαίῳ
3016 3416 3091 3479 εἷς
3142 3415 3377 3485 ἐξετασιν
3426 3413 3549 3489 ἄγει
3599 3418 3719 3479 πῶς
3773 3415 3825 3470 οὶ

2170 3508 2265 3564 δύο
2315 3508 2369 3564 ἑν
2418 3508 2654 3583 ἑκατέρῳ
2692 3508 2831 3581 γὲνει
2878 3502 3328 3581 πρωτόπλαστοι,
3380 3502 3410 3557 ὅ
3456 3523 3515 3559 τε
3565 3499 3829 3566 διάϐολος

2170 3598 2261 3653 καὶ
2296 3601 2323 3653 6
2371 3595 2568 3670 Ἀδὰμ,
2613 3596 2808 3657 εὐθέως
2857 3594 3159 3656 κτισθέντες
3211 3594 3485 3663 ἰεὲπεσον.
3533 3592 3693 3651 Ἀλλ’
3743 3596 3829 3649 δτι

2174 3688 2268 3762 μὶν
2303 3692 2330 3743 6
2380 3686 2553 3761 Ἀδὰμ
2599 3692 2707 3742 τῶν
2758 3686 2809 3741 ἂν
2849 3690 2930 3757 τῷ
2977 3686 3125 3757 αὐτῷ
3176 3681 3306 3739 εἷ’δει
3356 3681 3827 3759 πρωτόπλαστος,

2171 3778 2340 3849 δῆλον
2378 3797 2390 3811 ·
2444 3777 2526 3833 ὅτι
2580 3775 2637 3831 δε
2691 3776 2782 3831 καὶ
2831 3777 2858 3830 ὁ
2905 3769 3188 3846 ὃιαϐολος,
3236 3773 3288 3828 ὲν
3331 3778 3413 3845 τῷ
3462 3767 3587 3829 Ἰώϐ
3639 3791 3828 3849 φησιν,

2171 3864 2350 3940 ὥσπερ
2413 3866 2439 3918 ὁ
2501 3864 2802 3939 στρατηγὸς
2860 3863 3249 3937 πρωτοστάτης
3308 3861 3637 3929 πεπτωκὼς,
3690 3864 3826 3914 T05-

2169 3955 2232 4010 τύ
2327 3955 2468 4009 ἐστιν
2572 3953 2720 4027 ἀρχὴ
2802 3950 3003 4027 Κυρίου
3093 3949 3415 4023 πλάσματος
3516 3948 3829 4020 πεποιημὲ-

2170 4065 2255 4100 νον
2314 4044 2392 4099 είς
2463 4044 2525 4097 τὸ
2583 4038 3003 4111 καταπαίζεσθαι
3084 4040 3186 4095 ὑπὸ
3253 4044 3359 4093 τῶν
3415 4036 3664 4113 ἀγγέλων
3732 4038 3829 4092 αύ-

2169 4138 2287 4189 τοῦ.
2358 4134 2460 4189 Καὶ
2523 4135 2550 4187 ὁ
2626 4132 2940 4208 προφήτης,
3004 4134 3127 4191 Πῶς
3188 4128 3369 4184 ἔπεσεν
3427 4130 3455 4182 6
3524 4127 3829 4203 ἑωσφόρος,

2174 4226 2201 4279 ὁ
2266 4223 2413 4297 πρωΐ
2470 4220 2827 4289 ἀνατίλλωνς
2908 4222 2969 4277 Ὀ
3032 4220 3134 4296 γὰρ
3204 4218 3507 4293 δωσφόρος,
3587 4218 3682 4271 ἅτε
3760 4212 3827 4284 δὴ

2172 4311 2495 4383 πλησιάζων
2548 4312 2683 4366 κατά
2734 4330 2855 4365 τινα
2912 4308 3133 4384 πορείαν
3203 4304 3418 4381 μᾶλλον
3480 4312 3591 4360 τῶν
3639 4302 3832 4360 ἄλλων

2172 4401 2429 4477 ἀστέρων,
2478 4400 2696 4475 πρώτός
2750 4398 2893 4454 ἐστιν
2953 4398 3122 4467 ἡλίου
3178 4397 3390 4470 κῆρυξ·
3452 4397 3481 4450 ’ὁ
3541 4393 3829 4468 ἀναλόγως

2175 4491 2323 4567 ἔχειν
2356 4493 2487 4546 ποτὶ
2515 4492 2605 4545 τὸν
2659 4484 2919 4543 διάϐολον
2954 4486 3327 4559 αἰνιττόμενον
3370 4485 3432 4539 τὸ
3464 4482 3654 4559 λόγιον
3696 4483 3835 4558 πρὸς

2180 4582 2270 4637 τὸν
2303 4580 2497 4650 νοητὸν
2534 4585 2634 4647 τῆς
2686 4576 3037 4647 δικαιοσύνης
3082 4575 3245 4643 ἥλιόν
3283 4594 3466 4653 φησιν.
3507 4571 3664 4630 Ἀλλ’
3696 4571 3833 4646 ὅπερ

2177 4669 2481 4746 πρόκειταί,
2533 4668 2578 4722 εί
2620 4666 2710 4721 καὶ
2761 4664 3031 4741 λυπηρὸν,
3084 4665 3239 4742 φησὶ,
3288 4663 3350 4718 τὸ
3410 4661 3657 4731 ἑκατέρας
3716 4659 3833 4714 κτί-

2179 4781 2334 4829 σεως,
2375 4767 2473 4829 τῆς
2504 4780 2562 4814 τε
2613 4760 2815 4828 νοητῆς
2843 4757 2933 4812 καὶ
2982 4762 3082 4825 τῆς
3116 4754 3459 4829 μετεχούσης
3485 4757 3592 4807 τῶν
3631 4749 3797 4820 αἷσθή

2180 4872 2337 4919 σεων⁹
2387 4851 2514 4912 τοὺς
2578 4852 2941 4924 πρωτογενεῖς
2990 4847 3064 4907 εἰς
3114 4845 3334 4901 ὄλισθον
3386 4844 3652 4909 ἐκπεσεῖν,
3702 4839 3830 4895 ἀλλ’

2180 4942 2269 4997 οὖν
2330 4946 2449 5001 τοῖς
2500 4940 2621 5010 ἑξῆς
2663 4937 2863 4993 ἅπασαι
2919 4937 2982 4991 τὸ
3030 4934 3243 4990 ἐκείνων
3293 4938 3493 5005 πτῶμα
3550 4934 3683 5004 [342
3736 4933 3827 5003 ii]

2176 5026 2509 5105 κοινωφελὶς
2576 5023 2921 5100 παράδειγμα
2980 5024 3286 5099 πρόκειται,
3359 5023 3600 5097 κήρυκος
3671 5016 3829 5087 δίκην

2178 5120 2490 5197 ἀναφωνοῢν
2554 5113 2772 5182 πολλῆς
2827 5112 3120 5190 ἀσφαλείας
3182 5106 3328 5185 ἔγειν
3401 5104 3689 5197 πρόνοιαν,
3750 5109 3825 5179 μὴ

2177 5196 2297 5274 τοῖς
2341 5208 2525 5271 αὐτοῖς
2573 5212 2902 5280 περιπεσεῖν,
2938 5202 3078 5277 μηδὲ
3127 5203 3361 5278 στέργειν
3414 5197 3483 5254 δι’
3514 5199 3591 5253 ὧν
3642 5196 3701 5253 ἄν
3748 5218 3829 5260 τις

2180 5303 2542 5371 ὀλισθήσειεν,
2601 5296 2745 5352 ἀλλὰ
2798 5296 2953 5351 παντὶ
3009 5294 3199 5369 τρόπῳ
3252 5294 3342 5347 καὶ
3400 5290 3543 5364 πάσῃ
3602 5288 3829 5361 δυνάμει

2178 5395 2278 5461 τὴν
2331 5388 2608 5464 παρακοήν
2652 5386 2741 5440 καὶ
2792 5388 2890 5455 τήν
2938 5382 3006 5439 δι’
3056 5384 3227 5454 αὐτῆς
3280 5380 3546 5457 ἁμαρτίαν
3599 5378 3833 5455 βδελύτ-

2178 5485 2385 5551 τεσθαι,
2427 5479 2479 5535 εἷ’
2523 5498 2584 5554 γε
2641 5477 2729 5531 καὶ
2770 5475 2905 5531 αὐτὰ
2950 5482 3049 5544 τῆς
3117 5470 3482 5548 δημιουργίας
3542 5468 3609 5524 τὰ
3668 5468 3833 5523 οἷονεί

2188 5574 2363 5648 βάθρα
2409 5569 2497 5623 καὶ
2548 5565 2774 5640 Θεμὲλια
2826 5567 2900 5637 μή
2960 5570 3059 5632 τῆς
3112 5560 3345 5631 δεούσης
3388 5557 3609 5619 ἑαυτούς
3673 5559 3836 5630 ἀξιώ-

491 5675 571 5745 (x)
605 5674 806 5730 Matth.
844 5691 901 5738 ιι,
934 5676 995 5727 2.
1028 5676 1102 5745 (y)
1132 5676 1262 5730 Job.
1291 5692 1363 5730 xu
1394 5677 1478 5745 lli,
1511 5688 1613 5732 sec.
1651 5675 1817 5734 LXX.
1855 5684 1927 5754 (ε)
1956 5686 2067 5745 Isa.
2092 5700 2208 5753 xxx,
2245 5680 2328 5740 12.
