4184 6212
379 333 500 402 829

1453 331 1994 399 BIBLIOTHECA.
2041 370 2118 382 -
2159 339 2386 402 CODD.
2431 339 2738 403 CCXXIII.

3672 347 3795 410 830

383 492 569 535 σαντες
618 478 909 548 προσοχῆς
949 469 1037 524 ἐπὶ
1086 474 1343 525 τοσοῦτον
1392 472 1515 514 ⁵³-⁶⁶
1561 469 1892 543 ὦλίσθησαν.
1932 478 2033 538 Δια

2151 474 2244 530 nis
2266 473 2418 531 velut
2440 476 2823 533 fundamenta
2842 492 2909 532 ac
2930 477 3122 544 bases,
3145 479 3284 535 dum
3307 486 3594 551 quantum
3626 497 3794 554 opor-

379 567 544 618 τοῦτο
577 561 682 637 γὰρ
727 561 818 616 καὶ
852 561 880 614 ὁ
926 559 1092 633 σοφὸς
1123 561 1285 632 ἡμῶν
1309 559 1557 630 πλάστης
1605 561 1694 614 καὶ
1727 565 2042 638 προνοητής

379 651 519 727 πρὸς
578 649 962 730 σωφρονισμὸν
1029 651 1139 704 τῶν
1208 650 1341 721 μετὰ
1395 653 1562 704 ταῦτα
1615 651 1832 707 πάντων
1901 673 2041 720 παρ-

379 739 575 796 αυτίκα
615 739 706 795 καὶ
745 739 854 814 πρὸ
884 742 1081 811 καιροῦ
1110 737 1313 809 τρόπον
1355 738 1477 792 τινὰ
1507 737 1744 812 ἐκατέρῳ
1773 741 2040 818 προσάγει

378 831 480 901 τὴν
520 829 774 897 κόλασιν,
815 829 907 882 τὸν
949 828 1042 900 μὶν
1088 832 1167 900 τῷ
1207 829 1391 899 θνητῷ
1437 825 1826 900 καταδικάσας,
1851 835 1931 902 τῷ
1981 827 2040 885 δὶ

377 923 480 991 τὴν
531 920 724 997 χώραν
774 918 1013 992 ἀμείψας
1042 918 1131 974 καὶ
1182 917 1296 974 ἀντὶ
1326 924 1429 988 τῆς
1477 916 1588 973 ἄνω
1626 920 1717 974 καὶ
1769 919 2038 996 μαλαρίας

383 1005 674 1085 διατριϐῆς
749 1009 814 1065 τὸ
882 1007 1077 1070 σκότος
1133 1005 1384 1070 ἀντιδοὺς
1449 1008 1538 1062 καὶ
1595 1008 1686 1063 τὸν
1743 1010 2034 1085 τάρταρον,

381 1099 622 1176 ἐκατέρῳ
677 1100 839 1154 πάθει
897 1095 1251 1168 κατάλληλον
1310 1098 1536 1172 κεράσας
1593 1098 1655 1152 τὸ
1729 1097 2032 1176 φάρμακον.

376 1191 441 1247 Ὀ
478 1191 572 1262 μὶν
623 1190 728 1265 γὰρ
795 1183 975 1261 ’Δδὰμ
1031 1186 1161 1249 Θεὸς
1221 1182 1430 1242 ἔσεσθαι
1481 1187 1710 1261 νομίσας
1763 1189 1851 1243 καὶ
1909 1189 2036 1251 τοὺς

381 1276 707 1357 ὀφθαλμοὺς
747 1276 928 1351 φέρειν
979 1276 1359 1350 ἀνεῳγμένους
1406 1275 1498 1331 καὶ
1545 1281 1746 1352 γνῶσίν
1796 1276 2037 1347 πλουτῆ-

384 1387 473 1422 σαι
525 1370 567 1404 ⁸⁷
619 1370 715 1422 τοῦ
773 1363 948 1420 καλοῦ
995 1381 1053 1420 τε
1110 1367 1202 1419 καὶ
1257 1369 1358 1420 τοῦ
1422 1370 1685 1440 πονηροῦ,
1725 1365 1918 1436 θνητός
1975 1387 2034 1422 τε

380 1453 604 1530 ἐδείχθη
638 1455 727 1511 καὶ
760 1454 1104 1524 πολυπατής,
1149 1455 1238 1510 καὶ
1274 1459 1472 1529 μικροῦ
1501 1455 1920 1535 τυφλώττουσαν
1943 1457 2032 1512 καὶ

377 1543 761 1606 παντοδαποῦς
801 1544 1013 1618 ἀγνοίας
1066 1545 1267 1617 μεστήν
1319 1546 1473 1621 φύσιν
1532 1544 1798 1620 ἠνέγκατο
1833 1565 1846 1578 ⁸
1899 1548 1926 1601 ὁ
1977 1545 2033 1601 δὲ

373 1635 467 1690 τὸν
497 1635 540 1672 ⁸³
599 1633 791 1708 θρόνον
853 1634 928 1696 εἷς
985 1638 1076 1688 τὸν
1134 1632 1360 1709 οὐρανὸν
1418 1637 1487 1708 τῇ
1547 1633 1808 1710 φαντασίᾳ
1863 1637 2030 1698 τιθεὶς

377 1743 471 1778 και
524 1723 725 1811 ὅμοιος
757 1727 836 1795 τῷ
893 1723 1128 1811 Ὑψίστῳ
1182 1723 1475 1811 γενόμενος
1518 1724 1622 1780 ὑπὸ
1672 1732 1779 1811 γῆν
1835 1746 1894 1781 τε
1950 1722 2030 1780 δι·
2063 1746 2109 1811 Β

380 1812 551 1876 καίως
607 1810 802 1887 ἒῤῥίφη
863 1810 952 1866 καὶ
1006 1810 1138 1872 τοὺς
1186 1810 1506 1886 ταρταρίους
1563 1809 1728 1867 ὐπέδυ
1789 1813 2023 1887 μυχοὺς,

375 1903 469 1958 καὶ
501 1903 720 1980 γέγονεν
755 1900 936 1964 αὐτοῖς
967 1902 1002 1970 ἠ
1045 1899 1322 1971 ἀπληστία
1358 1901 1450 1955 καὶ
1481 1907 1582 1970 τῆς
1612 1899 1664 1955 ἐν
1706 1904 1792 1963 οἷς
1847 1903 2024 1976 ὑπῆρ-

376 2009 480 2068 χον
560 1989 902 2067 συμμετρίας
958 1991 1297 2056 ἀπόπτωσις,
1355 1989 1627 2065 Ἰατρικῆς
1698 1989 1755 2047 δὲ
1833 1991 2026 2070 σοφίας

373 2083 465 2137 καί
503 2082 567 2136 τὸ
607 2083 929 2159 προσφέρειν
978 2084 1096 2142 τοῖς
1139 2077 1397 2143 ἐναντίοις
1431 2080 1499 2135 τά
1545 2078 1756 2135 ἐναντία
1797 2079 2020 2154 ίάματα.

376 2172 493 2244 [661
550 2172 644 2243 IL]
675 2167 840 2226 Ἀλλ’
879 2169 929 2223 ἐν
979 2168 1195 2232 τούτοις
1241 2169 1334 2242 μὶν
1381 2173 1460 2240 τῷ
1498 2171 1781 2243 ἱερομαθεῖ
1825 2189 1882 2224 τε
1930 2171 2018 2225 καὶ

378 2258 743 2338 φιλοθεάμονι
787 2258 851 2313 τὸ
891 2265 927 2313 ε’
969 2257 1058 2312 καὶ
1112 2259 1166 2331 μ’
1210 2259 1274 2313 τὸ
1330 2257 1495 2332 πέρας
1543 2257 1868 2336 ἀποφέρεται
1927 2277 2023 2315 κε-

378 2346 631 2428 φάλαιον.

1112 2438 1275 2493 ΣΚΓ.

481 2523 758 2603 Διοδώρου
790 2525 1088 2582 ἐπισκόπου
1128 2527 1345 2596 Ταρσοῦ
1384 2526 1519 2581 κατὰ
1549 2524 1908 2601 εἱμαρμένης.

446 2617 782 2692 Ἀνεγνώσθη
847 2609 1065 2692 βιϐλίον
1109 2611 1391 2690 Διοδώρου
1429 2616 1477 2651 ⁵⁸
1523 2611 1821 2670 ἐπισκόπου
1877 2621 2016 2689 Ταρ-

374 2708 475 2760 σοῦ
511 2706 645 2760 κατά
691 2703 1049 2779 εἱμαρμένης,
1086 2703 1137 2759 ἐν
1194 2703 1385 2780 λόγοις
1431 2704 1525 2777 μὲν
1572 2705 1648 2774 η’.
1696 2703 2016 2782 κεφαλαίοις

2155 569 2341 620 luerat
2369 564 2478 620 sibi
2512 581 2625 621 non
2656 567 2983 637 attendunt,
3007 571 3122 622 tam
3157 569 3404 640 turpiter
3432 570 3609 640 lapsae
3636 575 3792 627 sunt.

2150 654 2288 710 Nam
2314 659 2371 710 et
2388 659 2688 726 propterea
2721 655 2958 726 sapiens
2990 656 3294 713 hominum
3319 658 3600 714 formator
3619 664 3792 732 atque

2150 747 2382 799 curator
2401 743 2475 799 ad
2497 744 2672 800 totius
2695 744 3054 815 posteritatis
3079 745 3544 803 emendationem
3569 750 3789 816 statim,

2149 833 2645 903 etquodammodo
2661 834 3285 906 antetempusutrique
3301 853 3533 908 prauam
3557 837 3791 910 inﬂigit,

2147 921 2386 977 alterum
2411 921 2642 993 quidem
2662 927 2847 979 morte
2864 923 3227 980 damnando:
3255 925 3416 982 alteri
3442 942 3574 983 vero
3597 925 3790 983 locum

2149 1011 2558 1082 permutando,
2589 1013 2646 1066 et
2676 1026 2775 1080 pro
2807 1028 3018 1082 supera
3050 1012 3330 1085 beateque
3360 1015 3498 1085 vita,
3522 1015 3793 1073 tenebras

2148 1099 2514 1170 rependeudo
2547 1115 2612 1154 ac
2643 1099 2972 1160 Tartarum,
2994 1101 3226 1172 utrique
3249 1103 3387 1158 vitio
3411 1105 3566 1176 quod
3591 1121 3795 1161 conve-

2148 1187 2289 1254 niat,
2315 1187 2490 1243 misto
2524 1187 2854 1259 pharmaco.
2893 1193 3073 1246 Deum
3105 1191 3260 1247 enim
3295 1192 3548 1263 aliquem
3583 1193 3701 1249 fore
3732 1210 3791 1250 se

2142 1277 2327 1332 Adam
2361 1276 2696 1344 arbitratus,
2719 1284 3068 1350 apertosque
3098 1285 3457 1352 gestaturum
3490 1283 3712 1348 oculos,
3736 1287 3793 1340 et

2145 1366 2279 1423 boni
2301 1366 2538 1438 insuper
2559 1383 2624 1422 ac
2650 1368 2786 1423 mali
2809 1369 3139 1441 cognitione
3159 1371 3465 1428 ditandum
3491 1391 3504 1428 :
3531 1373 3788 1428 mortalis

2145 1455 2358 1527 [subito
2389 1460 2446 1511 et
2474 1455 2649 1512 variis
2682 1457 3050 1528 passionibus
3081 1460 3367 1516 obnoxius
3397 1477 3526 1518 esse
3551 1462 3786 1519 demon-

2145 1550 2363 1600 stratus
2381 1548 2488 1611 est,
2503 1550 2841 1602 occaecatam
2863 1548 3038 1603 ferme
3059 1565 3125 1603 ac
3142 1549 3296 1604 varia
3318 1550 3643 1622 ignorantia
3665 1552 3789 1622 ple-

2143 1651 2279 1692 nam
2297 1640 2566 1692 uaturam
2585 1635 2844 1691 sortitus.
2869 1637 2973 1702 Qui
2997 1654 3131 1695 vero
3154 1639 3483 1710 animojam
3508 1639 3787 1696 thronum

2143 1723 2199 1778 in
2239 1722 2381 1779 caelo
2421 1722 2751 1792 collocarat,
2791 1725 2905 1797 ipsi
2946 1742 3179 1798 quoque
3226 1727 3522 1784 Altissimo
3574 1727 3787 1786 similis

2141 1813 2328 1868 factus
2343 1814 2549 1869 merito
2563 1814 2672 1870 sub
2686 1818 2898 1870 terram
2923 1815 3178 1886 dejectus
3191 1817 3494 1874 Tartareas
3508 1834 3784 1875 cavernas

2137 1901 2336 1958 subiit.
2363 1902 2451 1957 Ita
2469 1903 2528 1958 hi
2553 1920 2655 1974 per
2684 1903 3078 1960 insatiabilem
3110 1906 3495 1977 cupiditatem
3528 1909 3601 1963 ab
3633 1924 3699 1964 eo
3720 1910 3781 1964 in

2136 2007 2248 2062 quo
2278 1994 2442 2046 erant
2473 1992 2753 2048 bonorum
2783 1997 3236 2065 temperamento
3263 1995 3630 2063 exciderunt;
3658 2012 3780 2052 me-

2135 2079 2248 2135 dici
2267 2095 2401 2136 vero
2424 2080 2706 2152 sapientis
2728 2082 2837 2136 fuit
2858 2083 3167 2140 contrariis
3181 2100 3472 2156 opponere
3493 2084 3782 2140 contraria

2136 2169 2574 2226 medicamenta.
2614 2171 2821 2227 Verum
2868 2170 2925 2226 in
2972 2171 3063 2228 his
3100 2187 3403 2228 sacrarum
3443 2172 3542 2227 ille
3583 2189 3779 2227 rerum

2134 2260 2379 2332 peritus,
2397 2264 2454 2316 et
2475 2261 2986 2332 contemplationis
3007 2279 3211 2320 amans
3233 2264 3484 2336 scriptor
3505 2263 3774 2336 quintum

2132 2352 2190 2404 et
2219 2349 2733 2420 quadragesimum
2764 2358 2936 2421 caput
2965 2351 3234 2408 absolvit.

2701 2439 2890 2496 208b
2917 2439 3199 2498 CCXXIII.

2346 2531 2614 2586 Diodorus
2648 2531 2800 2586 Tarsi
2825 2532 3103 2602 episropu:
3137 2532 3338 2588 Contra
3361 2535 3562 2599 fatum.

2202 2620 2432 2675 Lectum
2467 2628 2550 2674 est
2579 2618 2812 2674 Diodori
2846 2619 2959 2691 (58)
2989 2620 3246 2692 episcopi
3296 2619 3598 2676 Tarsensis
3633 2621 3777 2692 Opus

2128 2707 2385 2764 adversus
2415 2709 2615 2777 fatum,
2647 2707 2812 2763 libris
2843 2713 2994 2776 octo,
3027 2725 3094 2764 ac
3144 2709 3333 2764 tribus
3380 2725 3555 2780 supra
3604 2709 3774 2778 quin-

371 2792 429 2850 δὶ
458 2801 507 2872 γ’
533 2795 621 2850 καὶ
652 2797 714 2851 ν’.
755 2795 907 2850 Ἔστι
952 2795 1045 2867 μὲν
1078 2789 1168 2849 οὗν
1199 2792 1247 2848 ἐν
1281 2793 1495 2856 τούτοις
1539 2789 1769 2848 εὐσεϐῶν
1796 2795 1823 2848 ὁ
1855 2793 2013 2869 ἀνὴρ,

2145 2797 2408 2868 ιυοεὶηιο,
2428 2797 2717 2868 capitibus
2739 2796 3102 2853 distinctum.
3127 2797 3353 2864 Quibus
3375 2797 3432 2852 in
3457 2797 3622 2852 libris
3648 2798 3777 2869 pius

373 2884 463 2940 καὶ
507 2882 632 2939 οὐδὲ
686 2885 807 2959 περὶ
857 2885 957 2954 τὴν
1005 2879 1162 2952 δόξαν
1211 2886 1306 2937 τοῦ
1355 2884 1482 2937 Υἱοῦ
1530 2886 1627 2937 τοῦ
1675 2887 1831 2951 Θεοῦ,
1880 2885 1942 2953 ἣν
1981 2885 2016 2953 ἡ

2145 2885 2362 2957 Ῑυὶάοιη
2393 2890 2483 2940 est
2513 2885 2607 2940 hic
2637 2885 2905 2958 scriptor,
2939 2901 3127 2955 neque
3157 2886 3213 2940 in
3247 2902 3372 2941 eam
3406 2892 3626 2941 sectam
3662 2885 3776 2957 (59)

366 2977 464 3029 τοῦ
541 2972 837 3048 Νεστορίου
906 2973 1073 3028 λύσσα
1139 2969 1542 3046 διασπαράττει,
1600 2969 2018 3046 σφαλλόμενος·

2145 2977 2200 3030 le
2233 2974 2330 3030 Dei
2363 2973 2525 3044 Filio,
2558 2991 2732 3045 quem
2767 2975 2948 3045 impia
2975 2974 3223 3031 Nestorii
3250 2974 3438 3030 rabies
3469 2974 3773 3044 dissecuit,

367 3067 486 3126 τοῖς
537 3059 595 3118 δὲ
643 3060 1070 3140 ἐπιχειρήμασιν
1122 3055 1236 3116 ἔστι
1290 3061 1383 3134 μὲν
1446 3063 1530 3123 οἷς
1591 3062 1765 3136 ὀρθῶς
1816 3081 1874 3118 τε
1923 3065 2010 3119 καὶ

2145 3063 2449 3118 Lberrando
2509 3062 2780 3120 deﬂectit.
2833 3063 3049 3120 Verum
3111 3064 3171 3119 in
3231 3063 3612 3135 argumentis,
3663 3064 3774 3119 etsi

369 3153 581 3231 εὐφυῶς
626 3145 937 3222 ἐπιϐάλλει,
1002 3148 1300 3226 διελέγχων
1350 3150 1478 3211 τοὺς
1535 3153 1634 3220 τὴν
1686 3147 2017 3226 εἱμαρμένην

2145 3153 2399 3223 ιιιεεᾶοω
2444 3157 2599 3207 recte
2645 3152 2792 3209 satis
2821 3168 2888 3208 ac
2919 3153 3150 3209 dextere
3203 3153 3461 3220 adhibet,
3494 3154 3636 3208 dum
3671 3153 3771 3208 fati

367 3238 712 3313 δοξάζοντας,
744 3237 857 3296 ἔστι
898 3237 954 3295 δὲ
1000 3239 1137 3295 ὅπου
1176 3241 1315 3316 πρὸς
1369 3239 1534 3313 μόνον
1582 3241 1643 3295 τὸ
1694 3241 2020 3318 φαινόμενον

2145 3242 2457 3297 audatores
2487 3245 2806 3313 Oppugnat,
2829 3241 2970 3298 alias
2991 3247 3184 3298 tamen
3218 3258 3406 3313 neque
3428 3242 3571 3299 satis
3599 3242 3772 3310 clare,

365 3331 462 3387 τὸν
496 3330 676 3408 ἀγῶνα
732 3329 902 3407 φέρει,
934 3329 1024 3384 καὶ
1081 3327 1220 3402 μηδὲ
1269 3333 1450 3406 σαφῶς
1504 3329 1566 3384 τὸ
1608 3333 1717 3384 τῶν
1772 3330 2020 3386 ἐναντίων

2145 3346 2316 3402 neque
2348 3331 2489 3387 satis
2521 3335 2790 3386 accurate
2821 3331 3285 3387 adversariorum
3317 3330 3528 3401 dogma
3575 3347 3774 3402 perse-

365 3414 666 3493 ἐξακριϐὦν
745 3417 944 3494 δόγμα.
1011 3421 1167 3476 Ὅθεν
1237 3417 1510 3480 πολλάκις
1602 3417 1702 3474 οὐκ
1775 3413 2016 3488 ἐκείνοις,

2145 3424 2314 3487 :utus,
2340 3436 2407 3476 ea
2436 3436 2770 3492 oppugnare
2799 3420 3155 3493 aggreditur,
3179 3437 3306 3493 qua:
3337 3421 3592 3492 speciem
3624 3421 3773 3475 dun-

363 3507 504 3583 πρὸς
557 3507 655 3570 οὓς
714 3508 742 3562 ὃ
790 3507 1056 3583 πόλεμος,
1097 3506 1225 3563 ἀλλ’
1283 3508 1485 3584 δτέροις
1546 3507 1758 3582 μᾶλλον
1819 3505 2016 3579 δόξειεν

2145 3513 2286 3566 .axat
2334 3510 2620 3582 dogmatis
2668 3525 2782 3581 pra:
2831 3526 2890 3565 se
2933 3509 3139 3566 ferant.
3189 3510 3326 3565 Inde
3373 3524 3773 3580 saepenumero

365 3597 426 3654 ἂν
475 3595 857 3676 διαμάχεσθαι.
915 3597 1070 3668 Πλὴν
1129 3597 1160 3654 8
1215 3619 1277 3675 γε
1335 3595 1628 3674 εὐγνώμων
1669 3599 1862 3674 κριτὴς
1913 3599 2018 3674 οὐχ

2145 3615 2238 3654 non
2271 3614 2406 3654 cum
2439 3597 2580 3666 illis,
2612 3599 2964 3669 quibuscum
3016 3602 3311 3654 certamen
3361 3599 3638 3668 suscepit,
3673 3599 3770 3655 sed

363 3686 500 3764 ὐπὶρ
549 3687 625 3744 ὧν
678 3689 777 3743 οὐκ
822 3687 1100 3764 εὐστόχως
1142 3685 1369 3762 ἐνιαχοῦ
1417 3687 1632 3765 φέρεται
1686 3690 2015 3761 μωμήσαιτο

2145 3705 2259 3744 ium
2311 3687 2442 3743 aliis
2493 3689 2687 3759 potius
2727 3687 3080 3759 quibusdam
3130 3701 3392 3759 pugnare
3442 3691 3769 3744 censeatur.

363 3773 424 3831 ἄν
478 3793 492 3808 ·
549 3775 680 3853 ὑπὲρ
735 3775 806 3832 ὧν
860 3775 916 3832 δὲ
967 3773 1256 3846 σπουδάζει
1300 3779 1402 3845 τὴν
1439 3775 1486 3813 ⁶⁰
1533 3782 1632 3846 τῆς
1683 3773 2017 3850 εἱμαρμένης

2145 3778 2465 3849 )uanquam
2498 3778 2642 3833 bene
2687 3777 2946 3833 sentiens
2994 3776 3232 3842 arbiter,
3276 3792 3388 3831 non
3423 3775 3494 3830 ob
3524 3775 3580 3829 id
3613 3775 3767 3844 quod

363 3865 580 3936 πλάνην
612 3870 972 3943 κατενεγκεῖν,
1018 3863 1107 3920 καὶ
1147 3867 1221 3930 ὡς
1261 3867 1363 3920 οὐκ
1411 3865 1461 3920 ἐν
1506 3864 1721 3939 ὀλίγοις
1747 3865 1865 3920 κατ’
1913 3865 2016 3919 αὐ-

2145 3867 2319 3923 uinus
2344 3865 2590 3921 feliciter
2619 3865 2829 3921 alicubi
2855 3865 3000 3920 hanc
3026 3880 3146 3920 rem
3181 3867 3331 3936 agat,
3352 3863 3770 3933 reprehensum

360 3957 461 4023 τῆς
507 3953 822 4028 εὐδοκιμεῖ,
871 3955 966 4010 τὸν
1017 3951 1178 4030 ἄνδρα
1234 3962 1404 4028 τιμῆς
1446 3958 1539 4010 καὶ
1589 3955 1818 4030 χάριτος
1866 3953 2010 4024 ἄξιον

2145 3973 2258 4014 ium
2298 3957 2469 4012 velit:
2502 3972 2630 4011 cum
2680 3972 2750 4011 ex
2799 3972 2866 4011 eo
2913 3956 3125 4011 saltem
3174 3955 3360 4011 honor
3389 3954 3472 4009 illi
3503 3958 3560 4010 et
3588 3953 3773 4025 gratia

363 4041 733 4119 ἀνομολογεῖν
781 4041 895 4100 ἐστι
927 4040 1134 4106 δίκαιος
1164 4045 1236 4098 ⁸η.
1267 4046 1354 4102 Ἑν
1410 4043 1595 4117 μέντοι
1628 4063 1690 4120 γε
1731 4047 1812 4115 τῷ
1841 4043 1887 4098 α’
1923 4043 2012 4097 καὶ

2145 4045 2333 4101 nerito
2366 4045 2668 4111 debeatur,
2695 4045 2846 4115 quod
2873 4060 2987 4100 non
3010 4043 3134 4099 sine
3156 4061 3264 4098 sua
3282 4043 3343 4098 in
3367 4042 3566 4098 multis
3601 4043 3774 4098 laude

361 4137 408 4190 ν’
465 4132 768 4215 κεφαλαίῳ,
833 4135 944 4208 ἅμα
1009 4134 1108 4205 τὴν
1165 4138 1264 4204 τῆς
1323 4131 1657 4209 εἱμαρμένης
1715 4131 2011 4189 κατασείων

2149 4133 2403 4206 noxium]
2436 4133 2508 4188 de
2539 4134 2655 4188 fato
2685 4149 2938 4189 errorem
2989 4134 3320 4204 opprimere
3367 4131 3657 4187 moliatur.
3705 4134 3770 4187 In

366 4221 546 4298 δόξαν,
606 4225 698 4286 καὶ
773 4225 871 4293 τὴν
933 4222 1270 4300 Βαρδιπάνου
1336 4222 1793 4298 συνεπιῤῥαπίζει.
1865 4222 2012 4293 Αὕτη

2145 4224 2318 4295 primo
2341 4224 2572 4294 quidem
2597 4228 2753 4278 certe
2777 4227 2833 4278 et
2853 4221 3336 4294 quinquagesimo
3359 4221 3567 4292 capite,
3591 4220 3771 4276 simul

367 4310 424 4370 δί
471 4315 762 4388 ἡμιμανής
811 4314 896 4377 τίς
946 4313 1054 4368 ἐστι
1105 4315 1192 4368 καὶ
1245 4313 1520 4386 ἡμίτομος
1556 4332 1568 4346 ο
1619 4315 1721 4383 τήν
1768 4313 1862 4386 μὲν
1912 4312 2016 4387 γὰρ

2145 4315 2265 4369 lum
2299 4313 2396 4367 fati
2429 4313 2759 4384 opinionem
2783 4310 3075 4379 convellit,
3099 4311 3270 4366 etiam
3295 4309 3632 4366 Bardisanis
3653 4309 3767 4380 (60)

364 4402 551 4481 ψυχῆν
602 4402 940 4479 εἱμαρμένης
990 4424 1048 4458 τε
1093 4403 1183 4457 καὶ
1233 4407 1334 4472 τῆς
1375 4401 1682 4477 λεγομένης
1729 4400 2016 4478 γενεθλια-

2145 4402 2478 4459 ienteutiam
2528 4401 2774 4458 refellit:
2807 4416 2935 4472 quae
2979 4399 3106 4472 ipsa
3141 4408 3200 4454 ut
3230 4415 3261 4454 e
3291 4398 3534 4454 dimidio
3564 4398 3634 4452 ab
3669 4396 3771 4452 illa

367 4491 562 4569 λογίας
612 4491 895 4567 ἐλευθὲραν
947 4492 1201 4562 ἀπολύει,
1251 4495 1527 4565 συντηρῶν
1575 4491 1713 4565 αὐτῇ
1770 4491 1832 4546 τὸ
1890 4490 2016 4546 αὐτ-

2145 4493 2357 4556 εείεοιιι,
2390 4491 2473 4546 ita
2502 4489 2649 4547 semi
2679 4489 2888 4546 insana
2937 4489 3256 4544 etiamnum
3288 4487 3589 4544 remansit.
3619 4486 3766 4542 Nam

1719 4636 1960 4694 VARle
1999 4636 2392 4693 LECTIONES
2406 4676 2419 4690 .

430 4771 560 4814 ⁸³-⁵⁸
580 4774 809 4846 τοσοῦτο
996 4774 1040 4808 ⁵⁷
1065 4772 1200 4846 libri
1231 4769 1539 4834 πλουτίσαι,
1689 4771 1780 4846 τὸν
1815 4769 2032 4846 ροδὶεἱς
2063 4772 2199 4829 add.
2234 4776 2300 4827 Δ.
2375 4770 2423 4807 ⁵⁸
2452 4766 2736 4843 Θεοδώρον
2763 4776 2808 4824 Α
2843 4768 2904 4841 ς’
2938 4785 2951 4824 :
2987 4769 3088 4825 sed
3122 4784 3235 4838 mg.
3274 4770 3309 4823 Α
3332 4785 3421 4841 γρ.
3463 4762 3766 4838 Διοδώρου,

363 4843 439 4905 ὡς
466 4845 673 4919 προῖὼν
707 4840 975 4917 εὑρήσεις.
1052 4844 1099 4880 ⁶⁰
1125 4844 1226 4912 τὴν
1258 4847 1392 4901 add.
1428 4850 1496 4900 A.
1570 4845 1612 4880 ⁶¹
1647 4840 1856 4898 δίκαιον

1954 4985 2188 5043 NOTZE.

437 5111 549 5184 (58)
582 5113 887 5168 Diodorum
918 5114 1108 5184 potius
1139 5129 1313 5185 quam
1349 5111 1688 5185 Theodorum
1717 5109 2012 5185 appellare

2195 5109 2621 5234 (Ξῖοὲὺῶιὲαω
2651 5089 2809 5164 male
2832 5107 3121 5165 audivisse
3161 5123 3339 5178 supra
3367 5105 3581 5161 indicat
3611 5105 3768 5162 Pho-

362 5181 625 5256 placuit:
661 5199 794 5240 cum
823 5181 977 5254 quod
1012 5190 1141 5256 post
1159 5181 1344 5255 paulo
1377 5201 1410 5256 ιι
1433 5182 1766 5256 γΡΙιοιὶοίεὶο
1802 5181 2014 5239 ίηοωὶ-
2122 5181 2238 5256 tius
2256 5182 2394 5256 cod.
2423 5181 2555 5256 _102.

2122 5181 2238 5237 tius
2269 5182 2394 5235 cod.

363 5255 554 5324 natur,
578 5261 699 5326 tum
723 5257 878 5326 quod
909 5255 1118 5326 Suidas
1139 5255 1406 5326 Tarsensi
1431 5255 1564 5310 huic
1586 5255 1857 5326 episcopo
1880 5256 2012 5309 κατᾶ

361 5322 716 5402 ἀστρονόμων
739 5322 828 5380 καὶ
859 5322 1210 5402 ἀστρολόγων
1245 5325 1334 5380 καὶ
1366 5322 1702 5402 ειμαρμένης
1734 5322 1880 5396 opus
1923 5333 2013 5384 at-

363 5397 604 5455 tribuat.
625 5400 780 5453 ldem
798 5397 1198 5470 tractantargu
1211 5403 1470 5470 mentum
1491 5399 1550 5454 Β.
1569 5397 1646 5452 Cb
1657 5406 2012 5470 rysostomus

363 5488 465 5527 sex
511 5487 566 5525 v1
613 5470 875 5525 homiliis
927 5472 1002 5526 De
1051 5468 1300 5530 Fato:et
1351 5469 1508 5524 hom.
1547 5471 1571 5524 1
1606 5470 1664 5524 in
1691 5468 1833 5541 ‘cap.
1865 5481 1905 5537 ι,
1942 5468 2012 5526 ad

365 5543 558 5598 Timet.
595 5541 806 5612 Euseb.
840 5546 958 5598 toto
990 5541 1136 5598 libro
1183 5559 1258 5597 νι.
1293 5543 1372 5612 De
1413 5548 1715 5612 praeparat.
1762 5544 2006 5612 evangcl.

361 5612 558 5685 Cicego
594 5613 665 5668 De
685 5609 929 5685 divinat.
954 5617 1010 5669 et
1038 5614 1111 5669 De
1140 5609 1636 5685 Fato._Alexander
1665 5609 2008 5685 Aphrod'isic

361 5697 467 5742 eus
495 5681 828 5754 Favorinus,
861 5686 1015 5758 apud
1045 5685 1204 5756 Aget.
1234 5681 1385 5753 XIV,
1416 5696 1536 5754 cap.
1569 5695 1609 5738 l.

2195 5251 2300 5323 (60)
2338 5251 2525 5306 Habes
2555 5266 2682 5323 eam
2714 5249 2862 5323 apud
2893 5247 3100 5308 Euseb.
3134 5249 3236 5323 lib.
3270 5266 3324 5323 ιν
3356 5248 3426 5304 De
3459 5251 3762 5323 praeparat.

2116 5319 2310 5390 euang.
2347 5335 2472 5392 cap.
2506 5338 2624 5378 vm.
2660 5319 2901 5391 De'ipsa
2933 5337 3100 5390 porro
3133 5319 3762 5392 Bardisaneilegendus

2119 5393 2559 5475 EusebLIib_.niv,
2595 5393 2899 5475 Iiisf._cap.
2924 5394 3022 5462 28;
3048 5394 3367 5475 BA._Hieron_.
3395 5393 3453 5475 in
3489 5392 3761 5475 Catalo‘gno,

2121 5483 2246 5539 cap.
2281 5463 2389 5532 43;
2426 5463 2664 5548 I‘liceph.
2700 5464 2802 5520 lib.
2834 5467 2889 5531 4,
2921 5481 3046 5536 cap.
3078 5467 3170 5532 25,
3194 5469 3258 5548 .et
3289 5465 3389 5521 lib.
3417 5465 3474 5532 2,
3497 5480 3621 5533 cap.
3657 5464 3759 5529 10;

2119 5539 2181 5592 Β.
2216 5541 2602 5592 Αυαιιείιιιυε.
2637 5535 2841 5592 haeres.
2873 5537 2980 5592 35:
3013 5536 3071 5591 S.
3104 5538 3392 5592 Emohan.
3419 5535 3624 5592 haeres.
3662 5535 3758 5592 10:

2120 5554 2181 5592 υ.
2216 5554 2602 5663 Αιέβυειιιιυε,
2638 5554 2841 5593 neres.
2873 5554 2980 5604 ac;
3013 5554 3071 5591 δ.
3107 5554 3392 5609 npipnan.
3420 5554 3624 5592 haeres.
3662 5554 3758 5602 1U;

2119 5605 2272 5665 Theo
2322 5613 2463 5664 Oret.
2496 5606 2594 5663 lib.
2633 5623 2670 5674 ι,
2704 5609 2892 5663 Haeret.
2921 5607 3096 5678 fabul.
