4184 6212
395 339 509 400 831

397 580 525 634 qua:
581 562 812 627 dicitur,
844 561 1084 615 liberam
1139 559 1399 625 dimittit,
1434 560 1660 615 arbitrii
1711 560 2044 616 libertatem

400 652 483 707 illi
510 651 922 717 conservando,
955 664 1167 720 corpua
1217 654 1436 716 tamen,
1469 655 1525 706 et
1556 665 1920 722 quacunque
1973 650 2042 704 ad

396 755 607 809 corpus
634 743 916 810 spectant,
945 739 1060 793 fato
1087 740 1469 810 gubernanda
1499 739 1757 810 subjicit.
1781 739 2042 806 Divitias,

394 828 658 898 inquam,
710 831 1052 897 egestatem,
1106 829 1391 893 morbum,
1443 827 1645 896 vitam,
1692 832 1956 894 mortem,
1989 831 2046 882 et

395 933 522 988 qua
555 917 612 972 in
657 921 860 971 nostra
911 933 1025 971 non
1079 925 1211 972 sunt
1267 921 1586 988 potestate:
1626 933 1808 989 eaque
1851 919 2044 974 omnia

397 1006 491 1060 fati
526 1019 655 1060 esse
688 1005 892 1060 atl'ecta
919 1005 1119 1060 tradit.
1156 1010 1297 1078 Ergo
1332 1007 1487 1062 hunc
1533 1008 1836 1062 studiosus
1864 1007 1959 1062 ille
1991 1012 2047 1062 et

399 1091 619 1149 sciendi
653 1094 899 1163 cupidus
927 1093 1208 1149 Diodorus
1232 1094 1384 1148 clare
1417 1111 1480 1150 ac
1511 1095 1699 1150 valide
1729 1095 2042 1163 convincit,

396 1183 568 1238 verbo
618 1183 855 1253 quidem
916 1184 1166 1238 mediam
1224 1187 1506 1239 duntaxat
1561 1185 1774 1240 erroris
1826 1193 2045 1256 partem

398 1270 731 1343 praedicare.
751 1287 808 1326 re
830 1277 1021 1326 autem
1047 1271 1171 1342 ipsa
1191 1277 1370 1326 totum
1397 1272 1770 1328 confirmare:
1794 1275 2049 1343 quando-

395 1361 630 1430 quidem
657 1360 918 1431 pluritnae
943 1362 1336 1432 corporissive
1360 1362 1695 1417 affectiones
1720 1379 1819 1432 per
1838 1363 2044 1416 anima:

395 1449 813 1520 operationem,
870 1450 1360 1520 cooperationem,
1423 1455 1522 1506 aut
1587 1452 1763 1505 etiam
1825 1455 2047 1506 natura:

396 1555 770 1606 consensum,
805 1538 1068 1594 accidere
1100 1538 1291 1594 solent
1324 1556 1387 1594 ac
1420 1540 1635 1610 perlici.

469 1627 664 1682 Primo
714 1627 894 1697 igitur
939 1627 1088 1682 libro
1141 1636 1266 1699 post
1295 1629 1409 1684 alia
1438 1629 1506 1684 de
1536 1629 1652 1684 fato
1684 1629 1886 1698 relata,
1920 1631 2043 1683 tum

398 1718 552 1771 unde
583 1721 701 1770 tam
736 1716 914 1770 libere
947 1717 1153 1787 agendi
1188 1718 1490 1772 audaciam
1527 1734 1683 1773 error
1713 1718 2043 1788 sumpserit,

400 1809 678 1860 adversus
714 1821 842 1858 eam
877 1805 1124 1874 insurgit
1161 1805 1519 1876 opinionem,
1551 1823 1676 1876 quae
1711 1808 2042 1861 universum

2161 1802 2652 1878 παρρησιάσασθαι,
2712 1803 2802 1856 καὶ
2887 1802 3020 1856 κατά
3105 1809 3204 1871 τῆς
3291 1801 3563 1879 λεγούσης

399 1892 506 1948 hoc
532 1897 660 1946 ortu
693 1909 887 1948 carere
913 1894 1119 1948 asserit
1149 1894 1338 1964 (putat
1367 1893 1520 1950 enim
1545 1910 1613 1948 ex
1638 1895 1745 1949 hac
1777 1894 2051 1966 Opinione

400 1981 546 2036 illud
580 1998 813 2053 quoque
844 1982 914 2037 de
947 1982 1062 2037 fato
1100 1983 1444 2053 figmentum
1475 1983 1736 2053 conﬂari)
1784 1984 2049 2055 libroque

401 2072 538 2126 huic
570 2072 652 2126 ita
682 2072 855 2127 tinem
900 2073 1172 2143 imponit,
1208 2078 1270 2128 ut
1305 2090 1375 2129 ne
1407 2074 1462 2128 in
1498 2073 1680 2129 altero
1713 2075 1943 2144 quidem
1977 2076 2046 2131 ab

395 2163 592 2216 eadem
627 2177 820 2232 pugna
849 2161 1114 2218 desistat.

468 2342 851 2407 Quamobrem
866 2341 1090 2397 decimo
1110 2343 1376 2414 posthaec
1391 2343 1599 2414 capite,
1619 2348 1735 2399 tam
1761 2345 2042 2400 mundum

396 2429 612 2502 ipsum,
647 2446 824 2501 quam
858 2432 916 2486 in
948 2447 1014 2487 eo
1043 2433 1349 2504 degentem
1400 2433 1695 2489 hominem
1728 2439 1917 2489 ortum
1951 2433 2047 2488 ha-

399 2519 530 2574 bere
561 2520 997 2588 demonstrans,
1026 2521 1133 2576 hoc
1183 2522 1294 2576 fere
1339 2523 1509 2577 modo
1551 2523 1621 2577 ad
1672 2526 2045 2594 argumenta-

396 2609 617 2665 tionem
650 2610 1000 2679 aggreditur.
1028 2611 1534 2682 Quandoquidem,
1570 2611 1667 2678 ait,
1701 2610 2044 2682 singulatim

391 2695 694 2752 hominum
718 2698 904 2753 209a
929 2699 1139 2769 singuli
1190 2701 1545 2771 corruptioni
1587 2705 1758 2771 atque
1804 2717 2045 2772 genera-

393 2786 536 2841 tioni
569 2786 803 2841 obnoxii
835 2791 993 2854 sunt,
1028 2787 1396 2843 manifestum
1427 2805 1566 2844 sane
1596 2789 1778 2859 ipsam
1813 2805 2044 2860 quoque

396 2875 605 2930 horum
646 2881 910 2930 naturam
955 2877 1023 2930 ad
1061 2877 1312 2931 similem
1351 2878 1530 2948 redigi
1573 2877 2044 2946 dissolutionem,

393 2972 446 3019 et
479 2965 708 3018 nonnisi
741 2964 800 3018 in
833 2965 976 3020 solis
1006 2983 1073 3020 ex
1098 2981 1158 3020 se
1182 2971 1386 3021 mutuo
1418 2967 1889 3022 successionibus
1922 2984 2046 3038 per-

389 3053 617 3107 durare.
652 3053 847 3123 Neque
893 3054 1048 3108 enim
1095 3056 1248 3124 quod
1299 3058 1427 3109 ortu
1469 3059 1644 3123 caret,
1689 3055 1823 3109 inde
1872 3072 2037 3111 suam

1563 335 1836 396 ΡΗΟΤΙΙ
1881 330 2402 395 PATRIARCHE
2445 331 2560 390 GP.

394 473 504 529 etsi
536 473 792 529 animam
829 471 1063 544 quidem
1097 487 1127 524 a
1157 469 1295 538 fato,
1318 474 1374 525 et
1395 487 1428 526 a
1455 469 1716 526 natalitia
1747 471 2042 525 notatione

2159 463 2417 534 εξοόσιον,
2479 461 2763 517 ὑποτάττει
2850 461 2907 517 δὲ
2964 467 3034 536 τῇ
3117 462 3319 534 ταύτης

3690 331 3818 394 832

3403 461 3676 536 διοικήσει
3753 469 3822 522 τὸ

2156 560 2314 627 σῶμα
2369 550 2460 606 καὶ
2515 552 2582 606 τὰ
2620 553 2744 628 περὶ
2791 553 2852 606 τὸ
2903 557 3086 625 σῶμα,
3145 553 3386 608 πλοῦτον
3446 551 3512 624 δή
3547 555 3595 590 δέ
3665 577 3817 630 φημι

2153 643 2242 698 καὶ
2300 643 2485 698 πενίαν
2541 640 2632 695 καὶ
2697 643 2857 696 νόσον
2921 641 3012 696 καὶ
3072 643 3214 710 ζωὴν
3263 642 3354 696 καὶ
3413 644 3666 698 θέναντον
3722 645 3819 700 καὶ

2155 733 2252 788 ὅσα
2285 732 2382 787 οὐκ
2423 733 2502 809 ἐφ’
2551 735 2711 803 ἡμῖν,
2753 733 2840 786 καὶ
2897 735 3064 786 ταῦτα
3111 732 3281 786 πάντα
3320 739 3421 802 τῆς
3472 735 3819 808 εἱμαρμένης

2156 821 2179 837 ’³
2333 819 2355 837 κ
2515 821 2599 854 -’ν
2704 823 2726 839 υ
2851 821 2898 858 63
2937 821 2949 834 ο
3262 822 3283 848 .‘
3371 843 3382 852 .
3444 822 3456 838 δ
3622 821 3685 856 ,κ
3728 830 3750 839 -

2155 843 2286 898 εργα
2328 839 2671 895 οογμααςει.
2729 826 2801 877 Ov
2931 837 2958 874 0
3009 819 3323 898 φιλομαθης
3373 843 3460 876 και
3510 844 3816 886 σποδοαιος

2157 909 2432 985 Διόδωρος
2465 913 2649 988 σαφῶς
2703 911 2831 982 [343
2863 911 2954 981 H.j
2983 931 3041 964 τε
3079 910 3168 963 καὶ
3220 910 3482 984 γενναίως
3535 909 3820 988 διελέγχει

2158 1001 2311 1078 λόγῳ
2375 1005 2468 1075 μὲν
2526 1001 2805 1074 ἡμίτομον
2882 1002 2981 1069 τὴν
3038 1009 3136 1071 τῆς
3203 1003 3538 1077 εἱμαρμένης
3595 1003 3819 1075 πλάνην

2155 1091 2467 1165 κηρύττειν,
2536 1086 2680 1166 ἔργῳ
2740 1088 2797 1144 δὲ
2872 1095 3186 1164 συγκροτεῖν
3254 1093 3353 1159 τὴν
3431 1090 3595 1162 ὃλην,
3659 1093 3817 1164 εἴπερ

2157 1180 2244 1234 καὶ
2274 1179 2339 1234 τὰ
2379 1179 2609 1234 πλεῖστα
2648 1185 2756 1234 τῶν
2787 1183 3114 1252 σωματικῶν
3167 1182 3353 1234 παθῶν
3395 1202 3453 1235 τε
3483 1183 3572 1235 καὶ
3627 1178 3810 1258 ἔργων

2157 1269 2243 1323 διὰ
2289 1276 2388 1338 τῆς
2440 1272 2683 1343 ψυχικῆς
2729 1267 2997 1342 ἐνεργείας
3047 1290 3103 1324 τε
3141 1270 3228 1324 καὶ
3279 1271 3613 1344 συνεργείας,
3650 1273 3737 1325 ναὶ
3767 1274 3816 1307 ⁸⁸

2156 1355 2221 1427 δὴ
2281 1359 2368 1412 καὶ
2427 1358 2760 1432 συμπαθείας
2815 1357 2998 1412 εἶ’ωθεν
3057 1354 3466 1431 ἐπισυμϐαίνειν
3521 1360 3611 1414 καὶ
3674 1364 3821 1416 ἀπο-

2153 1445 2444 1501 τελεῖσθαι.

2231 1626 2316 1679 Ἐν
2355 1626 2448 1696 μὲν
2485 1625 2575 1679 οὖν
2604 1629 2683 1694 τῷ
2731 1627 2774 1679 α’
2807 1622 2963 1698 λόγῳ
3014 1622 3157 1679 ἄλλα
3187 1626 3244 1679 τέ
3291 1645 3410 1680 τινα
3442 1627 3566 1700 περὶ
3617 1627 3820 1702 εἱμαρ-

2163 1713 2331 1787 μένης
2377 1711 2628 1783 διελθὼν,
2661 1715 2748 1768 καὶ
2807 1715 2925 1768 ὅθεν
2957 1711 3084 1791 ἔσχε
3131 1716 3230 1784 τήν
3277 1714 3493 1787 τόλμαν
3544 1719 3578 1785 ἡ
3631 1715 3813 1787 πλάνη

3647 1802 3814 1877 δόξης

2159 1891 2282 1946 τόδε
2319 1893 2381 1946 τὸ
2433 1897 2536 1946 πᾶν
2590 1891 2848 1966 ἀγένητον
2879 1892 2926 1926 6⁵
2975 1891 3107 1945 εἶναι
3160 1889 3565 1963 διανιστάμενος
3615 1893 3816 1965 (οἴεται

2158 1983 2258 2056 γὰρ
2314 1981 2373 2036 ἐκ
2433 1988 2530 2050 τῆς
2593 1980 2923 2053 ὑπολήψεως
2981 1983 3078 2048 τῆς
3131 1981 3223 2035 τὸν
3279 1981 3482 2052 κόσμον
3547 1979 3814 2055 ἀγένητον

2158 2071 2444 2140 ποιούσης,
2507 2070 2705 2124 ἐκεῖθεν
2764 2070 2858 2124 καὶ
2915 2069 2978 2123 τὸ
3025 2076 3125 2138 τῆς
3185 2069 3522 2144 εἱμαρμένης
3577 2092 3814 2146 συγκρο-

2156 2162 2363 2213 τεῖσθαι
2409 2158 2660 2232 πλάσμα)
2713 2163 2943 2232 περατοῖ
2978 2159 3070 2212 τὸν
3133 2160 3176 2212 α’
3236 2157 3424 2234 λόγον,
3474 2160 3558 2212 καὶ
3616 2159 3666 2212 ἐν
3726 2164 3811 2231 τῷ

2160 2248 2206 2320 β’
2245 2252 2341 2302 τοῦ
2373 2248 2539 2302 αὐτοῦ
2574 2248 2650 2319 μὴ
2683 2247 3043 2324 ἀφιστάμενος
3081 2246 3485 2323 ἀγωνίσματος.

2230 2339 2322 2391 Διὸ
2370 2337 2460 2390 καὶ
2501 2334 2551 2390 ἐν
2600 2340 2677 2406 τῷ
2729 2337 2758 2390 ι’
2801 2335 3085 2413 κεφαλαίῳ
3143 2337 3362 2410 γενητὸν
3412 2338 3551 2392 εἶναι
3603 2337 3694 2391 τόν
3752 2358 3813 2392 τε

2155 2425 2360 2498 κόσμον
2419 2425 2504 2479 καῖ
2563 2426 2652 2480 τὸν
2711 2424 2763 2478 έν
2818 2425 2965 2497 αὖτῴ
3024 2424 3303 2501 ἄνθρωπον
3342 2423 3647 2488 ἐπιδεικνὺς
3703 2423 3812 2482 ὧδὲ

2155 2537 2272 2579 πως
2333 2510 2608 2570 εἰσϐάλλει
2641 2515 2777 2587 πρὸς
2831 2516 2928 2584 τὴν
2976 2513 3320 2589 ἐπιχείρησιν
3367 2535 3377 2547 ·
3432 2515 3606 2584 Ἐπεὶ,
3653 2517 3808 2592 φησί,

2158 2606 2263 2658 τῶν
2302 2605 2436 2658 κατᾶ
2470 2603 2631 2678 μέρος
2679 2604 2979 2678 ἀνθρώπων
3010 2602 3233 2667 ἕκαστος
3283 2605 3520 2680 φθαρτὸς
3555 2603 3666 2658 ἐστι
3720 2606 3805 2658 καὶ

2155 2694 2402 2766 γενητὸς,
2437 2689 2606 2760 δῆλον
2639 2693 2712 2754 ὡς
2744 2691 2832 2746 καὶ
2863 2695 2898 2760 ἡ
2929 2693 3134 2746 τούτων
3165 2693 3323 2769 φύσις
3363 2693 3438 2753 εἰς
3477 2694 3576 2762 τὴν
3612 2693 3811 2765 ὁμοίαν

2155 2780 2337 2857 ἄγεται
2387 2780 2564 2850 λύσιν,
2599 2780 2648 2834 ἐν
2700 2781 2890 2854 μόναις
2934 2786 3052 2842 ταῖς
3098 2779 3146 2852 ἐξ
3192 2779 3458 2850 ἀλλήλων
3519 2778 3810 2857 διαδοχαῖς

2156 2869 2484 2943 διαμένουσα
2519 2890 2530 2901 ·
2564 2870 2626 2924 τὸ
2656 2871 2760 2944 γὰρ
2791 2870 3056 2943 ἀγένητον
3090 2871 3188 2925 οὐκ
3217 2868 3268 2924 ἐν
3299 2871 3343 2905 εδ
3375 2867 3664 2947 διαδοχαῖς
3697 2869 3810 2924 ἐπι-

2153 2961 2450 3031 νοούμενον
2520 2954 2638 3032 ἔχει
2688 2959 2749 3012 τὸ
2809 2960 3101 3035 ἇςοθαρτον,
3157 2957 3301 3013 ἀλλὰ
3353 2960 3470 3012 καθ’
3519 2959 3672 3012 ἑαυτὸ
3710 2959 3805 3012 καὶ

2154 3048 2291 3103 κατᾶ
2324 3049 2418 3117 τήν
2450 3044 2587 3101 ίδίαν
2622 3046 2932 3103 ὑπόστασιν.
2961 3049 3086 3104 ’Ότι
3119 3045 3175 3102 δὲ
3203 3049 3230 3101 ὁ
3252 3048 3460 3120 κόσμος
3491 3048 3716 3122 γενητὸς
3736 3051 3805 3119 ⁸⁷,

392 3106 606 3193 habere
638 3106 1250 3210 incdrruptibilitatem
1295 3106 1501 3212 potest,
1545 3106 1698 3212 quod
1751 3159 1932 3198 unum
1976 3145 2035 3199 in

2159 3134 2326 3204 δῆλον
2378 3135 2426 3205 ἐξ
2467 3137 2541 3190 ὧν
2579 3136 2668 3190 καὶ
2715 3137 2780 3190 τὰ
2813 3135 2862 3189 ἐν
2915 3137 3064 3207 αὐτῷ
3104 3138 3324 3210 γενητὰ,
3357 3139 3464 3210 πῦρ
3513 3137 3603 3189 καὶ
3655 3134 3804 3210 ὕδωρ

391 3228 630 3282 alterius
690 3228 878 3282 locum
940 3229 1254 3284 identidem
1315 3231 1624 3285 succedere
1673 3232 2032 3302 cogitemus:

390 3317 490 3371 sed
513 3315 661 3386 quod
690 3317 741 3369 id
770 3333 867 3387 per
887 3316 1170 3387 seipsum,
1190 3324 1363 3389 atque
1381 3335 1445 3373 ex
1464 3326 1693 3375 suamet
1716 3321 2036 3376 subsisten-

396 3406 498 3474 tia,
534 3405 648 3460 tale
678 3406 772 3460 sit.
809 3405 980 3460 Porro
1014 3409 1300 3462 mundum
1335 3424 1567 3479 quoque
1600 3409 1792 3480 ipsum
1827 3410 2041 3465 habere

390 3499 608 3562 ortum,
654 3511 722 3549 ex
761 3493 833 3548 iis
874 3499 962 3550 est
1020 3497 1414 3563 manifestum,
1448 3499 1602 3568 quod
1645 3515 1772 3568 qua:
1812 3499 1870 3554 in
1911 3500 2038 3570 ipso

397 3594 547 3650 sunt,
577 3585 747 3656 ignis,
791 3600 965 3655 aqua,
999 3589 1174 3654 terra,
1215 3603 1334 3652 aer,
1371 3592 1563 3642 ortum
1606 3588 1878 3643 habeant.
1913 3588 2041 3644 Haec

391 3672 546 3728 enim
607 3673 868 3743 quotidie
928 3674 1317 3742 particulatim
1367 3679 1421 3729 et
1467 3681 1944 3746 corrumpuntur,
1986 3682 2044 3733 et

388 3761 732 3833 gignuntur.
770 3767 1022 3817 Rursum
1067 3769 1262 3818 autem
1310 3763 1464 3834 quod
1508 3770 1660 3820 terra
1690 3767 2038 3838 corruptibi-

390 3851 460 3905 lis
494 3851 594 3918 sit,
629 3867 696 3906 ex
726 3852 798 3906 iis
831 3853 1206 3923 perspicuum
1246 3855 1455 3918 evadit,
1489 3856 1641 3925 quod
1686 3856 1806 3911 sive
1844 3855 2037 3925 homo,

390 3941 510 3994 sive
540 3940 652 3994 alia
691 3941 973 3996 animalia
1022 3947 1492 4012 corrumpantur,
1534 3942 1593 3998 in
1641 3951 1852 3999 terram
1902 3962 2040 4000 con-

391 4033 708 4083 vertantur.
737 4028 879 4084 Nam
925 4031 1077 4100 quod
1124 4029 1243 4085 haec
1275 4031 1333 4085 in
1367 4031 1527 4086 illam
1572 4039 2039 4103 corrumpantur,

390 4120 736 4186 argumento
771 4115 969 4186 utique
1000 4120 1107 4184 est,
1141 4133 1207 4172 ex
1240 4117 1338 4172 illa
1370 4118 1498 4188 ipsa
1543 4124 1816 4190 corrupta
1847 4127 2041 4175 ortum

393 4217 564 4256 suum
600 4203 762 4257 initio
805 4203 1119 4274 accepisse.
1155 4204 1318 4258 Adde
1363 4207 1514 4276 quod
1557 4205 1876 4261 etiamnum
1919 4207 2041 4261 ani-

397 4290 618 4344 mantia
661 4291 940 4362 pleraque
980 4308 1046 4346 ex
1091 4292 1197 4346 hac
1226 4308 1389 4347 versa
1431 4299 1606 4364 atque
1642 4301 1918 4365 corrupta
1955 4295 2044 4365 gi-

2148 3225 2236 3279 καὶ
2284 3231 2354 3299 γῆ
2403 3226 2490 3278 καὶ
2541 3226 2644 3298 ἂήρ
2695 3267 2706 3280 .
2767 3224 2855 3279 καὶ
2905 3226 3005 3299 γὰρ
3055 3230 3221 3279 ταῦτα
3278 3225 3421 3298 παρά
3475 3226 3640 3297 μέρος
3686 3227 3807 3278 καθ’

2148 3311 2373 3381 ἑκάστην
2409 3313 2498 3366 καὶ
2546 3312 2817 3388 ιρθείρεται
2865 3314 2953 3366 καὶ
2993 3317 3217 3387 γίνεται.
3269 3315 3395 3387 [664
3437 3314 3527 3385 PL]
3576 3315 3698 3368 ’Ὁτι
3747 3310 3806 3368 δὲ

3012 3405 3030 3430 μ

2147 3401 2314 3455 πάλιν
2348 3404 2380 3470 ἡ
2413 3407 2480 3474 γῆ
2515 3403 2750 3478 φθαρτὴ,
2785 3399 2954 3469 δῆλον
2984 3401 3032 3474 ἐξ
3065 3403 3140 3454 ὧν
3173 3401 3248 3464 εἰς
3274 3408 3375 3477 γῆν
3407 3401 3496 3454 καὶ
3528 3401 3556 3454 ὁ
3589 3397 3805 3470 ἅνθρω-

2148 3510 2251 3551 πος
2287 3491 2376 3544 καὶ
2406 3491 2473 3543 τὰ
2504 3487 2647 3544 ἄλλα
2679 3493 2786 3544 τῶν
2823 3491 2977 3558 ζώων
3009 3487 3334 3564 φθειρόμενα
3369 3483 3799 3561 μεταϐάλλεται·

2149 3582 2212 3632 τὸ
2242 3579 2341 3654 γὰρ
2375 3579 2451 3640 είς
2479 3578 2679 3648 ταύτην
2721 3578 3028 3656 φθείρεσθαι
3069 3577 3338 3647 ἀπόδειξίς
3379 3576 3492 3632 ἐστι
3518 3581 3614 3632 τοῦ
3644 3579 3688 3613 ⁵⁸
3741 3571 3804 3632 ἐκ

2148 3666 2350 3737 ταύτης
2393 3667 2684 3743 φθαρείσης
2733 3670 2846 3722 κατ’
2898 3667 3074 3742 ἀρχὰς
3116 3671 3286 3722 ταῦτα
3331 3667 3598 3742 γενέσθαι.
3646 3665 3802 3736 Πλὴν

2150 3757 2240 3810 καὶ
2271 3761 2358 3810 νῦν
2408 3756 2485 3813 ἔτι
2518 3757 2583 3810 τὰ
2631 3757 2678 3792 ⁶⁹
2712 3754 2898 3811 πολλὰ
2935 3761 3040 3811 τῶν
3093 3757 3244 3825 ζώων
3279 3758 3481 3824 ταύτης
3528 3755 3807 3830 τρεπομέ-

2150 3867 2248 3914 νης
2299 3847 2386 3900 καὶ
2440 3846 2803 3922 φθειρομένης
2855 3846 3053 3922 γίνεταί
3093 3866 3151 3900 τε
3207 3845 3298 3900 καὶ
3359 3847 3690 3901 συνίσταται.
3730 3844 3802 3898 Τὸ

2153 3931 2211 3988 δὲ
2239 3936 2572 4008 τρεπόμενον
2609 3934 2653 3988 εἰ
2685 3935 2773 3988 καὶ
2829 3935 2904 4008 μή
2937 3932 3218 4009 πρόδηλον
3261 3934 3379 4012 εἶχε
3427 3936 3525 4003 τὴν
3574 3934 3803 4008 φθορὰν,

2151 4028 2268 4087 πῶς
2300 4025 2357 4078 ἂν
2418 4023 2500 4094 εἴη
2538 4023 2848 4098 ἀγένητον;
2911 4025 3104 4100 Τροπή
3164 4025 3267 4100 γὰρ
3316 4029 3456 4078 πᾶσα
3517 4027 3614 4077 τοῦ
3667 4024 3805 4077 κατὰ

2153 4113 2310 4187 φύσιν
2384 4114 2833 4188 προῦπάρχοντος
2901 4114 2990 4168 καὶ
3051 4112 3288 4185 μάλιστα
3353 4119 3452 4181 τῆς
3518 4110 3809 4187 ἆγενησίας

2151 4204 2476 4273 καθέστηκεν
2525 4202 2811 4266 ἔκπτωσις.
2858 4203 2919 4260 Εἰ
2971 4202 3027 4258 δὲ
3075 4204 3140 4271 ἦν
3192 4202 3450 4276 ἀγένητον
3491 4200 3806 4274 ἅνθρωπος,

2154 4298 2294 4355 πῶς,
2328 4293 2431 4348 ὑπὸ
2489 4301 2587 4363 τῆς
2645 4291 2904 4366 γενέσεως
2969 4289 3094 4360 ἤτοι
3148 4298 3248 4359 τῆς
3306 4288 3645 4364 εἱμαρμένης
3720 4285 3808 4342 δι-

389 4384 671 4449 gnuntur,
705 4385 760 4434 et
802 4380 962 4436 flant.
1007 4383 1164 4446 Quod
1211 4391 1404 4436 autem
1451 4385 1827 4449 convertitur,
1871 4386 2042 4439 etiam

2159 4385 2334 4456 ῳκεῖτ’
2363 4383 2412 4419 ’³ο
2451 4381 2507 4436 ἄν
2541 4404 2553 4452 ς
2588 4382 2661 4438 Τὸ
2694 4381 2797 4455 γὰρ
2829 4381 3086 4456 ἀγένητον
3121 4381 3181 4435 οὐ
3224 4377 3393 4434 δεῖταί
3439 4379 3587 4441 τίνος
3630 4377 3808 4432 ἀλλο-

392 4467 442 4520 si
477 4467 617 4522 forte
649 4469 846 4524 minus
882 4470 1051 4524 fuerit
1085 4471 1385 4526 manifesta
1415 4473 1539 4540 ejus
1564 4474 1876 4542 corruptio,
1903 4490 2039 4544 quo-

2151 4471 2303 4544 τρίου
2335 4472 2470 4544 πρὸς
2497 4471 2595 4538 την
2627 4467 2765 4524 ἰδίαν
2799 4470 3072 4526 σύστασιν.

401 4556 574 4610 modo
608 4558 662 4611 id
705 4566 833 4613 ortu
893 4575 1086 4614 carere
1145 4561 1367 4631 possit?
1396 4561 1678 4624 Quoniam
1738 4562 1930 4617 omnis
1992 4563 2237 4618 mutatio
2296 4564 2420 4632 ejus
2472 4562 2619 4631 quod
2680 4566 2851 4615 antea
2908 4578 3015 4615 sua
3069 4565 3278 4615 natura
3335 4559 3673 4625 exsistebat,
3708 4555 3802 4612 vel

395 4648 646 4702 maxime
675 4648 734 4702 in
767 4665 944 4704 causa
993 4667 1120 4705 esse
1163 4651 1329 4718 solet,
1363 4668 1466 4706 cur
1498 4652 1552 4705 id
1588 4660 1714 4707 ortu
1774 4669 1886 4707 non
1948 4658 2124 4709 creat.
2156 4654 2279 4706 Jam
2316 4653 2365 4706 si
2397 4656 2561 4706 ortus
2589 4652 2778 4706 omnis
2809 4668 3013 4722 expers
3047 4651 3246 4706 fuisset
3277 4649 3532 4705 hominis
3564 4653 3800 4714 natura,

395 4739 689 4808 quomodo
721 4756 845 4794 eam
890 4745 988 4796 aut
1028 4741 1252 4812 genesis
1291 4745 1389 4797 aut
1430 4742 1606 4796 fatum
1651 4743 2063 4814 dispensaret?
2091 4743 2232 4798 Nam
2281 4743 2433 4814 quod
2473 4747 2603 4797 ortu
2644 4746 2819 4812 caret,
2855 4743 3094 4798 alterius
3143 4757 3515 4813 nequaquam
3555 4738 3804 4810 indiget,

389 4835 449 4882 ut
482 4827 781 4884 subsistat.

459 4917 514 4972 Si
572 4919 708 4989 quis
763 4924 959 4975 autem
1011 4921 1136 4991 ipsa
1188 4937 1379 4976 rerum
1433 4921 1722 4976 evidentia
1781 4928 2041 4999 coactus,

387 5005 625 5060 forsitan
660 5008 932 5074 fateatur,
973 5015 1097 5063 orta
1124 5009 1358 5079 quidem
1393 5023 1522 5063 esse
1553 5025 1683 5063 cum
1718 5013 2040 5078 terrestria,

386 5098 512 5148 tum
548 5097 817 5165 aquatica
849 5101 904 5150 et
935 5113 1103 5154 aerea
1135 5115 1147 5151 :
1181 5099 1282 5152 sed
1317 5097 1474 5152 illam
1519 5102 1712 5152 tamen
1759 5102 2040 5171 genesim,

385 5199 488 5251 per
527 5200 700 5252 quam
749 5184 869 5238 hzec
911 5184 1306 5255 perficiantur,
1342 5202 1513 5240 cursu
1567 5203 1673 5241 suo
1706 5186 2042 5241 continuam

385 5272 723 5342 quamdam,
767 5281 820 5329 et
874 5279 1038 5329 ortus
1091 5284 1384 5346 eXperlem
1441 5275 1867 5346 corruptionem
1916 5277 2044 5332 otti-

2225 4921 2285 4975 Εἰ
2319 4917 2374 4974 δέ
2406 4941 2488 4982 τις
2523 4920 2625 4974 ὑπὸ
2672 4927 2771 4988 τῆς
2803 4924 2912 4973 τῶν
2960 4919 3319 4995 πραγμάτων,
3357 4917 3639 4993 ἐναργείας
3685 4917 3804 4992 βια-

2153 5009 2381 5081 ζόμενος
2434 5009 2699 5084 ὁμολογεῖ
2743 5011 2945 5084 γενητά
3005 5009 3097 5081 μὲν
3147 5008 3278 5062 εἶναι
3323 5009 3389 5061 τα
3422 5007 3508 5062 ἐπὶ
3559 5013 3662 5080 γῆς
3711 5005 3801 5059 καὶ

2156 5096 2429 5167 θαλάττης
2477 5097 2662 5152 καὶτὰ
2714 5096 2766 5151 ἐν
2794 5099 2932 5171 αέρι,
2981 5099 3078 5164 τήν
3112 5094 3166 5151 δὲ
3215 5100 3386 5151 ταῦτα
3433 5095 3804 5151 ἀποτελοῦσαν

2151 5191 2350 5262 γένεσιν
2383 5189 2688 5265 τρέχουσαν
2723 5184 2939 5256 διηνεκῆ
2975 5188 3144 5264 φορὰν
3187 5188 3225 5222 7‘
3263 5187 3350 5240 καὶ
3404 5184 3665 5260 ἀγένητον
3715 5183 3800 5238 ἐν·

2155 5282 2348 5352 εργεῖν,
2381 5277 2472 5331 καὶ
2520 5277 2830 5350 ἐργάζεσθαι
2859 5276 2927 5330 τὰ
2974 5277 3344 5351 προειρημένα
3392 5275 3565 5329 πάντα
3609 5271 3800 5335 ἁϊδίως

1751 5432 1989 5488 νΑΡιΙίΕ
2028 5433 2444 5490 LECTIONES.

447 5575 494 5646 οξ
523 5572 588 5640 δή
622 5577 667 5628 Α
702 5590 715 5628 :
759 5570 815 5626 δὲ
848 5573 928 5646 ς’.
1003 5575 1050 5611 ⁸³
1081 5575 1353 5631 Schottus
1387 5594 1399 5631 :
1438 5576 1570 5632 libri
1603 5578 1700 5633 ὧν.

1777 5578 1823 5653 ‘_‘
1854 5579 2059 5635 ναὶΑε
2101 5579 2326 5653 καίᾲς.

2247 5579 2306 5604 ρ-

2405 5581 2452 5662 _°5
2499 5580 2790 5662 ἀγέννητον
2841 5584 2917 5662 Αζ
2989 5581 3034 5616 ⁸⁸
3078 5578 3128 5634 ἐν
3247 5597 3276 5662 ιε
3319 5577 3523 5662 thing.“
3585 5579 3627 5662 δῖ
3679 5599 3798 5662 ysl-

375 5643 539 5713 νητὸς
577 5637 644 5687 ὲ-
679 5637 910 5719 γεννηὲὰ
944 5646 1026 5718 ς.
1103 5646 1152 5680 6⁸
1182 5648 1302 5717 τοῦ]
1342 5647 1478 5704 libri
1511 5648 1595 5706 τό,
1674 5649 1722 5683 ⁶⁹
1749 5649 1816 5703 τὰ
1847 5667 1964 5706 om.
1999 5654 2062 5707 Α.
2141 5651 2186 5687 το
2218 5637 2350 5708 libri
2386 5637 2655 5724 διοικὲῑτ’,
2680 5637 2753 5710 ἐι
2783 5637 2959 5726 paulo
2992 5657 3121 5726 post
3163 5651 3292 5707 ἀπὸ.
3368 5650 3414 5687 τί
3439 5637 3667 5726 ’φθορὰν
3693 5637 3796 5724 'g‘.
