4116 6224
287 377 411 440 833

1402 373 1943 436 BIBLIOTHECA.
1986 407 2064 420 —
2109 373 2283 436 COD.
2329 374 2635 436 CCXXIII.

3583 379 3703 438 834

291 510 380 563 καὶ
416 508 701 583 ἀγένητον,
717 507 940 562 αὐτόθεν
964 504 1081 582 ἔχει
1106 506 1198 562 τὸν
1229 502 1581 582 ἔλεγχον.οὐ
1602 504 1703 580 γάρ
1735 504 1857 560 οἷόν
1883 524 1942 560 τε

2063 522 2201 576 cere,
2244 506 2487 579 illaque,
2527 523 2655 579 quae
2698 506 2824 577 jam
2873 507 3151 576 diximus,
3182 509 3378 566 omnia
3423 514 3701 582 perpetuo

290 597 428 653 αὖτά
459 599 556 671 μὲν
590 598 727 652 εἶναι
757 596 958 673 γενητά
985 596 1076 650 καὶ
1108 594 1207 650 οὐκ
1245 592 1412 663 ἀΐδια,
1447 592 1622 649 ἀΐδιον
1656 592 1715 649 δὲ
1763 594 1941 649 αὐτῶν

287 688 389 755 τὴν
440 684 736 757 διοίκησιν.
769 687 848 743 Τᾶ
890 684 995 762 γὰρ
1043 684 1170 739 ὄντα
1220 705 1305 748 τις
1346 688 1636 761 συγκρατεῖ
1683 683 1773 738 καὶ
1807 680 1944 738 διοι-

290 781 394 847 κεῖ,
424 777 493 831 τά
522 773 581 831 ὂὶ
619 775 718 831 οὐκ
747 771 876 830 ὄντα
904 770 1171 849 πρότερον
1208 778 1354 829 ποιεῖ
1408 772 1529 845 μὲν,
1559 774 1671 827 εἶτα
1716 767 1947 848 κυϐερνᾷ

290 866 381 921 καὶ
442 863 686 921 διοικεῖ·
748 865 812 920 οὐ
874 864 982 937 μὴν
1039 864 1146 938 πρὸ
1202 866 1298 919 τοῦ
1328 860 1571 939 γενέσθαι
1614 858 1813 916 διοικεῖ
1853 862 1944 916 καὶ

287 950 523 1030 κυϐερνᾷ
552 956 614 1009 τὰ
653 954 728 1026 μή
761 950 911 1022 ὄντα,
939 953 1055 1008 εἶτα
1086 949 1445 1027 δημιουργεῖ.

2054 600 2111 651 et
2141 595 2268 651 sine
2297 601 2431 652 ortu
2482 597 2728 666 operari,
2762 595 2857 652 hic
2906 602 3131 654 suamet
3179 598 3365 668 ipsius
3414 601 3705 656 sententia

2055 685 2437 756 redarguitur.
2464 685 2587 740 Non
2622 686 2775 741 enim
2810 685 2936 741 fieri
2968 689 3157 755 potest
3188 691 3252 741 ut
3286 686 3402 742 haec
3426 689 3626 743 eadem
3648 694 3702 744 et

2057 778 2182 830 orta
2202 778 2260 831 et
2280 791 2394 831 non
2429 774 2785 846 sempiterna
2808 775 2950 845 sint,
2972 780 3029 832 et
3054 779 3251 831 tamen
3282 778 3702 847 sempiternam

2057 863 2372 944 admittant
2419 864 2940 934 dispensationem.
2976 866 3120 920 Nam
3169 879 3239 920 ea
3287 864 3527 937 quidem
3577 882 3706 938 quae

2057 951 2351 1008 exsistunt
2382 953 2531 1008 tueri
2567 953 2859 1025 quispiam
2882 970 2948 1009 ac
2968 954 3308 1025 dispensare
3331 958 3557 1025 potest:
3583 970 3704 1025 quae

288 1063 427 1104 vero
472 1063 590 1103 non
634 1046 946 1115 exsistunt,
991 1045 1242 1117 primum
1285 1042 1444 1113 facit,
1486 1057 1553 1098 ac
1588 1046 1715 1097 tum
1757 1040 1996 1096 demum
2035 1041 2320 1112 gubernat
2360 1046 2530 1114 atque
2569 1043 2907 1116 dispensat:
2954 1059 3069 1099 non
3111 1048 3306 1100 autem
3352 1045 3533 1115 prius,
3580 1061 3705 1115 quae

289 1152 407 1193 ncn
441 1138 602 1200 sunt,
634 1134 934 1204 dispensat
963 1138 1137 1204 atque
1168 1131 1475 1204 gubernat,
1507 1145 1576 1187 ac
1605 1130 1814 1186 deinde
1845 1129 2047 1184 eadem
2074 1134 2251 1185 creat.

360 1223 573 1295 Γενητά
592 1220 649 1278 δέ
678 1243 813 1302 ιρησι
844 1224 910 1278 τά
938 1226 1188 1295 στοιχεῖα
1227 1222 1318 1275 καὶ
1369 1219 1419 1293 ἐξ
1479 1222 1553 1274 ὧν
1613 1220 1800 1292 ὁρᾶται
1830 1220 1947 1273 καθ’

286 1313 525 1384 ἑκάστην
576 1310 842 1382 ἀλλήλων
903 1307 1135 1383 δεόμενα
1168 1327 1182 1343 ·
1241 1310 1305 1365 τὸ
1372 1308 1477 1385 γὰρ
1537 1307 1799 1383 ἀγένητον
1856 1306 1949 1362 καὶ

286 1402 561 1477 ἄτρεπτον
598 1399 687 1455 καὶ
738 1397 1002 1461 ἀνινδεὲς.
1039 1403 1218 1453 Δεῖται
1271 1394 1329 1452 δὲ
1374 1397 1443 1452 τά
1489 1402 1737 1475 στοιχεῖα
1777 1394 1951 1466 ἀλλή-

284 1492 406 1548 λων
434 1491 527 1546 καὶ
559 1490 635 1553 εἰς
660 1491 725 1545 τὸ
770 1491 899 1563 [344
931 1491 1023 1562 [1.]
1066 1488 1330 1558 σώζεσθαι
1377 1487 1469 1542 καὶ
1517 1487 1593 1549 είς
1634 1488 1696 1543 τὸ
1756 1487 1948 1555 σώζειν

283 1584 355 1638 τὰ
396 1580 448 1637 ἐν
482 1578 669 1642 αὐτοῖς
703 1584 835 1648 ζῶα.
868 1578 926 1632 '0
959 1575 1016 1633 δὲ
1056 1577 1269 1651 κόσμος
1318 1576 1451 1639 ὅλος
1490 1577 1735 1654 γενητὸς,
1770 1574 1819 1645 ἐξ
1869 1577 1944 1629 ὧν

284 1670 380 1728 καὶ
403 1668 649 1730 σύνθεσις
680 1669 891 1742 ὁρᾶται,
926 1665 976 1740 ἐξ
1021 1668 1263 1741 οὐρανοῦ
1310 1664 1402 1721 καὶ
1450 1672 1555 1740 γῆς
1602 1666 1693 1720 καὶ
1750 1665 1858 1719 τῶν
1890 1662 1942 1719 ἓν

292 1759 446 1834 μέσῳ
506 1757 880 1835 συγκείμενος.
913 1755 973 1812 Εἰ
1032 1757 1138 1832 γὰρ
1175 1757 1267 1811 καὶ
1326 1754 1507 1831 ὥσπερ
1576 1752 1861 1828 ὀφθαλμὸς
1906 1754 1941 1822 ἢ

2133 1221 2337 1277 Ortum
2369 1226 2563 1279 autem
2606 1223 2819 1280 habere
2856 1223 3030 1280 etiam
3079 1226 3389 1294 elementa,
3420 1226 3507 1281 vel
3540 1243 3610 1283 cx
3639 1244 3704 1284 eo

2058 1309 2244 1376 docet,
2279 1312 2430 1381 quod
2461 1316 2667 1368 mutuo
2698 1312 2820 1368 haec
2850 1314 3107 1384 quotidie
3136 1313 3400 1371 subsidio
3431 1332 3600 1388 egere
3627 1317 3710 1373 vi-

2058 1396 2319 1455 deamus.
2353 1399 2632 1466 Quoniam
2680 1401 2834 1473 quod
2886 1406 3017 1458 ortu
3057 1406 3232 1473 caret,
3269 1403 3420 1459 idem
3471 1422 3705 1478 quoque

2056 1486 2428 1545 immutabile
2455 1496 2545 1546 est
2574 1495 2633 1545 et
2662 1490 2882 1546 nullius
2912 1491 3204 1563 indigens.
3239 1492 3414 1550 Porro
3445 1494 3705 1567 indigent

2055 1581 2261 1632 mutuo
2292 1576 2599 1648 elementa,
2634 1596 2747 1635 non
2779 1579 2969 1636 solum
3003 1585 3066 1636 ut
3096 1582 3224 1653 ipsa
3252 1588 3575 1653 serventur,
3607 1601 3705 1642 ve-

2055 1679 2184 1720 rum
2241 1667 2418 1722 etiam
2471 1672 2537 1722 ut
2584 1668 2933 1735 animantia,
2988 1684 3109 1741 quae
3161 1670 3220 1725 in
3269 1670 3414 1741 ipsis
3462 1673 3703 1744 degunt,

2054 1764 2417 1811 conservent.
2452 1756 2738 1813 Mundam
2772 1758 2845 1813 ad
2877 1758 2998 1814 haec
3031 1763 3218 1816 totum
3249 1759 3466 1818 habere
3506 1766 3703 1819 ortum

287 1848 508 1928 κεφαλή
553 1852 653 1903 τοῦ
704 1846 904 1903 λοιποῦ
946 1845 1220 1918 σώματος,
1262 1845 1434 1907 οὕτως
1467 1845 1495 1899 ὁ
1546 1845 1776 1917 οὐρανὸς
1832 1848 1940 1899 τῖεν

2063 1848 2291 1913 apparet
2322 1860 2389 1899 ex
2419 1861 2504 1912 eo,
2531 1846 2689 1917 quod
2720 1846 2876 1903 hunc
2904 1850 3465 1919 coagmentationem
3496 1868 3708 1924 quam-

289 1942 578 2011 κοσμικῶν
644 1936 933 2011 στοιχείων
978 1937 1042 1991 τὸ
1085 1936 1443 2009 τιμιώτατον,
1476 1931 1604 1988 ἀλλ’
1638 1931 1731 1988 οὖν
1759 1930 1943 2006 ὥσπερ

289 2027 505 2108 κεφάλὴ
556 2025 645 2081 καὶ
694 2024 1005 2103 ὀφθαλμὸς,
1052 2024 1149 2079 κᾶν
1205 2024 1561 2097 τιμιώτατον,
1615 2023 1945 2095 ὁμοιοπαθεῖ

289 2122 374 2191 τῷ
413 2116 599 2188 λοιπῷ
649 2115 885 2189 σώματι,
935 2112 1078 2168 οὕτω
1133 2114 1225 2168 καὶ
1284 2112 1505 2187 οὐρανὸς
1551 2115 1622 2187 γῇ
1660 2111 1751 2166 καὶ
1791 2108 1944 2165 ὕδατι

295 2206 391 2262 καὶ
447 2204 563 2279 ἀὲρι
621 2204 712 2259 καὶ
758 2208 878 2265 τοῖς
927 2202 979 2257 ἐν
1032 2201 1179 2274 αὐτῷ
1228 2203 1486 2280 φθαρτοῖς
1518 2200 1710 2255 ἅπασιν
1752 2200 1946 2273 ὁμοιο-

296 2295 478 2364 παθὴς
511 2292 773 2372 ὑπάρχων
794 2293 895 2362 τήν
923 2292 1115 2360 κοινὴν
1146 2290 1347 2369 φθορὰν
1380 2289 1442 2344 οὖ
1471 2286 1746 2367 διέφυγεν.
1766 2285 1950 2344 ’Λλλά

295 2384 406 2463 γάρ
436 2388 549 2445 πῶς
596 2383 664 2437 τὰ
720 2379 1072 2454 διοικούμενα
1123 2379 1225 2433 ὑπὸ
1274 2378 1533 2454 γενέσεως
1572 2377 1846 2453 ἀγένητα;
1880 2382 1946 2432 Ἠ

293 2478 419 2536 πῶς
462 2473 528 2528 τὰ
576 2470 651 2534 εἷς
695 2472 759 2526 τὸ
810 2471 947 2525 εἶναι
996 2469 1191 2543 ἑτέρων
1249 2469 1326 2541 μὴ
1359 2465 1615 2536 δεηθέντα
1653 2465 1731 2530 είς
1760 2465 1950 2541 χρείαν

295 2562 472 2631 ἦλθεν
531 2558 831 2634 ἀλλοτρίας
891 2556 1239 2628 διοικήσεως,
1287 2554 1378 2610 καὶ
1424 2556 1630 2626 ταύτης
1676 2554 1777 2610 οὐκ
1825 2554 1951 2629 ἀγα-

296 2653 442 2721 θῆς;
476 2647 540 2706 Τί
589 2646 646 2704 δὲ
692 2648 801 2703 ἀπὸ
846 2650 944 2703 τοῦ
984 2644 1306 2701 διοικεῖσθαι
1356 2649 1601 2720 κρεῖττον
1639 2640 1744 2713 ’ἐξει
1775 2663 1949 2719 προσ-

298 2740 471 2808 ούσης
506 2737 692 2800 αὐτοῖς
739 2735 1068 2813 ἀγενησίας;
1102 2734 1297 2793 Καίτοι
1325 2734 1505 2809 τροπή
1546 2739 1691 2789 πάσα
1740 2732 1950 2810 φύσεως

300 2829 573 2907 ἀγενήτου
630 2827 806 2906 φθορά
851 2826 944 2881 καὶ
1010 2820 1255 2888 ἔκστασις
1314 2824 1503 2887 οὐσίας
1554 2822 1816 2898 ἀνάρχου.
1856 2823 1952 2877 Καὶ

294 2922 418 2979 πῶς
466 2917 664 2990 ἤνεγκε
703 2915 771 2971 τά
807 2914 1041 2990 ἀγένητα
1088 2914 1192 2969 ὕπὸ
1240 2912 1501 2991 γενέσεως
1535 2912 1583 2948 ⁷³
1632 2909 1950 2967 διοικεῖσθαι

297 3007 402 3063 οὐκ
431 3005 525 3061 ἐπὶ
568 3006 631 3061 τὸ
674 3006 915 3069 σωθῆναι
945 3005 992 3040 ⁷³
1031 3002 1212 3064 αὐτοῖς
1265 3003 1329 3058 τὸ
1382 3001 1661 3079 ἀγένητον,
1706 3000 1833 3057 ἀλλ’
1865 3000 1950 3056 ἐπὶ

297 3096 364 3151 τὸ
396 3094 748 3173 φυλαχθῆναι
778 3112 791 3163 ;
826 3092 889 3147 Εἰ
940 3090 997 3147 δέ
1025 3113 1108 3155 τις
1140 3092 1404 3169 ἀγένητον
1444 3089 1600 3167 λέγοι
1640 3091 1823 3147 αὐτῶν
1849 3093 1949 3160 τὴν

2056 1931 2191 1986 dam
2219 1948 2348 1988 esse
2379 1934 2758 2005 percipimus,
2780 1952 2813 1992 e
2840 1936 3002 2003 ccelo,
3031 1944 3202 2005 terra,
3234 1954 3552 2012 eorumque
3580 1959 3706 2013 qua

2055 2022 2115 2075 in
2165 2021 2376 2077 borum
2429 2024 2624 2078 medio
2673 2028 2811 2080 sunt
2857 2030 3247 2083 constantem.
3280 2029 3345 2083 Et
3374 2045 3509 2086 vero
3538 2031 3610 2097 si,
3640 2035 3708 2087 ut

2056 2109 2266 2167 oculus
2295 2110 2385 2166 vel
2417 2115 2592 2182 caput
2622 2112 2679 2168 in
2721 2112 2946 2185 reliquo
2999 2131 3258 2186 corpore,
3290 2118 3374 2173 sic
3405 2123 3463 2174 et
3491 2118 3704 2176 omium

2055 2198 2208 2254 inter
2228 2200 2435 2255 mundi
2463 2206 2660 2272 partes
2683 2202 3706 2279 dignissimum:omnino,quemad-

2057 2288 2296 2346 modum
2327 2298 2498 2360 caput
2520 2295 2579 2346 et
2601 2292 2825 2359 oculus,
2846 2293 2964 2349 etsi
2980 2293 3327 2367 dignissima
3349 2313 3462 2361 prae
3483 2299 3710 2356 caeteris

2059 2377 2339 2446 membra,
2365 2378 2573 2436 iisdem
2593 2396 2727 2435 cum
2747 2379 2967 2453 reliquo
2989 2399 3225 2455 corpore
3248 2387 3710 2456 permotionibus

2059 2466 2474 2538 subjiciuntur,
2490 2468 2574 2524 sic
2597 2468 2772 2526 etiam
2791 2470 3001 2527 coelum
3024 2474 3206 2543 (quod
3228 2473 3431 2530 iisdem
3457 2478 3710 2534 motibus

2060 2571 2194 2611 cum
2225 2560 2400 2626 terra,
2433 2558 2620 2614 209b
2670 2575 2841 2630 aqua,
2894 2575 3046 2629 aere,
3099 2566 3155 2617 et
3186 2562 3461 2619 omnibus
3492 2580 3616 2635 quae
3647 2566 3707 2621 in

2060 2659 2127 2701 eo
2152 2650 2294 2701 sunt
2324 2646 2806 2716 corruptibilibus
2836 2648 3151 2705 obnoxium
3184 2652 3298 2721 est)
3330 2667 3705 2710 communem

2061 2748 2431 2804 nequaquam
2454 2733 2660 2804 cli‘ugit
2680 2736 3111 2807 corruptionem
3129 2753 3143 2791 :
3159 2737 3374 2794 etenim
3393 2741 3709 2810 quomodo,

2064 2836 2188 2892 quae
2209 2838 2242 2876 a
2263 2820 2496 2889 genesis
2525 2821 2959 2894 dispensatione
2991 2824 3263 2895 pendent,
3290 2832 3419 2882 ortu
3452 2836 3708 2900 careant,

2061 2909 2149 2967 vel
2176 2910 2469 2982 quomodo
2501 2928 2631 2982 quae
2661 2910 2736 2967 ad
2767 2913 3164 2969 exsistendum
3191 2914 3435 2972 aliorum
3472 2933 3585 2973 non
3618 2919 3712 2973 in-

2065 2998 2389 3070 diguerunt,
2442 3000 2561 3070 iam
2611 2998 2836 3070 aliena,
2875 3006 2930 3057 et
2978 3001 3209 3071 quidem
3255 3019 3370 3059 non
3420 3003 3580 3061 bonis
3625 3006 3714 3062 di-

2065 3088 2458 3159 spensationis
2506 3094 2806 3161 cmperunt
2834 3090 3094 3164 indigere
3114 3090 3142 3146 ?
3167 3092 3314 3155 Quid
3347 3109 3476 3150 vero
3505 3110 3574 3150 ex
3603 3095 3715 3152 hac

295 3186 538 3257 τροπὴν,
566 3184 630 3239 τὸ
659 3181 873 3238 πάντων
905 3178 1306 3255 ἀδυνατώτερον
1338 3180 1544 3255 εἰσάγει
1584 3197 1599 3210 ·
1629 3181 1808 3253 τροπή
1850 3179 1950 3255 γάρ

2064 3177 2500 3249 dispensatione
2556 3180 2941 3236 emolumenti
2990 3180 3239 3252 capient,
3279 3181 3328 3238 si
3369 3181 3496 3254 jam
3544 3188 3715 3241 antea

293 3275 477 3337 πάθος
509 3273 652 3328 ἐστὶν
685 3272 1023 3347 ἀρχόμενον,
1053 3272 1146 3326 καὶ
1207 3269 1306 3325 οὐκ
1362 3267 1422 3325 ἂν
1450 3290 1532 3331 τις
1564 3269 1709 3324 εἴποι
1738 3269 1950 3343 τροπὴν

296 3363 567 3440 ἄναρχον.
599 3361 703 3419 Καὶ
759 3360 1043 3436 συντόμως
1093 3360 1288 3429 εἰπεῖν,
1343 3363 1451 3414 τῶν
1532 3357 1822 3434 στοιχείων
1864 3356 1956 3413 καὶ

298 3458 409 3509 τῶν
465 3452 517 3525 ἐξ
577 3454 754 3507 αὐτῶν
815 3451 971 3521 ζώων
1039 3470 1099 3506 τε
1144 3449 1234 3504 καὶ
1286 3449 1556 3522 σωμάτων
1613 3450 1647 3518 ἠ
1681 3449 1956 3527 πάνσοφος

295 3544 507 3617 τροπὴ,
552 3541 641 3596 καὶ
690 3546 800 3596 τῶν
867 3538 1173 3619 σχημάτων
1212 3537 1303 3593 καὶ
1355 3538 1668 3613 χρωμάτων
1717 3538 1807 3593 καὶ
1849 3542 1958 3592 τῶν

299 3632 495 3688 ἄλλων
520 3633 836 3701 ποιοτήτων
870 3631 905 3699 ἡ
935 3627 1167 3699 ποικίλη
1203 3627 1439 3706 διαφορά
1472 3627 1639 3700 μόνον
1669 3624 1799 3701 οὐχὶ
1841 3647 1955 3703 9w-

294 3724 396 3792 νὴν
434 3720 629 3800 ἀφίησι
688 3721 829 3793 μήτε
869 3717 1126 3794 ἀγένητον
1167 3718 1307 3791 μήτε
1352 3715 1661 3788 αὐτόματον
1708 3715 1954 3787 νομίζειν

290 3813 390 3867 τὸν
450 3810 685 3882 κόσμον,
717 3809 848 3881 μήτ’
894 3806 960 3863 αὖ
1024 3805 1387 3883 ἀπρονόητον,
1421 3807 1549 3878 [665
1580 3806 1670 3877 R.]
1711 3803 1839 3859 Θεὸν
1902 3800 1958 3857 δὲ

300 3899 488 3963 αὐτοῖς
521 3898 610 3954 καὶ
641 3897 702 3953 τὸ
734 3897 872 3952 εἶναι
903 3897 994 3950 καὶ
1038 3896 1102 3951 τὸ
1141 3892 1198 3949 εὖ
1229 3894 1368 3949 εἶναι
1414 3892 1835 3969 παρασχόμενον
1870 3911 1955 3946 σα-

303 3994 422 4068 φῶς
454 3986 654 4044 εἰδέναι
694 3987 783 4042 καὶ
815 3983 1150 4047 ἆόιστάκτως
1191 3982 1526 4039 ἐπίστασθαι.

2064 3270 2190 3323 ortu
2223 3268 2547 3324 carebant?
2574 3268 2779 3325 Omnis
2810 3268 3027 3342 quippe
3055 3274 3272 3326 naturae
3304 3277 3433 3327 ortu
3464 3273 3717 3330 carentis

2068 3356 2334 3426 mutatio,
2369 3358 2665 3430 corruptio
2690 3363 2796 3427 est,
2829 3362 3003 3431 atque
3050 3359 3292 3417 amissio
3331 3360 3493 3418 illius
3536 3364 3716 3420 exsis-

2068 3448 2279 3516 tentiaa,
2302 3463 2430 3519 qum
2455 3448 2741 3520 principio
2763 3448 3016 3505 carebat.
3040 3448 3339 3513 Quomodo
3361 3451 3500 3507 item
3521 3454 3718 3525 posuit

2066 3552 2136 3591 ea
2155 3552 2287 3608 qua
2307 3541 2436 3592 ortu
2456 3537 2713 3593 carentia
2734 3538 2963 3606 genesis
2985 3537 3425 3611 dispensatione
3445 3544 3713 3613 pendere,

2068 3640 2184 3680 non
2216 3628 2283 3679 ut
2311 3622 2394 3680 eis
2425 3624 2681 3680 donetur
2709 3623 2810 3680 illa
2838 3629 3004 3682 ortus
3034 3641 3241 3698 expers
3273 3636 3499 3696 natura,
3526 3630 3631 3686 sed
3655 3634 3721 3686 ut

2067 3717 2439 3769 conservetur
2468 3713 2819 3784 [duntaxat].
2853 3714 2909 3768 Si
2944 3714 3077 3785 quis
3107 3732 3243 3772 vero
3274 3717 3484 3773 dixerit
3513 3733 3716 3773 eorum

2068 3802 2450 3859 mutationem
2499 3807 2632 3858 ortu
2680 3819 2895 3873 carere,
2939 3803 3114 3858 etiam
3164 3804 3273 3860 hoc
3322 3804 3517 3874 infert,
3562 3807 3718 3878 quod

2068 3892 2311 3951 minime
2366 3892 2631 3949 omnium
2661 3892 2784 3949 ﬁeri
2817 3897 3031 3965 potest.
3062 3895 3306 3950 Mutatio
3350 3895 3507 3951 enim
3555 3896 3719 3965 ejus-

2070 3982 2225 4038 modi
2258 3983 2525 4053 qumdam
2559 3982 2791 4040 affectio
2821 3986 2929 4049 est,
2964 3998 3091 4055 qum
3142 3983 3499 4056 principium
3544 3985 3721 4042 habet

296 4088 357 4139 et
386 4080 592 4138 nullus
642 4093 910 4151 unquam
958 4077 1164 4133 dixerit
1214 4076 1602 4131 mutationem
1652 4089 1781 4130 esse
1829 4071 1957 4128 sine
2000 4069 2313 4145 principio.
2345 4072 2642 4142 Quinimo,
2674 4075 2738 4127 ut
2769 4071 3018 4128 breviter
3063 4073 3278 4142 dicam,
3307 4078 3363 4131 et
3403 4072 3716 4132 elemento-

298 4188 456 4239 rum,
504 4174 563 4226 et
601 4185 729 4240 qua
785 4167 926 4237 ipsis
972 4168 1119 4223 {lunt
1174 4183 1305 4223 cum
1365 4163 1779 4230 animantium,
1812 4166 1940 4219 tum
1981 4176 2290 4232 corporum
2344 4160 2785 4233 sapientissimo
2843 4165 3107 4230 mutatio,
3138 4164 3459 4235 ﬁgurarum
3490 4166 3560 4221 ad
3593 4164 3715 4222 haec

303 4267 482 4335 atque
515 4258 797 4325 colorum,
830 4260 888 4313 et
916 4255 1274 4327 reliquarum
1328 4253 1681 4325 qualitatum
1740 4250 1898 4308 varia
1948 4250 2295 4321 differentia,
2337 4254 2560 4306 tantum
2619 4268 2736 4311 non
2785 4251 3020 4319 clamat,
3053 4268 3125 4309 ne
3182 4260 3280 4308 aut
3330 4257 3462 4310 ortu
3515 4269 3710 4311 carere

299 4350 621 4415 mundum,
654 4353 752 4402 aut
782 4351 1001 4402 naturae
1058 4348 1269 4416 sponte
1317 4342 1595 4399 exsistere
1649 4345 1823 4413 atque
1853 4340 1980 4396 sine
2009 4338 2374 4412 providentia
2402 4355 2529 4398 esse
2559 4345 2851 4412 putemus,
2884 4342 2985 4397 sed
3039 4341 3184 4398 illud
3235 4342 3387 4399 clare
3429 4343 3710 4417 sciamus,

298 4448 352 4498 et
382 4438 716 4496 indubitate
748 4441 1056 4493 teneamus
1086 4440 1272 4491 Deum
1302 4432 1462 4490 hisce
1491 4429 1766 4488 omnibus
1796 4433 1850 4486 et
1881 4444 2033 4500 esse,
2064 4438 2121 4484 et
2150 4427 2298 4485 bene
2327 4445 2455 4486 csse
2487 4431 2706 4503 largiri.

370 4526 532 4603 Τάχα
578 4523 636 4581 δὲ
679 4526 879 4602 γενητά
927 4524 1021 4599 μὲν
1079 4521 1148 4578 τά
1192 4518 1339 4578 ἄλλα
1394 4522 1658 4600 φήσουσι,
1694 4517 1863 4593 μόνην
1897 4514 1950 4573 δὲ

2135 4518 2344 4576 Verum
2377 4518 2520 4576 illud
2553 4520 2797 4578 forsitan
2829 4521 3062 4589 dicent;
3100 4524 3304 4579 caetera
3349 4523 3582 4597 quidem
3613 4540 3713 4581 or-

293 4621 399 4688 τήν
457 4620 567 4671 τῶν
627 4612 837 4689 ἄστρων
895 4614 1054 4692 φύσιν
1100 4612 1191 4668 καὶ
1244 4610 1387 4667 θέσιν
1448 4609 1730 4685 ἀγένητον.
1777 4605 1953 4665 Ἀλλά

293 4709 521 4781 πρῶτον
549 4704 642 4777 μὶν
667 4704 818 4765 τίνος
854 4702 923 4771 ἦν
954 4704 990 4771 ἡ
1038 4702 1246 4778 γένεσις
1290 4699 1416 4775 πρὶν
1459 4699 1703 4777 γενεσθαι
1751 4700 1951 4765 ταῦτας

299 4794 394 4859 Τίς
428 4791 488 4849 δὲ
536 4793 566 4848 ὁ
599 4792 667 4848 τά
708 4795 961 4866 στοιχεῖα
1008 4788 1467 4866 δημιουργήσας;
1502 4788 1571 4844 Ἠ
1610 4782 1795 4863 ἕτερος
1857 4786 1953 4858 μὲν

299 4882 511 4951 οὐδεὶς,
544 4881 680 4938 αὖτά
727 4878 785 4936 δὲ
824 4880 1006 4939 ἑαυτά.
1032 4879 1109 4938 Τὸ
1157 4876 1216 4934 δὲ
1264 4879 1528 4954 ἀγένητον
1575 4873 1699 4932 οὔτε
1737 4877 1954 4952 τροπὴν

301 4973 619 5050 αΰθαίρετον
676 4970 738 5026 ἂν
801 4968 1068 5041 ὑποσταίη
1109 4968 1158 5006 ⁷⁸
1182 4988 1196 5003 ο
1248 4973 1378 5024 πᾶσι
1414 4969 1509 5042 μὶν
1537 4968 1642 5045 γὰρ
1682 4965 1844 5046 φίλον
1892 4966 1954 5022 τὸ

301 5063 438 5120 κάτά
495 5063 677 5143 φύσιν,
730 5058 970 5135 μάλιστα
1029 5056 1088 5114 δὲ
1143 5062 1212 5133 τῇ
1271 5059 1512 5135 ἀγενήτῳ
1569 5056 1724 5137 φύσει
1757 5073 1771 5088 ·
1833 5053 1956 5111 οὔτε

306 5157 390 5235 ὑφ’
433 5154 627 5230 ἑτέρου
662 5154 737 5225 μὴ
794 5149 1133 5228 βουλόμενον
1184 5149 1395 5206 πάθοι·
1427 5144 1686 5235 ἀϐίαστον
1731 5148 1836 5223 γάρ
1890 5146 1954 5235 το

302 5230 570 5319 κρεῖττον,
600 5245 846 5317 κρεῖττον
881 5237 940 5295 δὶ
986 5239 1248 5316 ἀγενήτου
1291 5237 1477 5301 οὐσίας
1527 5234 1702 5294 οὐδὲν.
1747 5239 1874 5297 Πῶς
1908 5230 1955 5289 δ’

304 5331 362 5389 ἂν
388 5332 455 5390 τά
486 5327 722 5406 μηδαμῆ
750 5327 1026 5404 μηδαμῶς
1057 5329 1299 5407 γένοιντο
1330 5325 1464 5408 δίχα
1489 5330 1589 5384 τοῦ
1619 5328 1953 5395 ποιοῦντοςς

306 5428 427 5487 Πῶς
467 5419 529 5478 δὲ
567 5421 663 5477 τὸν
713 5419 845 5476 Θεὸν
900 5420 1103 5491 ταύτην
1148 5419 1248 5490 τήν
1281 5417 1440 5493 ἰσχὺν
1474 5417 1825 5495 ἀφαιροῦντες
1856 5413 1957 5469 αὐ-

304 5519 417 5576 τοῖς
474 5510 641 5567 ἑαυτὰ
698 5509 964 5587 προάγειν
1024 5507 1084 5564 ἐκ
1144 5509 1220 5582 μὴ
1280 5503 1449 5562 ὄντων
1478 5505 1837 5582 περιάπτουσι
1892 5502 1956 5557 τὸ

2065 4611 2192 4665 tum
2217 4608 2433 4666 habere
2462 4610 2678 4680 omnia,
2712 4611 2813 4667 sed
2845 4610 3032 4667 solam
3065 4610 3366 4669 stellarum
3398 4613 3520 4670 sive
3550 4617 3716 4670 natu-

2064 4716 2211 4769 ram,
2235 4698 2354 4756 sive
2376 4698 2718 4772 positionem
2749 4704 2881 4756 ortu
2911 4715 3126 4757 carere.
3150 4703 3222 4756 At
3253 4702 3480 4773 primo:
3508 4705 3713 4773 cujus-

2067 4805 2198 4845 nam
2214 4789 2291 4845 sit
2307 4789 2539 4861 genesis
2554 4789 2675 4860 illa,
2693 4789 3029 4862 priusquam
3044 4789 3267 4862 aliquid
3283 4792 3495 4849 factum
3521 4794 3714 4849 esset?

2065 4878 2209 4945 Quis
2238 4894 2374 4935 vero
2406 4878 2690 4937 elementa
2741 4882 3037 4937 creasset?
3063 4896 3138 4935 an
3187 4880 3336 4935 alius
3384 4896 3574 4948 nemo,
3607 4882 3710 4937 sed

2066 4968 2190 5024 haec
2258 4968 2432 5039 ipsa?
2486 4969 2702 5026 Verum
2758 4970 2914 5042 quod
2980 4971 3112 5025 ortu
3172 4973 3349 5038 creat,
3409 4985 3712 5042 nunquam

2066 5063 2276 5130 sponte
2306 5074 2414 5114 sua
2458 5059 2839 5114 mutationem
2893 5057 3073 5116 ullam
3124 5059 3348 5115 subeat.
3383 5058 3530 5117 Nam
3577 5076 3711 5116 cum

2065 5147 2343 5203 omnibus
2375 5145 2519 5202 illud
2551 5151 2784 5219 gratum
2815 5161 2944 5202 esse
2988 5145 3156 5214 solet,
3189 5145 3344 5217 quod
3393 5146 3713 5203 secundum

2066 5234 2193 5305 ejus
2242 5237 2506 5290 naturam
2555 5236 2667 5303 est,
2700 5236 2827 5288 tum
2868 5232 2953 5289 illi
2992 5234 3249 5290 maxime
3296 5237 3540 5301 nature,
3589 5249 3714 5305 quas

2065 5327 2195 5378 ortu
2228 5326 2441 5379 careat.
2474 5321 2670 5393 Neque
2701 5336 2834 5377 vero
2867 5320 3011 5388 haec,
3042 5321 3094 5378 si
3125 5321 3290 5389 nolit,
3323 5321 3396 5378 ab
3427 5322 3541 5378 alio
3572 5337 3716 5393 quo-

2066 5411 2221 5485 piam
2255 5410 2376 5482 pati
2408 5426 2499 5467 res
2531 5409 2649 5467 ulla
2682 5409 2887 5483 possit.
2920 5411 3206 5478 Quoniam
3261 5411 3414 5484 quod
3462 5409 3717 5468 validius

2066 5505 2176 5571 est,
2207 5500 2262 5556 vi
2293 5500 2455 5556 nulla
2486 5499 2753 5571 {minore]
2784 5500 2910 5573 cogi
2945 5505 3136 5572 queat,
3172 5506 3230 5558 et
3258 5517 3401 5559 sane
3435 5499 3582 5557 nihil
3614 5499 3715 5556 illa

1671 5622 1909 5681 VARUE
1953 5616 2358 5679 LECTIONES.

388 5720 427 5755 ⁷³
448 5717 585 5775 libri
617 5718 941 5790 γεννήσεως,
1021 5717 1064 5752 ’ίδ
1094 5714 1362 5787 σωθῆναι]
1396 5710 1621 5784 δοθῆναι
1650 5713 1951 5772 Sobottus.
2028 5710 2075 5747 ⁷⁴
2107 5708 2168 5763 ἂν
2200 5704 2466 5776 ὑποσταίη
2511 5710 2554 5763 Α
2590 5723 2604 5761 :
2641 5706 2920 5764 ὓποσταίει
2955 5709 3036 5783 ς’.
