4184 6212
354 386 471 443 835

1556 377 1819 438 PHOTll
1868 374 2103 434 PATRI
2113 375 2397 437 ΑΗΟΗᾹ
2439 376 2555 437 GP.

3640 381 3763 444 836

356 524 566 573 natura
584 515 853 579 validius,
876 527 1003 583 quas
1025 517 1212 565 ortum
1239 509 1469 566 nullum
1494 509 1688 567 habet.
1708 508 2001 573 Quomodo

2120 506 2359 579 κράτοςς
2393 508 2456 564 Εἰ
2516 507 2573 563 δέ
2617 508 2707 563 καὶ
2768 506 2902 563 αύτά
2948 514 3281 583 προαγαγεῖν
3344 508 3563 583 ἴσχυσεν
3607 510 3775 567 ἰαυτά

355 608 519 676 item,
553 622 675 677 quas
726 601 886 660 nullo
940 616 1180 672 prorsus
1230 599 1405 655 modo
1454 604 1615 665 sunt,
1647 599 1774 655 sine
1800 598 2006 670 opiﬁce

356 698 479 752 fieri
494 695 758 767 possint?
771 696 871 747 aut
889 691 1180 762 quomodo
1200 689 1315 745 Deo
1340 689 1491 745 banc
1511 689 1625 744 vim
1649 689 2003 752 auferentes,

353 784 465 841 sibi
496 783 787 839 vindicare
838 780 1172 836 facultatem
1223 795 1351 835 eam
1401 783 1665 849 possunt,
1699 782 1763 833 ut
1807 776 2000 849 seipsa

353 874 698 946 producant,
731 887 857 942 quae
888 877 1056 926 antea
1079 885 1191 924 non
1232 867 1627 924 exsistebant?
1655 867 1715 922 Si
1745 882 1876 923 vero
1907 882 1999 921 se-

352 962 603 1034 metipsa
656 962 973 1031 producere
1020 961 1339 1030 potuerunt
1386 958 1526 1029 quin
1556 956 1696 1012 item
1729 973 1762 1011 a
1791 956 2000 1025 seipsis

351 1050 731 1123 dispensandi
763 1050 855 1105 sui
888 1048 1217 1104 facultatem
1269 1050 1639 1118 acceperunt,
1674 1046 1775 1101 sed
1807 1045 2000 1101 aliena

352 1158 489 1197 cura
520 1156 667 1211 opus
701 1139 1079 1194 habuerunt?
1110 1136 1286 1191 Multo
1319 1137 1477 1191 enim
1511 1136 1663 1191 factu
1696 1135 1998 1189 difficilius

350 1238 457 1299 est,
489 1231 738 1301 primum
771 1227 993 1299 aliquid
1031 1226 1173 1291 fieri,
1204 1241 1378 1295 quam
1413 1228 1722 1295 postquam
1774 1224 1995 1278 factum

351 1320 524 1376 fuerit
554 1332 913 1390 permanere.
938 1315 1232 1382 Quomodo
1254 1316 1431 1387 igitur
1452 1315 1606 1386 quod
1640 1322 1757 1368 erat
1789 1312 1997 1368 diffici-

347 1408 461 1465 lius
492 1408 546 1481 [a
575 1423 703 1464 sese
756 1406 1135 1475 babuerunt,]
1169 1405 1319 1475 quod
1354 1411 1545 1461 autem
1597 1402 1842 1468 facilius,
1878 1417 1993 1457 non

348 1498 649 1561 haberent,
700 1496 809 1551 nisi
866 1495 937 1550 ab
988 1495 1100 1550 alio
1150 1493 1559 1564 accepissent?
1589 1493 1655 1547 Et
1703 1490 1995 1562 quomodo

346 1588 575 1660 genesis
605 1589 847 1652 terram,
879 1600 1093 1650 aerem,
1126 1591 1178 1637 et
1210 1582 1325 1637 alia
1374 1598 1498 1652 quae
1544 1597 1655 1636 non
1689 1580 1842 1647 fecit,
1874 1580 1997 1634 dis-

350 1679 576 1747 pensat.
607 1674 935 1729 Conditoris
982 1672 1140 1728 enim
1191 1687 1405 1727 munus
1434 1674 1524 1725 est
1552 1670 1724 1725 etiam
1759 1668 1995 1739 dispen-

349 1765 519 1832 satio,
544 1779 675 1819 cum
707 1780 823 1819 non
856 1762 1045 1818 solum
1078 1762 1333 1817 omnium
1366 1777 1491 1833 quae
1514 1760 1583 1815 ab
1606 1760 1731 1830 ipso
1763 1759 1995 1815 condita

350 1830 785 1910 suntnaluram
822 1851 998 1917 norit,
1029 1865 1229 1906 verum
1262 1830 1437 1904 etiam
1470 1864 1595 1919 quas
1628 1846 1997 1918 potissimum
2033 1830 2079 1894 Β

349 1944 573 1999 ratione
593 1940 1018 2009 conservari,et
1050 1940 1204 1995 unde
1247 1954 1449 1995 rursus
1490 1938 1681 1995 πιθα
1718 1934 2000 1991 confundi

352 2039 590 2104 queant,
623 2037 797 2102 atque
827 2029 1143 2100 corrumpi.
1171 2029 1229 2084 Si
1262 2028 1361 2101 qui
1396 2043 1566 2100 porro
1598 2026 1870 2092 audeant,
1894 2023 2002 2079 ele-

356 2129 688 2178 mentorum
722 2134 952 2189 quoque
981 2118 1330 2176 creationem
1360 2118 1474 2172 fato
1506 2115 1777 2181 tribuere,
1802 2113 2002 2169 dicant

357 2210 529 2265 velim
565 2208 755 2274 nobis,
787 2207 1099 2279 qualenam
1132 2212 1378 2273 astrum,
1410 2207 1482 2261 ad
1512 2222 1683 2261 suum
1718 2204 1776 2259 in
1807 2203 2002 2259 zodia-

354 2314 487 2354 cum
521 2297 808 2354 circulum
841 2296 1187 2368 ingressum,
1212 2301 1422 2353 terram
1457 2293 1801 2367 perfecerit?
1822 2292 2001 2356 Quale

355 2389 533 2443 etiam
581 2403 793 2456 aerem,
844 2386 933 2442 vel
982 2386 1203 2459 ignem,
1256 2384 1341 2441 vel
1391 2385 1650 2455 aquam?
1677 2384 1893 2437 Verum
1943 2383 1998 2437 id

356 2492 659 2548 nunquam
683 2476 955 2545 dixerint,
978 2474 1210 2533 etiamsi
1242 2475 1491 2529 maxime
1515 2473 1768 2545 amplius
1791 2471 2000 2544 nugari

354 2568 551 2626 velint.
587 2569 867 2623 Praeterea
898 2567 970 2638 si,
1003 2569 1155 2640 quod
1192 2567 1329 2621 facit
1376 2565 1623 2638 genesis,
1658 2581 1773 2621 non
1818 2563 2000 2619 semel

350 2658 501 2727 facit,
554 2658 654 2713 sed
700 2658 905 2713 eadem
954 2658 1173 2728 sacpius
1221 2660 1352 2726 post
1398 2660 1723 2726 temporum
1777 2652 2003 2723 aliquot

350 2746 643 2804 curricula
696 2746 924 2818 repetit,
958 2746 1270 2801 ostendant
1319 2744 1485 2800 nobis
1512 2743 1725 2815 saepius
1754 2759 1885 2799 esse
1916 2742 2000 2797 fa-

349 2844 470 2894 ctas
503 2836 718 2892 multas
750 2836 1005 2907 integras
1036 2841 1241 2905 terras,
1268 2834 1481 2890 multas
1505 2835 1761 2905 integras
1792 2848 1998 2903 aquas,

351 2926 534 2982 multa
565 2926 793 2997 integra
824 2925 1025 2993 maria,
1057 2925 1212 2979 unde
1241 2924 1415 2979 etiam
1449 2927 1701 2979 mundos
1734 2921 2001 2978 infinitos

349 3016 725 3071 constituant.
759 3017 839 3070 Ac
867 3014 1366 3086 quemadmodum
1398 3013 1506 3068 hoc
1552 3012 1677 3069 fieri
1728 3029 1841 3067 non
1888 3028 1999 3085 p0-

349 3110 481 3173 test,
510 3105 588 3159 ita
620 3120 725 3161 nec
757 3104 923 3173 illud,
959 3108 1023 3159 ut
1052 3103 1141 3158 vel
1197 3101 1376 3159 semel
1427 3101 1655 3174 genesis
1684 3117 1864 3157 unum
1894 3100 1998 3156 ali-

351 3194 509 3264 quod
567 3194 918 3249 elementum
972 3192 1331 3264 produxerit.
1383 3192 1512 3247 Jam
1563 3192 1613 3246 si
1658 3191 1728 3245 de
1776 3190 2002 3246 insania

351 3282 410 3337 in
444 3282 736 3338 insaniam
768 3281 1126 3342 delabentes,
1160 3299 1190 3336 a
1224 3280 1338 3336 Deo
1369 3279 1597 3351 quidem
1649 3284 1839 3336 creata
1878 3294 2004 3336 esse

352 3370 603 3427 dixerint
632 3370 941 3436 elementa,
963 3387 1163 3427 verum
1197 3370 1317 3425 haec
1348 3367 1420 3424 ab
1441 3386 1507 3425 ea
1528 3368 1727 3440 genesi
1761 3368 2002 3439 dispen-

354 3461 490 3530 sari,
525 3478 653 3531 quis
704 3476 864 3532 teque
914 3477 980 3516 ac
1027 3461 1183 3516 Deus
1239 3459 1365 3531 ipse
1422 3463 1587 3514 ortus
1643 3474 1844 3528 expers
1903 3460 2001 3524 sit,

353 3550 539 3606 multo
570 3551 743 3605 etiam
778 3551 1149 3606 manifestius
1172 3548 1488 3605 amentiam
1517 3564 1684 3604 suam
1718 3548 1996 3619 produnt.

350 3642 641 3706 Quorsum
675 3639 831 3694 enim
865 3639 1021 3695 Deus
1052 3639 1316 3694 ordinem
1350 3636 1573 3692 nullum
1617 3637 1870 3692 servanti
1903 3652 2005 3707 ge-

348 3730 476 3784 nesi
522 3733 781 3784 creatum
812 3746 843 3783 a
872 3745 934 3785 se
982 3744 1130 3800 opus
1178 3726 1500 3797 subjiciat?
1536 3728 1622 3780 An
1674 3726 1829 3797 quod
1875 3742 2001 3781 eam

350 3818 475 3889 ipse
506 3818 853 3891 sapientiam
890 3834 1005 3873 non
1039 3818 1268 3884 habeat,
1302 3833 1419 3887 qua
1445 3815 1530 3871 illi
1562 3816 1904 3887 provideat?
1930 3818 2004 3870 At

352 3907 483 3977 quis
517 3908 665 3963 hanc
712 3907 913 3963 tulerit
950 3906 1431 3978 blasphemiam?
1460 3904 1593 3977 quis
1642 3904 2005 3959 amentiam?

352 3997 585 4052 creandi
612 3996 849 4068 quidem
875 3995 1193 4066 potentiam
1219 3995 1433 4050 habere
1453 3994 1660 4061 Deum,
1685 3994 2002 4065 providen-

353 4084 441 4140 tiae
490 4102 606 4143 non
658 4085 873 4141 habere
916 4089 1163 4153 tantum,
1198 4087 1480 4155 quantum
1533 4082 1864 4139 inordinata
1904 4082 2003 4137 illa

350 4176 581 4246 genesis
614 4175 725 4230 sibi
758 4175 1065 4247 rapuerit?
1085 4174 1232 4241 Quin
1257 4177 1312 4229 et
1333 4173 1628 4229 inﬁnitum
1654 4178 1863 4245 praeter
1882 4172 2002 4228 haec

352 4268 743 4326 absurdorum
778 4281 1016 4321 examen
1047 4263 1438 4335 consequitur.
1458 4263 1673 4319 Verum
1703 4262 1772 4332 si,
1797 4279 2001 4333 quem-

347 4356 670 4415 admodum
704 4354 962 4409 bonitate
991 4369 1097 4409 sua
1139 4354 1477 4424 [creaturas]
1527 4353 1662 4410 fecit
1710 4354 1887 4425 Deus,
1919 4353 2002 4409 sic

2117 591 2206 649 διὰ
2234 594 2283 650 τί
2329 598 2404 667 μή
2455 595 2546 652 καὶ
2596 598 2655 651 τὸ
2688 593 3009 652 διοικεῖσθαι
3044 594 3255 653 οἴκοθεν
3294 596 3587 673 παρέσχεν,
3620 598 3772 657 ἀλλά

2116 690 2216 751 τῆς
2249 685 2435 759 ἑτέρου
2466 683 2798 757 κηδεμονίας
2839 683 3073 756 έδεῆοη;
3115 686 3191 743 Τὸ
3221 687 3321 762 γὰρ
3366 689 3609 762 γενέσθαι
3667 694 3768 746 τοῦ

2114 770 2383 847 διαμένειν
2432 775 2717 848 γενόμενον
2750 774 2949 845 πολλῷ
2983 771 3426 849 δυσχερέστερον.
3460 783 3583 840 Πῶς
3645 777 3764 847 οὗν,

2110 863 2139 919 ὃ
2202 862 2295 935 μὶν
2347 864 2411 931 ἦν
2471 862 2908 939 δυσχερέστερον,
2952 863 3029 929 εἰς
3085 866 3274 936 πρᾶξιν
3339 866 3585 939 ἤνεγκεν,
3628 868 3655 922 ὃ
3703 866 3765 925 δὶ

2110 949 2314 1027 ῥᾴδιον,
2346 950 2448 1007 οὒκ
2491 950 2549 1006 ἂν
2588 951 2715 1027 ἔχοι
2764 956 2837 1027 μή
2898 956 3022 1027 παρ’
3055 953 3238 1027 ὶτὲρου
3288 950 3510 1025 λαϐώνς
3548 961 3668 1019 Πῶς
3703 955 3765 1015 δὲ

2107 1052 2192 1096 καί
2245 1044 2279 1110 ἡ
2331 1042 2534 1116 γένεσις
2591 1045 2691 1118 γῆν
2741 1064 2798 1099 τε
2847 1044 2935 1099 καὶ
2989 1043 3119 1115 ἀέρα
3166 1045 3257 1100 καὶ
3307 1045 3372 1098 τὰ
3412 1042 3579 1113 ἄλλα,
3613 1047 3647 1100 ἃ
3678 1050 3758 1119 μή

2108 1131 2392 1202 πεποίηκε,
2427 1131 2656 1203 διοικεῖ,
2698 1135 2896 1211 Ἔργον
2944 1134 3047 1211 γὰρ
3100 1138 3197 1189 τοῦ
3253 1138 3625 1205 πεποιηκότος
3668 1139 3763 1193 καὶ

2108 1222 2169 1277 τὸ
2204 1218 2452 1291 διοικεῖν,
2486 1221 2569 1278 ὅτι
2609 1224 2697 1279 καὶ
2735 1225 2900 1296 μόνος
2930 1228 3037 1280 τῶν
3090 1225 3285 1280 ἑαυτοῦ
3335 1222 3764 1302 δημιούργημα-

2106 1331 2211 1365 των
2251 1312 2351 1375 τήν
2402 1312 2557 1387 φύσιν
2611 1308 2750 1384 οἶδε,
2781 1312 2871 1368 καὶ
2922 1312 3074 1375 ὅπως
3128 1313 3223 1385 μὶν
3280 1318 3563 1387 κρατοῖτο,
3594 1315 3761 1373 πόθεν

2108 1396 2163 1453 δὲ
2194 1401 2486 1474 συγχέοιτο
2533 1401 2623 1455 καὶ
2666 1398 3054 1475 διαφθείροιτο.
3090 1400 3155 1456 Εἴ
3196 1399 3254 1457 δὶ
3294 1401 3631 1474 τολμήσαιεν
3667 1416 3766 1470 καὶ

2105 1493 2214 1543 τῶν
2249 1490 2539 1564 στοιχείων
2576 1492 2675 1558 τήν
2709 1488 3071 1567 δημιουργίαν
3105 1489 3360 1549 ἀνάπτειν
3391 1492 3440 1528 ⁷⁸
3466 1496 3535 1566 τῇ
3570 1494 3767 1566 εἱμαρ-

2114 1579 2270 1651 μένῃ,
2304 1582 2429 1652 [345
2462 1582 2552 1651 Η.]
2580 1577 2887 1655 λεγέτωσαν
2946 1582 3083 1653 ἡμῖν
3125 1586 3288 1642 ποῖος
3323 1582 3417 1655 μὲν
3457 1582 3630 1658 ἀστὴρ
3679 1583 3763 1646 εἷς

2106 1664 2232 1721 τόδε
2260 1668 2322 1723 τὸ
2358 1666 2553 1736 ζώδιον
2593 1667 2847 1724 εἰσελθὼν
2882 1667 3169 1729 ἀπετέλεσε
3208 1670 3306 1739 τὴν
3348 1673 3471 1745 γῆν,
3505 1676 3665 1732 ποῖος
3698 1669 3763 1728 δὲ

2109 1757 2197 1811 τὸν
2230 1756 2360 1832 ἀέρα
2390 1758 2424 1826 ἢ
2454 1758 2515 1812 τὸ
2538 1762 2645 1831 πῦρ
2670 1758 2704 1826 ἢ
2736 1758 2797 1810 τὸ
2830 1756 2996 1833 ὕδωρ.
3032 1757 3193 1815 Ἀλλ’
3214 1757 3317 1817 οὐκ
3347 1755 3406 1813 ἃν
3439 1754 3618 1837 ἔχοιεν
3662 1760 3758 1819 λέ·

2111 1866 2243 1919 γειν,
2276 1846 2321 1900 εἰ
2353 1846 2442 1900 καὶ
2473 1844 2643 1901 πλέον
2674 1846 2862 1921 ληρεῖν
2899 1848 3299 1920 μελετήσωσιν.
3328 1846 3556 1911 ⁸Αλλως
3604 1870 3664 1907 τε
3695 1847 3759 1907 δὲ

2112 1933 2155 1989 εἷ
2187 1934 2295 2009 οὐχ
2326 1935 2461 2005 ἅπαξ
2492 1941 2639 1992 ποιεῖ
2668 1937 2695 1991 ὃ
2727 1941 2876 1992 ποιεῖ
2905 1939 2939 2005 ἡ
2970 1937 3191 2010 γένεσις,
3223 1936 3499 2001 πολλάκις
3530 1935 3587 1996 δὶ
3610 1940 3677 1995 τὰ
3705 1939 3758 1975 τδ

2111 2024 2243 2079 αὐτά
2265 2027 2398 2080 κατά
2429 2047 2573 2089 τινας
2600 2026 2813 2101 χρόνων
2854 2027 3164 2102 περιόδους,
3197 2026 3557 2087 δεικνύτωσαν
3615 2031 3759 2102 ἡμῖν

2109 2113 2378 2178 πολλάκις
2430 2117 2523 2189 μὶν
2573 2117 2935 2193 γεγενημένας
2982 2117 3196 2183 πολλὰς
3254 2116 3525 2189 δλότητας
3555 2124 3750 2193 γαιῶν,

2109 2203 2321 2265 πολλὰς
2354 2203 2411 2259 δὲ
2462 2202 2695 2275 ὑδάτων,
2726 2204 2942 2269 πολλὰς
2987 2204 3043 2262 δὶ
3100 2206 3402 2274 θαλασσῶν,
3437 2208 3483 2277 ἒξ
3525 2209 3594 2263 ὢν
3656 2210 3757 2263 καὶ

2110 2295 2349 2365 κόσμους
2394 2295 2651 2370 ἀπείρους
2696 2298 3078 2367 συστήσουσιν.
3109 2295 3288 2354 Ἀλλά
3328 2299 3435 2371 μήν
3486 2294 3755 2354 ἀδύνατον

2109 2387 2269 2438 τοῦτο
2306 2402 2317 2414 ·
2367 2381 2627 2439 ἀδύνατον
2686 2383 2789 2458 ἄρα
2835 2385 2927 2439 καὶ
2952 2387 3015 2440 τὸ
3046 2387 3180 2458 ἅπαξ
3210 2387 3312 2455 τήν
3369 2388 3575 2462 γένεσιν
3605 2382 3659 2441 ἕν
3700 2408 3757 2443 τι

2108 2478 2215 2528 τῶν
2245 2473 2533 2548 στοιχείων
2572 2480 2926 2550 προαγαγεῖν.
2964 2474 3027 2532 El
3069 2472 3124 2530 δὲ
3155 2474 3214 2531 ἰκ
3271 2476 3464 2549 μανίας
3513 2475 3593 2539 εἷς
3649 2498 3759 2550 μα-

2107 2564 2219 2621 νίαν
2278 2566 2701 2637 μεταπίπτοντες
2763 2568 2866 2622 ὑπὸ
2924 2565 3057 2622 Θεοῦ
3122 2569 3217 2640 μὶν
3272 2565 3754 2643 δημιουργηθῆναι

2111 2659 2261 2729 φαῖεν
2290 2655 2357 2709 τὰ
2385 2660 2655 2730 στοιχεῖα,
2692 2657 2795 2711 ὑπὸ
2827 2654 2884 2711 δὲ
2911 2658 3008 2728 τῆς
3061 2658 3321 2734 γενέσεως
3362 2657 3631 2734 ἀγενήτου
3662 2656 3755 2712 καὶ

2112 2741 2279 2811 αὐτῆς
2311 2741 2492 2817 ὥσπερ
2523 2744 2585 2797 τὸ
2616 2749 2766 2801 Θεῖον
2808 2741 2973 2814 οὔσης
3021 2743 3356 2816 διοικεῖσθαι,
3391 2743 3759 2821 ἰκδηλότερον

2113 2831 2289 2887 αὐτῶν
2346 2834 2446 2902 τήν
2507 2832 2690 2887 ἄνοιαν
2732 2833 3110 2903 στηλιτεύουσι
3169 2838 3233 2893 ⁷⁷.
3268 2836 3366 2890 Διά
3412 2834 3463 2889 τί
3518 2836 3622 2910 γὰρ
3688 2835 3755 2890 τὸ

2113 2926 2267 2976 Θεῖον
2300 2922 2513 2994 ἀτάκτῳ
2543 2921 2745 2997 γενέσει
2784 2924 2846 2979 τὸ
2878 2924 3077 2978 οἰκεῖον
3119 2919 3354 2981 ὑπέϐαλε
3403 2921 3757 2998 δημιούργην

2120 3030 2232 3083 μα;
2268 3011 2389 3085 ’Δρ’
2423 3010 2497 3072 ὡς
2543 3010 2705 3073 αὑτὸς
2748 3010 2845 3066 οὐκ
2892 3008 3036 3086 ἔχων
3072 3013 3171 3081 τήν
3217 3016 3315 3067 τοῦ
3360 3016 3611 3086 προνοεῖν
3656 3030 3755 3065 σο·-

2118 3101 2240 3177 ιρίαν
2273 3126 2287 3169 ς
2316 3100 2419 3156 Καὶ
2465 3100 2549 3163 τίς
2608 3097 2666 3154 ἃν
2724 3100 2930 3175 ἐνέγκοι
2984 3101 3048 3155 τὸ
3106 3098 3413 3178 δύσφημον,
3445 3102 3531 3162 τίς
3579 3097 3639 3155 δὶ
3690 3100 3758 3155 τὸ

2115 3188 2370 3260 ἀνόητον,
2398 3185 2761 3265 δημιουργίας
2812 3190 2905 3262 μὶν
2944 3190 3141 3264 κράτος
3187 3185 3353 3263 ἔχειν,
3387 3188 3645 3264 προνοίας
3697 3184 3759 3243 δὲ

2114 3275 2240 3351 μηδ’
2288 3277 2411 3333 ὅσον
2468 3281 2503 3347 ἡ
2554 3277 2782 3340 ἄτακτος
2840 3278 3054 3355 ἥρπασε
3101 3277 3341 3355 γένεσις;
3394 3278 3496 3335 Καὶ
3540 3275 3762 3353 μυρίοις

2110 3365 2284 3431 ἄλλος
2323 3366 2488 3441 ἐσμὸς
2536 3368 2907 3441 ἀτοπημάτων
2952 3366 3160 3426 ἕπεται.
3194 3368 3259 3423 Ei
3306 3365 3354 3421 δ’
3393 3368 3575 3442 ὥσπερ
3624 3368 3762 3441 ἀγα-μ

2111 3459 2299 3527 θότητι
2344 3456 2593 3527 incincti;
2646 3459 2673 3512 ὁ
2718 3458 2871 3525 Θεὸς,
2914 3457 3057 3512 οὕτω
3105 3458 3194 3513 καὶ
3236 3462 3476 3531 προνοεῖ,
3525 3457 3754 3530 περιττὴ

2108 3546 2197 3600 καὶ
2232 3544 2429 3619 ματαία
2468 3548 2503 3615 ἡ
2533 3544 2746 3602 ὶπίνοια
2781 3554 2883 3617 τῆς
2915 3543 3251 3621 εἱμαρμένης
3295 3547 3419 3615 ἤτοι
3458 3552 3558 3615 τῆς
3606 3547 3759 3621 γενὲο

2112 3656 2265 3696 σεως.
2301 3639 2425 3697 Πῶς
2458 3635 2515 3689 δὲ
2564 3632 2822 3711 ἀγένητος
2864 3638 2892 3691 ὁ
2933 3636 3180 3711 οὐρανὸς,
3210 3640 3307 3690 τοῦ
3356 3636 3608 3690 συνθέτου
3658 3635 3758 3689 κό-

2112 3745 2252 3799 σμου
2296 3723 2459 3798 μέρος
2492 3724 2757 3800 ὑπάρχων
2804 3725 2894 3780 καὶ
2926 3727 3165 3800 περιοχή
3192 3744 3205 3795 ;
3237 3725 3308 3780 Τὸ
3359 3724 3463 3801 γὰρ
3494 3724 3754 3800 ἀγένητον

2110 3809 2233 3867 οὔτε
2279 3814 2516 3888 περιοχή
2565 3833 2647 3876 τις
2686 3810 2810 3870 οὕτε
2867 3814 3034 3875 τόπος
3092 3812 3286 3885 ἑτέρων
3341 3812 3403 3868 ἂν
3453 3811 3565 3883 εἷή,
3595 3814 3759 3867 καθα-

2110 3901 2252 3975 ρεύει
2283 3902 2342 3956 ’ὀὶ
2369 3906 2476 3957 τῶν
2515 3903 2782 3957 τοιούτων
2814 3923 2871 3958 τε
2913 3903 3000 3957 καὶ
3041 3904 3227 3957 παθῶν
3268 3902 3545 3959 ἁπάντων.
3575 3900 3758 3957 Ἀλλὰ

2109 3990 2197 4045 καὶ
2256 3989 2307 4061 ἐξ
2352 3991 2519 4059 αὐτῆς
2595 3990 2770 4046 αὐτῶν
2831 3999 2931 4062 τῆς
3008 3990 3388 4064 πλαττομένης
3448 3991 3755 4053 ὑποθέσεως

2114 4077 2282 4148 δῆλον
2322 4080 2395 4141 ὡς
2453 4077 2574 4134 οὔτε
2622 4081 2649 4134 ὁ
2694 4081 2923 4155 οὐρανὸς
2968 4078 3095 4136 οὔτε
3124 4081 3176 4136 οἱ
3209 4079 3422 4155 ἀστέρες
3472 4078 3755 4155 ἀγένητοι.

2112 4169 2215 4224 Καὶ
2245 4170 2350 4245 γὰρ
2382 4167 2508 4230 τοὺς
2550 4169 2644 4242 μὶν
2686 4169 2861 4225 αὐτῶν
2908 4169 3272 4244 ἀγαθοποιοὺς
3317 4169 3445 4234 τόὺς
3489 4167 3548 4225 δὶ
3593 4190 3763 4226 κακο-

2113 4261 2304 4321 ποιοὺς
2334 4258 2579 4334 λέγουσι,
2616 4262 2744 4334 [668
2774 4264 2867 4333 R.J
2905 4262 2995 4316 καὶ
3053 4261 3237 4324 οἷ’κους
3295 4259 3503 4323 ἄλλους
3561 4258 3762 4325 ἄλλοις

2110 4350 2475 4427 ἀφορίζουσιν,
2506 4349 2557 4404 ἒν
2601 4351 2686 4412 οἷς
2736 4350 3012 4426 γινόμενοι
3044 4349 3215 4407 ἄλλοι
3270 4351 3367 4424 μὶν
3412 4351 3757 4421 κακόνονται,

352 4450 409 4501 et
443 4443 743 4515 providet:
778 4458 1272 4513 supervacaneum
1327 4448 1476 4500 certe
1514 4460 1581 4499 ac
1613 4442 1860 4499 stultum
1913 4446 2001 4498 est

2110 4441 2145 4511 ἢ
2186 4439 2352 4494 πλέον
2378 4438 2414 4507 ἢ
2445 4440 2534 4494 καὶ
2574 4439 2622 4509 ἐξ
2675 4440 3009 4515 ἀγαθότητος
3046 4440 3338 4516 τραπέντες
3382 4440 3459 4503 εἷς
3494 4440 3759 4509 κάκωσιν,

350 4534 460 4589 hoc
483 4533 552 4587 de
576 4532 691 4587 fato
714 4530 834 4586 sive
856 4530 1050 4604 genesi
1083 4541 1500 4588 commentum.
1527 4533 1828 4599 Quomodo
1859 4532 1996 4589 item

353 4623 481 4680 sine
512 4625 640 4677 ortu
673 4619 881 4676 cmlum
915 4637 1039 4678 esse
1080 4621 1279 4693 possit,
1314 4622 1787 4693 quandoquidem
1838 4638 1997 4678 com-

351 4711 522 4786 positi
576 4710 802 4777 mundi,
854 4726 1025 4781 quem
1076 4711 1334 4782 undique
1377 4711 1577 4783 cingit,
1612 4728 1747 4783 pars
1780 4712 1916 4767 est?
1942 4716 2000 4768 at

352 4802 509 4873 quod
539 4804 735 4857 ortum
768 4800 995 4857 nullum
1032 4802 1224 4865 habet,
1257 4801 1315 4855 id
1349 4817 1537 4872 neque
1568 4801 1795 4872 cingere
1826 4800 1997 4872 quid-

351 4908 528 4963 quam
553 4906 743 4963 neque
772 4889 1021 4947 aliorum
1052 4890 1216 4946 locus
1244 4906 1370 4946 esse
1399 4890 1601 4960 possit,
1626 4892 1724 4946 sed
1759 4907 1888 4947 cum
1925 4890 1996 4947 ab

349 4981 463 5046 bis,
482 4986 608 5037 tum
633 4981 704 5035 ab
728 4980 859 5036 aliis
891 4980 1294 5037 affectionibus
1319 4979 1591 5036 omnibus
1617 4981 1861 5037 liberum
1887 4988 1995 5038 est.

348 5068 498 5131 Quin
516 5068 602 5124 vel
627 5085 695 5124 ex
714 5069 842 5141 ipsa
863 5085 1063 5125 eorum
1087 5085 1262 5141 quam
1294 5070 1636 5141 confingunt
1664 5070 1994 5142 hypothesi,

2108 4530 2159 4584 οἱ
2192 4528 2248 4584 δί
2276 4528 2587 4585 τούναντίον
2618 4530 2654 4602 ἢ
2687 4531 2821 4605 πρὸς
2881 4530 3195 4606 ἀγαθότητα
3242 4530 3400 4586 κακοὶ
3432 4529 3583 4594 ὄντες
3632 4550 3756 4602 μετ-

2108 4615 2445 4691 εϐλήθησαν,
2476 4620 2511 4689 ἢ
2544 4619 2712 4677 πλέον
2742 4626 2841 4690 τῆς
2886 4622 3153 4696 προτέρας
3202 4620 3584 4696 ἠγαθύνθησαν
3620 4620 3758 4695 ἀγα-

2108 4709 2356 4780 θότητος.
2391 4711 2495 4767 Καὶ
2527 4716 2645 4773 πῶς
2675 4709 2736 4766 ἂν
2768 4710 2820 4765 ἐν
2867 4712 3083 4775 τούτοις
3130 4714 3303 4785 νοηθῇ
3351 4711 3388 4779 ἢ
3439 4714 3500 4765 τὸ
3549 4710 3753 4772 ἀπαθὶς

2107 4799 2141 4868 ἢ
2169 4799 2232 4855 τὸ
2272 4798 2482 4855 ἁπλοῦν
2515 4801 2549 4869 ἢ
2591 4799 2653 4854 τὸ
2684 4800 2967 4857 ἀσύνθετον
2996 4801 3032 4871 ἢ
3061 4801 3122 4855 τὸ
3164 4798 3422 4874 ἀγένητον
3452 4800 3540 4854 καὶ
3587 4800 3756 4872 μυρία

2108 4888 2397 4958 ἄλλαςἘν
2431 4892 2514 4951 οἷς
2572 4892 2659 4946 καὶ
2714 4891 2742 4946 ὁ
2793 4888 3040 4965 δεύτερος
3092 4891 3240 4963 αύτῷ
3305 4889 3761 4963 συναπαρτίζεται

2110 4978 2281 5055 λόγος
2326 4980 2419 5037 καὶ
2463 4978 2530 5034 τὰ
2586 4976 2714 5035 δέκα
2750 4979 3043 5058 κεφάλαια,
3088 4978 3482 5050 τελευτήσαντα
3538 4980 3636 5053 μὶν
3687 4978 3763 5041 είς

2106 5069 2170 5124 τὸ
2199 5069 2267 5138 κ’,
2295 5067 2478 5143 ἀρχὴν
2519 5066 2575 5125 δὶ
2604 5070 2665 5124 τὸ
2710 5070 2739 5124 ι’
2770 5070 3135 5144 ποιησάμενοι.

350 5158 495 5213 satis
528 5162 792 5230 apparet,
826 5159 1065 5215 omnino
1098 5174 1287 5231 neque
1318 5158 1551 5230 calum,
1587 5175 1770 5232 neque
1801 5160 2000 5217 stellas
2040 5165 2169 5218 ortu
2212 5176 2425 5217 carere.
2460 5160 2684 5217 Etenim
2726 5162 3012 5233 quaedam
3056 5178 3259 5223 earum
3298 5177 3424 5218 esse
3465 5161 3766 5222 beneticas

347 5248 574 5317 volunt,
597 5251 881 5320 quaedam
916 5267 1117 5307 rursus
1149 5250 1445 5308 maleficas
1476 5252 1719 5322 faciunt,
1742 5253 2060 5325 domosque
2083 5252 2214 5309 aliis
2247 5252 2392 5308 alias
2423 5253 2773 5325 attribuunt,
2796 5254 2855 5309 in
2888 5254 3101 5326 quibus
3125 5255 3264 5310 dum
3290 5256 3619 5320 versentur,
3643 5252 3765 5308 alia:

349 5335 441 5392 vel
474 5337 852 5409 maligniores
881 5340 1047 5405 fiant,
1073 5340 1163 5396 vel
1189 5347 1343 5398 certe
1375 5358 1443 5397 ex
1471 5340 1737 5413 benignis
1785 5342 2052 5417 maligna;
2109 5343 2377 5413 evadant,
2420 5341 2547 5399 alia;
2605 5348 2812 5403 contra
2849 5343 2938 5400 vel
2970 5344 3041 5405 ad
3071 5343 3518 5403 beneﬁcentiam
3576 5340 3765 5412 (male

350 5441 489 5482 cum
525 5425 670 5499 sint)
700 5428 1069 5500 delabantur,
1102 5429 1190 5485 vel
1222 5430 1595 5504 benigniores
1634 5448 1810 5504 quam
1846 5437 2016 5490 antea
2056 5433 2394 5491 reddantur.
2426 5433 2727 5498 Quomodo
2773 5449 2913 5507 ergo
2944 5435 3014 5491 de
3041 5433 3137 5490 his
3173 5433 3259 5490 vel
3307 5436 3505 5489 mente
3542 5428 3769 5503 concipi

1704 5583 1795 5641 VA
1804 5584 1875 5641 RI
1882 5586 1943 5641 IE
1987 5583 2397 5642 LECTIONES.

420 5728 466 5764 τι
493 5727 702 5781 ἅπτειν.
734 5727 801 5781 Α.
880 5724 926 5759 ⁷⁸
954 5726 1021 5779 τὰ
1048 5731 1105 5784 et
1144 5723 1538 5789 ἱιιῖιδαᾶλλους
1575 5729 1705 5785 add.
1738 5732 1802 5784 Α.
1879 5728 1923 5763 ³⁷
1955 5725 2367 5797 στηλιτεύσουσι
2405 5730 2489 5803 ς’.
