4116 6224
259 377 375 437 837

1347 375 1890 438 BIBLIO'I‘HECA.
1939 404 2013 420 --
2057 372 2229 432 COD.
2277 373 2586 434 CCXXIII.

3549 382 3671 440 838

264 509 468 582 possit,
503 507 964 580 perturbationis
997 523 1063 566 ea
1104 524 1232 564 esse
1278 510 1560 580 expertia,
1596 516 1698 566 aut
1750 509 2062 582 simplicia,
2100 511 2199 563 aut
2239 507 2645 580 incomposita,
2681 515 2783 566 aut
2839 512 2962 567 sine
3019 518 3170 584 ortu,
3203 515 3435 590 aliaque
3495 534 3673 590 prope

259 599 534 656 inﬁnita?
565 598 674 655 Ubi
705 599 943 656 demum
977 599 1269 656 secundus
1313 600 1458 656 liber
1498 600 1838 667 absolvitur,
1877 615 2102 671 unaque
2161 599 2358 654 decem
2421 599 2521 654 illa
2576 601 2769 672 capita
2823 604 2958 673 (61),
2992 620 3118 673 quas
3149 622 3181 661 a
3211 607 3434 663 decimo
3495 607 3667 664 initio

262 690 436 748 ducto
468 690 528 744 in
558 688 906 744 vicesimum
939 703 1125 760 usque
1157 689 1514 759 pertingant.

331 779 416 838 Ἐν
450 775 506 832 δὲ
561 780 642 847 τῷ
687 775 857 848 τρίτῳ
905 780 1154 850 πειρᾶται
1190 777 1283 849 μὲν
1338 773 1425 831 διά
1470 799 1528 833 τε
1569 783 1667 832 τοῦ
1699 779 1778 833 κα¹
1815 798 1906 833 κε-

2093 778 2283 833 Tertio
2333 777 2541 835 deinde
2599 780 2745 837 libro
2805 791 3049 838 conatur
3100 785 3336 856 quidem
3395 785 3672 844 vicesimo

262 864 496 940 φαλαίου
520 862 611 917 καὶ
643 861 743 915 τοῦ
782 862 895 937 κβ’,
928 863 1017 916 καὶ
1053 865 1161 934 μὴν
1192 863 1282 916 καὶ
1312 869 1409 919 τοῦ
1443 870 1489 941 γ’
1520 864 1609 918 καὶ
1643 866 1691 919 κ’
1724 864 1814 919 καὶ
1847 863 1913 934 δ’,

261 954 507 1029 ἇλέγχειν
551 949 681 1013 τοὺς
725 949 820 1004 τὸν
867 949 1094 1026 οὐρανὸν
1135 951 1416 1026 σφαιρικὸν
1469 953 1912 1026 ὑποτιθεμένους,

261 1042 324 1097 οῦ
359 1041 542 1115 μέντοι
581 1061 644 1114 γε
685 1037 774 1094 διὰ
803 1044 909 1094 τῶν
944 1038 1103 1115 ἰσχὺν
1145 1039 1386 1116 ἐχόντων
1431 1042 1481 1096 οἱ
1513 1037 1744 1118 ἔλεγχοι
1778 1042 1916 1117 πρό-

263 1153 387 1188 εισι.
421 1131 501 1188 Τὸ
532 1128 815 1208 σφαιρικὸν
848 1127 905 1184 δὲ
944 1129 1005 1183 οῦ
1042 1127 1297 1203 βούλεται
1339 1137 1648 1207 συγχωρεῖν
1697 1137 1777 1205 τῷ
1824 1131 1915 1187 οὺ-

265 1224 434 1296 ρανῷ,
467 1217 608 1275 διότι
636 1218 847 1291 νομίζει
874 1219 974 1287 τήν
1023 1219 1358 1293 εἱμαρμένην
1409 1221 1467 1280 ἐκ
1510 1224 1610 1290 τῆς
1657 1223 1917 1293 τοιαύτης

262 1310 570 1384 εἲσάγεσθαι
618 1307 840 1372 θέσεως.
877 1307 1067 1365 Καίτοι
1126 1307 1357 1382 οὐδεμία
1415 1315 1576 1366 τοῦτο
1639 1309 1916 1382 ἀπόδειξις

263 1393 573 1467 ἐκϐιάζεται
610 1417 622 1429 ·
656 1397 720 1452 οὗ
768 1397 893 1472 γὰρ,
926 1395 978 1451 εἷ’
1027 1418 1088 1473 γε
1128 1399 1411 1474 σφαιρικὸς
1459 1400 1486 1452 ὀ
1537 1399 1784 1473 οὐρανὸς,
1823 1401 1915 1456 καὶ

261 1488 328 1543 τὸ
368 1493 471 1556 τῆς
504 1486 839 1561 εἱμαρμένης
870 1485 919 1558 ἐξ
953 1486 1191 1560 ἀνάγκης
1231 1489 1566 1547 συνίσταται.

338 1665 417 1723 Τὸ
449 1662 506 1720 δὲ
535 1665 610 1720 κε’
630 1664 720 1720 καὶ
854 1662 1149 1743 κεφάλαιον
1178 1660 1420 1730 εὐσεϐεῖς
1471 1667 1564 1739 μὶν
1596 1663 1918 1741 προϐάλλε-

263 1775 352 1809 ται
395 1753 616 1830 λόγους,
649 1753 785 1826 πρὸς
817 1751 1050 1828 ἔλεγχον
1082 1753 1138 1809 δὶ
1179 1761 1278 1824 τῆς
1307 1755 1674 1829 προκειμένης
1721 1756 1916 1811 ὑποθέ-

266 1864 405 1905 σεως
445 1845 544 1912 τήν
602 1840 761 1916 ἰσχὺν
802 1843 866 1897 οὐ
909 1839 1030 1898 λίαν
1083 1840 1574 1918 ἐπιδεικνυμένους.
1609 1846 1695 1900 Ἐν
1747 1843 1802 1900 δὲ
1839 1850 1918 1917 τῷ

263 1935 348 2001 κζ’
390 1929 549 2000 δόξας
596 1933 930 2005 προθέμενος
982 1931 1104 2005 περί
1162 1953 1221 1988 τε
1278 1932 1508 2007 οὐρανοῦ
1556 1932 1646 1988 καί
1710 1939 1818 1989 τῶν
1867 1933 1919 1990 ἐν

265 2020 416 2092 αὐτῷ
456 2019 723 2094 ἀστέρων,
763 2020 827 2082 ἃς
882 2018 1027 2095 λέγει
1077 2025 1185 2076 τῶν
1231 2021 1718 2097 ἀστρολογούντων
1763 2023 1918 2091 εἶναι,

2027 866 2237 936 primo,
2271 870 2548 936 secundo,
2581 869 2750 925 tertio
2781 876 2836 926 et
2881 875 3086 942 quarto
3139 873 3427 944 capitibus
3475 891 3676 945 repre-

2024 953 2278 1011 hendere
2309 971 2406 1011 eos
2438 957 2538 1027 qui
2591 958 2802 1014 coelum
2852 977 2979 1016 esse
3028 961 3332 1033 globosum
3384 968 3674 1033 statuunt,

2026 1045 2220 1100 2|0b
2266 1047 2368 1101 sed
2414 1047 2696 1116 ejusmodi
2738 1065 3108 1121 nequaquam
3134 1053 3492 1123 argumentis
3514 1053 3679 1108 adhi-

2025 1133 2186 1202 bitis,
2238 1151 2368 1206 quas
2420 1138 2807 1210 redarguendi
2870 1140 2986 1196 vim
3039 1141 3311 1198 habeant.
3363 1142 3677 1199 Globosam

2025 1239 2160 1279 vero
2210 1224 2451 1280 formam
2501 1226 2643 1283 coelo
2697 1230 3011 1285 concedere
3072 1235 3375 1301 propterea
3429 1238 3678 1304 recusat,

2028 1313 2182 1382 quod
2227 1315 2410 1369 fatum
2445 1331 2515 1371 ex
2546 1317 2649 1371 tali
2694 1318 2980 1388 positione
3025 1320 3222 1376 induci
3258 1325 3437 1392 putet,
3484 1339 3675 1394 quan-

2029 1417 2204 1472 quam
2239 1403 2402 1460 nulla
2431 1405 2486 1460 id
2523 1406 2940 1463 demonstratio
2986 1413 3308 1480 extorquet.
3342 1410 3466 1467 Non
3499 1412 3682 1485 enim,

2027 1492 2073 1547 si
2098 1492 2311 1549 coelum
2345 1493 2648 1566 globosum
2683 1498 2776 1567 sit,
2813 1515 2946 1553 mox
2976 1499 3146 1555 etiam
3191 1500 3377 1556 fatum
3411 1518 3680 1559 necessa-

2030 1582 2115 1638 rio
2147 1584 2402 1653 ponitur.

2096 1673 2260 1729 Porto
2311 1674 2651 1731 vicesimum
2685 1677 2957 1749 quintum
2985 1685 3038 1736 et
3071 1684 3299 1736 sextum
3349 1685 3526 1754 caput
3557 1682 3680 1752 pias

2025 1763 2287 1818 continet
2343 1764 2619 1832 rationes,
2678 1768 2779 1822 sed
2847 1784 2973 1839 quae
3033 1769 3107 1825 ad
3165 1771 3677 1841 reprehensionem

2027 1853 2298 1922 subjectae
2332 1852 2672 1924 bypothesis
2696 1857 2872 1913 robur
2894 1874 3010 1913 non
3043 1859 3185 1915 adeo
3217 1876 3495 1930 magnum
3529 1878 3681 1932 pra-

2033 1941 2240 1997 ferant.
2274 1943 2530 2013 Septimo
2563 1944 2772 2000 dehinc
2803 1950 2860 2001 et
2888 1946 3162 2003 vicesimo
3195 1947 3264 2003 de
3295 1949 3461 2016 coelo,
3494 1950 3681 2022 deque

2031 2031 2160 2100 ejus
2210 2030 2411 2101 stellis,
2445 2032 2820 2104 opinionibus
2859 2035 3023 2107 (quas
3073 2037 3502 2110 astrologorum
3551 2055 3682 2095 esse

266 2108 393 2166 οὔτε
450 2109 648 2171 ταύτας
681 2112 810 2183 [346
848 2112 944 2182 Η.]
993 2105 1311 2198 ἀκιϐδήλως
1378 2109 1631 2187 προᾶγει,
1673 2113 1762 2168 καὶ
1821 2115 1916 2175 τὰς

2028 2122 2127 2193 ait)
2161 2121 2376 2190 allatis,
2408 2126 2465 2178 et
2507 2139 2618 2179 non
2670 2125 2810 2180 satis
2858 2104 3016 2196 ipsas
3066 2104 3596 2198 sincere—adducit,
3626 2131 3682 2184 et

263 2201 388 2256 κατ’
444 2198 621 2254 αὐτῶν
694 2197 1064 2275 ἐπιχειρήσεις
1131 2196 1252 2256 οὕτε
1323 2199 1728 2275 ἀποδεικτικὰς,
1789 2201 1918 2258 ἀλλ’

265 2286 400 2344 οὖδὶ
451 2285 536 2344 διὰ
569 2292 666 2344 τοῦ
704 2291 928 2344 πιθανοῦ
969 2287 1202 2346 δείκνυσι
1250 2291 1570 2364 προϊούσαις.
1614 2292 1692 2349 Τὸ
1725 2291 1781 2346 δὲ
1829 2294 1916 2364 κη’

265 2379 413 2454 πρὸς
448 2378 538 2440 τὰς
583 2379 748 2440 αὐτὰς
799 2377 1144 2452 ἐνιστάμενον
1197 2377 1352 2451 δόξας
1387 2378 1452 2435 δι’
1492 2379 1609 2437 ἴσου
1665 2383 1759 2455 μὶν
1813 2388 1921 2438 τῶν

262 2464 594 2538 ἀποδείξεων
624 2465 923 2540 διαπίπτει,
959 2468 1020 2523 οὐ
1065 2469 1250 2542 μέντοι
1315 2490 1376 2545 γε
1410 2471 1499 2525 καὶ
1547 2471 1644 2525 τοῦ
1690 2474 1918 2527 πιθανοῦ

264 2555 640 2629 διαμαρτάνει.
675 2559 763 2614 Ἐν
799 2554 856 2612 δὲ
891 2562 972 2629 τῷ
1014 2559 1094 2612 κθ⁸
1124 2560 1278 2638 φησὶ,
1315 2563 1432 2621 πῶς
1480 2561 1578 2630 τήν
1625 2559 1764 2629 ὅλην
1815 2567 1918 2638 γῆν

261 2648 344 2712 εἷς
377 2645 466 2701 ἴσα
499 2647 638 2721 μέρη
669 2651 786 2709 τοῖς
819 2643 1029 2702 δώδεκα
1075 2649 1525 2722 καταμερίζοντες
1573 2645 1813 2718 ζωδίοις,
1853 2651 1918 2705 τὰ

267 2738 366 2810 μὶν
393 2737 664 2809 τμήματα
709 2742 812 2805 τῆς
849 2743 953 2811 γῆς
986 2734 1076 2791 καὶ
1121 2737 1249 2801 τοὺς
1295 2735 1347 2792 ἕν
1392 2737 1578 2800 αὐτοῖς
1619 2735 1788 2804 δῆλον
1843 2738 1919 2794 οἷ-

262 2829 496 2887 κοῦντας
553 2825 628 2888 εἰς
683 2821 903 2882 ἕκαστον
963 2825 1355 2905 ἀφωρισμένως
1422 2826 1750 2904 ἀναφέρουσι
1807 2832 1914 2882 τῶν

265 2913 505 2987 ζωδίων,
537 2913 627 2968 καὶ
681 2915 994 2971 ὑποκεῖσθαι
1044 2915 1137 2988 μὶν
1184 2916 1249 2970 τὰ
1291 2922 1391 2985 τῆς
1436 2919 1536 2992 γῆς
1591 2915 1753 2991 μέρη,
1796 2917 1916 2972 ἐπι-

262 3007 475 3060 κεῖσθαι
547 3001 607 3058 δὲ
659 3009 767 3060 τῶν
826 3001 1036 3072 ζωδίων
1087 3002 1314 3060 ἕκαστον
1371 3002 1527 3075 δίκην
1558 3005 1789 3085 νεφέλης
1845 3011 1914 3081 τῇ

262 3093 630 3170 ἀφωρισμένη
680 3093 844 3168 μοίρᾳ
887 3101 989 3164 τῆς
1029 3101 1134 3170 γῆς
1189 3094 1592 3174 ἐποχούμενον.
1642 3097 1727 3151 Ἐν
1759 3099 1916 3168 κινή-

261 3205 348 3240 σει
376 3185 482 3258 γὰρ
513 3185 632 3238 κατ’
664 3183 857 3246 αὐτοὺς
897 3182 1132 3253 διηνεκεῖ
1168 3189 1265 3240 τοῦ
1303 3184 1556 3258 οὐρανίου
1596 3184 1772 3240 πόλου
1822 3209 1915 3265 φε-

263 3273 529 3349 ρομένου,
561 3272 652 3328 καὶ
684 3274 1204 3348 συμπεριαγομένων
1246 3275 1395 3346 αὐτῷ
1423 3278 1531 3329 τῶν
1569 3276 1641 3349 ιβ’
1677 3273 1912 3350 ζωδίων,

257 3361 525 3419 ἀδύνατον
559 3363 623 3418 τὸ
653 3361 783 3418 αὐτὸ
812 3369 910 3432 τῆς
951 3369 1055 3434 γῆς
1091 3360 1180 3418 διὰ
1205 3364 1404 3425 παντὸς
1438 3361 1656 3439 ἐπέχειν
1693 3371 1914 3438 τμῆμα,

259 3450 416 3509 ἀλλὰ
457 3449 796 3526 παραλλάξει
872 3453 965 3526 μὶν
1006 3452 1142 3508 κατά
1182 3454 1284 3521 τὴν
1334 3452 1556 3522 πορείαν
1605 3459 1702 3509 τοῦ
1733 3455 1912 3510 πόλου

261 3541 497 3598 ἕκαστον
531 3539 728 3612 ζώδιον
778 3540 951 3596 πάντα
993 3541 1060 3598 τὰ
1096 3544 1362 3615 τμήματα
1407 3550 1508 3612 τῆς
1558 3550 1682 3617 γῆς,
1716 3541 1919 3599 ἄλλοτε

265 3632 371 3706 μὶν
406 3631 490 3686 ἐπ’
522 3629 791 3695 ἀνατολῆς
823 3631 889 3700 7⁸,
930 3628 1133 3686 ἄλλοτε
1166 3628 1224 3685 δε
1266 3629 1354 3685 ἐπὶ
1400 3629 1574 3702 δύσιν,
1606 3630 1812 3687 ἄλλοτε
1862 3630 1919 3688 δὲ

264 3718 363 3776 ἐπὶ
412 3714 758 3794 μεσημϐρίαν
802 3724 871 3793 τῇ
921 3719 1146 3795 οὐρανίᾳ
1191 3722 1400 3790 κινήσει
1438 3718 1923 3794 συμπεριδινούμε-

257 3833 383 3879 νον,
413 3811 504 3865 καὶ
556 3811 658 3865 οὐκ
704 3808 784 3886 ἐφ’
824 3809 902 3864 ἑνί
940 3831 1047 3865 τινι
1099 3809 1516 3885 στηριζόμενον.
1558 3811 1642 3880 Ἐξ
1685 3811 1746 3865 οὗ
1778 3832 1918 3883 συμ-

257 3895 442 3954 ϐαίνει
473 3903 582 3955 τῶν
621 3896 832 3968 ζωδίων
874 3899 919 3937 7’
947 3895 1167 3957 ἕκαστον
1201 3896 1356 3954 οὐδὲν
1392 3902 1555 3968 ﬁnes
1604 3899 1666 3954 τὸ
1717 3899 1920 3976 ἀφωρι-

261 3991 466 4063 σμένον
493 3996 594 4058 τῆς
623 3996 726 4065 γῆς
755 3987 968 4064 ἐπέχειν
1002 3996 1198 4062 τμῆμα
1236 3988 1271 4058 ἢ
1318 3989 1380 4044 τὸ
1427 3988 1739 4064 ἀλλότριον.
1783 3987 1918 4043 Ἀλ-

258 4080 379 4141 λως
411 4100 472 4135 τε
509 4076 567 4134 δὲ
598 4077 644 4135 εἰ
683 4080 802 4136 κατ’
831 4078 1027 4140 αὐτοὺς
1059 4080 1093 4148 ἠ
1143 4085 1214 4153 γῆ
1263 4079 1492 4152 κέντρου
1538 4078 1627 4133 καὶ
1679 4077 1918 4149 σημείου

259 4169 432 4244 λόγον
490 4165 680 4246 ἐπέχει
725 4167 860 4242 πρὸς
915 4168 1009 4224 τὸν
1061 4166 1311 4242 οὐρανὸν,
1342 4168 1430 4223 καὶ
1464 4171 1572 4224 τῶν
1614 4165 1830 4236 ζωδίων
1860 4166 1916 4221 ἓν

256 4259 558 4314 ὁποιονοῦν
588 4261 665 4328 τῷ
692 4277 750 4312 τε
778 4255 975 4314 πλάτει
1004 4257 1093 4313 καὶ
1130 4259 1295 4329 μήκει
1317 4255 1739 4312 πολλαπλάσιον
1774 4255 1918 4311 ἐστιν

258 4343 456 4412 αὐτῆς,
490 4348 608 4404 πῶς
657 4344 778 4400 οἶόν
825 4343 882 4398 τέ
922 4343 1062 4400 ἐστιν
1115 4341 1339 4400 ἕκαστον
1381 4348 1488 4400 τῶν
1529 4340 1919 4416 δωδεκατημο-

259 4433 399 4508 ρίων
432 4439 532 4503 τῆς
564 4439 669 4508 γῆς
701 4433 908 4504 ἑκάστῳ
955 4435 1064 4488 τῶν
1107 4430 1316 4500 ζωδίων
1367 4433 1671 4507 ἰσομοιρεῖν
1721 4453 1779 4488 τε
1826 4434 1916 4487 καὶ

260 4523 791 4596 συμπαρατείνεσθαι
840 4520 928 4578 καὶ
977 4518 1067 4577 διὰ
1103 4526 1266 4577 τοῦτο
1306 4523 1404 4591 τὴν
1449 4521 1722 4577 οἷκείωσιν
1773 4516 1921 4596 ἔχειν

259 4610 406 4686 πρὸς
431 4610 601 4678 αὐτό;
636 4611 737 4668 Καὶ
767 4612 892 4666 τότε
923 4611 1035 4668 οὐδ’
1067 4609 1234 4680 αὐτῆς
1279 4609 1418 4681 ὅλης
1449 4607 1773 4685 οἰνουμένης
1819 4619 1919 4683 τῆς

257 4708 392 4776 γῆς,
421 4701 560 4757 κατὰ
590 4697 647 4758 δὶ
677 4701 738 4756 τὸ
784 4699 1064 4766 πλεῖστον,
1095 4701 1157 4755 τὸ
1192 4701 1284 4774 μὲν
1315 4697 1408 4755 διὰ
1435 4699 1713 4774 καύματος
1757 4704 1819 4757 τὸ
1861 4701 1917 4758 δὶ

2030 2228 2156 2282 qua;
2202 2219 2401 2268 contra
2445 2213 2670 2268 easdem
2725 2214 2944 2284 profert
2993 2220 3358 2288 argumenta,
3393 2233 3461 2272 ea
3489 2233 3681 2288 neque

2029 2301 2465 2357 demonstrandi
2489 2302 2605 2357 vim
2631 2302 2842 2359 habere
2860 2320 3049 2376 neque
3068 2305 3273 2361 saltem
3296 2306 3447 2362 veris
3469 2306 3684 2363 similia

2022 2407 2342 2462 praponere
2366 2391 2658 2447 videntur.
2683 2392 2814 2448 Jam
2835 2394 3180 2450 vicesimum
3202 2399 3470 2451 octavum
3503 2399 3679 2467 caput

2023 2480 2295 2535 adversus
2327 2481 2558 2535 easdem
2595 2481 2900 2552 opiniones
2927 2484 3260 2553 insurgens,
3289 2500 3393 2555 per
3422 2483 3678 2540 similem

2021 2569 2262 2639 quidem
2296 2569 2737 2624 demonstrandi
2772 2571 3057 2626 rationem
3090 2572 3405 2639 delabitur,
3429 2573 3528 2627 sed
3560 2589 3677 2628 non

2022 2657 2102 2713 ita
2160 2658 2334 2713 etiam
2391 2657 2538 2712 illud
2600 2658 2671 2713 ad
2729 2659 3030 2715 verisimili
3091 2661 3343 2716 aberrat.
3403 2660 3674 2717 Proximo

2021 2751 2215 2802 autem
2276 2748 2450 2803 refert
2506 2747 2890 2819 [Astrologos]
2937 2751 3156 2803 terram
3218 2747 3552 2805 universam
3613 2750 3673 2806 in

2023 2835 2322 2892 duodecim
2371 2853 2567 2907 aequas
2616 2841 2810 2908 partes
2854 2853 2954 2909 pro
3005 2837 3127 2908 pari
3161 2837 3462 2909 signorum
3497 2838 3668 2894 cccle-

2021 2924 2193 2981 stium
2225 2941 2468 2981 numero
2500 2925 2835 2997 partientes,
2867 2925 3130 2998 singulas
3164 2935 3323 2983 terrae
3354 2927 3662 2998 sectiones,

2021 3029 2131 3070 una
2179 3030 2312 3070 cum
2357 3031 2558 3070 carum
2602 3013 2832 3084 incolis,
2865 3015 2942 3071 ita
2973 3016 3210 3072 definite
3241 3015 3446 3088 cuique
3494 3016 3662 3090 signo

2021 3103 2349 3170 attribuere,
2406 3109 2467 3159 ut
2523 3107 2688 3160 terrae
2749 3105 3016 3175 partibus
3083 3106 3364 3175 subjectis
3417 3106 3673 3178 singula,

2019 3193 2237 3249 zodiaci
2261 3192 2430 3265 signa
2452 3192 2818 3260 incumbant,
2843 3198 3017 3266 atque
3037 3194 3225 3250 instar
3249 3193 3470 3251 nebulae
3493 3211 3674 3265 supra

2020 3282 2318 3338 definitam
2351 3287 2518 3338 terra:
2549 3290 2772 3353 partem
2805 3283 3180 3339 devehantur.
3211 3287 3283 3340 At
3315 3301 3448 3340 cum
3493 3285 3669 3340 etiam

2019 3387 2089 3426 ex
2119 3370 2354 3427 illorum
2382 3371 2690 3436 sententia,
2717 3376 2992 3444 perpetuo
3015 3373 3225 3427 cretum
3259 3376 3421 3428 motu
3455 3371 3673 3427 feratur

1945 3445 1988 3512 C
2027 3477 2262 3533 unaque
2280 3477 2412 3516 cum
2433 3460 2560 3533 ipso
2580 3466 2637 3516 et
2658 3461 2968 3516 duodecim
2993 3462 3162 3534 signa
3183 3461 3670 3534 circumagantur,

2028 3547 2152 3603 ﬁeri
2181 3547 2340 3603 nullo
2375 3549 2546 3604 modo
2575 3564 2748 3620 posse
2768 3547 2978 3621 [docet]
3005 3549 3343 3604 uteamdem
3377 3548 3478 3603 illa
3507 3552 3675 3604 terra:

2029 3638 2346 3694 sectionem
2378 3644 2654 3710 perpetuo
2687 3639 3005 3705 obtineant,
3029 3640 3121 3693 sed
3155 3638 3548 3709 pertransibit,
3572 3638 3674 3706 ait,

2021 3727 2191 3797 juxta
2223 3727 2350 3782 caeli
2383 3744 2754 3799 progressum
2804 3744 3005 3783 omnes
3056 3731 3221 3782 terra
3270 3727 3554 3783 sectiones
3597 3725 3680 3781 si-

2030 3833 2210 3887 gnum
2241 3817 2554 3885 quodlibet,
2579 3817 2717 3872 dum
2750 3815 2896 3871 alias
2918 3817 2989 3870 ad
3022 3819 3235 3883 ortum,
3259 3815 3403 3870 alias
3429 3815 3498 3869 ad
3517 3829 3680 3868 occa-

2030 3921 2162 3960 sum
2193 3904 2357 3973 solis,
2391 3904 2654 3975 aliasque
2685 3905 2754 3959 ad
2789 3904 3093 3960 meridiem
3126 3921 3243 3959 una
3274 3920 3407 3959 eum
3455 3901 3679 3957 caelesti

2030 3997 2189 4048 motu
2224 3993 2658 4063 circumagitur,
2683 3997 2739 4048 et
2761 4009 3064 4064 nunquam
3088 3993 3146 4047 in
3181 4009 3298 4047 una
3329 3991 3523 4062 aliqua
3552 4006 3681 4046 sec-

2028 4083 2186 4138 tione
2221 4083 2398 4137 ﬁxum
2427 4086 2644 4138 manet.
2677 4081 2840 4136 Unde
2873 4080 2936 4136 tit
2966 4085 3030 4135 ut
3057 4081 3292 4152 singula
3341 4080 3512 4150 signa
3559 4095 3676 4135 non

2031 4173 2226 4228 minus
2256 4171 2415 4226 illam
2440 4171 2551 4227 sibi
2582 4170 2878 4226 definitam
2911 4176 3075 4225 terras
3106 4171 3422 4226 sectionem
3456 4173 3680 4239 regant,

2030 4278 2203 4334 quam
2226 4260 2494 4316 alienam.
2515 4260 2698 4330 Adde,
2714 4259 3104 4316 sisecundum
3126 4274 3324 4316 eorum
3346 4259 3682 4331 opinionem

2028 4355 2183 4408 terra
2232 4349 2414 4405 centri
2444 4367 2512 4406 ac
2554 4349 2753 4422 puncti
2799 4349 3080 4405 rationem
3130 4347 3307 4404 habet
3338 4349 3412 4404 ad
3443 4347 3677 4418 coelum,

2029 4445 2086 4497 et
2115 4440 2414 4511 quodlibet
2442 4439 2738 4496 zodiacum
2771 4438 3005 4512 signum
3037 4454 3172 4495 cum
3203 4439 3527 4508 latitudine,
3551 4442 3679 4494 tum

2027 4529 2389 4602 longitudine
2421 4530 2621 4585 multis
2652 4529 2914 4602 partibus
2945 4534 3053 4598 est,
3087 4545 3263 4601 quam
3297 4527 3419 4599 illa,
3447 4528 3678 4598 majus:

2031 4621 2128 4691 qui
2162 4620 2285 4676 fieri
2317 4621 2557 4676 omnino
2611 4622 2821 4690 potest,
2854 4624 2919 4674 ut
2950 4619 3222 4690 qualibet
3269 4618 3678 4674 duodenarum

2030 4713 2197 4766 terra:
2229 4712 2481 4780 partium
2516 4711 2817 4780 signorum
2868 4709 3113 4764 cuilibet
3142 4725 3211 4763 ex
3242 4723 3403 4778 ecquo
3437 4721 3682 4777 respon-

262 4771 364 4848 διὰ
412 4789 627 4864 ψύχους
679 4786 1015 4863 ὑπερϐολὴν,
1055 4771 1356 4862 ἀνθρώπων
1409 4771 1574 4860 οὔσης
1629 4792 1915 4864 ἀοικήτου,

2028 4801 2182 4868 deat,
2204 4771 2376 4872 atque
2397 4771 2830 4867 coextendatur,
2850 4814 2915 4853 ac
2949 4802 3247 4868 propterea
3277 4771 3453 4852 etiam
3485 4771 3687 4850 afﬁni-

263 4878 363 4936 καὶ
395 4877 678 4939 παντελῶς
709 4879 796 4935 ἀπ’
826 4878 1008 4954 ἀρχῆς
1048 4879 1455 4956 ἀφωρισμένης.
1488 4880 1548 4936 Εἰ
1593 4877 1651 4936 δὶ
1699 4883 1772 4954 μή
1823 4903 1917 4937 το-

265 4973 451 5031 πικῶς
479 4973 589 5026 τῶν
618 4976 718 5039 τῆς
749 4975 852 5044 γῆς
894 4970 1202 5044 τμημάτων
1237 4969 1303 5025 τὰ
1344 4968 1512 5039 ζώδια
1556 4977 1770 5046 κρατεῖν
1823 4972 1918 5028 λέ-

259 5078 440 5132 γοιεν,
483 5055 627 5130 μηδὲ
684 5065 982 5134 σωματικῷ
1015 5062 1231 5136 μεγέθει
1270 5062 1408 5117 κατὰ
1434 5063 1496 5116 τὸ
1545 5057 1695 5140 ἔχειν
1745 5063 1917 5133 αὐτῆς

263 5150 336 5206 τὸ
368 5148 600 5220 πλάτος,
633 5153 762 5224 [669
793 5153 885 5225 IL]
917 5151 1064 5209 ἀλλὰ
1093 5154 1140 5192 ⁸ο
1178 5157 1418 5232 φυσικῶς
1451 5152 1665 5230 χαίρειν
1693 5152 1919 5210 ἕκαστον

267 5260 384 5294 των
426 5237 641 5309 ζωδίων
693 5241 902 5314 δκάστῳ
952 5241 1100 5318 μέρει
1146 5249 1248 5313 τῆς
1290 5249 1413 5318 γῆς,
1461 5248 1728 5317 περιττῶς
1782 5245 1921 5318 πρὸς

2029 4894 2208 4945 tatem
2239 4889 2398 4945 illam
2421 4904 2551 4944 cum
2584 4904 2650 4944 eo
2681 4887 2938 4944 habeat?
2959 4887 3290 4943 Praesertim
3324 4901 3456 4940 cum
3488 4897 3679 4953 neque

2030 4983 2176 5034 terra
2199 4978 2467 5034 universa
2489 4977 2566 5032 sit
2591 4975 2944 5043 habitabilis,
2965 4976 3066 5031 sed
3092 4991 3193 5046 pro
3217 4973 3473 5029 maxima
3495 4973 3680 5044 parte,

2033 5083 2142 5137 pris
2176 5065 2356 5122 nimio
2387 5066 2597 5138 partim
2645 5065 2853 5131 calore,
2885 5065 3104 5137 partim
3155 5064 3394 5135 frigore,
3427 5058 3684 5117 habitari

2029 5157 2101 5211 ab
2130 5156 2474 5212 hominibus
2505 5159 2770 5226 nequeat,
2808 5154 2880 5210 ab
2910 5154 3131 5210 caeteris
3157 5152 3298 5208 item
3329 5155 3495 5208 terra:
3546 5166 3687 5224 par-

2031 5245 2185 5301 tibus
2212 5246 2337 5317 jam
2369 5246 2508 5301 inde
2539 5261 2573 5301 a
2603 5244 2884 5317 principio
2932 5244 3166 5315 penitus
3197 5243 3490 5299 distincta.
3525 5238 3685 5307 Quod

1633 5377 1876 5434 VARl/E
1916 5377 2333 5435 LECTIONES.

353 5483 394 5518 τ’
425 5481 717 5554 ἀνατολῆς]
747 5485 862 5541 imo
891 5456 1183 5553 ἀνατολὴν.
1259 5486 1306 5522 7°
1335 5483 1545 5558 ζώδων,
1577 5489 1639 5543 ut
1667 5486 1834 5556 solet,
1865 5489 1933 5543 Α.
2009 5484 2058 5524 ⁸ο
2089 5481 2238 5540 ἀλλὰ
2269 5482 2412 5557 μηδὲ
2451 5504 2577 5560 φυσ.

1848 5604 2077 5666 NOT/E.

365 5713 472 5785 (6t)
504 5710 736 5769 Ἕνδεκα
767 5715 1101 5788 legendum,
1136 5720 1201 5774 ut
1231 5718 1491 5778 calculus
1521 5721 1802 5793 quadret:
1834 5720 1950 5778 nisi
1978 5719 2124 5776 libro
2161 5717 2494 5790 insequenti
2525 5716 2867 5776 vicesimum
2900 5721 3075 5790 caput
3117 5717 3357 5776 Pbotius
3399 5716 3688 5773 omiserit.
