  <div class='ocr_page' id='page_1' title='image "/cluster/home/n/w/nwhite01/storage/ocr_20150623/103/hvd.32044054112495/439.png"; bbox 0 0 4116 6224; ppageno 0'>
   <div class='ocr_carea' id='block_1_1' title="bbox 419 328 2096 392">
    <p class='ocr_par' dir='ltr' id='par_1_1' title="bbox 419 329 2096 392">
     <span class='ocr_line' id='line_1_1' title="bbox 419 329 2096 392; baseline -0.001 0"><span class='ocrx_word' id='word_1_1' title='bbox 419 334 538 392; x_wconf 84' lang='grc'>839</span> <span class='ocrx_word' id='word_1_2' title='bbox 1619 329 1886 390; x_wconf 83' lang='grc' dir='ltr'>ΡΗΟΤΙΙ</span> <span class='ocrx_word' id='word_1_3' title='bbox 1931 329 2096 390; x_wconf 72' lang='grc' dir='ltr'>ΡΑΤΣ</span> 
     </span>
    </p>
   </div>
   <div class='ocr_carea' id='block_1_2' title="bbox 2208 328 3834 392">
    <p class='ocr_par' dir='ltr' id='par_1_2' title="bbox 2208 328 3834 391">
     <span class='ocr_line' id='line_1_2' title="bbox 2208 328 3834 391; baseline 0 -3"><span class='ocrx_word' id='word_1_4' title='bbox 2208 328 2468 388; x_wconf 72' lang='lat' dir='ltr'>tBCH/E</span> <span class='ocrx_word' id='word_1_5' title='bbox 2510 328 2626 388; x_wconf 82' lang='grc' dir='ltr'>ΟΡ.</span> <span class='ocrx_word' id='word_1_6' title='bbox 3710 331 3834 391; x_wconf 73' lang='grc'>810</span> 
     </span>
    </p>
   </div>
   <div class='ocr_carea' id='block_1_3' title="bbox 415 457 2096 536">
    <p class='ocr_par' dir='ltr' id='par_1_3' title="bbox 415 463 2096 536">
     <span class='ocr_line' id='line_1_3' title="bbox 415 463 2096 536; baseline -0.003 -14"><span class='ocrx_word' id='word_1_7' title='bbox 415 467 464 522; x_wconf 87' lang='lat' dir='ltr'>si</span> <span class='ocrx_word' id='word_1_8' title='bbox 491 484 603 522; x_wconf 90' lang='lat' dir='ltr'>non</span> <span class='ocrx_word' id='word_1_9' title='bbox 628 465 849 520; x_wconf 79' lang='lat' dir='ltr'>ratione</span> <span class='ocrx_word' id='word_1_10' title='bbox 877 465 1023 520; x_wconf 90' lang='lat' dir='ltr'>situs</span> <span class='ocrx_word' id='word_1_11' title='bbox 1045 463 1296 536; x_wconf 79' lang='lat' dir='ltr'>singulis</span> <span class='ocrx_word' id='word_1_12' title='bbox 1321 467 1486 520; x_wconf 64' lang='lat' dir='ltr'>terrm</span> <span class='ocrx_word' id='word_1_13' title='bbox 1507 464 1863 520; x_wconf 76' lang='lat' dir='ltr'>sectionibus</span> <span class='ocrx_word' id='word_1_14' title='bbox 1894 463 2061 535; x_wconf 87' lang='lat' dir='ltr'>signa</span> <span class='ocrx_word' id='word_1_15' title='bbox 2089 519 2096 530; x_wconf 31' lang='grc' dir='ltr'><strong><em>ι</em></strong></span> 
     </span>
    </p>
   </div>
   <div class='ocr_carea' id='block_1_4' title="bbox 2208 457 3844 536">
    <p class='ocr_par' dir='ltr' id='par_1_4' title="bbox 2208 457 3844 536">
     <span class='ocr_line' id='line_1_4' title="bbox 2208 457 3844 536; baseline 0.001 -21"><span class='ocrx_word' id='word_1_16' title='bbox 2208 461 2252 515; x_wconf 80' lang='grc' dir='ltr'>τά</span> <span class='ocrx_word' id='word_1_17' title='bbox 2283 463 2545 535; x_wconf 72' lang='grc' dir='ltr'>σχήματα</span> <span class='ocrx_word' id='word_1_18' title='bbox 2575 464 2685 515; x_wconf 82' lang='grc' dir='ltr'>τῶν</span> <span class='ocrx_word' id='word_1_19' title='bbox 2723 457 2934 530; x_wconf 71' lang='grc' dir='ltr'>ζῳδίων</span> <span class='ocrx_word' id='word_1_20' title='bbox 2964 461 3053 515; x_wconf 81' lang='grc' dir='ltr'>καὶ</span> <span class='ocrx_word' id='word_1_21' title='bbox 3085 467 3188 535; x_wconf 82' lang='grc' dir='ltr'>γῆς</span> <span class='ocrx_word' id='word_1_22' title='bbox 3237 459 3437 524; x_wconf 87' lang='grc' dir='ltr'>τόπους</span> <span class='ocrx_word' id='word_1_23' title='bbox 3469 462 3844 536; x_wconf 80' lang='grc' dir='ltr'>ἀπονέμουσι,</span> 
     </span>
    </p>
   </div>
   <div class='ocr_carea' id='block_1_5' title="bbox 418 553 2072 626">
    <p class='ocr_par' dir='ltr' id='par_1_5' title="bbox 418 553 2072 626">
     <span class='ocr_line' id='line_1_5' title="bbox 418 553 2072 626; baseline -0.003 -15"><span class='ocrx_word' id='word_1_24' title='bbox 418 557 706 626; x_wconf 90' lang='lat' dir='ltr'>imperare</span> <span class='ocrx_word' id='word_1_25' title='bbox 729 556 998 623; x_wconf 79' lang='lat' dir='ltr'>dixerint,</span> <span class='ocrx_word' id='word_1_26' title='bbox 1025 570 1212 625; x_wconf 92' lang='lat' dir='ltr'>neque</span> <span class='ocrx_word' id='word_1_27' title='bbox 1235 554 1457 609; x_wconf 78' lang='lat' dir='ltr'>ratione</span> <span class='ocrx_word' id='word_1_28' title='bbox 1480 571 1760 624; x_wconf 81' lang='lat' dir='ltr'>corporeae</span> <span class='ocrx_word' id='word_1_29' title='bbox 1784 553 2072 625; x_wconf 87' lang='lat' dir='ltr'>magnitu-</span> 
     </span>
    </p>
   </div>
   <div class='ocr_carea' id='block_1_6' title="bbox 421 642 2068 715">
    <p class='ocr_par' dir='ltr' id='par_1_6' title="bbox 421 642 2068 715">
     <span class='ocr_line' id='line_1_6' title="bbox 421 642 2068 715; baseline -0.002 -16"><span class='ocrx_word' id='word_1_30' title='bbox 421 645 785 715; x_wconf 89' lang='lat' dir='ltr'>dinis,quasi</span> <span class='ocrx_word' id='word_1_31' title='bbox 820 652 979 698; x_wconf 71' lang='lat' dir='ltr'>terra:</span> <span class='ocrx_word' id='word_1_32' title='bbox 1013 642 1289 698; x_wconf 86' lang='lat' dir='ltr'>nimirum</span> <span class='ocrx_word' id='word_1_33' title='bbox 1321 643 1578 699; x_wconf 81' lang='lat' dir='ltr'>habeant</span> <span class='ocrx_word' id='word_1_34' title='bbox 1603 643 2068 714; x_wconf 78' lang='lat' dir='ltr'>amplitudinem,</span> 
     </span>
    </p>
   </div>
   <div class='ocr_carea' id='block_1_7' title="bbox 421 729 2096 808">
    <p class='ocr_par' dir='ltr' id='par_1_7' title="bbox 421 733 2073 807">
     <span class='ocr_line' id='line_1_7' title="bbox 421 733 2073 807; baseline -0.003 -15"><span class='ocrx_word' id='word_1_35' title='bbox 421 737 517 792; x_wconf 83' lang='lat' dir='ltr'>sed</span> <span class='ocrx_word' id='word_1_36' title='bbox 545 752 731 807; x_wconf 90' lang='lat' dir='ltr'>neque</span> <span class='ocrx_word' id='word_1_37' title='bbox 774 737 961 791; x_wconf 70' lang='lat' dir='ltr'>211a</span> <span class='ocrx_word' id='word_1_38' title='bbox 1005 735 1226 789; x_wconf 90' lang='lat' dir='ltr'>ratione</span> <span class='ocrx_word' id='word_1_39' title='bbox 1268 739 1489 790; x_wconf 70' lang='lat' dir='ltr'>natura:</span> <span class='ocrx_word' id='word_1_40' title='bbox 1530 735 1781 807; x_wconf 90' lang='lat' dir='ltr'>gaudere</span> <span class='ocrx_word' id='word_1_41' title='bbox 1811 733 2073 804; x_wconf 86' lang='lat' dir='ltr'>singulas</span> 
     </span>
    </p>
   </div>
   <div class='ocr_carea' id='block_1_8' title="bbox 2208 729 3842 808">
    <p class='ocr_par' dir='ltr' id='par_1_8' title="bbox 2208 729 3842 808">
     <span class='ocr_line' id='line_1_8' title="bbox 2208 729 3842 808; baseline 0.001 -24"><span class='ocrx_word' id='word_1_42' title='bbox 2208 730 2369 804; x_wconf 74' lang='grc' dir='ltr'>ιέρασι</span> <span class='ocrx_word' id='word_1_43' title='bbox 2398 731 2487 784; x_wconf 76' lang='grc' dir='ltr'>καὶ</span> <span class='ocrx_word' id='word_1_44' title='bbox 2535 735 2650 791; x_wconf 83' lang='grc' dir='ltr'>τοῖς</span> <span class='ocrx_word' id='word_1_45' title='bbox 2683 731 2839 784; x_wconf 80' lang='grc' dir='ltr'>ποσὶν</span> <span class='ocrx_word' id='word_1_46' title='bbox 2901 729 3113 804; x_wconf 69' lang='grc' dir='ltr'>ἑτέρους</span> <span class='ocrx_word' id='word_1_47' title='bbox 3153 735 3231 802; x_wconf 79' lang='grc' dir='ltr'>τῷ</span> <span class='ocrx_word' id='word_1_48' title='bbox 3286 737 3388 800; x_wconf 78' lang='grc' dir='ltr'>τῆς</span> <span class='ocrx_word' id='word_1_49' title='bbox 3443 731 3655 808; x_wconf 65' lang='grc' dir='ltr'>φύσεως</span> <span class='ocrx_word' id='word_1_50' title='bbox 3703 733 3842 805; x_wconf 67' lang='grc' dir='ltr'>σχή-</span> 
     </span>
    </p>
   </div>
   <div class='ocr_carea' id='block_1_9' title="bbox 420 817 2096 897">
    <p class='ocr_par' dir='ltr' id='par_1_9' title="bbox 420 821 2073 897">
     <span class='ocr_line' id='line_1_9' title="bbox 420 821 2073 897; baseline -0.002 -17"><span class='ocrx_word' id='word_1_51' title='bbox 420 825 684 897; x_wconf 83' lang='lat' dir='ltr'>signiferi</span> <span class='ocrx_word' id='word_1_52' title='bbox 703 830 893 895; x_wconf 86' lang='lat' dir='ltr'>partes</span> <span class='ocrx_word' id='word_1_53' title='bbox 915 823 1157 894; x_wconf 78' lang='lat' dir='ltr'>singulis</span> <span class='ocrx_word' id='word_1_54' title='bbox 1175 833 1334 878; x_wconf 54' lang='lat' dir='ltr'>terra?</span> <span class='ocrx_word' id='word_1_55' title='bbox 1351 824 1636 896; x_wconf 88' lang='lat' dir='ltr'>partibus,</span> <span class='ocrx_word' id='word_1_56' title='bbox 1656 824 1869 879; x_wconf 79' lang='lat' dir='ltr'>frustra</span> <span class='ocrx_word' id='word_1_57' title='bbox 1883 839 1973 878; x_wconf 91' lang='lat' dir='ltr'>om</span> <span class='ocrx_word' id='word_1_58' title='bbox 1986 821 2073 878; x_wconf 88' lang='lat' dir='ltr'>ni-</span> 
     </span>
    </p>
   </div>
   <div class='ocr_carea' id='block_1_10' title="bbox 2208 817 2796 897">
    <p class='ocr_par' dir='ltr' id='par_1_10' title="bbox 2208 817 2796 894">
     <span class='ocr_line' id='line_1_10' title="bbox 2208 817 2796 894; baseline 0.005 -22"><span class='ocrx_word' id='word_1_59' title='bbox 2208 840 2315 873; x_wconf 82' lang='grc' dir='ltr'>ιατι</span> <span class='ocrx_word' id='word_1_60' title='bbox 2351 817 2796 894; x_wconf 68' lang='grc' dir='ltr'>παραπλησίους.</span> 
     </span>
    </p>
   </div>
   <div class='ocr_carea' id='block_1_11' title="bbox 420 909 3840 985">
    <p class='ocr_par' dir='ltr' id='par_1_11' title="bbox 420 909 3840 985">
     <span class='ocr_line' id='line_1_11' title="bbox 420 909 3840 985; baseline -0.001 -16"><span class='ocrx_word' id='word_1_61' title='bbox 420 932 495 970; x_wconf 91' lang='lat' dir='ltr'>no</span> <span class='ocrx_word' id='word_1_62' title='bbox 521 915 682 985; x_wconf 88' lang='lat' dir='ltr'>juxta</span> <span class='ocrx_word' id='word_1_63' title='bbox 713 914 929 985; x_wconf 81' lang='lat' dir='ltr'>ﬁguras</span> <span class='ocrx_word' id='word_1_64' title='bbox 960 913 1287 984; x_wconf 88' lang='lat' dir='ltr'>signorum,</span> <span class='ocrx_word' id='word_1_65' title='bbox 1320 912 1490 968; x_wconf 84' lang='lat' dir='ltr'>etiam</span> <span class='ocrx_word' id='word_1_66' title='bbox 1519 917 1681 968; x_wconf 65' lang='lat' dir='ltr'>terrae</span> <span class='ocrx_word' id='word_1_67' title='bbox 1715 914 1839 968; x_wconf 87' lang='lat' dir='ltr'>loca</span> <span class='ocrx_word' id='word_1_68' title='bbox 1869 910 2227 966; x_wconf 86' lang='lat' dir='ltr'>distribuunt</span> <span class='ocrx_word' id='word_1_69' title='bbox 2255 927 2267 963; x_wconf 91' lang='lat'>:</span> <span class='ocrx_word' id='word_1_70' title='bbox 2302 915 2365 965; x_wconf 92' lang='lat' dir='ltr'>ut</span> <span class='ocrx_word' id='word_1_71' title='bbox 2395 927 2527 965; x_wconf 93' lang='lat' dir='ltr'>cum</span> <span class='ocrx_word' id='word_1_72' title='bbox 2560 913 2752 965; x_wconf 89' lang='lat' dir='ltr'>cancri</span> <span class='ocrx_word' id='word_1_73' title='bbox 2783 909 2965 965; x_wconf 89' lang='lat' dir='ltr'>cbelis</span> <span class='ocrx_word' id='word_1_74' title='bbox 2999 911 3118 965; x_wconf 84' lang='lat' dir='ltr'>sive</span> <span class='ocrx_word' id='word_1_75' title='bbox 3142 909 3460 982; x_wconf 73' lang='lat' dir='ltr'>forcipibus</span> <span class='ocrx_word' id='word_1_76' title='bbox 3503 911 3840 968; x_wconf 85' lang='lat' dir='ltr'>eminentes</span> 
     </span>
    </p>
   </div>
   <div class='ocr_carea' id='block_1_12' title="bbox 423 1001 3848 1078">
    <p class='ocr_par' dir='ltr' id='par_1_12' title="bbox 423 1001 3848 1078">
     <span class='ocr_line' id='line_1_12' title="bbox 423 1001 3848 1078; baseline -0.001 -16"><span class='ocrx_word' id='word_1_77' title='bbox 423 1006 704 1078; x_wconf 82' lang='lat' dir='ltr'>quaedam</span> <span class='ocrx_word' id='word_1_78' title='bbox 740 1017 908 1078; x_wconf 81' lang='lat' dir='ltr'>atque</span> <span class='ocrx_word' id='word_1_79' title='bbox 939 1009 1306 1075; x_wconf 81' lang='lat' dir='ltr'>exporrectas</span> <span class='ocrx_word' id='word_1_80' title='bbox 1336 1009 1495 1059; x_wconf 80' lang='lat' dir='ltr'>extra</span> <span class='ocrx_word' id='word_1_81' title='bbox 1552 1003 1729 1059; x_wconf 89' lang='lat' dir='ltr'>totius</span> <span class='ocrx_word' id='word_1_82' title='bbox 1788 1002 2001 1058; x_wconf 90' lang='lat' dir='ltr'>molem</span> <span class='ocrx_word' id='word_1_83' title='bbox 2060 1006 2253 1073; x_wconf 88' lang='lat' dir='ltr'>partes</span> <span class='ocrx_word' id='word_1_84' title='bbox 2312 1002 2669 1057; x_wconf 90' lang='lat' dir='ltr'>attribuunt:</span> <span class='ocrx_word' id='word_1_85' title='bbox 2704 1005 2762 1057; x_wconf 91' lang='lat' dir='ltr'>et</span> <span class='ocrx_word' id='word_1_86' title='bbox 2818 1001 2970 1057; x_wconf 88' lang='lat' dir='ltr'>tauri</span> <span class='ocrx_word' id='word_1_87' title='bbox 3029 1017 3268 1056; x_wconf 85' lang='lat' dir='ltr'>rursum</span> <span class='ocrx_word' id='word_1_88' title='bbox 3325 1002 3605 1058; x_wconf 90' lang='lat' dir='ltr'>cornibus</span> <span class='ocrx_word' id='word_1_89' title='bbox 3637 1019 3703 1058; x_wconf 89' lang='lat' dir='ltr'>ac</span> <span class='ocrx_word' id='word_1_90' title='bbox 3739 1019 3848 1073; x_wconf 86' lang='lat' dir='ltr'>pe-</span> 
     </span>
    </p>
   </div>
   <div class='ocr_carea' id='block_1_13' title="bbox 423 1091 2974 1169">
    <p class='ocr_par' dir='ltr' id='par_1_13' title="bbox 423 1091 2974 1169">
     <span class='ocr_line' id='line_1_13' title="bbox 423 1091 2974 1169; baseline -0.002 -17"><span class='ocrx_word' id='word_1_91' title='bbox 423 1097 597 1153; x_wconf 86' lang='lat' dir='ltr'>dibus</span> <span class='ocrx_word' id='word_1_92' title='bbox 630 1094 744 1150; x_wconf 90' lang='lat' dir='ltr'>alia</span> <span class='ocrx_word' id='word_1_93' title='bbox 776 1096 1036 1166; x_wconf 74' lang='lat' dir='ltr'>quaedam</span> <span class='ocrx_word' id='word_1_94' title='bbox 1070 1095 1218 1162; x_wconf 91' lang='lat' dir='ltr'>loca,</span> <span class='ocrx_word' id='word_1_95' title='bbox 1250 1110 1375 1165; x_wconf 71' lang='lat' dir='ltr'>qua:</span> <span class='ocrx_word' id='word_1_96' title='bbox 1408 1095 1647 1165; x_wconf 90' lang='lat' dir='ltr'>propius</span> <span class='ocrx_word' id='word_1_97' title='bbox 1679 1095 1751 1149; x_wconf 89' lang='lat' dir='ltr'>ad</span> <span class='ocrx_word' id='word_1_98' title='bbox 1791 1091 2118 1169; x_wconf 79' lang='lat' dir='ltr'>naturalem</span> <span class='ocrx_word' id='word_1_99' title='bbox 2158 1091 2361 1146; x_wconf 90' lang='lat' dir='ltr'>borum</span> <span class='ocrx_word' id='word_1_100' title='bbox 2397 1093 2644 1158; x_wconf 69' lang='lat' dir='ltr'>figuram</span> <span class='ocrx_word' id='word_1_101' title='bbox 2677 1092 2974 1148; x_wconf 81' lang='lat' dir='ltr'>accedant.</span> 
     </span>
    </p>
   </div>
   <div class='ocr_carea' id='block_1_14' title="bbox 2179 548 3846 625">
    <p class='ocr_par' dir='ltr' id='par_1_14' title="bbox 2179 548 3846 625">
     <span class='ocr_line' id='line_1_14' title="bbox 2179 548 3846 625; baseline 0.002 -21"><span class='ocrx_word' id='word_1_102' title='bbox 2179 556 2300 611; x_wconf 84' lang='grc' dir='ltr'>ταῖς</span> <span class='ocrx_word' id='word_1_103' title='bbox 2337 551 2429 623; x_wconf 78' lang='grc' dir='ltr'>μὲν</span> <span class='ocrx_word' id='word_1_104' title='bbox 2463 555 2559 605; x_wconf 74' lang='grc' dir='ltr'>τοῦ</span> <span class='ocrx_word' id='word_1_105' title='bbox 2616 549 2876 625; x_wconf 87' lang='grc' dir='ltr'>καρκίνου</span> <span class='ocrx_word' id='word_1_106' title='bbox 2914 548 3123 624; x_wconf 77' lang='grc' dir='ltr'>χηλαῖς</span> <span class='ocrx_word' id='word_1_107' title='bbox 3173 549 3367 625; x_wconf 81' lang='grc' dir='ltr'>ἐξοχάς</span> <span class='ocrx_word' id='word_1_108' title='bbox 3416 573 3563 614; x_wconf 89' lang='grc' dir='ltr'>τινας</span> <span class='ocrx_word' id='word_1_109' title='bbox 3613 553 3707 606; x_wconf 79' lang='grc' dir='ltr'>καὶ</span> <span class='ocrx_word' id='word_1_110' title='bbox 3758 551 3846 607; x_wconf 77' lang='grc' dir='ltr'>ἐκο</span> 
     </span>
    </p>
   </div>
   <div class='ocr_carea' id='block_1_15' title="bbox 2180 639 3845 716">
    <p class='ocr_par' dir='ltr' id='par_1_15' title="bbox 2180 639 3845 716">
     <span class='ocr_line' id='line_1_15' title="bbox 2180 639 3845 716; baseline 0.001 -21"><span class='ocrx_word' id='word_1_111' title='bbox 2180 641 2358 702; x_wconf 88' lang='grc' dir='ltr'>τάσεις</span> <span class='ocrx_word' id='word_1_112' title='bbox 2389 641 2539 702; x_wconf 79' lang='grc' dir='ltr'>ἐκτὸς</span> <span class='ocrx_word' id='word_1_113' title='bbox 2579 645 2674 695; x_wconf 75' lang='grc' dir='ltr'>τοῦ</span> <span class='ocrx_word' id='word_1_114' title='bbox 2724 639 2863 694; x_wconf 78' lang='grc' dir='ltr'>ὅλου</span> <span class='ocrx_word' id='word_1_115' title='bbox 2907 640 3182 715; x_wconf 84' lang='grc' dir='ltr'>μεγέθους,</span> <span class='ocrx_word' id='word_1_116' title='bbox 3213 647 3327 703; x_wconf 81' lang='grc' dir='ltr'>τοῖς</span> <span class='ocrx_word' id='word_1_117' title='bbox 3379 639 3436 696; x_wconf 78' lang='grc' dir='ltr'>δὲ</span> <span class='ocrx_word' id='word_1_118' title='bbox 3490 646 3586 696; x_wconf 71' lang='grc' dir='ltr'>τοῦ</span> <span class='ocrx_word' id='word_1_119' title='bbox 3631 643 3845 716; x_wconf 65' lang='grc' dir='ltr'>ταύρου</span> 
     </span>
    </p>
   </div>
   <div class='ocr_carea' id='block_1_16' title="bbox 499 1183 2074 1256">
    <p class='ocr_par' dir='ltr' id='par_1_16' title="bbox 499 1183 2074 1256">
     <span class='ocr_line' id='line_1_16' title="bbox 499 1183 2074 1256; baseline -0.003 -16"><span class='ocrx_word' id='word_1_120' title='bbox 499 1186 711 1241; x_wconf 73' lang='lat' dir='ltr'>Adbaec</span> <span class='ocrx_word' id='word_1_121' title='bbox 739 1185 829 1255; x_wconf 82' lang='lat' dir='ltr'>[si]</span> <span class='ocrx_word' id='word_1_122' title='bbox 863 1184 1095 1255; x_wconf 89' lang='lat' dir='ltr'>singula</span> <span class='ocrx_word' id='word_1_123' title='bbox 1126 1183 1386 1256; x_wconf 81' lang='lat' dir='ltr'>signiferi</span> <span class='ocrx_word' id='word_1_124' title='bbox 1419 1184 1590 1256; x_wconf 88' lang='lat' dir='ltr'>signa</span> <span class='ocrx_word' id='word_1_125' title='bbox 1622 1183 1870 1254; x_wconf 87' lang='lat' dir='ltr'>singulis</span> <span class='ocrx_word' id='word_1_126' title='bbox 1909 1186 2074 1238; x_wconf 64' lang='lat' dir='ltr'>terra)</span> 
     </span>
    </p>
   </div>
   <div class='ocr_carea' id='block_1_17' title="bbox 428 1271 2077 1344">
    <p class='ocr_par' dir='ltr' id='par_1_17' title="bbox 428 1271 2077 1344">
     <span class='ocr_line' id='line_1_17' title="bbox 428 1271 2077 1344; baseline -0.002 -14"><span class='ocrx_word' id='word_1_127' title='bbox 428 1273 805 1338; x_wconf 83' lang='lat' dir='ltr'>sectionibus,</span> <span class='ocrx_word' id='word_1_128' title='bbox 840 1274 922 1328; x_wconf 89' lang='lat' dir='ltr'>ita</span> <span class='ocrx_word' id='word_1_129' title='bbox 951 1278 1172 1328; x_wconf 79' lang='lat' dir='ltr'>naturze</span> <span class='ocrx_word' id='word_1_130' title='bbox 1205 1273 1424 1328; x_wconf 80' lang='lat' dir='ltr'>ratione</span> <span class='ocrx_word' id='word_1_131' title='bbox 1455 1273 1764 1344; x_wconf 86' lang='lat' dir='ltr'>gaudeant,</span> <span class='ocrx_word' id='word_1_132' title='bbox 1801 1278 1864 1327; x_wconf 91' lang='lat' dir='ltr'>ut</span> <span class='ocrx_word' id='word_1_133' title='bbox 1894 1276 1950 1327; x_wconf 87' lang='lat' dir='ltr'>et</span> <span class='ocrx_word' id='word_1_134' title='bbox 1982 1271 2077 1326; x_wconf 79' lang='lat' dir='ltr'>lae-</span> 
     </span>
    </p>
   </div>
   <div class='ocr_carea' id='block_1_18' title="bbox 430 1360 2078 1433">
    <p class='ocr_par' dir='ltr' id='par_1_18' title="bbox 430 1360 2078 1433">
     <span class='ocr_line' id='line_1_18' title="bbox 430 1360 2078 1433; baseline -0.002 -16"><span class='ocrx_word' id='word_1_135' title='bbox 430 1364 574 1418; x_wconf 88' lang='lat' dir='ltr'>dant</span> <span class='ocrx_word' id='word_1_136' title='bbox 603 1364 727 1433; x_wconf 89' lang='lat' dir='ltr'>ejus</span> <span class='ocrx_word' id='word_1_137' title='bbox 759 1369 951 1432; x_wconf 90' lang='lat' dir='ltr'>partes</span> <span class='ocrx_word' id='word_1_138' title='bbox 983 1379 1048 1417; x_wconf 91' lang='lat' dir='ltr'>ac</span> <span class='ocrx_word' id='word_1_139' title='bbox 1080 1363 1306 1428; x_wconf 90' lang='lat' dir='ltr'>vitient,</span> <span class='ocrx_word' id='word_1_140' title='bbox 1345 1364 1432 1418; x_wconf 90' lang='lat' dir='ltr'>vel</span> <span class='ocrx_word' id='word_1_141' title='bbox 1464 1368 1626 1418; x_wconf 84' lang='lat' dir='ltr'>terrae</span> <span class='ocrx_word' id='word_1_142' title='bbox 1679 1361 1957 1429; x_wconf 86' lang='lat' dir='ltr'>motibus,</span> <span class='ocrx_word' id='word_1_143' title='bbox 1989 1360 2078 1415; x_wconf 89' lang='lat' dir='ltr'>vel</span> 
     </span>
    </p>
   </div>
   <div class='ocr_carea' id='block_1_19' title="bbox 427 1451 2079 1525">
    <p class='ocr_par' dir='ltr' id='par_1_19' title="bbox 427 1451 2079 1525">
     <span class='ocr_line' id='line_1_19' title="bbox 427 1451 2079 1525; baseline -0.002 -15"><span class='ocrx_word' id='word_1_144' title='bbox 427 1454 618 1518; x_wconf 85' lang='lat' dir='ltr'>bellis,</span> <span class='ocrx_word' id='word_1_145' title='bbox 639 1453 721 1508; x_wconf 89' lang='lat' dir='ltr'>vel</span> <span class='ocrx_word' id='word_1_146' title='bbox 745 1453 899 1525; x_wconf 85' lang='lat' dir='ltr'>ignis</span> <span class='ocrx_word' id='word_1_147' title='bbox 927 1453 1373 1519; x_wconf 84' lang='lat' dir='ltr'>vastationibus,</span> <span class='ocrx_word' id='word_1_148' title='bbox 1393 1452 1482 1508; x_wconf 87' lang='lat' dir='ltr'>vel</span> <span class='ocrx_word' id='word_1_149' title='bbox 1505 1453 1834 1519; x_wconf 87' lang='lat' dir='ltr'>sterilitate,</span> <span class='ocrx_word' id='word_1_150' title='bbox 1853 1451 2079 1524; x_wconf 91' lang='lat' dir='ltr'>quoties</span> 
     </span>
    </p>
   </div>
   <div class='ocr_carea' id='block_1_20' title="bbox 423 1542 2080 1615">
    <p class='ocr_par' dir='ltr' id='par_1_20' title="bbox 423 1542 2080 1615">
     <span class='ocr_line' id='line_1_20' title="bbox 423 1542 2080 1615; baseline -0.002 -15"><span class='ocrx_word' id='word_1_151' title='bbox 423 1544 740 1615; x_wconf 84' lang='lat' dir='ltr'>malignum</span> <span class='ocrx_word' id='word_1_152' title='bbox 774 1543 1009 1613; x_wconf 82' lang='lat' dir='ltr'>aliquod</span> <span class='ocrx_word' id='word_1_153' title='bbox 1045 1542 1210 1598; x_wconf 89' lang='lat' dir='ltr'>sidus</span> <span class='ocrx_word' id='word_1_154' title='bbox 1243 1548 1506 1614; x_wconf 87' lang='lat' dir='ltr'>apparet,</span> <span class='ocrx_word' id='word_1_155' title='bbox 1536 1548 1592 1599; x_wconf 82' lang='lat' dir='ltr'>et</span> <span class='ocrx_word' id='word_1_156' title='bbox 1635 1549 1833 1598; x_wconf 87' lang='lat' dir='ltr'>contra</span> <span class='ocrx_word' id='word_1_157' title='bbox 1874 1543 2080 1612; x_wconf 82' lang='lat' dir='ltr'>juvant</span> 
     </span>
    </p>
   </div>
   <div class='ocr_carea' id='block_1_21' title="bbox 433 1633 2079 1702">
    <p class='ocr_par' dir='ltr' id='par_1_21' title="bbox 433 1633 2079 1702">
     <span class='ocr_line' id='line_1_21' title="bbox 433 1633 2079 1702; baseline -0.002 -13"><span class='ocrx_word' id='word_1_158' title='bbox 433 1634 704 1700; x_wconf 80' lang='lat' dir='ltr'>maxime,</span> <span class='ocrx_word' id='word_1_159' title='bbox 759 1633 1137 1702; x_wconf 80' lang='lat' dir='ltr'>agricultura,</span> <span class='ocrx_word' id='word_1_160' title='bbox 1186 1634 1588 1699; x_wconf 61' lang='lat' dir='ltr'>aedificatione,</span> <span class='ocrx_word' id='word_1_161' title='bbox 1624 1634 1905 1699; x_wconf 87' lang='lat' dir='ltr'>ubertate,</span> <span class='ocrx_word' id='word_1_162' title='bbox 1939 1633 2079 1686; x_wconf 90' lang='lat' dir='ltr'>dum</span> 
     </span>
    </p>
   </div>
   <div class='ocr_carea' id='block_1_22' title="bbox 433 1721 2079 1794">
    <p class='ocr_par' dir='ltr' id='par_1_22' title="bbox 433 1721 2079 1794">
     <span class='ocr_line' id='line_1_22' title="bbox 433 1721 2079 1794; baseline -0.002 -16"><span class='ocrx_word' id='word_1_163' title='bbox 433 1721 752 1794; x_wconf 81' lang='lat' dir='ltr'>benignum</span> <span class='ocrx_word' id='word_1_164' title='bbox 785 1723 1020 1794; x_wconf 85' lang='lat' dir='ltr'>aliquod</span> <span class='ocrx_word' id='word_1_165' title='bbox 1054 1723 1220 1779; x_wconf 88' lang='lat' dir='ltr'>sidus</span> <span class='ocrx_word' id='word_1_166' title='bbox 1251 1724 1322 1778; x_wconf 90' lang='lat' dir='ltr'>ad</span> <span class='ocrx_word' id='word_1_167' title='bbox 1347 1740 1443 1779; x_wconf 90' lang='lat' dir='ltr'>eas</span> <span class='ocrx_word' id='word_1_168' title='bbox 1466 1724 1761 1791; x_wconf 85' lang='lat' dir='ltr'>defertur;</span> <span class='ocrx_word' id='word_1_169' title='bbox 1786 1721 2079 1793; x_wconf 85' lang='lat' dir='ltr'>quomodo</span> 
     </span>
    </p>
   </div>
   <div class='ocr_carea' id='block_1_23' title="bbox 433 1811 2080 1884">
    <p class='ocr_par' dir='ltr' id='par_1_23' title="bbox 433 1811 2080 1884">
     <span class='ocr_line' id='line_1_23' title="bbox 433 1811 2080 1884; baseline -0.003 -16"><span class='ocrx_word' id='word_1_170' title='bbox 433 1812 630 1868; x_wconf 78' lang='lat' dir='ltr'>adbzec</span> <span class='ocrx_word' id='word_1_171' title='bbox 663 1811 788 1868; x_wconf 90' lang='lat' dir='ltr'>loca</span> <span class='ocrx_word' id='word_1_172' title='bbox 830 1813 1091 1882; x_wconf 60' lang='lat' dir='ltr'>quaedam</span> <span class='ocrx_word' id='word_1_173' title='bbox 1144 1813 1534 1883; x_wconf 89' lang='lat' dir='ltr'>reperiuntur,</span> <span class='ocrx_word' id='word_1_174' title='bbox 1569 1830 1697 1884; x_wconf 66' lang='lat' dir='ltr'>quae</span> <span class='ocrx_word' id='word_1_175' title='bbox 1730 1813 1801 1868; x_wconf 93' lang='lat' dir='ltr'>ob</span> <span class='ocrx_word' id='word_1_176' title='bbox 1835 1811 2080 1866; x_wconf 91' lang='lat' dir='ltr'>nimium</span> 
     </span>
    </p>
   </div>
   <div class='ocr_carea' id='block_1_24' title="bbox 2260 1177 3844 1256">
    <p class='ocr_par' dir='ltr' id='par_1_24' title="bbox 2260 1177 3844 1256">
     <span class='ocr_line' id='line_1_24' title="bbox 2260 1177 3844 1256; baseline 0.001 -22"><span class='ocrx_word' id='word_1_177' title='bbox 2260 1186 2379 1234; x_wconf 84' lang='grc' dir='ltr'>’Έτι</span> <span class='ocrx_word' id='word_1_178' title='bbox 2437 1177 2494 1234; x_wconf 70' lang='grc' dir='ltr'>δὲ</span> <span class='ocrx_word' id='word_1_179' title='bbox 2553 1180 2598 1234; x_wconf 75' lang='grc' dir='ltr'>εἷ’</span> <span class='ocrx_word' id='word_1_180' title='bbox 2654 1182 2838 1256; x_wconf 79' lang='grc' dir='ltr'>χαίρει</span> <span class='ocrx_word' id='word_1_181' title='bbox 2905 1185 3013 1234; x_wconf 80' lang='grc' dir='ltr'>τῶν</span> <span class='ocrx_word' id='word_1_182' title='bbox 3058 1178 3268 1250; x_wconf 85' lang='grc' dir='ltr'>ζωδίων</span> <span class='ocrx_word' id='word_1_183' title='bbox 3309 1179 3535 1236; x_wconf 74' lang='grc' dir='ltr'>ἕκαστον</span> <span class='ocrx_word' id='word_1_184' title='bbox 3594 1186 3844 1254; x_wconf 64' lang='grc' dir='ltr'>φυσικῶς</span> 
     </span>
    </p>
   </div>
   <div class='ocr_carea' id='block_1_25' title="bbox 2186 1266 3846 1344">
    <p class='ocr_par' dir='ltr' id='par_1_25' title="bbox 2186 1266 3846 1344">
     <span class='ocr_line' id='line_1_25' title="bbox 2186 1266 3846 1344; baseline 0 -21"><span class='ocrx_word' id='word_1_185' title='bbox 2186 1268 2395 1341; x_wconf 70' lang='grc' dir='ltr'>ἑκάστῳ</span> <span class='ocrx_word' id='word_1_186' title='bbox 2457 1266 2606 1343; x_wconf 82' lang='grc' dir='ltr'>μέρει</span> <span class='ocrx_word' id='word_1_187' title='bbox 2663 1277 2763 1338; x_wconf 77' lang='grc' dir='ltr'>τῆς</span> <span class='ocrx_word' id='word_1_188' title='bbox 2801 1277 2929 1343; x_wconf 82' lang='grc' dir='ltr'>γῆς,</span> <span class='ocrx_word' id='word_1_189' title='bbox 2969 1270 3060 1324; x_wconf 88' lang='grc' dir='ltr'>καὶ</span> <span class='ocrx_word' id='word_1_190' title='bbox 3121 1269 3350 1343; x_wconf 77' lang='grc' dir='ltr'>βλάπτει</span> <span class='ocrx_word' id='word_1_191' title='bbox 3400 1271 3494 1344; x_wconf 75' lang='grc' dir='ltr'>μὲν</span> <span class='ocrx_word' id='word_1_192' title='bbox 3553 1269 3721 1338; x_wconf 69' lang='grc' dir='ltr'>αὐτῆς</span> <span class='ocrx_word' id='word_1_193' title='bbox 3779 1271 3846 1324; x_wconf 74' lang='grc' dir='ltr'>τά</span> 
     </span>
    </p>
   </div>
   <div class='ocr_carea' id='block_1_26' title="bbox 2191 1357 3848 1436">
    <p class='ocr_par' dir='ltr' id='par_1_26' title="bbox 2191 1357 3848 1436">
     <span class='ocr_line' id='line_1_26' title="bbox 2191 1357 3848 1436; baseline 0 -23"><span class='ocrx_word' id='word_1_194' title='bbox 2191 1357 2326 1432; x_wconf 87' lang='grc' dir='ltr'>μέρη</span> <span class='ocrx_word' id='word_1_195' title='bbox 2378 1357 2467 1412; x_wconf 82' lang='grc' dir='ltr'>καὶ</span> <span class='ocrx_word' id='word_1_196' title='bbox 2520 1359 2763 1436; x_wconf 71' lang='grc' dir='ltr'>ἀφανίζει</span> <span class='ocrx_word' id='word_1_197' title='bbox 2807 1359 2841 1427; x_wconf 70' lang='grc' dir='ltr'><strong>ἢ</strong></span> <span class='ocrx_word' id='word_1_198' title='bbox 2891 1365 3138 1431; x_wconf 83' lang='grc' dir='ltr'>σεισμοῖς</span> <span class='ocrx_word' id='word_1_199' title='bbox 3170 1361 3213 1394; x_wconf 73' lang='grc'><strong>⁸1</strong></span> <span class='ocrx_word' id='word_1_200' title='bbox 3310 1359 3581 1432; x_wconf 73' lang='grc' dir='ltr'>πολέμοις</span> <span class='ocrx_word' id='word_1_201' title='bbox 3624 1358 3658 1428; x_wconf 67' lang='grc' dir='ltr'><strong>ἢ</strong></span> <span class='ocrx_word' id='word_1_202' title='bbox 3699 1379 3848 1431; x_wconf 76' lang='grc' dir='ltr'>πυρ-</span> 
     </span>
    </p>
   </div>
   <div class='ocr_carea' id='block_1_27' title="bbox 2187 1447 3847 1527">
    <p class='ocr_par' dir='ltr' id='par_1_27' title="bbox 2187 1447 3847 1527">
     <span class='ocr_line' id='line_1_27' title="bbox 2187 1447 3847 1527; baseline 0.001 -26"><span class='ocrx_word' id='word_1_203' title='bbox 2187 1447 2483 1517; x_wconf 74' lang='grc' dir='ltr'>πολήσεσιν</span> <span class='ocrx_word' id='word_1_204' title='bbox 2535 1447 2568 1516; x_wconf 71' lang='grc' dir='ltr'><strong>ἢ</strong></span> <span class='ocrx_word' id='word_1_205' title='bbox 2630 1448 2884 1526; x_wconf 80' lang='grc' dir='ltr'>ἀφορίαις</span> <span class='ocrx_word' id='word_1_206' title='bbox 2951 1453 3252 1503; x_wconf 87' lang='grc' dir='ltr'>κακοποιοῦ</span> <span class='ocrx_word' id='word_1_207' title='bbox 3324 1448 3582 1527; x_wconf 73' lang='grc' dir='ltr'>φανέντος</span> <span class='ocrx_word' id='word_1_208' title='bbox 3641 1453 3740 1503; x_wconf 73' lang='grc' dir='ltr'>τοῦ</span> <span class='ocrx_word' id='word_1_209' title='bbox 3799 1449 3847 1484; x_wconf 53' lang='grc' dir='ltr'>εἴ</span> 
     </span>
    </p>
   </div>
   <div class='ocr_carea' id='block_1_28' title="bbox 2191 1536 3846 1614">
    <p class='ocr_par' dir='ltr' id='par_1_28' title="bbox 2191 1536 3846 1614">
     <span class='ocr_line' id='line_1_28' title="bbox 2191 1536 3846 1614; baseline -0.001 -22"><span class='ocrx_word' id='word_1_210' title='bbox 2191 1537 2427 1612; x_wconf 77' lang='grc' dir='ltr'>ἀστέρος,</span> <span class='ocrx_word' id='word_1_211' title='bbox 2465 1537 2668 1614; x_wconf 66' lang='grc' dir='ltr'>ὠφελεῖ</span> <span class='ocrx_word' id='word_1_212' title='bbox 2717 1536 2775 1592; x_wconf 73' lang='grc' dir='ltr'>δὲ</span> <span class='ocrx_word' id='word_1_213' title='bbox 2812 1539 2876 1592; x_wconf 71' lang='grc' dir='ltr'>τὰ</span> <span class='ocrx_word' id='word_1_214' title='bbox 2939 1538 3167 1614; x_wconf 86' lang='grc' dir='ltr'>μέγιστα</span> <span class='ocrx_word' id='word_1_215' title='bbox 3198 1543 3302 1592; x_wconf 79' lang='grc' dir='ltr'>τῶν</span> <span class='ocrx_word' id='word_1_216' title='bbox 3347 1538 3698 1612; x_wconf 72' lang='grc' dir='ltr'>ἀγαθοποιῶν</span> <span class='ocrx_word' id='word_1_217' title='bbox 3754 1562 3846 1593; x_wconf 85' lang='grc' dir='ltr'>τι-</span> 
     </span>
    </p>
   </div>
   <div class='ocr_carea' id='block_1_29' title="bbox 2189 1625 3844 1703">
    <p class='ocr_par' dir='ltr' id='par_1_29' title="bbox 2189 1625 3844 1703">
     <span class='ocr_line' id='line_1_29' title="bbox 2189 1625 3844 1703; baseline 0 -23"><span class='ocrx_word' id='word_1_218' title='bbox 2189 1648 2278 1688; x_wconf 89' lang='grc' dir='ltr'>νος</span> <span class='ocrx_word' id='word_1_219' title='bbox 2337 1627 2412 1687; x_wconf 78' lang='grc' dir='ltr'>εἷς</span> <span class='ocrx_word' id='word_1_220' title='bbox 2467 1626 2597 1681; x_wconf 81' lang='grc' dir='ltr'>αὐτὸ</span> <span class='ocrx_word' id='word_1_221' title='bbox 2663 1625 2988 1702; x_wconf 68' lang='grc' dir='ltr'>ἐρχομένου,</span> <span class='ocrx_word' id='word_1_222' title='bbox 3019 1627 3334 1703; x_wconf 76' lang='grc' dir='ltr'>γηπονίαις,</span> <span class='ocrx_word' id='word_1_223' title='bbox 3378 1627 3683 1703; x_wconf 68' lang='grc' dir='ltr'>εὐφορίαις,</span> <span class='ocrx_word' id='word_1_224' title='bbox 3724 1633 3844 1687; x_wconf 76' lang='grc' dir='ltr'>πῶς</span> 
     </span>
    </p>
   </div>
   <div class='ocr_carea' id='block_1_30' title="bbox 2192 1713 3846 1792">
    <p class='ocr_par' dir='ltr' id='par_1_30' title="bbox 2192 1713 3846 1792">
     <span class='ocr_line' id='line_1_30' title="bbox 2192 1713 3846 1792; baseline -0.001 -21"><span class='ocrx_word' id='word_1_225' title='bbox 2192 1717 2292 1771; x_wconf 71' lang='grc' dir='ltr'>εἶσι</span> <span class='ocrx_word' id='word_1_226' title='bbox 2331 1717 2490 1770; x_wconf 80' lang='grc' dir='ltr'>τόποι</span> <span class='ocrx_word' id='word_1_227' title='bbox 2522 1713 2610 1771; x_wconf 78' lang='grc' dir='ltr'>διὰ</span> <span class='ocrx_word' id='word_1_228' title='bbox 2638 1717 2832 1791; x_wconf 72' lang='grc' dir='ltr'>κρύους</span> <span class='ocrx_word' id='word_1_229' title='bbox 2865 1719 2899 1786; x_wconf 73' lang='grc' dir='ltr'><strong>ἢ</strong></span> <span class='ocrx_word' id='word_1_230' title='bbox 2933 1716 3175 1779; x_wconf 73' lang='grc' dir='ltr'>θάλπους</span> <span class='ocrx_word' id='word_1_231' title='bbox 3209 1713 3521 1792; x_wconf 69' lang='grc' dir='ltr'>ὑπερϐολὴν</span> <span class='ocrx_word' id='word_1_232' title='bbox 3567 1715 3656 1771; x_wconf 72' lang='grc' dir='ltr'>διὰ</span> <span class='ocrx_word' id='word_1_233' title='bbox 3704 1738 3846 1771; x_wconf 82' lang='grc' dir='ltr'>παν-</span> 
     </span>
    </p>
   </div>
   <div class='ocr_carea' id='block_1_31' title="bbox 2190 1803 3846 1879">
    <p class='ocr_par' dir='ltr' id='par_1_31' title="bbox 2190 1803 3846 1879">
     <span class='ocr_line' id='line_1_31' title="bbox 2190 1803 3846 1879; baseline 0 -20"><span class='ocrx_word' id='word_1_234' title='bbox 2190 1805 2280 1866; x_wconf 85' lang='grc' dir='ltr'>τὸς</span> <span class='ocrx_word' id='word_1_235' title='bbox 2337 1807 2550 1859; x_wconf 79' lang='grc' dir='ltr'>πάντων</span> <span class='ocrx_word' id='word_1_236' title='bbox 2615 1803 2836 1879; x_wconf 77' lang='grc' dir='ltr'>ἔρημοι,</span> <span class='ocrx_word' id='word_1_237' title='bbox 2891 1806 2980 1860; x_wconf 86' lang='grc' dir='ltr'>καὶ</span> <span class='ocrx_word' id='word_1_238' title='bbox 3057 1803 3180 1861; x_wconf 63' lang='grc' dir='ltr'>οὔτε</span> <span class='ocrx_word' id='word_1_239' title='bbox 3262 1806 3592 1879; x_wconf 79' lang='grc' dir='ltr'>ἀγαθοποιὸς</span> <span class='ocrx_word' id='word_1_240' title='bbox 3651 1805 3846 1866; x_wconf 69' lang='grc' dir='ltr'>αὐτοῖς</span> 
     </span>
    </p>
   </div>
   <div class='ocr_carea' id='block_1_32' title="bbox 433 1891 2096 1997">
    <p class='ocr_par' dir='ltr' id='par_1_32' title="bbox 433 1901 2083 1973">
     <span class='ocr_line' id='line_1_32' title="bbox 433 1901 2083 1973; baseline -0.001 -17"><span class='ocrx_word' id='word_1_241' title='bbox 433 1901 556 1957; x_wconf 87' lang='lat' dir='ltr'>sive</span> <span class='ocrx_word' id='word_1_242' title='bbox 591 1901 799 1973; x_wconf 87' lang='lat' dir='ltr'>frigus,</span> <span class='ocrx_word' id='word_1_243' title='bbox 833 1901 956 1956; x_wconf 85' lang='lat' dir='ltr'>sive</span> <span class='ocrx_word' id='word_1_244' title='bbox 986 1902 1237 1957; x_wconf 89' lang='lat' dir='ltr'>calorem</span> <span class='ocrx_word' id='word_1_245' title='bbox 1271 1902 1508 1957; x_wconf 86' lang='lat' dir='ltr'>omnino</span> <span class='ocrx_word' id='word_1_246' title='bbox 1543 1903 1774 1957; x_wconf 88' lang='lat' dir='ltr'>deserta</span> <span class='ocrx_word' id='word_1_247' title='bbox 1805 1905 2083 1972; x_wconf 88' lang='lat' dir='ltr'>perpetuo</span> 
     </span>
    </p>
   </div>
   <div class='ocr_carea' id='block_1_33' title="bbox 2208 1891 3848 1997">
    <p class='ocr_par' dir='ltr' id='par_1_33' title="bbox 2208 1891 3848 1997">
     <span class='ocr_line' id='line_1_33' title="bbox 2208 1891 3848 1970; baseline -0.002 -21"><span class='ocrx_word' id='word_1_248' title='bbox 2208 1892 2382 1970; x_wconf 72' lang='grc' dir='ltr'>ἱφεῖλε</span> <span class='ocrx_word' id='word_1_249' title='bbox 2439 1895 2534 1962; x_wconf 70' lang='grc' dir='ltr'>τὴν</span> <span class='ocrx_word' id='word_1_250' title='bbox 2604 1893 2862 1968; x_wconf 76' lang='grc' dir='ltr'>ἐρημίαν,</span> <span class='ocrx_word' id='word_1_251' title='bbox 2893 1895 3138 1968; x_wconf 83' lang='grc' dir='ltr'>παρέσχε</span> <span class='ocrx_word' id='word_1_252' title='bbox 3187 1891 3244 1948; x_wconf 77' lang='grc' dir='ltr'>δὲ</span> <span class='ocrx_word' id='word_1_253' title='bbox 3290 1895 3388 1963; x_wconf 74' lang='grc' dir='ltr'>τὴν</span> <span class='ocrx_word' id='word_1_254' title='bbox 3435 1894 3719 1966; x_wconf 77' lang='grc' dir='ltr'>εὐκρασίαν</span> <span class='ocrx_word' id='word_1_255' title='bbox 3774 1897 3848 1961; x_wconf 70' lang='lat'>53,</span> 
     </span>
     <span class='ocr_line' id='line_1_34' title="bbox 2231 1979 3693 1997; baseline 0.001 -1"><span class='ocrx_word' id='word_1_256' title='bbox 2231 1979 2255 1996; x_wconf 74' lang='grc' dir='ltr'>ν</span> <span class='ocrx_word' id='word_1_257' title='bbox 2413 1979 2422 1994; x_wconf 78' lang='grc'>.</span> <span class='ocrx_word' id='word_1_258' title='bbox 2539 1981 2552 1997; x_wconf 81' lang='lat'>.</span> <span class='ocrx_word' id='word_1_259' title='bbox 2678 1983 2686 1997; x_wconf 82' lang='lat'>.</span> <span class='ocrx_word' id='word_1_260' title='bbox 2911 1983 2921 1997; x_wconf 86' lang='lat'>.</span> <span class='ocrx_word' id='word_1_261' title='bbox 3356 1982 3367 1997; x_wconf 86' lang='lat'>.</span> <span class='ocrx_word' id='word_1_262' title='bbox 3503 1979 3556 1997; x_wconf 59' lang='grc' dir='ltr'>..ς</span> <span class='ocrx_word' id='word_1_263' title='bbox 3590 1984 3602 1997; x_wconf 84' lang='grc'><em>.</em></span> <span class='ocrx_word' id='word_1_264' title='bbox 3679 1981 3693 1997; x_wconf 88' lang='lat'>.</span> 
     </span>
    </p>
   </div>
   <div class='ocr_carea' id='block_1_34' title="bbox 435 1990 2086 2060">
    <p class='ocr_par' dir='ltr' id='par_1_34' title="bbox 435 1990 2086 2060">
     <span class='ocr_line' id='line_1_35' title="bbox 435 1990 2086 2060; baseline 0.002 -16"><span class='ocrx_word' id='word_1_265' title='bbox 435 1995 778 2045; x_wconf 88' lang='lat' dir='ltr'>remanent:</span> <span class='ocrx_word' id='word_1_266' title='bbox 826 2005 1014 2060; x_wconf 89' lang='lat' dir='ltr'>neque</span> <span class='ocrx_word' id='word_1_267' title='bbox 1061 1990 1146 2045; x_wconf 88' lang='lat' dir='ltr'>vel</span> <span class='ocrx_word' id='word_1_268' title='bbox 1197 1991 1522 2046; x_wconf 84' lang='lat' dir='ltr'>beneﬁcum</span> <span class='ocrx_word' id='word_1_269' title='bbox 1578 1990 1810 2060; x_wconf 84' lang='lat' dir='ltr'>aliquod</span> <span class='ocrx_word' id='word_1_270' title='bbox 1859 1996 2086 2047; x_wconf 88' lang='lat' dir='ltr'>astrum</span> 
     </span>
    </p>
   </div>
   <div class='ocr_carea' id='block_1_35' title="bbox 435 2077 2084 2148">
    <p class='ocr_par' dir='ltr' id='par_1_35' title="bbox 435 2077 2084 2148">
     <span class='ocr_line' id='line_1_36' title="bbox 435 2077 2084 2148; baseline 0.001 -14"><span class='ocrx_word' id='word_1_271' title='bbox 435 2077 666 2135; x_wconf 82' lang='lat' dir='ltr'>sublata</span> <span class='ocrx_word' id='word_1_272' title='bbox 708 2077 1017 2133; x_wconf 81' lang='lat' dir='ltr'>solitudine</span> <span class='ocrx_word' id='word_1_273' title='bbox 1065 2078 1402 2148; x_wconf 89' lang='lat' dir='ltr'>temperiem</span> <span class='ocrx_word' id='word_1_274' title='bbox 1455 2078 1616 2134; x_wconf 89' lang='lat' dir='ltr'>bisce</span> <span class='ocrx_word' id='word_1_275' title='bbox 1647 2079 1860 2146; x_wconf 89' lang='lat' dir='ltr'>attulit,</span> <span class='ocrx_word' id='word_1_276' title='bbox 1895 2082 1983 2136; x_wconf 90' lang='lat' dir='ltr'>vel</span> <span class='ocrx_word' id='word_1_277' title='bbox 2015 2083 2084 2136; x_wconf 89' lang='lat' dir='ltr'>ad</span> 
     </span>
    </p>
   </div>
   <div class='ocr_carea' id='block_1_36' title="bbox 434 2164 2085 2238">
    <p class='ocr_par' dir='ltr' id='par_1_36' title="bbox 434 2164 2085 2238">
     <span class='ocr_line' id='line_1_37' title="bbox 434 2164 2085 2238; baseline 0.003 -17"><span class='ocrx_word' id='word_1_278' title='bbox 434 2164 784 2221; x_wconf 85' lang='lat' dir='ltr'>habitabiles</span> <span class='ocrx_word' id='word_1_279' title='bbox 829 2166 986 2222; x_wconf 84' lang='lat' dir='ltr'>locos</span> <span class='ocrx_word' id='word_1_280' title='bbox 1020 2167 1343 2238; x_wconf 88' lang='lat' dir='ltr'>malignum</span> <span class='ocrx_word' id='word_1_281' title='bbox 1379 2167 1614 2238; x_wconf 88' lang='lat' dir='ltr'>signum</span> <span class='ocrx_word' id='word_1_282' title='bbox 1649 2170 1992 2236; x_wconf 87' lang='lat' dir='ltr'>ascendens,</span> <span class='ocrx_word' id='word_1_283' title='bbox 2029 2170 2085 2226; x_wconf 92' lang='lat' dir='ltr'>in</span> 
     </span>
    </p>
   </div>
   <div class='ocr_carea' id='block_1_37' title="bbox 434 2252 2086 2328">
    <p class='ocr_par' dir='ltr' id='par_1_37' title="bbox 434 2252 2086 2328">
     <span class='ocr_line' id='line_1_38' title="bbox 434 2252 2086 2328; baseline 0.002 -18"><span class='ocrx_word' id='word_1_284' title='bbox 434 2270 652 2310; x_wconf 89' lang='lat' dir='ltr'>meram</span> <span class='ocrx_word' id='word_1_285' title='bbox 677 2270 773 2310; x_wconf 88' lang='lat' dir='ltr'>eos</span> <span class='ocrx_word' id='word_1_286' title='bbox 807 2254 1176 2310; x_wconf 88' lang='lat' dir='ltr'>solitudinem</span> <span class='ocrx_word' id='word_1_287' title='bbox 1209 2272 1274 2310; x_wconf 88' lang='lat' dir='ltr'>ac</span> <span class='ocrx_word' id='word_1_288' title='bbox 1304 2256 1633 2312; x_wconf 85' lang='lat' dir='ltr'>vastitatem</span> <span class='ocrx_word' id='word_1_289' title='bbox 1667 2257 1936 2328; x_wconf 85' lang='lat' dir='ltr'>redegit?</span> <span class='ocrx_word' id='word_1_290' title='bbox 1967 2252 2086 2315; x_wconf 74' lang='lat' dir='ltr'>Etsi</span> 
     </span>
    </p>
   </div>
   <div class='ocr_carea' id='block_1_38' title="bbox 434 2343 2089 2418">
    <p class='ocr_par' dir='ltr' id='par_1_38' title="bbox 434 2343 2089 2418">
     <span class='ocr_line' id='line_1_39' title="bbox 434 2343 2089 2418; baseline 0.001 -19"><span class='ocrx_word' id='word_1_291' title='bbox 434 2344 589 2400; x_wconf 89' lang='lat' dir='ltr'>enim</span> <span class='ocrx_word' id='word_1_292' title='bbox 624 2343 714 2398; x_wconf 92' lang='lat' dir='ltr'>bic</span> <span class='ocrx_word' id='word_1_293' title='bbox 745 2344 1099 2415; x_wconf 82' lang='lat' dir='ltr'>contigerint</span> <span class='ocrx_word' id='word_1_294' title='bbox 1122 2345 1436 2414; x_wconf 87' lang='lat' dir='ltr'>aliquando</span> <span class='ocrx_word' id='word_1_295' title='bbox 1469 2343 1786 2412; x_wconf 89' lang='lat' dir='ltr'>eluviones,</span> <span class='ocrx_word' id='word_1_296' title='bbox 1811 2345 1896 2401; x_wconf 87' lang='lat' dir='ltr'>vel</span> <span class='ocrx_word' id='word_1_297' title='bbox 1922 2363 2089 2418; x_wconf 89' lang='lat' dir='ltr'>gran-</span> 
     </span>
    </p>
   </div>
   <div class='ocr_carea' id='block_1_39' title="bbox 441 2431 2090 2506">
    <p class='ocr_par' dir='ltr' id='par_1_39' title="bbox 441 2431 2090 2506">
     <span class='ocr_line' id='line_1_40' title="bbox 441 2431 2090 2506; baseline 0.002 -19"><span class='ocrx_word' id='word_1_298' title='bbox 441 2431 645 2487; x_wconf 86' lang='lat' dir='ltr'>dinum</span> <span class='ocrx_word' id='word_1_299' title='bbox 682 2437 781 2487; x_wconf 90' lang='lat' dir='ltr'>aut</span> <span class='ocrx_word' id='word_1_300' title='bbox 814 2431 1126 2487; x_wconf 86' lang='lat' dir='ltr'>fulminum</span> <span class='ocrx_word' id='word_1_301' title='bbox 1161 2432 1330 2500; x_wconf 87' lang='lat' dir='ltr'>ictus,</span> <span class='ocrx_word' id='word_1_302' title='bbox 1365 2433 1575 2504; x_wconf 87' lang='lat' dir='ltr'>quibus</span> <span class='ocrx_word' id='word_1_303' title='bbox 1604 2450 1672 2489; x_wconf 90' lang='lat' dir='ltr'>ea</span> <span class='ocrx_word' id='word_1_304' title='bbox 1704 2451 1830 2505; x_wconf 70' lang='lat' dir='ltr'>quas</span> <span class='ocrx_word' id='word_1_305' title='bbox 1862 2435 1920 2489; x_wconf 93' lang='lat' dir='ltr'>in</span> <span class='ocrx_word' id='word_1_306' title='bbox 1946 2435 2090 2506; x_wconf 88' lang='lat' dir='ltr'>ipsis</span> 
     </span>
    </p>
   </div>
   <div class='ocr_carea' id='block_1_40' title="bbox 440 2519 2092 2597">
    <p class='ocr_par' dir='ltr' id='par_1_40' title="bbox 440 2519 2092 2597">
     <span class='ocr_line' id='line_1_41' title="bbox 440 2519 2092 2597; baseline 0.002 -21"><span class='ocrx_word' id='word_1_307' title='bbox 440 2525 599 2589; x_wconf 89' lang='lat' dir='ltr'>sunt,</span> <span class='ocrx_word' id='word_1_308' title='bbox 629 2521 919 2591; x_wconf 87' lang='lat' dir='ltr'>perirent:</span> <span class='ocrx_word' id='word_1_309' title='bbox 951 2527 1203 2577; x_wconf 87' lang='lat' dir='ltr'>attamen</span> <span class='ocrx_word' id='word_1_310' title='bbox 1237 2519 1542 2597; x_wconf 83' lang='grc' dir='ltr'>συμμετρία</span> <span class='ocrx_word' id='word_1_311' title='bbox 1576 2539 1778 2579; x_wconf 89' lang='lat' dir='ltr'>rursus</span> <span class='ocrx_word' id='word_1_312' title='bbox 1811 2524 1934 2580; x_wconf 81' lang='lat' dir='ltr'>haec</span> <span class='ocrx_word' id='word_1_313' title='bbox 1967 2525 2092 2581; x_wconf 89' lang='lat' dir='ltr'>loca</span> 
     </span>
    </p>
   </div>
   <div class='ocr_carea' id='block_1_41' title="bbox 440 2610 2091 2682">
    <p class='ocr_par' dir='ltr' id='par_1_41' title="bbox 440 2610 2091 2682">
     <span class='ocr_line' id='line_1_42' title="bbox 440 2610 2091 2682; baseline 0.002 -16"><span class='ocrx_word' id='word_1_314' title='bbox 440 2611 513 2666; x_wconf 87' lang='lat' dir='ltr'>ad</span> <span class='ocrx_word' id='word_1_315' title='bbox 547 2610 873 2666; x_wconf 87' lang='lat' dir='ltr'>naturalem</span> <span class='ocrx_word' id='word_1_316' title='bbox 907 2611 1232 2667; x_wconf 86' lang='lat' dir='ltr'>ubertatem</span> <span class='ocrx_word' id='word_1_317' title='bbox 1267 2612 1517 2682; x_wconf 82' lang='lat' dir='ltr'>reduxit,</span> <span class='ocrx_word' id='word_1_318' title='bbox 1544 2629 1676 2668; x_wconf 91' lang='lat' dir='ltr'>cum</span> <span class='ocrx_word' id='word_1_319' title='bbox 1703 2613 1820 2669; x_wconf 87' lang='lat' dir='ltr'>illis</span> <span class='ocrx_word' id='word_1_320' title='bbox 1844 2615 2091 2669; x_wconf 82' lang='lat' dir='ltr'>desertis</span> 
     </span>
    </p>
   </div>
   <div class='ocr_carea' id='block_1_42' title="bbox 441 2701 2089 2774">
    <p class='ocr_par' dir='ltr' id='par_1_42' title="bbox 441 2701 2089 2774">
     <span class='ocr_line' id='line_1_43' title="bbox 441 2701 2089 2774; baseline 0.002 -19"><span class='ocrx_word' id='word_1_321' title='bbox 441 2715 742 2771; x_wconf 88' lang='lat' dir='ltr'>nunquam</span> <span class='ocrx_word' id='word_1_322' title='bbox 777 2701 1011 2772; x_wconf 86' lang='lat' dir='ltr'>aliquod</span> <span class='ocrx_word' id='word_1_323' title='bbox 1044 2701 1332 2758; x_wconf 88' lang='lat' dir='ltr'>hactenus</span> <span class='ocrx_word' id='word_1_324' title='bbox 1366 2701 1498 2757; x_wconf 85' lang='lat' dir='ltr'>felix</span> <span class='ocrx_word' id='word_1_325' title='bbox 1532 2708 1752 2758; x_wconf 87' lang='lat' dir='ltr'>astrum</span> <span class='ocrx_word' id='word_1_326' title='bbox 1789 2703 2089 2774; x_wconf 89' lang='lat' dir='ltr'>profuerit.</span> 
     </span>
    </p>
   </div>
   <div class='ocr_carea' id='block_1_43' title="bbox 437 2787 2091 2858">
    <p class='ocr_par' dir='ltr' id='par_1_43' title="bbox 437 2787 2091 2858">
     <span class='ocr_line' id='line_1_44' title="bbox 437 2787 2091 2858; baseline 0.003 -15"><span class='ocrx_word' id='word_1_327' title='bbox 437 2787 547 2843; x_wconf 87' lang='lat' dir='ltr'>Sed</span> <span class='ocrx_word' id='word_1_328' title='bbox 583 2794 792 2844; x_wconf 90' lang='lat' dir='ltr'>natura</span> <span class='ocrx_word' id='word_1_329' title='bbox 815 2789 1097 2845; x_wconf 87' lang='lat' dir='ltr'>nimirum</span> <span class='ocrx_word' id='word_1_330' title='bbox 1119 2790 1369 2856; x_wconf 90' lang='lat' dir='ltr'>obtinet,</span> <span class='ocrx_word' id='word_1_331' title='bbox 1396 2807 1530 2845; x_wconf 91' lang='lat' dir='ltr'>cum</span> <span class='ocrx_word' id='word_1_332' title='bbox 1564 2791 1623 2847; x_wconf 91' lang='lat' dir='ltr'>in</span> <span class='ocrx_word' id='word_1_333' title='bbox 1653 2791 2091 2858; x_wconf 88' lang='lat' dir='ltr'>solitudinibus,</span> 
     </span>
    </p>
   </div>
   <div class='ocr_carea' id='block_1_44' title="bbox 437 2877 2095 2948">
    <p class='ocr_par' dir='ltr' id='par_1_44' title="bbox 437 2877 2095 2948">
     <span class='ocr_line' id='line_1_45' title="bbox 437 2877 2095 2948; baseline 0.004 -18"><span class='ocrx_word' id='word_1_334' title='bbox 437 2880 564 2932; x_wconf 86' lang='lat' dir='ltr'>tum</span> <span class='ocrx_word' id='word_1_335' title='bbox 600 2877 958 2948; x_wconf 90' lang='lat' dir='ltr'>ubicunque,</span> <span class='ocrx_word' id='word_1_336' title='bbox 992 2895 1106 2934; x_wconf 89' lang='lat' dir='ltr'>non</span> <span class='ocrx_word' id='word_1_337' title='bbox 1138 2880 1336 2934; x_wconf 90' lang='lat' dir='ltr'>eadem</span> <span class='ocrx_word' id='word_1_338' title='bbox 1387 2880 1486 2935; x_wconf 91' lang='lat' dir='ltr'>illa</span> <span class='ocrx_word' id='word_1_339' title='bbox 1533 2881 1706 2936; x_wconf 88' lang='lat' dir='ltr'>rebus</span> <span class='ocrx_word' id='word_1_340' title='bbox 1753 2881 2029 2937; x_wconf 90' lang='lat' dir='ltr'>omnibus</span> <span class='ocrx_word' id='word_1_341' title='bbox 2062 2900 2095 2938; x_wconf 92' lang='lat' dir='ltr'>a</span> 
     </span>
    </p>
   </div>
   <div class='ocr_carea' id='block_1_45' title="bbox 439 2965 2092 3043">
    <p class='ocr_par' dir='ltr' id='par_1_45' title="bbox 439 2965 2092 3043">
     <span class='ocr_line' id='line_1_46' title="bbox 439 2965 2092 3043; baseline 0.005 -23"><span class='ocrx_word' id='word_1_342' title='bbox 439 2965 555 3021; x_wconf 90' lang='lat' dir='ltr'>Deo</span> <span class='ocrx_word' id='word_1_343' title='bbox 588 2966 790 3034; x_wconf 89' lang='lat' dir='ltr'>indita,</span> <span class='ocrx_word' id='word_1_344' title='bbox 826 2973 886 3022; x_wconf 93' lang='lat' dir='ltr'>ut</span> <span class='ocrx_word' id='word_1_345' title='bbox 919 2983 1106 3038; x_wconf 85' lang='lat' dir='ltr'>neque</span> <span class='ocrx_word' id='word_1_346' title='bbox 1138 2969 1336 3039; x_wconf 90' lang='lat' dir='ltr'>pluvia</span> <span class='ocrx_word' id='word_1_347' title='bbox 1366 2969 1443 3024; x_wconf 90' lang='lat' dir='ltr'>ibi</span> <span class='ocrx_word' id='word_1_348' title='bbox 1477 2970 1704 3024; x_wconf 92' lang='lat' dir='ltr'>decidat</span> <span class='ocrx_word' id='word_1_349' title='bbox 1735 2971 1830 3024; x_wconf 91' lang='lat' dir='ltr'>ubi</span> <span class='ocrx_word' id='word_1_350' title='bbox 1860 2989 1961 3043; x_wconf 85' lang='lat' dir='ltr'>per</span> <span class='ocrx_word' id='word_1_351' title='bbox 1993 2989 2092 3027; x_wconf 88' lang='lat' dir='ltr'>na-</span> 
     </span>
    </p>
   </div>
   <div class='ocr_carea' id='block_1_46' title="bbox 443 3056 2094 3128">
    <p class='ocr_par' dir='ltr' id='par_1_46' title="bbox 443 3056 2094 3128">
     <span class='ocr_line' id='line_1_47' title="bbox 443 3056 2094 3128; baseline 0.005 -19"><span class='ocrx_word' id='word_1_352' title='bbox 443 3062 634 3110; x_wconf 91' lang='lat' dir='ltr'>turam</span> <span class='ocrx_word' id='word_1_353' title='bbox 681 3073 796 3110; x_wconf 90' lang='lat' dir='ltr'>non</span> <span class='ocrx_word' id='word_1_354' title='bbox 835 3056 999 3124; x_wconf 89' lang='lat' dir='ltr'>solet,</span> <span class='ocrx_word' id='word_1_355' title='bbox 1034 3072 1218 3126; x_wconf 88' lang='lat' dir='ltr'>neque</span> <span class='ocrx_word' id='word_1_356' title='bbox 1267 3057 1497 3114; x_wconf 90' lang='lat' dir='ltr'>nivibus</span> <span class='ocrx_word' id='word_1_357' title='bbox 1544 3074 1796 3128; x_wconf 88' lang='lat' dir='ltr'>unquam</span> <span class='ocrx_word' id='word_1_358' title='bbox 1844 3060 1945 3117; x_wconf 88' lang='lat' dir='ltr'>illa</span> <span class='ocrx_word' id='word_1_359' title='bbox 1992 3079 2094 3116; x_wconf 87' lang='lat' dir='ltr'>ca-</span> 
     </span>
    </p>
   </div>
   <div class='ocr_carea' id='block_1_47' title="bbox 443 3145 2095 3218">
    <p class='ocr_par' dir='ltr' id='par_1_47' title="bbox 443 3145 2095 3218">
     <span class='ocr_line' id='line_1_48' title="bbox 443 3145 2095 3218; baseline 0.007 -22"><span class='ocrx_word' id='word_1_360' title='bbox 443 3147 628 3211; x_wconf 86' lang='lat' dir='ltr'>reant,</span> <span class='ocrx_word' id='word_1_361' title='bbox 664 3160 1025 3214; x_wconf 69' lang='lat' dir='ltr'>quaecunque</span> <span class='ocrx_word' id='word_1_362' title='bbox 1059 3145 1343 3201; x_wconf 88' lang='lat' dir='ltr'>immania</span> <span class='ocrx_word' id='word_1_363' title='bbox 1373 3147 1487 3218; x_wconf 88' lang='lat' dir='ltr'>pati</span> <span class='ocrx_word' id='word_1_364' title='bbox 1524 3148 1738 3218; x_wconf 85' lang='lat' dir='ltr'>frigora</span> <span class='ocrx_word' id='word_1_365' title='bbox 1777 3164 2095 3207; x_wconf 91' lang='lat' dir='ltr'>consueve-</span> 
     </span>
    </p>
   </div>
   <div class='ocr_carea' id='block_1_48' title="bbox 2194 1979 3852 2054">
    <p class='ocr_par' dir='ltr' id='par_1_48' title="bbox 2194 1979 3852 2054">
     <span class='ocr_line' id='line_1_49' title="bbox 2194 1979 3852 2054; baseline 0 -18"><span class='ocrx_word' id='word_1_366' title='bbox 2194 1979 2316 2036; x_wconf 71' lang='grc' dir='ltr'>οὕτε</span> <span class='ocrx_word' id='word_1_367' title='bbox 2345 1979 2471 2043; x_wconf 68' lang='grc' dir='ltr'>τοὺς</span> <span class='ocrx_word' id='word_1_368' title='bbox 2504 1981 2831 2054; x_wconf 78' lang='grc' dir='ltr'>οἶκησίμους</span> <span class='ocrx_word' id='word_1_369' title='bbox 2863 1983 3064 2042; x_wconf 79' lang='grc' dir='ltr'>τόπους</span> <span class='ocrx_word' id='word_1_370' title='bbox 3111 1982 3408 2044; x_wconf 83' lang='grc' dir='ltr'>κακοποιὸς</span> <span class='ocrx_word' id='word_1_371' title='bbox 3458 1979 3635 2046; x_wconf 75' lang='grc' dir='ltr'>οὐδεὶς</span> <span class='ocrx_word' id='word_1_372' title='bbox 3674 1981 3852 2054; x_wconf 80' lang='grc' dir='ltr'>ἐπεμ-</span> 
     </span>
    </p>
   </div>
   <div class='ocr_carea' id='block_1_49' title="bbox 2196 2066 3847 2146">
    <p class='ocr_par' dir='ltr' id='par_1_49' title="bbox 2196 2066 3847 2146">
     <span class='ocr_line' id='line_1_50' title="bbox 2196 2066 3847 2146; baseline 0.001 -21"><span class='ocrx_word' id='word_1_373' title='bbox 2196 2066 2392 2125; x_wconf 78' lang='grc' dir='ltr'>ϐαίνων</span> <span class='ocrx_word' id='word_1_374' title='bbox 2439 2076 2544 2125; x_wconf 79' lang='grc' dir='ltr'>τῶν</span> <span class='ocrx_word' id='word_1_375' title='bbox 2597 2069 2804 2140; x_wconf 82' lang='grc' dir='ltr'>ζωδίων</span> <span class='ocrx_word' id='word_1_376' title='bbox 2847 2070 2923 2133; x_wconf 80' lang='grc' dir='ltr'>εἷς</span> <span class='ocrx_word' id='word_1_377' title='bbox 2975 2072 3217 2141; x_wconf 74' lang='grc' dir='ltr'>παντελῆ</span> <span class='ocrx_word' id='word_1_378' title='bbox 3274 2072 3501 2144; x_wconf 75' lang='grc' dir='ltr'>ἐρημίαν</span> <span class='ocrx_word' id='word_1_379' title='bbox 3546 2073 3632 2126; x_wconf 78' lang='grc' dir='ltr'>καὶ</span> <span class='ocrx_word' id='word_1_380' title='bbox 3694 2073 3847 2146; x_wconf 55' lang='grc' dir='ltr'>ἀνερα-</span> 
     </span>
    </p>
   </div>
   <div class='ocr_carea' id='block_1_50' title="bbox 2194 2157 3848 2236">
    <p class='ocr_par' dir='ltr' id='par_1_50' title="bbox 2194 2157 3848 2236">
     <span class='ocr_line' id='line_1_51' title="bbox 2194 2157 3848 2236; baseline 0.001 -23"><span class='ocrx_word' id='word_1_381' title='bbox 2194 2161 2389 2232; x_wconf 83' lang='grc' dir='ltr'>νισμὸν</span> <span class='ocrx_word' id='word_1_382' title='bbox 2439 2161 2851 2232; x_wconf 73' lang='grc' dir='ltr'>μετεσκε·3ασεν;</span> <span class='ocrx_word' id='word_1_383' title='bbox 2893 2161 2937 2215; x_wconf 84' lang='grc' dir='ltr'>εἰ</span> <span class='ocrx_word' id='word_1_384' title='bbox 2982 2162 3080 2236; x_wconf 67' lang='grc' dir='ltr'>γάρ</span> <span class='ocrx_word' id='word_1_385' title='bbox 3133 2161 3220 2216; x_wconf 81' lang='grc' dir='ltr'>καὶ</span> <span class='ocrx_word' id='word_1_386' title='bbox 3268 2157 3508 2236; x_wconf 84' lang='grc' dir='ltr'>γένοιντο</span> <span class='ocrx_word' id='word_1_387' title='bbox 3556 2163 3672 2234; x_wconf 62' lang='grc' dir='ltr'>[3ὶῖ</span> 
     </span>
    </p>
   </div>
   <div class='ocr_carea' id='block_1_51' title="bbox 2196 2248 3851 2326">
    <p class='ocr_par' dir='ltr' id='par_1_51' title="bbox 2196 2248 3851 2326">
     <span class='ocr_line' id='line_1_52' title="bbox 2196 2248 3851 2326; baseline -0.001 -22"><span class='ocrx_word' id='word_1_388' title='bbox 2196 2249 2573 2322; x_wconf 85' lang='grc' dir='ltr'>κατακλυσμοὶ</span> <span class='ocrx_word' id='word_1_389' title='bbox 2719 2249 2968 2324; x_wconf 72' lang='grc' dir='ltr'>χαλάζης</span> <span class='ocrx_word' id='word_1_390' title='bbox 3027 2252 3061 2321; x_wconf 74' lang='grc' dir='ltr'><strong>ἢ</strong></span> <span class='ocrx_word' id='word_1_391' title='bbox 3114 2255 3386 2326; x_wconf 77' lang='grc' dir='ltr'>κεραυνῶν</span> <span class='ocrx_word' id='word_1_392' title='bbox 3442 2249 3633 2323; x_wconf 79' lang='grc' dir='ltr'>βολαὶ,</span> <span class='ocrx_word' id='word_1_393' title='bbox 3677 2251 3749 2304; x_wconf 67' lang='grc' dir='ltr'>τὰ</span> <span class='ocrx_word' id='word_1_394' title='bbox 3795 2248 3851 2303; x_wconf 73' lang='grc' dir='ltr'>ἐν</span> 
     </span>
    </p>
   </div>
   <div class='ocr_carea' id='block_1_52' title="bbox 2198 2338 3856 2415">
    <p class='ocr_par' dir='ltr' id='par_1_52' title="bbox 2198 2338 3856 2415">
     <span class='ocr_line' id='line_1_53' title="bbox 2198 2338 3856 2415; baseline 0.001 -23"><span class='ocrx_word' id='word_1_395' title='bbox 2198 2339 2382 2400; x_wconf 78' lang='grc' dir='ltr'>αὐτοῖς</span> <span class='ocrx_word' id='word_1_396' title='bbox 2428 2338 2793 2415; x_wconf 55' lang='grc' dir='ltr'>ἀφανίζοντες,</span> <span class='ocrx_word' id='word_1_397' title='bbox 2821 2338 2949 2394; x_wconf 79' lang='grc' dir='ltr'>ἀλλ’</span> <span class='ocrx_word' id='word_1_398' title='bbox 2997 2341 3030 2408; x_wconf 79' lang='grc' dir='ltr'>ἡ</span> <span class='ocrx_word' id='word_1_399' title='bbox 3075 2342 3382 2414; x_wconf 78' lang='grc' dir='ltr'>συμμετρία</span> <span class='ocrx_word' id='word_1_400' title='bbox 3423 2338 3590 2394; x_wconf 80' lang='grc' dir='ltr'>πάλιν</span> <span class='ocrx_word' id='word_1_401' title='bbox 3651 2339 3731 2400; x_wconf 80' lang='grc' dir='ltr'>εἷς</span> <span class='ocrx_word' id='word_1_402' title='bbox 3793 2341 3856 2393; x_wconf 79' lang='grc' dir='ltr'>τὸ</span> 
     </span>
    </p>
   </div>
   <div class='ocr_carea' id='block_1_53' title="bbox 2199 2424 3862 2504">
    <p class='ocr_par' dir='ltr' id='par_1_53' title="bbox 2199 2424 3862 2504">
     <span class='ocr_line' id='line_1_54' title="bbox 2199 2424 3862 2504; baseline -0.001 -23"><span class='ocrx_word' id='word_1_403' title='bbox 2199 2427 2331 2481; x_wconf 84' lang='grc' dir='ltr'>κατά</span> <span class='ocrx_word' id='word_1_404' title='bbox 2365 2426 2518 2504; x_wconf 44' lang='grc' dir='ltr'>οὖσιν</span> <span class='ocrx_word' id='word_1_405' title='bbox 2553 2424 2778 2504; x_wconf 58' lang='grc' dir='ltr'>εὔφορον</span> <span class='ocrx_word' id='word_1_406' title='bbox 2822 2426 3017 2489; x_wconf 72' lang='grc' dir='ltr'>αὐτοὺς</span> <span class='ocrx_word' id='word_1_407' title='bbox 3067 2426 3550 2501; x_wconf 68' lang='grc' dir='ltr'>ἐπανήγαγε.Τους</span> <span class='ocrx_word' id='word_1_408' title='bbox 3614 2425 3673 2481; x_wconf 74' lang='grc' dir='ltr'>δὲ</span> <span class='ocrx_word' id='word_1_409' title='bbox 3729 2426 3862 2500; x_wconf 67' lang='grc' dir='ltr'>ἐρή-</span> 
     </span>
    </p>
   </div>
   <div class='ocr_carea' id='block_1_54' title="bbox 2204 2513 3856 2593">
    <p class='ocr_par' dir='ltr' id='par_1_54' title="bbox 2204 2513 3856 2593">
     <span class='ocr_line' id='line_1_55' title="bbox 2204 2513 3856 2593; baseline 0.001 -23"><span class='ocrx_word' id='word_1_410' title='bbox 2204 2536 2338 2588; x_wconf 88' lang='grc' dir='ltr'>μους</span> <span class='ocrx_word' id='word_1_411' title='bbox 2398 2517 2598 2578; x_wconf 87' lang='grc' dir='ltr'>τόπους</span> <span class='ocrx_word' id='word_1_412' title='bbox 2649 2513 2802 2570; x_wconf 67' lang='grc' dir='ltr'>οὔπω</span> <span class='ocrx_word' id='word_1_413' title='bbox 2849 2537 2930 2578; x_wconf 87' lang='grc' dir='ltr'>τις</span> <span class='ocrx_word' id='word_1_414' title='bbox 2978 2516 3258 2593; x_wconf 67' lang='grc' dir='ltr'>ὠφέλησεν</span> <span class='ocrx_word' id='word_1_415' title='bbox 3291 2515 3622 2591; x_wconf 80' lang='grc' dir='ltr'>ἀγαθοποιὸς</span> <span class='ocrx_word' id='word_1_416' title='bbox 3656 2517 3856 2589; x_wconf 69' lang='grc' dir='ltr'>ἀστήρ,</span> 
     </span>
    </p>
   </div>
   <div class='ocr_carea' id='block_1_55' title="bbox 2201 2602 3857 2680">
    <p class='ocr_par' dir='ltr' id='par_1_55' title="bbox 2201 2602 3857 2680">
     <span class='ocr_line' id='line_1_56' title="bbox 2201 2602 3857 2680; baseline 0.001 -23"><span class='ocrx_word' id='word_1_417' title='bbox 2201 2602 2327 2659; x_wconf 78' lang='grc' dir='ltr'>ἀλλ’</span> <span class='ocrx_word' id='word_1_418' title='bbox 2357 2607 2391 2673; x_wconf 83' lang='grc' dir='ltr'>ἡ</span> <span class='ocrx_word' id='word_1_419' title='bbox 2454 2605 2610 2677; x_wconf 69' lang='grc' dir='ltr'>φύσις</span> <span class='ocrx_word' id='word_1_420' title='bbox 2660 2612 2848 2680; x_wconf 84' lang='grc' dir='ltr'>κρατεῖ</span> <span class='ocrx_word' id='word_1_421' title='bbox 2892 2605 2984 2661; x_wconf 81' lang='grc' dir='ltr'>καὶ</span> <span class='ocrx_word' id='word_1_422' title='bbox 3026 2607 3076 2661; x_wconf 78' lang='grc' dir='ltr'>ἐν</span> <span class='ocrx_word' id='word_1_423' title='bbox 3138 2605 3392 2680; x_wconf 73' lang='grc' dir='ltr'>ἐρημίαις</span> <span class='ocrx_word' id='word_1_424' title='bbox 3424 2607 3515 2660; x_wconf 84' lang='grc' dir='ltr'>καὶ</span> <span class='ocrx_word' id='word_1_425' title='bbox 3565 2610 3857 2680; x_wconf 83' lang='grc' dir='ltr'>πανταχοῦ</span> 
     </span>
    </p>
   </div>
   <div class='ocr_carea' id='block_1_56' title="bbox 2200 2693 3855 2774">
    <p class='ocr_par' dir='ltr' id='par_1_56' title="bbox 2200 2693 3855 2774">
     <span class='ocr_line' id='line_1_57' title="bbox 2200 2693 3855 2774; baseline -0.001 -25"><span class='ocrx_word' id='word_1_426' title='bbox 2200 2695 2346 2768; x_wconf 78' lang='grc' dir='ltr'>παρα</span> <span class='ocrx_word' id='word_1_427' title='bbox 2402 2699 2534 2749; x_wconf 78' lang='grc' dir='ltr'>Θεοῦ</span> <span class='ocrx_word' id='word_1_428' title='bbox 2582 2701 2698 2757; x_wconf 85' lang='grc' dir='ltr'>τοῖς</span> <span class='ocrx_word' id='word_1_429' title='bbox 2758 2697 2874 2750; x_wconf 76' lang='grc' dir='ltr'>οὖσι</span> <span class='ocrx_word' id='word_1_430' title='bbox 2926 2694 3198 2774; x_wconf 65' lang='grc' dir='ltr'>διαφόρως</span> <span class='ocrx_word' id='word_1_431' title='bbox 3243 2693 3484 2767; x_wconf 83' lang='grc' dir='ltr'>δοθεῖσα,</span> <span class='ocrx_word' id='word_1_432' title='bbox 3512 2696 3604 2750; x_wconf 85' lang='grc' dir='ltr'>καὶ</span> <span class='ocrx_word' id='word_1_433' title='bbox 3644 2695 3764 2750; x_wconf 66' lang='grc' dir='ltr'>οὔτ’</span> <span class='ocrx_word' id='word_1_434' title='bbox 3792 2694 3855 2749; x_wconf 84' lang='grc' dir='ltr'>ἂν</span> 
     </span>
    </p>
   </div>
   <div class='ocr_carea' id='block_1_57' title="bbox 2207 2782 3865 2864">
    <p class='ocr_par' dir='ltr' id='par_1_57' title="bbox 2207 2782 3865 2864">
     <span class='ocr_line' id='line_1_58' title="bbox 2207 2782 3865 2864; baseline 0 -25"><span class='ocrx_word' id='word_1_435' title='bbox 2207 2784 2356 2846; x_wconf 74' lang='grc' dir='ltr'>ὑετὸς</span> <span class='ocrx_word' id='word_1_436' title='bbox 2420 2785 2767 2860; x_wconf 74' lang='grc' dir='ltr'>κατενεχθείη</span> <span class='ocrx_word' id='word_1_437' title='bbox 2839 2784 2976 2840; x_wconf 79' lang='grc' dir='ltr'>ὅπου</span> <span class='ocrx_word' id='word_1_438' title='bbox 3037 2788 3114 2859; x_wconf 80' lang='grc' dir='ltr'>μή</span> <span class='ocrx_word' id='word_1_439' title='bbox 3166 2783 3561 2864; x_wconf 67' lang='grc' dir='ltr'>πέφυκεν,οῧτ’</span> <span class='ocrx_word' id='word_1_440' title='bbox 3595 2782 3655 2838; x_wconf 73' lang='grc' dir='ltr'>ἂν</span> <span class='ocrx_word' id='word_1_441' title='bbox 3705 2805 3865 2860; x_wconf 67' lang='grc' dir='ltr'>νιιρε-</span> 
     </span>
    </p>
   </div>
   <div class='ocr_carea' id='block_1_58' title="bbox 2203 2872 3858 2953">
    <p class='ocr_par' dir='ltr' id='par_1_58' title="bbox 2203 2872 3858 2953">
     <span class='ocr_line' id='line_1_59' title="bbox 2203 2872 3858 2953; baseline -0.001 -25"><span class='ocrx_word' id='word_1_442' title='bbox 2203 2878 2309 2928; x_wconf 81' lang='grc' dir='ltr'>τῶν</span> <span class='ocrx_word' id='word_1_443' title='bbox 2355 2872 2703 2949; x_wconf 77' lang='grc' dir='ltr'>ἀπαλλαγείη</span> <span class='ocrx_word' id='word_1_444' title='bbox 2754 2874 2821 2929; x_wconf 80' lang='grc' dir='ltr'>τὰ</span> <span class='ocrx_word' id='word_1_445' title='bbox 2901 2873 2990 2929; x_wconf 71' lang='grc' dir='ltr'>διὰ</span> <span class='ocrx_word' id='word_1_446' title='bbox 3052 2877 3245 2937; x_wconf 74' lang='grc' dir='ltr'>παντὸς</span> <span class='ocrx_word' id='word_1_447' title='bbox 3303 2873 3536 2953; x_wconf 66' lang='grc' dir='ltr'>φέροντα</span> <span class='ocrx_word' id='word_1_448' title='bbox 3609 2875 3858 2948; x_wconf 62' lang='grc' dir='ltr'>κροσμοῦς</span> 
     </span>
    </p>
   </div>
   <div class='ocr_carea' id='block_1_59' title="bbox 2205 2961 3859 3040">
    <p class='ocr_par' dir='ltr' id='par_1_59' title="bbox 2205 2961 3859 3040">
     <span class='ocr_line' id='line_1_60' title="bbox 2205 2961 3859 3040; baseline 0 -23"><span class='ocrx_word' id='word_1_449' title='bbox 2205 2963 2449 3040; x_wconf 86' lang='grc' dir='ltr'>ἀγρίους.</span> <span class='ocrx_word' id='word_1_450' title='bbox 2483 2963 2546 3020; x_wconf 80' lang='grc' dir='ltr'>Εἰ</span> <span class='ocrx_word' id='word_1_451' title='bbox 2581 2961 2636 3018; x_wconf 70' lang='grc' dir='ltr'>δὲ</span> <span class='ocrx_word' id='word_1_452' title='bbox 2675 2965 2808 3018; x_wconf 80' lang='grc' dir='ltr'>αὐτὸ</span> <span class='ocrx_word' id='word_1_453' title='bbox 2838 2971 2934 3034; x_wconf 78' lang='grc' dir='ltr'>τῆς</span> <span class='ocrx_word' id='word_1_454' title='bbox 2967 2965 3075 3018; x_wconf 80' lang='grc' dir='ltr'>τῶν</span> <span class='ocrx_word' id='word_1_455' title='bbox 3122 2965 3302 3020; x_wconf 87' lang='grc' dir='ltr'>τόπων</span> <span class='ocrx_word' id='word_1_456' title='bbox 3337 2964 3548 3040; x_wconf 68' lang='grc' dir='ltr'>φύσεως</span> <span class='ocrx_word' id='word_1_457' title='bbox 3586 2965 3649 3019; x_wconf 84' lang='grc' dir='ltr'>τὸ</span> <span class='ocrx_word' id='word_1_458' title='bbox 3706 2963 3859 3036; x_wconf 80' lang='grc' dir='ltr'>ἀμε-</span> 
     </span>
    </p>
   </div>
   <div class='ocr_carea' id='block_1_60' title="bbox 2203 3049 3862 3129">
    <p class='ocr_par' dir='ltr' id='par_1_60' title="bbox 2203 3049 3862 3129">
     <span class='ocr_line' id='line_1_61' title="bbox 2203 3049 3862 3129; baseline -0.001 -21"><span class='ocrx_word' id='word_1_459' title='bbox 2203 3050 2480 3123; x_wconf 73' lang='grc' dir='ltr'>τάϐλητον</span> <span class='ocrx_word' id='word_1_460' title='bbox 2539 3050 2733 3129; x_wconf 80' lang='grc' dir='ltr'>δεῖγμα</span> <span class='ocrx_word' id='word_1_461' title='bbox 2792 3049 3133 3129; x_wconf 60' lang='grc' dir='ltr'>λαμϐάνοωι</span> <span class='ocrx_word' id='word_1_462' title='bbox 3192 3058 3289 3110; x_wconf 72' lang='grc' dir='ltr'>τοῦ</span> <span class='ocrx_word' id='word_1_463' title='bbox 3345 3053 3561 3129; x_wconf 84' lang='grc' dir='ltr'>χαίρειν</span> <span class='ocrx_word' id='word_1_464' title='bbox 3625 3051 3862 3108; x_wconf 74' lang='grc' dir='ltr'>ἕκαστον</span> 
     </span>
    </p>
   </div>
   <div class='ocr_carea' id='block_1_61' title="bbox 2210 3140 3860 3220">
    <p class='ocr_par' dir='ltr' id='par_1_61' title="bbox 2210 3140 3860 3220">
     <span class='ocr_line' id='line_1_62' title="bbox 2210 3140 3860 3220; baseline 0.001 -24"><span class='ocrx_word' id='word_1_465' title='bbox 2210 3140 2401 3211; x_wconf 83' lang='grc' dir='ltr'>ζώδιον</span> <span class='ocrx_word' id='word_1_466' title='bbox 2437 3142 2644 3215; x_wconf 75' lang='grc' dir='ltr'>ἑκάστῳ</span> <span class='ocrx_word' id='word_1_467' title='bbox 2679 3145 2829 3217; x_wconf 82' lang='grc' dir='ltr'>μέρει</span> <span class='ocrx_word' id='word_1_468' title='bbox 2861 3151 2984 3220; x_wconf 77' lang='grc' dir='ltr'>γῆς,</span> <span class='ocrx_word' id='word_1_469' title='bbox 3021 3146 3073 3198; x_wconf 72' lang='grc' dir='ltr'>αἱ</span> <span class='ocrx_word' id='word_1_470' title='bbox 3124 3145 3226 3199; x_wconf 85' lang='grc' dir='ltr'>ἀπὸ</span> <span class='ocrx_word' id='word_1_471' title='bbox 3276 3143 3546 3218; x_wconf 68' lang='grc' dir='ltr'>εὖφοριῶν</span> <span class='ocrx_word' id='word_1_472' title='bbox 3591 3143 3667 3205; x_wconf 79' lang='grc' dir='ltr'>εἷς</span> <span class='ocrx_word' id='word_1_473' title='bbox 3716 3143 3860 3219; x_wconf 63' lang='grc' dir='ltr'>ἆ.Ῠο-</span> 
     </span>
    </p>
   </div>
   <div class='ocr_carea' id='block_1_62' title="bbox 447 3229 2096 3313">
    <p class='ocr_par' dir='ltr' id='par_1_62' title="bbox 447 3232 2093 3303">
     <span class='ocr_line' id='line_1_63' title="bbox 447 3232 2093 3303; baseline 0.007 -18"><span class='ocrx_word' id='word_1_474' title='bbox 447 3238 602 3285; x_wconf 88' lang='lat' dir='ltr'>runl.</span> <span class='ocrx_word' id='word_1_475' title='bbox 639 3232 804 3297; x_wconf 86' lang='lat' dir='ltr'>Quod</span> <span class='ocrx_word' id='word_1_476' title='bbox 834 3233 883 3286; x_wconf 88' lang='lat' dir='ltr'>si</span> <span class='ocrx_word' id='word_1_477' title='bbox 915 3233 1012 3303; x_wconf 91' lang='lat' dir='ltr'>qui</span> <span class='ocrx_word' id='word_1_478' title='bbox 1065 3234 1304 3289; x_wconf 89' lang='lat' dir='ltr'>forsitan</span> <span class='ocrx_word' id='word_1_479' title='bbox 1351 3235 1780 3292; x_wconf 88' lang='lat' dir='ltr'>immutabilem</span> <span class='ocrx_word' id='word_1_480' title='bbox 1835 3239 1985 3295; x_wconf 85' lang='lat' dir='ltr'>hunc</span> <span class='ocrx_word' id='word_1_481' title='bbox 2036 3241 2093 3296; x_wconf 91' lang='lat' dir='ltr'>in</span> 
     </span>
    </p>
   </div>
   <div class='ocr_carea' id='block_1_63' title="bbox 2208 3229 3866 3313">
    <p class='ocr_par' dir='ltr' id='par_1_63' title="bbox 2215 3229 3866 3310">
     <span class='ocr_line' id='line_1_64' title="bbox 2215 3229 3866 3310; baseline 0 -24"><span class='ocrx_word' id='word_1_482' title='bbox 2215 3234 2332 3307; x_wconf 89' lang='grc' dir='ltr'>ρίας</span> <span class='ocrx_word' id='word_1_483' title='bbox 2368 3229 2666 3305; x_wconf 75' lang='grc' dir='ltr'>μεταϐολαὶ</span> <span class='ocrx_word' id='word_1_484' title='bbox 2723 3239 2814 3289; x_wconf 68' lang='grc' dir='ltr'>καὶ</span> <span class='ocrx_word' id='word_1_485' title='bbox 2861 3236 2912 3289; x_wconf 76' lang='grc' dir='ltr'>οἱ</span> <span class='ocrx_word' id='word_1_486' title='bbox 2963 3236 3172 3309; x_wconf 83' lang='grc' dir='ltr'>σεισμοὶ</span> <span class='ocrx_word' id='word_1_487' title='bbox 3225 3236 3284 3289; x_wconf 83' lang='grc' dir='ltr'>τὸ</span> <span class='ocrx_word' id='word_1_488' title='bbox 3330 3234 3633 3310; x_wconf 86' lang='grc' dir='ltr'>λεγόμενον</span> <span class='ocrx_word' id='word_1_489' title='bbox 3665 3235 3866 3294; x_wconf 73' lang='grc' dir='ltr'>αὐτοῖς</span> 
     </span>
    </p>
   </div>
   <div class='ocr_carea' id='block_1_64' title="bbox 444 3319 2101 3399">
    <p class='ocr_par' dir='ltr' id='par_1_64' title="bbox 444 3319 2101 3399">
     <span class='ocr_line' id='line_1_65' title="bbox 444 3319 2101 3399; baseline 0.005 -25"><span class='ocrx_word' id='word_1_490' title='bbox 444 3319 708 3375; x_wconf 88' lang='lat' dir='ltr'>locorum</span> <span class='ocrx_word' id='word_1_491' title='bbox 741 3324 952 3374; x_wconf 86' lang='lat' dir='ltr'>natura</span> <span class='ocrx_word' id='word_1_492' title='bbox 983 3321 1245 3376; x_wconf 90' lang='lat' dir='ltr'>ordinem</span> <span class='ocrx_word' id='word_1_493' title='bbox 1288 3338 1389 3392; x_wconf 91' lang='lat' dir='ltr'>pro</span> <span class='ocrx_word' id='word_1_494' title='bbox 1439 3321 1653 3379; x_wconf 89' lang='lat' dir='ltr'>indicio</span> <span class='ocrx_word' id='word_1_495' title='bbox 1705 3329 1878 3396; x_wconf 89' lang='lat' dir='ltr'>atque</span> <span class='ocrx_word' id='word_1_496' title='bbox 1928 3345 2101 3399; x_wconf 86' lang='lat' dir='ltr'>argu-</span> 
     </span>
    </p>
   </div>
   <div class='ocr_carea' id='block_1_65' title="bbox 449 3409 2101 3482">
    <p class='ocr_par' dir='ltr' id='par_1_65' title="bbox 449 3409 2101 3482">
     <span class='ocr_line' id='line_1_66' title="bbox 449 3409 2101 3482; baseline 0.006 -20"><span class='ocrx_word' id='word_1_497' title='bbox 449 3412 646 3463; x_wconf 86' lang='lat' dir='ltr'>mento</span> <span class='ocrx_word' id='word_1_498' title='bbox 679 3412 1003 3475; x_wconf 89' lang='lat' dir='ltr'>assumant,</span> <span class='ocrx_word' id='word_1_499' title='bbox 1037 3409 1192 3479; x_wconf 91' lang='lat' dir='ltr'>quod</span> <span class='ocrx_word' id='word_1_500' title='bbox 1227 3410 1458 3481; x_wconf 88' lang='lat' dir='ltr'>singula</span> <span class='ocrx_word' id='word_1_501' title='bbox 1489 3412 1750 3480; x_wconf 86' lang='lat' dir='ltr'>signiferi</span> <span class='ocrx_word' id='word_1_502' title='bbox 1789 3414 1950 3482; x_wconf 84' lang='lat' dir='ltr'>signa</span> <span class='ocrx_word' id='word_1_503' title='bbox 1981 3421 2101 3472; x_wconf 90' lang='lat' dir='ltr'>sin-</span> 
     </span>
    </p>
   </div>
   <div class='ocr_carea' id='block_1_66' title="bbox 448 3499 2098 3570">
    <p class='ocr_par' dir='ltr' id='par_1_66' title="bbox 448 3499 2098 3570">
     <span class='ocr_line' id='line_1_67' title="bbox 448 3499 2098 3570; baseline 0.007 -19"><span class='ocrx_word' id='word_1_504' title='bbox 448 3499 602 3570; x_wconf 81' lang='lat' dir='ltr'>gulis</span> <span class='ocrx_word' id='word_1_505' title='bbox 633 3502 797 3552; x_wconf 71' lang='lat' dir='ltr'>terraa</span> <span class='ocrx_word' id='word_1_506' title='bbox 831 3499 1096 3569; x_wconf 88' lang='lat' dir='ltr'>partibus</span> <span class='ocrx_word' id='word_1_507' title='bbox 1142 3500 1464 3569; x_wconf 78' lang='lat' dir='ltr'>gaudeant:</span> <span class='ocrx_word' id='word_1_508' title='bbox 1497 3509 1649 3557; x_wconf 89' lang='lat' dir='ltr'>certe</span> <span class='ocrx_word' id='word_1_509' title='bbox 1699 3504 2012 3562; x_wconf 89' lang='lat' dir='ltr'>fertilitatis</span> <span class='ocrx_word' id='word_1_510' title='bbox 2043 3508 2098 3563; x_wconf 92' lang='lat' dir='ltr'>in</span> 
     </span>
    </p>
   </div>
   <div class='ocr_carea' id='block_1_67' title="bbox 454 3586 2099 3664">
    <p class='ocr_par' dir='ltr' id='par_1_67' title="bbox 454 3586 2099 3664">
     <span class='ocr_line' id='line_1_68' title="bbox 454 3586 2099 3664; baseline 0.007 -22"><span class='ocrx_word' id='word_1_511' title='bbox 454 3586 820 3643; x_wconf 86' lang='lat' dir='ltr'>sterilitatem</span> <span class='ocrx_word' id='word_1_512' title='bbox 845 3591 1354 3656; x_wconf 85' lang='lat' dir='ltr'>commutationes,</span> <span class='ocrx_word' id='word_1_513' title='bbox 1376 3598 1654 3662; x_wconf 77' lang='lat' dir='ltr'>terraeque</span> <span class='ocrx_word' id='word_1_514' title='bbox 1676 3592 1860 3663; x_wconf 89' lang='lat' dir='ltr'>ipsius</span> <span class='ocrx_word' id='word_1_515' title='bbox 1885 3602 2099 3664; x_wconf 91' lang='lat' dir='ltr'>motus,</span> 
     </span>
    </p>
   </div>
   <div class='ocr_carea' id='block_1_68' title="bbox 453 3675 2098 3756">
    <p class='ocr_par' dir='ltr' id='par_1_68' title="bbox 453 3675 2098 3756">
     <span class='ocr_line' id='line_1_69' title="bbox 453 3675 2098 3756; baseline 0.007 -26"><span class='ocrx_word' id='word_1_516' title='bbox 453 3675 816 3742; x_wconf 86' lang='lat' dir='ltr'>imbecillum</span> <span class='ocrx_word' id='word_1_517' title='bbox 839 3693 962 3732; x_wconf 90' lang='lat' dir='ltr'>esse</span> <span class='ocrx_word' id='word_1_518' title='bbox 987 3677 1192 3734; x_wconf 86' lang='lat' dir='ltr'>borum</span> <span class='ocrx_word' id='word_1_519' title='bbox 1217 3685 1623 3750; x_wconf 88' lang='lat' dir='ltr'>argumentum</span> <span class='ocrx_word' id='word_1_520' title='bbox 1647 3683 1792 3738; x_wconf 89' lang='lat' dir='ltr'>satis</span> <span class='ocrx_word' id='word_1_521' title='bbox 1823 3691 2098 3756; x_wconf 89' lang='lat' dir='ltr'>arguunt.</span> 
     </span>
    </p>
   </div>
   <div class='ocr_carea' id='block_1_69' title="bbox 457 3764 2102 3846">
    <p class='ocr_par' dir='ltr' id='par_1_69' title="bbox 457 3764 2102 3846">
     <span class='ocr_line' id='line_1_70' title="bbox 457 3764 2102 3846; baseline 0.006 -26"><span class='ocrx_word' id='word_1_522' title='bbox 457 3764 598 3820; x_wconf 80' lang='lat' dir='ltr'>Nam</span> <span class='ocrx_word' id='word_1_523' title='bbox 615 3767 727 3822; x_wconf 89' lang='lat' dir='ltr'>etsi</span> <span class='ocrx_word' id='word_1_524' title='bbox 742 3765 1268 3824; x_wconf 88' lang='lat' dir='ltr'>feliciumlocorum</span> <span class='ocrx_word' id='word_1_525' title='bbox 1297 3773 1823 3840; x_wconf 86' lang='lat' dir='ltr'>temperamentum</span> <span class='ocrx_word' id='word_1_526' title='bbox 1849 3789 2102 3846; x_wconf 67' lang='lat' dir='ltr'>persaepe</span> 
     </span>
    </p>
   </div>
   <div class='ocr_carea' id='block_1_70' title="bbox 460 3855 2103 3934">
    <p class='ocr_par' dir='ltr' id='par_1_70' title="bbox 460 3855 2103 3934">
     <span class='ocr_line' id='line_1_71' title="bbox 460 3855 2103 3934; baseline 0.007 -26"><span class='ocrx_word' id='word_1_527' title='bbox 460 3855 716 3926; x_wconf 89' lang='lat' dir='ltr'>perierit,</span> <span class='ocrx_word' id='word_1_528' title='bbox 744 3855 1129 3911; x_wconf 89' lang='lat' dir='ltr'>solitudinum</span> <span class='ocrx_word' id='word_1_529' title='bbox 1165 3861 1355 3912; x_wconf 87' lang='lat' dir='ltr'>tamen</span> <span class='ocrx_word' id='word_1_530' title='bbox 1389 3857 1790 3917; x_wconf 87' lang='lat' dir='ltr'>inhabitabilis</span> <span class='ocrx_word' id='word_1_531' title='bbox 1819 3864 2103 3934; x_wconf 88' lang='lat' dir='ltr'>asperitas</span> 
     </span>
    </p>
   </div>
   <div class='ocr_carea' id='block_1_71' title="bbox 459 3944 2104 4024">
    <p class='ocr_par' dir='ltr' id='par_1_71' title="bbox 459 3944 2104 4024">
     <span class='ocr_line' id='line_1_72' title="bbox 459 3944 2104 4024; baseline 0.006 -24"><span class='ocrx_word' id='word_1_532' title='bbox 459 3960 765 4015; x_wconf 88' lang='lat' dir='ltr'>nunquam</span> <span class='ocrx_word' id='word_1_533' title='bbox 814 3944 1123 4000; x_wconf 89' lang='lat' dir='ltr'>immutata</span> <span class='ocrx_word' id='word_1_534' title='bbox 1171 3954 1277 4001; x_wconf 91' lang='lat' dir='ltr'>est.</span> <span class='ocrx_word' id='word_1_535' title='bbox 1311 3946 1439 4002; x_wconf 81' lang='lat' dir='ltr'>Haec</span> <span class='ocrx_word' id='word_1_536' title='bbox 1470 3949 1650 4020; x_wconf 87' lang='lat' dir='ltr'>igitur</span> <span class='ocrx_word' id='word_1_537' title='bbox 1680 3950 1779 4006; x_wconf 90' lang='lat' dir='ltr'>illa</span> <span class='ocrx_word' id='word_1_538' title='bbox 1810 3958 1946 4008; x_wconf 88' lang='lat' dir='ltr'>sunt</span> <span class='ocrx_word' id='word_1_539' title='bbox 1975 3970 2104 4024; x_wconf 67' lang='lat' dir='ltr'>quae</span> 
     </span>
    </p>
   </div>
   <div class='ocr_carea' id='block_1_72' title="bbox 2210 3320 3868 3399">
    <p class='ocr_par' dir='ltr' id='par_1_72' title="bbox 2210 3320 3868 3399">
     <span class='ocr_line' id='line_1_73' title="bbox 2210 3320 3868 3399; baseline -0.001 -22"><span class='ocrx_word' id='word_1_540' title='bbox 2210 3323 2424 3383; x_wconf 74' lang='grc' dir='ltr'>ἀσθενὲς</span> <span class='ocrx_word' id='word_1_541' title='bbox 2485 3320 2884 3398; x_wconf 79' lang='grc' dir='ltr'>διελέγχουσι·</span> <span class='ocrx_word' id='word_1_542' title='bbox 2933 3329 3038 3379; x_wconf 80' lang='grc' dir='ltr'>τῶν</span> <span class='ocrx_word' id='word_1_543' title='bbox 3102 3325 3193 3398; x_wconf 72' lang='grc' dir='ltr'>μὲν</span> <span class='ocrx_word' id='word_1_544' title='bbox 3239 3325 3340 3399; x_wconf 71' lang='grc' dir='ltr'>γὰρ</span> <span class='ocrx_word' id='word_1_545' title='bbox 3399 3324 3617 3398; x_wconf 77' lang='grc' dir='ltr'>ἀγαθῶν</span> <span class='ocrx_word' id='word_1_546' title='bbox 3676 3325 3868 3377; x_wconf 83' lang='grc' dir='ltr'>τόπων</span> 
     </span>
    </p>
   </div>
   <div class='ocr_carea' id='block_1_73' title="bbox 2209 3409 3866 3488">
    <p class='ocr_par' dir='ltr' id='par_1_73' title="bbox 2209 3409 3866 3488">
     <span class='ocr_line' id='line_1_74' title="bbox 2209 3409 3866 3488; baseline 0.001 -24"><span class='ocrx_word' id='word_1_547' title='bbox 2209 3409 2482 3474; x_wconf 80' lang='grc' dir='ltr'>πολλάκις</span> <span class='ocrx_word' id='word_1_548' title='bbox 2515 3413 2780 3484; x_wconf 69' lang='grc' dir='ltr'>ἠφανίσθη</span> <span class='ocrx_word' id='word_1_549' title='bbox 2814 3415 2874 3467; x_wconf 86' lang='grc' dir='ltr'>τὸ</span> <span class='ocrx_word' id='word_1_550' title='bbox 2917 3411 3198 3488; x_wconf 70' lang='grc' dir='ltr'>εὔκρατον,</span> <span class='ocrx_word' id='word_1_551' title='bbox 3226 3419 3332 3468; x_wconf 81' lang='grc' dir='ltr'>τῶν</span> <span class='ocrx_word' id='word_1_552' title='bbox 3386 3411 3442 3466; x_wconf 77' lang='grc' dir='ltr'>δὲ</span> <span class='ocrx_word' id='word_1_553' title='bbox 3490 3411 3714 3486; x_wconf 73' lang='grc' dir='ltr'>ἐρήμων</span> <span class='ocrx_word' id='word_1_554' title='bbox 3771 3413 3866 3465; x_wconf 72' lang='grc' dir='ltr'>ου-</span> 
     </span>
    </p>
   </div>
   <div class='ocr_carea' id='block_1_74' title="bbox 2213 3498 3863 3577">
    <p class='ocr_par' dir='ltr' id='par_1_74' title="bbox 2213 3498 3863 3577">
     <span class='ocr_line' id='line_1_75' title="bbox 2213 3498 3863 3577; baseline -0.002 -23"><span class='ocrx_word' id='word_1_555' title='bbox 2213 3498 2494 3555; x_wconf 83' lang='grc' dir='ltr'>δεπώποτε</span> <span class='ocrx_word' id='word_1_556' title='bbox 2555 3498 2866 3575; x_wconf 76' lang='grc' dir='ltr'>μετεϐλῆοη</span> <span class='ocrx_word' id='word_1_557' title='bbox 2918 3505 2978 3556; x_wconf 81' lang='grc' dir='ltr'>τὸ</span> <span class='ocrx_word' id='word_1_558' title='bbox 3041 3501 3232 3577; x_wconf 74' lang='grc' dir='ltr'>ἄγριον</span> <span class='ocrx_word' id='word_1_559' title='bbox 3279 3503 3369 3557; x_wconf 77' lang='grc' dir='ltr'>καὶ</span> <span class='ocrx_word' id='word_1_560' title='bbox 3413 3501 3700 3572; x_wconf 74' lang='grc' dir='ltr'>ἀοίκητον.</span> <span class='ocrx_word' id='word_1_561' title='bbox 3741 3505 3863 3557; x_wconf 71' lang='grc' dir='ltr'>Τῶν</span> 
     </span>
    </p>
   </div>
   <div class='ocr_carea' id='block_1_75' title="bbox 2215 3589 3866 3670">
    <p class='ocr_par' dir='ltr' id='par_1_75' title="bbox 2215 3589 3866 3670">
     <span class='ocr_line' id='line_1_76' title="bbox 2215 3589 3866 3670; baseline -0.001 -26"><span class='ocrx_word' id='word_1_562' title='bbox 2215 3591 2309 3663; x_wconf 74' lang='grc' dir='ltr'>μὲν</span> <span class='ocrx_word' id='word_1_563' title='bbox 2370 3590 2459 3645; x_wconf 74' lang='grc' dir='ltr'>οὖν</span> <span class='ocrx_word' id='word_1_564' title='bbox 2513 3590 2561 3646; x_wconf 83' lang='grc' dir='ltr'>ἐν</span> <span class='ocrx_word' id='word_1_565' title='bbox 2611 3597 2688 3664; x_wconf 78' lang='grc' dir='ltr'>τῷ</span> <span class='ocrx_word' id='word_1_566' title='bbox 2741 3592 2787 3647; x_wconf 83' lang='grc' dir='ltr'>λ’</span> <span class='ocrx_word' id='word_1_567' title='bbox 2816 3590 3097 3670; x_wconf 69' lang='grc' dir='ltr'>κεφαλαίῳ</span> <span class='ocrx_word' id='word_1_568' title='bbox 3137 3593 3238 3646; x_wconf 85' lang='grc' dir='ltr'>ὅσα</span> <span class='ocrx_word' id='word_1_569' title='bbox 3292 3593 3353 3646; x_wconf 85' lang='grc' dir='ltr'>τὸ</span> <span class='ocrx_word' id='word_1_570' title='bbox 3396 3589 3700 3646; x_wconf 83' lang='grc' dir='ltr'>ἀκόλουθόν</span> <span class='ocrx_word' id='word_1_571' title='bbox 3744 3610 3866 3650; x_wconf 85' lang='grc' dir='ltr'>πως</span> 
     </span>
    </p>
   </div>
   <div class='ocr_carea' id='block_1_76' title="bbox 2217 3678 3864 3760">
    <p class='ocr_par' dir='ltr' id='par_1_76' title="bbox 2217 3678 3864 3760">
     <span class='ocr_line' id='line_1_77' title="bbox 2217 3678 3864 3760; baseline -0.001 -25"><span class='ocrx_word' id='word_1_572' title='bbox 2217 3683 2349 3753; x_wconf 81' lang='grc' dir='ltr'>μετὰ</span> <span class='ocrx_word' id='word_1_573' title='bbox 2405 3687 2506 3735; x_wconf 76' lang='grc' dir='ltr'>τοῦ</span> <span class='ocrx_word' id='word_1_574' title='bbox 2563 3684 2789 3736; x_wconf 75' lang='grc' dir='ltr'>πιθανοῦ</span> <span class='ocrx_word' id='word_1_575' title='bbox 2850 3681 2988 3760; x_wconf 76' lang='grc' dir='ltr'>εἶχε,</span> <span class='ocrx_word' id='word_1_576' title='bbox 3021 3681 3186 3736; x_wconf 80' lang='grc' dir='ltr'>ταῦτά</span> <span class='ocrx_word' id='word_1_577' title='bbox 3240 3681 3348 3736; x_wconf 79' lang='grc' dir='ltr'>ἐστι</span> <span class='ocrx_word' id='word_1_578' title='bbox 3382 3700 3394 3715; x_wconf 88' lang='grc'>·</span> <span class='ocrx_word' id='word_1_579' title='bbox 3427 3686 3540 3735; x_wconf 81' lang='grc' dir='ltr'>τῶν</span> <span class='ocrx_word' id='word_1_580' title='bbox 3591 3678 3638 3733; x_wconf 81' lang='grc' dir='ltr'>δ’</span> <span class='ocrx_word' id='word_1_581' title='bbox 3671 3679 3864 3734; x_wconf 71' lang='grc' dir='ltr'>ἄλλων</span> 
     </span>
    </p>
   </div>
   <div class='ocr_carea' id='block_1_77' title="bbox 2211 3767 3866 3849">
    <p class='ocr_par' dir='ltr' id='par_1_77' title="bbox 2211 3767 3866 3849">
     <span class='ocr_line' id='line_1_78' title="bbox 2211 3767 3866 3849; baseline -0.002 -24"><span class='ocrx_word' id='word_1_582' title='bbox 2211 3773 2278 3825; x_wconf 74' lang='grc' dir='ltr'>τὰ</span> <span class='ocrx_word' id='word_1_583' title='bbox 2338 3773 2430 3844; x_wconf 72' lang='grc' dir='ltr'>μὲν</span> <span class='ocrx_word' id='word_1_584' title='bbox 2482 3777 2598 3832; x_wconf 85' lang='grc' dir='ltr'>τοῖς</span> <span class='ocrx_word' id='word_1_585' title='bbox 2656 3767 2998 3847; x_wconf 70' lang='grc' dir='ltr'>προλαϐοὖσι</span> <span class='ocrx_word' id='word_1_586' title='bbox 3056 3770 3375 3849; x_wconf 69' lang='grc' dir='ltr'>κεφαλαίοις</span> <span class='ocrx_word' id='word_1_587' title='bbox 3415 3771 3766 3846; x_wconf 78' lang='grc' dir='ltr'>προείρηται,</span> <span class='ocrx_word' id='word_1_588' title='bbox 3802 3770 3866 3823; x_wconf 70' lang='grc' dir='ltr'>τὰ</span> 
     </span>
    </p>
   </div>
   <div class='ocr_carea' id='block_1_78' title="bbox 2215 3857 3870 3939">
    <p class='ocr_par' dir='ltr' id='par_1_78' title="bbox 2215 3857 3870 3939">
     <span class='ocr_line' id='line_1_79' title="bbox 2215 3857 3870 3939; baseline -0.003 -23"><span class='ocrx_word' id='word_1_589' title='bbox 2215 3860 2272 3916; x_wconf 72' lang='grc' dir='ltr'>δὲ</span> <span class='ocrx_word' id='word_1_590' title='bbox 2327 3862 2462 3916; x_wconf 75' lang='grc' dir='ltr'>κατὰ</span> <span class='ocrx_word' id='word_1_591' title='bbox 2516 3862 2579 3916; x_wconf 85' lang='grc' dir='ltr'>τὸ</span> <span class='ocrx_word' id='word_1_592' title='bbox 2639 3863 2961 3939; x_wconf 73' lang='grc' dir='ltr'>φαινόμενον</span> <span class='ocrx_word' id='word_1_593' title='bbox 3027 3859 3242 3935; x_wconf 76' lang='grc' dir='ltr'>μᾶλλον</span> <span class='ocrx_word' id='word_1_594' title='bbox 3299 3861 3389 3915; x_wconf 75' lang='grc' dir='ltr'>καὶ</span> <span class='ocrx_word' id='word_1_595' title='bbox 3431 3859 3762 3915; x_wconf 77' lang='grc' dir='ltr'>ἐπιπόλαιον</span> <span class='ocrx_word' id='word_1_596' title='bbox 3796 3857 3870 3914; x_wconf 54' lang='grc' dir='ltr'>δι’</span> 
     </span>
    </p>
   </div>
   <div class='ocr_carea' id='block_1_79' title="bbox 2215 3955 2546 4013">
    <p class='ocr_par' dir='ltr' id='par_1_79' title="bbox 2215 3955 2546 4013">
     <span class='ocr_line' id='line_1_80' title="bbox 2215 3955 2546 4013; baseline 0 -5"><span class='ocrx_word' id='word_1_597' title='bbox 2215 3955 2546 4013; x_wconf 69' lang='grc' dir='ltr'>εσκεῦασται.</span> 
     </span>
    </p>
   </div>
   <div class='ocr_carea' id='block_1_80' title="bbox 451 4034 3869 4118">
    <p class='ocr_par' dir='ltr' id='par_1_80' title="bbox 451 4034 3869 4118">
     <span class='ocr_line' id='line_1_81' title="bbox 451 4034 3869 4118; baseline 0.003 -28"><span class='ocrx_word' id='word_1_598' title='bbox 451 4034 757 4090; x_wconf 82' lang='lat' dir='ltr'>tricesimo</span> <span class='ocrx_word' id='word_1_599' title='bbox 815 4035 1002 4106; x_wconf 90' lang='lat' dir='ltr'>capite</span> <span class='ocrx_word' id='word_1_600' title='bbox 1057 4034 1139 4090; x_wconf 87' lang='lat' dir='ltr'>ita</span> <span class='ocrx_word' id='word_1_601' title='bbox 1197 4041 1542 4107; x_wconf 88' lang='lat' dir='ltr'>tractantur,</span> <span class='ocrx_word' id='word_1_602' title='bbox 1581 4043 1644 4094; x_wconf 91' lang='lat' dir='ltr'>ut</span> <span class='ocrx_word' id='word_1_603' title='bbox 1699 4046 2171 4114; x_wconf 82' lang='lat' dir='ltr'>consequentiam</span> <span class='ocrx_word' id='word_1_604' title='bbox 2226 4045 2477 4116; x_wconf 88' lang='lat' dir='ltr'>aliquam</span> <span class='ocrx_word' id='word_1_605' title='bbox 2520 4051 2576 4103; x_wconf 89' lang='lat' dir='ltr'>et</span> <span class='ocrx_word' id='word_1_606' title='bbox 2611 4047 3073 4118; x_wconf 89' lang='lat' dir='ltr'>probabilitatem</span> <span class='ocrx_word' id='word_1_607' title='bbox 3132 4047 3404 4109; x_wconf 85' lang='lat' dir='ltr'>habeant,</span> <span class='ocrx_word' id='word_1_608' title='bbox 3449 4053 3663 4101; x_wconf 70' lang='lat' dir='ltr'>caetera</span> <span class='ocrx_word' id='word_1_609' title='bbox 3711 4061 3869 4110; x_wconf 86' lang='lat' dir='ltr'>vero,</span> 
     </span>
    </p>
   </div>
   <div class='ocr_carea' id='block_1_81' title="bbox 460 4123 3796 4206">
    <p class='ocr_par' dir='ltr' id='par_1_81' title="bbox 460 4123 3796 4206">
     <span class='ocr_line' id='line_1_82' title="bbox 460 4123 3796 4206; baseline 0.004 -29"><span class='ocrx_word' id='word_1_610' title='bbox 460 4125 671 4194; x_wconf 87' lang='lat' dir='ltr'>partim</span> <span class='ocrx_word' id='word_1_611' title='bbox 705 4123 994 4194; x_wconf 88' lang='lat' dir='ltr'>capitibus</span> <span class='ocrx_word' id='word_1_612' title='bbox 1027 4125 1179 4180; x_wconf 88' lang='lat' dir='ltr'>dicta</span> <span class='ocrx_word' id='word_1_613' title='bbox 1209 4133 1348 4182; x_wconf 89' lang='lat' dir='ltr'>sunt</span> <span class='ocrx_word' id='word_1_614' title='bbox 1370 4130 1848 4199; x_wconf 72' lang='lat' dir='ltr'>praecedentibus,</span> <span class='ocrx_word' id='word_1_615' title='bbox 1883 4135 2094 4204; x_wconf 88' lang='lat' dir='ltr'>partim</span> <span class='ocrx_word' id='word_1_616' title='bbox 2127 4134 2187 4189; x_wconf 90' lang='lat' dir='ltr'>in</span> <span class='ocrx_word' id='word_1_617' title='bbox 2221 4136 2472 4206; x_wconf 89' lang='lat' dir='ltr'>speciem</span> <span class='ocrx_word' id='word_1_618' title='bbox 2505 4138 2784 4192; x_wconf 87' lang='lat' dir='ltr'>duntaxat</span> <span class='ocrx_word' id='word_1_619' title='bbox 2813 4138 3152 4193; x_wconf 87' lang='lat' dir='ltr'>exteriorem</span> <span class='ocrx_word' id='word_1_620' title='bbox 3185 4138 3469 4191; x_wconf 89' lang='lat' dir='ltr'>instructa</span> <span class='ocrx_word' id='word_1_621' title='bbox 3496 4136 3796 4190; x_wconf 90' lang='lat' dir='ltr'>videntur.</span> 
     </span>
    </p>
   </div>
   <div class='ocr_carea' id='block_1_82' title="bbox 532 4212 2183 4294">
    <p class='ocr_par' dir='ltr' id='par_1_82' title="bbox 532 4212 2183 4294">
     <span class='ocr_line' id='line_1_83' title="bbox 532 4212 2183 4294; baseline 0.006 -28"><span class='ocrx_word' id='word_1_622' title='bbox 532 4215 604 4268; x_wconf 79' lang='lat' dir='ltr'>At</span> <span class='ocrx_word' id='word_1_623' title='bbox 636 4212 822 4283; x_wconf 88' lang='lat' dir='ltr'>primo</span> <span class='ocrx_word' id='word_1_624' title='bbox 866 4220 921 4268; x_wconf 90' lang='lat' dir='ltr'>et</span> <span class='ocrx_word' id='word_1_625' title='bbox 961 4213 1252 4271; x_wconf 88' lang='lat' dir='ltr'>tricesimo</span> <span class='ocrx_word' id='word_1_626' title='bbox 1292 4217 1480 4288; x_wconf 88' lang='lat' dir='ltr'>capite</span> <span class='ocrx_word' id='word_1_627' title='bbox 1510 4219 1939 4291; x_wconf 84' lang='lat' dir='ltr'>astrologorum</span> <span class='ocrx_word' id='word_1_628' title='bbox 1970 4223 2104 4294; x_wconf 89' lang='lat' dir='ltr'>cpi-</span> <span class='ocrx_word' id='word_1_629' title='bbox 2138 4225 2183 4288; x_wconf 81' lang='grc' dir='ltr'>Ι]</span> 
     </span>
    </p>
   </div>
   <div class='ocr_carea' id='block_1_83' title="bbox 455 4302 2106 4384">
    <p class='ocr_par' dir='ltr' id='par_1_83' title="bbox 455 4302 2106 4384">
     <span class='ocr_line' id='line_1_84' title="bbox 455 4302 2106 4384; baseline 0.005 -27"><span class='ocrx_word' id='word_1_630' title='bbox 455 4302 692 4358; x_wconf 88' lang='lat' dir='ltr'>nionem</span> <span class='ocrx_word' id='word_1_631' title='bbox 746 4302 1117 4372; x_wconf 82' lang='lat' dir='ltr'>labefactans,</span> <span class='ocrx_word' id='word_1_632' title='bbox 1149 4303 1230 4359; x_wconf 89' lang='lat' dir='ltr'>ila</span> <span class='ocrx_word' id='word_1_633' title='bbox 1259 4307 1467 4376; x_wconf 68' lang='lat' dir='ltr'>quaerit</span> <span class='ocrx_word' id='word_1_634' title='bbox 1496 4323 1509 4361; x_wconf 90' lang='lat'>:</span> <span class='ocrx_word' id='word_1_635' title='bbox 1542 4309 1656 4363; x_wconf 91' lang='lat' dir='ltr'>Cur</span> <span class='ocrx_word' id='word_1_636' title='bbox 1685 4309 1905 4366; x_wconf 87' lang='lat' dir='ltr'>zodiaci</span> <span class='ocrx_word' id='word_1_637' title='bbox 1938 4311 2106 4384; x_wconf 87' lang='lat' dir='ltr'>signa</span> 
     </span>
    </p>
   </div>
   <div class='ocr_carea' id='block_1_84' title="bbox 459 4389 2108 4470">
    <p class='ocr_par' dir='ltr' id='par_1_84' title="bbox 459 4389 2108 4470">
     <span class='ocr_line' id='line_1_85' title="bbox 459 4389 2108 4470; baseline 0.009 -27"><span class='ocrx_word' id='word_1_638' title='bbox 459 4390 783 4444; x_wconf 88' lang='lat' dir='ltr'>errantium</span> <span class='ocrx_word' id='word_1_639' title='bbox 809 4389 1108 4446; x_wconf 88' lang='lat' dir='ltr'>stellarum</span> <span class='ocrx_word' id='word_1_640' title='bbox 1133 4393 1340 4449; x_wconf 90' lang='lat' dir='ltr'>domos</span> <span class='ocrx_word' id='word_1_641' title='bbox 1361 4393 1705 4466; x_wconf 86' lang='lat' dir='ltr'>appellant?</span> <span class='ocrx_word' id='word_1_642' title='bbox 1726 4400 1805 4454; x_wconf 84' lang='lat' dir='ltr'>An</span> <span class='ocrx_word' id='word_1_643' title='bbox 1827 4400 1966 4470; x_wconf 89' lang='lat' dir='ltr'>quia</span> <span class='ocrx_word' id='word_1_644' title='bbox 1988 4400 2108 4458; x_wconf 68' lang='lat' dir='ltr'>hinc</span> 
     </span>
    </p>
   </div>
   <div class='ocr_carea' id='block_1_85' title="bbox 455 4478 2110 4556">
    <p class='ocr_par' dir='ltr' id='par_1_85' title="bbox 455 4478 2110 4556">
     <span class='ocr_line' id='line_1_86' title="bbox 455 4478 2110 4556; baseline 0.007 -21"><span class='ocrx_word' id='word_1_645' title='bbox 455 4478 516 4535; x_wconf 86' lang='lat' dir='ltr'>in</span> <span class='ocrx_word' id='word_1_646' title='bbox 566 4478 708 4534; x_wconf 82' lang='lat' dir='ltr'>ccelo</span> <span class='ocrx_word' id='word_1_647' title='bbox 754 4481 864 4535; x_wconf 81' lang='lat' dir='ltr'>fixa</span> <span class='ocrx_word' id='word_1_648' title='bbox 906 4482 1086 4537; x_wconf 82' lang='lat' dir='ltr'>sunt?</span> <span class='ocrx_word' id='word_1_649' title='bbox 1127 4483 1272 4554; x_wconf 86' lang='lat' dir='ltr'>Ergo</span> <span class='ocrx_word' id='word_1_650' title='bbox 1327 4492 1615 4556; x_wconf 84' lang='lat' dir='ltr'>quotquot</span> <span class='ocrx_word' id='word_1_651' title='bbox 1671 4487 1949 4544; x_wconf 90' lang='lat' dir='ltr'>similiter</span> <span class='ocrx_word' id='word_1_652' title='bbox 1998 4491 2110 4546; x_wconf 79' lang='lat' dir='ltr'>ﬁxa</span> 
     </span>
    </p>
   </div>
   <div class='ocr_carea' id='block_1_86' title="bbox 459 4569 2107 4644">
    <p class='ocr_par' dir='ltr' id='par_1_86' title="bbox 459 4569 2107 4644">
     <span class='ocr_line' id='line_1_87' title="bbox 459 4569 2107 4644; baseline 0.008 -22"><span class='ocrx_word' id='word_1_653' title='bbox 459 4571 700 4623; x_wconf 87' lang='lat' dir='ltr'>manent</span> <span class='ocrx_word' id='word_1_654' title='bbox 732 4573 908 4634; x_wconf 87' lang='lat' dir='ltr'>astra,</span> <span class='ocrx_word' id='word_1_655' title='bbox 941 4569 1200 4640; x_wconf 89' lang='lat' dir='ltr'>ipsorum</span> <span class='ocrx_word' id='word_1_656' title='bbox 1236 4588 1395 4643; x_wconf 73' lang='lat' dir='ltr'>reque</span> <span class='ocrx_word' id='word_1_657' title='bbox 1426 4573 1636 4630; x_wconf 87' lang='lat' dir='ltr'>domus</span> <span class='ocrx_word' id='word_1_658' title='bbox 1670 4576 1906 4632; x_wconf 86' lang='lat' dir='ltr'>fuerint.</span> <span class='ocrx_word' id='word_1_659' title='bbox 1940 4577 2107 4644; x_wconf 87' lang='lat' dir='ltr'>Non;</span> 
     </span>
    </p>
   </div>
   <div class='ocr_carea' id='block_1_87' title="bbox 457 4657 2108 4738">
    <p class='ocr_par' dir='ltr' id='par_1_87' title="bbox 457 4657 2108 4738">
     <span class='ocr_line' id='line_1_88' title="bbox 457 4657 2108 4738; baseline 0.007 -26"><span class='ocrx_word' id='word_1_660' title='bbox 457 4657 552 4712; x_wconf 84' lang='lat' dir='ltr'>sed</span> <span class='ocrx_word' id='word_1_661' title='bbox 591 4657 731 4727; x_wconf 91' lang='lat' dir='ltr'>quia</span> <span class='ocrx_word' id='word_1_662' title='bbox 762 4674 875 4714; x_wconf 90' lang='lat' dir='ltr'>non</span> <span class='ocrx_word' id='word_1_663' title='bbox 908 4661 1227 4715; x_wconf 89' lang='lat' dir='ltr'>errantium</span> <span class='ocrx_word' id='word_1_664' title='bbox 1259 4660 1562 4717; x_wconf 89' lang='lat' dir='ltr'>stellarum</span> <span class='ocrx_word' id='word_1_665' title='bbox 1595 4663 1868 4733; x_wconf 69' lang='lat' dir='ltr'>quaelibet</span> <span class='ocrx_word' id='word_1_666' title='bbox 1897 4668 2108 4738; x_wconf 89' lang='lat' dir='ltr'>gaudet</span> 
     </span>
    </p>
   </div>
   <div class='ocr_carea' id='block_1_88' title="bbox 458 4747 2106 4826">
    <p class='ocr_par' dir='ltr' id='par_1_88' title="bbox 458 4747 2106 4826">
     <span class='ocr_line' id='line_1_89' title="bbox 458 4747 2106 4826; baseline 0.005 -22"><span class='ocrx_word' id='word_1_667' title='bbox 458 4747 647 4804; x_wconf 59' lang='lat' dir='ltr'>ﬂllb</span> <span class='ocrx_word' id='word_1_668' title='bbox 710 4751 956 4803; x_wconf 88' lang='lat' dir='ltr'>errante.</span> <span class='ocrx_word' id='word_1_669' title='bbox 1015 4749 1164 4812; x_wconf 87' lang='lat' dir='ltr'>Quin</span> <span class='ocrx_word' id='word_1_670' title='bbox 1215 4749 1394 4820; x_wconf 87' lang='lat' dir='ltr'>igitur</span> <span class='ocrx_word' id='word_1_671' title='bbox 1431 4758 1483 4806; x_wconf 89' lang='lat' dir='ltr'>et</span> <span class='ocrx_word' id='word_1_672' title='bbox 1529 4752 1768 4822; x_wconf 85' lang='lat' dir='ltr'>planetae</span> <span class='ocrx_word' id='word_1_673' title='bbox 1808 4754 2106 4826; x_wconf 88' lang='lat' dir='ltr'>signorum</span> 
     </span>
    </p>
   </div>
   <div class='ocr_carea' id='block_1_89' title="bbox 459 4836 2106 4910">
    <p class='ocr_par' dir='ltr' id='par_1_89' title="bbox 459 4836 2106 4910">
     <span class='ocr_line' id='line_1_90' title="bbox 459 4836 2106 4910; baseline 0.005 -16"><span class='ocrx_word' id='word_1_674' title='bbox 459 4837 681 4894; x_wconf 80' lang='lat' dir='ltr'>zodiaci</span> <span class='ocrx_word' id='word_1_675' title='bbox 739 4836 948 4893; x_wconf 88' lang='lat' dir='ltr'>domus</span> <span class='ocrx_word' id='word_1_676' title='bbox 1007 4838 1422 4910; x_wconf 86' lang='lat' dir='ltr'>appellantur?</span> <span class='ocrx_word' id='word_1_677' title='bbox 1451 4839 1750 4904; x_wconf 90' lang='lat' dir='ltr'>Quomodo</span> <span class='ocrx_word' id='word_1_678' title='bbox 1800 4861 1912 4900; x_wconf 90' lang='lat' dir='ltr'>non</span> <span class='ocrx_word' id='word_1_679' title='bbox 1966 4846 2106 4902; x_wconf 89' lang='lat' dir='ltr'>item</span> 
     </span>
    </p>
   </div>
   <div class='ocr_carea' id='block_1_90' title="bbox 459 4926 2106 5006">
    <p class='ocr_par' dir='ltr' id='par_1_90' title="bbox 459 4926 2106 5006">
     <span class='ocr_line' id='line_1_91' title="bbox 459 4926 2106 5006; baseline 0.005 -24"><span class='ocrx_word' id='word_1_680' title='bbox 459 4928 674 5004; x_wconf 91' lang='lat' dir='ltr'>domus</span> <span class='ocrx_word' id='word_1_681' title='bbox 704 4926 953 4984; x_wconf 91' lang='lat' dir='ltr'>invicem</span> <span class='ocrx_word' id='word_1_682' title='bbox 986 4933 1123 4984; x_wconf 91' lang='lat' dir='ltr'>sunt</span> <span class='ocrx_word' id='word_1_683' title='bbox 1153 4929 1394 4984; x_wconf 84' lang='lat' dir='ltr'>benefici</span> <span class='ocrx_word' id='word_1_684' title='bbox 1429 4932 1807 5004; x_wconf 87' lang='lat' dir='ltr'>prosperique</span> <span class='ocrx_word' id='word_1_685' title='bbox 1838 4933 2106 5006; x_wconf 76' lang='lat' dir='ltr'>planetas,</span> 
     </span>
    </p>
   </div>
   <div class='ocr_carea' id='block_1_91' title="bbox 457 5017 2113 5088">
    <p class='ocr_par' dir='ltr' id='par_1_91' title="bbox 457 5017 2113 5088">
     <span class='ocr_line' id='line_1_92' title="bbox 457 5017 2113 5088; baseline 0.005 -17"><span class='ocrx_word' id='word_1_686' title='bbox 457 5023 511 5071; x_wconf 88' lang='lat' dir='ltr'>et</span> <span class='ocrx_word' id='word_1_687' title='bbox 545 5017 829 5074; x_wconf 79' lang='lat' dir='ltr'>malefici:</span> <span class='ocrx_word' id='word_1_688' title='bbox 860 5017 977 5073; x_wconf 91' lang='lat' dir='ltr'>imo</span> <span class='ocrx_word' id='word_1_689' title='bbox 1007 5026 1063 5073; x_wconf 90' lang='lat' dir='ltr'>et</span> <span class='ocrx_word' id='word_1_690' title='bbox 1090 5034 1220 5088; x_wconf 59' lang='lat' dir='ltr'>qua</span> <span class='ocrx_word' id='word_1_691' title='bbox 1251 5017 1360 5074; x_wconf 89' lang='lat' dir='ltr'>sibi</span> <span class='ocrx_word' id='word_1_692' title='bbox 1396 5023 1600 5075; x_wconf 91' lang='lat' dir='ltr'>mutuo</span> <span class='ocrx_word' id='word_1_693' title='bbox 1633 5021 1944 5078; x_wconf 86' lang='lat' dir='ltr'>familiaria</span> <span class='ocrx_word' id='word_1_694' title='bbox 1976 5028 2113 5080; x_wconf 88' lang='lat' dir='ltr'>sunt</span> 
     </span>
    </p>
   </div>
   <div class='ocr_carea' id='block_1_92' title="bbox 462 5107 2112 5185">
    <p class='ocr_par' dir='ltr' id='par_1_92' title="bbox 462 5107 2112 5185">
     <span class='ocr_line' id='line_1_93' title="bbox 462 5107 2112 5185; baseline 0.007 -27"><span class='ocrx_word' id='word_1_695' title='bbox 462 5107 681 5162; x_wconf 77' lang='lat' dir='ltr'>zodiaci</span> <span class='ocrx_word' id='word_1_696' title='bbox 741 5107 927 5178; x_wconf 71' lang='lat' dir='ltr'>signa.</span> <span class='ocrx_word' id='word_1_697' title='bbox 977 5107 1034 5161; x_wconf 85' lang='lat' dir='ltr'>Si</span> <span class='ocrx_word' id='word_1_698' title='bbox 1095 5123 1228 5164; x_wconf 91' lang='lat' dir='ltr'>vero</span> <span class='ocrx_word' id='word_1_699' title='bbox 1285 5113 1609 5180; x_wconf 89' lang='lat' dir='ltr'>propterea,</span> <span class='ocrx_word' id='word_1_700' title='bbox 1661 5113 1812 5181; x_wconf 92' lang='lat' dir='ltr'>quod</span> <span class='ocrx_word' id='word_1_701' title='bbox 1867 5113 2033 5185; x_wconf 90' lang='lat' dir='ltr'>signa</span> <span class='ocrx_word' id='word_1_702' title='bbox 2081 5131 2112 5170; x_wconf 91' lang='lat' dir='ltr'>e</span> 
     </span>
    </p>
   </div>
   <div class='ocr_carea' id='block_1_93' title="bbox 465 5193 2111 5273">
    <p class='ocr_par' dir='ltr' id='par_1_93' title="bbox 465 5193 2111 5273">
     <span class='ocr_line' id='line_1_94' title="bbox 465 5193 2111 5273; baseline 0.009 -27"><span class='ocrx_word' id='word_1_703' title='bbox 465 5193 666 5273; x_wconf 80' lang='lat' dir='ltr'>multis</span> <span class='ocrx_word' id='word_1_704' title='bbox 717 5203 1142 5269; x_wconf 86' lang='lat' dir='ltr'>componantur</span> <span class='ocrx_word' id='word_1_705' title='bbox 1185 5197 1393 5264; x_wconf 88' lang='lat' dir='ltr'>stellis,</span> <span class='ocrx_word' id='word_1_706' title='bbox 1428 5215 1559 5254; x_wconf 89' lang='lat' dir='ltr'>cum</span> <span class='ocrx_word' id='word_1_707' title='bbox 1597 5199 1816 5272; x_wconf 89' lang='lat' dir='ltr'>singuli</span> <span class='ocrx_word' id='word_1_708' title='bbox 1869 5201 2111 5273; x_wconf 62' lang='lat' dir='ltr'>planetae</span> 
     </span>
    </p>
   </div>
   <div class='ocr_carea' id='block_1_94' title="bbox 467 5280 2113 5361">
    <p class='ocr_par' dir='ltr' id='par_1_94' title="bbox 467 5280 2113 5361">
     <span class='ocr_line' id='line_1_95' title="bbox 467 5280 2113 5361; baseline 0.011 -28"><span class='ocrx_word' id='word_1_709' title='bbox 467 5280 637 5336; x_wconf 89' lang='lat' dir='ltr'>unius</span> <span class='ocrx_word' id='word_1_710' title='bbox 669 5287 898 5352; x_wconf 87' lang='lat' dir='ltr'>generis</span> <span class='ocrx_word' id='word_1_711' title='bbox 930 5286 1087 5354; x_wconf 84' lang='lat' dir='ltr'>sint;</span> <span class='ocrx_word' id='word_1_712' title='bbox 1123 5301 1257 5344; x_wconf 79' lang='lat' dir='ltr'>mox</span> <span class='ocrx_word' id='word_1_713' title='bbox 1299 5288 1471 5344; x_wconf 89' lang='lat' dir='ltr'>etiam</span> <span class='ocrx_word' id='word_1_714' title='bbox 1515 5291 1838 5361; x_wconf 90' lang='lat' dir='ltr'>quamlibet</span> <span class='ocrx_word' id='word_1_715' title='bbox 1871 5293 2113 5350; x_wconf 82' lang='lat' dir='ltr'>lixarum</span> 
     </span>
    </p>
   </div>
   <div class='ocr_carea' id='block_1_95' title="bbox 2285 4220 3873 4298">
    <p class='ocr_par' dir='ltr' id='par_1_95' title="bbox 2285 4220 3873 4298">
     <span class='ocr_line' id='line_1_96' title="bbox 2285 4220 3873 4298; baseline -0.002 -21"><span class='ocrx_word' id='word_1_716' title='bbox 2285 4223 2373 4277; x_wconf 86' lang='grc' dir='ltr'>Ἐν</span> <span class='ocrx_word' id='word_1_717' title='bbox 2415 4221 2472 4278; x_wconf 74' lang='grc' dir='ltr'>δὲ</span> <span class='ocrx_word' id='word_1_718' title='bbox 2513 4228 2593 4296; x_wconf 72' lang='grc' dir='ltr'>τῷ</span> <span class='ocrx_word' id='word_1_719' title='bbox 2643 4222 2727 4279; x_wconf 88' lang='grc' dir='ltr'>λα’</span> <span class='ocrx_word' id='word_1_720' title='bbox 2759 4222 3010 4298; x_wconf 78' lang='grc' dir='ltr'>διαπορεῖ</span> <span class='ocrx_word' id='word_1_721' title='bbox 3039 4225 3139 4293; x_wconf 74' lang='grc' dir='ltr'>τήν</span> <span class='ocrx_word' id='word_1_722' title='bbox 3187 4228 3295 4278; x_wconf 81' lang='grc' dir='ltr'>τῶν</span> <span class='ocrx_word' id='word_1_723' title='bbox 3325 4221 3676 4297; x_wconf 80' lang='grc' dir='ltr'>ἀστρολόγων</span> <span class='ocrx_word' id='word_1_724' title='bbox 3713 4220 3873 4291; x_wconf 81' lang='grc' dir='ltr'>δόξαν</span> 
     </span>
    </p>
   </div>
   <div class='ocr_carea' id='block_1_96' title="bbox 2217 4309 3866 4390">
    <p class='ocr_par' dir='ltr' id='par_1_96' title="bbox 2217 4309 3866 4390">
     <span class='ocr_line' id='line_1_97' title="bbox 2217 4309 3866 4390; baseline -0.001 -24"><span class='ocrx_word' id='word_1_725' title='bbox 2217 4309 2487 4382; x_wconf 83' lang='grc' dir='ltr'>διασείων,</span> <span class='ocrx_word' id='word_1_726' title='bbox 2519 4312 2607 4367; x_wconf 84' lang='grc' dir='ltr'>καί</span> <span class='ocrx_word' id='word_1_727' title='bbox 2657 4333 2828 4390; x_wconf 51' lang='lat' dir='ltr'>gener</span> <span class='ocrx_word' id='word_1_728' title='bbox 2881 4315 2978 4368; x_wconf 80' lang='grc' dir='ltr'>Διά</span> <span class='ocrx_word' id='word_1_729' title='bbox 3023 4311 3076 4368; x_wconf 85' lang='grc' dir='ltr'>τί</span> <span class='ocrx_word' id='word_1_730' title='bbox 3129 4314 3232 4386; x_wconf 76' lang='grc' dir='ltr'>γὰρ</span> <span class='ocrx_word' id='word_1_731' title='bbox 3284 4310 3452 4382; x_wconf 82' lang='grc' dir='ltr'>ζώδια</span> <span class='ocrx_word' id='word_1_732' title='bbox 3503 4310 3691 4372; x_wconf 77' lang='grc' dir='ltr'>οἷ’κους</span> <span class='ocrx_word' id='word_1_733' title='bbox 3755 4314 3866 4364; x_wconf 82' lang='grc' dir='ltr'>τῶν</span> 
     </span>
    </p>
   </div>
   <div class='ocr_carea' id='block_1_97' title="bbox 2218 4398 3870 4476">
    <p class='ocr_par' dir='ltr' id='par_1_97' title="bbox 2218 4398 3870 4476">
     <span class='ocr_line' id='line_1_98' title="bbox 2218 4398 3870 4476; baseline -0.002 -22"><span class='ocrx_word' id='word_1_734' title='bbox 2218 4401 2509 4471; x_wconf 75' lang='grc' dir='ltr'>πλανήτων</span> <span class='ocrx_word' id='word_1_735' title='bbox 2551 4400 2810 4457; x_wconf 76' lang='grc' dir='ltr'>καλοῦσιν</span> <span class='ocrx_word' id='word_1_736' title='bbox 2838 4423 2851 4470; x_wconf 89' lang='lat'><strong>;</strong></span> <span class='ocrx_word' id='word_1_737' title='bbox 2903 4402 2985 4476; x_wconf 72' lang='grc' dir='ltr'>ἆρ’</span> <span class='ocrx_word' id='word_1_738' title='bbox 3018 4401 3100 4457; x_wconf 80' lang='grc' dir='ltr'>ὅτι</span> <span class='ocrx_word' id='word_1_739' title='bbox 3133 4402 3372 4476; x_wconf 82' lang='grc' dir='ltr'>πέπηγεν</span> <span class='ocrx_word' id='word_1_740' title='bbox 3401 4404 3448 4437; x_wconf 67' lang='grc'>⁸⁸</span> <span class='ocrx_word' id='word_1_741' title='bbox 3485 4399 3539 4454; x_wconf 82' lang='grc' dir='ltr'>ἐν</span> <span class='ocrx_word' id='word_1_742' title='bbox 3569 4406 3647 4471; x_wconf 79' lang='grc' dir='ltr'>τῷ</span> <span class='ocrx_word' id='word_1_743' title='bbox 3700 4398 3870 4469; x_wconf 74' lang='grc' dir='ltr'>οὐρα-</span> 
     </span>
    </p>
   </div>
   <div class='ocr_carea' id='block_1_98' title="bbox 2218 4488 3868 4564">
    <p class='ocr_par' dir='ltr' id='par_1_98' title="bbox 2218 4488 3868 4564">
     <span class='ocr_line' id='line_1_99' title="bbox 2218 4488 3868 4564; baseline -0.002 -20"><span class='ocrx_word' id='word_1_744' title='bbox 2218 4491 2334 4560; x_wconf 81' lang='grc' dir='ltr'>νῷ;</span> <span class='ocrx_word' id='word_1_745' title='bbox 2391 4491 2481 4545; x_wconf 84' lang='grc' dir='ltr'>καὶ</span> <span class='ocrx_word' id='word_1_746' title='bbox 2538 4492 2731 4553; x_wconf 78' lang='grc' dir='ltr'>πάντες</span> <span class='ocrx_word' id='word_1_747' title='bbox 2797 4493 2899 4564; x_wconf 76' lang='grc' dir='ltr'>ἄρα</span> <span class='ocrx_word' id='word_1_748' title='bbox 2946 4492 2998 4546; x_wconf 76' lang='grc' dir='ltr'>οἱ</span> <span class='ocrx_word' id='word_1_749' title='bbox 3067 4491 3280 4564; x_wconf 85' lang='grc' dir='ltr'>ὁμοίως</span> <span class='ocrx_word' id='word_1_750' title='bbox 3356 4490 3669 4564; x_wconf 78' lang='grc' dir='ltr'>πεπηγότες</span> <span class='ocrx_word' id='word_1_751' title='bbox 3724 4488 3868 4542; x_wconf 75' lang='grc' dir='ltr'>οἶκοι</span> 
     </span>
    </p>
   </div>
   <div class='ocr_carea' id='block_1_99' title="bbox 2220 4573 3866 4645">
    <p class='ocr_par' dir='ltr' id='par_1_99' title="bbox 2220 4573 3866 4645">
     <span class='ocr_line' id='line_1_100' title="bbox 2220 4573 3866 4645; baseline -0.001 -13"><span class='ocrx_word' id='word_1_752' title='bbox 2220 4573 2431 4634; x_wconf 76' lang='grc' dir='ltr'>ἔσονται</span> <span class='ocrx_word' id='word_1_753' title='bbox 2463 4582 2510 4616; x_wconf 71' lang='grc'><strong>⁸⁵</strong></span> <span class='ocrx_word' id='word_1_754' title='bbox 2538 4581 2767 4636; x_wconf 68' lang='grc' dir='ltr'>τούτων.</span> <span class='ocrx_word' id='word_1_755' title='bbox 2803 4579 2958 4637; x_wconf 76' lang='grc' dir='ltr'>Ἀλλ’</span> <span class='ocrx_word' id='word_1_756' title='bbox 2986 4580 3068 4636; x_wconf 74' lang='grc' dir='ltr'>ὅτι</span> <span class='ocrx_word' id='word_1_757' title='bbox 3121 4585 3404 4635; x_wconf 74' lang='grc' dir='ltr'>κινοῦνται</span> <span class='ocrx_word' id='word_1_758' title='bbox 3455 4581 3507 4633; x_wconf 73' lang='grc' dir='ltr'>οἱ</span> <span class='ocrx_word' id='word_1_759' title='bbox 3551 4578 3866 4645; x_wconf 72' lang='grc' dir='ltr'>πλάνητες;</span> 
     </span>
    </p>
   </div>
   <div class='ocr_carea' id='block_1_100' title="bbox 2218 4663 3862 4742">
    <p class='ocr_par' dir='ltr' id='par_1_100' title="bbox 2218 4663 3862 4742">
     <span class='ocr_line' id='line_1_101' title="bbox 2218 4663 3862 4742; baseline 0.004 -20"><span class='ocrx_word' id='word_1_760' title='bbox 2218 4667 2308 4722; x_wconf 80' lang='grc' dir='ltr'>καὶ</span> <span class='ocrx_word' id='word_1_761' title='bbox 2350 4667 2491 4725; x_wconf 66' lang='grc' dir='ltr'>οὕτω</span> <span class='ocrx_word' id='word_1_762' title='bbox 2523 4669 2686 4725; x_wconf 85' lang='grc' dir='ltr'>πάλιν</span> <span class='ocrx_word' id='word_1_763' title='bbox 2717 4673 2911 4731; x_wconf 82' lang='grc' dir='ltr'>πάντες</span> <span class='ocrx_word' id='word_1_764' title='bbox 2954 4671 3005 4725; x_wconf 73' lang='grc' dir='ltr'>οἱ</span> <span class='ocrx_word' id='word_1_765' title='bbox 3046 4670 3351 4742; x_wconf 77' lang='grc' dir='ltr'>πεπηγότες</span> <span class='ocrx_word' id='word_1_766' title='bbox 3386 4670 3528 4723; x_wconf 70' lang='grc' dir='ltr'>οἶκοί</span> <span class='ocrx_word' id='word_1_767' title='bbox 3574 4667 3633 4720; x_wconf 69' lang='grc' dir='ltr'>ἂν</span> <span class='ocrx_word' id='word_1_768' title='bbox 3681 4663 3862 4717; x_wconf 59' lang='grc' dir='ltr'>αὐτῶν</span> 
     </span>
    </p>
   </div>
   <div class='ocr_carea' id='block_1_101' title="bbox 2220 4751 3869 4826">
    <p class='ocr_par' dir='ltr' id='par_1_101' title="bbox 2220 4751 3869 4826">
     <span class='ocr_line' id='line_1_102' title="bbox 2220 4751 3869 4826; baseline 0.022 -17"><span class='ocrx_word' id='word_1_769' title='bbox 2220 4755 2403 4826; x_wconf 80' lang='grc' dir='ltr'>εἷἠσαν</span> <span class='ocrx_word' id='word_1_770' title='bbox 2468 4758 2716 4820; x_wconf 71' lang='grc' dir='ltr'>εἰκότως.</span> <span class='ocrx_word' id='word_1_771' title='bbox 2751 4758 2937 4814; x_wconf 75' lang='grc' dir='ltr'>Ἀλλ’</span> <span class='ocrx_word' id='word_1_772' title='bbox 2993 4761 3076 4813; x_wconf 74' lang='grc' dir='ltr'>ὅτι</span> <span class='ocrx_word' id='word_1_773' title='bbox 3151 4765 3260 4814; x_wconf 68' lang='grc' dir='ltr'>τῶν</span> <span class='ocrx_word' id='word_1_774' title='bbox 3320 4757 3577 4813; x_wconf 67' lang='grc' dir='ltr'>ἀπλανῶν</span> <span class='ocrx_word' id='word_1_775' title='bbox 3631 4751 3869 4814; x_wconf 53' lang='grc' dir='ltr'>ἕκαστος</span> 
     </span>
    </p>
   </div>
   <div class='ocr_carea' id='block_1_102' title="bbox 2219 4844 3870 4924">
    <p class='ocr_par' dir='ltr' id='par_1_102' title="bbox 2219 4844 3870 4924">
     <span class='ocr_line' id='line_1_103' title="bbox 2219 4844 3870 4924; baseline -0.001 -24"><span class='ocrx_word' id='word_1_776' title='bbox 2219 4847 2403 4924; x_wconf 77' lang='grc' dir='ltr'>χαίρει</span> <span class='ocrx_word' id='word_1_777' title='bbox 2433 4853 2513 4920; x_wconf 81' lang='grc' dir='ltr'>τῷ</span> <span class='ocrx_word' id='word_1_778' title='bbox 2553 4847 2790 4918; x_wconf 72' lang='grc' dir='ltr'>πλάνητι</span> <span class='ocrx_word' id='word_1_779' title='bbox 2822 4875 2836 4919; x_wconf 85' lang='lat'><strong>;</strong></span> <span class='ocrx_word' id='word_1_780' title='bbox 2870 4846 2957 4903; x_wconf 83' lang='grc' dir='ltr'>διά</span> <span class='ocrx_word' id='word_1_781' title='bbox 3002 4850 3052 4902; x_wconf 83' lang='grc' dir='ltr'>τί</span> <span class='ocrx_word' id='word_1_782' title='bbox 3106 4847 3197 4903; x_wconf 76' lang='grc' dir='ltr'>οὖν</span> <span class='ocrx_word' id='word_1_783' title='bbox 3244 4849 3319 4921; x_wconf 74' lang='grc' dir='ltr'>μὴ</span> <span class='ocrx_word' id='word_1_784' title='bbox 3363 4847 3452 4901; x_wconf 89' lang='grc' dir='ltr'>καὶ</span> <span class='ocrx_word' id='word_1_785' title='bbox 3497 4847 3547 4900; x_wconf 69' lang='grc' dir='ltr'>οἱ</span> <span class='ocrx_word' id='word_1_786' title='bbox 3594 4844 3870 4914; x_wconf 73' lang='grc' dir='ltr'>πλάνητες</span> 
     </span>
    </p>
   </div>
   <div class='ocr_carea' id='block_1_103' title="bbox 2221 4932 3867 5010">
    <p class='ocr_par' dir='ltr' id='par_1_103' title="bbox 2221 4932 3867 5010">
     <span class='ocr_line' id='line_1_104' title="bbox 2221 4932 3867 5010; baseline -0.001 -22"><span class='ocrx_word' id='word_1_787' title='bbox 2221 4935 2363 4990; x_wconf 76' lang='grc' dir='ltr'>οἶκοι</span> <span class='ocrx_word' id='word_1_788' title='bbox 2397 4941 2505 4990; x_wconf 83' lang='grc' dir='ltr'>τῶν</span> <span class='ocrx_word' id='word_1_789' title='bbox 2549 4934 2796 5006; x_wconf 86' lang='grc' dir='ltr'>ζωδίων;</span> <span class='ocrx_word' id='word_1_790' title='bbox 2830 4942 2946 4997; x_wconf 83' lang='grc' dir='ltr'>πῶς</span> <span class='ocrx_word' id='word_1_791' title='bbox 2980 4935 3035 4991; x_wconf 74' lang='grc' dir='ltr'>δὲ</span> <span class='ocrx_word' id='word_1_792' title='bbox 3088 4939 3163 5010; x_wconf 74' lang='grc' dir='ltr'>μὴ</span> <span class='ocrx_word' id='word_1_793' title='bbox 3209 4935 3477 5006; x_wconf 75' lang='grc' dir='ltr'>ἀλλήλων</span> <span class='ocrx_word' id='word_1_794' title='bbox 3518 4936 3666 4990; x_wconf 71' lang='grc' dir='ltr'>οἶκοι</span> <span class='ocrx_word' id='word_1_795' title='bbox 3705 4932 3867 4988; x_wconf 82' lang='grc' dir='ltr'>πάλιν</span> 
     </span>
    </p>
   </div>
   <div class='ocr_carea' id='block_1_104' title="bbox 2223 5018 3873 5100">
    <p class='ocr_par' dir='ltr' id='par_1_104' title="bbox 2223 5018 3873 5100">
     <span class='ocr_line' id='line_1_105' title="bbox 2223 5018 3873 5100; baseline -0.001 -22"><span class='ocrx_word' id='word_1_796' title='bbox 2223 5025 2280 5078; x_wconf 72' lang='lat'>0&quot;.</span> <span class='ocrx_word' id='word_1_797' title='bbox 2311 5024 2638 5100; x_wconf 86' lang='grc' dir='ltr'>ἀγαθοποιοὶ</span> <span class='ocrx_word' id='word_1_798' title='bbox 2674 5025 2950 5096; x_wconf 82' lang='grc' dir='ltr'>πλάνητες</span> <span class='ocrx_word' id='word_1_799' title='bbox 2998 5025 3088 5082; x_wconf 80' lang='grc' dir='ltr'>καὶ</span> <span class='ocrx_word' id='word_1_800' title='bbox 3129 5027 3179 5080; x_wconf 76' lang='grc' dir='ltr'>οἱ</span> <span class='ocrx_word' id='word_1_801' title='bbox 3210 5024 3528 5091; x_wconf 77' lang='grc' dir='ltr'>κακοποιοὶ,</span> <span class='ocrx_word' id='word_1_802' title='bbox 3558 5023 3652 5078; x_wconf 77' lang='grc' dir='ltr'>καὶ</span> <span class='ocrx_word' id='word_1_803' title='bbox 3701 5018 3778 5078; x_wconf 74' lang='grc' dir='ltr'>ἔτι</span> <span class='ocrx_word' id='word_1_804' title='bbox 3809 5021 3873 5077; x_wconf 71' lang='grc' dir='ltr'>τὰ</span> 
     </span>
    </p>
   </div>
   <div class='ocr_carea' id='block_1_105' title="bbox 2222 5110 3874 5190">
    <p class='ocr_par' dir='ltr' id='par_1_105' title="bbox 2222 5110 3874 5190">
     <span class='ocr_line' id='line_1_106' title="bbox 2222 5110 3874 5190; baseline -0.004 -20"><span class='ocrx_word' id='word_1_805' title='bbox 2222 5113 2499 5185; x_wconf 82' lang='grc' dir='ltr'>ἀλλήλοις</span> <span class='ocrx_word' id='word_1_806' title='bbox 2549 5117 2814 5190; x_wconf 84' lang='grc' dir='ltr'>χαίροντα</span> <span class='ocrx_word' id='word_1_807' title='bbox 2853 5118 2898 5152; x_wconf 74' lang='grc'>⁸⁸</span> <span class='ocrx_word' id='word_1_808' title='bbox 2927 5119 3033 5171; x_wconf 82' lang='grc' dir='ltr'>τῶν</span> <span class='ocrx_word' id='word_1_809' title='bbox 3095 5112 3344 5185; x_wconf 83' lang='grc' dir='ltr'>ζωδίων;</span> <span class='ocrx_word' id='word_1_810' title='bbox 3383 5115 3426 5170; x_wconf 79' lang='grc' dir='ltr'>εἶ</span> <span class='ocrx_word' id='word_1_811' title='bbox 3470 5110 3516 5167; x_wconf 80' lang='grc' dir='ltr'>δ’</span> <span class='ocrx_word' id='word_1_812' title='bbox 3550 5111 3637 5168; x_wconf 77' lang='grc' dir='ltr'>ὅτι</span> <span class='ocrx_word' id='word_1_813' title='bbox 3679 5114 3748 5168; x_wconf 72' lang='grc' dir='ltr'>τὰ</span> 
     </span>
    </p>
   </div>
   <div class='ocr_carea' id='block_1_106' title="bbox 2225 5201 3875 5280">
    <p class='ocr_par' dir='ltr' id='par_1_106' title="bbox 2225 5201 3875 5280">
     <span class='ocr_line' id='line_1_107' title="bbox 2225 5201 3875 5280; baseline -0.002 -23"><span class='ocrx_word' id='word_1_814' title='bbox 2225 5201 2392 5273; x_wconf 81' lang='grc' dir='ltr'>ζώδια</span> <span class='ocrx_word' id='word_1_815' title='bbox 2436 5205 2704 5280; x_wconf 71' lang='grc' dir='ltr'>σύγκειται</span> <span class='ocrx_word' id='word_1_816' title='bbox 2747 5203 2806 5260; x_wconf 77' lang='grc' dir='ltr'>ἐκ</span> <span class='ocrx_word' id='word_1_817' title='bbox 2857 5204 3108 5274; x_wconf 83' lang='grc' dir='ltr'>πολλῶν,</span> <span class='ocrx_word' id='word_1_818' title='bbox 3139 5202 3358 5265; x_wconf 74' lang='grc' dir='ltr'>ἕκαστος</span> <span class='ocrx_word' id='word_1_819' title='bbox 3410 5201 3466 5258; x_wconf 73' lang='grc' dir='ltr'>δὲ</span> <span class='ocrx_word' id='word_1_820' title='bbox 3500 5209 3610 5258; x_wconf 76' lang='grc' dir='ltr'>τῶν</span> <span class='ocrx_word' id='word_1_821' title='bbox 3657 5202 3875 5271; x_wconf 72' lang='grc' dir='ltr'>πλανή-</span> 
     </span>
    </p>
   </div>
   <div class='ocr_carea' id='block_1_107' title="bbox 2221 5291 3875 5367">
    <p class='ocr_par' dir='ltr' id='par_1_107' title="bbox 2221 5291 3875 5367">
     <span class='ocr_line' id='line_1_108' title="bbox 2221 5291 3875 5367; baseline -0.003 -20"><span class='ocrx_word' id='word_1_822' title='bbox 2221 5314 2328 5348; x_wconf 90' lang='grc' dir='ltr'>των</span> <span class='ocrx_word' id='word_1_823' title='bbox 2385 5292 2696 5367; x_wconf 76' lang='grc' dir='ltr'>μονοειδὴς,</span> <span class='ocrx_word' id='word_1_824' title='bbox 2749 5296 2838 5350; x_wconf 89' lang='grc' dir='ltr'>καὶ</span> <span class='ocrx_word' id='word_1_825' title='bbox 2883 5297 3110 5363; x_wconf 74' lang='grc' dir='ltr'>ἑκάστην</span> <span class='ocrx_word' id='word_1_826' title='bbox 3157 5294 3394 5349; x_wconf 75' lang='grc' dir='ltr'>σύνθεσιν</span> <span class='ocrx_word' id='word_1_827' title='bbox 3445 5298 3554 5348; x_wconf 80' lang='grc' dir='ltr'>τῶν</span> <span class='ocrx_word' id='word_1_828' title='bbox 3615 5291 3875 5346; x_wconf 78' lang='grc' dir='ltr'>ἀπλανῶν</span> 
     </span>
    </p>
   </div>
   <div class='ocr_carea' id='block_1_108' title="bbox 1821 5443 2524 5505">
    <p class='ocr_par' dir='ltr' id='par_1_108' title="bbox 1821 5443 2524 5505">
     <span class='ocr_line' id='line_1_109' title="bbox 1821 5443 2524 5505; baseline 0.006 -7"><span class='ocrx_word' id='word_1_829' title='bbox 1821 5443 2065 5501; x_wconf 77' lang='lat' dir='ltr'>VARl/E</span> <span class='ocrx_word' id='word_1_830' title='bbox 2109 5447 2524 5505; x_wconf 86' lang='lat' dir='ltr'>LEGTIONES.</span> 
     </span>
    </p>
   </div>
   <div class='ocr_carea' id='block_1_109' title="bbox 539 5573 1804 5646">
    <p class='ocr_par' dir='ltr' id='par_1_109' title="bbox 539 5573 1804 5646">
     <span class='ocr_line' id='line_1_110' title="bbox 539 5573 1804 5646; baseline 0.002 -8"><span class='ocrx_word' id='word_1_831' title='bbox 539 5573 582 5608; x_wconf 81' lang='grc'>³¹</span> <span class='ocrx_word' id='word_1_832' title='bbox 616 5573 649 5646; x_wconf 76' lang='grc' dir='ltr'>ἢ</span> <span class='ocrx_word' id='word_1_833' title='bbox 681 5581 812 5630; x_wconf 72' lang='lat' dir='ltr'>ante</span> <span class='ocrx_word' id='word_1_834' title='bbox 845 5582 1089 5646; x_wconf 79' lang='grc' dir='ltr'>σεισμοῖς</span> <span class='ocrx_word' id='word_1_835' title='bbox 1120 5595 1235 5635; x_wconf 90' lang='lat' dir='ltr'>om.</span> <span class='ocrx_word' id='word_1_836' title='bbox 1268 5584 1332 5638; x_wconf 91' lang='lat' dir='ltr'>A.</span> <span class='ocrx_word' id='word_1_837' title='bbox 1411 5582 1456 5615; x_wconf 68' lang='grc'>⁸³</span> <span class='ocrx_word' id='word_1_838' title='bbox 1483 5587 1579 5637; x_wconf 74' lang='grc' dir='ltr'>τοῦ</span> <span class='ocrx_word' id='word_1_839' title='bbox 1603 5603 1718 5642; x_wconf 91' lang='lat' dir='ltr'>om.</span> <span class='ocrx_word' id='word_1_840' title='bbox 1745 5590 1804 5643; x_wconf 90' lang='lat' dir='ltr'>C.</span> 
     </span>
    </p>
   </div>
   <div class='ocr_carea' id='block_1_110' title="bbox 471 5643 1484 5721">
    <p class='ocr_par' dir='ltr' id='par_1_110' title="bbox 471 5643 1484 5721">
     <span class='ocr_line' id='line_1_111' title="bbox 471 5643 1484 5721; baseline 0.004 -23"><span class='ocrx_word' id='word_1_841' title='bbox 471 5643 517 5679; x_wconf 76' lang='grc'>⁸⁸</span> <span class='ocrx_word' id='word_1_842' title='bbox 548 5644 817 5721; x_wconf 81' lang='grc' dir='ltr'>χαίροντα</span> <span class='ocrx_word' id='word_1_843' title='bbox 849 5654 902 5702; x_wconf 84' lang='lat' dir='ltr'>et</span> <span class='ocrx_word' id='word_1_844' title='bbox 937 5643 1067 5704; x_wconf 74' lang='lat' dir='ltr'>mox</span> <span class='ocrx_word' id='word_1_845' title='bbox 1096 5650 1220 5712; x_wconf 69' lang='grc' dir='ltr'>τοὺς</span> <span class='ocrx_word' id='word_1_846' title='bbox 1254 5655 1386 5710; x_wconf 77' lang='lat' dir='ltr'>add.</span> <span class='ocrx_word' id='word_1_847' title='bbox 1422 5657 1484 5708; x_wconf 76' lang='grc' dir='ltr'>Α,</span> 
     </span>
    </p>
   </div>
   <div class='ocr_carea' id='block_1_111' title="bbox 1883 5587 2325 5662">
    <p class='ocr_par' dir='ltr' id='par_1_111' title="bbox 1883 5587 2325 5662">
     <span class='ocr_line' id='line_1_112' title="bbox 1883 5587 2325 5662; baseline 0.002 -20"><span class='ocrx_word' id='word_1_848' title='bbox 1883 5591 1929 5624; x_wconf 70' lang='grc'><strong>⁸³</strong></span> <span class='ocrx_word' id='word_1_849' title='bbox 1961 5587 2214 5662; x_wconf 67' lang='grc' dir='ltr'>ἀκρασίαν</span> 
     </span>
    </p>
   </div>
   <div class='ocr_carea' id='block_1_112' title="bbox 2848 5589 3885 5650">
    <p class='ocr_par' dir='ltr' id='par_1_112' title="bbox 2848 5589 3885 5650">
     <span class='ocr_line' id='line_1_113' title="bbox 2848 5589 3885 5650; baseline 0.002 -2"><span class='ocrx_word' id='word_1_850' title='bbox 2848 5592 2927 5648; x_wconf 63' lang='grc' dir='ltr'>ξ’.</span> <span class='ocrx_word' id='word_1_851' title='bbox 3006 5593 3051 5626; x_wconf 71' lang='grc'>⁸⁵</span> <span class='ocrx_word' id='word_1_852' title='bbox 3081 5589 3291 5645; x_wconf 76' lang='grc' dir='ltr'>ἔσονται</span> <span class='ocrx_word' id='word_1_853' title='bbox 3328 5624 3384 5633; x_wconf 91' lang='grc'><strong><em>-</em></strong></span> <span class='ocrx_word' id='word_1_854' title='bbox 3421 5591 3563 5645; x_wconf 68' lang='grc' dir='ltr'>οἶκοι</span> <span class='ocrx_word' id='word_1_855' title='bbox 3595 5592 3730 5649; x_wconf 76' lang='lat' dir='ltr'>add.</span> <span class='ocrx_word' id='word_1_856' title='bbox 3767 5593 3885 5650; x_wconf 75' lang='lat' dir='ltr'>AC.</span> 
     </span>
    </p>
   </div>
   <div class='ocr_carea' id='block_1_113' title="bbox 2861 5651 2885 5664">
    <p class='ocr_par' dir='ltr' id='par_1_113' title="bbox 2861 5651 2885 5664">
     <span class='ocr_line' id='line_1_114' title="bbox 2861 5651 2885 5664; baseline 0 0"><span class='ocrx_word' id='word_1_857' title='bbox 2861 5651 2885 5664; x_wconf 60' lang='grc' dir='ltr'><em>υ</em></span> 
     </span>
    </p>
   </div>
   <div class='ocr_carea' id='block_1_114' title="bbox 2405 5590 2813 5666">
    <p class='ocr_par' dir='ltr' id='par_1_114' title="bbox 2405 5590 2813 5666">
     <span class='ocr_line' id='line_1_115' title="bbox 2405 5590 2813 5666; baseline 0.002 -21"><span class='ocrx_word' id='word_1_858' title='bbox 2405 5592 2449 5626; x_wconf 70' lang='grc'>⁸⁴</span> <span class='ocrx_word' id='word_1_859' title='bbox 2491 5590 2573 5666; x_wconf 85' lang='grc' dir='ltr'>ἀρ’</span> <span class='ocrx_word' id='word_1_860' title='bbox 2607 5590 2697 5646; x_wconf 65' lang='grc' dir='ltr'>οὖν</span> <span class='ocrx_word' id='word_1_861' title='bbox 2731 5590 2813 5646; x_wconf 74' lang='grc' dir='ltr'>ὅτι</span> 
     </span>
    </p>
   </div>
  </div>
