4184 6212
346 351 458 411 841

1449 346 1986 412 BlBLIOTHECA.
2040 383 2111 392 —
2155 347 2329 411 COD.
2377 348 2694 410 CCXXIII.

3635 348 3754 412 842

352 480 500 536 οἶκον
553 478 836 557 ὀφείλουσι
866 483 1042 533 ποιεῖν
1100 483 1208 534 τῶν
1253 479 1542 550 πλανήτων
1575 500 1588 514 ο
1629 480 1845 545 πολλὰς
1891 483 1992 559 γὰρ

2125 484 2408 541 stellarum
2458 483 2936 556 compositionem
2989 482 3354 556 planetarum
3402 488 3754 545 constituere

351 569 413 624 ἄν
472 590 554 631 τις
614 565 760 643 εῦροι
812 565 1101 637 συνθέσεις,
1138 567 1429 642 βουληθεὶς
1485 575 1682 641 ζητεῖν,
1741 572 1830 626 καὶ
1885 577 1994 627 τῶν

350 659 538 716 ἄλλων
573 658 848 714 ἀπλανῶν.
880 656 945 714 Εἴ
978 655 1034 712 δὲ
1064 658 1144 712 ὅτι
1181 659 1320 730 μόνα
1366 659 1432 713 τά
1465 658 1632 728 ζώδια
1677 667 1792 724 τοῖς
1852 661 1993 716 πλά-

351 771 504 820 νησιν
558 748 634 812 εἷς
683 747 750 804 τᾶ
795 744 1209 820 ἀποτελέσματα
1259 753 1520 821 συνεργεῖ,
1556 747 1645 804 διὰ
1679 750 1732 804 τί
1779 752 1854 823 μὴ
1907 749 1996 806 καί

353 839 406 893 οἱ
445 836 718 908 πλάνητες
751 836 892 891 οἶκοι
922 839 1029 890 τῶν
1084 833 1292 903 ζωδίων
1346 842 1727 914 συνεργοῦντες
1773 840 1996 907 αὐτοῖς;

353 926 399 982 εἰ
443 924 502 981 δὲ
542 924 686 981 διότι
735 927 830 988 τὰς
883 929 990 979 τῶν
1053 920 1264 992 ζωδίων
1315 923 1578 1000 ἐνεργείας
1625 928 1714 981 καὶ
1765 927 1997 1002 ἀκύρους

352 1017 441 1070 καὶ
511 1014 747 1091 ἐνεργεῖς
794 1010 1038 1068 δύνανται
1102 1018 1305 1083 ποιεῖν,
1364 1017 1492 1087 [672
1548 1018 1640 1089 R.]
1698 1020 1813 1078 πῶς
1865 1016 1997 1091 ούχὶ

353 1104 442 1159 καὶ
474 1102 743 1174 ἀλλήλων
774 1100 914 1157 οἶκοί
964 1101 1087 1168 εἰσι,
1119 1108 1240 1164 τοῖς
1291 1101 1557 1174 ἀλλήλων
1594 1103 1998 1179 ἀποτελεσμασι

353 1197 442 1249 καὶ
474 1198 641 1268 κῦρος
683 1192 773 1246 καὶ
816 1188 1112 1245 κατάλυσιν
1168 1190 1403 1265 ἐπάγειν,
1438 1192 1511 1255 ὥς
1557 1216 1740 1271 φασιν,
1774 1194 1999 1270 ἰσχύον-

351 1304 440 1345 τες
468 1304 483 1353 ς
515 1287 634 1344 πῶς
675 1279 732 1336 δὲ
772 1281 912 1354 μόνα
940 1279 1010 1334 τὰ
1049 1276 1219 1348 ζώδια
1254 1287 1372 1344 τοῖς
1406 1281 1647 1354 πλάνησι
1713 1289 1998 1361 συνεργεῖ;

360 1375 464 1446 ἄρα
526 1371 750 1445 μάταιός
806 1368 950 1426 ἐστιν
1003 1368 1030 1421 6
1094 1367 1287 1432 λοιπὸς
1316 1375 1422 1426 τῶν
1475 1372 1730 1427 ἀπλανῶν
1790 1375 1997 1448 χορὸς;

355 1465 475 1522 πῶς
528 1459 586 1514 δὶ
630 1460 755 1521 τοὺς
811 1459 1096 1531 πλάνητας
1153 1461 1500 1536 ἀγαθοποιεῖν
1549 1461 1639 1516 καὶ
1685 1466 1998 1516 κακοποιεῖν

357 1550 504 1609 ὅλως
559 1545 812 1604 δύνασθαί
861 1570 1064 1627 φασιν;
1098 1553 1201 1627 ἆρα
1231 1548 1320 1604 διὰ
1376 1550 1437 1605 τὸ
1477 1551 1772 1621 κινεῖσθαι;
1807 1551 2002 1606 οὐκοῦν

355 1643 464 1693 τῶν
502 1639 573 1712 ιβ’
603 1635 814 1708 ζωδίων
856 1638 1009 1696 οὐδὲν
1060 1639 1186 1696 οὔτε
1233 1641 1626 1715 ἀγαθοποιήσει
1666 1636 1789 1695 οὕτε
1835 1658 2000 1696 κακο-

357 1730 580 1799 ποιήσει
613 1748 626 1762 ·
670 1727 796 1785 ἄλλ’
847 1728 973 1785 ούδέ
1017 1752 1102 1794 τις
1159 1729 1331 1793 ἄλλος
1383 1734 1489 1785 τῶν
1540 1728 1815 1786 ἀπλανῶν.
1851 1730 1912 1785 Εἰ
1946 1728 2002 1784 δὲ

2106 575 2348 630 domum
2366 573 2640 646 astrolcigi
2659 577 2969 644 coguntur.
2993 573 3204 629 Multas
3228 575 3407 645 enim,
3433 577 3531 647 qui
3563 577 3754 633 inves-

2109 665 2292 734 tigare
2339 663 2478 719 velit
2519 663 2693 718 etiam
2727 662 2969 717 aliarum
3013 662 3256 718 lixarum
3309 665 3757 736 compositiones

2109 751 2377 824 reperiat.
2412 752 2514 808 Sin
2545 752 2701 823 quod
2735 751 2909 807 nulla:
2943 756 3148 823 przeter
3188 753 3410 808 zodiaci
3442 753 3614 826 signa
3646 770 3760 810 una

2111 857 2244 897 cum
2295 842 2546 913 planetis
2591 841 2828 897 effectus
2879 841 3083 896 fatales
3131 848 3460 912 operentur,
3497 859 3599 898 cur
3645 860 3759 898 non

2111 934 2168 985 et
2189 931 2432 1001 planetae
2454 931 2666 986 domus
2688 934 2823 985 sunt
2843 930 3148 1001 signorum
3181 930 3531 1000 caelestium,
3556 949 3760 1004 quem-

2113 1019 2428 1075 admodum
2462 1035 2593 1073 cum
2625 1017 2741 1073 illis
2774 1034 2890 1074 una
2920 1021 3280 1088 operantur“?
3310 1020 3407 1075 Sin
3448 1021 3593 1076 forte
3635 1038 3764 1091 pro-

2113 1113 2308 1179 pterea
2352 1109 2507 1179 quod
2553 1108 2854 1180 signorum
2885 1108 3205 1165 caelestium
3238 1111 3599 1181 Operationcs
3633 1129 3762 1183 pos-

2113 1198 2228 1254 sint
2260 1198 2501 1268 planetae
2533 1202 2635 1252 aut
2661 1196 2876 1262 irritas,
2909 1201 3008 1253 aut
3055 1198 3320 1255 efﬁcaces
3371 1200 3578 1270 facere,
3612 1217 3761 1272 quo-

2115 1288 2283 1343 modo
2318 1304 2433 1343 non
2465 1287 2640 1343 etiam
2673 1287 2920 1342 aliorum
2946 1287 3043 1342 alii
3067 1289 3274 1344 domus
3299 1294 3460 1360 sunt,
3482 1291 3762 1361 quemad-

2115 1378 2348 1434 modum
2380 1381 2617 1432 mutuos
2647 1377 2909 1444 effectus,
2938 1382 3002 1433 ut
3023 1378 3105 1432 illi
3140 1379 3410 1444 fatentur,
3434 1385 3491 1435 et
3524 1387 3680 1436 ratos
3709 1386 3766 1437 et

2112 1467 2311 1524 irritos
2345 1467 2582 1524 reddere
2614 1468 2883 1539 queunt?
2913 1469 3211 1533 Quomodo
3244 1471 3383 1527 item
3420 1470 3543 1526 sola
3574 1471 3762 1544 signi-

2114 1556 2219 1612 feri
2249 1559 2413 1626 signa
2443 1557 2695 1629 planetis
2745 1561 3178 1628 cooperantur?
3207 1559 3356 1614 Num
3409 1577 3762 1632 supervaca-

2116 1662 2261 1702 neus
2292 1650 2381 1702 est
2409 1645 2672 1717 reliquus
2704 1647 2947 1702 ﬁxarum
2982 1648 3203 1704 coetus!
3232 1650 3531 1713 Quomodo
3563 1650 3766 1707 adhaec

2117 1735 2376 1806 planetas
2433 1739 2532 1790 aut
2583 1735 2830 1807 benigne
2886 1736 3094 1807 facere,
3155 1742 3257 1792 aut
3315 1754 3521 1794 nocere
3598 1755 3766 1810 posse

361 1815 522 1884 διότι,
558 1815 797 1895 φησὶ,δι²
827 1818 1002 1874 αὐτῶν
1043 1818 1366 1895 πορεύονται
1399 1819 1451 1872 οἱ
1481 1815 1780 1890 πλάνητες,
1802 1819 2001 1891 πολλῷ

2125 1824 2432 1879 isserunt?
2460 1840 2534 1879 an
2567 1829 2801 1895 propter
2848 1829 3073 1881 motum
3095 1827 3123 1880 ?
3149 1826 3385 1883 Nullum
3419 1827 3598 1899 igitur
3627 1844 3657 1883 e
3686 1845 3765 1884 xu

363 1905 576 1979 μᾶλλον
638 1907 693 1960 αἱ
754 1911 917 1976 ζῶναι
973 1909 1064 1962 καὶ
1132 1909 1184 1963 οἱ
1241 1911 1340 1962 τοῦ
1395 1906 1552 1982 ἀέρος
1610 1910 1791 1977 τόποι,
1828 1904 1896 1962 δι’
1927 1909 2002 1961 ὧν

362 1994 633 2068 ὁδεύουσι,
689 2001 788 2052 τοῦ
843 1997 1162 2054 καλοποιεῖν
1230 1999 1319 2053 καὶ
1385 2003 1697 2053 κακοποιεῖν
1773 1995 2002 2070 δύναμιν

361 2085 566 2157 ἕξουσιν
598 2105 611 2118 °
647 2085 880 2160 ούρανοῦ
939 2087 1069 2163 γὰρ,
1100 2087 1154 2142 ἐν
1205 2088 1250 2159 ᾧ
1303 2088 1352 2142 οἱ
1391 2086 1682 2157 πλάνητες,
1717 2086 2004 2160 οὐμενοῦν,

364 2176 438 2238 ὥς
504 2196 653 2252 φασι,
687 2173 887 2248 πολλῷ
924 2177 1213 2251 κατωτέρω
1279 2172 1426 2237 ὄντες
1475 2176 1584 2250 οὐχ
1630 2176 1909 2232 ἅπτονται.
1941 2174 2007 2231 Τί

365 2262 423 2320 δὲ
472 2261 536 2335 δή
596 2285 727 2319 ποτε
785 2264 985 2336 σελήνη
1042 2267 1135 2338 μὲν
1189 2265 1251 2320 τὸ
1313 2266 1590 2338 μειοῦσθαι
1631 2265 1720 2319 καὶ
1768 2264 2010 2336 αὐξάνειν

365 2354 644 2427 ὓπομὲνει,
676 2357 784 2408 τῶν
827 2351 873 2408 δ’
903 2352 1089 2409 ἄλλων
1128 2351 1419 2423 πλανήτων
1465 2351 1878 2429 προποδισμοὺς
1917 2353 2008 2409 καί

367 2441 704 2518 στηριγμούς
743 2443 832 2498 καὶ
879 2440 1287 2517 ἀναποδισμοὺς
1344 2441 1679 2518 εῗσάγοντες,
1709 2441 1872 2512 ἥλιον
1918 2443 2007 2498 καὶ

364 2531 602 2601 σελήνην
645 2539 746 2601 τῆς
793 2532 1052 2603 τοιαύτης
1085 2534 1212 2605 [348
1251 2533 1342 2604 Η.]
1373 2531 1751 2606 παλιντρόπου
1798 2531 2009 2604 πλάνης

364 2621 684 2697 ἐλευθέρους
749 2621 907 2676 ἐῶσιν
953 2641 965 2692 ;
1016 2622 1105 2677 καὶ
1173 2621 1218 2676 εἰ
1290 2623 1628 2698 μικροφανὴς
1696 2622 1724 2677 6
1778 2621 2007 2698 Κρόνος,

372 2712 598 2785 μείζων,
649 2712 722 2773 ὥς
799 2732 947 2789 φασι,
997 2715 1102 2766 τῶν
1182 2709 1368 2766 ἄλλων
1457 2711 1717 2786 ὑπάρχων
1792 2709 2009 2782 πλανή-

366 2822 498 2870 των,
549 2801 628 2855 δτι
676 2799 882 2856 τούτων
941 2800 1211 2876 ἀνώτερον
1291 2799 1565 2875 διατρέχει
1640 2800 1864 2870 κύκλον,
1923 2799 2012 2856 διὰ

365 2889 420 2947 τί
472 2891 670 2961 μείζων
703 2890 732 2944 6
761 2889 924 2958 ἥλιος
970 2895 1072 2959 τῆς
1116 2887 1374 2961 σελήνης.
1410 2890 1672 2964 τετάρτην
1715 2889 1808 2944 ἀπ’
1839 2891 2009 2960 αὐτῆς

369 2981 544 3050 ζώνην
578 2977 815 3034 ἐλαύνων
842 2999 855 3049 ;
891 2977 1065 3053 ἐχρῆν
1097 2979 1200 3055 γάρ
1233 2977 1391 3034 αὺτὸν
1422 2977 1620 3050 πολλῷ
1665 2979 1867 3049 ταύτης
1921 3000 2014 3050 μι-

370 3069 628 3144 κρότερον
677 3067 975 3146 φαίνεσθαι.
1017 3069 1178 3123 Ὥστε
1224 3068 1400 3123 πάντα
1448 3064 1618 3141 ψευδῆ
1671 3069 1757 3122 καὶ
1800 3066 2013 3123 πεπλα-

2113 1911 2231 1967 illis
2279 1911 2500 1968 zodiaci
2548 1912 2731 1984 signis
2781 1930 3126 1986 prosperum
3159 1916 3269 1971 erit
3298 1917 3383 1971 vel
3416 1918 3720 1973 adversum
3749 1934 3763 1972 :

2115 2001 2215 2056 sed
2251 2016 2442 2072 neque
2472 1999 2588 2055 alia
2623 2001 2741 2055 ulla
2772 2018 2887 2056 non
2916 2018 3119 2058 errans
3151 2003 3341 2060 stella.
3376 2003 3475 2060 Sin
3507 2005 3658 2071 ideo,
3680 2005 3768 2062 in-

2117 2089 2264 2161 quit,
2297 2089 2449 2158 quod
2479 2103 2583 2159 per
2613 2087 2711 2142 illa
2741 2089 3092 2160 gradiuntur
3122 2091 3392 2161 planetae,
3421 2095 3543 2162 jam
3581 2093 3764 2148 multo

2119 2179 2310 2249 potius
2341 2177 2460 2232 sive
2489 2193 2670 2247 zonae,
2704 2178 2824 2233 sive
2877 2179 3026 2234 aeris
3073 2178 3175 2234 illa
3204 2179 3350 2244 loca,
3384 2197 3486 2250 per
3515 2197 3638 2250 quae
3669 2181 3766 2236 isti

2117 2265 2479 2338 gradiuntur,
2501 2265 2652 2321 hanc
2684 2266 2830 2322 bene
2860 2271 2960 2322 aut
2992 2266 3142 2323 male
3175 2268 3384 2340 agendi
3417 2273 3766 2340 potestatem

2121 2357 2432 2411 habebunt.
2486 2355 2682 2427 Neque
2731 2356 2882 2410 enim
2936 2355 3059 2412 haec
3108 2356 3475 2427 planetarum
3534 2358 3767 2429 coelum,

2119 2461 2253 2500 cum
2305 2443 2489 2499 multo
2537 2444 2656 2500 sint
2702 2447 2790 2512 (ut
2841 2445 3026 2514 aiunt)
3070 2445 3367 2514 inferiora,
3397 2447 3766 2517 contingunt.

2120 2535 2405 2599 Quorsum
2440 2533 2680 2588 tandem
2716 2532 2856 2588 luna
2887 2532 3073 2587 minui
3096 2537 3274 2604 atque
3305 2534 3502 2606 augeri
3534 2537 3766 2605 potest:

2121 2628 2341 2678 etcum
2382 2625 2722 2678 ceterorum
2775 2620 3138 2691 planetarum
3190 2638 3553 2693 progressus,
3583 2627 3768 2677 status

2123 2713 2288 2778 fixos,
2322 2728 2388 2766 ac
2419 2710 2901 2782 retrogressiones
2931 2711 3244 2781 adducant,
3275 2711 3455 2767 solem
3491 2715 3681 2766 tamen
3713 2715 3772 2767 et

2121 2799 2322 2857 lunam
2354 2800 2427 2854 ab
2458 2799 2567 2855 hoc
2597 2801 2929 2871 retrogrado
2961 2816 3154 2856 errore
3180 2801 3393 2857 liberos
3424 2800 3673 2856 sinunt?
3704 2802 3772 2856 Et

2121 2891 2170 2946 si
2215 2905 2426 2962 parvus
2474 2890 2574 2961 qui
2624 2889 2852 2944 videtur
2899 2889 3211 2955 Saturnus,
3263 2889 3392 2946 aliis
3441 2900 3636 2946 tamen
3683 2890 3772 2961 (ut

2122 2980 2303 3050 aiunt)
2337 2979 2526 3048 major
2570 2984 2661 3034 est
2708 2978 2980 3050 planetis,
3030 2995 3096 3034 eo
3146 2980 3299 3049 quod
3353 2995 3456 3051 per
3505 2977 3770 3035 altiorem

2121 3069 2320 3124 orbem
2367 3067 2734 3132 obambulet;
2763 3083 2869 3122 cur
2909 3069 3098 3138 maior
3145 3067 3283 3123 luna
3317 3085 3492 3139 quam
3525 3066 3633 3135 sol,
3667 3069 3770 3139 qui

372 3158 562 3230 σμένα,
621 3156 653 3211 ἃ
717 3163 818 3227 τῆς
891 3153 1251 3232 ἀστρολογίας
1301 3158 1354 3212 οἱ
1411 3156 1570 3212 πόνοι
1635 3157 2012 3230 κρατύνουσιν.

2127 3162 2334 3228 quarto
2367 3172 2543 3228 supra
2574 3155 2733 3211 illam
2768 3156 2903 3212 orbe
2932 3157 3235 3213 decurrit?
3264 3157 3565 3228 oportebat
3611 3157 3767 3212 enim

369 3245 530 3302 Οὕτω
564 3247 657 3319 μὲν
697 3244 788 3300 οῦν
821 3245 911 3300 καὶ
949 3246 1011 3300 τὸ
1043 3246 1126 3301 λα’
1163 3244 1476 3323 κεφάλαιον.

2120 3248 2316 3319 ipsum
2349 3244 2531 3301 multo
2563 3245 2664 3299 illa
2696 3245 2979 3300 minorem
3014 3262 3316 3317 apparere.
3350 3249 3535 3312 Quare
3575 3245 3770 3301 omnia

370 3337 522 3392 falsa
553 3341 690 3392 sunt
713 3342 888 3409 atque
909 3337 1172 3403 conficta,
1193 3354 1319 3409 quis
1343 3336 1767 3410 astrologorum
1801 3337 2036 3410 scriptis
2069 3339 2432 3394 astruuntur.
2460 3333 2553 3390 Sic
2575 3334 2810 3405 quidem
2843 3334 3096 3406 primum
3119 3339 3176 3391 et
3198 3335 3560 3391 tricesimum
3593 3341 3769 3407 caput

370 3425 710 3483 absolvitur.

443 3515 522 3571 T6
554 3511 612 3569 δὲ
640 3513 730 3590 λβ¹
750 3515 796 3550 ⁸⁸⁷
826 3511 976 3570 οὐδὲν
1008 3518 1118 3570 τῶν
1142 3513 1362 3586 ἀληθῶν
1386 3516 1521 3590 πρὸς
1554 3513 2012 3591 ἀνατροπὴν,ούδ⁹

369 3603 496 3659 ὅσον
556 3603 633 3665 εἰς
684 3605 747 3660 τὸ
802 3605 1146 3683 φαινόμενον,
1176 3604 1464 3682 ἀναγράφει
1498 3624 1510 3637 ”
1551 3603 1678 3660 ἀλλ’
1709 3605 1839 3660 ὅσον
1881 3607 2012 3679 ὁρᾶ-

365 3714 458 3748 ται
512 3691 784 3748 κάνταῦθα
828 3693 957 3755 τοὺς
1015 3691 1319 3770 λογισμοὺς
1370 3688 1602 3748 εὐσεϐῶν
1661 3695 1688 3748 6
1737 3694 1894 3769 ἀνὴρ,
1926 3716 2015 3749 το-

369 3788 563 3840 σοῦτον
620 3782 736 3859 ἔχει
791 3785 854 3840 τὸ
913 3783 1128 3854 ἄτονον,
1159 3784 1260 3840 ὅσα
1315 3807 1378 3860 γε
1416 3807 1550 3861 προς
1593 3788 1690 3855 τὴν
1722 3787 2013 3854 ἀνασκευήν

365 3881 471 3944 τῆς
526 3871 764 3944 πλάνης.
799 3874 894 3930 Καὶ
953 3873 1015 3928 τὸ
1069 3873 1248 3948 τρίτον
1300 3871 1356 3929 δὲ
1395 3875 1485 3928 καὶ
1540 3875 1855 3949 τριακοστὸν
1913 3877 2014 3943 τῆς

373 3963 548 4032 αὐτῆς
593 3961 704 4018 ἔστι
753 3962 890 4018 κατὰ
928 3963 1027 4031 τὴν
1084 3961 1308 4036 δύναμιν
1345 3961 1487 4024 ἰδέας
1522 3984 1534 3997 '
1577 3963 1610 4017 ἃ
1639 3965 1742 4040 γὰρ
1784 3963 1859 4026 εἷς
1891 3965 2014 4018 ἀνα·

368 4054 586 4128 τροπήν
616 4048 992 4128 προϐάλλεται
1021 4056 1118 4107 τοῦ
1153 4054 1228 4125 μὴ
1272 4059 1496 4130 σφαῖραν
1549 4053 1680 4108 εἶναι
1728 4054 1821 4108 τὸν
1859 4052 2019 4126 ούρα-

371 4144 490 4215 νὸν,
521 4142 678 4197 κοινὰ
735 4139 795 4196 ἃν
859 4141 1193 4216 ἀπορήματα
1249 4140 1333 4212 εἴη
1382 4143 1472 4196 καὶ
1529 4143 1664 4216 πρὸς
1710 4141 1840 4204 τοὺς
1890 4144 2021 4214 ἡμι-

377 4231 630 4311 σφαίριον
684 4229 843 4287 αὐτὸν
895 4229 1133 4293 τιθέντας
1164 4229 1199 4300 ἢ
1247 4232 1497 4305 καμάραν
1553 4229 1589 4302 ἤ
1635 4253 1688 4286 τι
1736 4230 1880 4287 ἄλλο
1909 4236 2017 4286 τῶν

375 4319 778 4396 παραπλησίων
820 4318 1150 4398 σχημάτων.
1186 4319 1269 4374 Ἐν
1303 4320 1390 4382 οἷς
1420 4319 1508 4374 καὶ
1541 4319 1568 4373 6
1597 4320 1779 4394 τρίτος
1830 4317 2019 4396 λόγος.

454 4589 542 4644 Ἐν
597 4585 654 4642 δὲ
707 4591 787 4660 τῷ
819 4585 866 4641 δ’
910 4588 1006 4661 μὲν
1059 4585 1236 4665 λόγῳ,
1276 4587 1330 4644 λ’
1369 4585 1426 4643 δὶ
1475 4585 1516 4642 δ’
1558 4585 1839 4667 κεφαλαίῳ
1870 4589 1960 4643 καὶ
1992 4589 2028 4642 ε’

377 4679 470 4734 καὶ
504 4679 600 4752 ς’,
625 4672 841 4749 διέξεισι
869 4678 1037 4732 ταῦτα
1068 4684 1082 4711 ⁸
1116 4677 1255 4736 Ἀπὸ
1292 4683 1392 4748 τῆς
1422 4675 1681 4756 διαφορᾶς
1712 4679 1772 4747 ἣν
1804 4675 1920 4753 ἔχει
1965 4677 2028 4732 τὸ

383 4768 708 4841 οἰκούμενον
741 4767 880 4842 πρὸς
909 4767 973 4822 τὸ
1013 4767 1272 4837 ἀοίκητον
1300 4768 1390 4822 καὶ
1429 4768 1491 4836 ἣν
1523 4768 1658 4842 πρὸς
1709 4765 1936 4838 ἄλληλα
1965 4765 2032 4822 τὰ

390 4856 635 4930 κλίματα
690 4851 1037 4932 ἕχουσι,τήν
1093 4856 1407 4931 ἀνατροπὴν
1461 4859 1560 4926 τῆς
1612 4854 1868 4933 γενέσεως
1906 4853 2031 4926 ἤτοι

389 4952 490 5015 τῆς
539 4946 880 5020 εἱμαρμένης
910 4951 1173 5002 ποιεῖται.
1201 4945 1344 5017 Φησὶ
1387 4949 1512 5022 γὰρ,
1545 4946 1674 5001 ποία
1719 4951 1830 5002 τῶν
1878 4945 2036 5001 ἀστέ-

394 5055 505 5109 ρων
548 5033 824 5109 ἐργάζεται
881 5035 1096 5105 κίνησις
1142 5036 1243 5104 τὴν
1314 5035 1409 5108 μὲν
1477 5035 1736 5107 ἀοίκητον
1779 5037 1916 5092 εἶναι
1966 5033 2035 5091 δι’

393 5119 706 5200 ὑπερϐολὴν
740 5125 976 5200 ψύχους,
1015 5125 1115 5194 τήν
1168 5121 1225 5178 δὲ
1273 5121 1342 5178 δι’
1382 5119 1690 5199 ὑπερϐολὴν
1737 5126 2036 5200 καύματος,

391 5215 484 5270 καὶ
514 5214 614 5282 τήν
656 5214 749 5288 μὲν
806 5211 895 5267 διὰ
945 5211 1144 5275 παντὸς
1206 5212 1368 5287 μόλις
1411 5214 1671 5270 οἰκεῖσθαί
1724 5215 2035 5288 τηκομένην

392 5308 473 5377 τῷ
502 5303 762 5376 καύματι,
792 5303 893 5373 τήν
936 5298 992 5356 δὲ
1041 5299 1318 5380 δυσχερῶς
1358 5303 1565 5378 ὁμοίως
1617 5303 1938 5378 οἰκουμένην
1969 5306 2036 5374 ⁸⁸,

395 5395 491 5449 ἅτε
522 5391 588 5462 δὴ
621 5395 865 5468 συνεχῶς
897 5394 1220 5470 νειφομένην
1264 5393 1311 5430 ⁸⁸
1338 5392 1428 5448 καὶ
1459 5396 1528 5466 τῇ
1558 5397 1654 5448 τοῦ
1701 5393 1901 5468 κρύους
1957 5391 2040 5448 ἐκ·-

397 5479 770 5556 θηριουμένην
805 5477 1133 5558 ἀγριὸτητι;
1166 5479 1254 5537 διὰ
1283 5483 1336 5538 τί
1368 5479 1426 5537 δὲ
1453 5480 1635 5544 αὐτοῖς
1677 5484 1739 5538 οὐ
1775 5477 2044 5557 μεταϐάλ-

2195 3516 2456 3572 Alterum
2509 3530 2640 3570 vero
2689 3531 2868 3586 supra
2915 3513 3273 3570 tricesimum
3324 3513 3469 3569 nihil
3511 3515 3582 3569 ad
3615 3514 3768 3570 refu-

2123 3606 2332 3661 tandos
2355 3605 2717 3660 adversarios
2738 3603 2923 3671 affert,
2943 3603 3096 3675 quod
3123 3603 3239 3657 veri
3261 3603 3513 3674 speciem
3537 3603 3765 3658 habeat.

2125 3697 2232 3751 Sed
2281 3712 2457 3767 quam
2509 3694 2643 3766 pius
2674 3694 2733 3748 in
2774 3694 2900 3748 suis
2945 3691 3490 3748 ratiocinationibus
3531 3696 3770 3764 apparet

2123 3786 2219 3842 hic
2247 3786 2354 3854 vir,
2387 3790 2509 3840 tam
2536 3785 2710 3841 etiam
2740 3783 2916 3854 (quod
2950 3783 3156 3838 saltem
3191 3783 3262 3837 ad
3295 3782 3508 3837 erroris
3541 3782 3766 3836 refuta-

2122 3877 2336 3931 tionem
2364 3874 2586 3944 atlinet)
2611 3872 2951 3943 languidum
2975 3873 3240 3927 eumdem
3263 3871 3482 3926 videas.
3502 3870 3630 3925 Jam
3655 3875 3768 3925 ter-

2125 3965 2270 4020 tium
2293 3968 2350 4019 et
2370 3963 2732 4018 tricesimum
2756 3966 2929 4032 caput
2949 3961 3208 4032 ejusdem
3233 3965 3342 4027 est,
3367 3960 3554 4031 quoad
3577 3960 3770 4016 efﬁca-

2127 4053 2278 4109 ciam
2327 4054 2546 4108 formze.
2580 4053 2710 4117 Quae
2760 4050 2915 4105 enim
2945 4049 3025 4106 ibi
3057 4053 3127 4106 ad
3162 4049 3525 4105 refutandum
3558 4048 3768 4104 caelum

2128 4156 2259 4198 esse
2292 4140 2606 4196 rotundum
2629 4139 3028 4208 atl‘ert,2l2a
3066 4155 3413 4194 communes
3452 4154 3583 4194 esse
3617 4137 3769 4192 difﬁ-

2130 4233 2374 4289 cultates
2405 4233 2617 4302 queant
2664 4229 2942 4284 adversus
2973 4244 3091 4296 eos,
3127 4229 3224 4300 qui
3257 4226 3772 4299 hemisphaericum

2131 4321 2280 4377 illud
2309 4335 2436 4376 esse
2468 4321 2757 4386 statuunt,
2790 4318 2878 4375 vel
2913 4317 3151 4374 fornicis
3181 4319 3240 4374 in
3275 4317 3512 4373 modum
3545 4333 3772 4384 cavum,

2132 4412 2221 4468 vel
2253 4410 2506 4467 similem
2553 4410 2606 4466 ei
2644 4410 2900 4481 aliquam
2949 4410 3196 4466 formam
3246 4409 3532 4464 tribuunt.
3567 4407 3675 4463 Ubi
3723 4416 3778 4463 et

2057 4475 2102 4538 Ῐ)
2139 4500 2342 4558 tertius
2372 4499 2521 4555 liber
2551 4475 2787 4554 desinit.

2210 4590 2425 4654 Quarto
2447 4587 2658 4644 dehinc
2680 4587 2846 4656 libro,
2873 4588 3062 4660 capite
3081 4604 3212 4644 vero
3235 4587 3530 4644 tricesimo
3553 4591 3778 4659 quarto,

2140 4681 2342 4753 quinto
2391 4685 2449 4736 et
2497 4684 2679 4749 sexto,
2725 4679 2846 4735 haec
2905 4679 3020 4735 fere
3076 4684 3306 4736 tractat.
3347 4681 3388 4735 E
3428 4679 3780 4745 diversitate,

2143 4788 2268 4844 quae
2300 4786 2429 4826 cum
2459 4768 2613 4825 inter
2645 4768 3020 4825 habitabilem
3054 4769 3211 4825 orbis
3243 4773 3463 4841 partem
3499 4774 3670 4837 atque
3691 4767 3784 4821 in-

2143 4859 2547 4928 habitabilem,
2580 4865 2699 4913 tum
2751 4858 2903 4914 inter
2950 4857 3078 4929 ipsa
3125 4858 3372 4913 invicem
3423 4856 3656 4911 climata
3695 4872 3784 4911 re-

2146 4950 2387 5022 peritur,
2439 4948 2686 5002 refutare
2734 4946 2972 5018 genesin
3023 4947 3145 5002 sive
3195 4947 3378 5001 fatum
3427 4944 3786 5018 aggreditur.

2146 5037 2424 5105 Quisnam
2455 5035 2609 5091 enim
2644 5039 2934 5090 astrorum
2968 5035 3062 5090 ille
3094 5038 3285 5091 motus
3317 5037 3424 5102 est,
3450 5034 3790 5104 interrogat,

2147 5143 2262 5199 quo
2313 5125 2398 5193 ﬁt,
2433 5123 2614 5180 altera
2662 5124 2897 5194 quidem
2945 5127 3110 5179 terras
3160 5140 3296 5195 pars
3341 5124 3413 5179 ob
3465 5122 3646 5194 frigus
3694 5121 3792 5177 ni-

2150 5217 2355 5281 mium,
2400 5211 2581 5269 altera
2629 5212 2701 5268 ob
2751 5211 3173 5267 intolerabilem
3233 5211 3484 5268 calorem
3547 5211 3798 5267 habitari

2151 5303 2388 5360 omnino
2442 5303 2749 5374 nequeat?
2777 5318 3130 5374 rursumque
3158 5301 3273 5357 alia
3298 5301 3387 5356 vel
3418 5309 3696 5372 perpetuo
3729 5300 3796 5355 li-

2151 5409 2442 5465 quescens
2472 5392 2687 5461 calore,
2718 5391 2804 5447 vel
2837 5390 3093 5449 assiduis
3140 5408 3416 5462 percussa
3464 5390 3714 5457 nivibus,
3744 5393 3802 5445 et

2153 5481 2387 5553 frigoris
2419 5481 2732 5554 asperitate
2761 5481 2921 5538 velut
2950 5483 3210 5548 efferata,
3232 5480 3467 5538 nonnisi
3488 5477 3806 5536 difﬁculter

1749 5585 1984 5641 VARl/E
2024 5581 2439 5639 LECTIONES.

465 5672 514 5712 ⁸⁷
549 5671 636 5749 λβ⁹
668 5673 720 5730 Α
750 5691 764 5730 :
809 5668 1056 5748 δεύτερον
1249 5673 1298 5709 ⁸⁸
1327 5673 1682 5750 οἰκουμένην]
1714 5680 1951 5750 prestat
1977 5674 2267 5732 οἰκεῖσθαι.
2340 5672 2389 5709 ³⁹
2418 5671 2718 5750 νιρομὲνην

717 5773 988 5836 ΡΑτιιοῑ..
1036 5772 1145 5837 Gn.
1192 5774 1346 5842 Clll.

3414 5773 3486 5831 27
