4184 6212
466 394 581 456 843

1660 389 1927 451 PHOTII
1971 388 2505 451 PATRIARCHAZ
2546 391 2664 452 ΟΡ.

3748 399 3871 457 844

464 530 638 589 incoli
694 530 913 603 possit?
940 529 1051 584 Cur
1107 544 1219 583 non
1265 529 1322 581 et
1366 525 1427 581 in
1476 524 1570 581 his
1617 524 1769 581 aeris
1824 525 2094 582 constitu-

2219 521 2301 578 λει
2354 524 2453 592 τὴν
2506 528 2600 578 τοῦ
2650 522 2805 597 ἀέρος
2855 527 3174 581 κατάστασιν
3214 526 3509 602 ἡγένεσις,
3543 534 3794 603 συνεχεῖς
3824 532 3871 565 9°

462 622 680 678 tionem
710 621 982 675 immutat
1012 621 1289 690 perpetua
1308 616 1409 672 illa
1428 615 1677 687 genesis,
1704 633 1829 687 qum
1856 620 1936 671 tot
1958 630 2108 670 sem-

462 725 564 780 per
584 710 641 763 in
665 708 795 762 aliis
817 705 1150 762 climatibus
1173 704 1527 760 mutationes
1551 703 1859 775 producit?
1874 706 2105 758 Certum

457 797 640 868 igitur
698 795 865 863 illud,
926 811 1112 866 neque
1170 793 1538 865 planetarum
1597 809 1857 863 cursum,
1918 808 2110 863 neque

457 886 762 957 signorum
781 884 1105 941 caelestium
1125 883 1632 954 compositionem,
1649 883 1747 938 sed
1770 899 1944 938 unam
1964 882 2107 938 solis

460 980 730 1030 naturam
761 990 862 1044 pro
894 972 1198 1029 intervallo
1228 972 1608 1043 locorumque
1657 971 1775 1026 situ
1808 988 1927 1037 eas,
1962 987 2106 1042 quas

451 1065 577 1135 jam
612 1062 888 1131 diximus,
919 1062 1226 1118 varietates
1258 1062 1505 1118 efﬁcere.
1530 1062 1648 1116 Cur
1677 1060 1837 1129 item,
1862 1076 1991 1115 cum
2026 1076 2109 1115 re-

458 1154 619 1225 liqua
651 1152 871 1222 ubique
897 1156 1051 1206 terra
1080 1150 1370 1207 imbribus
1406 1150 1697 1221 irrigetur,
1723 1150 1904 1205 solam
1937 1149 2104 1221 [Egy-

456 1247 620 1314 ptum
647 1242 837 1308 Nilus,
866 1242 1007 1296 dum
1039 1241 1212 1297 certis
1242 1241 1378 1295 anni
1422 1240 1779 1310 temporibus
1828 1239 2103 1303 exundat,

458 1338 635 1404 atque
658 1332 714 1387 in
741 1331 902 1387 illam
926 1348 989 1387 se
1014 1331 1282 1399 effundit,
1311 1331 1556 1387 fertilem
1583 1331 1846 1403 frugibus
1876 1330 2108 1385 reddit?

457 1423 574 1478 Cur
604 1422 801 1478 adhaac
828 1421 1160 1477 Thebaidos
1191 1420 1528 1476 interiorem
1576 1420 1894 1491 regionem,
1930 1435 2102 1489 quam

457 1513 632 1569 Oasin
670 1512 997 1579 nominant,
1032 1526 1217 1582 neque
1245 1510 1484 1575 ﬂuvius,
1518 1524 1708 1580 neque
1737 1509 1923 1563 imber
1955 1507 2107 1563 ullus

456 1602 683 1673 irrigat,
718 1601 816 1657 sed
852 1600 1094 1655 fontium
1124 1601 1401 1654 duntaxat
1434 1599 1625 1653 ﬂuxus
1654 1598 1971 1663 letiﬁcant,
2006 1598 2108 1668 qui

460 1706 674 1761 magno
704 1689 1129 1761 inquilinorum
1161 1688 1356 1744 labore
1388 1688 1695 1749 exsistunt,
1732 1704 1844 1742 non
1896 1692 2105 1759 sponte

461 1796 589 1846 sua,
624 1793 806 1848 neque
856 1777 1144 1832 imbribus
1174 1776 1231 1831 in
1278 1782 1491 1831 terram
1542 1775 1969 1841 delabentibus,
2000 1775 2103 1831 iis-

2218 613 2298 667 ἀεὶ
2356 613 2451 674 τὰς
2496 609 2802 686 μεταϐολὰς
2859 614 2910 668 ἐν
2961 620 3078 676 τοῖς
3133 613 3326 680 ἄλλοις
3381 614 3701 692 παρέχουσα
3744 618 3871 674 κλίο

2222 721 2420 775 μασινε
2454 705 2488 773 ἢ
2522 700 2696 773 δῆλον
2726 705 2801 765 ὡς
2835 702 2956 759 οῦτε
2986 702 3278 775 πλανήτων
3321 702 3525 779 δρόμος
3557 704 3682 762 οὔτε
3740 706 3871 761 σύν-

2214 791 2357 854 Θεσις
2389 790 2624 860 ζωδίων,
2651 793 2790 865 μόνη
2826 791 2882 847 δὲ
2909 797 3005 847 τοῦ
3036 792 3202 862 ἡλίου
3240 794 3283 829 9¹
3317 796 3350 863 ἡ
3403 794 3563 872 φύσις
3611 796 3752 870 πρὸς
3804 798 3873 852 τὰ

2215 875 2559 951 διαστήματα
2615 880 2705 934 καὶ
2743 886 2851 936 τῶν
2903 880 3089 935 τόπων
3132 881 3227 944 τὰς
3260 880 3430 944 θέσεις
3466 883 3560 946 τὰς
3600 904 3872 958 προειρη-

2218 968 2377 1041 μένας
2431 968 2707 1044 ἐργάζεται
2779 969 3061 1051 διαφοράς.
3127 972 3222 1026 Διὰ
3288 972 3341 1026 τί
3399 970 3455 1026 δὲ
3513 972 3704 1043 πάλιν,
3767 981 3871 1042 τῆς

2214 1061 2316 1132 γῆς
2376 1059 2551 1121 ὑετοῖς
2609 1057 2917 1133 ἀρδομένης
2974 1061 3316 1135 ἁπανταχοῦ,
3372 1063 3545 1134 μόνην
3604 1065 3707 1132 τήν
3769 1062 3871 1120 Αἵ-

2212 1168 2413 1220 γυπτον
2460 1145 2815 1221 πλημμυρῶν
2867 1150 2894 1203 ὁ
2936 1148 3134 1212 Νεῖλος
3168 1150 3303 1205 κατά
3359 1171 3479 1205 τινα
3518 1152 3721 1226 χρόνον
3768 1156 3871 1207 τοῦ

2215 1236 2462 1291 ἐνιαυτοῦ
2500 1238 2589 1291 καὶ
2638 1238 3002 1313 ἀναχεόμενος
3043 1238 3122 1300 εἷς
3156 1238 3321 1307 αὐτὴν
3359 1242 3713 1316 καρποφόρον
3775 1240 3869 1311 έρ-

2214 1328 2471 1400 γάζεται;
2506 1324 2593 1380 διὰ
2639 1327 2688 1380 τί
2743 1326 2799 1381 δὲ
2851 1332 2950 1396 τὴν
3003 1325 3270 1401 ἐνδοτέρω
3320 1325 3596 1399 Θηϐαίδος
3649 1331 3869 1403 χώραν,

2213 1417 2281 1483 ἦν
2331 1416 2712 1488 ὀνομάζουσιν.
2763 1419 2973 1484 Ὄασιν,
3039 1417 3162 1473 οὕτε
3220 1420 3469 1492 ποταμὸς
3526 1417 3653 1473 οὔτε
3713 1421 3873 1482 ὑετὸς

2213 1502 2384 1578 ἄρδει,
2436 1503 2581 1560 ἀλλά
2628 1510 2817 1582 πηγῶν
2885 1505 3157 1583 εὐφραίνει
3215 1508 3456 1581 ῥεύματα
3523 1507 3871 1588 πολυχειρίᾳ

2251 1599 2277 1609 ~
2405 1595 2437 1626 ι..
2535 1595 2591 1649 ό,
2757 1594 2871 1650 νλλν
2961 1595 2974 1614 ν
3100 1596 3113 1615 9
3252 1598 3266 1615 ι
3358 1618 3378 1631 ρ
3592 1595 3617 1615 κ
3720 1599 3729 1615 ν

2212 1615 2317 1648 των
2372 1616 2527 1665 οικητ
2567 1617 2696 1667 Ιαων,
2746 1618 2776 1650 α
2920 1618 3017 1650 ουκ
3056 1618 3375 1669 αυτοματω,
3425 1595 3869 1671 ἀναδιοομενων,

2215 1681 2338 1737 οὐδὲ
2380 1684 2544 1738 ὑετῶν
2604 1689 2769 1761 φορᾶς
2824 1684 2913 1739 ἐπὶ
2970 1691 3071 1759 γῆς
3119 1683 3422 1761 ἐρχομένης
3472 1688 3598 1757 [673
3636 1689 3735 1760 R.]
3772 1689 3869 1743 καὶ

2214 1769 2302 1827 διὰ
2337 1777 2448 1827 ’τῶν
2490 1774 2539 1828 ἐν
2581 1773 2716 1847 αὐτῇ
2749 1769 2964 1853 φλεϐῶν
3014 1772 3403 1848 ἀναδιδομένη,
3438 1777 3603 1849 ὅπερν
3656 1776 3870 1852 γίνεται

460 1870 712 1940 demque
762 1884 965 1923 rursus
996 1882 1099 1938 per
1133 1866 1292 1921 illius
1342 1882 1517 1922 venas
1565 1865 1827 1933 redditis,
1862 1870 1923 1920 ut
1955 1866 2094 1935 apud

2216 1864 2344 1936 παρ’
2400 1865 2557 1936 ἡμῖν.
2622 1863 2716 1917 Καὶ
2773 1864 2969 1919 τούτου
3028 1869 3260 1938 σημεῖον
3317 1866 3380 1920 τὸ
3440 1867 3538 1927 τὰς
3603 1866 3699 1939 μὲν
3761 1867 3871 1922 ὑπ-

459 1974 565 2014 nos
598 1956 902 2029 contingit.
923 1956 1101 2027 Cujus
1128 1956 1359 2024 quidem
1397 1955 1477 2010 rei
1510 1954 1652 2009 illud
1688 1954 1923 2026 signum
1958 1959 2102 2021 esto,

461 2048 614 2119 quod
662 2063 786 2118 quae
836 2045 1132 2102 montibus
1179 2045 1436 2115 subjecta
1467 2049 1605 2100 sunt
1635 2044 1780 2111 loca,
1815 2044 2103 2115 ejusmodi

460 2138 645 2191 fontes
692 2135 985 2199 emittant,
1032 2134 1130 2205 qui
1184 2134 1409 2206 integra
1462 2134 1638 2189 etiam
1692 2133 1940 2188 ﬂumina
1990 2150 2103 2188 non

462 2224 661 2279 minus
686 2224 923 2294 limpida
941 2239 1116 2293 quam
1134 2221 1327 2277 dulcia
1349 2223 1695 2294 producant,
1713 2238 1843 2277 cum
1869 2221 2104 2277 interim

461 2311 854 2385 patentissimi
888 2312 1102 2382 quique
1129 2310 1314 2380 campi
1348 2328 1381 2365 a
1411 2312 1711 2367 montibus
1743 2311 2102 2378 remotiores,

461 2403 834 2474 maximeque
864 2401 1046 2473 plani,
1076 2401 1164 2457 vel
1197 2401 1418 2457 nullam
1449 2402 1703 2457 habeant
1748 2418 1982 2473 aquam,
2014 2401 2103 2457 vel

459 2494 694 2551 nonnisi
746 2493 1038 2549 modicam
1089 2509 1333 2564 eamque
1371 2509 1605 2565 gravem
1639 2497 1696 2548 et
1727 2492 1965 2560 salsam,
2000 2507 2103 2547 nec

461 2583 870 2640 scaturientem
893 2582 1078 2650 illam,
1104 2583 1203 2638 sed
1228 2582 1287 2637 in
1306 2581 1475 2638 fossis
1498 2582 1812 2648 inventam,
1830 2598 1896 2637 ac
1914 2597 2103 2653 neque

457 2676 575 2728 tota
622 2676 820 2728 aestate
871 2671 969 2728 siti
1021 2671 1429 2729 sufﬁcientem.
1459 2672 1619 2737 Quod
1665 2670 1714 2726 si
1756 2670 1955 2725 omnia
2003 2687 2104 2742 per

456 2761 715 2831 genesim
747 2760 1253 2830 administrantur,
1287 2760 1385 2832 qui
1421 2760 1483 2814 ﬁt
1515 2760 1669 2831 quod
1701 2760 1759 2815 in
1796 2758 2100 2814 humidum

455 2848 688 2921 aliquod
722 2848 958 2921 signum
991 2849 1220 2919 sibique
1251 2848 1536 2904 familiare
1558 2849 1791 2921 planeta
1814 2849 2099 2919 ingresso,

457 2954 575 2995 non
607 2954 840 2995 omnem
870 2937 1045 2993 simul
1079 2942 1292 2993 terram
1325 2936 1567 3009 impleat
1596 2937 1813 3009 pluvia,
1837 2938 1935 2993 sed
1961 2936 2097 2992 alibi

455 3027 843 3083 nihilominus
877 3042 1159 3098 aquarum
1195 3027 1572 3094 abundantia,
1603 3027 1738 3082 alibi
1770 3026 2097 3098 pluviarum

453 3116 675 3188 inopia,
708 3116 906 3173 eodem
940 3132 1181 3187 prorsus
1213 3120 1495 3187 tempore,
1530 3132 1719 3187 neque
1750 3132 1959 3187 magno
1992 3116 2091 3171 ad-

2216 1952 2409 2027 ωρείας
2455 1950 2736 2026 προίεσθαι
2776 1953 2956 2027 πηγὰς
2988 1955 3268 2026 ποταμοὺς
3318 1952 3683 2030 ἐργαζομὲνας
3731 1952 3871 2010 διειο

2216 2039 2324 2103 δεῖς
2355 2063 2412 2097 τε
2442 2042 2531 2098 καὶ
2578 2041 2819 2118 γλυκεῖς,
2851 2043 2918 2097 τὰ
2979 2041 3035 2097 δὲ
3102 2041 3189 2097 ἐπὶ
3242 2041 3501 2099 πλεῖστον
3556 2043 3875 2117 ἡπλωμένα

2213 2128 2373 2186 πεδία
2438 2132 2524 2185 καὶ
2586 2138 2687 2201 τῆς
2734 2136 2841 2186 τῶν
2884 2133 3024 2203 ὀρῶν
3088 2130 3388 2209 έγγύτητος
3441 2132 3502 2187 οὐ
3557 2133 3869 2207 μετέχοντα

2213 2223 2301 2277 καὶ
2350 2222 2586 2296 μάλιστα
2619 2220 2839 2279 ἰσόπεδα
2875 2225 2951 2297 μή
2984 2223 3129 2299 ἔχειν
3178 2222 3410 2299 ῦδωρ,ἢ
3457 2223 3661 2302 σφόδρα
3715 2225 3869 2301 βρα-

2214 2310 2308 2386 χὺ,
2341 2312 2427 2366 καὶ
2458 2316 2620 2367 τοῦτο
2651 2314 2784 2387 βαρὺ
2815 2314 2906 2367 καὶ
2954 2310 3299 2387 ἁλμυρῶδες,
3332 2314 3395 2367 ού
3434 2315 3683 2388 πηγάζον
3737 2313 3870 2369 ἀλλ’

2212 2399 2264 2455 ἐν
2317 2401 2614 2477 ὀρύγμασιν
2664 2402 3069 2477 εὑρισκόμενον,
3094 2399 3217 2456 οὐδὲ
3258 2399 3325 2455 δι’
3367 2401 3502 2457 ὅλου
3541 2407 3639 2457 τοῦ
3673 2403 3869 2476 θέρους

2213 2488 2391 2563 ἀρκεῖν
2441 2488 2755 2562 δυνάμενον.
2802 2490 2862 2543 Εἰ
2922 2490 3093 2544 πάντα
3161 2487 3443 2544 διοικεῖται
3500 2495 3567 2563 νῇ
3635 2490 3867 2563 γενέσει,

2212 2583 2330 2641 πῶς
2376 2576 2650 2647 πλάνητος
2699 2580 2960 2640 εἰσιόντος
3014 2579 3089 2641 εἰς
3142 2580 3307 2655 ὑγρὸν
3350 2576 3569 2650 ζώδιον,
3603 2581 3735 2652 [349
3766 2581 3864 2653 Η.]

2212 2670 2256 2741 ᾦ
2297 2668 2499 2743 χαίρει,
2535 2670 2599 2723 οὐ
2631 2672 2800 2723 πᾶσαν
2832 2668 2976 2740 ὁμοῦ
3013 2670 3111 2738 τὴν
3154 2675 3258 2743 γῆν
3287 2665 3499 2743 πληροῖ
3534 2667 3866 2736 ὑετὸς,ἀλλ¹

2211 2761 2245 2827 ἡ
2283 2758 2376 2829 μὲν
2437 2754 2644 2813 ὑδάτων
2683 2756 2884 2827 πλήθει
2934 2756 3022 2811 καὶ
3083 2754 3342 2835 διεφθάρη
3386 2757 3664 2819 πολλάκις
3721 2761 3756 2827 ἡ
3802 2757 3864 2813 δὲ

2210 2843 2534 2922 ἀνομϐρίαις
2600 2846 2736 2902 κατᾶ
2788 2846 2877 2901 τὸν
2934 2845 3094 2900 αὐτον
3152 2846 3359 2919 καιρὸν,
3391 2846 3569 2900 καίτοι
3611 2867 3672 2920 γε
3730 2843 3864 2901 αύδὲ

2209 2938 2353 2994 πολὺ
2402 2936 2592 3014 πόῤῥιυ
2646 2935 3003 3009 διισταμένων
3060 2933 3323 3005 ἀλλήλων
3350 2957 3365 3005 ;
3398 2935 3651 2990 τάναντία
3683 2932 3731 2990 δ’
3761 2934 3859 2990 οῦν

2208 3026 2371 3082 πάλιν
2416 3027 2491 3089 εἰς
2523 3027 2711 3101 καιρὸν
2751 3023 2931 3100 ἕτερον
2965 3027 3184 3086 ταύταις
3233 3027 3422 3099 ὁρᾶται
3458 3020 3859 3097 συμϐαίνοντα.

2206 3119 2360 3191 Τάχα
2406 3120 2502 3170 τοῦ
2551 3112 2729 3177 ἔθνους
2777 3116 2823 3151 ⁹²
2863 3112 3142 3183 ἶδιάζουσά
3170 3134 3252 3176 τις
3297 3113 3527 3189 γένεσις,
3557 3114 3631 3177 ὡς
3659 3112 3718 3168 ἂν
3755 3113 3858 3169 αύ-

455 3206 696 3261 modum
741 3205 999 3260 locorum
1046 3204 1373 3270 intervallo,
1413 3210 1567 3260 terra
1613 3205 1893 3260 vitietur?
1923 3222 2091 3275 quan-

2204 3207 2288 3261 τοὶ
2338 3205 2659 3272 πλάσαιντο,
2776 3227 2827 3259 τι
2867 3202 3277 3279 παρανατέλλον
3338 3200 3490 3260 ἰδίως
3527 3201 3724 3273 ζὼδιον
3784 3225 3857 3259 τα

455 3309 630 3365 quam
662 3297 718 3349 et
747 3294 1035 3349 contraria
1065 3294 1275 3349 iterum
1307 3294 1364 3348 in
1397 3293 1490 3348 his
1521 3294 1633 3349 alio
1675 3299 1932 3363 tempore
1963 3310 2097 3349 con-

452 3384 676 3453 tingere
707 3381 925 3448 videas,
952 3383 1063 3437 nisi
1089 3383 1232 3438 forte
1262 3382 1346 3437 vel
1379 3382 1685 3453 peculiaris
1719 3383 1986 3453 quaedam
2020 3383 2096 3439 sit

450 3471 614 3527 illius
642 3470 842 3542 pepuli
874 3472 1122 3543 genesis,
1148 3474 1211 3525 ut
1234 3471 1344 3543 ipsi
1385 3471 1574 3528 21212
1630 3472 1876 3543 ﬁngunt,
1901 3472 1989 3527 vel
2032 3473 2090 3527 in

450 3561 779 3635 propinquo
812 3561 1024 3617 alicubi
1056 3560 1338 3632 singulari
1362 3562 1607 3632 quodam
1635 3562 1807 3618 modo
1829 3562 2093 3619 exoriens

449 3650 681 3721 signum
715 3666 1056 3706 communes
1088 3650 1218 3706 illas
1250 3667 1525 3723 geneseos
1555 3652 1883 3708 affectiones
1931 3669 2093 3708 ever-

446 3743 554 3809 tat,
588 3739 899 3811 inanisque
932 3739 1007 3795 sit
1047 3739 1390 3796 universalis
1439 3757 1716 3812 geneseos
1764 3740 1867 3807 vis,
1900 3742 1944 3796 si
1977 3758 2091 3797 non

449 3832 506 3884 et
538 3829 904 3899 particularis
927 3829 1154 3901 genesis
1176 3835 1500 3885 concurrat.
1526 3830 1897 3903 Singularum
1919 3831 2094 3904 igitur

446 3920 612 3972 terrae
634 3916 883 3987 partium
904 3932 1143 3988 geneses
1166 3934 1354 3973 aerem
1375 3923 1629 3986 movent,
1649 3933 1837 3989 neque
1857 3918 2091 3990 signum

443 4006 757 4063 humidum
810 4025 926 4063 una
975 4025 1107 4064 cum
1152 4009 1265 4064 sibi
1313 4009 1472 4064 afﬁni
1506 4009 1738 4081 planeta
1769 4011 2090 4081 quidquam

444 4096 672 4154 efﬁcere
719 4099 948 4168 poterit,
982 4098 1320 4170 particulari
1369 4102 1485 4155 fato
1535 4100 1865 4155 resistente.
1908 4099 2092 4163 Quare

442 4194 715 4257 praeterea
759 4187 819 4243 in
869 4187 1014 4243 locis
1066 4188 1419 4259 quibusdam
1474 4190 1653 4245 rarior
1695 4196 1785 4245 est
1816 4189 2091 4261 potabilis

440 4290 611 4345 aqua,
637 4276 694 4330 in
719 4277 1067 4347 quibusdam
1093 4293 1224 4333 vero
1246 4278 1523 4343 abundat,
1546 4288 1597 4334 et
1620 4279 1826 4335 calidis
1850 4280 2089 4351 insuper

438 4362 740 4433 potiuntur
788 4366 958 4437 aquis
1010 4365 1213 4421 incolae
1267 4374 1473 4438 sponte
1505 4368 2086 4438 productis?Siciliaa

2202 3295 2356 3351 κοινὰ
2411 3302 2508 3364 τῆς
2566 3295 2823 3369 γενέσεως
2863 3292 3281 3367 ἀποτελέσματα
3319 3291 3553 3364 διέλυσε,
3604 3293 3693 3347 καὶ
3750 3296 3858 3368 μά-

2201 3384 2349 3439 ταιόν
2406 3383 2515 3438 ἐστι
2583 3385 2644 3438 τὸ
2691 3390 2788 3452 τῆς
2830 3384 3089 3456 γενέσεως
3143 3381 3461 3453 καθολικὸν,
3493 3380 3554 3435 ἃν
3606 3383 3683 3454 μὴ
3729 3405 3855 3437 συν-

2201 3475 2375 3551 τρέχῖι
2408 3474 2497 3527 καὶ
2529 3476 2562 3541 ἡ
2613 3475 2830 3546 μερική.
2866 3472 3076 3528 Οὐκοῦν
3116 3472 3170 3526 αἱ
3215 3477 3321 3526 τῶν
3370 3478 3470 3540 τῆς
3509 3478 3612 3546 γῆς
3670 3477 3860 3546 μερῶν

2201 3564 2429 3636 γενέσεις
2500 3563 2591 3616 τὸν
2664 3559 2792 3635 ἁέρα
2860 3564 3086 3628 κινοῦσι,
3145 3560 3233 3614 καὶ
3313 3557 3469 3614 οὐδὲν
3548 3558 3731 3615 ἀνύσει
3785 3562 3857 3615 τὸ

2205 3652 2369 3727 ὑγρὸν
2404 3649 2599 3721 ζώδιον
2633 3651 2767 3723 μετὰ
2807 3652 2851 3686 9³
2897 3654 2993 3704 τοῦ
3042 3648 3244 3703 οἰκείου
3283 3647 3564 3719 πλάνητος
3607 3655 3712 3717 τῆς
3760 3670 3860 3723 με-

2204 3749 2360 3819 ρικῆς
2392 3741 2726 3817 εἱμαρμένης
2767 3739 3217 3810 ἀντιπιπτούσης.
3253 3738 3356 3794 Καὶ
3389 3736 3479 3792 διὰ
3537 3738 3589 3792 τί
3637 3734 3691 3792 ἔν
3741 3760 3856 3793 τισι

2206 3833 2298 3906 μὲν
2327 3832 2514 3892 τόποις
2550 3831 2791 3899 σπανίζει
2841 3830 2903 3885 τὸ
2934 3830 3168 3901 πότιμον
3202 3825 3372 3902 ὕδωρ,
3406 3826 3456 3882 ἔν
3498 3849 3607 3883 τισι
3652 3825 3707 3882 δὲ
3758 3830 3855 3882 καὶ

2201 3926 2366 3975 τοῦτο
2425 3918 2679 3990 πληθύει,
2736 3919 2825 3972 καὶ
2900 3919 3113 3992 θερμῶν
3198 3913 3409 3971 ὑδάτων
3474 3913 3851 3969 ἀπολαύουσιν

2201 4012 2521 4084 αὐτομάτως
2582 4006 3032 4081 ἂναδιδομένων;
3094 4004 3347 4070 Σικελίας
3410 4002 3468 4060 δὲ
3545 4004 3635 4059 καὶ
3705 4003 3852 4059 Γαλ-

2199 4102 2326 4162 λίας
2374 4102 2421 4135 ⁹⁴
2472 4099 2559 4153 καὶ
2620 4096 2819 4159 Λυκίας
2866 4097 2956 4152 καὶ
3014 4095 3208 4171 ἑτέρων
3260 4094 3423 4149 ἐθνῶν
3477 4095 3583 4149 οὐκ
3641 4093 3852 4169 ὀλίγων

2200 4188 2300 4261 ὅρη
2357 4189 2579 4265 μέγιστα
2634 4192 2739 4259 πῦρ
2797 4186 2984 4241 ἀέναον
3032 4187 3078 4223 ⁸⁵
3128 4182 3402 4240 ἐκδιδόασι
3442 4188 3728 4254 τοσοῦτον,
3773 4185 3850 4247 ὡς

2197 4280 2286 4334 καὶ
2342 4284 2459 4343 τοῖς
2520 4278 2570 4332 ἐν
2645 4276 2795 4331 νυκτὶ
2855 4276 3132 4350 φαίνεσθαι
3195 4272 3499 4349 πόρρωθεν,
3560 4275 3700 4346 μήτε
3742 4273 3849 4327 ὑπὸ

2196 4368 2393 4442 κρύους
2435 4366 2853 4439 ἐλαττούμενον,
2888 4367 3025 4439 μήτε
3101 4364 3202 4419 ὑπὸ
3261 4358 3475 4436 ὄμϐρου
3517 4365 3562 4399 ³⁸
3618 4357 3848 4416 σϐεννύ-

437 4465 687 4551 quoque,
744 4452 967 4519 Galliae,
1001 4455 1207 4526 Lyciae,
1240 4456 1606 4528 aliarumque
1655 4458 1915 4528 gentium
1969 4474 2082 4512 non

2204 4478 2382 4530 μενον,
2428 4458 2566 4530 μήτε
2612 4461 2728 4519 τοῖς
2790 4461 2890 4523 τῆς
2938 4460 3043 4529 γῆς
3103 4451 3447 4527 βλαστῆμασι
3501 4450 3845 4524 λυμαινόμε-

436 4538 838 4612 minimarum,
873 4543 1109 4599 maximi
1146 4550 1393 4613 montes,
1429 4562 1741 4616 perennem
1774 4547 1968 4618 ignem
2002 4548 2082 4603 sic

435 4628 728 4697 emittunt,
764 4635 828 4686 ut
865 4632 1037 4687 etiam
1090 4632 1262 4705 longe
1306 4636 1511 4705 positis
1558 4642 1731 4690 noctu
1779 4642 2073 4707 appareat,

433 4732 623 4788 neque
679 4718 769 4774 vel
830 4720 1145 4792 frigoribus
1195 4724 1599 4793 imminuatur,
1650 4726 1735 4779 vel
1788 4726 2075 4781 imbribus

429 4805 856 4879 exstinguatur,
908 4809 995 4864 vel
1044 4814 1205 4866 terrae
1255 4812 1614 4884 germinibus
1660 4818 1898 4870 noceat:
1943 4830 2071 4869 cum

429 4897 532 4969 qui
566 4897 652 4953 his
684 4898 828 4969 ipsis
860 4899 1059 4971 populi
1091 4902 1373 4973 adjacent,
1408 4902 1517 4958 tale
1559 4904 1703 4958 nihil
1754 4905 2071 4975 patiantur,

426 5003 612 5059 neque
636 4991 941 5046 ostendere
964 4991 1092 5063 [illi]
1120 4995 1364 5063 possint,
1382 4995 1518 5066 quid
1544 5000 1764 5051 tantam
1790 4995 2071 5066 locorum,

423 5076 591 5143 aeris,
627 5095 937 5149 aquarum,
962 5097 1325 5151 camporum,
1351 5087 1663 5150 montium,
1687 5084 2071 5143 differentiam

421 5165 665 5221 dederit.
699 5167 843 5222 Nam
880 5168 924 5222 si
958 5169 1257 5226 duodecim
1291 5171 1459 5243 signa
1488 5171 1726 5235 zodiaci,
1763 5178 1819 5229 et
1850 5180 2069 5246 septem

420 5252 664 5322 planeta":
714 5255 792 5328 [id
843 5260 1162 5329 praestent],
1215 5276 1392 5331 quare
1456 5261 1635 5332 igitur
1704 5279 1816 5317 non
1867 5266 2067 5321 eadem

418 5339 636 5413 ubique
667 5349 979 5414 operantur
999 5345 1027 5401 ‘?
1059 5348 1265 5420 Inopes
1296 5354 1575 5422 praeterea
1606 5356 1662 5408 et
1690 5353 1918 5421 divites,
1952 5354 2073 5411 im-

2191 4568 2301 4615 vov,
2330 4551 2440 4601 τῶν
2473 4545 2881 4621 παρακειμένων
2934 4543 3117 4605 αὐτοῖς
3178 4544 3316 4615 μήτε
3363 4563 3415 4596 τι
3470 4545 3689 4596 τοιοῦτο
3741 4560 3847 4593 πα-

2192 4635 2438 4713 σχόντων
2495 4638 2635 4708 μήτε
2700 4631 3151 4701 ἐπιδεικνύντων;
3208 4631 3259 4686 τί
3308 4630 3574 4700 τοσαύτην
3626 4629 3843 4698 τόπων,

2188 4726 2379 4798 ἀέρων,
2422 4722 2648 4793 ὑδάτων,
2698 4720 2921 4792 πεδίων,
2974 4722 3114 4795 ὁρῶν
3176 4718 3380 4776 δέδωκε
3423 4718 3716 4797 διαφοράν;
3773 4717 3841 4773 οὗ

2188 4817 2260 4889 ιβ’
2288 4816 2352 4870 τὰ
2388 4811 2554 4884 ζώδια
2584 4812 2672 4868 καὶ
2714 4813 2765 4867 οἳ
2798 4810 3069 4883 πλάνητες
3109 4814 3191 4881 ζ’;
3226 4808 3313 4865 διὰ
3350 4811 3403 4865 τί
3435 4808 3526 4865 οῦν
3568 4810 3629 4863 οὑ
3686 4831 3843 4865 παν-

2181 4908 2355 4979 ταχοῦ
2384 4904 2449 4958 τὰ
2482 4902 2617 4957 αὐτὰ
2644 4902 2951 4978 ἐνεργοῦσι;
2980 4902 3068 4955 καί
3114 4903 3219 4973 μὴν
3252 4898 3483 4970 πένητας
3522 4899 3612 4953 καὶ
3653 4900 3835 4956 πλουο

2184 4993 2352 5061 σέους,
2430 4991 2700 5068 ἄρχοντας
2766 4991 2855 5045 xvi
2932 4989 3297 5068 ἀρχομένους,
3356 4992 3657 5050 νοσοῦντας
3741 4989 3839 5043 καὶ

2184 5082 2517 5158 ὑγιαίνοντας
2576 5081 2664 5136 καὶ
2704 5081 2771 5135 τὰ
2818 5080 2937 5150 ἑξῆς
2990 5076 3169 5152 εὕροις
3226 5076 3286 5132 ἂν
3336 5078 3679 5153 ἁπανταχοῦ.
3715 5078 3844 5140 Πῶς

2183 5173 2273 5227 οῦν
2333 5173 2395 5226 οὐ
2453 5174 2733 5246 πανταχοῦ
2790 5168 2878 5223 καί
2938 5167 3082 5224 ὑετοὶ
3138 5169 3225 5222 καὶ
3276 5168 3488 5243 αὐχμοὶ
3524 5168 3572 5202 9⁷
3617 5166 3846 5222 καίδσα

2180 5264 2630 5338 προειρήκαμενς
2684 5263 2892 5333 χρυσοῦ
2962 5256 3019 5312 δὲ
3080 5256 3356 5330 μέταλλον
3401 5257 3435 5325 ἢ
3497 5255 3738 5331 ἀργύρου
3800 5257 3842 5328 ἢ

2180 5352 2395 5431 χαλκοῦ
2440 5350 2475 5420 ἢ
2524 5349 2839 5423 κασσιτέρου
2872 5347 2941 5417 id}
2983 5342 3256 5422 μολίϐδου
3295 5345 3330 5415 ἢ
3360 5350 3468 5401 τῶν
3504 5344 3692 5402 ἄλλων
3747 5358 3852 5420 με·

1780 5507 1954 5565 VARI
1966 5514 2031 5564 1E
2072 5508 2479 5567 LECTIONES.

480 5640 532 5720 °°_
554 5644 804 5720 σρξεχεξῖς
821 5659 987 5720 corr._
1013 5648 1108 5720 A_:
1141 5649 1373 5720 συνεχὴς

1406 5650 1488 5723 ς’.
1567 5651 1613 5726 ’ξ
1734 5656 1831 5706 τοῦ
1859 5651 2046 5726 ἡλίου]
2077 5655 2173 5706 τοῦ
2204 5646 2459 5726 ἡλί-ουρδὶ
2494 5653 2559 5706 A.
2714 5645 2899 5726 ἔθνους
2930 5650 3019 5726 A_C
3051 5666 3063 5704 :
3099 5641 3251 5726 ἔθους
3453 5646 3499 5685 ⁸³
3532 5646 3669 5721 μετὰ
3690 5646 3791 5705 AC
3831 5666 3846 5707 :

410 5712 547 5773 κατᾶ
684 5711 781 5749 ’⁷⁸⁸
817 5712 1081 5793 Γαλλίας]
1114 5736 1187 5774 an
1220 5711 1503 5783 Ἰταλίαᾙὲ
1575 5724 1620 5759 ⁸⁵
1648 5711 1977 5801 ἀένναον
2028 5711 2101 5761 ’9⁸
2128 5711 2264 5782 libri
2294 5718 2561 5798 ὄμϐρους.
2640 5722 2682 5759 ⁸⁷
2713 5719 2804 5777 καὶ
2836 5722 2886 5777 o't
2918 5719 3217 5798 αὐχμοῖΑ.
3280 5757 3291 5763 ~
