4116 6224
206 369 323 432 845

1308 363 1852 429 BIBLIOTHECA.
1896 395 1976 407 —
2019 362 2192 424 COD.
2242 364 2554 429 CCXXIII.

3498 375 3619 437 846

215 499 498 558 ταλλικῶν
543 499 648 554 ἀπὸ
697 496 858 562 ποίας
916 497 1177 574 γενέσεως
1234 501 1270 568 ἡ
1335 499 1449 560 ύσις
1506 496 1803 574 εὑρίσκεται
1838 515 1891 564 ;,

2002 503 2242 556 erantes
2273 505 2329 558 et
2359 501 2650 568 subditos,
2684 519 2869 573 aagros
2896 513 3068 577 atque
3101 525 3297 579 sanos,
3329 516 3385 567 et
3413 517 3620 570 caetera

209 593 340 646 Θεὸν
397 590 493 664 μὲν
541 586 634 643 οὖν
677 587 947 656 τοσαύτην
998 585 1257 666 διαφορὰν
1298 589 1388 643 καὶ
1442 587 1634 663 μυρίαν
1679 585 1862 655 ἄλλην

209 681 532 757 κεχαρίσθαι
561 684 632 752 τῇ
662 684 734 754 γῇ
770 675 841 732 δι’
868 678 1016 751 ἡμᾶς
1049 678 1447 752 ὁμολογοῦντες
1486 675 1809 750 εύσεϐοὖμεν
1845 696 1856 707 ·

211 773 554 846 εἱμαρμένην
587 770 634 806 ⁸⁸
683 768 741 823 δὲ
790 765 878 822 διὰ
921 766 1084 823 τοῦτο
1137 769 1389 844 τεχνίτας
1444 767 1724 838 πλάττειν,
1771 764 1868 821 ⁹ίνα

211 864 535 937 χρήσωνται
572 863 691 920 ταῖς
739 854 918 929 ὕλαις,
969 854 1086 912 οὔτ’
1139 859 1199 912 ἂν
1252 861 1415 930 ἡμεῖς
1463 855 1710 929 εἴποιμεν
1741 853 1868 911 οὔτε

209 947 396 1024 ἕτερος
428 949 484 1004 εὖ
534 951 772 1026 φρονῶν.
820 947 941 1004 Ἔτι
986 943 1044 1001 δὲ
1079 945 1129 1002 εἴ
1176 946 1352 1018 κλίμα
1395 943 1624 1002 ἕκαστον
1675 942 1868 1018 διαμέ-

211 1061 285 1095 νει
340 1039 561 1112 μυρίαις
587 1043 708 1114 ταῖς
753 1037 890 1111 πρὸς
940 1035 1164 1106 ἄλληλα
1217 1035 1500 1114 διαφοραῖς
1550 1036 1656 1089 ἀπὸ
1703 1055 1870 1089 κατα-

214 1125 392 1195 ϐολῆς
436 1128 664 1188 κτίσεως
718 1125 1123 1198 κοσμούμενον,
1175 1124 1265 1179 καὶ
1298 1125 1553 1195 ἀκίνητον
1603 1124 1695 1178 ἀπ’
1742 1122 1871 1177 οιἰῶ-

213 1237 307 1276 νος
354 1211 577 1282 ’ἔστηκεν
628 1211 730 1266 ὑπὸ
779 1213 824 1247 ⁹⁹
868 1216 977 1265 τῶν
1013 1216 1029 1249 ί
1076 1215 1177 1276 τῆς
1220 1210 1474 1284 γενέσεως
1521 1203 1869 1282 μεταϐολῶν,

215 1302 375 1360 οὐδὲν
405 1304 428 1338 ²
461 1300 840 1377 βλαπτόμενον
890 1296 1042 1370 (οὔτε
1089 1300 1192 1373 γὰρ
1232 1297 1554 1374 παλίῤῥοιαι
1595 1298 1872 1366 Θαλάσσης

215 1390 546 1459 ἐπαύθησαν,
579 1387 642 1442 ού
691 1387 861 1460 πυρὸς
904 1380 1156 1439 ἄσϐεστοι
1208 1385 1404 1458 πηγαῖ,
1439 1383 1501 1438 οὐ
1543 1384 1698 1454 ζώων
1747 1383 1870 1437 ἑκά⁴

215 1501 350 1536 στου
389 1478 654 1550 κλίματος
698 1472 977 1554 διαφοραὶ,
1011 1473 1072 1528 ού
1125 1472 1332 1548 μυρίων
1377 1470 1562 1529 ἄλλων
1614 1473 1872 1547 ἑτερότη-

214 1591 302 1631 τες
364 1562 796 1640 ἀμετάϐλητοι),
855 1561 1130 1618 τοσούτων
1189 1562 1527 1638 πραγμάτων
1587 1568 1688 1631 τῆς
1747 1579 1873 1635 παρ’

216 1657 405 1718 αὐτοῖς
436 1656 459 1691 ³
517 1655 769 1729 γενέσεως
836 1650 1288 1727 ἀπηλλαγμένων
1354 1656 1470 1713 πῶς
1531 1649 1683 1706 οὐδὲν
1748 1648 1873 1704 ἄνευ

215 1747 423 1815 ταύτης
482 1742 605 1799 οὗτε
652 1741 892 1816 γίνεσθαι
933 1739 1185 1818 λέγουσιν
1243 1737 1368 1796 οὔτε
1424 1738 1698 1813 διαμένειν
1751 1735 1874 1794 οὕτε

1972 587 2188 658 ubique
2219 592 2511 660 reperias:
2546 591 2689 662 quin
2733 608 2868 662 ergo
2916 595 3093 651 etiam
3146 599 3360 670 ubique
3410 602 3616 671 pluvia;

1972 683 2024 730 et
2080 678 2399 744 ariditates,
2451 684 2506 734 et
2564 697 2922 752 quaecunque
2983 691 3154 741 antea
3207 703 3623 746 commemora-

1975 765 2215 822 vimus?
2241 768 2372 823 Jam
2421 768 2550 823 auri
2596 770 2928 842 metallum,
2957 776 3205 847 argenti,
3238 779 3368 833 teris
3399 779 3619 845 stanni,

1978 855 2222 926 plumbi,
2272 857 2360 911 vel
2414 865 2759 914 ceterorum
2819 862 3244 920 metallicorum
3308 876 3536 932 natura,
3591 884 3623 921 a

1977 943 2130 1015 quali
2167 947 2402 1001 tandem
2436 948 2636 1017 genesi
2669 954 2794 1004 orta
2825 953 3159 1022 reperitur?
3190 955 3390 1026 Itaque
3438 957 3624 1012 Deum

1978 1032 2212 1102 quidem
2245 1037 2302 1088 et
2331 1033 2483 1090 hanc
2514 1040 2761 1107 tantam,
2787 1045 2843 1094 et
2864 1042 3011 1096 alias
3044 1043 3503 1101 innumerabiles
3534 1063 3625 1102 va-

1980 1121 2215 1177 rietates
2238 1127 2435 1180 nostra
2457 1125 2828 1195 potissimum
2854 1146 3027 1184 causa
3048 1135 3213 1187 terrae
3237 1133 3626 1204 impertivisse

1982 1211 2072 1282 pie
2107 1211 2392 1266 fatemur:
2426 1229 2460 1268 a
2491 1213 2607 1269 fato
2643 1231 2775 1270 vero
2807 1223 3113 1288 propterea
3144 1221 3339 1276 fabros
3369 1223 3623 1279 artifices

1979 1299 2181 1366 creari,
2215 1316 2330 1371 quo
2366 1302 2571 1356 mundi
2603 1303 2781 1374 hujus
2812 1307 2983 1362 rebus
3023 1310 3106 1363 uti
3148 1312 3394 1380 possint,
3427 1312 3486 1367 id
3531 1331 3627 1370 ne-

1981 1405 2095 1460 que
2151 1407 2255 1446 nos
2307 1389 2644 1456 dixerimus,
2696 1411 2886 1466 neque
2943 1398 3091 1454 alius
3153 1408 3303 1455 recte
3360 1402 3624 1458 sentiens

1982 1479 2319 1550 quisquam.
2355 1486 2566 1537 Praeter
2597 1483 2732 1550 ista,
2765 1486 2811 1540 si
2847 1486 3084 1558 singula
3133 1488 3369 1544 climata
3408 1507 3634 1562 perma-

1984 1574 2144 1636 nent,
2197 1570 2486 1626 sexcentis
2544 1571 2696 1627 inter
2743 1591 2805 1630 se
2853 1576 3192 1633 differentiis
3245 1580 3371 1648 jam
3421 1581 3556 1634 inde
3601 1597 3635 1635 a

1983 1659 2216 1714 condito
2243 1658 2380 1714 orbe
2405 1669 2695 1728 exornata,
2712 1663 2924 1718 etnihil
2942 1683 2973 1720 a
2994 1682 3271 1735 geneseos
3295 1667 3636 1723 mutationi-

1987 1749 2097 1802 bus
2114 1747 2272 1814 laasa,
2289 1748 2615 1804 immobilia
2630 1768 2864 1822 prorsus
2886 1754 2956 1809 ab
2973 1759 3186 1811 aeterno
3201 1771 3305 1812 con
3315 1757 3558 1812 stitueru
3570 1763 3634 1812 nt

218 1836 545 1892 διοικεῖσθαι
577 1851 591 1902 ;
627 1830 903 1904 πυθοίμην
934 1827 978 1884 δ’
1014 1817 1090 1884 γᾶν
1119 1829 1294 1884 αὐτῶν
1341 1826 1546 1899 ἡδέως,
1577 1828 1708 1883 ποία
1757 1825 1876 1900 δρό-

2009 1853 2119 1892 non
2153 1838 2312 1892 enim
2346 1842 2448 1892 aut
2478 1838 2687 1894 alterni
2721 1840 2911 1897 ﬂuxus
2944 1845 3142 1912 maris,
3169 1851 3272 1900 aut
3294 1846 3447 1916 ignis
3480 1848 3632 1902 inex-

221 1947 332 1999 μου
361 1923 573 1994 κίνησις
603 1921 679 1983 εἰς
709 1921 770 1975 τὸ
804 1920 932 1975 εἶναι
963 1920 1062 1988 τήν
1092 1918 1273 1993 ἀρχῆν
1305 1917 1546 1994 παρέσχε
1564 1925 1682 1979 ταῖς
1719 1917 1872 1991 βοτάο

220 2039 360 2086 ναις,
392 2020 510 2077 τοῖς
540 2018 754 2092 φυτοῖς,
777 2016 899 2075 τοῖς
931 2011 1093 2080 ζώοις
1119 2032 1132 2082 ;
1169 2009 1250 2066 δεῖ
1274 2010 1377 2085 γὰρ
1410 2010 1637 2065 ἑκάστου
1666 2008 1873 2064 τούτων

223 2106 498 2184 φαίνεσθαι
529 2105 629 2171 τήν
663 2107 760 2170 τῆς
787 2099 1047 2173 γενέσεως
1078 2097 1249 2174 ὥραν,
1282 2101 1376 2154 ὅτε
1403 2098 1512 2153 ἀπὰ
1539 2105 1642 2174 γῆς
1669 2095 1880 2152 ἐπλάτ-

219 2215 384 2250 τοντο
418 2195 546 2267 [676
577 2193 673 2264 R.]
702 2190 791 2244 καὶ
833 2188 1024 2262 ἄτέραν
1080 2189 1174 2263 μὲν
1207 2188 1340 2243 εἶναι
1392 2187 1659 2261 φοίνικος,
1703 2184 1879 2255 έλλην

222 2283 282 2340 δὲ
313 2288 507 2351 συκῆς,
536 2280 626 2336 καὶ
656 2280 815 2339 κυνὸς
857 2275 1168 2346 ἰδιάζουσαν
1202 2279 1292 2332 καὶ
1330 2276 1590 2350 καμήλου
1625 2295 1637 2308 ·
1674 2274 1736 2330 ού
1781 2276 1880 2342 τὴν

215 2373 397 2440 αὐτὴν
421 2369 616 2439 ἵππου,
661 2370 1007 2441 περιστερᾶς,
1039 2366 1368 2440 ἀνηρώπων,
1419 2365 1508 2419 καὶ
1550 2369 1656 2419 τῶν
1690 2361 1882 2418 ἄλλων

217 2462 462 2536 ὁμοίως.
497 2461 590 2516 Ἀν
623 2459 719 2531 μὲν
751 2455 842 2511 οὖν
885 2453 1058 2532 ἔχωσι
1092 2453 1270 2532 λέγειν
1305 2453 1392 2508 διὰ
1436 2455 1489 2509 τί
1547 2456 1622 2528 μὴ
1657 2452 1748 2507 καὶ
1794 2455 1886 2506 νῦν

216 2550 330 2607 ἀπὸ
373 2556 479 2626 γῆς
507 2547 531 2582 ⁴
583 2549 616 2617 ἡ
649 2546 857 2620 γένεσις
903 2543 1130 2599 πλάττει
1175 2545 1240 2598 τά
1296 2541 1688 2619 προειρημένα,
1742 2538 1887 2595 διδα-

219 2643 502 2696 σκέτωσάν
535 2680 546 2692 .
612 2631 764 2690 οὐδὲν
811 2635 914 2710 γὰρ
967 2633 1106 2702 ἅπαξ
1156 2634 1183 2686 ὁ
1227 2639 1328 2702 τῆς
1377 2630 1638 2708 γενέσεως
1682 2629 1885 2689 κύκλος

221 2725 582 2795 ἀποτελέσει,
613 2725 674 2780 τὸ
715 2720 760 2778 δ’
792 2723 922 2778 αὐτὸ
953 2727 1100 2776 ποιεῖ
1148 2721 1443 2784 πολλάκις.
1478 2720 1576 2775 Διά
1603 2722 1654 2773 τί
1704 2717 1759 2774 δὲ
1788 2721 1887 2788 τὴν

225 2821 324 2894 μὶν
358 2818 540 2892 ἀρχὴν
575 2814 675 2870 οὐκ
704 2812 764 2867 ’ἀν
803 2810 870 2880 ἧν
913 2811 945 2865 ’ἀ
990 2813 1284 2885 προήχθη,
1316 2811 1392 2884 μὴ
1448 2810 1553 2864 ἀπὸ
1602 2815 1704 2881 γῆς
1752 2806 1889 2863 πλα-

224 2908 438 2976 σθέντα,
474 2907 602 2980 [350
656 2909 749 2976 Η.]
785 2901 921 2975 μετά
971 2897 1028 2955 δὲ
1057 2903 1224 2954 ταῦτα
1277 2897 1429 2953 οὐδὲν
1470 2896 1530 2953 ἂν
1573 2897 1748 2952 αὐτῶν
1783 2897 1888 2951 ἀπὸ

223 3006 334 3075 γῆς
372 2996 728 3073 βλαστήσειε,
760 2990 850 3048 διὰ
881 2989 938 3046 δὲ
977 2993 1074 3060 τῆς
1106 2988 1155 3062 ἐξ
1186 2988 1452 3060 ἀλλήλων
1487 2986 1757 3063 διαδοχῆς
1789 2988 1892 3045 σώ-

226 3095 423 3160 ζεται;
484 3087 520 3155 ἢ
570 3088 690 3146 πῶς
739 3083 800 3138 τὸ
839 3082 1179 3156 κυριώτατον
1227 3079 1317 3134 καὶ
1369 3079 1790 3151 ἀναγκαιότατον
1850 3078 1885 3146 ἡ

227 3136 379 3160 \""'
409 3136 423 3155 ν
492 3136 519 3155 'l
578 3136 689 3146 ""v
755 3136 792 3138 "
914 3136 922 3156 |
1483 3136 1494 3151 .
1874 3136 1885 3146 .

223 3177 438 3254 γένεσις
468 3174 569 3228 οὒκ
606 3169 831 3248 ἔχουσα,
885 3169 1029 3244 λέγω
1063 3167 1129 3238 δὴ
1178 3168 1240 3223 τὸ
1272 3167 1377 3222 ἀπὸ
1429 3169 1530 3241 γῆς
1571 3165 1776 3221 πλάσαι
1822 3166 1888 3220 τά
1918 3136 1960 3202 C

224 3268 429 3336 πάντα,
477 3263 575 3318 τοῦ
624 3264 941 3336 συγκρατεῖν
1001 3260 1092 3313 καὶ
1132 3256 1416 3312 ἀποτελεῖν
1475 3257 1565 3310 καὶ
1623 3255 1892 3332 ἀφανίζειν

227 3355 347 3412 ἐστὶ
388 3351 588 3428 κυρία;
621 3348 700 3405 ἔτι
751 3346 809 3404 δὲ
839 3348 885 3403 εἰ
918 3350 940 3384 ⁸
985 3347 1090 3402 ἀπὸ
1121 3353 1220 3416 τῆς
1265 3346 1402 3400 κατά
1429 3347 1529 3415 τὴν
1573 3344 1716 3418 ὥραν
1742 3345 1892 3416 ἀκρι-

229 3441 369 3506 ϐοὖς
421 3442 760 3513 ἐπιγνώσεως
812 3438 1022 3509 ἑκάστῳ
1077 3441 1186 3491 τῶν
1232 3435 1534 3511 γινομένων
1562 3436 1629 3489 τὰ
1674 3430 1889 3506 συμϐηο

229 3535 444 3607 σόμενα
463 3529 736 3606 λέγουσιν,
764 3527 1054 3602 ἀνθρώπῳ,
1080 3525 1252 3603 φημὶ,
1273 3526 1360 3579 καὶ
1392 3524 1482 3599 βοΐ
1503 3523 1590 3578 καὶ
1613 3523 1782 3594 ὀρνέῳ
1802 3521 1891 3577 καὶ

233 3623 430 3695 πλοίῳ
454 3619 544 3674 καὶ
575 3617 760 3687 πόλει,
791 3618 880 3672 καὶ
913 3619 1126 3671 πάντων
1166 3616 1238 3669 ὢν
1278 3615 1376 3682 τὴν
1412 3613 1716 3688 πρόγνωσιν
1748 3608 1894 3687 ἔχειν

238 3710 644 3786 ἰσχυρίζονται,
673 3709 790 3770 πῶς
821 3713 924 3783 γῆς
955 3707 1046 3760 καὶ
1075 3701 1352 3772 θαλάσσης
1374 3702 1463 3757 καὶ
1493 3707 1588 3756 τοῦ
1619 3701 1773 3776 ἀέρος
1797 3702 1896 3755 οὐκ

237 3801 452 3862 εἰδότες
482 3805 593 3854 τῶν
637 3796 896 3872 γενέσεων
947 3794 1072 3856 τοὺς
1112 3792 1355 3866 καιροὺς,
1388 3793 1456 3848 τά
1500 3794 1647 3862 πάθη
1688 3792 1892 3846 τούτων

235 3892 335 3948 καὶ
393 3890 488 3952 τας
533 3889 777 3958 κινήσεις
821 3885 1048 3947 καὶτὰς
1113 3877 1420 3958 μεταϐολὰς
1469 3879 1898 3956 ἐπαγγέλλονται

239 3981 433 4054 λέγειν
461 4005 476 4049 ;
507 3977 594 4032 καὶ
639 3981 756 4037 πῶς
788 3975 890 4029 οὐκ
935 3974 996 4028 ἄν
1035 3993 1120 4037 τις
1166 3970 1351 4032 αὐτοῖς
1401 3971 1735 4040 ἀπιστήσειε,
1783 3972 1899 4030 πῶς

242 4067 309 4125 δὲ
349 4067 451 4123 οὔκ
500 4068 560 4120 ἃν
611 4064 790 4119 αὐτῶν
829 4064 1219 4138 ἀποστραφεῖεν
1264 4062 1364 4129 τήν
1413 4057 1649 4134 ἄμετρον
1700 4054 1904 4126 ἀλαζο-

243 4160 435 4226 νείαν;
470 4153 596 4211 οὐδὲ
635 4155 740 4229 γάρ
769 4158 875 4208 τῶν
925 4151 1060 4207 κατά
1095 4151 1257 4226 μέρος
1306 4149 1554 4204 ἁπάντων
1593 4145 1905 4216 ἰδιαζούσας

243 4247 546 4324 παρέξουσι
600 4243 696 4306 τὰς
752 4241 1005 4318 γενέσεις.
1053 4239 1153 4298 Καὶ
1206 4240 1316 4312 μὴν
1372 4235 1673 4294 ἀκόλουθον
1712 4234 1908 4291 τοσαύ-

247 4359 350 4400 τας
383 4337 518 4393 εἶναι
547 4335 801 4409 γενέσεων
860 4329 1140 4408 διαφορὰς,
1182 4329 1281 4384 ὅσα
1328 4331 1395 4384 τὰ
1435 4327 1564 4403 γένη
1614 4330 1720 4381 τῶν
1773 4346 1911 4400 προ-

251 4425 572 4503 αγομένων.
616 4427 743 4487 Πῶς
795 4422 898 4498 γὰρ
945 4420 1008 4474 ἂν
1063 4421 1095 4490 ἡ
1145 4419 1280 4488 αὐτή
1311 4421 1406 4472 τοῦ
1452 4415 1660 4493 δρόμου
1708 4417 1912 4503 γένεσίς

249 4502 394 4573 κύνα
434 4514 526 4570 καὶ
581 4511 774 4568 λέοντα
820 4510 1106 4585 ἐργάσαιτο
1136 4510 1158 4545 ⁸
1195 4505 1285 4562 καὶ
1344 4505 1624 4580 ἄνθρωπον
1680 4506 1770 4560 καὶ
1815 4502 1914 4557 ἳπ-

255 4627 390 4674 πον,
425 4603 555 4665 τοὺς
600 4603 858 4656 τοσοῦτον
887 4596 1158 4670 ἀλλήλων
1209 4593 1630 4655 διαλλάττοντας
1666 4615 1682 4667 ;
1721 4599 1838 4657 πῶς
1872 4590 1918 4648 δ’

258 4696 326 4750 ’ἂν
381 4693 468 4764 εἴη
510 4689 769 4747 ποικιλία
822 4688 1163 4764 χρωμάτων,
1211 4687 1540 4765 σχημάτων,
1591 4686 1922 4756 ποιοτήτων,

270 4788 353 4859 μή
388 4785 568 4839 πάντα
612 4778 876 4850 ποικίλης
930 4775 1191 4853 γενέσεως
1251 4773 1648 4845 ἀποτελούσης,
1691 4772 1766 4836 ὥς
1824 4794 1925 4847 φα-

267 4894 403 4943 σιν;
448 4869 510 4927 οὗ
575 4871 701 4943 μίαν
759 4865 817 4923 δὶ
873 4866 1112 4942 ἐχόντων
1169 4867 1361 4939 πρᾶξιν
1414 4864 1448 4933 ἢ
1508 4863 1678 4925 πάθος
1717 4861 1774 4917 ἓν
1817 4866 1924 4916 τῶν

267 4964 531 5019 ἁπάντων
563 4959 862 5034 ἀνθρώπων
894 4957 918 4991 ⁷
945 4954 982 5024 ἢ
1007 4953 1196 5011 ’ίππων
1219 4953 1367 5009 ὅλων
1390 4953 1425 5022 ἢ
1471 4951 1700 5027 χοίρων,
1733 4953 1797 5008 οὐ
1834 4952 1930 5024 μέ-

263 5055 460 5129 γεθος,
492 5048 557 5106 οὔ
585 5049 780 5124 τάχος,
813 5045 914 5102 οὐκ
942 5042 1126 5121 ἰσχὺν,
1151 5042 1212 5099 οὐ
1244 5043 1454 5121 φωνην,
1488 5039 1656 5112 δῆλον
1692 5042 1764 5104 ὡς
1797 5039 1932 5120 οὐχὶ

271 5143 415 5218 μίαν
459 5139 714 5217 γενέσεως
753 5135 952 5213 ῥοπὴν,
992 5132 1139 5190 ἀλλά
1176 5132 1438 5194 τοσαύτας
1483 5131 1932 5206 ἀναγκασθήσον-

264 5216 370 5290 ται
417 5216 614 5306 λέγειν,
647 5228 746 5297 ὅση
807 5225 897 5280 καὶ
945 5227 1052 5278 τῶν
1106 5219 1562 5294 ἀποτελουμένων
1593 5222 1627 5290 ἡ
1681 5216 1934 5296 διαφορὰ,

270 5319 352 5378 οὗ
393 5303 560 5394 μόνον
605 5316 759 5387 ζώων
805 5311 1074 5390 χερσαίων
1114 5309 1204 5367 καὶ
1265 5313 1483 5380 πτηνῶν
1534 5307 1624 5364 καὶ
1679 5303 1937 5382 ἐνύδρων,

1985 1926 2183 1982 stincti
2215 1927 2403 1983 fontes
2433 1937 2530 1982 aut
2561 1928 2898 1986 animalium
2933 1932 2990 1988 in
3022 1936 3274 2006 singulis
3303 1935 3630 1992 climatibus

1986 2014 2323 2068 differentia:
2347 2020 2447 2069 aut
2469 2014 2591 2070 alite
2614 2016 3088 2087 innumerabiles,
3114 2022 3217 2077 sed
3240 2022 3638 2078 immutabiles

1988 2119 2184 2158 rerum
2217 2103 2591 2160 alterationes
2625 2122 2885 2177 unquam
2911 2111 3269 2181 cessarunt):
3299 2116 3383 2166 tot.
3406 2111 3636 2166 interim

1989 2193 2164 2249 rebus
2195 2209 2296 2264 per
2322 2193 2509 2263 ipsam
2543 2195 2800 2264 genesim
2829 2197 3168 2266 immutatis,
3195 2201 3488 2271 quomodo
3512 2200 3641 2254 sine

1992 2282 2099 2338 hac
2117 2287 2220 2338 aut
2237 2282 2362 2336 fieri
2381 2282 2701 2354 quidquam
2722 2289 2825 2339 aut
2842 2303 3182 2355 permanere
3205 2294 3308 2344 aut
3322 2289 3636 2360 gubernari

1994 2387 2157 2442 posse
2206 2371 2463 2443 negant?
2497 2371 2764 2428 Libenter
2811 2379 3002 2430 autem
3057 2376 3127 2430 ab
3167 2377 3252 2432 eis
3282 2377 3635 2448 quaesierim,

1993 2460 2323 2532 qualisnam
2365 2460 2509 2516 forte
2551 2460 2829 2517 curriculi
2863 2469 3060 2520 motus
3091 2464 3309 2531 herbis,
3346 2465 3556 2534 plantis
3581 2470 3637 2520 et

1994 2549 2388 2606 animantibus
2419 2550 2831 2606 exsistenlibus
2862 2553 3208 2624 principium
3241 2554 3503 2609 dederit:
3537 2555 3638 2609 de-

1996 2637 2377 2695 monstranda
2420 2639 2574 2693 enim
2609 2639 2887 2710 genitura:
2916 2640 3123 2696 horum
3157 2643 3439 2712 cujusque
3471 2641 3634 2706 hora,

1996 2744 2112 2798 qua
2139 2744 2169 2782 e
2198 2732 2354 2782 terra
2385 2727 2772 2782 formabatur:
2798 2737 2851 2783 et
2881 2729 3058 2785 aliam
3088 2730 3325 2801 quidem
3357 2746 3487 2785 esse
3519 2729 3641 2798 pal-

1998 2833 2124 2884 mis,
2158 2815 2328 2872 aliam
2362 2815 2528 2878 ficus,
2563 2816 2723 2871 canis
2755 2816 2892 2872 item
2926 2834 3094 2873 suam
3143 2834 3272 2874 esse
3321 2818 3638 2890 propriam,

1996 2905 2382 2975 similiterque
2425 2905 2623 2960 213a
2669 2905 2896 2974 cameli,
2940 2923 3130 2978 neque
3179 2909 3445 2963 eamdem
3477 2907 3639 2962 illam

1998 3010 2125 3051 esse
2173 2994 2328 3064 equi,
2381 2992 2684 3061 columbae,
2729 2999 2827 3049 aut
2869 2995 3196 3062 hominum,
3246 3004 3299 3052 et
3347 2996 3405 3050 id
3453 3011 3638 3066 genus

2000 3083 2270 3139 aliorum.
2303 3080 2362 3136 Si
2394 3097 2526 3153 ergo
2560 3087 2805 3154 possunt
2849 3085 3060 3152 dicere,
3093 3101 3197 3139 cur
3245 3102 3361 3140 non
3394 3089 3450 3140 et
3482 3100 3640 3139 nunc

2001 3189 2028 3227 ο
2063 3181 2210 3228 terra
2240 3169 2468 3242 genesis
2502 3170 2710 3225 formet
2741 3172 3034 3243 praedicta,
3060 3174 3306 3228 doceant
3337 3190 3463 3228 nos.
3488 3171 3647 3227 Nihil

2000 3262 2178 3330 enim,
2209 3261 2363 3332 quod
2401 3259 2578 3315 semel
2606 3261 2885 3316 duntaxat
2918 3278 3019 3333 per
3048 3278 3330 3333 geneseos
3359 3263 3649 3317 ambitum

2003 3350 2353 3423 perficiatur,
2387 3350 2486 3404 sed
2518 3348 2674 3404 idem
2708 3350 2881 3405 etiam
2924 3368 3076 3422 sepe
3119 3351 3316 3406 efficit.
3349 3355 3462 3406 Cur
3490 3351 3652 3406 insu-

2003 3458 2103 3512 per
2132 3443 2202 3496 ab
2225 3439 2390 3495 initio
2413 3439 2648 3510 quidem
2676 3456 2790 3494 non
2815 3446 3010 3496 essent
3031 3458 3156 3512 quae
3181 3442 3462 3512 producta
3485 3444 3647 3507 sunt,

2002 3531 2112 3586 nisi
2156 3548 2185 3585 e
2233 3535 2386 3584 terra
2443 3529 2690 3583 formata
2749 3529 3035 3584 fuissent:
3072 3535 3203 3601 post
3247 3541 3436 3586 autem
3496 3528 3649 3584 nihil

2003 3621 2209 3674 horum
2243 3634 2274 3672 θ
2303 3624 2455 3672 terra
2487 3619 2817 3686 germinare
2871 3621 3071 3687 possit,
3102 3619 3204 3673 sed
3243 3636 3344 3690 per
3375 3625 3642 3673 mutuam

2001 3710 2205 3764 debeat
2226 3706 2658 3762 successionem
2681 3708 3048 3762 conservari?
3065 3709 3174 3762 Aut
3197 3709 3487 3777 quomodo
3511 3722 3644 3761 cum

2005 3813 2134 3869 quae
2165 3796 2399 3866 prepria
2430 3795 2798 3866 maximeque
2848 3796 3175 3852 necessaria
3223 3800 3382 3862 sunt,
3417 3793 3647 3865 genesis

2008 3901 2124 3940 non
2153 3883 2362 3938 habeat
2382 3883 2521 3951 (vim
2552 3881 2711 3938 illam
2737 3888 2868 3952 puto
2892 3884 3177 3939 formandi
3199 3899 3229 3940 ο
3250 3889 3402 3939 terra
3431 3883 3653 3950 omnia)

2009 3971 2388 4029 conservandi
2422 3970 2690 4040 [tamen],
2725 3971 3080 4042 perficiendi.
3118 3977 3288 4044 atque
3318 3971 3660 4028 destruendi

2013 4065 2216 4133 potens
2247 4059 2364 4114 sit?
2384 4060 2670 4114 Praeterea
2690 4060 2740 4114 si
2761 4076 2830 4116 ex
2849 4067 3120 4117 accurata
3142 4062 3243 4117 illa
3274 4062 3425 4118 horae
3458 4060 3660 4130 cogni«

2015 4151 2189 4216 tione,
2210 4146 2462 4220 singulis
2480 4163 2604 4217 quae
2628 4148 2950 4219 gignuntur
2971 4155 3247 4205 eventura
3269 4151 3543 4218 referunt,
3569 4149 3667 4205 ho-

2021 4237 2182 4303 mini,
2216 4239 2482 4308 inquam,
2515 4241 2571 4292 et
2618 4237 2770 4302 bovi,
2803 4239 2894 4292 avi
2941 4243 3110 4310 atque
3161 4241 3312 4307 navi,
3344 4239 3473 4296 urbi
3526 4238 3664 4293 item

2021 4337 2071 4383 et
2104 4327 2326 4382 caeteris
2347 4325 2637 4394 omnibus,
2664 4343 2904 4397 quorum
2929 4329 3427 4399 praecognitionem
3455 4328 3671 4382 habere

2022 4433 2082 4473 se
2105 4425 2367 4472 asserunt
2389 4432 2402 4470 :
2423 4416 2526 4486 [at]
2551 4431 2662 4488 qua
2685 4416 2905 4472 ratione
2926 4433 3060 4472 cum
3090 4423 3275 4486 terrae,
3297 4419 3497 4483 maris,
3520 4417 3671 4472 aeris

2027 4507 2312 4581 geniturae
2343 4517 2602 4577 tempora
2632 4522 2746 4561 non
2774 4507 3061 4573 noverint,
3084 4506 3290 4563 horum
3316 4507 3670 4571 affectiones,

2032 4615 2098 4654 ac
2130 4595 2434 4661 motiones,
2467 4596 2935 4667 mutationesque
2972 4596 3318 4652 denuntiare
3350 4612 3411 4652 se
3443 4597 3681 4667 promit-

2033 4687 2213 4743 tunt?
2237 4684 2521 4757 quomodo
2551 4684 2685 4755 quis
2733 4685 2863 4740 istis
2909 4687 3124 4752 credat,
3163 4690 3266 4741 aut
3311 4702 3428 4757 qua
3459 4685 3679 4741 ratione

2035 4776 2474 4831 immoderatam
2497 4773 2760 4844 ipsorum
2781 4775 3178 4846 arrogantiam
3205 4791 3319 4830 non
3343 4777 3641 4830 aversetur
3657 4773 3685 4826 ?

2037 4879 2338 4936 nunquam
2353 4863 2509 4919 enim
2525 4861 2866 4934 singulatim
2881 4863 3412 4920 omniumexhibere
3425 4860 3686 4933 proprias

2040 4955 2340 5025 genituras
2373 4957 2663 5024 poterunt.
2699 4953 2765 5008 Et
2799 4969 2932 5009 vero
2981 4954 3159 5010 etiam
3210 4966 3580 5023 consequens
3605 4954 3696 5004 est

2043 5048 2127 5100 tot
2155 5060 2285 5100 esse
2311 5042 2710 5114 geniturarum
2740 5042 3118 5111 differentias,
3152 5051 3293 5112 quot
3324 5043 3461 5096 sunt
3490 5053 3691 5095 eorum

2045 5149 2172 5204 qua:
2220 5131 2620 5202 producuntur
2668 5145 2900 5201 genera.
2950 5129 3096 5186 Nam
3147 5130 3436 5202 quomodo
3487 5127 3693 5184 eadem

2046 5217 2320 5277 curriculi
2349 5218 2579 5289 genesis
2610 5233 2808 5274 canem
2843 5223 2901 5275 et
2923 5218 3150 5276 leonem
3185 5218 3487 5292 producat,
3511 5214 3700 5272 homi-

2050 5325 2183 5365 nem
2240 5310 2378 5365 item
2402 5313 2459 5365 et
2488 5323 2705 5380 equum
2739 5313 3038 5381 tantopere
3087 5309 3238 5368 inter
3268 5325 3330 5366 se
3361 5308 3703 5379 discrepan-

1647 5479 1888 5538 VARI/E
1929 5479 2338 5539 LECTIONES.

376 5625 424 5701 ξ’
455 5623 771 5701 εἱμαρμένη
941 5620 990 5701 ξθ
1031 5619 1323 5701 ὁπῇ-Εἰ)ςὶ
1349 5616 1504 5701 ἀπό..
1564 5619 1580 5653 ί
1607 5619 1881 5701 abadd.
1916 5624 1978 5674 Α.

283 5702 319 5741 ⁵
361 5697 408 5758 αἱ
440 5688 570 5756 add.
593 5688 672 5756 ’Ᾱ.
749 5688 772 5732 δ
801 5692 1091 5771 εἰργάσατο
1131 5688 1215 5768 ς’.
1289 5691 1310 5727 ⁷
1340 5688 1636 5768 ἀνθρώπων
1668 5691 1802 5748 add.
1831 5693 1898 5748 Α·

2077 5613 2636 5690 ²ούδὲνΔεούς.

2743 5618 2765 5653 ⁸
2793 5615 2962 5689 αὐτῆς
3179 5620 3203 5655 ⁸
3227 5615 3332 5672 ἀπὸ
3362 5621 3464 5686 τῆς
3493 5620 3598 5692 γῆς
3627 5612 3714 5692 ς’.
