4184 6212
437 387 551 446 847

1630 377 1893 439 ΡΗΟΤΙΙ
1941 375 2463 437 PATRIARCH/E
2505 379 2622 439 ΟΡ.

3717 378 3859 437 818

432 520 563 576 tes?
580 519 869 591 quomodo
889 517 1029 573 item
1051 514 1333 583 colorum,
1359 514 1696 585 figurarum,
1721 512 2070 585 qualitatum

2184 511 2329 567 ἀλλά
2359 514 2447 566 καὶ
2498 516 2679 587 φυτῶν
2728 513 2817 566 καὶ
2871 513 3111 587 βοτανῶν
3151 511 3242 564 καὶ
3292 509 3345 564 εἷ’
3370 531 3423 565 τι
3472 508 3615 565 ἄλλο
3658 510 3711 564 ὲν
3750 511 3857 565 κό-

430 609 675 665 varietas
696 610 791 678 sit,
813 605 919 662 nisi
942 606 1098 662 varia
1121 618 1351 676 quoque
1380 603 1609 674 genesis
1633 602 1755 658 haec
1777 602 1975 657 omnia
1994 604 2070 658 ef-

431 699 643 760 ﬁceret,
670 699 733 750 ut
751 694 913 749 aiunt
931 694 958 748 ?
978 693 1120 749 Cum
1144 708 1274 748 vero
1302 707 1417 747 non
1441 708 1557 747 una
1579 691 1653 748 sit
1670 690 1932 746 omnium
1957 690 2076 746 sive

426 785 595 852 actio,
615 784 737 840 sive
755 784 998 853 affectio,
1018 799 1132 838 non
1151 798 1440 854 equorum
1463 781 1729 836 omnium
1751 779 1839 835 vel
1872 796 2077 851 porco-

428 888 556 928 rum
578 873 785 928 eadem
803 870 1167 942 magnitudo,
1192 868 1790 940 celeritas,fortitudo,
1806 885 1934 935 vox,
1961 886 2073 924 non

428 977 613 1016 unum
643 961 817 1016 etiam
841 964 1137 1031 cogentur,
1159 967 1219 1015 ut
1241 963 1488 1027 constat,
1510 958 1791 1029 genitura:
1823 974 2077 1013 momen-

426 1057 553 1106 tum
585 1049 772 1118 fateri,
795 1051 894 1105 sed
918 1054 999 1105 tot
1031 1048 1221 1122 plane,
1246 1053 1388 1119 quot
1418 1052 1589 1103 erunt
1618 1063 1818 1102 eorum
1854 1063 1981 1117 quae
2004 1046 2074 1101 ab

429 1155 497 1196 ea
527 1140 904 1209 perficiuntur
951 1138 1309 1206 differentiae,
1344 1154 1459 1193 non
1489 1135 1853 1192 terrestrium
1905 1137 2073 1192 modo

428 1228 776 1284 animalium
828 1232 966 1298 puta
1010 1233 1067 1283 et
1105 1226 1447 1293 volantium,
1483 1229 1657 1296 atque
1704 1225 2069 1295 aquatilium,

428 1318 530 1375 sed
560 1325 616 1373 et
645 1318 1000 1390 plantarum,
1033 1320 1089 1371 et
1120 1316 1452 1386 herbarum,
1484 1320 1540 1371 et
1572 1315 1621 1370 si
1653 1315 1791 1386 quid
1826 1314 1982 1369 aliud
2013 1313 2072 1369 in

424 1412 581 1463 terra
610 1410 902 1462 nascatur.
922 1406 991 1460 Et
1012 1404 1663 1475 quomodoimmensam
1685 1405 1826 1457 adeo
1846 1408 1960 1458 tem
1972 1418 2073 1474 po-

424 1497 506 1551 ris
532 1498 964 1550 momentorum
993 1491 1424 1547 multitudinem
1448 1490 1737 1546 formant?
1757 1490 2071 1561 Nunquam

425 1598 567 1638 sane
589 1585 884 1655 poterunt,
909 1597 1023 1636 non
1046 1580 1096 1636 si
1119 1581 1318 1636 decem
1343 1579 1568 1635 dierum
1593 1578 1854 1634 millibus
1885 1594 2071 1633 annus

424 1672 571 1743 ipsis
619 1674 855 1728 constet.
891 1670 973 1725 Ita
1002 1686 1132 1726 vero
1165 1669 1414 1724 maxime
1446 1669 1650 1724 horum
1696 1667 2067 1723 mendacium

2181 622 2305 673 σμῳ
2356 600 2563 678 φύεται.
2609 601 2709 658 Καὶ
2760 606 2877 662 πῶς
2926 600 2987 655 ἂν
3034 603 3293 654 τοσοῦτον
3340 599 3561 673 ἄπειρον
3623 599 3857 668 πλῆθος

2181 695 2288 744 τῶν
2322 695 2524 765 καιρῶν
2577 689 3029 745 ἀναπλάσουσινθ
3063 709 3077 758 ;
3131 686 3258 742 ἀλλ’
3300 689 3409 766 οὐχ
3454 686 3691 759 ἕξουσιν,
3729 687 3858 743 οὐδ’

2182 778 2228 831 εἰ
2291 777 2547 850 μυριάδες
2597 783 2818 854 ἡμερῶν
2864 778 3047 840 αὐτοῖς
3095 779 3186 832 τὸν
3248 776 3489 832 ἐνιαυτὸν
3530 777 3849 853 ἐπλήρουν.

2182 867 2433 923 Μάλιστα
2488 867 2545 923 δὲ
2603 871 2778 924 αὐτῶν
2834 869 2894 923 τὸ
2946 864 3142 942 ψεῦδος
3189 867 3509 944 κατάφωρον
3548 868 3850 944 θγίνεται,

2182 957 2225 1011 εἰ
2269 958 2335 1012 τὰ
2377 963 2617 1033 συνεχῶς
2663 958 2911 1013 τίκτοντα
2963 957 3257 1027 σκοπήσειέ
3287 978 3389 1028 τις,
3434 958 3597 1019 κύνας
3629 957 3665 1026 ἢ
3711 960 3846 1032 χοί-

2182 1063 2308 1116 ρους
2357 1046 2392 1115 ἣ
2452 1044 2646 1120 ὄρνεις,
2692 1046 2781 1099 καὶ
2842 1045 2954 1119 οὐχ
3010 1043 3209 1113 ἥκιστα
3264 1046 3331 1098 τὰ
3377 1045 3843 1121 πολυγονώτατα.

2180 1132 2375 1207 Χοῖροι
2427 1134 2528 1206 γὰρ
2588 1133 2677 1187 καὶ
2734 1132 2919 1207 ἰχθύες
2975 1133 3064 1186 καὶ
3114 1133 3265 1193 κύνες
3321 1132 3509 1187 πολλά
3560 1136 3847 1196 τίκτοντες

2178 1222 2269 1275 τὸν
2292 1228 2391 1290 τῆς
2423 1224 2631 1295 ἡμέρας
2663 1220 3019 1276 ἀναλίσκουσι
3050 1222 3260 1296 καιρὸν,
3296 1222 3323 1275 ὁ
3355 1219 3401 1276 δ’
3436 1222 3617 1300 ἰχθὺς,
3654 1224 3843 1295 οἶμαι,

2179 1310 2268 1363 καὶ
2308 1309 2524 1373 πολλὰς
2574 1311 2806 1384 ἡμέρας,
2861 1319 2961 1380 τῆς
3001 1315 3106 1365 τῶν
3141 1310 3266 1365 ὠῶν
3315 1311 3566 1381 πληθύος
3607 1312 3660 1366 ἐν
3692 1313 3847 1384 τάξει

2180 1401 2565 1477 μορφουμένης
2617 1400 2691 1461 εἷς
2737 1397 3005 1473 μυριάδας
3071 1400 3276 1475 ἰχθύων
3335 1401 3470 1455 κατὰ
3541 1400 3704 1476 μέρος
3761 1422 3852 1454 τι-

2178 1488 2481 1561 κτομένων,
2531 1488 2583 1543 ἐν
2632 1491 2717 1551 αἷς
2764 1490 3053 1563 ἀμήχανον
3108 1489 3184 1561 μὴ
3226 1489 3468 1563 γενέσθαι
3516 1492 3695 1559 πτηνά
3726 1492 3762 1560 ἢ
3806 1491 3854 1527 ¹⁵

2180 1584 2411 1652 χερσαῖα
2441 1577 2491 1632 ἒν
2545 1578 2663 1651 ὅλῳ
2691 1601 2771 1650 τῳ
2819 1579 3045 1651 κὸσμτῳ
3076 1578 3111 1647 ἢ
3160 1581 3334 1649 νηκτά
3382 1580 3431 1634 ἐν
3476 1580 3582 1655 ὅλῃ
3634 1579 3851 1635 θαλάτ-

2176 1688 2242 1739 τῃ
2277 1672 2315 1704 ¹¹
2350 1667 2441 1721 καὶ
2473 1672 2746 1740 ποταμοῖς
2774 1668 2865 1721 καὶ
2906 1666 3154 1740 λίμναις.

426 1761 834 1834 prosternitur,
868 1758 914 1814 si
947 1757 1079 1829 quis
1110 1758 1387 1814 animalia
1418 1758 1749 1828 frequenter
1781 1755 2065 1826 perientia
2095 1758 2448 1825 considerat,
2482 1763 2545 1813 ut
2575 1774 2771 1823 canes,
2807 1774 3033 1829 porcos,
3065 1758 3335 1829 gallinas,
3372 1763 3430 1814 et
3458 1759 3850 1829 potissimum

427 1869 559 1922 quae
585 1853 700 1923 iam
732 1850 1017 1922 plurimos
1046 1847 1224 1904 simul
1254 1846 1501 1919 gignunt
1534 1847 1726 1902 fcetus.
1761 1845 1907 1900 Nam
1957 1845 2135 1916 porci,
2166 1848 2376 1918 pisces,
2409 1864 2605 1916 canes,
2640 1846 2841 1903 multis
2889 1848 3186 1917 pariendis
3235 1849 3408 1904 etiam
3458 1848 3573 1903 diei
3624 1849 3847 1921 integri

426 1944 681 2014 spatium
732 1941 1074 1996 absumunt.
1116 1939 1186 1993 Et
1242 1954 1374 1993 vero
1434 1936 1611 2007 piscis
1667 1937 1972 2006 (quantum
2012 1952 2116 2007 ego
2160 1936 2320 2009 puto)
2381 1936 2595 1993 multos
2649 1954 2872 2008 quoque
2931 1938 3074 2005 dies,
3109 1954 3175 1993 eo
3229 1939 3381 2010 quod
3437 1955 3678 1995 ovorum
3739 1940 3851 1995 illa

424 2030 739 2087 multitudo
801 2029 989 2086 2|3b
1034 2029 1093 2084 in
1154 2026 1448 2099 myriadas
1506 2025 1756 2096 piscium
1788 2040 1856 2079 ex
1886 2025 2088 2079 ordine
2146 2026 2621 2095 transformetur,
2653 2026 2754 2097 qui
2785 2027 2993 2081 deinde
3051 2026 3272 2098 singuli
3332 2026 3656 2098 pariuntur.
3690 2029 3851 2094 Qui-

425 2123 539 2177 bus
598 2119 830 2191 quidem
891 2118 1097 2173 diebus
1154 2116 1279 2171 ﬁeri
1340 2114 1503 2170 nullo
1540 2113 1715 2170 modo
1754 2117 1963 2185 potest,
2011 2114 2153 2185 quin
2186 2114 2439 2171 volatilia
2470 2115 2558 2171 vel
2590 2116 2891 2171 terrestria
2922 2116 2981 2171 in
3013 2120 3132 2171 toto
3165 2116 3407 2182 mundo,
3449 2120 3535 2172 vel
3575 2117 3854 2173 natatilia

424 2214 483 2269 in
515 2215 635 2268 toto
660 2208 801 2266 mari
833 2216 889 2264 et
922 2207 1117 2263 fluviis
1148 2211 1205 2262 et
1237 2204 1460 2277 stagnis
1489 2204 1829 2276 gignantur.

495 2302 708 2357 Verum
740 2298 877 2353 hinc
924 2297 1124 2362 etiam,
1157 2295 1310 2366 quod
1362 2293 1508 2362 volo,
1542 2293 1758 2349 certius
1789 2292 1919 2363 quis
1950 2292 2070 2349 dis-
2104 2297 2151 2361 B

426 2396 551 2448 cat:
585 2389 816 2460 quando
867 2403 964 2443 ver
1010 2386 1156 2442 bene
1207 2386 1593 2455 temperatum
1625 2382 1851 2454 incipit,
1883 2382 2075 2437 omnis

427 2482 598 2537 ﬂoret
637 2479 817 2534 herba
847 2480 905 2531 et
934 2474 1206 2547 parturit,
1240 2472 1551 2543 omnisque
1595 2471 1890 2543 lignorum
1941 2486 2073 2542 spe-

427 2570 566 2637 cies,
592 2567 693 2624 sed
720 2570 777 2623 et
799 2564 985 2621 multa
1006 2564 1123 2619 sive
1144 2561 1486 2631 volucrium,
1511 2561 1632 2617 sive
1660 2560 2074 2629 animantium,

428 2660 546 2715 sive
597 2656 848 2730 piscium
919 2668 1128 2727 genera
1186 2651 1356 2707 misla
1408 2650 1656 2706 invicem
1714 2649 2073 2720 concipiunt.

431 2748 669 2806 Inﬁnita
717 2760 950 2817 quoque
1001 2740 1380 2814 [plantarum]
1415 2756 1629 2812 genera
1678 2741 1882 2795 eodem
1927 2744 2076 2793 tem-

430 2854 569 2911 pore
620 2837 868 2908 perfecta
918 2834 1109 2889 ferunt
1154 2832 1395 2899 semina,
1426 2830 1790 2900 infinitaeque
1840 2829 2076 2884 arbores

432 2944 572 2985 suos
602 2927 850 2991 fructus,
885 2938 997 2979 non
1031 2938 1146 2977 uno
1178 2921 1414 2991 quidem
1450 2923 1763 2986 momento,
1799 2919 1897 2974 sed
1931 2917 2076 2973 mul-

433 3018 507 3073 tis
539 3016 762 3080 diebus,
788 3014 930 3068 dum
954 3012 1012 3066 in
1036 3011 1236 3066 eadem
1269 3008 1468 3081 planta
1487 3008 1581 3063 alii
1614 3008 1937 3063 etiamnum
1971 3010 2077 3062 flo-

432 3112 579 3168 rent,
614 3103 711 3158 alii
742 3105 1030 3165 crescunt,
1073 3098 1168 3154 alii
1202 3103 1622 3153 maturescunt.
1655 3096 1771 3151 Nec
1814 3095 2080 3151 dissimi—

430 3194 503 3249 lis
526 3198 612 3249 est
637 3194 696 3247 in
727 3188 1081 3247 animalibus
1113 3187 1407 3254 omnibus,
1429 3189 1631 3255 partus
1654 3190 2079 3255 conceptusque

431 3280 726 3354 proportio
753 3296 766 3333 :
802 3295 927 3348 quas
958 3277 1111 3332 idem
1144 3276 1385 3331 omnino
1412 3274 1691 3343 geniturae.
1720 3278 2076 3329 momentum

430 3373 644 3428 habere
675 3368 839 3425 nullo
892 3368 1062 3423 modo
1109 3369 1375 3437 possunt.
1406 3364 1569 3419 Adde
1617 3364 1773 3434 quod
1818 3362 1932 3419 alia
1979 3379 2081 3434 per

428 3476 650 3517 annum
706 3459 1002 3529 integrum
1052 3457 1231 3511 fetum
1289 3463 1448 3510 utero
1506 3457 1753 3524 gestant,
1808 3453 2074 3523 quaedam

431 3549 732 3605 mensibus
786 3547 1007 3611 decem,
1065 3544 1331 3615 quaedam
1394 3542 1602 3598 diebus
1668 3542 2073 3612 quadraginta,

2252 2300 2371 2347 Ἔτι
2424 2288 2481 2346 δὲ
2526 2287 2906 2365 ἀκριϐέστερον
2937 2292 2997 2347 ἄν
3056 2315 3139 2356 τις
3188 2292 3425 2349 ἐντεῦθεν
3477 2295 3505 2348 ’ὁ
3552 2294 3700 2367 λέγω
3739 2318 3851 2352 κα-

2180 2383 2417 2452 ταμάθοι
2449 2398 2462 2411 ⁸
2515 2381 2705 2438 ἹΙνίκα
2728 2381 2790 2435 τὸ
2841 2380 2933 2457 ἔαρ
2985 2379 3243 2454 εὔκρατον
3292 2381 3509 2455 ἐπιστῇ,
3542 2388 3687 2438 πᾶσα
3742 2388 3845 2460 μὲν

2185 2471 2335 2525 ἀνθεῖ
2385 2471 2586 2544 βοτάνη
2638 2470 2727 2524 καὶ
2770 2476 3050 2545 κυοφορεῖ,
3111 2477 3253 2525 πᾶσα
3312 2470 3369 2526 δὲ
3425 2470 3602 2541 ξύλων
3653 2475 3847 2550 φύσις,

2184 2557 2370 2613 πολλὰ
2428 2555 2485 2612 δὲ
2522 2579 2625 2612 πττ
2672 2564 2697 2573 ”
2869 2559 2881 2575 ¹
3120 2559 3133 2596 ί
3268 2580 3280 2590 ·
3342 2559 3356 2577 “
3421 2559 3436 2579 ⁵
3513 2558 3544 2613 λ

2619 2579 2739 2627 ,νων
2793 2579 2885 2613 και
2939 2579 3214 2636 χερσα.ων
3271 2581 3357 2614 και
3418 2581 3507 2614 ενα
3556 2559 3651 2615 ίων
3708 2563 3847 2635 γένη

2188 2648 2495 2723 μιγνύμενα
2532 2646 2669 2705 κύει.
2702 2648 2808 2702 Καὶ
2861 2650 3029 2720 μυρία
3063 2650 3156 2719 μὲν
3196 2649 3323 2723 γένη
3374 2649 3509 2704 κατά
3550 2652 3640 2705 τὸν
3675 2648 3845 2706 αὺτὸν

2188 2738 2372 2812 καιρὸν
2426 2736 2745 2813 τελεσφορεῖ
2794 2737 2861 2791 τὰ
2913 2736 3220 2813 σπέρματα,
3254 2740 3419 2813 μυρία
3477 2736 3533 2793 δὲ
3587 2744 3693 2794 τῶν
3755 2742 3851 2811 ξύ-

2187 2824 2298 2881 λων
2328 2828 2457 2881 τοὺς
2487 2826 2749 2898 καρποὺς,
2784 2826 2883 2880 οὐκ
2912 2824 2965 2881 ἐν
3000 2832 3099 2899 μιᾷ
3131 2826 3298 2902 ῥοπῇ,
3323 2825 3449 2883 ἀλλ’
3480 2827 3530 2882 ἐν
3559 2829 3853 2892 πλείσταις

2186 2918 2440 2991 ἡμέραις,
2499 2917 2711 2988 τῶνμὲν
2762 2914 3062 2971 ἀνθούντων
3106 2914 3182 2971 ἔτι
3227 2917 3278 2971 ἐν
3339 2922 3418 2989 τῷ
3465 2918 3612 2991 αὖτῴ
3660 2926 3850 2994 φυτῷ,

2188 3004 2381 3078 ἑτέρων
2458 3003 2514 3059 δέ
2592 3005 2898 3078 αὐξομένων
2974 3006 3061 3060 καὶ
3139 3004 3327 3061 ἄλλων
3395 3009 3847 3080 πεπαινομένων.

2188 3098 2313 3168 [(577
2345 3097 2434 3167 IL]
2493 3100 2557 3150 Ἡ
2619 3095 2752 3164 αὐτὴ
2809 3092 2856 3149 δ’
2916 3095 3180 3172 ἀναλογία
3237 3102 3333 3151 τοῦ
3371 3099 3537 3153 τόκου
3592 3101 3677 3154 καὶ
3735 3108 3851 3171 τῆς

2185 3186 2430 3255 κυήσεως
2460 3186 2548 3239 καὶ
2602 3183 2689 3238 ἐπὶ
2720 3190 2827 3239 τῶν
2877 3186 3033 3253 ζώων
3084 3187 3320 3255 πάντων,
3353 3188 3429 3242 ὧν
3475 3188 3582 3263 οὐχ
3613 3190 3731 3243 οἶόν
3780 3212 3849 3245 τε

2185 3276 2283 3343 τὴν
2319 3273 2487 3343 αὐτὴν
2517 3280 2617 3343 τῆς
2660 3273 2916 3347 γενέσεως
2949 3270 3094 3349 ἔχειν
3147 3276 3342 3348 ῥοπήν.
3377 3278 3491 3331 Ἔτι
3535 3276 3591 3332 δὲ
3638 3280 3705 3333 τὰ
3740 3280 3844 3352 μὲν

2188 3362 2427 3418 ἐνιαυτὸν
2459 3370 2738 3440 κυοφορεῖ,
2769 3364 2835 3417 τὰ
2881 3361 2936 3418 δὲ
2979 3371 3154 3437 μῆνας
3208 3366 3260 3431 ι’,
3291 3365 3356 3419 τὰ
3406 3363 3459 3419 δὲ
3500 3368 3709 3441 ἡμέρας
3761 3370 3845 3440 μ’,

2184 3452 2274 3506 καὶ
2310 3452 2474 3526 μυρία
2504 3451 2650 3522 ἄλλη
2705 3450 2956 3530 διαφορά.
2993 3459 3156 3515 [Ιοῖος
3209 3453 3303 3508 οὖν
3333 3453 3505 3529 ἀστὴρ
3551 3456 3628 3517 εἰς
3680 3463 3845 3513 ποῖον

2187 3538 2383 3610 ζῴδιον
2435 3542 2614 3595 εἰσιὼν
2678 3541 3091 3615 μεμετρημένον
3146 3545 3397 3616 [351H.J
3446 3545 3653 3617 ἑκάστῳ
3698 3544 3845 3620 γένει

432 3642 661 3713 aliaque
690 3640 751 3696 in
783 3638 874 3693 his
906 3637 1159 3708 plurima
1198 3635 1481 3704 reperitur
1524 3633 1867 3689 differentia.
1896 3633 2071 3697 Quale

2185 3634 2275 3687 τὸν
2324 3641 2423 3703 τῆς
2474 3634 2769 3713 κυοφορίας
2813 3633 3057 3709 ἀφορίζει
3110 3634 3344 3713 χρόνον;
3380 3633 3467 3689 διὰ
3514 3638 3567 3691 τί
3622 3635 3677 3691 δὲ
3724 3643 3841 3693 τῶν

428 3732 605 3804 igitur
635 3736 856 3786 astrum
886 3726 946 3781 in
978 3724 1149 3797 quale
1179 3725 1414 3795 signum
1464 3722 1799 3795 ingrediens
1847 3723 2073 3778 dimen-

429 3837 559 3877 sum
619 3817 930 3887 unicuique
986 3815 1179 3885 generi
1230 3814 1410 3869 fetum
1466 3812 1685 3869 ferendi
1714 3816 1945 3883 tempus
1974 3813 2070 3867 de-

426 3907 749 3966 terminat?
779 3907 892 3961 Cur
923 3910 1139 3971 autem,
1174 3920 1308 3959 cum
1349 3903 1739 3959 animantium
1772 3900 1831 3956 in
1864 3917 2071 3972 genere

424 4001 554 4055 vitae
586 4001 821 4069 tempus
852 3995 1075 4066 aequale
1108 4010 1222 4049 non
1264 3993 1359 4057 sit,
1392 3990 1673 4063 aequalem
1723 3996 1920 4047 tamen
1970 3990 2071 4046 illa

424 4090 575 4145 uteri
623 4086 1006 4160 gestationem
1057 4084 1320 4139 habent?
1350 4082 1558 4138 Dicant
1600 4082 1799 4154 igitur,
1833 4099 1901 4136 an
1951 4082 2069 4137 haec

425 4178 598 4232 etiam
624 4192 656 4230 a
678 4174 877 4247 genesi
902 4171 1367 4244 proficiscantur,
1387 4174 1452 4225 ut
1476 4171 1662 4240 magis
1695 4169 2066 4227 irrideantur.

422 4266 523 4321 Sin
554 4282 657 4338 per
698 4264 995 4320 silentium
1036 4261 1288 4316 dedecus
1330 4276 1505 4314 suum
1558 4258 1884 4314 declinent:
1918 4275 2070 4330 quo-

424 4355 595 4410 modo
644 4352 864 4422 aliquid
916 4351 1043 4407 sine
1089 4349 1285 4421 genesi
1319 4349 1440 4404 fieri
1472 4350 1733 4420 negant?
1762 4348 1957 4420 Neque
1984 4351 2068 4404 ta-

426 4459 560 4499 men
604 4441 699 4498 hic
744 4442 965 4495 fetuum
1025 4438 1381 4494 differentias
1432 4437 1641 4494 affero:
1678 4454 1925 4509 quorum
1967 4438 2063 4492 alii

423 4533 783 4604 genitoribus
832 4531 1053 4586 similes
1097 4534 1260 4597 sunt,
1305 4535 1368 4584 ut
1416 4529 1706 4593 homines,
1746 4528 1903 4599 equi,
1950 4530 2061 4583 leo-

422 4638 565 4689 nes;
600 4620 699 4676 alii
742 4636 858 4675 non
906 4619 1068 4687 item,
1107 4624 1169 4673 ut
1200 4635 1370 4687 ursae,
1402 4634 1609 4688 vespae,
1642 4631 1798 4687 apes,
1830 4622 1886 4671 et
1915 4633 2067 4687 quae-

420 4725 645 4782 cunque
676 4726 743 4764 ex
773 4708 897 4766 ovis
930 4708 1234 4779 prodeunt.
1270 4708 1407 4762 Pars
1452 4721 1686 4760 rursum
1731 4704 1857 4761 sine
1908 4706 2059 4761 coitu

417 4802 787 4874 generantur,
822 4814 957 4870 pars
1005 4798 1221 4868 absque
1268 4812 1333 4851 eo
1385 4810 1773 4865 nequaquam.
1817 4796 1883 4850 Et
1928 4796 2062 4865 quis

415 4892 778 4956 innumeras,
829 4904 953 4957 quae
1003 4887 1064 4942 in
1124 4886 1213 4941 his
1275 4884 1660 4955 reperiuntur,
1712 4883 2063 4941 differentias

414 4977 859 5042 enumeraverit,
886 4993 999 5033 non
1022 4975 1410 5031 animantium
1437 4974 1631 5039 modo,
1655 4990 1851 5028 verum
1885 4974 2058 5029 etiam

413 5069 682 5141 stirpium
716 5072 772 5124 et
802 5066 1140 5134 herbarum,
1170 5064 1532 5134 aliorumque
1563 5062 1845 5118 similium
1866 5062 1893 5117 ?
1923 5079 2064 5134 quo-

413 5176 543 5213 rum
586 5157 851 5213 omnium
903 5172 1107 5212 causas
1151 5154 1223 5209 ab
1257 5152 1345 5209 his
1381 5154 1480 5209 fati
1526 5152 1862 5209 auctoribus
1904 5171 2060 5225 ques-

413 5248 785 5316 rerejustum
810 5250 935 5301 est:
961 5244 1253 5315 siquidem
1277 5242 1472 5299 omnia
1493 5242 1822 5297 secundum
1854 5241 2059 5298 horum

411 5334 766 5390 sententiam
797 5351 867 5390 ex
895 5334 1089 5405 genesi
1122 5333 1400 5405 pendent,
1424 5339 1478 5387 et
1499 5332 1653 5403 quod
1677 5331 1980 5399 exsistant,
2004 5340 2060 5388 et

412 5424 624 5482 modus
647 5438 757 5495 quo
780 5422 1091 5490 exsistunt,
1106 5426 1162 5477 et
1178 5421 1392 5493 gestari
1411 5425 1596 5488 utero,
1614 5428 1667 5477 et
1685 5421 1799 5491 pati
1821 5426 1877 5477 et
1892 5436 2059 5493 agere

2180 3724 2314 3777 κατὰ
2328 3724 2390 3777 τὸ
2422 3724 2577 3799 γένος
2602 3724 2756 3792 ζώων
2787 3724 2814 3778 ὁ
2834 3730 2935 3792 τῆς
2970 3727 3119 3792 ζωῆς
3145 3724 3341 3799 χρόνος
3373 3725 3471 3779 οὐκ
3495 3724 3609 3788 ἴσος
3634 3725 3711 3781 ὢν
3734 3730 3841 3797 τὴν

2177 3812 2369 3883 κύησιν
2394 3812 2523 3883 ’ἶσην
2557 3809 2671 3889 ἔχει
2700 3840 2714 3883 ;
2750 3815 2812 3870 Εἰ
2845 3814 2938 3887 μὲν
2979 3812 3069 3868 οὖν
3099 3814 3189 3868 καί
3220 3819 3386 3871 ταῦτα
3417 3816 3522 3870 ἀπὸ
3552 3818 3839 3891 γενέσεως,

2179 3902 2508 3979 λεγέτωσαν,
2561 3900 2655 3957 ’ίνα
2702 3902 2868 3958 πλέον
2919 3902 3204 3982 ὁφλήσωσι
3261 3905 3353 3959 τὸν
3387 3907 3431 3939 ¹²
3475 3905 3691 3980 γέλωτα
3725 3927 3737 3939 ⁸
3787 3910 3840 3963 εἰ

2180 3990 2236 4047 δὲ
2268 3996 2392 4067 σιγῇ
2435 3995 2534 4061 τὴν
2587 3992 2851 4067 αἰσχύνην
2904 3992 3285 4060 ἀποκλίνουσι,
3334 3999 3450 4055 πῶς
3501 3993 3663 4050 οὐδὲν
3714 3996 3839 4053 ἄνευ

2176 4083 2429 4156 γενέσεως
2462 4081 2597 4135 εἶναι
2648 4080 2905 4154 λέγουσι;
2958 4082 3056 4136 Καὶ
3100 4079 3252 4136 οὔπω
3302 4082 3449 4156 λέγω
3496 4085 3592 4146 τὰς
3645 4083 3835 4162 διαφο-

2180 4174 2273 4245 ρὰς
2298 4176 2403 4225 τῶν
2435 4172 2794 4243 τικτομένων.
2822 4171 2895 4225 Τὰ
2947 4172 3041 4244 μὲν
3080 4172 3184 4246 γὰρ
3217 4171 3384 4243 ὅμοια
3430 4178 3537 4227 τῶν
3588 4177 3835 4250 γεννῶν-

2174 4281 2282 4315 των
2323 4260 2487 4329 ἐστὶν,
2529 4261 2603 4321 ὡς
2654 4258 2930 4335 ἄνθρωποι
2980 4263 3069 4315 καὶ
3113 4259 3279 4315 ’ίπποι
3336 4261 3425 4315 καὶ
3480 4262 3717 4335 λέοντες,
3767 4265 3837 4320 τὰ

2177 4348 2233 4405 δὲ
2266 4351 2373 4425 οὐχ
2421 4349 2617 4417 οὕτως,
2668 4350 2742 4411 ὡς
2791 4348 2978 4425 ἄρκτοι
3037 4350 3126 4406 καὶ
3181 4358 3381 4428 σφῆκες
3427 4353 3519 4406 καὶ
3580 4354 3836 4426 μέλιτται

2174 4440 2265 4494 καὶ
2298 4441 2395 4494 ὅσα
2427 4436 2515 4493 διὰ
2563 4445 2670 4493 τῶν
2705 4438 2827 4493 ὠῶν
2879 4441 3114 4516 πρὁεισι.
3150 4442 3244 4495 Καὶ
3279 4441 3398 4495 τίνα
3452 4443 3545 4514 μὲν
3577 4443 3665 4496 καὶ
3700 4441 3835 4517 δίχα

2178 4529 2375 4602 μίξεως
2438 4528 2695 4597 τίκτεται,
2751 4530 2873 4583 τινᾶ
2931 4527 2985 4583 δὲ
3040 4531 3217 4605 χωρὶς
3285 4531 3489 4600 ταύτης
3547 4530 3830 4594 οὐδαμῶς,

2173 4619 2277 4674 Καὶ
2316 4619 2397 4679 τίς
2449 4617 2510 4672 ’ἀν
2562 4619 2964 4693 ἀπαριθμήσειε
3012 4620 3108 4682 τὰς
3159 4619 3213 4675 ἐν
3260 4621 3479 4680 τούτοις
3526 4621 3836 4694 ἀναριθμή-

2172 4728 2299 4769 τους
2331 4706 2611 4785 διαφορὰς,
2646 4709 2705 4763 ού
2755 4713 2860 4763 τῶν
2896 4711 3049 4778 ζώων
3098 4710 3287 4781 μόνον,
3320 4712 3463 4765 ἀλλὰ
3507 4711 3594 4764 καὶ
3638 4717 3827 4789 φυτῶν

2170 4797 2258 4851 καὶ
2322 4800 2560 4871 βοτανῶν
2632 4798 2721 4851 καὶ
2776 4802 2883 4852 τῶν
2940 4797 3377 4873 παραπλησίων;
3439 4800 3509 4853 ὧν
3573 4798 3828 4856 ἁπάντων

2172 4886 2265 4947 τὰς
2296 4886 2472 4947 αἰτίας
2530 4888 2676 4960 παρὰ
2734 4891 2842 4942 τῶν
2873 4895 2971 4956 τῆς
3032 4888 3368 4962 εἱμαρμένης
3426 4888 3676 4962 πατέρων
3736 4897 3827 4961 ζη-

2172 4980 2281 5030 τεῖν
2314 4973 2542 5043 δίκαιον,
2585 4974 2734 5049 ε’ίπερ
2784 4976 2956 5030 πάντα
3003 4984 3102 5046 τῆς
3150 4976 3410 5053 γενέσεως
3455 4981 3575 5032 κατ’
3630 4979 3821 5042 αὐτοὺς

2171 5064 2427 5138 ἤρτηται,
2453 5064 2544 5118 καὶ
2574 5066 2635 5118 τὸ
2685 5064 2819 5119 εἶναι
2848 5065 2939 5119 καὶ
2966 5066 2993 5119 ὁ
3040 5070 3137 5120 τοῦ
3188 5067 3323 5121 εἶναι
3365 5068 3592 5139 τρόπος,
3628 5089 3821 5145 κυοφοο

2171 5154 2378 5225 ρεῖσθοιί
2421 5175 2478 5208 τε
2534 5154 2623 5207 καὶ
2674 5154 2904 5229 πάσχειν
2962 5155 3049 5209 καὶ
3108 5152 3235 5227 δρᾷν
3290 5155 3379 5209 καί
3438 5156 3821 5228 ἀποθνήσκειν.

2170 5246 2237 5298 Ἦ
2277 5245 2413 5299 κατὰ
2455 5248 2562 5298 τῶν
2614 5242 2817 5299 ἀθλίων
2881 5245 3181 5317 ἀνθρώπων
3235 5246 3421 5306 αὐτοῖς
3468 5246 3632 5320 μόνον
3661 5248 3821 5321 ἠκριο

2168 5328 2457 5405 ϐολογήθη
2490 5333 2557 5386 τὰ
2587 5336 2685 5397 τῆς
2726 5336 3002 5409 γενέσεως,
3031 5331 3119 5387 ’ίνα
3151 5336 3213 5388 τὸ
3260 5333 3476 5389 πάντων
3528 5334 3824 5391 κάλλιστον

2166 5427 2273 5475 τῶν
2309 5422 2353 5456 1³
2384 5421 2435 5475 ἐν
2484 5424 2619 5494 ἡμῖν
2648 5421 2711 5477 τὸ
2762 5421 3075 5497 αὐθαίρετον
3124 5423 3390 5499 ἀγνοηθῇ,
3425 5424 3515 5479 καὶ
3561 5426 3691 5489 Θεὸς
3744 5427 3823 5500 μή

1764 5518 2010 5573 VARl/E
2053 5519 2465 5576 LECTIONES.

475 5612 501 5649 ⁸
527 5608 964 5683 ἀναπλάσσο-υσιν
1178 5611 1206 5683 ,9
1226 5608 1542 5683 κατάφορον
1578 5607 1639 5680 ς

407 5685 455 5724 ³³
479 5682 691 5741 πάντων
724 5676 1035 5737 κάλλιστον
1057 5682 1192 5755 τῶν]
1225 5681 1357 5737 libri
1386 5676 1488 5733 πᾶν
1522 5676 1627 5733 τῶν
1665 5676 1997 5737 καλλίστων.

1765 5608 1809 5643 ¹⁰
1838 5607 1872 5675 ἢ
1903 5626 2013 5665 om.
2047 5611 2113 5665 A.

2218 5608 2260 5646 “
2292 5607 2537 5685 θαλάσσῃ
2768 5610 2813 5649 ¹²
2842 5611 2955 5686 [τὸν
2989 5615 3044 5670 et
3074 5612 3212 5671 infr.
3253 5611 3344 5668 καὶ
3388 5617 3522 5688 post
3577 5609 3703 5687 μέλ.
3750 5616 3815 5671 Α.
