4116 6224
229 343 349 404 849

1307 340 1850 404 BlBLIOTHECA.
1899 373 1975 388 —
2029 343 2200 408 COD.
2249 345 2559 410 CCXXIII.

3528 363 3649 425 850

231 497 615 575 εὐχαριστηθῇ
647 497 735 557 οἷς
764 495 826 550 τὸ
861 493 1016 570 γένος
1047 494 1435 572 εύηργέτησεν;
1468 501 1586 558 πῶς
1630 492 1686 550 δὲ
1724 494 1880 550 πάλιι

1999 485 2056 537 et
2092 483 2256 539 mori.
2291 486 2372 540 An
2403 486 2549 544 forte
2579 489 2863 548 adversus
2893 492 3140 551 miseros
3171 497 3447 555 mortales
3493 500 3646 558 dun-

228 589 264 656 ἡ
297 587 505 661 γένεσις
553 585 814 661 ἀκαίρους
868 586 963 658 μὲν
1004 587 1316 657 προσθήκας
1367 583 1582 651 δίδωσι,
1628 587 1889 657 τετρακέ-

231 675 381 756 φαλα
434 677 551 731 κατ’
609 676 803 737 αὐτοὺς
859 674 1204 730 ἀποτελοῦσα
1260 675 1349 730 καὶ
1410 679 1603 749 χεῖρας
1661 673 1888 734 πλείους

231 767 323 821 καὶ
356 765 530 828 πόδας
573 770 678 820 τῶν
727 766 862 820 κατά
902 765 1082 844 φύσιν,
1131 770 1250 826 τοῖς
1301 761 1359 819 δὲ
1408 764 1654 837 ἑρπετοῖς
1686 765 1751 818 οὐ
1804 760 1886 817 δί-

234 851 372 910 δωσι
403 851 596 925 πόδας,
629 853 683 907 οἳ
738 852 1056 926 παρέξουσιν
1095 851 1280 913 αὐτοῖς
1337 853 1399 906 τὸ
1451 851 1500 906 ἐν
1559 853 1628 923 τῇ
1680 847 1890 923 βαδίσει

235 945 544 1018 χρήσιμον,
578 943 682 997 οὐκ
729 940 1052 1018 ὀφθαλμοὺς
1104 946 1220 1003 τοῖς
1269 937 1588 1018 ἀσφάλαξιν,
1641 936 1757 992 οὐδ’
1802 936 1896 992 ἅλ-

237 1035 358 1095 λοις
390 1034 465 1088 ὧν
498 1030 706 1088 δέονται
734 1054 746 1102 ;
780 1033 896 1088 εἶτα
928 1036 1024 1106 ζῇν
1071 1033 1164 1105 μὲν
1198 1035 1280 1093 οἷς
1309 1031 1405 1093 τὰς
1437 1029 1691 1102 ἀκαίρους
1719 1049 1893 1104 προσ-

237 1125 409 1193 θήκας
458 1118 656 1177 ἔδωκεν
703 1122 803 1178 οὐκ
851 1122 910 1193 ἐᾷ
962 1121 1159 1194 (πάντα
1214 1123 1318 1196 γὰρ
1376 1115 1654 1197 βραχύϐια
1695 1119 1758 1173 τὰ
1802 1140 1892 1173 τε-

233 1208 603 1289 ρατόμορφα),
651 1213 738 1266 καὶ
809 1215 878 1285 τῇ
936 1212 1223 1285 προσθήκῃ
1283 1212 1383 1280 τήν
1445 1209 1582 1280 ὅλην
1642 1209 1889 1286 ἀφανίζει

228 1301 394 1374 φύσιν
432 1320 446 1332 ⁸
483 1301 554 1354 ὧν
585 1298 641 1355 δὲ
669 1300 736 1355 τὰ
781 1301 916 1355 κατὰ
950 1299 1108 1376 φύσιν
1157 1299 1370 1377 ἀφεῖλε,
1407 1304 1599 1373 χεῖρας
1630 1299 1664 1369 ἢ
1716 1294 1889 1359 πόδας

226 1391 264 1458 ἣ
296 1388 638 1466 δφθαλμοὺς,
669 1392 836 1444 ταῦτα
887 1391 981 1463 ζῇν
1016 1387 1097 1460 ἐᾷ,
1135 1389 1236 1457 τὴν
1271 1388 1592 1461 σωματικὴν
1642 1388 1891 1461 πήρωσιν

225 1478 658 1552 ἀπαραμύθητον
707 1474 924 1553 ἔχοντα’
960 1475 1021 1533 Εἰ
1071 1477 1162 1550 μὲν
1215 1475 1309 1531 οῦν
1357 1497 1440 1539 τις
1496 1477 1571 1539 εἰς
1621 1473 1886 1549 εἱμαρμέ-

225 1589 326 1638 νην
378 1565 630 1644 ἀναφέρει
679 1571 865 1638 ταῦτα,
899 1564 1060 1628 αὐτὸς
1102 1567 1149 1601 Η
1195 1567 1287 1620 σὺν
1325 1565 1460 1639 αὐτῇ
1508 1572 1608 1634 τῆς
1661 1563 1887 1625 ἀτοπίας

227 1657 256 1712 ὁ
316 1655 497 1719 αἴτιος
531 1675 545 1689 °
607 1656 653 1712 si
697 1654 752 1711 δὲ
801 1659 900 1721 τῆς
944 1654 1154 1733 φύσεως
1209 1652 1319 1710 οἶδε
1377 1655 1439 1709 τὸ
1480 1651 1886 1727 διαμαρτάνειν,

228 1744 436 1822 ἐξαιρεῖ
480 1746 543 1801 τὸ
601 1750 755 1801 Θεῖον
792 1751 892 1815 τῆς
951 1745 1310 1820 κατηγορίας.
1345 1750 1544 1818 Ὠσπερ
1585 1743 1685 1818 γὰρ
1743 1742 1885 1816 αὐτῇ

227 1837 449 1911 τρέχειν
510 1835 744 1898 οἰκείους
791 1834 995 1908 νόμους
1055 1832 1330 1910 διώρισεν,
1364 1833 1506 1888 οὕτω
1554 1834 1644 1887 καὶ
1684 1831 1883 1903 θνητὴν

227 1927 583 2000 συνεχώρησε
641 1924 778 1980 κατά
832 1946 956 1980 τινα
996 1924 1338 2001 συμφέροντα
1390 1921 1578 1997 λόγον.
1621 1922 1766 1992 Αὕτη
1829 1919 1886 1976 δὲ

226 2017 482 2084 σώζουσα
524 2015 619 2087 μὲν
667 2014 733 2070 τὰ
765 2013 944 2070 οἰκεῖα
1008 2014 1176 2088 μέτρα
1225 2010 1376 2067 οὐδὲν
1422 2008 1748 2086 ὑϐρισμένον
1791 2011 1885 2087 φέ-

230 2126 334 2179 ρει,
369 2101 683 2178 ἐξοκείλασα
719 2105 764 2142 ⁸⁵
813 2101 870 2158 δὲ
900 2104 1037 2178 πρὸς
1087 2102 1351 2176 ἀμετρίας
1384 2101 1419 2170 ἢ
1471 2098 1675 2162 ἐνδείας
1706 2102 1740 2171 ἢ
1787 2102 1886 2182 φό-

225 2189 363 2259 ϐους
418 2193 455 2264 ἢ
516 2193 657 2263 πάθη
718 2193 807 2248 καὶ
883 2194 1010 2255 τοὺς
1071 2189 1322 2254 δοθέντας
1387 2190 1885 2269 παραχαράττουσα

216 2282 437 2354 νόμους
469 2279 588 2337 οὐδ’
617 2281 669 2336 ἐν
720 2286 836 2344 τοῖς
865 2282 1207 2353 τικτομένοις
1252 2280 1315 2334 τὸ
1353 2275 1660 2348 ἀκίϐδηλον
1699 2279 1880 2348 σώζει.

220 2372 328 2429 Διά
376 2371 430 2425 τί
480 2368 535 2426 δέ
581 2392 699 2426 τινα
745 2376 854 2425 τῶν
917 2369 1070 2440 ζώων
1119 2369 1180 2424 οὐ
1238 2369 1418 2446 τρέφει
1457 2368 1525 2424 τὰ
1551 2370 1879 2444 γεννήματα.

216 2460 412 2536 ὥσπερ
463 2466 679 2530 πτηνῶν
735 2461 828 2534 μὲν
864 2461 910 2496 ίδ
939 2463 1104 2534 γῦπες
1153 2457 1242 2514 καί
1283 2460 1533 2534 κόρακες,
1586 2457 1774 2531 ἰχθύες
1824 2455 1882 2512 δὲ

223 2553 432 2624 μικροῦ
482 2549 789 2622 σύμπαντες
819 2567 834 2582 ο
885 2550 950 2604 τὰ
1000 2546 1057 2604 δὶ
1104 2548 1194 2603 καὶ
1243 2552 1580 2624 γηροτροφεῖ
1618 2545 1747 2610 τοὺς
1791 2567 1877 2601 τε-

1997 575 2158 628 taxat
2187 578 2306 630 tam
2339 584 2648 634 accuratus
2679 580 2748 636 de
2777 581 2972 653 genesi
3022 599 3214 640 sermo
3245 587 3317 642 ab
3358 588 3504 658 ipsis
3554 592 3647 646 in-

1997 662 2238 720 stitutus
2260 671 2372 722 est:
2399 672 2483 735 ut,
2507 670 2663 742 quod
2686 671 2743 726 in
2768 673 2935 730 nobis
2956 675 3216 732 omnium
3243 682 3332 735 est
3355 679 3648 738 honestis-

2001 753 2237 822 simum,
2285 757 2522 814 libertas
2592 761 2835 823 arbitrii,
2879 764 3216 834 ignoretur:
3259 767 3495 841 Deoque
3542 787 3644 841 pro

2002 843 2229 900 collatis
2261 846 2320 900 in
2350 864 2534 917 genus
2585 848 2909 908 humanum
2952 853 3271 926 beneﬁciis,
3303 858 3498 928 gratias
3527 876 3643 916 non

2001 934 2298 1002 agantur?
2341 937 2414 989 At
2465 939 2754 1006 quomodo
2799 956 3032 996 rursum
3082 944 3311 1012 genesis
3367 945 3646 1019 intempe-

2000 1022 2150 1078 stiva
2198 1023 2297 1078 illa
2344 1025 2746 1084 additamenta
2793 1030 3012 1101 adjicit,
3045 1031 3186 1088 dum
3232 1035 3645 1108 quadricipites

2001 1112 2147 1168 fetus
2178 1114 2498 1170 secundum
2524 1115 2653 1181 bos,
2676 1121 2777 1173 aut
2797 1117 2993 1190 plures
3015 1136 3188 1192 quam
3214 1127 3423 1180 natura
3443 1125 3643 1198 exigit,

1998 1201 2118 1258 sive
2164 1219 2371 1259 manus
2421 1205 2541 1260 sive
2590 1207 2764 1278 pedes
2815 1209 3114 1280 perﬁciat:
3147 1227 3278 1268 cum
3311 1230 3500 1285 neque
3549 1231 3646 1271 re-

1999 1291 2240 1360 ptilibus
2260 1293 2434 1363 pedes
2452 1295 2692 1364 tribuat,
2717 1297 2817 1368 qui
2841 1297 2961 1355 illis
2983 1300 3053 1355 ad
3079 1299 3502 1359 ambulandum
3527 1304 3644 1361 sint

1997 1381 2152 1449 usui,
2183 1397 2373 1454 neque
2427 1385 2582 1440 214
2611 1402 2645 1441 ιι
2691 1386 2891 1444 oculos
2937 1388 3126 1461 talpis,
3163 1406 3352 1462 neque
3401 1392 3529 1451 aliis
3579 1411 3644 1452 ea

1997 1470 2216 1542 quibus
2246 1472 2530 1544 indigent.
2563 1475 2724 1530 Adde
2753 1478 2904 1547 quod
2937 1493 3003 1534 ea
3035 1479 3270 1550 quidem
3304 1481 3520 1554 quibus
3549 1483 3642 1539 in-

1995 1561 2335 1633 tempestiva
2363 1561 2465 1618 illa
2496 1563 2895 1620 additamenta
2925 1567 3104 1636 dedit,
3140 1585 3253 1624 non
3286 1569 3427 1626 sinit
3455 1573 3643 1630 vivere

1993 1650 2378 1722 (quaecunque
2420 1653 2574 1708 enim
2627 1655 2968 1725 prodigiosae
3018 1655 3215 1712 formae
3259 1663 3418 1730 sunt,
3451 1661 3642 1717 brevis

1999 1755 2229 1811 quoque
2257 1741 2358 1796 aevi
2391 1757 2518 1797 esse
2551 1741 2780 1815 solent),
2807 1750 2864 1800 et
2893 1745 3192 1803 additione
3221 1765 3329 1804 sua
3357 1753 3532 1806 lotam
3563 1751 3643 1806 si-

2001 1829 2120 1885 mul
2151 1829 2361 1886 borum
2395 1835 2667 1886 naturam
2701 1833 2929 1890 abolet:
2964 1835 3176 1906 quibus
3208 1853 3342 1894 vero
3373 1856 3405 1895 a
3432 1843 3642 1896 natura

1999 1918 2198 1974 debita
2227 1919 2345 1975 sive
2377 1922 2574 1993 pedes,
2606 1922 2725 1978 sive
2777 1940 3007 1992 manus,
3041 1927 3162 1982 sive
3191 1927 3390 1984 oculos
3437 1929 3641 1986 abstu-

1995 2006 2086 2076 lit,
2117 2024 2184 2063 ea
2217 2008 2296 2064 ita
2325 2010 2512 2064 vivere
2544 2010 2847 2082 permittit,
2883 2017 2947 2068 ut
2977 2014 3230 2070 mutilati
3261 2017 3521 2089 corporis
3547 2035 3642 2074 so-

1994 2096 2202 2154 latium
2251 2099 2483 2154 nullum
2532 2099 2804 2156 habeant.
2838 2101 2897 2156 Si
2926 2101 3058 2173 quis
3087 2104 3210 2160 haec
3241 2105 3420 2178 igitur
3449 2109 3521 2162 ad
3551 2108 3640 2163 fa-

1994 2192 2119 2244 tum
2146 2188 2379 2253 referat,
2403 2187 2454 2242 is
2477 2189 2856 2246 absurditatis
2882 2195 3084 2247 auctor
3105 2209 3221 2249 non
3245 2195 3441 2250 minus
3461 2211 3638 2266 quam

1993 2277 2136 2334 illud
2169 2277 2438 2334 efﬁcitur.
2471 2279 2569 2333 Sin
2605 2285 2830 2336 natura:
2859 2297 2988 2337 esse
3024 2287 3321 2355 peccatum
3352 2286 3636 2357 agnoscit,

1993 2385 2228 2424 omnem
2250 2369 2657 2426 accusandiNu
2670 2370 2844 2426 minis
2861 2373 3224 2429 occasionem
3247 2372 3639 2439 tollit.Quem-

1992 2459 2308 2515 admodum
2340 2458 2496 2515 enim
2528 2459 2716 2529 ipsam
2749 2459 2874 2515 suis
2905 2461 3262 2531 quibusdam
3294 2478 3523 2520 currere
3552 2464 3635 2520 le-

1989 2547 2161 2620 gibus
2185 2547 2409 2614 statuit,
2433 2547 2514 2602 sic
2545 2551 2602 2604 et
2632 2547 2921 2614 eamdem,
2940 2549 3164 2606 ratione
3193 2553 3443 2620 quadam
3479 2552 3633 2620 utili,

219 2637 425 2702 κόντας
454 2661 469 2708 ;
502 2639 590 2694 καὶ
620 2639 688 2694 τὰ
730 2640 823 2711 μὲν
854 2639 943 2694 καὶ
974 2639 1131 2693 νόθον
1183 2632 1554 2692 ὕποϐάλλεται
1591 2637 1754 2711 γονὴν
1789 2637 1879 2690 καὶ

1990 2638 2144 2708 juxta
2178 2636 2511 2693 mortalium
2544 2636 2938 2693 conditionem
2979 2638 3115 2695 ferri
3159 2641 3466 2697 concessit.
3501 2643 3632 2712 Ipsa

218 2731 433 2808 τρέφει,
472 2729 539 2783 τὰ
579 2729 807 2784 πλεῖστα
856 2725 912 2782 δὶ
944 2724 1041 2795 cii;
1077 2726 1168 2782 καὶ
1206 2726 1288 2789 τίς
1331 2724 1390 2780 ἂν
1435 2727 1530 2786 τὰς
1569 2725 1878 2800 ἀναριθμή-

1990 2724 2186 2797 igitur,
2220 2739 2392 2778 suum
2439 2723 2680 2779 modum
2732 2739 2988 2789 servans,
3023 2724 3168 2779 nihil
3216 2726 3364 2798 quod
3413 2725 3529 2782 ulla
3557 2727 3632 2782 sit

216 2840 350 2882 τους
412 2823 520 2874 τῶν
574 2814 742 2873 ὄντων
783 2816 1046 2893 διαφορὰς
1083 2814 1456 2887 καταλέξειεν;
1491 2813 1670 2872 Ἀλλὰ
1709 2817 1877 2870 ταῦτα

1990 2814 2256 2870 ail‘eclum
2289 2813 2507 2883 injuria
2529 2811 2775 2884 profert:
2799 2820 2855 2868 at
2877 2813 2926 2867 si
2951 2813 3010 2868 in
3035 2813 3395 2872 nimietatem
3421 2815 3508 2871 vel
3530 2816 3632 2872 de-

221 2913 320 2984 μὶν
351 2909 442 2965 καὶ
475 2907 527 2964 ἐν
571 2914 648 2982 τῷ
679 2907 722 2964 δ’
753 2907 927 2985 λόγῳ.

1990 2905 2224 2970 fectum,
2273 2902 2330 2957 in
2382 2917 2674 2973 pavorem,
2724 2901 2814 2958 vel
2869 2902 3236 2961 vehementes
3295 2905 3632 2962 affectiones

220 3001 491 3072 delapsa,
523 3000 802 3057 adversus
863 3000 1007 3056 latas
1065 2999 1178 3055 sibi
1235 2997 1391 3070 leges
1446 2996 1744 3069 quidpiam
1805 2995 2097 3060 admittat,
2132 3007 2265 3048 mox
2321 3005 2512 3062 neque
2536 2989 2594 3046 in
2641 2990 2714 3046 iis
2763 3005 2888 3061 quas
2944 2990 3272 3064 gignuntur
3328 2994 3631 3053 sincerita-

213 3098 332 3147 tem
361 3093 576 3145 servat.
612 3089 726 3145 Cur
778 3089 1019 3160 insuper
1075 3088 1341 3161 quaedam
1399 3086 1721 3144 animantia
1778 3102 1917 3143 suos
1975 3085 2124 3140 fetus
2181 3099 2297 3140 non
2355 3081 2650 3149 nutriunt,
2683 3083 3185 3154 quemadmodum
3211 3084 3270 3139 in
3301 3084 3633 3144 volatilibus

209 3181 506 3249 vultures,
542 3180 720 3250 corvi,
755 3180 1063 3252 piscesque
1104 3183 1218 3236 fere
1265 3194 1509 3245 omnes;
1543 3179 1807 3250 quaedam
1866 3193 1998 3233 vero
2055 3175 2232 3230 etiam
2296 3177 2563 3244 parentes
2595 3174 2653 3230 in
2693 3173 2859 3230 senio
2906 3174 3108 3246 alunt;
3141 3175 3282 3232 item
3311 3175 3426 3233 alia
3455 3177 3632 3236 etiam

205 3270 592 3342 illegitimum
646 3269 760 3326 sibi
809 3272 1180 3344 suppositum
1234 3271 1414 3326 fetum
1468 3269 1760 3334 nutriunt,
1795 3267 2070 3340 pleraque
2125 3281 2259 3322 vero
2318 3265 2608 3322 minime?
2635 3267 2708 3321 At
2755 3265 2888 3336 quis
2935 3266 3397 3325 innumerabiles
3435 3285 3631 3327 rerum

208 3359 486 3417 omnium
519 3359 876 3416 differentias
907 3360 1254 3417 recenseat?
1284 3360 1463 3431 Igitur
1495 3359 1614 3414 haec
1645 3359 1884 3430 quidem
1918 3357 2064 3414 libro
2094 3361 2302 3428 quarto
2332 3355 2721 3413 continentur.

292 3449 382 3504 Ἑν
425 3444 484 3502 δὶ
511 3468 591 3520 τῳ
620 3449 658 3502 ε’
686 3449 838 3523 λόγῳ
869 3447 1014 3504 ἄλλα
1057 3469 1115 3503 τε
1154 3445 1392 3519 διέξεισι,
1424 3447 1512 3502 καὶ
1545 3447 1650 3521 πρὸ
1697 3445 1874 3501 αὐτῶν

2059 3447 2232 3502 Libro
2289 3446 2496 3518 quinto
2542 3461 2677 3504 cum
2728 3445 2842 3504 alia
2890 3449 3286 3521 persequitur,
3334 3455 3459 3508 tum
3500 3457 3636 3510 ante

209 3535 436 3610 ὁμοίως
468 3538 607 3592 κατὰ
637 3543 740 3606 τῆς
791 3538 1126 3611 εἱμαρμένης
1157 3541 1339 3593 τοῦτο.
1372 3537 1433 3595 El
1475 3541 1593 3600 τοῖς
1640 3540 1876 3610 γονεῦσι,

210 3629 347 3701 [680
408 3627 502 3700 Β.]
560 3628 710 3704 φασὶ,
767 3627 830 3681 τὸ
880 3625 1080 3682 τίκτειν
1141 3627 1246 3682 ἂπὸ
1301 3627 1558 3701 γενέσεως
1620 3626 1876 3704 ὑπάρχει,

211 3714 394 3785 δῆλον
429 3717 506 3778 ὡς
557 3717 664 3772 ἀπὸ
690 3723 790 3786 τῆς
836 3721 944 3771 τῶν
975 3715 1226 3789 πατέρων
1275 3717 1528 3791 γενέσεως
1559 3716 1650 3770 καὶ
1699 3718 1733 3784 ἡ
1773 3718 1881 3769 τῶν

214 3807 356 3862 υἱῶν
393 3809 600 3883 γένεσις
639 3805 728 3860 καὶ
768 3807 804 3874 ἡ
853 3805 1056 3876 ταύτης
1096 3803 1212 3881 ὥρα
1262 3803 1552 3881 διωρίσθη.
1585 3804 1646 3861 El
1689 3801 1746 3858 δὲ
1779 3803 1879 3876 μή,

213 3897 283 3951 οὗ
314 3899 429 3950 τῶν
476 3895 847 3968 γεννησάντων
890 3897 926 3964 ἡ
975 3894 1184 3970 γένεσις
1217 3893 1482 3951 ἀποτελεῖ
1522 3893 1650 3957 τοὺς
1695 3913 1879 3947 τικτο-

218 3985 446 4058 μένους,
472 3984 564 4039 καὶ
627 3986 801 4057 μάτην
835 3986 863 4039 ὁ
917 3983 1093 4046 πολὺς
1149 3992 1251 4054 τῆς
1299 3983 1635 4059 εἱμαρμένης
1685 3980 1876 4056 λόγος.

212 4073 281 4132 Εἰ
325 4073 436 4148 γὰρ
486 4073 549 4128 τὸ
590 4079 860 4147 σπαρῆναι
905 4073 995 4128 καὶ
1055 4075 1459 4149 κυοφορηθῆναι
1517 4071 1606 4126 καὶ
1663 4069 1875 4125 τέλειον

211 4161 511 4235 προελθεῖν
580 4163 616 4232 ἢ
675 4161 860 4224 ἀτελὲς
925 4165 1050 4237 [352
1116 4165 1208 4236 Η.]
1264 4169 1364 4232 τῆς
1418 4161 1672 4236 γενέσεως
1723 4159 1874 4237 ἔργον

220 4252 339 4308 ἐστὶ
389 4256 500 4308 τῶν
556 4253 870 4322 τικτόντων,
903 4251 1073 4320 δῆλον
1122 4251 1205 4307 ὅτι
1252 4252 1342 4307 καὶ
1381 4255 1408 4322 ἦ
1455 4250 1660 4307 τούτων
1713 4250 1828 4326 ὥρα
1860 4255 1874 4268 ⁶

210 4342 260 4398 εί
322 4339 383 4397 δὲ
440 4343 518 4414 μή
577 4339 738 4412 αὕτη,
800 4337 924 4396 οὐδὲ
967 4344 1164 4400 ἒκεῖνα.
1207 4342 1272 4399 Εἰ
1321 4339 1368 4396 δ’
1428 4340 1484 4397 αἶ’
1539 4340 1775 4418 γενέσεις
1825 4341 1874 4411 ἐξ

214 4429 422 4505 ἑτέρων
481 4429 585 4484 εἰσί
643 4429 930 4504 γενέσεων,
964 4431 1055 4486 καὶ
1115 4431 1142 4485 ὁ
1197 4435 1295 4486 τοῦ
1351 4433 1636 4507 γεννᾶσθαι
1686 4430 1874 4507 καιρὸς

214 4519 328 4574 ἀπὸ
362 4525 467 4588 τῆς
523 4523 630 4572 τῶν
691 4521 1096 4595 γεγεννηκότων
1154 4517 1508 4594 εἷμαρμένης,
1567 4515 1753 4592 ῥᾴδιον
1812 4517 1872 4574 ἂν

216 4607 306 4678 εἴη
337 4611 462 4670 τοῖς
503 4606 708 4677 ταύτης
759 4608 1010 4683 ἆρασταῖς
1055 4609 1182 4683 μίαν
1217 4609 1311 4682 μὶν
1353 4609 1640 4683 ἀνθρώπου
1685 4603 1871 4663 λαϐεῖν

213 4696 455 4771 γένεσιν,
486 4694 537 4765 ἐξ
589 4695 759 4764 αὐτῆς
791 4693 846 4751 δὲ
891 4700 992 4768 τήν
1021 4717 1080 4752 τε
1125 4701 1234 4754 τῶν
1278 4694 1522 4773 πατέρων
1576 4697 1743 4753 εἰπεῖν
1782 4699 1873 4753 καὶ
1909 4739 1956 4805 D

267 4787 290 4804 ν
431 4787 443 4804 ι
735 4787 748 4805 ι
841 4791 866 4802 ..
959 4785 985 4805 ,ο
1322 4787 1335 4805 ο
1483 4790 1526 4805 ...
1679 4787 1695 4805 ε
1825 4789 1836 4805 μ

215 4787 329 4840 τῶν
370 4787 611 4842 πάππων
661 4787 750 4840 καὶ
798 4791 907 4842 τῶν
959 4785 1036 4842 ἔτι
1088 4787 1450 4864 προπατόρων
1483 4790 1547 4857 ¹’¹,
1606 4787 1696 4844 καὶ
1747 4789 1876 4843 τού-

213 4897 326 4931 των
369 4876 624 4930 ἁπάντων
660 4877 728 4931 τά
768 4897 825 4931 τε
873 4877 1020 4946 πάθη
1072 4878 1162 4932 καὶ
1208 4878 1304 4939 τὰς
1353 4878 1572 4952 πράξεις
1617 4883 1718 4948 τῆς
1769 4881 1875 4952 ψυ-

216 4972 330 5043 χῆς
364 4965 456 5019 καὶ
503 4969 601 5019 τοῦ
652 4965 924 5038 σώματος,
953 4967 1018 5021 τά
1051 4988 1102 5022 τι
1161 4969 1424 5043 σχήματα
1454 4966 1544 5021 καὶ
1602 4969 1875 5046 χρώματα

210 5055 307 5108 καὶ
373 5054 600 5129 μεγέθη,
635 5053 698 5109 ού
745 5058 910 5110 τοῦτο
956 5053 1014 5110 δὲ
1057 5056 1242 5128 μόνον,
1274 5053 1401 5111 ἀλλ’
1447 5054 1506 5110 ἔκ
1550 5062 1650 5124 τῆς
1700 5056 1870 5126 αὐτῆς

209 5145 307 5199 καὶ
346 5149 447 5200 τοῦ
503 5146 618 5207 ἑνὸς
665 5145 926 5219 γενέσεως
962 5145 1100 5208 τίνες
1148 5147 1200 5201 οἶ
1247 5145 1645 5222 τεχθησόμενοι
1684 5167 1871 5221 προει·

208 5239 358 5300 πεῖν,
391 5233 483 5288 καὶ
517 5239 689 5289 πᾶσαν
743 5236 843 5304 τήν
881 5236 1141 5309 ἐσομένην
1183 5234 1244 5290 ἐκ
1279 5242 1381 5305 τῆς
1431 5233 1698 5310 διαδοχῆς
1746 5255 1870 5309 συγ-

205 5325 444 5399 γένειαν,
515 5324 606 5378 καὶ
673 5323 876 5395 ταύτης
939 5326 1037 5387 τὰς
1111 5325 1333 5401 πράξεις
1387 5326 1478 5379 καὶ
1555 5323 1654 5379 ὅσα
1722 5321 1869 5379 ἄλλα

205 5414 562 5488 προείρηται,
603 5413 692 5468 καὶ
727 5417 866 5487 μήτε
904 5415 1030 5478 τοὺς
1062 5413 1427 5489 παρελθόντας
1469 5414 1680 5488 ἀγνοεῖν
1729 5414 1868 5486 μήτε

206 5507 321 5558 τῶν
350 5500 625 5574 ἐσομένων
661 5499 866 5576 μηδένα
898 5521 911 5537 ’
944 5504 974 5559 ὃ
1013 5505 1101 5559 καὶ
1148 5502 1303 5558 αὐτοὶ
1343 5501 1402 5557 ἂν
1445 5499 1812 5580 διαγελάσαιεν
1847 5520 1862 5533 ·

1993 3535 2112 3591 haec
2143 3536 2213 3592 de
2254 3536 2370 3592 fato
2418 3535 2690 3592 similiter
2734 3535 2866 3592 ista.
2903 3537 2963 3593 Si
3012 3540 3166 3609 quod
3217 3545 3488 3611 parentes
3539 3542 3636 3614 gi—

1990 3629 2194 3696 gnant,
2221 3625 2321 3696 ait,
2340 3643 2371 3680 a
2393 3625 2593 3698 genesi
2623 3625 2934 3698 contingit,
2961 3628 3335 3685 manifestum
3365 3638 3451 3686 est
3479 3648 3511 3686 a
3541 3648 3638 3702 pa-

1991 3719 2221 3770 rentum
2254 3713 2453 3786 genesi
2483 3721 2537 3769 et
2567 3714 2820 3770 filiorum
2853 3715 3134 3786 genesim,
3156 3722 3212 3772 et
3233 3717 3407 3788 hujus
3428 3719 3631 3775 horam

1991 3803 2290 3859 deﬁnitam
2323 3817 2471 3858 esse.
2506 3802 2609 3858 Sin
2645 3802 2861 3872 minus,
2894 3819 3030 3875 ergo
3061 3803 3422 3876 gignentium
3452 3821 3633 3877 gene-

1989 3893 2071 3947 sis
2101 3909 2198 3947 eos
2229 3892 2328 3963 qui
2359 3892 2674 3961 gignuntur
2703 3908 2817 3947 non
2850 3891 3096 3963 perlicit,
3130 3893 3460 3965 frustraque
3501 3895 3630 3951 lon-

1987 3997 2097 4054 gus
2128 3982 2198 4036 de
2229 3982 2343 4036 fato
2374 3996 2564 4036 sermo
2596 3979 2864 4036 habetur.
2897 3980 2957 4036 Si
2987 3981 3143 4037 enim
3175 3982 3328 4054 quod
3360 3983 3513 4040 fetus
3542 4000 3630 4040 se-

1988 4071 2262 4135 minatur,
2311 4075 2590 4142 gestetur,
2652 4070 3052 4142 perfectusque
3107 4071 3194 4126 vel
3251 4071 3628 4143 imperfectus

1987 4159 2308 4231 proveniat,
2332 4176 2365 4214 a
2387 4163 2689 4230 parentum
2721 4158 2916 4230 genesi
2947 4158 3189 4230 exsistit,
3215 4160 3437 4216 clarum
3470 4163 3626 4234 quod

1986 4247 2196 4302 horum
2247 4262 2468 4318 quoque
2514 4245 2655 4302 hora
2703 4247 2774 4302 ab
2819 4246 3022 4302 eadem
3073 4246 3492 4317 proﬁciscatur.
3525 4249 3625 4306 Sin

1986 4337 2185 4392 minus
2217 4335 2358 4403 haec,
2391 4351 2525 4406 ergo
2556 4353 2658 4392 nec
2689 4335 2811 4391 illa.
2839 4336 2972 4392 .lam
3015 4337 3063 4393 si
3097 4352 3336 4408 geneses
3386 4337 3510 4394 aliae
3558 4355 3628 4396 ex

1986 4426 2118 4483 aliis
2148 4432 2306 4493 sunt,
2336 4425 2650 4498 ipsumque
2698 4425 2972 4482 nascendi
3019 4431 3381 4482 momentum
3423 4429 3495 4484 ab
3526 4445 3627 4486 eo-

1986 4534 2115 4574 rum
2139 4519 2234 4590 qui
2257 4522 2584 4592 genuerunt
2603 4518 2720 4574 fato
2745 4517 3147 4591 proficiscitur,
3168 4519 3332 4575 facile
3353 4521 3425 4576 sit
3447 4519 3626 4592 hujus

1983 4608 2344 4664 amatoribus
2367 4624 2543 4664 unam
2567 4607 2822 4680 aliquam
2843 4606 3100 4663 hominis
3120 4622 3325 4679 capere
3342 4611 3622 4681 genesim,

1987 4704 2158 4769 atque
2178 4713 2246 4754 ex
2269 4697 2390 4770 ipsa
2412 4701 2537 4753 tum
2560 4705 2814 4769 patrum,
2840 4704 2961 4752 tum
2992 4713 3254 4767 avorum,
3279 4696 3398 4755 imo
3418 4703 3476 4755 et
3498 4716 3626 4755 ma-

1979 4787 2178 4858 jorum
2209 4786 2469 4859 genesim
2514 4786 2793 4853 indicare,
2823 4785 3144 4857 horumque
3189 4786 3452 4842 omnium
3503 4792 3626 4842 tam

1986 4875 2166 4931 animi
2201 4891 2374 4946 quam
2406 4875 2664 4948 corporis
2694 4875 3028 4932 affectiones
3049 4874 3440 4946 actionesque,
3464 4891 3530 4932 ac
3552 4875 3629 4932 si-

1982 4965 2104 5021 mul
2134 4965 2374 5037 ﬁguras,
2407 4965 2629 5022 colores
2659 4969 2716 5020 et
2745 4963 3198 5036 magnitudines.
3228 4963 3344 5020 Nec
3374 4964 3484 5021 hoc
3531 4981 3625 5021 so-

1981 5054 2130 5120 lum,
2163 5055 2258 5110 sed
2293 5055 2466 5110 etiam
2501 5070 2569 5110 ex
2613 5055 2718 5111 hac
2765 5055 2893 5127 ipsa
2923 5061 2977 5110 et
3006 5053 3166 5110 illius
3216 5053 3389 5110 unius
3428 5053 3626 5126 genesi

1980 5142 2180 5200 licebit
2207 5143 2448 5215 quinam
2491 5143 2806 5215 generandi
2845 5143 2962 5200 sint
3001 5143 3332 5214 praedicere,
3365 5158 3627 5200 omnem-

1979 5250 2092 5305 que
2122 5234 2263 5290 adeo
2287 5234 2544 5291 futuram
2567 5251 2636 5290 ex
2656 5233 2858 5291 ordine
2889 5233 3313 5307 cognationem,
3336 5251 3470 5293 cum
3500 5235 3626 5293 suis

1979 5323 2328 5391 actionibus,
2361 5329 2419 5380 et
2448 5340 2808 5396 quacunque
2837 5323 2952 5381 alia
2981 5326 3321 5397 supradicta
3349 5329 3522 5383 sunt:
3556 5331 3623 5383 ut

1978 5429 2169 5484 neque
2200 5415 2648 5482 praeteritorum,
2683 5429 2871 5485 neque
2920 5416 3254 5471 futurorum
3310 5416 3619 5488 quisquam

1975 5505 2289 5576 ignoretur.
2313 5505 2475 5570 Quod
2507 5510 2564 5560 et
2596 5503 2828 5576 ipsimet
2857 5505 3012 5562 214
3033 5505 3112 5579 (b)
3136 5505 3438 5565 irriserint.
3468 5509 3540 5564 At
3559 5511 3619 5565 tu

1576 5603 1819 5660 VARIzE
1859 5601 2267 5660 LECTIONES.

297 5696 342 5731 ¹⁴
373 5692 535 5754 αὐτὸς
562 5695 606 5750 Α
641 5711 654 5751 :
691 5690 858 5763 αὐτῆς
1055 5695 1101 5734 ¹⁵
1130 5690 1492 5764 έξοκέλλουςα
1521 5697 1587 5750 A.
1666 5694 1710 5731 “3
1745 5693 1838 5766 μὶν
1865 5703 1918 5752 et
1948 5711 2079 5752 mox
2108 5693 2196 5747 καὶ
2225 5695 2356 5751 add.
2391 5697 2458 5751 A.
2539 5697 2580 5731 ¹⁷
2611 5694 2964 5770 προπατέρων
2993 5702 3064 5755 Δ.
