4184 6212
416 370 529 429 851

419 597 679 652 infelices
728 595 914 651 reddit
960 594 1252 663 parentes,
1303 588 1528 645 etiamsi
1576 589 1718 644 forte
1758 605 1791 642 a
1840 587 2072 658 propria

424 687 623 757 genesi
658 683 898 739 felicitas
927 681 1073 752 ipsis
1104 680 1381 736 attributa
1412 678 1506 732 sit.
1543 677 1840 732 Interdum
1891 676 2065 731 etiam

421 773 573 830 tollit
602 778 657 827 et
689 774 865 826 vincit
898 776 1129 841 patrum
1161 767 1425 841 genesim
1459 768 1587 838 ipsa
1617 766 1893 833 filiorum,
1929 782 2068 835 quo-

419 864 529 918 ties
577 861 843 917 videlicet
891 861 1012 915 haec
1065 859 1254 913 fatalis
1302 858 1462 913 illius
1506 858 1744 911 effectus
1794 860 1919 908 est:
1966 855 2065 909 sed

420 958 477 1007 et
506 956 735 1023 patrum
787 949 1014 1021 genesis
1058 948 1324 1003 infelices
1374 947 1567 1001 reddit
1614 945 1829 1000 liberos
1866 948 1923 998 et
1953 944 2067 997 fra-

423 1046 581 1095 trum
615 1040 845 1103 fratres,
878 1038 1264 1108 eumdemque
1297 1036 1354 1090 in
1386 1035 1619 1090 modum
1653 1034 1827 1088 etiam
1870 1033 2069 1101 conju-

422 1145 602 1203 gum;
638 1127 1015 1200 quantumvis
1055 1127 1200 1181 forte
1241 1124 1413 1180 aliam
1449 1124 1593 1178 alter
1642 1123 1854 1177 habeat
1898 1136 2069 1190 gene-

424 1220 559 1289 sim,
610 1225 667 1275 et
724 1219 962 1274 aliunde
1021 1224 1193 1273 natus
1253 1217 1343 1271 sit.
1397 1217 1464 1270 Et
1520 1216 1675 1286 quod
1735 1214 1826 1268 his
1880 1213 2067 1267 omni-

423 1310 534 1364 bus
568 1309 755 1379 magis
788 1308 1234 1380 deplorandum,
1268 1306 1497 1376 genesis
1528 1306 1676 1375 cogit
1726 1306 2070 1374 generantes

429 1399 629 1454 odium
681 1398 978 1468 suscipere
1029 1413 1131 1467 pro
1181 1411 1378 1450 amore
1410 1410 1541 1463 erga
1569 1392 1823 1447 liberos:
1856 1391 2070 1445 liberos

427 1488 560 1542 item
610 1487 973 1559 parentibus,
1009 1491 1185 1556 atque
1237 1484 1387 1537 inter
1418 1499 1476 1537 se
1512 1484 1731 1548 fratres,
1764 1480 2071 1550 conjuges-

427 1594 536 1647 que
570 1577 810 1632 infestos
862 1576 1073 1640 reddit,
1107 1581 1162 1631 et
1194 1573 1267 1629 ad
1316 1573 1500 1628 caedes
1552 1576 1843 1643 provocat,
1878 1572 2073 1640 itaque

429 1667 703 1722 adversus
736 1666 983 1721 invicem
1019 1669 1206 1719 armat
1240 1666 1531 1732 naturam,
1567 1670 1626 1717 ut
1655 1667 1834 1717 totam
1887 1661 2076 1715 turbet

430 1755 856 1827 cognationem.
884 1755 952 1808 Et
974 1754 1069 1808 ille
1094 1754 1331 1824 quidem
1354 1754 1727 1817 lamentatur,
1748 1752 1905 1821 quod
1926 1749 2081 1803 labo-

1615 361 1885 423 PHOTII
1927 361 2458 424 PATRIARCH/E
2499 365 2615 427 GP.

419 506 567 562 mihi
600 506 745 563 illud
771 519 1003 577 quoque
1025 500 1245 573 inspice
1269 515 1281 555 :
1306 498 1609 565 Filiorum,
1628 498 1813 565 aiunt,
1835 497 2064 569 genesis

2190 500 2318 573 Ὀρα
2376 498 2432 555 δὲ
2488 504 2700 559 κάκεῖνο
2741 523 2755 538 ·

3698 379 3826 438 852

2811 510 2925 561 Τῶν
2976 506 3207 581 παίδων,
3286 511 3465 584 φασὶν,
3534 513 3569 581 ἡ
3627 512 3836 588 γένεσις

2177 586 2580 662 κακοδαίμονας
2612 594 2661 629 ίδ
2713 600 2861 649 ποιεῖ
2916 598 3044 661 τοὺς
3100 598 3351 673 πατέρας,
3411 600 3507 656 κᾶν
3563 586 3673 657 ἆπδ
3726 610 3833 672 τῆς

2450 679 2505 733 .ἐ
2741 684 2754 699 \
2853 680 2911 701 ἸΝ
3252 686 3264 706 9
3340 693 3365 704 ν
3665 689 3680 709 Ι

2179 720 2199 764 ι.
2240 698 2319 738 ,ας
2383 699 2475 753 γει
2510 701 2645 745 σεως
2701 703 2763 737 το
2822 698 3081 757 ευοαιμον
3207 708 3391 750 αυτοις
3451 685 3780 764 έὸραϐευετο
3818 711 3833 724 ·

2177 762 2283 819 ἔσθ’
2314 765 2403 822 ὅτε
2461 767 2516 823 δὲ
2572 770 2661 824 καὶ
2720 772 2925 846 ἀναιρεῖ
2955 773 3045 828 καὶ
3104 781 3225 847 νικᾷ
3273 777 3372 845 τήν
3428 783 3535 833 τῶν
3580 779 3838 853 πατέρων

2176 851 2381 939 γένεσιν
2413 857 2447 923 ἡ
2506 860 2612 910 τῶν
2665 858 2866 913 τέκνων
2925 857 3153 934 γένεσις,
3207 862 3560 939 ἀποτέλεσμα
3618 851 3840 939 ἐκείνης

2180 938 2333 995 οὖσα.
2378 940 2557 997 Ἀλλὰ
2595 944 2684 999 καὶ
2716 947 2750 1014 ἡ
2793 951 2900 1001 τῶν
2928 949 3177 1021 πατέρων
3225 950 3431 1023 γένεσις
3459 938 3590 1015 τοὺς
3638 952 3841 1016 παῖδας

2176 1027 2577 1103 κακοδαίμονας
2623 1039 2790 1101 ποιεῖ,
2831 1037 2920 1089 καὶ
2977 1034 3251 1114 ἀδελφοὺς
3303 1042 3337 1109 ἡ
3386 1045 3493 1096 τῶν
3552 1040 3837 1119 ἀδελφῶν,

2175 1118 2266 1171 καὶ
2296 1124 2403 1173 τῶν
2455 1122 2852 1197 γεγαμηκότων
2905 1126 3137 1198 ὁμοίως,
3170 1128 3264 1182 κᾶν
3314 1128 3495 1200 ἄλλης
3541 1118 3709 1194 τινὸς
3744 1133 3833 1205 εἴη

2179 1207 2461 1281 γενέσεως,
2511 1212 2605 1265 κᾶν
2646 1212 2899 1287 ἑτέρωθεν
2947 1215 3064 1292 ἔφυ.
3099 1217 3203 1273 Καὶ
3248 1219 3313 1272 τὸ
3360 1221 3572 1274 πάντων
3612 1220 3841 1296 ἀνιαρό-

2180 1317 2354 1372 τερον,
2414 1306 2571 1371 μῖσος
2629 1304 2662 1371 ἡ
2718 1303 2916 1376 γένεσις
2992 1308 3234 1379 βιάζεται
3299 1310 3425 1370 τοὺς
3492 1310 3692 1387 φύντας
3764 1312 3843 1374 εἰς

2177 1388 2305 1447 τοὺς
2364 1390 2667 1465 φυομένους
2726 1392 2844 1446 ἀντὶ
2896 1400 2995 1462 τῆς
3057 1403 3289 1471 στοργῆς
3318 1391 3489 1475 ἔχειν,
3522 1399 3613 1453 καὶ
3672 1401 3841 1455 τέκνα

2179 1480 2296 1534 τοῖς
2352 1479 2698 1553 γεγεννηκόσι
2758 1479 2845 1533 καὶ
2905 1478 3175 1555 ἀδελφοὺς
3222 1485 3357 1557 πρὸς
3392 1484 3685 1555 ἀλλήλους
3744 1489 3843 1542 καὶ

2182 1564 2309 1626 τοὺς
2357 1570 2739 1643 γεγαμηκότας
2789 1575 2939 1625 ποιεῖ
2984 1573 3310 1646 πολεμίους,
3349 1575 3439 1629 καὶ
3492 1577 3629 1651 πρὸς
3691 1576 3851 1633 ἄναι-

2184 1655 2353 1727 ρέσεις
2428 1656 2675 1730 έρεθίζει,
2750 1660 2841 1715 καὶ
2916 1663 3033 1716 κατ’
3091 1661 3357 1733 ἄλλήλων
3435 1664 3655 1735 ὁπλίζει
3734 1670 3845 1737 τήν

2184 1746 2360 1821 φύσιν,
2425 1746 2560 1817 ὅλην
2643 1751 2983 1822 ταράσσουσα
3059 1754 3158 1821 τήν
3234 1754 3565 1830 συγγένειαν.
3641 1759 3739 1813 Καὶ
3814 1759 3844 1812 ὁ

432 1856 513 1899 ret
548 1844 721 1911 filius,
749 1844 831 1898 vel
857 1849 1087 1898 mortua
1118 1845 1193 1897 sit
1224 1860 1386 1909 uxor,
1416 1848 1516 1897 aut
1548 1842 1815 1907 maritus,
1840 1841 2078 1910 ignarus

2192 1835 2285 1904 μὲν
2344 1832 2591 1909 ὀδυρεται
2625 1838 2669 1872 ⁹⁰
2727 1834 2866 1892 διότι
2924 1844 3070 1893 νοσεῖ
3127 1840 3154 1893 ὁ
3209 1824 3357 1901 παῖς.
3394 1842 3427 1909 ἦ
3488 1840 3743 1912 τέθνηκεν
3807 1846 3843 1912 ἡ

430 1935 665 1989 interim
711 1934 863 2004 quod
900 1932 1107 1986 horum
1142 1934 1428 2002 cujusque
1459 1937 1510 1986 et
1544 1931 1794 2001 genesis,
1827 1934 1883 1984 et
1913 1944 2073 1982 amo-

431 2041 551 2079 rem
605 2024 850 2078 invicem
902 2023 1231 2077 necessaria
1278 2022 1621 2085 conciliarit,
1652 2025 1707 2075 et
1736 2018 2073 2085 infortunia,

435 2115 576 2168 dum
609 2128 809 2169 eorum
840 2112 935 2183 qui
976 2112 1328 2166 amabantur
1366 2111 1521 2165 exitu
1569 2110 1796 2164 dolores
1842 2108 2077 2162 acerbos

434 2202 652 2271 objicit.
688 2201 950 2255 Haecine
982 2201 1217 2271 sapiens
1248 2201 1557 2270 quisquam
1605 2198 1795 2253 ferat?
1826 2198 2073 2252 Rursum

440 2292 701 2345 infelices
733 2306 927 2345 servos
961 2306 1085 2345 esse
1124 2306 1223 2361 per
1271 2289 1642 2343 dominorum
1668 2285 1923 2355 genesim
1958 2300 2079 2355 pro-

441 2378 662 2451 digiose
693 2378 863 2433 iidem
898 2379 1190 2434 referunt:
1228 2378 1483 2448 itemque
1517 2391 1843 2447 caprarum,
1880 2374 2076 2441 boum,

435 2472 493 2522 et
517 2467 760 2523 aliorum
786 2467 1175 2523 animantium
1199 2483 1420 2539 greges,
1445 2482 1547 2537 per
1566 2465 1822 2535 genesim
1848 2479 2078 2533 posses-

436 2558 626 2627 soris;
663 2561 725 2612 ut
757 2562 813 2614 et
844 2558 1097 2628 integros
1125 2557 1410 2613 exercitus
1444 2571 1544 2626 per
1590 2555 1851 2627 genesim
1902 2553 2076 2623 regis.

436 2648 523 2702 Ita
554 2645 1015 2701 innumerabiles
1046 2662 1285 2718 geneses
1317 2661 1418 2717 per
1448 2645 1677 2701 unicam
1712 2644 1872 2698 illam
1906 2643 2080 2697 unius

436 2742 668 2793 tantum
730 2736 1002 2805 hominis,
1045 2737 1165 2791 sive
1211 2737 1280 2791 ad
1332 2735 1591 2805 meliora,
1638 2735 1754 2788 sive
1803 2733 1873 2788 ad
1922 2733 2080 2787 dete-

436 2828 590 2882 riora
646 2830 1024 2882 avertuntur:
1062 2834 1115 2882 et
1168 2826 1400 2898 quidem
1442 2830 1557 2882 tam
1598 2824 1853 2879 felicium
1907 2838 2081 2893 quam

438 2916 784 2987 infelicium,
811 2933 938 2988 qua:
971 2916 1043 2971 ob
1075 2915 1253 2971 unius
1284 2916 1545 2988 genesim
1576 2912 1838 2968 infinitas
1868 2912 2086 2967 habent

436 3006 748 3061 varietates
805 3010 1068 3074 aetatum,
1120 3022 1432 3072 annorum,
1477 3004 1786 3072 mensium,
1839 3004 2088 3071 dierum,

436 3094 738 3160 horarum,
790 3099 1047 3165 patrum,
1098 3100 1372 3159 matrum,
1414 3098 1832 3164 cognatorum:
1865 3092 1983 3147 imo
2030 3094 2087 3145 et
2119 3130 2168 3199 Ο

434 3182 592 3238 idem
654 3184 1007 3253 quandoque
1065 3183 1267 3238 mortis
1315 3198 1503 3253 genus
1543 3182 1663 3236 sive
1705 3180 1922 3252 gladio,
1967 3179 2088 3235 sive

438 3271 615 3335 mari,
649 3271 766 3325 sive
798 3271 976 3327 simili
1011 3270 1203 3340 aliquo
1235 3288 1373 3326 casu
1408 3271 1677 3325 subeunt.
1706 3272 1976 3323 Attamen
2007 3267 2091 3322 in-

436 3357 603 3414 venio
650 3374 755 3429 ego
805 3363 863 3412 et
912 3374 1208 3413 servorum
1267 3362 1440 3428 atque
1491 3357 1744 3412 militum
1804 3356 2090 3427 genesim,

439 3446 860 3517 quomodoipsi
877 3447 1213 3519 loquuntur,
1228 3446 1397 3501 heros
1411 3461 1689 3517 regesque
1701 3449 2090 3515 superantem.

448 3534 716 3591 Fallaciis
750 3536 901 3591 enim
935 3535 993 3591 hi
1027 3544 1125 3591 aut
1169 3535 1459 3591 lenocinio
1488 3536 1776 3591 interdum
1823 3533 2091 3590 dominos

440 3625 528 3679 vel
559 3624 672 3681 alia
715 3626 987 3695 quapiam
1046 3626 1271 3681 ratione
1326 3625 1761 3697 aggrediuntur,
1808 3640 1914 3680 sua
1960 3623 2089 3679 illos

442 3713 639 3783 genesi
685 3714 743 3769 in
789 3715 1057 3771 dominos
1108 3719 1394 3771 armante.
1428 3716 1589 3780 Quod
1624 3714 1672 3769 si
1716 3714 1861 3769 forte
1911 3713 2089 3785 patris

440 3802 695 3859 familias
738 3804 996 3875 genesim
1031 3805 1178 3860 hanc
1210 3804 1390 3860 servis
1433 3805 1569 3859 dare
1598 3804 1844 3859 nocendi
1884 3806 2090 3874 poten-

440 3892 578 3969 tiam
615 3893 886 3955 dixerint,
916 3894 1099 3966 magis
1124 3895 1298 3949 etiam
1333 3892 1740 3949 difficultatem
1772 3893 2086 3964 augebunt.

439 3980 564 4037 Non
597 3981 785 4037 solum
819 3985 975 4038 enim
1006 3983 1170 4055 [non]
1198 3984 1499 4039 inferiores
1530 3998 1659 4039 esse
1688 3983 1954 4037 subditos
1993 3998 2088 4039 co-

438 4070 551 4141 egit
582 4071 956 4128 dominorum
988 4072 1241 4144 genesis,
1267 4073 1363 4127 sed
1398 4079 1673 4144 pra-terea
1702 4070 1870 4126 illum
1897 4072 2088 4142 ipsum

436 4159 682 4229 vincere,
702 4161 873 4231 cujus
896 4164 986 4217 est
1006 4163 1268 4233 genesis;
1293 4170 1464 4233 atque
1484 4177 1581 4217 eos
1605 4161 1705 4233 qui
1730 4177 1833 4232 pro
1851 4177 1953 4215 suo
1975 4160 2089 4215 fato

439 4263 743 4319 nunquam
779 4252 1011 4304 tantum
1037 4250 1162 4305 ausi
1188 4250 1453 4315 fuissent,
1474 4250 1626 4322 regis
1647 4249 1745 4304 illa
1776 4249 2007 4321 genesis
2030 4250 2087 4304 in

438 4338 767 4408 ipsummet
797 4345 1085 4411 provocat.
1119 4340 1261 4397 Nam
1311 4341 1432 4396 fieri
1482 4341 1721 4396 omnino
1775 4340 1992 4410 nequit,
2027 4344 2092 4395 ut

2182 1926 2311 1996 γυνή
2347 1924 2380 1993 ἢ
2418 1925 2443 1977 ὀ
2476 1924 2634 1998 ἀνὴρ,
2669 1926 2857 2000 ἀγνοεῖ
2896 1925 2951 1982 δὲ
3005 1928 3087 1982 ὅτι
3120 1930 3153 1997 ἡ
3202 1930 3411 1984 τούτων
3459 1932 3577 1993 ἑνὸς
3607 1933 3845 1988 ἑκάστου

2183 2012 2387 2087 γένεσις
2440 2014 2528 2067 καὶ
2586 2014 2791 2090 ἀγαπᾷν
2848 2015 3133 2086 ἀλλήλους
3192 2019 3468 2092 ἠνάγκασε
3522 2022 3612 2075 καὶ
3673 2042 3845 2076 κακοο

2187 2099 2485 2174 δαιμονεῖν,
2520 2100 2791 2178 δριμείαις
2843 2104 3059 2169 ὀδύναις
3106 2103 3537 2181 περιϐάλλουσα,
3579 2116 3699 2171 ταῖς
3746 2132 3849 2165 τε-

2187 2190 2403 2252 λευταῖς
2434 2196 2538 2246 τῶν
2576 2193 2973 2268 στεργομένων.
3007 2200 3188 2251 Ταῦτα
3236 2198 3456 2267 ἀνέξοιτ’
3488 2200 3548 2252 ἄν
3582 2220 3663 2260 τις
3713 2205 3846 2254 νοῦν

2187 2278 2374 2354 ἔχωνς
2437 2280 2599 2335 πάλιν
2661 2279 2892 2344 δούλους
2958 2282 3373 2358 κακοδαιμονεῖν
3441 2287 3544 2341 ὑπὸ
3592 2295 3696 2358 τῆς
3745 2293 3849 2343 τοῦ

2189 2367 2452 2424 δεσπότου
2498 2367 2755 2444 γενέσεως
2801 2374 3199 2446 τερατεύονται,
3258 2376 3347 2429 καὶ
3406 2375 3577 2450 αἷγῶν
3639 2376 3849 2454 ἀγέλας

2188 2459 2276 2513 καὶ
2313 2460 2454 2532 βοῶν
2488 2460 2521 2528 ἢ
2576 2463 2685 2514 τῶν
2736 2458 2922 2516 ἄλλων
2957 2463 3108 2533 ξώων
3167 2463 3269 2518 ὑπὸ
3329 2470 3429 2533 τῆς
3486 2469 3584 2519 τοῦ
3644 2486 3850 2536 κεκτη-

2193 2549 2376 2620 μένου,
2409 2549 2499 2602 καὶ
2532 2547 2871 2624 στρατόπεδα
2901 2550 3063 2607 πάλιν
3107 2550 3197 2607 διὰ
3232 2554 3331 2623 τὴν
3372 2557 3469 2608 τοῦ
3522 2554 3804 2628 βασιλέως
3836 2576 3850 2589 ⁸

2190 2637 2278 2691 καὶ
2336 2641 2595 2692 τοσαῦται
2666 2637 2923 2714 μυριάδες
2990 2642 3246 2714 γενέσεων
3305 2644 3693 2717 ἀνατρέπονται
3758 2642 3851 2699 διὰ

2189 2728 2288 2794 τὴν
2338 2731 2435 2781 τοῦ
2485 2728 2601 2788 ἑνὸς
2646 2729 2680 2798 ἢ
2712 2729 2849 2803 πρὸς
2874 2730 2935 2783 τὸ
2986 2735 3174 2804 χεῖρον
3220 2732 3255 2801 ἢ
3308 2733 3443 2807 πρὸς
3483 2733 3544 2787 τὸ
3595 2733 3856 2805 ἄμεινον,

2194 2816 2371 2870 καίτοι
2431 2837 2491 2890 γε
2542 2821 2648 2871 τῶν
2720 2816 3096 2895 εὐτυχούντων
3153 2821 3187 2890 ἢ
3248 2817 3705 2896 δυσπραγούντων
3758 2819 3856 2877 διὰ

2196 2906 2298 2973 τὴν
2328 2909 2424 2960 τοῦ
2467 2906 2585 2967 ἑνὸς
2634 2908 2842 2981 γένεσιν
2878 2909 3073 2981 μυρίας
3124 2908 3365 2983 ἐχόντων
3406 2908 3671 2990 διαφορὰς
3716 2910 3855 2980 ἡλι-

2197 2998 2353 3063 κιῶν,
2416 2993 2696 3064 ἐνιαυτῶν,
2758 3001 2967 3069 μηνῶν,
3020 3000 3266 3073 ἡμερῶν,
3324 3000 3509 3072 ὡρῶν,
3568 3000 3853 3075 πατέρων,

2203 3082 2477 3156 μητέρων,
2517 3089 2808 3159 συγγενῶν,
2856 3087 3070 3141 καὶτὸν
3121 3087 3280 3142 αὐτὸν
3322 3086 3429 3142 ἔσθ’
3476 3089 3565 3144 ὅτε
3612 3093 3709 3143 τοῦ
3764 3092 3862 3145 θα-

2198 3172 2359 3228 νάτου
2401 3175 2603 3246 τρόπον
2649 3174 3058 3249 ὑπεροχμένων,
3107 3178 3201 3231 τὸν
3244 3174 3334 3231 διὰ
3388 3175 3618 3247 σιδήρου
3668 3180 3703 3247 ἢ
3758 3182 3863 3234 θα·-

2200 3261 2407 3332 λάσσης
2440 3260 2475 3332 ἤ
2516 3283 2660 3324 τινος
2696 3264 3084 3338 παραπλησίου
3135 3266 3564 3339 συμπτώματος.
3599 3268 3857 3342 Εὑρίσκω

2201 3350 2256 3406 δὲ
2298 3349 2469 3427 ἔγωγε
2507 3353 2595 3406 καὶ
2624 3355 2722 3423 τὴν
2753 3358 2859 3409 τῶν
2906 3353 3130 3410 οἰκετῶν
3175 3357 3209 3426 ἢ
3244 3362 3589 3431 στρατιωτῶν
3618 3360 3855 3433 γένεσιν,

2199 3442 2275 3503 ὡς
2307 3441 2369 3497 ἂν
2426 3442 2580 3497 αὐτοὶ
2620 3448 2792 3517 φαῖεν,
2852 3448 3151 3518 κρατοῦσαν
3187 3449 3284 3500 τοῦ
3345 3442 3607 3502 δεσπότου
3658 3450 3693 3518 ἢ
3751 3456 3854 3505 τοῦ

2204 3531 2472 3604 βασίλεως
2518 3552 2531 3566 ο
2590 3534 2832 3588 ἀπατῶσι
2891 3534 2994 3608 γὰρ
3049 3535 3083 3604 ἢ
3127 3536 3535 3613 φαρμάττουσιν
3594 3535 3705 3593 ἔσθ’
3762 3537 3857 3595 ὅτε

2198 3622 2326 3683 τοὺς
2384 3621 2668 3688 δεσπότας,
2702 3622 2737 3691 ἢ
2794 3622 2885 3677 καὶ
2956 3622 3142 3685 ἄλλως
3198 3623 3545 3697 ἐπιτίθενται,
3602 3635 3703 3697 τῆς
3759 3651 3859 3703 γεη

2196 3714 2393 3773 νέσεως
2440 3712 2635 3775 αὐτοὺς
2677 3714 2811 3768 κατὰ
2858 3716 2963 3767 τῶν
3009 3713 3211 3788 κυρίων
3260 3713 3626 3788 ὁπλιζούσης.
3684 3718 3743 3773 Εἰ
3795 3717 3855 3775 δὲ

2197 3800 2404 3877 λέγοιεν
2436 3804 2535 3871 τήν
2585 3806 2681 3855 τοῦ
2739 3799 3133 3857 οἰκοδεσπότου
3189 3802 3395 3879 γένεσιν
3456 3810 3574 3865 τοῖς
3629 3803 3856 3870 δούλοις

2199 3888 2404 3945 διδόναι
2437 3892 2535 3959 τὴν
2583 3892 2739 3965 ἰσχὺν
2766 3894 2863 3945 τοῦ
2912 3897 3298 3961 κακοποιῆσαι,
3349 3891 3581 3948 πλείονα
3628 3900 3853 3951 ποιοῦσι

2195 3980 2294 4047 τήν
2324 3980 2574 4053 ἀπορίαν.
2628 3982 2749 4053 [681
2786 3982 2878 4053 R.]
2927 3979 3003 4035 Οὐ
3035 3982 3139 4056 γαρ
3194 3980 3355 4054 μόνον
3404 3983 3673 4047 ἡττᾶσθαι
3720 3985 3853 4048 τοὺς

2200 4068 2475 4139 ὑπηκόους
2532 4070 2808 4145 ἠνάγκασε
2862 4072 2958 4123 τοῦ
3021 4068 3290 4142 βασιλέως
3348 4073 3383 4139 ἡ
3418 4068 3655 4147 γένεσις,
3703 4072 3856 4129 ἀλλά

2197 4158 2287 4212 καὶ
2346 4158 2511 4213 αὐτοῦ
2566 4162 2781 4232 κρατεῖν
2843 4158 2908 4211 οὗ
2967 4157 3078 4213 έστι
3130 4160 3257 4231 [353
3314 4160 3407 4233 H.]
3465 4160 3697 4234 γένεσις,
3759 4164 3854 4218 καὶ

2195 4249 2322 4308 τοὺς
2356 4248 2456 4302 οὐκ
2510 4247 2569 4301 ἂν
2618 4247 2723 4303 ἀπὸ
2774 4246 2974 4309 οἰκείας
3015 4246 3348 4322 εἱμαρμένης
3409 4253 3572 4304 τοῦτο
3628 4250 3854 4323 τολμή-

2199 4358 2391 4402 σαντας
2418 4340 2452 4406 ἡ
2482 4341 2579 4391 τοῦ
2642 4336 2907 4410 βασιλέως
2937 4336 3130 4410 ἐγείρει
3188 4338 3305 4391 κατ’
3344 4337 3509 4392 αὐτοῦ
3542 4357 3555 4370 ⁸
3619 4338 3681 4394 οὐ
3740 4342 3850 4416 γὰρ

437 4427 975 4484 totsimulmilitum
1008 4445 1251 4501 geneses
1276 4430 1548 4487 in2l5a
1579 4428 1799 4485 domini
1839 4433 2082 4485 mortem

2199 4429 2315 4482 οἷόν
2348 4447 2405 4482 τε
2434 4426 2706 4483 τοσούτων
2760 4428 2902 4499 ὁμοῦ
2942 4431 3290 4500 στρατιωτῶν
3341 4428 3573 4500 γενέσεις
3622 4429 3701 4491 εἷς
3748 4432 3848 4485 τὸν

440 4517 794 4587 conspirent.
831 4517 1089 4573 Civitatis
1119 4519 1253 4574 item
1287 4520 1517 4590 genesis
1549 4520 1607 4574 in
1642 4519 1968 4574 universam
1996 4518 2085 4572 in-

438 4604 698 4660 colarum
731 4605 1165 4664 multitudinem
1212 4607 1529 4680 imperium
1576 4607 1817 4663 obtinet.
1849 4608 2085 4671 Quando

438 4693 589 4749 enim
627 4693 744 4750 haec
774 4694 1009 4764 decidit,
1037 4696 1304 4753 inﬁnitas
1336 4700 1572 4753 aetatum
1604 4696 1913 4751 varietates
1954 4697 2085 4768 plu-

437 4783 595 4839 ribus
642 4785 955 4855 genesibus
1004 4787 1309 4843 distinctas
1339 4804 1368 4843 e
1398 4788 1580 4843 medio
1624 4784 1798 4853 tollit,
1833 4803 1948 4841 uno
1980 4785 2088 4842 hoc

437 4875 759 4946 eodemque
815 4876 1038 4932 excidio
1096 4882 1381 4933 evertens.
1415 4878 1498 4931 Ad
1532 4878 1796 4933 eumdem
1856 4893 2088 4948 quoque

438 4964 680 5020 modum
712 4970 769 5021 et
802 4981 902 5021 aer
932 4966 1285 5038 [corruptus]
1317 4971 1373 5022 et
1405 4967 1684 5021 diluvium
1716 4970 1897 5021 totam
1939 4982 2090 5037 saepe

435 5058 662 5125 gentem
682 5053 833 5110 delet
857 5074 870 5122 ;
894 5072 1081 5127 neque
1103 5056 1259 5111 enim
1282 5059 1618 5126 possunttol
1640 5071 1883 5126 geneses
1904 5072 2086 5110 unum

438 5144 647 5201 mortis
677 5161 861 5217 genus
893 5146 1172 5203 nancisci.
1206 5146 1266 5201 Si
1308 5148 1442 5218 quis
1474 5162 1642 5218 porro
1673 5146 1815 5201 illud
1849 5146 1956 5202 etsi
1988 5146 2093 5202 im-

440 5232 713 5302 possibile
743 5234 838 5304 sit,
875 5235 1149 5291 admittat
1178 5240 1373 5292 tamen
1407 5250 1660 5305 rursum,
1694 5234 1929 5307 [dicam]
1961 5235 2091 5290 civi-

440 5321 578 5376 tatis
596 5321 683 5377 vel
705 5325 853 5380 aeris
876 5325 1107 5396 genesis
1127 5343 1159 5381 a
1184 5325 1581 5381 multitudinis
1605 5325 1805 5398 genesi
1825 5325 2089 5396 vertitur,

441 5412 895 5481 atqueeduobus
908 5414 1155 5471 alterum
1174 5415 1773 5487 [concedendum],vel
1788 5414 2097 5471 multorum

2196 4516 2329 4571 κατὰ
2377 4521 2473 4571 τοῦ
2522 4513 2785 4571 δεσπότου
2852 4516 3076 4570 θάνατον
3137 4520 3470 4592 συμφωνεῖν.
3531 4519 3734 4590 Κρατεῖ
3790 4518 3851 4574 δὲ

2195 4606 2283 4659 καὶ
2327 4613 2426 4675 τῆς
2482 4604 2698 4667 πόλεως
2755 4607 2789 4673 ἡ
2840 4604 3042 4678 γένεσις
3088 4608 3190 4658 τοῦ
3248 4603 3497 4675 πλήθους
3549 4609 3656 4659 τῶν
3698 4607 3849 4661 ἐνοι-

2196 4694 2433 4750 κούντων
2471 4711 2483 4725 ⁶
2527 4692 2936 4749 καταπίπτουσα
2972 4694 3075 4770 γὰρ
3125 4690 3365 4762 ἡλικιῶν
3403 4695 3593 4768 μυρίας
3644 4690 3845 4771 διαφο-

2200 4787 2314 4859 ρὰς,
2406 4784 2623 4859 μυρίαις
2707 4784 2937 4859 γενέσεσι
3040 4780 3445 4855 διοικουμένας,
3531 4782 3740 4854 ἀναιρεῖ
3796 4786 3842 4822 ἰ

2198 4877 2372 4951 φθορᾷ
2433 4878 2529 4947 μιᾷ
2585 4873 2673 4927 καὶ
2733 4877 2801 4947 τῇ
2848 4873 2988 4945 αὐτῇ
3048 4869 3452 4947 διαφθείρουσα.
3496 4873 3593 4926 Καὶ
3653 4873 3680 4926 ὁ
3739 4874 3843 4949 ἀήρ

2198 4964 2430 5035 ὁμοίως,
2463 4961 2551 5017 κιί
2599 4959 2982 5033 κατακλυσμὸς
3031 4960 3289 5022 ὡσαύτως
3337 4958 3651 5034 ὁλόκληρον
3692 4960 3838 5023 ἔθνος

2196 5055 2468 5122 ἀφανίζων
2506 5071 2517 5083 ·
2578 5051 2640 5106 οὐ
2700 5052 2803 5126 γὰρ
2863 5050 2980 5105 οἶόν
3011 5069 3069 5105 τε
3125 5049 3391 5111 τοσαύτας
3440 5051 3673 5124 γενέσεις
3723 5050 3844 5123 μίαν

2198 5140 2342 5218 ἔχειν
2404 5139 2543 5197 ἰδέαν
2613 5138 2861 5195 θανάτου.
2923 5141 2987 5195 Et
3046 5136 3103 5193 δέ
3159 5159 3242 5199 τις
3309 5137 3401 5191 καὶ
3458 5137 3520 5193 τὸ
3581 5135 3840 5194 ἀδύνατον

2198 5237 2359 5288 τοῦτο
2392 5230 2732 5307 συγχωροίη,
2764 5228 2929 5284 πάλιν
2977 5227 3011 5297 ἢ
3046 5229 3092 5264 ²²
3121 5234 3219 5296 τῆς
3276 5225 3495 5288 πόλεως
3553 5228 3759 5301 γένεσις
3809 5230 3843 5298 ἢ

2196 5327 2293 5378 τοῦ
2326 5322 2479 5397 ἀέρος
2515 5320 2619 5375 ὐπὸ
2653 5326 2752 5388 τῆς
2783 5323 2892 5372 τῶν
2924 5314 3150 5373 πολλῶν
3202 5316 3595 5389 ἀνατέτραπται
3632 5335 3644 5348 ’
3679 5316 3770 5371 καί
3802 5321 3848 5354 ³³

2202 5410 2348 5467 δυοῖν
2380 5410 2619 5485 θάτερον,
2652 5408 2686 5478 ἢ
2717 5408 2811 5468 τὰς
2840 5410 2948 5461 τῶν
2980 5403 3206 5461 πολλῶν
3238 5405 3518 5479 ἀκυρῶσαι
3547 5406 3647 5474 τήν
3696 5406 3846 5479 μίαν,

1796 5522 2031 5578 νΑιιιιλΕ
2072 5520 2483 5578 LECTIONES.

514 5623 557 5715 ίξ
588 5621 989 5715 κακοὶδαίμογος
1017 5628 1099 5715 ς,
1179 5630 1223 5710 "9
1253 5624 1507 5715 εύδαξμον
1543 5636 1605 5686 Α,
1648 5630 1693 5665 ²⁰
1723 5627 1976 5702 ὀδύρεται
2009 5633 2098 5684 CA
2135 5645 2148 5683 :

442 5694 689 5752 fortasse
718 5694 1160 5769 legendum'cbq,
1196 5701 1235 5753 i.
1269 5716 1317 5756 e.
1351 5694 1507 5755 ὥστε.

2181 5624 2420 5701 ὠδύρετο
2612 5624 2656 5660 ’ί
2689 5622 2899 5698 ἀναιρεῖ
2938 5621 3026 5699 φθ.
3222 5621 3269 5656 ⁸³
3298 5619 3359 5691 ἢ]
3383 5620 3416 5688 ἢ
3451 5620 3485 5689 ἡ
3517 5622 3582 5678 C.
3658 5622 3705 5657 ⁸³
3732 5620 3851 5687 καὶ]
