4184 6212
365 304 483 364 853

1449 295 2000 359 BIBLIOTHECA.
2047 331 2122 346 --
2169 299 2342 361 COD.
2391 297 2703 362 CCXXIII.

3665 301 3782 364 εει

367 437 402 508 ἢ
453 436 657 506 ταύτην
704 439 772 509 τῇ
826 437 935 490 τῶν
985 431 1215 490 πολλῶν
1263 431 1638 504 ἀκολουθῆσαι
1678 441 1778 504 τῆς
1811 433 1998 490 οἷκεία‹

2129 443 2387 510 genesim
2421 439 2491 495 ab
2532 437 2630 495 illa
2663 457 2782 496 una
2817 438 3044 496 irritam
3089 441 3274 509 reddi,
3301 439 3390 498 vel
3440 445 3593 498 certe
3631 442 3782 500 hanc

366 524 772 600 ἆποσπωμένην
820 524 1107 600 ἐνεργείας.
1164 527 1247 582 Τὰ
1295 523 1342 578 δ’
1401 527 1538 581 αὐτὰ
1580 525 1754 602 λέγειν
1810 527 1868 581 ἃν
1928 525 2017 597 ε’ίη

365 617 453 670 καὶ
512 616 634 685 περὶ
682 613 858 685 ξύλων
899 615 991 669 καὶ
1043 615 1259 690 χόρτων
1298 613 1386 670 καὶ
1449 615 1688 690 βοτανῶν
1721 616 1810 670 καὶ
1858 618 2011 684 ζώων

369 707 641 762 ἁπάντων.
681 705 741 760 Εἰ
782 704 962 759 τοίνυν
1021 705 1076 759 αἱ
1133 705 1365 778 γενέσεις
1427 703 1515 758 ὑπ’
1561 703 1828 775 ἀλλήλων
1900 706 2020 760 ἁνα-

365 797 677 872 τρέπονται,
709 794 799 849 καὶ
829 795 885 848 αἱ
920 794 1014 867 μὲν
1046 797 1155 848 τῶν
1196 791 1405 848 παίδων
1454 794 1549 857 τὰς
1595 798 1700 848 τῶν
1750 793 2017 868 πατέρων,

372 888 423 940 αἱ
470 883 526 939 δὲ
580 883 790 939 τούτων
855 885 950 945 τὰς
1017 882 1237 938 ἐκείνων
1293 883 1596 958 ἀναιροῦσι,
1662 885 1749 939 καὶ
1807 885 1860 938 αἱ
1908 889 2015 939 τῶν

369 978 635 1048 συζυγιῶν
687 974 781 1036 τὰς
849 970 1136 1044 ἀλλήλων,
1194 971 1284 1027 καὶ
1342 973 1396 1026 αἱ
1452 977 1560 1028 τῶν
1626 972 1812 1028 οἰκιῶν
1888 974 2015 1036 τοὺς

368 1065 706 1127 ἐνοικοῦντας
762 1063 796 1131 ἢ
847 1064 902 1117 αἱ
959 1064 1168 1118 τούτων
1215 1063 1312 1124 τὰς
1359 1067 1468 1118 τῶν
1527 1062 1866 1135 οἰκημάτων,
1924 1065 2016 1118 καὶ

368 1152 558 1215 ἁπλῶς
615 1155 715 1207 ὅσα
772 1152 1118 1227 προείρηται,
1176 1153 1518 1227 πανταχόθεν
1561 1155 1595 1222 ἡ
1649 1153 1851 1229 γένεσις
1899 1155 2017 1208 ἑαυ-

362 1244 463 1312 τήν
496 1242 752 1316 ἀνέτρεψε
781 1241 872 1295 καὶ
905 1239 1168 1299 διέλυσεν.
1205 1240 1360 1296 Ἀλλ’
1391 1240 1538 1296 οὕτω
1582 1242 1678 1315 μὶν
1730 1243 1793 1298 τὸ
1924 1243 2015 1297 καὶ

372 1335 426 1406 μ’
457 1332 745 1413 κεφάλαιον
757 1376 769 1388 .

437 1513 524 1567 Ἐν
560 1509 616 1566 δὲ
644 1515 724 1583 τῷ
757 1513 803 1587 γ’
832 1509 920 1566 καὶ
957 1513 1013 1583 μ’
1045 1511 1206 1590 φησὶν
1239 1513 1321 1566 ὅτι
1354 1510 1638 1574 ποικίλαις
1668 1513 1764 1586 μὲν
1794 1513 2015 1585 πράξεσι

365 1603 452 1657 καὶ
480 1602 704 1656 πάθεσιν
731 1601 766 1669 ἢ
807 1606 1060 1679 φυσικαῖς
1092 1599 1126 1670 ἢ
1159 1599 1498 1675 αὐθαιρέτως
1528 1602 1594 1656 τὰ
1633 1599 1719 1656 ἐπὶ
1773 1608 1876 1676 γῆς
1923 1601 2010 1657 καὶ

363 1691 429 1746 τὰ
485 1688 538 1744 ἐν
585 1689 702 1764 ἀέρι
749 1691 839 1744 καὶ
890 1690 940 1745 ἐν
1003 1688 1242 1765 θαλάττῃ
1284 1689 1370 1744 καὶ
1420 1693 1582 1763 ἡμεῖς
1625 1689 2011 1766 ὁμολογοῦμεν

2129 528 2368 600 propria
2400 533 2632 585 exutam
2658 529 2935 596 efﬁcacia,
2970 529 3040 584 ab
3077 529 3172 585 illa
3223 530 3544 588 multorum
3569 533 3780 606 abripi.

2131 620 2463 692 Eademque
2486 621 2678 677 dicere
2701 619 2828 691 quis
2846 624 3042 691 posset
3065 621 3135 676 de
3165 620 3365 693 lignis,
3389 623 3777 695 graminibus,

2126 709 2323 765 herbis
2353 712 2408 765 et
2465 709 2740 764 omnibus
2799 709 3174 765 animalibus.
3217 709 3277 765 Si
3317 709 3497 782 igitur
3525 727 3772 783 geneses

2128 797 2257 854 alias
2280 797 2351 854 ab
2382 797 2510 853 aliis
2539 797 2789 854 invicem
2812 801 3166 866 evertantur,
3194 799 3272 854 ita
3305 803 3366 854 ut
3393 799 3648 856 ﬁliorum
3680 818 3777 873 ge-

2127 903 2297 942 neses
2329 894 2632 958 parentum
2666 886 2948 958 genesim,
2982 891 3038 942 et
3068 887 3276 942 horum
3311 903 3508 944 rursus
3540 889 3774 948 illorum

2127 976 2451 1040 destruant,
2476 980 2531 1031 et
2556 975 2828 1030 similiter
2858 977 3172 1046 conjugum
3205 977 3357 1032 inter
3387 994 3469 1045 se,
3503 982 3565 1033 ut
3595 983 3650 1035 et
3671 981 3774 1036 do-

2127 1080 2352 1119 morum
2411 1064 2639 1136 genesis
2684 1064 2814 1120 illas
2846 1065 3259 1132 habitantium,
3293 1065 3380 1122 vel
3429 1071 3633 1124 contra
3665 1069 3766 1124 ho-

2126 1170 2259 1209 rum
2292 1153 2479 1222 ipsam
2513 1153 2820 1209 domorum
2853 1153 3135 1224 genesim,
3160 1159 3356 1226 atque,
3387 1159 3454 1210 ut
3479 1157 3660 1212 semel
3684 1159 3772 1213 di-

2124 1258 2276 1310 cam,
2309 1259 2376 1298 ea
2407 1241 2550 1298 ﬁant
2599 1259 2724 1314 quae
2773 1243 2896 1314 jam
2953 1243 3107 1300 dicta
3139 1251 3294 1312 sunt,
3339 1244 3588 1316 ipsemet
3646 1262 3773 1302 sese

2124 1331 2350 1404 genesis
2400 1331 2654 1403 undique
2708 1333 2910 1388 evertit
2967 1336 3025 1388 et
3085 1332 3368 1389 dissolvit.
3412 1333 3504 1389 Sic
3537 1335 3771 1406 quidem

2124 1421 2310 1494 capite
2342 1420 2789 1494 quadragesimo
2821 1422 3076 1478 secundo
3111 1421 3388 1494 disputat.

2195 1511 2414 1567 Deinde
2446 1511 2631 1582 capite
2689 1511 2976 1582 proximo,
3017 1511 3196 1567 variis
3230 1512 3563 1570 actionibus
3593 1517 3770 1586 atque

2123 1599 2556 1665 affectionibus,
2578 1599 2763 1670 iisque
2781 1599 2868 1655 vel
2893 1598 3262 1655 naturalibus
3291 1599 3378 1656 vel
3401 1600 3620 1669 liberis,
3636 1603 3771 1659 sub-

2116 1692 2219 1763 jici
2251 1695 2371 1748 tam
2428 1708 2553 1764 quis
2591 1690 2648 1746 in
2703 1695 2879 1760 terra,
2913 1707 3086 1762 quam
3121 1708 3248 1764 quae
3279 1691 3339 1747 in
3372 1707 3503 1749 aere
3532 1698 3588 1749 et
3620 1696 3768 1750 mari

367 1781 683 1836 ὑποκεῖσθαι
719 1799 731 1811 θ
765 1779 828 1834 τὸ
860 1776 915 1834 δὲ
943 1780 1181 1854 ἀνάγκην
1214 1781 1550 1855 εἱμαρμένην
1588 1782 1802 1835 πάντων
1842 1780 1998 1836 αἰτίαι

2121 1782 2430 1847 exsistunt,
2464 1781 2638 1837 etiam
2676 1797 2804 1846 nos,
2833 1781 3048 1851 inquit,
3083 1781 3331 1837 fatemur
3365 1798 3377 1838 :
3408 1799 3471 1838 ac
3506 1785 3767 1840 necessi-

368 1870 500 1925 εἶναι
529 1870 614 1924 καὶ
659 1867 1031 1942 ἐκτρεπόμεθα
1060 1869 1148 1923 καὶ
1183 1866 1568 1949 διελέγχομεν,
1611 1869 1716 1924 ἀπὸ
1745 1874 1852 1924 τῶν
1882 1870 2014 1944 ἀψύο

368 1980 482 2036 χων
513 1961 816 2036 ἀρχόμενοι
851 1962 938 2015 καὶ
981 1959 1055 2023 εἷς
1084 1961 1150 2016 τὰ
1191 1961 1368 2035 ἄλογα
1420 1966 1531 2032 ζῶα
1576 1958 2009 2035 μεταϐαίνοντες,

365 2049 560 2105 ἐκεῖθεν
604 2049 681 2111 είς
740 2050 866 2111 τοὺς
915 2049 1169 2126 λογικοὺς
1220 2049 1537 2124 ἀνθρώποος
1579 2047 2008 2120 διαϐιϐάζοντες.

365 2140 591 2213 Μάγνης
620 2143 749 2212 γοῦν
777 2139 804 2192 ὁ
839 2137 990 2202 λίθος
1013 2136 1237 2213 σίδηρον
1262 2140 1508 2212 ἁρπάζει,
1532 2139 1622 2194 καὶ
1646 2139 1752 2215 οὐχ
1782 2141 2006 2214 ἁρπάζει

369 2229 556 2302 μόνον,
606 2225 752 2282 ἆλλὰ
801 2228 890 2281 καὶ
941 2225 1166 2300 δύναμιν
1207 2226 1470 2296 ἐντίθησιν
1519 2225 1702 2302 ἕτερον
1752 2230 2006 2303 ἁρπάσαι,

362 2318 608 2378 κάκεῖνος
638 2314 804 2371 πάλιν
855 2313 1032 2371 ἄλλον
1087 2318 1255 2393 μέχρι
1293 2316 1582 2373 πλειόνων.
1617 2317 1918 2392 Δίκταμνος
1963 2321 2006 2354 ²⁴

363 2409 398 2476 ἡ
441 2407 644 2481 βοτάνη
677 2405 844 2459 πάλιν
873 2411 988 2465 τοῖς
1023 2400 1268 2468 ἷόϐόλοις
1297 2406 1408 2461 ἐστὶ
1439 2408 1707 2480 πολέμιος
1741 2425 1754 2436 ·
1786 2408 1874 2462 καὶ
1906 2408 2006 2484 γὰρ

365 2497 454 2552 καὶ
487 2497 662 2570 μόνης
691 2503 791 2565 τῆς
825 2496 1002 2569 ὀσμῆς
1030 2492 1544 2571 ἀντιλαμϐανόμενα
1575 2499 1649 2560 εἷς
1695 2499 1758 2553 τὸ
1806 2499 2008 2573 ἁνενέρ-

364 2609 537 2666 γητον
593 2584 945 2661 μεταϐάλλει.
994 2589 1098 2643 Καὶ
1161 2588 1403 2662 βοτανῶν
1460 2587 1806 2664 ἀγλαοφωτὶς
1865 2591 2004 2662 μόνη

362 2682 624 2732 τοσοῦτον
658 2678 708 2731 ἐν
737 2677 886 2732 νυκτῖ
924 2675 1131 2750 λάμπει
1165 2676 1292 2732 ὅσον
1338 2680 1373 2747 ἡ
1423 2680 1767 2754 προσηγορία
1819 2676 2005 2751 δηλοῖ,

367 2765 458 2821 καὶ
489 2766 580 2820 τὸν
613 2766 983 2838 ἐπιθυμοῦντα
1034 2759 1222 2819 λαϐεῖν
1273 2766 1481 2842 φεύγει,
1512 2767 1600 2820 καὶ
1638 2771 1804 2822 ταῦτα
1851 2767 2005 2842 έρῥι-

358 2852 570 2927 ζωμένη
627 2853 794 2908 τόπον
855 2852 913 2908 ἐκ
967 2853 1139 2908 τόπου
1190 2854 1335 2927 παρᾶ
1365 2855 1522 2932 φύσιν
1553 2851 1954 2928 μεταϐαίνουσα
1986 2876 1999 2889 ο

355 2943 414 2998 ού
454 2943 554 3017 γὰρ
596 2943 852 3016 πρόσεστι
889 2947 1006 3002 τοῖς
1055 2939 1445 3018 ἐρῥιζωμένοις
1486 2943 1700 3014 κίνησις
1748 2947 1783 3014 ἡ
1846 2965 2000 3016 μετα-

351 3029 573 3104 ϐατική.
605 3029 944 3105 Χαμαιλέων
972 3033 1034 3086 τὸ
1098 3037 1234 3102 ζῶον
1287 3032 1363 3092 είς
1422 3031 1608 3089 πολλὰ
1639 3035 1910 3110 χρώματα
1933 3037 1995 3090 τὸ

348 3127 508 3195 σῶμα
550 3115 906 3194 μεταϐάλλει,
947 3120 1038 3175 καὶ
1091 3125 1340 3184 τοιοῦτος
1385 3123 1431 3157 ⁸⁵
1474 3121 1716 3198 φαίνεται
1765 3126 1880 3178 οἷον
1927 3125 1990 3179 τὸ

346 3209 652 3279 πλησιάζον
709 3209 798 3264 καὶ
838 3211 1237 3286 παρακείμενον
1294 3209 1462 3283 αὐτῷ,
1525 3211 1620 3266 κᾶν
1682 3210 1840 3283 ξύλον
1896 3213 1991 3267 κᾶν

349 3299 504 3362 λίθος
533 3299 629 3355 κᾶν
663 3299 805 3356 ἄλλο
837 3301 884 3336 ²⁶
914 3322 965 3355 τι
996 3305 1243 3356 τοιοῦτον
1275 3300 1311 3374 ᾖ
1343 3321 1355 3331 ”
1389 3303 1525 3376 πρὸς
1563 3302 1662 3378 γὰρ
1710 3304 1809 3372 τὴν
1853 3302 1990 3358 ἐκεί-

341 3409 436 3444 νου
473 3391 673 3464 χροιὰν
723 3389 981 3464 ἁρμόττει
1029 3391 1073 3426 2⁷
1119 3391 1219 3458 τὴν
1271 3391 1480 3448 ἑαυτοῦ.
1515 3392 1611 3446 Καὶ
1660 3393 1695 3462 ἡ
1747 3390 1992 3454 σελευκὶς

337 3479 400 3532 τὸ
439 3480 646 3548 πτηνὸν
696 3479 870 3540 οὕτως
933 3478 1076 3534 ἐστὶν
1135 3477 1344 3553 ἀκρίσιν
1409 3478 1682 3554 ὀλέθριον,
1719 3480 1853 3536 ὥστε
1902 3483 1988 3537 καὶ

342 3565 461 3620 ὅσαι
523 3566 583 3621 ἂν
642 3570 710 3639 τῇ
771 3571 895 3637 σκιᾷ
949 3565 1150 3633 ταύτης
1211 3565 1607 3638 καταληφθεῖεν
1659 3567 1988 3646 φθείρονται.

340 3653 576 3716 ’Ἀλλοις
608 3653 771 3710 πάλιν
802 3656 836 3724 ἡ
868 3653 980 3725 νὺξ,
1012 3653 1140 3710 ἀλλ’
1181 3653 1312 3728 οὐχὶ
1349 3654 1411 3708 τὸ
1443 3659 1558 3732 φῶς
1590 3653 1699 3710 ἐστι
1751 3660 1818 3730 τῇ
1870 3653 1990 3731 ὄψει

340 3741 630 3817 ἁρμόδιον.
666 3745 768 3801 Καὶ
817 3746 993 3822 τροφὴ
1035 3742 1198 3798 πάλιν
1250 3741 1444 3806 ἄλλοις
1476 3747 1509 3813 ἡ
1544 3743 1710 3816 ἑτέρῳ
1754 3747 1798 3780 ³⁸
1839 3747 1993 3801 θανά-

338 3855 522 3907 σιμος.
557 3831 731 3889 Ἀλλὰ
767 3833 858 3888 καὶ
889 3833 950 3888 τὸ
981 3833 1146 3888 ποτὸν
1181 3831 1243 3887 οὐ
1271 3839 1398 3887 πᾶσι
1431 3838 1546 3895 τοῖς
1580 3833 1743 3903 ζώοις
1787 3837 1992 3913 χρήσι-

340 3945 466 3996 μον.
496 3923 574 3980 Τὸ
607 3921 663 3978 δέ
691 3944 751 3997 γε
784 3924 964 3997 οὐρεῖν
991 3920 1338 3997 τετραπόδων
1377 3924 1469 3995 μὶν
1501 3922 1660 3985 ἐνίοις
1711 3925 1772 3979 οὐ
1822 3927 1986 3997 πρόσ-

335 4030 467 4081 εστι,
493 4014 710 4080 πτηνῶν
742 4007 799 4064 δὲ
830 4007 1030 4064 οὐδενί.
1067 4011 1164 4064 Καὶ
1194 4009 1243 4064 τί
1297 4007 1379 4064 δεῖ
1423 4009 1593 4086 λέγειν
1643 4012 1778 4066 κατὰ
1825 4010 1988 4088 μέρος

332 4101 428 4161 τὰς
468 4098 520 4154 ἐν
552 4105 668 4162 τοῖς
713 4100 874 4168 ζώοις
906 4102 1033 4171 [354
1063 4101 1154 4173 Η.]
1187 4103 1396 4174 τροφῆς
1444 4120 1499 4154 τε
1548 4100 1637 4155 καὶ
1679 4101 1850 4156 πότου
1895 4101 1986 4156 καὶ

335 4186 680 4245 διαπλάσεων
728 4188 816 4244 καὶ
862 4187 1010 4262 ᾠδῆς
1060 4190 1149 4244 καὶ
1197 4197 1357 4264 σιγῆς
1388 4189 1478 4244 καὶ
1523 4197 1696 4263 μονῆς
1728 4191 1815 4245 καὶ
1848 4191 1986 4246 ἁπο-

337 4276 545 4351 δημίας
593 4278 682 4333 καὶ
728 4275 999 4332 ἐπανόδου
1037 4279 1127 4333 καὶ
1190 4279 1485 4352 ὑπηρεσίας
1537 4280 1626 4334 καὶ
1672 4277 1984 4354 ἐλευθερίας

2117 1875 2297 1926 tatem
2332 1867 2564 1924 fatalem
2597 1869 2803 1925 horum
2829 1870 3096 1926 omnium
3118 1887 3356 1926 causam
3388 1885 3536 1939 esse,
3555 1872 3608 1927 id
3632 1889 3766 1930 vero

2117 1963 2174 2016 et
2203 1975 2562 2026 aversamur,
2597 1964 2653 2015 et
2683 1959 3121 2030 redarguimus,
3154 1960 3322 2016 ducto
3357 1961 3426 2016 ab
3486 1961 3768 2020 inanimis

2118 2048 2286 2104 initio
2317 2049 2387 2103 ad
2425 2048 2668 2104 rationis
2699 2048 2955 2118 expertia
2977 2048 3300 2104 animantia
3328 2049 3765 2120 descendentes,

2116 2137 2368 2208 indeque
2400 2137 2472 2192 ad
2506 2137 2802 2192 hominem
2837 2136 3062 2192 ratione
3087 2137 3399 2207 praeditum
3437 2155 3764 2197 sermonem

2118 2231 2538 2283 convertentes.
2565 2225 2802 2297 Magnes
2823 2225 3162 2297 igiturlapis
3186 2227 3399 2282 ferrum
3421 2228 3492 2284 ad
3508 2244 3569 2283 se
3594 2229 3764 2300 rapit,

2118 2331 2222 2370 nec
2253 2314 2379 2386 ipse
2411 2313 2558 2385 rapit
2588 2314 3018 2378 tantummodo,
3051 2314 3146 2368 sed
3179 2318 3237 2370 et
3268 2313 3407 2370 huic
3437 2315 3662 2387 aliquid
3692 2318 3765 2373 ad

2116 2419 2178 2460 se
2203 2405 2419 2459 ferrum
2480 2402 2744 2472 rapiendi
2803 2403 2920 2457 vim
2972 2402 3199 2470 tribuit,
3233 2407 3289 2458 et
3337 2402 3472 2459 huic
3517 2421 3759 2461 rursum

2117 2493 2297 2562 aliud,
2348 2495 2420 2549 ad
2456 2493 2621 2564 plura
2682 2509 2888 2565 usque.
2951 2493 3245 2549 Dictamus
3302 2511 3529 2567 quoque
3587 2497 3763 2554 herba

2115 2584 2411 2638 venenatis
2442 2583 2795 2639 animalibus
2827 2583 2969 2640 adeo
3001 2583 3243 2640 inimica
3273 2589 3383 2650 est,
3419 2591 3485 2641 ut
3515 2586 3603 2641 vel
3637 2587 3760 2643 solo

2115 2673 2360 2728 odoratu
2383 2678 2634 2744 recepta,
2668 2671 2913 2727 nocendi
2945 2671 3061 2727 vim
3093 2687 3328 2727 omnem
3360 2673 3589 2744 eripiat.
3625 2674 3760 2731 Sola

2117 2761 2252 2816 item
2285 2762 2439 2816 inter
2469 2761 2679 2816 herbas
2711 2759 3076 2832 aglaophotis
3115 2760 3229 2831 (6‘3)
3270 2760 3348 2816 ita
3379 2767 3550 2818 noctu
3584 2762 3755 2831 lucet,

2117 2854 2181 2906 ut
2211 2849 2466 2906 nominis
2497 2849 2884 2920 veriloquium
2920 2849 3160 2914 indicat,
3185 2855 3242 2905 et
3272 2865 3510 2922 carpere
3538 2868 3757 2908 conan-

2114 2946 2226 2997 tem
2256 2941 2509 3012 refugit;
2544 2940 2719 3010 idque
2751 2937 3004 2995 radicata
3037 2955 3168 2994 cum
3195 2939 3292 3006 sit,
3315 2939 3506 2996 locum
3540 2957 3608 2996 ex
3629 2941 3754 3000 loco

2107 3037 2312 3090 contra
2343 3035 2613 3088 naturam
2633 3034 2894 3086 mutans:
2915 3046 3102 3102 neque
3126 3029 3283 3087 enim
3298 3047 3423 3102 quas
3455 3033 3752 3090 radicibus

2109 3121 2321 3177 haerent
2353 3119 2653 3177 transitivo
2689 3124 2849 3176 motu
2909 3121 3151 3190 praedita
3195 3129 3348 3176 sunt.
3381 3120 3750 3178 Chamaeleon

2105 3211 2303 3267 adhaec
2337 3210 2555 3266 animal
2587 3209 2646 3265 in
2679 3209 2894 3264 multos
2929 3208 3150 3264 colores
3180 3225 3390 3280 corpus
3424 3214 3632 3277 mutat,
3654 3214 3748 3267 ta-

2103 3298 2296 3370 lisque
2327 3300 2567 3355 omnino
2598 3302 2862 3370 apparet,
2895 3297 3066 3369 quale
3093 3297 3248 3369 quod
3281 3296 3364 3353 illi
3397 3299 3742 3369 adjunctum

2105 3393 2284 3460 atque
2335 3388 2662 3459 subjectum
2712 3391 2821 3457 est,
2855 3387 2973 3443 sive
3003 3386 3255 3458 lignum,
3287 3387 3408 3444 sive
3437 3387 3610 3460 lapis,
3643 3404 3744 3444 seu

2104 3477 2244 3550 quid
2272 3477 2430 3534 aliud
2467 3477 2635 3533 fuerit
2668 3493 2682 3533 :
2741 3477 2812 3532 ad
2845 3474 3002 3532 illius
3045 3476 3201 3532 enim
3257 3476 3508 3534 colorem
3567 3478 3745 3534 etiam

2102 3585 2276 3626 suum
2308 3571 2486 3639 aptat.
2519 3567 2774 3622 Seleucia
2807 3565 3043 3636 insuper
3090 3566 3210 3622 avis
3243 3583 3430 3639 usque
3478 3568 3620 3624 adeo
3652 3566 3744 3624 lo-

2101 3658 2287 3714 custis
2309 3661 2398 3713 est
2426 3656 2682 3725 inimica,
2703 3655 2850 3712 215
2873 3656 2901 3710 b
2933 3659 2996 3710 ut
3021 3659 3310 3726 quotquot
3334 3656 3464 3725 ejus
3484 3656 3745 3712 umbram

2101 3749 2375 3816 subeunt,
2408 3747 2716 3802 intereant.
2752 3744 2896 3799 Aliis
2930 3761 3165 3800 rursum
3200 3760 3312 3800 nox
3341 3749 3430 3800 est
3451 3745 3520 3800 ad
3552 3745 3748 3800 viden-

2101 3837 2241 3892 dum
2263 3852 2438 3907 quam
2461 3835 2583 3890 dies
2603 3832 3124 3890 accommodatior:
3150 3832 3282 3888 aliis
3301 3833 3482 3889 etiam
3506 3832 3746 3888 alimen-

2101 3929 2225 3979 tum
2259 3923 2404 3978 illud
2438 3927 2550 3992 est,
2581 3922 2731 3992 quod
2775 3921 2939 3978 alteri
2974 3920 3184 3977 lethale
3215 3922 3314 3988 sit,
3347 3922 3445 3976 sed
3479 3926 3535 3977 et
3565 3925 3741 3993 potus

2100 4027 2214 4066 non
2231 4010 2503 4066 omnibus
2518 4008 2783 4065 cenvenit
2802 4008 3220 4064 animantibus.
3246 4009 3518 4075 Quaedam
3542 4008 3744 4066 ιιάῇωο

2098 4100 2156 4155 in
2191 4099 2694 4172 quadrupedibus,
2747 4097 2996 4154 volatilia
3055 4112 3186 4154 vero
3235 4097 3454 4165 omnia,
3515 4099 3741 4154 urinam

2099 4189 2380 4246 reddendi
2426 4187 2700 4244 facultate
2754 4186 3177 4246 destituuntur.
3208 4187 3278 4242 Et
3337 4187 3474 4258 quid
3536 4188 3744 4244 attinet

2097 4277 2387 4349 sigillatim
2419 4275 2806 4332 animantium
2840 4276 3102 4332 inﬁnitas
3133 4275 3488 4332 differentias
3519 4280 3644 4332 tum
3677 4276 3735 4332 in

333 4368 460 4440 [684
494 4368 586 4440 3.]
647 4365 1004 4444 σωφροσύνης
1044 4387 1102 4422 τε
1149 4365 1240 4422 καὶ
1289 4365 1644 4445 πολυγαμίας
1689 4367 1777 4423 καὶ
1827 4367 1986 4445 ἔργα·

2111 4369 2248 4437 :ibo,
2279 4373 2406 4424 tum
2439 4369 2498 4424 in
2533 4372 2694 4440 potu,
2727 4366 2784 4422 in
2811 4366 3018 4440 ﬁgura,
3037 4367 3095 4422 in
3119 4375 3291 4422 cantu
3315 4375 3367 4422 et
3389 4365 3647 4433 silentio,
3675 4367 3737 4423 in

332 4458 452 4516 σίας
493 4456 583 4511 καὶ
625 4454 817 4531 ἀργίας
859 4454 1193 4531 θρασύτητός
1243 4477 1302 4512 τε
1346 4456 1435 4511 καὶ
1479 4453 1688 4519 δειλίας
1725 4458 1815 4513 καὶ
1871 4462 1976 4514 τῶν

329 4543 519 4602 ἄλλων
567 4544 956 4620 ἀναριθμήτων
998 4541 1304 4621 διαφορὰς;
1355 4545 1494 4601 Ποία
1546 4545 1725 4602 τοίνυν
1769 4545 1978 4622 δρόμου

330 4633 546 4704 κίνησις
591 4631 815 4689 ἕκαστον
856 4633 1009 4709 γένος
1058 4637 1307 4689 τοιοῦτον
1343 4633 1648 4706 ὑπέστησε;
1683 4632 1771 4690 διὰ
1811 4637 1861 4691 τί
1925 4634 1981 4693 δὲ

329 4724 392 4778 τὸ
460 4722 592 4778 ὅλον
645 4724 798 4799 γένος
857 4726 1127 4792 τοιοῦτον,
1181 4724 1270 4778 καὶ
1311 4723 1436 4778 οὔτε
1483 4723 1664 4802 λαγὼς
1711 4727 1980 4800 θρασυνθῇ

329 4813 455 4870 οὔτε
485 4813 623 4870 λέων
659 4810 918 4869 δειλιάσει
951 4815 1016 4882 ³9,
1059 4812 1179 4868 οὐδ’
1218 4810 1360 4868 ἄλλο
1406 4835 1457 4869 τι
1503 4821 1602 4884 τῆς
1647 4816 1782 4870 κατὰ
1828 4816 1978 4893 γένος

327 4903 418 4959 καὶ
449 4902 838 4977 προσηκούσης
869 4903 1021 4976 αὐτῷ
1062 4901 1331 4977 ἐνεργείας
1371 4904 1472 4972 τὴν
1516 4906 1688 4979 φυγὴν
1741 4905 1977 4978 μελετή-

327 4989 894 5066 σειεν,ἆλλ’ἓκαστον
940 4990 1096 5066 γένος
1157 4991 1285 5047 ὅλον
1347 4993 1564 5066 ὅμοιον,
1600 4993 1763 5066 μόνον
1821 4996 1865 5031 ³ο
1922 4993 1978 5050 δὲ

321 5087 443 5145 ταῖς
471 5077 804 5156 μεταϐολαῖς
832 5081 896 5137 τὸ
924 5085 1033 5136 τῶν
1066 5082 1367 5155 ἀνθρώπων
1400 5083 1550 5158 γένος
1589 5081 1972 5155 ποικίλλεται;

2095 4457 2398 4514 mansione
2445 4465 2497 4512 et
2530 4457 2877 4529 migratione
2907 4473 2973 4513 ac
3028 4457 3244 4524 reditu,
3273 4455 3334 4512 in
3367 4457 3648 4528 obsequio
3681 4460 3738 4512 et

2090 4548 2382 4617 libertate,
2434 4547 2494 4603 in
2529 4547 2913 4619 temperantia
2957 4551 3013 4603 et
3051 4545 3316 4615 libidine,
3349 4546 3406 4601 in
3439 4545 3639 4602 labore
3679 4550 3736 4601 et

2093 4638 2211 4695 otio
2244 4637 2303 4692 in
2337 4635 2578 4692 audacia
2607 4639 2662 4691 et
2694 4634 3025 4702 timiditate,
3051 4643 3225 4707 atque
3248 4635 3307 4690 in
3328 4633 3456 4690 aliis
3485 4634 3736 4691 inﬁnitis

2094 4742 2394 4785 recensere
2421 4727 2450 4780 ?
2477 4724 2674 4789 Qualis
2703 4741 2837 4796 ergo
2869 4722 3144 4780 curriculi
3193 4723 3387 4780 fatalis
3423 4732 3613 4780 motus
3643 4729 3734 4780 ta-

2091 4818 2164 4874 lis
2192 4827 2252 4873 ut
2283 4822 2454 4886 esset,
2486 4831 2672 4888 genus
2697 4813 3000 4886 quodlibet
3021 4813 3210 4870 eﬁ‘ecit
3236 4814 3264 4868 ?
3293 4829 3398 4870 cur
3429 4829 3560 4869 vero
3597 4812 3735 4867 uni-

2088 4922 2319 4964 versum
2352 4920 2538 4978 genus
2567 4904 2855 4976 ejusmodi
2889 4908 2995 4972 est,
3021 4907 3085 4959 ut
3108 4901 3480 4974 nequelepus
3503 4902 3731 4969 audeat,

2090 5013 2276 5069 neque
2291 4998 2377 5053 leo
2393 5000 2619 5068 paveat,
2635 5011 2823 5068 neque
2842 4994 3000 5050 aliud
3016 4992 3202 5049 ullum
3219 4991 3462 5060 animal,
3477 4991 3734 5048 innatam

2089 5103 2196 5143 suo
2227 5087 2425 5159 generi
2456 5084 2854 5158 operationem
2883 5083 3060 5140 vitare
3083 5085 3322 5139 conetur
3345 5097 3359 5150 ;
3381 5081 3482 5138 sed
3515 5096 3731 5137 unum-

1681 5218 1917 5274 VARI/E
1974 5219 2368 5278 LECTIONES

399 5322 448 5358 ²⁴
479 5318 942 5395 δίκταμοςᾷςες.
993 5321 1064 5395 ν²⁸
1100 5324 1320 5395 τοιοῦτο
1350 5324 1421 5395 Α,

1501 5320 1718 5399 ²⁶ᾼᾶλλο
1749 5345 1799 5378 τι
1826 5331 1866 5379 Α
1895 5341 1908 5380 :
2006 5324 2164 5399 τι
2241 5326 2287 5360 ³⁷
2326 5324 2584 5398 ἁρμόττει
2604 5320 3005 5399 Αεάρμολογεῖ
3194 5324 3237 5360 ³⁸
3267 5321 3432 5396 ἑτέρῳ
3462 5321 3734 5378 Scbottus

326 5395 465 5452 libri
496 5389 673 5468 ὶτέρα.
750 5392 796 5428 ³⁹
827 5389 1074 5467 δὲιλιάσῃ
1269 5395 1314 5431 ⁸ο
1347 5393 1512 5466 μόνον
1539 5396 1814 5453 Schottus
1848 5415 1859 5452 :
1894 5398 2030 5453 libri
2071 5389 2284 5469 μῖόναις.

1918 5503 2152 5560 NOT/E.

400 5615 516 5691 (62)
546 5615 692 5689 Lege
726 5615 1003 5692 Plinium,
1040 5619 1142 5679 lib.
1178 5633 1328 5689 xxiv,
1376 5637 1507 5696 cap.
1549 5626 1629 5695 i7,
1662 5631 1718 5684 et
1746 5620 1955 5682 )Elian.
1989 5623 2064 5680 De
2083 5619 2314 5678 animal.
2349 5619 2446 5675 lib.
2481 5633 2592 5688 xlv,
2626 5631 2755 5689 cap.
2782 5616 2870 5671 27.
