4184 6212
417 308 534 368 855

1621 305 1885 365 ΡΗΟἹῚῙ
1931 305 2462 365 PATRIARCHE
2505 307 2620 368 GP.

3716 317 3848 375 856

418 441 692 514 quodque
722 457 911 514 genus
941 443 1127 495 totum
1168 437 1419 495 informe
1451 439 1546 505 sit,
1581 440 1865 510 solusque
1895 440 2069 494 homo

2204 436 2231 490 ιῖ
2264 435 2368 507 δ’ἡ
2399 440 2602 512 γένεσις
2632 437 2856 496 ’ἕκαστον
2912 443 3068 519 γένος
3110 441 3162 498 ἐν
3211 449 3292 517 τῷ
3337 445 3526 520 οἰκείῳ
3570 455 3676 518 τῆς
3740 450 3853 526 φύ-

422 528 1328 592 mutationibusvarietur?Quod
1363 529 1413 583 si
1436 544 1539 599 per
1564 529 1821 600 genesim
1855 545 2067 583 unum-

425 622 701 693 quodque
721 635 904 691 genus
926 618 983 672 in
1010 619 1240 689 proprio
1265 622 1483 672 natura;
1507 634 1666 672 more
1699 618 1918 689 ubique
1938 635 2069 673 con-

425 719 711 775 servatur,
744 708 1037 778 quomodo
1059 707 1418 762 contrarium
1454 709 1512 761 in
1545 707 1882 762 hominibus
1913 723 2071 778 repe-

425 798 623 854 ritur?
653 798 878 852 Etenim
902 797 961 850 in
981 811 1046 850 eo
1069 795 1355 850 timiditas
1387 800 1439 850 et
1472 795 1739 863 audacia,
1772 796 2077 851 iracundia

427 892 488 943 et
515 887 927 952 mansuetudo,
961 885 1312 956 improbitas
1350 889 1406 940 et
1437 884 1721 956 probitas,
1763 885 2075 955 omniaque

429 978 573 1032 adeo
605 975 913 1031 contraria.
948 973 1054 1028 Ubi
1077 979 1168 1028 est
1196 974 1379 1043 igitur
1399 973 1497 1028 ille
1527 990 1808 1043 geneseos
1826 974 2078 1028 cursus?

432 1065 533 1120 ubi
564 1069 790 1136 septem
823 1064 1090 1134 planetae,
1134 1068 1192 1117 et
1245 1063 1553 1118 duodecim
1613 1063 1825 1118 zodiaci
1857 1064 2021 1134 signa
2050 1063 2079 1116 ?

432 1154 582 1219 Quid
601 1153 838 1208 tandem
859 1152 1198 1207 hominibus
1221 1156 1443 1206 tantam
1469 1153 1686 1223 prabet
1704 1152 2074 1206 aﬁ'eclionum

433 1243 885 1313 studiorumque
906 1243 1258 1308 varietatem,
1283 1241 1504 1295 caeteris
1529 1257 1644 1296 non
1661 1241 1796 1295 item
1819 1242 1846 1294 Ῥ
1865 1242 2078 1295 Asinus

435 1333 596 1388 enim
627 1331 842 1402 ubique
875 1345 1052 1385 onera
1082 1335 1289 1397 gestat,
1325 1329 1582 1400 pardalis
1621 1346 1796 1398 rapax
1835 1334 1942 1398 est,
1970 1345 2082 1384 ce-

437 1427 679 1492 teraque
708 1419 921 1491 speciei
953 1437 1071 1474 suze
1101 1419 1363 1474 ordinem
1388 1423 1642 1474 servant.
1675 1419 1886 1474 Eodem
1912 1435 2078 1490 pror-

439 1526 542 1565 sus
579 1509 751 1564 modo
783 1513 844 1563 et
873 1523 1002 1578 quze
1058 1507 1246 1561 brutis
1302 1506 1705 1561 animantibus
1754 1506 2080 1561 secundum

441 1600 729 1670 cujusque
756 1597 1009 1669 speciem
1032 1596 1186 1650 inest
1218 1604 1445 1663 natura,
1479 1612 1610 1650 cum
1646 1595 1930 1667 genesim,
1962 1604 2080 1650 tum

443 1689 676 1745 circiter
705 1704 833 1744 eam
889 1687 1211 1743 exorienles
1267 1685 1490 1749 stellas,
1541 1702 1890 1757 omnemque
1921 1685 2082 1740 illam

2181 545 2316 586 σεως
2375 527 2496 594 ἤθει
2565 534 2845 604 πανταχοῦ
2902 527 3176 602 διασώζει,
3228 537 3348 595 πῶς
3411 534 3464 590 ἐν
3523 537 3855 611 ἀνθρώποις

2178 613 2489 669 τούναντίον
2550 616 2888 690 εὑρίσκεται;
2941 621 3029 674 καὶ
3089 622 3194 695 γὰρ
3253 619 3436 677 δειλία
3482 625 3576 679 καὶ
3638 627 3854 699 θρασύ-

2180 723 2301 792 της,
2336 705 2506 777 θυμὸς
2553 706 2639 760 καῖ
2681 709 2948 781 πραότης,
2996 711 3294 787 κακουργία
3349 711 3440 766 καὶ
3490 716 3856 792 χρηστότης,

2183 791 2271 846 καί
2325 792 2581 848 τάναντία
2635 795 2828 853 πάντα.
2871 801 2984 852 Ποῦ
3032 796 3127 852 οὖν
3177 801 3206 854 6
3254 806 3357 870 τῆς
3398 801 3666 877 γενέσεως
3710 802 3854 880 δρό-

2188 900 2323 952 μος;
2367 881 2473 956 ούχ
2512 884 2645 938 ἑπτά
2693 886 2746 938 οἱ
2793 884 3070 956 πλάνητες
3127 888 3213 942 καὶ
3275 887 3446 957 ζώδια
3481 887 3740 963 δώδεκα;
3797 892 3857 949 τί

2187 965 2253 1037 δή
2296 973 2414 1025 ποτ’
2447 971 2538 1025 οὖν
2571 977 2688 1032 τοῖς
2727 973 3036 1047 ἀνθρώποις
3069 977 3311 1056 παρέσχε
3362 981 3551 1034 παθῶν
3607 1001 3670 1036 τε
3723 1003 3858 1038 τοσ⁹

2187 1057 2355 1128 αύτην
2398 1058 2485 1112 καὶ
2545 1057 2989 1134 ἐπιτηδευμάτων
3032 1059 3319 1142 διαφοράν,
3350 1072 3469 1128 τοῖς
3511 1064 3570 1122 δὲ
3613 1066 3858 1134 λοιποῖς

2187 1145 2402 1215 ούκὲτι;
2446 1147 2619 1203 Ἀλλᾶ
2657 1154 2936 1223 πανταχοῦ
2999 1151 3094 1222 μὲν
3141 1149 3265 1216 ὄνος
3313 1154 3643 1234 ἀχθοφορεῖ,
3693 1159 3856 1230 πάρ-

2189 1233 2344 1298 δαλις
2377 1235 2431 1292 δὲ
2463 1240 2708 1311 ἁρπάζει,
2740 1239 2827 1293 καὶ
2859 1241 2924 1294 τά
2956 1238 3103 1295 ἄλλα
3132 1246 3228 1296 τοῦ
3269 1241 3446 1306 εἴδους
3474 1233 3586 1301 τὸν
3641 1249 3850 1322 εἱρμὸν

2190 1331 2442 1401 συντηρεῖ
2472 1327 2701 1399 ὁμοίως,
2725 1329 2814 1382 καὶ
2842 1333 2968 1398 νικᾷ
3012 1334 3121 1385 τῶν
3171 1331 3392 1408 ἀλόγων
3425 1335 3581 1403 ζώων
3635 1339 3670 1406 ἡ
3725 1342 3862 1394 κατ’

2190 1414 2335 1478 εἶδος
2367 1416 2522 1493 φύσις
2568 1421 2668 1487 τήν
2716 1438 2773 1473 τε
2814 1419 3020 1493 γένεσιν
3051 1421 3144 1475 καὶ
3171 1421 3299 1485 τοὺς
3328 1425 3858 1498 παρανατὲλλοντας

2190 1509 2276 1559 καὶ
2328 1506 2498 1560 πάντα
2544 1507 2634 1560 τὸν
2685 1508 2890 1581 μακρὸν
2933 1507 3136 1564 ἐκεῖνον
3179 1509 3345 1586 λῆρον
3407 1515 3474 1550 εί·
3508 1519 3621 1569 Ποῦ
3665 1518 3780 1592 γὰρ
3825 1521 3860 1573 ὁ

2191 1596 2406 1664 "Agna;
2447 1595 2592 1658 τίνος
2653 1602 2760 1650 τῶν
2821 1596 3038 1671 ἀλόγων
3091 1599 3299 1656 ὥπλισε
3357 1603 3496 1682 ξίφει
3567 1601 3779 1675 δεξιὰν,
3821 1607 3864 1677 ἤ

2194 1684 2399 1758 θώρακι
2446 1685 2508 1738 τὸ
2554 1685 2790 1757 σῶμα,ἢ
2819 1688 3003 1761 κράνει
3033 1689 3134 1757 τήν
3189 1690 3432 1769 κεφαλὴν
3493 1694 3863 1769 ἠσφαλίσατο

440 1780 680 1852 longam
697 1779 1004 1835 domorum
1022 1777 1337 1832 sartionem
1358 1776 1557 1831 vincit.
1585 1777 1692 1831 Ubi
1725 1777 1879 1832 enim
1900 1777 2089 1830 Mars?

2204 1774 2229 1844 ἢ
2275 1776 2485 1846 κνήμας
2526 1776 2559 1844 ἢ
2604 1773 2809 1843 πόδας;
2843 1776 2921 1832 Ού
2955 1778 3056 1852 γάρ
3098 1776 3298 1841 λύκους
3330 1778 3544 1837 ὥπλισε
3574 1785 3712 1838 κατά
3751 1784 3868 1840 λύο

443 1873 750 1941 cujusnam
770 1868 926 1924 bruti
950 1867 1264 1922 animantis
1285 1867 1574 1921 dexteram
1598 1865 1792 1938 gladio
1819 1865 2083 1931 armavit,

443 1960 537 2016 vel
575 1975 786 2030 corpus
814 1957 996 2012 lorica
1027 1957 1186 2021 texit,
1212 1955 1298 2010 vel
1321 1955 1484 2024 galea
1512 1960 1690 2026 caput
1729 1958 1950 2010 tutatus
1978 1959 2086 2021 est,

447 2052 548 2103 aut
569 2063 740 2103 crura
762 2049 861 2101 aut
885 2045 1060 2116 pedes
1081 2044 1109 2097 ?
1131 2043 1247 2098 Nec
1268 2042 1424 2099 enim
1447 2043 1648 2114 lupum
1679 2043 1740 2098 in
1769 2041 1973 2114 lupum
1995 2059 2088 2097 ar-

449 2137 649 2203 mavit,
670 2151 858 2206 neque
879 2134 1112 2188 leonum
1135 2149 1397 2202 unquam
1424 2133 1578 2188 acies
1596 2134 1745 2188 inter
1765 2149 1828 2188 se
1848 2130 2088 2188 commi-

449 2226 544 2281 sit.
571 2225 713 2290 Quis
743 2229 937 2279 autem
971 2236 1425 2278 commemorare
1455 2223 1704 2290 studeat,
1731 2237 1857 2294 quas
1889 2237 2088 2276 recen-

449 2330 576 2370 sere
609 2317 784 2385 queat
815 2328 982 2367 nemo
1003 2313 1031 2366 ?
1060 2311 1119 2366 Si
1150 2311 1306 2365 enim
1352 2309 1500 2365 nihil
1531 2316 1692 2366 extra
1713 2311 1970 2381 genesim
2002 2309 2084 2377 fit,

451 2403 745 2474 quomodo
777 2400 1002 2457 nullum
1021 2399 1205 2466 sidus,
1227 2415 1339 2455 non
1357 2415 1558 2454 errans
1581 2398 1769 2469 stella,
1789 2415 1902 2455 non
1921 2400 2090 2469 juxta

448 2492 663 2548 alicubi
697 2489 983 2558 exoriens,
1017 2505 1132 2544 non
1186 2487 1450 2557 signiferi
1483 2489 1720 2560 signum
1776 2489 1898 2545 haec
1946 2505 2090 2543 con-

451 2581 665 2653 genitis
696 2579 882 2635 brutis
913 2578 1154 2650 praabet,
1187 2593 1310 2647 quas
1333 2594 1466 2632 cum
1497 2577 1735 2633 homine
1761 2577 2092 2633 communi-

451 2671 602 2726 cavit
629 2671 658 2724 ?
688 2685 800 2725 non
834 2668 1134 2724 textoriam
1167 2671 1372 2736 artem,
1399 2683 1517 2722 non
1542 2667 1838 2722 ferrariam
1863 2682 1876 2721 :
1906 2683 2091 2738 neque

450 2759 595 2815 alios
626 2759 862 2830 quidem
887 2759 1197 2829 magistros
1224 2756 1355 2812 aliis
1379 2756 1475 2828 qui
1500 2757 1572 2811 ab
1591 2757 1849 2827 ejusdem
1880 2756 2092 2828 speciei

451 2850 625 2906 sociis
657 2849 941 2904 discerent
999 2847 1307 2903 constituit
1335 2847 1364 2902 ‘I
1393 2848 1452 2903 Si
1501 2847 1636 2919 quis
1683 2849 1833 2903 forte
1863 2865 1896 2902 a
1927 2846 2095 2902 nobis

451 2939 646 2996 doceri
696 2938 978 2995 animalia
1008 2939 1340 3005 contendat,
1366 2937 1618 3008 primum
1653 2937 1884 3009 quidem
1916 2953 2098 3009 pauca

453 3028 744 3100 ejusmodi
775 3028 1064 3093 ostendet,
1088 3032 1145 3083 et
1163 3043 1270 3082 cur
1291 3043 1407 3082 non
1431 3027 1604 3082 etiam
1637 3027 1834 3082 omnia
1855 3026 2099 3082 docean-

451 3079 1064 3187 {LI-IEiiébiii'aéait'
1090 3079 1510 3170 aggeras;
1544 3079 2098 3187 Bassaniam
2129 3079 2172 3145 α

455 3213 649 3262 mente
678 3209 778 3259 aut
806 3203 1213 3274 intelligentia,
1236 3203 1733 3274 quemadmodum
1765 3203 1941 3259 homo
1965 3223 1978 3272 ;
2000 3205 2096 3259 sed

454 3294 656 3350 fraude
685 3293 774 3349 vel
805 3293 1016 3347 timore
1047 3292 1327 3348 animalia
1357 3293 1658 3348 docentur.
1707 3294 2101 3357 Quemadmo-

456 3383 601 3438 dum
635 3381 824 3451 canis,
869 3381 954 3436 vel
1011 3381 1207 3446 simia,
1267 3380 1357 3436 vel
1412 3398 1625 3453 equus,
1661 3384 1708 3437 si
1764 3381 2101 3438 verberibus

470 3475 821 3537 coerceatur,
853 3486 920 3525 ea
949 3486 1074 3541 qua:
1106 3479 1336 3526 ostensa
1366 3470 1450 3525 illi
1471 3480 1608 3526 sunt
1644 3471 1909 3528 observat
1940 3488 1954 3527 :
1985 3489 2099 3528 non

456 3562 610 3633 quod
647 3560 766 3615 haec
814 3559 1007 3616 216a
1057 3559 1292 3616 domino
1322 3559 1487 3617 utilia
1510 3561 1628 3618 fore
1667 3561 1974 3629 existimet,
2000 3563 2101 3618 sed

455 3652 611 3723 quod
635 3651 916 3718 caedatur,
939 3655 998 3706 ni
1026 3651 1224 3708 faciat.
1251 3652 1539 3708 Psittacus
1569 3668 1796 3724 quoque
1836 3658 1965 3708 astu
1998 3653 2100 3708 de-

462 3745 668 3814 ceptus
727 3741 1074 3813 [humanam
1133 3745 1358 3813 vocem]
1400 3742 1682 3810 imitatur,
1737 3743 1973 3814 quando
2005 3759 2106 3815 per

461 3831 771 3903 speculum
805 3830 1143 3903 appositum
1174 3848 1290 3888 non
1333 3833 1738 3890 animadvertit
1768 3849 1941 3905 quem
1971 3834 2108 3889 imi-

463 3927 638 3979 tetur.
659 3922 938 3980 Clanculo
961 3923 1120 3978 enim
1147 3928 1279 3995 post
1299 3923 1602 3996 speculum
1633 3926 1787 3996 quod
1811 3924 2105 3997 objectum

464 4015 550 4068 est
579 4011 924 4083 loquuntur,
958 4029 1086 4083 quae
1128 4013 1350 4069 discere
1381 4014 1540 4084 ipsos
1581 4015 1822 4086 cupiunt
1856 4032 1870 4070 :
1903 4017 2109 4088 psitta-

465 4117 568 4156 cus
597 4115 752 4166 vero,
786 4107 946 4156 ratus
1004 4117 1066 4156 se
1095 4101 1275 4157 alium
1335 4103 1647 4174 psittacum
1696 4104 1911 4173 videre,
1942 4122 2111 4162 voces

466 4188 599 4244 illas
631 4187 958 4260 exprimere
976 4193 1240 4255 conatur,
1265 4189 1409 4245 nihil
1433 4190 1666 4246 interim
1687 4207 1814 4262 quae
1837 4192 2116 4248 dicuntur

466 4276 826 4350 intelligens,
857 4294 987 4333 cum
1019 4280 1216 4335 omnia
1237 4280 1540 4336 articulate
1570 4281 1856 4337 didicerit.
1889 4283 1958 4338 Et
1986 4298 2115 4339 vero

470 4365 632 4420 solus
686 4367 992 4436 psittacus,
1053 4385 1168 4423 non
1201 4374 1396 4424 autem
1456 4369 1677 4441 aquila,
1741 4387 1924 4443 neque
1956 4372 2112 4428 aliud

469 4453 651 4509 ullum
676 4454 894 4511 animal
943 4458 1025 4512 sic
1059 4457 1314 4513 docetur.
1375 4461 1440 4512 At
1475 4461 1768 4530 quomodo
1823 4478 1937 4517 non
1967 4461 2111 4520 illud

473 4558 705 4598 rursum
730 4547 934 4600 contra
962 4546 1194 4617 genesis
1227 4545 1439 4618 legem,
1473 4549 1628 4619 quod
1671 4565 1804 4604 cum
1848 4549 1969 4606 hac
2001 4567 2116 4606 caa-

475 4637 598 4687 tera
627 4632 905 4689 animalia
960 4636 1187 4691 ratione
1246 4636 1521 4692 destituta
1552 4638 1857 4708 producat,
1907 4656 2112 4697 eorum

474 4725 669 4777 tamen
702 4721 895 4793 aliqua
925 4725 996 4780 ab
1028 4724 1373 4781 hominibus
1397 4725 1733 4798 doceantur,
1765 4737 2114 4802 superetque

470 4827 754 4884 geneseos
784 4813 1066 4870 terminos
1099 4816 1148 4870 is
1194 4816 1292 4887 qui
1323 4833 1627 4888 nunquam
1681 4817 1855 4888 hujus
1889 4819 2114 4891 legibus

471 4901 731 4960 solvitur.
766 4902 822 4958 Si
872 4919 1006 4959 vero
1037 4905 1209 4960 etiam
1242 4921 1380 4976 apes
1410 4906 1482 4961 ab
1515 4906 1765 4962 invicem
1807 4907 1994 4963 doceri
2027 4908 2114 4964 di-

467 4993 678 5055 xerint,
729 4991 788 5047 in
817 4991 910 5048 his
973 5008 1205 5065 quoque
1264 4993 1479 5050 falsum
1533 4998 1812 5051 tuentur:
1845 5014 1878 5051 a
1911 5001 2116 5054 natura

477 5083 656 5150 enim,
689 5100 803 5140 non
836 5085 908 5139 ab
963 5088 1087 5140 arte
1116 5087 1386 5156 operatur
1432 5084 1579 5158 apis.
1639 5087 1977 5158 Quanquam
2033 5089 2116 5146 sic

480 5172 656 5228 etiam
701 5173 1023 5231 difﬁcultas
1081 5179 1380 5247 augeatur.
1416 5177 1529 5231 Cur
1583 5176 1740 5232 enim
1773 5193 1962 5250 neque
2001 5177 2117 5234 alia

468 5259 530 5316 in
559 5277 664 5317 suo
694 5278 938 5336 quaque
966 5280 1180 5337 genere
1211 5264 1364 5321 inter
1393 5281 1455 5322 se
1479 5269 1580 5322 aut
1617 5267 1846 5335 docent,
1880 5273 1982 5324 aut
2009 5269 2115 5325 do-

470 5353 676 5406 centur
702 5352 730 5406 ?
757 5351 896 5416 Quis
930 5354 1087 5410 enim
1121 5370 1323 5410 corvos
1353 5359 1455 5411 aut
1501 5355 1757 5413 vultures
1787 5357 1979 5414 volare
2009 5358 2116 5413 do-

2195 1885 2327 1933 κων,
2387 1861 2513 1917 οὐδὲ
2561 1862 2793 1918 λεόντων
2872 1867 3225 1938 συνεκρότησε
3305 1867 3608 1946 φάλαγγας.
3672 1873 3865 1929 Ἀλλ-ἆ

2194 1952 2278 2016 τίς
2309 1951 2557 2025 διεξιέναι
2590 1951 2930 2027 φιλονεικοίη
2963 1955 3030 2008 τά
3060 1952 3403 2028 ἆδιεξίτητας
3437 1959 3483 2013 εί
3534 1962 3639 2034 γαρ
3692 1961 3867 2017 οὐδὲν

2197 2043 2348 2104 ἐκτὸς
2408 2037 2689 2115 γενέσεως,
2730 2047 2849 2102 πῶς
2918 2040 3094 2105 οὐδεὶς
3146 2045 3341 2119 ἀστὴρ,
3385 2047 3447 2101 ού
3501 2047 3740 2120 πλάνης,
3794 2052 3866 2106 οὗ

2196 2129 2644 2207 παρανατέλλων,
2675 2131 2736 2184 ού
2789 2128 2982 2200 ζώδιον
3012 2137 3181 2188 ταῦτα
3225 2141 3341 2196 τοῖς
3373 2137 3672 2214 ὁμοφυέσιν
3705 2138 3856 2194 ἀλό-

2195 2241 2311 2295 γοις
2373 2219 2625 2296 παρέχει,
2668 2223 2754 2282 οἷς
2797 2222 2890 2276 τὸν
2957 2222 3237 2296 ἄνθρωπον
3292 2226 3685 2300 κατεμέρισεν;
3737 2230 3860 2306 οὐχ

2199 2311 2509 2388 ὑφαντικὴν,
2544 2309 2606 2364 οὐ
2639 2309 3047 2385 χαλκευτικήνς
3079 2313 3142 2368 οὐ
3180 2317 3287 2368 τῶν
3347 2315 3444 2387 μὲν
3474 2317 3552 2377 εἰς
3592 2315 3860 2374 διδασκά-

2199 2398 2354 2466 λους,
2411 2398 2537 2460 τοὺς
2605 2397 2663 2453 δὲ
2718 2401 2862 2473 παρά
2915 2405 3022 2455 τῶν
3079 2399 3347 2474 ὁμοειδῶν
3400 2406 3693 2476 μανθάνειν
3731 2429 3862 2462 συν-

2198 2490 2460 2559 ἐστησεν;
2504 2487 2549 2542 εἷ
2617 2487 2674 2542 δέ
2722 2510 2805 2552 τις
2867 2490 2996 2565 παρ’
3051 2492 3212 2565 ἡμῶν
3281 2490 3626 2550 διδάσκεσθαι
3679 2501 3860 2552 ταῦτα

2201 2579 2330 2655 ἐρεῖ,
2362 2583 2578 2652 πρῶτον
2615 2578 2707 2651 μὲν
2745 2576 2910 2653 ὀλίγα
2935 2576 3112 2650 δείξει,
3144 2581 3233 2636 καὶ
3284 2579 3374 2636 διά
3419 2583 3470 2638 τί
3525 2585 3604 2656 μὴ
3645 2587 3858 2656 πάντα,

2199 2668 2366 2724 πλὲον
2394 2668 2660 2740 ἀπορήσει
2687 2687 2699 2698 ·
2735 2664 2982 2742 δεύτερον
3019 2667 3150 2747 οὐχὶ
3179 2675 3255 2742 νῷ
3283 2671 3374 2726 καί
3405 2673 3686 2750 ἐπιστήμῃ
3743 2677 3861 2731 ὥσ-

2201 2779 2300 2834 περ
2325 2757 2628 2830 ἅνθρωπος,
2669 2755 2793 2812 ἀλλ’
2825 2757 3003 2832 ἀπάτῃ
3045 2758 3080 2828 ἢ
3113 2754 3268 2833 φόϐῳ
3297 2757 3629 2832 διδάσκεται,
3663 2761 3861 2837 ὥσπερ

2203 2849 2349 2904 κύιυν
2389 2847 2727 2919 τυπτόμενος
2765 2848 2801 2916 ἢ
2831 2847 3061 2917 πίθηκος
3091 2849 3126 2917 ἢ
3153 2846 3325 2911 ἵππος
3355 2856 3515 2925 τηρεῖ
3542 2853 3610 2906 τά
3641 2850 3867 2907 δεικνύ-

2211 2959 2365 3011 μενα,
2398 2937 2506 3012 οὐχ
2535 2934 2616 2990 ὅτι
2647 2940 2816 2990 ταῦτα
2843 2940 2923 3008 τῷ
2955 2933 3188 3011 δεσπότῃ
3224 2939 3480 3016 χρήσιμα
3519 2945 3683 3008 νοῶν,
3727 2942 3870 2998 ἀλλ’

2209 3029 2294 3083 ὅτι
2355 3028 2430 3100 μὴ
2479 3030 2651 3080 ποιῶν
2710 3028 2986 3081 τύπτεται.
3020 3028 3123 3083 Καὶ
3191 3029 3452 3100 ψιττακὸς
3493 3029 3874 3104 ἀπατώμενος

2214 3121 2507 3190 μιμεῖται·
2552 3113 2799 3189 ἐσόπτρῳ
2847 3112 2947 3190 γὰρ
3007 3117 3392 3189 παρακειμένῳ
3455 3120 3555 3188 τήν
3619 3119 3872 3195 μίμησιν

2207 3205 2514 3261 κλέπτεται.
2567 3204 2926 3267 Λανθάνοντες
2996 3203 3099 3280 γὰρ
3171 3201 3388 3260 ὄπισθεν
3465 3204 3703 3264 λαλοῦσι
3768 3218 3875 3267 τοῦ

2209 3293 2593 3368 παρατεθέντος
2659 3291 2946 3366 ἐσόπτρου,
3006 3292 3038 3346 ἃ
3095 3295 3376 3366 μανθάνειν
3431 3294 3667 3359 ἐκείνους
3738 3300 3876 3375 βοῦ-

2211 3385 2396 3442 λονται
2430 3403 2443 3415 ·
2486 3385 2514 3438 6
2547 3379 2604 3437 δὲ
2661 3381 2920 3456 ψιττακὸς
2965 3380 3136 3437 ἄλλον
3197 3380 3373 3439 δοκῶν
3420 3385 3548 3460 ὁρᾷν
3599 3390 3872 3460 ψιττακὸν

2213 3472 2427 3530 σπεύδει
2486 3474 2623 3548 πρὸς
2665 3471 2899 3546 μίμησιν
2955 3477 3064 3526 τῶν
3122 3469 3328 3528 ἐκείνου
3377 3481 3592 3552 φωνῶν,
3627 3477 3693 3532 οὗ
3755 3485 3874 3534 τῶν

2213 3563 2529 3642 λεγομὲνων
2577 3560 2720 3636 ἔχων
2771 3562 2958 3632 νόησιν
2993 3581 3006 3594 °
3061 3561 3236 3617 πάντα
3275 3563 3379 3640 γὰρ
3412 3564 3473 3618 ἃν
3505 3565 3554 3602 ³³
3585 3565 3872 3643 ἐνάρθρως

2215 3653 2499 3727 ἐμανθανε.
2560 3649 2656 3704 Καὶ
2719 3650 2826 3722 μὴν
2871 3649 2962 3704 καὶ
3019 3651 3278 3724 ψιττακὸς
3334 3652 3523 3724 μόνος,
3581 3653 3708 3710 ἀλλ’
3764 3657 3872 3711 οὐχ

2218 3745 2370 3805 ἀετὸς
2403 3739 2529 3798 οὐδὲ
2558 3740 2624 3795 τὰ.
2654 3738 2800 3796 ἄλλα
2826 3744 2934 3794 τῶν
2978 3740 3130 3811 ζώων
3181 3742 3246 3796 τὰ
3303 3740 3512 3797 ἐκείνου
3553 3741 3871 3802 διδάσκεται

2219 3833 2395 3891 Ἀλλά
2430 3833 2521 3887 καὶ
2560 3835 2678 3894 πῶς
2733 3830 2834 3884 οὐκ
2890 3828 3020 3884 αὐτὸ
3059 3833 3222 3885 τοῦτο
3254 3829 3419 3886 πάλιν
3447 3832 3594 3906 παρᾶ
3621 3833 3714 3888 τὸν
3767 3843 3873 3904 τῆς

2218 3923 2472 4000 γενέσεως
2522 3922 2734 3994 νὸμονς
2775 3918 2948 3994 ἄλογα
3011 3920 3113 3995 γὰρ
3172 3918 3349 3990 ἐκείνη
3390 3922 3458 3975 τὰ
3496 3921 3603 3977 ὅλα
3660 3926 3706 3961 ³³
3759 3931 3878 3995 ζῶα

2222 4017 2388 4083 ποιεῖ,
2417 4008 2656 4066 διδάσκει
2717 4006 2773 4064 δὲ
2817 4007 2989 4063 αὐτῶν
3024 4009 3052 4063 6
3109 4006 3394 4083 ἅνθρωπος
3447 4005 3580 4082 ἔνια,
3612 4013 3703 4068 καὶ
3753 4020 3880 4085 νικᾷ

2221 4110 2320 4171 τῆς
2349 4100 2605 4176 γενέσεως
2645 4098 2774 4160 τοὺς
2806 4097 2966 4171 δρυυς
2997 4099 3025 4152 6
3068 4094 3344 4172 μηδέποτε
3387 4100 3597 4154 τούτων
3629 4100 3877 4158 ἀπολυό-

2227 4213 2408 4266 μενος.
2463 4189 2523 4246 Εἰ
2583 4187 2640 4244 δὲ
2694 4188 2784 4242 καὶ
2834 4187 2929 4249 τὰς
2991 4185 3245 4260 μελίττας
3300 4185 3570 4244 διδάσκειν
3620 4189 3879 4262 ἀλλήλας

2227 4288 2398 4356 φαῖεν,
2456 4279 2729 4333 κάνταῦθα
2775 4277 2837 4331 τὸ
2905 4273 3104 4349 ψεῦδος
3171 4274 3433 4349 ἐτίμησαν
3469 4296 3483 4312 ·
3545 4277 3607 4333 ἐκ
3665 4281 3879 4356 φύσεως

2147 4395 2190 4460 D
2225 4373 2350 4446 γὰρ,
2412 4372 2538 4460 [3⁸όὸ
2578 4369 2669 4440 Η.]
2714 4363 2852 4460 ,αλλῗ
2891 4364 2989 4419 οὐκ
3027 4365 3143 4460 ’ἀπὸ
3186 4363 3726 4460 τέχνηςηεργάζεται
3777 4370 3875 4442 μέ..

2225 4460 2404 4517 λισσα.
2436 4457 2590 4527 Πλὴν
2641 4454 2730 4510 καὶ
2791 4454 2932 4509 οὕτω
2988 4455 3050 4509 τὸ
3107 4451 3310 4530 ἄπορον
3357 4453 3575 4526 αὔξεται
3610 4475 3624 4486 ·
3673 4455 3762 4512 διὰ
3817 4461 3874 4513 τί

2222 4551 2322 4626 γὰρ
2367 4550 2442 4621 μή
2493 4547 2582 4600 καὶ
2611 4546 2677 4598 τὰ
2706 4543 2852 4600 ἄλλα
2881 4542 3018 4598 κατά
3045 4544 3201 4619 γένος
3234 4542 3457 4614 ἄλληλα
3489 4545 3578 4599 καὶ
3629 4543 3871 4601 διδάσκει

2221 4639 2311 4694 καὶ
2371 4635 2718 4703 διδάσκεταις
2749 4633 2840 4695 Τίς
2899 4630 2956 4688 δὲ
3014 4633 3249 4707 κόρακας
3279 4633 3370 4688 καὶ
3419 4638 3595 4709 γῦπας
3632 4632 3868 4706 ἐδίδαξεν

2215 4727 2495 4793 ἵπτασθαι,
2549 4723 2640 4786 οὒς
2698 4719 2825 4777 οὐδέ
2899 4721 3110 4799 τρέφειν
3163 4722 3214 4774 οἱ
3261 4725 3644 4798 γεγεννηκότες
3698 4724 3871 4801 πεφοδ-

2223 4835 2384 4885 κασι;
2418 4815 2548 4888 [685
2578 4813 2669 4885 R.]
2702 4814 2818 4872 πῶς
2849 4806 2894 4864 δ’
2926 4807 2979 4864 ἐν
3011 4810 3059 4844 3‘
3086 4808 3272 4870 αὐτοῖς
3316 4810 3363 4846 ³⁸
3390 4809 3616 4866 ἀπεῖπεν
3647 4814 3682 4882 ἡ
3718 4813 3876 4888 βασι-

2224 4903 2350 4967 λέας
2409 4906 2641 4958 ποιοῦσα
2691 4899 2780 4954 καὶ
2838 4896 3108 4973 ἄρχοντας
3137 4899 3385 4973 γὲνεσις;
3422 4898 3544 4954 οὔτε
3594 4901 3701 4977 γὰρ
3757 4899 3878 4962 ὄνος

2225 4992 2360 5050 ὄνων
2390 4989 2514 5047 οὔτε
2556 4989 2738 5046 λύκων
2778 4984 3090 5043 ἐϐασίλευσε
3141 4987 3307 5049 λύκος
3333 5008 3344 5020 ·
3395 4986 3518 5044 οὐδὲ
3559 4991 3588 5044 ὁ
3638 4991 3735 5064 μὲν
3789 4991 3881 5046 αὖ·

2223 5089 2328 5140 τῶν
2359 5083 2594 5149 πένεται,
2627 5081 2654 5134 6
2687 5077 2744 5133 δὲ
2800 5077 3030 5133 πλουτεῖ
3063 5097 3076 5109 °
3112 5074 3237 5132 οὐδέ
3290 5081 3398 5132 τῶν
3449 5077 3642 5133 ἄλλων
3703 5079 3878 5151 οὐδὲν,

2226 5176 2310 5237 οἷς
2340 5175 2402 5228 τὸ
2441 5170 2779 5242 ἀνθρώπινον
2811 5167 2968 5242 γένος
3017 5166 3455 5240 καταμερίζεται,
3493 5171 3612 5222 11οὖ
3677 5170 3766 5224 οὖν
3825 5172 3882 5225 οἱ

2223 5258 2720 5339 παρανατὲλλοντες
2753 5256 2843 5310 καὶ
2874 5259 2909 5326 ἡ
2947 5257 3152 5331 γένεσις
3196 5256 3288 5310 καὶ
3317 5255 3379 5310 τὸ
3430 5259 3540 5311 τῶν
3607 5258 3880 5315 ἀποτελε-

2225 5353 2444 5429 σμάτων
2493 5349 2676 5409 αὐτοῖς
2704 5345 2958 5416 πλῆθοςς
2999 5343 3033 5414 ἢ
3075 5345 3212 5402 κατά
3267 5346 3447 5419 μόνων
3497 5351 3607 5401 τῶν
3677 5347 3883 5404 ἀθλίων

1809 5474 2047 5530 νΑΒΙιΕ
2106 5471 2399 5531 LECTION
2409 5471 2516 5527 ES.

540 5564 585 5642 ξι
645 5562 970 5642 λῆρον-ΑΟ
1023 5586 1037 5624 :
1091 5565 1300 5640 κλῆρον

470 5639 516 5675 ⁸⁸
547 5634 782 5699 ἐκείνους
813 5636 894 5710 ς’.

1523 5571 1569 5607 ³³
1617 5570 1678 5625 ἃν
1719 5579 1773 5630 et
1823 5590 1955 5630 mox
2009 5573 2170 5626 τοῦτο
2227 5571 2364 5627 add.
2425 5573 2492 5623 A.
2567 5565 2615 5602 ³³
2669 5560 2795 5636 ὅλα]
2859 5561 2993 5618 libri
3044 5557 3210 5617 ἄλλα.
3286 5560 3335 5596 ³⁴
3388 5558 3443 5616 ἐν
3502 5565 3549 5616 Α
3602 5579 3616 5618 :
3670 5562 3731 5618 ἃν
3787 5565 3875 5639 ς,
