4116 6224
281 362 400 422 857

1356 363 1894 426 BIBLIOTHECA.
1944 398 2017 410 —
2061 363 2236 425 COD.
2283 361 2595 423 CCXXIIl.

3570 367 3690 426 858

278 491 579 568 ἀνθρώπων
620 495 684 550 τὸ
740 499 944 569 κράτος
1001 494 1292 572 ἥρπασαν,
1349 499 1529 552 καίτοι
1584 501 1691 552 τῶν
1742 495 1932 551 ἄλλων

2050 495 2186 565 cuit,
2221 512 2365 567 quos
2395 510 2468 550 ne
2499 499 2763 566 parentes
2810 494 3048 567 quidem
3081 496 3234 556 alere
3273 498 3508 556 solent?
3535 501 3687 565 Quo-

278 587 436 656 ζώων
484 585 778 659 κράτιστον
832 586 1141 660 ἄνθρωπος.
1175 585 1277 641 Καὶ
1335 585 1443 660 γὰρ
1471 585 1561 640 καὶ
1607 588 1714 641 τῶν
1768 582 1930 639 δυνα-

275 673 528 751 τωτέρων
573 674 776 729 συνὲσει
815 678 1022 749 κρατεῖ,
1056 674 1144 728 καὶ
1193 676 1300 728 τῶν
1347 673 1658 746 ἱπταμένων
1691 672 1777 728 ἐπὶ
1829 680 1933 751 γῆς

281 761 522 840 βαδίζων
572 764 760 839 κύριος
815 763 1036 837 γίνεται,
1093 763 1184 817 καὶ
1241 762 1308 817 τά
1363 762 1440 823 εἷς
1501 763 1661 836 βυθὸν
1719 763 1932 838 ἀγρεύει

281 855 598 928 νηχόμενα,
636 854 728 908 καὶ
769 851 959 914 ἁπλῶς
1008 851 1221 908 πάντων
1271 852 1380 907 ἐστὶ
1429 856 1510 925 τῷ
1549 850 1702 927 λόγῳ
1744 851 1833 906 καὶ
1864 855 1932 925 τῇ

283 935 492 994 συνέσει
546 937 952 1013 κραταιότερος.
987 943 1110 1000 Πῶς
1170 935 1260 992 οὖν
1321 939 1355 1006 ἡ
1413 939 1618 1012 γένεσις
1667 942 1766 992 τοῦ
1836 939 1930 1010 μὶν

284 1032 616 1103 κρατοῦντος
657 1028 871 1083 πάντων
912 1032 1118 1102 κρατεῖ,
1169 1031 1276 1082 τῶν
1324 1024 1370 1081 δ’
1422 1027 1509 1081 ὑπ’
1555 1025 1762 1082 ἐκείνου
1799 1047 1934 1096 κρα-

287 1116 567 1190 τουμένων
606 1116 796 1195 ἄρχειν
849 1116 949 1172 οὐκ
997 1115 1263 1195 ἷ¹σχυσεν;
1315 1114 1441 1172 ἀλλ’
1484 1117 1560 1178 ὡς
1607 1114 1770 1182 ἔοικε,
1818 1118 1935 1170 κατ’

287 1207 594 1281 ἀνθρώπων
651 1206 786 1278 αὕτη
847 1207 992 1283 παρὰ
1045 1211 1143 1262 τοῦ
1180 1206 1426 1280 πονηροῦ
1482 1201 1857 1279 προϐέϐληται
1897 1209 1930 1275 ἡ

292 1298 549 1372 μηχανὴ,
593 1294 683 1350 ’ίνα
726 1297 789 1352 τὸ
829 1292 1064 1351 εὐσεϐεῖν
1110 1295 1199 1351 καὶ
1240 1293 1650 1370 δικαιοπραγεῖν
1697 1295 1933 1372 ἀνάγκης

289 1382 456 1458 ἔργον
481 1383 798 1456 νομίσαντες
847 1381 1268 1457 ἀλλοτριωθῶσι
1319 1386 1474 1452 Θεοῦ,
1523 1382 1612 1436 καὶ
1657 1382 1722 1436 τὸ
1759 1381 1938 1436 τάναν-

280 1471 376 1526 τία
433 1472 686 1545 πράττειν
756 1477 857 1539 τῆς
915 1468 1081 1540 αὒτῆς
1154 1469 1331 1532 αἰτίας
1398 1470 1712 1542 πειθόμενοι
1781 1467 1933 1525 οὐδὲν

280 1559 569 1615 ἆποκνῶσι
599 1560 646 1595 ³⁸
684 1560 819 1634 πρὸς
849 1560 916 1613 τὰ
964 1560 1352 1633 ἁμαρτήματα.
1394 1559 1601 1616 Οὐκοῦν
1654 1557 1752 1613 οὐκ
1796 1557 1936 1614 ἔστιν

277 1651 316 1720 ἡ
349 1649 580 1724 γένεσις,
631 1648 929 1704 πλάττεται
977 1646 1034 1703 δὲ
1083 1648 1186 1703 ὑπὸ
1235 1651 1344 1703 τῶν
1388 1645 1604 1722 ἔχθρῶν
1652 1654 1752 1716 τῆς
1794 1645 1936 1719 ἀλη-

275 1737 428 1800 θείας
487 1738 628 1793 κατά
679 1745 780 1807 τῆς
839 1737 1124 1811 ἀληθείας,
1177 1737 1360 1812 ὥσπερ
1417 1737 1519 1792 ὑπὸ
1568 1740 1677 1792 τῶν
1736 1737 1937 1808 ταύτης

274 1824 568 1900 ἐλέγχεται
598 1825 796 1912 φίλων.

2042 585 2212 642 modo
2242 585 2382 641 item
2413 587 2663 656 genesis,
2715 603 2842 657 quae
2892 602 3059 658 reges
3106 604 3171 642 ac
3219 588 3511 660 principes
3541 605 3689 646 con-

2041 675 2283 730 stituere
2314 673 2480 740 solet,
2525 673 2632 729 hos
2673 675 2756 730 eis
2789 674 3062 746 negavit?
3102 692 3237 731 nam
3273 693 3454 747 neque
3487 678 3686 735 asinus

2044 762 2368 832 asinorum,
2417 779 2606 834 neque
2657 765 2832 836 lupus
2880 765 3147 835 luporum
3201 782 3298 822 rex
3347 772 3455 834 est,
3499 783 3686 840 neque

2042 851 2196 907 inter
2254 853 2358 909 hos
2417 851 2568 908 alius
2623 870 2846 925 pauper
2899 859 3006 919 est,
3064 854 3218 912 alius
3267 855 3450 922 dives,
3507 872 3689 926 neque

2045 940 2293 995 aliorum
2317 940 2398 995 ibi
2421 942 2764 1011 quidquam,
2789 943 3007 1013 quibus
3031 943 3355 999 humanum
3386 960 3571 1016 genus
3593 945 3690 1001 ob-

2045 1029 2283 1084 noxium
2327 1033 2433 1084 est.
2487 1029 2593 1085 Ubi
2645 1029 2822 1100 igitur
2862 1047 2977 1086 una
3025 1032 3276 1088 orientes
3325 1032 3546 1088 stellae?
3591 1033 3692 1089 ubi

2043 1119 2302 1188 ipsorum
2333 1119 2586 1190 genesis,
2629 1124 2808 1191 atque
2838 1118 2936 1175 illa
2975 1120 3456 1192 apotelesmatum
3493 1122 3689 1178 multi-

2043 1207 2228 1262 tudo?
2254 1211 2339 1262 An
2379 1208 2500 1263 haec
2531 1208 2591 1262 in
2642 1207 2797 1263 solos
2846 1207 3094 1264 miseros
3139 1208 3411 1265 mortales
3463 1214 3686 1266 tantam

2043 1296 2347 1366 abripuere
2377 1296 2690 1367 potentiam
2715 1298 2744 1351 ?
2773 1297 2947 1367 Atqui
2977 1297 3030 1352 vi
3061 1302 3397 1354 casterorum
3429 1299 3685 1356 omnium

2045 1385 2432 1442 animantium
2465 1385 2909 1457 potentissimus
2937 1386 3133 1442 homo.
3162 1388 3384 1443 Etenim
3415 1394 3470 1444 et
3493 1389 3688 1445 fortio-

2046 1474 2207 1530 ribus
2237 1475 2535 1531 intellectu
2571 1480 2823 1547 prestat,
2858 1480 2916 1530 et
2959 1491 3136 1548 super
3164 1481 3376 1533 terram
3417 1479 3690 1548 gradiens

2043 1561 2365 1619 volatilium
2396 1568 2591 1619 tamen
2625 1563 2898 1618 dominus
2929 1569 3038 1632 est,
3069 1569 3128 1620 et
3159 1566 3218 1622 in
3249 1566 3395 1622 mari
3429 1566 3694 1623 natantia

2044 1656 2262 1723 captat,
2295 1657 2371 1722 et,
2403 1658 2470 1709 ut
2498 1652 2674 1709 simul
2715 1653 2930 1722 dicam,
2971 1655 3250 1712 omnibus
3291 1656 3693 1712 animantibus

2044 1743 2268 1798 ratione
2299 1747 2469 1812 atque
2501 1741 2864 1813 intelligendi
2889 1741 3164 1800 facultate
3193 1744 3509 1801 antecellit.
3545 1748 3696 1813 Quo-

1965 1816 2012 1880 B
2046 1831 2214 1886 modo
2245 1830 2424 1902 igitur
2470 1831 2702 1903 genesis
2749 1830 2807 1885 in
2841 1845 2973 1886 eum
3005 1832 3182 1889 habet
3221 1834 3560 1906 imperium,
3593 1834 3698 1906 qui

283 1917 519 1974 caeteris
546 1917 795 1988 imperat
827 1917 1124 1986 omnibus,
1154 1917 1228 1974 iis
1250 1933 1383 1974 vero
1415 1918 1704 1989 imperare
1731 1919 1951 1990 nequit,
1986 1936 2114 1992 quae
2146 1920 2324 1990 hujus
2354 1920 2599 1990 imperio
2629 1920 3048 1979 continentur?
3068 1923 3307 1989 Verum,
3343 1929 3404 1978 ut
3434 1927 3696 1995 apparet,

277 2007 410 2063 hac
443 2007 728 2063 adversus
759 2007 1028 2063 homines
1057 2025 1090 2062 a
1120 2007 1274 2063 malo
1305 2008 1570 2062 daemone
1609 2007 1898 2064 instructa
1949 2009 2222 2066 machina
2271 2014 2378 2075 est,
2413 2015 2477 2065 ut
2505 2015 2561 2066 et
2605 2015 2698 2084 pie
2727 2015 2914 2071 vivere
2936 2015 3211 2085 justeque
3253 2028 3420 2082 agere
3450 2012 3702 2069 necessi-

278 2097 423 2152 tatis
472 2112 604 2152 esse
650 2097 916 2153 effectum
962 2097 1094 2164 rati,
1145 2096 1318 2153 alieni
1360 2113 1394 2152 a
1440 2096 1557 2152 Deo
1607 2095 2016 2168 efficerentur;
2066 2107 2119 2154 et
2166 2115 2293 2170 quae
2342 2098 2435 2155 his
2483 2103 2776 2158 contraria
2819 2103 3346 2168 committerentur,
3392 2101 3463 2156 ab
3495 2103 3695 2159 eadem

285 2185 585 2258 proficisci
616 2202 792 2242 causa
823 2187 1104 2257 persuasi,
1139 2186 1364 2242 nullum
1405 2186 1646 2242 omnino
1691 2192 1992 2257 peccatum
2043 2188 2570 2260 praetermitterent.
2619 2191 2794 2248 Nulla
2837 2197 2926 2249 est
2971 2193 3151 2264 igitur
3180 2206 3416 2262 prorsus
3446 2191 3697 2264 genesis,

284 2277 399 2333 sed
430 2291 465 2330 a
490 2275 746 2331 veritatis
777 2275 1046 2332 hostibus
1076 2281 1279 2332 contra
1307 2275 1609 2332 veritatem
1646 2275 1905 2346 ﬁngitur,
1939 2279 2427 2348 quemadmodum
2469 2279 2543 2334 ab
2576 2279 2753 2351 hujus
2784 2282 2989 2338 amicis
3021 2283 3478 2341 demonstratur.

372 2359 509 2418 Οὒδὶ
556 2361 660 2437 λὰρ
705 2363 806 2431 τὴν
850 2362 1076 2440 ἀλογίαν
1119 2363 1267 2439 εὕροι
1312 2385 1396 2428 τις
1438 2363 1498 2418 ἃν
1548 2358 1946 2439 ἀκριϐολογού-

289 2472 466 2527 μενος
497 2451 666 2506 αἰτίαν
715 2455 812 2506 τοῦ
856 2453 930 2526 μὴ
982 2452 1258 2525 μανθάνειν
1304 2455 1370 2507 τά
1419 2458 1531 2522 ζῶα
1579 2450 1678 2506 ὅσα
1717 2452 1805 2506 καὶ
1853 2453 1943 2506 ἄν·

285 2547 543 2618 θρωπος,
574 2543 758 2617 ὥσπερ
815 2540 941 2598 οὐδὲ
994 2543 1058 2598 τὸ
1109 2544 1332 2618 λογικὸν
1383 2544 1463 2614 τῷ
1517 2542 1786 2618 ἀνθρώπῳ
1832 2545 1940 2598 τῶν

282 2630 506 2706 μυρίων
559 2629 1007 2706 ἐπιτηδευμάτων
1049 2630 1244 2690 αἴτιον,
1299 2627 1505 2693 Πόσους
1535 2632 1638 2706 γὰρ
1681 2634 1794 2685 κατ’
1845 2631 1940 2686 αύ-

276 2722 418 2784 τοὺς
449 2724 485 2790 ἡ
536 2721 743 2796 γένεσις
783 2720 1060 2797 ἐργάζεται
1098 2719 1338 2799 κωφοὺς.
1377 2720 1649 2797 ἀφώνους,
1695 2719 1938 2794 μωροὺς,

276 2814 576 2887 ἂτὲχνους,
608 2810 845 2886 ἀφυεῖςξ
896 2811 956 2864 Τί
1012 2808 1103 2864 οὖν
1155 2808 1409 2887 ὠφέλησε
1464 2813 1526 2864 τὸ
1576 2807 1796 2882 λογικὸν
1844 2808 1936 2862 τὸν

269 2900 334 2956 ἐκ
394 2901 610 2973 μήτρας
669 2897 1016 2972 προελθόντα
1067 2897 1272 2974 τυφλὸν
1331 2898 1422 2952 καὶ
1477 2898 1660 2976 κωφὸν
1715 2897 1749 2965 ἢ
1807 2896 1935 2959 τοὺς

268 2989 591 3056 τοιούτους,
638 2987 730 3042 καὶ
774 2987 958 3043 πόσων
1015 2985 1238 3064 ἀλόγων
1287 2986 1385 3042 οὐκ
1431 2986 1532 3041 εἶσὶ
1571 2989 1793 3061 χείρους
1841 2985 1930 3040 καὶ

2125 2367 2324 2439 Neque
2355 2368 2511 2424 enim
2558 2370 2711 2440 quod
2751 2370 3032 2428 animalia
3073 2375 3297 2428 ratione
3341 2375 3593 2440 careant,
3637 2371 3697 2426 in

2053 2470 2230 2511 causa
2275 2471 2402 2511 esse
2433 2456 2682 2528 diligens
2715 2475 2910 2514 rerum
2943 2465 3335 2531 perscrutator
3376 2460 3697 2530 deprehen-

2053 2544 2165 2611 det,
2200 2543 2518 2616 quominus
2551 2547 2719 2600 bruta
2749 2547 2979 2602 discant
3007 2549 3234 2612 eadem,
3273 2563 3398 2619 quae
3430 2547 3697 2602 homines

2053 2633 2262 2703 solent,
2293 2638 2358 2687 ut
2389 2649 2576 2704 neque
2603 2634 2887 2691 rationem
2912 2636 2969 2691 in
2998 2635 3234 2692 homine
3255 2636 3504 2702 efficere,
3537 2637 3691 2706 quod

2052 2722 2242 2777 2166
2273 2723 2617 2792 disciplinas
2675 2739 2854 2796 prope
2920 2725 3177 2780 inﬁnitas
3225 2725 3693 2795 comprehendat.

2049 2811 2230 2875 Quam
2264 2811 2480 2867 multos
2528 2813 2684 2868 enim
2735 2828 2805 2868 ex
2849 2812 3082 2870 illorum
3131 2815 3425 2869 sententia
3462 2813 3692 2884 genesis

2047 2899 2227 2954 efﬁcit
2281 2900 2511 2967 surdos,
2571 2906 2785 2968 mutos,
2846 2901 3081 2969 stultos,
3130 2901 3368 2968 inertes,
3419 2902 3684 2971 ineptos!

2043 2987 2188 3054 Quid
2256 2987 2438 3060 igitur
2506 2989 2651 3045 ratio
2721 2991 2943 3062 profuit
3007 3007 3076 3046 ex
3143 2996 3308 3048 utero
3379 2990 3691 3062 prodeunti

269 3080 420 3153 πρὸς
467 3078 584 3152 βίον
615 3077 708 3133 καὶ
738 3077 876 3151 πρὸς
910 3078 1149 3149 μάθησιν
1181 3096 1194 3146 ;
1221 3077 1276 3132 τί
1321 3074 1376 3132 δὲ
1410 3075 1664 3150 μέλιτταν
1698 3071 1930 3149 ἔϐλαψεν

2050 3091 2218 3142 casco,
2250 3077 2428 3132 surdo
2474 3081 2575 3133 aut
2621 3078 2800 3134 simili
2832 3079 3047 3134 alicui?
3071 3080 3140 3135 Et
3169 3079 3385 3151 quibus
3414 3079 3689 3135 animan-

267 3169 303 3238 ἢ
341 3168 594 3242 ἀράχνην
621 3168 656 3236 ἢ
694 3166 958 3241 μύρμηκα
985 3168 1020 3236 ἠ
1070 3164 1288 3242 ἀλογία,
1320 3165 1364 3220 εἷ
1415 3165 1698 3240 πράττειᾶ
1726 3165 1770 3202 ³⁷
1811 3161 1938 3220 ἕκα-

271 3279 412 3313 στον
469 3254 770 3318 ἀκωλύτως
843 3256 978 3310 κατὰ
1056 3255 1211 3336 φύσιν
1280 3254 1467 3316 αὐτοῖς
1519 3251 1936 3324 ἐπιτηδεύεται;

269 3344 326 3398 τί
367 3341 429 3398 δὲ
454 3343 522 3397 τὰ
552 3340 698 3397 ἄλλα
741 3345 850 3396 τῶν
889 3342 1044 3412 ζώων
1072 3335 1414 3416 νπαρὲϐλαψε
1455 3342 1590 3415 πρὸς
1633 3341 1694 3396 τὸ
1739 3339 1938 3395 οἰκεῖον

278 3430 479 3508 ἔργον,
511 3431 626 3486 ἀντὶ
659 3435 754 3486 τοῦ
792 3427 1020 3506 λογικοῦ
1051 3425 1288 3486 λαϐόντα
1315 3431 1378 3484 τὸ
1407 3429 1612 3506 ἄλογον
1639 3451 1652 3486 :
1703 3431 1778 3503 μὴ
1819 3435 1938 3492 τοῖς

266 3527 508 3596 πτεροῖς
558 3517 704 3592 ᾅδειν
757 3521 848 3575 τὸν
903 3519 1097 3575 κύκνον
1157 3522 1192 3589 ἡ
1251 3519 1446 3593 ἀλογία
1499 3519 1855 3588 συνέστειλεν,
1899 3521 1934 3588 ἤ

267 3615 409 3673 τοὺς
449 3610 739 3686 τὲττιγας;
798 3608 926 3665 ἀλλ’
983 3607 1088 3684 ἄρα
1156 3606 1377 3664 δύναται
1417 3611 1508 3664 καὶ
1561 3611 1714 3686 φύσει
1762 3615 1940 3664 ποιεῖν

264 3705 301 3772 ἡ
333 3702 559 3779 γὲνεσις
596 3699 887 3772 μουσικούς
919 3718 932 3731 ⁸
966 3709 1056 3754 και
1104 3703 1221 3761 πῶς
1261 3698 1389 3774 οὐχὶ
1429 3699 1522 3753 καὶ
1573 3699 1809 3772 ῥήτορας
1846 3697 1936 3752 καὶ

269 3790 552 3870 σοφιστὰς
611 3787 934 3856 ἀπετέλεσες
990 3786 1079 3842 διὰ
1131 3789 1186 3843 τί
1265 3785 1322 3842 δὲ
1377 3788 1512 3842 καθὰ
1569 3787 1816 3862 γινώσκει
1874 3787 1940 3842 τὰ

264 3882 491 3955 ἄλογα,
527 3880 604 3951 μὴ
661 3877 750 3933 καὶ
807 3881 972 3950 ἡμεῖς
1017 3876 1180 3950 ’ίσμεν
1236 3879 1416 3957 χωρὶς
1461 3882 1558 3932 τοῦ
1619 3877 1935 3950 μανθάνεινς

267 3970 432 4025 ἀλλά
463 3969 535 4023 τά
571 3971 679 4022 τῶν
713 3965 950 4042 λογικῶν
993 3965 1083 4022 διὰ
1110 3967 1172 4022 τὸ
1203 3965 1402 4042 ἄλογον
1445 3965 1508 4020 ού
1549 3963 1771 4019 δύναται
1806 3985 1940 4036 μανε-

267 4061 462 4114 θάνειν
502 4059 571 4110 τὰ
600 4054 793 4129 ἄλογα.
828 4057 925 4110 Καὶ
957 4076 1074 4117 πως
1107 4057 1174 4110 τά
1204 4053 1474 4125 ἀλλήλων
1506 4053 1596 4108 διὰ
1622 4054 1721 4121 τήν
1752 4053 1942 4122 κοινὴν

266 4147 522 4223 ἀλογίαν
559 4144 622 4199 ού
672 4142 1041 4213 διδάσκονται,
1093 4144 1315 4222 γέρανοι
1341 4143 1410 4199 τὰ
1455 4151 1690 4212 κύκνων,
1732 4142 1843 4198 ὄνοι
1875 4142 1942 4196 τά

263 4239 491 4305 κυνῶν,
549 4233 640 4289 καὶ
695 4235 762 4288 τὰ
821 4233 1083 4307 μελίττης
1136 4233 1374 4309 ἀράχνη,
1442 4233 1532 4288 καὶ
1591 4229 1816 4288 ἕκαστον
1879 4232 1940 4285 τὸ

269 4326 638 4400 ἀλλότριονς
673 4324 776 4379 οὐκ
806 4321 906 4398 ἄρα
937 4321 1026 4378 διὰ
1055 4325 1155 4394 τήν
1188 4323 1412 4398 ἀλογίαν
1445 4325 1478 4392 ἡ
1510 4327 1617 4377 τῶν
1641 4322 1940 4399 ἀνθρώπων

2049 3167 2204 3221 tibus
2253 3165 2557 3222 inferiores
2607 3183 2723 3223 non
2771 3173 2929 3236 sunt,
2981 3167 3100 3225 sive
3146 3170 3215 3224 ad
3262 3169 3484 3225 victum
3534 3183 3693 3239 quaa-

2048 3256 2316 3321 rendum,
2339 3259 2458 3312 sive
2479 3256 2551 3312 ad
2575 3256 2956 3313 discendum?
2984 3257 3130 3322 Quid
3155 3273 3286 3315 vero
3319 3257 3556 3330 apicula
3590 3275 3695 3314 no-

2045 3345 2184 3414 cuit,
2215 3345 2302 3402 vel
2335 3361 2583 3417 araneaa,
2612 3347 2700 3402 vel
2725 3348 3004 3415 formicas,
3027 3348 3181 3420 quod
3213 3349 3458 3404 rationis
3487 3363 3691 3420 expers

2046 3436 2140 3504 sit,
2173 3437 2220 3492 si
2251 3435 2461 3492 horum
2494 3435 2798 3508 quodlibet
2826 3437 2964 3493 facit
2993 3436 3074 3504 id,
3107 3438 3263 3508 quod
3293 3437 3344 3493 ei
3365 3438 3689 3494 secundum

2047 3531 2308 3583 naturam
2345 3526 2664 3583 convenit?
2692 3527 2840 3594 Quid
2887 3526 3137 3598 denique
3179 3526 3311 3583 aliis
3341 3528 3532 3583 obfuit
3561 3527 3691 3582 ani-

2049 3617 2348 3671 mantibus
2374 3616 2447 3672 ad
2497 3632 2671 3672 suum
2715 3617 3004 3686 cujusque
3051 3631 3218 3688 opus,
3263 3617 3416 3688 quod
3452 3616 3692 3672 rationis

2048 3705 2307 3776 expertia
2361 3705 2522 3760 sint?
2575 3705 2868 3776 Numquid
2903 3709 3210 3776 propterea
3261 3705 3410 3775 quod
3471 3705 3694 3760 ratione

2048 3798 2328 3862 carerent,
2380 3793 2648 3864 impediti
2699 3794 2857 3849 fuere
2907 3794 3028 3848 sive
3073 3792 3258 3861 cycni,
3299 3793 3422 3848 sive
3460 3792 3692 3859 cicadas,

2049 3884 2367 3952 quominus
2400 3882 2509 3937 alis
2552 3881 2676 3937 suis
2721 3886 2963 3936 cantum
3004 3881 3287 3938 ederent?
3326 3882 3437 3937 Sed
3469 3897 3595 3951 qum
3627 3895 3694 3935 ex

2051 3969 2176 4039 ipsa
2206 3973 2416 4024 natura
2459 3969 2706 4024 canendi
2739 3971 2954 4040 peritos
2985 3970 3302 4042 producere
3330 3969 3558 4041 genesis
3591 3985 3693 4040 po-

2051 4064 2186 4128 test,
2220 4060 2512 4130 quomodo
2562 4075 2679 4114 non
2727 4059 3066 4129 eloquentes
3097 4076 3164 4115 ac
3195 4060 3446 4115 disertos
3491 4059 3692 4114 eadem

2050 4145 2350 4203 reddidit?
2371 4145 2484 4202 Cur
2503 4147 2667 4204 bruta
2688 4148 2979 4203 damnas?
3003 4147 3298 4219 Numquid
3324 4165 3429 4204 nos
3450 4147 3695 4219 aliquid,

2051 4235 2165 4292 nisi
2196 4235 2511 4305 discamus,
2559 4235 2872 4291 novimus?
2898 4235 3116 4292 Verum
3152 4236 3322 4292 bruta
3356 4235 3696 4302 animantia,

2058 4340 2190 4379 cum
2224 4322 2446 4379 ratione
2475 4323 2884 4394 destituantur,
2918 4340 3120 4380 eorum
3153 4341 3279 4396 quae
3309 4324 3382 4379 ad
3415 4323 3698 4380 rationem

269 4399 529 4489 μάθησις
576 4411 810 4489 ἀλόγοις
849 4411 1245 4488 ἀπαράδεκτος,
1296 4411 1440 4468 ἀλλᾶ
1483 4409 1572 4467 διὰ
1618 4413 1718 4480 τήν
1766 4409 1937 4485 διαφο·

2060 4416 2348 4485 spectant,
2401 4413 2624 4469 discere
2671 4412 2816 4468 nihil
2860 4417 3128 4485 possunt.
3179 4412 3331 4480 Quin
3369 4428 3528 4485 ergo,
3559 4427 3692 4468 cum

268 4509 374 4583 ρὰν
431 4511 535 4574 τῆς
583 4503 687 4558 ὑπὸ
733 4506 831 4558 τοῦ
864 4506 1231 4578 Δημιουργοῦ
1277 4503 1651 4577 προαχθείσης
1708 4502 1936 4576 φύςεως.

266 4596 372 4658 Τίς
424 4592 483 4649 ὂὶ
512 4590 685 4666 ἀστὴρ
715 4589 841 4647 τόδε
882 4587 1209 4646 καταλαϐὼν
1248 4592 1312 4646 τὸ
1343 4589 1538 4660 ζώδιον
1587 4592 1716 4664 [356
1746 4591 1838 4663 H.]
1876 4590 1938 4644 τὸ

267 4685 440 4759 γένος
484 4680 687 4738 ἔπλασε
717 4685 824 4736 τῶν
858 4679 1064 4755 θηρίων
1095 4679 1202 4736 ἀπὸ
1233 4686 1332 4749 τῆς
1362 4686 1465 4757 γῆς
1497 4681 1532 4750 ἢ
1564 4684 1671 4734 τῶν
1701 4685 1940 4752 κτηνῶν,

271 4775 312 4844 ἢ
357 4773 475 4828 ἀπὸ
509 4770 787 4841 θαλάσσης
828 4774 937 4824 τῶν
967 4775 1222 4841 νηκτῶν;
1270 4769 1363 4824 καὶ
1394 4767 1485 4824 διὰ
1519 4769 1572 4825 τί
1605 4771 1681 4843 μὴ
1730 4769 1820 4823 καὶ
1850 4772 1941 4823 νῦν

272 4865 342 4921 τὸ
375 4860 516 4918 αὐτὸ
574 4857 999 4934 διαπράττεται;
1047 4861 1083 4929 ἡ
1144 4856 1201 4913 δὲ
1246 4857 1374 4920 τοὺς
1412 4858 1627 4934 ἀώρους
1679 4857 1940 4918 θανάτους

273 4954 572 5027 ἐπάγουσα
603 4945 811 5025 γένεσις
859 4952 977 5008 πῶς
1016 4947 1146 5022 οὐχὶ
1176 4947 1266 5002 καὶ
1314 4945 1440 5002 δέκα
1477 4946 1614 5005 ἐτών
1659 4944 1942 5024 ἄνθρωπον

270 5039 459 5113 ἔδειξε
509 5039 768 5116 γὲροντα,
813 5037 848 5106 ἢ
893 5037 1136 5113 πρώτοις
1179 5037 1224 5074 ³⁸
1283 5035 1495 5099 ἰούλοις
1535 5037 1600 5092 τὸ
1645 5036 1939 5110 πρόσωπον

268 5134 756 5208 στεφανούμενον;
822 5126 915 5180 καὶ
968 5124 1016 5180 εἰ
1070 5130 1170 5181 τοῦ
1225 5125 1432 5204 χρόνου
1487 5127 1551 5180 τὸ
1611 5133 1789 5199 μῆκος
1842 5131 1942 5194 τῆς

267 5222 522 5278 ἑκάστου
554 5222 704 5288 ζωῆς
735 5213 813 5276 είς
842 5215 1002 5270 πέντε
1031 5215 1122 5270 καὶ
1152 5214 1208 5286 ’ἐξ
1233 5215 1303 5285 3°,
1343 5214 1519 5271 ἰνίοτε
1549 5212 1606 5271 δὶ
1636 5214 1727 5270 καὶ
1771 5213 1941 5288 ἂσύγ-

266 5329 476 5385 κριτον
507 5305 648 5361 κατά
691 5305 756 5359 τὸ
804 5302 1030 5359 ἔλαττον
1081 5298 1262 5379 ἔτεμε,
1308 5306 1437 5378 [688
1488 5306 1580 5374 Β]
1619 5304 1736 5364 πῶς
1787 5300 1940 5358 0681;-

268 5418 428 5457 ποτε
455 5393 855 5452 πενταπλάσιον
900 5392 936 5463 ἢ
969 5390 1369 5462 δεκαπλάσιον;
1418 5395 1509 5448 καὶ
1535 5393 1588 5449 τί
1631 5392 1779 5468 λέγω
1826 5413 1946 5448 πεν-

2056 4503 2297 4575 perinde
2353 4505 2552 4558 omnia
2607 4503 2832 4558 ratione
2889 4508 3143 4570 careant,
3197 4519 3313 4559 non
3370 4517 3438 4557 ea
3485 4502 3696 4558 saltem

2055 4592 2311 4657 discunt,
2345 4608 2473 4664 quae
2504 4591 2573 4646 ad
2622 4595 2824 4647 caetera
2857 4591 3026 4647 bruta
3061 4591 3389 4662 pertinent;
3422 4594 3487 4646 ut
3526 4606 3699 4663 grues

2053 4696 2180 4752 quas
2223 4681 2296 4737 ad
2345 4680 2555 4748 olores,
2607 4679 2752 4735 asini
2801 4697 2930 4752 qua:
2978 4681 3051 4737 ad
3099 4697 3296 4748 canes,
3345 4685 3401 4737 et
3445 4681 3518 4736 ad
3562 4695 3700 4750 apes

2055 4786 2289 4838 aranea,
2321 4776 2379 4826 et
2407 4770 2489 4826 sic
2512 4769 2782 4841 deinceps
2812 4771 3131 4841 quodlibet,
3162 4771 3315 4842 quod
3349 4771 3420 4825 ad
3455 4769 3698 4824 alterum

2057 4859 2308 4932 spectati
2344 4860 2470 4917 Non
2520 4864 2674 4916 certe
2722 4859 2858 4931 quia
2906 4859 3128 4916 ratione
3166 4860 3522 4924 destituitur,
3565 4874 3698 4930 pro-

2057 4954 2254 5022 pterea
2283 4948 2554 5004 humanas
2576 4948 2965 5005 institutionis
2995 4949 3226 5004 brutum
3251 4965 3428 5020 capax
3451 4964 3563 5003 non
3589 4952 3698 5014 est,

2057 5039 2158 5094 sed
2188 5038 2259 5094 ob
2291 5043 2534 5104 naturae,
2586 5053 2764 5108 quam
2797 5037 3070 5093 Conditor
3101 5037 3392 5108 produxit,
3426 5035 3699 5093 differen-

2056 5128 2218 5186 tiam.
2249 5128 2554 5192 Quodnam
2584 5142 2716 5182 vero
2760 5124 2902 5181 illud
2935 5130 3160 5182 astrum
3193 5131 3303 5193 est,
3334 5126 3490 5199 quod
3522 5126 3699 5183 hocce

2057 5215 2320 5289 signiferi
2337 5219 2620 5288 occupato
2643 5215 2808 5285 signo
2831 5214 3086 5270 ferarum
3111 5217 3696 5287 atquejumentorum

2057 5321 2242 5376 genus
2271 5321 2301 5360 e
2348 5308 2502 5361 terra
2549 5309 2650 5358 aut
2695 5319 2763 5359 ex
2813 5304 2960 5360 mari
3008 5304 3340 5361 natalitium
3393 5305 3702 5362 formavit?

2058 5395 2127 5450 Et
2157 5409 2258 5448 cur
2305 5395 2458 5449 idem
2509 5408 2662 5449 nunc
2706 5409 2937 5467 quoque
2991 5411 3106 5452 non
3155 5395 3380 5452 efﬁcit?
3417 5397 3543 5452 Jam
3575 5411 3704 5469 qua:

1675 5509 1920 5568 VARIIE
1959 5508 2349 5567 LECTIONES
2362 5549 2376 5565 .

371 5622 772 5696 κίάποκινοῦσι
806 5620 852 5696 _C
884 5616 1224 5696 :jmxvoﬁat
1255 5621 1337 5696 ς.

286 5695 470 5758 libri.
546 5694 592 5731 ³⁹
619 5690 698 5766 ἓξ]
727 5691 771 5761 ξ’
802 5690 1074 5766 Scaliger.

1443 5622 1488 5658 ³⁷
1518 5618 1552 5675 ἃ
1581 5623 1714 5692 post
1768 5617 2068 5681 ἀκωλύτως
2098 5618 2620 5692 transponendum.

2723 5617 2773 5653 ³³
2797 5619 3038 5693 πρώτοις
3081 5621 3339 5696 Scaliger
3367 5639 3381 5679 :
3413 5619 3558 5697 παρὰ
3584 5625 3702 5686 τοῖς
