  <div class='ocr_page' id='page_1' title='image "/cluster/home/n/w/nwhite01/storage/ocr_20150623/103/hvd.32044054112495/449.png"; bbox 0 0 4116 6224; ppageno 0'>
   <div class='ocr_carea' id='block_1_1' title="bbox 398 329 3801 404">
    <p class='ocr_par' dir='ltr' id='par_1_1' title="bbox 398 329 3801 404">
     <span class='ocr_line' id='line_1_1' title="bbox 398 329 3801 404; baseline -0.003 -1"><span class='ocrx_word' id='word_1_1' title='bbox 398 345 514 404; x_wconf 81' lang='lat'><strong>859</strong></span> <span class='ocrx_word' id='word_1_2' title='bbox 1593 332 1855 394; x_wconf 81' lang='lat' dir='ltr'><strong>PHOTII</strong></span> <span class='ocrx_word' id='word_1_3' title='bbox 1900 330 2434 391; x_wconf 72' lang='lat' dir='ltr'><strong>PATRIARCH/‘E</strong></span> <span class='ocrx_word' id='word_1_4' title='bbox 2477 330 2595 391; x_wconf 90' lang='lat' dir='ltr'><strong>CP.</strong></span> <span class='ocrx_word' id='word_1_5' title='bbox 3679 329 3801 392; x_wconf 87' lang='lat'><strong>860</strong></span> 
     </span>
    </p>
   </div>
   <div class='ocr_carea' id='block_1_2' title="bbox 393 458 2048 541">
    <p class='ocr_par' dir='ltr' id='par_1_2' title="bbox 393 463 2035 541">
     <span class='ocr_line' id='line_1_2' title="bbox 393 463 2035 541; baseline -0.009 -9"><span class='ocrx_word' id='word_1_6' title='bbox 393 475 763 532; x_wconf 81' lang='lat' dir='ltr'><strong>immaturam</strong></span> <span class='ocrx_word' id='word_1_7' title='bbox 796 475 1036 527; x_wconf 83' lang='lat' dir='ltr'><strong>mortem</strong></span> <span class='ocrx_word' id='word_1_8' title='bbox 1089 469 1327 526; x_wconf 90' lang='lat' dir='ltr'><strong>adducit</strong></span> <span class='ocrx_word' id='word_1_9' title='bbox 1367 467 1619 541; x_wconf 84' lang='lat' dir='ltr'><strong>genesis,</strong></span> <span class='ocrx_word' id='word_1_10' title='bbox 1668 484 1773 523; x_wconf 89' lang='lat' dir='ltr'><strong>cur</strong></span> <span class='ocrx_word' id='word_1_11' title='bbox 1801 482 1917 522; x_wconf 92' lang='lat' dir='ltr'><strong>non</strong></span> <span class='ocrx_word' id='word_1_12' title='bbox 1948 463 2035 521; x_wconf 85' lang='lat' dir='ltr'><strong>vel</strong></span> 
     </span>
    </p>
   </div>
   <div class='ocr_carea' id='block_1_3' title="bbox 2160 458 3803 541">
    <p class='ocr_par' dir='ltr' id='par_1_3' title="bbox 2160 458 3803 535">
     <span class='ocr_line' id='line_1_3' title="bbox 2160 458 3803 535; baseline 0.001 -19"><span class='ocrx_word' id='word_1_13' title='bbox 2160 460 2471 530; x_wconf 81' lang='grc' dir='ltr'>ταπλάσιον,</span> <span class='ocrx_word' id='word_1_14' title='bbox 2504 461 2631 517; x_wconf 88' lang='grc' dir='ltr'>ἀλλ’</span> <span class='ocrx_word' id='word_1_15' title='bbox 2672 458 2797 517; x_wconf 71' lang='grc' dir='ltr'>οὐδὲ</span> <span class='ocrx_word' id='word_1_16' title='bbox 2842 458 2918 525; x_wconf 79' lang='grc' dir='ltr'>εἷς</span> <span class='ocrx_word' id='word_1_17' title='bbox 2964 460 3025 515; x_wconf 85' lang='grc' dir='ltr'>τὸ</span> <span class='ocrx_word' id='word_1_18' title='bbox 3063 460 3387 535; x_wconf 87' lang='grc' dir='ltr'>τριπλάσιον</span> <span class='ocrx_word' id='word_1_19' title='bbox 3422 460 3457 533; x_wconf 78' lang='grc' dir='ltr'><strong>ἢ</strong></span> <span class='ocrx_word' id='word_1_20' title='bbox 3509 458 3803 519; x_wconf 87' lang='grc' dir='ltr'>διπλάσιον</span> 
     </span>
    </p>
   </div>
   <div class='ocr_carea' id='block_1_4' title="bbox 399 552 2048 633">
    <p class='ocr_par' dir='ltr' id='par_1_4' title="bbox 399 554 2038 633">
     <span class='ocr_line' id='line_1_4' title="bbox 399 554 2038 633; baseline -0.008 -10"><span class='ocrx_word' id='word_1_21' title='bbox 399 566 720 622; x_wconf 90' lang='lat' dir='ltr'><strong>decennem</strong></span> <span class='ocrx_word' id='word_1_22' title='bbox 766 561 1017 633; x_wconf 84' lang='lat' dir='ltr'><strong>aliquem</strong></span> <span class='ocrx_word' id='word_1_23' title='bbox 1064 560 1194 615; x_wconf 82' lang='lat' dir='ltr'><strong>fecit</strong></span> <span class='ocrx_word' id='word_1_24' title='bbox 1223 575 1351 615; x_wconf 90' lang='lat' dir='ltr'><strong>esse</strong></span> <span class='ocrx_word' id='word_1_25' title='bbox 1391 575 1615 628; x_wconf 90' lang='lat' dir='ltr'><strong>senem,</strong></span> <span class='ocrx_word' id='word_1_26' title='bbox 1646 556 1734 613; x_wconf 86' lang='lat' dir='ltr'><strong>vel</strong></span> <span class='ocrx_word' id='word_1_27' title='bbox 1766 554 2038 626; x_wconf 84' lang='lat' dir='ltr'><strong>lanugine</strong></span> 
     </span>
    </p>
   </div>
   <div class='ocr_carea' id='block_1_5' title="bbox 2160 552 2531 633">
    <p class='ocr_par' dir='ltr' id='par_1_5' title="bbox 2160 552 2531 625">
     <span class='ocr_line' id='line_1_5' title="bbox 2160 552 2531 625; baseline -0.005 -18"><span class='ocrx_word' id='word_1_28' title='bbox 2160 552 2483 625; x_wconf 68' lang='grc' dir='ltr'><strong>παρεξέτεινε</strong></span> <span class='ocrx_word' id='word_1_29' title='bbox 2516 572 2531 623; x_wconf 88' lang='grc'>;</span> 
     </span>
    </p>
   </div>
   <div class='ocr_carea' id='block_1_6' title="bbox 399 643 3814 719">
    <p class='ocr_par' dir='ltr' id='par_1_6' title="bbox 399 643 3814 719">
     <span class='ocr_line' id='line_1_6' title="bbox 399 643 3814 719; baseline -0.003 -8"><span class='ocrx_word' id='word_1_30' title='bbox 399 654 604 711; x_wconf 81' lang='lat' dir='ltr'><strong>saltem</strong></span> <span class='ocrx_word' id='word_1_31' title='bbox 637 651 839 707; x_wconf 83' lang='lat' dir='ltr'><strong>faciem</strong></span> <span class='ocrx_word' id='word_1_32' title='bbox 873 649 1146 704; x_wconf 85' lang='lat' dir='ltr'><strong>vestivit?</strong></span> <span class='ocrx_word' id='word_1_33' title='bbox 1192 650 1260 704; x_wconf 86' lang='lat' dir='ltr'><strong>Et</strong></span> <span class='ocrx_word' id='word_1_34' title='bbox 1289 648 1338 704; x_wconf 92' lang='lat' dir='ltr'><strong>si</strong></span> <span class='ocrx_word' id='word_1_35' title='bbox 1370 648 1499 703; x_wconf 84' lang='lat' dir='ltr'><strong>vitae</strong></span> <span class='ocrx_word' id='word_1_36' title='bbox 1550 647 1807 719; x_wconf 86' lang='lat' dir='ltr'><strong>spatium</strong></span> <span class='ocrx_word' id='word_1_37' title='bbox 1857 645 2148 717; x_wconf 83' lang='lat' dir='ltr'><strong>cujusque</strong></span> <span class='ocrx_word' id='word_1_38' title='bbox 2195 647 2460 699; x_wconf 85' lang='lat' dir='ltr'><strong>nostrum</strong></span> <span class='ocrx_word' id='word_1_39' title='bbox 2495 644 2563 698; x_wconf 90' lang='lat' dir='ltr'><strong>ad</strong></span> <span class='ocrx_word' id='word_1_40' title='bbox 2610 643 2877 713; x_wconf 86' lang='lat' dir='ltr'><strong>quintum</strong></span> <span class='ocrx_word' id='word_1_41' title='bbox 2920 650 2970 698; x_wconf 89' lang='lat' dir='ltr'><strong>et</strong></span> <span class='ocrx_word' id='word_1_42' title='bbox 3006 643 3431 714; x_wconf 85' lang='lat' dir='ltr'><strong>sexagesimum</strong></span> <span class='ocrx_word' id='word_1_43' title='bbox 3472 662 3720 713; x_wconf 90' lang='lat' dir='ltr'><strong>annum,</strong></span> <span class='ocrx_word' id='word_1_44' title='bbox 3754 650 3814 702; x_wconf 89' lang='lat' dir='ltr'><strong>et</strong></span> 
     </span>
    </p>
   </div>
   <div class='ocr_carea' id='block_1_7' title="bbox 400 732 3810 811">
    <p class='ocr_par' dir='ltr' id='par_1_7' title="bbox 400 732 3810 811">
     <span class='ocr_line' id='line_1_7' title="bbox 400 732 3810 811; baseline -0.002 -13"><span class='ocrx_word' id='word_1_45' title='bbox 400 756 822 811; x_wconf 82' lang='lat' dir='ltr'><strong>nonnunquam</strong></span> <span class='ocrx_word' id='word_1_46' title='bbox 856 738 1031 794; x_wconf 90' lang='lat' dir='ltr'><strong>etiam</strong></span> <span class='ocrx_word' id='word_1_47' title='bbox 1065 738 1406 810; x_wconf 80' lang='lat' dir='ltr'><strong>longissime</strong></span> <span class='ocrx_word' id='word_1_48' title='bbox 1432 738 1580 793; x_wconf 73' lang='lat' dir='ltr'><strong>intra</strong></span> <span class='ocrx_word' id='word_1_49' title='bbox 1611 753 1745 791; x_wconf 91' lang='lat' dir='ltr'><strong>eum</strong></span> <span class='ocrx_word' id='word_1_50' title='bbox 1777 734 2096 792; x_wconf 86' lang='lat' dir='ltr'><strong>terminum</strong></span> <span class='ocrx_word' id='word_1_51' title='bbox 2120 732 2387 802; x_wconf 84' lang='lat' dir='ltr'><strong>resecuit,</strong></span> <span class='ocrx_word' id='word_1_52' title='bbox 2420 734 2518 804; x_wconf 90' lang='lat' dir='ltr'><strong>qui</strong></span> <span class='ocrx_word' id='word_1_53' title='bbox 2551 732 2633 802; x_wconf 80' lang='lat' dir='ltr'><strong>ﬁt,</strong></span> <span class='ocrx_word' id='word_1_54' title='bbox 2661 733 2808 803; x_wconf 91' lang='lat' dir='ltr'><strong>quod</strong></span> <span class='ocrx_word' id='word_1_55' title='bbox 2843 748 3138 804; x_wconf 78' lang='lat' dir='ltr'><strong>nunquam</strong></span> <span class='ocrx_word' id='word_1_56' title='bbox 3167 732 3311 788; x_wconf 90' lang='lat' dir='ltr'><strong>illud</strong></span> <span class='ocrx_word' id='word_1_57' title='bbox 3342 734 3403 790; x_wconf 91' lang='lat' dir='ltr'><strong>in</strong></span> <span class='ocrx_word' id='word_1_58' title='bbox 3426 734 3810 807; x_wconf 87' lang='lat' dir='ltr'><strong>quintuplum</strong></span> 
     </span>
    </p>
   </div>
   <div class='ocr_carea' id='block_1_8' title="bbox 400 821 3201 901">
    <p class='ocr_par' dir='ltr' id='par_1_8' title="bbox 400 821 3201 901">
     <span class='ocr_line' id='line_1_8' title="bbox 400 821 3201 901; baseline -0.004 -12"><span class='ocrx_word' id='word_1_59' title='bbox 400 835 500 889; x_wconf 86' lang='lat' dir='ltr'><strong>aut</strong></span> <span class='ocrx_word' id='word_1_60' title='bbox 531 829 886 901; x_wconf 88' lang='lat' dir='ltr'><strong>decuplum?</strong></span> <span class='ocrx_word' id='word_1_61' title='bbox 914 834 969 883; x_wconf 87' lang='lat' dir='ltr'><strong>at</strong></span> <span class='ocrx_word' id='word_1_62' title='bbox 1001 828 1138 899; x_wconf 90' lang='lat' dir='ltr'><strong>quid</strong></span> <span class='ocrx_word' id='word_1_63' title='bbox 1174 828 1301 884; x_wconf 91' lang='lat' dir='ltr'><strong>dico</strong></span> <span class='ocrx_word' id='word_1_64' title='bbox 1334 827 1735 899; x_wconf 89' lang='lat' dir='ltr'><strong>quintuplum,</strong></span> <span class='ocrx_word' id='word_1_65' title='bbox 1768 825 1887 882; x_wconf 90' lang='lat' dir='ltr'><strong>imo</strong></span> <span class='ocrx_word' id='word_1_66' title='bbox 1918 823 2004 880; x_wconf 88' lang='lat' dir='ltr'><strong>vel</strong></span> <span class='ocrx_word' id='word_1_67' title='bbox 2038 824 2095 877; x_wconf 93' lang='lat' dir='ltr'><strong>in</strong></span> <span class='ocrx_word' id='word_1_68' title='bbox 2122 822 2368 894; x_wconf 85' lang='lat' dir='ltr'><strong>triplurn</strong></span> <span class='ocrx_word' id='word_1_69' title='bbox 2404 826 2503 877; x_wconf 85' lang='lat' dir='ltr'><strong>aut</strong></span> <span class='ocrx_word' id='word_1_70' title='bbox 2531 822 2588 878; x_wconf 91' lang='lat' dir='ltr'><strong>in</strong></span> <span class='ocrx_word' id='word_1_71' title='bbox 2614 821 2860 894; x_wconf 91' lang='lat' dir='ltr'><strong>duplum</strong></span> <span class='ocrx_word' id='word_1_72' title='bbox 2892 822 3201 877; x_wconf 84' lang='lat' dir='ltr'><strong>extendit?</strong></span> 
     </span>
    </p>
   </div>
   <div class='ocr_carea' id='block_1_9' title="bbox 470 915 2038 990">
    <p class='ocr_par' dir='ltr' id='par_1_9' title="bbox 470 915 2038 990">
     <span class='ocr_line' id='line_1_9' title="bbox 470 915 2038 990; baseline -0.005 -13"><span class='ocrx_word' id='word_1_73' title='bbox 470 925 603 990; x_wconf 68' lang='lat' dir='ltr'><strong>Quae</strong></span> <span class='ocrx_word' id='word_1_74' title='bbox 635 921 735 976; x_wconf 86' lang='lat' dir='ltr'><strong>ubi</strong></span> <span class='ocrx_word' id='word_1_75' title='bbox 762 920 850 974; x_wconf 90' lang='lat' dir='ltr'><strong>vir</strong></span> <span class='ocrx_word' id='word_1_76' title='bbox 896 919 994 975; x_wconf 91' lang='lat' dir='ltr'><strong>ille</strong></span> <span class='ocrx_word' id='word_1_77' title='bbox 1046 918 1209 985; x_wconf 83' lang='lat' dir='ltr'><strong>dixit,</strong></span> <span class='ocrx_word' id='word_1_78' title='bbox 1248 936 1380 975; x_wconf 88' lang='lat' dir='ltr'><strong>mox</strong></span> <span class='ocrx_word' id='word_1_79' title='bbox 1430 916 1781 974; x_wconf 87' lang='lat' dir='ltr'><strong>climacteris</strong></span> <span class='ocrx_word' id='word_1_80' title='bbox 1823 915 2038 971; x_wconf 90' lang='lat' dir='ltr'><strong>descri-</strong></span> 
     </span>
    </p>
   </div>
   <div class='ocr_carea' id='block_1_10' title="bbox 396 1006 2042 1087">
    <p class='ocr_par' dir='ltr' id='par_1_10' title="bbox 396 1006 2042 1087">
     <span class='ocr_line' id='line_1_10' title="bbox 396 1006 2042 1087; baseline -0.005 -19"><span class='ocrx_word' id='word_1_81' title='bbox 396 1013 653 1087; x_wconf 90' lang='lat' dir='ltr'><strong>ptionem</strong></span> <span class='ocrx_word' id='word_1_82' title='bbox 678 1009 949 1081; x_wconf 87' lang='lat' dir='ltr'><strong>subjecit,</strong></span> <span class='ocrx_word' id='word_1_83' title='bbox 977 1016 1037 1064; x_wconf 91' lang='lat' dir='ltr'><strong>ut</strong></span> <span class='ocrx_word' id='word_1_84' title='bbox 1062 1014 1118 1064; x_wconf 89' lang='lat' dir='ltr'><strong>et</strong></span> <span class='ocrx_word' id='word_1_85' title='bbox 1141 1009 1623 1081; x_wconf 87' lang='lat' dir='ltr'><strong>astrologicorum</strong></span> <span class='ocrx_word' id='word_1_86' title='bbox 1650 1006 1953 1063; x_wconf 89' lang='lat' dir='ltr'><strong>nominum</strong></span> <span class='ocrx_word' id='word_1_87' title='bbox 1977 1021 2042 1060; x_wconf 89' lang='lat' dir='ltr'><strong>ac</strong></span> 
     </span>
    </p>
   </div>
   <div class='ocr_carea' id='block_1_11' title="bbox 398 1098 2041 1169">
    <p class='ocr_par' dir='ltr' id='par_1_11' title="bbox 398 1098 2041 1169">
     <span class='ocr_line' id='line_1_11' title="bbox 398 1098 2041 1169; baseline -0.007 -9"><span class='ocrx_word' id='word_1_88' title='bbox 398 1102 768 1160; x_wconf 85' lang='lat' dir='ltr'><strong>schematum</strong></span> <span class='ocrx_word' id='word_1_89' title='bbox 818 1098 1148 1155; x_wconf 80' lang='lat' dir='ltr'><strong>accuratius</strong></span> <span class='ocrx_word' id='word_1_90' title='bbox 1199 1098 1408 1154; x_wconf 89' lang='lat' dir='ltr'><strong>horum</strong></span> <span class='ocrx_word' id='word_1_91' title='bbox 1454 1098 1870 1169; x_wconf 85' lang='lat' dir='ltr'><strong>expositionem</strong></span> <span class='ocrx_word' id='word_1_92' title='bbox 1915 1109 2041 1166; x_wconf 85' lang='lat' dir='ltr'><strong>per-</strong></span> 
     </span>
    </p>
   </div>
   <div class='ocr_carea' id='block_1_12' title="bbox 399 1186 2041 1263">
    <p class='ocr_par' dir='ltr' id='par_1_12' title="bbox 399 1186 2041 1263">
     <span class='ocr_line' id='line_1_12' title="bbox 399 1186 2041 1263; baseline -0.006 -15"><span class='ocrx_word' id='word_1_93' title='bbox 399 1191 718 1263; x_wconf 90' lang='lat' dir='ltr'><strong>sequendo.</strong></span> <span class='ocrx_word' id='word_1_94' title='bbox 752 1189 929 1244; x_wconf 83' lang='lat' dir='ltr'><strong>Addit</strong></span> <span class='ocrx_word' id='word_1_95' title='bbox 976 1188 1206 1255; x_wconf 90' lang='lat' dir='ltr'><strong>deinde,</strong></span> <span class='ocrx_word' id='word_1_96' title='bbox 1253 1187 1303 1243; x_wconf 91' lang='lat' dir='ltr'><strong>si</strong></span> <span class='ocrx_word' id='word_1_97' title='bbox 1335 1203 1435 1258; x_wconf 91' lang='lat' dir='ltr'><strong>per</strong></span> <span class='ocrx_word' id='word_1_98' title='bbox 1477 1186 1773 1242; x_wconf 87' lang='lat' dir='ltr'><strong>stellarum</strong></span> <span class='ocrx_word' id='word_1_99' title='bbox 1805 1199 2041 1240; x_wconf 83' lang='lat' dir='ltr'><strong>cursum</strong></span> 
     </span>
    </p>
   </div>
   <div class='ocr_carea' id='block_1_13' title="bbox 403 1274 2048 1352">
    <p class='ocr_par' dir='ltr' id='par_1_13' title="bbox 403 1274 2048 1352">
     <span class='ocr_line' id='line_1_13' title="bbox 403 1274 2048 1352; baseline -0.006 -16"><span class='ocrx_word' id='word_1_100' title='bbox 403 1284 578 1352; x_wconf 87' lang='lat' dir='ltr'><strong>atque</strong></span> <span class='ocrx_word' id='word_1_101' title='bbox 607 1277 909 1333; x_wconf 85' lang='lat' dir='ltr'><strong>schemata</strong></span> <span class='ocrx_word' id='word_1_102' title='bbox 939 1275 1134 1330; x_wconf 89' lang='lat' dir='ltr'><strong>omnia</strong></span> <span class='ocrx_word' id='word_1_103' title='bbox 1154 1275 1431 1330; x_wconf 88' lang='lat' dir='ltr'><strong>animalia</strong></span> <span class='ocrx_word' id='word_1_104' title='bbox 1462 1274 1880 1347; x_wconf 87' lang='lat' dir='ltr'><strong>gubernantur,</strong></span> <span class='ocrx_word' id='word_1_105' title='bbox 1912 1288 2048 1343; x_wconf 90' lang='lat' dir='ltr'><strong>quo-</strong></span> 
     </span>
    </p>
   </div>
   <div class='ocr_carea' id='block_1_14' title="bbox 402 1360 2047 1437">
    <p class='ocr_par' dir='ltr' id='par_1_14' title="bbox 402 1360 2047 1437">
     <span class='ocr_line' id='line_1_14' title="bbox 402 1360 2047 1437; baseline -0.007 -11"><span class='ocrx_word' id='word_1_106' title='bbox 402 1370 572 1426; x_wconf 91' lang='lat' dir='ltr'><strong>modo</strong></span> <span class='ocrx_word' id='word_1_107' title='bbox 585 1366 811 1422; x_wconf 90' lang='lat' dir='ltr'><strong>nullum</strong></span> <span class='ocrx_word' id='word_1_108' title='bbox 838 1380 1097 1437; x_wconf 86' lang='lat' dir='ltr'><strong>unquam</strong></span> <span class='ocrx_word' id='word_1_109' title='bbox 1122 1370 1342 1420; x_wconf 90' lang='lat' dir='ltr'><strong>astrum</strong></span> <span class='ocrx_word' id='word_1_110' title='bbox 1368 1368 1465 1419; x_wconf 91' lang='lat' dir='ltr'><strong>aut</strong></span> <span class='ocrx_word' id='word_1_111' title='bbox 1482 1364 1740 1428; x_wconf 85' lang='lat' dir='ltr'><strong>schema,</strong></span> <span class='ocrx_word' id='word_1_112' title='bbox 1757 1367 1854 1417; x_wconf 91' lang='lat' dir='ltr'><strong>aut</strong></span> <span class='ocrx_word' id='word_1_113' title='bbox 1872 1360 2047 1416; x_wconf 90' lang='lat' dir='ltr'><strong>vicini</strong></span> 
     </span>
    </p>
   </div>
   <div class='ocr_carea' id='block_1_15' title="bbox 402 1452 2048 1526">
    <p class='ocr_par' dir='ltr' id='par_1_15' title="bbox 402 1452 2048 1526">
     <span class='ocr_line' id='line_1_15' title="bbox 402 1452 2048 1526; baseline -0.005 -10"><span class='ocrx_word' id='word_1_114' title='bbox 402 1459 607 1517; x_wconf 89' lang='lat' dir='ltr'><strong>sideris</strong></span> <span class='ocrx_word' id='word_1_115' title='bbox 644 1463 877 1514; x_wconf 85' lang='lat' dir='ltr'><strong>exortus</strong></span> <span class='ocrx_word' id='word_1_116' title='bbox 917 1456 1002 1511; x_wconf 89' lang='lat' dir='ltr'><strong>vel</strong></span> <span class='ocrx_word' id='word_1_117' title='bbox 1047 1460 1270 1526; x_wconf 87' lang='lat' dir='ltr'><strong>patrem</strong></span> <span class='ocrx_word' id='word_1_118' title='bbox 1322 1470 1443 1510; x_wconf 90' lang='lat' dir='ltr'><strong>esse</strong></span> <span class='ocrx_word' id='word_1_119' title='bbox 1493 1454 1719 1509; x_wconf 87' lang='lat' dir='ltr'><strong>mulum</strong></span> <span class='ocrx_word' id='word_1_120' title='bbox 1764 1454 1916 1523; x_wconf 86' lang='lat' dir='ltr'><strong>fecit,</strong></span> <span class='ocrx_word' id='word_1_121' title='bbox 1959 1452 2048 1508; x_wconf 88' lang='lat' dir='ltr'><strong>vel</strong></span> 
     </span>
    </p>
   </div>
   <div class='ocr_carea' id='block_1_16' title="bbox 403 1542 2049 1614">
    <p class='ocr_par' dir='ltr' id='par_1_16' title="bbox 403 1542 2049 1614">
     <span class='ocr_line' id='line_1_16' title="bbox 403 1542 2049 1614; baseline -0.006 -9"><span class='ocrx_word' id='word_1_122' title='bbox 403 1554 649 1606; x_wconf 86' lang='lat' dir='ltr'><strong>matrem</strong></span> <span class='ocrx_word' id='word_1_123' title='bbox 682 1546 925 1614; x_wconf 86' lang='lat' dir='ltr'><strong>mulam,</strong></span> <span class='ocrx_word' id='word_1_124' title='bbox 974 1559 1105 1598; x_wconf 89' lang='lat' dir='ltr'><strong>cum</strong></span> <span class='ocrx_word' id='word_1_125' title='bbox 1156 1548 1347 1599; x_wconf 89' lang='lat' dir='ltr'><strong>tamen</strong></span> <span class='ocrx_word' id='word_1_126' title='bbox 1380 1543 1439 1598; x_wconf 92' lang='lat' dir='ltr'><strong>hi</strong></span> <span class='ocrx_word' id='word_1_127' title='bbox 1472 1542 1735 1599; x_wconf 83' lang='lat' dir='ltr'><strong>fecundis</strong></span> <span class='ocrx_word' id='word_1_128' title='bbox 1774 1558 1886 1597; x_wconf 93' lang='lat' dir='ltr'><strong>non</strong></span> <span class='ocrx_word' id='word_1_129' title='bbox 1920 1556 2049 1596; x_wconf 90' lang='lat' dir='ltr'><strong>raro</strong></span> 
     </span>
    </p>
   </div>
   <div class='ocr_carea' id='block_1_17' title="bbox 402 1629 2055 1701">
    <p class='ocr_par' dir='ltr' id='par_1_17' title="bbox 402 1629 2055 1701">
     <span class='ocr_line' id='line_1_17' title="bbox 402 1629 2055 1701; baseline -0.006 -7"><span class='ocrx_word' id='word_1_130' title='bbox 402 1637 754 1695; x_wconf 88' lang='lat' dir='ltr'><strong>animalibus</strong></span> <span class='ocrx_word' id='word_1_131' title='bbox 770 1634 1173 1691; x_wconf 88' lang='lat' dir='ltr'><strong>misceantur?</strong></span> <span class='ocrx_word' id='word_1_132' title='bbox 1186 1633 1437 1690; x_wconf 84' lang='lat' dir='ltr'><strong>Naturea</strong></span> <span class='ocrx_word' id='word_1_133' title='bbox 1450 1633 1731 1688; x_wconf 87' lang='lat' dir='ltr'><strong>nimirum</strong></span> <span class='ocrx_word' id='word_1_134' title='bbox 1747 1632 1923 1701; x_wconf 88' lang='lat' dir='ltr'><strong>hujus</strong></span> <span class='ocrx_word' id='word_1_135' title='bbox 1944 1629 2055 1685; x_wconf 91' lang='lat' dir='ltr'><strong>vim</strong></span> 
     </span>
    </p>
   </div>
   <div class='ocr_carea' id='block_1_18' title="bbox 399 1720 2051 1795">
    <p class='ocr_par' dir='ltr' id='par_1_18' title="bbox 399 1720 2051 1795">
     <span class='ocr_line' id='line_1_18' title="bbox 399 1720 2051 1795; baseline -0.006 -11"><span class='ocrx_word' id='word_1_136' title='bbox 399 1727 586 1791; x_wconf 89' lang='lat' dir='ltr'><strong>elidit,</strong></span> <span class='ocrx_word' id='word_1_137' title='bbox 623 1730 679 1781; x_wconf 90' lang='lat' dir='ltr'><strong>et</strong></span> <span class='ocrx_word' id='word_1_138' title='bbox 724 1724 943 1795; x_wconf 90' lang='lat' dir='ltr'><strong>ubique</strong></span> <span class='ocrx_word' id='word_1_139' title='bbox 990 1737 1117 1777; x_wconf 87' lang='lat' dir='ltr'><strong>eam</strong></span> <span class='ocrx_word' id='word_1_140' title='bbox 1164 1721 1379 1777; x_wconf 86' lang='lat' dir='ltr'><strong>vincit:</strong></span> <span class='ocrx_word' id='word_1_141' title='bbox 1414 1722 1473 1776; x_wconf 90' lang='lat' dir='ltr'><strong>in</strong></span> <span class='ocrx_word' id='word_1_142' title='bbox 1524 1721 1798 1792; x_wconf 86' lang='lat' dir='ltr'><strong>temporis</strong></span> <span class='ocrx_word' id='word_1_143' title='bbox 1841 1720 2051 1792; x_wconf 91' lang='lat' dir='ltr'><strong>produ-</strong></span> 
     </span>
    </p>
   </div>
   <div class='ocr_carea' id='block_1_19' title="bbox 2221 910 3811 988">
    <p class='ocr_par' dir='ltr' id='par_1_19' title="bbox 2221 910 3811 988">
     <span class='ocr_line' id='line_1_19' title="bbox 2221 910 3811 988; baseline 0.003 -24"><span class='ocrx_word' id='word_1_144' title='bbox 2221 914 2396 966; x_wconf 77' lang='grc' dir='ltr'>Ταῦτα</span> <span class='ocrx_word' id='word_1_145' title='bbox 2446 910 2610 965; x_wconf 81' lang='grc' dir='ltr'>εἰπὼν</span> <span class='ocrx_word' id='word_1_146' title='bbox 2665 912 2692 964; x_wconf 92' lang='grc' dir='ltr'>ὁ</span> <span class='ocrx_word' id='word_1_147' title='bbox 2749 910 2884 986; x_wconf 76' lang='grc' dir='ltr'>ἀνὴρ</span> <span class='ocrx_word' id='word_1_148' title='bbox 2943 911 3033 964; x_wconf 79' lang='grc' dir='ltr'><strong>καὶ</strong></span> <span class='ocrx_word' id='word_1_149' title='bbox 3094 910 3475 986; x_wconf 82' lang='grc' dir='ltr'>κλιμακτῆρος</span> <span class='ocrx_word' id='word_1_150' title='bbox 3529 933 3811 988; x_wconf 75' lang='grc' dir='ltr'>καταγραο</span> 
     </span>
    </p>
   </div>
   <div class='ocr_carea' id='block_1_20' title="bbox 2153 1000 3812 1077">
    <p class='ocr_par' dir='ltr' id='par_1_20' title="bbox 2153 1000 3812 1077">
     <span class='ocr_line' id='line_1_20' title="bbox 2153 1000 3812 1077; baseline 0.002 -24"><span class='ocrx_word' id='word_1_151' title='bbox 2153 1000 2256 1077; x_wconf 71' lang='grc' dir='ltr'>φῆν</span> <span class='ocrx_word' id='word_1_152' title='bbox 2303 1001 2527 1075; x_wconf 81' lang='grc' dir='ltr'>ὑπήχθη</span> <span class='ocrx_word' id='word_1_153' title='bbox 2580 1004 2755 1055; x_wconf 81' lang='grc' dir='ltr'>ποιεῖν</span> <span class='ocrx_word' id='word_1_154' title='bbox 2805 1001 2894 1055; x_wconf 87' lang='grc' dir='ltr'><strong>καί</strong></span> <span class='ocrx_word' id='word_1_155' title='bbox 2941 1020 3102 1055; x_wconf 88' lang='grc' dir='ltr'>τινων</span> <span class='ocrx_word' id='word_1_156' title='bbox 3150 1001 3555 1077; x_wconf 77' lang='grc' dir='ltr'>ἀστρολογικῶν</span> <span class='ocrx_word' id='word_1_157' title='bbox 3602 1003 3812 1076; x_wconf 77' lang='grc' dir='ltr'>ὀνομά-</span> 
     </span>
    </p>
   </div>
   <div class='ocr_carea' id='block_1_21' title="bbox 2150 1086 3812 1167">
    <p class='ocr_par' dir='ltr' id='par_1_21' title="bbox 2150 1086 3812 1167">
     <span class='ocr_line' id='line_1_21' title="bbox 2150 1086 3812 1167; baseline 0.001 -24"><span class='ocrx_word' id='word_1_158' title='bbox 2150 1110 2261 1144; x_wconf 88' lang='grc' dir='ltr'><strong>των</strong></span> <span class='ocrx_word' id='word_1_159' title='bbox 2309 1089 2399 1143; x_wconf 82' lang='grc' dir='ltr'><strong>καὶ</strong></span> <span class='ocrx_word' id='word_1_160' title='bbox 2460 1089 2787 1164; x_wconf 79' lang='grc' dir='ltr'>σχημάτων,</span> <span class='ocrx_word' id='word_1_161' title='bbox 2838 1091 2936 1159; x_wconf 74' lang='grc' dir='ltr'>τὴν</span> <span class='ocrx_word' id='word_1_162' title='bbox 2996 1089 3203 1144; x_wconf 72' lang='grc' dir='ltr'>τούτων</span> <span class='ocrx_word' id='word_1_163' title='bbox 3262 1086 3812 1167; x_wconf 64' lang='grc' dir='ltr'>ἀκριϐολογούμενος</span> 
     </span>
    </p>
   </div>
   <div class='ocr_carea' id='block_1_22' title="bbox 2156 1174 3816 1254">
    <p class='ocr_par' dir='ltr' id='par_1_22' title="bbox 2156 1174 3816 1254">
     <span class='ocr_line' id='line_1_22' title="bbox 2156 1174 3816 1254; baseline 0 -21"><span class='ocrx_word' id='word_1_164' title='bbox 2156 1174 2383 1236; x_wconf 79' lang='grc' dir='ltr'>ἔκθεσιν,</span> <span class='ocrx_word' id='word_1_165' title='bbox 2433 1178 2658 1253; x_wconf 83' lang='grc' dir='ltr'>Ἐπάγει</span> <span class='ocrx_word' id='word_1_166' title='bbox 2717 1175 2773 1232; x_wconf 74' lang='grc' dir='ltr'>δὲ</span> <span class='ocrx_word' id='word_1_167' title='bbox 2830 1178 2905 1239; x_wconf 85' lang='grc' dir='ltr'>ὡς</span> <span class='ocrx_word' id='word_1_168' title='bbox 2948 1176 2992 1231; x_wconf 78' lang='grc' dir='ltr'>εἰ</span> <span class='ocrx_word' id='word_1_169' title='bbox 3030 1175 3111 1249; x_wconf 78' lang='grc' dir='ltr'>τῷ</span> <span class='ocrx_word' id='word_1_170' title='bbox 3169 1175 3361 1253; x_wconf 84' lang='grc' dir='ltr'>δρόμῳ</span> <span class='ocrx_word' id='word_1_171' title='bbox 3402 1184 3510 1234; x_wconf 81' lang='grc' dir='ltr'><strong>τῶν</strong></span> <span class='ocrx_word' id='word_1_172' title='bbox 3569 1179 3816 1254; x_wconf 68' lang='grc' dir='ltr'>ἀστέρων</span> 
     </span>
    </p>
   </div>
   <div class='ocr_carea' id='block_1_23' title="bbox 2153 1264 3819 1344">
    <p class='ocr_par' dir='ltr' id='par_1_23' title="bbox 2153 1264 3819 1344">
     <span class='ocr_line' id='line_1_23' title="bbox 2153 1264 3819 1344; baseline 0.001 -23"><span class='ocrx_word' id='word_1_173' title='bbox 2153 1267 2242 1321; x_wconf 81' lang='grc' dir='ltr'><strong>καὶ</strong></span> <span class='ocrx_word' id='word_1_174' title='bbox 2306 1271 2422 1329; x_wconf 87' lang='grc' dir='ltr'>τοῖς</span> <span class='ocrx_word' id='word_1_175' title='bbox 2481 1269 2733 1344; x_wconf 72' lang='grc' dir='ltr'>σχήμασι</span> <span class='ocrx_word' id='word_1_176' title='bbox 2790 1267 2962 1322; x_wconf 89' lang='grc' dir='ltr'>πάντα</span> <span class='ocrx_word' id='word_1_177' title='bbox 3039 1264 3323 1322; x_wconf 70' lang='grc' dir='ltr'>διοικεῖται</span> <span class='ocrx_word' id='word_1_178' title='bbox 3376 1266 3443 1322; x_wconf 75' lang='grc' dir='ltr'>τὰ</span> <span class='ocrx_word' id='word_1_179' title='bbox 3501 1272 3633 1339; x_wconf 79' lang='grc' dir='ltr'>ζῶα,</span> <span class='ocrx_word' id='word_1_180' title='bbox 3694 1272 3819 1330; x_wconf 84' lang='grc' dir='ltr'>πῶς</span> 
     </span>
    </p>
   </div>
   <div class='ocr_carea' id='block_1_24' title="bbox 2159 1353 3819 1433">
    <p class='ocr_par' dir='ltr' id='par_1_24' title="bbox 2159 1353 3819 1433">
     <span class='ocr_line' id='line_1_24' title="bbox 2159 1353 3819 1433; baseline 0.001 -22"><span class='ocrx_word' id='word_1_181' title='bbox 2159 1353 2336 1418; x_wconf 75' lang='grc' dir='ltr'>οὐδεὶς</span> <span class='ocrx_word' id='word_1_182' title='bbox 2369 1357 2540 1431; x_wconf 75' lang='grc' dir='ltr'>ἀστὴρ</span> <span class='ocrx_word' id='word_1_183' title='bbox 2570 1354 2694 1412; x_wconf 76' lang='grc' dir='ltr'>οὐδὲ</span> <span class='ocrx_word' id='word_1_184' title='bbox 2724 1363 2918 1433; x_wconf 82' lang='grc' dir='ltr'>σχῆμα</span> <span class='ocrx_word' id='word_1_185' title='bbox 2950 1354 3080 1411; x_wconf 72' lang='grc' dir='ltr'>οὐδὲ</span> <span class='ocrx_word' id='word_1_186' title='bbox 3116 1355 3542 1431; x_wconf 82' lang='grc' dir='ltr'>παρανατέλλων</span> <span class='ocrx_word' id='word_1_187' title='bbox 3578 1360 3819 1431; x_wconf 74' lang='grc' dir='ltr'>ἡμίονον</span> 
     </span>
    </p>
   </div>
   <div class='ocr_carea' id='block_1_25' title="bbox 2157 1444 3820 1520">
    <p class='ocr_par' dir='ltr' id='par_1_25' title="bbox 2157 1444 3820 1520">
     <span class='ocr_line' id='line_1_25' title="bbox 2157 1444 3820 1520; baseline 0.001 -22"><span class='ocrx_word' id='word_1_188' title='bbox 2157 1446 2363 1520; x_wconf 77' lang='grc' dir='ltr'>πατέρα</span> <span class='ocrx_word' id='word_1_189' title='bbox 2393 1444 2429 1513; x_wconf 79' lang='grc' dir='ltr'><strong>ἢ</strong></span> <span class='ocrx_word' id='word_1_190' title='bbox 2463 1445 2693 1520; x_wconf 72' lang='grc' dir='ltr'>μητέρα,</span> <span class='ocrx_word' id='word_1_191' title='bbox 2724 1445 2905 1500; x_wconf 87' lang='grc' dir='ltr'>καίτοι</span> <span class='ocrx_word' id='word_1_192' title='bbox 2936 1444 3025 1499; x_wconf 82' lang='grc' dir='ltr'><strong>καὶ</strong></span> <span class='ocrx_word' id='word_1_193' title='bbox 3066 1450 3185 1505; x_wconf 87' lang='grc' dir='ltr'>τοῖς</span> <span class='ocrx_word' id='word_1_194' title='bbox 3230 1445 3484 1520; x_wconf 83' lang='grc' dir='ltr'>γονίμοις</span> <span class='ocrx_word' id='word_1_195' title='bbox 3536 1445 3820 1507; x_wconf 76' lang='grc' dir='ltr'>πολλάκις</span> 
     </span>
    </p>
   </div>
   <div class='ocr_carea' id='block_1_26' title="bbox 2163 1531 3817 1610">
    <p class='ocr_par' dir='ltr' id='par_1_26' title="bbox 2163 1531 3817 1610">
     <span class='ocr_line' id='line_1_26' title="bbox 2163 1531 3817 1610; baseline 0.001 -23"><span class='ocrx_word' id='word_1_196' title='bbox 2163 1532 2543 1609; x_wconf 72' lang='grc' dir='ltr'>μιγνυμένους,</span> <span class='ocrx_word' id='word_1_197' title='bbox 2602 1531 2869 1589; x_wconf 73' lang='grc' dir='ltr'>οὐδέποτε</span> <span class='ocrx_word' id='word_1_198' title='bbox 2921 1534 3283 1610; x_wconf 83' lang='grc' dir='ltr'>ἀπειργάσατο</span> <span class='ocrx_word' id='word_1_199' title='bbox 3320 1554 3333 1604; x_wconf 90' lang='lat'><strong>;</strong></span> <span class='ocrx_word' id='word_1_200' title='bbox 3373 1532 3499 1591; x_wconf 86' lang='grc' dir='ltr'>ἀλλ’</span> <span class='ocrx_word' id='word_1_201' title='bbox 3558 1537 3592 1603; x_wconf 86' lang='grc' dir='ltr'>ἡ</span> <span class='ocrx_word' id='word_1_202' title='bbox 3645 1534 3817 1609; x_wconf 70' lang='grc' dir='ltr'>φῦσίς</span> 
     </span>
    </p>
   </div>
   <div class='ocr_carea' id='block_1_27' title="bbox 2156 1621 3819 1699">
    <p class='ocr_par' dir='ltr' id='par_1_27' title="bbox 2156 1621 3819 1699">
     <span class='ocr_line' id='line_1_27' title="bbox 2156 1621 3819 1699; baseline 0.001 -22"><span class='ocrx_word' id='word_1_203' title='bbox 2156 1623 2221 1678; x_wconf 89' lang='grc' dir='ltr'>τὸ</span> <span class='ocrx_word' id='word_1_204' title='bbox 2266 1622 2477 1693; x_wconf 82' lang='grc' dir='ltr'>ἐκείνης</span> <span class='ocrx_word' id='word_1_205' title='bbox 2529 1621 2647 1677; x_wconf 72' lang='grc' dir='ltr'>λύει</span> <span class='ocrx_word' id='word_1_206' title='bbox 2690 1624 2910 1697; x_wconf 85' lang='grc' dir='ltr'>κράτος,</span> <span class='ocrx_word' id='word_1_207' title='bbox 2942 1629 3031 1678; x_wconf 76' lang='grc' dir='ltr'><strong>καί</strong></span> <span class='ocrx_word' id='word_1_208' title='bbox 3085 1628 3367 1699; x_wconf 87' lang='grc' dir='ltr'>πανταχοῦ</span> <span class='ocrx_word' id='word_1_209' title='bbox 3412 1624 3615 1696; x_wconf 73' lang='grc' dir='ltr'>ταύτην</span> <span class='ocrx_word' id='word_1_210' title='bbox 3666 1629 3819 1695; x_wconf 79' lang='grc' dir='ltr'>νικᾷ,</span> 
     </span>
    </p>
   </div>
   <div class='ocr_carea' id='block_1_28' title="bbox 2161 1711 3825 1788">
    <p class='ocr_par' dir='ltr' id='par_1_28' title="bbox 2161 1711 3825 1788">
     <span class='ocr_line' id='line_1_28' title="bbox 2161 1711 3825 1788; baseline 0.002 -22"><span class='ocrx_word' id='word_1_211' title='bbox 2161 1711 2212 1766; x_wconf 80' lang='grc' dir='ltr'><strong>ἐν</strong></span> <span class='ocrx_word' id='word_1_212' title='bbox 2252 1713 2544 1787; x_wconf 75' lang='grc' dir='ltr'>παρατάσει</span> <span class='ocrx_word' id='word_1_213' title='bbox 2604 1712 2843 1787; x_wconf 80' lang='grc' dir='ltr'>χρόνων,</span> <span class='ocrx_word' id='word_1_214' title='bbox 2885 1714 2936 1767; x_wconf 72' lang='grc' dir='ltr'>ἓν</span> <span class='ocrx_word' id='word_1_215' title='bbox 2982 1711 3177 1785; x_wconf 71' lang='grc' dir='ltr'>ὁμιλίᾳ</span> <span class='ocrx_word' id='word_1_216' title='bbox 3227 1715 3521 1788; x_wconf 86' lang='grc' dir='ltr'>σωμάτων,</span> <span class='ocrx_word' id='word_1_217' title='bbox 3570 1714 3622 1769; x_wconf 82' lang='grc' dir='ltr'><strong>ἐν</strong></span> <span class='ocrx_word' id='word_1_218' title='bbox 3682 1735 3825 1769; x_wconf 88' lang='grc' dir='ltr'>κυο-</span> 
     </span>
    </p>
   </div>
   <div class='ocr_carea' id='block_1_29' title="bbox 401 1797 2048 1884">
    <p class='ocr_par' dir='ltr' id='par_1_29' title="bbox 401 1809 2048 1884">
     <span class='ocr_line' id='line_1_29' title="bbox 401 1809 2048 1884; baseline -0.005 -12"><span class='ocrx_word' id='word_1_219' title='bbox 401 1817 613 1883; x_wconf 90' lang='lat' dir='ltr'><strong>ctione,</strong></span> <span class='ocrx_word' id='word_1_220' title='bbox 648 1814 706 1869; x_wconf 91' lang='lat' dir='ltr'><strong>in</strong></span> <span class='ocrx_word' id='word_1_221' title='bbox 758 1827 1066 1884; x_wconf 84' lang='lat' dir='ltr'><strong>corporum</strong></span> <span class='ocrx_word' id='word_1_222' title='bbox 1109 1827 1452 1882; x_wconf 88' lang='lat' dir='ltr'><strong>congressu,</strong></span> <span class='ocrx_word' id='word_1_223' title='bbox 1498 1811 1554 1865; x_wconf 94' lang='lat' dir='ltr'><strong>in</strong></span> <span class='ocrx_word' id='word_1_224' title='bbox 1599 1810 1865 1882; x_wconf 89' lang='lat' dir='ltr'><strong>gestandi</strong></span> <span class='ocrx_word' id='word_1_225' title='bbox 1898 1809 2048 1865; x_wconf 82' lang='lat' dir='ltr'><strong>fetus</strong></span> 
     </span>
    </p>
   </div>
   <div class='ocr_carea' id='block_1_30' title="bbox 2160 1797 3821 1884">
    <p class='ocr_par' dir='ltr' id='par_1_30' title="bbox 2160 1800 3821 1880">
     <span class='ocr_line' id='line_1_30' title="bbox 2160 1800 3821 1880; baseline -0.001 -24"><span class='ocrx_word' id='word_1_226' title='bbox 2160 1807 2363 1880; x_wconf 73' lang='grc' dir='ltr'>φοριῶν</span> <span class='ocrx_word' id='word_1_227' title='bbox 2394 1800 2700 1878; x_wconf 73' lang='grc' dir='ltr'>διαφοραῖς,</span> <span class='ocrx_word' id='word_1_228' title='bbox 2742 1801 2793 1856; x_wconf 85' lang='grc' dir='ltr'><strong>ἐν</strong></span> <span class='ocrx_word' id='word_1_229' title='bbox 2833 1801 3157 1876; x_wconf 82' lang='grc' dir='ltr'>ἐξαλλαγαῖς</span> <span class='ocrx_word' id='word_1_230' title='bbox 3210 1802 3441 1872; x_wconf 75' lang='grc' dir='ltr'>ἡλικιῶν</span> <span class='ocrx_word' id='word_1_231' title='bbox 3473 1804 3565 1858; x_wconf 79' lang='grc' dir='ltr'><strong>καὶ</strong></span> <span class='ocrx_word' id='word_1_232' title='bbox 3597 1801 3647 1857; x_wconf 85' lang='grc' dir='ltr'><strong>ἐν</strong></span> <span class='ocrx_word' id='word_1_233' title='bbox 3695 1808 3821 1865; x_wconf 79' lang='grc' dir='ltr'>τοῖς</span> 
     </span>
    </p>
   </div>
   <div class='ocr_carea' id='block_1_31' title="bbox 406 1900 2051 1971">
    <p class='ocr_par' dir='ltr' id='par_1_31' title="bbox 406 1900 2051 1971">
     <span class='ocr_line' id='line_1_31' title="bbox 406 1900 2051 1971; baseline -0.005 -9"><span class='ocrx_word' id='word_1_234' title='bbox 406 1904 697 1971; x_wconf 84' lang='lat' dir='ltr'><strong>varietate,</strong></span> <span class='ocrx_word' id='word_1_235' title='bbox 724 1904 780 1958; x_wconf 92' lang='lat' dir='ltr'><strong>in</strong></span> <span class='ocrx_word' id='word_1_236' title='bbox 806 1908 1038 1958; x_wconf 68' lang='lat' dir='ltr'><strong>aetatum</strong></span> <span class='ocrx_word' id='word_1_237' title='bbox 1072 1902 1503 1969; x_wconf 85' lang='lat' dir='ltr'><strong>immutatione,</strong></span> <span class='ocrx_word' id='word_1_238' title='bbox 1526 1902 1582 1956; x_wconf 89' lang='lat' dir='ltr'><strong>in</strong></span> <span class='ocrx_word' id='word_1_239' title='bbox 1606 1900 2051 1964; x_wconf 67' lang='lat' dir='ltr'><strong>cmteris,2l7a</strong></span> 
     </span>
    </p>
   </div>
   <div class='ocr_carea' id='block_1_32' title="bbox 405 1988 2051 2066">
    <p class='ocr_par' dir='ltr' id='par_1_32' title="bbox 405 1988 2051 2066">
     <span class='ocr_line' id='line_1_32' title="bbox 405 1988 2051 2066; baseline -0.004 -16"><span class='ocrx_word' id='word_1_240' title='bbox 405 2011 531 2066; x_wconf 66' lang='lat' dir='ltr'><strong>quae</strong></span> <span class='ocrx_word' id='word_1_241' title='bbox 566 1994 885 2049; x_wconf 90' lang='lat' dir='ltr'><strong>secundum</strong></span> <span class='ocrx_word' id='word_1_242' title='bbox 907 1996 1175 2047; x_wconf 86' lang='lat' dir='ltr'><strong>naturam</strong></span> <span class='ocrx_word' id='word_1_243' title='bbox 1204 1991 1352 2045; x_wconf 81' lang='lat' dir='ltr'><strong>ﬁunt</strong></span> <span class='ocrx_word' id='word_1_244' title='bbox 1373 1988 1644 2045; x_wconf 90' lang='lat' dir='ltr'><strong>omnibus</strong></span> <span class='ocrx_word' id='word_1_245' title='bbox 1677 2004 1925 2059; x_wconf 91' lang='lat' dir='ltr'><strong>quorum</strong></span> <span class='ocrx_word' id='word_1_246' title='bbox 1950 1988 2051 2043; x_wconf 91' lang='lat' dir='ltr'><strong>illa</strong></span> 
     </span>
    </p>
   </div>
   <div class='ocr_carea' id='block_1_33' title="bbox 404 2077 2049 2155">
    <p class='ocr_par' dir='ltr' id='par_1_33' title="bbox 404 2077 2049 2155">
     <span class='ocr_line' id='line_1_33' title="bbox 404 2077 2049 2155; baseline -0.003 -16"><span class='ocrx_word' id='word_1_247' title='bbox 404 2085 546 2140; x_wconf 88' lang='lat' dir='ltr'><strong>nihil</strong></span> <span class='ocrx_word' id='word_1_248' title='bbox 580 2087 776 2155; x_wconf 89' lang='lat' dir='ltr'><strong>potest</strong></span> <span class='ocrx_word' id='word_1_249' title='bbox 806 2083 1140 2137; x_wconf 90' lang='lat' dir='ltr'><strong>immutare.</strong></span> <span class='ocrx_word' id='word_1_250' title='bbox 1174 2082 1287 2135; x_wconf 90' lang='lat' dir='ltr'><strong>Cur</strong></span> <span class='ocrx_word' id='word_1_251' title='bbox 1317 2080 1471 2135; x_wconf 90' lang='lat' dir='ltr'><strong>enim</strong></span> <span class='ocrx_word' id='word_1_252' title='bbox 1522 2095 1708 2150; x_wconf 80' lang='lat' dir='ltr'><strong>equus</strong></span> <span class='ocrx_word' id='word_1_253' title='bbox 1740 2077 1938 2133; x_wconf 90' lang='lat' dir='ltr'><strong>nullus</strong></span> <span class='ocrx_word' id='word_1_254' title='bbox 1959 2078 2049 2134; x_wconf 92' lang='lat' dir='ltr'><strong>vel</strong></span> 
     </span>
    </p>
   </div>
   <div class='ocr_carea' id='block_1_34' title="bbox 405 2168 2049 2241">
    <p class='ocr_par' dir='ltr' id='par_1_34' title="bbox 405 2168 2049 2241">
     <span class='ocr_line' id='line_1_34' title="bbox 405 2168 2049 2241; baseline -0.004 -12"><span class='ocrx_word' id='word_1_255' title='bbox 405 2174 609 2229; x_wconf 89' lang='lat' dir='ltr'><strong>asinus</strong></span> <span class='ocrx_word' id='word_1_256' title='bbox 641 2172 943 2226; x_wconf 87' lang='lat' dir='ltr'><strong>hominum</strong></span> <span class='ocrx_word' id='word_1_257' title='bbox 969 2170 1170 2241; x_wconf 88' lang='lat' dir='ltr'><strong>eﬂ‘ugit</strong></span> <span class='ocrx_word' id='word_1_258' title='bbox 1194 2168 1512 2240; x_wconf 87' lang='lat' dir='ltr'><strong>ﬂagellum,</strong></span> <span class='ocrx_word' id='word_1_259' title='bbox 1535 2185 1668 2223; x_wconf 92' lang='lat' dir='ltr'><strong>cum</strong></span> <span class='ocrx_word' id='word_1_260' title='bbox 1698 2172 1901 2223; x_wconf 69' lang='lat' dir='ltr'><strong>caetera</strong></span> <span class='ocrx_word' id='word_1_261' title='bbox 1924 2168 2049 2222; x_wconf 88' lang='lat' dir='ltr'><strong>ani-</strong></span> 
     </span>
    </p>
   </div>
   <div class='ocr_carea' id='block_1_35' title="bbox 404 2256 2049 2328">
    <p class='ocr_par' dir='ltr' id='par_1_35' title="bbox 404 2256 2049 2328">
     <span class='ocr_line' id='line_1_35' title="bbox 404 2256 2049 2328; baseline -0.002 -12"><span class='ocrx_word' id='word_1_262' title='bbox 404 2262 624 2317; x_wconf 89' lang='lat' dir='ltr'><strong>mantia</strong></span> <span class='ocrx_word' id='word_1_263' title='bbox 657 2260 863 2315; x_wconf 90' lang='lat' dir='ltr'><strong>horum</strong></span> <span class='ocrx_word' id='word_1_264' title='bbox 910 2258 1091 2313; x_wconf 91' lang='lat' dir='ltr'><strong>ictum</strong></span> <span class='ocrx_word' id='word_1_265' title='bbox 1127 2275 1241 2313; x_wconf 92' lang='lat' dir='ltr'><strong>non</strong></span> <span class='ocrx_word' id='word_1_266' title='bbox 1276 2258 1509 2313; x_wconf 84' lang='lat' dir='ltr'><strong>ferant?</strong></span> <span class='ocrx_word' id='word_1_267' title='bbox 1544 2258 1616 2313; x_wconf 88' lang='lat' dir='ltr'><strong>At</strong></span> <span class='ocrx_word' id='word_1_268' title='bbox 1665 2256 1711 2312; x_wconf 82' lang='lat' dir='ltr'><strong>si</strong></span> <span class='ocrx_word' id='word_1_269' title='bbox 1753 2273 1889 2328; x_wconf 84' lang='lat' dir='ltr'><strong>qua,</strong></span> <span class='ocrx_word' id='word_1_270' title='bbox 1922 2274 2049 2328; x_wconf 71' lang='lat' dir='ltr'><strong>quae</strong></span> 
     </span>
    </p>
   </div>
   <div class='ocr_carea' id='block_1_36' title="bbox 403 2346 2049 2418">
    <p class='ocr_par' dir='ltr' id='par_1_36' title="bbox 403 2346 2049 2418">
     <span class='ocr_line' id='line_1_36' title="bbox 403 2346 2049 2418; baseline -0.004 -12"><span class='ocrx_word' id='word_1_271' title='bbox 403 2355 599 2406; x_wconf 87' lang='lat' dir='ltr'><strong>tamen</strong></span> <span class='ocrx_word' id='word_1_272' title='bbox 630 2365 760 2403; x_wconf 89' lang='lat' dir='ltr'><strong>rara</strong></span> <span class='ocrx_word' id='word_1_273' title='bbox 810 2351 969 2416; x_wconf 88' lang='lat' dir='ltr'><strong>sunt,</strong></span> <span class='ocrx_word' id='word_1_274' title='bbox 1021 2347 1343 2414; x_wconf 87' lang='lat' dir='ltr'><strong>sustinent,</strong></span> <span class='ocrx_word' id='word_1_275' title='bbox 1398 2361 1469 2402; x_wconf 89' lang='lat' dir='ltr'><strong>ne</strong></span> <span class='ocrx_word' id='word_1_276' title='bbox 1519 2346 1603 2402; x_wconf 88' lang='lat' dir='ltr'><strong>sic</strong></span> <span class='ocrx_word' id='word_1_277' title='bbox 1650 2346 1888 2418; x_wconf 89' lang='lat' dir='ltr'><strong>quidem</strong></span> <span class='ocrx_word' id='word_1_278' title='bbox 1939 2346 2049 2401; x_wconf 86' lang='lat' dir='ltr'><strong>dif-</strong></span> 
     </span>
    </p>
   </div>
   <div class='ocr_carea' id='block_1_37' title="bbox 407 2434 2052 2494">
    <p class='ocr_par' dir='ltr' id='par_1_37' title="bbox 407 2434 2052 2494">
     <span class='ocr_line' id='line_1_37' title="bbox 407 2434 2052 2494; baseline -0.002 0"><span class='ocrx_word' id='word_1_279' title='bbox 407 2438 637 2494; x_wconf 86' lang='lat' dir='ltr'><strong>ﬁcultas</strong></span> <span class='ocrx_word' id='word_1_280' title='bbox 668 2436 932 2492; x_wconf 88' lang='lat' dir='ltr'><strong>solvitur.</strong></span> <span class='ocrx_word' id='word_1_281' title='bbox 984 2436 1096 2492; x_wconf 87' lang='lat' dir='ltr'><strong>Cur</strong></span> <span class='ocrx_word' id='word_1_282' title='bbox 1142 2436 1299 2491; x_wconf 91' lang='lat' dir='ltr'><strong>enim</strong></span> <span class='ocrx_word' id='word_1_283' title='bbox 1348 2452 1461 2491; x_wconf 91' lang='lat' dir='ltr'><strong>non</strong></span> <span class='ocrx_word' id='word_1_284' title='bbox 1507 2440 1563 2489; x_wconf 91' lang='lat' dir='ltr'><strong>et</strong></span> <span class='ocrx_word' id='word_1_285' title='bbox 1605 2440 1807 2492; x_wconf 75' lang='lat' dir='ltr'><strong>caetera</strong></span> <span class='ocrx_word' id='word_1_286' title='bbox 1854 2434 2052 2490; x_wconf 90' lang='lat' dir='ltr'><strong>omnia</strong></span> 
     </span>
    </p>
   </div>
   <div class='ocr_carea' id='block_1_38' title="bbox 408 2523 2049 2597">
    <p class='ocr_par' dir='ltr' id='par_1_38' title="bbox 408 2523 2049 2597">
     <span class='ocr_line' id='line_1_38' title="bbox 408 2523 2049 2597; baseline -0.002 -14"><span class='ocrx_word' id='word_1_287' title='bbox 408 2527 735 2583; x_wconf 87' lang='lat' dir='ltr'><strong>sustineant</strong></span> <span class='ocrx_word' id='word_1_288' title='bbox 765 2542 1009 2581; x_wconf 90' lang='lat' dir='ltr'><strong>numero</strong></span> <span class='ocrx_word' id='word_1_289' title='bbox 1042 2525 1230 2581; x_wconf 90' lang='lat' dir='ltr'><strong>multo</strong></span> <span class='ocrx_word' id='word_1_290' title='bbox 1280 2523 1492 2597; x_wconf 84' lang='lat' dir='ltr'><strong>plura?</strong></span> <span class='ocrx_word' id='word_1_291' title='bbox 1533 2524 1755 2580; x_wconf 86' lang='lat' dir='ltr'><strong>Deinde</strong></span> <span class='ocrx_word' id='word_1_292' title='bbox 1783 2525 1932 2579; x_wconf 91' lang='lat' dir='ltr'><strong>inter</strong></span> <span class='ocrx_word' id='word_1_293' title='bbox 1960 2539 2049 2593; x_wconf 90' lang='lat' dir='ltr'><strong>ea,</strong></span> 
     </span>
    </p>
   </div>
   <div class='ocr_carea' id='block_1_39' title="bbox 408 2613 2053 2688">
    <p class='ocr_par' dir='ltr' id='par_1_39' title="bbox 408 2613 2053 2688">
     <span class='ocr_line' id='line_1_39' title="bbox 408 2613 2053 2688; baseline -0.002 -17"><span class='ocrx_word' id='word_1_294' title='bbox 408 2632 535 2688; x_wconf 62' lang='lat' dir='ltr'><strong>quae</strong></span> <span class='ocrx_word' id='word_1_295' title='bbox 567 2614 761 2687; x_wconf 88' lang='lat' dir='ltr'><strong>ﬂagris</strong></span> <span class='ocrx_word' id='word_1_296' title='bbox 792 2614 1114 2681; x_wconf 66' lang='lat' dir='ltr'><strong>caeduntur,</strong></span> <span class='ocrx_word' id='word_1_297' title='bbox 1143 2613 1322 2669; x_wconf 90' lang='lat' dir='ltr'><strong>libera</strong></span> <span class='ocrx_word' id='word_1_298' title='bbox 1359 2617 1499 2669; x_wconf 90' lang='lat' dir='ltr'><strong>sunt</strong></span> <span class='ocrx_word' id='word_1_299' title='bbox 1526 2613 1720 2681; x_wconf 88' lang='lat' dir='ltr'><strong>bruta,</strong></span> <span class='ocrx_word' id='word_1_300' title='bbox 1757 2614 1895 2668; x_wconf 91' lang='lat' dir='ltr'><strong>dum</strong></span> <span class='ocrx_word' id='word_1_301' title='bbox 1919 2614 2053 2669; x_wconf 86' lang='lat' dir='ltr'><strong>ado-</strong></span> 
     </span>
    </p>
   </div>
   <div class='ocr_carea' id='block_1_40' title="bbox 406 2702 2051 2773">
    <p class='ocr_par' dir='ltr' id='par_1_40' title="bbox 406 2702 2051 2773">
     <span class='ocr_line' id='line_1_40' title="bbox 406 2702 2051 2773; baseline -0.001 -13"><span class='ocrx_word' id='word_1_302' title='bbox 406 2705 651 2762; x_wconf 87' lang='lat' dir='ltr'><strong>leverint</strong></span> <span class='ocrx_word' id='word_1_303' title='bbox 681 2720 693 2758; x_wconf 91' lang='lat'><strong><em>:</em></strong></span> <span class='ocrx_word' id='word_1_304' title='bbox 728 2718 863 2759; x_wconf 88' lang='lat' dir='ltr'><strong>nam</strong></span> <span class='ocrx_word' id='word_1_305' title='bbox 898 2719 1031 2758; x_wconf 84' lang='lat' dir='ltr'><strong>mox</strong></span> <span class='ocrx_word' id='word_1_306' title='bbox 1061 2707 1127 2758; x_wconf 91' lang='lat' dir='ltr'><strong>ut</strong></span> <span class='ocrx_word' id='word_1_307' title='bbox 1167 2719 1342 2759; x_wconf 87' lang='lat' dir='ltr'><strong>onera</strong></span> <span class='ocrx_word' id='word_1_308' title='bbox 1369 2702 1514 2759; x_wconf 84' lang='lat' dir='ltr'><strong>ferre</strong></span> <span class='ocrx_word' id='word_1_309' title='bbox 1553 2702 1845 2773; x_wconf 81' lang='lat' dir='ltr'><strong>ccsperint,</strong></span> <span class='ocrx_word' id='word_1_310' title='bbox 1879 2702 2051 2759; x_wconf 88' lang='lat' dir='ltr'><strong>etiam</strong></span> 
     </span>
    </p>
   </div>
   <div class='ocr_carea' id='block_1_41' title="bbox 402 2792 2052 2865">
    <p class='ocr_par' dir='ltr' id='par_1_41' title="bbox 402 2792 2052 2865">
     <span class='ocr_line' id='line_1_41' title="bbox 402 2792 2052 2865; baseline -0.001 -14"><span class='ocrx_word' id='word_1_311' title='bbox 402 2794 689 2851; x_wconf 87' lang='lat' dir='ltr'><strong>verberari</strong></span> <span class='ocrx_word' id='word_1_312' title='bbox 708 2793 1015 2865; x_wconf 89' lang='lat' dir='ltr'><strong>incipiunt.</strong></span> <span class='ocrx_word' id='word_1_313' title='bbox 1038 2794 1107 2848; x_wconf 87' lang='lat' dir='ltr'><strong>At</strong></span> <span class='ocrx_word' id='word_1_314' title='bbox 1125 2793 1299 2849; x_wconf 91' lang='lat' dir='ltr'><strong>homo</strong></span> <span class='ocrx_word' id='word_1_315' title='bbox 1322 2792 1697 2863; x_wconf 89' lang='lat' dir='ltr'><strong>potissimum</strong></span> <span class='ocrx_word' id='word_1_316' title='bbox 1723 2794 1779 2848; x_wconf 89' lang='lat' dir='ltr'><strong>in</strong></span> <span class='ocrx_word' id='word_1_317' title='bbox 1804 2792 2052 2863; x_wconf 90' lang='lat' dir='ltr'><strong>puerilia</strong></span> 
     </span>
    </p>
   </div>
   <div class='ocr_carea' id='block_1_42' title="bbox 404 2878 2048 2955">
    <p class='ocr_par' dir='ltr' id='par_1_42' title="bbox 404 2878 2048 2955">
     <span class='ocr_line' id='line_1_42' title="bbox 404 2878 2048 2955; baseline -0.002 -16"><span class='ocrx_word' id='word_1_318' title='bbox 404 2881 735 2955; x_wconf 87' lang='lat' dir='ltr'><strong>ﬂagellatur</strong></span> <span class='ocrx_word' id='word_1_319' title='bbox 758 2898 770 2936; x_wconf 91' lang='lat'>:</span> <span class='ocrx_word' id='word_1_320' title='bbox 793 2897 926 2937; x_wconf 91' lang='lat' dir='ltr'><strong>cum</strong></span> <span class='ocrx_word' id='word_1_321' title='bbox 952 2885 1147 2937; x_wconf 88' lang='lat' dir='ltr'><strong>autem</strong></span> <span class='ocrx_word' id='word_1_322' title='bbox 1172 2881 1243 2935; x_wconf 90' lang='lat' dir='ltr'><strong>ad</strong></span> <span class='ocrx_word' id='word_1_323' title='bbox 1266 2879 1491 2934; x_wconf 91' lang='lat' dir='ltr'><strong>virilem</strong></span> <span class='ocrx_word' id='word_1_324' title='bbox 1525 2883 1751 2935; x_wconf 69' lang='lat' dir='ltr'><strong>aetatem</strong></span> <span class='ocrx_word' id='word_1_325' title='bbox 1784 2878 2048 2949; x_wconf 89' lang='lat' dir='ltr'><strong>creverit,</strong></span> 
     </span>
    </p>
   </div>
   <div class='ocr_carea' id='block_1_43' title="bbox 406 2970 2052 3045">
    <p class='ocr_par' dir='ltr' id='par_1_43' title="bbox 406 2970 2052 3045">
     <span class='ocr_line' id='line_1_43' title="bbox 406 2970 2052 3045; baseline -0.002 -16"><span class='ocrx_word' id='word_1_326' title='bbox 406 2978 844 3045; x_wconf 88' lang='lat' dir='ltr'><strong>autnunquam,</strong></span> <span class='ocrx_word' id='word_1_327' title='bbox 870 2976 972 3029; x_wconf 85' lang='lat' dir='ltr'><strong>aut</strong></span> <span class='ocrx_word' id='word_1_328' title='bbox 993 2971 1200 3028; x_wconf 88' lang='lat' dir='ltr'><strong>saltem</strong></span> <span class='ocrx_word' id='word_1_329' title='bbox 1223 2988 1353 3026; x_wconf 88' lang='lat' dir='ltr'><strong>raro</strong></span> <span class='ocrx_word' id='word_1_330' title='bbox 1376 2972 1831 3037; x_wconf 69' lang='lat' dir='ltr'><strong>caeditur.Quare</strong></span> <span class='ocrx_word' id='word_1_331' title='bbox 1854 2970 2052 3027; x_wconf 79' lang='lat' dir='ltr'><strong>adhaec</strong></span> 
     </span>
    </p>
   </div>
   <div class='ocr_carea' id='block_1_44' title="bbox 410 3058 2123 3169">
    <p class='ocr_par' dir='ltr' id='par_1_44' title="bbox 410 3058 2123 3169">
     <span class='ocr_line' id='line_1_44' title="bbox 410 3058 2123 3169; baseline -0.002 -51"><span class='ocrx_word' id='word_1_332' title='bbox 410 3062 854 3169; x_wconf 31' lang='lat' dir='ltr'><strong>ﬁbrishsuibus,</strong></span> <span class='ocrx_word' id='word_1_333' title='bbox 880 3059 1058 3169; x_wconf 71' lang='lat' dir='ltr'><strong>gallis</strong></span> <span class='ocrx_word' id='word_1_334' title='bbox 1091 3058 1838 3169; x_wconf 29' lang='lat' dir='ltr'><strong>gallinaceisphominibus,</strong></span> <span class='ocrx_word' id='word_1_335' title='bbox 1863 3058 2048 3169; x_wconf 67' lang='lat' dir='ltr'><strong>equis,</strong></span> <span class='ocrx_word' id='word_1_336' title='bbox 2081 3102 2123 3169; x_wconf 63' lang='grc' dir='ltr'>Ο</span> 
     </span>
    </p>
   </div>
   <div class='ocr_carea' id='block_1_45' title="bbox 405 3148 2045 3221">
    <p class='ocr_par' dir='ltr' id='par_1_45' title="bbox 405 3148 2045 3221">
     <span class='ocr_line' id='line_1_45' title="bbox 405 3148 2045 3221; baseline -0.001 -15"><span class='ocrx_word' id='word_1_337' title='bbox 405 3156 461 3206; x_wconf 89' lang='lat' dir='ltr'><strong>et</strong></span> <span class='ocrx_word' id='word_1_338' title='bbox 492 3150 845 3221; x_wconf 89' lang='lat' dir='ltr'><strong>quihusdam</strong></span> <span class='ocrx_word' id='word_1_339' title='bbox 880 3150 1024 3204; x_wconf 83' lang='lat' dir='ltr'><strong>forte</strong></span> <span class='ocrx_word' id='word_1_340' title='bbox 1054 3148 1207 3213; x_wconf 88' lang='lat' dir='ltr'><strong>aliis,</strong></span> <span class='ocrx_word' id='word_1_341' title='bbox 1240 3148 1513 3219; x_wconf 78' lang='lat' dir='ltr'><strong>genitalia</strong></span> <span class='ocrx_word' id='word_1_342' title='bbox 1540 3154 1903 3217; x_wconf 84' lang='lat' dir='ltr'><strong>exsecantur,</strong></span> <span class='ocrx_word' id='word_1_343' title='bbox 1939 3150 2045 3205; x_wconf 86' lang='lat' dir='ltr'><strong>fer-</strong></span> 
     </span>
    </p>
   </div>
   <div class='ocr_carea' id='block_1_46' title="bbox 410 3235 2049 3308">
    <p class='ocr_par' dir='ltr' id='par_1_46' title="bbox 410 3235 2049 3308">
     <span class='ocr_line' id='line_1_46' title="bbox 410 3235 2049 3308; baseline -0.001 -15"><span class='ocrx_word' id='word_1_344' title='bbox 410 3252 659 3308; x_wconf 89' lang='lat' dir='ltr'><strong>rumque</strong></span> <span class='ocrx_word' id='word_1_345' title='bbox 704 3236 863 3308; x_wconf 87' lang='lat' dir='ltr'><strong>ipsos</strong></span> <span class='ocrx_word' id='word_1_346' title='bbox 909 3253 1012 3307; x_wconf 90' lang='lat' dir='ltr'><strong>pro</strong></span> <span class='ocrx_word' id='word_1_347' title='bbox 1058 3235 1321 3291; x_wconf 87' lang='lat' dir='ltr'><strong>fecundis</strong></span> <span class='ocrx_word' id='word_1_348' title='bbox 1369 3236 1594 3292; x_wconf 81' lang='lat' dir='ltr'><strong>steriles</strong></span> <span class='ocrx_word' id='word_1_349' title='bbox 1642 3237 1864 3292; x_wconf 89' lang='lat' dir='ltr'><strong>reddit:</strong></span> <span class='ocrx_word' id='word_1_350' title='bbox 1916 3253 2049 3293; x_wconf 91' lang='lat' dir='ltr'><strong>cum</strong></span> 
     </span>
    </p>
   </div>
   <div class='ocr_carea' id='block_1_47' title="bbox 411 3323 2049 3382">
    <p class='ocr_par' dir='ltr' id='par_1_47' title="bbox 411 3323 2049 3382">
     <span class='ocr_line' id='line_1_47' title="bbox 411 3323 2049 3382; baseline 0 -2"><span class='ocrx_word' id='word_1_351' title='bbox 411 3333 617 3382; x_wconf 67' lang='lat' dir='ltr'><strong>caetera</strong></span> <span class='ocrx_word' id='word_1_352' title='bbox 660 3328 855 3380; x_wconf 86' lang='lat' dir='ltr'><strong>tamen</strong></span> <span class='ocrx_word' id='word_1_353' title='bbox 902 3323 1223 3379; x_wconf 86' lang='lat' dir='ltr'><strong>animantia</strong></span> <span class='ocrx_word' id='word_1_354' title='bbox 1271 3340 1386 3379; x_wconf 92' lang='lat' dir='ltr'><strong>non</strong></span> <span class='ocrx_word' id='word_1_355' title='bbox 1437 3325 1607 3381; x_wconf 91' lang='lat' dir='ltr'><strong>modo</strong></span> <span class='ocrx_word' id='word_1_356' title='bbox 1650 3326 1721 3380; x_wconf 89' lang='lat' dir='ltr'><strong>ab</strong></span> <span class='ocrx_word' id='word_1_357' title='bbox 1761 3329 2049 3380; x_wconf 87' lang='lat' dir='ltr'><strong>astrorum</strong></span> 
     </span>
    </p>
   </div>
   <div class='ocr_carea' id='block_1_48' title="bbox 404 3412 2049 3481">
    <p class='ocr_par' dir='ltr' id='par_1_48' title="bbox 404 3412 2049 3481">
     <span class='ocr_line' id='line_1_48' title="bbox 404 3412 2049 3481; baseline -0.002 -9"><span class='ocrx_word' id='word_1_358' title='bbox 404 3414 749 3472; x_wconf 89' lang='lat' dir='ltr'><strong>necessitate</strong></span> <span class='ocrx_word' id='word_1_359' title='bbox 777 3413 920 3468; x_wconf 91' lang='lat' dir='ltr'><strong>nihil</strong></span> <span class='ocrx_word' id='word_1_360' title='bbox 966 3412 1272 3481; x_wconf 71' lang='lat' dir='ltr'><strong>laedantur,</strong></span> <span class='ocrx_word' id='word_1_361' title='bbox 1314 3414 1411 3469; x_wconf 89' lang='lat' dir='ltr'><strong>sed</strong></span> <span class='ocrx_word' id='word_1_362' title='bbox 1443 3430 1570 3469; x_wconf 90' lang='lat' dir='ltr'><strong>eam</strong></span> <span class='ocrx_word' id='word_1_363' title='bbox 1603 3413 1774 3469; x_wconf 89' lang='lat' dir='ltr'><strong>etiam</strong></span> <span class='ocrx_word' id='word_1_364' title='bbox 1807 3414 2049 3470; x_wconf 90' lang='lat' dir='ltr'><strong>irriden-</strong></span> 
     </span>
    </p>
   </div>
   <div class='ocr_carea' id='block_1_49' title="bbox 406 3502 2053 3574">
    <p class='ocr_par' dir='ltr' id='par_1_49' title="bbox 406 3502 2053 3574">
     <span class='ocr_line' id='line_1_49' title="bbox 406 3502 2053 3574; baseline -0.001 -14"><span class='ocrx_word' id='word_1_365' title='bbox 406 3506 538 3561; x_wconf 88' lang='lat' dir='ltr'><strong>dam</strong></span> <span class='ocrx_word' id='word_1_366' title='bbox 572 3503 947 3574; x_wconf 81' lang='lat' dir='ltr'><strong>proponant?</strong></span> <span class='ocrx_word' id='word_1_367' title='bbox 973 3502 1083 3558; x_wconf 91' lang='lat' dir='ltr'><strong>Cur</strong></span> <span class='ocrx_word' id='word_1_368' title='bbox 1112 3503 1348 3557; x_wconf 86' lang='lat' dir='ltr'><strong>tandem</strong></span> <span class='ocrx_word' id='word_1_369' title='bbox 1382 3502 1583 3558; x_wconf 90' lang='lat' dir='ltr'><strong>eadem</strong></span> <span class='ocrx_word' id='word_1_370' title='bbox 1618 3502 1917 3558; x_wconf 90' lang='lat' dir='ltr'><strong>stellarum</strong></span> <span class='ocrx_word' id='word_1_371' title='bbox 1951 3519 2053 3574; x_wconf 87' lang='lat' dir='ltr'><strong>po-</strong></span> 
     </span>
    </p>
   </div>
   <div class='ocr_carea' id='block_1_50' title="bbox 412 3590 2048 3663">
    <p class='ocr_par' dir='ltr' id='par_1_50' title="bbox 412 3590 2048 3663">
     <span class='ocr_line' id='line_1_50' title="bbox 412 3590 2048 3663; baseline -0.002 -12"><span class='ocrx_word' id='word_1_372' title='bbox 412 3594 601 3651; x_wconf 89' lang='lat' dir='ltr'><strong>situra</strong></span> <span class='ocrx_word' id='word_1_373' title='bbox 633 3592 905 3647; x_wconf 89' lang='lat' dir='ltr'><strong>eumdem</strong></span> <span class='ocrx_word' id='word_1_374' title='bbox 947 3607 1186 3647; x_wconf 88' lang='lat' dir='ltr'><strong>cursum</strong></span> <span class='ocrx_word' id='word_1_375' title='bbox 1234 3595 1482 3659; x_wconf 85' lang='lat' dir='ltr'><strong>tenente,</strong></span> <span class='ocrx_word' id='word_1_376' title='bbox 1527 3591 1576 3646; x_wconf 91' lang='lat' dir='ltr'><strong>si</strong></span> <span class='ocrx_word' id='word_1_377' title='bbox 1608 3590 1816 3663; x_wconf 77' lang='lat' dir='ltr'><strong>plantae</strong></span> <span class='ocrx_word' id='word_1_378' title='bbox 1845 3608 2048 3663; x_wconf 86' lang='lat' dir='ltr'><strong>ampu-</strong></span> 
     </span>
    </p>
   </div>
   <div class='ocr_carea' id='block_1_51' title="bbox 406 3680 2054 3749">
    <p class='ocr_par' dir='ltr' id='par_1_51' title="bbox 406 3680 2054 3749">
     <span class='ocr_line' id='line_1_51' title="bbox 406 3680 2054 3749; baseline -0.001 -11"><span class='ocrx_word' id='word_1_379' title='bbox 406 3686 626 3749; x_wconf 89' lang='lat' dir='ltr'><strong>tentur,</strong></span> <span class='ocrx_word' id='word_1_380' title='bbox 687 3697 919 3737; x_wconf 89' lang='lat' dir='ltr'><strong>rursum</strong></span> <span class='ocrx_word' id='word_1_381' title='bbox 980 3696 1171 3737; x_wconf 89' lang='lat' dir='ltr'><strong>ramos</strong></span> <span class='ocrx_word' id='word_1_382' title='bbox 1220 3680 1514 3748; x_wconf 83' lang='lat' dir='ltr'><strong>emittunt,</strong></span> <span class='ocrx_word' id='word_1_383' title='bbox 1566 3687 1619 3735; x_wconf 90' lang='lat' dir='ltr'><strong>et</strong></span> <span class='ocrx_word' id='word_1_384' title='bbox 1667 3681 2054 3737; x_wconf 89' lang='lat' dir='ltr'><strong>circumtonsa</strong></span> 
     </span>
    </p>
   </div>
   <div class='ocr_carea' id='block_1_52' title="bbox 406 3768 2051 3841">
    <p class='ocr_par' dir='ltr' id='par_1_52' title="bbox 406 3768 2051 3841">
     <span class='ocr_line' id='line_1_52' title="bbox 406 3768 2051 3841; baseline -0.001 -15"><span class='ocrx_word' id='word_1_385' title='bbox 406 3770 583 3826; x_wconf 73' lang='lat' dir='ltr'><strong>herba</strong></span> <span class='ocrx_word' id='word_1_386' title='bbox 611 3786 770 3841; x_wconf 68' lang='lat' dir='ltr'><strong>asque</strong></span> <span class='ocrx_word' id='word_1_387' title='bbox 792 3773 856 3825; x_wconf 92' lang='lat' dir='ltr'><strong>ut</strong></span> <span class='ocrx_word' id='word_1_388' title='bbox 877 3777 1065 3837; x_wconf 86' lang='lat' dir='ltr'><strong>antea,</strong></span> <span class='ocrx_word' id='word_1_389' title='bbox 1088 3769 1227 3841; x_wconf 90' lang='lat' dir='ltr'><strong>quin</strong></span> <span class='ocrx_word' id='word_1_390' title='bbox 1252 3768 1424 3825; x_wconf 88' lang='lat' dir='ltr'><strong>etiam</strong></span> <span class='ocrx_word' id='word_1_391' title='bbox 1447 3769 1620 3825; x_wconf 87' lang='lat' dir='ltr'><strong>altius</strong></span> <span class='ocrx_word' id='word_1_392' title='bbox 1636 3770 1893 3840; x_wconf 83' lang='lat' dir='ltr'><strong>erigitur,</strong></span> <span class='ocrx_word' id='word_1_393' title='bbox 1916 3785 2051 3825; x_wconf 88' lang='lat' dir='ltr'><strong>cum</strong></span> 
     </span>
    </p>
   </div>
   <div class='ocr_carea' id='block_1_53' title="bbox 404 3858 2049 3929">
    <p class='ocr_par' dir='ltr' id='par_1_53' title="bbox 404 3858 2049 3929">
     <span class='ocr_line' id='line_1_53' title="bbox 404 3858 2049 3929; baseline -0.001 -12"><span class='ocrx_word' id='word_1_394' title='bbox 404 3862 464 3917; x_wconf 93' lang='lat' dir='ltr'><strong>in</strong></span> <span class='ocrx_word' id='word_1_395' title='bbox 499 3859 870 3927; x_wconf 83' lang='lat' dir='ltr'><strong>animalibus,</strong></span> <span class='ocrx_word' id='word_1_396' title='bbox 903 3858 953 3914; x_wconf 89' lang='lat' dir='ltr'><strong>si</strong></span> <span class='ocrx_word' id='word_1_397' title='bbox 993 3859 1148 3929; x_wconf 88' lang='lat' dir='ltr'><strong>quod</strong></span> <span class='ocrx_word' id='word_1_398' title='bbox 1190 3859 1337 3914; x_wconf 89' lang='lat' dir='ltr'><strong>forte</strong></span> <span class='ocrx_word' id='word_1_399' title='bbox 1368 3859 1697 3915; x_wconf 89' lang='lat' dir='ltr'><strong>membrum</strong></span> <span class='ocrx_word' id='word_1_400' title='bbox 1732 3860 2049 3915; x_wconf 88' lang='lat' dir='ltr'><strong>dissectum</strong></span> 
     </span>
    </p>
   </div>
   <div class='ocr_carea' id='block_1_54' title="bbox 401 3948 2053 4020">
    <p class='ocr_par' dir='ltr' id='par_1_54' title="bbox 401 3948 2053 4020">
     <span class='ocr_line' id='line_1_54' title="bbox 401 3948 2053 4020; baseline 0 -15"><span class='ocrx_word' id='word_1_401' title='bbox 401 3950 601 4020; x_wconf 84' lang='lat' dir='ltr'><strong>fuerit,</strong></span> <span class='ocrx_word' id='word_1_402' title='bbox 639 3949 869 4015; x_wconf 88' lang='lat' dir='ltr'><strong>oculus,</strong></span> <span class='ocrx_word' id='word_1_403' title='bbox 903 3948 994 4003; x_wconf 90' lang='lat' dir='ltr'><strong>vel</strong></span> <span class='ocrx_word' id='word_1_404' title='bbox 1036 3964 1237 4014; x_wconf 89' lang='lat' dir='ltr'><strong>nasus,</strong></span> <span class='ocrx_word' id='word_1_405' title='bbox 1276 3948 1364 4003; x_wconf 90' lang='lat' dir='ltr'><strong>vel</strong></span> <span class='ocrx_word' id='word_1_406' title='bbox 1411 3948 1649 4019; x_wconf 84' lang='lat' dir='ltr'><strong>digitus,</strong></span> <span class='ocrx_word' id='word_1_407' title='bbox 1694 3948 1840 4004; x_wconf 88' lang='lat' dir='ltr'><strong>nihil</strong></span> <span class='ocrx_word' id='word_1_408' title='bbox 1884 3949 2053 4020; x_wconf 90' lang='lat' dir='ltr'><strong>plane</strong></span> 
     </span>
    </p>
   </div>
   <div class='ocr_carea' id='block_1_55' title="bbox 405 4036 2047 4108">
    <p class='ocr_par' dir='ltr' id='par_1_55' title="bbox 405 4036 2047 4108">
     <span class='ocr_line' id='line_1_55' title="bbox 405 4036 2047 4108; baseline -0.002 -14"><span class='ocrx_word' id='word_1_409' title='bbox 405 4039 589 4094; x_wconf 81' lang='lat' dir='ltr'><strong>fatum</strong></span> <span class='ocrx_word' id='word_1_410' title='bbox 622 4038 694 4093; x_wconf 91' lang='lat' dir='ltr'><strong>ad</strong></span> <span class='ocrx_word' id='word_1_411' title='bbox 730 4038 906 4107; x_wconf 89' lang='lat' dir='ltr'><strong>hujus</strong></span> <span class='ocrx_word' id='word_1_412' title='bbox 958 4036 1206 4092; x_wconf 87' lang='lat' dir='ltr'><strong>membri</strong></span> <span class='ocrx_word' id='word_1_413' title='bbox 1257 4038 1736 4094; x_wconf 88' lang='lat' dir='ltr'><strong>restaurationem</strong></span> <span class='ocrx_word' id='word_1_414' title='bbox 1788 4038 2047 4108; x_wconf 81' lang='lat' dir='ltr'><strong>adjuvat,</strong></span> 
     </span>
    </p>
   </div>
   <div class='ocr_carea' id='block_1_56' title="bbox 402 4126 2047 4199">
    <p class='ocr_par' dir='ltr' id='par_1_56' title="bbox 402 4126 2047 4199">
     <span class='ocr_line' id='line_1_56' title="bbox 402 4126 2047 4199; baseline 0 -16"><span class='ocrx_word' id='word_1_415' title='bbox 402 4128 511 4184; x_wconf 86' lang='lat' dir='ltr'><strong>etsi</strong></span> <span class='ocrx_word' id='word_1_416' title='bbox 544 4129 654 4183; x_wconf 90' lang='lat' dir='ltr'><strong>hoc</strong></span> <span class='ocrx_word' id='word_1_417' title='bbox 686 4128 885 4199; x_wconf 89' lang='lat' dir='ltr'><strong>ipsum</strong></span> <span class='ocrx_word' id='word_1_418' title='bbox 918 4126 1170 4198; x_wconf 69' lang='lat' dir='ltr'><strong>praebere</strong></span> <span class='ocrx_word' id='word_1_419' title='bbox 1211 4126 1308 4181; x_wconf 90' lang='lat' dir='ltr'><strong>illa</strong></span> <span class='ocrx_word' id='word_1_420' title='bbox 1339 4143 1467 4198; x_wconf 65' lang='lat' dir='ltr'><strong>quae</strong></span> <span class='ocrx_word' id='word_1_421' title='bbox 1499 4127 1584 4183; x_wconf 90' lang='lat' dir='ltr'><strong>sic</strong></span> <span class='ocrx_word' id='word_1_422' title='bbox 1619 4126 1876 4195; x_wconf 86' lang='lat' dir='ltr'><strong>abstulit,</strong></span> <span class='ocrx_word' id='word_1_423' title='bbox 1911 4143 2047 4185; x_wconf 88' lang='lat' dir='ltr'><strong>cen-</strong></span> 
     </span>
    </p>
   </div>
   <div class='ocr_carea' id='block_1_57' title="bbox 401 4216 2049 4288">
    <p class='ocr_par' dir='ltr' id='par_1_57' title="bbox 401 4216 2049 4288">
     <span class='ocr_line' id='line_1_57' title="bbox 401 4216 2049 4288; baseline 0 -15"><span class='ocrx_word' id='word_1_424' title='bbox 401 4218 576 4273; x_wconf 88' lang='lat' dir='ltr'><strong>sent?</strong></span> <span class='ocrx_word' id='word_1_425' title='bbox 597 4218 670 4272; x_wconf 90' lang='lat' dir='ltr'><strong>At</strong></span> <span class='ocrx_word' id='word_1_426' title='bbox 683 4232 801 4271; x_wconf 93' lang='lat' dir='ltr'><strong>non</strong></span> <span class='ocrx_word' id='word_1_427' title='bbox 826 4219 1047 4271; x_wconf 69' lang='lat' dir='ltr'><strong>naturae</strong></span> <span class='ocrx_word' id='word_1_428' title='bbox 1065 4216 1410 4288; x_wconf 88' lang='lat' dir='ltr'><strong>proprietas,</strong></span> <span class='ocrx_word' id='word_1_429' title='bbox 1427 4216 1530 4272; x_wconf 90' lang='lat' dir='ltr'><strong>sed</strong></span> <span class='ocrx_word' id='word_1_430' title='bbox 1542 4220 1830 4273; x_wconf 88' lang='lat' dir='ltr'><strong>astrorum</strong></span> <span class='ocrx_word' id='word_1_431' title='bbox 1853 4221 2049 4273; x_wconf 89' lang='lat' dir='ltr'><strong>motus</strong></span> 
     </span>
    </p>
   </div>
   <div class='ocr_carea' id='block_1_58' title="bbox 406 4303 2047 4378">
    <p class='ocr_par' dir='ltr' id='par_1_58' title="bbox 406 4303 2047 4378">
     <span class='ocr_line' id='line_1_58' title="bbox 406 4303 2047 4378; baseline 0 -17"><span class='ocrx_word' id='word_1_432' title='bbox 406 4306 644 4378; x_wconf 88' lang='lat' dir='ltr'><strong>quidam</strong></span> <span class='ocrx_word' id='word_1_433' title='bbox 677 4308 853 4376; x_wconf 90' lang='lat' dir='ltr'><strong>atque</strong></span> <span class='ocrx_word' id='word_1_434' title='bbox 883 4304 1220 4360; x_wconf 86' lang='lat' dir='ltr'><strong>constitutio</strong></span> <span class='ocrx_word' id='word_1_435' title='bbox 1249 4303 1395 4359; x_wconf 91' lang='lat' dir='ltr'><strong>illud</strong></span> <span class='ocrx_word' id='word_1_436' title='bbox 1422 4306 1633 4376; x_wconf 88' lang='lat' dir='ltr'><strong>partim</strong></span> <span class='ocrx_word' id='word_1_437' title='bbox 1663 4305 1889 4374; x_wconf 87' lang='lat' dir='ltr'><strong>bestiis,</strong></span> <span class='ocrx_word' id='word_1_438' title='bbox 1922 4322 2047 4378; x_wconf 87' lang='lat' dir='ltr'><strong>par-</strong></span> 
     </span>
    </p>
   </div>
   <div class='ocr_carea' id='block_1_59' title="bbox 2162 1889 3819 1967">
    <p class='ocr_par' dir='ltr' id='par_1_59' title="bbox 2162 1889 3819 1967">
     <span class='ocr_line' id='line_1_59' title="bbox 2162 1889 3819 1967; baseline 0.001 -22"><span class='ocrx_word' id='word_1_439' title='bbox 2162 1889 2355 1953; x_wconf 77' lang='grc' dir='ltr'>ἄλλοις</span> <span class='ocrx_word' id='word_1_440' title='bbox 2385 1896 2515 1945; x_wconf 78' lang='grc' dir='ltr'>πᾶσι</span> <span class='ocrx_word' id='word_1_441' title='bbox 2562 1896 2679 1953; x_wconf 87' lang='grc' dir='ltr'>τοῖς</span> <span class='ocrx_word' id='word_1_442' title='bbox 2708 1892 2845 1946; x_wconf 83' lang='grc' dir='ltr'><strong>κατά</strong></span> <span class='ocrx_word' id='word_1_443' title='bbox 2885 1890 3061 1967; x_wconf 74' lang='grc' dir='ltr'>φύσιν,</span> <span class='ocrx_word' id='word_1_444' title='bbox 3112 1893 3186 1946; x_wconf 85' lang='grc' dir='ltr'>ὦν</span> <span class='ocrx_word' id='word_1_445' title='bbox 3232 1889 3383 1947; x_wconf 75' lang='grc' dir='ltr'>οὐδὲν</span> <span class='ocrx_word' id='word_1_446' title='bbox 3422 1891 3599 1963; x_wconf 84' lang='grc' dir='ltr'>ἐκείνη</span> <span class='ocrx_word' id='word_1_447' title='bbox 3651 1890 3819 1965; x_wconf 77' lang='grc' dir='ltr'>ἐξαλ-</span> 
     </span>
    </p>
   </div>
   <div class='ocr_carea' id='block_1_60' title="bbox 2160 1978 3817 2056">
    <p class='ocr_par' dir='ltr' id='par_1_60' title="bbox 2160 1978 3817 2056">
     <span class='ocr_line' id='line_1_60' title="bbox 2160 1978 3817 2056; baseline 0 -22"><span class='ocrx_word' id='word_1_448' title='bbox 2160 1978 2372 2035; x_wconf 81' lang='grc' dir='ltr'>λάττειν</span> <span class='ocrx_word' id='word_1_449' title='bbox 2432 1980 2667 2037; x_wconf 83' lang='grc' dir='ltr'>δύναται.</span> <span class='ocrx_word' id='word_1_450' title='bbox 2728 1982 2824 2035; x_wconf 83' lang='grc' dir='ltr'><strong>Διὰ</strong></span> <span class='ocrx_word' id='word_1_451' title='bbox 2882 1980 2933 2035; x_wconf 87' lang='grc' dir='ltr'><strong>τί</strong></span> <span class='ocrx_word' id='word_1_452' title='bbox 2989 1984 3092 2056; x_wconf 75' lang='grc' dir='ltr'>γὰρ</span> <span class='ocrx_word' id='word_1_453' title='bbox 3150 1982 3288 2035; x_wconf 68' lang='grc' dir='ltr'>ὄνων</span> <span class='ocrx_word' id='word_1_454' title='bbox 3346 1982 3440 2054; x_wconf 75' lang='grc' dir='ltr'>μὲν</span> <span class='ocrx_word' id='word_1_455' title='bbox 3495 1983 3585 2035; x_wconf 79' lang='grc' dir='ltr'><strong>καὶ</strong></span> <span class='ocrx_word' id='word_1_456' title='bbox 3619 1980 3817 2036; x_wconf 64' lang='grc' dir='ltr'>ἳππων</span> 
     </span>
    </p>
   </div>
   <div class='ocr_carea' id='block_1_61' title="bbox 2161 2066 3820 2148">
    <p class='ocr_par' dir='ltr' id='par_1_61' title="bbox 2161 2066 3820 2148">
     <span class='ocr_line' id='line_1_61' title="bbox 2161 2066 3820 2148; baseline 0.001 -26"><span class='ocrx_word' id='word_1_457' title='bbox 2161 2066 2336 2130; x_wconf 77' lang='grc' dir='ltr'>οὐδείς</span> <span class='ocrx_word' id='word_1_458' title='bbox 2378 2070 2472 2130; x_wconf 73' lang='grc' dir='ltr'><strong>τὰς</strong></span> <span class='ocrx_word' id='word_1_459' title='bbox 2528 2068 2577 2137; x_wconf 78' lang='grc' dir='ltr'>ἐξ</span> <span class='ocrx_word' id='word_1_460' title='bbox 2620 2068 2915 2142; x_wconf 77' lang='grc' dir='ltr'>ἀνθρώπων</span> <span class='ocrx_word' id='word_1_461' title='bbox 2967 2066 3245 2148; x_wconf 67' lang='grc' dir='ltr'>διαφεύγει</span> <span class='ocrx_word' id='word_1_462' title='bbox 3299 2070 3580 2144; x_wconf 85' lang='grc' dir='ltr'>μάστιγας,</span> <span class='ocrx_word' id='word_1_463' title='bbox 3630 2067 3820 2124; x_wconf 70' lang='grc' dir='ltr'>τᾶλλα</span> 
     </span>
    </p>
   </div>
   <div class='ocr_carea' id='block_1_62' title="bbox 2161 2155 3816 2235">
    <p class='ocr_par' dir='ltr' id='par_1_62' title="bbox 2161 2155 3816 2235">
     <span class='ocr_line' id='line_1_62' title="bbox 2161 2155 3816 2235; baseline -0.002 -23"><span class='ocrx_word' id='word_1_464' title='bbox 2161 2155 2217 2212; x_wconf 75' lang='grc' dir='ltr'>δὲ</span> <span class='ocrx_word' id='word_1_465' title='bbox 2266 2163 2375 2212; x_wconf 77' lang='grc' dir='ltr'><strong>τῶν</strong></span> <span class='ocrx_word' id='word_1_466' title='bbox 2424 2156 2643 2231; x_wconf 83' lang='grc' dir='ltr'>ἀλόγων</span> <span class='ocrx_word' id='word_1_467' title='bbox 2685 2158 2838 2227; x_wconf 86' lang='grc' dir='ltr'>ζώων</span> <span class='ocrx_word' id='word_1_468' title='bbox 2890 2158 2989 2226; x_wconf 77' lang='grc' dir='ltr'>τήν</span> <span class='ocrx_word' id='word_1_469' title='bbox 3043 2158 3147 2212; x_wconf 89' lang='grc' dir='ltr'><strong>ἀπὸ</strong></span> <span class='ocrx_word' id='word_1_470' title='bbox 3196 2158 3404 2211; x_wconf 73' lang='grc' dir='ltr'>τούτων</span> <span class='ocrx_word' id='word_1_471' title='bbox 3436 2155 3655 2231; x_wconf 71' lang='grc' dir='ltr'>πληγήν</span> <span class='ocrx_word' id='word_1_472' title='bbox 3695 2155 3816 2235; x_wconf 74' lang='grc' dir='ltr'><strong>οὐχ</strong></span> 
     </span>
    </p>
   </div>
   <div class='ocr_carea' id='block_1_63' title="bbox 2162 2244 3821 2321">
    <p class='ocr_par' dir='ltr' id='par_1_63' title="bbox 2162 2244 3821 2321">
     <span class='ocr_line' id='line_1_63' title="bbox 2162 2244 3821 2321; baseline -0.001 -18"><span class='ocrx_word' id='word_1_473' title='bbox 2162 2248 2483 2321; x_wconf 73' lang='grc' dir='ltr'>ὑπὲμεινεν;</span> <span class='ocrx_word' id='word_1_474' title='bbox 2544 2248 2589 2302; x_wconf 86' lang='grc' dir='ltr'>εἰ</span> <span class='ocrx_word' id='word_1_475' title='bbox 2650 2244 2705 2302; x_wconf 83' lang='grc' dir='ltr'>δέ</span> <span class='ocrx_word' id='word_1_476' title='bbox 2764 2268 2866 2303; x_wconf 89' lang='grc' dir='ltr'><strong>που</strong></span> <span class='ocrx_word' id='word_1_477' title='bbox 2919 2248 3010 2301; x_wconf 77' lang='grc' dir='ltr'><strong>καὶ</strong></span> <span class='ocrx_word' id='word_1_478' title='bbox 3069 2248 3287 2320; x_wconf 77' lang='grc' dir='ltr'>σπάνια,</span> <span class='ocrx_word' id='word_1_479' title='bbox 3327 2248 3389 2301; x_wconf 90' lang='grc' dir='ltr'>τὸ</span> <span class='ocrx_word' id='word_1_480' title='bbox 3448 2244 3643 2321; x_wconf 74' lang='grc' dir='ltr'>ἄπορον</span> <span class='ocrx_word' id='word_1_481' title='bbox 3704 2246 3821 2301; x_wconf 74' lang='grc' dir='ltr'><strong>οὔκ</strong></span> 
     </span>
    </p>
   </div>
   <div class='ocr_carea' id='block_1_64' title="bbox 2160 2334 3823 2412">
    <p class='ocr_par' dir='ltr' id='par_1_64' title="bbox 2160 2334 3823 2412">
     <span class='ocr_line' id='line_1_64' title="bbox 2160 2334 3823 2412; baseline -0.001 -21"><span class='ocrx_word' id='word_1_482' title='bbox 2160 2336 2359 2392; x_wconf 80' lang='grc' dir='ltr'>ἀνίεται</span> <span class='ocrx_word' id='word_1_483' title='bbox 2394 2358 2406 2369; x_wconf 88' lang='grc'><strong>·</strong></span> <span class='ocrx_word' id='word_1_484' title='bbox 2451 2334 2538 2391; x_wconf 79' lang='grc' dir='ltr'><strong>διὰ</strong></span> <span class='ocrx_word' id='word_1_485' title='bbox 2567 2338 2619 2391; x_wconf 84' lang='grc' dir='ltr'><strong>τί</strong></span> <span class='ocrx_word' id='word_1_486' title='bbox 2658 2337 2758 2412; x_wconf 88' lang='grc' dir='ltr'><strong>γάρ</strong></span> <span class='ocrx_word' id='word_1_487' title='bbox 2796 2339 2870 2410; x_wconf 77' lang='grc' dir='ltr'>μὴ</span> <span class='ocrx_word' id='word_1_488' title='bbox 2904 2336 2993 2391; x_wconf 81' lang='grc' dir='ltr'><strong>καὶ</strong></span> <span class='ocrx_word' id='word_1_489' title='bbox 3024 2335 3089 2391; x_wconf 74' lang='grc' dir='ltr'>τὰ</span> <span class='ocrx_word' id='word_1_490' title='bbox 3121 2334 3267 2391; x_wconf 72' lang='grc' dir='ltr'>ἄλλα</span> <span class='ocrx_word' id='word_1_491' title='bbox 3295 2335 3438 2391; x_wconf 79' lang='grc' dir='ltr'>πολὺ</span> <span class='ocrx_word' id='word_1_492' title='bbox 3478 2334 3654 2392; x_wconf 86' lang='grc' dir='ltr'>πλείω</span> <span class='ocrx_word' id='word_1_493' title='bbox 3684 2356 3823 2411; x_wconf 79' lang='grc' dir='ltr'>τυγ-</span> 
     </span>
    </p>
   </div>
   <div class='ocr_carea' id='block_1_65' title="bbox 2162 2426 3826 2503">
    <p class='ocr_par' dir='ltr' id='par_1_65' title="bbox 2162 2426 3826 2503">
     <span class='ocr_line' id='line_1_65' title="bbox 2162 2426 3826 2503; baseline -0.002 -21"><span class='ocrx_word' id='word_1_494' title='bbox 2162 2426 2447 2503; x_wconf 75' lang='grc' dir='ltr'>χάνοντας</span> <span class='ocrx_word' id='word_1_495' title='bbox 2500 2427 2616 2482; x_wconf 77' lang='grc' dir='ltr'>εἶτα</span> <span class='ocrx_word' id='word_1_496' title='bbox 2652 2428 2743 2481; x_wconf 80' lang='grc' dir='ltr'><strong>καὶ</strong></span> <span class='ocrx_word' id='word_1_497' title='bbox 2795 2427 2969 2482; x_wconf 80' lang='grc' dir='ltr'>αὐτῶν</span> <span class='ocrx_word' id='word_1_498' title='bbox 3026 2431 3132 2481; x_wconf 79' lang='grc' dir='ltr'>τῶν</span> <span class='ocrx_word' id='word_1_499' title='bbox 3190 2427 3235 2463; x_wconf 74' lang='grc'><strong>⁴⁰</strong></span> <span class='ocrx_word' id='word_1_500' title='bbox 3288 2426 3702 2500; x_wconf 74' lang='grc' dir='ltr'>μαστιζομένων</span> <span class='ocrx_word' id='word_1_501' title='bbox 3746 2427 3826 2480; x_wconf 70' lang='grc' dir='ltr'>τὰ</span> 
     </span>
    </p>
   </div>
   <div class='ocr_carea' id='block_1_66' title="bbox 2164 2513 3824 2593">
    <p class='ocr_par' dir='ltr' id='par_1_66' title="bbox 2164 2513 3824 2593">
     <span class='ocr_line' id='line_1_66' title="bbox 2164 2513 3824 2593; baseline -0.001 -22"><span class='ocrx_word' id='word_1_502' title='bbox 2164 2519 2260 2590; x_wconf 79' lang='grc' dir='ltr'><strong>μὲν</strong></span> <span class='ocrx_word' id='word_1_503' title='bbox 2317 2515 2511 2591; x_wconf 76' lang='grc' dir='ltr'>ἄλογα,</span> <span class='ocrx_word' id='word_1_504' title='bbox 2568 2515 2672 2578; x_wconf 82' lang='grc' dir='ltr'>ἓως</span> <span class='ocrx_word' id='word_1_505' title='bbox 2733 2514 2791 2570; x_wconf 75' lang='grc' dir='ltr'>ἂν</span> <span class='ocrx_word' id='word_1_506' title='bbox 2851 2513 3129 2591; x_wconf 54' lang='grc' dir='ltr'>ἀνδρωθῇ,</span> <span class='ocrx_word' id='word_1_507' title='bbox 3191 2517 3471 2593; x_wconf 86' lang='grc' dir='ltr'>μαστίγων</span> <span class='ocrx_word' id='word_1_508' title='bbox 3532 2514 3824 2590; x_wconf 69' lang='grc' dir='ltr'>ἐλεῦτερα,</span> 
     </span>
    </p>
   </div>
   <div class='ocr_carea' id='block_1_67' title="bbox 2160 2601 3829 2683">
    <p class='ocr_par' dir='ltr' id='par_1_67' title="bbox 2160 2601 3829 2683">
     <span class='ocr_line' id='line_1_67' title="bbox 2160 2601 3829 2683; baseline -0.001 -23"><span class='ocrx_word' id='word_1_509' title='bbox 2160 2606 2490 2683; x_wconf 72' lang='grc' dir='ltr'>ἀχθοφορεῖν</span> <span class='ocrx_word' id='word_1_510' title='bbox 2526 2603 2582 2660; x_wconf 76' lang='grc' dir='ltr'><strong>δὲ</strong></span> <span class='ocrx_word' id='word_1_511' title='bbox 2614 2606 2903 2680; x_wconf 85' lang='grc' dir='ltr'>ἀρχόμενα</span> <span class='ocrx_word' id='word_1_512' title='bbox 2944 2601 3354 2679; x_wconf 80' lang='grc' dir='ltr'>προσλαμϐάνει</span> <span class='ocrx_word' id='word_1_513' title='bbox 3385 2606 3473 2659; x_wconf 84' lang='grc' dir='ltr'><strong>καὶ</strong></span> <span class='ocrx_word' id='word_1_514' title='bbox 3506 2605 3569 2658; x_wconf 89' lang='grc' dir='ltr'>τὸ</span> <span class='ocrx_word' id='word_1_515' title='bbox 3616 2602 3829 2659; x_wconf 67' lang='grc' dir='ltr'>τύπτε-</span> 
     </span>
    </p>
   </div>
   <div class='ocr_carea' id='block_1_68' title="bbox 2162 2692 3829 2770">
    <p class='ocr_par' dir='ltr' id='par_1_68' title="bbox 2162 2692 3829 2770">
     <span class='ocr_line' id='line_1_68' title="bbox 2162 2692 3829 2770; baseline -0.002 -20"><span class='ocrx_word' id='word_1_516' title='bbox 2162 2697 2322 2750; x_wconf 83' lang='grc' dir='ltr'>σθαι·</span> <span class='ocrx_word' id='word_1_517' title='bbox 2365 2695 2648 2770; x_wconf 80' lang='grc' dir='ltr'>ἅνθρωπος</span> <span class='ocrx_word' id='word_1_518' title='bbox 2694 2692 2747 2749; x_wconf 64' lang='grc' dir='ltr'>δὲ</span> <span class='ocrx_word' id='word_1_519' title='bbox 2798 2693 2850 2749; x_wconf 86' lang='grc' dir='ltr'>ἐν</span> <span class='ocrx_word' id='word_1_520' title='bbox 2893 2694 3048 2749; x_wconf 78' lang='grc' dir='ltr'>παισὶ</span> <span class='ocrx_word' id='word_1_521' title='bbox 3092 2694 3185 2766; x_wconf 79' lang='grc' dir='ltr'><strong>μὶν</strong></span> <span class='ocrx_word' id='word_1_522' title='bbox 3238 2692 3313 2747; x_wconf 78' lang='grc' dir='ltr'>ὢν</span> <span class='ocrx_word' id='word_1_523' title='bbox 3352 2692 3569 2767; x_wconf 81' lang='grc' dir='ltr'>μᾶλλον</span> <span class='ocrx_word' id='word_1_524' title='bbox 3618 2695 3829 2765; x_wconf 79' lang='grc' dir='ltr'>μαστὶ-</span> 
     </span>
    </p>
   </div>
   <div class='ocr_carea' id='block_1_69' title="bbox 2164 2780 3826 2859">
    <p class='ocr_par' dir='ltr' id='par_1_69' title="bbox 2164 2780 3826 2859">
     <span class='ocr_line' id='line_1_69' title="bbox 2164 2780 3826 2859; baseline -0.007 -17"><span class='ocrx_word' id='word_1_525' title='bbox 2164 2792 2333 2855; x_wconf 85' lang='grc' dir='ltr'>ζεται,</span> <span class='ocrx_word' id='word_1_526' title='bbox 2391 2781 2556 2859; x_wconf 83' lang='grc' dir='ltr'>ἄνδρα</span> <span class='ocrx_word' id='word_1_527' title='bbox 2629 2782 2685 2838; x_wconf 72' lang='grc' dir='ltr'><strong>δὲ</strong></span> <span class='ocrx_word' id='word_1_528' title='bbox 2749 2790 2849 2853; x_wconf 86' lang='grc' dir='ltr'>τῆς</span> <span class='ocrx_word' id='word_1_529' title='bbox 2926 2781 3146 2852; x_wconf 78' lang='grc' dir='ltr'>ἡλικίας</span> <span class='ocrx_word' id='word_1_530' title='bbox 3208 2781 3367 2837; x_wconf 75' lang='grc' dir='ltr'>αὐτὸν</span> <span class='ocrx_word' id='word_1_531' title='bbox 3427 2780 3710 2851; x_wconf 76' lang='grc' dir='ltr'>δεικνόσης</span> <span class='ocrx_word' id='word_1_532' title='bbox 3784 2782 3826 2851; x_wconf 71' lang='grc' dir='ltr'>ἢ</span> 
     </span>
    </p>
   </div>
   <div class='ocr_carea' id='block_1_70' title="bbox 2160 2867 3823 2947">
    <p class='ocr_par' dir='ltr' id='par_1_70' title="bbox 2160 2867 3823 2947">
     <span class='ocr_line' id='line_1_70' title="bbox 2160 2867 3823 2947; baseline -0.003 -18"><span class='ocrx_word' id='word_1_533' title='bbox 2160 2872 2418 2947; x_wconf 80' lang='grc' dir='ltr'>οὐδαμῶς</span> <span class='ocrx_word' id='word_1_534' title='bbox 2446 2873 2479 2942; x_wconf 75' lang='grc' dir='ltr'>ἢ</span> <span class='ocrx_word' id='word_1_535' title='bbox 2511 2871 2591 2928; x_wconf 81' lang='grc' dir='ltr'><strong>ἐπ’</strong></span> <span class='ocrx_word' id='word_1_536' title='bbox 2641 2867 2867 2927; x_wconf 77' lang='grc' dir='ltr'>ἔλαττον</span> <span class='ocrx_word' id='word_1_537' title='bbox 2923 2874 3025 2928; x_wconf 85' lang='grc' dir='ltr'>ὑπὸ</span> <span class='ocrx_word' id='word_1_538' title='bbox 3061 2870 3319 2946; x_wconf 85' lang='grc' dir='ltr'>μάστιγας</span> <span class='ocrx_word' id='word_1_539' title='bbox 3370 2869 3570 2947; x_wconf 81' lang='grc' dir='ltr'>ἄγεται.</span> <span class='ocrx_word' id='word_1_540' title='bbox 3605 2872 3713 2931; x_wconf 76' lang='grc' dir='ltr'>Διά</span> <span class='ocrx_word' id='word_1_541' title='bbox 3762 2870 3823 2926; x_wconf 82' lang='grc' dir='ltr'><strong>τί</strong></span> 
     </span>
    </p>
   </div>
   <div class='ocr_carea' id='block_1_71' title="bbox 2164 2958 3827 3038">
    <p class='ocr_par' dir='ltr' id='par_1_71' title="bbox 2164 2958 3827 3038">
     <span class='ocr_line' id='line_1_71' title="bbox 2164 2958 3827 3038; baseline -0.004 -20"><span class='ocrx_word' id='word_1_542' title='bbox 2164 2962 2219 3019; x_wconf 77' lang='grc' dir='ltr'>δὲ</span> <span class='ocrx_word' id='word_1_543' title='bbox 2270 2964 2527 3038; x_wconf 77' lang='grc' dir='ltr'>κάστορες</span> <span class='ocrx_word' id='word_1_544' title='bbox 2589 2963 2682 3036; x_wconf 76' lang='grc' dir='ltr'><strong>μὲν</strong></span> <span class='ocrx_word' id='word_1_545' title='bbox 2737 2963 2827 3017; x_wconf 83' lang='grc' dir='ltr'><strong>καὶ</strong></span> <span class='ocrx_word' id='word_1_546' title='bbox 2888 2961 2974 3024; x_wconf 75' lang='grc' dir='ltr'><strong>ὕες</strong></span> <span class='ocrx_word' id='word_1_547' title='bbox 3030 2966 3119 3016; x_wconf 72' lang='grc' dir='ltr'>καὶ</span> <span class='ocrx_word' id='word_1_548' title='bbox 3172 2959 3526 3035; x_wconf 66' lang='grc' dir='ltr'>ἀλεκτρυόνες</span> <span class='ocrx_word' id='word_1_549' title='bbox 3581 2960 3671 3014; x_wconf 83' lang='grc' dir='ltr'><strong>καὶ</strong></span> <span class='ocrx_word' id='word_1_550' title='bbox 3727 2958 3827 3013; x_wconf 71' lang='grc' dir='ltr'><strong>ἆν-</strong></span> 
     </span>
    </p>
   </div>
   <div class='ocr_carea' id='block_1_72' title="bbox 2163 3046 3829 3128">
    <p class='ocr_par' dir='ltr' id='par_1_72' title="bbox 2163 3046 3829 3128">
     <span class='ocr_line' id='line_1_72' title="bbox 2163 3046 3829 3128; baseline -0.002 -21"><span class='ocrx_word' id='word_1_551' title='bbox 2163 3056 2374 3128; x_wconf 84' lang='grc' dir='ltr'>Θρωποι</span> <span class='ocrx_word' id='word_1_552' title='bbox 2402 3051 2493 3107; x_wconf 86' lang='grc' dir='ltr'><strong>καὶ</strong></span> <span class='ocrx_word' id='word_1_553' title='bbox 2535 3050 2725 3120; x_wconf 57' lang='grc' dir='ltr'>ἵπποι,</span> <span class='ocrx_word' id='word_1_554' title='bbox 2759 3051 2849 3106; x_wconf 85' lang='grc' dir='ltr'><strong>καὶ</strong></span> <span class='ocrx_word' id='word_1_555' title='bbox 2894 3049 2942 3105; x_wconf 68' lang='grc' dir='ltr'>ε’ί</span> <span class='ocrx_word' id='word_1_556' title='bbox 2975 3072 3024 3105; x_wconf 92' lang='grc' dir='ltr'><strong>τι</strong></span> <span class='ocrx_word' id='word_1_557' title='bbox 3066 3049 3207 3106; x_wconf 77' lang='grc' dir='ltr'>ἄλλο</span> <span class='ocrx_word' id='word_1_558' title='bbox 3259 3046 3583 3119; x_wconf 80' lang='grc' dir='ltr'>ὐπόλοιπον,</span> <span class='ocrx_word' id='word_1_559' title='bbox 3616 3049 3680 3103; x_wconf 76' lang='grc' dir='ltr'>τὸ</span> <span class='ocrx_word' id='word_1_560' title='bbox 3718 3069 3829 3122; x_wconf 82' lang='grc' dir='ltr'>γε-</span> 
     </span>
    </p>
   </div>
   <div class='ocr_carea' id='block_1_73' title="bbox 2160 3137 3829 3218">
    <p class='ocr_par' dir='ltr' id='par_1_73' title="bbox 2160 3137 3829 3218">
     <span class='ocr_line' id='line_1_73' title="bbox 2160 3137 3829 3218; baseline -0.001 -21"><span class='ocrx_word' id='word_1_561' title='bbox 2160 3144 2472 3217; x_wconf 86' lang='grc' dir='ltr'>νεσιουργὸν</span> <span class='ocrx_word' id='word_1_562' title='bbox 2526 3144 2613 3198; x_wconf 84' lang='grc' dir='ltr'><strong>ὑπ’</strong></span> <span class='ocrx_word' id='word_1_563' title='bbox 2666 3144 2963 3218; x_wconf 82' lang='grc' dir='ltr'>ἀνθρώπων</span> <span class='ocrx_word' id='word_1_564' title='bbox 3022 3140 3404 3215; x_wconf 77' lang='grc' dir='ltr'>ἄποτὲμνεται,</span> <span class='ocrx_word' id='word_1_565' title='bbox 3442 3144 3532 3195; x_wconf 86' lang='grc' dir='ltr'><strong>καί</strong></span> <span class='ocrx_word' id='word_1_566' title='bbox 3590 3137 3829 3213; x_wconf 84' lang='grc' dir='ltr'>σίδηρος</span> 
     </span>
    </p>
   </div>
   <div class='ocr_carea' id='block_1_74' title="bbox 2158 3227 3829 3306">
    <p class='ocr_par' dir='ltr' id='par_1_74' title="bbox 2158 3227 3829 3306">
     <span class='ocr_line' id='line_1_74' title="bbox 2158 3227 3829 3306; baseline -0.002 -19"><span class='ocrx_word' id='word_1_567' title='bbox 2158 3232 2353 3295; x_wconf 83' lang='grc' dir='ltr'>αὐτοῖς</span> <span class='ocrx_word' id='word_1_568' title='bbox 2411 3231 2527 3286; x_wconf 77' lang='grc' dir='ltr'>ἀντὶ</span> <span class='ocrx_word' id='word_1_569' title='bbox 2587 3229 2946 3306; x_wconf 85' lang='grc' dir='ltr'>παιδογονίας</span> <span class='ocrx_word' id='word_1_570' title='bbox 3006 3228 3209 3300; x_wconf 78' lang='grc' dir='ltr'>δικάζει</span> <span class='ocrx_word' id='word_1_571' title='bbox 3266 3232 3329 3285; x_wconf 85' lang='grc' dir='ltr'>τὸ</span> <span class='ocrx_word' id='word_1_572' title='bbox 3388 3229 3599 3305; x_wconf 79' lang='grc' dir='ltr'>ἄγονον,</span> <span class='ocrx_word' id='word_1_573' title='bbox 3637 3229 3704 3283; x_wconf 80' lang='grc' dir='ltr'>τὰ</span> <span class='ocrx_word' id='word_1_574' title='bbox 3772 3227 3829 3284; x_wconf 69' lang='grc' dir='ltr'>δ’</span> 
     </span>
    </p>
   </div>
   <div class='ocr_carea' id='block_1_75' title="bbox 2157 3320 3828 3396">
    <p class='ocr_par' dir='ltr' id='par_1_75' title="bbox 2157 3320 3828 3396">
     <span class='ocr_line' id='line_1_75' title="bbox 2157 3320 3828 3396; baseline 0 -19"><span class='ocrx_word' id='word_1_575' title='bbox 2157 3322 2305 3378; x_wconf 74' lang='grc' dir='ltr'>ἄλλα</span> <span class='ocrx_word' id='word_1_576' title='bbox 2340 3327 2449 3377; x_wconf 82' lang='grc' dir='ltr'>τῶν</span> <span class='ocrx_word' id='word_1_577' title='bbox 2505 3324 2657 3391; x_wconf 84' lang='grc' dir='ltr'>ζώων</span> <span class='ocrx_word' id='word_1_578' title='bbox 2702 3323 2802 3391; x_wconf 78' lang='grc' dir='ltr'>τὴν</span> <span class='ocrx_word' id='word_1_579' title='bbox 2854 3322 2959 3377; x_wconf 87' lang='grc' dir='ltr'>ἀπὸ</span> <span class='ocrx_word' id='word_1_580' title='bbox 3010 3326 3116 3376; x_wconf 80' lang='grc' dir='ltr'><strong>τῶν</strong></span> <span class='ocrx_word' id='word_1_581' title='bbox 3158 3321 3366 3396; x_wconf 78' lang='grc' dir='ltr'>ἄστρων</span> <span class='ocrx_word' id='word_1_582' title='bbox 3419 3321 3652 3395; x_wconf 86' lang='grc' dir='ltr'>ἀνάγκην</span> <span class='ocrx_word' id='word_1_583' title='bbox 3693 3320 3828 3377; x_wconf 77' lang='grc' dir='ltr'>ἀντὶ</span> 
     </span>
    </p>
   </div>
   <div class='ocr_carea' id='block_1_76' title="bbox 2155 3406 3826 3486">
    <p class='ocr_par' dir='ltr' id='par_1_76' title="bbox 2155 3406 3826 3486">
     <span class='ocr_line' id='line_1_76' title="bbox 2155 3406 3826 3486; baseline -0.001 -21"><span class='ocrx_word' id='word_1_584' title='bbox 2155 3416 2253 3465; x_wconf 77' lang='grc' dir='ltr'><strong>τοῦ</strong></span> <span class='ocrx_word' id='word_1_585' title='bbox 2301 3414 2577 3467; x_wconf 81' lang='grc' dir='ltr'>σινοῦσθαι</span> <span class='ocrx_word' id='word_1_586' title='bbox 2635 3410 2958 3486; x_wconf 72' lang='grc' dir='ltr'>γελωμένην</span> <span class='ocrx_word' id='word_1_587' title='bbox 3014 3408 3453 3480; x_wconf 86' lang='grc' dir='ltr'>καταλείπουσι;</span> <span class='ocrx_word' id='word_1_588' title='bbox 3500 3408 3550 3463; x_wconf 90' lang='grc' dir='ltr'><strong>τί</strong></span> <span class='ocrx_word' id='word_1_589' title='bbox 3600 3406 3826 3477; x_wconf 73' lang='grc' dir='ltr'>δήποτε</span> 
     </span>
    </p>
   </div>
   <div class='ocr_carea' id='block_1_77' title="bbox 2159 3496 3817 3575">
    <p class='ocr_par' dir='ltr' id='par_1_77' title="bbox 2159 3496 3817 3575">
     <span class='ocr_line' id='line_1_77' title="bbox 2159 3496 3817 3575; baseline -0.002 -21"><span class='ocrx_word' id='word_1_590' title='bbox 2159 3497 2216 3556; x_wconf 81' lang='grc' dir='ltr'>δὲ</span> <span class='ocrx_word' id='word_1_591' title='bbox 2255 3508 2354 3570; x_wconf 83' lang='grc' dir='ltr'><strong>τῆς</strong></span> <span class='ocrx_word' id='word_1_592' title='bbox 2386 3498 2555 3570; x_wconf 66' lang='grc' dir='ltr'>αὑτῆς</span> <span class='ocrx_word' id='word_1_593' title='bbox 2605 3499 2956 3575; x_wconf 84' lang='grc' dir='ltr'>ἀστροθεσίας</span> <span class='ocrx_word' id='word_1_594' title='bbox 2985 3500 3075 3554; x_wconf 80' lang='grc' dir='ltr'>τὸν</span> <span class='ocrx_word' id='word_1_595' title='bbox 3123 3498 3281 3554; x_wconf 82' lang='grc' dir='ltr'>αὐτὸν</span> <span class='ocrx_word' id='word_1_596' title='bbox 3323 3496 3531 3573; x_wconf 85' lang='grc' dir='ltr'>δρόμον</span> <span class='ocrx_word' id='word_1_597' title='bbox 3565 3496 3817 3571; x_wconf 76' lang='grc' dir='ltr'>ἐχούσης</span> 
     </span>
    </p>
   </div>
   <div class='ocr_carea' id='block_1_78' title="bbox 2160 3584 3827 3668">
    <p class='ocr_par' dir='ltr' id='par_1_78' title="bbox 2160 3584 3827 3668">
     <span class='ocr_line' id='line_1_78' title="bbox 2160 3584 3827 3668; baseline -0.001 -25"><span class='ocrx_word' id='word_1_598' title='bbox 2160 3589 2299 3668; x_wconf 80' lang='grc' dir='ltr'>φυτὰ</span> <span class='ocrx_word' id='word_1_599' title='bbox 2341 3592 2433 3663; x_wconf 74' lang='grc' dir='ltr'>μὲν</span> <span class='ocrx_word' id='word_1_600' title='bbox 2495 3590 2926 3664; x_wconf 85' lang='grc' dir='ltr'>περιτεμνόμενα</span> <span class='ocrx_word' id='word_1_601' title='bbox 2984 3587 3149 3643; x_wconf 85' lang='grc' dir='ltr'>πάλιν</span> <span class='ocrx_word' id='word_1_602' title='bbox 3208 3587 3350 3658; x_wconf 75' lang='grc' dir='ltr'>αὕξει</span> <span class='ocrx_word' id='word_1_603' title='bbox 3406 3584 3661 3654; x_wconf 77' lang='grc' dir='ltr'>κλάδους,</span> <span class='ocrx_word' id='word_1_604' title='bbox 3719 3589 3827 3641; x_wconf 76' lang='grc' dir='ltr'><strong>καὶ</strong></span> 
     </span>
    </p>
   </div>
   <div class='ocr_carea' id='block_1_79' title="bbox 2158 3674 3826 3753">
    <p class='ocr_par' dir='ltr' id='par_1_79' title="bbox 2158 3674 3826 3753">
     <span class='ocr_line' id='line_1_79' title="bbox 2158 3674 3826 3753; baseline -0.003 -18"><span class='ocrx_word' id='word_1_605' title='bbox 2158 3680 2574 3753; x_wconf 77' lang='grc' dir='ltr'>περικειρομένη</span> <span class='ocrx_word' id='word_1_606' title='bbox 2613 3680 2814 3753; x_wconf 87' lang='grc' dir='ltr'>βοτάνη</span> <span class='ocrx_word' id='word_1_607' title='bbox 2850 3678 3057 3753; x_wconf 78' lang='grc' dir='ltr'>ἀνίσχει</span> <span class='ocrx_word' id='word_1_608' title='bbox 3108 3679 3206 3745; x_wconf 76' lang='grc' dir='ltr'>τήν</span> <span class='ocrx_word' id='word_1_609' title='bbox 3246 3675 3371 3747; x_wconf 76' lang='grc' dir='ltr'>ἴσην</span> <span class='ocrx_word' id='word_1_610' title='bbox 3404 3678 3437 3745; x_wconf 74' lang='grc' dir='ltr'><strong>ἢ</strong></span> <span class='ocrx_word' id='word_1_611' title='bbox 3488 3676 3579 3730; x_wconf 82' lang='grc' dir='ltr'><strong>καὶ</strong></span> <span class='ocrx_word' id='word_1_612' title='bbox 3608 3674 3826 3730; x_wconf 81' lang='grc' dir='ltr'>πλείο-</span> 
     </span>
    </p>
   </div>
   <div class='ocr_carea' id='block_1_80' title="bbox 2157 3761 3823 3840">
    <p class='ocr_par' dir='ltr' id='par_1_80' title="bbox 2157 3761 3823 3840">
     <span class='ocr_line' id='line_1_80' title="bbox 2157 3761 3823 3840; baseline -0.003 -18"><span class='ocrx_word' id='word_1_613' title='bbox 2157 3789 2240 3837; x_wconf 91' lang='grc' dir='ltr'><strong>να,</strong></span> <span class='ocrx_word' id='word_1_614' title='bbox 2267 3770 2347 3839; x_wconf 81' lang='grc' dir='ltr'>τῴ</span> <span class='ocrx_word' id='word_1_615' title='bbox 2380 3766 2436 3821; x_wconf 75' lang='grc' dir='ltr'>δὲ</span> <span class='ocrx_word' id='word_1_616' title='bbox 2469 3766 2593 3839; x_wconf 81' lang='grc' dir='ltr'><strong>ζώῳ</strong></span> <span class='ocrx_word' id='word_1_617' title='bbox 2626 3769 2691 3837; x_wconf 81' lang='grc'>⁴¹,</span> <span class='ocrx_word' id='word_1_618' title='bbox 2734 3764 2787 3821; x_wconf 78' lang='grc' dir='ltr'><strong>εἷ’</strong></span> <span class='ocrx_word' id='word_1_619' title='bbox 2810 3787 2861 3820; x_wconf 92' lang='grc' dir='ltr'><strong>τι</strong></span> <span class='ocrx_word' id='word_1_620' title='bbox 2890 3771 2999 3821; x_wconf 82' lang='grc' dir='ltr'><strong>τῶν</strong></span> <span class='ocrx_word' id='word_1_621' title='bbox 3037 3767 3218 3839; x_wconf 89' lang='grc' dir='ltr'>μελων</span> <span class='ocrx_word' id='word_1_622' title='bbox 3254 3767 3550 3840; x_wconf 79' lang='grc' dir='ltr'>περικοπῇ,</span> <span class='ocrx_word' id='word_1_623' title='bbox 3595 3761 3823 3840; x_wconf 55' lang='lat'><strong>6:90:1-</strong></span> 
     </span>
    </p>
   </div>
   <div class='ocr_carea' id='block_1_81' title="bbox 2163 3852 3818 3931">
    <p class='ocr_par' dir='ltr' id='par_1_81' title="bbox 2163 3852 3818 3931">
     <span class='ocr_line' id='line_1_81' title="bbox 2163 3852 3818 3931; baseline -0.004 -20"><span class='ocrx_word' id='word_1_624' title='bbox 2163 3858 2262 3930; x_wconf 89' lang='grc' dir='ltr'>μὸν</span> <span class='ocrx_word' id='word_1_625' title='bbox 2295 3857 2328 3926; x_wconf 69' lang='grc' dir='ltr'><strong>ἢ</strong></span> <span class='ocrx_word' id='word_1_626' title='bbox 2364 3855 2481 3931; x_wconf 81' lang='grc' dir='ltr'>ῥῖνα</span> <span class='ocrx_word' id='word_1_627' title='bbox 2508 3856 2543 3924; x_wconf 76' lang='grc' dir='ltr'>ἢ</span> <span class='ocrx_word' id='word_1_628' title='bbox 2598 3852 2891 3927; x_wconf 85' lang='grc' dir='ltr'>δάκτυλον,</span> <span class='ocrx_word' id='word_1_629' title='bbox 2924 3853 3076 3910; x_wconf 70' lang='grc' dir='ltr'>οὐδὲν</span> <span class='ocrx_word' id='word_1_630' title='bbox 3113 3857 3148 3924; x_wconf 80' lang='grc' dir='ltr'>ἡ</span> <span class='ocrx_word' id='word_1_631' title='bbox 3201 3854 3504 3928; x_wconf 72' lang='grc' dir='ltr'>εἱμαρμένη</span> <span class='ocrx_word' id='word_1_632' title='bbox 3540 3853 3674 3928; x_wconf 85' lang='grc' dir='ltr'>πρὸς</span> <span class='ocrx_word' id='word_1_633' title='bbox 3703 3855 3818 3923; x_wconf 68' lang='grc' dir='ltr'>τήν</span> 
     </span>
    </p>
   </div>
   <div class='ocr_carea' id='block_1_82' title="bbox 2156 3939 3830 4019">
    <p class='ocr_par' dir='ltr' id='par_1_82' title="bbox 2156 3939 3830 4019">
     <span class='ocr_line' id='line_1_82' title="bbox 2156 3939 3830 4019; baseline -0.002 -18"><span class='ocrx_word' id='word_1_634' title='bbox 2156 3952 2254 4002; x_wconf 72' lang='grc' dir='ltr'>τοῦ</span> <span class='ocrx_word' id='word_1_635' title='bbox 2299 3945 2501 4019; x_wconf 62' lang='grc' dir='ltr'>μέλους</span> <span class='ocrx_word' id='word_1_636' title='bbox 2550 3946 2805 4018; x_wconf 78' lang='grc' dir='ltr'>ἀνάφυσιν</span> <span class='ocrx_word' id='word_1_637' title='bbox 2852 3939 3297 4018; x_wconf 73' lang='grc' dir='ltr'>συλλαμϐάνεται</span> <span class='ocrx_word' id='word_1_638' title='bbox 3334 3962 3347 4012; x_wconf 88' lang='grc'><strong>;</strong></span> <span class='ocrx_word' id='word_1_639' title='bbox 3392 3942 3569 3998; x_wconf 52' lang='grc' dir='ltr'>καίτοι</span> <span class='ocrx_word' id='word_1_640' title='bbox 3608 3940 3830 4012; x_wconf 65' lang='grc' dir='ltr'>ταύτην</span> 
     </span>
    </p>
   </div>
   <div class='ocr_carea' id='block_1_83' title="bbox 2157 4028 3825 4110">
    <p class='ocr_par' dir='ltr' id='par_1_83' title="bbox 2157 4028 3825 4110">
     <span class='ocr_line' id='line_1_83' title="bbox 2157 4028 3825 4110; baseline -0.001 -21"><span class='ocrx_word' id='word_1_641' title='bbox 2157 4035 2464 4104; x_wconf 84' lang='grc' dir='ltr'>καθίζουσιν</span> <span class='ocrx_word' id='word_1_642' title='bbox 2511 4034 2733 4097; x_wconf 85' lang='grc' dir='ltr'>ἐκείνοις</span> <span class='ocrx_word' id='word_1_643' title='bbox 2782 4035 3154 4109; x_wconf 68' lang='grc' dir='ltr'>χαριζομένην</span> <span class='ocrx_word' id='word_1_644' title='bbox 3206 4034 3339 4108; x_wconf 80' lang='grc' dir='ltr'>ἅπερ</span> <span class='ocrx_word' id='word_1_645' title='bbox 3389 4030 3632 4110; x_wconf 71' lang='grc' dir='ltr'>ἀφεῖλεν,</span> <span class='ocrx_word' id='word_1_646' title='bbox 3678 4028 3825 4087; x_wconf 73' lang='grc' dir='ltr'>ἀλλ’</span> 
     </span>
    </p>
   </div>
   <div class='ocr_carea' id='block_1_84' title="bbox 2159 4119 3833 4203">
    <p class='ocr_par' dir='ltr' id='par_1_84' title="bbox 2159 4119 3833 4203">
     <span class='ocr_line' id='line_1_84' title="bbox 2159 4119 3833 4203; baseline -0.002 -24"><span class='ocrx_word' id='word_1_647' title='bbox 2159 4124 2284 4199; x_wconf 81' lang='grc' dir='ltr'>οὐχὶ</span> <span class='ocrx_word' id='word_1_648' title='bbox 2319 4131 2420 4194; x_wconf 82' lang='grc' dir='ltr'><strong>τῆς</strong></span> <span class='ocrx_word' id='word_1_649' title='bbox 2452 4122 2664 4203; x_wconf 73' lang='grc' dir='ltr'>φύσεως</span> <span class='ocrx_word' id='word_1_650' title='bbox 2718 4125 2778 4178; x_wconf 89' lang='grc' dir='ltr'>τὸ</span> <span class='ocrx_word' id='word_1_651' title='bbox 2819 4120 3045 4196; x_wconf 76' lang='grc' dir='ltr'>ἲδίωμα.</span> <span class='ocrx_word' id='word_1_652' title='bbox 3080 4122 3219 4178; x_wconf 66' lang='lat' dir='ltr'><strong>Auro</strong></span> <span class='ocrx_word' id='word_1_653' title='bbox 3252 4119 3309 4176; x_wconf 75' lang='grc' dir='ltr'><strong>δὲ</strong></span> <span class='ocrx_word' id='word_1_654' title='bbox 3350 4125 3512 4176; x_wconf 80' lang='grc' dir='ltr'>τοῦτο</span> <span class='ocrx_word' id='word_1_655' title='bbox 3548 4119 3631 4179; x_wconf 80' lang='grc' dir='ltr'><strong>τίς</strong></span> <span class='ocrx_word' id='word_1_656' title='bbox 3666 4120 3833 4175; x_wconf 68' lang='grc' dir='ltr'>ἀστέ-</span> 
     </span>
    </p>
   </div>
   <div class='ocr_carea' id='block_1_85' title="bbox 2166 4207 3827 4290">
    <p class='ocr_par' dir='ltr' id='par_1_85' title="bbox 2166 4207 3827 4290">
     <span class='ocr_line' id='line_1_85' title="bbox 2166 4207 3827 4290; baseline -0.004 -20"><span class='ocrx_word' id='word_1_657' title='bbox 2166 4236 2270 4290; x_wconf 91' lang='grc' dir='ltr'><strong>ρων</strong></span> <span class='ocrx_word' id='word_1_658' title='bbox 2304 4214 2519 4285; x_wconf 86' lang='grc' dir='ltr'>κίνησις</span> <span class='ocrx_word' id='word_1_659' title='bbox 2549 4216 2638 4269; x_wconf 88' lang='grc' dir='ltr'><strong>καὶ</strong></span> <span class='ocrx_word' id='word_1_660' title='bbox 2688 4220 2883 4289; x_wconf 87' lang='grc' dir='ltr'>σχῆμα</span> <span class='ocrx_word' id='word_1_661' title='bbox 2912 4215 2977 4267; x_wconf 77' lang='grc' dir='ltr'>τὰ</span> <span class='ocrx_word' id='word_1_662' title='bbox 3013 4214 3107 4285; x_wconf 75' lang='grc' dir='ltr'><strong>μὲν</strong></span> <span class='ocrx_word' id='word_1_663' title='bbox 3138 4212 3213 4275; x_wconf 77' lang='grc' dir='ltr'><strong>εἰς</strong></span> <span class='ocrx_word' id='word_1_664' title='bbox 3259 4211 3498 4285; x_wconf 76' lang='grc' dir='ltr'>ἀλόγους</span> <span class='ocrx_word' id='word_1_665' title='bbox 3528 4211 3594 4265; x_wconf 76' lang='grc' dir='ltr'><strong>τά</strong></span> <span class='ocrx_word' id='word_1_666' title='bbox 3644 4207 3700 4264; x_wconf 68' lang='grc' dir='ltr'>δὲ</span> <span class='ocrx_word' id='word_1_667' title='bbox 3735 4211 3827 4272; x_wconf 79' lang='grc' dir='ltr'>εἰς</span> 
     </span>
    </p>
   </div>
   <div class='ocr_carea' id='block_1_86' title="bbox 2162 4298 3823 4381">
    <p class='ocr_par' dir='ltr' id='par_1_86' title="bbox 2162 4298 3823 4381">
     <span class='ocr_line' id='line_1_86' title="bbox 2162 4298 3823 4381; baseline -0.004 -22"><span class='ocrx_word' id='word_1_668' title='bbox 2162 4303 2423 4381; x_wconf 79' lang='grc' dir='ltr'>λογικοὺς</span> <span class='ocrx_word' id='word_1_669' title='bbox 2466 4301 2806 4378; x_wconf 77' lang='grc' dir='ltr'>διεκλήρωσε</span> <span class='ocrx_word' id='word_1_670' title='bbox 2840 4322 2853 4371; x_wconf 90' lang='grc'><strong>;</strong></span> <span class='ocrx_word' id='word_1_671' title='bbox 2884 4302 2967 4364; x_wconf 83' lang='grc' dir='ltr'><strong>τίς</strong></span> <span class='ocrx_word' id='word_1_672' title='bbox 3010 4301 3067 4357; x_wconf 74' lang='grc' dir='ltr'>δὲ</span> <span class='ocrx_word' id='word_1_673' title='bbox 3101 4302 3186 4357; x_wconf 80' lang='grc' dir='ltr'>ὑσὶ</span> <span class='ocrx_word' id='word_1_674' title='bbox 3222 4302 3315 4373; x_wconf 64' lang='grc' dir='ltr'><strong>μὲν</strong></span> <span class='ocrx_word' id='word_1_675' title='bbox 3362 4301 3451 4355; x_wconf 84' lang='grc' dir='ltr'><strong>καὶ</strong></span> <span class='ocrx_word' id='word_1_676' title='bbox 3481 4298 3823 4374; x_wconf 78' lang='grc' dir='ltr'>ἀλεκτρυὸσι</span> 
     </span>
    </p>
   </div>
   <div class='ocr_carea' id='block_1_87' title="bbox 402 4384 2048 4484">
    <p class='ocr_par' dir='ltr' id='par_1_87' title="bbox 402 4392 2047 4466">
     <span class='ocr_line' id='line_1_87' title="bbox 402 4392 2047 4466; baseline 0 -15"><span class='ocrx_word' id='word_1_677' title='bbox 402 4394 509 4451; x_wconf 90' lang='lat' dir='ltr'><strong>tim</strong></span> <span class='ocrx_word' id='word_1_678' title='bbox 561 4393 900 4449; x_wconf 90' lang='lat' dir='ltr'><strong>hominibus</strong></span> <span class='ocrx_word' id='word_1_679' title='bbox 956 4392 1276 4449; x_wconf 89' lang='lat' dir='ltr'><strong>distribuit.</strong></span> <span class='ocrx_word' id='word_1_680' title='bbox 1325 4394 1454 4450; x_wconf 86' lang='lat' dir='ltr'><strong>Jam</strong></span> <span class='ocrx_word' id='word_1_681' title='bbox 1511 4409 1643 4450; x_wconf 90' lang='lat' dir='ltr'><strong>vero</strong></span> <span class='ocrx_word' id='word_1_682' title='bbox 1703 4395 1834 4466; x_wconf 91' lang='lat' dir='ltr'><strong>quis</strong></span> <span class='ocrx_word' id='word_1_683' title='bbox 1890 4411 2047 4463; x_wconf 88' lang='lat' dir='ltr'><strong>sues,</strong></span> 
     </span>
    </p>
   </div>
   <div class='ocr_carea' id='block_1_88' title="bbox 2160 4384 3829 4484">
    <p class='ocr_par' dir='ltr' id='par_1_88' title="bbox 2160 4384 3829 4468">
     <span class='ocr_line' id='line_1_88' title="bbox 2160 4384 3829 4468; baseline -0.004 -19"><span class='ocrx_word' id='word_1_684' title='bbox 2160 4395 2249 4449; x_wconf 90' lang='grc' dir='ltr'><strong>καὶ</strong></span> <span class='ocrx_word' id='word_1_685' title='bbox 2282 4393 2385 4464; x_wconf 79' lang='grc' dir='ltr'><strong>αἱξί</strong></span> <span class='ocrx_word' id='word_1_686' title='bbox 2419 4394 2507 4448; x_wconf 80' lang='grc' dir='ltr'><strong>καὶ</strong></span> <span class='ocrx_word' id='word_1_687' title='bbox 2555 4391 2734 4468; x_wconf 79' lang='grc' dir='ltr'>βουσὶ,</span> <span class='ocrx_word' id='word_1_688' title='bbox 2764 4392 2855 4446; x_wconf 85' lang='grc' dir='ltr'><strong>καὶ</strong></span> <span class='ocrx_word' id='word_1_689' title='bbox 2897 4389 2948 4446; x_wconf 78' lang='grc' dir='ltr'><strong>εἷ’</strong></span> <span class='ocrx_word' id='word_1_690' title='bbox 2990 4411 3042 4444; x_wconf 88' lang='grc' dir='ltr'><strong>τι</strong></span> <span class='ocrx_word' id='word_1_691' title='bbox 3082 4389 3297 4451; x_wconf 77' lang='grc' dir='ltr'>τούτοις</span> <span class='ocrx_word' id='word_1_692' title='bbox 3331 4390 3547 4462; x_wconf 77' lang='grc' dir='ltr'>ὅμοιον,</span> <span class='ocrx_word' id='word_1_693' title='bbox 3579 4388 3667 4442; x_wconf 84' lang='grc' dir='ltr'>τὸν</span> <span class='ocrx_word' id='word_1_694' title='bbox 3721 4384 3829 4442; x_wconf 63' lang='grc' dir='ltr'>διὰ</span> 
     </span>
    </p>
   </div>
   <div class='ocr_carea' id='block_1_89' title="bbox 398 4481 2050 4557">
    <p class='ocr_par' dir='ltr' id='par_1_89' title="bbox 398 4481 2050 4557">
     <span class='ocr_line' id='line_1_89' title="bbox 398 4481 2050 4557; baseline 0.001 -18"><span class='ocrx_word' id='word_1_695' title='bbox 398 4481 585 4557; x_wconf 89' lang='lat' dir='ltr'><strong>gallos</strong></span> <span class='ocrx_word' id='word_1_696' title='bbox 633 4482 1007 4554; x_wconf 87' lang='lat' dir='ltr'><strong>gallinaceos,</strong></span> <span class='ocrx_word' id='word_1_697' title='bbox 1063 4498 1284 4553; x_wconf 86' lang='lat' dir='ltr'><strong>capras,</strong></span> <span class='ocrx_word' id='word_1_698' title='bbox 1344 4482 1536 4550; x_wconf 87' lang='lat' dir='ltr'><strong>boves,</strong></span> <span class='ocrx_word' id='word_1_699' title='bbox 1585 4487 1643 4540; x_wconf 90' lang='lat' dir='ltr'><strong>et</strong></span> <span class='ocrx_word' id='word_1_700' title='bbox 1690 4482 1740 4539; x_wconf 87' lang='lat' dir='ltr'><strong>si</strong></span> <span class='ocrx_word' id='word_1_701' title='bbox 1790 4484 1926 4555; x_wconf 91' lang='lat' dir='ltr'><strong>quid</strong></span> <span class='ocrx_word' id='word_1_702' title='bbox 1959 4484 2050 4541; x_wconf 91' lang='lat' dir='ltr'><strong>his</strong></span> 
     </span>
    </p>
   </div>
   <div class='ocr_carea' id='block_1_90' title="bbox 409 4570 2050 4645">
    <p class='ocr_par' dir='ltr' id='par_1_90' title="bbox 409 4570 2050 4645">
     <span class='ocr_line' id='line_1_90' title="bbox 409 4570 2050 4645; baseline 0 -16"><span class='ocrx_word' id='word_1_703' title='bbox 409 4571 601 4630; x_wconf 88' lang='lat' dir='ltr'><strong>simile</strong></span> <span class='ocrx_word' id='word_1_704' title='bbox 630 4575 738 4639; x_wconf 87' lang='lat' dir='ltr'><strong>est,</strong></span> <span class='ocrx_word' id='word_1_705' title='bbox 772 4572 841 4627; x_wconf 90' lang='lat' dir='ltr'><strong>ad</strong></span> <span class='ocrx_word' id='word_1_706' title='bbox 868 4576 1113 4628; x_wconf 90' lang='lat' dir='ltr'><strong>mortem</strong></span> <span class='ocrx_word' id='word_1_707' title='bbox 1138 4587 1236 4644; x_wconf 88' lang='lat' dir='ltr'><strong>per</strong></span> <span class='ocrx_word' id='word_1_708' title='bbox 1263 4570 1527 4645; x_wconf 89' lang='lat' dir='ltr'><strong>gladium</strong></span> <span class='ocrx_word' id='word_1_709' title='bbox 1557 4572 1924 4629; x_wconf 88' lang='lat' dir='ltr'><strong>subeundam</strong></span> <span class='ocrx_word' id='word_1_710' title='bbox 1946 4574 2050 4629; x_wconf 85' lang='lat' dir='ltr'><strong>ad-</strong></span> 
     </span>
    </p>
   </div>
   <div class='ocr_carea' id='block_1_91' title="bbox 392 4660 2047 4735">
    <p class='ocr_par' dir='ltr' id='par_1_91' title="bbox 392 4660 2047 4735">
     <span class='ocr_line' id='line_1_91' title="bbox 392 4660 2047 4735; baseline 0.001 -18"><span class='ocrx_word' id='word_1_711' title='bbox 392 4660 694 4735; x_wconf 88' lang='lat' dir='ltr'><strong>judicavil,</strong></span> <span class='ocrx_word' id='word_1_712' title='bbox 719 4676 854 4717; x_wconf 90' lang='lat' dir='ltr'><strong>cum</strong></span> <span class='ocrx_word' id='word_1_713' title='bbox 878 4660 1129 4733; x_wconf 89' lang='lat' dir='ltr'><strong>plurima</strong></span> <span class='ocrx_word' id='word_1_714' title='bbox 1141 4661 1467 4718; x_wconf 88' lang='lat' dir='ltr'><strong>animantia</strong></span> <span class='ocrx_word' id='word_1_715' title='bbox 1488 4662 1594 4718; x_wconf 89' lang='lat' dir='ltr'><strong>hoc</strong></span> <span class='ocrx_word' id='word_1_716' title='bbox 1613 4662 1817 4718; x_wconf 90' lang='lat' dir='ltr'><strong>mortis</strong></span> <span class='ocrx_word' id='word_1_717' title='bbox 1839 4678 2047 4735; x_wconf 90' lang='lat' dir='ltr'><strong>genere</strong></span> 
     </span>
    </p>
   </div>
   <div class='ocr_carea' id='block_1_92' title="bbox 402 4746 2042 4823">
    <p class='ocr_par' dir='ltr' id='par_1_92' title="bbox 402 4746 2042 4823">
     <span class='ocr_line' id='line_1_92' title="bbox 402 4746 2042 4823; baseline -0.001 -15"><span class='ocrx_word' id='word_1_718' title='bbox 402 4768 517 4808; x_wconf 90' lang='lat' dir='ltr'><strong>non</strong></span> <span class='ocrx_word' id='word_1_719' title='bbox 570 4746 857 4823; x_wconf 85' lang='lat' dir='ltr'><strong>pereant?</strong></span> <span class='ocrx_word' id='word_1_720' title='bbox 902 4750 1054 4807; x_wconf 88' lang='lat' dir='ltr'><strong>Olim</strong></span> <span class='ocrx_word' id='word_1_721' title='bbox 1116 4758 1405 4822; x_wconf 64' lang='lat' dir='ltr'><strong>praeterea,</strong></span> <span class='ocrx_word' id='word_1_722' title='bbox 1458 4766 1587 4807; x_wconf 90' lang='lat' dir='ltr'><strong>cum</strong></span> <span class='ocrx_word' id='word_1_723' title='bbox 1639 4750 1810 4807; x_wconf 89' lang='lat' dir='ltr'><strong>idolis</strong></span> <span class='ocrx_word' id='word_1_724' title='bbox 1863 4753 2042 4809; x_wconf 89' lang='lat' dir='ltr'><strong>sacri-</strong></span> 
     </span>
    </p>
   </div>
   <div class='ocr_carea' id='block_1_93' title="bbox 402 4838 2049 4912">
    <p class='ocr_par' dir='ltr' id='par_1_93' title="bbox 402 4838 2049 4912">
     <span class='ocr_line' id='line_1_93' title="bbox 402 4838 2049 4912; baseline -0.001 -16"><span class='ocrx_word' id='word_1_725' title='bbox 402 4839 621 4896; x_wconf 81' lang='lat' dir='ltr'><strong>ﬁcandi</strong></span> <span class='ocrx_word' id='word_1_726' title='bbox 642 4839 792 4895; x_wconf 90' lang='lat' dir='ltr'><strong>ritus</strong></span> <span class='ocrx_word' id='word_1_727' title='bbox 812 4839 1048 4910; x_wconf 88' lang='lat' dir='ltr'><strong>vigeret,</strong></span> <span class='ocrx_word' id='word_1_728' title='bbox 1064 4838 1505 4895; x_wconf 87' lang='lat' dir='ltr'><strong>innumerabilis</strong></span> <span class='ocrx_word' id='word_1_729' title='bbox 1528 4838 2049 4912; x_wconf 86' lang='lat' dir='ltr'><strong>borumquaejugu-</strong></span> 
     </span>
    </p>
   </div>
   <div class='ocr_carea' id='block_1_94' title="bbox 399 4927 2047 5001">
    <p class='ocr_par' dir='ltr' id='par_1_94' title="bbox 399 4927 2047 5001">
     <span class='ocr_line' id='line_1_94' title="bbox 399 4927 2047 5001; baseline -0.001 -15"><span class='ocrx_word' id='word_1_730' title='bbox 399 4930 598 4986; x_wconf 82' lang='lat' dir='ltr'><strong>lantur</strong></span> <span class='ocrx_word' id='word_1_731' title='bbox 628 4929 940 4986; x_wconf 85' lang='lat' dir='ltr'><strong>multitudo</strong></span> <span class='ocrx_word' id='word_1_732' title='bbox 971 4944 1089 4985; x_wconf 89' lang='lat' dir='ltr'><strong>una</strong></span> <span class='ocrx_word' id='word_1_733' title='bbox 1118 4943 1271 5001; x_wconf 84' lang='lat' dir='ltr'><strong>saepe</strong></span> <span class='ocrx_word' id='word_1_734' title='bbox 1301 4927 1706 4985; x_wconf 87' lang='lat' dir='ltr'><strong>immolabatur</strong></span> <span class='ocrx_word' id='word_1_735' title='bbox 1735 4929 1897 4985; x_wconf 89' lang='lat' dir='ltr'><strong>hora.</strong></span> <span class='ocrx_word' id='word_1_736' title='bbox 1930 4930 2047 4985; x_wconf 84' lang='lat' dir='ltr'><strong>Hoc</strong></span> 
     </span>
    </p>
   </div>
   <div class='ocr_carea' id='block_1_95' title="bbox 402 5014 2046 5088">
    <p class='ocr_par' dir='ltr' id='par_1_95' title="bbox 402 5014 2046 5088">
     <span class='ocr_line' id='line_1_95' title="bbox 402 5014 2046 5088; baseline -0.002 -14"><span class='ocrx_word' id='word_1_737' title='bbox 402 5034 535 5075; x_wconf 86' lang='lat' dir='ltr'><strong>vero</strong></span> <span class='ocrx_word' id='word_1_738' title='bbox 568 5034 727 5074; x_wconf 91' lang='lat' dir='ltr'><strong>more</strong></span> <span class='ocrx_word' id='word_1_739' title='bbox 750 5020 1038 5086; x_wconf 89' lang='lat' dir='ltr'><strong>cessante,</strong></span> <span class='ocrx_word' id='word_1_740' title='bbox 1062 5033 1177 5072; x_wconf 93' lang='lat' dir='ltr'><strong>non</strong></span> <span class='ocrx_word' id='word_1_741' title='bbox 1207 5014 1446 5087; x_wconf 89' lang='lat' dir='ltr'><strong>perinde</strong></span> <span class='ocrx_word' id='word_1_742' title='bbox 1466 5016 1593 5088; x_wconf 87' lang='lat' dir='ltr'><strong>jam</strong></span> <span class='ocrx_word' id='word_1_743' title='bbox 1617 5015 1738 5072; x_wconf 72' lang='lat' dir='ltr'><strong>haec</strong></span> <span class='ocrx_word' id='word_1_744' title='bbox 1769 5016 2046 5072; x_wconf 89' lang='lat' dir='ltr'><strong>animalia</strong></span> 
     </span>
    </p>
   </div>
   <div class='ocr_carea' id='block_1_96' title="bbox 398 5106 2043 5178">
    <p class='ocr_par' dir='ltr' id='par_1_96' title="bbox 398 5106 2043 5178">
     <span class='ocr_line' id='line_1_96' title="bbox 398 5106 2043 5178; baseline 0.001 -17"><span class='ocrx_word' id='word_1_745' title='bbox 398 5107 588 5177; x_wconf 88' lang='lat' dir='ltr'><strong>gladio</strong></span> <span class='ocrx_word' id='word_1_746' title='bbox 639 5106 1082 5178; x_wconf 75' lang='lat' dir='ltr'><strong>subjiciuntur?</strong></span> <span class='ocrx_word' id='word_1_747' title='bbox 1131 5106 1395 5162; x_wconf 89' lang='lat' dir='ltr'><strong>Siderum</strong></span> <span class='ocrx_word' id='word_1_748' title='bbox 1447 5115 1638 5161; x_wconf 85' lang='lat' dir='ltr'><strong>tamen</strong></span> <span class='ocrx_word' id='word_1_749' title='bbox 1686 5106 2043 5175; x_wconf 88' lang='lat' dir='ltr'><strong>constilutio,</strong></span> 
     </span>
    </p>
   </div>
   <div class='ocr_carea' id='block_1_97' title="bbox 399 5194 2045 5267">
    <p class='ocr_par' dir='ltr' id='par_1_97' title="bbox 399 5194 2045 5267">
     <span class='ocr_line' id='line_1_97' title="bbox 399 5194 2045 5267; baseline 0.003 -19"><span class='ocrx_word' id='word_1_750' title='bbox 399 5198 465 5249; x_wconf 90' lang='lat' dir='ltr'><strong>ut</strong></span> <span class='ocrx_word' id='word_1_751' title='bbox 509 5195 597 5250; x_wconf 90' lang='lat' dir='ltr'><strong>illi</strong></span> <span class='ocrx_word' id='word_1_752' title='bbox 645 5194 1045 5267; x_wconf 88' lang='lat' dir='ltr'><strong>loquerentur,</strong></span> <span class='ocrx_word' id='word_1_753' title='bbox 1102 5198 1438 5252; x_wconf 89' lang='lat' dir='ltr'><strong>constanter</strong></span> <span class='ocrx_word' id='word_1_754' title='bbox 1486 5196 1757 5251; x_wconf 90' lang='lat' dir='ltr'><strong>eumdem</strong></span> <span class='ocrx_word' id='word_1_755' title='bbox 1809 5212 2045 5253; x_wconf 90' lang='lat' dir='ltr'><strong>cursum</strong></span> 
     </span>
    </p>
   </div>
   <div class='ocr_carea' id='block_1_98' title="bbox 400 5283 2043 5356">
    <p class='ocr_par' dir='ltr' id='par_1_98' title="bbox 400 5283 2043 5356">
     <span class='ocr_line' id='line_1_98' title="bbox 400 5283 2043 5356; baseline 0.002 -19"><span class='ocrx_word' id='word_1_756' title='bbox 400 5286 589 5349; x_wconf 85' lang='lat' dir='ltr'><strong>tenes,</strong></span> <span class='ocrx_word' id='word_1_757' title='bbox 632 5283 984 5356; x_wconf 74' lang='lat' dir='ltr'><strong>inaequaliter</strong></span> <span class='ocrx_word' id='word_1_758' title='bbox 1030 5285 1168 5341; x_wconf 90' lang='lat' dir='ltr'><strong>adeo</strong></span> <span class='ocrx_word' id='word_1_759' title='bbox 1214 5284 1421 5341; x_wconf 87' lang='lat' dir='ltr'><strong>horum</strong></span> <span class='ocrx_word' id='word_1_760' title='bbox 1473 5283 1810 5341; x_wconf 88' lang='lat' dir='ltr'><strong>animalium</strong></span> <span class='ocrx_word' id='word_1_761' title='bbox 1843 5286 2043 5342; x_wconf 88' lang='lat' dir='ltr'><strong>condi-</strong></span> 
     </span>
    </p>
   </div>
   <div class='ocr_carea' id='block_1_99' title="bbox 406 5368 2046 5447">
    <p class='ocr_par' dir='ltr' id='par_1_99' title="bbox 406 5368 2046 5447">
     <span class='ocr_line' id='line_1_99' title="bbox 406 5368 2046 5447; baseline 0.004 -22"><span class='ocrx_word' id='word_1_762' title='bbox 406 5368 627 5426; x_wconf 82' lang='lat' dir='ltr'><strong>tionem</strong></span> <span class='ocrx_word' id='word_1_763' title='bbox 649 5370 1007 5441; x_wconf 89' lang='lat' dir='ltr'><strong>immutavit,</strong></span> <span class='ocrx_word' id='word_1_764' title='bbox 1033 5388 1157 5445; x_wconf 67' lang='lat' dir='ltr'><strong>quae</strong></span> <span class='ocrx_word' id='word_1_765' title='bbox 1179 5377 1517 5431; x_wconf 69' lang='lat' dir='ltr'><strong>ceterorum</strong></span> <span class='ocrx_word' id='word_1_766' title='bbox 1541 5374 1794 5447; x_wconf 89' lang='lat' dir='ltr'><strong>priscum</strong></span> <span class='ocrx_word' id='word_1_767' title='bbox 1817 5376 2046 5432; x_wconf 89' lang='lat' dir='ltr'><strong>vivendi</strong></span> 
     </span>
    </p>
   </div>
   <div class='ocr_carea' id='block_1_100' title="bbox 2166 4474 3829 4558">
    <p class='ocr_par' dir='ltr' id='par_1_100' title="bbox 2166 4474 3829 4558">
     <span class='ocr_line' id='line_1_100' title="bbox 2166 4474 3829 4558; baseline -0.004 -20"><span class='ocrx_word' id='word_1_768' title='bbox 2166 4484 2441 4558; x_wconf 84' lang='grc' dir='ltr'>μαχαίρας</span> <span class='ocrx_word' id='word_1_769' title='bbox 2474 4479 2687 4537; x_wconf 85' lang='grc' dir='ltr'>ἐδίκασε</span> <span class='ocrx_word' id='word_1_770' title='bbox 2716 4483 2762 4517; x_wconf 83' lang='grc'><strong>⁴²</strong></span> <span class='ocrx_word' id='word_1_771' title='bbox 2811 4481 3055 4547; x_wconf 86' lang='grc' dir='ltr'>θάνατον,</span> <span class='ocrx_word' id='word_1_772' title='bbox 3099 4480 3165 4535; x_wconf 80' lang='grc' dir='ltr'><strong>τὰ</strong></span> <span class='ocrx_word' id='word_1_773' title='bbox 3206 4476 3262 4533; x_wconf 77' lang='grc' dir='ltr'><strong>δὲ</strong></span> <span class='ocrx_word' id='word_1_774' title='bbox 3291 4476 3521 4533; x_wconf 85' lang='grc' dir='ltr'>πλεῖστα</span> <span class='ocrx_word' id='word_1_775' title='bbox 3566 4481 3672 4530; x_wconf 77' lang='grc' dir='ltr'><strong>τῶν</strong></span> <span class='ocrx_word' id='word_1_776' title='bbox 3710 4474 3829 4531; x_wconf 72' lang='grc' dir='ltr'><strong>ἄλ-</strong></span> 
     </span>
    </p>
   </div>
   <div class='ocr_carea' id='block_1_101' title="bbox 2164 4564 3826 4643">
    <p class='ocr_par' dir='ltr' id='par_1_101' title="bbox 2164 4564 3826 4643">
     <span class='ocr_line' id='line_1_101' title="bbox 2164 4564 3826 4643; baseline -0.005 -15"><span class='ocrx_word' id='word_1_777' title='bbox 2164 4572 2274 4629; x_wconf 90' lang='grc' dir='ltr'><strong>λων</strong></span> <span class='ocrx_word' id='word_1_778' title='bbox 2310 4573 2463 4642; x_wconf 87' lang='grc' dir='ltr'>ζώων</span> <span class='ocrx_word' id='word_1_779' title='bbox 2495 4572 2593 4639; x_wconf 83' lang='grc' dir='ltr'>τήν</span> <span class='ocrx_word' id='word_1_780' title='bbox 2620 4570 2881 4640; x_wconf 76' lang='grc' dir='ltr'>τοιαύτην</span> <span class='ocrx_word' id='word_1_781' title='bbox 2916 4570 3018 4624; x_wconf 80' lang='grc' dir='ltr'><strong>οὐκ</strong></span> <span class='ocrx_word' id='word_1_782' title='bbox 3056 4566 3200 4624; x_wconf 71' lang='grc' dir='ltr'>οἶδεν</span> <span class='ocrx_word' id='word_1_783' title='bbox 3234 4569 3280 4605; x_wconf 77' lang='grc'><strong>⁴³</strong></span> <span class='ocrx_word' id='word_1_784' title='bbox 3316 4568 3609 4643; x_wconf 74' lang='grc' dir='ltr'>ἐπήρειαν;</span> <span class='ocrx_word' id='word_1_785' title='bbox 3661 4564 3826 4620; x_wconf 68' lang='grc' dir='ltr'>ἀλλὰ</span> 
     </span>
    </p>
   </div>
   <div class='ocr_carea' id='block_1_102' title="bbox 2154 4654 3813 4735">
    <p class='ocr_par' dir='ltr' id='par_1_102' title="bbox 2154 4654 3813 4735">
     <span class='ocr_line' id='line_1_102' title="bbox 2154 4654 3813 4735; baseline -0.008 -18"><span class='ocrx_word' id='word_1_786' title='bbox 2154 4664 2243 4717; x_wconf 76' lang='grc' dir='ltr'><strong>καὶ</strong></span> <span class='ocrx_word' id='word_1_787' title='bbox 2277 4662 2483 4717; x_wconf 82' lang='grc' dir='ltr'>τούτων</span> <span class='ocrx_word' id='word_1_788' title='bbox 2531 4664 2638 4715; x_wconf 83' lang='grc' dir='ltr'>τῶν</span> <span class='ocrx_word' id='word_1_789' title='bbox 2669 4663 2714 4695; x_wconf 80' lang='grc'>“</span> <span class='ocrx_word' id='word_1_790' title='bbox 2763 4659 3167 4735; x_wconf 70' lang='grc' dir='ltr'>ἀναιρουμένων</span> <span class='ocrx_word' id='word_1_791' title='bbox 3218 4656 3391 4712; x_wconf 87' lang='grc' dir='ltr'>πάλαι</span> <span class='ocrx_word' id='word_1_792' title='bbox 3429 4658 3545 4731; x_wconf 77' lang='grc' dir='ltr'>μὲν,</span> <span class='ocrx_word' id='word_1_793' title='bbox 3586 4660 3682 4721; x_wconf 75' lang='grc' dir='ltr'>τῆς</span> <span class='ocrx_word' id='word_1_794' title='bbox 3720 4654 3813 4705; x_wconf 79' lang='grc' dir='ltr'><strong>εἰ-</strong></span> 
     </span>
    </p>
   </div>
   <div class='ocr_carea' id='block_1_103' title="bbox 2155 4738 3812 4824">
    <p class='ocr_par' dir='ltr' id='par_1_103' title="bbox 2155 4738 3812 4824">
     <span class='ocr_line' id='line_1_103' title="bbox 2155 4738 3812 4824; baseline -0.002 -18"><span class='ocrx_word' id='word_1_795' title='bbox 2155 4749 2497 4812; x_wconf 83' lang='grc' dir='ltr'>δωλοθυσίας</span> <span class='ocrx_word' id='word_1_796' title='bbox 2546 4747 2965 4824; x_wconf 62' lang='grc' dir='ltr'>ἐπικρατούσης,</span> <span class='ocrx_word' id='word_1_797' title='bbox 2999 4746 3217 4823; x_wconf 72' lang='grc' dir='ltr'>ἄπειρον</span> <span class='ocrx_word' id='word_1_798' title='bbox 3273 4749 3398 4820; x_wconf 82' lang='grc'>[357</span> <span class='ocrx_word' id='word_1_799' title='bbox 3441 4748 3532 4817; x_wconf 67' lang='grc'><strong>[1.]</strong></span> <span class='ocrx_word' id='word_1_800' title='bbox 3577 4742 3624 4797; x_wconf 75' lang='grc' dir='ltr'>ἒν</span> <span class='ocrx_word' id='word_1_801' title='bbox 3673 4738 3812 4816; x_wconf 73' lang='grc' dir='ltr'>ὥρᾳ</span> 
     </span>
    </p>
   </div>
   <div class='ocr_carea' id='block_1_104' title="bbox 2160 4831 3816 4914">
    <p class='ocr_par' dir='ltr' id='par_1_104' title="bbox 2160 4831 3816 4914">
     <span class='ocr_line' id='line_1_104' title="bbox 2160 4831 3816 4914; baseline -0.007 -19"><span class='ocrx_word' id='word_1_802' title='bbox 2160 4846 2257 4914; x_wconf 77' lang='grc' dir='ltr'>μιᾷ</span> <span class='ocrx_word' id='word_1_803' title='bbox 2313 4840 2598 4895; x_wconf 80' lang='grc' dir='ltr'>κατεθόετο</span> <span class='ocrx_word' id='word_1_804' title='bbox 2647 4837 2862 4907; x_wconf 82' lang='grc' dir='ltr'>πλῆθος</span> <span class='ocrx_word' id='word_1_805' title='bbox 2898 4856 2909 4870; x_wconf 76' lang='grc'><strong>⁸</strong></span> <span class='ocrx_word' id='word_1_806' title='bbox 2971 4841 3059 4891; x_wconf 80' lang='grc' dir='ltr'>νῦν</span> <span class='ocrx_word' id='word_1_807' title='bbox 3124 4835 3181 4891; x_wconf 72' lang='grc' dir='ltr'>δὲ</span> <span class='ocrx_word' id='word_1_808' title='bbox 3236 4835 3532 4905; x_wconf 80' lang='grc' dir='ltr'>παυθείσης</span> <span class='ocrx_word' id='word_1_809' title='bbox 3588 4831 3816 4903; x_wconf 54' lang='lat' dir='ltr'><strong>having</strong></span> 
     </span>
    </p>
   </div>
   <div class='ocr_carea' id='block_1_105' title="bbox 2156 4920 3823 5005">
    <p class='ocr_par' dir='ltr' id='par_1_105' title="bbox 2156 4920 3823 5005">
     <span class='ocr_line' id='line_1_105' title="bbox 2156 4920 3823 5005; baseline -0.006 -20"><span class='ocrx_word' id='word_1_810' title='bbox 2156 4932 2265 5003; x_wconf 83' lang='grc' dir='ltr'><strong>οὐχ</strong></span> <span class='ocrx_word' id='word_1_811' title='bbox 2298 4929 2507 5002; x_wconf 88' lang='grc' dir='ltr'>ὁμοίως</span> <span class='ocrx_word' id='word_1_812' title='bbox 2538 4929 2601 4983; x_wconf 86' lang='grc' dir='ltr'>τὸ</span> <span class='ocrx_word' id='word_1_813' title='bbox 2650 4929 2800 5005; x_wconf 79' lang='grc' dir='ltr'>ξίφος</span> <span class='ocrx_word' id='word_1_814' title='bbox 2848 4927 3217 5001; x_wconf 75' lang='grc' dir='ltr'>ὑπερχονταις</span> <span class='ocrx_word' id='word_1_815' title='bbox 3273 4925 3371 4981; x_wconf 78' lang='grc' dir='ltr'>Καὶ</span> <span class='ocrx_word' id='word_1_816' title='bbox 3410 4929 3518 4980; x_wconf 79' lang='grc' dir='ltr'>τῶν</span> <span class='ocrx_word' id='word_1_817' title='bbox 3567 4920 3823 4994; x_wconf 67' lang='grc' dir='ltr'>ἀστέρων</span> 
     </span>
    </p>
   </div>
   <div class='ocr_carea' id='block_1_106' title="bbox 2156 5011 3827 5095">
    <p class='ocr_par' dir='ltr' id='par_1_106' title="bbox 2156 5011 3827 5095">
     <span class='ocr_line' id='line_1_106' title="bbox 2156 5011 3827 5095; baseline -0.005 -21"><span class='ocrx_word' id='word_1_818' title='bbox 2156 5020 2184 5074; x_wconf 86' lang='grc' dir='ltr'><strong>ὁ</strong></span> <span class='ocrx_word' id='word_1_819' title='bbox 2217 5018 2632 5095; x_wconf 80' lang='grc' dir='ltr'>σχηματισμὸς,</span> <span class='ocrx_word' id='word_1_820' title='bbox 2681 5018 2756 5081; x_wconf 84' lang='grc' dir='ltr'>ὡς</span> <span class='ocrx_word' id='word_1_821' title='bbox 2812 5018 2872 5072; x_wconf 79' lang='grc' dir='ltr'>ἂν</span> <span class='ocrx_word' id='word_1_822' title='bbox 2918 5016 3116 5071; x_wconf 82' lang='grc' dir='ltr'>ἐκεῖνοι</span> <span class='ocrx_word' id='word_1_823' title='bbox 3175 5020 3350 5092; x_wconf 76' lang='grc' dir='ltr'>φαῖεν,</span> <span class='ocrx_word' id='word_1_824' title='bbox 3409 5011 3827 5074; x_wconf 84' lang='grc' dir='ltr'>ἀναλλοιώτως</span> 
     </span>
    </p>
   </div>
   <div class='ocr_carea' id='block_1_107' title="bbox 2153 5099 3818 5183">
    <p class='ocr_par' dir='ltr' id='par_1_107' title="bbox 2153 5099 3818 5183">
     <span class='ocr_line' id='line_1_107' title="bbox 2153 5099 3818 5183; baseline -0.005 -20"><span class='ocrx_word' id='word_1_825' title='bbox 2153 5109 2244 5163; x_wconf 89' lang='grc' dir='ltr'>τὸν</span> <span class='ocrx_word' id='word_1_826' title='bbox 2272 5108 2437 5163; x_wconf 83' lang='grc' dir='ltr'>αὐτὸν</span> <span class='ocrx_word' id='word_1_827' title='bbox 2462 5105 2804 5181; x_wconf 81' lang='grc' dir='ltr'>ἐξομαλίζων</span> <span class='ocrx_word' id='word_1_828' title='bbox 2839 5103 3070 5183; x_wconf 85' lang='grc' dir='ltr'>δρόμον,</span> <span class='ocrx_word' id='word_1_829' title='bbox 3104 5106 3249 5160; x_wconf 77' lang='grc' dir='ltr'>οὕτω</span> <span class='ocrx_word' id='word_1_830' title='bbox 3284 5105 3376 5176; x_wconf 77' lang='grc' dir='ltr'>μὲν</span> <span class='ocrx_word' id='word_1_831' title='bbox 3406 5103 3474 5157; x_wconf 82' lang='grc' dir='ltr'><strong>τὰ</strong></span> <span class='ocrx_word' id='word_1_832' title='bbox 3520 5099 3644 5171; x_wconf 85' lang='grc' dir='ltr'>περὶ</span> <span class='ocrx_word' id='word_1_833' title='bbox 3676 5102 3818 5156; x_wconf 72' lang='grc' dir='ltr'>τού-</span> 
     </span>
    </p>
   </div>
   <div class='ocr_carea' id='block_1_108' title="bbox 2152 5188 3824 5269">
    <p class='ocr_par' dir='ltr' id='par_1_108' title="bbox 2152 5188 3824 5269">
     <span class='ocr_line' id='line_1_108' title="bbox 2152 5188 3824 5269; baseline -0.005 -18"><span class='ocrx_word' id='word_1_834' title='bbox 2152 5216 2262 5251; x_wconf 90' lang='grc' dir='ltr'><strong>των</strong></span> <span class='ocrx_word' id='word_1_835' title='bbox 2298 5194 2607 5269; x_wconf 79' lang='grc' dir='ltr'>ἀνωμάλως</span> <span class='ocrx_word' id='word_1_836' title='bbox 2655 5192 3022 5265; x_wconf 80' lang='grc' dir='ltr'>ἐξηλλοίῶσε,</span> <span class='ocrx_word' id='word_1_837' title='bbox 3052 5198 3161 5248; x_wconf 81' lang='grc' dir='ltr'><strong>τῶν</strong></span> <span class='ocrx_word' id='word_1_838' title='bbox 3215 5189 3255 5248; x_wconf 85' lang='grc' dir='ltr'>δ’</span> <span class='ocrx_word' id='word_1_839' title='bbox 3296 5189 3482 5247; x_wconf 74' lang='grc' dir='ltr'>ἄλλων</span> <span class='ocrx_word' id='word_1_840' title='bbox 3525 5188 3681 5259; x_wconf 83' lang='grc' dir='ltr'>ζώων</span> <span class='ocrx_word' id='word_1_841' title='bbox 3718 5191 3824 5243; x_wconf 76' lang='grc' dir='ltr'>τὸν</span> 
     </span>
    </p>
   </div>
   <div class='ocr_carea' id='block_1_109' title="bbox 2152 5276 3829 5360">
    <p class='ocr_par' dir='ltr' id='par_1_109' title="bbox 2152 5276 3829 5360">
     <span class='ocr_line' id='line_1_109' title="bbox 2152 5276 3829 5360; baseline -0.003 -20"><span class='ocrx_word' id='word_1_842' title='bbox 2152 5286 2354 5359; x_wconf 88' lang='grc' dir='ltr'>τρόπον</span> <span class='ocrx_word' id='word_1_843' title='bbox 2387 5292 2487 5354; x_wconf 71' lang='grc' dir='ltr'>τῆς</span> <span class='ocrx_word' id='word_1_844' title='bbox 2537 5284 2776 5360; x_wconf 87' lang='grc' dir='ltr'>ἀρχαίας</span> <span class='ocrx_word' id='word_1_845' title='bbox 2837 5289 2985 5353; x_wconf 81' lang='grc' dir='ltr'>ζωῆς</span> <span class='ocrx_word' id='word_1_846' title='bbox 3031 5282 3093 5337; x_wconf 80' lang='grc' dir='ltr'><strong>οὐ</strong></span> <span class='ocrx_word' id='word_1_847' title='bbox 3148 5276 3464 5355; x_wconf 69' lang='grc' dir='ltr'>μετέϐαλεν.</span> <span class='ocrx_word' id='word_1_848' title='bbox 3500 5280 3565 5337; x_wconf 82' lang='grc' dir='ltr'><strong>Εἰ</strong></span> <span class='ocrx_word' id='word_1_849' title='bbox 3616 5276 3675 5334; x_wconf 65' lang='grc' dir='ltr'><strong>δῖε</strong></span> <span class='ocrx_word' id='word_1_850' title='bbox 3725 5282 3829 5335; x_wconf 82' lang='grc' dir='ltr'><strong>καὶ</strong></span> 
     </span>
    </p>
   </div>
   <div class='ocr_carea' id='block_1_110' title="bbox 2157 5368 3833 5448">
    <p class='ocr_par' dir='ltr' id='par_1_110' title="bbox 2157 5368 3833 5448">
     <span class='ocr_line' id='line_1_110' title="bbox 2157 5368 3833 5448; baseline -0.003 -17"><span class='ocrx_word' id='word_1_851' title='bbox 2157 5396 2276 5431; x_wconf 91' lang='grc' dir='ltr'>τινα</span> <span class='ocrx_word' id='word_1_852' title='bbox 2333 5374 2734 5448; x_wconf 85' lang='grc' dir='ltr'>παραπλησίως</span> <span class='ocrx_word' id='word_1_853' title='bbox 2786 5374 2995 5429; x_wconf 78' lang='grc' dir='ltr'>τούτων</span> <span class='ocrx_word' id='word_1_854' title='bbox 3061 5368 3486 5447; x_wconf 65' lang='grc' dir='ltr'>μεταϐέϐληκεν,</span> <span class='ocrx_word' id='word_1_855' title='bbox 3552 5368 3683 5425; x_wconf 78' lang='grc' dir='ltr'>ἀλλ’</span> <span class='ocrx_word' id='word_1_856' title='bbox 3765 5372 3833 5426; x_wconf 78' lang='grc' dir='ltr'><strong>ὅτ</strong></span> 
     </span>
    </p>
   </div>
   <div class='ocr_carea' id='block_1_111' title="bbox 1769 5526 2449 5587">
    <p class='ocr_par' dir='ltr' id='par_1_111' title="bbox 1769 5526 2449 5587">
     <span class='ocr_line' id='line_1_111' title="bbox 1769 5526 2449 5587; baseline 0.003 -4"><span class='ocrx_word' id='word_1_857' title='bbox 1769 5526 2011 5586; x_wconf 79' lang='lat' dir='ltr'><strong>VARI/E</strong></span> <span class='ocrx_word' id='word_1_858' title='bbox 2055 5528 2449 5587; x_wconf 88' lang='lat' dir='ltr'><strong>LECTIONES</strong></span> 
     </span>
    </p>
   </div>
   <div class='ocr_carea' id='block_1_112' title="bbox 474 5644 3133 5726">
    <p class='ocr_par' dir='ltr' id='par_1_112' title="bbox 474 5644 3133 5726">
     <span class='ocr_line' id='line_1_112' title="bbox 474 5644 3133 5726; baseline 0.003 -30"><span class='ocrx_word' id='word_1_859' title='bbox 474 5644 522 5681; x_wconf 78' lang='grc'><strong>⁴⁰</strong></span> <span class='ocrx_word' id='word_1_860' title='bbox 550 5646 659 5697; x_wconf 81' lang='grc' dir='ltr'>τῶν</span> <span class='ocrx_word' id='word_1_861' title='bbox 692 5645 825 5701; x_wconf 82' lang='lat' dir='ltr'><strong>add.</strong></span> <span class='ocrx_word' id='word_1_862' title='bbox 865 5645 923 5702; x_wconf 78' lang='grc' dir='ltr'><strong>Α.</strong></span> <span class='ocrx_word' id='word_1_863' title='bbox 1001 5648 1045 5684; x_wconf 73' lang='grc'><strong>⁴¹</strong></span> <span class='ocrx_word' id='word_1_864' title='bbox 1078 5648 1184 5700; x_wconf 80' lang='grc' dir='ltr'>τῶν</span> <span class='ocrx_word' id='word_1_865' title='bbox 1228 5644 1285 5701; x_wconf 71' lang='grc' dir='ltr'>δὶ</span> <span class='ocrx_word' id='word_1_866' title='bbox 1317 5648 1470 5716; x_wconf 86' lang='grc' dir='ltr'>ζώων</span> <span class='ocrx_word' id='word_1_867' title='bbox 1666 5651 1714 5686; x_wconf 81' lang='grc'><strong>⁴²</strong></span> <span class='ocrx_word' id='word_1_868' title='bbox 1743 5646 2025 5706; x_wconf 72' lang='grc' dir='ltr'>ἐδικαίωσε</span> <span class='ocrx_word' id='word_1_869' title='bbox 2215 5652 2261 5689; x_wconf 84' lang='grc'><strong>⁴³</strong></span> <span class='ocrx_word' id='word_1_870' title='bbox 2295 5649 2430 5707; x_wconf 81' lang='grc' dir='ltr'>εἶδεν</span> <span class='ocrx_word' id='word_1_871' title='bbox 2622 5652 2670 5686; x_wconf 74' lang='grc'><strong>⁴⁸</strong></span> <span class='ocrx_word' id='word_1_872' title='bbox 2696 5653 2801 5704; x_wconf 80' lang='grc' dir='ltr'>τῶν</span> <span class='ocrx_word' id='word_1_873' title='bbox 2830 5664 2947 5707; x_wconf 91' lang='lat' dir='ltr'><strong>om.</strong></span> <span class='ocrx_word' id='word_1_874' title='bbox 2979 5649 3133 5707; x_wconf 84' lang='lat' dir='ltr'><strong>libri.</strong></span> 
     </span>
    </p>
   </div>
  </div>
