4116 6224
349 361 460 427 861

1433 366 1975 429 BlBLIOTHECA.
2023 401 2089 411 —
2143 367 2315 428 COD.
2363 368 2671 429 CCXXIII.

3645 367 3763 429 862

355 501 432 571 μή
464 499 643 553 πάντα
677 495 817 571 μηδέ
845 499 911 554 τά
950 496 1200 570 πλεῖστα,
1235 499 1388 556 οὐδὲν
1436 504 1600 571 ἦττον
1630 501 1657 555 6
1705 504 1812 556 τῶν
1852 497 1999 557 ἀστέ-

2120 503 2360 558 modum
2418 503 2768 560 invariatum
2830 501 3088 575 reliquit.
3116 504 3277 570 Quod
3335 503 3386 560 si
3442 503 3590 560 forte
3648 503 3764 559 alia

352 606 464 662 ρων
495 585 709 660 ὁμαλὸς
749 584 954 662 δρόμος
998 589 1089 643 καὶ
1120 590 1256 664 πρὸς
1305 590 1355 625 4⁵
1398 584 1746 665 ἀπαράϐατον
1794 587 2002 665 ἀνάγκη

349 674 757 751 διεχλεύασται.
804 674 960 732 Ἀλλ’
990 676 1064 738 εἷς
1111 682 1274 733 τοῦτο
1303 679 1350 716 4⁸
1385 681 1479 752 μὲν
1525 680 1756 753 πέρατος
1786 680 1876 733 καὶ
1907 679 1935 733 6
1968 681 2005 734 e'

349 762 521 840 λόγος
550 766 640 820 καὶ
668 765 731 820 τὸ
762 766 810 840 γ’
838 766 928 820 καὶ
963 769 1018 839 μ’
1046 766 1342 841 κεφάλαιον
1371 766 1694 844 καταλήγει.

2115 607 2343 664 quoque
2388 591 2672 649 nonnulla
2702 593 2772 649 ad
2807 593 2961 648 hunc
3005 594 3121 649 fere
3169 594 3410 649 modum
3452 593 3764 650 immutata

2116 689 2273 753 sunt,
2298 684 2531 754 quando
2551 683 2607 739 id
2636 699 2820 755 neque
2849 683 2908 738 in
2942 683 3238 751 omnibus,
3272 699 3462 754 neque
3490 683 3549 737 in
3580 683 3763 754 pluri-

2116 772 2229 826 mis
2256 772 2485 840 accidit,
2520 774 2827 844 aequabilis
2871 772 3256 828 nihilominus
3297 777 3586 828 astrorum
3624 787 3763 826 cur-

352 872 475 921 sus,
509 860 566 911 et
593 855 843 928 insuper
870 855 1368 914 incommutabilis
1417 858 1518 914 illa
1566 857 1889 914 necessitas
1936 857 2189 916 ludibrio
2232 862 2496 932 exposita
2542 869 2648 917 est.
2685 865 2750 916 Et
2780 861 2887 916 hoc
2919 861 3154 932 quidem
3187 861 3320 917 libri
3351 877 3406 931 ν,
3440 860 3760 931 capitisque

348 944 783 1017 quadragesimi
819 945 972 1001 tertii
1003 955 1323 1003 extremum
1357 951 1468 1005 est.

422 1033 552 1104 [689
587 1034 675 1102 8.]
712 1033 798 1088 ’Ev
852 1028 909 1086 δὲ
954 1036 1032 1104 τῷ
1062 1039 1105 1096 ς’
1140 1035 1234 1106 μὲν
1280 1033 1456 1109 λόγῳ,
1493 1032 1538 1089 δ’
1589 1031 1647 1089 δὲ
1693 1035 1785 1090 καὶ
1819 1039 1875 1108 μ’
1921 1055 2011 1089 κε-

349 1119 570 1193 φαλαίῳ
597 1124 764 1175 ταῦτα
796 1115 1109 1176 ὑποϐάλλει
1143 1141 1154 1154 ⁶
1210 1122 1271 1179 Εἰ
1303 1129 1406 1192 τῆς
1450 1124 1732 1199 γενέσεως,
1764 1124 1951 1203 φησὶν,
1984 1125 2013 1179 6

350 1207 557 1284 δρόμος
586 1208 693 1265 ἀπὸ
721 1216 824 1286 γῆς
858 1210 954 1266 τὸν
980 1209 1262 1283 ἄνθρωπον
1293 1213 1382 1267 καὶ
1423 1212 1489 1267 τὰ
1518 1209 1664 1267 ἄλλα
1710 1217 1818 1268 τῶν
1853 1215 2011 1283 ζώων

351 1298 662 1369 ἀπετέλεσε,
721 1303 842 1362 πῶς
915 1299 1032 1354 νυνὶ
1091 1301 1269 1379 χωρὶς
1309 1302 1490 1378 γάμου
1548 1300 1671 1356 οὔτε
1726 1302 2010 1377 ἄνθρωπον

355 1387 483 1443 οῧτε
511 1389 576 1442 τά
605 1389 772 1463 μυρία
803 1386 922 1460 εἷ’δη
964 1394 1072 1444 τῶν
1123 1391 1276 1459 ζώων
1328 1389 1586 1464 οὐδαμῶς
1617 1391 1936 1468 προάγουσα
1964 1393 2013 1428 ’⁷⁸

353 1475 623 1534 δείκνυται
650 1497 666 1547 ;
698 1477 763 1534 Εἰ
796 1475 853 1533 δέ
877 1499 997 1532 τινα
1025 1479 1232 1534 τούτων
1266 1480 1353 1535 καὶ
1399 1481 1511 1535 νυνῖ
1551 1481 1799 1556 προάγει,
1827 1481 2008 1557 ὥσπερ

350 1565 646 1636 σκώληκας
678 1566 772 1621 καὶ
801 1565 1028 1622 τοιαῦτα
1057 1570 1100 1604 ⁸⁸
1132 1566 1266 1635 ἔνια,
1296 1573 1414 1631 πῶς
1467 1571 1542 1642 μή
1575 1569 1664 1624 καὶ
1702 1570 1875 1625 πάντα
1914 1570 2011 1626 ὅσα

351 1654 563 1729 ὁμοίως
590 1655 684 1710 ἀπ’
710 1655 892 1731 ἀρχῆς
946 1663 1048 1724 τῆς
1075 1663 1178 1733 γῆς
1210 1655 1374 1728 ἔδειξε
1421 1659 1662 1735 φυόμενα
1695 1679 1708 1727 ;
1763 1657 1924 1714 Ἀλλ’
1965 1660 2011 1714 εἰ

353 1747 445 1800 καὶ
507 1743 715 1821 δρόμος
762 1745 999 1821 ἀστέρων
1043 1746 1171 1810 τοὺς
1217 1747 1541 1816 ἀνθρώπους
1585 1747 1691 1802 ἀπὸ
1738 1755 1842 1824 γῆς
1891 1751 2009 1804 κατ’

353 1834 529 1910 ἀρχὰς
583 1831 808 1903 ἔπλασε,
839 1839 956 1897 πῶς
1017 1834 1142 1911 οὐχὶ
1173 1837 1263 1890 καὶ
1315 1835 1568 1915 τεχνίτας
1627 1837 1818 1892 αὐτίκα
1872 1859 2008 1911 συμ-

351 1922 690 1999 προήγαλεν,
723 1923 871 1980 ἀλλὰ
909 1922 1107 1997 πολλῷ
1138 1928 1322 2000 χρόνῳ
1353 1927 1573 2001 ὕστερον
1603 1929 1888 1997 τεκτονικὴ
1921 1927 2010 1982 καὶ

357 2015 626 2092 ὑφαντικὴ
677 2015 770 2070 καὶ
827 2015 1078 2089 ἱστορικὴ
1129 2016 1438 2091 γεωμετρία
1493 2037 1552 2071 τε
1607 2017 1696 2071 καὶ
1739 2017 2004 2093 ῥητορικὴ

353 2105 444 2160 καὶ
481 2103 671 2178 μυρίαι
710 2102 904 2178 τέχναι
952 2102 1120 2161 ἄλλαι
1171 2103 1464 2180 λογισμοῖς
1513 2105 1874 2181 ἀνθρωπίνοις
1922 2107 2008 2162 εὑ-

357 2194 592 2269 ρέθησάν
620 2214 678 2248 τε
721 2193 812 2248 καὶ
854 2193 1170 2266 ἐπεγένοντο
1202 2213 1216 2263 ;
1251 2193 1312 2250 Ei
1345 2192 1402 2250 δὲ
1452 2195 1541 2249 καὶ
1580 2193 1869 2269 προελθεῖν
1900 2195 2006 2250 ἀπὸ

353 2289 457 2356 γῆς
494 2283 864 2356 ἐπιστήμονας
893 2284 1018 2346 τοὺς
1059 2284 1378 2356 ἀνθρώπους
1409 2284 1839 2359 τερατεύσοιντο,
1885 2292 2005 2348 πῶς

357 2372 483 2426 τότε
517 2373 609 2444 μὲν
653 2371 778 2430 ἄνευ
815 2375 1101 2446 μαθήσεως
1151 2371 1513 2445 ἐπιστήμονες
1545 2374 1861 2449 ἀνεφύοντο,
1892 2373 2006 2428 νυνὶ

353 2458 411 2516 δὲ
440 2460 630 2525 πόνοις
657 2461 745 2516 καὶ
799 2460 1054 2534 μελέταις
1096 2461 1259 2534 μόλις
1307 2466 1630 2536 κατορθοῦσι
1669 2464 1769 2531 τὴν
1824 2463 2004 2536 μάθη-

352 2571 471 2618 σιν;
515 2554 630 2606 Ποῦ
657 2548 705 2606 δ’
737 2549 828 2605 οὗν
861 2549 1078 2626 οἴχεται
1129 2548 1335 2625 δρόμος
1385 2550 1584 2613 ἐκεῖνος
1625 2552 1652 2606 6
1690 2553 1946 2620 παλαιὸς,
1975 2553 2003 2608 6

348 2641 474 2702 τοὺς
529 2642 643 2712 ἅμα
692 2642 761 2714 τῇ
815 2638 1039 2716 προόδῳ
1101 2641 1301 2718 σοφοὺς
1339 2643 1384 2678 ⁴⁹
1435 2641 1789 2697 ἀναπλάττων
1833 2659 1847 2710 ;
1904 2641 2002 2697 Καὶ

348 2729 509 2784 πόθεν
539 2729 608 2784 τὰ
636 2733 726 2783 νῦν
773 2729 1070 2800 ἀντανέστη
1104 2730 1132 2784 6
1184 2730 1312 2792 τοὺς
1364 2729 1651 2807 αὐτοφυεῖς
1698 2731 2000 2804 ἐπιστήμου

348 2841 440 2881 νας
470 2819 660 2880 πόνοις
691 2815 1046 2891 προϐιϐάζων
1076 2820 1166 2874 καὶ
1211 2825 1393 2895 μαρκᾷ
1426 2819 1627 2895 μελέτῃ
1664 2838 1678 2889 ;
1721 2819 1789 2877 Τί
1830 2818 1879 2874 δ’
1909 2819 2000 2876 οῦν

346 2911 373 2964 6
408 2910 700 2985 μιαιφόνος
731 2905 987 2984 ἔπραττεν
1021 2914 1198 2985 ’Ἄρης
1236 2911 1359 2966 τότε
1396 2913 1504 2964 τῶν
1551 2909 1852 2984 ἀνθρώπων
1883 2911 2000 2965 κατ’

346 2997 618 3069 ἀλλήλων
651 2997 758 3074 οὐχ
805 2998 1231 3072 ὁπλιζομένων;
1292 3003 1407 3056 Ποῦ
1439 2997 1484 3054 δ’
1539 3001 1568 3054 ὁ
1614 2999 1872 3074 βασιλέας
1907 3002 1995 3055 καὶ

344 3087 616 3163 ἄρχοντας
649 3092 820 3143 ποιῶν
851 3093 960 3143 τῶν
989 3088 1228 3165 ἀστέρων
1262 3087 1489 3163 δρόμος,
1521 3087 1762 3151 πολλαῖς
1793 3095 1998 3163 γενεαῖς

345 3179 569 3254 ὕστερον
609 3181 696 3234 καὶ
730 3179 794 3234 τὸ
823 3180 960 3235 κατὰ
1000 3181 1192 3254 κώμας
1237 3179 1428 3251 οἰκεῖν,
1465 3182 1538 3254 μή
1571 3180 1624 3235 τί
1672 3200 1732 3256 γε
1761 3180 1925 3236 πόλιν
1961 3179 1997 3250 ἢ

345 3267 524 3344 ἀρχὴν
569 3265 767 3324 εἰδέναι
817 3267 1268 3340 ἐπινοησάντων;
1331 3265 1424 3324 διά
1470 3267 1524 3323 τί
1571 3267 1630 3324 δέ
1674 3267 1847 3325 παλαί
1902 3271 1994 3343 μὲν

342 3357 625 3433 ἄνθρωποι
675 3363 888 3433 τεχνῶν
940 3356 1317 3433 ἐχρημάτιζον
1348 3357 1581 3432 εὑρεταὶ,
1630 3361 1720 3412 νῦν
1775 3355 1832 3413 δὲ
1876 3364 1997 3420 ταῖς

344 3444 728 3518 έξευρημέναις
800 3445 1128 3521 ἀρκούμενοι
1184 3447 1487 3522 περαιτέρω
1545 3445 1830 3522 προελθεῖν
1898 3447 1999 3502 οὐκ

340 3533 784 3603 ἐπινοοῦσιν;’Ή
823 3533 993 3605 δῆλον
1037 3537 1121 3590 ὅτι
1174 3537 1201 3592 6
1257 3537 1407 3612 παρά
1435 3541 1569 3592 Θεοῦ
1616 3542 1734 3598 τοῖς
1783 3537 1994 3611 ἀνθρώ-

341 3644 466 3684 ποις
498 3621 676 3684 δοθεὶς
704 3628 853 3694 νοῦς,
905 3623 1092 3704 χρόνῳ
1122 3626 1212 3680 καὶ
1243 3623 1396 3698 πόνῳ
1427 3626 1521 3680 κπὶ
1555 3626 1661 3700 πρό
1692 3646 1754 3702 γε
1782 3627 1992 3681 τούτων

340 3711 407 3787 τῇ
436 3712 640 3771 ἄνωθεν
679 3714 928 3790 συνεργίᾳ
974 3715 1040 3768 τὰ
1078 3715 1214 3790 πρὸς
1259 3716 1350 3770 τὸν
1399 3715 1518 3790 βίον
1567 3715 1820 3789 χρήσιμα
1847 3716 1995 3784 ἒξευ-

345 3801 476 3876 ρὼν,
527 3800 654 3872 ἔστη
699 3807 795 3857 τοῦ
842 3800 1176 3877 πορρωτέρω
1213 3803 1303 3858 καὶ
1348 3804 1522 3877 μάτην
1570 3802 1992 3876 ἐνταλαιπωρεῖ-

344 3891 465 3944 σθαι
494 3896 613 3952 ταῖς
664 3889 944 3953 ἐπινοίαις.
996 3895 1120 3953 Πῶς
1162 3889 1220 3946 δὲ
1261 3895 1358 3947 τοῦ
1410 3891 1576 3946 αὐτοῦ
1623 3891 1810 3964 γένους
1842 3889 1992 3953 ἔθνος

344 3979 438 4050 μὲν
472 3978 785 4050 ὁλόκληρον
813 3985 982 4052 κομᾷ,
1014 3976 1157 4036 ἄλλο
1192 3978 1249 4035 δέ
1271 3979 1507 4056 κείρεται
1541 3999 1556 4049 ;
1590 3980 1686 4034 Καὶ
1718 3977 1860 4035 ἄλλο
1895 3981 1990 4053 μὲν

343 4074 715 4146 μητρογαμεῖ,
746 4067 812 4124 τὰ
836 4067 1012 4124 πλείω
1044 4067 1101 4124 δὲ
1134 4069 1376 4145 μυσαράν
1419 4071 1516 4137 τήν
1549 4069 1741 4143 πρᾶξιν
1785 4071 1992 4144 ἡγοῦν-

337 4175 462 4225 ται;
495 4158 602 4214 Καὶ
659 4156 875 4232 μυρίαις
908 4157 1107 4230 ἄλλαις
1157 4159 1579 4231 κατατέμνονται
1611 4159 1656 4195 ⁵ο
1705 4155 1990 4235 διαφοραῖς

336 4245 551 4318 νόμων,
588 4247 742 4321 βίων,
777 4246 910 4302 ἐθῶν
942 4266 956 4280 ·
997 4248 1085 4303 καὶ
1121 4244 1298 4311 οὐδεὶς
1338 4248 1577 4324 ἀστέρων
1611 4244 1814 4324 δρόμος
1866 4244 1990 4302 οὔτε

341 4335 472 4396 τοὺς
527 4336 776 4408 κομήτας
837 4335 1029 4410 κείρει,
1072 4333 1195 4391 οὔτε
1240 4335 1369 4398 τοὺς
1408 4334 1765 4410 κειρομένους
1813 4340 1995 4408 κομᾷν

2197 1039 2404 1095 τιτι).
2437 1044 2604 1096 Sexto
2654 1044 2849 1096 autem
2899 1039 3046 1096 libro
3104 1046 3161 1096 et
3217 1041 3403 1113 capite
3453 1040 3772 1112 quadrage-

2123 1128 2272 1184 simo
2302 1136 2507 1202 quarto
2538 1129 2657 1185 haec
2690 1131 2947 1201 subjicit.
2967 1130 3022 1184 Si
3046 1145 3328 1201 geneseos
3358 1145 3592 1195 cursus,
3612 1129 3713 1198 ait,
3737 1146 3768 1185 e

2121 1221 2275 1274 terra
2306 1219 2603 1275 hominem
2635 1224 2952 1287 czeteraque
2983 1219 3261 1274 animalia
3291 1218 3582 1290 produxit,
3617 1234 3766 1288 quo-

2123 1309 2297 1364 modo
2326 1325 2484 1365 nunc
2504 1309 2627 1365 sine
2647 1309 2918 1381 coniugio
2937 1324 3308 1380 nequaquam
3330 1307 3414 1364 vel
3439 1307 3764 1374 hominem,

2118 1395 2206 1452 vel
2239 1397 2430 1453 varias
2460 1397 2591 1453 illas
2623 1396 3009 1453 animantium
3043 1397 3266 1468 species
3297 1395 3615 1469 producere
3663 1397 3768 1451 de-

2121 1484 2550 1556 prehenditur?
2577 1487 2739 1552 Quod
2772 1486 2822 1541 si
2853 1493 2907 1541 et
2937 1501 3092 1542 nunc
3123 1487 3396 1557 quedam
3427 1501 3629 1542 eorum
3679 1485 3764 1540 sic

2121 1574 2407 1646 producit,
2439 1591 2661 1632 vermes
2692 1581 2834 1649 puta
2871 1580 2930 1632 et
2959 1576 3014 1630 id
3048 1591 3233 1647 genus
3284 1575 3589 1647 nonnulla,
3623 1592 3766 1646 quo-

2121 1657 2287 1714 modo
2342 1675 2459 1715 non
2507 1660 2682 1715 etiam
2731 1660 2926 1715 omnia
2973 1660 3087 1714 alia
3135 1675 3498 1731 quaecunque
3557 1660 3762 1714 eodem

2120 1749 2291 1802 modo
2323 1763 2354 1804 e
2397 1756 2548 1804 terra
2595 1748 2666 1804 ab
2713 1748 2879 1805 initio
2925 1752 3210 1821 prognata
3251 1747 3561 1804 exhibuit?
3588 1749 3661 1804 At
3709 1748 3758 1802 si

2122 1839 2268 1894 forte
2298 1838 2602 1894 stellarum
2653 1856 2862 1896 cursus
2903 1840 3172 1896 homines
3205 1855 3235 1896 e
3267 1843 3420 1894 terra
3448 1838 3616 1895 initio
3648 1839 3763 1894 for-

2119 1928 2316 1995 mavil,
2347 1943 2452 1984 cur
2495 1945 2610 1985 non
2657 1945 2756 1985 eos
2785 1929 2868 1985 ita
2895 1929 3180 2000 produxit,
3217 1934 3281 1984 ut
3327 1928 3502 1983 simul
3543 1928 3767 1983 artibus

2117 2015 2387 2072 instructi
2421 2017 2764 2089 prodirent?
2793 2019 2892 2074 sed
2925 2017 3094 2087 longo
3124 2021 3256 2088 post
3302 2021 3562 2088 tempore
3591 2021 3647 2072 et
3677 2017 3764 2072 fa-

2118 2105 2284 2162 brilis
2335 2123 2429 2162 ars
2478 2111 2654 2178 atque
2699 2107 2965 2174 textoria,
2995 2111 3053 2162 et
3099 2106 3397 2175 historica,
3429 2106 3764 2176 geometria,

2114 2195 2422 2265 rhetorica,
2453 2196 2696 2267 aliaeque
2745 2196 3066 2251 innumerae
3120 2200 3274 2251 artes
3327 2194 3587 2250 humano
3631 2200 3771 2250 sunt

2113 2284 2345 2356 ingenio
2377 2284 2634 2356 primum
2666 2284 3004 2357 excogitatae
3035 2288 3208 2355 atque
3235 2283 3602 2340 inductis?Si
3631 2299 3764 2340 vero

2113 2373 2451 2444 provenisse
2477 2373 2744 2429 homines
2774 2373 2912 2429 olim
2938 2373 3180 2429 scientia
3213 2375 3532 2428 instructos
3552 2375 3759 2427 eterra

2115 2467 2440 2535 nugentur:
2467 2463 2752 2532 quomodo
2785 2467 2926 2518 tunc
2947 2461 3075 2518 sine
3100 2462 3411 2532 disciplina
3441 2461 3590 2516 docti
3622 2466 3759 2514 sunt

2113 2552 2254 2620 nati,
2277 2552 2379 2622 qui
2402 2566 2559 2606 nunc
2589 2549 2682 2604 vix
2713 2549 2915 2606 multis
2943 2549 3241 2605 laboribus
3272 2553 3446 2619 atque
3477 2547 3756 2602 exercita-

2111 2638 2370 2694 tionibus
2399 2638 2725 2693 doctrinam
2766 2645 2970 2708 parant
2992 2636 3020 2690 ‘I
3049 2639 3172 2702 Quo
3206 2651 3361 2690 nunc
3393 2634 3568 2704 igitur
3596 2641 3756 2688 vetus

2110 2727 2209 2782 ille
2240 2743 2448 2782 cursus
2481 2726 2742 2792 recessit,
2776 2726 2876 2796 qui
2907 2725 2980 2780 ab
3012 2725 3137 2795 ipso
3169 2728 3298 2779 ortu
3331 2723 3623 2793 sapientes
3656 2722 3762 2778 ho-

2113 2815 2302 2871 mines
2335 2815 2642 2886 fingebat?
2671 2819 2773 2870 aut
2820 2814 2973 2869 unde
3016 2812 3110 2868 hic
3155 2817 3352 2869 noster
3390 2811 3622 2883 prodiit,
3657 2810 3756 2882 qui

2110 2909 2318 2961 natura
2347 2921 2454 2960 sua
2485 2904 2700 2974 peritos
2752 2903 2984 2959 nonnisi
3017 2918 3118 2974 per
3148 2901 3374 2957 labores
3411 2917 3475 2955 ac
3516 2899 3754 2970 longam

2109 2994 2576 3050 exercitationem
2610 2991 2916 3065 provehit?
2935 2992 3081 3056 Quid
3116 2991 3297 3062 igitur
3326 2988 3578 3045 crudelis
3602 2988 3756 3044 Mars

2110 3089 2234 3140 tum
2267 3082 2534 3150 faciebat,
2556 3097 2685 3138 cum
2719 3079 2988 3137 homines
3011 3080 3071 3136 in
3097 3083 3358 3135 mutuam
3390 3076 3605 3133 caedem
3642 3093 3756 3132 non

2111 3173 2525 3229 armarentur?
2557 3170 2660 3227 Ubi
2710 3176 3004 3226 astrorum
3055 3184 3264 3224 cursus
3310 3167 3407 3223 ille
3457 3181 3662 3238 regum
3704 3173 3759 3221 et

2109 3262 2458 3336 principium
2506 3260 2706 3317 multis
2745 3266 2874 3331 post
2913 3257 3161 3325 saeculis,
3189 3264 3251 3312 ut
3281 3260 3338 3312 et
3363 3270 3543 3328 pagos
3591 3253 3758 3310 habi-

2107 3353 2270 3409 tandi
2290 3355 2510 3419 auctor,
2525 3366 2657 3406 cum
2683 3363 2868 3420 neque
2888 3352 3083 3403 mente
3099 3346 3336 3418 quidem
3355 3346 3556 3401 urbem
3575 3343 3752 3399 ullam

2108 3449 2206 3498 aut
2234 3440 2548 3513 imperium
2583 3438 2853 3495 homines
2894 3435 3364 3509 excogitassent?
3393 3434 3509 3490 Cur
3555 3434 3754 3491 adhaac

2106 3532 2247 3588 olim
2295 3530 2562 3588 homines
2595 3531 2813 3586 artium
2845 3528 3177 3584 inventores
3207 3528 3394 3596 erant,
3427 3540 3584 3580 nunc
3614 3541 3748 3581 vero

2105 3622 2354 3678 inventis
2400 3620 2658 3678 contenti
2705 3618 2937 3689 longius
2988 3616 3253 3688 progredi
3302 3630 3421 3671 non
3461 3615 3748 3670 student?

2106 3711 2478 3767 Manifestum
2513 3712 2666 3764 certe
2695 3709 2895 3763 datam
2927 3723 2959 3761 a
2989 3706 3106 3761 Deo
3141 3704 3479 3760 hominibus
3519 3701 3742 3758 intelli-

2103 3799 2275 3872 gendi
2304 3799 2445 3865 vim,
2477 3801 2609 3869 post
2638 3797 2871 3851 inventa
2900 3809 3033 3849 cum
3067 3797 3323 3863 tempore
3353 3795 3410 3846 et
3438 3791 3654 3858 labore,
3677 3805 3744 3844 ac

2103 3887 2476 3959 potissimum
2525 3901 2658 3940 cum
2701 3882 2919 3940 cmlesti
2966 3880 3180 3937 auxilio
3211 3896 3279 3935 ea
3308 3895 3436 3951 quas
3467 3880 3539 3934 ad
3568 3879 3746 3933 vitam

2100 3975 2375 4032 tuendam
2408 3979 2576 4029 erant
2602 3971 2790 4039 utilia,
2818 3973 2944 4042 jam
2985 3969 3340 4034 constitisse,
3374 3982 3564 4039 neque
3596 3965 3748 4022 ultra

2101 4063 2424 4137 quidquam
2448 4062 2660 4116 frustra
2675 4075 2798 4115 com
2809 4058 3190 4114 miniscendis
3214 4058 3377 4114 novis
3397 4056 3742 4112 allaborare.

2098 4154 2397 4221 Quomodo
2429 4153 2564 4208 item
2592 4149 2854 4223 ejusdem
2888 4148 3194 4221 provinciis
3217 4152 3337 4204 tota
3356 4147 3513 4203 natio
3543 4147 3742 4218 aliqua

2098 4259 2328 4301 comam
2361 4241 2564 4307 nutrit,
2588 4240 2702 4297 alia
2723 4238 3039 4296 tondetur?
3061 4239 3128 4294 Et
3152 4239 3419 4310 quaedam
3449 4251 3592 4308 gens
3621 4251 3743 4292 ma-

2096 4333 2286 4390 tribus
2309 4333 2610 4396 miscetur,
2630 4328 2825 4400 plures
2842 4345 2977 4385 vero
2996 4328 3152 4384 hunc
3174 4327 3596 4384 exsecrandum
3619 4341 3743 4382 esse

336 4418 669 4493 ἐκϐιάζεται,
710 4423 839 4480 οὐδὲ
881 4426 1010 4498 [358
1041 4427 1135 4498 Η.]
1187 4425 1254 4481 τὰ
1283 4422 1428 4481 ἄλλα
1476 4427 1727 4500 πράττειν
1763 4423 1991 4495 ἄλλους,

2112 4437 2321 4479 norem
2349 4421 2619 4478 ducunt?
2640 4420 2757 4476 Etsi
2779 4419 2910 4476 aliis
2941 4420 3184 4489 insuper
3213 4415 3744 4472 innumerabilibus

336 4509 436 4567 ὅσα
464 4517 583 4574 τοῖς
631 4513 776 4588 παρὰ
824 4513 974 4592 σφίσι
1001 4515 1193 4588 νόμοις
1240 4515 1342 4570 οὐκ
1371 4513 1593 4589 ἔμαθον.
1644 4515 1739 4568 Καὶ
1771 4513 1836 4569 τὰ
1887 4515 1982 4586 μὶν

333 4607 434 4657 τοῦ
463 4605 730 4679 παρόντος
759 4603 1062 4683 κεφαλαίου
1091 4609 1337 4662 τοιαῦτα.

2093 4511 2438 4569 differentiis
2465 4509 2687 4583 legum,
2717 4509 2866 4578 vitae,
2900 4524 2965 4564 ac
2996 4507 3487 4564 consuetudinum
3528 4505 3744 4562 distin-

2090 4606 2376 4676 guuntur,
2408 4615 2596 4671 neque
2644 4603 2840 4656 tamen
2892 4597 3049 4654 ullus
3098 4596 3359 4653 siderum
3406 4611 3618 4652 cursus
3647 4597 3748 4650 aut

334 4698 602 4751 comatos
631 4697 852 4766 tondet,
884 4700 989 4753 aut
1017 4701 1276 4754 attonsos
1308 4712 1535 4753 comam
1580 4696 1733 4752 alere
1784 4695 1960 4768 cogit,
1993 4696 2097 4750 aut
2139 4692 2252 4749 alia
2301 4689 2449 4748 alios
2493 4690 2704 4758 facere,
2735 4703 2862 4759 quae
2893 4686 3016 4744 suis
3048 4686 3159 4756 ipsi
3189 4684 3415 4756 legibus
3445 4683 3598 4740 docti
3631 4700 3746 4740 non

334 4788 497 4840 sunt.
527 4785 661 4843 Hec
690 4791 883 4842 autem
913 4785 1039 4858 ipso
1068 4786 1258 4859 capite
1285 4789 1675 4843 continentur.

406 4875 496 4929 ’Ev
526 4869 583 4928 δὲ
609 4877 691 4945 τῷ
718 4873 842 4945 ἑξῆς
886 4871 1070 4952 ἐπάγει
1103 4874 1200 4944 ὡς,
1243 4873 1288 4930 εἰ
1337 4875 1428 4930 καὶ
1479 4871 1682 4946 δόξαιεν
1723 4871 1986 4951 καταφεύ-

333 4982 451 5037 γειν
503 4963 560 5016 οἱ
608 4965 708 5028 τῆς
757 4963 1090 5039 εἱμαρμένης
1155 4964 1372 5039 ἐρασταὶ
1431 4962 1519 5018 ἐπὶ
1565 4962 1694 5025 τοὺς
1749 4982 1985 5038 παραναη

333 5048 658 5124 τέλλοντας,
691 5051 744 5106 οἳ
789 5055 897 5108 τῶν
953 5049 1166 5123 ζωδίων
1196 5054 1286 5109 καὶ
1324 5058 1432 5109 τῶν
1492 5051 1786 5124 πλανήτων
1847 5048 1978 5106 εἶσίν

329 5136 509 5216 ’ἕτεροι
575 5140 667 5195 καὶ
733 5138 858 5198 οὔτε
908 5147 1025 5204 τοῖς
1087 5149 1188 5214 τῆς
1250 5143 1512 5218 γενέσεως
1576 5139 1975 5214 ἀποτελέσμασι

2172 4872 2438 4930 Proximo
2467 4886 2601 4926 vero
2633 4867 2776 4924 illud
2807 4865 3049 4924 adducit
3073 4882 3085 4921 :
3108 4864 3164 4921 Si
3195 4865 3362 4921 etiam
3390 4862 3492 4919 fati
3524 4865 3742 4919 amato-

2099 4977 2192 5019 res
2224 4962 2308 5020 illi
2338 4961 2680 5034 fugiendum
2731 4961 2931 5029 putent
2962 4956 3034 5013 ad
3063 4955 3387 5012 vicinarum
3437 4952 3735 5010 stellarum

2085 5052 2480 5123 exortus(qua3
2519 5067 2552 5106 a
2583 5047 2766 5120 signis
2797 5054 2969 5118 atque
2992 5045 3241 5116 planetis
3263 5045 3524 5111 diversae,
3549 5042 3740 5099 2l8a

2081 5140 2360 5197 fatalibus
2389 5153 2669 5212 geneseos
2699 5135 2919 5192 eventis
2949 5133 3156 5190 afﬁnes
3187 5148 3304 5189 non
3354 5135 3518 5202 sunt,
3550 5146 3738 5203 neque

328 5230 623 5304 χαίρουσιν
657 5225 781 5284 οὕτε
830 5229 1106 5302 ἀλλήλοις
1138 5228 1478 5302 συνᾴδουσιν,
1520 5229 1668 5286 ἀλλα
1703 5228 1840 5285 κατά
1885 5229 1980 5292 τὰς

2112 5233 2239 5286 nter
2265 5246 2328 5285 se
2357 5226 2754 5290 consentiunt,
2779 5223 2880 5279 sed
2902 5239 3004 5294 pro
3035 5222 3335 5279 climatum
3367 5220 3734 5289 differentiis,

325 5321 440 5371 τῶν
494 5315 780 5391 κλιμάτων
841 5315 1102 5398 διαφορὰς
1163 5315 1388 5381 ἕκαστος
1437 5318 1614 5374 αὐτῶν
1667 5317 1734 5372 τὰ
1806 5315 1978 5371 οἰκεῖα

2112 5317 2330 5388 lingulae
2351 5333 2491 5373 suos
2512 5312 2884 5386 suppeditant
2903 5314 3188 5382 eventus),
3211 5312 3410 5367 dicant
3429 5309 3603 5366 velim
3639 5327 3738 5366 no-

327 5412 570 5484 χορηγεῖ
613 5406 1054 5483 ἀποτελέσματα,
1085 5406 1385 5464 εἲπάτωσαν
1442 5410 1579 5483 ἡμῖν
1630 5411 1735 5464 ποῦ
1776 5407 1839 5461 τὸ
1878 5414 1977 5476 τῆς

2112 5409 2200 5476 iis,
2226 5407 2466 5464 ubinam
2489 5405 2568 5463 sit
2589 5418 2866 5478 geneseos
2897 5402 3243 5459 inconcussa
3263 5401 3362 5458 illa
3383 5399 3631 5456 firmitas
3649 5403 3736 5456 at-

1681 5515 1928 5573 VARIAS
1966 5515 2270 5573 LECTION
2279 5515 2375 5570 ES.

2069 5624 2117 5660 ⁴⁸
2156 5621 2337 5699 ὥσπερ
2395 5621 2484 5678 καὶ
2543 5617 2714 5676 σκώλ.
2745 5618 2836 5674 καὶ
2880 5617 2948 5674 τὰ
2983 5620 3204 5674 τοιαῦτα
3234 5617 3316 5692 ς.
3427 5614 3476 5651 ⁴⁹
3499 5612 3732 5689 προόδῳ

401 5623 450 5711 ξδ
478 5623 642 5714 πρὸς]
670 5623 840 5714 ὡε-Δ.
878 5624 991 5714 “4°
1017 5627 1210 5714 τοῦτον
1240 5624 1323 5698 ς.
1372 5626 1468 5714 ⁸⁸⁷
1506 5623 1852 5702 προσάγουσα
1884 5623 1965 5698 ς.

321 5696 456 5760 τοὺς
487 5695 690 5771 σοφοὺς
719 5695 800 5769 ς.
877 5696 927 5732 ⁵ο
954 5695 1339 5772 κατᾳτέμνεὲαι
1371 5695 1452 5772 ς’.
