4184 6212
349 365 467 426 863

1534 351 1799 413 PHOTII
1844 348 2376 411 PATRIARCHE
2416 350 2534 411 ΟΡ.

3634 349 3751 412 864

347 516 462 573 que
490 497 821 556 constantia
840 498 867 553 ?
886 496 967 551 Ex
987 493 1060 550 iis
1080 492 1236 549 enim
1267 507 1389 563 qua
1414 489 1529 563 ipsi
1559 488 1815 545 referunt
1846 486 1992 544 satis

2111 484 2361 561 γενέσεως
2414 480 2634 560 βέϐαιον
2682 484 2772 540 καὶ
2822 485 3114 543 ἀσάλευτον
3152 504 3166 519 ⁸
3206 486 3431 549 ἕκαστος
3478 488 3584 564 γὰρ
3631 487 3759 542 τού-

346 595 607 663 apparet,
634 587 883 661 propriis
904 584 1129 639 viribus
1151 582 1360 638 harum
1384 579 1646 651 singulas
1668 577 1829 634 illius
1858 578 2000 634 etl'e-

347 685 482 738 ctus
514 677 868 735 rescindere.
892 677 1231 744 Quanquam
1264 687 1379 726 non
1412 686 1612 727 omnes
1643 668 1799 724 idem
1830 671 1995 722 terras

345 768 604 839 spatium
637 766 903 822 obtinent
926 781 938 817 :
965 760 1159 835 qualis
1181 762 1258 817 sit
1278 761 1585 816 Persarum
1608 762 1783 829 atque
1803 756 1995 812 Ibero-

344 873 475 914 rum
528 856 737 928 portio,
767 853 854 910 vel
898 858 1177 909 Lazorum
1230 857 1403 921 atque
1447 849 1868 913 Romanorum,
1901 861 1997 901 seu

346 946 595 1004 aliorum
627 958 1125 1016 quorumcunque.
1160 939 1458 1005 Quomodo
1490 936 1671 1009 igitur
1701 936 1821 991 haec
1853 950 1998 1007 gens

345 1034 627 1107 oppositis
658 1033 801 1088 adeo
832 1030 993 1086 illius
1022 1028 1216 1102 gentis
1249 1025 1475 1083 vivendi
1507 1028 1745 1093 normis,
1771 1024 1997 1096 legibus

343 1142 412 1184 ac
444 1125 704 1182 moribus
726 1124 1087 1195 gubernatur
1106 1121 1133 1175 ?
1154 1119 1372 1176 Deinde
1394 1116 1687 1189 quomodo
1710 1116 1998 1186 pleraeque

345 1218 547 1288 gentes
568 1230 706 1270 suos
729 1228 975 1284 quaeque
998 1210 1145 1265 fines
1168 1205 1577 1273 incolentes,in
1604 1205 1995 1261 Romanorum

346 1305 631 1362 terminos
661 1303 955 1359 irruerunt
975 1300 1002 1355 ‘I
1024 1298 1216 1355 Tertio
1246 1313 1400 1363 vero,
1425 1295 1693 1367 migravit
1723 1293 1859 1349 olim
1890 1310 1999 1365 po-

346 1393 516 1466 pulus
546 1391 833 1449 Judaicus
866 1390 924 1444 in
949 1392 1274 1461 Egyptum,
1303 1401 1491 1457 neque
1520 1390 1720 1439 tamen
1743 1402 1773 1438 a
1798 1383 1997 1455 patriis

345 1482 576 1555 legibus
618 1480 896 1538 recessit:
933 1495 999 1534 ex
1030 1478 1269 1549 ngypto
1318 1473 1530 1530 deinde
1578 1472 1732 1528 idem
1788 1472 1995 1526 iterum

346 1572 706 1644 demigrans,
765 1568 1133 1624 Palaestinam
1184 1569 1242 1621 et
1289 1563 1565 1619 Arabiam
1625 1560 1995 1626 inbabitavit,

346 1659 672 1716 idololatria
721 1658 886 1729 prius
936 1655 1086 1712 bello
1135 1654 1359 1727 pulsis;
1393 1667 1496 1707 nec
1526 1668 1560 1707 a
1590 1650 1838 1705 Mosaica
1866 1648 1996 1704 ideo

348 1750 475 1821 lege
522 1748 789 1817 descivit,
823 1750 888 1802 ut
920 1760 1108 1815 neque
1154 1748 1315 1814 tunc,
1346 1756 1479 1797 cum
1512 1740 1571 1794 in
1604 1739 1995 1810 captivitatem

350 1818 698 1910 Babylonem
730 1836 1019 1892 deductus
1051 1838 1156 1901 est,
1192 1834 1288 1888 sed
1320 1846 1425 1886 nec
1457 1832 1657 1901 postea
1689 1844 1790 1899 per
1820 1832 1999 1883 totam
2028 1818 2076 1884 B

350 1934 566 1984 terram
619 1926 923 1997 dispersus
973 1923 1190 1995 patrias
1239 1920 1397 1993 leges
1450 1918 1727 1974 deseruit.
1766 1916 1997 1972 Nullius

351 2017 509 2072 enim
539 2018 701 2071 extra
726 2014 1024 2069 zodiacum
1058 2010 1259 2082 positze
1289 2007 1476 2064 stellae
1505 2013 1689 2074 ortus,
1723 2022 1789 2061 ac
1811 2022 2000 2076 neque

354 2103 586 2176 genesis
616 2102 763 2173 ipsa,
798 2098 1263 2155 circumcisionis
1292 2096 1422 2152 illos
1453 2100 1555 2150 aut
1584 2094 1812 2150 sabbati
1858 2110 2000 2164 prae-

354 2200 581 2266 ceptum
608 2192 831 2248 solvere
850 2191 1061 2261 coegit.
1081 2188 1231 2254 Quin
1252 2192 1309 2243 et
1330 2194 1590 2242 nostrum
1614 2201 1819 2257 genus,
1838 2183 2000 2240 Chri-

348 2285 677 2339 stianorum
695 2282 955 2352 inquam,
973 2277 1415 2351 quadringentis
1431 2275 1645 2331 abhinc
1658 2274 1829 2329 annis
1843 2290 2001 2330 exor-

347 2380 504 2441 tum,
552 2371 744 2426 subito
796 2370 1019 2438 orbem,
1070 2384 1189 2440 qua
1237 2369 1415 2438 patet,
1465 2364 1782 2435 occupavit,
1814 2379 1848 2417 a
1876 2362 1999 2417 suis

346 2466 519 2535 gente
554 2459 815 2533 qualibet
845 2459 1054 2516 ritibus
1085 2457 1355 2525 abducta,
1379 2460 1554 2527 atque
1576 2456 1647 2509 ad
1673 2453 1996 2508 ducendam

344 2569 412 2609 ex
445 2551 675 2625 pietatis
697 2550 1034 2623 prescripto
1056 2548 1234 2604 vitam
1258 2545 1465 2602 tralata
1490 2561 1504 2600 :
1531 2560 1646 2601 non
1668 2544 1724 2599 id
1747 2542 1997 2614 patriam

348 2643 654 2709 mutando,
688 2641 785 2697 sed
839 2641 899 2696 in
951 2640 1179 2705 eadem,
1214 2641 1281 2693 ut
1317 2636 1605 2702 solebant,
1638 2632 1996 2699 habitando;

345 2736 519 2803 atque
542 2732 620 2786 ita
640 2735 867 2786 vetusta
891 2728 993 2785 illa
1020 2726 1322 2784 stellarum
1348 2725 1556 2780 harum
1579 2722 2000 2795 apotelesmata

344 2819 635 2876 imbecilla
666 2822 721 2873 et
752 2817 875 2873 risu
907 2817 1088 2889 digna
1119 2813 1525 2886 relinquendo.
1550 2812 1755 2885 Itaque
1785 2810 1855 2867 ab
1886 2810 2001 2866 ho-

348 2908 606 2964 minibus
636 2907 891 2963 indoctis
922 2905 1146 2977 prolata
1172 2904 1461 2969 doctrina,
1496 2901 1617 2957 haec
1648 2902 1775 2971 ipsa
1805 2899 1997 2956 mani-

346 2999 490 3055 feste
537 2997 767 3065 evertit,
797 2995 1010 3068 quibus
1062 2993 1407 3066 pudibunda
1456 2990 1696 3048 cedebat
1742 2988 1997 3045 imbellis

349 3086 603 3159 genesis.
634 3086 863 3140 Etenim
898 3082 1092 3155 paruit
1132 3083 1363 3155 quidem
1395 3080 1535 3137 olim
1564 3078 1818 3152 Assyriis
1851 3078 1993 3133 sub-

2105 595 2212 629 των
2257 573 2420 637 ἷδιαις
2474 574 2767 653 ἐνεργείαις
2813 578 2881 631 τὰ
2931 577 3136 647 ταύτης
3187 578 3521 649 ἀνακόπτων,
3573 578 3625 648 ἐξ
3684 578 3760 631 ὢν

2107 684 2288 742 φασιν,
2320 662 2686 720 ἐπιδείκνυται
2733 664 3167 739 ἀποτελέσματα.
3213 667 3402 723 Καίτοι
3443 664 3570 722 οὐδὲ
3620 668 3763 720 πάν-

2103 774 2192 815 τες
2222 755 2285 808 τὸ
2330 756 2463 809 αὐτὸ
2512 761 2612 824 τῆς
2659 762 2766 831 γῆς
2797 754 2988 830 ἔχουσι
3022 754 3241 829 μέτρον,
3296 759 3413 810 οἷον
3450 758 3484 825 ἡ
3534 760 3757 832 Περσῶν

2106 845 2193 897 καὶ
2226 841 2458 917 Ἰϐήρων
2521 852 2686 920 μοῖρα
2723 848 2758 917 ἢ
2792 848 2825 915 ἠ
2888 850 3076 915 Λαζῶν
3110 847 3198 900 καὶ
3248 846 3533 920 Ῥωμαίων
3575 848 3611 916 ἢ
3642 852 3759 903 τῶν

2106 932 2315 989 ἄλλων.
2361 940 2487 999 Πῶς
2525 933 2614 989 οὖν
2664 932 2789 989 τόδε
2818 935 2880 990 τὸ
2907 936 2953 973 ⁵¹
2996 933 3145 997 ἔθνος
3186 937 3322 1011 πρὸς
3353 937 3399 971 ⁸2
3426 933 3552 990 τόδε
3600 937 3760 991 ἀντι-

2105 1024 2377 1099 κειμένοις
2406 1025 2493 1080 καὶ
2548 1027 2655 1100 βιῳ
2694 1028 2784 1081 καὶ
2837 1028 3029 1100 νόμοις
3058 1025 3149 1081 καὶ
3204 1026 3357 1095 ἤθεσι
3419 1024 3703 1082 ὃίοιγεῖται
3740 1046 3754 1097 ;

2107 1116 2361 1189 Δεύτερον
2406 1112 2463 1170 δὲ
2496 1121 2613 1178 πῶς
2654 1116 2720 1169 τά
2749 1113 2980 1170 πλεῖστα
3010 1121 3120 1170 τῶν
3151 1113 3316 1171 ἐθνῶν
3364 1115 3415 1170 ἐν
3455 1121 3570 1177 τοῖς
3614 1113 3760 1180 ἰδίας

2106 1211 2209 1279 γῆς
2241 1203 2390 1278 ὅροις
2445 1204 2671 1277 ίδυμένα
2714 1204 2788 1267 εἰς
2841 1205 2908 1259 τὰ
2962 1209 3071 1259 τῶν
3114 1204 3407 1279 Ῥωμαίων
3461 1202 3762 1278 μετέϐαλεν

2104 1293 2253 1363 ἤθης
2294 1296 2423 1367 [692
2461 1296 2554 1365 3.]
2613 1291 2789 1350 Ἀλλὰ
2828 1292 2917 1348 καὶ
2972 1292 3179 1368 τρίτον,
3241 1295 3597 1367 μετῴκησε5⁸
3657 1296 3759 1367 μὲν

2102 1382 2165 1437 τὸ
2198 1384 2243 1418 ⁸⁸
2275 1379 2552 1436 Ἰουδαίων
2588 1376 2733 1443 ἔθνος
2766 1382 2839 1443 εἷς
2889 1381 3185 1460 Αἴγυπτον,
3214 1388 3322 1437 τῶν
3376 1380 3433 1437 δὲ
3481 1385 3761 1459 πατρῴων

2103 1476 2290 1546 νόμων
2324 1474 2386 1529 οὐ
2431 1474 2747 1547 μετανέστη.
2799 1473 3080 1547 Αἰγύπτου
3119 1473 3178 1530 δὲ
3214 1476 3381 1531 πάλιν
3427 1476 3765 1532 ἀπαναστάν-

2103 1584 2189 1625 τες
2250 1562 2618 1632 Παλαιστίνην
2671 1564 2765 1636 μὶν
2820 1563 2910 1617 καὶ
2972 1558 3227 1638 Ἀραϐίαν
3268 1564 3569 1635 ἐποικοῦσι,
3627 1566 3762 1626 τοὺς

2103 1653 2228 1727 πρὶν
2284 1651 2560 1716 οἰκοῦντας
2626 1649 3028 1727 εἷδωλολάτρας
3087 1652 3353 1727 πολέμοις
3410 1653 3690 1727 ὠσάμενοι
3742 1671 3759 1684 ⁸

2103 1743 2192 1797 καὶ
2230 1746 2338 1797 τῶν
2396 1743 2702 1797 Μωσαίκῶν
2764 1742 2827 1796 οὐ
2867 1741 3284 1817 παρετράπησαν
3338 1742 3537 1816 νόμων.
3597 1744 3757 1799 Ἀλλ’

2108 1830 2226 1887 οὐδ’
2250 1834 2337 1887 ὅτε
2366 1833 2503 1906 πρὸς
2536 1826 2834 1887 Βαϐυλῶνα
2866 1829 3205 1906 δοριάλωτον
3225 1833 3287 1887 τὸ
3315 1830 3462 1894 ἔθνος
3495 1834 3759 1912 ἀπήχθη,

2106 1924 2197 1976 καὶ
2242 1923 2376 1995 μετά
2424 1921 2656 1996 χρόνους
2716 1920 2793 1983 εἷς
2838 1926 3008 1976 πᾶσαν
3064 1923 3165 1991 τὴν
3216 1928 3318 1998 γῆν
3379 1920 3758 1996 διεσκεδάσθη,

2110 2012 2242 2085 [καὶ]
2272 2015 2379 2065 τῶν
2424 2012 2691 2084 πατρῴων
2743 2012 2850 2065 οὐκ
2887 2011 3227 2081 ἀπεστάτησε
3271 2011 3475 2084 νόμων,
3506 2011 3598 2066 καὶ
3630 2010 3759 2068 οὕτε

2110 2120 2192 2162 τις
2239 2104 2344 2155 τῶν
2386 2098 2908 2175 παρανατελλόντων
2964 2098 3085 2155 οὕτε
3132 2103 3167 2169 ἡ
3227 2100 3431 2176 γένεσις
3486 2102 3756 2177 κατηνάγ-

2108 2210 2264 2243 κασεν
2296 2188 2492 2249 αὐτοὺς
2548 2191 2585 2259 ἢ
2644 2195 2744 2257 τῆς
2784 2196 3092 2262 περιτομῆς
3150 2190 3185 2258 ἢ
3227 2193 3324 2245 τοῦ
3374 2184 3639 2257 σαϐϐάτου
3685 2191 3754 2245 τὸ

2108 2278 2470 2355 παρέγγελμα
2500 2276 2682 2335 λῦσαι.
2714 2278 2788 2334 Τὸ
2831 2275 2887 2333 δέ
2938 2299 3001 2354 γε
3031 2279 3296 2352 ἡμέτερον
3342 2280 3517 2354 γένος,
3544 2281 3609 2335 τὸ
3644 2284 3761 2335 τῶν

2107 2372 2446 2444 Χριστιανῶν
2496 2366 2667 2441 λέγω,
2723 2368 2829 2441 πρὸ
2890 2369 3252 2442 τετρακοσίων
3312 2369 3409 2441 μὶν
3468 2368 3598 2424 ἐτῶν
3657 2371 3763 2438 τήν

2106 2462 2285 2535 ἀρχὴν
2318 2458 2494 2537 ἔσχεν,
2528 2458 2720 2533 ἀθρόον
2755 2458 2811 2513 δὲ
2841 2464 3014 2514 πᾶσαν
3056 2454 3218 2514 ἔλαϐε
3246 2461 3345 2529 τήν
3397 2460 3761 2533 οἰκουμένην,

2104 2550 2193 2605 καὶ
2231 2554 2336 2604 τῶν
2388 2549 2482 2621 μέν
2525 2548 2740 2604 οἰκείων
2788 2546 2921 2603 ἐθῶν
2966 2547 3191 2604 ἕκαστον
3231 2549 3531 2619 ἀπέστησεν
3582 2548 3757 2620 ἔθνος,

2106 2640 2181 2701 εἷς
2215 2635 2271 2692 δὲ
2313 2639 2404 2693 τὸν
2453 2644 2552 2707 τῆς
2585 2632 2858 2699 εὐσεϐείας
2909 2637 3301 2713 μετεῤῥύθμισε
3356 2640 3494 2713 βίον,
3551 2640 3615 2693 οὐ
3656 2643 3761 2703 τῆς

2105 2724 2364 2801 πατρίδος
2418 2727 2845 2799 μεθισταμένους
2881 2728 2949 2796 ⁵⁵,
2999 2726 3144 2782 ἀλλὰ
3190 2730 3291 2797 τὴν
3341 2728 3508 2796 αὐτήν
3549 2730 3623 2790 ὡς
3665 2730 3758 2783 καὶ

2105 2815 2366 2893 πρότερον
2406 2814 2709 2884 οἰκοῦντας,
2748 2816 2838 2871 καὶ
2885 2815 2951 2870 τὰ
2979 2818 3023 2853 ⁸⁸
3071 2820 3181 2871 τῶν
3229 2815 3758 2891 παρανατελλόντων

2105 2903 2522 2978 ἀποτελέσματα
2570 2902 2918 2979 πολυχρόνια
2968 2904 3139 2980 σαθρά
3186 2907 3273 2960 καὶ
3323 2904 3583 2982 γελᾶσθαι
3627 2926 3765 2960 κατ-

2105 2990 2287 3048 έλιπεν
2322 2994 2442 3064 ἄξια
2474 3013 2487 3026 ·
2519 2994 2609 3047 καὶ
2640 2993 2775 3067 πρὸς
2830 2994 2862 3047 ἃ
2906 2994 2941 3063 ἡ
2973 2993 3179 3069 γένεσις
3221 2993 3382 3069 ἰσχὺν
3418 2994 3517 3049 οὐκ
3554 2992 3767 3069 ἔχουσα

2110 3079 2424 3151 κατεδύετο,
2482 3085 2651 3136 ταῦτα
2704 3087 3017 3156 περιφανῶς
3074 3083 3137 3138 τὸ
3204 3088 3311 3139 τῶν
3385 3083 3765 3159 ἀγραμμάτων

351 3141 518 3231 Eat.
548 3141 726 3240 orbis,
762 3141 1181 3241 hinc’eabyioﬁ
1228 3168 1555 3240 imperavit,
1588 3141 1797 3223 deibde
1845 3166 1995 3222 Medi

2112 3169 2370 3226 κατέλυσε
2400 3172 2680 3245 κήρυγμα.
2733 3141 3054 3227 ’ἐδούλευσε
3105 3173 3200 3244 μὲν
3246 3170 3340 3229 οὖν
3390 3141 3696 3246 ’Ᾰσσύρίοις
3740 3175 3769 3227 6

352 3263 665 3334 imperium
697 3264 1074 3333 exceperunt,
1099 3264 1155 3316 et
1184 3264 1315 3331 post
1344 3258 1477 3316 illos
1507 3259 1715 3323 Persas,
1737 3259 1922 3313 donec
1942 3256 1999 3310 id

354 3351 595 3408 tandem
639 3352 709 3406 ad
752 3350 1098 3405 Macedonas
1146 3347 1420 3403 transiit:
1455 3351 1709 3402 attamen
1760 3360 2004 3415 quaeque

357 3458 501 3516 gens
533 3456 672 3496 suos
705 3438 994 3495 retinebat
1023 3452 1235 3505 mores,
1267 3441 1325 3493 et
1354 3454 1388 3492 a
1418 3435 1543 3491 suis
1574 3436 1883 3507 regebatur
1912 3450 2002 3490 re-

363 3531 555 3602 gibus,
591 3545 657 3584 ac
688 3527 896 3583 saltem
949 3541 1321 3583 communem
1369 3525 1558 3594 illum,
1592 3524 1693 3596 qui
1732 3524 2005 3580 omnibus

360 3618 708 3691 imperabat,
725 3616 1077 3689 agnoscebat
1098 3616 1427 3671 Dominum.
1444 3615 1609 3670 Nunc
1629 3629 1783 3683 vero,
1802 3629 2004 3685 quem-

369 3708 685 3766 admodum
737 3722 856 3761 una
892 3706 1175 3761 duntaxat
1202 3708 1292 3760 est
1320 3703 1547 3776 religio,
1578 3703 1665 3759 sic
1692 3707 1750 3759 et
1780 3702 2005 3773 regium

361 3796 674 3869 imperium
728 3812 884 3852 unus
932 3799 1111 3860 tenet,
1158 3794 1544 3866 trecentisque
1589 3792 1859 3864 gentibus
1908 3798 2008 3847 aut

362 3886 635 3956 amplius.
660 3883 894 3941 nonnisi
926 3900 1044 3939 una
1071 3882 1332 3955 legitima
1358 3882 1593 3955 imperii
1614 3882 2007 3938 Romanorum

364 3977 645 4047 majestas
692 3978 918 4047 praeest,
958 3972 1147 4030 21817
1188 3972 1684 4044 quemadmodum
1716 3976 1772 4027 et
1808 3971 2009 4043 religio

365 4065 598 4121 nonnisi
646 4080 763 4120 una
811 4068 912 4120 est.
947 4062 1145 4134 Neque
1191 4066 1387 4119 tamen
1434 4061 1689 4133 aliquem
1723 4061 1831 4117 hoc
1860 4065 2011 4117 tem-

364 4170 502 4227 pore
547 4153 697 4225 cogit:
746 4152 979 4225 genesis
1024 4151 1115 4208 vel
1163 4151 1320 4209 idola
1348 4150 1554 4219 colere,
1588 4155 1691 4207 aut
1720 4150 2011 4207 matribus

364 4245 616 4312 misceri,
634 4246 735 4298 aut
757 4242 873 4299 alia
893 4243 1158 4314 quaedam
1188 4246 1433 4313 patrare,
1449 4242 1666 4313 quibus
1685 4241 2009 4297 metuenda

364 4337 566 4402 gentes
596 4329 706 4383 illa:
737 4345 852 4386 non
885 4331 1038 4385 inter
1059 4345 1120 4384 se
1140 4328 1543 4384 tantummodo
1575 4327 2009 4398 discrepabant,

364 4418 469 4475 sed
495 4417 669 4473 etiam
694 4418 765 4472 ab
790 4416 1076 4490 oppositis
1108 4417 1217 4473 sibi
1240 4416 1487 4474 invicem
1520 4415 1860 4472 nationibus
1890 4415 2007 4471 dis-

364 4506 804 4579 tinguebantur.
834 4506 986 4562 lllud
1017 4522 1149 4578 ergo
1178 4505 1349 4562 nobis
1377 4505 1686 4577 explicent,
1720 4505 2011 4576 quomodo

366 4596 666 4669 religionis
684 4599 859 4667 atque
880 4596 1279 4652 doctrinarum
1305 4595 1688 4652 mutationem
1712 4596 1896 4652 fatum
1919 4596 2011 4651 in-

366 4685 567 4753 ducat,
612 4699 803 4756 neque
855 4687 1050 4739 tamen
1102 4687 1308 4739 czetera
1356 4684 1618 4739 mutandi
1660 4685 1780 4740 vim
1828 4683 2009 4739 ullam

365 4774 628 4831 habeat?
646 4772 948 4829 Neminem
981 4773 1137 4829 enim
1169 4789 1427 4844 unquam
1450 4777 1552 4829 aut
1570 4773 1887 4843 suadendo,
1912 4778 2013 4828 aut

364 4864 415 4920 vi
438 4864 697 4937 cogendo
724 4879 790 4920 eo
812 4863 1126 4919 adduxisse
1146 4864 1391 4928 videtur,
1415 4866 1481 4917 ut
1502 4878 1635 4919 eum
1657 4862 2008 4933 ignominiae,

363 4953 749 5027 paupertatis,
780 4951 1214 5017 invaletudinis,
1245 4952 1564 5019 servitutis,
1610 4951 1858 5023 injurias,
1910 4958 2012 5007 aut

364 5045 612 5116 alicujus
641 5060 711 5099 ex
740 5042 991 5099 inﬁnitis
1022 5041 1153 5098 aliis
1186 5041 1396 5099 horum
1444 5040 1737 5097 similibus
1784 5041 2012 5097 deside-

363 5133 518 5190 rium
550 5137 806 5205 caperet.
840 5131 953 5189 Sed
996 5132 1496 5203 quemadmodum
1527 5130 1742 5203 ubique
1772 5130 1895 5188 visa
1923 5135 2013 5187 est

364 5227 576 5278 natura
609 5223 903 5293 potentior
954 5237 1133 5294 quam
1183 5221 1385 5278 fatales
1433 5220 1789 5289 affectiones,
1822 5221 1906 5277 sic
1953 5225 2011 5277 et

362 5308 529 5380 ratio,
555 5310 799 5382 propriae
822 5309 1111 5366 libertatis
1129 5310 1415 5382 dignitate
1434 5318 1677 5378 servata,
1703 5310 2010 5367 manifeste

2109 3259 2316 3333 κόσμος
2344 3259 2540 3329 πάλαι,
2577 3260 2692 3314 εἶτα
2746 3255 3010 3315 Βαϐυλὼν
3044 3259 3281 3336 ἐκράτει,
3311 3262 3401 3317 καὶ
3452 3259 3632 3332 Μῆδοι
3664 3264 3768 3330 τήν

2111 3347 2292 3422 ἀρχὴν
2353 3346 2651 3418 ἐξεδέξαντο
2681 3351 2748 3419 ⁸⁷,
2799 3349 2891 3403 καὶ
2958 3357 3072 3423 μετ’
3120 3349 3360 3413 ἐκείνους
3418 3351 3635 3425 Πέρσαι,
3677 3351 3773 3406 καὶ

2112 3438 2249 3510 πρὸς
2280 3438 2324 3473 ⁵⁸
2355 3436 2665 3501 Μακεδόνας
2712 3436 2930 3512 ὕστερον
2980 3439 3043 3493 τὸ
3091 3439 3288 3515 κράτος
3341 3439 3475 3496 ὅλον
3529 3436 3769 3513 μετέϐα-

2114 3526 2224 3583 λεν.
2282 3525 2437 3583 Ἀλλ’
2487 3524 2710 3581 ἕκαστον
2768 3524 2922 3588 ἔθνος
2979 3533 3097 3588 τοῖς
3159 3528 3389 3584 οῗκείοις
3447 3528 3687 3602 ἐνέμενεν
3720 3530 3771 3564 ⁵9

2115 3612 2278 3686 ἔθεσι,
2308 3617 2397 3670 καὶ
2432 3614 2739 3691 βασιλεῦσιν
2774 3614 2935 3678 ἰδίοις
2980 3616 3388 3685 ἐπολιτεύοντο,
3424 3618 3468 3673 εἰ
3514 3619 3602 3673 καὶ
3634 3620 3767 3692 [μὴ]

2113 3707 2204 3761 τὸν
2234 3705 2443 3760 πάντων
2489 3708 2791 3779 κρατοῦντα
2838 3707 3015 3760 κοινὸν
3056 3707 3332 3775 Δεσπότην
3381 3707 3769 3781 ἐπεγίνωσκον.

2118 3794 2247 3849 Νυνὶ
2280 3792 2337 3848 δὲ.
2378 3794 2561 3869 ὥσπερ
2590 3796 2625 3863 ἡ
2676 3788 2919 3849 εὐσέϐεια
2962 3796 3081 3867 μία,
3132 3794 3275 3851 οὕτω
3304 3796 3393 3850 καὶ
3435 3799 3463 3852 6
3506 3797 3568 3852 τὸ
3612 3797 3769 3871 βασί-

2120 3886 2264 3941 λειον
2320 3882 2514 3958 κράτος
2574 3880 2719 3957 ἔχων
2768 3884 2863 3951 εἶς,
2922 3884 3011 3939 καὶ
3067 3884 3396 3959 τριακοσίων
3444 3884 3603 3940 ἐθνῶν
3653 3887 3690 3954 ἢ
3721 3888 3768 3923 ⁶⁰

2118 3976 2208 4029 καὶ
2237 3973 2509 4029 πλειόνων
2570 3972 2666 4046 μία
2702 3994 2787 4035 τις
2842 3968 3072 4046 ἔννομος
3120 3976 3155 4043 ἡ
3212 3973 3526 4047 Ῥωμαίων,
3584 3976 3769 4051 ὥσπερ

2126 4066 2153 4132 ἦ
2186 4066 2231 4101 ⁸³
2265 4057 2529 4130 εὐσέϐεια,
2563 4061 2791 4137 ἐπάρχει
2838 4062 2982 4137 ἀρχή
3031 4082 3043 4095 ⁶
3096 4064 3186 4117 καὶ
3216 4060 3409 4118 οὐδένα
3459 4063 3703 4137 βιάζεται
3734 4068 3771 4134 ἡ

2119 4151 2316 4226 γένεσις
2380 4155 2470 4205 νῦν
2528 4148 2653 4206 οὔτε
2728 4148 3151 4225 εἷδωλολατρεῖν
3213 4149 3335 4207 οὔτε
3397 4159 3775 4226 μητρογαμεῖν

2123 4238 2246 4296 οὐδὲ
2274 4241 2338 4295 τὰ
2368 4239 2532 4309 ἄλλα,
2566 4240 2715 4302 ὅσοις
2741 4241 2806 4294 τὰ
2838 4238 3072 4319 διάφορα
3101 4242 3149 4277 ⁶²
3191 4246 3299 4298 τῶν
3329 4242 3496 4297 ἐθνῶν
3546 4243 3650 4297 οὐκ
3687 4242 3776 4313 έξο

2118 4329 2358 4400 ἡλλαττε
2393 4330 2551 4404 μόνον
2585 4329 2874 4400 ἀλλήλων,
2903 4329 3050 4385 ἀλλά
3079 4331 3167 4385 καὶ
3195 4331 3331 4405 πρὸς
3362 4333 3409 4368 ⁶³
3438 4332 3503 4386 τὰ
3532 4334 3660 4407 [359
3681 4334 3779 4407 IL]

2042 4462 2094 4526 Β
2126 4420 2471 4492 ἀντικείμενα
2511 4420 2888 4493 κατετέμνετο.
2920 4421 3127 4477 Ἐκεῖνο
3172 4417 3230 4475 δέ
3276 4423 3412 4495 ἡμῖν
3447 4420 3779 4495 λεγέτωσαν,

2175 4513 2202 4525 ο
2314 4506 2340 4526 ﬂ
2549 4511 2561 4526 ι
2614 4509 2658 4526 ΩΔ
2734 4509 2748 4526 ι
2928 4508 2937 4526 ο
3214 4504 3243 4526 β
3286 4509 3304 4526 \
3328 4511 3340 4523 ι
3567 4515 3589 4526 ο
3646 4512 3670 4526 Α

2127 4513 2266 4579 πῶς,
2302 4506 2483 4583 ὥσπερ
2538 4511 2573 4577 ἠ
2614 4509 2661 4546 ⁸⁴
2708 4508 3009 4581 εἱμαρμένη
3076 4504 3383 4581 μεταϐολὰς
3442 4515 3589 4565 ποιεῖ
3644 4512 3781 4584 θρη-

2126 4597 2304 4659 σκείας
2332 4597 2422 4651 καὶ
2473 4593 2784 4671 δογμάτων,
2818 4595 2947 4670 οὐχὶ
2996 4596 3087 4650 καὶ
3119 4597 3184 4650 τὰ
3220 4594 3365 4652 ἄλλα
3416 4597 3576 4676 ἰσχὺν
3616 4596 3776 4653 οὐδε-

2123 4687 2249 4760 μίαν
2312 4680 2633 4758 μεταϐαλεῖν
2694 4681 2886 4759 ἔσχεν;
2938 4684 3130 4740 οὐδένα
3168 4685 3271 4762 γάρ
3331 4685 3498 4761 ἐφάνη
3542 4686 3773 4743 πείσασα

2121 4774 2247 4830 οὐδὲ
2301 4774 2602 4850 βιασαμένη
2645 4771 2859 4846 ἀδοξίας
2901 4775 2937 4843 ἢ
2986 4775 3269 4852 πτωχείας
3309 4775 3344 4845 ἢ
3394 4775 3698 4849 ἀῤῥωστίας
3732 4778 3773 4848 ἢ

2122 4862 2370 4926 δουλείας
2401 4864 2435 4933 ἢ
2494 4863 2779 4925 κολάσεως
2811 4863 2845 4933 ἢ
2898 4858 3106 4938 ὕϐρεως
3158 4862 3285 4919 οὐδὲ
3331 4865 3539 4939 μυρίων
3583 4862 3775 4921 ἄλλων

2118 4953 2388 5009 τοιούτων
2419 4953 2584 5008 πόθον
2615 4947 2802 5007 λαϐεῖν
2836 4971 2849 4985 θ
2885 4951 3011 5007 ἀλλ’
3043 4951 3225 5028 ὥσπερ
3255 4955 3290 5023 ἡ
3324 4954 3480 5031 φύσις
3509 4956 3774 5029 κρείττων

2121 5042 2275 5121 ὤφθη
2322 5046 2607 5120 πανταχοῦ
2664 5045 2771 5097 τῶν
2827 5048 2928 5112 τῆς
2983 5041 3242 5116 γενέσεως
3281 5041 3775 5118 ἀποτελεσμάτων,

2122 5132 2265 5187 οὕτω
2294 5133 2383 5187 καὶ
2419 5133 2447 5186 6
2503 5130 2776 5206 λογισμὸς
2803 5132 2866 5185 τὸ
2905 5130 3104 5186 οἰκεῖον
3141 5138 3242 5201 τῆς
3275 5131 3583 5208 ἐλευθερίας
3610 5134 3777 5205 ἀξίω-

2124 5243 2198 5295 μα
2230 5219 2537 5291 διασώζων,
2567 5219 2619 5276 ἐν
2672 5223 2755 5285 οἷς
2803 5222 3139 5294 αὐθαιρέτως
3184 5222 3431 5297 πράττει,
3480 5228 3589 5279 τῶν
3631 5223 3778 5279 ἐκεῖ·

2126 5312 2212 5365 θεν
2246 5308 2509 5366 δείκνυται
2540 5310 2966 5380 κατεξουσιάζων
2997 5310 3207 5386 λήρων.

363 5394 508 5453 satis
537 5395 598 5451 in
627 5394 722 5465 iis,
754 5413 883 5468 quae
913 5396 1243 5452 voluntarie
1272 5404 1565 5469 operatur,
1597 5412 1786 5470 nugas
1816 5396 1961 5454 istas
1992 5397 2219 5455 vincere
2249 5401 2706 5455 demonstratur.

1714 5523 1963 5580 VARUE
2002 5524 2415 5581 LECTIONES.

434 5642 476 5677 ⁸⁸
509 5638 571 5712 τρ
681 5657 795 5712 ξᾼτε
947 5639 1044 5712 -η
1074 5638 1342 5712 πρὸς]γὼς
1380 5643 1446 5697 Α.
1544 5641 1593 5677 ⁵³
1624 5642 1757 5712 libri

434 5662 476 5677 "
509 5662 571 5692 το
602 5662 694 5695 ⁸³
736 5662 795 5694 τε
823 5662 862 5711 5
890 5679 905 5695 ο
998 5662 1044 5674 ’⁸
1074 5662 1342 5712 1tpm;ch
1380 5662 1446 5697 Α.
1544 5662 1593 5677 νυ
1624 5662 1757 5697 non
1792 5662 1888 5711 μετ
1941 5662 1968 5694 κ

367 5716 436 5785 ᾼ.
483 5706 893 5785 ᾕὸῒ-διεδέξαντο
1088 5712 1130 5785 to
1162 5711 1319 5785 πρ-ῥς]
1353 5712 1427 5785 ὡς
1592 5712 1640 5746 59
1670 5706 1852 5785 ἔμενεν

373 5778 509 5861 ϐερᾶ
703 5778 753 5818 ⁸³
781 5778 1051 5856 πρὸςΓὼς
1076 5784 1142 5839 Α.
1204 5778 1267 5819 ’⁶⁴
1296 5778 1332 5852 ἦ
1364 5784 1500 5840 add.
1532 5788 1597 5840 Δ.

1792 5641 2087 5715 patrii-mas.
2136 5714 2141 5715 γ
2166 5640 2213 5676 ⁸⁴
2236 5642 2297 5695 τὸ
2327 5647 2370 5697 Α
2404 5660 2417 5698 :
2447 5645 2554 5715 tth
2586 5641 2670 5715 ς.

2772 5643 2819 5678 ⁵⁸
2861 5639 3261 5714 μεθισταμένης
3289 5645 3381 5714 ᾼη
3463 5643 3509 5679 ⁸⁸
3537 5644 3605 5698 τά
3630 5647 3771 5703 add.

2045 5712 2093 5747 σο
2120 5714 2155 5782 ἡ
2189 5717 2236 5771 Α
2270 5732 2282 5769 ε
2315 5717 2421 5769 τῶν
2450 5714 2532 5787 ς’.
2602 5711 2652 5753 it
2686 5715 2721 5785 ἡ
2751 5711 2959 5771 Αε·καῖ
2991 5713 3025 5783 ἡ
3060 5711 3143 5786 ς.
3219 5714 3267 5749 σε
3299 5711 3533 5791 διάφορα
3562 5722 3645 5773 Αε
3678 5738 3775 5795 φο·
