4184 6212
427 387 547 447 865

1507 379 2045 446 BlBLIOTHECA.
2095 410 2169 423 —
2213 377 2390 442 COD.
2435 380 2720 446 CCXXII.

3714 386 3833 446 866

495 517 676 576 Ἀλλά
702 517 804 594 γάρ
834 517 879 572 εἰ
918 518 965 554 ⁸⁸
992 517 1054 572 τὸ
1111 513 1350 573 εὐσεϐεῖν
1391 519 1481 574 καὶ
1529 513 1805 574 δυ’σσεὸεἶν
1834 514 1939 570 ἀπὸ
1971 533 2066 590 γε’

2252 511 2668 575 Verumtamen
2689 517 2738 575 si
2763 517 2852 588 pie
2882 519 2986 574 aut
3005 516 3183 587 impie
3204 530 3374 587 agere
3401 533 3436 573 a
3464 517 3662 590 genesi
3694 535 3827 588 pro-

429 611 647 674 νέσεως,
680 605 983 680 λεγέτωσαν
1045 607 1182 677 ἡμῖν
1231 604 1315 668 τίς
1364 605 1570 682 γένεσις
1616 607 1852 662 Στωϊκὸν
1904 604 2073 668 ποιεῖ,

428 696 510 759 τίς
551 695 608 752 δὲ
665 694 1062 770 Ἐπικούρειον,
1091 697 1521 771 Περιπατητικὸν
1569 695 1628 752 δὲ
1670 696 1800 752 ποία
1856 696 1890 765 ἢ
1925 691 2072 748 Πλαο

427 786 692 853 τωνικόνς
725 786 820 846 Τίς
872 783 1148 859 λατρεύειν
1194 786 1446 840 Διόνυσον
1475 785 1509 854 ἢ
1561 787 1858 858 Δήμητραν
1897 782 1932 850 ἢ
1968 787 2076 834 Σεσ-

433 876 605 946 λήνην
683 873 717 942 ἢ
775 873 1058 943 ⁸Ἡλιον,ἣ
1118 875 1211 929 τὸν
1271 874 1568 950 Αἰγύπτιον
1630 872 1936 929 συνελαύνει
1976 870 2077 926 λα-

429 964 636 1038 τρεύειν
661 964 723 1017 τὸ
754 957 1028 1038 πρόϐατον
1061 961 1095 1030 ἢ
1137 963 1227 1018 τὸν
1278 965 1408 1018 κύνα
1436 964 1472 1034 ἢ
1510 963 1600 1018 τὸν
1640 960 1900 1035 αἶ’λουρον
1938 981 1953 1030 ;
1983 961 2074 1020 Τίς

433 1051 490 1109 δὲ
520 1057 826 1129 Μανιχαῐον
855 1049 1139 1122 ἀποτελεῖ,
1171 1051 1251 1113 τίς
1281 1051 1675 1114 Ούαλεντίνους
1696 1053 1776 1121 66;
1811 1051 1874 1108 Ei
1901 1047 1958 1104 δὲ
1979 1048 2077 1104 οὐκ

432 1144 492 1197 ἃν
539 1149 693 1220 φαῖεν
743 1139 857 1197 οὐδ’
905 1141 965 1194 ἂν
1024 1141 1192 1196 πλέον
1253 1144 1605 1215 θρασυνθεῖεν,
1649 1141 1701 1196 ἐν
1757 1143 1892 1213 ἡμῖν
1950 1138 2076 1214 ἄρα,

430 1234 519 1288 καὶ
554 1232 614 1287 ού
643 1238 744 1300 τῆς
772 1231 1024 1305 γενέσεως
1056 1224 1233 1305 ἔργον,
1265 1233 1326 1285 τὸ
1381 1228 1613 1286 τοιῶσὸε
1709 1226 1940 1284 τοιῶσδε
1990 1228 2075 1282 σέ-

435 1317 568 1376 ϐειν.
601 1321 659 1376 Ei
687 1318 742 1375 δὲ
771 1317 953 1387 τοῖ’)το,
985 1320 1073 1373 καὶ
1104 1320 1166 1374 τὸ
1197 1315 1368 1374 σέϐειν
1416 1319 1604 1382 ἁπλῶς
1653 1321 1744 1373 καὶ
1802 1320 1878 1392 μὴ
1910 1321 1953 1354 ⁸⁷
1987 1316 2074 1372 σέ-

436 1407 548 1465 ϐειν
571 1429 584 1442 ⁸
610 1410 668 1464 ἐκ
693 1413 800 1464 τῶν
843 1412 1020 1482 μερῶν
1053 1411 1154 1482 γὰρ
1200 1408 1262 1463 τὸ
1312 1408 1442 1464 ὅλον
1483 1409 1814 1464 συνίσταται.
1847 1411 1970 1468 Πῶς
2019 1403 2076 1460 δὲ

434 1499 532 1554 οὐκ
560 1498 911 1575 ἀλογώτατον
945 1498 1182 1571 πονηρὸν
1237 1499 1474 1572 γενέσθαι
1520 1497 1626 1553 ἀπὸ
1673 1496 1954 1572 γενέσεως,
1986 1497 2076 1551 καὶ

439 1591 709 1662 μισεῖσθαι
741 1585 848 1642 ἀπὸ
875 1593 977 1655 τῆς
1008 1587 1054 1623 ⁵⁸
1083 1583 1251 1656 αὒτῆς
1294 1584 1382 1642 διὰ
1427 1587 1526 1654 τὴν
1594 1585 1896 1661 πονηρίαν;
1949 1587 2076 1656 [695

434 1681 525 1750 R.]
557 1676 768 1750 ὁμοίως
821 1677 911 1733 καὶ
975 1675 1178 1752 ἀγαθὸν
1233 1676 1477 1751 γενέσθαι
1531 1696 1591 1731 τε
1655 1675 1744 1730 καὶ
1802 1675 2075 1747 θαυμάζε-

429 1769 588 1837 σθαις
625 1766 825 1840 μοιχὸν
859 1766 1072 1839 ὁμοίως
1099 1767 1134 1835 ἢ
1169 1767 1354 1839 φονέα,
1384 1767 1474 1820 καὶ
1507 1762 1634 1838 δρᾷν
1681 1766 1767 1820 ὑπ’
1806 1765 1977 1833 αὐτῆς
2007 1763 2074 1818 τά

2188 600 2490 673 ﬁciscitur,
2507 605 2976 678 explicentvelim
2991 605 3312 676 nobisque:
3328 608 3560 676 genesis
3573 608 3830 665 Stoicum

2188 691 2434 749 reddat?
2461 712 2588 766 quas
2611 696 2957 767 Epicureum
2981 694 3008 749 ‘I
3028 694 3476 764 Peripateticum
3510 695 3646 751 item
3679 712 3827 764 qua-

2187 780 2283 848 lis,
2315 788 2412 838 aut
2442 783 2812 840 Platonicum
2851 785 2879 838 ?
2921 799 3046 854 quas
3086 781 3392 838 immolare
3449 783 3694 852 Baccho,
3726 790 3830 841 aut

2187 871 2400 936 Cereri,
2431 872 2628 929 Solive
2668 878 2770 929 aut
2803 875 2977 929 Lunae
3006 874 3035 927 ‘2
3089 875 3223 937 Quae
3261 873 3599 945 Egyptium
3657 890 3834 946 pecus

2187 961 2451 1030 adorare,
2471 965 2561 1021 vel
2583 981 2785 1020 canem
2810 964 3048 1020 felemve
3076 965 3104 1018 ?
3134 980 3258 1034 quae
3292 963 3680 1020 Manicbaaum
3704 967 3834 1022 red-

2184 1051 2282 1105 dat
2310 1052 2338 1106 ?
2376 1068 2502 1122 quis
2539 1052 2878 1109 Valentinos
2909 1053 2938 1108 ?
2975 1052 3138 1118 Quod
3182 1052 3231 1108 si
3262 1052 3518 1108 indicare
3551 1054 3824 1126 nequive-

2185 1137 2327 1205 rint,
2357 1156 2427 1196 ne
2455 1156 2686 1212 quoque
2727 1141 2880 1198 ultra
2911 1157 3038 1198 sese
3066 1141 3328 1210 etl‘erant,
3362 1156 3590 1198 moneo.
3627 1144 3690 1198 In
3723 1159 3826 1199 no-

2184 1227 2278 1284 bis
2330 1229 2510 1302 igitur
2537 1231 2740 1302 situm,
2784 1247 2898 1287 non
2950 1231 3011 1288 in
3042 1246 3323 1302 geneseos
3354 1232 3710 1303 operatione,
3742 1234 3826 1290 sic

2184 1317 2273 1374 vel
2303 1319 2387 1376 sic
2417 1337 2636 1378 numen
2666 1321 2876 1378 colere.
2899 1322 2958 1378 Si
2981 1337 3117 1377 vero
3150 1322 3292 1378 hoc:
3328 1321 3533 1393 utique
3553 1327 3610 1378 et
3639 1323 3828 1381 colere

2186 1409 2550 1481 simpliciter,
2583 1416 2642 1468 et
2699 1412 2984 1484 [omnino]
3029 1427 3145 1467 non
3175 1410 3363 1467 colere
3405 1427 3420 1466 :
3479 1427 3509 1468 e
3567 1413 3826 1484 patribus

2185 1499 2341 1554 enim
2368 1503 2554 1557 totum
2579 1501 2828 1558 constat.
2871 1502 3170 1568 Quomodo
3211 1505 3403 1557 autem
3453 1518 3566 1557 non
3621 1502 3827 1558 absur-

2186 1588 2501 1647 dissimum
2523 1590 2667 1647 illud
2699 1591 2796 1659 sit,
2830 1590 3161 1663 improbum
3186 1605 3288 1662 per
3315 1591 3580 1663 genesim
3604 1591 3748 1660 fieri,
3771 1596 3829 1648 et

2183 1678 2375 1735 eidem
2409 1684 2606 1737 tamen
2627 1679 3020 1750 improbitatis
3039 1681 3279 1737 nomine
3307 1681 3438 1738 odio
3469 1697 3598 1737 esse
3617 1681 3644 1736 ?
3664 1681 3828 1737 simi-

2185 1767 2320 1824 liter
2347 1773 2405 1826 et
2435 1771 2656 1826 bonum
2688 1770 2836 1841 ﬁeri,
2868 1773 3042 1841 atque
3073 1769 3443 1827 admirationi
3478 1785 3625 1841 esse,
3657 1773 3714 1826 et
3742 1771 3831 1825 si-

434 1857 609 1911 ἄτοπα
661 1854 1003 1929 βιαζόμενον,
1033 1855 1123 1909 καὶ
1169 1852 1259 1908 διὰ
1305 1859 1466 1910 τοῦτο
1512 1853 1926 1926 καλαζόμενον;
1972 1874 2070 1907 νο-

2188 1857 2404 1913 militer
2431 1859 2789 1928 adulterum,
2805 1829 2906 1916 aut
2935 1829 3288 1916 bomicidam
3310 1861 3338 1915 ‘2
3357 1861 3442 1916 Ab
3465 1829 3666 1916 eadem
3689 1860 3827 1917 item

439 1945 667 2018 μοθέτας
725 1943 986 2013 καθίζειν,
1018 1941 1274 2012 κολάζειν
1332 1943 1458 2006 τοὺς
1516 1944 1944 2017 ἁμαρτάνοντας,
1983 1943 2072 1997 καὶ

431 2034 654 2108 ἑτέρους
695 2033 958 2087 συνωθεῖν
989 2031 1080 2086 καὶ
1107 2027 1333 2093 ἄκοντας
1373 2031 1510 2104 πρὸς
1549 2034 1595 2068 ⁶⁰
1637 2032 1706 2086 τὰ
1742 2031 2075 2105 ἁμαρτήμαν

432 2142 519 2190 τα,
557 2118 650 2174 καὶ
681 2118 822 2172 ὅσων
854 2115 1040 2173 ἄλλων
1069 2117 1336 2173 τοιούτων
1371 2118 1562 2190 μεστὸς
1604 2117 1632 2171 ὀ
1681 2116 1797 2191 βίος
1847 2118 2075 2191 ὁρᾶται;

431 2211 600 2283 "Amp
653 2206 697 2262 εἰ
753 2207 847 2281 μὲν
891 2206 971 2284 ἐφ’
1002 2208 1139 2280 ἡμῖν
1189 2207 1257 2278 7°,
1288 2205 1552 2281 ἡμέτερον
1594 2205 1683 2260 καὶ
1723 2207 1786 2261 τὸ
1826 2203 2077 2278 ἔγκλημα

429 2303 537 2352 τῶν
577 2295 952 2372 ἐργαζομένων
985 2312 998 2325 '
1033 2294 1078 2349 εἰ
1131 2293 1188 2350 δὲ
1234 2300 1334 2364 τῆς
1373 2296 1631 2370 γενέσεως
1667 2295 1730 2350 τὸ
1777 2294 1994 2368 κράτος,
2039 2295 2074 2363 ἡ

437 2389 642 2460 μέμψις
699 2383 908 2456 ἐκείνης
967 2385 1002 2453 ἢ
1059 2388 1156 2440 τοῦ
1221 2385 1424 2454 ταύτην
1489 2386 1884 2451 πεποιηκότος.
1919 2383 2076 2442 Οὕτω

428 2475 766 2550 πανταχόθεν
822 2475 885 2531 τὸ
920 2481 1022 2544 τῆς
1063 2472 1402 2549 εἱμαρμένης
1453 2475 1585 2548 μετὰ
1633 2479 1729 2530 τοῦ
1777 2474 2075 2530 ἀσυστάτου

433 2560 621 2626 ἀσεϐές
649 2585 707 2618 τε
738 2564 827 2619 καὶ
858 2563 1253 2641 παλίμφημον.
1287 2562 1464 2619 Ἀλλά
1492 2563 1591 2638 γάρ
1623 2563 1678 2618 ἐν
1724 2565 1939 2625 τούτοις
1985 2564 2076 2618 καὶ

434 2661 542 2709 τῶν
575 2652 758 2729 λόγων
792 2655 820 2708 ὁ
851 2648 1003 2709 ἕκτος
1029 2654 1120 2709 καὶ
1159 2654 1220 2708 τὸ
1271 2655 1309 2708 ε’
1349 2653 1438 2708 καὶ
1473 2657 1528 2726 μ’
1567 2652 1882 2730 ἐπερατώθη
1921 2653 2078 2731 κεφά-

439 2743 620 2800 λαιον.

508 3013 595 3069 Ἐν
629 3011 686 3068 δὲ
753 3018 830 3085 τῷ
882 3019 921 3082 ζ’
969 3013 1123 3088 λόγῳ
1163 3013 1393 3089 ἀπορίαν
1449 3015 1570 3068 τινά
1619 3009 1778 3082 δῆθεν
1815 3013 1919 3068 ὑπὸ
1969 3017 2076 3068 τῶν

433 3100 788 3177 ἀστρολόγων
835 3101 1220 3177 προαγομένην
1271 3101 1549 3167 διατιθεὶς,
1599 3102 1785 3177 ἐπάγει
1835 3101 1923 3156 καὶ
1971 3103 2072 3170 τήν

433 3191 611 3248 λύσιν.
644 3191 874 3266 Λέγουσι
905 3191 1033 3268 γάρ,
1063 3190 1248 3269 φησὶν,
1291 3190 1335 3246 εἰ
1391 3192 1468 3263 μή
1508 3190 1614 3246 ἀπὸ
1657 3196 1757 3260 τῆς
1805 3192 2070 3264 εἱμαρμέο

430 3302 549 3352 νης.
591 3280 753 3336 πόθεν
780 3281 847 3336 τὰ
876 3281 1052 3350 κακάς
1085 3283 1185 3344 Οἷς
1215 3281 1566 3356 ἀποκρίνεται
1613 3281 1683 3351 ⁷1,
1717 3283 1791 3344 ὡς
1821 3279 1884 3338 Εἰ
1921 3282 2013 3355 μὲν
2043 3281 2076 3336 ἃ

431 3368 772 3443 διατιθέαμεν
807 3369 1092 3441 ἀλλήλους
1132 3372 1271 3426 κακὰ
1308 3374 1353 3408 ⁷³
1388 3371 1576 3443 μαθεῖν
1610 3369 1850 3426 ἐθέλοιτε
1889 3371 2074 3441 πόθεν,

427 3459 553 3522 τοὺς
587 3455 828 3532 δρῶντας
861 3461 1095 3534 ὁρῶντες
1129 3461 1304 3534 μάτην
1364 3459 1540 3515 ἀίτίαν
1599 3457 1777 3531 ἀλλην
1815 3465 2025 3531 ζητεῖτε
2060 3481 2073 3494 ·

429 3551 472 3604 εἰ
506 3547 565 3606 δὲ
621 3550 653 3604 ἀ
703 3553 994 3628 πάσχομεν
1047 3548 1294 3617 ἄκοντες,
1325 3550 1415 3605 καὶ
1469 3553 1632 3604 τοῦτο
1665 3569 1896 3624 φανεραν
1954 3547 2074 3629 ἔχει

425 3641 524 3709 τήν
578 3638 756 3696 λύσιν.
813 3639 1196 3713 Ἐθολώσαμεν
1242 3635 1592 3712 παντοδαπῆς
1631 3639 1820 3702 κακίας
1867 3638 2069 3714 θυέλλῃ

425 3730 518 3784 τὸν
553 3728 693 3804 βίον,
727 3727 1034 3802 πράττομεν
1072 3728 1106 3782 ἆ
1149 3727 1413 3802 μισεῖκαὶ
1445 3727 1736 3803 ἀποτρέπει
1769 3726 1897 3790 Θεός
1935 3747 1947 3762 ·
1983 3727 2072 3783 διὰ

425 3822 586 3874 τοῦτο
632 3838 923 3896 πασχομεν
962 3817 994 3871 ἃ
1045 3818 1121 3890 μή
1173 3817 1426 3889 θέλομεν,
1453 3814 1542 3870 Ἱνα
1593 3813 1787 3888 μηκέτι
1827 3817 1964 3890 πρὸς
2009 3819 2070 3872 τὸ

424 3909 633 3962 πταίειν
707 3906 1078 3985 ἐκφερώμεθα.
1143 3909 1209 3962 Ἢ
1283 3904 1456 3981 ἐχρῆν
1544 3906 1849 3967 ὑπευθύνως
1927 3905 2068 3961 οὕτω

431 3999 682 4071 βιοῦντας
713 3995 1060 4069 εὐδαιμονίας
1116 3995 1432 4063 ἀπολαύειν,
1471 3993 1566 4050 ’ἱνα
1603 4017 1662 4050 τε
1717 3995 1882 4050 πλέον
1936 4003 2066 4059 Θεος

423 4087 670 4161 ἠγνοήθη
702 4087 794 4142 καὶ
824 4085 1230 4160 προθυμότερον
1282 4086 1418 4158 πρὸς
1457 4086 1504 4122 ⁷³
1532 4086 1599 4140 τὰ
1641 4085 1786 4155 πάθη
1827 4106 2069 4159 καταφε-

425 4178 686 4251 ρώμεθα;
719 4175 781 4232 Εἰ
833 4172 890 4230 δὲ
928 4175 1181 4250 πράττειν
1231 4174 1298 4230 τά
1340 4175 1515 4230 ἄτοπα
1547 4173 1637 4229 8ιά
1669 4181 1771 4244 τῆς
1803 4173 2066 4248 εἱμαρμέ-

421 4286 516 4335 νης
548 4266 576 4320 ὁ
606 4265 734 4325 Θεὸς
774 4267 922 4336 ἡμᾶς
953 4263 1345 4339 κατηνάγκαζε,
1377 4268 1493 4326 πῶς
1531 4262 1696 4319 πάλιν
1738 4264 1960 4332 κολάζει
1993 4264 2068 4326 ὡς

420 4354 783 4423 πταίσαντας;
814 4350 996 4429 ἕτερον
1049 4351 1106 4408 δέ
1157 4353 1322 4423 ἐστιν,
1365 4354 1440 4417 ὡς
1482 4351 1678 4422 δῆλον,
1725 4354 1786 4407 τὸ
1837 4371 2064 4428 συγχω-

2187 1963 2290 2018 per
2317 1948 2433 2002 vim
2493 1953 2757 2004 coactum
2798 1948 2954 2007 mala
2987 1955 3336 2020 perpetrare,
3368 1954 3424 2006 et
3482 1966 3721 2007 rursum
3753 1950 3827 2007 ob

2184 2034 2330 2091 illud
2360 2036 2556 2109 ipsum
2605 2037 2842 2108 puniri?
2867 2037 3254 2108 Legislatores
3285 2038 3655 2107 constituere,
3701 2055 3830 2095 sce-

2183 2124 2396 2183 leratos
2429 2129 2658 2199 punire,
2689 2133 2746 2184 et
2776 2128 3158 2184 nihilominus
3189 2127 3334 2183 alios
3363 2127 3454 2183 vel
3484 2129 3693 2184 invitos
3715 2127 3832 2183 im-

2186 2214 2398 2286 pellere
2429 2218 2502 2272 ad
2543 2219 2924 2288 peccandum,
2959 2233 3062 2272 seu
3108 2215 3182 2271 ad
3212 2214 3330 2272 alia
3378 2217 3594 2288 quibus
3624 2218 3834 2274 referta

2185 2310 2275 2362 est
2305 2307 2608 2363 hominum
2638 2311 2758 2365 vita
2785 2308 2813 2363 ‘I
2842 2310 2975 2374 Quis
3007 2308 3296 2380 siquidem
3342 2307 3403 2364 in
3441 2312 3646 2364 nostra
3692 2312 3832 2364 sunt

2188 2401 2490 2466 potestate,
2525 2397 2697 2453 nobis
2757 2414 2989 2469 quoque
3020 2413 3222 2454 eorum
3279 2413 3403 2468 quae
3462 2398 3610 2454 fiunt
3657 2396 3832 2469 culpa

2186 2486 2534 2542 sustinenda
2565 2487 2696 2554 ;sin
2729 2488 2960 2559 genesis
2992 2503 3274 2543 summam
3309 2491 3650 2557 potestatem
3683 2487 3832 2543 obti-

2186 2581 2303 2639 net,
2344 2579 2446 2630 aut
2476 2575 2598 2631 haec
2631 2574 2942 2647 culpanda,
2971 2576 3140 2630 autis
3171 2579 3345 2638 certe,
3381 2575 3482 2646 qui
3513 2575 3666 2631 hanc
3692 2590 3828 2630 con-

2185 2662 2353 2718 didit.
2400 2664 2480 2719 Ita
2519 2665 2776 2734 undique
2831 2665 3015 2720 fatum
3072 2679 3186 2719 non
3231 2663 3551 2719 consistere
3594 2667 3827 2718 tantum

2187 2751 2348 2808 nullo
2371 2753 2542 2808 modo
2573 2769 2766 2823 posse,
2795 2754 2898 2808 sed
2930 2753 3177 2824 impium
3211 2752 3454 2823 insuper
3473 2767 3621 2822 esse,
3653 2755 3829 2823 atque

2186 2840 2534 2913 probrosum
2586 2839 2972 2913 [ostenditur].
3006 2844 3214 2896 Verum
3254 2839 3345 2895 bis
3372 2844 3430 2896 et
3462 2840 3610 2898 liber
3633 2845 3832 2896 sextus

2186 2933 2243 2985 et
2263 2929 2530 3000 quintum
2565 2945 2631 2986 ac
2661 2929 3178 3002 quadragesimum
3210 2935 3377 2999 caput
3412 2928 3752 2985 absolvitur.

2255 3019 2514 3091 Septimo
2547 3029 2735 3076 autem
2787 3019 2935 3076 libro
2985 3020 3364 3092 quaestionem
3405 3019 3476 3074 ab
3517 3018 3826 3091 astrologis

2187 3109 2433 3181 proponi
2456 3108 2685 3165 solitam
2718 3109 3006 3166 dissolvit.
3026 3108 3453 3180 Dicunt;enim,
3487 3108 3604 3164 ait:
3629 3109 3823 3165 219a

2192 3198 2352 3256 Unde
2381 3198 2866 3266 exsistuntmala,
2893 3199 2940 3255 si
2974 3215 3088 3254 non
3123 3215 3157 3254 a
3187 3199 3302 3254 fato
3325 3197 3828 3270 proﬁciscuntur?

2188 3287 2413 3352 Quibus
2445 3287 2529 3343 sic
2586 3288 2894 3358 respondet
2929 3305 2942 3344 :
2976 3288 3033 3342 Si
3073 3303 3200 3358 quae
3233 3287 3403 3343 nobis
3435 3291 3640 3344 mutuo
3672 3285 3829 3343 mala

2186 3377 2492 3444 struimus,
2516 3377 2738 3434 discere
2757 3377 2950 3433 velitis
2971 3377 3126 3434 unde
3143 3377 3445 3441 exsistant,
3463 3376 3605 3431 dum
3624 3392 3828 3432 eorum

2185 3471 2506 3539 patratores
2521 3468 2732 3522 vestris
2756 3465 2943 3522 oculis
2961 3466 3330 3537 conspicitis,
3355 3465 3567 3520 frustra
3588 3481 3825 3521 causam

2185 3556 2360 3612 aliam
2408 3556 2668 3628 quaeritis
2703 3573 2716 3610 :
2750 3557 2842 3612 sin
2873 3573 2940 3612 ea
2985 3555 3159 3624 mala,
3193 3573 3320 3628 quis
3353 3555 3517 3610 inviti
3552 3556 3828 3627 patimur,

2183 3645 2358 3699 etiam
2400 3644 2578 3715 hujus
2610 3643 2824 3700 solutio
2856 3644 2928 3698 ad
2961 3643 3196 3698 oculum
3231 3647 3404 3713 patet.
3464 3642 3832 3698 Perturbavi-

2183 3748 2316 3789 mus
2347 3733 2672 3804 omnigenus
2699 3731 3095 3804 improbitatis
3127 3732 3361 3786 turbine
3391 3731 3582 3800 ipsam
3626 3730 3829 3797 vitam,

2180 3823 2426 3878 facimus
2455 3838 2581 3892 quae
2612 3822 2736 3877 odit
2767 3825 2824 3876 et
2851 3824 3147 3875 aversatur
3178 3823 3330 3875 Deus
3361 3835 3374 3886 ;
3410 3819 3539 3873 ideo
3571 3817 3831 3888 patimur

2180 3927 2304 3982 quas
2334 3910 2628 3976 nolumus,
2662 3913 2727 3964 ut
2758 3927 2830 3965 ne
2858 3909 3133 3980 deinceps
3163 3909 3225 3964 in
3255 3908 3399 3963 vitia
3427 3906 3823 3978 prolabamur.

2177 3999 2299 4054 Nisi
2323 4000 2465 4054 forte
2485 3999 2747 4069 oportuit
2766 3997 2848 4053 ita
2871 3997 3218 4052 criminibus
3249 3997 3532 4052 obnoxios
3549 3994 3825 4051 felicitate

2178 4089 2419 4160 insuper
2446 4088 2638 4159 potiri,
2663 4104 2776 4159 quo
2808 4088 2962 4143 Deus
2997 4086 3251 4157 amplius
3279 4086 3454 4143 etiam
3497 4086 3819 4157 ignoretur,

2176 4181 2232 4234 et
2263 4194 2370 4234 nos
2398 4179 2640 4247 pronius
2681 4177 2739 4231 in
2772 4175 2926 4232 mala
2971 4176 3248 4232 feramur.
3284 4179 3358 4231 At
3396 4174 3446 4230 si
3493 4177 3824 4246 perpetrare

2178 4270 2330 4325 mala
2361 4285 2462 4341 per
2494 4269 2676 4324 fatum
2721 4266 2872 4322 Deus
2910 4283 3018 4323 nos
3059 4267 3232 4339 cogit,
3265 4265 3559 4337 quomodo
3589 4278 3821 4320 rursum

2175 4359 2333 4414 velut
2372 4362 2677 4429 peccantes
2709 4357 3002 4428 castigat?
3035 4354 3204 4411 Aliud
3238 4359 3434 4410 autem
3465 4358 3573 4425 est,
3605 4360 3665 4409 ut
3694 4352 3818 4410 cla-

421 4449 530 4520 ρεῖν
565 4447 795 4519 χρᾶσθαι
836 4448 914 4516 τῷ
959 4443 1290 4516 αύτεξουσίῳ
1337 4443 1426 4497 καὶ
1474 4445 1738 4517 αἱρεῖσθαι
1781 4441 2004 4497 ἕκαστον
2035 4443 2064 4497 ὃ

2183 4465 2329 4515 rum,
2361 4447 2693 4518 permittere
2725 4446 3049 4518 quemlibet
3105 4445 3287 4501 libero
3333 4444 3574 4500 arbitrio
3627 4442 3735 4511 uti,
3766 4445 3824 4498 et

421 4532 701 4607 βούλεται,
734 4533 822 4588 καὶ
872 4531 934 4588 τὸ
979 4533 1399 4605 καταναγκάζειν
1446 4533 1699 4606 πράττειν
1743 4531 1811 4587 τὰ
1863 4529 2058 4589 ἄτοπα.

419 4628 542 4687 Πῶς
591 4620 648 4678 δὲ
702 4625 848 4695 ὑμῖν,
882 4622 1065 4698 φησὶν,
1097 4621 1304 4692 ἐπῆλθε
1335 4625 1464 4696 [360
1493 4624 1584 4696 Η]
1615 4626 1722 4677 τῶν
1776 4626 1871 4677 τοῦ
1929 4627 2063 4678 Θεοῦ

415 4711 752 4786 οἰκονομιῶν
799 4713 1056 4786 ἀγνοοῦσι
1106 4713 1168 4767 τὸ
1208 4713 1397 4787 βάθος,
1433 4712 1509 4774 εἰς
1556 4713 1618 4767 τὸ
1672 4720 1774 4782 τῆς
1805 4711 2061 4787 γενέσεως

416 4802 795 4875 ἀποτραπῆναι
827 4801 1096 4874 πλάσμα;
1141 4803 1245 4859 Καὶ
1288 4801 1373 4857 ὅτι
1418 4803 1492 4874 μή
1534 4799 1620 4857 ἐπὶ
1668 4808 1772 4874 γῆς
1811 4796 2065 4875 ἔρποντες

415 4889 493 4951 εἷς
542 4890 606 4944 τὸ
649 4893 747 4943 τοῦ
793 4893 1142 4964 Δημιουργοῦ
1171 4894 1279 4943 τῶν
1315 4890 1598 4963 κριμάτων
1637 4888 1771 4962 ὕψος
1812 4883 2060 4958 ἀνέϐητε,

415 4976 504 5032 8ιά
533 4981 695 5033 τοῦτο
730 4977 812 5033 ἐπ’
843 4977 1070 5051 ἀστέρας
1098 4978 1188 5032 καὶ
1238 4977 1475 5047 σελήνην
1526 4978 1614 5032 καὶ
1647 4976 1810 5046 ἥλιον
1839 4978 1933 5038 τὰς
1973 4977 2048 5031 αἲ⁵

411 5067 529 5129 τὶας
567 5066 816 5122 ἀνάπτειν
873 5068 1203 5140 παρήχθητε
1259 5071 1364 5121 τῶν
1407 5068 1533 5139 παρ’
1581 5068 1714 5138 ἡμῖν
1758 5063 2062 5139 πραττομέ-

410 5178 541 5227 νων,
574 5156 664 5211 καὶ
717 5156 751 5210 ἃ
809 5157 904 5229 μὲν
963 5156 1187 5218 ἑαυτοὺς
1240 5157 1452 5230 ὁρῶμεν
1504 5156 1922 5232 ἐργαζομένους,
1958 5155 2067 5229 οὐχ

410 5246 653 5319 ἡμέτερα
722 5244 854 5299 εἶναι
929 5245 1328 5320 τερατεύεσθαι,
1364 5243 1398 5298 ἃ
1455 5241 1512 5299 δὲ
1570 5244 1673 5299 οὐκ
1730 5244 1868 5300 ἔστιν
1931 5241 2060 5298 ἰδεῖν

409 5336 538 5401 τοὺς
587 5333 813 5411 ἀστέρας
876 5334 1240 5413 πράττοντας,
1290 5335 1508 5392 ἐκείνων
1591 5338 1723 5391 εἶναι
1789 5337 1851 5391 τὸ
1905 5329 2062 5411 ἔργον

2173 4538 2326 4609 quod
2358 4536 2492 4593 velit
2513 4535 2721 4609 eligere
2745 4552 2759 4605 ;
2785 4534 2964 4606 aliud,
2989 4535 3059 4590 ad
3093 4533 3512 4591 committenda
3533 4531 3682 4588 mala
3708 4531 3819 4588 im-

2174 4625 2406 4699 pellere.
2441 4626 2742 4691 Quomodo
2782 4641 2913 4681 vero
2945 4624 3128 4690 vobis,
3161 4623 3261 4690 ait,
3290 4623 3496 4678 divina
3524 4622 3823 4694 guberna-

2172 4715 2350 4772 tionis
2366 4714 2825 4786 profunditatem
2844 4711 3348 4785 ignorantibus,in
3388 4715 3643 4766 mentem
3665 4708 3822 4764 venit

2173 4805 2242 4861 ad
2277 4820 2555 4877 geneseos
2593 4803 2736 4859 illud
2789 4805 3135 4874 figmentum
3187 4800 3501 4858 converti?
3545 4800 3688 4864 Quia
3723 4813 3824 4867 per

2172 4898 2383 4950 terram
2418 4898 2715 4966 reptantes
2744 4910 2848 4949 vos
2881 4893 2951 4947 ad
2983 4891 3315 4948 Conditoris
3346 4890 3534 4961 ipsius
3563 4886 3822 4957 judicio-

2173 5000 2305 5038 rum
2333 4981 2705 5038 altitudinem
2735 4997 3098 5053 nequaquam
3123 4978 3489 5043 ascendistis,
3520 4979 3822 5048 propterea

2173 5073 2232 5128 in
2265 5071 2490 5141 stellas,
2523 5071 2750 5139 lunam,
2784 5069 3103 5141 solemque,
3161 5083 3358 5124 eorum
3403 5083 3531 5137 quae
3563 5082 3596 5120 a
3651 5063 3821 5120 nobis

2174 5162 2327 5216 ﬁunt
2358 5177 2537 5216 causa
2593 5160 2809 5216 referre
2839 5158 3030 5215 conati
3059 5157 3221 5224 estis,
3264 5161 3322 5212 et
3369 5171 3492 5227 quae
3523 5171 3629 5211 nos
3660 5153 3821 5224 ipsos

2173 5249 2403 5305 efﬁcere
2431 5249 2721 5313 videmus,
2752 5263 2820 5303 ea
2851 5263 2966 5303 non
3000 5262 3126 5302 esse
3156 5249 3354 5302 nostra
3387 5243 3633 5316 nugari;
3665 5258 3820 5314 quae-

2175 5353 2286 5409 que
2318 5344 2472 5394 astra
2502 5338 2730 5394 efficere
2764 5335 2925 5393 nullo
2957 5335 3128 5392 modo
3158 5338 3426 5407 possunt,
3466 5333 3591 5390 haec
3623 5336 3820 5388 tamen

1762 5500 2012 5557 VARUE
2054 5499 2464 5558 LECTIONKS.

479 5632 528 5668 ⁸⁵
557 5633 607 5687 εἴ
644 5633 737 5707 AL:
765 5631 862 5707 sit;~
883 5632 964 5706 ς’.
1041 5633 1088 5707 ⁸9
1118 5629 1606 5707 Οὐαλεντινιανοὺς
1637 5634 1912 5706 Scaliger.
1948 5703 1960 5707 Δ
1988 5634 2032 5707 ⁶ξ²

2183 5635 2241 5707 _A
2274 5631 2492 5707 tropi";
2688 5634 2731 5669 ⁵³
2762 5631 2868 5707 ἀπὸ
2896 5636 2997 5707 τῆς
3029 5635 3074 5689 Α
3102 5649 3120 5707 ξ
3155 5632 3258 5707 ὗπᾷ
3289 5634 3388 5703 τὴς
3578 5632 3626 5668 ‘9
3654 5626 3815 5704 πρὸς]

408 5705 489 5770 ὡς
519 5708 560 5762 Δ
594 5722 608 5763 :
684 5704 732 5741 7°
896 5703 1030 5763 libri
1060 5703 1112 5760 ὲν
1145 5712 1202 5764 et
1235 5705 1326 5763 hic
1355 5709 1412 5763 θι
1430 5706 1602 5765 infra.
1679 5707 1722 5742 '”
1753 5703 1836 5767 οἷς
1875 5703 1966 5761 καὶ
1996 5703 2091 5761 ἀπζ

2293 5706 2339 5741 ⁷³
2365 5703 2494 5765 ἀλλ.
2518 5703 2584 5764 {et
2620 5713 2760 5760 κακά
2945 5705 2992 5740 ⁷³
3020 5703 3180 5781 πρὸς]
3220 5705 3294 5768 ὡς
3325 5709 3391 5762 Α.
