4116 6224
405 367 523 427 867
1620 351 1889 414 PHOTII
1933 353 2030 414 PA

2178 354 2457 416 ΑΒΟΗΑΞ
2498 352 2617 415 CP.
3687 358 3803 418 868

410 515 515 572 per
542 496 646 553 illa
683 493 808 551 fieri
867 488 1225 547 mendaciter
1269 488 1485 558 fingere
1512 486 1540 539 ?
1569 485 1717 549 Quin
1767 500 1872 557 ego
1904 485 2027 556 ipse

2187 482 2627 560 ιαταψεύδεσθαις
2664 484 2821 560 Κάγὼ
2876 482 2954 554 δὲ,
2998 486 3157 563 φησὶ,
3204 489 3371 541 ταῦτα
3428 488 3652 563 γράφων
3707 486 3812 542 ὑπὸ

412 590 624 663 inquit,
656 590 793 645 dum
825 587 944 641 haec
995 582 1208 648 scribo,
1241 598 1274 635 a
1304 577 1523 651 genesi,
1558 578 1882 634 secundum
1930 593 2028 633 vos

2189 574 2418 635 νενὲσεως
2472 575 2592 628 καθ’
2650 574 2787 647 ὑμᾶς
2846 574 3192 649 ἡναγκᾶσθην
3232 574 3453 652 γράφειν
3510 576 3640 637 τοὺς
3689 577 3814 630 κατ’

411 660 643 736 coactus
666 693 794 732 sum
827 676 933 730 has
954 673 1081 743 ejus
1100 669 1353 726 scribere
1370 667 1874 738 reprehensiones;
1896 670 1957 721 ut
1974 666 2036 721 ite

2190 664 2331 733 ιύτῆς
2380 664 2426 699 ⁷⁸
2473 661 2764 740 ἐλέγχους,
2806 660 2944 718 ὥστε
3000 664 3091 717 καὶ
3140 664 3313 725 οὕτως
3363 665 3503 733 αὖτὴ
3536 665 3656 719 καθ’
3682 666 3815 719 ἑαυ-

414 769 589 824 etiam
623 766 869 835 ipsemet
885 762 1073 818 acrius
1096 760 1374 815 adversus
1392 757 1672 828 seipsam,
1693 772 1868 827 quam
1898 754 2039 810 ullus

2187 764 2262 825 ῖῆς
2291 758 2338 793 ⁷⁵
2364 753 2531 811 πλέον
2571 759 2677 809 τῶν
2713 750 2902 825 ἔξωθεν
2960 756 3101 829 αὐτῇ
3138 758 3468 831 μαχομένων
3517 756 3812 813 ἐπανίστα-

409 856 558 913 alius
590 854 953 911 extrinsecus
984 866 1111 905 eam
1144 862 1491 918 oppugnans
1524 845 1707 901 hostis
1760 844 2049 915 insurgat.
2160 866 2270 901 ται.

479 948 552 1001 At
580 960 713 999 vero
745 942 884 1012 quid
929 941 1095 1011 juvat
1134 954 1199 993 ea
1231 937 1480 1004 discere,
1513 950 1639 1005 quae
1669 952 1698 988 a
1730 933 1929 1005 genesi
1960 949 2053 989 ex-

2232 934 2299 992 Τί
2357 932 2413 988 δὲ
2470 935 2558 989 καὶ
2620 929 2818 1011 ὄφελος
2876 934 2937 988 τὸ
2986 934 3267 1007 μανθάνειν
3296 934 3363 990 τὰ
3392 935 3499 990 ἀπὸ
3552 936 3812 1011 γενέσεως

408 1032 795 1106 spectantur?
829 1029 975 1086 Nam
1005 1028 1053 1083 si
1086 1027 1319 1097 quidem
1343 1025 1524 1079 vitare
1554 1022 2033 1094 cognoscentibut

2186 1020 2588 1099 προσδοκώμενα
2620 1044 2634 1095 ;
2668 1023 2729 1080 Εἰ
2785 1025 2878 1095 μὲν
2919 1025 3020 1099 γὰρ
3060 1017 3173 1079 ἔστι
3204 1030 3389 1098 φυγεῖν
3443 1024 3573 1088 τοὺς
3606 1029 3811 1100 μαθόν-

410 1122 763 1187 conceditur,
791 1135 919 1190 quas
944 1118 1061 1172 fato
1086 1115 1367 1171 destinata
1399 1116 1555 1173 sunt.
1589 1112 1785 1182 inepta
1805 1119 1889 1166 est
1914 1126 2035 1181 pre:

2187 1134 2254 1174 ας
2284 1115 2317 1168 ’ὰ
2347 1112 2641 1182 ἐπέκλωσε,
2676 1112 2850 1187 λῆρος
2876 1114 2911 1181 ἡ
2970 1112 3276 1187 πρόρῥησις
3311 1134 3324 1146 ’
3359 1122 3546 1190 κρατεῖ
3595 1118 3701 1193 γάρ
3746 1118 3812 1172 τὸ

409 1212 605 1268 dictio.
631 1208 824 1265 Vincit
847 1208 1002 1262 enim
1039 1221 1165 1277 quas
1197 1203 1255 1257 in
1287 1200 1457 1257 nobis
1484 1205 1571 1256 est
1601 1199 1843 1256 facultas
1877 1214 2021 1270 gene

2189 1207 2243 1281 φ’
2273 1204 2409 1275 ἡμῖν
2453 1209 2553 1272 τῆς
2589 1200 2865 1276 γενέσεως.
2912 1201 3167 1260 Μάλιστα
3213 1200 3270 1258 δὲ
3315 1210 3432 1267 τοῖς
3481 1212 3583 1274 τῆς
3618 1206 3812 1279 εἱμαρ-

409 1304 571 1359 sim:
631 1304 687 1356 et
744 1296 1017 1362 maxime,
1070 1293 1287 1364 quibus
1346 1291 1529 1345 fatum
1592 1306 1707 1345 non
1767 1289 2024 1359 ignotum

2188 1300 2331 1362 ιένης
2374 1290 2705 1364 ἐπιστήμοσι
2749 1292 2811 1347 τὸ
2861 1290 3010 1348 λύειν
3055 1292 3226 1361 αὐτῆς
3272 1294 3365 1348 τὸν
3420 1294 3609 1366 εἰρμὸν
3668 1317 3813 1369 συμο

407 1392 627 1449 solvere
681 1387 870 1459 ipsius
924 1383 1135 1440 seriem
1186 1383 1507 1452 poterunt;
1556 1394 1687 1434 cum
1749 1377 1807 1432 hi
1867 1376 2032 1447 magi:

2192 1382 2385 1453 Ῑήσεται
2420 1402 2434 1416 ο
2477 1383 2627 1437 οὗτοι
2657 1383 2758 1456 γάρ
2789 1385 2896 1436 τῶν
2929 1380 3117 1438 ἄλλων
3156 1382 3368 1455 μᾶλλον
3400 1383 3468 1439 τὰ
3493 1383 3604 1439 ἀπὸ
3645 1385 3697 1420 ⁷⁸
3729 1406 3817 1459 γε·

407 1495 580 1553 quam
607 1475 821 1541 caeteri,
838 1490 963 1545 quae
988 1488 1021 1527 a
1042 1469 1237 1542 genesi
1262 1468 1530 1524 ordinata
1549 1470 2032 1537 suntcognoscen'

2191 1474 2350 1535 ἑσεως
2405 1472 2587 1533 αὐτοῖς
2643 1471 3013 1544 ἐπιστάμενοι,
3074 1469 3230 1529 οὐδὲν
3284 1477 3390 1528 τῶν
3452 1475 3558 1529 ἀπὸ
3604 1473 3816 1543 ταύτης

406 1552 515 1635 tes,
547 1566 690 1621 nihil
724 1579 919 1619 eorum
954 1577 1080 1633 quae
1112 1558 1240 1629 ipsa
1290 1557 1617 1626 minitatur,
1647 1555 1905 1610 accidere
1936 1553 2026 1608 sib

2188 1560 2345 1623 ,ὐτοῖς
2404 1558 2818 1632 ἀπειλουμένων
2902 1566 3196 1632 συμπεσεῖν
3278 1564 3813 1638 παραχωρήσουσιν.

409 1658 724 1731 patientur.
758 1656 829 1708 At
858 1667 964 1707 nec
988 1651 1116 1709 hoc,
1151 1648 1361 1702 iterum
1385 1646 1469 1700 illi
1490 1644 1675 1709 aiunt,
1699 1648 1859 1699 extra
1882 1657 2034 1714 gene-

2191 1650 2315 1719 ἒῖτα,
2357 1647 2514 1704 Ἀλλ’
2562 1648 2661 1703 οὐκ
2701 1647 2871 1716 ἐκτὸς,
2904 1648 3058 1725 φασὶ,
3097 1648 3354 1724 γενέσεως
3400 1651 3463 1705 τὸ
3514 1652 3816 1722 μανθάνον-

408 1764 538 1804 seos
570 1744 778 1801 seriem
800 1746 904 1809 est,
929 1739 1079 1810 quod
1101 1738 1197 1808 qui
1220 1736 1341 1791 haec
1363 1734 1767 1806 cognoverint,
1791 1732 2033 1802 eripian-

2184 1762 2252 1802 ἀς
2290 1742 2337 1777 ⁷⁷
2371 1739 2827 1796 ἀπαλλάττεσθαι.
2864 1739 3073 1797 Οὐκοῦν
3113 1743 3147 1810 ἡ
3181 1741 3387 1815 γένεσις
3419 1742 3494 1804 εἷς
3536 1743 3605 1797 τά
3660 1741 3809 1797 ἀντι-

404 1842 519 1893 tur.
547 1830 966 1905 Igiturgenesis
991 1829 1047 1882 in
1074 1826 1366 1882 contraria
1394 1823 1693 1890 dividilur,
1717 1821 2029 1895 partimqut

2193 1830 2375 1903 εἶμενα
2402 1829 2672 1903 τέμνεται,
2703 1830 2789 1883 καὶ
2850 1830 2913 1883 τὸ
2975 1830 3069 1902 μὶν
3132 1828 3299 1899 αὐτῆς
3335 1829 3619 1907 προλέγει,
3653 1831 3717 1886 τὸ
3759 1828 3818 1886 δὲ

406 1922 839 1997 praedictionem
878 1917 1135 1983 adhibet,
1169 1914 1379 1985 partim
1424 1928 1548 1967 eam
1580 1912 1766 1982 ipsam
1802 1909 2002 1965 irridet

2190 1918 2433 1994 arma};
2477 1926 2575 1987 τῆς
2634 1917 2994 1992 πορῥήσεως·
3031 1919 3091 1973 οὗ
3148 1920 3200 1973 τί
3260 1918 3320 1974 ἃν
3382 1919 3465 1989 εἴη
3524 1919 3815 1995 γελοιότε-

406 2030 522 2084 quo
546 2010 686 2082 quid
730 2006 917 2079 magis
948 2004 1255 2059 ridiculum
1298 2018 1423 2057 esse
1446 2000 1671 2071 queat?
1700 2000 2031 2068 Quanquam

2188 2028 2288 2077 iov;
2323 2006 2515 2075 Πολλή
2544 2006 2600 2062 δὲ
2630 2005 2794 2061 πάλιν
2825 2008 2917 2061 καὶ
2948 2004 3135 2069 ἄλλως
3162 2004 3346 2064 ἃδικία
3374 2007 3465 2064 καὶ
3498 2008 3813 2083 ἀνωμαλία.

408 2108 467 2158 et
496 2101 609 2156 alia
667 2113 870 2153 rursus
903 2112 970 2151 ex
1028 2098 1189 2165 parte
1238 2092 1427 2146 multa
1456 2093 1545 2145 est
1577 2088 1635 2143 in
1667 2104 1733 2143 ea
1763 2084 2033 2156 injustitit

2190 2099 2269 2158 ιιὰ
2316 2097 2369 2150 τί
2419 2096 2522 2173 γάρ
2571 2098 2646 2169 μή
2679 2097 2882 2160 πάντας
2927 2092 3105 2151 ἔπεισε
3148 2096 3455 2171 μανθάνειν,
3481 2097 3573 2153 ’ίνα
3610 2100 3815 2160 πάντες

413 2196 590 2262 atque
611 2185 999 2258 inaequalitas.
1023 2183 1136 2239 Cur
1167 2182 1322 2236 enim
1354 2194 1471 2235 non
1495 2176 1769 2233 omnibus
1789 2175 1898 2232 hoc
1929 2191 2038 2245 per-

2186 2192 2267 2242 ῖῶν
2324 2184 2598 2241 τοσούτων
2638 2184 3115 2255 ἀπαλλάττοιντο;
3162 2189 3287 2260 [696
3345 2190 3443 2261 3.]
3481 2186 3543 2243 Εἴ
3599 2184 3654 2241 δὲ
3712 2186 3811 2241 καὶ

418 2279 626 2345 suasit,
660 2281 724 2333 ut
755 2281 1027 2331 eventura
1056 2272 1166 2327 sibi
1198 2272 1508 2335 discerent,
1540 2284 1655 2339 quo
1679 2267 1818 2322 item
1852 2280 2043 2321 omnes

2191 2275 2403 2332 ιαθόντα
2435 2276 2511 2348 μὴ
2564 2273 2786 2329 δυνατόν
2832 2272 2944 2330 ἔστι
3004 2281 3216 2354 φυγεῖν,
3249 2277 3301 2332 τί
3355 2279 3469 2356 χρὴ
3526 2276 3816 2350 μανθάνειν

418 2387 487 2425 ex
517 2368 611 2424 his
641 2363 1052 2438 eriperentur?
1082 2360 1241 2425 Quod
1276 2359 1321 2414 si
1378 2374 1511 2413 vero
1541 2357 1593 2412 ei
1651 2355 1746 2426 qui
1802 2355 1913 2410 ista
1957 2370 2043 2410 co-

2195 2368 2344 2432 ιάτην
2394 2362 2483 2418 καὶ
2524 2368 2641 2425 ταῖς
2700 2363 2945 2440 φροντίσι
2999 2355 3446 2439 προδαπανᾶσθαι
3488 2368 3578 2421 καὶ
3628 2365 3820 2435 πλήτ-

418 2456 700 2528 gnoverit,
734 2453 978 2522 effugere
1035 2458 1229 2506 tamen
1262 2463 1378 2502 non
1419 2445 1553 2501 licet
1588 2470 1602 2513 ;
1643 2443 1783 2515 quid
1844 2444 2043 2497 frustra

2199 2457 2345 2509 εσθαι
2375 2452 2481 2527 πρὸ
2510 2459 2612 2522 τῆς
2652 2452 2875 2529 πληγῆς
2904 2455 2992 2508 καὶ
3046 2455 3152 2529 πρὸ
3204 2460 3300 2510 τοῦ
3346 2457 3578 2510 θανάτου
3622 2460 3822 2530 χεῖρον

420 2562 767 2620 cognoscere
790 2546 975 2616 juvat,
1010 2540 1280 2611 curisque
1335 2542 1467 2594 ante
1509 2545 1739 2608 tempus
1770 2533 2045 2599 consumi,

1373 2542 1467 2594 Dte
1509 2545 1739 2608 lemPUS
1770 2533 2055 2599 consumi,
2163 2546 2269 2597 τῶν
2296 2539 2599 2596 τεθνεώτων
2628 2539 2954 2609 κολάζεσθαι
2987 2559 2998 2609 ;

408 2636 641 2710 percelli
667 2642 796 2691 ante
820 2633 1025 2698 ictum,
1062 2634 1120 2685 et
1159 2628 1348 2685 2I9b
1390 2631 1522 2681 ante
1563 2629 1806 2682 mortem
1830 2623 2060 2696 gravius

411 2741 589 2798 quam
624 2726 806 2780 morte
835 2722 965 2793 ipsa
987 2717 1212 2791 afﬂigi?

2238 2724 2445 2778 Ἐκεῖνο
2495 2718 2551 2774 δὲ
2598 2724 2728 2774 πᾶσι
2777 2720 3100 2798 καταφανὲς,
3133 2720 3207 2781 ὡς
3258 2720 3285 2774 ὁ
3330 2721 3429 2787 τήν
3483 2721 3827 2794 εἱμαρμένην

486 2816 602 2872 Hoc
634 2829 801 2885 porro
835 2809 1108 2868 omnibus
1149 2806 1546 2879 perspicuum,
1580 2820 1699 2871 eos,
1739 2804 1839 2875 qui
1874 2802 2058 2857 fatum

2200 2808 2393 2885 ἰσάγων
2431 2807 2521 2861 καὶ
2547 2811 2652 2862 τῶν
2687 2804 2997 2862 σπουδαίων
3038 2808 3350 2882 ἀφαιρεῖται
3403 2808 3531 2870 τοὺς
3565 2807 3825 2870 ἐπαίνους

421 2908 713 2969 asserunt,
735 2907 792 2958 et
815 2899 1128 2973 proborum
1149 2897 1350 2952 laudes
1366 2898 1537 2965 atque
1554 2909 1799 2948 coronas
1822 2908 1853 2947 e
1874 2890 2046 2946 medic

2198 2902 2253 2956 ai
2288 2898 2414 2962 τοὺς
2457 2902 2766 2976 στεφάνους,
2809 2898 3035 2953 καὶτῶν
3085 2898 3403 2973 κακούργων
3444 2896 3630 2954 ἄδικον
3686 2899 3823 2953 ἀνα-

416 2995 639 3064 tollere,
697 2999 749 3047 et
796 2989 1080 3060 improbis
1129 2990 1326 3042 contra
1375 2985 1651 3054 injustam
1712 2980 2041 3037 denuntiari

2196 2988 2427 3065 μηρύσσει
2481 2990 2580 3057 τὴν
2622 2990 2814 3057 ποινήν
2856 2990 2946 3043 καὶ
2996 2990 3091 3050 τὰς
3148 2987 3394 3050 εὐθύνας.
3432 2988 3493 3043 Ei
3551 2990 3652 3062 γάρ
3695 2988 3821 3043 ἑκά-

413 3099 644 3157 ρωιιειω
700 3086 874 3151 atque
904 3076 1341 3133 correctionem.
1402 3073 1547 3128 Nam
1606 3071 1655 3127 si
1714 3069 2038 3126 necessitati

2202 3100 2318 3153 ερος
2358 3078 2406 3150 ἐξ
2455 3078 2696 3151 ἃνάγκης
2755 3076 2922 3145 ἦλθεν
2958 3076 3033 3139 εἷς
3087 3076 3150 3131 τὸ
3199 3076 3453 3150 πράττειν
3486 3076 3520 3131 ’ὰ
3557 3076 3827 3152 πράττοι,

409 3146 699 3233 adductus
739 3146 827 3223 est
858 3165 1128 3221 uterlibet
1159 3164 1228 3218 ad
1262 3179 1349 3230 ea,
1409 3178 1536 3233 quas
1595 3160 1737 3233 agit,
1782 3158 1905 3228 jam
1939 3157 2031 3229 (63

2201 3166 2289 3223 ὅτε
2333 3173 2432 3237 τῆς
2462 3169 2505 3204 ⁷⁸
2537 3166 2893 3242 ἀγαθοεργίας
2952 3164 3066 3221 ἐστὶ
3126 3146 3321 3238 μισθὸς
3362 3164 3485 3221 οὔτε
3531 3146 3637 3236 τῆς
3686 3186 3825 3221 κακ-

414 3274 604 3331 neque
635 3255 834 3312 virtuti
868 3269 1086 3309 merces
1117 3252 1232 3307 ulla
1262 3255 1369 3317 est,
1402 3266 1590 3320 neque
1622 3247 1904 3305 scelerum
1940 3263 2039 3318 pce

2207 3258 2389 3334 ›ργίας
2440 3261 2637 3323 ποινῆς
2694 3254 2969 3328 εἶ’σπραξις
3003 3273 3017 3289 ·
3050 3257 3079 3311 ὃ
3110 3261 3227 3318 πῶς
3277 3255 3378 3310 οὐκ
3424 3252 3482 3310 ἃν
3527 3253 3609 3325 ε’ίη
3675 3254 3832 3319 ὅλως

418 3365 553 3406 nam
586 3346 815 3417 exigere
845 3344 1015 3399 licet:
1064 3342 1218 3412 quod
1263 3356 1375 3395 non
1428 3344 1618 3409 potest
1651 3355 1760 3393 non
1821 3336 2043 3408 penitus

2210 3350 2323 3419 μῶν
2379 3345 2607 3419 συγχέον
2637 3344 2683 3381 7°
2725 3345 2815 3398 καὶ
2881 3344 3174 3417 άνατρέπον
3211 3345 3301 3399 τὸν
3356 3344 3473 3419 βίον
3530 3346 3618 3398 καὶ
3685 3345 3826 3398 κατᾶ

419 3444 678 3494 nostram
700 3433 875 3488 vitam
901 3430 1256 3487 confundere
1295 3432 1469 3498 atque
1500 3428 1800 3492 invertere,
1833 3430 1888 3479 et
1918 3440 2044 3479 om-

2197 3439 2259 3490 οὖ
2309 3438 2444 3490 Θεοῦ
2476 3436 2576 3503 τὴν
2612 3434 2865 3506 γλῶσσαν
2899 3434 3115 3489 πάντων
3158 3433 3344 3503 ὀξῦνον
3396 3429 3818 3507 ἀναιδέστερονς

421 3527 598 3583 nibus
620 3524 678 3578 in
700 3525 877 3577 Deum
907 3520 1167 3591 linguam
1199 3534 1364 3573 suam
1397 3516 1742 3573 acuentibus
1772 3530 1897 3569 esse
1938 3513 2046 3567 im-

2193 3524 2281 3579 )ὐκ
2312 3521 2467 3592 ἤρκει
2501 3520 2557 3576 δὲ
2586 3527 2706 3583 τοῖς
2741 3518 3033 3597 δυστυχέσι
3081 3523 3143 3577 τὸ
3174 3523 3221 3557 ⁸ο
3251 3522 3319 3576 τὰ
3357 3522 3495 3575 κακᾶ
3550 3526 3695 3574 νοεῖν
3754 3541 3818 3574 τε

417 3614 757 3689 pudentius.
774 3612 899 3667 Non
915 3607 1539 3665 sufﬁciebatnimirum
1559 3604 1810 3668 miseris,
1825 3603 1872 3658 si
1894 3618 2042 3673 coge-

2200 3613 2253 3667 αἱ
2312 3610 2491 3687 λέγειν
2549 3608 2639 3665 καὶ
2700 3611 2958 3685 πράττειν
3014 3610 3428 3685 ἀναγκάζεσθαι,
3486 3607 3636 3665 ἀλλὰ
3697 3607 3821 3664 δὲον

416 3709 619 3764 rentur
641 3701 793 3758 mala
814 3700 1089 3772 cogitare,
1110 3698 1320 3765 dicere,
1339 3696 1524 3750 facere
1546 3711 1557 3747 :
1576 3693 1674 3749 sed
1700 3709 1828 3747 cum
1852 3707 2041 3746 eorum

2200 3702 2430 3757 λεεῖσθαι
2460 3699 2549 3755 καὶ
2579 3699 2641 3754 τὸ
2700 3701 2970 3772 μισεῖσθαι
3003 3699 3352 3775 προστίθεται
3409 3700 3499 3755 καὶ
3554 3700 3617 3753 τὸ
3658 3697 3825 3753 κολά-

417 3792 684 3852 misereri
708 3792 1017 3862 oporteret,
1036 3788 1234 3843 odium
1255 3786 1496 3855 insuper
1508 3780 2053 3853 adjicituretpcena.
2169 3792 2368 3861 ζεσθαι,

483 3884 592 3941 Ubi
641 3882 687 3938 si
720 3881 852 3954 quis
898 3878 1125 3940 dixerit,
1160 3881 1427 3931 nostrum
1464 3889 1576 3928 non
1612 3888 1739 3928 esse
1771 3871 1921 3927 scire
1953 3886 2056 3926 cur

2236 3879 2302 3935 Ei
2334 3876 2391 3934 δὲ
2421 3877 2572 3954 λέγοι
2602 3898 2684 3939 τις
2717 3878 2793 3941 ὡς
2834 3877 2941 3953 οὐχ
2980 3881 3140 3953 ἡμῶν
3174 3879 3315 3934 ἐστιν
3370 3875 3565 3932 εἰδέναι
3621 3874 3712 3931 διὰ
3768 3878 3819 3933 τί

424 3976 574 4031 Deus
604 3970 781 4029 talem
831 3965 1156 4024 condiderit
1186 3962 1447 4035 genesim
1484 3986 1497 4029 ;
1542 3962 1592 4016 is
1624 3962 1763 4016 dum
1797 3959 2049 4016 modeste

2199 3971 2423 4039 οιαύτην
2457 3969 2484 4022 ὁ
2524 3968 2654 4029 Θεὸς
2686 3964 3093 4042 ἐδημιούργησε
3137 3969 3365 4045 γένεσιν,
3406 3966 3459 4022 ἐν
3501 3969 3821 4041 προσποιή-

422 4078 587 4133 agere
610 4076 671 4116 se
704 4057 891 4129 ﬁngit,
927 4055 1196 4127 pietatem
1232 4049 1582 4124 perstringit,
1609 4066 1673 4105 ac
1708 4066 1807 4120 per
1834 4065 1903 4104 ea
1932 4047 2047 4119 ipsa

2196 4079 2245 4113 ἐι
2303 4062 2400 4111 τοῦ
2463 4056 2766 4129 μετριάζειν
2821 4055 3124 4134 ἐπισφίγγει
3181 4058 3283 4125 τὴν
3334 4050 3579 4111 ἀσέϐειαν
3612 4056 3687 4123 δι,
3728 4054 3821 4110 καὶ

422 4153 596 4209 etiam
632 4148 813 4217 magis
845 4148 909 4200 fit
948 4144 1191 4215 impius,
1240 4158 1336 4213 per
1385 4159 1512 4214 quae
1547 4142 1841 4196 moderate
1903 4139 2047 4210 loqui

2195 4148 2238 4201 ῑι’
2268 4147 2344 4200 ὧν
2394 4143 2543 4199 δοκεῖ
2577 4145 2903 4219 μετριάζειν,
2940 4151 3125 4219 μεῖζον
3159 4141 3359 4201 ἀσεϐεῖ.
3394 4144 3458 4202 Εἰ
3510 4146 3614 4221 γὰρ
3673 4143 3820 4213 καλή

418 4244 664 4299 videtur.
699 4239 756 4294 Si
790 4236 941 4292 enim
975 4249 1103 4289 vere
1134 4232 1287 4287 bona
1318 4231 1547 4303 genesis
1595 4234 1706 4299 est,
1730 4246 1856 4301 quae
1890 4228 2043 4284 nobii

2198 4235 2267 4290 ιὶν
2297 4236 2330 4303 ἡ
2361 4233 2584 4309 γένεσις,
2615 4236 2750 4304 ἡμῖν
2812 4232 2870 4288 8‘s
2928 4234 3174 4308 φαίνεται
3219 4234 3382 4303 κακὴ,
3414 4232 3504 4287 καὶ
3558 4230 3723 4287 τοῦτο
3768 4229 3823 4286 δὲ

422 4331 576 4389 mala
605 4330 867 4400 apparet,
901 4326 959 4378 et
1013 4321 1069 4375 id
1104 4320 1340 4391 quidem
1402 4337 1503 4391 per
1532 4319 1715 4391 ipsam
1748 4319 2007 4389 genesim
2043 4334 2047 4374 ε

2199 4324 2275 4380 ,πὸ
2300 4323 2578 4399 γενέσεως,
2619 4322 2718 4377 οὐκ
2766 4320 2897 4396 ἐμὸν
2937 4321 2999 4378 τὰ
3057 4320 3301 4398 σφάλμα,
3343 4318 3561 4399 φαύλην
3612 4320 3824 4376 οἴεσθαι

421 4438 535 4477 non
565 4420 688 4489 jam
723 4416 831 4469 hoc
863 4427 1058 4467 meum
1110 4414 1363 4465 erratum
1398 4413 1504 4477 est,
1539 4408 1590 4463 si
1632 4407 1846 4463 malam
1900 4414 2046 4479 puto,

2204 4414 2268 4482 ην
2302 4414 2366 4468 οὐ
2399 4411 2636 4485 φαύλην,
2667 4415 2764 4466 τοῦ
2804 4409 2861 4466 δὲ
2891 4412 3150 4483 τοιαύτην
3178 4410 3352 4486 κρίσιν
3391 4407 3484 4465 διὰ
3526 4416 3629 4479 τῆς
3679 4408 3825 4484 γενέ-

423 4467 732 4582 quaadmala
764 4520 878 4560 non
936 4505 1023 4558 est
1055 4517 1069 4570 ;
1103 4498 1202 4555 sed
1258 4498 1387 4568 ejus
1431 4467 1621 4569 potius
1651 4496 1751 4568 qui
1798 4467 1916 4553 tale
1962 4467 2048 4569 pei

2228 4467 2237 4482 .
2413 4467 2421 4485 ε
2570 4467 2635 4481 ,ι
3108 4467 3119 4483 .
3218 4467 3227 4486 .
3585 4467 3626 4479 --
3693 4467 3704 4484 ι

2199 4523 2306 4565 »εως
2334 4501 2699 4572 καταθεμένου
2730 4503 2891 4571 ἡμῶν
2932 4506 3049 4564 τοῖς
3096 4500 3386 4575 λογισμοῖς
3416 4517 3428 4531 ·
3481 4498 3525 4553 εἶ
3572 4495 3630 4553 δὲ
3687 4496 3824 4571 ἐμὸν

424 4594 679 4672 genesim
711 4590 1005 4664 judicium
1047 4585 1314 4658 cogitatis
1363 4582 1571 4641 nostris
1601 4583 1867 4638 inseruit.
1919 4584 2049 4641 Nam

2197 4591 2234 4646 ’ὸ
2289 4589 2533 4665 σφάλμα,
2569 4589 2724 4652 ἐκτὸς
2774 4589 2878 4665 ἄρα
2921 4590 3177 4664 γενέσεως
3233 4588 3300 4644 τά
3354 4593 3463 4643 τῶν
3514 4586 3822 4662 λογισμῶν,

426 4688 475 4743 si
530 4698 725 4740 meum
759 4683 1014 4736 erratum
1055 4679 1162 4740 est,
1189 4674 1379 4730 aliena
1400 4672 1787 4743 eruntutique
1810 4688 1843 4726 a
1863 4673 2051 4743 genesi

2192 4683 2259 4743 »ῖς
2309 4677 2599 4735 ἂκολουθεῖ
2635 4679 2726 4735 καὶ
2768 4677 2938 4754 λόγος
2988 4678 3077 4734 καὶ
3137 4680 3353 4751 πρᾶξις,
3402 4678 3492 4732 καὶ
3557 4677 3727 4749 μάτην
3781 4674 3817 4742 ἡ

425 4786 787 4851 quaecunque
819 4769 888 4825 ad
921 4766 1173 4838 cogitata
1197 4763 1506 4836 pertinent,
1541 4776 1672 4833 qua:
1702 4767 1756 4816 et
1786 4776 1974 4817 sermo
2006 4765 2050 4816 el

2198 4769 2394 4832 νἐνεσις.
2425 4767 2675 4839 ’Δληθὴς
2716 4767 2903 4823 τοίνυν
2948 4768 3238 4841 μετριότης
3294 4767 3387 4823 καὶ
3447 4760 3703 4822 εὐλάϐεια
3759 4762 3823 4818 οὖ

423 4849 683 4939 operatio
707 4861 1058 4932 sequuntur,
1085 4854 1414 4924 frustraque
1438 4850 1609 4907 fuerit
1639 4849 1893 4921 genesis.
1920 4853 2048 4905 Vera

2207 4857 2234 4910 ὸ
2266 4858 2438 4926 κακὴν
2478 4854 2683 4911 πλάσαι
2715 4856 2945 4930 γένεσιν,
2994 4856 3105 4911 εἶτα
3155 4860 3506 4931 παραχωρεῖν
3547 4857 3667 4925 Θεῷ
3720 4856 3828 4907 τῶν

420 4938 598 5027 igitur
629 4948 946 5009 moderatio
1004 4948 1289 5015 cautaque
1342 4942 1436 4996 hic
1468 4938 1907 5009 circumspectio
1948 4956 2045 4996 nor

2209 4950 2351 4999 ακῶν
2378 4946 2480 5014 τήν
2510 4948 2729 5020 γνῶσιν,
2763 4941 2887 4999 οὐδὲ
2932 4944 3023 4999 τὸν
3078 4943 3235 4999 αὐτὸν
3297 4942 3471 5018 λέγειν
3536 4942 3699 4997 ὠθεῖν
3758 4940 3832 5002 εἷς

423 5046 519 5114 sit,
554 5043 767 5101 malam
804 5037 1041 5095 ﬁnxisse
1078 5032 1359 5107 genesim,
1392 5030 1716 5100 deindeque
1747 5028 1863 5084 Deo
1886 5028 2041 5086 malo

2209 5035 2239 5089 ὰ
2279 5036 2397 5107 [361
2440 5036 2529 5106 Η.]
2561 5034 2704 5089 κακὰ
2732 5034 2821 5089 καὶ
2852 5032 3104 5103 κολάζειν
3156 5032 3250 5096 οὖς
3301 5030 3388 5088 διά
3416 5038 3517 5100 τῆς
3568 5028 3834 5107 γενέσεως

425 5150 554 5190 rum
605 5130 1019 5204 cogitationem
1078 5122 1395 5181 concedere
1431 5138 1445 5190 _;
1484 5134 1671 5191 neque
1726 5119 1861 5174 item
1895 5118 2050 5175 illud,

2212 5119 2404 5195 ienasv.
2437 5122 2551 5182 Οὐκ
2607 5119 2719 5179 ἔστι
2768 5127 2935 5180 ταῦτα
2990 5121 3395 5200 μετριάζοντας,
3426 5118 3554 5177 ἀλλ’
3585 5118 3640 5176 ἐν
3694 5121 3837 5195 σχή·

1798 5245 2043 5303 ἾΑΒΙΑΕ
2085 5249 2465 5309 LECTIONES

500 5368 545 5402 ⁷⁸
574 5364 740 5429 αὐτῆς
772 5370 821 5421 Δ
854 5381 865 5419 :
901 5361 1097 5422 αὐτοὺς
1288 5359 1332 5433 ⁷ἕ
1370 5357 1563 5433 ἑαυτῆς
1604 5354 1859 5433 Scaliger
1892 5373 1903 5411 :
1938 5354 2071 5433 libri
2103 5357 2346 5421 ἑαυτούς.
2395 5360 2577 5433 ίτδίτὰ,
2620 5365 2662 5415 Α
2711 5377 2723 5415 :
2764 5360 2826 5414 τὸ
2878 5357 2959 5433 ς’,
3038 5358 3083 5433 τῖ
3135 5357 3408 5433 μανθάνει
3622 5353 3674 5389 ⁷⁸
3722 5350 3852 5409 οὔτε

500 5379 545 5402 ’δ’
574 5379 740 5429 αυτης
772 5379 821 5421 Δ
854 5381 865 5419 :
901 5379 1097 5422 αῡτους
1130 5379 1170 5433 5
1198 5402 1212 5416 .
1295 5379 1332 5394 ι·
1371 5379 1563 5421 suum:
1605 5379 1859 5428 ocuuger
1892 5379 1903 5411 :
1938 5379 2071 5412 μοι-ι
2103 5379 2346 5421 εαυτους.
2430 5379 2471 5396 ὐ
2500 5380 2568 5415 τα
2620 5379 2662 5415 Α
2711 5379 2723 5415 :
2764 5381 2826 5414 το
2878 5379 2918 5433 ε
2947 5401 2959 5415 .
3045 5379 3080 5394 ’-
3179 5379 3408 5411 ανῠανον

433 5438 541 5515 γὰρ
569 5443 672 5506 τῆς
861 5437 908 5472 ’⁷⁸
937 5433 1071 5491 libri
1115 5449 1127 5487 :
1165 5431 1410 5505 συγχέων
1443 5460 1506 5470 -
1540 5426 1853 5500 ἀνατρέπων
1883 5459 1949 5469 -
1982 5427 2284 5499 ὀξὺνοντος.
2361 5432 2408 5468 ⁸ο
2436 5432 2498 5486 τὸ
2530 5430 2592 5486 τὸ
2634 5433 2767 5490 add.
2802 5437 2869 5487 A.
2946 5432 2989 5468 ⁸¹
3033 5379 3303 5484 εὐσίθειαν

2035 5566 2244 5625 NOTAE

507 5689 620 5767 (63)
652 5686 860 5743 Extero
883 5683 977 5740 hic
1005 5682 1274 5741 voculam
1301 5681 1403 5758 γὰρ
1432 5698 1501 5739 ex
1531 5680 1890 5754 praecedente
1931 5680 2173 5740 forsitan
2206 5698 2375 5742 versu
2406 5683 2698 5762 illapsam.
