4116 6224
323 375 442 437 869

1416 369 1951 432 BIBLIOTHECA.
2002 404 2071 416 —
2116 371 2288 433 00D.
2336 372 2650 434 CCXXIII.

3615 384 3735 443 870

324 528 456 580 ματι
500 503 1008 580 ταπεινοφροσύνης
1071 499 1325 577 χαλεπὴν
1373 501 1584 573 ἀπάτην
1638 502 1974 580 εἰσάγοντος.

2091 506 2390 564 afﬁrmare
2418 508 2689 564 eumdem
2722 509 2778 565 et
2808 508 2880 565 ad
2904 509 3124 567 malum
3154 511 3470 584 impellere,
3497 519 3556 572 et
3583 533 3730 589 quos

323 597 400 654 Τὸ
451 593 507 651 δὶ
554 602 657 664 τῆς
707 588 976 653 εὐσεϐείας
1023 591 1174 668 γένος
1229 591 1337 671 οὑχ
1369 587 1573 666 ὑϐρίζει
1616 595 1744 648 Θεὸν
1793 591 1862 648 δι’
1904 596 1976 649 ὧν

325 681 480 740 δοκεῖ
511 687 696 758 τιμᾷν,
729 679 857 738 οὐδὲ
898 681 997 750 την
1031 681 1195 736 αὐτοῦ
1252 681 1460 756 ἀναιρεῖ
1509 681 1837 757 ἀγαθότητα,
1865 687 1973 738 τῶν

324 779 506 830 κακῶν
549 773 697 844 αὐτῷ
727 773 826 841 τήν
868 769 1110 842 ἐξουσίαν
1139 771 1407 846 παρέχον.
1441 767 1677 826 Ἀδικεῖν
1710 773 1814 848 γὰρ
1855 771 1980 827 οὕτε

325 861 470 918 οἶδεν
522 859 646 917 οὔτε
703 858 989 930 δυνήσεται
1027 861 1062 928 ἡ
1115 863 1214 914 τοῦ
1268 863 1401 914 Θεοῦ
1449 858 1696 928 ὲξουσία’
1732 859 1793 914 οὐ
1835 865 1984 915 ποιεῖ

323 953 488 1030 φονέα
527 952 617 1006 καὶ
657 949 906 1018 κολάζει,
936 945 1054 1004 οὐδ’
1093 947 1417 1023 ἀπαγορεύει
1457 948 1662 1004 πταίειν
1713 949 1803 1004 καὶ
1857 948 1980 1022 βιά-

325 1048 472 1111 ζεται
543 1038 872 1115 παρακούειν
965 1037 1055 1093 καὶ
1141 1037 1555 1112 παρακούσαντα
1629 1043 1974 1112 τιμωρεῖται.

318 1137 498 1186 Ταῦτα
528 1127 651 1185 οὔτε
695 1130 884 1202 πρέπει
916 1131 1033 1199 Θεῷ
1072 1125 1197 1182 οὔτε
1245 1123 1472 1195 εὑσεϐἡς
1522 1125 1700 1190 οὐδεὶς
1759 1125 1974 1204 δέχεται

322 1220 619 1295 λογισμός.
649 1218 730 1274 Τὰ
780 1215 836 1272 δὲ
893 1216 1165 1291 πρέποντα
1194 1218 1442 1290 νοοῦμεν,
1485 1217 1575 1271 καὶ
1632 1222 1740 1272 τῶν
1773 1217 1824 1271 ἐν
1869 1219 1974 1273 κό-

324 1332 448 1383 σμῳ
478 1308 775 1383 γινομένων
809 1309 908 1375 τήν
937 1305 1182 1376 παντελῆ
1230 1307 1544 1380 κατάληψιν
1594 1307 1742 1378 αύτῷ
1799 1329 1975 1381 παρα-

324 1400 642 1475 χωροῦμεν,
683 1401 772 1450 καὶ
820 1390 1148 1450 καταλαϐεῖν
1191 1395 1253 1450 ού
1285 1393 1731 1470 φιλονεικοῦμεν,
1769 1393 1973 1458 εἰδότες

325 1488 401 1548 ὡς
432 1487 498 1542 ού
529 1485 985 1559 καταληψόμεθα.
1023 1483 1234 1555 Ἀληθῆ
1265 1481 1322 1538 δέ
1350 1487 1485 1538 Θεοῦ
1533 1484 1774 1553 ἐξουσίαν
1817 1482 1976 1558 ’ίσμεν

323 1577 387 1633 τὸ
421 1579 565 1649 μήτε
605 1579 858 1649 πονηρῶν
896 1576 1162 1644 ἡττᾶσθαι
1195 1572 1284 1627 καὶ
1315 1574 1450 1648 πρὸς
1480 1575 1541 1630 τὸ
1570 1578 1677 1628 τῶν
1709 1571 1974 1646 δημιουρ-

322 1666 591 1740 γημάτων
640 1662 912 1742 συμφέρον
949 1664 1252 1737 κεχρῆσθαι
1291 1667 1360 1736 τῇ
1407 1662 1739 1737 ἀγαθότητι.
1777 1665 1976 1718 Σκόπει

321 1752 379 1809 δὲ
433 1753 692 1809 κάκεῖνο·
751 1753 839 1809 Ἑν
905 1751 1234 1827 κυνηγεσίοις
1318 1750 1678 1826 παροξύνουσι
1744 1751 1972 1828 ταύρους

2085 612 2150 652 eo
2184 613 2285 668 per
2314 597 2576 669 genesim
2597 597 3310 669 impulerit,nihilominus
3337 604 3581 676 punire;
3612 623 3731 664 non

2086 690 2226 741 sunt
2259 686 2380 742 haec
2407 688 2668 742 modeste
2699 685 3013 761 loquentis,
3047 689 3149 746 sed
3201 691 3324 763 ipsa
3355 694 3730 752 demissionis

2086 776 2276 845 specie
2307 776 2365 831 in
2397 792 2632 848 gravem
2657 793 2906 834 errorem
2930 778 3358 837 inducentis.At
3385 795 3519 838 vero
3549 787 3732 856 pieta-

2085 867 2202 919 tem
2237 864 2431 921 colens
2480 866 2729 935 soboles,
2763 866 2983 922 nullam
3015 867 3132 924 Deo
3179 869 3454 941 injuriam
3492 887 3594 943 per
3631 872 3732 929 illa

2085 955 2288 1010 eadem
2321 955 2478 1023 facit,
2513 972 2611 1026 per
2659 973 2785 1028 qua:
2832 957 3020 1027 ipsum
3073 959 3258 1016 colere
3289 976 3349 1016 se
3394 963 3728 1032 arbitratur,

2086 1059 2275 1114 neque
2304 1043 2429 1114 ejus
2462 1043 2611 1100 tollit
2639 1045 2981 1116 bonitatem,
3015 1047 3300 1104 malorum
3333 1049 3445 1122 ipsi
3477 1059 3730 1122 potesta-

2087 1139 2198 1187 tem
2221 1132 2608 1201 attribuendo,
2633 1133 2908 1204 injuriam
2941 1137 3092 1192 enim
3129 1137 3311 1194 facere
3341 1155 3525 1210 neque
3557 1143 3728 1199 modo

2087 1221 2461 1292 novit,neque
2491 1238 2755 1294 unquam
2781 1225 2993 1295 poterit
3014 1225 3208 1282 divina
3239 1229 3494 1298 polentia
3532 1250 3547 1290 :
3590 1248 3728 1300 non,

2084 1325 2256 1379 quem
2289 1309 2411 1366 haec
2457 1309 2810 1367 homicidam
2845 1313 2997 1381 fecit,
3022 1319 3228 1385 postea
3273 1317 3518 1389 castigat
3549 1339 3564 1388 ;
3611 1337 3728 1376 non

2084 1398 2167 1454 ita
2199 1398 2464 1470 prohibet
2495 1399 2633 1468 labi,
2661 1405 2723 1456 ut
2751 1402 2964 1457 deinde
2995 1403 3045 1459 ei
3077 1409 3245 1475 cogat
3277 1423 3390 1462 non
3425 1408 3725 1481 obtempe-

2083 1503 2209 1542 rare
2244 1493 2545 1560 pracepto,
2578 1493 2635 1545 et
2668 1490 2872 1561 puniat
2918 1492 3330 1564 negligentem.
3363 1495 3494 1553 Haec
3540 1515 3730 1570 neque

2084 1576 2142 1632 in
2172 1577 2353 1633 Deum
2383 1578 2618 1646 cadunt,
2654 1595 2840 1652 neque
2887 1598 2918 1636 a
2967 1582 3062 1653 pia
3093 1593 3281 1640 mente
3313 1585 3726 1645 admittuntur.

2082 1664 2198 1720 Nos
2231 1672 2428 1720 autem
2461 1682 2586 1737 quas
2612 1672 3005 1725 consentanea
3026 1674 3162 1726 sunt
3187 1681 3380 1728 mente
3411 1675 3723 1747 agitantes,

2084 1752 2329 1822 perfecle
2351 1755 2533 1810 Deum
2558 1756 2755 1811 omnia
2779 1774 2905 1828 quae
2924 1757 2981 1813 in
3013 1761 3231 1816 mundo
3269 1762 3437 1831 fiunt,
3472 1780 3729 1836 compre-

322 1844 458 1918 πρὸς
500 1843 548 1879 8³
600 1841 787 1917 μάχην
836 1840 1189 1916 ἐρεθίζοντες,
1225 1839 1320 1896 κᾶν
1375 1843 1450 1912 μή
1486 1844 1802 1915 χρήσωνται
1855 1846 1971 1902 τοῖς

2086 1840 2335 1898 bendere
2359 1842 2647 1911 fatemur;
2671 1848 2728 1900 at
2760 1861 2872 1901 non
2906 1847 3080 1903 etiam
3105 1849 3215 1920 ipsi
3237 1853 3729 1923 comprehendere

326 1935 544 2006 θυμοῖς,
578 1928 967 2008 ἀγανακτοῦσιν
1002 1930 1053 1984 οἱ
1086 1926 1342 1984 δεσπόται
1380 1950 1392 1962 ο
1427 1930 1455 1984 ὁ
1489 1927 1544 1984 δὲ
1581 1934 1688 1984 τῶν
1740 1929 1974 2004 ἀστέρων

321 2019 532 2096 δρόμος
590 2020 717 2082 τοὺς
762 2018 1127 2092 πειθομένους
1174 2022 1290 2078 τοῖς
1341 2016 1516 2072 αὐτῶν
1566 2017 1970 2091 ἀποτελέσμασι

319 2112 568 2174 θανάτοις
593 2106 938 2183 ἀμείϐονται.
983 2105 1226 2167 Δούλους
1266 2104 1432 2161 πάλιν
1471 2109 1633 2176 ἡμεῖς
1683 2107 1968 2162 ἀπειθοῦν-

316 2222 413 2263 τας
445 2199 779 2272 κολάζομεν,
813 2203 1066 2271 τιμῶμεν
1099 2193 1157 2250 δὲ
1189 2194 1560 2258 ὑπακούοντας
1588 2216 1600 2228 °
1644 2197 1678 2264 ἡ
1722 2194 1777 2251 δὲ
1807 2201 1972 2253 ταῦτα

322 2298 472 2347 νοεῖν
529 2313 585 2348 τε
666 2291 757 2346 καὶ
824 2291 1077 2362 πράττειν
1157 2287 1530 2362 ἀναγκάζουσα
1600 2289 1806 2362 γένεσις
1883 2289 1972 2343 καὶ

318 2381 528 2436 πταίειν
565 2378 921 2455 παρακελεύει
966 2379 1056 2434 καὶ
1107 2377 1401 2450 τιμωρίαις
1443 2376 1637 2452 ὑπάγει
1686 2379 1814 2441 τοὺς
1855 2399 1971 2431 πει-

319 2473 558 2536 σθέντας,
607 2471 696 2524 καὶ
750 2472 900 2542 ἡμᾶς
944 2469 1040 2540 μὲν
1097 2465 1340 2527 δικαίους
1401 2467 1537 2539 πρὸς
1594 2468 1639 2502 ⁸³
1685 2465 1813 2528 τοὺς
1869 2467 1972 2521 ὑπὸ

317 2567 484 2636 χεῖρα
539 2557 647 2615 ἔσθ’
679 2560 768 2614 ὅτε
825 2563 994 2625 ποιεῖ,
1026 2556 1163 2626 αύτὴ
1206 2554 1263 2610 δέ
1309 2555 1378 2610 τά
1434 2551 1743 2609 ἀδικώτατα
1791 2553 1974 2629 δρῶσα

319 2650 395 2712 εἰς
448 2651 598 2723 ἡμᾶς
655 2649 757 2704 οὐκ
815 2645 1152 2726 αἰσχύνεται.
1198 2646 1321 2718 Ἆρ’
1379 2645 1479 2700 οὐκ
1531 2644 1737 2720 ἐσχάτη
1812 2645 1974 2718 μανία

319 2736 487 2792 ταῦτα
545 2737 786 2810 νομίζειν
814 2754 827 2805 ;
860 2735 1037 2791 Ἀλλά
1086 2737 1309 2790 τοιαῦτα
1361 2734 1454 2806 μὲν
1507 2733 1596 2788 καὶ
1635 2733 1698 2788 τὸ
1732 2735 1784 2803 μ’
1812 2735 1900 2789 καὶ
1936 2735 1974 2790 ε’

327 2823 695 2900 διαλαμϐάνει
724 2824 1048 2905 κεφάλαιον.

2087 1928 2210 1986 haec
2240 1931 2669 2002 contendimus,
2702 1935 2843 1990 certi
2877 1951 2980 1992 nos
3015 1953 3318 2010 nunquam
3347 1942 3730 2014 comprehen-

2087 2035 2279 2076 suros.
2312 2019 2593 2077 Caeterum
2655 2023 2804 2079 hanc
2857 2041 2984 2081 esse
3017 2042 3205 2082 veram
3250 2027 3350 2084 Dei
3406 2031 3729 2102 potentiam

2085 2109 2645 2182 agnoscimus,quod
2680 2129 2866 2184 neque
2891 2131 2924 2169 a
2955 2115 3125 2170 malis
3156 2115 3473 2188 aliquando
3493 2135 3727 2191 supere-

2081 2204 2194 2268 tur,
2227 2207 2280 2255 et
2312 2200 2464 2272 quod
2497 2200 2554 2257 in
2587 2217 2779 2258 rerum
2811 2203 3174 2260 conditarum
3223 2205 3533 2264 utilitatem
3565 2209 3728 2264 boni-

2083 2293 2201 2344 tate
2221 2294 2516 2345 utatur.At
2540 2294 2600 2345 tu
2637 2290 2782 2346 mihi
2814 2291 2990 2347 etiam
3013 2293 3154 2348 illud
3180 2295 3505 2352 considera.
3529 2298 3728 2354 Solent

2084 2376 2139 2432 in
2182 2377 2590 2434 venationibus
2641 2381 2789 2434 tauri
2840 2380 3096 2437 stimulis
3137 2383 3396 2452 excitari,
3429 2390 3604 2457 atque
3651 2387 3722 2442 ad

2084 2468 2468 2537 pugnandum
2485 2468 2772 2538 proritari,
2803 2468 3057 2524 dolorem
3081 2487 3310 2542 quoque
3332 2473 3526 2528 2200
3546 2475 3734 2529 domi-

2083 2555 2175 2610 nis
2197 2555 2662 2620 sentientibus,si
2685 2558 2831 2613 forte
2845 2559 3038 2615 minus
3052 2562 3722 2619 excandescant.Verum

2083 2648 2378 2700 astrorum
2410 2644 2506 2700 ille
2567 2661 2772 2702 cursus
2805 2655 2988 2703 morte
3046 2655 3458 2704 remuneratur
3499 2667 3597 2706 eos
3627 2651 3726 2722 qui

2082 2733 2270 2804 ipsius
2325 2733 2595 2790 fatalibus
2627 2735 2878 2791 decretis
2927 2735 3237 2792 obsecutus
3287 2739 3478 2794 fuerit.
3513 2739 3722 2796 Servos

2083 2823 2280 2880 adhtec
2295 2830 2520 2880 nostros
2535 2825 2613 2879 im
2624 2826 2938 2897 morigeros
2957 2827 3318 2898 castigamus
3339 2829 3730 2900 obsequentes

323 2919 564 2993 praemio
590 2917 900 2975 efﬁcimus.
922 2919 994 2973 At
1015 2915 1114 2972 illa
1137 2931 1262 2986 qua;
1295 2914 1417 2970 haec
1448 2916 1698 2987 cogitare
1729 2931 1795 2972 ac
1826 2915 2011 2970 facere
2041 2915 2191 2986 cogit
2221 2915 2468 2985 genesis,
2495 2919 2552 2970 et
2577 2914 2718 2970 labit
2739 2917 2929 2987 jubet,
2955 2921 3014 2972 et
3045 2933 3354 2989 persuasos
3373 2920 3732 2976 cruciatibus

321 3009 583 3080 subjicit.
617 3008 828 3064 Eadem
864 3008 997 3064 item
1021 3020 1127 3062 nos
1159 3003 1394 3075 quidem
1418 3005 1607 3074 justos
1641 3005 1699 3060 in
1732 3003 1996 3060 subditos
2026 3003 2322 3059 interdum
2355 3003 2509 3074 facit,
2531 3021 2664 3061 cum
2697 3005 2824 3077 ipsa
2854 3005 3086 3062 interim
3112 3007 3504 3078 injustissima
3533 3008 3591 3064 in
3627 3025 3736 3066 nos

323 3101 690 3158 committere
723 3117 835 3156 non
868 3097 1403 3155 erubescat.Annon
1439 3095 1620 3168 igitur
1648 3101 1918 3152 extremae
1950 3096 2252 3151 dementiae
2285 3094 2406 3151 haac
2434 3099 2689 3152 statuere
2710 3095 2738 3150 ?
2773 3098 2962 3168 Atque
2993 3098 3113 3154 haec
3144 3098 3348 3168 quinto
3396 3103 3455 3155 et
3485 3101 3734 3170 quadra-

322 3190 546 3260 gesimo
578 3190 764 3260 capite
793 3189 1039 3244 disserit.

398 3279 525 3350 [697
556 3279 652 3349 R.]
691 3278 780 3333 ’Ev
819 3274 876 3330 δὲ
904 3280 982 3348 τῷ
1017 3277 1102 3348 μς¹
1131 3274 1292 3350 φησὶν
1327 3272 1400 3334 ὡς
1442 3272 1545 3328 ὑπὸ
1574 3280 1675 3342 τῆς
1703 3271 1974 3346 γενεθλια-

2157 3275 2608 3346 Quadragesimo
2639 3281 2803 3332 sexto
2847 3276 3036 3349 capite
3084 3276 3294 3333 asserit
3322 3276 3456 3333 illos
3486 3295 3518 3333 a
3545 3294 3722 3351 geneo

326 3365 520 3440 λογίας
569 3365 623 3420 οἱ
681 3364 994 3436 ἐκμανέντες
1040 3363 1129 3418 καὶ
1191 3362 1544 3437 Δημιουργὸν
1573 3365 1679 3415 τῶν
1727 3361 1972 3416 ἁπάντων

327 3456 689 3511 ὑποτάττουσι
735 3456 924 3526 ταύτῃ.
959 3453 1100 3508 Φασὶ
1151 3455 1278 3529 γὰρ,
1311 3451 1492 3524 ὥσπερ
1542 3452 1601 3505 τὸ
1653 3447 1973 3524 δικαιοπρα-

323 3549 440 3620 γεῖν
474 3544 583 3598 ἀπὸ
625 3542 904 3618 γενέσεως,
933 3541 1075 3596 οὕτω
1114 3543 1204 3596 καὶ
1253 3543 1316 3596 τὸ
1361 3541 1806 3615 προσευχόμενον
1865 3539 1976 3594 εἷσ-

325 3632 615 3688 ακούεσθαι
643 3631 732 3686 καὶ
770 3633 832 3687 τὸ
863 3630 1207 3704 πληροῦσθαι
1238 3634 1375 3686 Θεοῦ
1424 3629 1717 3704 παρουσίας
1767 3629 1857 3683 καὶ
1912 3628 1974 3682 τὸ

325 3723 707 3790 καταξιοῦσθαι
767 3721 1052 3794 θειοτέρων
1105 3717 1524 3792 ἀποκαλύψεων.
1562 3721 1722 3772 Ὥστε
1788 3715 1837 3786 ἐξ
1901 3719 1972 3771 ὧν

325 3809 586 3884 τολμῶσι
628 3807 826 3886 λέγειν,
852 3810 942 3864 τὸν
977 3809 1104 3864 Θεὸν
1142 3808 1416 3884 ὑπηρέτην
1467 3805 1825 3884 ἀποφαίνουσι
1877 3811 1976 3872 τῆς

322 3900 608 3974 γενέσεως,
639 3898 898 3954 κάκείνων
937 3897 1222 3974 εὐεργέτην
1274 3899 1359 3959 οῖς
1408 3896 1468 3951 ἂν
1522 3897 1549 3950 ὁ
1602 3895 1803 3966 ταύτης
1854 3893 1976 3971 δρό-

328 4010 431 4064 μος
462 3990 524 4044 τὸ
553 3989 600 4025 “
630 3990 857 4065 πάσχειν
887 3989 942 4043 εὗ
973 3986 1268 4062 ἐχαρίσατο
1292 4005 1305 4018 ⁸
1349 3985 1411 4041 οὗ
1441 3985 1493 4041 τί
1534 3985 1594 4038 ἂν
1628 3983 1713 4054 εἴη
1748 3985 1977 4040 ἀθεώτεο

325 4099 418 4154 ρον
467 4081 503 4146 ἢ
558 4073 1005 4152 δυσσεϐέστερον;
1049 4075 1112 4132 Εἰ
1167 4073 1223 4130 δέ
1277 4079 1445 4130 ταῦτα
1498 4073 1585 4128 καὶ
1642 4074 1708 4129 τά
1757 4077 1980 4128 τοιαῦτα

319 4176 421 4238 τῆς
454 4167 794 4241 εἱμαρμένης
836 4167 1162 4244 ἀφαιροῦσι,
1203 4166 1271 4220 τά
1321 4165 1546 4240 μέγιστα
1592 4167 1699 4219 τῶν
1767 4162 1981 4237 ἀγαθῶν

320 4256 501 4326 αὐτῆς
537 4255 958 4328 ἀποτέμνοντες,
995 4255 1166 4328 μόνης
1217 4251 1495 4322 δεσπόζειν
1541 4251 1812 4327 πονηρίας
1853 4253 1980 4306 ἀνασ

321 4348 652 4422 γράφουσιν.
713 4345 889 4402 Ἀλλά
941 4345 1033 4400 καὶ
1088 4343 1382 4405 πλείστους
1441 4339 1635 4412 ἔδειξεν
1691 4343 1718 4396 ὁ
1777 4342 1981 4415 μακρὸς

320 4434 528 4509 χρόνος
583 4433 634 4507 ἐξ
683 4435 878 4509 ἀρετῆς
939 4435 1014 4496 εἷς
1075 4433 1260 4488 κακίαν
1323 4429 1733 4506 μεταϐαλόντας
1768 4449 1779 4462 ⁸
1840 4428 1978 4485 ὥστε

320 4524 492 4579 πάλιν
522 4529 714 4598 κρατεῖ
741 4525 816 4578 ὧν
849 4523 946 4579 οὐκ
975 4523 1205 4598 ἐκράτει,
1235 4522 1365 4587 τοὺς
1409 4522 1646 4598 ἀγαθοὺς
1697 4521 1772 4583 εἷς
1834 4521 1977 4596 φαύ-

2085 3363 2382 3436 thlialogia
2409 3365 3063 3431 dementatos,omnium
3095 3383 3323 3438 quoque
3345 3366 3725 3424 architectum

2085 3455 2266 3510 Deum
2321 3455 2506 3510 eidem
2558 3455 2861 3524 subjicere.
2898 3457 2979 3511 Ita
3035 3457 3187 3513 enim
3250 3456 3583 3527 loquuntur,
3627 3458 3728 3526 ait,

2087 3543 2582 3613 quemadmodum
2621 3544 2776 3614 juste
2806 3544 2991 3600 vivere
3023 3561 3056 3600 a
3086 3545 3285 3617 genesi
3317 3547 3762 3616 proﬁciscitur,.

2086 3633 2170 3688 sic
2198 3637 2255 3687 et
2296 3639 2558 3688 orantem
2608 3633 2893 3701 exaudiri,
2923 3639 2980 3688 et
3008 3634 3110 3689 Dei
3142 3635 3452 3705 praesentia
3482 3635 3732 3706 impleri,

2086 3726 2142 3776 et
2171 3721 2383 3778 divinis
2405 3722 2631 3792 dignari
2667 3721 3270 3791 apparitionibus.Per
3299 3738 3365 3776 ea
3395 3723 3574 3794 igitur
3603 3739 3729 3792 quae

2087 3826 2345 3867 asserere
2366 3811 2476 3882 ipsi
2498 3810 2924 3878 audent,Deum
2941 3826 3070 3866 esse
3092 3826 3372 3882 geneseos
3398 3809 3728 3866 ministrum

2087 3901 2406 3966 declarant,
2440 3903 2612 3969 atque
2644 3897 2702 3952 in
2737 3913 2835 3952 eos
2867 3896 3022 3953 solos
3054 3914 3178 3954 esse
3208 3896 3581 3963 beneficium,
3607 3897 3732 3967 qui-

2090 3988 2200 4042 bus
2232 3987 2407 4056 hujus
2440 4003 2648 4042 cursus
2673 3985 3014 4041 beneficium
3039 3986 3297 4057 accipere
3318 3985 3569 4056 benigne
3601 4002 3733 4042 con-

2088 4076 2343 4131 cesserit.
2375 4075 2496 4138 Quo
2528 4075 2665 4146 quid
2697 4090 2826 4130 esse
2859 4077 3045 4145 possit
3076 4075 3326 4146 impium
3360 4074 3542 4144 magis
3571 4075 3599 4128 ?
3628 4075 3730 4130 Sin

2093 4163 2209 4220 haec
2239 4169 2411 4234 atque
2443 4163 2534 4220 his
2564 4163 2782 4218 similia
2813 4163 3228 4235 adimunt,jam
3263 4162 3530 4219 maximis
3564 4163 3635 4218 ab
3666 4179 3732 4220 eo

2091 4252 2604 4320 bonisdivulsis,in
2632 4268 2805 4308 unam
2829 4253 3112 4309 duntaxat
3133 4251 3419 4309 dominari
3443 4252 3731 4309 malitiam

2091 4342 2726 4414 scripserint.Attamen
2756 4348 2990 4414 tempus
3021 4343 3217 4398 docuit
3238 4357 3410 4413 quam
3442 4340 3730 4414 plurimos

2088 4449 2117 4488 ο
2150 4431 2312 4487 bonis
2344 4430 2528 4486 malos
2557 4429 2807 4486 evasisse
2840 4449 2854 4500 ;
2888 4431 2971 4486 ita
3001 4434 3063 4486 ut
3094 4431 3308 4503 probos
3336 4429 3393 4484 in
3428 4429 3731 4504 improbos

2087 4520 2526 4590 commutando,
2559 4519 2618 4576 in
2657 4536 2755 4576 eos
2786 4535 3019 4576 rursum
3069 4523 3416 4592 potestatem
3448 4520 3729 4588 obtineat,

320 4615 458 4676 λους
493 4617 918 4686 μετακινήσασα.
953 4613 1143 4675 Οὕτως
1172 4615 1206 4681 ἡ
1238 4613 1442 4683 ταύτης
1497 4612 1752 4672 ὑπόθεσις
1804 4610 1974 4664 πάντα

2086 4609 2182 4680 qui
2215 4609 2287 4664 ab
2319 4609 2448 4680 ejus
2497 4608 2753 4680 potentia
2801 4607 2964 4664 liberi
3015 4615 3192 4664 erant.
3227 4607 3384 4663 Adeo
3434 4609 3576 4664 dum
3612 4607 3734 4664 haec

322 4710 514 4780 συνχεῖ
557 4705 647 4760 καὶ
691 4704 966 4780 ταράττει,
1005 4703 1096 4758 καὶ
1142 4703 1247 4776 πρὸ
1290 4704 1507 4758 πάντων
1559 4702 1752 4770 έαυτὴν
1804 4721 1973 4756 κατα·-

320 4788 518 4849 ὗάλλει
550 4815 608 4849 τε
635 4795 726 4849 καὶ
757 4794 1086 4868 περιτρέπει.

394 4973 555 5049 Λέγει
588 4971 646 5030 δὲ
683 4973 820 5030 κατά
848 4974 910 5028 τὸ
941 4973 1062 5044 έξῆς
1103 4972 1397 5051 κεφάλαιον
1433 4975 1499 5042 (ζ’
1541 4967 1597 5025 δὲ
1641 4970 1802 5025 τοῦτό
1860 4969 1971 5026 ἐστι

317 5063 410 5118 καὶ
447 5067 526 5137 μ’)
556 5064 629 5126 ὡς
657 5065 748 5119 καὶ
795 5067 904 5119 τῶν
941 5063 1066 5138 παρ’
1089 5059 1332 5131 Ἕλλησι
1375 5057 1864 5137 φιλοσοφησάντων
1905 5061 1970 5114 τὰ

315 5152 546 5208 τοιαῦτᾶ
598 5174 738 5216 τινες
780 5152 866 5209 ἐπὶ
933 5156 1054 5207 νοῦν
1105 5151 1320 5225 θέμενοι
1360 5150 1422 5204 τὸ
1471 5150 1521 5184 ⁸⁵
1567 5153 1665 5218 τῆς
1713 5148 1971 5225 γενέσεως

317 5241 708 5317 ἐμυσάχθησάν
766 5263 824 5297 τε
879 5241 968 5297 καὶ
1024 5239 1389 5318 κατεγέλασαν
1467 5235 1715 5311 πλάσμα.
1778 5236 1969 5294 Καίτοι

314 5331 411 5386 τόν
445 5352 501 5386 τε
532 5331 759 5407 οὐρανὸν
791 5331 1072 5409 σφαιρικὸν
1101 5326 1254 5384 οὐδέν
1281 5331 1444 5397 ἧττον
1487 5328 1522 5397 ἢ
1583 5327 1732 5381 οὗτοι
1786 5323 1970 5396 ἐδόξαο

321 5427 433 5492 ζον,
463 5420 556 5475 καὶ
617 5421 729 5494 μὴν
779 5421 869 5478 καὶ
905 5421 1005 5490 τὴν
1034 5423 1143 5475 τῶν
1180 5414 1395 5488 ζωδίων
1426 5417 1667 5472 σύνθεσιν
1717 5414 1809 5469 καὶ
1866 5416 1968 5484 τὴν

315 5514 427 5566 τῶν
460 5509 760 5583 πλανήτων
790 5510 1000 5582 κίνησιν
1047 5509 1148 5566 οὐκ
1198 5505 1387 5571 ἄλλως
1441 5503 1716 5580 ἐνόμιζον.
1746 5503 1834 5567 Τίς
1875 5501 1970 5559 οῦν

2084 4699 2388 4771 statuitur,
2411 4698 2604 4755 omnia
2624 4698 3064 4754 confunduntur
3085 4701 3260 4768 atque
3290 4699 3728 4765 conturbantur,

2083 4799 2139 4847 et
2167 4789 2255 4846 vel
2289 4789 2412 4861 ipsa
2460 4804 2586 4844 sese
2635 4793 2767 4844 ante
2799 4787 2994 4843 omnia
3025 4788 3444 4860 prosternit,ac
3476 4787 3731 4842 circum-

2084 4878 2307 4950 agendo
2338 4875 2562 4932 evertit.

2153 4967 2482 5024 Proximum
2542 4965 2750 5022 deinde
2805 4969 2982 5035 caput
3039 4964 3371 5035 (septimum
3430 4961 3488 5017 id
3544 4965 3634 5017 est
3673 4964 3730 5017 et

2081 5054 2621 5129 quadragesimum)
2636 5053 3101 5120 asserit,Grecos
3114 5051 3335 5123 aliquot
3349 5049 3729 5123 philosophos

2080 5145 2203 5201 haec
2235 5147 2432 5202 animo
2480 5143 2930 5208 considerantes,
2965 5141 3110 5197 illud
3141 5142 3212 5197 de
3251 5141 3450 5214 genesi
3484 5140 3730 5212 figmen-

2078 5239 2206 5290 tum
2253 5234 2573 5290 detestatos
2604 5249 2734 5289 esse
2770 5236 2942 5303 atque
2981 5231 3256 5298 irrisisse,
3289 5245 3628 5302 quanquam
3673 5232 3731 5286 et

2081 5323 2292 5378 cmlum
2324 5323 2520 5395 ipsum
2555 5338 2670 5376 non
2695 5336 2866 5376 secus
2889 5318 3477 5393 atqueilliglohosum
3498 5333 3729 5375 assere—

2082 5415 2246 5481 rent;
2280 5414 2337 5468 et
2369 5427 2482 5466 non
2515 5409 2684 5466 aliter
2714 5410 2784 5466 de
2815 5409 3118 5482 signorum
3156 5407 3597 5480 compositione,
3632 5409 3727 5464 de-

2082 5517 2195 5574 que
2224 5501 2539 5557 errantium
2556 5499 2862 5557 stellarum
2897 5502 3058 5556 motu
3091 5502 3432 5557 statuerent.
3454 5498 3725 5564 Quaenam

1681 5603 1925 5661 VARI/1"}
1965 5599 2378 5659 LECTIONES.

394 5708 446 5746 ⁸³
473 5709 631 5786 πρὸς]
663 5708 740 5773 ὡς
779 5712 848 5768 Α.
925 5709 972 5746 ⁸³
1010 5708 1170 5786 πρὸς]
1201 5706 1276 5770 ὡς
1304 5707 1370 5764 Α.
1444 5705 1490 5742 ⁸⁸
1520 5699 1726 5782 δρόμος
1756 5702 1960 5774 ταύτης
2151 5699 2198 5736 ⁸⁸
2225 5697 2287 5754 τὸ
2319 5698 2452 5756 add.
2485 5699 2549 5756 A.
