4116 6224
458 354 572 415 871

1654 340 1919 406 PHOTlI
1964 341 2490 406 PATRIARCHAE
2532 346 2650 408 ΟΡ.

3732 345 3854 410 872

453 486 631 560 igitur
684 485 893 541 borum
960 480 1244 538 sententia
1299 487 1401 545 est,
1456 479 1611 551 quod
1676 477 1797 534 haec
1851 475 2090 548 quidem

2215 473 2390 538 αὐτοῖς
2434 478 2469 545 ἡ
2518 477 2930 552 γνώμη,τοῦτο
2982 477 3077 549 μὲν
3132 474 3407 551 δέχεσθαι,
3434 475 3607 533 ἐκεῖνο
3664 476 3722 533 δὲ
3778 479 3856 548 μὴ

458 576 791 643 admittant,
824 571 968 626 illud
1026 586 1160 625 vero
1194 569 1614 641 nequaquam?
1656 568 1732 623 Ea
1765 583 1888 637 quas
1944 570 2099 622 terra

457 666 718 734 marique
745 659 832 714 vel
865 660 920 713 in
954 675 1082 714 aere
1127 662 1183 713 et
1230 659 1451 713 caeteris
1497 656 1799 713 elementis
1831 654 2095 711 accidunt

459 749 960 824 praesignificanti,
988 750 1094 803 etsi
1124 764 1239 802 non
1272 746 1513 817 cogendi
1543 750 1641 801 aut
1660 745 1949 801 efﬁciendi
1980 742 2094 797 vim

454 842 667 896 habere
721 845 1005 895 astrorum
1040 853 1277 892 cursum
1325 836 1707 892 arbitrantur.
1742 834 1907 889 Hunc
1938 835 2093 889 enim

454 931 526 985 ad
560 945 692 985 eum
717 928 832 982 fere
847 927 1086 982 modum
1112 926 1309 981 futura
1331 926 1815 995 denuntiare,quo
1840 922 2098 978 divinan-

455 1022 535 1087 di,
571 1018 968 1091 aruspicandi,
1000 1022 1101 1072 aut
1132 1017 1340 1072 similis
1374 1034 1466 1072 ars
1496 1015 1783 1087 quaepiam
1808 1014 1955 1070 solet
1988 1032 1999 1068 :
2037 1018 2098 1070 ut

457 1124 571 1165 non
619 1115 923 1180 propterea
968 1107 1084 1161 haec
1115 1106 1381 1162 eveniant
1412 1104 1562 1174 quod
1608 1103 2094 1175 praenuntientur,

457 1201 559 1256 sed
620 1198 749 1253 ideo
806 1196 1295 1267 praenuntientur,
1355 1195 1508 1266 quod
1567 1193 1854 1249 eveniant.
1898 1192 2097 1264 Neque

456 1289 611 1345 enim
658 1292 815 1343 astra
844 1302 942 1357 per
990 1286 1103 1340 vim
1136 1286 1460 1355 gubernare
1499 1283 1621 1338 haec
1668 1282 1962 1348 inferiora,
1996 1282 2096 1337 sed

457 1380 739 1434 duntaxat
771 1392 894 1445 qum
929 1381 1055 1445 post
1085 1377 1358 1428 eventura
1374 1372 1490 1427 sint
1510 1370 2096 1427 denuntiare.Verum

455 1468 562 1526 etsi
598 1466 697 1537 qui
731 1465 884 1521 220
908 1464 936 1517 b
977 1463 1060 1518 sic
1092 1463 1371 1529 sentiunt,
1408 1476 1676 1531 magnam
1721 1459 1881 1515 illam
1914 1463 2098 1514 astro-

459 1557 721 1628 logorum
755 1552 1112 1623 impietatem
1156 1569 1189 1606 a
1220 1566 1277 1605 se
1308 1549 1646 1620 repulerint,
1679 1548 1750 1603 ad
1784 1547 2100 1618 perfectam

458 1651 656 1700 tamen
688 1641 986 1698 veritatem
1018 1656 1133 1696 non
1166 1642 1571 1711 pervenerunt.
1598 1636 1685 1692 lta
1716 1636 2005 1707 septimus
2035 1634 2099 1690 li-

458 1736 563 1791 ber
591 1730 930 1789 absolvitur.

2210 564 2523 639 προσίεσθαι
2550 584 2564 635 ;
2596 568 2722 623 ’Ότι
2762 570 2869 621 τῶν
2900 564 2987 621 ἐπὶ
3035 572 3138 639 γῆς
3187 566 3276 620 καὶ
3320 564 3596 638 θαλάττης
3627 562 3859 641 συμϐαι·

2210 655 2410 710 νόντων
2443 654 2494 709 ἐν
2519 657 2633 729 ἀὲρι
2655 677 2713 711 τε
2744 659 2871 730 [362
2902 659 2993 729 Η.]
3023 658 3113 711 καὶ
3146 662 3263 718 τοῖς
3311 655 3505 719 ἄλλοις
3555 659 3858 732 στοιχείοις

2210 746 2649 818 προσημαντικὸν
2697 748 2793 818 μὲν
2826 746 2962 801 εἶναι
3002 746 3289 819 νομίζουσι
3319 747 3408 802 τὸν
3458 752 3567 802 τῶν
3611 746 3854 823 ἀστέρων

2212 831 2439 907 δρόμον,
2474 833 2601 890 ἀλλ’
2632 835 2731 890 οὐκ
2778 837 3162 912 ἀναγκαστικὸν
3194 838 3228 907 ἦ
3270 838 3578 907 ποιητικὸν,
3632 838 3853 909 μηνῦειν

2212 919 2267 976 δὲ
2303 928 2493 979 τοῦτον
2552 925 2621 979 τὰ
2660 924 2887 998 ἐσόμενα
2935 923 3119 1000 ὥσπερ
3160 927 3247 979 καὶ
3296 928 3395 996 τὴν
3442 928 3703 999 μαντικὴν
3762 927 3854 981 καὶ

2210 1014 2307 1082 τήν
2340 1013 2386 1050 ⁸⁸
2426 1012 2773 1083 οἶωνιστικὴν
2814 1014 2903 1069 καὶ
2933 1015 3051 1069 ὅσαι
3083 1016 3272 1077 αὐταῖς
3302 1012 3681 1089 παραπλήσιοι
3714 1034 3727 1048 ⁸
3763 1016 3853 1071 καὶ

2212 1098 2310 1155 ουκ
2340 1100 2525 1172 ἐπειδὴ
2560 1101 2817 1178 προλὲγει
2850 1104 3081 1180 γίνεται,
3114 1102 3240 1159 ἀλλ’
3268 1101 3455 1172 ἐπειδή
3486 1104 3686 1177 γίνεται
3716 1126 3854 1179 προ-

2212 1188 2359 1266 λὲγει
2394 1208 2406 1221 ·
2440 1191 2530 1245 καὶ
2588 1193 2691 1246 οὐκ
2741 1190 2945 1266 ἀνάγκῃ
2989 1196 3058 1265 τῇ
3089 1192 3178 1248 ἀπ’
3213 1192 3381 1261 αὐτῆς
3410 1191 3727 1248 διοικεῖσθαι
3787 1195 3854 1247 τὰ

2210 1278 2456 1352 ἐνταῦθα,
2488 1280 2882 1355 προσημαίνειν
2913 1279 2969 1336 δὲ
3012 1283 3179 1354 μόνον
3209 1284 3277 1337 τά
3316 1281 3567 1355 ἐσόμενα.
3610 1281 3771 1338 Ἀλλ’
3802 1283 3855 1337 οἱ

2208 1372 2376 1423 ταῦτα
2409 1372 2505 1440 μὲν
2564 1371 2877 1442 νομίζοντες
2931 1372 3029 1439 τὴν
3070 1368 3289 1440 πολλὴν
3348 1376 3456 1425 τῶν
3497 1371 3853 1445 ἀστρονόμων

2212 1452 2521 1512 δυσσέϐειαν
2582 1458 2958 1528 ἀπεσείσαντο,
3016 1461 3153 1533 πρὸς
3212 1456 3269 1514 δὲ
3321 1460 3384 1514 τὸ
3431 1467 3532 1529 τῆς
3592 1458 3858 1530 ἀληθείας

2210 1541 2429 1620 ἀκριϐὲς
2459 1546 2555 1601 οὐκ
2585 1546 2860 1625 ἀφίκοντο.
2894 1546 3048 1605 Ἀλλ’
3087 1548 3140 1603 ἐν
3191 1549 3404 1612 τούτοις
3459 1549 3552 1623 μὲν
3610 1550 3700 1605 καὶ
3758 1554 3857 1605 τοῦ

2213 1636 2251 1704 ζ’
2283 1634 2453 1711 λόγου
2483 1635 2544 1691 τὸ
2583 1637 2771 1708 πὲρας.

531 1824 780 1880 Octavus
834 1836 1004 1892 porro
1035 1818 1183 1874 liber
1231 1835 1262 1873 a
1311 1816 1754 1890 quadragesimo
1784 1817 1983 1870 octavo
2014 1813 2101 1868 in-

2278 1816 2338 1871 Ὀ
2398 1812 2455 1868 δὲ
2503 1816 2557 1885 η’
2601 1813 2789 1891 λόγος,
2835 1816 2971 1871 κατά
3011 1816 3073 1871 τὸ
3125 1819 3179 1887 η’
3227 1817 3317 1872 καὶ
3371 1819 3421 1892 μ’
3460 1817 3858 1892 ἀπαρχόμενος

457 1914 701 1970 choatus
757 1909 1151 1981 capite,.duos
1199 1915 1427 1962 creatos
1485 1906 1627 1961 dicit
1684 1903 1883 1970 ccelos,
1916 1918 2096 1958 unum

456 2002 694 2075 quidem
744 1997 1083 2070 aspectabili
1136 1997 1248 2053 isto
1280 1995 1568 2066 superius,
1598 1994 1755 2066 quod
1807 2010 1924 2048 una
1962 2007 2096 2047 cum

456 2104 607 2151 terra
636 2091 982 2155 substiterit,
1014 2088 1262 2145 alterum
1295 2102 1427 2141 vero
1477 2086 1587 2141 hoc
1619 2085 1770 2157 quod
1812 2084 2096 2137 videmus.

456 2186 674 2239 Horum
706 2198 838 2252 ergo
872 2182 1123 2235 duorum
1152 2176 1400 2232 alterum
1434 2176 1570 2230 tecti
1601 2172 1769 2245 quasi
1803 2173 1989 2228 locum
2020 2176 2099 2228 te-

456 2289 612 2341 nere,
648 2272 893 2326 alterum
942 2272 1107 2322 terra:
1148 2266 1381 2337 quidem
1416 2264 1544 2318 tecti
1592 2262 1777 2318 vicem
1824 2260 2098 2317 similiter

456 2362 730 2435 praebere,
765 2359 865 2415 sed
899 2356 1084 2412 altiori
1116 2354 1201 2410 illi
1259 2352 1403 2409 ccelo
1452 2350 1559 2408 soli
1619 2352 1803 2406 instar
1859 2366 1989 2405 esse
2031 2364 2096 2405 ac

455 2447 822 2507 fundamenti
860 2470 875 2515 ;
909 2451 1123 2501 terram
1169 2442 1367 2499 adbaec
1408 2457 1586 2497 unam
1635 2456 1762 2496 esse
1795 2456 1809 2507 ;
1841 2439 2101 2496 coelestia

454 2542 594 2597 item
642 2536 1027 2612 potestatibus
1078 2532 1395 2604 majoribus
1439 2548 1568 2587 esse
1614 2530 1895 2599 subjecta,
1929 2533 1995 2583 ut
2041 2531 2099 2584 et

454 2628 787 2687 visibilibus
818 2642 885 2681 ea
916 2640 1045 2696 qua!
1075 2623 1182 2679 sub
1232 2620 1374 2677 ccslo
1419 2624 1576 2676 sunt.
1596 2619 1815 2676 Ccslum
1858 2618 2100 2688 insuper

456 2734 572 2775 non
622 2714 957 2781 rotundum,
991 2712 1085 2767 sed
1144 2708 1379 2765 tentorii
1437 2724 1505 2764 ac
1562 2707 1799 2763 fornicis
1854 2706 2097 2762 formam

455 2806 743 2879 praeferre.
770 2808 878 2857 Pro
903 2800 1137 2873 quidem
1164 2798 1438 2871 opinione
1468 2797 1879 2868 Scriptum,ut
1910 2798 2094 2865 putat,

454 2892 794 2953 testimonia
825 2891 1034 2963 profert
1066 2907 1080 2945 :
1116 2905 1228 2943 non
1261 2904 1328 2943 ea
1358 2885 1551 2942 solum
1583 2886 1653 2941 de
1684 2883 2005 2957 ﬁgura,sed
2038 2886 2095 2938 et

452 2987 522 3042 de
575 2999 782 3040 occasu
815 2984 990 3050 atque
1038 2982 1166 3034 ortu
1200 2976 1363 3032 solis.
1394 2974 1605 3031 Reddit
1636 2978 1692 3028 et
1740 2987 1979 3028 causam
2012 2971 2100 3025 in-

459 3075 736 3133 crementi
776 3088 842 3128 ac
874 3069 1230 3127 decrementi
1262 3070 1488 3124 dierum
1521 3083 1587 3123 ac
1621 3068 1880 3122 noctium
1919 3106 1933 3134 ,
1967 3063 2101 3119 alia-

2206 1903 2525 1980 κεφάλαιον,
2558 1900 2653 1958 δύο
2723 1905 2817 1978 μὲν
2876 1905 3137 1980 οὐρανοὺς
3179 1904 3324 1982 λέγει
3382 1909 3730 1981 γεγενῆσθαι,
3765 1905 3859 1961 ἕνα

2210 1994 2304 2065 μὲν
2362 1996 2458 2047 τοῦ
2526 1994 2812 2066 ὁρωμένου
2880 1993 3171 2070 ἀνώτερον,
3203 1995 3260 2049 ’ὸν
3321 1997 3412 2050 καὶ
3469 1995 3857 2073 συνυφεστάναι

2206 2081 2273 2155 τῇ
2304 2085 2398 2157 γῇ,
2428 2083 2646 2156 θάτερον
2682 2080 2737 2138 δὲ
2776 2084 2868 2138 τὸν
2902 2082 3181 2158 ὁρώμενον
3218 2104 3229 2118 '
3266 2083 3361 2141 δύο
3420 2082 3477 2140 δὲ
3534 2087 3705 2141 ’ὀντων
3756 2087 3855 2141 τὸν

2211 2173 2306 2244 μὲν
2356 2171 2563 2247 ὀροφῆς
2630 2170 2844 2247 ἐπέχειν
2906 2172 3089 2248 λόγον,
3134 2175 3226 2230 τὸν
3285 2172 3343 2230 δὲ
3398 2174 3532 2248 πρὸς
3592 2176 3682 2248 μὲν
3744 2175 3855 2242 τήν

2204 2266 2303 2336 γῆν
2339 2260 2548 2336 ὀροφῆς
2577 2259 2859 2329 ὡσαύτως,
2894 2260 3121 2338 ἐδάφους
3165 2261 3221 2318 δὲ
3251 2263 3342 2319 καὶ
3379 2264 3583 2339 βάσεως
3614 2264 3751 2339 πρὸς
3805 2264 3859 2300 ⁸⁷

2205 2351 2297 2405 τὸν
2332 2349 2688 2424 ὑπερέχοντα.
2723 2351 2819 2404 Καὶ
2870 2358 2974 2426 γῆν
3013 2349 3071 2407 δὲ
3121 2352 3266 2426 μίαν.
3302 2355 3396 2409 Καὶ
3447 2353 3512 2408 τὰ
3556 2354 3649 2426 μὲν
3680 2354 3859 2426 οὑρά-

2205 2461 2290 2493 νια
2346 2444 2466 2503 ταῖς
2518 2440 2820 2513 κρείττοσιν
2869 2441 3303 2515 ἀπονενεμῆσθαι
3346 2443 3394 2479 ⁸⁸
3424 2440 3712 2514 δυνάμεσι,
3738 2448 3859 2503 τοῖς

2207 2530 2503 2604 ὁρωμένοις
2536 2528 2591 2585 δὲ
2629 2529 2694 2585 τά
2726 2530 3024 2605 ὑπουράνια
3048 2533 3113 2569 ⁸9·
3148 2536 3239 2603 Μὴ
3275 2538 3501 2613 σφαῖραν
3528 2530 3584 2587 δὲ
3624 2534 3719 2587 τὸν
3772 2533 3860 2586 οὐ·

2207 2620 2364 2694 ρανὸν
2422 2619 2576 2688 εἶναι,
2636 2617 2783 2674 ἀλλά
2841 2628 3045 2691 σκηνῆς
3113 2622 3202 2677 καὶ
3259 2624 3507 2696 καμάρας
3569 2619 3857 2691 διασὼζειν

2208 2714 2420 2782 σχῆμα.
2458 2708 2555 2763 Καὶ
2621 2707 2822 2779 ταύτης
2870 2716 2969 2779 τῆς
3006 2708 3363 2785 ,ὑπολήψεως
3422 2710 3719 2787 Γραφικάς,
3778 2710 3859 2772 ὠς

2206 2796 2403 2865 οἷέται,
2434 2792 2742 2871 προϐάλλει
2777 2798 3096 2873 μαρτυρίας,
3129 2799 3189 2854 οὐ
3224 2801 3390 2873 μόνον
3423 2802 3547 2873 περὶ
3578 2805 3675 2855 τοῦ
3708 2802 3858 2878 σχή-

2208 2908 2398 2960 ματος,
2440 2886 2586 2942 ἀλλά
2640 2888 2732 2942 καὶ
2772 2889 2895 2963 περί
2950 2886 3152 2951 δύσεως
3211 2891 3299 2944 καὶ
3340 2890 3463 2965 περὶ
3506 2889 3778 2959 ἀνατολῆς
3808 2890 3862 2927 9°

2210 2975 2391 3047 ἡλίου¹
2428 2976 2747 3051 Αἱτιολογεῖ
2787 2975 2844 3032 δὲ
2881 2979 2972 3032 καὶ
3001 2980 3098 3047 τήν
3130 2985 3238 3034 τῶν
3280 2983 3502 3055 ἡμερῶν
3534 2980 3621 3033 καὶ
3650 2984 3863 3033 νυκτῶν

2212 3066 2593 3140 αὐξομείωσιν,
2624 3067 2715 3122 καὶ
2746 3066 2891 3123 ἄλλα
2920 3068 3040 3124 τινά
3093 3073 3317 3125 τοιαῦτα
3373 3068 3862 3144 πολυπραγμονεῖ,

457 3180 570 3238 qus
602 3166 658 3219 id
691 3179 874 3236 genus
906 3161 1132 3217 curiose
1163 3158 1490 3228 investigat,
1526 3171 1655 3211 mea
1698 3156 1933 3226 quidem
1966 3169 2100 3209 sen-

2215 3158 2285 3217 ὡς
2343 3150 2531 3230 ἔμοιγε
2591 3154 2762 3227 δοκεῖ,
2793 3158 2855 3212 τὸ
2898 3157 3185 3234 ἀναγκαῖον
3248 3159 3348 3214 οὐκ
3405 3153 3629 3234 ἔχοντα,
3661 3157 3707 3212 εἰ
3763 3158 3863 3213 καὶ

456 3254 662 3323 tentia,
700 3269 830 3324 quze
882 3249 1210 3307 necessaria
1266 3265 1381 3304 non
1414 3250 1573 3313 sunt,
1603 3245 1710 3301 etsi
1749 3260 1886 3301 cum
1927 3242 2104 3298 sacris

470 3342 719 3401 oraculis
742 3340 1157 3398 connexionem
1188 3337 1499 3408 quamdam
1525 3332 1931 3390 habent.Unde
1945 3331 2103 3402 pium

470 3434 708 3506 quidem
760 3431 918 3487 hunc
944 3428 1155 3494 virum,
1186 3442 1253 3481 ex
1300 3424 1368 3479 iis
1400 3439 1529 3495 qua:
1561 3423 1751 3486 refert,
1773 3421 2018 3491 judices,
2052 3425 2109 3472 at

468 3538 583 3579 non
607 3522 685 3576 ita
701 3520 874 3575 etiam
907 3520 1175 3573 accurata
1197 3530 1324 3569 cum
1351 3510 1788 3567 ratiocinatione
1810 3523 2107 3565 sacrarum

466 3612 900 3683 Srripturarum
933 3604 1275 3661 testimonia
1307 3601 1625 3672 producere
1657 3599 1891 3655 dixeris.

541 3701 679 3758 Inde
709 3700 781 3755 ad
815 3711 1034 3752 nonum
1065 3698 1121 3750 et
1151 3691 1661 3765 quadragesimum
1695 3692 1870 3760 caput
1911 3690 2107 3742 trans-

464 3791 647 3847 itione
679 3789 849 3855 facta,
883 3802 1057 3841 sacrae
1090 3782 1256 3838 nobis
1293 3780 1603 3851 Scriptura:
1636 3778 1811 3849 leges,
1844 3775 2107 3831 admoni-

467 3881 797 3949 tionesque,
829 3880 886 3931 et
934 3888 1211 3945 magnum
1260 3870 1403 3926 illud
1445 3866 1861 3939 redemptionis
1894 3870 2106 3921 nostra:

470 3967 811 4040 mysterium
847 3966 975 4035 (nec
1024 3959 1316 4017 immerito
1353 3960 1510 4029 sane)
1542 3956 1810 4029 praedicat
1844 3971 1857 4021 ;
1908 3954 2005 4008 ubi
2052 3956 2108 4009 et

465 4056 838 4126 astrologiam
889 4069 959 4109 ex
1011 4051 1217 4107 iisdem
1268 4047 1386 4103 illis
1424 4046 1637 4103 divinis
1683 4044 1852 4101 libris
1880 4042 2108 4116 egregie

466 4144 825 4220 perstringit.

541 4236 687 4292 Ilinc
709 4234 777 4289 ad
805 4228 1354 4302 quinquagesimum
1382 4226 1755 4298 caputgradu
1780 4224 2109 4294 facto,eum-

469 4327 600 4381 dem
626 4325 793 4378 illum
823 4333 1073 4375 errorem
1098 4314 1281 4370 nihilo
1304 4316 1539 4385 segnius
1560 4318 1879 4386 Oppugnat,
1907 4321 2111 4385 prater

470 4414 587 4469 alia
617 4412 792 4467 etiam
818 4409 930 4464 ista
960 4406 1234 4462 referens.
1262 4404 1391 4459 Etsi
1424 4404 1701 4475 quid,ait,
1722 4404 1792 4459 ab
1824 4403 1940 4459 illis
1971 4420 2111 4474 prae-

2210 3251 2325 3307 τὸῖς
2357 3247 2526 3317 ἱεροῖς
2560 3244 2771 3319 λογίοις
2798 3245 3151 3324 προσφύεται.
3188 3248 3274 3317 Ἐξ
3309 3249 3370 3302 οὗ
3404 3244 3726 3303 εὐσεϐοὖντα
3761 3249 3862 3319 μὲν

2212 3334 2302 3388 τὸν
2362 3330 2550 3407 ἄνδρα,
2584 3335 2667 3395 οἷς
2723 3335 3013 3412 κέχρηται,
3048 3334 3164 3405 θείη
3233 3335 3293 3390 ἄν
3347 3355 3453 3403 τις,
3510 3330 3761 3410 ἀκριϐείᾳ
3803 3332 3869 3390 δὲ

2216 3421 2501 3497 λογισμῶν
2556 3424 2655 3493 τὴν
2708 3421 2817 3478 τῶν
2857 3428 3140 3501 Γραφικῶν
3206 3426 3500 3499 μαρτυρίαν
3554 3426 3865 3499 προτείνειν

2217 3511 2394 3567 οὐκέτι
2427 3512 2637 3585 ὁμοίως
2671 3514 2889 3591 φήσειεν
2918 3514 2987 3569 9‘.

2288 3692 2556 3748 Ἐντεῦθεν
2604 3690 2692 3745 ἐπὶ
2733 3692 2791 3745 τὸ
2836 3692 2880 3745 θ’
2937 3692 3028 3747 καὶ
3084 3694 3139 3765 μ’
3192 3695 3240 3729 9³
3302 3689 3635 3766 μεταϐαίνων
3689 3694 3870 3772 τῖε-,φάο

2217 3780 2400 3849 λαιον,
2441 3787 2541 3850 τῆς
2580 3781 2728 3852 ἱερᾶς
2768 3783 2931 3853 ἡμῶν
2955 3787 3173 3856 Γραφῆς
3201 3784 3327 3845 τοὺς
3352 3784 3554 3856 νόμους
3603 3784 3734 3853 [700
3771 3783 3874 3854 PL]

2214 3870 2304 3924 καὶ
2334 3870 2428 3932 τάς
2461 3870 2801 3944 παραινέσεις
2830 3870 2922 3925 καὶ
2964 3872 3026 3926 τὸ
3082 3870 3217 3948 μέγα
3261 3879 3361 3941 τῆς
3393 3872 3667 3946 σωτηρίας
3699 3873 3870 3942 ἡμῶν

2219 3961 2518 4032 μυστήριον
2552 3959 2641 4014 καὶ
2685 3958 2834 4033 μάλα
2886 3956 3110 4023 δικαίως
3171 3959 3389 4034 ἐξυμνεῖ
3416 3980 3428 3993 ”
3471 3960 3527 4016 ἐν
3557 3962 3604 4032 ᾦ
3640 3961 3733 4015 καὶ
3763 3966 3868 4028 τῆς

2216 4046 2576 4120 ἀστρολογίας
2630 4046 2690 4101 ἐκ
2716 4052 2822 4102 τῶν
2855 4047 3029 4103 αὐτῶν
3059 4050 3415 4128 θεοχρήστων
3455 4048 3661 4125 λογίων
3686 4050 3865 4123 ἀρμοο

2218 4134 2347 4198 δίως
2375 4136 2723 4191 καθάπτεται.

2286 4226 2519 4282 Ἐκεῖθεν
2554 4223 2641 4279 ἐπὶ
2671 4226 2733 4280 τὸ
2770 4227 2817 4279 ν’
2848 4225 3011 4280 ἀνιὼν
3044 4226 3362 4303 κεφάλαιον,
3392 4232 3493 4295 τῆς
3526 4226 3695 4291 αὐτῆς
3724 4223 3869 4281 πλά-

2214 4336 2310 4385 νης
2370 4311 2521 4368 οὐδὲν
2572 4317 2735 4383 ἦττον
2793 4318 3238 4390 καταγωνίζεται,
3300 4314 3472 4392 λέγων
3554 4316 3689 4389 μετά
3754 4319 3867 4369 τῶν

2218 4402 2405 4459 ἄλλων
2434 4404 2509 4465 ὡς
2550 4404 2594 4459 εἰ
2633 4404 2721 4459 καί
2766 4426 2817 4460 τι
2857 4410 2963 4460 τῶν
3012 4405 3437 4481 προλεγομένων
3484 4405 3668 4468 αὐτοῖς
3716 4401 3868 4459 δοκεῖ

469 4501 689 4556 dictum
717 4496 945 4553 evenire
964 4496 1106 4552 forte
1120 4494 1402 4559 videatur,
1426 4492 1612 4547 nonid
1628 4491 1940 4564 moxlquia
1971 4473 2101 4562 prte-

2216 4490 2499 4565 ἐκϐαίνειν,
2550 4493 2653 4548 οὐκ
2709 4492 2895 4565 ἐπειδή
2952 4496 3051 4563 τὴν
3112 4490 3329 4550 ἔκϐασιν
3392 4493 3618 4570 ἔσχηκε.
3669 4490 3869 4549 Πολλά

470 4591 689 4646 dictum
710 4588 837 4657 fuit]
861 4585 1087 4654 evenit;
1123 4583 1303 4639 multa
1325 4581 1613 4653 siquidem
1643 4587 1699 4636 et
1721 4582 1889 4635 nobis
1903 4596 2105 4636 eorum

470 4698 597 4753 quae
629 4678 1116 4753 cogitaveramus,
1148 4674 1503 4739 acciderunt,
1534 4674 1592 4725 et
1616 4669 1829 4741 negotii
1861 4669 2110 4738 alicujus

464 4769 554 4828 vel
588 4768 730 4826 moti
755 4768 900 4839 jam,
934 4766 1021 4821 vel
1056 4764 1214 4819 brevi
1246 4760 1514 4818 movendi
1536 4758 1962 4829 exspectatione
1984 4775 2111 4815 sus-

467 4859 656 4933 pensi,
706 4857 848 4914 illud
899 4854 1095 4926 ipsum
1147 4851 1263 4908 tale
1301 4849 1570 4905 habuisse
1621 4847 1971 4918 principium
2024 4847 2108 4903 vel

466 4950 641 5005 finem
666 4951 865 5020 postea
882 4936 1636 5015 deprehendimus,qualem
1652 4952 2106 5008 speraveramus:

468 5055 656 5110 neque
686 5043 880 5093 tamen
898 5037 1198 5105 prOpterea
1212 5028 1389 5086 nosid
1406 5026 1822 5099 prophetarum
1844 5026 2107 5082 ordinem

467 5128 793 5193 referimus,
839 5124 941 5180 sed
993 5138 1165 5179 casus
1214 5135 1343 5176 esse
1392 5117 1552 5173 hunc
1609 5120 1899 5182 eventum,
1935 5119 2109 5187 atque

467 5217 816 5287 conjecturas
848 5208 1572 5287 agnoscimus.Enimvero
1605 5204 1654 5262 si
1686 5205 1821 5278 quid
1850 5204 2107 5261 alienum

468 5303 541 5359 ab
574 5304 829 5361 humana
876 5303 995 5359 vita
1026 5301 1424 5373 praedicerent,
1458 5313 1522 5353 ac
1553 5295 1761 5353 deinde
1806 5294 2107 5351 insolitum

2217 4585 2318 4659 γὰρ
2358 4587 2404 4621 ’³
2461 4585 2551 4639 καὶ
2597 4587 2731 4658 ἡμῖν
2771 4584 3144 4658 ἐννοουμένοις
3204 4589 3309 4641 τῶν
3360 4584 3712 4657 ἐννοηθέντων
3751 4583 3870 4637 ἀπ·-

2220 4674 2420 4743 ήντησε
2454 4693 2467 4706 ’
2510 4674 2596 4727 καὶ
2648 4680 2872 4750 πρᾶγμα
2927 4675 3281 4747 κεκινημένον
3428 4671 3865 4743 κινηοησόμενον

2218 4759 2717 4833 προσδοκήσαντες,
2752 4761 2864 4817 οἷαν
2894 4763 3207 4838 ἠλπίσαμεν
3249 4764 3431 4839 ἀρχὴν
3480 4756 3655 4818 λαϐεῖν
3690 4759 3729 4827 ἢ
3769 4757 3865 4814 τέ-

2219 4850 2340 4920 λος,
2371 4851 2619 4906 τοιοῦτον
2655 4848 2843 4907 λαϐεῖν
2874 4854 2920 4889 9‘
2948 4848 3465 4926 κατελάϐομεν.Καὶ
3497 4850 3559 4906 οὗ
3589 4848 3677 4904 διὰ
3698 4851 3865 4904 τοῦτο

2218 4938 2559 5015 χειροτονίαν
2616 4941 2828 5004 ἑαυτοῖς
2897 4941 3232 5019 προφητείας
3298 4939 3652 5019 ἐπιφὲσομεν,
3720 4936 3865 4993 ἀλλά

2220 5028 2510 5103 συντυχίας
2542 5029 2576 5099 ἢ
2616 5030 2703 5084 καὶ
2739 5035 3057 5107 στοχασμοῦ
3102 5032 3199 5101 τὴν
3252 5025 3518 5086 ἀπόϐασιν
3570 5025 3726 5104 ἔργον
3781 5047 3863 5099 γι-

2217 5118 2522 5191 νώσκομεν.
2566 5118 2629 5175 Εἰ
2664 5119 2758 5189 μὲν
2790 5119 2895 5194 γάρ
2924 5141 2977 5175 τι
3018 5123 3114 5176 τοῦ
3144 5118 3485 5194 ἀνθρωπίνου
3520 5116 3643 5192 βίου
3693 5114 3869 5169 ἀλλό-

2216 5226 2368 5280 τριον
2428 5209 2858 5281 προεκήρυττον,
2899 5209 3012 5264 εἶτα
3076 5209 3138 5263 τὸ
3194 5207 3339 5278 ξενον
3390 5201 3669 5280 ἐξέϐη,οὐ
3725 5201 3869 5278 λέγω

2218 5294 2495 5359 πολλάκις
2528 5294 2653 5351 ἀλλ“
2688 5298 2845 5371 ἅπαξ,
2878 5297 3164 5371 θαυμάζειν
3212 5296 3355 5359 εἶκὸς
3386 5297 3451 5366 ἦν
3483 5342 3498 5367 ,
3532 5294 3578 5350 εἷ
3613 5291 3673 5349 δέ
3713 5313 3771 5369 γε
3804 5290 3878 5347 τά.

1817 5422 2061 5478 νΑΡιΙᾹΞ
2104 5423 2519 5481 LECTIONES.

538 5528 584 5565 8⁸
611 5527 716 5593 τὴν
749 5542 864 5581 om.
902 5544 988 5597 pr.
1014 5529 1079 5582 A.
1154 5528 1198 5563 ⁸⁷
1227 5527 1389 5599 προς]
1425 5523 1498 5586 ὡς
1530 5529 1597 5578 Α.
1673 5521 1723 5556 ⁸⁸
1763 5521 2194 5593 ὑπονενεμῆσθαι
2382 5522 2430 5558 ⁸9
2464 5523 2761 5595 ὑπουράνια
2785 5525 3058 5581 Schottus
3084 5541 3097 5580 :
3125 5524 3220 5578 ὑπε
3261 5543 3322 5577 ου
3363 5519 3482 5576 ἀνια
3670 5520 3721 5555 ⁰⁰
3749 5519 3883 5592 περὶ

545 5605 603 5657 te
639 5594 909 5669 ἀνατολῇς
941 5600 1071 5655 add.
1106 5606 1171 5656 Λ,
1251 5598 1297 5635 91
1333 5599 1492 5669 φήσει
1518 5598 1583 5651 Α.
1659 5594 1705 5629 ⁹²
1738 5595 1779 5648 θ’
1818 5592 1908 5648 καὶ
1944 5598 1993 5667 μ’
2019 5595 2063 5649 Α
2099 5610 2111 5648 :
2151 5600 2203 5668 μ’
2232 5593 2324 5649 καὶ
2353 5594 2396 5648 θ’
2587 5594 2635 5632 9³
2664 5592 2851 5651 πολλά
2892 5596 2987 5669 μὶν
3027 5595 3130 5669 γάρ
3328 5541 3377 5630 ξ⁴
3414 5587 3600 5649 λαϐεῖν
3648 5609 3738 5666 pr.
3777 5595 3821 5648 Α
3863 5610 3883 5651 :

3102 5616 3253 5672 PS-

466 5605 603 5673 θοις
639 5592 915 5673 ἀνατοὶέξξ
941 5600 1071 5655 add.
1106 5606 1171 5656 Λ,
1251 5592 1297 5635 σί
1333 5592 1492 5673 φησει
1518 5598 1583 5651 Α.
1659 5594 1705 5629 ⁹²
1738 5595 1779 5648 θ’
1818 5592 1908 5648 καὶ
1944 5592 2063 5667 μ’νΑ
2099 5610 2111 5648 :
2151 5600 2203 5668 μ’
2232 5592 2324 5649 καὶ
2353 5594 2396 5648 θ’
2587 5592 2635 5632 9³
2664 5592 2851 5651 πολλά
2892 5596 2987 5671 μὶν
3027 5595 3098 5671 γά

468 5663 775 5730 ἀπολαϐεῖν

3356 5595 3377 5629 ⁴
3414 5587 3600 5649 λαϐξῖν
3648 5609 3738 5666 pr.
3777 5587 3833 5648 Α·
3863 5610 3883 5651 :
