4116 6224
273 296 384 358 873

1352 299 1894 361 BlBLlOTHECA.
1939 334 2017 345 —
2057 302 2234 364 COD.
2278 304 2590 368 CCXXIII.

3554 308 3671 366 8'74

276 427 537 506 φιλουντα
583 425 899 503 συμϐαίνειν
955 426 1178 485 δοκοῦσι
1228 429 1537 507 προλέγειν,
1593 433 1647 487 τί
1705 435 1917 507 θαυμα-

2035 434 2200 508 illud,
2232 454 2348 494 non
2373 439 2502 494 dico
2525 439 2761 510 saepius,
2785 441 2882 496 sed
2909 440 3089 497 semel
3111 441 3428 497 admodum
3454 441 3676 497 evenis-

275 519 392 574 στὸν
445 519 492 574 εἰ
543 518 901 594 τυγχάνουσιν
931 538 944 589 ;
976 518 1049 575 Ού
1077 521 1179 596 γὰρ
1213 517 1323 575 ἔστι
1367 519 1569 598 ῥᾳδίως
1624 521 1921 598 ἀποτυχεῖν

275 607 322 663 ὲν
371 607 572 678 πλήθει
628 606 906 683 βάλλοντα
962 608 1086 671 τοὺς
1137 608 1379 683 λόγους·
1428 612 1734 681 θαυμαστὸν
1769 609 1826 665 δὲ
1852 612 1920 680 ἧν

277 695 510 770 μᾶλλον,
543 697 589 751 εἰ
639 695 727 751 διὰ
774 698 976 759 παντὸς
1025 698 1419 774 ἀπετύγχανον.
1472 699 1534 755 Εἰ
1576 696 1632 754 δὲ
1677 699 1766 754 καὶ
1800 697 1914 754 δαί-

277 810 443 862 μονας
470 787 660 864 ἔχουσι
710 789 1022 864 συνεργοὺς,
1053 789 1234 865 ὥσπερ
1287 792 1379 845 οὗν
1431 788 1655 869 ἔχουσιν
1698 791 1918 866 ἐπικρα-

273 876 522 938 τύνοντας
569 877 746 932 αὐτῶν
795 880 894 947 τὴν
925 879 1053 951 [263
1083 880 1175 952 H.]
1233 878 1562 955 πρόρρησιν,
1615 879 1788 935 οὐκέτ’
1857 877 1914 934 ἂν

273 967 317 1021 εἰ
348 965 764 1042 ἐπιτυγχάνοιεν
804 968 1166 1042 ἀπορήσαιμι,
1201 967 1346 1023 ἀλλὰ
1393 966 1592 1040 πολλῷ
1626 968 1839 1040 μᾶλλον
1873 970 1918 1023 εἰ

277 1056 348 1127 μὴ
384 1053 814 1130 ἐπιτυγχάνοιεν.
852 1061 1177 1132 Συνεργοῦσι
1221 1053 1278 1110 δὲ
1307 1056 1524 1119 τούτοις
1558 1058 1609 1112 οἱ
1642 1055 1917 1132 δαίμονες,

274 1140 474 1205 εἰδότες
528 1143 622 1217 μὲν
679 1143 742 1198 τὰ
772 1145 918 1218 παρὰ
957 1149 1077 1206 τοῖς
1123 1143 1487 1220 ἀστρολόγοις
1540 1146 1917 1220 γεγραμμένα,

273 1232 617 1307 πληροῦσθαι
650 1229 707 1287 δὲ
750 1237 918 1288 ταῦτα
966 1233 1154 1308 ἀγῶνα
1201 1235 1376 1290 πάντα
1412 1232 1917 1309 καταϐαλλόμενοι,

269 1322 359 1376 ἵνα
386 1322 488 1391 τὴν
519 1328 622 1390 τῆς
664 1321 1007 1397 εἱμαρμένης
1045 1323 1260 1394 πλάνην
1292 1323 1408 1386 τοῖς
1450 1325 1799 1398 πειθομένοις
1836 1323 1923 1379 ἒν·-

271 1411 524 1482 τήξαντες
567 1415 665 1466 τοῦ
704 1411 862 1466 Θείου
909 1413 1310 1489 κατολιγωρεῖν
1359 1413 1708 1472 ἀναπείσωσι.
1774 1421 1926 1489 Προ-

273 1498 420 1575 λέγει
453 1499 510 1556 δὲ
562 1501 630 1555 τα
682 1495 872 1576 βιϐλία
911 1501 1150 1557 πλοῦτον
1189 1502 1279 1557 καὶ
1346 1504 1530 1557 πενίαν
1589 1504 1680 1558 καὶ
1731 1502 1828 1559 ὅσα
1869 1504 1920 1558 ἐν

277 1590 402 1664 βίῳ.
446 1589 570 1648 Ἐπὶ
603 1586 660 1644 δὲ
688 1594 855 1645 ταῦτα
884 1589 1010 1653 τοὺς
1054 1588 1316 1664 δαίμονας
1349 1597 1624 1668 συνεργεῖν
1656 1593 1717 1647 ού
1749 1591 1924 1667 χαλε-

2033 533 2139 591 set,
2176 526 2380 582 merito
2429 527 2708 583 admirari
2759 527 2986 584 licebat.
3019 531 3090 584 At
3131 545 3262 584 cum
3294 545 3363 584 ea
3393 546 3518 600 quae
3553 527 3673 600 ple-

2032 631 2268 686 rumque
2298 617 2562 673 accidere
2591 617 2780 673 solent
2829 618 3140 689 praedicere
3170 618 3499 686 videantur,
3532 618 3674 688 quid

2027 705 2240 760 mirum
2277 706 2324 760 si
2359 711 2512 762 recte
2537 706 2896 777 conjiciant?
2925 725 3039 762 non
3061 708 3217 762 enim
3251 706 3416 761 facile
3445 710 3530 761 est
3553 710 3672 760 tam

2027 793 2210 849 multa
2240 795 2524 850 dicentem
2558 796 2843 851 aberrare.
2885 797 3075 852 221a
3114 796 3261 860 Quin
3298 795 3441 850 illud
3483 792 3677 866 potius

2028 884 2362 938 mirandum
2396 885 2491 952 sit,
2527 899 2758 956 semper
2787 885 2831 940 si
2864 887 3220 941 aberrarent.
3250 884 3381 939 Jam
3416 883 3465 939 si
3497 883 3672 938 eliam

2029 973 2324 1029 daemones
2356 973 2606 1029 habeant
2636 975 2953 1045 adjutores,
2988 973 3486 1045 quemadmodum
3529 986 3670 1027 sane

2028 1063 2266 1129 habent,
2294 1062 2390 1132 qui
2420 1063 2678 1134 ipsorum
2705 1064 3136 1135 praedictionem
3161 1062 3534 1125 conﬁrmant,
3560 1076 3676 1114 non

2031 1151 2283 1222 amplius
2314 1155 2438 1207 tum
2474 1151 2650 1207 mirer
2693 1153 2743 1208 si
2775 1157 2926 1209 recte
2975 1153 3322 1222 conjectent,
3356 1151 3459 1206 sed
3492 1147 3675 1204 multo

2033 1241 2220 1312 magis
2253 1241 2299 1296 si
2334 1258 2449 1297 non
2480 1246 2632 1297 recte
2677 1242 3008 1312 conjiciant.
3043 1242 3337 1312 Adjuvant
3385 1239 3542 1295 enim
3573 1254 3673 1294 eos

2032 1330 2346 1396 daamones,
2371 1331 2430 1385 in
2453 1331 2882 1401 astrologorum
2906 1331 3142 1401 scriptis
3164 1329 3418 1385 maxime
3437 1326 3672 1396 versati,

2032 1420 2190 1475 omni
2224 1421 2291 1475 ad
2329 1421 2449 1475 haec
2481 1422 2831 1492 perficienda
2861 1422 3231 1477 contentione
3261 1418 3537 1484 adhibita,
3562 1432 3677 1488 quo

2035 1508 2336 1576 nimirum,
2367 1509 2466 1564 illo
2499 1511 2569 1566 de
2600 1511 2714 1566 fato
2746 1527 2940 1566 errore
2967 1510 3143 1565 nimis
3175 1507 3430 1564 credulis
3459 1507 3672 1574 infuso,

2035 1603 2430 1668 contemptum
2483 1599 2721 1670 insuper
2773 1599 2869 1655 Dei
2932 1599 3020 1654 his
3071 1598 3217 1669 ipsis
3269 1596 3674 1668 persuadeant.

271 1683 395 1736 πόν·
427 1682 518 1736 καὶ
569 1684 674 1757 γὰρ
703 1683 793 1737 καὶ
836 1685 1002 1756 ἡμεῖς
1045 1681 1332 1754 ἀλλήλους
1381 1682 1568 1738 πολλὰ
1615 1684 1822 1739 τούτων
1864 1683 1922 1739 ἂν

2035 1687 2363 1742 Prmdicunt
2391 1693 2584 1744 autem
2609 1689 2950 1760 hujusmodi
2984 1688 3113 1743 libri
3144 1687 3399 1752 divitias,
3434 1700 3680 1757 pauper-

275 1769 633 1845 βουληθέντες
681 1770 1021 1844 διαθείημεν,
1069 1774 1105 1843 ἢ
1158 1774 1428 1834 πείθοντες
1470 1773 1504 1842 ἢ
1550 1774 1856 1835 ἀπατῶντες
1889 1773 1924 1842 ἢ

2037 1781 2236 1846 tatem,
2270 1782 2327 1833 et
2356 1757 2714 1850 quaecunque
2737 1778 3070 1850 contingere
3093 1777 3149 1832 in
3187 1777 3296 1833 hac
3323 1776 3440 1830 vita
3469 1773 3678 1842 solent,

269 1860 788 1937 καταναγκάζοντες.
850 1861 1218 1936 Κατισχύουσι
1274 1865 1318 1898 ⁸⁸
1386 1859 1444 1916 δὲ
1504 1863 1925 1937 ἁμαρτανόντων

268 1950 329 2004 τὸ
380 1946 662 2023 δαιμόνιον
707 1949 876 2026 φῦλον
909 1948 1100 2025 ἄγουσί
1151 1971 1210 2006 τε
1251 1950 1340 2004 καὶ
1393 1951 1614 2025 φέρουσι
1643 1952 1770 2012 τοὺς
1800 1958 1923 2006 πέι-

272 2037 538 2113 θομένους
578 2037 706 2093 ὅποι
739 2037 798 2092 ἂν
851 2039 1142 2112 βούλοιντο
1182 2042 1246 2096 ⁸⁸.
1290 2038 1592 2096 Βούλονται
1627 2038 1682 2095 δὲ
1712 2041 1847 2114 πρὸς
1877 2041 1924 2077 9"

269 2129 366 2190 τὰς
409 2131 517 2182 τῶν
561 2124 914 2202 ἀστρολόγων
956 2125 1164 2190 ἀπάτας
1212 2129 1304 2182 τὸν
1356 2127 1622 2202 ἡμέτερον
1665 2128 1924 2204 ἁρμόζειν

276 2216 414 2291 βίον,
442 2213 540 2270 ’ἶνα
587 2217 681 2278 τας
713 2217 807 2288 μὲν
841 2210 1086 2280 ἐκϐάσεις
1131 2217 1363 2290 ὁρῶντες
1402 2222 1518 2278 τοῖς
1557 2217 1919 2293 ἀστρολόγοις

271 2307 625 2384 συμφώνους,
653 2305 782 2368 τοὺς
823 2303 878 2360 δὲ
920 2311 1088 2362 ταῦτα
1135 2306 1468 2380 πράττοντας
1522 2309 1598 2380 μή
1647 2313 1923 2382 συνορῶν-

275 2416 386 2466 τες,
418 2400 516 2450 τοῦ
561 2416 620 2450 τε
659 2394 868 2471 δρόμου
915 2401 1024 2451 τῶν
1075 2397 1313 2472 ἀστέρων
1352 2399 1404 2451 οἱ
1445 2398 1790 2471 ἠπατημένοι
1822 2419 1916 2453 κα-

271 2484 656 2562 ταψεύδοιντο,
688 2487 776 2542 καὶ
819 2494 921 2558 τῆς
966 2483 1236 2549 εὐσεϐείας
1276 2490 1363 2542 καὶ
1399 2485 1748 2560 δικαιοσύνης
1780 2490 1920 2563 ἆμεκ

276 2575 544 2646 λήσαντες
578 2577 655 2638 εἷς
690 2577 781 2632 τὸν
812 2583 913 2646 τῆς
943 2572 1189 2638 ἀσεϐείας
1230 2579 1391 2651 βυθὸν
1427 2577 1784 2648 ὀλισθήσωσι.
1819 2579 1917 2634 Καὶ

268 2665 398 2720 αὐτὸ
430 2663 487 2720 δὲ
540 2669 723 2734 τοῦτο,
772 2665 836 2720 τὸ
889 2667 964 2737 μή
1015 2669 1244 2741 συνορᾷν
1264 2666 1460 2728 αὐτοὺς
1497 2667 1560 2721 τὸ
1591 2669 1750 2740 ῥηθὲν
1783 2669 1919 2722 κατᾶ

268 2760 374 2809 τῶν
408 2754 709 2828 ἀνθρώπων
759 2751 1256 2830 δραματούργημα,
1291 2759 1401 2811 τῶν
1443 2753 1717 2828 δαιμόνων
1761 2755 1914 2832 ἔργον

271 2844 330 2899 ἂν
371 2841 483 2914 εἴη,
531 2849 632 2913 τῆς
687 2843 952 2917 ἁμαρτίας
1002 2843 1092 2899 καὶ
1143 2839 1390 2908 ἂσεϐείας
1437 2847 1834 2920 συναιρομένης
1874 2848 1918 2883 9⁸

269 2934 478 3002 αὐτοῖς,
509 2932 598 2987 καὶ
630 2933 691 2987 τό
742 2953 801 2987 τε
858 2932 1032 2988 αὐτῶν
1078 2934 1386 3008 μηχάνημα
1425 2934 1655 2989 συνιέναι
1713 2932 1918 2990 διακω-

272 3020 515 3092 λυούσης
566 3023 656 3076 καὶ
701 3026 810 3076 τῶν
866 3025 964 3077 τοῦ
1010 3027 1143 3076 Θεοῦ
1199 3023 1480 3098 χριμάτων
1535 3024 1793 3086 ὡσαύτως
1852 3026 1914 3079 τὸ

2035 1870 2105 1923 ad
2121 1884 2248 1938 qua
2269 1884 2442 1924 sanes
2463 1867 2756 1924 daemones
2771 1885 2938 1923 suam
2963 1883 3131 1940 opem
3155 1866 3358 1922 ail‘erre
3378 1881 3493 1920 non
3511 1861 3684 1917 difﬁi-

2036 1955 2223 2012 culter
2252 1961 2516 2026 possunt.
2542 1958 2766 2013 Etenim
2789 1958 2964 2013 etiam
2993 1973 3096 2012 nos
3121 1957 3328 2012 horum
3354 1971 3467 2010 non
3492 1967 3678 2023 pauca

2029 2045 2088 2100 in
2121 2044 2290 2112 alios,
2338 2044 2387 2100 si
2439 2046 2610 2101 modo
2655 2044 2921 2112 velimus,
2971 2044 3056 2100 vel
3110 2042 3535 2115 persuadendo,
3583 2040 3676 2095 vel

2029 2133 2390 2204 decipiendo,
2413 2133 2502 2190 vel
2526 2135 2641 2190 vim
2667 2134 3017 2200 adhibendo,
3042 2133 3434 2190 conferamus.
3456 2131 3524 2186 Et
3544 2148 3678 2189 vero

2029 2226 2363 2294 peccatores
2393 2223 2452 2278 in
2479 2241 2587 2279 sua
2618 2229 2774 2279 tenet
2802 2228 3090 2296 potestate
3119 2225 3451 2278 daemonum
3481 2225 3676 2293 turba,

2028 2313 2536 2384 obsequentesque
2569 2312 2728 2368 ducit
2771 2319 2948 2383 atque
2997 2313 3116 2384 agit
3146 2328 3258 2384 quo
3309 2312 3448 2366 vult.
3482 2310 3678 2366 Velint

2028 2405 2224 2456 autem
2256 2402 2326 2456 ad
2361 2401 2790 2473 astrologorum
2826 2401 3078 2456 fallacias
3111 2408 3370 2456 nostram
3404 2399 3677 2470 componi

2028 2491 2197 2544 vitam
2225 2507 2237 2544 :
2273 2498 2332 2544 ut
2362 2495 2605 2546 eventus
2637 2491 2868 2562 quidem
2902 2506 3032 2544 cum
3066 2490 3494 2560 astrologorum
3536 2505 3675 2557 praa-

2027 2578 2380 2634 dictionibus
2409 2580 2737 2635 consentire
2759 2579 3312 2646 animadvertentes,
3345 2579 3440 2632 sed
3472 2593 3673 2632 eorum

2027 2673 2296 2723 auctores
2314 2685 2428 2722 non
2445 2668 2842 2732 observantes,
2860 2685 2971 2722 non
2987 2668 3176 2722 solum
3192 2672 3479 2722 astrorum
3495 2682 3669 2722 cursu

2026 2756 2251 2827 decepti
2284 2755 2575 2822 fallamur,
2608 2771 2804 2810 verum
2839 2757 3036 2821 etiam,
3073 2755 3305 2825 pietatis
3336 2772 3400 2810 ac
3423 2753 3669 2824 justitiaa

2027 2848 2187 2903 nulla
2221 2847 2414 2902 habita
2447 2847 2693 2913 ratione,
2717 2847 2776 2901 in
2809 2847 3126 2918 impietatis
3147 2848 3422 2918 abyssum
3450 2845 3673 2901 incida-

2029 2951 2179 2993 mus.
2205 2937 2272 2991 Et
2303 2937 2412 2991 hoc
2435 2935 2666 3006 quidem
2694 2937 2910 3007 ipsum,
2941 2936 3096 3006 quod
3117 2934 3296 3002 illam,
3323 2951 3494 3006 quam
3519 2932 3669 2989 dixi-

2025 3044 2178 3093 mus,
2195 3027 2577 3098 compositam
2602 3027 2878 3082 adversus
2901 3025 3164 3081 homines
3188 3024 3671 3080 machinationem

277 3114 463 3188 βάθος.
528 3117 652 3174 Πῶς
708 3112 813 3186 γὰρ
869 3112 1210 3186 ἀποκαλύψει
1268 3113 1331 3167 τὸ
1382 3119 1534 3168 Θεῖον
1589 3114 1622 3182 ἢ
1676 3114 1771 3175 τὰς
1815 3118 1922 3169 τῶν

2037 3116 2093 3171 hi
2115 3132 2229 3171 non
2243 3116 2737 3185 animadvertant,
2755 3115 3085 3170 daemonum
3102 3115 3297 3184 utique
3311 3130 3457 3184 Opus
3477 3111 3666 3178 fuerit,

275 3198 553 3272 δαιμόνων
608 3197 820 3272 ἐνέδρας
850 3199 884 3269 ἢ
935 3200 1028 3262 τὰς
1080 3202 1272 3255 ἑαυτοῦ
1304 3200 1643 3274 οἰκονομίας,
1677 3204 1763 3264 οἷς
1787 3223 1922 3277 παρ-

274 3294 407 3363 ορᾷν
457 3289 625 3343 αὐτοῦ
665 3292 710 3326 ⁹⁹
773 3286 1129 3358 σπουδάζεται
1187 3291 1254 3344 τὰ
1310 3293 1757 3367 προστάγματας
1817 3291 1918 3348 Καὶ

270 3378 378 3455 γὰρ
439 3379 573 3452 ἇίπερ
633 3377 780 3454 ῗσγεν
841 3375 1022 3447 ἄδικα,
1080 3382 1248 3433 ταῦτα
1293 3380 1623 3454 πράττομεν·
1683 3380 1791 3458 οὐχ
1847 3382 1919 3436 ὧν

269 3468 531 3533 ἐπαίνους
571 3467 745 3542 ἴσμεν,
786 3473 958 3524 ταῦτα
1005 3467 1438 3543 μεταδιώκομεν.
1474 3473 1576 3528 Καὶ
1627 3477 1747 3536 πῶς
1785 3468 1921 3546 ἅπερ

271 3561 585 3635 ἀγνοοῦμεν
647 3561 1044 3632 μαθησόμεθα;
1106 3561 1378 3636 Ἒπραξας
1437 3561 1470 3616 ἃ
1517 3558 1736 3636 ἔμαθες·
1785 3583 1921 3635 παρ-

272 3650 566 3712 εσκεύασας
603 3648 790 3703 ἑαυτὸν
852 3645 922 3702 δι’
978 3649 1176 3723 ἀρετῆς
1232 3654 1327 3704 τοῦ
1388 3652 1572 3724 μαθεῖν
1629 3648 1797 3706 πλέον
1849 3651 1921 3705 ὧν

270 3737 558 3794 ἐπίστασαι
596 3737 762 3810 ἄξιονο
796 3736 1036 3811 θαύμαζε
1067 3737 1110 3793 εἷ
1173 3741 1248 3811 μὴ
1305 3742 1493 3813 μαθεῖν
1531 3736 1688 3814 ἔσχες
1718 3739 1784 3794 τὰ
1832 3759 1928 3793 τε-

271 3827 542 3901 λεώτερα.
576 3827 639 3883 Εἰ
689 3825 746 3882 δὲ
793 3827 982 3882 πάθεσι
1037 3829 1215 3900 βρύεις
1257 3829 1344 3883 καὶ
1384 3834 1516 3884 Θεοῦ
1546 3833 1928 3905 καταφρονεῖς,

272 3921 395 3979 πῶς
449 3917 672 3990 μαθήσῃ
712 3917 808 3977 τὰς
866 3915 1180 3988 οἰκονομίας
1238 3917 1402 3972 αὐτοῦ
1456 3918 1490 3986 ἢ
1522 3919 1620 3986 τὴν
1658 3919 1795 3972 κατά
1835 3921 1930 3972 σοῦ

269 4010 384 4062 τῶν
415 4003 719 4078 δαιμονίων
755 4004 1011 4078 ἐπήρειαν
1049 4027 1062 4067 ;
1097 4008 1217 4078 [701
1249 4008 1340 4080 8.]
1388 4011 1510 4068 Ηῶς
1563 4004 1618 4061 δὲ
1675 4009 1740 4062 οὐ
1797 4028 1932 4081 κρα-

271 4096 500 4166 τήσειαν
531 4090 785 4165 δαίμονες
820 4092 1062 4167 εὐχερῶς
1103 4095 1178 4148 ὦν
1220 4096 1323 4150 οὐκ
1351 4089 1459 4149 ἔστι
1481 4095 1542 4149 τὸ
1574 4101 1727 4150 Θεῖον
1765 4097 1931 4170 ὑπέρ-

277 4202 490 4257 μαχον,
550 4182 688 4257 πρὸς
748 4180 924 4236 ἐκεῖνα
989 4183 1215 4243 τούτους
1290 4184 1680 4258 κατασύροντες
1737 4184 1772 4238 ’ὰ
1825 4190 1933 4239 τῶν

272 4273 637 4347 ἀστρολόγων
674 4273 731 4326 αἱ
780 4267 968 4346 βίϐλοι
1000 4271 1382 4348 προλέγουσιν,
1417 4275 1490 4336 ὡς
1524 4273 1582 4329 ἂν
1621 4275 1684 4328 τὸ
1720 4281 1821 4343 τῆς
1859 4276 1936 4328 εἰ-

279 4358 574 4437 μαρμένης
642 4357 694 4414 έν
757 4359 942 4422 αὐτοῖς
1003 4357 1401 4436 βεϐαιώσαντες
1457 4361 1688 4435 πλάσμα
1763 4361 1932 4417 πλέον

2035 3210 2268 3276 peccato
2316 3203 2492 3260 simul
2542 3209 2718 3275 atque
2768 3204 3065 3274 impietate
3121 3204 3338 3268 ascitis,
3393 3218 3495 3274 per
3541 3217 3671 3272 qua:

2032 3294 2450 3366 prohibeantur
2470 3293 2717 3364 [miseri]
2741 3302 2791 3347 ct
2815 3293 3024 3347 horum
3048 3291 3430 3357 molitionem,
3455 3295 3511 3346 et
3530 3289 3672 3345 divi-

2026 3401 2230 3440 norum
2256 3383 2889 3454 similiterjudiciorum
2914 3382 3365 3454 profunditatem
3387 3379 3673 3450 intellige-

2029 3491 2106 3530 re.
2154 3473 2454 3536 Quomodo
2504 3473 2660 3526 enim
2713 3472 2864 3528 Deus
2905 3476 3005 3526 aut
3037 3472 3365 3526 daemonum
3396 3469 3668 3536 insidias,

2030 3567 2127 3618 aut
2157 3579 2274 3618 suae
2310 3561 2672 3633 providentiae
2698 3561 2973 3633 mysteria
3009 3561 3332 3614 manifeslet
3364 3559 3436 3612 iis
3460 3557 3671 3626 quibus

2031 3652 2224 3707 studio
2273 3655 2362 3705 est
2391 3650 2519 3720 eius
2565 3650 2854 3720 deepicere
2904 3648 3223 3720 praecepta?
3269 3645 3491 3701 Etenim
3545 3659 3672 3713 quas

2034 3741 2236 3811 iniqua
2267 3755 2395 3794 esse
2424 3740 2664 3805 scimus,
2690 3743 3097 3810 perpetramus
3123 3753 3134 3790 :
3169 3750 3356 3806 neque
3387 3742 3578 3788 tamen
3609 3746 3675 3785 ea

2033 3834 2459 3896 consectamur,
2509 3843 2636 3898 quae
2685 3827 2980 3882 laudanda
3028 3825 3333 3890 novimus;
3385 3826 3442 3876 et
3488 3820 3675 3874 adhuc

2036 3933 2336 3989 speramus
2367 3933 2474 3971 nos
2515 3916 2714 3987 ignota
2747 3912 3168 3985 percepturos?
3216 3910 3322 3966 Ubi
3355 3926 3418 3964 ea
3450 3907 3676 3972 feceris,

2037 4025 2162 4080 quae
2193 4005 2470 4073 didicisti,
2503 4009 2676 4075 atque
2707 4019 2806 4074 per
2836 4003 3105 4058 virtutem
3140 4002 3394 4072 teipsum
3431 3997 3676 4068 dignum

2037 4096 2382 4159 reddideris,
2408 4096 2477 4150 ad
2513 4096 2680 4166 plura
2703 4103 2904 4166 praeter
2934 4110 3000 4149 ea
3025 4109 3149 4164 quas
3179 4097 3313 4147 ante
3346 4085 3680 4159 cognoveris

2040 4185 2431 4258 percipienda,
2457 4192 2575 4239 tum
2599 4184 2832 4238 demum
2859 4182 3106 4250 mireris,
3127 4182 3320 4252 siquae
3340 4176 3684 4251 perfectiora

2039 4281 2200 4341 sunt,
2233 4275 2454 4330 discere
2476 4273 2825 4345 nequiveris.
2851 4274 2916 4327 At
2939 4272 3195 4343 quandiu
3232 4265 3683 4342 perturbationi-

2041 4367 2148 4422 bus
2179 4365 2425 4420 refertus
2456 4379 2539 4430 es,
2580 4365 2874 4434 Deumque
2905 4362 3252 4428 contemnis,
3297 4357 3590 4431 quomodo
3621 4357 3684 4409 tu

275 4455 417 4507 Θεοῦ
477 4450 971 4519 ἀποστατήσωσιν;
1033 4449 1098 4505 Εἰ
1170 4471 1355 4526 μεντοι
1410 4473 1472 4525 γε
1521 4451 1655 4522 ὅσην
1713 4451 1925 4524 περὶτᾶ

2040 4460 2141 4510 aut
2170 4457 2299 4524 ejus
2329 4453 2702 4524 providentiae
2746 4451 3018 4523 mysteria
3039 4450 3249 4516 disces,
3282 4448 3370 4504 vel
3402 4449 3601 4502 contra
3632 4447 3688 4498 te

270 4543 421 4596 κακά
469 4536 711 4606 σπουδήν
768 4536 1022 4614 εἷ’χομεν,
1064 4540 1334 4609 τοσαύτην
1368 4540 1490 4614 περὶ
1528 4541 1592 4595 τὰ
1640 4539 1802 4609 καλὰ,
1839 4540 1939 4595 οὐκ

274 4630 344 4684 ἃν
375 4629 729 4704 ἠγνοήσαμεν
761 4627 885 4682 ὅσον
929 4628 1033 4683 ὑπὸ
1064 4633 1200 4683 Θεοῦ
1245 4631 1610 4702 τετιμήμεθα,
1652 4626 1750 4684 οὐδ
1795 4628 1936 4683 ’ὅσον

271 4719 420 4773 κατὰ
477 4713 754 4788 δαιμόνων
802 4715 1086 4792 ἰσχύομεν.
1123 4721 1418 4791 Πανταχοῦ
1453 4717 1547 4791 μὲν
1595 4720 1610 4753 ¹
1655 4719 1754 4791 γὰρ
1787 4717 1938 4784 Θεὸς,

271 4805 482 4880 ἐγγίζει
551 4801 608 4859 δὲ
677 4801 896 4878 μᾶλλον
953 4810 1069 4865 τοῖς
1119 4803 1190 4859 δι’
1221 4803 1394 4880 ἔργων
1436 4804 1716 4882 ἀγαπῶσιν
1757 4805 1938 4860 αύτόνο

269 4896 422 4952 ὅπου
474 4892 532 4949 δὶ
562 4894 716 4962 Θεὸς,
742 4893 826 4954 τίς
857 4894 885 4947 ὁ
927 4891 1207 4949 λανθάνων
1239 4897 1339 4964 τήν
1366 4891 1666 4964 ἐπιϐουλήν
1696 4896 1730 4966 ἢ
1765 4897 1792 4950 ὁ
1824 4895 1943 4950 ἐπι-

269 4985 572 5042 ϐουλεύων
605 4984 795 5055 ὅλως;
841 4987 1023 5042 Ταῦτα
1066 4982 1344 5041 διαλαϐὼν
1391 4987 1458 5041 τὰ
1485 4987 1605 5060 ἱερὰ
1646 4987 1812 5061 λόγια
1838 4988 1943 5041 πά-

270 5076 370 5134 λιν
426 5077 568 5130 κατᾶ
615 5080 715 5143 τῆς
782 5072 1120 5148 εἷ’μαρμένης
1180 5073 1416 5148 ὁπλίζει,
1483 5082 1762 5151 παραινῶν
1816 5074 1944 5138 τοὺς

272 5165 612 5238 ἀνθρώπους
641 5161 1120 5219 κάπαλλάττεσθαι
1148 5166 1247 5233 τῆς
1276 5165 1540 5236 τοιαύτης
1572 5163 1807 5234 πλάνης.
1844 5164 1949 5223 Διὰ

269 5254 340 5314 δὶ
397 5257 498 5310 τοῦ
555 5251 733 5329 λέγειν
779 5253 858 5316 εἷς
917 5258 1120 5329 σημεῖα
1168 5254 1258 5310 καὶ
1317 5255 1394 5316 εἰς
1450 5254 1676 5329 καιροὺς
1733 5255 1823 5310 καὶ
1873 5254 1949 5318 εἷς

2047 4546 2380 4600 daemonum
2400 4542 2677 4612 impetum
2691 4540 2719 4594 ‘I
2734 4541 2798 4596 Et
2817 4541 3109 4611 quomodo
3132 4555 3246 4595 non
3263 4536 3430 4594 facile
3455 4535 3691 4588 vincant

2048 4635 2343 4688 daemones
2373 4647 2472 4686 eos
2505 4631 2720 4703 quibus
2742 4646 2853 4684 non
2877 4633 2968 4684 est
2991 4629 3140 4683 Deus
3163 4623 3596 4700 propugnator?
3617 4620 3690 4675 ad

2049 4721 2151 4777 illa
2199 4721 2478 4776 nimirum
2511 4721 2619 4774 hos
2665 4717 3042 4786 attrahentes,
3093 4733 3218 4787 quae
3262 4713 3692 4782 astrologorum

2049 4813 2182 4867 libri
2217 4811 2569 4884 praedicunt:
2601 4815 2664 4863 ut
2686 4807 2786 4864 fati
2807 4809 2866 4864 in
2890 4809 2974 4864 eis
2997 4809 3271 4877 ﬁgmento
3302 4801 3696 4862 corroborata,

2051 4901 2305 4972 amplius
2336 4901 2511 4955 etiam
2536 4915 2568 4952 a
2598 4897 2712 4952 Deo
2742 4897 3035 4952 deficiant.
3067 4894 3263 4965 Atqui,
3297 4893 3347 4948 si
3378 4893 3592 4961 quanto
3623 4884 3696 4940 ad

2053 4992 2271 5046 malum
2303 4989 2498 5044 studio
2521 4987 2952 5051 contendimus,
2976 4989 3138 5040 tanto
3156 4984 3294 5039 item
3327 4981 3395 5036 ad
3422 4980 3698 5034 honesta-

2055 5086 2169 5133 tem
2195 5077 2680 5141 incumberemus,
2716 5092 2828 5131 non
2871 5075 3276 5143 ignoraremus
3301 5067 3490 5126 22Ib
3523 5077 3701 5136 quam

2057 5167 2172 5223 Deo
2195 5165 2601 5235 charissimus,
2627 5180 2814 5234 neque
2835 5167 3113 5234 quantum
3137 5161 3343 5216 virium
3365 5160 3571 5215 contra
3593 5153 3703 5207 da-

2059 5271 2290 5311 monem
2323 5255 2662 5310 habeamus.
2692 5253 2810 5308 Etsi
2842 5253 3000 5308 enim
3034 5251 3258 5324 ubique
3288 5249 3464 5317 Deus,
3497 5245 3568 5302 ad
3604 5257 3704 5298 eos

1667 5409 1919 5468 VARl/E
1959 5409 2350 5466 LECTIONES

399 5551 424 5586 ³
455 5543 817 5628 κᾶιὲσχύουσι
846 5553 1252 5628 apograpbum
1287 5553 1562 5628 Stephani
1583 5554 2018 5628 1_XatthtSO’OUO’t
2052 5553 2132 5626 ς’.

290 5623 488 5700 μένης
511 5621 596 5696 ς.
624 5621 657 5625 ’⁷
677 5621 726 5660 9’
752 5621 918 5678 αὐτοῦ
949 5621 1030 5698 ς.
1067 5621 1085 5626 ”
1111 5624 1129 5659 ί
1163 5624 1257 5697 μὶν
1289 5632 1346 5685 et
1373 5621 1530 5685 infra
1577 5625 1650 5687 εἰς
1672 5621 1899 5685 addl'A.

617 5725 885 5789 Panos.
930 5728 1045 5790 GR.
1091 5724 1245 5791 CIII.

2210 5553 2257 5587 ⁹⁶
2291 5549 2581 5626 βούλοιντο
2774 5552 2818 5588 ⁸⁷
2847 5552 3003 5629 πρὸς]
3051 5553 3127 5615 ὡς
3184 5559 3247 5608 Λ.
3323 5552 3371 5589 ⁸⁸
3425 5568 3707 5625 συναιρού-

3309 5728 3388 5788 28
