4184 6212
469 315 585 373 875

1682 306 1943 366 PHOTII
1991 305 2533 367 PATRIARCHE
2578 307 2696 366 ΕΡ.

3753 308 3878 368 876

462 451 664 502 tamen
680 445 917 517 propius
940 441 1177 508 accedit,
1201 439 1816 512 quiperoperaipsum
1834 438 2100 507 diligunt.

2220 435 2493 497 ἐνιαυτοὺς
2553 436 2799 511 γενέσθαι
2839 435 2984 510 παρά
3039 438 3174 489 Θεοῦ
3210 435 3300 489 τὸν
3335 433 3498 503 ἥλιον
3530 437 3620 491 καὶ
3651 438 3753 507 τήν
3785 459 3879 493 σεο

466 535 576 591 Ubi
606 540 801 591 autem
832 538 981 589 Deus
1011 535 1120 599 est,
1162 545 1430 601 quianam
1460 528 1577 583 illic
1605 527 1831 584 insidias
1863 527 2103 596 lateant,

467 628 568 679 aut
599 623 730 694 quis
760 621 998 677 omnino
1030 621 1186 675 adsit
1231 617 1573 675 insidiator?
1603 618 1739 680 Quae
1776 617 1871 672 ubi
1914 618 2108 673 disse-

465 712 603 779 ruit,
623 710 832 767 divinis
855 726 1085 765 rursum
1106 707 1367 779 Eloquiis
1387 708 1665 763 adversus
1688 707 1870 761 fatum
1890 708 2107 761 instru-

2218 529 2389 596 Αήνην
2450 524 2541 580 xui
2598 526 2727 589 τοὺς
2770 526 3016 601 ἀστέρας,
3064 524 3132 579 τὰ
3186 524 3272 579 ἐπὶ
3330 525 3511 595 Ἰησοῦ
3562 530 3661 581 τοῦ
3718 534 3873 597 Ναυῆ

2217 615 2547 691 γεγενημένα
2597 613 2896 686 δηλοῦσθαί
2953 636 3085 693 φησι
3142 615 3232 668 καὶ
3262 613 3327 669 τὰ
3375 614 3462 669 ἐπὶ
3496 614 3745 685 Ἐζεκίου
3775 622 3875 673 τοῦ

2222 703 2491 779 βασιλέως
2528 706 2617 759 καὶ
2650 708 2715 759 τᾶ
2745 702 2833 758 ἐπὶ
2863 708 2963 758 τοῦ
2997 701 3321 758 δεσποτικοῦ
3351 704 3572 766 κάθους.

465 807 616 871 ctus,
642 803 905 858 homines
926 802 1294 867 adhortatur,
1329 804 1394 855 ut
1424 816 1486 855 se
1512 797 1610 854 illo
1629 814 1820 854 errore
1853 797 2116 853 liberent.
2142 799 2301 861 Quod
2337 805 2528 854 autem
2561 798 2619 853 in
2652 796 2823 869 signa
2852 802 2907 852 et
2940 802 3205 868 tempora
3251 814 3285 852 a
3334 801 3391 851 et
3434 814 3620 853 annos
3652 799 3871 854 factum

463 906 599 948 esse
631 909 664 947 a
694 891 812 947 Deo
846 890 1027 946 solem
1056 906 1188 945 cum
1217 889 1354 944 luna
1384 893 1440 943 et
1468 887 1645 943 stellis
1678 887 1913 952 dicitur,
1940 886 2030 940 his
2061 902 2129 941 ea
2158 885 2473 958 signiﬁcari
2508 885 2647 953 vult,
2681 903 2809 957 quae
2844 886 2919 957 (b)
2945 886 3051 942 sub
3072 887 3204 941 Jesu
3240 885 3358 941 ﬁlio
3388 885 3545 943 Nave
3567 892 3625 942 et
3648 888 3879 960 (c).Eze-

462 980 593 1035 chia
619 995 775 1051 rege,
807 978 1067 1050 itemque
1100 978 1154 1032 in
1189 977 1266 1049 (ἀ)
1298 976 1515 1031 Christi
1549 975 1817 1047 passione
1850 975 2241 1045 contigerunt.

533 1068 632 1124 His
662 1067 837 1139 igitur
867 1066 1357 1138 quinquagesimo
1390 1063 1577 1135 capite
1610 1063 1999 1134 pertractatis,
2030 1063 2096 1117 51

456 1158 525 1213 ad
547 1158 818 1228 deinceps
837 1156 1063 1220 transit,
1086 1171 1196 1226 quo
1221 1171 1253 1209 a
1282 1153 1597 1208 Bardisane
1618 1156 1775 1208 ortos
1799 1150 2099 1207 haereticos

455 1244 776 1318 redarguit,
810 1246 964 1316 quod
997 1261 1129 1300 cum
1156 1244 1541 1316 proﬁteantur
1571 1258 1630 1296 se
1664 1241 1977 1312 prophetas
2004 1241 2101 1295 ad-

455 1336 700 1402 mittere,
730 1335 958 1391 animas
982 1333 1216 1405 quidem
1241 1351 1270 1387 a
1290 1332 1485 1404 genesi
1519 1331 1729 1386 liberas
1753 1334 1808 1384 et
1828 1330 1919 1385 sui
1946 1329 2099 1398 juris

453 1426 864 1492 conﬁteantur,
898 1426 996 1479 sed
1029 1439 1240 1492 corpus
1270 1419 1653 1477 nihilominus
1682 1420 1853 1490 hujus
1885 1419 2100 1489 guber-

452 1514 676 1571 nationi
697 1513 1036 1585 subjiciant.
1064 1513 1208 1568 Nam
1229 1512 1481 1579 divitias,
1505 1514 1925 1582 paupertatem,
1946 1525 2097 1564 mor-

447 1606 612 1670 bum,
648 1604 983 1672 sanitatem,
1016 1602 1212 1672 vitam,
1256 1610 1500 1657 mortem
1552 1604 1608 1655 et
1638 1614 1999 1671 quascunque
2034 1599 2095 1653 in

449 1698 651 1749 nostra
682 1710 798 1748 non
826 1697 963 1747 sunt
992 1696 1287 1763 pmestale,
1331 1706 1433 1761 per
1465 1689 1562 1744 fati
1603 1689 1719 1744 vim
1751 1688 1902 1743 efﬁci
1933 1687 2091 1743 afﬁr-

2285 1060 2456 1117 ’Δλλα
2498 1083 2719 1117 τοιαυτα
2763 1062 2856 1134 μὲν
2903 1060 3161 1115 καὶκατά
3206 1061 3269 1116 τὸ
3299 1063 3341 1114 ν’
3385 1061 3679 1139 κεφάλαιον
3724 1061 3872 1119 διελ-

2210 1151 2318 1205 θὼν
2382 1149 2614 1223 μέτεισιν
2672 1151 2760 1204 ἒπὶ
2810 1151 2873 1205 τὸ
2905 1151 2948 1203 α’
2996 1150 3089 1204 καὶ
3136 1151 3198 1219 ν’,
3244 1153 3373 1221 [364
3417 1154 3511 1226 H.J
3548 1151 3599 1206 ἐν
3638 1154 3684 1224 ᾧ
3736 1154 3871 1217 τοὺς

2208 1238 2314 1293 ἀπὸ
2358 1236 2722 1313 Βαρδισάνους
2762 1238 3086 1312 αἱρετικοῦς,
3121 1236 3416 1314 διελέγχει,
3452 1238 3708 1314 δέχεσθαι
3764 1243 3864 1313 μὲν

2207 1329 2713 1401 προσποιουμένους
2743 1326 2870 1389 τοὺς
2918 1329 3228 1403 προφήτας,
3275 1328 3365 1383 καὶ
3404 1328 3498 1390 τὰς
3534 1331 3629 1403 μὲν
3671 1332 3865 1405 ψυχας

2208 1419 2466 1490 γενέσεως
2517 1416 2799 1491 ἐλευθέρας
2843 1418 2934 1471 καὶ
2984 1417 3358 1486 αὐτεξουσίους
3414 1416 3862 1495 ὁμολογοῦντας,

2207 1507 2269 1561 τὸ
2293 1511 2451 1578 σῶμα
2484 1503 2541 1561 δὲ
2570 1510 2638 1579 τῇ
2685 1504 2888 1576 ταύτης
2923 1506 3321 1568 ὑποτάττοντας
3357 1503 3648 1578 διοικήσει·
3682 1507 3865 1563 πλοῦο

2204 1618 2297 1650 τον
2330 1596 2432 1671 γὰρ
2490 1596 2579 1650 καὶ
2611 1595 2820 1665 πενίαν,
2862 1597 2951 1650 καὶ
2995 1596 3150 1651 νόσον
3182 1595 3271 1650 xui
3326 1597 3545 1670 ὑγίειαν,
3586 1598 3675 1651 καὶ
3710 1600 3863 1668 ζωὴν

2204 1685 2292 1740 καὶ
2326 1686 2576 1754 θάνατον,
2608 1686 2699 1740 καὶ
2729 1684 2829 1739 ὅσα
2879 1684 2983 1739 οὐκ
3032 1683 3114 1763 ἐφ’
3143 1686 3165 1721 ²
3203 1686 3365 1758 ἡμῖν,
3397 1683 3556 1762 ἔργον
3600 1686 3737 1741 εἶναι
3771 1686 3866 1743 λέ-

448 1788 632 1840 mant.
648 1786 717 1838 At
738 1784 1118 1839 sisecundum
1137 1782 1345 1838 Isaiam
1370 1782 1437 1851 (c)
1464 1780 1735 1852 ignorant
1755 1778 1879 1834 cmli
1904 1782 2092 1833 astro-

2216 1794 2350 1849 γουσι
2397 1782 2496 1844 τῆς
2550 1775 2908 1849 εἱμαρμένης.
2960 1773 3027 1831 Εἰ
3079 1771 3135 1829 δὲ
3182 1774 3319 1829 κατά
3361 1775 3455 1829 τὸν
3502 1774 3722 1832 Ἠσαίαν
3755 1776 3863 1833 οὐκ

2216 1863 2219 1874 ι
2431 1866 2444 1880 .
2520 1865 2532 1880 .
2675 1863 2695 1880 κ
2727 1865 2738 1880 ,
2940 1868 2964 1877 ..
3066 1863 3079 1880 ,
3227 1864 3253 1876 ν
3354 1864 3368 1880 η
3475 1862 3553 1880 ,μ
3841 1865 3856 1880 .

446 1873 563 1945 logi
604 1889 729 1945 quae
766 1873 963 1927 futura
1008 1871 1146 1941 sint,
1193 1875 1248 1926 et
1276 1887 1345 1926 ex
1374 1870 1641 1925 Jeremiae
1673 1871 1744 1939 (Ι)
1776 1866 2083 1936 sententia,

2216 1863 2368 1919 ’σασιν
2399 1866 2450 1919 οἱ
2508 1863 2831 1939 ἀστρολόγοι
2872 1868 2968 1919 τοῦ
3024 1863 3254 1937 οὐρανοῦ
3309 1864 3378 1919 τὰ
3425 1862 3719 1938 μέλλοντα,
3760 1865 3858 1920 καὶ

444 1979 657 2019 vanum
693 1964 801 2018 hoc
831 1980 1001 2019 omne
1040 1962 1301 2017 studium
1334 1965 1443 2027 est,
1486 1961 1778 2031 quomodo
1814 1958 1869 2013 hi
1900 1956 2082 2014 susci-

2216 1956 2327 2008 ιατά
2379 1954 2471 2008 τὸν
2535 1954 2800 2025 Ἰερεμίαν
2864 1954 3065 2026 ματαία
3129 1953 3269 2008 ἐστὶν
3329 1956 3363 2022 ἡ
3436 1952 3560 2027 περὶ
3642 1954 3851 2025 ταύτην

446 2068 581 2123 pere
613 2069 673 2106 se
704 2052 905 2107 dicunt
949 2052 1280 2122 prophetas,
1315 2052 1415 2120 qui
1450 2065 1657 2119 corpus
1688 2048 1789 2103 fati
1819 2045 2083 2103 servituti

2216 2040 2427 2115 ιπουὸἠ,
2468 2043 2584 2104 πῶς
2646 2043 2795 2097 οὗτοι
2846 2040 3098 2120 δέχεσθαι
3163 2041 3255 2115 μέν
3309 2064 3437 2120 φασι
3465 2042 3590 2105 τοὺς
3633 2046 3855 2120 προφή-

446 2139 807 2211 subjiciunt?
855 2141 1072 2195 Etenim
1118 2140 1269 2195 Deus
1312 2137 1528 2193 Judaeis
1560 2137 1679 2192 sive
1723 2138 1915 2191 minas
1965 2135 2085 2191 sive

2216 2154 2304 2203 τας,
2327 2133 2390 2188 τὸ
2422 2137 2580 2205 σῶμα
2617 2130 2672 2187 δὲ
2704 2130 2899 2187 δοῦλον
2948 2135 3165 2187 ποιοῦσι
3195 2139 3296 2201 τῆς
3335 2133 3667 2206 εἱμαρμένης
3702 2156 3718 2204 ;
3748 2133 3848 2189 καὶ

446 2246 648 2300 pmnas
670 2229 903 2285 nonnisi
925 2245 1236 2300 corporeae
1260 2226 1530 2293 intendit,
1556 2226 1890 2296 similiaque
1921 2227 2086 2295 parat

2216 2223 2299 2297 ςὰρ
2349 2224 2375 2276 ὁ
2421 2223 2550 2284 Θεὸς
2593 2228 2708 2283 τοῖς
2760 2219 3040 2283 Ἰουδαίοις
3099 2223 3190 2276 καὶ
3232 2222 3327 2283 τὰς
3381 2220 3608 2284 ἀπειλας
3649 2223 3738 2278 καὶ
3776 2222 3849 2277 τὰ

446 2318 747 2385 beneﬁcia,
782 2334 1025 2388 quorum
1068 2322 1263 2373 tamen
1305 2316 1692 2387 cognitionem
1726 2331 1840 2370 non
1874 2315 2085 2369 habere

2216 2315 2338 2381 τάθη
2371 2312 2656 2385 σωματικὰ
2698 2310 2915 2387 ὲπηφίει
2946 2314 2988 2378 ³,
3036 2312 3290 2375 τοιαύτας
3338 2309 3513 2366 δὲκαὶ
3544 2314 3641 2373 τὰς
3692 2312 3850 2387 εὐερ-

444 2403 770 2475 astrologos
800 2420 901 2475 per
922 2402 1132 2458 Isaiam
1164 2400 1581 2474 pronuntiavit.
1615 2401 1876 2465 Quonam
1908 2398 2087 2470 igitur

2216 2400 2395 2473 ξεσίας,
2429 2402 2501 2455 ὧν
2549 2402 2768 2476 ἄγνοιαν
2820 2394 2966 2474 ἔχειν
3013 2399 3141 2463 τοῦς
3193 2399 3565 2476 ἀστρολόγους
3614 2398 3705 2455 διὰ
3752 2404 3853 2457 τοῦ

443 2498 611 2564 pacto
644 2492 769 2548 ﬁeri
800 2497 1007 2562 potest,
1042 2498 1103 2547 ut
1132 2497 1186 2546 et
1219 2490 1515 2563 prophetis
1547 2491 1690 2544 ﬁdes
1723 2488 2083 2554 adhibeatur,

2218 2490 2419 2546 llau’tou
2470 2490 3077 2567 κατεῲηφίσατο.Ἠῶς
3128 2489 3219 2545 οῦν
3297 2489 3541 2567 ἐγχωρεῖ
3586 2491 3677 2545 καὶ
3732 2498 3856 2553 τοῖς

441 2586 498 2639 et
527 2597 936 2653 corporeorum
969 2597 1101 2636 cum
1128 2580 1414 2636 malorum
1448 2588 1571 2634 tum
1604 2579 1891 2633 bonorum
1923 2582 2086 2647 pote-

2216 2584 2504 2658 τροφήταις
2552 2582 2851 2651 πείθεσθαι,
2900 2580 2992 2635 καὶ
3033 2585 3140 2636 τῶν
3190 2585 3520 2654 σωματικῶν
3561 2583 3862 2636 κακώσεων

443 2676 567 2727 stas
610 2671 803 2727 omnis
853 2672 968 2726 fato
1023 2670 1391 2737 concedatur,
1443 2677 1499 2724 et
1533 2667 1665 2723 huic
1707 2666 1954 2721 nimium
1988 2666 2087 2721 ad-

2216 2672 2284 2725 :ui
2337 2669 2653 2745 εὐεργεσιῶν
2708 2675 2776 2744 τῇ
2824 2672 3124 2744 εἱμαρμένῃ
3175 2670 3239 2725 τὸ
3288 2672 3493 2742 κράτος
3537 2670 3867 2745 χαρίζεσθαι

446 2760 584 2817 dicti
646 2763 838 2817 futura
886 2761 1243 2832 praedicant?
1292 2760 1404 2815 nisi
1455 2759 1601 2815 forte
1650 2776 1750 2830 per
1791 2758 2084 2815 insaniam

2216 2761 2285 2814 ιαὶ
2327 2758 2617 2836 προλέγειν
2661 2760 2788 2822 τοὺς
2830 2761 2953 2834 περὶ
3003 2760 3171 2829 αὐτὴν
3212 2758 3588 2832 ἐπτοημένους
3617 2760 3686 2814 τὰ
3740 2757 3867 2814 ἐσό-

445 2850 720 2916 dixerint,
744 2851 898 2906 bona
920 2851 1151 2921 quidem
1176 2848 1310 2921 piis,
1334 2848 1491 2905 mala
1512 2864 1642 2905 vero
1664 2847 1863 2920 impiis
1890 2847 2086 2903 distri-

2216 2870 2335 2903 ιενα
2382 2868 2394 2918 ;
2448 2847 2605 2921 εἰμὴ
2655 2847 2759 2924 ἄρα
2814 2848 3118 2921 μεμηνότες
3160 2847 3359 2903 εἷ’ποιεν
3415 2848 3482 2902 τὰ
3542 2848 3634 2920 μὶν
3686 2847 3864 2923 ἀγαθά

444 2942 643 3010 buere,
675 2945 733 2995 et
762 2941 954 3011 ipsum
987 2940 1226 3009 insuper
1265 2955 1481 2994 numen
1527 2939 1641 2994 fato
1675 2936 1979 2993 deservire.
2010 2939 2087 2992 At

2216 2940 2311 3001 τοῖς
2369 2934 2643 2993 εὐσεϐοῦσι
2696 2938 2900 3011 νέμειν,
2932 2936 3229 2993 τάναντία⁴
3259 2935 3317 2992 δὲ
3354 2943 3471 2999 τοῖς
3506 2933 3854 3009 δυσσεϐοῦσι,

445 3028 546 3098 qui
576 3027 782 3083 anima
824 3027 1020 3097 genesi
1070 3043 1184 3081 non
1218 3027 1623 3097 subjiciantur.
1673 3026 1904 3097 quando
1934 3024 2087 3080 Deus

2216 3030 2283 3083 ιαὶ
2343 3030 2405 3083 τὸ
2463 3034 2613 3084 Θεῖον
2675 3029 3171 3103 έξυπηρετούμενον
3233 3032 3299 3102 τῇ
3358 3029 3684 3103 εἱμαρμένῃ.
3742 3030 3851 3085 Καὶ

444 3116 590 3185 ipse,
623 3132 816 3170 rerum
850 3116 1107 3170 omnium
1134 3116 1422 3183 conditor,
1444 3132 1561 3170 una
1588 3131 1722 3169 cum
1745 3115 1854 3169 hac
1884 3130 2084 3184 opera-

2216 3124 2312 3180 τῶς
2351 3120 2526 3193 ψυχαὶ
2570 3139 2775 3193 γενεσει
2815 3118 2924 3192 οὐχ
2982 3119 3380 3181 ὑποκείσονται,
3414 3122 3549 3173 Θεοῦ
3588 3122 3686 3172 τοῦ
3716 3117 3852 3172 πάν-

444 3207 562 3268 tur,
598 3203 993 3273 fatalibusque
1036 3205 1254 3259 eﬁcctis
1304 3204 1631 3260 subservit?
1678 3203 1739 3258 Si
1783 3219 1913 3259 vero
1958 3219 2085 3273 quae

2216 3229 2305 3262 των
2350 3205 2697 3279 δημιουργοῦ
2748 3211 3132 3282 συνεργοῦντος
3171 3207 3309 3280 αὐτῇ
3357 3209 3381 3241 ⁵
3411 3207 3499 3261 καὶ
3541 3206 3856 3279 ὑπηρετου-

446 3308 546 3361 per
576 3291 812 3360 angelos
842 3292 979 3347 olim
1021 3309 1086 3348 ac
1126 3293 1440 3363 prophetas
1480 3292 1888 3347 administrata
1928 3298 2084 3362 sunt,

2216 3296 2363 3351 ιένου
2399 3301 2517 3357 τοῖς
2566 3295 2998 3370 ἀποτελέσμασιν
3032 3315 3044 3363 ;
3106 3297 3166 3352 Εἰ
3223 3293 3281 3351 δὶ
3329 3294 3451 3351 οὔτε
3488 3295 3555 3351 τὲ
3586 3293 3657 3350 δι’
3690 3297 3859 3372 ἀγγέ-

445 3396 513 3435 ea
542 3379 772 3451 genesis
807 3397 919 3435 non
950 3380 1147 3445 efﬁcit,
1182 3385 1245 3435 ut
1274 3397 1378 3436 nec
1417 3398 1483 3437 ea
1514 3397 1640 3451 quae
1678 3382 1951 3437 Dominus
1982 3398 2087 3437 no-

2216 3406 2307 3441 twv
2358 3385 2446 3440 xui
2509 3390 2805 3465 προφητῶν
2867 3386 3300 3459 οἷκονομηθέντα
3357 3384 3529 3440 πάλαι
3587 3384 3857 3460 γενέσεως

446 3472 564 3522 ster
592 3467 762 3522 Jesus
790 3468 1056 3524 Christus
1079 3468 1135 3522 in
1161 3484 1333 3524 carne
1354 3485 1642 3540 apparens
1670 3474 1945 3540 operatus
1976 3474 2084 3538 est,

2216 3472 2352 3550 Ϊργον
2409 3476 2499 3545 ἧν,
2533 3473 2649 3530 οὐδ’
2682 3477 2814 3549 ἅπερ
2850 3477 2878 3530 ὁ
2928 3474 3127 3547 Κύριος
3163 3478 3323 3547 ἡμῶν
3377 3477 3592 3544 Ἰησοῦς
3625 3476 3861 3549 Χριστὸς

444 3558 584 3613 dum.
615 3557 1099 3613 innumerabilem
1135 3558 1525 3614 humanorum
1560 3575 1864 3630 corporum
1899 3559 2088 3615 multi-

2216 3566 2284 3619 ῖιά
2370 3567 2622 3638 σώματος
2702 3567 2884 3643 φανεὶς
2945 3565 3251 3641 εἰργάσατο,
3324 3563 3592 3639 μυριάδας
3648 3565 3861 3639 ἀνθρω-

442 3644 707 3700 tudinem
738 3648 979 3714 sanavit,
1014 3663 1297 3718 quorsum
1339 3648 1531 3703 adhuc
1563 3649 1767 3703 volunt
1796 3648 2087 3705 afﬁrmare

2216 3653 2360 3709 ιείιυν
2455 3654 2741 3725 ἰασάμενος
2802 3656 3095 3725 σωμάτων,
3144 3659 3262 3718 πῶς
3304 3652 3507 3710 οἴονται
3571 3655 3632 3709 τὸ
3692 3658 3856 3727 σῶμα

443 3752 653 3806 corpus
684 3753 717 3790 a
756 3738 955 3808 genesi
1002 3737 1441 3793 administrari?
1472 3739 1613 3793 Nam
1656 3742 1761 3793 aut
1808 3739 1948 3793 illud
1986 3739 2087 3795 fal-

2216 3743 2374 3818 ιέγειν
2432 3742 2635 3818 γενέσει
2707 3740 3073 3811 διοικεῖσθαι;
3129 3742 3163 3812 ἢ
3214 3743 3319 3818 γὰρ
3378 3744 3439 3797 τὸ
3485 3742 3732 3798 ἀπειλεῖν
3788 3743 3851 3797 τὸ

442 3840 572 3879 sum
608 3824 869 3893 reddent,
899 3826 1048 3895 quod
1073 3825 1228 3880 Deus
1252 3826 1645 3898 immorigeris
1672 3843 1875 3899 poenas
1907 3828 2082 3883 mini-

2216 3838 2345 3886 9εἷον
2394 3837 2513 3893 τοῖς
2567 3831 2995 3907 παρακούουσιν,
3048 3831 3339 3905 εὐεργετεῖν
3397 3829 3454 3885 δὲ
3492 3830 3621 3894 τοὺς
3667 3834 3859 3887 πειθο-

440 3918 614 3984 tetur,
681 3914 1340 3987 obtemperantibusque
1399 3916 1648 3988 benigne
1716 3918 1924 3973 faciat:
1987 3924 2087 3973 aut

2216 3922 2412 3988 ιένους,
2455 3921 2529 3982 εἰς
2581 3919 2776 3995 ψεῦδος
2823 3921 3149 3991 ἀπάξουσινσ
3186 3922 3220 3991 ἢ
3269 3921 3313 3975 si
3352 3922 3414 3976 τὸ
3455 3926 3672 3994 πρῶτον
3706 3920 3850 3993 ἀληο

440 4007 614 4073 certe,
649 4004 696 4058 si
747 4003 999 4072 primum
1051 4004 1199 4059 illud
1243 4021 1468 4071 verum,
1519 4007 1841 4061 secundum
1892 4007 2086 4063 fabula

2216 4013 2303 4079 ιὲς,
2346 4009 2573 4083 πλάσμα
2614 4012 2678 4066 τὸ
2728 4008 2996 4085 δεύτερον.
3047 4011 3234 4083 Χωρῖς
3285 4007 3341 4065 δὲ
3369 4014 3477 4065 τῶν
3521 4010 3850 4085 εἴρημένων,

440 4095 549 4146 est.
584 4090 671 4145 Ad
716 4090 836 4145 haec
884 4092 1075 4148 222a
1114 4093 1213 4163 qui
1268 4092 1391 4148 ﬁeri
1417 4098 1623 4164 potest,
1658 4098 1717 4149 ut
1747 4095 1944 4165 genesi
1967 4110 2087 4149 cor-

2216 4105 2311 4161 πῶς
2353 4099 2548 4170 οἷόντε,
2580 4101 2835 4172 σώματος
2869 4099 3227 4171 ὑποκειμένου
3275 4100 3502 4174 γενέσει,
3533 4100 3627 4160 τὰς
3669 4102 3858 4175 ψυχὰς

440 4195 579 4251 pora
608 4179 873 4250 subjecta
904 4196 1037 4235 cum
1070 4182 1209 4248 sint,
1234 4183 1440 4237 animis
1465 4188 1659 4238 tamen
1693 4184 1821 4253 ejus
1842 4183 2084 4254 imperio

2216 4190 2395 4259 ταύτης
2444 4187 2808 4262 ἀπηλλάχθαι
2855 4208 2869 4258 ;
2922 4188 2968 4242 si
3027 4188 3127 4263 γὰρ
3181 4188 3289 4242 ἀπὸ
3336 4188 3595 4261 γενέσεως
3643 4186 3855 4260 εὕρεσις

439 4268 887 4323 subducantur?
908 4269 968 4323 Si
990 4269 1144 4325 enim
1167 4287 1199 4323 a
1221 4273 1418 4341 genesi
1443 4272 1663 4328 accidat
1688 4272 1939 4328 inventio
1962 4273 2087 4327 the-

2216 4283 2467 4353 ιησάυροῦ
2506 4277 2596 4332 καὶ
2647 4276 2800 4331 οἷ’κου
2847 4283 3037 4345 κτῆσις
3070 4278 3105 4346 ἢ
3157 4277 3352 4351 ἑτέρων
3390 4282 3552 4331 τινῶν
3601 4297 3852 4349 σωματι-

440 4358 622 4425 sauri,
656 4357 739 4413 vel
769 4359 1075 4416 aediﬁcatio
1097 4361 1326 4429 domus,
1360 4362 1445 4418 vel
1476 4362 1718 4419 aliarum
1753 4364 2080 4435 aliquarum

2216 4371 2299 4421 ιῶν
2345 4365 2661 4439 πρόσληψις
2795 4360 3073 4433 ἀποϐολή,
3121 4365 3211 4418 καὶ
3264 4363 3331 4435 δὴ
3378 4365 3468 4419 καὶ
3507 4367 3543 4434 ἡ
3574 4370 3683 4419 τῶν
3714 4384 3856 4438 πορ-

440 4462 847 4517 corporearum
880 4464 1073 4503 rerum
1115 4448 1234 4504 sive
1280 4451 1622 4523 assumptio,
1666 4452 1781 4508 sive
1814 4454 2081 4524 abjectio,

2222 4454 2453 4509 ευόντων
2508 4454 2543 4521 ἢ
2581 4458 2687 4507 τῶν
2726 4448 3099 4527 μοιχευόντων
3132 4454 3321 4522 ποινὴ,
3359 4453 3567 4528 ἀνάγκη
3619 4454 3723 4522 τὴν
3757 4456 3857 4526 ψυ-

439 4535 560 4590 imo
590 4540 646 4590 et
686 4536 1144 4593 adulterantium
1195 4544 1370 4609 atque
1420 4540 1839 4597 mmchantium
1890 4561 2082 4614 pcena,

2216 4543 2292 4618 [ἢν
2355 4541 2668 4597 ἐλαύνεσθαι
2732 4542 2825 4615 μὲν
2877 4542 3014 4616 πρὸς
3059 4540 3262 4615 ε’ὐρεσιν
3317 4543 3591 4614 θησαυροῦ
3635 4544 3680 4613 ⁸,
3712 4541 3855 4616 πρὸς

436 4624 833 4679 necessarium
858 4625 1059 4697 utique
1080 4627 1340 4682 animam
1356 4627 1579 4698 impelli
1599 4629 1668 4683 ad
1688 4629 2079 4686 inventionem

2216 4630 2422 4702 ιάθησιν
2459 4630 2516 4685 δὲ
2561 4638 2875 4701 τεκτονικῆς
2909 4628 2999 4685 διὰ
3026 4630 3117 4685 τὸν
3150 4632 3302 4686 οἷκον
3352 4630 3387 4700 ἢ
3425 4632 3725 4706 ὑφαντικῆς
3760 4629 3851 4685 διὰ

432 4712 692 4769 thesauri
717 4714 975 4786 [propter
1008 4716 1198 4786 ipsum
1235 4716 1619 4788 thesaurum],
1654 4726 1825 4790 atque
1855 4720 1922 4774 ad
1958 4720 2080 4775 dis-

2217 4720 2244 4774 ὸ
2297 4720 2541 4793 ἱμάτιον.
2606 4722 2731 4792 [704
2764 4722 2856 4793 R.]
2901 4724 2990 4774 Δεῖ
3030 4717 3087 4774 δὲ
3142 4720 3230 4775 καὶ
3281 4721 3530 4795 γυναικὸς
3583 4722 3848 4789 ἡττᾶσθαι

430 4803 676 4859 cendam
708 4803 794 4859 vel
821 4806 1271 4861 architecturam
1305 4811 1536 4877 propter
1567 4808 1834 4873 domum,
1855 4808 1939 4864 vel
1969 4815 2080 4865 tex-

2223 4808 2273 4863 ιὰ
2302 4810 2363 4865 τὸ
2412 4812 2600 4864 παθεῖν
2659 4810 2721 4863 τὸ
2762 4814 2920 4882 σῶμα
2970 4809 3105 4883 ἅπερ
3145 4809 3299 4880 αὐτῷ
3348 4807 3667 4884 εἷ’μαρταιτ,
3699 4808 3846 4864 ἀλλὰ

432 4893 635 4949 loriam
680 4898 917 4966 propter
972 4902 1207 4950 vestem.
1263 4895 1412 4962 Quin
1465 4913 1498 4950 a
1546 4894 1819 4951 muliebri
1878 4914 2079 4954 amore

2218 4899 2271 4952 ui
2320 4900 2456 4973 πρὸς
2518 4899 2681 4974 φόνον
2748 4897 3005 4953 ὠθεῖσθαι
3063 4895 3153 4953 διὰ
3219 4899 3317 4968 τὴν
3382 4897 3838 4975 καταψηφισαμέ-

429 4983 579 5038 vinci
615 4983 765 5038 hanc
805 4988 1029 5054 oportet
1070 4988 1136 5039 ut
1181 4984 1323 5039 ferat
1370 5000 1583 5056 corpus
1614 4986 1829 5057 proprii
1876 5003 2077 5058 poenas

2216 5010 2275 5060 ην
2316 4991 2407 5044 τὸν
2460 4989 2683 5044 θάνατον
2712 4990 2934 5062 γένεσιν,
2966 4988 3055 5043 καὶ
3098 4987 3187 5043 ἐπὶ
3234 4992 3343 5043 τῶν
3385 4986 3575 5045 ἄλλων
3607 4987 3844 5060 ὁμοίως.

430 5071 660 5127 delicti:
734 5073 853 5128 imo
910 5074 1085 5128 etiam
1156 5074 1224 5129 ad
1285 5074 1499 5129 caedem
1556 5073 1784 5131 incitari
1844 5082 2078 5148 propter

2216 5076 2352 5133 ιύδὲν
2409 5079 2511 5152 γὰρ
2566 5076 2760 5153 σχεδὸν
2817 5082 2925 5133 τῶν
2982 5082 3311 5150 σωματικῶν
3370 5084 3469 5147 τῆς
3503 5080 3693 5151 ψυχῆς
3756 5078 3837 5149 μὴ

432 5162 713 5233 genesim,
756 5180 883 5233 qua:
926 5162 1130 5218 mortis
1174 5165 1527 5219 sententiam
1576 5163 1744 5219 tulit:
1788 5171 1846 5220 et
1883 5166 1967 5222 sic
2007 5168 2076 5222 de

2218 5166 2564 5236 πακουούσης
2635 5167 2725 5221 καὶ
2802 5161 3297 5239 συλλαμϐανούσης
3384 5166 3697 5242 γενήσεται,
3753 5165 3849 5220 xui

431 5247 707 5305 aliis.Vix
726 5252 879 5307 enim
896 5267 1235 5323 corporeum
1255 5252 1575 5323 quidquam
1594 5253 1713 5321 ﬁet,
1742 5254 1855 5311 nisi
1878 5255 2077 5311 anima

2216 5257 2385 5334 νάγκη
2431 5258 2557 5319 τοὺς
2613 5278 2672 5312 εκ
2720 5254 3082 5331 Βαρδισάνους
3112 5257 3146 5326 ἢ
3178 5258 3272 5313 καὶ
3324 5259 3424 5326 τήν
3476 5259 3662 5332 ψυχὴν
3713 5258 3854 5312 ὑπο-

433 5348 510 5419 (α)
542 5348 682 5403 Gen.
708 5366 747 5416 ι,
774 5351 860 5404 14.
927 5350 1003 5420 (b)
1031 5350 1210 5406 Josue
1238 5368 1295 5421 x,
1330 5352 1416 5406 13.
1457 5352 1528 5423 (ε)
1560 5352 1630 5407 IV
1660 5353 1798 5423 Reg.
1834 5371 1923 5421 xx,
1956 5355 2011 5409 9.
2055 5353 2100 5425 (α

2218 5358 2363 5413 atth.
2394 5375 2568 5429 xxvn,
2594 5358 2684 5413 45.
2764 5360 2964 5427 (6)188.
2985 5375 3161 5428 xum,
3197 5359 3281 5414 12.
3360 5358 3431 5429 (Γ)
3459 5356 3672 5414 Jerem.
3704 5374 3765 5426 x,
3792 5360 3851 5412 2.

1818 5461 2057 5516 VARIZE
2098 5463 2483 5520 LECTIONES

503 5552 953 5648 ’fﬁﬁcgliger:
984 5554 1119 5648 libri
1152 5554 1227 5648 ἐν’.
1282 5557 1326 5648 n3
1347 5554 1559 5648 έπξιφίει
1735 5560 1770 5648 ξ
1796 5557 2050 5648 τάναντία
2079 5556 2136 5613 δὲ
2244 5574 2261 5617 :
2295 5558 2352 5648 δὲ
2380 5559 2632 5648 τάναντία
2664 5562 2811 5648 ς’λδ
2842 5562 2979 5639 αὐτῇ
3011 5568 3054 5619 Δ
3092 5578 3108 5626 :
3147 5561 3334 5627 αὐτοῖς
3357 5562 3438 5639 ς’.
3483 5562 3507 5599 δ
3540 5563 3845 5648 θησαυροῦ]

434 5621 710 5704 θησαὺροῦ
741 5621 949 5680 διδῖτὸν
983 5627 1250 5700 θησαυρόν
1281 5621 1557 5701 Scaliger.
1604 5621 1659 5665 ’⁷
1690 5630 1838 5703 αὐτῷ
1867 5628 2118 5705 εἵμαρται
2149 5637 2197 5688 Α
2229 5649 2245 5690 :
2286 5634 2419 5690 αὐτὸ
2448 5621 2703 5711 ἥμαρτεν
2718 5635 2801 5713 ς.

3514 5780 3547 5804 δ
