4116 6224
297 319 410 377 877

1399 327 1939 396 BIBLIOTHECA.
1982 366 2059 379 -—
2103 336 2276 398 COD.
2325 336 2632 399 CCXXIV.

3596 341 3712 405 8'18

293 447 447 519 τάξαι
503 448 727 525 γενέσει,
776 451 812 520 ἢ
870 456 1028 508 τοῦτο
1092 457 1166 528 μὴ
1217 455 1540 531 τολμῶντας
1580 461 1668 517 καὶ
1698 463 1760 518 τὸ
1790 471 1949 540 σῶμα

2061 468 2293 526 obediat
2341 477 2514 542 atque
2576 471 2826 542 adjuvet,
2876 475 2940 527 ut
2989 487 3223 529 necesse
3253 472 3326 529 sit
3374 473 3710 532 Bardisanm

293 536 498 608 ταύτης
525 537 845 618 ἀποφαίνειν
880 540 1184 619 ἐλεύθερον.
1221 546 1379 604 Οὕτω
1413 551 1511 622 μὲν
1541 553 1632 606 καὶ
1673 555 1734 608 τὸ
1863 536 1951 610 καὶ

289 627 334 679 ν’
365 626 802 703 ἅποπερατοῦται
833 630 1151 706 κεφάλαιον.

361 897 446 954 Ἐν
503 895 560 954 δὲ
603 903 682 973 τῷ
713 899 904 991 ἐφεξῆς
945 905 1045 975 τήν
1093 905 1330 982 ἐσχάτην
1377 906 1621 966 ἀσέϐειαν
1676 911 1950 991 διελέγχει

290 991 398 1042 τῶν
451 991 657 1064 γενέσει
717 989 1057 1066 τολμώντων
1114 991 1450 1053 ὑποϐάλλειν
1482 1001 1569 1054 καὶ
1618 1003 1710 1057 τὸν
1754 989 1952 1078 Κύριον

290 1076 452 1150 ἡμῶν
486 1077 704 1148 Ἰησοῦν
752 1081 1003 1155 Χριστὸν,
1035 1085 1127 1139 τὸν
1174 1085 1396 1164 φανέντα
1444 1088 1712 1169 πρόφασιν
1745 1076 1949 1149 ποι-ου-

295 1166 472 1238 μένων
505 1166 722 1243 ἀστέρα,
755 1170 845 1224 καὶ
875 1171 1078 1243 ταύτην
1111 1172 1167 1229 εὖ
1196 1197 1253 1231 τε
1291 1178 1378 1231 καὶ
1413 1166 1592 1254 σοφῶς
1651 1181 1748 1248 τὴν
1811 1182 1949 1238 ἀπό-

290 1273 444 1308 νοιαν
498 1257 624 1327 [365
672 1259 764 1330 H.]
834 1257 1192 1334 καταϐάλλει,
1243 1262 1480 1329 πολλοῖς
1528 1268 1724 1332 αὐτοὺς
1782 1293 1948 1327 κατα-

289 1343 608 1417 τιτρώσκων
655 1352 772 1410 τοῖς
826 1347 1246 1428 ἐπιχειρήμασι,
1298 1355 1362 1408 τά
1420 1376 1478 1411 τε
1526 1356 1693 1425 ἄλλα,
1741 1361 1830 1415 καὶ
1879 1358 1949 1416 δι’

292 1433 370 1487 ὧν
405 1431 630 1490 δείκνυσι
660 1438 753 1492 τὸν
787 1439 1012 1517 φανέντα
1042 1441 1237 1516 ἀστέρα
1288 1445 1364 1516 μὴ
1413 1442 1504 1500 ἕνα
1550 1453 1657 1502 τῶν
1716 1449 1945 1507 πολλῶν

286 1521 377 1577 καὶ
438 1526 554 1578 κατ’
621 1525 845 1602 οὐρανὸν
887 1530 1042 1598 εἶναι,
1102 1530 1246 1587 ἀλλὰ
1305 1532 1532 1608 δύναμίν
1580 1559 1700 1592 τινα
1743 1541 1946 1596 θειοτέ-

289 1631 409 1685 ραν,
478 1612 554 1675 είς
598 1615 793 1690 ἄστρον
856 1618 954 1692 μὲν
1013 1622 1528 1697 σχηματιζομένην,
1578 1630 1676 1694 τήν
1739 1627 1796 1684 δὲ
1849 1636 1946 1686 τοῦ

286 1705 472 1756 κοινοῦ
517 1703 794 1759 Λεσπότου
843 1706 1210 1782 κηρύττουσαν
1253 1711 1480 1789 γένεσιν.
1530 1715 1686 1790 Λέγει
1723 1715 1778 1772 δὲ
1821 1718 1949 1783 τοὺς

2063 563 2397 627 sectatores,
2428 561 2516 616 vel
2549 560 2807 616 animum
2832 560 3117 631 subjicere
3139 562 3358 632 genesi,
3389 562 3478 618 vel
3509 565 3557 620 si
3597 562 3708 621 hoc

2066 665 2180 704 non
2213 650 2484 717 audeant,
2519 648 2696 704 etiam
2723 665 2936 721 corpus
2975 649 3045 704 ab
3077 649 3252 721 hujus
3284 650 3528 722 imperio
3558 653 3706 708 libe-

2063 754 2194 792 rum
2245 738 2641 809 pronuntiare.
2677 738 2765 794 Ita
2809 739 3134 795 secundum
3183 743 3240 793 et
3288 738 3707 811 quinquagesi-

2065 843 2226 883 mum
2255 832 2434 899 caput
2462 828 2683 883 finitur.

2131 915 2401 970 Proximo
2431 931 2564 970 vero
2610 923 2918 971 extremam
2971 915 3131 970 illam
3164 915 3518 987 impietatem
3566 934 3708 975 con-

2064 1007 2209 1063 futat
2240 1023 2464 1077 eorum,
2499 1008 2596 1078 qui
2620 1006 2814 1078 ipsum
2838 1024 3067 1079 quoque
3089 1009 3404 1065 Dominum
3437 1015 3705 1067 nostrum

2059 1097 2261 1154 Jesum
2321 1096 2613 1153 Christum
2647 1099 2846 1169 genesi
2904 1099 3194 1168 subjicere
3251 1101 3491 1169 audent,
3538 1119 3706 1159 sum-

2062 1192 2162 1259 pta
2229 1189 2299 1241 de
2366 1190 2597 1242 ostensa
2664 1186 2849 1258 magis
2917 1187 3088 1243 stella
3154 1190 3480 1246 occasione.
3544 1193 3704 1248 Hanc

2061 1291 2196 1346 ergo
2237 1276 2552 1332 amentiam
2606 1276 2749 1333 bene
2799 1281 2855 1333 et
2905 1278 3202 1349 sapienter
3240 1279 3469 1348 refellit,
3501 1281 3705 1337 multis

2060 1363 2191 1420 illos
2224 1366 2562 1422 confodiens
2613 1366 2995 1438 argumentis,
3048 1383 3175 1422 cum
3227 1368 3385 1436 alibi,
3431 1373 3559 1424 tum
3602 1370 3703 1425 ubi

2058 1453 2309 1509 ostendit
2339 1455 2520 1509 visam
2555 1454 2784 1509 stellam
2818 1471 2933 1510 non
2966 1472 3134 1510 unazn
3165 1472 3195 1510 e
3236 1455 3437 1512 multis
3469 1457 3527 1512 in
3559 1456 3703 1512 cmlo

2059 1542 2258 1612 fuisse,
2291 1544 2392 1598 sed
2439 1543 2552 1598 vim
2605 1545 2922 1616 quamdam
2977 1544 3322 1601 diviniorem
3371 1547 3429 1601 in
3477 1552 3702 1602 astrum

2058 1633 2498 1698 conformatum,
2550 1650 2680 1703 quae
2728 1633 2992 1689 omnium
3056 1635 3281 1690 Domini
3340 1636 3701 1691 nativitatem

2056 1722 2430 1778 denuntiaret
2453 1722 2586 1794 (64).
2622 1723 2796 1778 Porro
2832 1740 3030 1794 magos
3062 1726 3234 1780 refert
3265 1742 3297 1779 a
3322 1725 3704 1780 Chaldaeisita

291 1791 503 1866 μάγους
551 1790 884 1868 παραλαϐεῖν
944 1798 1039 1869 μὲν
1088 1801 1235 1874 παρά
1293 1800 1581 1858 Χαλδαίων
1639 1807 1712 1868 ὡς
1776 1808 1948 1884 ἀστὴρ

2061 1813 2366 1884 accepisse,
2402 1812 2632 1867 stellam
2656 1815 2969 1884 quamdam
3006 1813 3143 1869 olim
3177 1815 3316 1883 fore,
3351 1832 3476 1886 quae
3502 1824 3700 1870 natum

287 1877 436 1934 ἔσται
482 1889 584 1952 τῆς
624 1883 761 1940 κατά
809 1887 979 1959 σάρκα
1017 1891 1317 1963 γεννήσεως
1373 1891 1470 1947 τοῦ
1518 1900 1699 1950 κοινοῦ
1748 1904 1946 1969 Σωτῆ-

287 1988 383 2043 ρος
432 1974 700 2044 μηνυτής,
752 1972 973 2039 ἐκείνοις
1029 1975 1086 2032 δὲ
1139 1979 1212 2042 ὡς
1273 1981 1601 2057 ὁμοτέχνοις
1676 1985 1944 2043 ἀναθεῖναι

287 2060 387 2129 τήν
448 2061 748 2137 πρόρῥησιν
803 2064 894 2119 τὸν
943 2065 1177 2140 Βαλαὰμ
1225 2071 1244 2105 ⁸
1284 2068 1506 2142 ἐκεῖνον,
1567 2073 1624 2136 ὅς
1682 2076 1770 2130 καὶ
1804 2075 1946 2132 ἄκων

286 2147 408 2203 ἀντὶ
451 2150 688 2223 κατάρας
755 2152 1056 2229 εὐλογήσας
1106 2158 1196 2212 τὸν
1257 2159 1500 2234 Ἰσραὴλ,
1582 2166 1652 2237 τῇ
1719 2165 1945 2242 εὐλογίᾳ

290 2234 696 2313 συμπεριέλαϐε
726 2241 814 2295 καὶ
854 2244 953 2311 τὴν
999 2242 1096 2300 τοῖ’)
1144 2247 1553 2322 τεχθησομένου
1596 2234 1799 2326 γένεσιν
1844 2234 1941 2330 Boi;

286 2329 488 2392 σιλέως
527 2334 615 2386 καὶ
664 2333 753 2388 τὸν
803 2333 1006 2404 ταύτης
1043 2338 1252 2411 κήρυκα
1293 2341 1507 2415 ἀστέρα,
1561 2329 1940 2424 Ἐμφανίζεται

285 2418 344 2475 δὲ
382 2421 596 2496 τεχθεὶς
641 2424 870 2497 Πέρσαις
915 2425 1019 2498 πρὸ
1062 2431 1168 2480 τῶν
1215 2425 1401 2484 ἄλλων
1447 2430 1610 2486 ἐθνῶν
1665 2418 1691 2489 δ
1738 2438 1942 2492 Δεσπό-

283 2529 387 2578 της
436 2508 646 2582 ἐαυτὸν,
687 2509 892 2574 δεικνὺς
941 2513 1023 2569 ὅτι
1073 2517 1163 2570 καὶ
1220 2517 1405 2592 μάγων
1455 2521 1543 2574 καὶ
1577 2525 1796 2597 γοήτων
1825 2533 1952 2589 τοῖς

283 2596 563 2655 ἐθέλουσιν
617 2603 653 2671 ἡ
731 2599 800 2656 δι’
857 2601 1020 2659 αὐτοῦ
1068 2607 1371 2685 παρέχεται
1429 2596 1596 2686 χάρις
1659 2615 1747 2667 καὶ
1833 2637 1938 2671 σω-

281 2687 471 2762 τηρία.

357 2780 541 2834 Ταῦτα
580 2780 670 2834 καὶ
727 2781 794 2837 τὰ
838 2786 1060 2839 τοιαῦτα
1125 2780 1281 2860 ἕτερα
1348 2785 1831 2865 διαπερανάμενος,
1877 2796 1940 2850 τὸ

285 2864 604 2924 τελευταῖον
656 2869 952 2949 κεφάλαιον
1000 2874 1467 2952 ἀνακεφαλαίωσιν
1529 2864 1658 2936 τῶν
1715 2881 1937 2957 εἰρημέ-

282 2977 391 3010 νων
448 2964 713 3031 ποιεῖταε,
761 2959 852 3015 καὶ
913 2956 1026 3035 ἅμα
1073 2964 1134 3017 τό
1171 2985 1229 3018 τε
1287 2968 1308 3002 ⁹
1361 2967 1407 3040 γ’
1453 2969 1542 3023 καὶ
1591 2971 1632 3024 ν’
1660 2971 1751 3026 καὶ
1782 2956 1870 3027 τὸν
1889 2979 1940 3044 η’

277 3045 502 3108 τοῦτοις
533 3047 813 3124 ἀπαρτίζει
856 3048 1045 3125 λόγον.

355 3134 508 3189 Ἐστι
567 3131 624 3188 δὲ
669 3136 768 3204 τὴν
819 3138 1009 3215 φράσιν
1065 3139 1294 3214 καθαρός
1353 3163 1410 3197 τε
1466 3145 1553 3200 καὶ
1612 3147 1864 3222 εὖκρινής
1904 3150 1932 3203 ὁ

278 3219 444 3294 ἀνὴρ,
483 3228 598 3285 τοῖς
633 3221 688 3278 δὲ
728 3223 1069 3299 ἐνθυμήμασι
1101 3228 1191 3282 καὶ
1238 3232 1305 3302 τῇ
1335 3236 1443 3286 τῶν
1486 3219 1932 3312 ἐπιχειρημάτων

280 3305 600 3379 διαπλάσει,
651 3313 766 3366 οἷον
805 3313 964 3368 αὐτὸν
1015 3315 1151 3370 κατά
1207 3319 1371 3390 μέρος
1422 3319 1473 3375 ἐν
1514 3327 1581 3397 τῇ
1613 3305 1717 3378 των
1750 3305 1934 3403 λόγων

277 3399 453 3454 αὐτοῦ
482 3397 832 3478 ὑπεδείξαμεν
867 3403 1095 3482 ἐκλογῇ.

1029 3504 1189 3557 ΣΚΔἌ

807 3583 1090 3659 Μέμνονος
1124 3589 1420 3666 ἲστορικόν.

1966 3086 2014 3150 C

2056 1903 2114 1958 in
2157 1919 2331 1956 carne
2378 1918 2747 1957 communem
2799 1902 3160 1958 Servatorem
3217 1905 3532 1959 nuntiaret.
3585 1904 3702 1959 Hoc

2055 1990 2174 2046 illis
2205 1989 2564 2058 vaticinium,
2607 1995 2885 2062 tanquam
2919 1992 3185 2062 ejusdem
3219 1993 3358 2047 artis
3396 1992 3702 2061 studiosis,

2053 2099 2358 2138 enarrasse
2380 2081 2722 2138 Balaamum
2756 2082 2945 2149 illum,
2978 2083 3077 2154 qui
3118 2083 3207 2138 vel
3239 2083 3454 2138 invitus
3485 2083 3701 2155 impre-

2053 2171 2298 2229 cationis
2347 2171 2471 2228 loco
2525 2171 2669 2227 bene
2717 2173 2998 2242 precando
3041 2173 3259 2237 Israeli,
3312 2172 3700 2229 benedictioni

2052 2279 2167 2316 suae
2191 2261 2469 2315 nascituri
2502 2261 2655 2330 regis
2677 2266 2893 2329 ortum,
2927 2266 2981 2316 et
3007 2261 3186 2331 hujus
3215 2277 3536 2332 praeconem
3563 2261 3699 2317 stel-

2052 2351 2166 2405 lam
2211 2350 2623 2404 admiscuisset
2654 2351 2752 2421 (g).
2811 2352 2952 2404 Dum
2989 2356 3180 2404 autem
3217 2368 3345 2406 sese
3385 2351 3700 2406 videndum

2050 2439 2261 2495 obtulit
2319 2440 2614 2505 Dominus,
2678 2455 2791 2507 prae
2850 2439 3071 2492 cmteris
3121 2439 3455 2493 nationibus
3508 2439 3698 2494 Persis

2053 2530 2422 2599 potissimum
2445 2530 2568 2597 jam
2600 2534 2768 2582 natus
2802 2530 3091 2598 apparuit,
3129 2529 3279 2598 quod
3314 2530 3698 2598 quibuscum-

2050 2634 2163 2688 que
2192 2635 2317 2673 eam
2349 2617 2771 2687 expetentibus,
2805 2616 2921 2670 sive
2956 2617 3137 2686 magis
3168 2617 3288 2670 sive
3321 2615 3696 2670 incantatori-

2048 2707 2182 2776 bus,
2216 2723 2316 2777 per
2343 2707 2534 2777 ipsum
2569 2705 2756 2776 gratia
2785 2709 2839 2760 et
2870 2704 3192 2775 redemptio
3233 2705 3566 2759 donaretur.

2119 2794 2221 2849 liis
2243 2810 2376 2864 ergo
2399 2797 2575 2859 atque
2598 2791 2726 2846 aliis
2749 2791 2953 2846 horum
2983 2792 3274 2847 similibus
3299 2792 3690 2863 pertractatis,

2047 2884 2253 2941 ultimo
2304 2883 2538 2938 tandem
2585 2881 2775 2952 capite
2825 2880 3227 2952 repetitionem
3279 2882 3691 2953 prmdictorum

2047 2973 2309 3028 omnium
2343 2970 2619 3038 instituit,
2653 2969 2950 3040 simulque
2987 2969 3545 3041 quinquagesimum
3575 2974 3693 3026 ter—

2047 3063 2196 3118 tium
2224 3066 2414 3132 caput,
2447 3067 2498 3115 et
2524 3064 2791 3116 octavum
2816 3057 3033 3113 librum
3065 3058 3332 3114 absolvit.

2119 3153 2221 3207 Est
2252 3155 2447 3207 autem
2494 3150 2551 3204 in
2586 3149 2874 3219 loquendo
2926 3164 3104 3219 purus
3145 3156 3320 3219 atque
3353 3149 3689 3221 distinctus,

2047 3240 2336 3311 ejusmodi
2369 3238 2820 3310 enthymematis
2849 3241 3021 3308 atque
3048 3237 3497 3308 epicberematis
3526 3239 3694 3294 effor-

2047 3329 2241 3395 matis,
2278 3327 2474 3400 qualia
2517 3343 2581 3383 ex
2634 3330 2796 3399 parte
2821 3327 2943 3397 jam
2969 3326 3029 3381 in
3057 3325 3148 3382 his
3178 3325 3342 3383 illius
3372 3327 3564 3398 operis
3593 3343 3691 3382 ex-

2046 3418 2256 3491 cerptis
2287 3417 2695 3473 indicavimus.

2589 3506 2741 3563 222
2773 3505 2845 3577 (b)
2871 3505 3160 3562 ccxxw.

2348 3595 2652 3652 Memnonis
2707 3594 3074 3651 Historiarum
3107 3593 3240 3650 libri
3268 3594 3403 3667 (65).

1091 3693 1225 3748 CAP.
1257 3694 1298 3750 Ι.
1331 3727 1400 3737 -
1427 3699 1650 3754 Summa
1684 3696 1931 3754 historiae
1959 3698 2234 3770 sequentis
2262 3697 2331 3752 de
2357 3697 2612 3752 Heraclea
2643 3695 2890 3752 Pontica.

355 3782 694 3856 Ἀνεγνώσθη
755 3779 970 3860 βιϐλίον
1013 3789 1306 3864 Μέμνονος
1358 3793 1654 3868 ἱστορικὸν,
1689 3797 1795 3852 ἀπὸ
1843 3800 1940 3852 τοῦ

278 3872 326 3924 θ’
378 3872 424 3906 ¹⁰
483 3868 656 3947 λόγου
719 3870 824 3940 ἕως
880 3878 968 3939 ις’.
1026 3879 1086 3935 ‘lI
1144 3877 1201 3934 δὲ
1255 3884 1621 3959 πραγματεία,
1676 3884 1771 3940 ὅσα
1819 3885 1941 3958 περὶ

274 3962 384 4028 τήν
421 3963 690 4030 Ποντικήν
728 3963 1052 4038 Ἡράκλειαν
1100 3970 1428 4050 συνηνέχθη,
1463 3975 1661 4028 σκοπὸν
1703 3975 1941 4050 ἀναγρά-

279 4053 386 4123 ψαι
444 4049 776 4124 προτίθεται,
830 4053 960 4118 τοὺς
1011 4055 1066 4112 ὲν
1124 4057 1259 4134 αὐτῇ
1326 4049 1760 4135 τυραννήσαντας
1816 4049 1941 4120 ἀνα-

280 4138 560 4214 λεγομένη
610 4142 698 4196 καί
749 4143 971 4218 πράξεις
1025 4145 1202 4205 αὐτῶν
1251 4151 1339 4205 καὶ
1389 4150 1522 4224 ἤθη,
1562 4153 1810 4216 καὶτοὺς
1843 4153 1943 4210 ἄλ-

280 4227 402 4283 λων
463 4229 640 4303 βίους,
682 4230 771 4286 καὶ
826 4232 894 4288 τά
939 4233 1070 4308 τέλη
1116 4239 1196 4301 οἷς
1244 4238 1549 4316 ἐχρήσαντο
1579 4244 1669 4299 καὶ
1712 4245 1810 4300 ὅσα
1837 4250 1944 4300 τῶν

280 4316 406 4389 είρη
417 4319 591 4390 μένων
622 4317 935 4397 ἐξήρτηται.

2124 3797 2453 3853 Memnonis
2482 3796 2747 3866 historia,
2789 3812 2822 3850 a
2861 3795 3006 3850 libro
3036 3812 3067 3848 v
3097 3809 3286 3866 usque
3315 3794 3387 3848 ad
3418 3808 3530 3861 XVI,
3565 3809 3694 3864 quis

2051 3887 2206 3944 circa
2262 3886 2600 3943 Heracleam
2663 3885 2953 3941 Ponticam
3010 3884 3344 3940 acciderunt
3396 3883 3478 3954 (id
3535 3883 3693 3939 enim

2051 3976 2245 4048 operis
2267 3976 2600 4032 institutum
2625 3976 2735 4046 est)
2761 3975 2998 4046 exponit
3023 3991 3035 4030 :
3060 3980 3181 4030 tum
3210 3972 3369 4029 urbis
3392 3976 3692 4044 tyrannos,

2050 4070 2109 4122 et
2139 4082 2230 4122 res
2262 4065 2470 4122 horum
2502 4068 2698 4135 gestas
2723 4079 3049 4135 moresque,
3083 4068 3208 4120 tum
3241 4061 3487 4117 aliorum
3521 4061 3694 4117 etiam

2050 4155 2227 4212 vitam
2260 4163 2314 4211 et
2342 4153 2583 4220 exitum,
2632 4156 2689 4208 et
2731 4167 3094 4225 quaecunque
3143 4168 3208 4209 eo
3259 4150 3570 4223 pertinent,
3604 4167 3693 4208 re-

2052 4253 2267 4303 censet.

1176 4432 1314 4487 CAP.
1349 4430 1416 4486 ΙΙ.
1449 4463 1516 4475 -
1550 4434 1799 4491 Clearchi
1833 4441 2066 4508 tyranni
2093 4439 2356 4507 eruditio,
2386 4443 2440 4496 et
2467 4439 2781 4496 crudelitas.

365 4513 814 4610 Κλέαρχον-,μὲν
887 4521 978 4576 οὖν
1038 4523 1311 4581 ἐπιθέσθαι
1369 4533 1584 4602 πρῶτον
1666 4531 1941 4605 τυραννίδι

2121 4537 2433 4595 Clearchus
2463 4538 2584 4610 (ait)
2619 4538 2842 4609 primus
2886 4536 3256 4608 tyrannidem
3298 4535 3356 4592 in
3396 4537 3548 4594 hanc
3579 4537 3694 4594 sibi

281 4604 550 4697 κατά
608 4605 829 4697 πολεως
888 4610 1206 4693 ἀναγράφει.
1249 4617 1395 4687 Φησὶ
1455 4616 1513 4674 δὲ
1568 4604 1815 4684 παιδείας
1848 4625 1944 4697 μὲν

277 4699 388 4762 τῆς
417 4696 553 4750 κατά
592 4695 922 4776 φιλοσοφίαν
957 4701 1053 4757 οὐκ
1101 4704 1465 4780 ἀγύμναστον,
1498 4708 1646 4766 ἀλλά
1673 4714 1763 4766 καὶ
1797 4695 1943 4768 Πλά-

276 4803 460 4844 τωνος
516 4787 625 4839 τῶν
689 4787 970 4863 ἀκροατῶν
1027 4788 1117 4847 ἕνα
1188 4797 1480 4871 γεγονέναι,
1539 4799 1628 4854 καὶ
1710 4801 1944 4877 Ἰσοκρά-

277 4891 422 4965 τους
451 4870 511 4928 δὲ
547 4877 645 4965 τοῦ
703 4876 940 4955 ῥήτορος
989 4870 1296 4958 τετραετίαν
1358 4886 1741 4962 ἀκροάσασθαι,
1793 4870 1944 4965 ὠμὸν

275 4958 344 5016 δὲ
386 4966 505 5054 τοῖς
565 4962 831 5034 ὑπηκόοις
867 4969 955 5023 καὶ
1011 4974 1321 5053 μιαιφόνον,
1383 4973 1533 5053 εἷ’περ
1574 4980 1694 5033 τινὰ
1748 4958 1941 5054 ἄλλον,

272 5045 690 5142 ἐπιδειχθῆναι,
747 5057 838 5110 καὶ
903 5057 980 5120 είς
1027 5045 1188 5136 ἄκρον
1239 5045 1556 5134 ἀλαζονείας
1615 5065 1824 5142 ἐλάσαι,
1866 5045 1941 5134 ὡς

356 5157 392 5197 a
424 5140 594 5198 Num.
628 5161 776 5216 xxxv,
812 5148 838 5202 1
872 5165 1036 5223 seqq.

2057 4627 2260 4684 urbem
2308 4627 2640 4696 vindicavit,
2686 4625 3016 4698 (disciplinae
3066 4626 3480 4698 philosophica
3537 4626 3693 4682 haud

2053 4717 2326 4787 equidem
2351 4716 2512 4772 rudis
2529 4716 2583 4789 (e
2603 4715 2860 4773 Platonis
2878 4715 3034 4773 enim
3059 4713 3368 4786 discipulis
3391 4732 3546 4771 unus
3566 4715 3694 4783 fuit,

2053 4809 2110 4862 et
2138 4804 2586 4878 quadriennium
2621 4805 2857 4863 Isocrati
2888 4803 3104 4861 oratori
3134 4819 3370 4877 operam
3403 4803 3614 4874 dedit);
3638 4807 3698 4858 at

2053 4895 2348 4951 enimvero
2379 4895 2695 4963 crudelem,
2743 4896 2790 4951 si
2825 4895 3135 4968 quisquam
3169 4892 3342 4961 alius,
3375 4892 3602 4949 civibus
3633 4906 3697 4947 se

2053 4983 2314 5040 exhibuit
2342 4990 2400 5040 et
2430 4990 2762 5041 eruentem:
2793 4989 2851 5041 et
2890 4985 2960 5039 ad
2995 4998 3293 5040 summum
3330 4997 3519 5052 usque
3543 4980 3698 5036 inso-

2050 5073 2240 5130 lentia
2287 5075 2588 5148 processit,
2637 5079 2702 5132 ut
2741 5079 2798 5132 et
2835 5075 2997 5132 Jovis
3037 5089 3100 5131 se
3121 5073 3311 5129 filium
3345 5070 3696 5130 nominaret.

1654 5249 1898 5307 VARI/E
1939 5251 2326 5309 LECTIONES

355 5325 743 5390 ⁸ΒαλαάκΑ.
821 5334 1354 5417 rusum-asc.
1436 5345 1852 5421 ¹⁰θἈεε’ς’.

1887 5457 2102 5516 NOT/E

358 5540 750 5627 ((34).?de
797 5547 976 5627 _Basi1.
1032 5555 1089 5609 et
1148 5553 1396 5627 Nysseni
1440 5559 1732 5616 sententia
1777 5558 1949 5618 Hom.

276 5615 352 5672 de
380 5615 617 5672 Nativit.
647 5617 888 5679 Domini.

2129 5560 2248 5636 (65)
2284 5560 2374 5636 _De
2421 5561 2704 5636 Heracles
2751 5563 3002 5621 Ponticis
3050 5563 3333 5636 tyrannis.
3389 5559 3697 5622 Latinitate

2052 5632 2252 5688 donati
2283 5633 2454 5692 Laur.
2490 5635 2912 5695 Rhodomanno
2943 5632 3275 5712 interprete.
