4154 6218
478 420 597 479 879

1688 413 1952 475 Puoru
1996 413 2520 477 PATRIARCH/E
2562 417 2681 476 οι).

3765 423 3885 484 880

476 552 592 609 Nec
633 551 820 608 colore
841 549 1114 623 genuino,
1138 564 1250 621 quo
1282 552 1492 603 natura
1526 546 1732 603 faciem
1767 546 1894 617 ejus
1926 546 2100 602 tinxe‘

2233 546 2321 600 καὶ
2364 547 2487 608 Διὸς
2534 547 2646 600 υἱὸν
2694 546 2881 601 ἑαυτὸν
2932 546 3168 604 ἀνειπεῖν
3204 550 3292 604 καὶ
3340 551 3402 606 τὸ
3451 550 3744 625 πρόσωπον
3811 555 3882 627 μὴ

478 647 590 710 rat,
624 646 953 710 contentus,
988 639 1233 694 subinde
1275 637 1407 693 aliis
1440 641 1607 707 atque
1647 635 1779 691 aliis
1810 652 1936 691 eam
1970 636 2117 692 fucis

474 730 760 797 illinebat,
786 734 849 784 ut
874 729 1056 784 nitida
1076 733 1133 784 et
1158 728 1486 783 rubicunda
1506 726 1873 781 intuentibus
1894 725 2117 782 videre-

473 823 585 874 tur.
620 819 768 885 Quin
804 822 855 875 et
890 823 1072 874 vestes
1102 819 1170 873 ad
1204 825 1449 873 terrores
1471 819 1528 872 et
1559 814 1797 870 delicias
1831 820 2117 886 permuta-

472 908 592 965 bat.
633 908 748 963 Nec
785 924 915 964 vero
956 908 1013 962 in
1065 907 1157 963 his
1207 910 1436 962 tantum
1487 904 1789 977 improbus
1835 913 1976 972 eral,
2008 904 2110 959 sed

470 998 648 1054 etiam
682 998 738 1051 in
772 998 1165 1053 benefactores
1198 997 1488 1067 ingratus:
1522 1003 1575 1050 et
1604 996 1664 1049 in
1696 994 1972 1049 omnibus
1992 993 2111 1049 vio-

466 1085 676 1154 lentus,
702 1087 770 1143 ad
796 1103 887 1142 res
911 1086 1159 1141 nefarias
1193 1085 1401 1139 audax.
1434 1084 1652 1139 Natura
1683 1083 2006 1138 industrius
2038 1081 2107 1136 ad

466 1176 652 1231 caedes
684 1191 882 1231 eorum
917 1191 1061 1245 quos
1103 1174 1424 1244 impeteret,
1468 1189 1582 1227 non
1617 1176 1845 1226 tantum
1878 1171 1925 1226 si
1969 1170 2107 1241 quid

463 1264 668 1321 hostile
702 1264 1077 1320 meditaretur
1116 1270 1313 1319 contra
1345 1262 1673 1333 populares,
1706 1261 1806 1316 sed
1838 1261 2015 1315 etiam
2047 1259 2106 1314 in

462 1358 705 1411 exteros.
728 1352 1151 1409 Bibliothecam
1176 1358 1369 1407 tamen
1396 1352 1506 1407 sibi
1533 1350 1912 1421 comparavit,
1937 1350 2108 1420 cujus

463 1444 634 1499 laude
656 1443 1049 1514 antegreditur
1070 1442 1213 1497 alios
1244 1458 1391 1512 quos
1417 1440 1682 1513 tyrannis
1706 1440 1960 1494 famosos
1984 1439 2109 1493 red-

463 1533 629 1588 didit.
648 1533 749 1588 Hic
773 1532 1019 1587 insidias
1041 1531 1243 1587 crebro
1267 1530 1497 1599 multas,
1524 1533 1758 1600 prOpter
1780 1528 1982 1595 cmdes,
2006 1529 2113 1582 im-

463 1621 826 1687 manitatem,
850 1623 904 1675 et
926 1618 1173 1689 injurias
1197 1617 1304 1672 sibi
1329 1621 1603 1682 structas,
1630 1614 1858 1686 effugit;
1883 1616 1985 1669 sed
2018 1615 2111 1668 vix

460 1711 697 1766 tandem
729 1726 763 1765 a
792 1708 1006 1763 Chione
1039 1706 1242 1761 Matris
1285 1705 1400 1760 tilio
1441 1704 1563 1776 (qui
1597 1704 1683 1757 vir
1712 1712 1832 1759 erat
1864 1718 2106 1775 magna-

462 1799 680 1866 nimus,
714 1804 770 1855 et
800 1795 1224 1853 necessitudine
1255 1794 1560 1863 sanguinis
1614 1802 1855 1864 tyranno
1906 1793 2108 1847 devin-

2227 634 2509 709 ἀνέχεσθαι
2568 640 2687 697 ταῖς
2739 635 2797 689 ἐκ
2863 634 3072 711 φύσεως
3138 638 3581 712 χρωματίζεσθαι
3666 643 3882 719 βαφαῖς,

2229 722 2423 786 ἄλλαις
2473 722 2529 778 δὲ
2584 724 2674 778 καὶ
2733 723 2931 789 ἄλλαις
2989 724 3159 790 ἰδίαις
3213 726 3645 801 ποικιλλόμενον
3676 728 3767 784 ἐπὶ
3824 733 3881 786 τὸ

2228 809 2484 867 στιλπνόν
2543 834 2601 867 τε
2657 812 2746 866 καὶ
2804 812 3065 886 ἐνερευθὲς
3131 819 3173 853 ¹¹
3228 821 3343 877 τοῖς
3403 817 3599 892 ὁρῶσιν
3670 817 3883 897 ἐπιφαιο

2226 903 2427 969 νεσθαι,
2475 900 2822 971 ἐξαλλάττειν
2871 899 2929 956 δὲ
2966 903 3055 957 καὶ
3111 904 3237 966 τοὺς
3272 910 3512 980 χιτῶνας
3544 906 3631 961 ἐπὶ
3679 908 3743 962 τὸ
3790 930 3885 985 φο-

2227 984 2383 1064 ϐερόν
2440 1011 2497 1044 τε
2553 990 2640 1044 καὶ
2683 985 2993 1066 ἀϐρότερον.
3054 995 3182 1065 [705
3214 995 3304 1066 R.]
3363 993 3441 1051 Οὐ
3479 999 3644 1050 ταῦτα
3687 994 3745 1051 δὲ
3779 984 3885 1070 μό-

2224 1099 2310 1133 νον
2365 1080 2604 1153 γενέσθαι
2656 1080 2841 1150 κακὸν,
2889 1078 3036 1135 ἀλλὰ
3085 1081 3174 1135 καὶ
3231 1083 3368 1155 πρὸς
3422 1083 3550 1146 τοὺς
3604 1085 3881 1161 εὐεργέτας

2224 1166 2521 1242 ἀχάριστον
2557 1168 2646 1222 καὶ
2687 1169 2857 1223 πάντα
2899 1170 3075 1243 βίαιόν
3118 1191 3176 1224 τε
3214 1171 3302 1225 καὶ
3334 1172 3399 1225 τὰ
3448 1172 3625 1228 ἄτοπα
3663 1174 3881 1248 τολμη-

2226 1259 2318 1333 ρόν
2352 1277 2364 1289 ⁸
2424 1262 2584 1335 φῦναι
2640 1255 2696 1312 δὲ
2738 1260 2824 1313 καὶ
2881 1256 3204 1334 δραστήριον
3255 1262 3345 1315 τὸν
3396 1261 3743 1335 παλαμναῖον
3796 1267 3882 1319 οἷς

2224 1346 2282 1401 ἃν
2340 1342 2594 1402 ἐπιϐάλοι
2630 1350 2698 1415 ⁸³,
2731 1347 2793 1401 οὐ
2841 1351 2977 1403 κατά
3022 1353 3129 1403 τῶν
3181 1349 3479 1425 ὁμοφύλων
3517 1352 3704 1424 μόνον,
3737 1352 3880 1408 ἀλλᾶ

2220 1435 2309 1490 καὶ
2351 1434 2404 1490 εἷ’
2435 1457 2485 1490 τι
2519 1434 2570 1489 ἐν
2613 1433 2956 1514 ἀλλοφύλοις
2988 1436 3196 1515 ἐφρόνει
3234 1439 3529 1511 πολέμιον.
3580 1439 3884 1514 Βιϐλιοθή-

2219 1546 2320 1593 κην
2359 1528 2545 1597 μεντοι
2603 1526 2994 1580 κατασκευάσαι
3048 1528 3153 1601 πρὸ
3212 1534 3319 1582 τῶν
3373 1527 3559 1585 ἀλλων
3600 1531 3690 1593 οὕς
3722 1535 3758 1601 ἡ
3792 1554 3884 1587 τυ-

2221 1614 2399 1687 ραννὶς
2442 1610 2714 1683 ἀπέδειξεν
2771 1614 3153 1689 ὀνομάζεσθαι.
3214 1619 3426 1673 Τοῦτον
3488 1618 3543 1675 δὲ
3583 1616 3883 1684 ἐπιϐουλὰς

2226 1703 2318 1773 μὲν
2380 1701 2598 1763 πολλὰς
2639 1701 2913 1765 πολλάκις
2965 1701 3054 1758 διὰ
3106 1706 3169 1759 τὸ
3205 1706 3494 1782 μιαιφόνον
3549 1709 3639 1763 καὶ
3694 1709 3884 1782 μισάν-

2224 1793 2440 1865 θρωπον
2512 1793 2600 1845 κιῖ
2682 1787 2989 1865 ὑϐριστικὸν
3045 1795 3159 1848 κατ’
3231 1795 3395 1851 αὐτοῦ
3452 1801 3714 1859 συστάσας
3772 1796 3887 1853 δια-

460 1890 607 1959 ctus)
634 1893 689 1943 et
721 1888 908 1943 Leone
930 1890 985 1941 et
1017 1886 1344 1952 Euxenone,
1375 1883 1717 1954 caeterisque
1749 1899 1861 1937 non
1888 1881 2100 1952 paucis,

2221 1862 2429 1959 φυγεῖν,
2464 1881 2563 1955 ὀψὲ
2594 1878 2650 1935 δὲ
2700 1862 2789 1935 καὶ
2826 1881 2989 1953 μόλις
3025 1882 3128 1937 ὑπὸ
3186 1884 3398 1947 Χίωνος
3453 1891 3550 1941 τοῦ
3609 1890 3884 1963 Μάτριος,

459 1977 861 2048 conjuratione
904 1975 1067 2041 inita,
1120 1974 1335 2029 vulnus
1385 1972 1597 2027 lethale
1639 1973 1894 2042 accepit:
1938 1970 2109 2041 cujus

460 2066 657 2122 dolore
689 2065 1066 2121 acerbissimo
1112 2068 1198 2118 est
1236 2062 1575 2117 exstinctus.
1608 2061 1917 2115 Commune
1951 2059 2103 2113 enim

462 2153 662 2226 populi
694 2169 924 2209 sacrum
952 2153 1159 2223 agebat
1179 2155 1477 2222 tyrannus.
1506 2149 1903 2220 Opportunam
1928 2148 2105 2219 igitur

462 2243 824 2299 occasionem
851 2258 912 2297 se
942 2240 1181 2310 adeptos
1205 2239 1309 2294 rati
1341 2238 1441 2309 qui
1465 2254 1596 2293 cum
1622 2237 1839 2292 Chione
1870 2237 2101 2307 conspi-

461 2335 750 2398 raverant,
784 2347 956 2385 manu
999 2329 1235 2384 Chionis
1281 2344 1477 2383 ensem
1512 2335 1671 2382 trans
1711 2326 1803 2380 ilia
1846 2342 2103 2382 commu-

462 2421 554 2476 nis
585 2420 780 2490 patrias
813 2418 997 2474 hostis
1039 2417 1302 2489 adigunt.
1346 2415 1452 2481 Qui
1487 2415 1635 2469 inter
1664 2413 1880 2469 multos
1912 2417 1967 2468 et
1996 2429 2104 2468 sas-

460 2509 730 2565 vissimos
753 2507 1046 2563 cruciatus
1078 2505 1264 2577 magis
1288 2504 1590 2575 magisque
1612 2504 2107 2574 ingravescentes,

460 2603 518 2654 et
549 2614 788 2669 pavores
821 2615 853 2651 a
883 2596 1129 2667 spectris
1153 2595 1422 2650 incussos
1443 2594 1631 2663 (erant
1651 2598 1841 2648 autem
1867 2591 2108 2647 simula-

463 2703 558 2742 cra
584 2703 782 2743 eorum
815 2703 962 2757 quos
993 2684 1282 2740 crudelem
1310 2684 1368 2737 in
1393 2683 1630 2738 modum
1657 2683 2000 2751 necaverat),
2028 2680 2110 2736 al-

460 2781 583 2832 tero
613 2776 707 2832 die
738 2780 867 2846 post
898 2775 1074 2830 vitam
1124 2791 1253 2829 cum
1302 2778 1487 2828 morte
1527 2770 1931 2836 commutavit,
1974 2786 2106 2827 cum

462 2881 645 2921 annos
676 2864 959 2934 exegisset
982 2864 1041 2919 in
1072 2863 1185 2918 vita
1213 2864 1302 2929 58,
1337 2866 1393 2917 et
1427 2862 1492 2914 12
1522 2860 1896 2932 tyrannicum
1928 2860 2109 2930 impe-

464 2955 618 3009 rium
652 2954 954 3009 tenuisset.
1008 2951 1176 3023 Apud
1226 2952 1434 3006 Persas
1474 2955 1614 3005 tunc
1659 2965 1835 3020 regno
1874 2953 2111 3020 praeerat

464 3046 830 3111 Artaxerxes,
863 3047 920 3098 et
963 3042 1168 3098 exinde
1220 3040 1412 3096 Ochus
1462 3040 1650 3096 228a
1701 3038 1878 3110 patris
1910 3040 1968 3093 in
2001 3039 2111 3093 im-

466 3134 623 3206 perio
655 3148 971 3190 successor.
1014 3132 1100 3186 Ad
1145 3148 1292 3202 quos
1332 3145 1731 3201 saepenumero
1774 3128 2107 3197 Clearchus,

468 3226 607 3279 dum
656 3224 773 3278 vita
823 3222 1050 3292 fruitur,
1108 3220 1330 3292 legatos
1378 3220 1554 3276 misit.
1606 3220 1715 3283 Qui
1764 3235 1893 3275 vero
1950 3217 2110 3274 necis

466 3318 730 3369 auctores
764 3319 1008 3384 tyranno
1042 3313 1287 3375 fuerant,
1333 3326 1536 3382 propre
1568 3325 1793 3375 omnes,
1830 3307 2040 3379 partim
2075 3324 2108 3363 a

466 3402 842 3469 satellitibus,
869 3402 926 3457 in
945 3402 1067 3472 ipso
1090 3400 1479 3472 aggressionis
1499 3398 1744 3453 articulo
1767 3398 1885 3466 (ubi
1910 3401 2106 3452 tamen

463 3500 729 3549 strenuos
751 3508 812 3547 se
834 3492 984 3546 viros
1003 3489 1301 3561 gerebant)
1319 3488 1556 3552 concisi,
1577 3488 1789 3558 partim
1812 3487 2105 3557 aliquanto

464 3587 595 3653 post
622 3582 799 3653 capti,
823 3586 880 3636 et
908 3580 1199 3636 atrocibus
1220 3576 1524 3649 suppliciis
1549 3577 1698 3647 (quas
1719 3575 1941 3631 fortiter
1962 3574 2105 3631 tole-

457 3670 683 3740 rarunt)
715 3670 923 3738 affecti,
957 3668 1297 3724 occubuere.

2220 1968 2413 2043 ἀνδρὸς
2459 1968 2869 2047 μεγαλόφρονος
2924 1973 3016 2025 καὶ
3064 1974 3351 2028 κοινωνίαν
3408 1976 3544 2047 πρὸς
3586 1977 3744 2032 αὐτὸν
3779 1982 3881 2049 τήν

2214 2058 2262 2127 ἐξ
2297 2056 2529 2131 α’ίματος
2580 2053 2825 2133 ἔχοντος,
2864 2061 2991 2132 [366
3022 2062 3115 2134 Η.]
3173 2062 3262 2116 καὶ
3304 2062 3531 2127 Λέοντος
3571 2065 3660 2119 καὶ
3723 2066 3885 2140 Εὐξέ-

2213 2168 2382 2209 νωνος
2435 2148 2521 2201 καὶ
2568 2146 2763 2221 ἐτέρων
2833 2149 2934 2203 οὐκ
2993 2149 3202 2226 ὀλίγων
3262 2155 3683 2223 συσκευασθῆναι
3740 2155 3885 2226 πλη·

2215 2237 2320 2309 γῆν
2385 2237 2601 2309 καιρίαν
2667 2236 2927 2312 ἐνεγκεῖν,
2990 2238 3079 2291 καὶ
3137 2238 3463 2310 τελευτῆσαι
3502 2248 3713 2317 πικρῶς
3771 2244 3881 2300 ἀπὸ

2213 2328 2309 2378 τοῦ
2365 2324 2696 2397 τραύματος.
2729 2326 2889 2380 ’Έθυε
2948 2327 3042 2398 μὲν
3097 2328 3199 2401 γάρ
3260 2326 3543 2402 δημοτελῆ
3606 2332 3799 2386 θυσίαν
3855 2335 3885 2387 ὁ

2215 2412 2479 2488 τύραννος
2514 2432 2526 2445 ο
2593 2416 2643 2468 oi
2705 2412 2762 2468 δὲ
2820 2414 2942 2489 περὶ
3000 2416 3090 2470 τὸν
3132 2417 3320 2473 Χίωνα
3386 2418 3695 2491 ἐπιτήδειον
3743 2422 3879 2477 εἶναι

2216 2502 2305 2556 τὸν
2355 2504 2542 2576 καιρὸν
2604 2507 2671 2575 τῇ
2727 2504 2914 2576 πράξει
2972 2504 3294 2577 νομίσαντες
3351 2511 3422 2580 τῇ
3484 2515 3580 2565 τοῦ
3658 2513 3879 2575 Χίωνος

2218 2592 2365 2667 χειρὶ
2396 2593 2458 2646 τὸ
2492 2592 2641 2668 ξίφος
2672 2590 2759 2647 διὰ
2797 2597 2904 2647 τῶν
2934 2598 3029 2648 τοῦ
3078 2601 3265 2651 κοινοῦ
3314 2595 3586 2671 πολεμίου
3619 2598 3873 2674 λαγόνων

2219 2679 2552 2738 ἐλαύνουσιν.
2587 2682 2647 2737 Ὀ
2682 2678 2758 2749 δὲ,
2795 2681 3022 2737 πολλῶν
3056 2684 3215 2739 αὐτὸν
3248 2686 3338 2740 καὶ
3371 2692 3577 2763 πικρῶν
3624 2687 3876 2763 ἀλγηδό-

2220 2790 2325 2824 νων
2373 2771 2817 2842 κατατεινόντων,
2870 2773 2957 2826 καὶ
3018 2774 3292 2830 τοσούτων
3344 2778 3639 2853 φασμάτων
3704 2776 3880 2833 ἐκδει-

2225 2860 2541 2933 ματούντων
2584 2860 2810 2930 (εἷ’δωλα
2864 2860 2921 2918 δὲ
2976 2864 3045 2919 τὰ
3100 2866 3354 2942 φάσματα
3414 2869 3479 2937 ἦν
3540 2869 3616 2923 ὧν
3672 2868 3882 2931 ἐκεῖνος

2226 2949 2530 3026 μιαιφόνως
2561 2951 2871 3027 ἀνῃρήκει),
2905 2952 3076 3007 οὕτων
3109 2952 3417 3027 δευτεραῖος
3458 2957 3550 3012 τὸν
3594 2959 3713 3033 βίον
3746 2981 3884 3015 κατ-

2221 3036 2464 3112 έστρεψε,
2527 3040 2694 3109 ζήσας
2757 3041 2854 3113 μὲν
2912 3036 3003 3111 ἔτη
3071 3046 3123 3112 η’
3179 3045 3270 3098 καὶ
3326 3046 3386 3114 ν’,
3425 3046 3633 3101 τούτων
3677 3044 3734 3103 δὲ
3794 3069 3888 3104 τυ-

2225 3128 2487 3215 ραννήσας
2546 3125 2883 3186 δυοκαίδεκα.
2946 3130 3083 3210 Εἶχε
3143 3129 3200 3187 δὲ
3246 3135 3346 3202 τήν
3405 3139 3621 3209 Περσῶν
3693 3136 3882 3215 ἀρχὴν

2219 3214 2575 3290 Ἀρταξέρξης
2614 3219 2756 3289 τότε,
2818 3219 2933 3273 εἶτα
2979 3221 3068 3274 καὶ
3120 3222 3290 3296 Ὦχος
3348 3223 3375 3276 ὁ
3433 3223 3633 3295 ταύτην
3664 3223 3724 3279 ἐκ
3774 3247 3882 3281 πα-

2214 3306 2343 3378 τρὸς
2394 3302 2745 3379 ἐκδεξάμενος
2779 3327 2793 3341 ·
2844 3309 2979 3383 πρὸς
3031 3308 3124 3372 οὕς
3164 3310 3252 3365 καὶ
3284 3311 3557 3376 πολλάκις
3588 3312 3667 3369 ἔτι
3706 3319 3816 3384 ζῶν
3851 3319 3879 3372 ὁ

2218 3392 2506 3467 Κλέαρχος
2550 3391 3020 3470 διεπρεσϐεύσατο.
3076 3400 3137 3453 Oi
3198 3401 3379 3473 μέντοι
3433 3423 3492 3476 γε
3541 3402 3878 3479 ἀνῃρηκότες

2215 3484 2309 3536 τὸν
2340 3484 2598 3559 τύραννον
2639 3491 2841 3559 μικροῦ
2889 3489 3084 3552 πάντες
3139 3490 3191 3543 oi
3245 3491 3340 3563 μὲν
3375 3491 3477 3545 ὑπὸ
3530 3497 3637 3546 τῶν
3688 3514 3881 3568 σωμα-

2216 3571 2542 3650 τοφυλάκων
2597 3576 2715 3629 κατ’
2773 3575 2937 3631 αὐτὸν
2993 3578 3085 3632 τὸν
3152 3585 3253 3647 τῆς
3314 3578 3605 3645 ἐπιθέσεως
3654 3585 3877 3659 καιρὸν,

2218 3661 2316 3715 οὐκ
2374 3660 2609 3736 ἀγεννῶς
2668 3661 3073 3738 ἀνδρισάμενοι,
3127 3668 3522 3741 κατεκόπησαν,
3574 3671 3627 3724 οἱ
3678 3668 3737 3727 δὲ
3781 3674 3873 3728 καὶ

457 3757 675 3832 ὕστερον
706 3755 1110 3832 συλληφθέντες
1140 3754 1229 3810 καὶ
1260 3759 1481 3829 πικραῖς
1513 3750 1808 3826 τιμωρίαις
1843 3752 2327 3827 ἐγκαρτερήσαντες
2360 3750 2719 3825 ἀνῃρέθησαν.

457 3867 587 3922 Car.
628 3866 722 3923 ΙΙΙ.
757 3897 822 3906 -
855 3864 1046 3937 Satyri
1083 3862 1316 3936 tyranni
1347 3864 1668 3918 immanitas
1692 3870 1741 3918 et
1771 3860 2092 3986 cruditilas,
2132 3859 2497 3985 pgilosfiqrgia
2527 3862 2587 3915 in
2616 3864 2870 3931 fratrem.
2917 3866 3138 3921 Morbus
3183 3870 3363 3923 atrox.
3407 3869 3651 3926 Vindicta
3682 3871 3881 3928 divina

1879 3950 1905 3986 ε
1934 3947 2129 3986 tamin
2206 3947 2269 3986 ac
2298 3948 2326 3985 v
2379 3949 2434 3985 a.

1879 3947 2047 3988 etiam
2070 3947 2129 3986 ιη
2168 3947 2269 3986 nac
2298 3947 2434 3985 vim.

526 4029 767 4100 Satyrus
814 4034 1030 4093 autem,
1082 4024 1315 4097 tyranni
1376 4039 1711 4095 germanus,
1763 4027 1817 4077 et
1870 4024 2098 4076 curator

453 4133 765 4188 puerorum
796 4114 1084 4171 Timothei
1118 4120 1175 4170 et
1200 4112 1455 4185 Dionysii
1488 4111 1749 4180 relictus,
1782 4109 2091 4181 imperium

451 4206 722 4278 suscipit,
756 4206 857 4276 qui
904 4222 1017 4259 non
1064 4203 1407 4259 Clearchum
1456 4200 1842 4266 solummodo,
1893 4214 2093 4254 verum

452 4299 695 4351 cunctos
726 4295 897 4349 etiam
931 4297 1210 4363 tyrannos
1252 4291 1595 4346 crudelitate
1629 4288 1937 4361 superavit.
1971 4290 2091 4342 Non

450 4383 604 4439 enim
636 4383 705 4438 de
764 4380 1204 4436 insidiatoribus
1255 4380 1452 4436 fratris
1493 4384 1715 4435 tantum
1775 4377 2094 4432 vindictam

446 4472 722 4542 sumpsit,
755 4471 853 4527 sed
885 4478 936 4526 et
967 4469 1025 4524 in
1048 4469 1257 4525 liberos
1288 4485 1489 4524 eorum
1523 4468 1623 4538 qui
1651 4467 1819 4522 etiam
1854 4466 1935 4521 rei
1966 4482 2091 4535 per-

2283 4019 2522 4091 Σάτυρος
2558 4016 2613 4073 δὲ
2672 4020 2699 4074 ὁ
2737 4025 2834 4075 τοῦ
2863 4023 3124 4095 τυράννου
3181 4021 3446 4100 ἀδελφὸς,
3487 4029 3580 4082 οἷα
3639 4026 3708 4098 δὴ
3758 4029 3881 4086 ἐπί-

2208 4128 2413 4182 τροπος
2457 4112 2829 4188 κατακειφθείς
2868 4116 2974 4167 τῶν
3021 4111 3228 4169 παίδων
3271 4118 3547 4187 Τιμοθέου
3594 4120 3686 4173 καὶ
3746 4128 3876 4176 Διοο

2206 4196 2415 4265 νυσίου,
2454 4199 2553 4266 τὴν
2609 4198 2790 4274 ἀρχὴν
2832 4198 3180 4276 ὑποδέχεται·
3235 4203 3294 4266 ὅς
3344 4204 3597 4278 ὠμότητι
3652 4209 3749 4281 μὲν
3806 4211 3873 4265 οὗ

2206 4284 2508 4361 Κλέαρχον,
2565 4285 2711 4342 ἀλλὰ
2766 4290 2855 4344 καὶ
2915 4293 3117 4353 πάντας
3166 4294 3459 4367 τυράννους
3503 4293 3866 4371 ὓπερέϐαλεν.

2201 4372 2277 4428 Οὐ
2326 4374 2488 4446 μόνον
2557 4376 2657 4451 γὰρ
2705 4376 2832 4439 τοὺς
2892 4374 3414 4444 ἐπιϐεϐουλευκότας
3481 4388 3559 4456 τῷ
3634 4383 3870 4458 ἀδελφῷ

2200 4462 2605 4538 ἐτιμωρήσατο,
2646 4464 2794 4522 ἀλλά
2841 4468 2931 4523 καὶ
2975 4474 3084 4524 τῶν
3122 4469 3322 4526 τέκνων
3358 4474 3390 4526 ὀί
3424 4472 3595 4545 μηδὲν
3639 4450 3865 4550 συνῄδει

445 4565 683 4632 ρειταιιε
707 4560 920 4615 conscii
949 4576 1059 4615 non
1086 4564 1302 4628 essent,
1320 4575 1432 4613 non
1460 4557 1657 4612 minus
1679 4553 1881 4611 sazviit.
1900 4556 2089 4625 Atque

2214 4558 2315 4614 τοῖς
2354 4556 2751 4630 γεγεννηκόσιν,
2787 4555 2939 4612 οὐδὲν
2989 4558 3337 4636 ἀνεκτότερον
3387 4559 3725 4634 ἐδηλήσατο,
3769 4567 3861 4621 καὶ

442 4650 524 4705 ita
553 4666 587 4703 a
614 4648 814 4704 multis
845 4648 1170 4705 insontibus
1210 4646 1605 4703 maleﬁcorum
1645 4659 1843 4715 poenas
1876 4643 2084 4714 exegit.

441 4739 569 4795 Fuit
602 4738 690 4793 hic
711 4743 904 4795 omnis
926 4738 1197 4794 doctrinae
1222 4734 1640 4808 philosophicas
1671 4738 1727 4789 et
1757 4733 1969 4789 artium
1996 4734 2086 4788 in-

439 4844 768 4901 genuarum
791 4829 1027 4884 omnino
1059 4843 1282 4898 expers,
1306 4824 1536 4897 ingenio
1558 4826 1789 4879 tantum
1822 4823 1893 4877 ad
1926 4822 2087 4876 saevi-

439 4917 581 4970 tiam
628 4930 947 4987 propenso;
1000 4930 1104 4969 nec
1149 4911 1421 4967 voluntas
1470 4910 1520 4965 ei
1565 4914 1707 4976 erat,
1761 4908 2084 4964 humanum

418 5004 662 5077 aliquid
695 5010 751 5059 et
801 5004 1166 5059 moderatum
1215 5000 1502 5069 discendi,
1537 5015 1639 5053 nec
1671 5016 1703 5053 a
1753 5003 1963 5053 natura
1992 4998 2083 5052 in-

412 5094 564 5149 edita
629 5093 906 5149 facultas:
979 5094 1077 5148 sed
1155 5107 1251 5162 per
1315 5089 1512 5145 omnia
1584 5092 1706 5142 erat
1765 5086 2080 5158 pessimus,

437 5182 662 5237 etiamsi
712 5186 943 5253 tempus
994 5182 1190 5252 ipsum
1242 5178 1597 5249 iniringebat
1646 5176 1967 5242 hominem,
2018 5181 2083 5232 ut

436 5270 619 5327 civilis
648 5271 884 5327 tandem
918 5270 1224 5341 sanguinis
1270 5272 1326 5323 et
1355 5268 1527 5323 caedis
1557 5282 1689 5323 eum
1724 5265 1959 5321 satietas
1991 5283 2083 5322 ca-

433 5364 616 5430 peret.
667 5362 893 5417 Amoris
940 5366 1133 5415 tamen
1172 5359 1407 5414 fraterni
1459 5357 1674 5427 primas
1712 5355 1866 5412 tulit.
1908 5355 2077 5426 Nam,

432 5455 499 5504 ut
538 5448 899 5505 dominatum
955 5450 1148 5505 fratris
1197 5448 1330 5503 ﬁliis
1376 5448 1670 5517 integrum
1725 5446 1796 5500 ab
1844 5444 2078 5515 injuriis

426 5543 814 5609 conservaret,
866 5541 1009 5596 adeo
1057 5540 1185 5610 ejus
1238 5538 1521 5594 rationem
1568 5535 1794 5604 habuit,
1836 5542 1895 5589 ut
1946 5534 2077 5589 licet

2196 4639 2442 4705 πολλοὺς
2482 4642 2756 4708 ἀναιτίους
2806 4646 3123 4724 κακούργων
3175 4646 3326 4712 δίκας
3391 4650 3661 4724 ἀπήτησε.
3717 4658 3863 4709 T05-

2198 4753 2290 4787 τον
2326 4731 2383 4788 δὲ
2421 4735 2511 4790 καὶ
2573 4739 2913 4810 μαθημάτων
2963 4745 3067 4795 τῶν
3099 4761 3156 4796 τε
3195 4743 3331 4797 κατά
3389 4744 3724 4820 φιλοσοφίαν
3766 4751 3857 4802 καί

2197 4826 2307 4876 τῶν
2359 4824 2554 4885 παντὸς
2598 4823 2905 4895 ἐλευθερίου
2966 4827 3142 4884 ἀλλου
3174 4830 3220 4868 ⁸³
3279 4832 3562 4898 παντελῶς
3621 4836 3854 4909 ὑπάρξαι

2198 4909 2591 4986 ἀπαράδεκτον,
2671 4914 2763 4970 καὶ
2829 4921 2953 4971 νοῦν
3018 4916 3074 4973 δὲ
3139 4921 3275 4993 πρὸς
3343 4922 3438 4984 τὰς
3535 4926 3853 5005 μιαιφονίας

2199 4998 2365 5071 μόνον
2424 5001 2725 5078 ὁξόρῥοπον
2786 5002 2985 5080 ἔχοντα
3045 5006 3432 5085 φιλάνθρωπον
3491 4998 3853 5086 μηδὲνμηδέ

2194 5086 2400 5176 ἥμερον
2434 5094 2572 5164 μήτε
2616 5095 2801 5165 μαθεῖν
2824 5094 3077 5166 ἐθελῆσαι
3110 5100 3251 5171 μήσε
3300 5105 3461 5176 φῦναι
3512 5102 3848 5174 ἐπιτήδειον.

2192 5175 2369 5271 Ἂῒλλά
2424 5182 2723 5271 πάνταμὲν
2784 5184 2850 5253 ἦν
2904 5185 3065 5249 οὗτος
3121 5175 3400 5257 κάκιστος,
3443 5189 3610 5246 εἶκαὶ
3644 5193 3849 5271 χρόνος

2192 5267 2343 5339 αὐτῷ
2400 5270 2560 5344 κόρον
2613 5267 2803 5327 λαϐεῖν
2835 5278 2941 5328 τῶν
3003 5275 3284 5354 ἐμφυλίων
3319 5278 3564 5351 αἱμάτων
3597 5267 3689 5335 καί
3748 5289 3850 5352 τῆς

2194 5360 2506 5430 μιαιφονίας
2541 5360 2847 5432 ὑπεξέλυεν,
2881 5362 2967 5420 ἐπὶ
3009 5362 3067 5419 δὲ
3096 5370 3164 5439 τῇ
3223 5365 3560 5446 φιλαδελφίᾳ
3589 5372 3652 5425 τὸ
3700 5376 3851 5447 πρῶ-

2186 5466 2276 5500 τον
2328 5448 2594 5523 ἠνέγκατο
2631 5471 2642 5483 ·
2675 5454 2773 5521 τήν
2822 5454 2925 5529 γάρ
2981 5455 3159 5531 ἀρχὴν
3224 5462 3343 5521 τοῖς
3425 5462 3522 5513 τοῦ
3600 5457 3844 5536 ἀδελφοῦ

2187 5536 2369 5590 παισὶν
2426 5538 2823 5616 ἀνεπηρέαστον
2883 5549 3184 5621 συντηρῶν,
3253 5544 3343 5602 ἐπὶ
3400 5552 3661 5606 τοσοῦτον
3740 5558 3845 5623 τῆς

1793 5641 2034 5697 VARle
2074 5641 2380 5700 LECTION
2386 5646 2469 5704 ES

506 5735 548 5776 ιι
578 5732 786 5812 ἐρευθές
977 5734 1022 5771 1³
1055 5727 1309 5789 ἐπιϐάλοι
1334 5738 1399 5791 ll.
1433 5734 1769 5807 Stephanus
1800 5748 1813 5789 :
1851 5729 1983 5787 libri
2028 5725 2365 5791 ἐπιϐάλοιεν.

2470 5736 2516 5774 ¹³
2547 5736 2724 5799 ἐλευθ.
2757 5738 2937 5798 ἄλλου
2966 5742 3052 5821 ς’.
