4116 6224
227 419 340 482 881

1313 408 1857 472 BIBLIOTHEGA.
1905 443 1983 458 -ι
2027 412 2202 475 COD.
2249 413 2553 475 CCXXIV.

3518 428 3637 496 882

225 551 404 607 αὐτῶν
455 542 786 620 κηδεμονίας
823 539 994 619 λόγον
1036 540 1080 580 ¹⁴
1129 539 1350 595 ἐτίθετο.
1411 539 1485 602 ὡς
1531 561 1620 595 και
1661 542 1872 615 γυναικῖ

1994 543 2284 618 oonjugali
2315 546 2533 613 uxoris,
2567 563 2740 619 quam
2772 548 2941 606 unice
2963 552 3638 618 amabat,consuetudine

224 641 422 708 συνὼν,
482 638 574 692 καὶ
632 636 757 690 τότε
805 632 929 689 λίαν
1001 630 1358 708 στεργομένη,
1422 633 1496 705 μὴ
1556 632 1875 706 ἀνασχέσθαι

221 722 823 795 παιδοποιῆσαι,ἇλλὰ
877 725 1106 795 μηχανῇ
1174 722 1316 792 πασῃ
1388 723 1549 793 γονῆς
1627 719 1874 795 στέρησιν

223 819 397 888 εαυτῷ
461 813 699 880 δικάσαι,
759 811 832 871 ὡς
891 810 950 864 ἂν
1025 806 1153 882 μηδ’
1214 808 1358 870 ὅλως
1420 808 1686 863 ὑπολίποι
1759 810 1881 864 τινὰ

223 904 576 984 ἐφεδρεύοντα
605 906 721 962 τοῖς
751 904 848 956 τοῦ
895 896 1131 977 ἀδελφοῦ
1171 898 1372 953 παισίν.
1426 898 1594 984 Οὗτος
1649 895 1725 952 ἔτι
1774 903 1875 967 ζῶν

221 981 310 1052 καὶ
348 981 499 1072 γήρᾳ
542 989 913 1068 βαρυνόμενος
953 986 1204 1061 Τιμοθέῳ
1250 991 1329 1059 τῷ
1378 981 1728 1060 πρεσϐυτέρῳ
1772 991 1879 1041 τῶν

219 1087 434 1144 παίδων
481 1089 579 1142 τοῦ
629 1080 870 1156 ἀδελφοῦ
911 1079 1203 1156 ἐγχειρίζει
1244 1081 1341 1150 τήν
1384 1079 1589 1154 ἀρχὴν,
1619 1080 1708 1134 καί
1745 1081 1878 1152 μετὰ

222 1176 426 1257 χρόνον
483 1174 545 1229 οὐ
596 1170 774 1227 πολὺν
831 1170 1034 1242 ἀνιάτῳ
1102 1169 1257 1224 πάθει
1338 1169 1428 1224 καὶ
1496 1168 1876 1244 χαλεπωτάτῳ

225 1253 530 1341 συσχεθεὶς,
583 1296 653 1305 -—
709 1259 1028 1334 καρκίνωμα
1083 1259 1187 1333 γὰρ
1239 1257 1435 1332 μεταξὺ
1497 1253 1771 1334 βουϐῶνός
1818 1279 1875 1312 τε

219 1355 314 1410 καὶ
367 1353 566 1429 ὀσχέου
626 1349 862 1428 ὑποφυὶν
899 1351 998 1418 τὴν
1053 1349 1227 1421 νομήν
1286 1349 1421 1423 πρὸς
1462 1348 1528 1402 τὰ
1575 1343 1723 1402 ἔνδον
1775 1348 1872 1401 έπ-

222 1441 408 1498 εδίδου
436 1443 779 1517 πικρότερον,
813 1441 940 1513 [708
982 1439 1072 1513 R.]
1105 1437 1156 1508 ἐξ
1187 1435 1250 1492 οὗ
1301 1436 1504 1510 ἰχῶρες
1555 1436 1873 1509 ἀναστομω-

222 1532 406 1602 θείσης
456 1538 555 1601 τῆς
624 1529 819 1606 σαρκὸς
879 1526 1119 1604 έξέρρεον
1194 1529 1330 1602 βαρὺ
1414 1526 1503 1582 καὶ
1597 1524 1876 1582 δύσοιστον

220 1624 498 1687 πνέουσαι,
534 1621 610 1682 ὡς
674 1620 869 1692 μηκέτι
914 1619 1052 1690 μήτε
1107 1618 1168 1672 τὸ
1238 1617 1678 1692 ὑπηρετούμενον
1735 1618 1875 1690 μήτε

218 1711 348 1774 τοὺς
381 1708 603 1784 ἰατροὺς
631 1709 693 1763 τὸ
721 1708 821 1777 τῆς
853 1705 1150 1778 σηπεδόνος
1183 1704 1388 1782 στέγειν
1434 1709 1482 1744 ¹⁵
1513 1703 1747 1769 δυσῶδες
1786 1704 1875 1760 καὶ

215 1801 610 1856 ἀνυπόστατον.
661 1796 760 1852 Καὶ
811 1801 1058 1872 συνεχεῖς
1114 1799 1238 1870 [367
1421 1793 1478 1850 δὲ
1542 1793 1724 1850 ὀδύναι
1783 1794 1874 1849 καὶ

1990 636 2274 701 uteretur,
2307 632 2523 690 liberos
2554 639 2750 692 tamen
2779 653 2842 692 ex
2875 655 2943 694 ea
2975 657 3274 712 procreare
3306 647 3504 714 nollet,
3538 651 3638 704 sed

1987 719 2149 776 omni
2172 725 2294 777 arte
2325 721 2475 778 hanc
2520 725 2788 780 orbitatis
2819 734 2872 781 et
2915 745 3027 784 non
3075 730 3378 802 gignendae
3424 735 3638 791 sobolis

1986 827 2089 865 ceu
2125 827 2352 878 pmnam
2401 812 2511 868 sibi
2545 813 2861 886 irrogaret:
2899 833 2968 871 ne
3019 835 3188 888 quem
3223 823 3462 877 omnino
3493 824 3633 879 insi-

1987 898 2268 956 diatorem
2304 901 2498 957 fratris
2522 901 2659 957 filiis
2685 904 3062 976 relinqueret.
3087 909 3386 980 Superstes
3415 913 3632 982 adhuc,

1985 989 2086 1044 sed
2132 990 2292 1045 senio
2341 996 2636 1062 gravatus,
2672 992 2998 1060 Timotheo,
3032 997 3130 1068 qui
3165 999 3234 1053 de
3265 999 3400 1056 filiis
3436 1002 3633 1056 fratris

1985 1088 2146 1136 aetate
2179 1083 2490 1151 praecessit,
2523 1093 2712 1137 rerum
2748 1101 3041 1142 summam
3075 1089 3273 1156 tradit,
3309 1107 3414 1147 nec
3447 1092 3632 1149 multo

1984 1172 2246 1241 tempore
2277 1175 2409 1240 post
2459 1170 2808 1226 difficillimo
2858 1174 3174 1246 corripitur
3204 1179 3408 1233 morbo
3439 1185 3496 1234 et
3527 1181 3634 1235 im-

1986 1257 2334 1314 medicabili.
2369 1259 2588 1315 Cancer
2616 1261 2771 1316 enim
2824 1262 2973 1318 inter
3015 1264 3245 1334 iuguem
3287 1271 3344 1322 et
3373 1274 3632 1326 scrotum

1987 1351 2192 1403 enatus
2221 1349 2290 1403 ad
2326 1347 2601 1404 interiora
2621 1350 2910 1419 pascendo
2932 1353 3180 1409 subinde
3202 1357 3468 1412 acerbius
3501 1375 3633 1430 pro-

1986 1438 2293 1509 serpebat:
2329 1454 2398 1494 ex
2446 1454 2582 1511 quo,
2629 1455 2800 1494 carne
2850 1439 3061 1508 laxata,
3113 1445 3327 1514 sanies,
3362 1448 3632 1517 gravissi-

1983 1541 2114 1582 mos
2143 1529 2201 1582 et
2229 1525 2624 1583 intolerabiles
2672 1529 2976 1598 exspirans
3025 1532 3254 1604 odores,
3284 1537 3633 1608 proﬂuebat,

1982 1620 2045 1671 ut
2075 1631 2182 1672 nec
2212 1615 2467 1672 ministri
2499 1632 2604 1673 nec
2636 1617 2844 1674 medici
2877 1619 3401 1680 virulentissimum
3433 1629 3630 1697 putre-

1984 1704 2140 1762 diuis
2182 1707 2421 1762 fetorem
2463 1707 2814 1764 sustinerent
2840 1726 2906 1764 ac
2936 1712 3277 1780 perferrent.
3307 1714 3619 1770 Contineno

1983 1799 2068 1849 tes
2099 1797 2292 1850 autem
2325 1799 2380 1850 et
2429 1795 2695 1852 acerrimi
2743 1798 2972 1855 dolores
3022 1808 3202 1857 totum
3252 1805 3380 1875 ejus
3423 1820 3630 1875 corpus

217 1888 462 1965 δριμεῖαι
523 1887 654 1944 ὅλον
717 1887 772 1941 τὸ
826 1868 986 1959 σῶμα
1033 1868 1356 1954 κατέτεινον,
1418 1885 1505 1962 ὑφ’
1551 1886 1626 1939 ὧν
1704 1884 1872 1959 ἀγρυ-

1981 1882 2471 1939 excarniﬁcabant
2500 1899 2514 1938 :
2549 1899 2798 1954 quorum
2832 1885 3041 1957 vigiliis
3071 1895 3123 1943 et
3155 1868 3630 1946 convulsionibus

215 1978 398 2041 πνίαις
455 1999 515 2032 τε
573 1976 663 2032 καὶ
705 1980 978 2048 σπασμοῖς
1040 1971 1329 2045 έξεδίδοτο,
1390 1967 1494 2031 ἕως
1551 1974 1875 2048 προκύψασα

224 2069 425 2147 μέχρις
470 2067 649 2122 αὐτῶν
701 2069 808 2121 τῶν
869 2061 1200 2139 σπλάγχνων
1241 2067 1337 2118 τοῦ
1390 2064 1594 2125 πάθους
1644 2065 1679 2133 ἡ
1728 2063 1872 2136 νομὴ

215 2163 312 2214 τοῦ
362 2157 487 2233 βίου
545 2153 860 2232 ἆπέῤῥηξεν.
897 2151 1114 2210 Ἐδίδου
1165 2153 1260 2225 μὲν
1306 2153 1396 2207 καὶ
1454 2154 1632 2220 οὗτος,
1693 2150 1873 2229 ὥσπερ

215 2248 306 2302 καὶ
366 2243 688 2319 Κλέαρχος,
744 2241 1012 2298 τελευτῶν
1068 2246 1184 2304 τοῖς
1221 2243 1418 2315 ὁρῶσιν
1479 2239 1676 2296 ἒννοεῖν
1721 2239 1874 2305 δίκας

212 2336 562 2392 ἀπαιτεῖσθαι
593 2334 668 2387 ὧν
724 2333 893 2405 ὠμῶς
932 2352 990 2387 τε
1047 2330 1136 2386 καὶ
1194 2333 1524 2406 παρανόμως
1587 2330 1712 2386 τοὺς
1766 2353 1871 2386 πο-

210 2423 368 2484 λίτας
428 2420 688 2476 διέθεσανο
745 2418 1021 2482 πολλάκις
1075 2418 1178 2494 γὰρ
1249 2417 1409 2473 αὐτόν
1469 2439 1630 2496 φασιν
1696 2417 1746 2472 ἐν
1802 2421 1870 2491 τῇ

207 2515 361 2584 νόσῳ
417 2512 510 2566 τὸν
568 2511 793 2564 θάνατον
849 2507 1097 2564 ἐπελθεῖν
1157 2506 1306 2577 αὐτῷ
1355 2506 1758 2580 κατευχόμενον
1792 2513 1868 2578 μὴ

207 2605 400 2677 τυχεῖν
448 2597 596 2655 ἀλλὰ
653 2602 877 2674 συχναῖς
909 2598 1145 2671 ἡμέραις
1199 2599 1267 2669 τῇ
1323 2601 1492 2670 πικρᾷ
1541 2597 1629 2650 καὶ
1683 2595 1871 2670 βαρείᾳ

209 2685 739 2759 καταδαπανώμενον
794 2686 940 2760 νόσῳ
999 2686 1172 2745 οὕτως
1230 2685 1486 2739 ἀποτῖσαι
1541 2685 1603 2740 τὸ
1663 2685 1870 2762 χρεὼν,

209 2777 306 2849 ἔτη
365 2779 462 2850 μὶν
516 2777 787 2853 βιώσαντα
830 2775 983 2830 πέντε
1027 2774 1118 2829 καὶ
1172 2775 1449 2845 ἑξήκοντα,
1484 2774 1557 2828 ὧν
1610 2775 1644 2844 ἠ
1675 2794 1869 2848 τυραν-

208 2867 296 2930 νὶς
338 2867 492 2944 εἶχεν
526 2868 587 2935 ζ’.
609 2862 953 2940 ’Δγησίλαος
986 2861 1044 2919 δὲ
1080 2867 1377 2934 τηνικαῦτα
1419 2861 1869 2937 Λακεδαιμονίων

209 2951 531 3012 ἇϐασίλευεν
573 2954 636 3009 ¹⁶.

1982 1988 2241 2044 eousque
2272 1972 2409 2027 mali
2441 1973 2709 2046 contagio
2735 1975 3180 2048 adaugescebat,
3204 1978 3387 2036 donec
3409 1982 3476 2036 ad
3502 1982 3631 2053 ipsa

1983 2062 2200 2118 viscera
2231 2076 2292 2118 se
2324 2061 2653 2130 insinuans,
2687 2063 2864 2119 vitam
2890 2069 3133 2136 tyranno
3173 2069 3429 2141 abrupit.
3476 2072 3630 2137 Qua-

1981 2166 2041 2206 re
2070 2149 2187 2220 hic,
2220 2167 2336 2206 non
2363 2150 2558 2207 minus
2587 2167 2765 2224 quam
2790 2152 3123 2222 Clearchus,
3157 2158 3621 2216 animadverten.

1979 2239 2138 2295 tibus
2171 2240 2655 2296 considerandum
2683 2241 2966 2310 exhibuit,
2994 2262 3195 2316 pinnas
3219 2248 3450 2304 tandem
3483 2248 3631 2319 exigi

1978 2329 2213 2385 illorum
2239 2346 2367 2401 quae
2390 2334 2592 2386 contra
2613 2331 2812 2387 divina
2832 2336 2888 2388 et
2909 2332 3167 2390 humana
3189 2336 3325 2406 jura
3349 2336 3629 2394 immani-

1978 2423 2066 2475 ter
2096 2419 2155 2473 in
2202 2419 2354 2476 cives
2403 2419 2806 2477 admisissent.
2840 2422 3002 2493 Saepe
3051 2425 3203 2480 enim
3239 2427 3430 2482 223b
3478 2428 3630 2482 inter

1980 2507 2165 2564 morbi
2208 2512 2457 2564 torturas
2515 2512 2784 2581 precatus
2834 2511 3063 2580 dicitur,
3098 2518 3162 2568 ut
3193 2515 3632 2585 quamprimum

1977 2614 2040 2654 se
2068 2614 2220 2654 mors
2250 2599 2541 2667 obrueret,
2572 2599 2688 2655 voti
2729 2604 2924 2655 tamen
2955 2615 3193 2672 compos
3227 2617 3343 2657 non
3384 2606 3519 2658 ante
3549 2603 3628 2657 fa-

1975 2693 2125 2755 ctus,
2158 2703 2330 2757 quam
2363 2687 2551 2742 morbi
2582 2688 2634 2741 vi
2685 2692 2742 2742 et
2773 2688 3087 2744 acerbitate
3119 2694 3525 2762 consumptus,
3561 2708 3626 2746 eo

1974 2776 2149 2832 modo
2178 2776 2317 2832 fatis
2348 2775 2608 2831 debitum
2641 2776 2920 2832 exsolvit:
2945 2782 3258 2850 postquam
3286 2779 3357 2834 65
3386 2779 3447 2834 in
3483 2781 3623 2847 vita,

1975 2869 2032 2926 in
2065 2870 2373 2942 tyrannide
2421 2871 2454 2922 7
2501 2883 2688 2924 annos
2735 2869 3142 2940 compleverat.
3176 2873 3244 2927 Et
3275 2875 3622 2943 tempestate

1972 2957 2073 3014 illa
2104 2973 2348 3028 regnum
2381 2959 2534 3030 apud
2567 2957 3037 3015 Lacedaemonios
3068 2959 3377 3032 Agesilaus
3433 2959 3625 3016 admi-

1974 3046 2285 3102 nistrabat.

281 3138 418 3194 CAP.
454 3139 550 3193 IV.
584 3167 652 3178 —-
680 3132 1165 3217 Timotheus-ﬁlius
1192 3134 1471 3217 Cleaichi,
1499 3135 1754 3217 princeps
1786 3136 1896 3217 111...
1941 3135 2093 3217 Eius
2135 3135 2368 3217 querita-
2392 3136 2452 3189 in
2475 3136 2779 3217 Irompubl.
2807 3143 2861 3191 et
2919 3136 3186 3208 privatos.
3242 3137 3371 3208 Ejus
3408 3138 3627 3194 hcroica

810 3210 869 3262 in
902 3204 1066 3262 belli:
1097 3209 1287 3264 virtus.
1315 3209 1455 3263 Mors
1487 3204 1815 3263 immatura.
1852 3206 2077 3262 Habitus
2106 3208 2158 3262 ei
2186 3223 2220 3262 a
2257 3209 2434 3278 fratre
2467 3204 2635 3262 honos
2661 3214 2780 3278 post
2800 3204 3051 3263 moriem.

278 3299 343 3356 '0
377 3295 435 3352 δε
490 3295 756 3370 Τιμόθεος
807 3291 1143 3371 παραλαϐὼν
1196 3298 1295 3364 τήν
1342 3297 1520 3372 ἀρχὴν
1556 3292 1704 3352 οὕτω
1731 3296 1861 3350 ταύι

2047 3297 2390 3352 Timotheus
2411 3295 2612 3368 igitur,
2635 3297 2944 3370 imperium
2966 3298 3319 3369 adeptus,ita
3335 3299 3406 3356 ad
3432 3299 3628 3354 mode-

200 3409 306 3457 την
341 3383 432 3440 Eni
473 3387 535 3440 τὸ
581 3385 880 3460 πραότερον
925 3386 1018 3439 καὶ
1059 3382 1608 3460 δημοκρατικώτερον
1653 3386 1696 3421 ¹⁷
1731 3406 1868 3459 μετ-

200 3475 562 3551 ερῥύθμιζεν,
621 3475 696 3535 ὡς
750 3473 945 3549 μηκέτι
1013 3474 1293 3550 τύραννον·
1381 3473 1507 3532 ἀλλ’
1585 3475 1866 3551 εὐεργέτην

197 3565 397 3634 αὐτὸν,
429 3565 517 3625 οἷς
574 3559 825 3638 ἔπραττε,
875 3563 964 3618 καὶ
1007 3567 1225 3639 σωτῆρα
1285 3564 1665 3637 ὀνομάζεσθαι.
1697 3566 1775 3621 Τά
1812 3585 1871 3620 τε

196 3656 311 3731 γὰρ
376 3655 518 3730 χρέα
565 3658 680 3715 τοῖς
747 3651 1044 3716 δανεισταῖς
1102 3655 1230 3728 παρ’
1294 3655 1484 3710 ἑαυτοῦ
1559 3652 1867 3713 διελύσατο.

196 3745 298 3798 καὶ
329 3749 451 3804 τοῖς
506 3742 774 3818 χρῄζουσι
825 3743 964 3818 πρὸς
1007 3745 1104 3804 τὰς
1156 3741 1422 3816 ἐμπορίας
1453 3744 1541 3798 καὶ
1572 3746 1662 3798 τὸν
1695 3742 1868 3798 ἄλλον

205 3833 337 3909 βίον
380 3835 562 3886 τόκων
593 3830 716 3885 ἄνευ
768 3831 1050 3906 ὶπήρκεσε,
1077 3833 1169 3886 καὶ
1216 3836 1324 3887 τῶν
1381 3831 1773 3908 δεσμωτηρίων
1806 3834 1867 3888 οὐ

195 3923 340 3983 τοὺς
365 3918 689 3985 ἀνευθύνους
731 3921 921 3994 μόνον,
961 3919 1110 3977 ἀλλὰ
1165 3923 1255 3977 καὶ
1303 3921 1431 3984 τοὺς
1463 3920 1514 3976 ἐν
1557 3921 1753 3984 αἰτίαις
1788 3920 1870 3976 δι-

190 4011 388 4092 ηφίει,
423 4011 513 4064 καὶ
547 4007 808 4080 δικαστὴς
865 4006 1098 4085 ἀκριϐὴς
1136 4011 1203 4080 ἦν
1251 4011 1392 4084 ὁμοῦ
1449 4010 1540 4065 καὶ
1572 4011 1877 4089 φιλάνθρω-

187 4121 330 4170 πος,
376 4099 471 4153 καὶ
527 4101 595 4153 τα
658 4095 804 4154 ἄλλα
860 4100 1106 4174 χρηστὸς
1145 4099 1234 4154 καὶ
1291 4102 1388 4162 τὰς
1449 4097 1727 4163 ὑποθέσεις
1776 4101 1874 4156 οὐκ

186 4189 636 4262 ἀπιστούμενος.
697 4190 815 4268 Ἐφ’
849 4191 892 4227 ¹⁸
951 4192 1032 4251 οἷς
1081 4188 1171 4244 καὶ
1203 4189 1294 4244 τὸν
1325 4188 1558 4268 ἀδελφὸν
1593 4191 1871 4247 Διονύσιον

183 4279 264 4334 τά
327 4298 393 4333 τε
450 4275 598 4332 ἄλλα
665 4281 944 4352 πατρικῶς
1000 4283 1268 4350 περιεῖπε,
1320 4281 1408 4334 καὶ
1466 4280 1721 4334 κοινωνὸν
1777 4281 1871 4354 μὲν

188 4367 358 4442 εἶχεν
405 4363 603 4420 αὐτίκα
642 4371 745 4434 τῆς
791 4365 993 4440 ἀρχῆς,
1027 4365 1315 4441 ἐχομένως
1349 4364 1404 4422 δὲ
1441 4368 1530 4422 καὶ
1591 4364 1871 4442 διάδοχον.

191 4455 281 4510 Οὐ
324 4455 445 4528 μὴν
473 4451 622 4508 ἆλλά
649 4453 750 4529 γὰρ
781 4453 871 4509 καὶ
912 4456 1048 4529 πρὸς
1075 4456 1172 4518 τὰς
1227 4455 1532 4529 πολεμικὰς
1572 4460 1680 4511 τῶν
1731 4458 1872 4532 πρά-

186 4541 346 4610 ξεων
415 4535 673 4613 ἀνδρείως
729 4539 969 4618 ἐφέρετο,
1030 4539 1392 4619 μεγαλόφρων
1428 4541 1484 4595 δὲ
1532 4543 1597 4611 ἦν
1643 4543 1732 4597 καὶ
1762 4563 1877 4619 γεν-

1979 3387 2347 3454 rationem,et
2361 3402 2537 3457 quam
2565 3387 2752 3456 potuit
2766 3388 3019 3444 maxime
3035 3388 3378 3460 popularem
3392 3393 3628 3455 statum,

1978 3475 2123 3530 illud
2158 3475 2406 3542 reduxit,
2426 3479 2488 3530 ut
2517 3492 2632 3531 non
2658 3475 2810 3531 ultra
2840 3481 3148 3548 tyrannus,
3172 3478 3271 3533 sed
3299 3479 3631 3535 benefactor

1979 3569 2034 3620 et
2066 3567 2324 3619 servator
2352 3564 2425 3620 ob
2458 3565 2734 3636 praeclare
2766 3565 2975 3621 merita
2997 3571 3448 3638 nuncuparetur.
3481 3567 3628 3623 Nam

1982 3653 2052 3708 de
2075 3669 2182 3708 suo
2204 3653 2442 3709 nomina
2458 3654 2842 3709 creditoribus
2864 3654 3234 3726 expedivit,et
3256 3655 3456 3726 inopia
3478 3656 3634 3710 labo-

1982 3742 2250 3796 rantibus
2282 3741 2408 3797 sine
2440 3741 2654 3809 fenore,
2678 3743 2750 3797 ad
2786 3742 3206 3813 negotiationes
3238 3747 3296 3796 et
3328 3742 3474 3798 alios
3503 3743 3631 3797 vitae

1981 3848 2148 3900 usus,
2171 3831 2446 3903 pecunias
2469 3832 2892 3903 suppeditavit:
2918 3848 3022 3886 nec
3045 3832 3214 3886 modo
3237 3831 3631 3900 iusontes,sed

1979 3926 2036 3976 et
2063 3919 2215 3976 veris
2240 3919 2586 3973 criminibus
2607 3919 2881 3977 obnoxios
2902 3920 3234 3976 carceribus
3255 3919 3631 3976 exsolvit.Ju-

1979 4011 2086 4065 dex
2118 4007 2355 4079 quidem
2391 4011 2698 4061 accuratus
2727 4012 2783 4062 et
2807 4023 3067 4073 severus,
3091 4006 3402 4079 ceteroqui
3437 4014 3632 4062 tamen

1981 4098 2276 4153 humanus
2308 4099 2365 4150 et
2395 4094 2696 4166 benignus.
2720 4097 2783 4150 In
2807 4096 2975 4152 rebus
3008 4097 3140 4152 fidei
3173 4113 3294 4152 suae
3324 4093 3632 4152 credendis

1983 4187 2224 4242 minime
2236 4184 2791 4255 suspectus.ldcirco
2815 4194 2864 4240 et
2881 4185 3114 4241 fratrem
3130 4185 3470 4257 Dionysium
3495 4201 3630 4240 cum

1982 4279 2040 4332 in
2073 4275 2203 4331 aliis
2225 4279 2467 4346 paterno
2486 4289 2682 4329 amore
2713 4279 2771 4329 et
2800 4274 2996 4330 studio
3019 4273 3357 4346 complexus
3377 4277 3486 4341 est,
3503 4277 3630 4330 tum

1983 4366 2178 4422 statim
2222 4364 2453 4436 imperii
2497 4367 2826 4419 consortem
2877 4363 3099 4432 ascivit,
3131 4372 3185 4420 et
3233 4379 3633 4420 successorem

1986 4455 2092 4511 sibi
2126 4453 2454 4511 destinavit.
2483 4454 2592 4510 Sed
2625 4453 2920 4510 enimvero
2952 4455 3023 4510 ad
3067 4470 3154 4510 res
3175 4452 3412 4510 bellicas
3434 4452 3633 4525 alacri,

1987 4550 2044 4602 et
2073 4545 2169 4616 qui
2199 4544 2387 4599 virum
2429 4542 2614 4611 decet,
2657 4544 2852 4599 animo
2894 4543 3202 4600 ferebatur.
3234 4547 3439 4616 Magno
3474 4543 3634 4598 enim

186 4635 370 4692 ναῖος
438 4631 597 4700 σῶμα
655 4627 744 4682 καὶ
812 4631 1016 4703 ψυχὴν,
1075 4627 1222 4685 ἀλλὰ
1278 4630 1367 4684 καὶ
1415 4631 1549 4705 πρὸς
1605 4631 1698 4694 τὰς
1774 4640 1872 4702 τῆς

1983 4634 2214 4705 spiritu,
2245 4638 2303 4689 et
2331 4649 2608 4704 generoso
2658 4633 2915 4704 corporis
2944 4637 3000 4688 et
3047 4633 3226 4690 animi
3275 4635 3480 4689 robore
3512 4637 3637 4688 erat

184 4720 413 4794 μάχης
473 4714 751 4780 διαλύσεις
819 4719 1117 4793 εὐγνώμων
1167 4741 1227 4775 τε
1307 4723 1398 4775 καί
1483 4721 1584 4776 οὐκ
1657 4720 1872 4798 ἄχαρις,

1987 4723 2285 4796 praeditus.
2319 4724 2468 4789 Quin
2499 4728 2557 4779 et
2585 4724 2654 4779 ad
2708 4723 3128 4780 controversias
3176 4722 3463 4779 bellorum
3495 4721 3638 4777 diri-

183 4809 518 4883 πράγματα
551 4807 646 4878 μὲν
706 4805 934 4863 συνιδεῖν
993 4808 1198 4875 ἱκανός,
1232 4807 1491 4881 ἐξικέσθαι
1552 4809 1610 4865 δὲ
1647 4813 1783 4886 πρὸς
1812 4815 1872 4868 τὰ

1986 4813 2226 4869 mendas
2250 4816 2309 4868 et
2338 4812 2769 4883 componendas
2794 4828 3027 4883 aequum
3051 4812 3388 4882 bonumque
3406 4826 3468 4866 se
3486 4825 3635 4882 pra:-

183 4893 608 4969 συνεωραμένα
650 4892 1001 4971 δραστήριος,
1049 4897 1350 4975 οἰκτίρμων
1390 4921 1447 4956 τε
1506 4901 1568 4955 τὸ
1618 4901 1753 4971 ἦθος
1786 4903 1872 4957 καί

1985 4903 2180 4968 bebat,
2220 4918 2324 4958 nec
2357 4901 2679 4957 difficilem.
2717 4902 2802 4957 Ad
2845 4901 3314 4974 perspiciendum
3369 4915 3460 4955 res
3506 4898 3636 4954 ido-

185 4983 500 5062 χρηστὸς,
540 4983 630 5038 καὶ
661 4987 730 5058 τῇ
774 4985 870 5057 μὶν
913 4987 1182 5062 εὐτολμίᾳ
1213 4985 1401 5050 δεινῶς
1459 4990 1761 5064 ἀπότομος,

1988 5006 2153 5062 neus,
2177 4995 2236 5047 et
2264 4990 2338 5047 ad
2386 4991 2826 5061 exsequendum
2867 4989 3012 5045 bene
3055 4989 3455 5045 consideratas
3485 4991 3638 5043 stre-

180 5075 250 5134 δὶ
302 5073 647 5149 μετριότητι
711 5072 1098 5152 φιλάνθρωπός
1145 5097 1203 5130 τε
1273 5079 1361 5132 καὶ
1422 5078 1725 5153 μειλίχιος.
1787 5081 1872 5134 Διὸ

1989 5097 2165 5136 nuus.
2215 5079 2454 5153 Ingenio
2496 5083 2553 5135 et
2593 5080 2852 5136 moribus
2897 5079 3170 5148 clemens,
3209 5077 3538 5134 misericors
3577 5080 3635 5131 et

178 5163 444 5244 σφόδρα
477 5162 572 5234 μὲν
630 5163 836 5237 περιὼν
892 5169 1012 5226 τοῖς
1067 5163 1362 5240 πολεμίοις
1400 5162 1632 5244 φοϐερὸς
1661 5169 1747 5239 ἦν,
1791 5169 1872 5223 καὶ

1988 5172 2303 5230 beneﬁcus.
2335 5173 2395 5228 In
2431 5172 2701 5243 periculis
2731 5171 2968 5243 quidem
3019 5171 3302 5226 adeundis
3345 5169 3502 5225 ferox
3539 5171 3637 5224 :at

169 5258 413 5314 πάντες
478 5249 640 5305 αὐτὸν
700 5250 1103 5330 κατωρρώδουν
1190 5253 1403 5311 ἐπειδὰν
1491 5258 1872 5332 ἀπεχθένοιτο,

1990 5263 2046 5316 in
2079 5265 2285 5317 caetera
2342 5261 2458 5317 vita
2489 5276 2768 5333 perquam
2812 5260 3107 5316 humanus
3154 5265 3208 5315 et
3238 5257 3443 5315 comis.
3480 5257 3635 5327 Ideo,

169 5352 316 5406 τοῖς
358 5340 419 5396 δ’
453 5339 796 5415 ἀρχομένοις
827 5341 1035 5420 γλυκύς
1063 5364 1123 5398 τε
1168 5344 1257 5398 καὶ
1308 5345 1536 5422 ἥμερος.
1583 5348 1767 5402 Ἔνθεν
1791 5347 1872 5400 καῖ

1991 5350 2250 5423 quandiu
2285 5349 2442 5405 salva
2472 5351 2523 5404 ei
2555 5351 2671 5404 vita
2693 5349 2931 5417 mansit,
2959 5349 3220 5406 hostibus
3252 5363 3429 5421 quam
3452 5345 3640 5403 maxi-

168 5435 496 5494 τελευτῶν
543 5431 711 5487 πόθον
770 5432 934 5489 αὐτοῦ
991 5432 1251 5490 κατέλιπε
1306 5435 1500 5509 πολὺν,
1539 5439 1627 5492 καὶ
1687 5437 1872 5501 πένθος

1991 5456 2082 5496 me
2112 5438 2538 5496 formidabilem
2573 5439 2662 5510 (ut
2699 5454 2902 5494 omnes
2932 5435 3640 5510 quibuscuminimicitias

169 5528 410 5604 ἤγειρε
449 5525 532 5594 τῷ
587 5522 744 5595 πόθῳ
805 5521 1128 5598 ἐνάμιλλον.
1177 5525 1238 5582 Ὀ
1288 5523 1345 5580 δὶ
1398 5525 1597 5582 τούτου
1644 5525 1872 5602 ἀδελφὸς

1993 5537 2344 5598 susceperat,
2376 5545 2514 5585 eum
2568 5529 3053 5600 expavescerent),
3087 5530 3188 5585 sed
3237 5527 3460 5584 civibus
3501 5543 3642 5584 sua-

1603 5645 1846 5701 VARIE
1884 5645 2182 5702 LECTION
2192 5645 2291 5702 ES.

257 5756 315 5794 ιι
364 5742 510 5818 κηδ.
539 5745 631 5801 τὸν
669 5741 842 5823 λόγον
1044 5749 1086 5786 ¹⁶
1124 5749 1362 5826 στέργειν
1557 5753 1597 5788 ¹⁶
1628 5746 1968 5807 ἐϐασίλευσεν
2013 5753 2095 5825 ς.
2172 5755 2216 5790 ¹⁷
2249 5753 2380 5810 libri
2412 5747 3000 5844 Bnpoxpartxu’irattov.
3075 5749 3121 5787 ‘3
3149 5749 3233 5828 ἐφ.
3266 5755 3314 5808 Δ
3341 5769 3370 5820 .3
3403 5749 3455 5803 ἐν
3485 5749 3569 5822 ς’
