4116 6224
508 435 625 495 883

1709 428 1979 488 PHOTII
2021 428 2550 491 PATRIARCHAB
2595 427 2712 487 ΟΡ.

3800 425 3917 484 884

510 584 636 625 vem
670 571 726 623 et
757 566 955 622 mitem
1005 579 1131 619 sese
1182 561 1473 634 praestitit.
1506 561 1651 616 Hinc
1712 560 1920 615 accidit
1968 567 2029 614 ut
2078 559 2151 614 ad

2270 555 2539 620 Διονύσιος
2571 559 2709 612 καίει
2771 558 2865 629 μὶν
2897 557 2959 612 τὸ
2993 562 3149 630 σῶμα
3211 553 3555 629 πολυτελῶς,
3601 554 3816 612 σπένδει
3867 557 3921 613 δὲ

510 658 637 712 vitaa
668 656 884 711 exitum
918 657 1177 720 vocatus,
1211 653 1416 723 ingens
1449 650 1539 707 sui
1565 649 1922 706 desiderium
1948 650 2159 703 faceret

510 745 821 814 reliquum,
846 747 902 799 et
933 760 1123 815 parem
1155 742 1437 797 desiderio
1470 741 1689 795 luctum
1713 740 2004 795 excitaret.
2028 740 2157 791 Ger-

511 852 724 890 manus
748 838 939 889 autem
966 833 1094 903 ejus
1135 827 2158 901 fraterDionysiusmagniﬁciscada-

508 938 609 980 ver
628 923 961 995 sumptibus
984 938 1119 992 rogo
1141 921 1337 987 tradit,
1371 925 1427 975 et
1457 936 1485 975 e
1507 918 1627 974 suis
1663 917 1823 973 fratri
1866 914 2158 988 palpebris

508 1014 795 1085 lacrymas
829 1028 929 1068 ceu
961 1012 1155 1066 libans
1186 1009 1451 1078 eii‘undit,
1486 1024 1631 1079 eque
1663 1006 1906 1077 prOpriis
1930 1004 2159 1060 visceri-

510 1104 616 1159 bus
646 1103 698 1157 ei
730 1102 984 1173 gemitus
1007 1100 1309 1169 impendit.
1351 1099 1536 1153 Ludos
1557 1097 1731 1151 etiam
1765 1098 2156 1165 equestres,et

510 1196 720 1264 praeter
767 1192 894 1255 bos,
927 1190 1227 1262 gymnicos
1286 1196 1340 1243 et
1383 1186 1725 1259 tbymelicos
1774 1193 1827 1240 et
1874 1184 2153 1253 scenicos,

2270 646 2417 716 αὐτῷ
2471 647 2559 699 καὶ
2623 646 2690 700 τά
2744 646 2851 701 ἀπὸ
2914 644 3203 724 βλεφάρων
3262 644 3463 719 δάκρυα
3517 645 3607 700 καὶ
3663 646 3761 710 τὰς
3816 647 3919 701 ἀπὸ

2266 738 2373 787 τῶν
2422 733 2753 809 σπλάγχνων
2804 735 3077 810 οἰμωγὰς,
3140 733 3379 789 ἐπιτελεῖ
3448 730 3505 788 δὲ
3559 734 3648 789 καὶ
3710 734 3923 810 ἀγῶνας

2266 823 2543 894 ἱππικοὺς,
2578 823 2685 899 οὐχ
2722 824 2980 885 ἱππικοὺς
3023 821 3079 878 δὲ
3115 844 3296 896 μονον,
3330 822 3478 879 ἀλλὰ
3509 824 3599 879 καὶ
3632 826 3921 895 σκηνικοὺς

2265 912 2354 967 καὶ
2413 911 2740 987 θυμελικοὺς
2799 913 2888 967 καὶ
2965 912 3287 986 γυμνικοὺς,
3347 913 3472 975 τοὺς
3538 914 3630 985 μὲν
3705 913 3917 982 αὐτίκα,

2264 1002 2390 1062 τοὺς
2424 1000 2479 1056 δὲ
2518 1001 2935 1077 λαμπροτέρους
2964 1002 3054 1057 καὶ
3103 1002 3344 1077 ὕστερον.
3380 1000 3557 1058 Ἀλλᾶ
3606 1008 3769 1058 ταῦτα
3821 1005 3918 1077 μὲν

2264 1094 2299 1161 ἠ
2354 1094 2394 1146 θ’
2428 1092 2512 1146 καὶ
2575 1093 2603 1145 ι’
2653 1096 2749 1146 τοῦ
2807 1094 3107 1165 Μέμνονος,
3169 1092 3241 1154 ὡς
3300 1090 3351 1147 ἓν
3412 1089 3689 1166 ἐπιδρομῇ
3733 1094 3919 1172 φάναι,

2266 1177 2551 1259 διαγράφει
2592 1179 2825 1255 ἱστορία.

512 1282 656 1338 alios
688 1281 909 1345 statim,
943 1280 1083 1335 alios
1116 1287 1332 1350 postea,
1362 1278 1459 1348 qui
1501 1274 2033 1347 magniﬁcentiores
2062 1276 2277 1341 essent,
2314 1273 2551 1344 peregit.
2591 1273 2716 1327 Haec
2758 1288 2813 1328 1x
2844 1275 2899 1328 et
2946 1290 2980 1328 x
3013 1271 3159 1329 libro
3192 1272 3503 1344 (quatenus
3535 1273 3750 1329 cursim
3810 1273 3926 1330 ista

512 1370 980 1444 perstringimus)
1014 1368 1257 1424 historia
1280 1366 1610 1423 Memnonis
1643 1363 1941 1420 describit.

512 1492 640 1548 CAP.
677 1494 737 1548 V.
777 1525 846 1535 -—-
910 1494 1207 1562 Dionysius
1262 1492 1517 1562 princeps
1570 1492 1659 1557 ιν,
1696 1504 1796 1543 rex
1836 1487 2312 1562 fortunatissimus
2369 1484 2596 1562 imperii
2654 1484 2891 1556 augendi
2946 1489 3420 1562 occasiones__non
3479 1486 3731 1562 negtigit.

3810 1487 3929 1543 Ad-

588 1581 800 1620 versam
848 1557 1134 1635 fortunam
1194 1557 1377 1619 stadio
1434 1557 1483 1618 εἰ
1525 1566 1639 1634 fato
1696 1557 1961 1635 superat._
2004 1560 2259 1635 Laetitiae
2289 1558 2603 1635 ambitiosae
2652 1560 3100 1635 excessus.uArte
3156 1557 3415 1635 destinat
3437 1559 3771 1635 pericutant.
3813 1559 3931 1613 Ha-

586 1639 911 1691 trimonz’um

590 1708 909 1777 diligentia.
963 1705 1222 1763 Societas.
1284 1709 1561 1777 Afﬁnitas.
1616 1705 1868 1777 Summus

970 1638 1129 1707 felix,
1185 1652 1213 1691 e
1267 1628 1836 1707 fortuna-Amastris.
1891 1632 2026 1707 Mira
2062 1628 2404 1707 vicissitudo.
2465 1630 2691 1707 Imperii
2732 1629 3090 1707 .ampliﬁcati
3147 1631 3311 1707 ratio.
3370 1633 3584 1707 Fatum.

1921 1703 2209 1773 felicitatis
2265 1700 2489 1773 gradus.
2551 1701 2795 1773 Ignavia.
2842 1706 2985 1757 Mors
3034 1707 3085 1755 et
3164 1702 3372 1770 legata.
3431 1703 3667 1770 Benigni
3721 1718 3934 1773 cogno-

3672 1632 3931 1685 Humana

585 1771 829 1835 mentum
859 1796 928 1835 ex
957 1781 1200 1834 moribus
1230 1771 1443 1833 retulit.
1482 1778 1768 1832 Curatores
1800 1771 2045 1836 ﬁliorum
2077 1772 2348 1844 Dyonisii.
2372 1771 2637 1826 Amastris
2659 1773 2981 1843 Lysimacho
3011 1776 3207 1841 nupta.

586 1889 916 1960 Dionysius,
950 1888 1365 1959 gubernaculis
1410 1886 1637 1958 imperii
1668 1886 1937 1955 acceptis,
1969 1884 2028 1938 in
2060 1900 2160 1936 au-

2341 1881 2455 1947 Τὴν
2487 1876 2542 1933 δὲ
2582 1877 2759 1953 ἂρχῆν
2796 1876 3174 1953 διαδεξάμενος
3229 1880 3508 1942 Διονύσιος
3560 1877 3761 1950 ηὔξησε
3789 1880 3933 1934 ταύ-

513 1977 701 2047 gendo
734 1994 798 2031 eo
832 1994 948 2031 non
979 1993 1185 2031 vanam
1221 1975 1518 2031 collocavit
1552 1990 1803 2043 operam.
1838 1974 2159 2027 Alexander

514 2065 694 2130 enim,
745 2066 936 2119 Persis
988 2068 1054 2119 ad
1117 2065 1431 2120 Granicum
1485 2063 1829 2134 proﬂigatis,
1888 2078 2155 2117 securam

513 2154 912 2223 amplificandi
946 2155 1194 2209 ditiones
1242 2170 1379 2208 suas
1423 2152 1783 2209 occasionem
1820 2152 2162 2223 patefecerat

513 2240 626 2305 his,
661 2244 759 2312 qui
792 2242 1043 2297 vellent:
1080 2258 1237 2311 cum,
1273 2258 1397 2313 quae
1431 2242 1713 2297 hactenus
1745 2240 2160 2311 impedimento

516 2328 721 2397 fuerat,
747 2332 1052 2386 Persarum
1078 2331 1333 2403 potentia
1352 2330 1817 2386 labefactaretur.
1838 2331 1947 2385 Sed
1972 2329 2163 2385 varias

515 2419 790 2490 deinceps
824 2421 1064 2475 fortunae
1096 2422 1249 2476 vices
1277 2429 1547 2493 expertus
1580 2424 1689 2485 est,
1726 2420 1975 2474 maxime
2027 2435 2159 2474 cum

514 2508 799 2564 Heraclea
858 2510 1047 2565 224a
1119 2510 1348 2566 exsules
1403 2509 1764 2565 missitandis
1810 2510 1876 2564 ad
1912 2508 2161 2563 Alexan-

516 2599 686 2653 drum
717 2596 949 2669 legatis,
977 2600 1097 2669 jam
1132 2599 1282 2655 haud
1317 2599 1491 2654 dubie
1521 2600 1661 2654 Asia
1691 2600 2042 2669 potitum,de
2072 2614 2162 2653 re-

516 2686 635 2741 ditu
670 2697 721 2742 et
754 2688 936 2758 patria
970 2688 1296 2759 reipublicze
1340 2688 1836 2743 administratione
1885 2686 2163 2742 sollicita-

517 2780 665 2831 rent.
697 2778 885 2839 Quare
934 2794 1047 2832 non
1108 2779 1362 2833 multum
1414 2777 1602 2833 abfuit
1651 2777 1794 2848 quin
1852 2776 2166 2831 excidisset

517 2865 785 2936 imperio.
821 2866 887 2920 Et
918 2866 1225 2922 excidisset
1251 2882 1416 2933 sane,
1448 2867 1561 2921 nisi
1586 2867 1891 2938 prudentia
1922 2869 1978 2920 et
2006 2882 2165 2937 saga-

515 2954 690 3010 citate
722 2956 959 3023 mentis,
993 2961 1049 3012 et
1091 2955 1304 3011 studiis
1336 2956 1571 3023 civium,
1600 2960 1656 3010 et
1686 2956 1809 3011 suis
1840 2970 1975 3024 erga
2005 2955 2164 3010 Cleo-

516 3052 737 3114 patram
767 3044 1077 3115 obsequiis,
1112 3044 1281 3111 bella,
1317 3062 1449 3100 cum
1476 3046 1647 3101 minis
1669 3045 1780 3100 sibi
1802 3044 2160 3112 denuntiata,

518 3133 856 3203 effugisset:
891 3134 1032 3188 dum
1065 3150 1184 3204 qua
1224 3135 1393 3199 cedit,
1426 3134 1690 3206 iramque
1732 3135 1958 3208 mitigat
1988 3139 2042 3190 et
2074 3134 2163 3189 di-

513 3219 831 3275 lationibus
862 3226 1105 3288 coercet,
1148 3240 1264 3293 qua
1294 3225 1466 3278 etiam
1502 3241 1562 3280 se
1613 3224 1824 3289 munit,
1858 3229 1913 3278 et
1961 3229 2164 3279 contra

515 3314 818 3379 praeparat.
852 3312 925 3365 At
978 3316 1354 3383 posteaquam
1404 3312 1751 3381 Alexander,
1794 3313 1928 3368 dum
1992 3314 2167 3385 Baby-

515 3395 649 3453 lone
680 3399 816 3467 agit,
850 3398 975 3454 vitae
1022 3417 1260 3455 cursum
1294 3401 1560 3470 absolvit,
1592 3400 1678 3456 vel
1730 3416 1867 3457 nece
1914 3402 2166 3459 violenta

515 3487 603 3542 vel
634 3486 831 3544 morbo
863 3489 1208 3559 exstinctus,
1240 3506 1415 3560 quam
1450 3491 1704 3562 primum
1740 3491 1959 3562 accepit
2008 3509 2159 3547 nun-

517 3574 663 3632 tium
704 3576 1039 3649 Dionysius,
1084 3578 1313 3634 Laetitiae
1364 3584 1619 3635 statuam
1679 3580 2074 3636 consecravit:
2108 3586 2165 3638 et

517 3668 588 3722 ad
620 3668 874 3738 primum
909 3668 1076 3724 fama:
1119 3670 1454 3737 adventum,
1486 3687 1551 3726 eo
1579 3670 1820 3726 affectus
1851 3674 1939 3725 est
1991 3671 2163 3727 modo

516 3774 629 3830 prae
678 3758 1019 3814 exuberanti
1070 3760 1304 3831 gaudio,
1340 3776 1454 3833 quo
1513 3761 1814 3832 repentina
1865 3760 2162 3816 hominem

516 3847 905 3905 consternatio
938 3850 1212 3907 effecerit.
1247 3851 1390 3906 Nam
1424 3868 1601 3924 prope
1631 3856 1755 3907 erat
1794 3855 1857 3905 ut
1887 3850 2163 3923 vertigine

516 3946 811 4010 correptus
845 3938 1257 4008 prolaberetur,
1290 3945 1346 3995 et
1398 3958 1431 3996 a
1460 3958 1599 3996 sana
1632 3945 1825 3997 mente
1867 3940 2165 4011 conspice-

514 4027 936 4083 returalienus.
972 4028 1138 4100 Hinc,
1165 4028 1265 4084 ubi
1314 4029 1614 4086 Perdiccas
1664 4030 1882 4086 summi
1932 4030 2162 4101 imperii

514 4116 742 4188 negotia
776 4118 1148 4188 procurabat,
1185 4119 1473 4175 Heracleas
1503 4119 1731 4175 exsules
1764 4121 1833 4175 ad
1870 4120 2047 4190 petita
2088 4118 2161 4172 ab

514 4204 839 4263 Alexandro
863 4207 1035 4261 etiam
1059 4206 1217 4263 hunc
1248 4208 1622 4281 instigarunt.
1645 4208 1953 4281 Dionysius
1984 4206 2163 4279 igitur

512 4295 712 4349 eodem
746 4299 913 4351 utens
945 4296 1313 4369 compendio,
1338 4298 1608 4368 quamvis
1629 4297 1686 4351 in
1716 4298 1834 4353 acie
1866 4296 2160 4352 novaculae

514 4400 692 4456 prope
749 4385 1103 4454 consisteret,
1146 4387 1403 4458 pericula
1438 4392 1634 4443 tamen
1692 4387 1995 4459 complura
2051 4386 2162 4442 sibi

514 4472 795 4528 intentata
851 4475 1140 4531 devitavit.
1201 4476 1410 4532 Verum
1475 4478 1797 4543 Perdiccas,
1850 4477 2002 4548 quod
2048 4476 2161 4531 im-

515 4562 693 4631 probe
723 4578 781 4615 se
828 4572 1066 4632 gereret,
1101 4564 1171 4619 ab
1208 4565 1279 4619 iis
1309 4566 1525 4636 quibus
1585 4574 1823 4636 praeerat.
1875 4564 2161 4620 interimi-

514 4655 611 4706 tur
637 4668 649 4704 :
674 4655 731 4705 et
751 4650 923 4706 simul
948 4652 1165 4709 fervida
1184 4653 1285 4710 illa
1306 4671 1435 4725 spes
1457 4654 1725 4709 exsulum
1751 4655 2157 4726 exstinguitur.

516 4740 762 4796 Proinde
794 4758 882 4796 res
919 4742 1186 4815 Dionysio
1222 4744 1278 4798 in
1307 4746 1525 4799 statum
1556 4742 1871 4799 feliciorem
1924 4760 2158 4799 conver-

516 4835 744 4886 tuntur.
776 4831 857 4886 Ad
905 4829 1235 4887 felicitatem
1291 4848 1424 4888 vero
1485 4831 1807 4904 plurimum
1860 4833 1910 4888 ei
1969 4833 2163 4887 attulit

517 4919 800 4977 momenti
833 4921 1158 4976 secundum
1183 4921 1647 4976 matrimonium.
1675 4921 1973 4977 Amastrin
2003 4926 2160 4976 enim

516 5010 703 5080 duxit,
736 5010 917 5066 filiam
978 5009 1264 5065 Oxathres.
1302 5010 1503 5066 Frater
1533 5010 1581 5066 is
1621 5016 1742 5067 erat
1772 5011 1951 5078 Darii,
1988 5026 2161 5082 quem

516 5100 841 5155 Alexander
878 5099 1122 5171 imperio
1165 5101 1339 5168 exuit,
1374 5101 1616 5172 ejusque
1660 5100 1842 5155 tiliam
1892 5100 2161 5156 Statiram

518 5205 758 5244 uxorem
791 5189 903 5245 sibi
937 5189 1222 5259 adjunxit.
1259 5190 1555 5246 Patrueles
1586 5191 1765 5264 igitur
1784 5195 1949 5247 erant
1970 5190 2056 5245 hae
2079 5190 2163 5245 fe-

520 5277 713 5346 minas,
754 5294 951 5335 amore
980 5278 1129 5335 inter
1160 5296 1221 5336 se
1249 5280 1459 5337 eximio
1489 5281 1785 5352 devinctae,
1819 5282 1916 5353 qui
1949 5299 1979 5335 a
2011 5296 2163 5336 com-

521 5366 683 5421 muni
714 5368 1057 5425 educatione
1087 5379 1139 5425 et
1172 5370 1431 5426 convictu
1467 5370 1525 5426 in
1546 5371 1757 5427 animis
1789 5372 2045 5441 ipsarum
2079 5386 2166 5425 ra-

520 5454 676 5511 dices
708 5462 921 5528 egerat.
957 5460 1255 5516 Amastrin
1289 5459 1432 5516 banc
1464 5462 1808 5530 Alexander,
1830 5477 1961 5516 cum
1991 5460 2162 5515 Stativ

2266 1988 2388 2038 την,
2444 1967 2646 2042 Πέρσας
2714 1966 2801 2022 ἓπί
2880 1974 3123 2044 Γρανικῷ
3186 1975 3283 2024 τοῦ
3348 1968 3703 2045 Ἀλεξάνδρου
3763 1972 3927 2044 μάχῃ

2267 2057 2775 2129 καταγωνισαμένου
2832 2056 2921 2111 καὶ
2981 2058 3360 2133 παρασχόντος
3422 2056 3601 2113 ἄδειαν
3645 2063 3762 2118 τοῖς
3799 2060 3931 2132 βου-

2272 2142 2531 2217 λομένοις
2555 2146 2729 2219 αὔξειν
2761 2147 2827 2200 τὰ
2860 2147 3086 2215 ἑαυτῶν,
3126 2153 3226 2217 τῆς
3266 2149 3404 2210 τὲως
3463 2145 3721 2221 ἐμποδὼν
3767 2152 3933 2202 πᾶσιν

2269 2233 2565 2306 ἱσταμένης
2608 2240 2875 2308 Περσικῆς
2938 2235 3131 2310 ἰσχυος
3180 2234 3688 2309 ὑποστελλομένης.
3741 2238 3932 2291 Ὕστε-

2273 2340 2364 2397 ρον
2452 2320 2508 2376 δὲ
2591 2322 2850 2385 ποικίλας
2939 2324 3143 2394 ὑπέστη
3234 2325 3594 2399 περιστάσεις,
3688 2324 3931 2397 μάλιστά

2271 2413 2398 2483 [368
2463 2414 2554 2485 ΙΙ.]
2623 2433 2685 2489 γε
2744 2417 2847 2466 τῶν
2904 2420 3004 2481 τῆς
3061 2412 3395 2487 Ἡρακλείας
3452 2410 3713 2488 φυγάδων
3789 2415 3929 2487 πρὸς

2271 2502 2398 2573 [709
2431 2503 2524 2574 R.]
2596 2499 2955 2576 Ἀλέξανδρον
3008 2507 3319 2580 περιφανῶς
3384 2500 3489 2571 ἤδη
3558 2508 3660 2570 τῆς
3747 2504 3934 2563 Ἀσίας

2270 2595 2569 2664 κρατοῦντα
2623 2588 3185 2665 διαπρεσϐευομένων,
3245 2593 3334 2647 καὶ
3391 2589 3623 2647 κάθοδον
3692 2593 3785 2646 καὶ
3833 2595 3931 2661 τήν

2267 2686 2369 2748 τῆς
2413 2680 2632 2743 πόλεως
2671 2683 2899 2756 πάτριον
2953 2682 3325 2758 δημοκρατίαν
3376 2683 3798 2755 ἐξαιτουμένων.
3852 2684 3931 2738 Δι’

2271 2771 2403 2844 ἅπερ
2463 2770 2620 2845 ἐγῇδς
2665 2773 2757 2843 μὲν
2818 2770 3049 2843 κατέστη
3108 2777 3205 2827 τοῦ
3261 2772 3499 2829 ἐκπεσεῖν
3555 2774 3655 2842 τῆς
3721 2775 3930 2852 ἆρχῆς’

2270 2860 2359 2913 καὶ
2405 2859 2642 2930 ἐξέπεσεν
2677 2861 2757 2929 ἃν,
2792 2861 2947 2933 εἰμὴ
3011 2863 3211 2917 συνέσει
3270 2860 3463 2935 πολλῇ
3520 2863 3613 2917 καὶ
3666 2864 3933 2937 ἀγχινοίᾳ

2278 2948 2369 3002 καὶ
2401 2952 2469 3022 τῇ
2510 2954 2618 3003 τῶν
2680 2950 2935 3020 ὑπηκόων
2994 2951 3176 3022 εὐνοίᾳ
3224 2951 3311 3006 καὶ
3370 2953 3629 3025 θεραπείᾳ
3668 2952 3930 3009 Κλεοπά-

2268 3057 2397 3113 τρας
2442 3036 2567 3099 τοὺς
2627 3038 3018 3110 ἀπειληθέντας
3072 3040 3216 3113 αὐτῷ
3263 3039 3545 3113 πολέμους
3588 3042 3833 3118 διέφυγε,
3869 3044 3932 3098 τά

2279 3128 2372 3200 μὲν
2427 3128 2661 3183 ὑπείκων
2718 3129 2807 3184 καὶ
2866 3132 2965 3199 τὴν
3025 3131 3197 3207 ὀργὴν
3255 3130 3462 3186 ἐκλύων
3493 3132 3582 3186 καὶ
3623 3132 3933 3204 μεθοδεύων

2273 3224 2394 3280 ταῖς
2432 3215 2751 3290 ἀναϐολαῖς,
2812 3222 2878 3276 τά
2927 3219 2983 3276 δὲ
3032 3222 3723 3297 ἀντιπαρασκευαζόμενος.
3777 3224 3928 3279 Ἐπεὶ

2276 3304 2398 3377 δὲῆ
2468 3308 2679 3382 Θανάτῳ
2720 3311 2764 3347 ¹⁹
2819 3313 2854 3381 ἢ
2912 3311 3055 3383 νόσῳ
3104 3312 3240 3365 κατά
3313 3308 3617 3368 Βαϐυλῶνα
3694 3313 3932 3386 γεγονὼς

2276 3395 2627 3472 Ἀλέξανδρος
2685 3399 2775 3454 τὸν
2838 3399 2954 3474 βίον
3017 3397 3332 3474 διέδραμεν,
3394 3401 3656 3471 εὐθυμίας
3747 3403 3843 3473 μὲν
3904 3402 3930 3455 ὁ

2270 3488 2547 3547 Διονύσιος
2610 3487 2853 3563 ἄγαλμα,
2882 3490 2979 3559 τήν
3041 3489 3299 3565 ἀγγελίαν
3353 3489 3609 3557 ἀκούσας,
3648 3489 3930 3563 ἱδρύσατο,

2270 3578 2453 3632 παθὼν
2486 3584 2554 3652 τῇ
2578 3580 2768 3653 πρώτῃ
2803 3573 3091 3654 προσϐολῇ
3122 3586 3223 3649 τῆς
3266 3583 3459 3659 φήμης
3496 3579 3598 3635 ὑπό
3639 3586 3739 3655 τῇς
3775 3579 3931 3635 πολ-

2270 3664 2375 3736 λῆς
2407 3674 2581 3747 χαρᾶς
2640 3667 2737 3723 ὅσα
2787 3666 2845 3723 ἂν
2896 3670 2930 3737 ἢ
2982 3666 3188 3746 σφοδρά
3236 3668 3384 3739 λύπη
3431 3667 3677 3743 Spissis:
3727 3673 3928 3743 μικροῦ

2268 3756 2371 3830 γὰρ
2440 3760 2789 3831 περιτραπεὶς
2847 3758 2923 3822 εἰς
2958 3759 3021 3813 τὸ
3073 3764 3251 3813 πεσεῖν
3316 3760 3543 3833 ὑπήχθη
3615 3760 3703 3813 καὶ
3760 3759 3927 3819 ἄνους

2269 3840 2426 3922 ὤφθη
2464 3847 2777 3920 γενόμενος.
2804 3843 3075 3921 Ιῐερδίκκα
3106 3844 3163 3902 δὲ
3195 3852 3302 3902 τῶν
3332 3844 3479 3901 ’ὀλων
3504 3844 3817 3907 ἐπιστάντος
3854 3848 3923 3916 ³ο,

2271 3936 2321 3989 o't
2376 3936 2468 4009 μὲν
2522 3942 2623 4005 τῆς
2677 3935 3002 4010 Ἡρακλείας
3055 3934 3287 4012 φυγάδες
3334 3938 3472 4010 πρὸς
3514 3938 3581 3992 τά
3640 3936 3769 3990 αὐτὰ
3830 3939 3923 3990 καὶ

2267 4030 2463 4080 τοῦτον
2505 4025 2839 4099 παρώξυνον,
2890 4026 3175 4087 Διοσῦσιος
3228 4022 3285 4080 δὲ
3326 4031 3445 4088 ταῖς
3506 4027 3725 4099 ὁμοίαις
3757 4026 3923 4095 μεθό-

2268 4111 2383 4178 δοις
2435 4118 2717 4189 χρώμενος
2761 4114 2845 4169 ἐπὶ
2896 4118 3056 4189 ξυροῦ
3113 4115 3295 4187 ἀκμῆς
3337 4112 3587 4176 πολλοὺς
3641 4112 3931 4175 κινδύνους

2268 4207 2386 4259 κατ’
2428 4204 2593 4259 αὐτοῦ
2622 4204 2913 4266 συστάντας
2950 4206 3151 4267 πάντας
3204 4202 3499 4277 διεδρασεν.
3535 4203 3691 4260 Ἀλλ’
3744 4205 3770 4258 ὁ
3823 4204 3927 4276 μὲν

2270 4292 2566 4370 Περδίκκας
2630 4295 2732 4349 ὑπὸ
2790 4299 2899 4349 τῶν
2952 4294 3284 4369 ἀρχομένων
3340 4295 3627 4370 μοχθηρὸς
3686 4294 3932 4370 γεγονὼς

2270 4384 2561 4458 ἀνῄρηται,
2594 4382 2682 4437 καὶ
2727 4384 2779 4437 αἱ
2827 4388 2934 4437 τῶν
2995 4380 3249 4463 φυγάδων
3318 4380 3540 4445 ἐλπίδες
3592 4379 3931 4437 ἐσϐέννυντο.

2195 4512 2239 4576 D
2274 4472 2535 4545 Διονυσίῳ
2567 4470 2625 4527 δὲ
2656 4472 2993 4548 πανταχόθεν
3040 4472 3104 4526 τὰ
3144 4473 3440 4546 πράγματα
3470 4473 3609 4547 πρὸς
3636 4472 3695 4527 τὸ
3744 4467 3934 4525 εὐδαι-

2391 4565 2400 4576 .
2798 4558 2886 4576 ρ..
3113 4562 3174 4576 ..ν
3232 4560 3273 4576 ι..
3379 4562 3400 4576 ς
3455 4562 3464 4576 .
3643 4563 3655 4576 .
3746 4563 3757 4576 .
3864 4567 3895 4576 -

2276 4565 2601 4638 μονὲστερον
2665 4558 3052 4635 μετεϐάλοντο.
3113 4562 3176 4618 Ἡ
3227 4560 3285 4615 δὲ
3335 4562 3568 4633 πλείστη
3630 4563 3764 4635 ῥοπὴ
3814 4567 3933 4629 τῆς

2270 4650 2619 4725 εὐδαιμονίας
2688 4654 2715 4708 ὁ
2770 4650 3015 4725 δεύτερος
3058 4650 3202 4722 αὐτῷ
3235 4652 3468 4721 κατέστη
3517 4651 3705 4723 γάμος.
3750 4649 3935 4723 Ἠγά-

2270 4764 2391 4818 γετο
2463 4743 2557 4815 μὲν
2611 4742 2712 4817 γὰρ
2773 4743 3092 4816 Ἄμαστριν,
3154 4739 3290 4811 αὕτη
3353 4737 3413 4794 δὶ
3472 4740 3535 4809 ἦν
3578 4738 3836 4809 Ὀξάθρου
3878 4741 3931 4777 ³³

2272 4832 2533 4908 θυγάτηρ⁸
2576 4830 2812 4909 ἀδελφὸς
2845 4829 2901 4885 δὲ
2956 4833 3020 4899 ἦν
3080 4830 3238 4892 οὗτος
3272 4828 3519 4904 Δαρείου,
3562 4828 3617 4883 ὅν
3672 4824 3931 4882 καθελὼν

2273 4920 2626 4999 Ἀλέξανδρος
2686 4924 2972 4997 Στάτειραν
3012 4922 3111 4990 τὴν
3154 4919 3317 4975 αὐτοῦ
3378 4921 3641 4996 θυγατέρα
3696 4923 3933 4995 γυναῖκα

2270 5013 2529 5089 ἠγάγετο,
2586 5013 2659 5073 ὡς
2700 5012 2835 5066 εἶναι
2875 5012 2971 5074 τάς
3024 5015 3285 5087 γυναῖκας
3346 5008 3630 5079 ἀλλήλαις
3676 5008 3927 5081 ἀνεψιὰς,

2272 5097 2417 5181 ἔχειν
2454 5099 2509 5157 δὲ
2564 5123 2615 5157 τι
2674 5102 2809 5178 πρὸς
2853 5101 3045 5163 ἑαυτάς
3078 5102 3123 5137 ³³
3183 5100 3269 5153 καὶ
3313 5098 3543 5177 φίλτρον
3594 5098 3861 5173 ἐξαίρετον
3900 5099 3933 5152 ὅ

2270 5192 2331 5246 τὸ
2405 5192 2733 5263 συντρόφους
2811 5189 3036 5265 ὑπάρξαι
3110 5188 3331 5250 ταύταις
3390 5186 3658 5261 ἐνέφυσεν.
3740 5185 3937 5241 Ἀλλά

2272 5279 2469 5351 ταύτην
2519 5282 2617 5350 τὴν
2683 5282 2987 5355 Ἄμαστριν
3053 5274 3425 5353 Ἀλέξανδρος,
3505 5277 3595 5332 ὅτε
3662 5274 3942 5348 Στατείρᾳ

2274 5374 2599 5440 συνήπτετο,
2646 5373 2900 5445 Κρατερῷ
2956 5371 3083 5440 (τῶν
3136 5366 3481 5444 φιλουμένων
3534 5368 3599 5435 ἦν
3637 5365 3782 5423 οὗτος
3854 5365 3943 5424 ὡς

2277 5456 2530 5529 μάλιστα)
2592 5454 2913 5530 συναρμόζει
2963 5454 3026 5490 ³³·
3091 5451 3450 5527 Ἀλεξάνδρου
3490 5450 3547 5508 δὲ
3604 5452 3653 5525 ἐξ
3711 5451 3943 5525 ἀνθρώ-

1870 5584 2109 5641 VARle
2150 5583 2571 5639 LECTIONES.

599 5693 640 5727 ¹⁰
670 5688 901 5768 θανάτῳ]
935 5692 1207 5768 φαρμάκῳ
1232 5696 1501 5768 Qrellius.

526 5778 678 5823 corr.
714 5769 761 5818 Α
787 5778 801 5819 :
839 5762 1025 5818 ἔαυτόν
1180 5762 1189 5765 ⁷
1225 5765 1272 5800 ²³
1302 5766 1526 5839 ἁρμόζει

1596 5698 1641 5732 ²⁰
1697 5695 2108 5756 ἐπιστατοῦντος
2146 5693 2419 5767 Scaliger.

2498 5693 2541 5729 tt
2585 5692 2843 5764 Ὀξάνθου
2899 5691 2987 5750 vel
3034 5690 3292 5765 Ὀξάρθου
3324 5707 3412 5763 pr.
3444 5692 3508 5745 A.
3617 5690 3663 5724 ³³
3726 5686 3948 5753 ἑαυτάς
