  <div class='ocr_page' id='page_1' title='image "/cluster/home/n/w/nwhite01/storage/ocr_20150623/103/hvd.32044054112495/462.png"; bbox 0 0 4116 6224; ppageno 0'>
   <div class='ocr_carea' id='block_1_1' title="bbox 328 323 448 386">
    <p class='ocr_par' dir='ltr' id='par_1_1' title="bbox 328 323 448 386">
     <span class='ocr_line' id='line_1_1' title="bbox 328 323 448 386; baseline 0.008 -1"><span class='ocrx_word' id='word_1_1' title='bbox 328 323 448 386; x_wconf 79' lang='lat'>885</span> 
     </span>
    </p>
   </div>
   <div class='ocr_carea' id='block_1_2' title="bbox 1416 317 2654 383">
    <p class='ocr_par' dir='ltr' id='par_1_2' title="bbox 1416 317 2654 383">
     <span class='ocr_line' id='line_1_2' title="bbox 1416 317 2654 383; baseline -0.001 -2"><span class='ocrx_word' id='word_1_2' title='bbox 1416 317 1963 381; x_wconf 81' lang='lat' dir='ltr'>BIBLIOTHECA.</span> <span class='ocrx_word' id='word_1_3' title='bbox 2007 351 2083 364; x_wconf 90' lang='grc'>--</span> <span class='ocrx_word' id='word_1_4' title='bbox 2130 319 2305 380; x_wconf 89' lang='lat' dir='ltr'>COD.</span> <span class='ocrx_word' id='word_1_5' title='bbox 2352 318 2654 383; x_wconf 81' lang='lat' dir='ltr'>CCXXIV.</span> 
     </span>
    </p>
   </div>
   <div class='ocr_carea' id='block_1_3' title="bbox 3620 321 3738 384">
    <p class='ocr_par' dir='ltr' id='par_1_3' title="bbox 3620 321 3738 384">
     <span class='ocr_line' id='line_1_3' title="bbox 3620 321 3738 384; baseline -0.008 0"><span class='ocrx_word' id='word_1_6' title='bbox 3620 321 3738 384; x_wconf 86' lang='lat'>886</span> 
     </span>
    </p>
   </div>
   <div class='ocr_carea' id='block_1_4' title="bbox 329 449 1952 528">
    <p class='ocr_par' dir='ltr' id='par_1_4' title="bbox 329 449 1952 528">
     <span class='ocr_line' id='line_1_4' title="bbox 329 449 1952 528; baseline -0.004 -18"><span class='ocrx_word' id='word_1_7' title='bbox 329 475 450 510; x_wconf 83' lang='grc' dir='ltr'>πων</span> <span class='ocrx_word' id='word_1_8' title='bbox 515 454 881 521; x_wconf 83' lang='grc' dir='ltr'>άποπτάντος,</span> <span class='ocrx_word' id='word_1_9' title='bbox 938 449 1029 508; x_wconf 82' lang='grc' dir='ltr'>καὶ</span> <span class='ocrx_word' id='word_1_10' title='bbox 1085 455 1366 528; x_wconf 77' lang='grc' dir='ltr'>Κρατεροῦ</span> <span class='ocrx_word' id='word_1_11' title='bbox 1422 453 1560 527; x_wconf 87' lang='grc' dir='ltr'>πρὸς</span> <span class='ocrx_word' id='word_1_12' title='bbox 1644 449 1817 507; x_wconf 80' lang='grc' dir='ltr'>Φίλαν</span> <span class='ocrx_word' id='word_1_13' title='bbox 1885 450 1952 519; x_wconf 78' lang='grc' dir='ltr'>τῆ</span> 
     </span>
    </p>
   </div>
   <div class='ocr_carea' id='block_1_5' title="bbox 2066 449 3742 528">
    <p class='ocr_par' dir='ltr' id='par_1_5' title="bbox 2097 452 3742 526">
     <span class='ocr_line' id='line_1_5' title="bbox 2097 452 3742 526; baseline 0.003 -19"><span class='ocrx_word' id='word_1_14' title='bbox 2097 467 2220 508; x_wconf 89' lang='lat' dir='ltr'>ram</span> <span class='ocrx_word' id='word_1_15' title='bbox 2252 452 2485 509; x_wconf 75' lang='lat' dir='ltr'>fecisset</span> <span class='ocrx_word' id='word_1_16' title='bbox 2528 467 2788 520; x_wconf 84' lang='lat' dir='ltr'>uxorem,</span> <span class='ocrx_word' id='word_1_17' title='bbox 2829 453 3063 510; x_wconf 81' lang='lat' dir='ltr'>Cratero</span> <span class='ocrx_word' id='word_1_18' title='bbox 3096 453 3218 526; x_wconf 86' lang='lat' dir='ltr'>(qui</span> <span class='ocrx_word' id='word_1_19' title='bbox 3267 454 3419 511; x_wconf 89' lang='lat' dir='ltr'>inter</span> <span class='ocrx_word' id='word_1_20' title='bbox 3464 454 3742 513; x_wconf 85' lang='lat' dir='ltr'>charissi-</span> 
     </span>
    </p>
   </div>
   <div class='ocr_carea' id='block_1_6' title="bbox 327 537 1980 614">
    <p class='ocr_par' dir='ltr' id='par_1_6' title="bbox 327 537 1980 614">
     <span class='ocr_line' id='line_1_6' title="bbox 327 537 1980 614; baseline -0.003 -18"><span class='ocrx_word' id='word_1_21' title='bbox 327 540 691 614; x_wconf 76' lang='grc' dir='ltr'>Ἀντιπάτρου</span> <span class='ocrx_word' id='word_1_22' title='bbox 773 537 1186 608; x_wconf 76' lang='grc' dir='ltr'>ἀποκλίναντος,</span> <span class='ocrx_word' id='word_1_23' title='bbox 1273 538 1467 612; x_wconf 82' lang='grc' dir='ltr'>γνώμῃ</span> <span class='ocrx_word' id='word_1_24' title='bbox 1536 537 1634 592; x_wconf 82' lang='grc' dir='ltr'>τοῦ</span> <span class='ocrx_word' id='word_1_25' title='bbox 1719 537 1980 598; x_wconf 82' lang='grc' dir='ltr'>λιπόντος</span> 
     </span>
    </p>
   </div>
   <div class='ocr_carea' id='block_1_7' title="bbox 328 623 1981 702">
    <p class='ocr_par' dir='ltr' id='par_1_7' title="bbox 328 623 1981 702">
     <span class='ocr_line' id='line_1_7' title="bbox 328 623 1981 702; baseline -0.003 -18"><span class='ocrx_word' id='word_1_26' title='bbox 328 631 592 702; x_wconf 82' lang='grc' dir='ltr'>Διονυσίῳ</span> <span class='ocrx_word' id='word_1_27' title='bbox 621 631 656 698; x_wconf 80' lang='grc' dir='ltr'>ἡ</span> <span class='ocrx_word' id='word_1_28' title='bbox 706 629 1009 702; x_wconf 82' lang='grc' dir='ltr'>Ἀμαστρις</span> <span class='ocrx_word' id='word_1_29' title='bbox 1060 626 1436 696; x_wconf 78' lang='grc' dir='ltr'>συνοικίζεται.</span> <span class='ocrx_word' id='word_1_30' title='bbox 1479 626 1564 696; x_wconf 79' lang='grc' dir='ltr'>Ἐξ</span> <span class='ocrx_word' id='word_1_31' title='bbox 1613 626 1675 681; x_wconf 78' lang='grc' dir='ltr'>οὗ</span> <span class='ocrx_word' id='word_1_32' title='bbox 1725 624 1812 680; x_wconf 81' lang='grc' dir='ltr'>ἐπὶ</span> <span class='ocrx_word' id='word_1_33' title='bbox 1845 623 1981 698; x_wconf 92' lang='grc' dir='ltr'>μέγα</span> 
     </span>
    </p>
   </div>
   <div class='ocr_carea' id='block_1_8' title="bbox 324 711 1979 794">
    <p class='ocr_par' dir='ltr' id='par_1_8' title="bbox 324 711 1979 794">
     <span class='ocr_line' id='line_1_8' title="bbox 324 711 1979 794; baseline -0.003 -21"><span class='ocrx_word' id='word_1_34' title='bbox 324 721 360 788; x_wconf 80' lang='grc' dir='ltr'>ἡ</span> <span class='ocrx_word' id='word_1_35' title='bbox 393 719 544 794; x_wconf 78' lang='grc' dir='ltr'>ἀρχὴ</span> <span class='ocrx_word' id='word_1_36' title='bbox 577 719 726 790; x_wconf 71' lang='grc' dir='ltr'>αὐτῷ</span> <span class='ocrx_word' id='word_1_37' title='bbox 756 714 956 792; x_wconf 80' lang='grc' dir='ltr'>διήρθη</span> <span class='ocrx_word' id='word_1_38' title='bbox 989 716 1232 772; x_wconf 79' lang='grc' dir='ltr'>πλούτου</span> <span class='ocrx_word' id='word_1_39' title='bbox 1266 737 1325 771; x_wconf 90' lang='grc' dir='ltr'>τε</span> <span class='ocrx_word' id='word_1_40' title='bbox 1354 711 1624 789; x_wconf 79' lang='grc' dir='ltr'>περιϐολῇ</span> <span class='ocrx_word' id='word_1_41' title='bbox 1657 720 1726 789; x_wconf 84' lang='grc' dir='ltr'>τῇ</span> <span class='ocrx_word' id='word_1_42' title='bbox 1760 712 1848 769; x_wconf 76' lang='grc' dir='ltr'>διὰ</span> <span class='ocrx_word' id='word_1_43' title='bbox 1877 721 1979 784; x_wconf 83' lang='grc' dir='ltr'>τῆς</span> 
     </span>
    </p>
   </div>
   <div class='ocr_carea' id='block_1_9' title="bbox 326 802 1978 884">
    <p class='ocr_par' dir='ltr' id='par_1_9' title="bbox 326 802 1978 884">
     <span class='ocr_line' id='line_1_9' title="bbox 326 802 1978 884; baseline -0.004 -20"><span class='ocrx_word' id='word_1_44' title='bbox 326 806 627 884; x_wconf 68' lang='grc' dir='ltr'>ἐπιγαμίας</span> <span class='ocrx_word' id='word_1_45' title='bbox 673 806 1031 882; x_wconf 79' lang='grc' dir='ltr'>προστεθείσῃ</span> <span class='ocrx_word' id='word_1_46' title='bbox 1063 805 1153 861; x_wconf 86' lang='grc' dir='ltr'>καὶ</span> <span class='ocrx_word' id='word_1_47' title='bbox 1201 803 1312 876; x_wconf 76' lang='grc' dir='ltr'>ἰδίᾳ</span> <span class='ocrx_word' id='word_1_48' title='bbox 1361 804 1660 882; x_wconf 76' lang='grc' dir='ltr'>φιλοκαλίᾳ</span> <span class='ocrx_word' id='word_1_49' title='bbox 1703 823 1716 836; x_wconf 75' lang='grc' dir='ltr'>ο</span> <span class='ocrx_word' id='word_1_50' title='bbox 1759 804 1848 858; x_wconf 85' lang='grc' dir='ltr'>καὶ</span> <span class='ocrx_word' id='word_1_51' title='bbox 1877 802 1978 880; x_wconf 66' lang='grc' dir='ltr'>γάρ</span> 
     </span>
    </p>
   </div>
   <div class='ocr_carea' id='block_1_10' title="bbox 325 893 1978 966">
    <p class='ocr_par' dir='ltr' id='par_1_10' title="bbox 325 893 1978 966">
     <span class='ocr_line' id='line_1_10' title="bbox 325 893 1978 966; baseline -0.002 -14"><span class='ocrx_word' id='word_1_52' title='bbox 325 897 415 952; x_wconf 82' lang='grc' dir='ltr'>καὶ</span> <span class='ocrx_word' id='word_1_53' title='bbox 459 899 561 966; x_wconf 83' lang='grc' dir='ltr'>τήν</span> <span class='ocrx_word' id='word_1_54' title='bbox 615 902 715 953; x_wconf 76' lang='grc' dir='ltr'>τοῦ</span> <span class='ocrx_word' id='word_1_55' title='bbox 767 895 1055 954; x_wconf 77' lang='grc' dir='ltr'>Διονυσίου</span> <span class='ocrx_word' id='word_1_56' title='bbox 1113 901 1287 952; x_wconf 82' lang='grc' dir='ltr'>πᾶσαν</span> <span class='ocrx_word' id='word_1_57' title='bbox 1339 893 1627 964; x_wconf 73' lang='grc' dir='ltr'>ἐπισκευὴν</span> <span class='ocrx_word' id='word_1_58' title='bbox 1679 898 1781 948; x_wconf 78' lang='grc' dir='ltr'>τοῦ</span> <span class='ocrx_word' id='word_1_59' title='bbox 1822 900 1978 948; x_wconf 73' lang='grc' dir='ltr'>Σικεο</span> 
     </span>
    </p>
   </div>
   <div class='ocr_carea' id='block_1_11' title="bbox 323 981 1974 1059">
    <p class='ocr_par' dir='ltr' id='par_1_11' title="bbox 323 981 1974 1059">
     <span class='ocr_line' id='line_1_11' title="bbox 323 981 1974 1059; baseline -0.005 -18"><span class='ocrx_word' id='word_1_60' title='bbox 323 983 449 1046; x_wconf 88' lang='grc' dir='ltr'>λίας</span> <span class='ocrx_word' id='word_1_61' title='bbox 531 987 969 1059; x_wconf 81' lang='grc' dir='ltr'>τυραννήσαντος</span> <span class='ocrx_word' id='word_1_62' title='bbox 1043 981 1202 1038; x_wconf 73' lang='grc' dir='ltr'>αὐτὸν</span> <span class='ocrx_word' id='word_1_63' title='bbox 1282 981 1513 1051; x_wconf 78' lang='grc' dir='ltr'>ἐπῆλθεν</span> <span class='ocrx_word' id='word_1_64' title='bbox 1588 981 1974 1051; x_wconf 70' lang='grc' dir='ltr'>ἐξωνήσασθαι,</span> 
     </span>
    </p>
   </div>
   <div class='ocr_carea' id='block_1_12' title="bbox 325 1067 1976 1151">
    <p class='ocr_par' dir='ltr' id='par_1_12' title="bbox 325 1067 1976 1151">
     <span class='ocr_line' id='line_1_12' title="bbox 325 1067 1976 1151; baseline -0.003 -22"><span class='ocrx_word' id='word_1_65' title='bbox 325 1081 425 1144; x_wconf 81' lang='grc' dir='ltr'>τῆς</span> <span class='ocrx_word' id='word_1_66' title='bbox 465 1075 646 1150; x_wconf 78' lang='grc' dir='ltr'>ἀρχῆς</span> <span class='ocrx_word' id='word_1_67' title='bbox 673 1072 883 1129; x_wconf 81' lang='grc' dir='ltr'>ἐκείνου</span> <span class='ocrx_word' id='word_1_68' title='bbox 932 1070 1338 1151; x_wconf 80' lang='grc' dir='ltr'>διαφθαρείσης.</span> <span class='ocrx_word' id='word_1_69' title='bbox 1381 1071 1457 1126; x_wconf 81' lang='grc' dir='ltr'>Οὐ</span> <span class='ocrx_word' id='word_1_70' title='bbox 1496 1074 1662 1125; x_wconf 75' lang='grc' dir='ltr'>ταῦτα</span> <span class='ocrx_word' id='word_1_71' title='bbox 1705 1067 1762 1124; x_wconf 77' lang='grc' dir='ltr'>δὲ</span> <span class='ocrx_word' id='word_1_72' title='bbox 1809 1071 1976 1143; x_wconf 89' lang='grc' dir='ltr'>μόνον</span> 
     </span>
    </p>
   </div>
   <div class='ocr_carea' id='block_1_13' title="bbox 323 1157 1974 1240">
    <p class='ocr_par' dir='ltr' id='par_1_13' title="bbox 323 1157 1974 1240">
     <span class='ocr_line' id='line_1_13' title="bbox 323 1157 1974 1240; baseline -0.004 -21"><span class='ocrx_word' id='word_1_73' title='bbox 323 1167 473 1236; x_wconf 79' lang='grc' dir='ltr'>αὖτῷ</span> <span class='ocrx_word' id='word_1_74' title='bbox 529 1166 628 1233; x_wconf 74' lang='grc' dir='ltr'>τὴν</span> <span class='ocrx_word' id='word_1_75' title='bbox 683 1162 866 1240; x_wconf 68' lang='grc' dir='ltr'>ἀρχὴν</span> <span class='ocrx_word' id='word_1_76' title='bbox 917 1160 1292 1236; x_wconf 82' lang='grc' dir='ltr'>έπεκράτυνεν,</span> <span class='ocrx_word' id='word_1_77' title='bbox 1352 1159 1498 1216; x_wconf 76' lang='grc' dir='ltr'>ἀλλὰ</span> <span class='ocrx_word' id='word_1_78' title='bbox 1564 1159 1653 1213; x_wconf 82' lang='grc' dir='ltr'>καὶ</span> <span class='ocrx_word' id='word_1_79' title='bbox 1711 1157 1974 1234; x_wconf 79' lang='grc' dir='ltr'>εὐπραγία</span> 
     </span>
    </p>
   </div>
   <div class='ocr_carea' id='block_1_14' title="bbox 322 1246 1973 1322">
    <p class='ocr_par' dir='ltr' id='par_1_14' title="bbox 322 1246 1973 1322">
     <span class='ocr_line' id='line_1_14' title="bbox 322 1246 1973 1322; baseline -0.004 -14"><span class='ocrx_word' id='word_1_80' title='bbox 322 1252 416 1308; x_wconf 82' lang='grc' dir='ltr'>καὶ</span> <span class='ocrx_word' id='word_1_81' title='bbox 451 1249 629 1308; x_wconf 76' lang='grc' dir='ltr'>εὔνοια</span> <span class='ocrx_word' id='word_1_82' title='bbox 658 1257 768 1307; x_wconf 79' lang='grc' dir='ltr'>τῶν</span> <span class='ocrx_word' id='word_1_83' title='bbox 801 1252 1081 1321; x_wconf 81' lang='grc' dir='ltr'>ὑπηκόων,</span> <span class='ocrx_word' id='word_1_84' title='bbox 1113 1250 1205 1305; x_wconf 81' lang='grc' dir='ltr'>καὶ</span> <span class='ocrx_word' id='word_1_85' title='bbox 1245 1248 1473 1306; x_wconf 79' lang='grc' dir='ltr'>πολλῶν</span> <span class='ocrx_word' id='word_1_86' title='bbox 1507 1249 1581 1303; x_wconf 85' lang='grc' dir='ltr'>ὧν</span> <span class='ocrx_word' id='word_1_87' title='bbox 1617 1248 1714 1303; x_wconf 78' lang='grc' dir='ltr'>οὐκ</span> <span class='ocrx_word' id='word_1_88' title='bbox 1761 1246 1973 1322; x_wconf 79' lang='grc' dir='ltr'>ἐκράτει</span> 
     </span>
    </p>
   </div>
   <div class='ocr_carea' id='block_1_15' title="bbox 320 1334 1970 1417">
    <p class='ocr_par' dir='ltr' id='par_1_15' title="bbox 320 1334 1970 1417">
     <span class='ocr_line' id='line_1_15' title="bbox 320 1334 1970 1417; baseline -0.004 -20"><span class='ocrx_word' id='word_1_89' title='bbox 320 1343 585 1417; x_wconf 74' lang='grc' dir='ltr'>πρότερον</span> <span class='ocrx_word' id='word_1_90' title='bbox 627 1343 662 1411; x_wconf 82' lang='grc' dir='ltr'><strong>ἡ</strong></span> <span class='ocrx_word' id='word_1_91' title='bbox 714 1341 995 1417; x_wconf 86' lang='grc' dir='ltr'>κυριότης.</span> <span class='ocrx_word' id='word_1_92' title='bbox 1045 1339 1143 1394; x_wconf 79' lang='grc' dir='ltr'>Καὶ</span> <span class='ocrx_word' id='word_1_93' title='bbox 1192 1334 1480 1413; x_wconf 75' lang='grc' dir='ltr'>Ἀντιγόνῳ</span> <span class='ocrx_word' id='word_1_94' title='bbox 1525 1336 1582 1392; x_wconf 78' lang='grc' dir='ltr'>δὲ</span> <span class='ocrx_word' id='word_1_95' title='bbox 1637 1339 1736 1408; x_wconf 80' lang='grc' dir='ltr'>τήν</span> <span class='ocrx_word' id='word_1_96' title='bbox 1788 1337 1970 1392; x_wconf 80' lang='grc' dir='ltr'>Ἀσίαν</span> 
     </span>
    </p>
   </div>
   <div class='ocr_carea' id='block_1_16' title="bbox 316 1426 1968 1508">
    <p class='ocr_par' dir='ltr' id='par_1_16' title="bbox 316 1426 1968 1508">
     <span class='ocr_line' id='line_1_16' title="bbox 316 1426 1968 1508; baseline -0.004 -21"><span class='ocrx_word' id='word_1_97' title='bbox 316 1432 610 1507; x_wconf 80' lang='grc' dir='ltr'>κατέχοντι</span> <span class='ocrx_word' id='word_1_98' title='bbox 645 1431 914 1504; x_wconf 82' lang='grc' dir='ltr'>λαμπρῶς</span> <span class='ocrx_word' id='word_1_99' title='bbox 963 1431 1362 1508; x_wconf 80' lang='grc' dir='ltr'>συμμαχήσας,</span> <span class='ocrx_word' id='word_1_100' title='bbox 1397 1427 1559 1483; x_wconf 85' lang='grc' dir='ltr'>ὁπότε</span> <span class='ocrx_word' id='word_1_101' title='bbox 1605 1428 1704 1496; x_wconf 86' lang='grc' dir='ltr'>τὴν</span> <span class='ocrx_word' id='word_1_102' title='bbox 1756 1426 1968 1503; x_wconf 83' lang='grc' dir='ltr'>Κύπρον</span> 
     </span>
    </p>
   </div>
   <div class='ocr_carea' id='block_1_17' title="bbox 313 1516 1972 1598">
    <p class='ocr_par' dir='ltr' id='par_1_17' title="bbox 313 1516 1972 1598">
     <span class='ocr_line' id='line_1_17' title="bbox 313 1516 1972 1598; baseline -0.003 -22"><span class='ocrx_word' id='word_1_103' title='bbox 313 1519 658 1595; x_wconf 68' lang='grc' dir='ltr'>ἓπολιόρκει,</span> <span class='ocrx_word' id='word_1_104' title='bbox 710 1521 802 1575; x_wconf 89' lang='grc' dir='ltr'>τὸν</span> <span class='ocrx_word' id='word_1_105' title='bbox 857 1516 1183 1598; x_wconf 80' lang='grc' dir='ltr'>ἀδελφιδοῦν</span> <span class='ocrx_word' id='word_1_106' title='bbox 1241 1517 1584 1592; x_wconf 78' lang='grc' dir='ltr'>Πτολεμαῖον</span> <span class='ocrx_word' id='word_1_107' title='bbox 1640 1517 1972 1591; x_wconf 83' lang='grc' dir='ltr'>(στρατηγὸς</span> 
     </span>
    </p>
   </div>
   <div class='ocr_carea' id='block_1_18' title="bbox 316 1605 1971 1684">
    <p class='ocr_par' dir='ltr' id='par_1_18' title="bbox 316 1605 1971 1684">
     <span class='ocr_line' id='line_1_18' title="bbox 316 1605 1971 1684; baseline -0.004 -18"><span class='ocrx_word' id='word_1_108' title='bbox 316 1609 375 1666; x_wconf 72' lang='grc' dir='ltr'>δὲ</span> <span class='ocrx_word' id='word_1_109' title='bbox 413 1611 574 1672; x_wconf 77' lang='grc' dir='ltr'>οὗτος</span> <span class='ocrx_word' id='word_1_110' title='bbox 623 1612 688 1679; x_wconf 80' lang='grc' dir='ltr'>ἦν</span> <span class='ocrx_word' id='word_1_111' title='bbox 715 1615 826 1664; x_wconf 78' lang='grc' dir='ltr'>τῶν</span> <span class='ocrx_word' id='word_1_112' title='bbox 874 1609 998 1683; x_wconf 76' lang='grc' dir='ltr'>περὶ</span> <span class='ocrx_word' id='word_1_113' title='bbox 1025 1609 1117 1664; x_wconf 87' lang='grc' dir='ltr'>τὸν</span> <span class='ocrx_word' id='word_1_114' title='bbox 1169 1606 1598 1679; x_wconf 64' lang='grc' dir='ltr'>Ἐλλήσποντονὶ</span> <span class='ocrx_word' id='word_1_115' title='bbox 1647 1605 1971 1684; x_wconf 81' lang='grc' dir='ltr'>φιλοτιμίας</span> 
     </span>
    </p>
   </div>
   <div class='ocr_carea' id='block_1_19' title="bbox 313 1691 1970 1774">
    <p class='ocr_par' dir='ltr' id='par_1_19' title="bbox 313 1691 1970 1774">
     <span class='ocr_line' id='line_1_19' title="bbox 313 1691 1970 1774; baseline -0.002 -20"><span class='ocrx_word' id='word_1_116' title='bbox 313 1695 564 1773; x_wconf 73' lang='grc' dir='ltr'>ἀμοιϐὴν</span> <span class='ocrx_word' id='word_1_117' title='bbox 617 1700 809 1773; x_wconf 73' lang='grc' dir='ltr'>εὕρατο</span> <span class='ocrx_word' id='word_1_118' title='bbox 839 1699 968 1774; x_wconf 87' lang='grc' dir='ltr'>παρ’</span> <span class='ocrx_word' id='word_1_119' title='bbox 1015 1698 1313 1772; x_wconf 87' lang='grc' dir='ltr'>Ἀντιγόνῳ</span> <span class='ocrx_word' id='word_1_120' title='bbox 1355 1691 1602 1772; x_wconf 76' lang='grc' dir='ltr'>γαμϐρὸν</span> <span class='ocrx_word' id='word_1_121' title='bbox 1654 1691 1840 1751; x_wconf 75' lang='grc' dir='ltr'>λαϐεῖν</span> <span class='ocrx_word' id='word_1_122' title='bbox 1883 1694 1970 1750; x_wconf 77' lang='grc' dir='ltr'>ἐπὶ</span> 
     </span>
    </p>
   </div>
   <div class='ocr_carea' id='block_1_20' title="bbox 2093 541 3740 614">
    <p class='ocr_par' dir='ltr' id='par_1_20' title="bbox 2093 541 3740 614">
     <span class='ocr_line' id='line_1_20' title="bbox 2093 541 3740 614; baseline 0.004 -18"><span class='ocrx_word' id='word_1_123' title='bbox 2093 557 2222 598; x_wconf 89' lang='lat' dir='ltr'>mos</span> <span class='ocrx_word' id='word_1_124' title='bbox 2253 541 2304 598; x_wconf 93' lang='lat' dir='ltr'>ei</span> <span class='ocrx_word' id='word_1_125' title='bbox 2355 542 2482 611; x_wconf 89' lang='lat' dir='ltr'>fuit)</span> <span class='ocrx_word' id='word_1_126' title='bbox 2517 546 2766 614; x_wconf 90' lang='lat' dir='ltr'>nuptum</span> <span class='ocrx_word' id='word_1_127' title='bbox 2816 543 3074 597; x_wconf 82' lang='lat' dir='ltr'>dederat.</span> <span class='ocrx_word' id='word_1_128' title='bbox 3108 547 3179 598; x_wconf 85' lang='lat' dir='ltr'>At</span> <span class='ocrx_word' id='word_1_129' title='bbox 3221 559 3375 611; x_wconf 90' lang='lat' dir='ltr'>cum,</span> <span class='ocrx_word' id='word_1_130' title='bbox 3419 546 3740 602; x_wconf 90' lang='lat' dir='ltr'>Alexandro</span> 
     </span>
    </p>
   </div>
   <div class='ocr_carea' id='block_1_21' title="bbox 2092 630 3738 703">
    <p class='ocr_par' dir='ltr' id='par_1_21' title="bbox 2092 630 3738 703">
     <span class='ocr_line' id='line_1_21' title="bbox 2092 630 3738 703; baseline 0.002 -17"><span class='ocrx_word' id='word_1_131' title='bbox 2092 631 2269 687; x_wconf 83' lang='lat' dir='ltr'>rebus</span> <span class='ocrx_word' id='word_1_132' title='bbox 2326 630 2656 687; x_wconf 80' lang='lat' dir='ltr'>mortalium</span> <span class='ocrx_word' id='word_1_133' title='bbox 2716 647 2959 702; x_wconf 85' lang='lat' dir='ltr'>prOpere</span> <span class='ocrx_word' id='word_1_134' title='bbox 3016 637 3305 703; x_wconf 86' lang='lat' dir='ltr'>exempto,</span> <span class='ocrx_word' id='word_1_135' title='bbox 3347 633 3615 689; x_wconf 86' lang='lat' dir='ltr'>Craterus</span> <span class='ocrx_word' id='word_1_136' title='bbox 3667 635 3738 690; x_wconf 87' lang='lat' dir='ltr'>ad</span> 
     </span>
    </p>
   </div>
   <div class='ocr_carea' id='block_1_22' title="bbox 2090 718 3740 792">
    <p class='ocr_par' dir='ltr' id='par_1_22' title="bbox 2090 718 3740 792">
     <span class='ocr_line' id='line_1_22' title="bbox 2090 718 3740 792; baseline 0.003 -19"><span class='ocrx_word' id='word_1_137' title='bbox 2090 718 2344 786; x_wconf 88' lang='lat' dir='ltr'>Philam,</span> <span class='ocrx_word' id='word_1_138' title='bbox 2377 720 2678 791; x_wconf 79' lang='lat' dir='ltr'>Antipatro</span> <span class='ocrx_word' id='word_1_139' title='bbox 2709 724 2930 787; x_wconf 85' lang='lat' dir='ltr'>natam,</span> <span class='ocrx_word' id='word_1_140' title='bbox 2956 720 3218 776; x_wconf 90' lang='lat' dir='ltr'>animum</span> <span class='ocrx_word' id='word_1_141' title='bbox 3255 721 3548 792; x_wconf 89' lang='lat' dir='ltr'>adjiceret,</span> <span class='ocrx_word' id='word_1_142' title='bbox 3571 727 3740 778; x_wconf 84' lang='lat' dir='ltr'>Ama-</span> 
     </span>
    </p>
   </div>
   <div class='ocr_carea' id='block_1_23' title="bbox 2089 807 3743 883">
    <p class='ocr_par' dir='ltr' id='par_1_23' title="bbox 2089 807 3743 883">
     <span class='ocr_line' id='line_1_23' title="bbox 2089 807 3743 883; baseline 0.003 -22"><span class='ocrx_word' id='word_1_143' title='bbox 2089 807 2216 875; x_wconf 90' lang='lat' dir='ltr'>tris,</span> <span class='ocrx_word' id='word_1_144' title='bbox 2250 808 2545 864; x_wconf 82' lang='lat' dir='ltr'>desertore</span> <span class='ocrx_word' id='word_1_145' title='bbox 2576 825 2692 864; x_wconf 90' lang='lat' dir='ltr'>non</span> <span class='ocrx_word' id='word_1_146' title='bbox 2736 807 2940 876; x_wconf 89' lang='lat' dir='ltr'>invito,</span> <span class='ocrx_word' id='word_1_147' title='bbox 2973 809 3214 864; x_wconf 91' lang='lat' dir='ltr'>domum</span> <span class='ocrx_word' id='word_1_148' title='bbox 3245 827 3279 864; x_wconf 92' lang='lat' dir='ltr'>a</span> <span class='ocrx_word' id='word_1_149' title='bbox 3331 811 3600 883; x_wconf 86' lang='lat' dir='ltr'>Dionysio</span> <span class='ocrx_word' id='word_1_150' title='bbox 3634 811 3743 865; x_wconf 92' lang='lat' dir='ltr'>du-</span> 
     </span>
    </p>
   </div>
   <div class='ocr_carea' id='block_1_24' title="bbox 2089 895 3738 970">
    <p class='ocr_par' dir='ltr' id='par_1_24' title="bbox 2089 895 3738 970">
     <span class='ocr_line' id='line_1_24' title="bbox 2089 895 3738 970; baseline 0.001 -17"><span class='ocrx_word' id='word_1_151' title='bbox 2089 895 2260 953; x_wconf 80' lang='lat' dir='ltr'>citur.</span> <span class='ocrx_word' id='word_1_152' title='bbox 2297 897 2374 951; x_wconf 88' lang='lat' dir='ltr'>Ex</span> <span class='ocrx_word' id='word_1_153' title='bbox 2407 913 2520 967; x_wconf 91' lang='lat' dir='ltr'>quo</span> <span class='ocrx_word' id='word_1_154' title='bbox 2549 897 2620 953; x_wconf 89' lang='lat' dir='ltr'>ad</span> <span class='ocrx_word' id='word_1_155' title='bbox 2653 913 2937 970; x_wconf 88' lang='lat' dir='ltr'>magnum</span> <span class='ocrx_word' id='word_1_156' title='bbox 2972 898 3020 953; x_wconf 88' lang='lat' dir='ltr'>ei</span> <span class='ocrx_word' id='word_1_157' title='bbox 3053 906 3438 970; x_wconf 80' lang='lat' dir='ltr'>augmentum</span> <span class='ocrx_word' id='word_1_158' title='bbox 3473 900 3738 955; x_wconf 85' lang='lat' dir='ltr'>domina-</span> 
     </span>
    </p>
   </div>
   <div class='ocr_carea' id='block_1_25' title="bbox 2087 985 3738 1060">
    <p class='ocr_par' dir='ltr' id='par_1_25' title="bbox 2087 985 3738 1060">
     <span class='ocr_line' id='line_1_25' title="bbox 2087 985 3738 1060; baseline 0.004 -21"><span class='ocrx_word' id='word_1_159' title='bbox 2087 986 2183 1039; x_wconf 85' lang='lat' dir='ltr'>tus</span> <span class='ocrx_word' id='word_1_160' title='bbox 2215 1000 2344 1040; x_wconf 73' lang='lat' dir='ltr'>sese</span> <span class='ocrx_word' id='word_1_161' title='bbox 2375 985 2602 1054; x_wconf 82' lang='lat' dir='ltr'>extulit,</span> <span class='ocrx_word' id='word_1_162' title='bbox 2627 988 2752 1040; x_wconf 91' lang='lat' dir='ltr'>tum</span> <span class='ocrx_word' id='word_1_163' title='bbox 2785 1001 2959 1056; x_wconf 90' lang='lat' dir='ltr'>opum</span> <span class='ocrx_word' id='word_1_164' title='bbox 2993 1001 3022 1040; x_wconf 91' lang='lat' dir='ltr'>e</span> <span class='ocrx_word' id='word_1_165' title='bbox 3048 987 3377 1042; x_wconf 84' lang='lat' dir='ltr'>recentibus</span> <span class='ocrx_word' id='word_1_166' title='bbox 3406 988 3626 1060; x_wconf 80' lang='lat' dir='ltr'>nuptiis</span> <span class='ocrx_word' id='word_1_167' title='bbox 3648 1007 3738 1045; x_wconf 88' lang='lat' dir='ltr'>ac-</span> 
     </span>
    </p>
   </div>
   <div class='ocr_carea' id='block_1_26' title="bbox 2086 1073 3732 1146">
    <p class='ocr_par' dir='ltr' id='par_1_26' title="bbox 2086 1073 3732 1146">
     <span class='ocr_line' id='line_1_26' title="bbox 2086 1073 3732 1146; baseline 0.005 -19"><span class='ocrx_word' id='word_1_168' title='bbox 2086 1073 2371 1143; x_wconf 90' lang='lat' dir='ltr'>cessione,</span> <span class='ocrx_word' id='word_1_169' title='bbox 2398 1077 2523 1128; x_wconf 90' lang='lat' dir='ltr'>tum</span> <span class='ocrx_word' id='word_1_170' title='bbox 2557 1073 2746 1145; x_wconf 83' lang='lat' dir='ltr'>ipsius</span> <span class='ocrx_word' id='word_1_171' title='bbox 2778 1074 2954 1129; x_wconf 89' lang='lat' dir='ltr'>etiam</span> <span class='ocrx_word' id='word_1_172' title='bbox 2988 1075 3269 1146; x_wconf 80' lang='lat' dir='ltr'>principis</span> <span class='ocrx_word' id='word_1_173' title='bbox 3294 1077 3486 1133; x_wconf 90' lang='lat' dir='ltr'>studio</span> <span class='ocrx_word' id='word_1_174' title='bbox 3517 1081 3573 1133; x_wconf 93' lang='lat' dir='ltr'>et</span> <span class='ocrx_word' id='word_1_175' title='bbox 3604 1095 3732 1135; x_wconf 87' lang='lat' dir='ltr'>ma-</span> 
     </span>
    </p>
   </div>
   <div class='ocr_carea' id='block_1_27' title="bbox 2084 1160 3728 1235">
    <p class='ocr_par' dir='ltr' id='par_1_27' title="bbox 2084 1160 3728 1235">
     <span class='ocr_line' id='line_1_27' title="bbox 2084 1160 3728 1235; baseline 0.006 -20"><span class='ocrx_word' id='word_1_176' title='bbox 2084 1160 2438 1233; x_wconf 87' lang='lat' dir='ltr'>gniﬁcentia.</span> <span class='ocrx_word' id='word_1_177' title='bbox 2473 1162 2619 1218; x_wconf 86' lang='lat' dir='ltr'>Nam</span> <span class='ocrx_word' id='word_1_178' title='bbox 2652 1167 2707 1218; x_wconf 91' lang='lat' dir='ltr'>et</span> <span class='ocrx_word' id='word_1_179' title='bbox 2742 1163 3018 1234; x_wconf 80' lang='lat' dir='ltr'>Dionysii,</span> <span class='ocrx_word' id='word_1_180' title='bbox 3053 1165 3152 1234; x_wconf 88' lang='lat' dir='ltr'>qui</span> <span class='ocrx_word' id='word_1_181' title='bbox 3180 1165 3389 1221; x_wconf 73' lang='lat' dir='ltr'>Siciliae</span> <span class='ocrx_word' id='word_1_182' title='bbox 3421 1173 3728 1235; x_wconf 88' lang='lat' dir='ltr'>tyrannum</span> 
     </span>
    </p>
   </div>
   <div class='ocr_carea' id='block_1_28' title="bbox 2083 1250 3732 1324">
    <p class='ocr_par' dir='ltr' id='par_1_28' title="bbox 2083 1250 3732 1324">
     <span class='ocr_line' id='line_1_28' title="bbox 2083 1250 3732 1324; baseline 0.004 -17"><span class='ocrx_word' id='word_1_183' title='bbox 2083 1255 2303 1323; x_wconf 83' lang='lat' dir='ltr'>egerat,</span> <span class='ocrx_word' id='word_1_184' title='bbox 2347 1267 2580 1307; x_wconf 91' lang='lat' dir='ltr'>omnem</span> <span class='ocrx_word' id='word_1_185' title='bbox 2627 1251 2678 1307; x_wconf 92' lang='lat' dir='ltr'>ei</span> <span class='ocrx_word' id='word_1_186' title='bbox 2729 1250 3154 1324; x_wconf 87' lang='lat' dir='ltr'>supellectilem</span> <span class='ocrx_word' id='word_1_187' title='bbox 3204 1254 3452 1311; x_wconf 82' lang='lat' dir='ltr'>facultas</span> <span class='ocrx_word' id='word_1_188' title='bbox 3505 1258 3732 1313; x_wconf 90' lang='lat' dir='ltr'>emendi</span> 
     </span>
    </p>
   </div>
   <div class='ocr_carea' id='block_1_29' title="bbox 2083 1340 3731 1412">
    <p class='ocr_par' dir='ltr' id='par_1_29' title="bbox 2083 1340 3731 1412">
     <span class='ocr_line' id='line_1_29' title="bbox 2083 1340 3731 1412; baseline 0.004 -16"><span class='ocrx_word' id='word_1_189' title='bbox 2083 1341 2349 1411; x_wconf 82' lang='lat' dir='ltr'>contigit,</span> <span class='ocrx_word' id='word_1_190' title='bbox 2380 1341 2616 1412; x_wconf 90' lang='lat' dir='ltr'>quando</span> <span class='ocrx_word' id='word_1_191' title='bbox 2648 1341 2718 1396; x_wconf 90' lang='lat' dir='ltr'>de</span> <span class='ocrx_word' id='word_1_192' title='bbox 2749 1340 2996 1412; x_wconf 89' lang='lat' dir='ltr'>imperio</span> <span class='ocrx_word' id='word_1_193' title='bbox 3026 1341 3190 1399; x_wconf 80' lang='lat' dir='ltr'>illius</span> <span class='ocrx_word' id='word_1_194' title='bbox 3229 1348 3423 1399; x_wconf 91' lang='lat' dir='ltr'>actum</span> <span class='ocrx_word' id='word_1_195' title='bbox 3457 1345 3584 1401; x_wconf 90' lang='lat' dir='ltr'>fuit.</span> <span class='ocrx_word' id='word_1_196' title='bbox 3616 1346 3731 1403; x_wconf 91' lang='lat' dir='ltr'>Nec</span> 
     </span>
    </p>
   </div>
   <div class='ocr_carea' id='block_1_30' title="bbox 2079 1431 3728 1504">
    <p class='ocr_par' dir='ltr' id='par_1_30' title="bbox 2079 1431 3728 1504">
     <span class='ocr_line' id='line_1_30' title="bbox 2079 1431 3728 1504; baseline 0.004 -17"><span class='ocrx_word' id='word_1_197' title='bbox 2079 1446 2214 1487; x_wconf 90' lang='lat' dir='ltr'>vero</span> <span class='ocrx_word' id='word_1_198' title='bbox 2247 1431 2337 1486; x_wconf 85' lang='lat' dir='ltr'>his</span> <span class='ocrx_word' id='word_1_199' title='bbox 2363 1435 2588 1487; x_wconf 88' lang='lat' dir='ltr'>tantum</span> <span class='ocrx_word' id='word_1_200' title='bbox 2623 1431 3003 1488; x_wconf 88' lang='lat' dir='ltr'>roborabatur</span> <span class='ocrx_word' id='word_1_201' title='bbox 3032 1433 3082 1487; x_wconf 90' lang='lat' dir='ltr'>ei</span> <span class='ocrx_word' id='word_1_202' title='bbox 3116 1437 3386 1504; x_wconf 80' lang='lat' dir='ltr'>potestas,</span> <span class='ocrx_word' id='word_1_203' title='bbox 3423 1437 3521 1491; x_wconf 88' lang='lat' dir='ltr'>sed</span> <span class='ocrx_word' id='word_1_204' title='bbox 3556 1437 3728 1493; x_wconf 88' lang='lat' dir='ltr'>etiam</span> 
     </span>
    </p>
   </div>
   <div class='ocr_carea' id='block_1_31' title="bbox 2082 1521 3732 1592">
    <p class='ocr_par' dir='ltr' id='par_1_31' title="bbox 2082 1521 3732 1592">
     <span class='ocr_line' id='line_1_31' title="bbox 2082 1521 3732 1592; baseline 0.004 -16"><span class='ocrx_word' id='word_1_205' title='bbox 2082 1535 2148 1576; x_wconf 93' lang='lat' dir='ltr'>eo</span> <span class='ocrx_word' id='word_1_206' title='bbox 2182 1521 2335 1591; x_wconf 88' lang='lat' dir='ltr'>quod</span> <span class='ocrx_word' id='word_1_207' title='bbox 2365 1535 2640 1592; x_wconf 88' lang='lat' dir='ltr'>prospero</span> <span class='ocrx_word' id='word_1_208' title='bbox 2673 1535 2946 1576; x_wconf 84' lang='lat' dir='ltr'>successu</span> <span class='ocrx_word' id='word_1_209' title='bbox 2977 1524 3036 1576; x_wconf 90' lang='lat' dir='ltr'>et</span> <span class='ocrx_word' id='word_1_210' title='bbox 3067 1522 3258 1578; x_wconf 82' lang='lat' dir='ltr'>favore</span> <span class='ocrx_word' id='word_1_211' title='bbox 3288 1523 3504 1578; x_wconf 88' lang='lat' dir='ltr'>civium</span> <span class='ocrx_word' id='word_1_212' title='bbox 3532 1526 3732 1582; x_wconf 86' lang='lat' dir='ltr'>uteba-</span> 
     </span>
    </p>
   </div>
   <div class='ocr_carea' id='block_1_32' title="bbox 2084 1609 3730 1682">
    <p class='ocr_par' dir='ltr' id='par_1_32' title="bbox 2084 1609 3730 1682">
     <span class='ocr_line' id='line_1_32' title="bbox 2084 1609 3730 1682; baseline 0.004 -16"><span class='ocrx_word' id='word_1_213' title='bbox 2084 1618 2196 1679; x_wconf 88' lang='lat' dir='ltr'>tur,</span> <span class='ocrx_word' id='word_1_214' title='bbox 2229 1613 2286 1666; x_wconf 89' lang='lat' dir='ltr'>et</span> <span class='ocrx_word' id='word_1_215' title='bbox 2315 1609 2632 1682; x_wconf 88' lang='lat' dir='ltr'>imperium</span> <span class='ocrx_word' id='word_1_216' title='bbox 2685 1611 3004 1682; x_wconf 86' lang='lat' dir='ltr'>usurpabat</span> <span class='ocrx_word' id='word_1_217' title='bbox 3045 1611 3106 1666; x_wconf 91' lang='lat' dir='ltr'>in</span> <span class='ocrx_word' id='word_1_218' title='bbox 3157 1612 3373 1669; x_wconf 90' lang='lat' dir='ltr'>multos</span> <span class='ocrx_word' id='word_1_219' title='bbox 3404 1619 3572 1670; x_wconf 84' lang='lat' dir='ltr'>antea</span> <span class='ocrx_word' id='word_1_220' title='bbox 3615 1633 3730 1672; x_wconf 92' lang='lat' dir='ltr'>non</span> 
     </span>
    </p>
   </div>
   <div class='ocr_carea' id='block_1_33' title="bbox 2083 1699 3729 1774">
    <p class='ocr_par' dir='ltr' id='par_1_33' title="bbox 2083 1699 3729 1774">
     <span class='ocr_line' id='line_1_33' title="bbox 2083 1699 3729 1774; baseline 0.002 -18"><span class='ocrx_word' id='word_1_221' title='bbox 2083 1699 2403 1770; x_wconf 84' lang='lat' dir='ltr'>subjectos.</span> <span class='ocrx_word' id='word_1_222' title='bbox 2445 1700 2732 1770; x_wconf 84' lang='lat' dir='ltr'>Antigono</span> <span class='ocrx_word' id='word_1_223' title='bbox 2780 1699 3129 1771; x_wconf 86' lang='lat' dir='ltr'>etiam,jam</span> <span class='ocrx_word' id='word_1_224' title='bbox 3179 1703 3486 1774; x_wconf 86' lang='lat' dir='ltr'>magniﬁce</span> <span class='ocrx_word' id='word_1_225' title='bbox 3534 1705 3729 1760; x_wconf 86' lang='lat' dir='ltr'>Asiam</span> 
     </span>
    </p>
   </div>
   <div class='ocr_carea' id='block_1_34' title="bbox 313 1772 1952 1865">
    <p class='ocr_par' dir='ltr' id='par_1_34' title="bbox 313 1772 1952 1864">
     <span class='ocr_line' id='line_1_34' title="bbox 313 1772 1952 1864; baseline -0.004 -20"><span class='ocrx_word' id='word_1_226' title='bbox 313 1772 564 1864; x_wconf 84' lang='grc' dir='ltr'>θυγατρί.</span> <span class='ocrx_word' id='word_1_227' title='bbox 599 1772 770 1844; x_wconf 11' lang='grc' dir='ltr'>Ἡγδὶ</span> <span class='ocrx_word' id='word_1_228' title='bbox 820 1772 948 1849; x_wconf 81' lang='grc' dir='ltr'>παῖς</span> <span class='ocrx_word' id='word_1_229' title='bbox 989 1787 1050 1842; x_wconf 83' lang='grc' dir='ltr'>ἐκ</span> <span class='ocrx_word' id='word_1_230' title='bbox 1097 1787 1376 1863; x_wconf 84' lang='grc' dir='ltr'>προτέρων</span> <span class='ocrx_word' id='word_1_231' title='bbox 1426 1787 1494 1855; x_wconf 79' lang='grc' dir='ltr'>ἦν</span> <span class='ocrx_word' id='word_1_232' title='bbox 1545 1785 1695 1858; x_wconf 78' lang='grc' dir='ltr'>αὐτῷ</span> <span class='ocrx_word' id='word_1_233' title='bbox 1742 1805 1952 1858; x_wconf 69' lang='grc' dir='ltr'>γεγενηι</span> 
     </span>
    </p>
   </div>
   <div class='ocr_carea' id='block_1_35' title="bbox 2066 1772 3730 1865">
    <p class='ocr_par' dir='ltr' id='par_1_35' title="bbox 2083 1772 3730 1865">
     <span class='ocr_line' id='line_1_35' title="bbox 2083 1772 3730 1865; baseline 0.002 -19"><span class='ocrx_word' id='word_1_234' title='bbox 2083 1789 2274 1846; x_wconf 71' lang='grc' dir='ltr'><strong>224ὺ</strong></span> <span class='ocrx_word' id='word_1_235' title='bbox 2317 1787 2564 1854; x_wconf 88' lang='lat' dir='ltr'>tenenti,</span> <span class='ocrx_word' id='word_1_236' title='bbox 2615 1789 2919 1860; x_wconf 86' lang='lat' dir='ltr'>suppetias</span> <span class='ocrx_word' id='word_1_237' title='bbox 2977 1788 3132 1858; x_wconf 88' lang='lat' dir='ltr'>tulit,</span> <span class='ocrx_word' id='word_1_238' title='bbox 3180 1772 3416 1862; x_wconf 64' lang='lat' dir='ltr'>quando</span> <span class='ocrx_word' id='word_1_239' title='bbox 3475 1793 3730 1865; x_wconf 87' lang='lat' dir='ltr'>Cyprum</span> 
     </span>
    </p>
   </div>
   <div class='ocr_carea' id='block_1_36' title="bbox 317 1873 1964 1953">
    <p class='ocr_par' dir='ltr' id='par_1_36' title="bbox 317 1873 1964 1953">
     <span class='ocr_line' id='line_1_36' title="bbox 317 1873 1964 1953; baseline -0.002 -20"><span class='ocrx_word' id='word_1_240' title='bbox 317 1880 453 1952; x_wconf 80' lang='grc' dir='ltr'>μένη</span> <span class='ocrx_word' id='word_1_241' title='bbox 487 1880 535 1915; x_wconf 71' lang='grc'><strong>⁸⁸</strong></span> <span class='ocrx_word' id='word_1_242' title='bbox 583 1877 799 1953; x_wconf 85' lang='grc' dir='ltr'>γάμων,</span> <span class='ocrx_word' id='word_1_243' title='bbox 842 1876 996 1932; x_wconf 74' lang='grc' dir='ltr'>Οὕτω</span> <span class='ocrx_word' id='word_1_244' title='bbox 1036 1881 1166 1952; x_wconf 79' lang='grc' dir='ltr'>γοῦν</span> <span class='ocrx_word' id='word_1_245' title='bbox 1214 1877 1289 1938; x_wconf 86' lang='grc' dir='ltr'>είς</span> <span class='ocrx_word' id='word_1_246' title='bbox 1344 1875 1483 1951; x_wconf 89' lang='grc' dir='ltr'>μέγα</span> <span class='ocrx_word' id='word_1_247' title='bbox 1531 1873 1692 1948; x_wconf 81' lang='grc' dir='ltr'>δόξης</span> <span class='ocrx_word' id='word_1_248' title='bbox 1726 1873 1964 1930; x_wconf 86' lang='grc' dir='ltr'>ἀνελθὼν</span> 
     </span>
    </p>
   </div>
   <div class='ocr_carea' id='block_1_37' title="bbox 311 1959 1961 2040">
    <p class='ocr_par' dir='ltr' id='par_1_37' title="bbox 311 1959 1961 2040">
     <span class='ocr_line' id='line_1_37' title="bbox 311 1959 1961 2040; baseline -0.003 -17"><span class='ocrx_word' id='word_1_249' title='bbox 311 1966 403 2023; x_wconf 81' lang='grc' dir='ltr'>καὶ</span> <span class='ocrx_word' id='word_1_250' title='bbox 437 1968 528 2022; x_wconf 84' lang='grc' dir='ltr'>τὸν</span> <span class='ocrx_word' id='word_1_251' title='bbox 575 1968 833 2040; x_wconf 77' lang='grc' dir='ltr'>τύραννον</span> <span class='ocrx_word' id='word_1_252' title='bbox 883 1966 1192 2036; x_wconf 83' lang='grc' dir='ltr'>ἀπαξιώσας</span> <span class='ocrx_word' id='word_1_253' title='bbox 1241 1966 1304 2020; x_wconf 86' lang='grc' dir='ltr'>τὸ</span> <span class='ocrx_word' id='word_1_254' title='bbox 1356 1962 1627 2039; x_wconf 86' lang='grc' dir='ltr'>βασιλέως</span> <span class='ocrx_word' id='word_1_255' title='bbox 1671 1959 1961 2020; x_wconf 79' lang='grc' dir='ltr'>ἀντέλαϐεν</span> 
     </span>
    </p>
   </div>
   <div class='ocr_carea' id='block_1_38' title="bbox 310 2051 1962 2132">
    <p class='ocr_par' dir='ltr' id='par_1_38' title="bbox 310 2051 1962 2132">
     <span class='ocr_line' id='line_1_38' title="bbox 310 2051 1962 2132; baseline -0.003 -20"><span class='ocrx_word' id='word_1_256' title='bbox 310 2053 508 2131; x_wconf 77' lang='grc' dir='ltr'>ὄνομα.</span> <span class='ocrx_word' id='word_1_257' title='bbox 544 2059 671 2128; x_wconf 86' lang='grc'>[369</span> <span class='ocrx_word' id='word_1_258' title='bbox 712 2058 804 2129; x_wconf 88' lang='grc' dir='ltr'>Η.]</span> <span class='ocrx_word' id='word_1_259' title='bbox 837 2051 1035 2111; x_wconf 80' lang='grc' dir='ltr'>Φόϐων</span> <span class='ocrx_word' id='word_1_260' title='bbox 1064 2053 1119 2110; x_wconf 79' lang='grc' dir='ltr'>δὲ</span> <span class='ocrx_word' id='word_1_261' title='bbox 1168 2055 1257 2109; x_wconf 83' lang='grc' dir='ltr'>καὶ</span> <span class='ocrx_word' id='word_1_262' title='bbox 1299 2051 1596 2132; x_wconf 76' lang='grc' dir='ltr'>φροντίδων</span> <span class='ocrx_word' id='word_1_263' title='bbox 1652 2051 1962 2129; x_wconf 82' lang='grc' dir='ltr'>ἐλευθεριά-</span> 
     </span>
    </p>
   </div>
   <div class='ocr_carea' id='block_1_39' title="bbox 311 2140 1962 2221">
    <p class='ocr_par' dir='ltr' id='par_1_39' title="bbox 311 2140 1962 2221">
     <span class='ocr_line' id='line_1_39' title="bbox 311 2140 1962 2221; baseline -0.002 -20"><span class='ocrx_word' id='word_1_264' title='bbox 311 2166 408 2207; x_wconf 89' lang='grc' dir='ltr'>σας</span> <span class='ocrx_word' id='word_1_265' title='bbox 476 2146 567 2200; x_wconf 80' lang='grc' dir='ltr'>καὶ</span> <span class='ocrx_word' id='word_1_266' title='bbox 643 2149 763 2208; x_wconf 88' lang='grc' dir='ltr'>ταῖς</span> <span class='ocrx_word' id='word_1_267' title='bbox 842 2145 1232 2220; x_wconf 82' lang='grc' dir='ltr'>καθημερινάῖς</span> <span class='ocrx_word' id='word_1_268' title='bbox 1307 2147 1533 2221; x_wconf 72' lang='grc' dir='ltr'>τρυφαῖς</span> <span class='ocrx_word' id='word_1_269' title='bbox 1601 2140 1962 2214; x_wconf 78' lang='grc' dir='ltr'>ἐκδιαιτηθεῖς</span> 
     </span>
    </p>
   </div>
   <div class='ocr_carea' id='block_1_40' title="bbox 303 2231 1958 2309">
    <p class='ocr_par' dir='ltr' id='par_1_40' title="bbox 303 2231 1958 2309">
     <span class='ocr_line' id='line_1_40' title="bbox 303 2231 1958 2309; baseline -0.001 -20"><span class='ocrx_word' id='word_1_270' title='bbox 303 2233 599 2309; x_wconf 77' lang='grc' dir='ltr'>έξωγκώθη</span> <span class='ocrx_word' id='word_1_271' title='bbox 649 2255 708 2290; x_wconf 84' lang='grc' dir='ltr'>τε</span> <span class='ocrx_word' id='word_1_272' title='bbox 772 2235 834 2289; x_wconf 85' lang='grc' dir='ltr'>τὸ</span> <span class='ocrx_word' id='word_1_273' title='bbox 881 2254 1062 2307; x_wconf 88' lang='grc' dir='ltr'>σωμα,</span> <span class='ocrx_word' id='word_1_274' title='bbox 1112 2234 1200 2288; x_wconf 79' lang='grc' dir='ltr'>καὶ</span> <span class='ocrx_word' id='word_1_275' title='bbox 1259 2237 1356 2288; x_wconf 75' lang='grc' dir='ltr'>τοῦ</span> <span class='ocrx_word' id='word_1_276' title='bbox 1413 2233 1550 2288; x_wconf 83' lang='grc' dir='ltr'>κατᾶ</span> <span class='ocrx_word' id='word_1_277' title='bbox 1601 2231 1756 2309; x_wconf 75' lang='grc' dir='ltr'>φύσιν</span> <span class='ocrx_word' id='word_1_278' title='bbox 1812 2231 1958 2288; x_wconf 78' lang='grc' dir='ltr'>πολὺ</span> 
     </span>
    </p>
   </div>
   <div class='ocr_carea' id='block_1_41' title="bbox 297 2321 1953 2400">
    <p class='ocr_par' dir='ltr' id='par_1_41' title="bbox 297 2321 1953 2400">
     <span class='ocr_line' id='line_1_41' title="bbox 297 2321 1953 2400; baseline -0.003 -22"><span class='ocrx_word' id='word_1_279' title='bbox 297 2323 474 2381; x_wconf 79' lang='grc' dir='ltr'>πλέον</span> <span class='ocrx_word' id='word_1_280' title='bbox 522 2322 812 2394; x_wconf 85' lang='grc' dir='ltr'>έλιπάνθη.</span> <span class='ocrx_word' id='word_1_281' title='bbox 860 2324 972 2400; x_wconf 78' lang='grc' dir='ltr'>Ὑφ’</span> <span class='ocrx_word' id='word_1_282' title='bbox 1022 2324 1094 2377; x_wconf 85' lang='grc' dir='ltr'>ὧν</span> <span class='ocrx_word' id='word_1_283' title='bbox 1144 2321 1205 2378; x_wconf 80' lang='grc' dir='ltr'>οὐ</span> <span class='ocrx_word' id='word_1_284' title='bbox 1242 2323 1406 2396; x_wconf 88' lang='grc' dir='ltr'>μόνον</span> <span class='ocrx_word' id='word_1_285' title='bbox 1453 2324 1576 2398; x_wconf 84' lang='grc' dir='ltr'>περὶ</span> <span class='ocrx_word' id='word_1_286' title='bbox 1624 2325 1724 2393; x_wconf 71' lang='grc' dir='ltr'>τὴν</span> <span class='ocrx_word' id='word_1_287' title='bbox 1775 2323 1953 2398; x_wconf 75' lang='grc' dir='ltr'>ἀρχὴν</span> 
     </span>
    </p>
   </div>
   <div class='ocr_carea' id='block_1_42' title="bbox 296 2408 1952 2489">
    <p class='ocr_par' dir='ltr' id='par_1_42' title="bbox 296 2408 1952 2489">
     <span class='ocr_line' id='line_1_42' title="bbox 296 2408 1952 2489; baseline -0.001 -22"><span class='ocrx_word' id='word_1_288' title='bbox 296 2411 561 2488; x_wconf 69' lang='grc' dir='ltr'>ῥᾳθύμως</span> <span class='ocrx_word' id='word_1_289' title='bbox 613 2413 780 2487; x_wconf 75' lang='grc' dir='ltr'>εἶχεν,</span> <span class='ocrx_word' id='word_1_290' title='bbox 830 2410 978 2467; x_wconf 78' lang='grc' dir='ltr'>ἀλλὰ</span> <span class='ocrx_word' id='word_1_291' title='bbox 1022 2410 1111 2466; x_wconf 87' lang='grc' dir='ltr'>καὶ</span> <span class='ocrx_word' id='word_1_292' title='bbox 1166 2408 1380 2466; x_wconf 81' lang='grc' dir='ltr'>ἐπειδὰν</span> <span class='ocrx_word' id='word_1_293' title='bbox 1440 2412 1798 2489; x_wconf 75' lang='grc' dir='ltr'>άφυπνώσειε,</span> <span class='ocrx_word' id='word_1_294' title='bbox 1860 2413 1952 2485; x_wconf 84' lang='grc' dir='ltr'>βε-</span> 
     </span>
    </p>
   </div>
   <div class='ocr_carea' id='block_1_43' title="bbox 294 2498 1952 2576">
    <p class='ocr_par' dir='ltr' id='par_1_43' title="bbox 294 2498 1952 2576">
     <span class='ocr_line' id='line_1_43' title="bbox 294 2498 1952 2576; baseline -0.001 -19"><span class='ocrx_word' id='word_1_295' title='bbox 294 2501 488 2564; x_wconf 89' lang='grc' dir='ltr'>λόναις</span> <span class='ocrx_word' id='word_1_296' title='bbox 537 2507 771 2576; x_wconf 79' lang='grc' dir='ltr'>μακραῖς</span> <span class='ocrx_word' id='word_1_297' title='bbox 811 2500 872 2557; x_wconf 86' lang='grc' dir='ltr'>τὸ</span> <span class='ocrx_word' id='word_1_298' title='bbox 917 2521 1076 2574; x_wconf 89' lang='grc' dir='ltr'>σωμα</span> <span class='ocrx_word' id='word_1_299' title='bbox 1126 2498 1546 2575; x_wconf 86' lang='grc' dir='ltr'>διαπειρόμενος</span> <span class='ocrx_word' id='word_1_300' title='bbox 1577 2504 1621 2540; x_wconf 70' lang='grc'>³⁸</span> <span class='ocrx_word' id='word_1_301' title='bbox 1679 2504 1808 2575; x_wconf 84' lang='grc'>[712</span> <span class='ocrx_word' id='word_1_302' title='bbox 1857 2503 1952 2574; x_wconf 75' lang='lat' dir='ltr'>H.]</span> 
     </span>
    </p>
   </div>
   <div class='ocr_carea' id='block_1_44' title="bbox 293 2590 1950 2667">
    <p class='ocr_par' dir='ltr' id='par_1_44' title="bbox 293 2590 1950 2667">
     <span class='ocr_line' id='line_1_44' title="bbox 293 2590 1950 2667; baseline -0.001 -21"><span class='ocrx_word' id='word_1_303' title='bbox 293 2595 486 2659; x_wconf 82' lang='grc' dir='ltr'>(τοῦτο</span> <span class='ocrx_word' id='word_1_304' title='bbox 517 2591 620 2667; x_wconf 75' lang='grc' dir='ltr'>γάρ</span> <span class='ocrx_word' id='word_1_305' title='bbox 661 2590 790 2653; x_wconf 79' lang='grc' dir='ltr'>ἄκος</span> <span class='ocrx_word' id='word_1_306' title='bbox 844 2590 1008 2664; x_wconf 87' lang='grc' dir='ltr'>μόνον</span> <span class='ocrx_word' id='word_1_307' title='bbox 1047 2594 1145 2645; x_wconf 78' lang='grc' dir='ltr'>τοῦ</span> <span class='ocrx_word' id='word_1_308' title='bbox 1193 2591 1365 2665; x_wconf 87' lang='grc' dir='ltr'>κάρου</span> <span class='ocrx_word' id='word_1_309' title='bbox 1414 2592 1504 2645; x_wconf 80' lang='grc' dir='ltr'>καὶ</span> <span class='ocrx_word' id='word_1_310' title='bbox 1541 2598 1643 2661; x_wconf 85' lang='grc' dir='ltr'>τῆς</span> <span class='ocrx_word' id='word_1_311' title='bbox 1692 2591 1950 2662; x_wconf 84' lang='grc' dir='ltr'>ἀναισθη-</span> 
     </span>
    </p>
   </div>
   <div class='ocr_carea' id='block_1_45' title="bbox 293 2677 1948 2752">
    <p class='ocr_par' dir='ltr' id='par_1_45' title="bbox 293 2677 1948 2752">
     <span class='ocr_line' id='line_1_45' title="bbox 293 2677 1948 2752; baseline 0 -18"><span class='ocrx_word' id='word_1_312' title='bbox 293 2681 416 2740; x_wconf 88' lang='grc' dir='ltr'>σίας</span> <span class='ocrx_word' id='word_1_313' title='bbox 451 2677 777 2734; x_wconf 84' lang='grc' dir='ltr'>ὑπελείπετο</span> <span class='ocrx_word' id='word_1_314' title='bbox 808 2680 898 2752; x_wconf 70' lang='lat'>2&quot;),</span> <span class='ocrx_word' id='word_1_315' title='bbox 935 2677 1098 2751; x_wconf 88' lang='grc' dir='ltr'>μόλις</span> <span class='ocrx_word' id='word_1_316' title='bbox 1149 2681 1251 2744; x_wconf 81' lang='grc' dir='ltr'>τῆς</span> <span class='ocrx_word' id='word_1_317' title='bbox 1282 2680 1419 2733; x_wconf 86' lang='grc' dir='ltr'>κατὰ</span> <span class='ocrx_word' id='word_1_318' title='bbox 1449 2679 1538 2733; x_wconf 87' lang='grc' dir='ltr'>τὸν</span> <span class='ocrx_word' id='word_1_319' title='bbox 1590 2677 1754 2734; x_wconf 73' lang='grc' dir='ltr'>ὕπνον</span> <span class='ocrx_word' id='word_1_320' title='bbox 1781 2700 1948 2734; x_wconf 87' lang='grc' dir='ltr'>κατα-</span> 
     </span>
    </p>
   </div>
   <div class='ocr_carea' id='block_1_46' title="bbox 292 2766 1950 2845">
    <p class='ocr_par' dir='ltr' id='par_1_46' title="bbox 292 2766 1950 2845">
     <span class='ocr_line' id='line_1_46' title="bbox 292 2766 1950 2845; baseline -0.001 -20"><span class='ocrx_word' id='word_1_321' title='bbox 292 2774 465 2845; x_wconf 74' lang='grc' dir='ltr'>φορᾶς</span> <span class='ocrx_word' id='word_1_322' title='bbox 515 2769 844 2841; x_wconf 75' lang='grc' dir='ltr'>ἐξανίστατο.</span> <span class='ocrx_word' id='word_1_323' title='bbox 884 2767 1300 2841; x_wconf 87' lang='grc' dir='ltr'>Τεκνωσάμενος</span> <span class='ocrx_word' id='word_1_324' title='bbox 1355 2766 1412 2823; x_wconf 76' lang='grc' dir='ltr'>δὲ</span> <span class='ocrx_word' id='word_1_325' title='bbox 1457 2774 1602 2842; x_wconf 85' lang='grc' dir='ltr'>τρεῖς</span> <span class='ocrx_word' id='word_1_326' title='bbox 1651 2767 1845 2831; x_wconf 91' lang='grc' dir='ltr'>παῖδας</span> <span class='ocrx_word' id='word_1_327' title='bbox 1891 2767 1950 2824; x_wconf 83' lang='grc' dir='ltr'>ἐκ</span> 
     </span>
    </p>
   </div>
   <div class='ocr_carea' id='block_1_47' title="bbox 291 2858 1946 2935">
    <p class='ocr_par' dir='ltr' id='par_1_47' title="bbox 291 2858 1946 2935">
     <span class='ocr_line' id='line_1_47' title="bbox 291 2858 1946 2935; baseline -0.001 -19"><span class='ocrx_word' id='word_1_328' title='bbox 291 2865 391 2929; x_wconf 82' lang='grc' dir='ltr'>τῆς</span> <span class='ocrx_word' id='word_1_329' title='bbox 447 2860 780 2935; x_wconf 84' lang='grc' dir='ltr'>Ἀμάστριος</span> <span class='ocrx_word' id='word_1_330' title='bbox 813 2860 880 2928; x_wconf 70' lang='grc' dir='ltr'>ετ,</span> <span class='ocrx_word' id='word_1_331' title='bbox 943 2859 1258 2934; x_wconf 76' lang='grc' dir='ltr'>Κλέαρχον,</span> <span class='ocrx_word' id='word_1_332' title='bbox 1319 2858 1577 2933; x_wconf 80' lang='grc' dir='ltr'>Ὀξάθρην</span> <span class='ocrx_word' id='word_1_333' title='bbox 1632 2859 1723 2914; x_wconf 87' lang='grc' dir='ltr'>καὶ</span> <span class='ocrx_word' id='word_1_334' title='bbox 1780 2861 1946 2933; x_wconf 88' lang='grc' dir='ltr'>θυγα-</span> 
     </span>
    </p>
   </div>
   <div class='ocr_carea' id='block_1_48' title="bbox 290 2945 1942 3023">
    <p class='ocr_par' dir='ltr' id='par_1_48' title="bbox 290 2945 1942 3023">
     <span class='ocr_line' id='line_1_48' title="bbox 290 2945 1942 3023; baseline -0.001 -19"><span class='ocrx_word' id='word_1_335' title='bbox 290 2969 417 3023; x_wconf 86' lang='grc' dir='ltr'>τερα</span> <span class='ocrx_word' id='word_1_336' title='bbox 475 2949 778 3022; x_wconf 85' lang='grc' dir='ltr'>ὁμώνυμον</span> <span class='ocrx_word' id='word_1_337' title='bbox 815 2951 885 3021; x_wconf 76' lang='grc' dir='ltr'>τῇ</span> <span class='ocrx_word' id='word_1_338' title='bbox 940 2950 1130 3022; x_wconf 80' lang='grc' dir='ltr'>μητρὶ,</span> <span class='ocrx_word' id='word_1_339' title='bbox 1174 2945 1395 3021; x_wconf 82' lang='grc' dir='ltr'>μέλλων</span> <span class='ocrx_word' id='word_1_340' title='bbox 1441 2947 1694 3019; x_wconf 82' lang='grc' dir='ltr'>τελευτᾷν</span> <span class='ocrx_word' id='word_1_341' title='bbox 1739 2947 1942 3020; x_wconf 79' lang='grc' dir='ltr'>ταύτην</span> 
     </span>
    </p>
   </div>
   <div class='ocr_carea' id='block_1_49' title="bbox 291 3034 1946 3108">
    <p class='ocr_par' dir='ltr' id='par_1_49' title="bbox 291 3034 1946 3108">
     <span class='ocr_line' id='line_1_49' title="bbox 291 3034 1946 3108; baseline -0.001 -15"><span class='ocrx_word' id='word_1_342' title='bbox 291 3058 347 3093; x_wconf 86' lang='grc' dir='ltr'>τε</span> <span class='ocrx_word' id='word_1_343' title='bbox 383 3042 498 3094; x_wconf 84' lang='grc' dir='ltr'>τῶν</span> <span class='ocrx_word' id='word_1_344' title='bbox 528 3037 675 3094; x_wconf 74' lang='grc' dir='ltr'>ὅλων</span> <span class='ocrx_word' id='word_1_345' title='bbox 707 3035 991 3092; x_wconf 80' lang='grc' dir='ltr'>δέσποιναν</span> <span class='ocrx_word' id='word_1_346' title='bbox 1019 3035 1420 3108; x_wconf 83' lang='grc' dir='ltr'>καταλιμπάνει</span> <span class='ocrx_word' id='word_1_347' title='bbox 1459 3037 1551 3090; x_wconf 83' lang='grc' dir='ltr'>καὶ</span> <span class='ocrx_word' id='word_1_348' title='bbox 1580 3042 1686 3092; x_wconf 83' lang='grc' dir='ltr'>τῶν</span> <span class='ocrx_word' id='word_1_349' title='bbox 1737 3034 1946 3092; x_wconf 83' lang='grc' dir='ltr'>παίδων</span> 
     </span>
    </p>
   </div>
   <div class='ocr_carea' id='block_1_50' title="bbox 2079 1877 3726 1950">
    <p class='ocr_par' dir='ltr' id='par_1_50' title="bbox 2079 1877 3726 1950">
     <span class='ocr_line' id='line_1_50' title="bbox 2079 1877 3726 1950; baseline 0.002 -15"><span class='ocrx_word' id='word_1_350' title='bbox 2079 1878 2460 1950; x_wconf 83' lang='lat' dir='ltr'>oppugnavit,</span> <span class='ocrx_word' id='word_1_351' title='bbox 2518 1880 2575 1932; x_wconf 89' lang='lat' dir='ltr'>et</span> <span class='ocrx_word' id='word_1_352' title='bbox 2632 1877 3031 1947; x_wconf 66' lang='lat' dir='ltr'>Ptolemmum,</span> <span class='ocrx_word' id='word_1_353' title='bbox 3080 1877 3240 1935; x_wconf 87' lang='lat' dir='ltr'>illius</span> <span class='ocrx_word' id='word_1_354' title='bbox 3298 1881 3472 1937; x_wconf 87' lang='lat' dir='ltr'>fratre</span> <span class='ocrx_word' id='word_1_355' title='bbox 3523 1887 3726 1938; x_wconf 89' lang='lat' dir='ltr'>natum</span> 
     </span>
    </p>
   </div>
   <div class='ocr_carea' id='block_1_51' title="bbox 2077 1965 3730 2043">
    <p class='ocr_par' dir='ltr' id='par_1_51' title="bbox 2077 1965 3730 2043">
     <span class='ocr_line' id='line_1_51' title="bbox 2077 1965 3730 2043; baseline 0.002 -19"><span class='ocrx_word' id='word_1_356' title='bbox 2077 1967 2192 2037; x_wconf 91' lang='lat' dir='ltr'>(cui</span> <span class='ocrx_word' id='word_1_357' title='bbox 2221 1965 2578 2038; x_wconf 83' lang='lat' dir='ltr'>Hellesponti</span> <span class='ocrx_word' id='word_1_358' title='bbox 2611 1966 2928 2038; x_wconf 88' lang='lat' dir='ltr'>satrapiam</span> <span class='ocrx_word' id='word_1_359' title='bbox 2961 1969 3355 2041; x_wconf 81' lang='lat' dir='ltr'>commiserat)</span> <span class='ocrx_word' id='word_1_360' title='bbox 3387 1972 3554 2042; x_wconf 87' lang='lat' dir='ltr'>quasi</span> <span class='ocrx_word' id='word_1_361' title='bbox 3587 1989 3730 2043; x_wconf 80' lang='lat' dir='ltr'>prae-</span> 
     </span>
    </p>
   </div>
   <div class='ocr_carea' id='block_1_52' title="bbox 2074 2055 3726 2132">
    <p class='ocr_par' dir='ltr' id='par_1_52' title="bbox 2074 2055 3726 2132">
     <span class='ocr_line' id='line_1_52' title="bbox 2074 2055 3726 2132; baseline 0.004 -21"><span class='ocrx_word' id='word_1_362' title='bbox 2074 2055 2260 2111; x_wconf 91' lang='lat' dir='ltr'>mium</span> <span class='ocrx_word' id='word_1_363' title='bbox 2295 2055 2477 2111; x_wconf 90' lang='lat' dir='ltr'>studii</span> <span class='ocrx_word' id='word_1_364' title='bbox 2503 2055 2595 2110; x_wconf 90' lang='lat' dir='ltr'>sui</span> <span class='ocrx_word' id='word_1_365' title='bbox 2631 2057 2782 2128; x_wconf 91' lang='lat' dir='ltr'>apud</span> <span class='ocrx_word' id='word_1_366' title='bbox 2808 2057 3167 2129; x_wconf 88' lang='lat' dir='ltr'>Antigonum</span> <span class='ocrx_word' id='word_1_367' title='bbox 3198 2057 3436 2126; x_wconf 85' lang='lat' dir='ltr'>invenit,</span> <span class='ocrx_word' id='word_1_368' title='bbox 3465 2065 3528 2115; x_wconf 90' lang='lat' dir='ltr'>ut</span> <span class='ocrx_word' id='word_1_369' title='bbox 3556 2077 3726 2132; x_wconf 89' lang='lat' dir='ltr'>gene-</span> 
     </span>
    </p>
   </div>
   <div class='ocr_carea' id='block_1_53' title="bbox 2073 2143 3718 2218">
    <p class='ocr_par' dir='ltr' id='par_1_53' title="bbox 2073 2143 3718 2218">
     <span class='ocr_line' id='line_1_53' title="bbox 2073 2143 3718 2218; baseline 0.003 -18"><span class='ocrx_word' id='word_1_370' title='bbox 2073 2162 2203 2201; x_wconf 89' lang='lat' dir='ltr'>rum</span> <span class='ocrx_word' id='word_1_371' title='bbox 2231 2143 2401 2200; x_wconf 91' lang='lat' dir='ltr'>illum</span> <span class='ocrx_word' id='word_1_372' title='bbox 2433 2145 2694 2215; x_wconf 86' lang='lat' dir='ltr'>haberet,</span> <span class='ocrx_word' id='word_1_373' title='bbox 2729 2143 2849 2200; x_wconf 91' lang='lat' dir='ltr'>ﬁlia</span> <span class='ocrx_word' id='word_1_374' title='bbox 2879 2161 3006 2217; x_wconf 65' lang='lat' dir='ltr'>quae</span> <span class='ocrx_word' id='word_1_375' title='bbox 3038 2159 3105 2200; x_wconf 85' lang='lat' dir='ltr'>ex</span> <span class='ocrx_word' id='word_1_376' title='bbox 3136 2146 3326 2218; x_wconf 89' lang='lat' dir='ltr'>priore</span> <span class='ocrx_word' id='word_1_377' title='bbox 3368 2147 3556 2205; x_wconf 83' lang='lat' dir='ltr'>fuerat</span> <span class='ocrx_word' id='word_1_378' title='bbox 3586 2165 3718 2205; x_wconf 89' lang='lat' dir='ltr'>sus-</span> 
     </span>
    </p>
   </div>
   <div class='ocr_carea' id='block_1_54' title="bbox 2070 2234 3720 2311">
    <p class='ocr_par' dir='ltr' id='par_1_54' title="bbox 2070 2234 3720 2311">
     <span class='ocr_line' id='line_1_54' title="bbox 2070 2234 3720 2311; baseline 0.002 -19"><span class='ocrx_word' id='word_1_379' title='bbox 2070 2244 2235 2308; x_wconf 86' lang='lat' dir='ltr'>cepta</span> <span class='ocrx_word' id='word_1_380' title='bbox 2266 2235 2558 2305; x_wconf 89' lang='lat' dir='ltr'>conjugio,</span> <span class='ocrx_word' id='word_1_381' title='bbox 2594 2234 2651 2289; x_wconf 91' lang='lat' dir='ltr'>in</span> <span class='ocrx_word' id='word_1_382' title='bbox 2683 2234 3122 2291; x_wconf 86' lang='lat' dir='ltr'>matrimonium</span> <span class='ocrx_word' id='word_1_383' title='bbox 3155 2236 3206 2291; x_wconf 93' lang='lat' dir='ltr'>ei</span> <span class='ocrx_word' id='word_1_384' title='bbox 3250 2237 3486 2293; x_wconf 90' lang='lat' dir='ltr'>elocata.</span> <span class='ocrx_word' id='word_1_385' title='bbox 3522 2241 3720 2311; x_wconf 85' lang='lat' dir='ltr'>Itaque</span> 
     </span>
    </p>
   </div>
   <div class='ocr_carea' id='block_1_55' title="bbox 2069 2324 3714 2399">
    <p class='ocr_par' dir='ltr' id='par_1_55' title="bbox 2069 2324 3714 2399">
     <span class='ocr_line' id='line_1_55' title="bbox 2069 2324 3714 2399; baseline 0.002 -18"><span class='ocrx_word' id='word_1_386' title='bbox 2069 2328 2140 2382; x_wconf 93' lang='lat' dir='ltr'>ad</span> <span class='ocrx_word' id='word_1_387' title='bbox 2175 2341 2448 2396; x_wconf 82' lang='lat' dir='ltr'>magnam</span> <span class='ocrx_word' id='word_1_388' title='bbox 2480 2324 2663 2381; x_wconf 88' lang='lat' dir='ltr'>elatus</span> <span class='ocrx_word' id='word_1_389' title='bbox 2710 2324 2980 2397; x_wconf 88' lang='lat' dir='ltr'>gloriam,</span> <span class='ocrx_word' id='word_1_390' title='bbox 3010 2327 3240 2399; x_wconf 84' lang='lat' dir='ltr'>tyranni</span> <span class='ocrx_word' id='word_1_391' title='bbox 3288 2344 3502 2384; x_wconf 90' lang='lat' dir='ltr'>nomen</span> <span class='ocrx_word' id='word_1_392' title='bbox 3552 2329 3714 2384; x_wconf 89' lang='lat' dir='ltr'>dedi-</span> 
     </span>
    </p>
   </div>
   <div class='ocr_carea' id='block_1_56' title="bbox 2065 2412 3718 2487">
    <p class='ocr_par' dir='ltr' id='par_1_56' title="bbox 2065 2412 3718 2487">
     <span class='ocr_line' id='line_1_56' title="bbox 2065 2412 3718 2487; baseline 0.001 -17"><span class='ocrx_word' id='word_1_393' title='bbox 2065 2419 2300 2487; x_wconf 89' lang='lat' dir='ltr'>gnatur,</span> <span class='ocrx_word' id='word_1_394' title='bbox 2334 2417 2391 2469; x_wconf 89' lang='lat' dir='ltr'>et</span> <span class='ocrx_word' id='word_1_395' title='bbox 2429 2412 2584 2485; x_wconf 88' lang='lat' dir='ltr'>regis</span> <span class='ocrx_word' id='word_1_396' title='bbox 2614 2413 2874 2469; x_wconf 87' lang='lat' dir='ltr'>assumit.</span> <span class='ocrx_word' id='word_1_397' title='bbox 2907 2414 3155 2484; x_wconf 89' lang='lat' dir='ltr'>Jamque</span> <span class='ocrx_word' id='word_1_398' title='bbox 3187 2419 3344 2470; x_wconf 86' lang='lat' dir='ltr'>metu</span> <span class='ocrx_word' id='word_1_399' title='bbox 3376 2419 3433 2471; x_wconf 90' lang='lat' dir='ltr'>et</span> <span class='ocrx_word' id='word_1_400' title='bbox 3462 2416 3619 2473; x_wconf 91' lang='lat' dir='ltr'>curis</span> <span class='ocrx_word' id='word_1_401' title='bbox 3652 2416 3718 2472; x_wconf 91' lang='lat' dir='ltr'>li-</span> 
     </span>
    </p>
   </div>
   <div class='ocr_carea' id='block_1_57' title="bbox 2065 2501 3715 2576">
    <p class='ocr_par' dir='ltr' id='par_1_57' title="bbox 2065 2501 3715 2576">
     <span class='ocr_line' id='line_1_57' title="bbox 2065 2501 3715 2576; baseline 0 -17"><span class='ocrx_word' id='word_1_402' title='bbox 2065 2503 2324 2568; x_wconf 89' lang='lat' dir='ltr'>beratus,</span> <span class='ocrx_word' id='word_1_403' title='bbox 2358 2517 2490 2557; x_wconf 92' lang='lat' dir='ltr'>cum</span> <span class='ocrx_word' id='word_1_404' title='bbox 2531 2502 2591 2557; x_wconf 93' lang='lat' dir='ltr'>in</span> <span class='ocrx_word' id='word_1_405' title='bbox 2625 2501 2981 2572; x_wconf 88' lang='lat' dir='ltr'>quotidianis</span> <span class='ocrx_word' id='word_1_406' title='bbox 3021 2503 3196 2558; x_wconf 87' lang='lat' dir='ltr'>vitam</span> <span class='ocrx_word' id='word_1_407' title='bbox 3228 2503 3450 2558; x_wconf 89' lang='lat' dir='ltr'>deliciis</span> <span class='ocrx_word' id='word_1_408' title='bbox 3493 2510 3715 2576; x_wconf 88' lang='lat' dir='ltr'>ageret,</span> 
     </span>
    </p>
   </div>
   <div class='ocr_carea' id='block_1_58' title="bbox 2061 2591 3714 2664">
    <p class='ocr_par' dir='ltr' id='par_1_58' title="bbox 2061 2591 3714 2664">
     <span class='ocr_line' id='line_1_58' title="bbox 2061 2591 3714 2664; baseline 0.001 -18"><span class='ocrx_word' id='word_1_409' title='bbox 2061 2592 2122 2647; x_wconf 93' lang='lat' dir='ltr'>in</span> <span class='ocrx_word' id='word_1_410' title='bbox 2171 2607 2430 2646; x_wconf 88' lang='lat' dir='ltr'>crassam</span> <span class='ocrx_word' id='word_1_411' title='bbox 2479 2591 2735 2660; x_wconf 88' lang='lat' dir='ltr'>corporis</span> <span class='ocrx_word' id='word_1_412' title='bbox 2788 2591 2994 2646; x_wconf 90' lang='lat' dir='ltr'>molem</span> <span class='ocrx_word' id='word_1_413' title='bbox 3047 2592 3317 2659; x_wconf 87' lang='lat' dir='ltr'>excrevit,</span> <span class='ocrx_word' id='word_1_414' title='bbox 3362 2592 3714 2664; x_wconf 87' lang='lat' dir='ltr'>pinguedine</span> 
     </span>
    </p>
   </div>
   <div class='ocr_carea' id='block_1_59' title="bbox 2060 2679 3711 2751">
    <p class='ocr_par' dir='ltr' id='par_1_59' title="bbox 2060 2679 3711 2751">
     <span class='ocr_line' id='line_1_59' title="bbox 2060 2679 3711 2751; baseline 0.001 -14"><span class='ocrx_word' id='word_1_415' title='bbox 2060 2697 2240 2751; x_wconf 82' lang='lat' dir='ltr'>supra</span> <span class='ocrx_word' id='word_1_416' title='bbox 2264 2685 2487 2736; x_wconf 76' lang='lat' dir='ltr'>naturae</span> <span class='ocrx_word' id='word_1_417' title='bbox 2511 2681 2740 2734; x_wconf 84' lang='lat' dir='ltr'>modum</span> <span class='ocrx_word' id='word_1_418' title='bbox 2773 2680 3076 2735; x_wconf 86' lang='lat' dir='ltr'>adauctus.</span> <span class='ocrx_word' id='word_1_419' title='bbox 3102 2679 3264 2735; x_wconf 91' lang='lat' dir='ltr'>Unde</span> <span class='ocrx_word' id='word_1_420' title='bbox 3284 2680 3472 2737; x_wconf 89' lang='lat' dir='ltr'>evenit</span> <span class='ocrx_word' id='word_1_421' title='bbox 3502 2687 3566 2736; x_wconf 92' lang='lat' dir='ltr'>ut</span> <span class='ocrx_word' id='word_1_422' title='bbox 3596 2699 3711 2738; x_wconf 91' lang='lat' dir='ltr'>non</span> 
     </span>
    </p>
   </div>
   <div class='ocr_carea' id='block_1_60' title="bbox 2059 2767 3708 2842">
    <p class='ocr_par' dir='ltr' id='par_1_60' title="bbox 2059 2767 3708 2842">
     <span class='ocr_line' id='line_1_60' title="bbox 2059 2767 3708 2842; baseline 0.001 -16"><span class='ocrx_word' id='word_1_423' title='bbox 2059 2771 2235 2826; x_wconf 89' lang='lat' dir='ltr'>modo</span> <span class='ocrx_word' id='word_1_424' title='bbox 2266 2769 2626 2842; x_wconf 86' lang='lat' dir='ltr'>negligenter</span> <span class='ocrx_word' id='word_1_425' title='bbox 2641 2783 2889 2840; x_wconf 86' lang='lat' dir='ltr'>regnum</span> <span class='ocrx_word' id='word_1_426' title='bbox 2920 2767 3376 2836; x_wconf 80' lang='lat' dir='ltr'>administraret,</span> <span class='ocrx_word' id='word_1_427' title='bbox 3402 2769 3504 2825; x_wconf 89' lang='lat' dir='ltr'>sed</span> <span class='ocrx_word' id='word_1_428' title='bbox 3532 2769 3708 2827; x_wconf 88' lang='lat' dir='ltr'>etiam</span> 
     </span>
    </p>
   </div>
   <div class='ocr_carea' id='block_1_61' title="bbox 2058 2856 3711 2932">
    <p class='ocr_par' dir='ltr' id='par_1_61' title="bbox 2058 2856 3711 2932">
     <span class='ocr_line' id='line_1_61' title="bbox 2058 2856 3711 2932; baseline 0 -16"><span class='ocrx_word' id='word_1_429' title='bbox 2058 2875 2262 2916; x_wconf 86' lang='lat' dir='ltr'>somno</span> <span class='ocrx_word' id='word_1_430' title='bbox 2308 2874 2644 2932; x_wconf 81' lang='lat' dir='ltr'>oppressus,</span> <span class='ocrx_word' id='word_1_431' title='bbox 2679 2857 2942 2926; x_wconf 89' lang='lat' dir='ltr'>aciculis,</span> <span class='ocrx_word' id='word_1_432' title='bbox 2971 2856 3108 2914; x_wconf 90' lang='lat' dir='ltr'>licet</span> <span class='ocrx_word' id='word_1_433' title='bbox 3151 2858 3441 2931; x_wconf 86' lang='lat' dir='ltr'>oblongis,</span> <span class='ocrx_word' id='word_1_434' title='bbox 3477 2861 3534 2916; x_wconf 91' lang='lat' dir='ltr'>in</span> <span class='ocrx_word' id='word_1_435' title='bbox 3581 2877 3711 2918; x_wconf 89' lang='lat' dir='ltr'>cor-</span> 
     </span>
    </p>
   </div>
   <div class='ocr_carea' id='block_1_62' title="bbox 2059 2946 3710 3022">
    <p class='ocr_par' dir='ltr' id='par_1_62' title="bbox 2059 2946 3710 3022">
     <span class='ocr_line' id='line_1_62' title="bbox 2059 2946 3710 3022; baseline 0.001 -17"><span class='ocrx_word' id='word_1_436' title='bbox 2059 2965 2196 3020; x_wconf 90' lang='lat' dir='ltr'>pore</span> <span class='ocrx_word' id='word_1_437' title='bbox 2223 2948 2349 3003; x_wconf 86' lang='lat' dir='ltr'>fixis</span> <span class='ocrx_word' id='word_1_438' title='bbox 2381 2949 2460 3019; x_wconf 93' lang='lat' dir='ltr'>(id</span> <span class='ocrx_word' id='word_1_439' title='bbox 2494 2947 2651 3003; x_wconf 91' lang='lat' dir='ltr'>enim</span> <span class='ocrx_word' id='word_1_440' title='bbox 2673 2946 2864 3002; x_wconf 91' lang='lat' dir='ltr'>solum</span> <span class='ocrx_word' id='word_1_441' title='bbox 2895 2947 3111 3003; x_wconf 90' lang='lat' dir='ltr'>veterni</span> <span class='ocrx_word' id='word_1_442' title='bbox 3142 2956 3194 3002; x_wconf 86' lang='lat' dir='ltr'>et</span> <span class='ocrx_word' id='word_1_443' title='bbox 3217 2949 3476 3020; x_wconf 90' lang='lat' dir='ltr'>stuporis</span> <span class='ocrx_word' id='word_1_444' title='bbox 3507 2967 3710 3022; x_wconf 86' lang='lat' dir='ltr'>super-</span> 
     </span>
    </p>
   </div>
   <div class='ocr_carea' id='block_1_63' title="bbox 2059 3036 3708 3110">
    <p class='ocr_par' dir='ltr' id='par_1_63' title="bbox 2059 3036 3708 3110">
     <span class='ocr_line' id='line_1_63' title="bbox 2059 3036 3708 3110; baseline 0 -15"><span class='ocrx_word' id='word_1_445' title='bbox 2059 3045 2182 3095; x_wconf 87' lang='lat' dir='ltr'>erat</span> <span class='ocrx_word' id='word_1_446' title='bbox 2234 3036 2574 3109; x_wconf 90' lang='lat' dir='ltr'>remedium)</span> <span class='ocrx_word' id='word_1_447' title='bbox 2623 3036 2719 3091; x_wconf 85' lang='lat' dir='ltr'>vix</span> <span class='ocrx_word' id='word_1_448' title='bbox 2774 3039 2970 3092; x_wconf 87' lang='lat' dir='ltr'>tamen</span> <span class='ocrx_word' id='word_1_449' title='bbox 3027 3053 3062 3091; x_wconf 87' lang='lat' dir='ltr'>a</span> <span class='ocrx_word' id='word_1_450' title='bbox 3118 3037 3346 3108; x_wconf 90' lang='lat' dir='ltr'>soporis</span> <span class='ocrx_word' id='word_1_451' title='bbox 3395 3040 3708 3110; x_wconf 86' lang='lat' dir='ltr'>gravedine</span> 
     </span>
    </p>
   </div>
   <div class='ocr_carea' id='block_1_64' title="bbox 290 3088 1952 3201">
    <p class='ocr_par' dir='ltr' id='par_1_64' title="bbox 290 3121 1946 3201">
     <span class='ocr_line' id='line_1_64' title="bbox 290 3121 1946 3201; baseline 0.001 -21"><span class='ocrx_word' id='word_1_452' title='bbox 290 3125 501 3201; x_wconf 78' lang='grc' dir='ltr'>κομιδῇ</span> <span class='ocrx_word' id='word_1_453' title='bbox 541 3125 750 3197; x_wconf 90' lang='grc' dir='ltr'>νηπίων</span> <span class='ocrx_word' id='word_1_454' title='bbox 807 3121 976 3180; x_wconf 76' lang='grc' dir='ltr'>ὄντων</span> <span class='ocrx_word' id='word_1_455' title='bbox 1019 3123 1114 3180; x_wconf 82' lang='grc' dir='ltr'>σόν</span> <span class='ocrx_word' id='word_1_456' title='bbox 1172 3146 1312 3180; x_wconf 90' lang='grc' dir='ltr'>τισιν</span> <span class='ocrx_word' id='word_1_457' title='bbox 1370 3123 1575 3198; x_wconf 72' lang='grc' dir='ltr'>ἑτέροις</span> <span class='ocrx_word' id='word_1_458' title='bbox 1627 3124 1946 3196; x_wconf 81' lang='grc' dir='ltr'>ἐπίτροπον,</span> 
     </span>
    </p>
   </div>
   <div class='ocr_carea' id='block_1_65' title="bbox 2066 3088 3709 3201">
    <p class='ocr_par' dir='ltr' id='par_1_65' title="bbox 2066 3088 3709 3184">
     <span class='ocr_line' id='line_1_65' title="bbox 2066 3088 3707 3110; baseline 0 -16"><span class='ocrx_word' id='word_1_459' title='bbox 2066 3088 2181 3095; x_wconf 76' lang='lat'>--_-</span> <span class='ocrx_word' id='word_1_460' title='bbox 2234 3088 2572 3109; x_wconf 52' lang='lat'>_-__-_-,_--,</span> <span class='ocrx_word' id='word_1_461' title='bbox 2783 3088 2970 3092; x_wconf 24' lang='lat'>,___--_</span> <span class='ocrx_word' id='word_1_462' title='bbox 3032 3088 3060 3091; x_wconf 37' lang='grc' dir='ltr'>ε</span> <span class='ocrx_word' id='word_1_463' title='bbox 3395 3088 3707 3110; x_wconf 73' lang='grc' dir='ltr'>ο--.-----</span> 
     </span>
     <span class='ocr_line' id='line_1_66' title="bbox 2066 3123 3709 3184; baseline 0 -1"><span class='ocrx_word' id='word_1_464' title='bbox 2066 3126 2539 3184; x_wconf 79' lang='lat' dir='ltr'>sxsuscitaretur.</span> <span class='ocrx_word' id='word_1_465' title='bbox 2587 3123 2797 3180; x_wconf 89' lang='lat' dir='ltr'>Tribus</span> <span class='ocrx_word' id='word_1_466' title='bbox 2845 3131 3037 3180; x_wconf 91' lang='lat' dir='ltr'>autem</span> <span class='ocrx_word' id='word_1_467' title='bbox 3085 3140 3154 3180; x_wconf 85' lang='lat' dir='ltr'>ex</span> <span class='ocrx_word' id='word_1_468' title='bbox 3201 3127 3456 3182; x_wconf 79' lang='lat' dir='ltr'>Amastri</span> <span class='ocrx_word' id='word_1_469' title='bbox 3509 3127 3709 3184; x_wconf 88' lang='lat' dir='ltr'>liberis</span> 
     </span>
    </p>
   </div>
   <div class='ocr_carea' id='block_1_66' title="bbox 291 3211 1949 3292">
    <p class='ocr_par' dir='ltr' id='par_1_66' title="bbox 291 3211 1949 3292">
     <span class='ocr_line' id='line_1_67' title="bbox 291 3211 1949 3292; baseline 0 -22"><span class='ocrx_word' id='word_1_470' title='bbox 291 3218 448 3292; x_wconf 78' lang='grc' dir='ltr'>βιοὺς</span> <span class='ocrx_word' id='word_1_471' title='bbox 493 3217 590 3290; x_wconf 76' lang='grc' dir='ltr'>μὲν</span> <span class='ocrx_word' id='word_1_472' title='bbox 626 3211 720 3287; x_wconf 82' lang='grc' dir='ltr'>ἔτη</span> <span class='ocrx_word' id='word_1_473' title='bbox 764 3216 802 3270; x_wconf 88' lang='grc' dir='ltr'>ε’</span> <span class='ocrx_word' id='word_1_474' title='bbox 829 3217 919 3270; x_wconf 84' lang='grc' dir='ltr'>καὶ</span> <span class='ocrx_word' id='word_1_475' title='bbox 961 3237 1019 3284; x_wconf 92' lang='grc' dir='ltr'>ν,</span> <span class='ocrx_word' id='word_1_476' title='bbox 1053 3215 1127 3269; x_wconf 87' lang='grc' dir='ltr'>ὦν</span> <span class='ocrx_word' id='word_1_477' title='bbox 1160 3213 1248 3269; x_wconf 79' lang='grc' dir='ltr'>ἐπὶ</span> <span class='ocrx_word' id='word_1_478' title='bbox 1277 3221 1378 3286; x_wconf 78' lang='grc' dir='ltr'>τῆς</span> <span class='ocrx_word' id='word_1_479' title='bbox 1420 3215 1600 3290; x_wconf 81' lang='grc' dir='ltr'>ἀρχῆς</span> <span class='ocrx_word' id='word_1_480' title='bbox 1627 3215 1678 3270; x_wconf 87' lang='grc' dir='ltr'>λ’</span> <span class='ocrx_word' id='word_1_481' title='bbox 1722 3215 1949 3292; x_wconf 80' lang='grc' dir='ltr'>ἐγνωρί-</span> 
     </span>
    </p>
   </div>
   <div class='ocr_carea' id='block_1_67' title="bbox 2060 3214 3706 3289">
    <p class='ocr_par' dir='ltr' id='par_1_67' title="bbox 2060 3214 3706 3289">
     <span class='ocr_line' id='line_1_68' title="bbox 2060 3214 3706 3289; baseline -0.001 -16"><span class='ocrx_word' id='word_1_482' title='bbox 2060 3218 2171 3274; x_wconf 88' lang='lat' dir='ltr'>sibi</span> <span class='ocrx_word' id='word_1_483' title='bbox 2205 3216 2543 3289; x_wconf 85' lang='lat' dir='ltr'>procreatis,</span> <span class='ocrx_word' id='word_1_484' title='bbox 2570 3214 2871 3283; x_wconf 86' lang='lat' dir='ltr'>Clearcho,</span> <span class='ocrx_word' id='word_1_485' title='bbox 2902 3215 3174 3285; x_wconf 87' lang='lat' dir='ltr'>Oxathre,</span> <span class='ocrx_word' id='word_1_486' title='bbox 3207 3225 3260 3272; x_wconf 91' lang='lat' dir='ltr'>et</span> <span class='ocrx_word' id='word_1_487' title='bbox 3290 3215 3411 3272; x_wconf 88' lang='lat' dir='ltr'>ﬁlia</span> <span class='ocrx_word' id='word_1_488' title='bbox 3441 3217 3706 3288; x_wconf 89' lang='lat' dir='ltr'>ejusdem</span> 
     </span>
    </p>
   </div>
   <div class='ocr_carea' id='block_1_68' title="bbox 289 3303 1952 3381">
    <p class='ocr_par' dir='ltr' id='par_1_68' title="bbox 289 3303 1947 3381">
     <span class='ocr_line' id='line_1_69' title="bbox 289 3303 1947 3381; baseline -0.001 -19"><span class='ocrx_word' id='word_1_489' title='bbox 289 3312 436 3377; x_wconf 74' lang='grc' dir='ltr'>ζετο,</span> <span class='ocrx_word' id='word_1_490' title='bbox 517 3305 826 3380; x_wconf 86' lang='grc' dir='ltr'>πραότατος</span> <span class='ocrx_word' id='word_1_491' title='bbox 883 3304 935 3360; x_wconf 80' lang='grc' dir='ltr'>ἐν</span> <span class='ocrx_word' id='word_1_492' title='bbox 1021 3304 1182 3379; x_wconf 71' lang='grc' dir='ltr'>αὐτῇ,</span> <span class='ocrx_word' id='word_1_493' title='bbox 1241 3304 1316 3366; x_wconf 86' lang='grc' dir='ltr'>ὡς</span> <span class='ocrx_word' id='word_1_494' title='bbox 1405 3303 1638 3380; x_wconf 74' lang='grc' dir='ltr'>εἴρηται,</span> <span class='ocrx_word' id='word_1_495' title='bbox 1714 3308 1947 3381; x_wconf 87' lang='grc' dir='ltr'>γεγονὼς</span> 
     </span>
    </p>
   </div>
   <div class='ocr_carea' id='block_1_69' title="bbox 2066 3303 3706 3381">
    <p class='ocr_par' dir='ltr' id='par_1_69' title="bbox 2066 3304 3706 3377">
     <span class='ocr_line' id='line_1_70' title="bbox 2066 3304 3706 3377; baseline -0.001 -14"><span class='ocrx_word' id='word_1_496' title='bbox 2066 3323 2185 3364; x_wconf 81' lang='lat' dir='ltr'>cum</span> <span class='ocrx_word' id='word_1_497' title='bbox 2219 3311 2403 3363; x_wconf 90' lang='lat' dir='ltr'>matre</span> <span class='ocrx_word' id='word_1_498' title='bbox 2435 3304 2713 3374; x_wconf 89' lang='lat' dir='ltr'>nominis,</span> <span class='ocrx_word' id='word_1_499' title='bbox 2740 3305 2864 3375; x_wconf 87' lang='lat' dir='ltr'>jam</span> <span class='ocrx_word' id='word_1_500' title='bbox 2898 3305 3068 3361; x_wconf 89' lang='lat' dir='ltr'>morti</span> <span class='ocrx_word' id='word_1_501' title='bbox 3117 3304 3506 3377; x_wconf 89' lang='lat' dir='ltr'>propinquus,</span> <span class='ocrx_word' id='word_1_502' title='bbox 3541 3308 3706 3362; x_wconf 90' lang='lat' dir='ltr'>uxori</span> 
     </span>
    </p>
   </div>
   <div class='ocr_carea' id='block_1_70' title="bbox 282 3391 1952 3470">
    <p class='ocr_par' dir='ltr' id='par_1_70' title="bbox 282 3391 1940 3470">
     <span class='ocr_line' id='line_1_71' title="bbox 282 3391 1940 3470; baseline -0.001 -19"><span class='ocrx_word' id='word_1_503' title='bbox 282 3395 372 3451; x_wconf 84' lang='grc' dir='ltr'>καὶ</span> <span class='ocrx_word' id='word_1_504' title='bbox 431 3395 496 3449; x_wconf 85' lang='grc' dir='ltr'>τὸ</span> <span class='ocrx_word' id='word_1_505' title='bbox 553 3397 802 3470; x_wconf 80' lang='grc' dir='ltr'>Χρηστὸς</span> <span class='ocrx_word' id='word_1_506' title='bbox 867 3392 1157 3462; x_wconf 77' lang='grc' dir='ltr'>ἐπίκλησιν</span> <span class='ocrx_word' id='word_1_507' title='bbox 1216 3391 1276 3449; x_wconf 72' lang='grc' dir='ltr'>ἐκ</span> <span class='ocrx_word' id='word_1_508' title='bbox 1331 3398 1442 3449; x_wconf 82' lang='grc' dir='ltr'>τῶν</span> <span class='ocrx_word' id='word_1_509' title='bbox 1516 3395 1662 3465; x_wconf 82' lang='grc' dir='ltr'>ἠθῶν</span> <span class='ocrx_word' id='word_1_510' title='bbox 1721 3394 1940 3470; x_wconf 82' lang='grc' dir='ltr'>ἐνεγκά-</span> 
     </span>
    </p>
   </div>
   <div class='ocr_carea' id='block_1_71' title="bbox 2066 3391 3707 3470">
    <p class='ocr_par' dir='ltr' id='par_1_71' title="bbox 2066 3394 3707 3468">
     <span class='ocr_line' id='line_1_72' title="bbox 2066 3394 3707 3468; baseline 0 -16"><span class='ocrx_word' id='word_1_511' title='bbox 2066 3394 2623 3452; x_wconf 59' lang='lat' dir='ltr'>administrationem</span> <span class='ocrx_word' id='word_1_512' title='bbox 2694 3397 2984 3462; x_wconf 87' lang='lat' dir='ltr'>cunctam,</span> <span class='ocrx_word' id='word_1_513' title='bbox 3058 3399 3115 3450; x_wconf 90' lang='lat' dir='ltr'>et</span> <span class='ocrx_word' id='word_1_514' title='bbox 3197 3395 3536 3462; x_wconf 90' lang='lat' dir='ltr'>liberorum,</span> <span class='ocrx_word' id='word_1_515' title='bbox 3605 3397 3707 3468; x_wconf 91' lang='lat' dir='ltr'>qui</span> 
     </span>
    </p>
   </div>
   <div class='ocr_carea' id='block_1_72' title="bbox 279 3482 1952 3562">
    <p class='ocr_par' dir='ltr' id='par_1_72' title="bbox 279 3482 1939 3562">
     <span class='ocr_line' id='line_1_73' title="bbox 279 3482 1939 3562; baseline -0.001 -21"><span class='ocrx_word' id='word_1_516' title='bbox 279 3505 468 3558; x_wconf 87' lang='grc' dir='ltr'>μενος,</span> <span class='ocrx_word' id='word_1_517' title='bbox 519 3485 611 3540; x_wconf 77' lang='grc' dir='ltr'>καὶ</span> <span class='ocrx_word' id='word_1_518' title='bbox 663 3483 837 3540; x_wconf 79' lang='grc' dir='ltr'>πολὺν</span> <span class='ocrx_word' id='word_1_519' title='bbox 886 3483 1056 3539; x_wconf 90' lang='grc' dir='ltr'>πόθον</span> <span class='ocrx_word' id='word_1_520' title='bbox 1095 3487 1214 3546; x_wconf 86' lang='grc' dir='ltr'>τοῖς</span> <span class='ocrx_word' id='word_1_521' title='bbox 1262 3482 1364 3538; x_wconf 82' lang='grc' dir='ltr'>ὑπὸ</span> <span class='ocrx_word' id='word_1_522' title='bbox 1413 3488 1576 3562; x_wconf 88' lang='grc' dir='ltr'>χεῖρα</span> <span class='ocrx_word' id='word_1_523' title='bbox 1605 3485 1693 3540; x_wconf 83' lang='grc' dir='ltr'>καὶ</span> <span class='ocrx_word' id='word_1_524' title='bbox 1744 3484 1939 3548; x_wconf 86' lang='grc' dir='ltr'>πένθος</span> 
     </span>
    </p>
   </div>
   <div class='ocr_carea' id='block_1_73' title="bbox 2066 3482 3700 3562">
    <p class='ocr_par' dir='ltr' id='par_1_73' title="bbox 2066 3483 3700 3557">
     <span class='ocr_line' id='line_1_74' title="bbox 2066 3483 3700 3557; baseline -0.001 -14"><span class='ocrx_word' id='word_1_525' title='bbox 2066 3487 2240 3543; x_wconf 77' lang='lat' dir='ltr'>tdhuc</span> <span class='ocrx_word' id='word_1_526' title='bbox 2273 3493 2481 3542; x_wconf 74' lang='lat' dir='ltr'>teneras</span> <span class='ocrx_word' id='word_1_527' title='bbox 2512 3484 2832 3540; x_wconf 90' lang='lat' dir='ltr'>admodum</span> <span class='ocrx_word' id='word_1_528' title='bbox 2863 3483 3050 3540; x_wconf 65' lang='lat' dir='ltr'>etatis</span> <span class='ocrx_word' id='word_1_529' title='bbox 3081 3488 3270 3551; x_wconf 90' lang='lat' dir='ltr'>erant,</span> <span class='ocrx_word' id='word_1_530' title='bbox 3301 3484 3543 3541; x_wconf 89' lang='lat' dir='ltr'>tutelam</span> <span class='ocrx_word' id='word_1_531' title='bbox 3575 3487 3700 3557; x_wconf 88' lang='lat' dir='ltr'>(ad-</span> 
     </span>
    </p>
   </div>
   <div class='ocr_carea' id='block_1_74' title="bbox 276 3571 3700 3646">
    <p class='ocr_par' dir='ltr' id='par_1_74' title="bbox 276 3571 3700 3646">
     <span class='ocr_line' id='line_1_75' title="bbox 276 3571 3700 3646; baseline 0 -18"><span class='ocrx_word' id='word_1_532' title='bbox 276 3571 486 3629; x_wconf 86' lang='grc' dir='ltr'>λιπών.</span> <span class='ocrx_word' id='word_1_533' title='bbox 2039 3575 2258 3646; x_wconf 84' lang='lat' dir='ltr'>junctis</span> <span class='ocrx_word' id='word_1_534' title='bbox 2308 3573 2668 3646; x_wconf 89' lang='lat' dir='ltr'>quibusdam</span> <span class='ocrx_word' id='word_1_535' title='bbox 2718 3573 2872 3644; x_wconf 86' lang='lat' dir='ltr'>aliis)</span> <span class='ocrx_word' id='word_1_536' title='bbox 2920 3572 3244 3643; x_wconf 87' lang='lat' dir='ltr'>relinquit:</span> <span class='ocrx_word' id='word_1_537' title='bbox 3296 3590 3428 3629; x_wconf 92' lang='lat' dir='ltr'>cum</span> <span class='ocrx_word' id='word_1_538' title='bbox 3466 3573 3700 3630; x_wconf 71' lang='lat' dir='ltr'>vixisset</span> 
     </span>
    </p>
   </div>
   <div class='ocr_carea' id='block_1_75' title="bbox 273 3661 3698 3734">
    <p class='ocr_par' dir='ltr' id='par_1_75' title="bbox 273 3661 3698 3734">
     <span class='ocr_line' id='line_1_76' title="bbox 273 3661 3698 3734; baseline -0.001 -14"><span class='ocrx_word' id='word_1_539' title='bbox 273 3680 470 3721; x_wconf 82' lang='lat' dir='ltr'>annos</span> <span class='ocrx_word' id='word_1_540' title='bbox 502 3680 590 3731; x_wconf 86' lang='lat' dir='ltr'>Lv,</span> <span class='ocrx_word' id='word_1_541' title='bbox 622 3664 680 3719; x_wconf 92' lang='lat' dir='ltr'>in</span> <span class='ocrx_word' id='word_1_542' title='bbox 713 3663 958 3734; x_wconf 90' lang='lat' dir='ltr'>imperio</span> <span class='ocrx_word' id='word_1_543' title='bbox 999 3667 1192 3719; x_wconf 88' lang='lat' dir='ltr'>autem</span> <span class='ocrx_word' id='word_1_544' title='bbox 1243 3663 1599 3734; x_wconf 87' lang='lat' dir='ltr'>conspicuus</span> <span class='ocrx_word' id='word_1_545' title='bbox 1643 3664 1845 3720; x_wconf 86' lang='lat' dir='ltr'>fuisset</span> <span class='ocrx_word' id='word_1_546' title='bbox 1876 3679 2013 3731; x_wconf 84' lang='lat' dir='ltr'>xxx,</span> <span class='ocrx_word' id='word_1_547' title='bbox 2062 3665 2122 3719; x_wconf 93' lang='lat' dir='ltr'>in</span> <span class='ocrx_word' id='word_1_548' title='bbox 2157 3680 2272 3734; x_wconf 92' lang='lat' dir='ltr'>quo</span> <span class='ocrx_word' id='word_1_549' title='bbox 2324 3679 2386 3719; x_wconf 90' lang='lat' dir='ltr'>se</span> <span class='ocrx_word' id='word_1_550' title='bbox 2433 3661 2815 3717; x_wconf 88' lang='lat' dir='ltr'>mitissimum</span> <span class='ocrx_word' id='word_1_551' title='bbox 2845 3661 3024 3732; x_wconf 90' lang='lat' dir='ltr'>(quod</span> <span class='ocrx_word' id='word_1_552' title='bbox 3077 3661 3219 3733; x_wconf 83' lang='lat' dir='ltr'>dixi)</span> <span class='ocrx_word' id='word_1_553' title='bbox 3265 3662 3468 3733; x_wconf 87' lang='lat' dir='ltr'>gessit,</span> <span class='ocrx_word' id='word_1_554' title='bbox 3501 3663 3581 3718; x_wconf 91' lang='lat' dir='ltr'>ita</span> <span class='ocrx_word' id='word_1_555' title='bbox 3634 3665 3698 3717; x_wconf 89' lang='lat' dir='ltr'>ut</span> 
     </span>
    </p>
   </div>
   <div class='ocr_carea' id='block_1_76' title="bbox 274 3749 3695 3827">
    <p class='ocr_par' dir='ltr' id='par_1_76' title="bbox 274 3749 3695 3827">
     <span class='ocr_line' id='line_1_77' title="bbox 274 3749 3695 3827; baseline -0.002 -16"><span class='ocrx_word' id='word_1_556' title='bbox 274 3757 744 3827; x_wconf 87' lang='lat' dir='ltr'>cognomentum</span> <span class='ocrx_word' id='word_1_557' title='bbox 795 3751 1032 3826; x_wconf 84' lang='lat' dir='ltr'>Benigni</span> <span class='ocrx_word' id='word_1_558' title='bbox 1065 3768 1135 3809; x_wconf 84' lang='lat' dir='ltr'>ex</span> <span class='ocrx_word' id='word_1_559' title='bbox 1185 3752 1446 3810; x_wconf 90' lang='lat' dir='ltr'>moribus</span> <span class='ocrx_word' id='word_1_560' title='bbox 1479 3753 1752 3822; x_wconf 89' lang='lat' dir='ltr'>referret;</span> <span class='ocrx_word' id='word_1_561' title='bbox 1806 3770 2208 3826; x_wconf 87' lang='lat' dir='ltr'>magnumque</span> <span class='ocrx_word' id='word_1_562' title='bbox 2247 3752 2471 3808; x_wconf 90' lang='lat' dir='ltr'>civibus</span> <span class='ocrx_word' id='word_1_563' title='bbox 2518 3749 2874 3806; x_wconf 88' lang='lat' dir='ltr'>desiderium</span> <span class='ocrx_word' id='word_1_564' title='bbox 2920 3753 2978 3806; x_wconf 90' lang='lat' dir='ltr'>et</span> <span class='ocrx_word' id='word_1_565' title='bbox 3028 3750 3250 3806; x_wconf 88' lang='lat' dir='ltr'>luctum</span> <span class='ocrx_word' id='word_1_566' title='bbox 3299 3754 3432 3822; x_wconf 88' lang='lat' dir='ltr'>post</span> <span class='ocrx_word' id='word_1_567' title='bbox 3479 3767 3541 3806; x_wconf 88' lang='lat' dir='ltr'>se</span> <span class='ocrx_word' id='word_1_568' title='bbox 3599 3766 3695 3805; x_wconf 91' lang='lat' dir='ltr'>re-</span> 
     </span>
    </p>
   </div>
   <div class='ocr_carea' id='block_1_77' title="bbox 271 3845 476 3918">
    <p class='ocr_par' dir='ltr' id='par_1_77' title="bbox 271 3845 476 3918">
     <span class='ocr_line' id='line_1_78' title="bbox 271 3845 476 3918; baseline -0.01 -16"><span class='ocrx_word' id='word_1_569' title='bbox 271 3845 476 3918; x_wconf 87' lang='lat' dir='ltr'>liquit.</span> 
     </span>
    </p>
   </div>
   <div class='ocr_carea' id='block_1_78' title="bbox 352 3928 1935 4006">
    <p class='ocr_par' dir='ltr' id='par_1_78' title="bbox 352 3928 1935 4006">
     <span class='ocr_line' id='line_1_79' title="bbox 352 3928 1935 4006; baseline -0.001 -18"><span class='ocrx_word' id='word_1_570' title='bbox 352 3931 523 3988; x_wconf 76' lang='grc' dir='ltr'>Οόδὲν</span> <span class='ocrx_word' id='word_1_571' title='bbox 553 3930 611 3987; x_wconf 87' lang='grc' dir='ltr'>δέ</span> <span class='ocrx_word' id='word_1_572' title='bbox 640 3934 804 4002; x_wconf 75' lang='grc' dir='ltr'>ἧττον</span> <span class='ocrx_word' id='word_1_573' title='bbox 836 3933 928 3987; x_wconf 82' lang='grc' dir='ltr'>καὶ</span> <span class='ocrx_word' id='word_1_574' title='bbox 981 3931 1117 4004; x_wconf 84' lang='grc' dir='ltr'>μετά</span> <span class='ocrx_word' id='word_1_575' title='bbox 1160 3932 1260 4001; x_wconf 78' lang='grc' dir='ltr'>τήν</span> <span class='ocrx_word' id='word_1_576' title='bbox 1293 3929 1502 3986; x_wconf 77' lang='grc' dir='ltr'>ἐκείνου</span> <span class='ocrx_word' id='word_1_577' title='bbox 1532 3928 1582 4004; x_wconf 80' lang='grc' dir='ltr'><strong>ἐξ</strong></span> <span class='ocrx_word' id='word_1_578' title='bbox 1636 3931 1935 4006; x_wconf 80' lang='grc' dir='ltr'>ἀνθρώπων</span> 
     </span>
    </p>
   </div>
   <div class='ocr_carea' id='block_1_79' title="bbox 272 4017 1937 4097">
    <p class='ocr_par' dir='ltr' id='par_1_79' title="bbox 272 4017 1937 4097">
     <span class='ocr_line' id='line_1_80' title="bbox 272 4017 1937 4097; baseline -0.002 -20"><span class='ocrx_word' id='word_1_579' title='bbox 272 4022 638 4097; x_wconf 77' lang='grc' dir='ltr'>ἀναχώρησιν</span> <span class='ocrx_word' id='word_1_580' title='bbox 694 4022 762 4076; x_wconf 82' lang='grc' dir='ltr'>τὰ</span> <span class='ocrx_word' id='word_1_581' title='bbox 811 4026 910 4090; x_wconf 81' lang='grc' dir='ltr'>τῆς</span> <span class='ocrx_word' id='word_1_582' title='bbox 955 4018 1176 4082; x_wconf 87' lang='grc' dir='ltr'>πόλεως</span> <span class='ocrx_word' id='word_1_583' title='bbox 1217 4020 1353 4094; x_wconf 86' lang='grc' dir='ltr'>πρὸς</span> <span class='ocrx_word' id='word_1_584' title='bbox 1405 4017 1755 4093; x_wconf 81' lang='grc' dir='ltr'>εὐδαιμονίαν</span> <span class='ocrx_word' id='word_1_585' title='bbox 1817 4020 1937 4095; x_wconf 82' lang='grc' dir='ltr'>ἐφέ-</span> 
     </span>
    </p>
   </div>
   <div class='ocr_carea' id='block_1_80' title="bbox 274 4107 1936 4187">
    <p class='ocr_par' dir='ltr' id='par_1_80' title="bbox 274 4107 1936 4187">
     <span class='ocr_line' id='line_1_81' title="bbox 274 4107 1936 4187; baseline -0.001 -20"><span class='ocrx_word' id='word_1_586' title='bbox 274 4132 430 4185; x_wconf 84' lang='grc' dir='ltr'>ρετο,</span> <span class='ocrx_word' id='word_1_587' title='bbox 469 4109 779 4187; x_wconf 83' lang='grc' dir='ltr'>Ἀντιγόνου</span> <span class='ocrx_word' id='word_1_588' title='bbox 827 4114 936 4165; x_wconf 83' lang='grc' dir='ltr'>τῶν</span> <span class='ocrx_word' id='word_1_589' title='bbox 994 4130 1052 4164; x_wconf 91' lang='grc' dir='ltr'>τε</span> <span class='ocrx_word' id='word_1_590' title='bbox 1099 4107 1308 4164; x_wconf 85' lang='grc' dir='ltr'>παίδων</span> <span class='ocrx_word' id='word_1_591' title='bbox 1361 4109 1642 4164; x_wconf 82' lang='grc' dir='ltr'>Διονυσίου</span> <span class='ocrx_word' id='word_1_592' title='bbox 1691 4111 1782 4165; x_wconf 82' lang='grc' dir='ltr'>καὶ</span> <span class='ocrx_word' id='word_1_593' title='bbox 1828 4108 1936 4165; x_wconf 78' lang='grc' dir='ltr'>τῶν</span> 
     </span>
    </p>
   </div>
   <div class='ocr_carea' id='block_1_81' title="bbox 272 4197 1939 4276">
    <p class='ocr_par' dir='ltr' id='par_1_81' title="bbox 272 4197 1939 4276">
     <span class='ocr_line' id='line_1_82' title="bbox 272 4197 1939 4276; baseline -0.001 -21"><span class='ocrx_word' id='word_1_594' title='bbox 272 4199 534 4256; x_wconf 83' lang='grc' dir='ltr'>πολιτῶν</span> <span class='ocrx_word' id='word_1_595' title='bbox 591 4199 653 4254; x_wconf 83' lang='grc' dir='ltr'>οὐ</span> <span class='ocrx_word' id='word_1_596' title='bbox 711 4199 994 4276; x_wconf 81' lang='grc' dir='ltr'>παρέργως</span> <span class='ocrx_word' id='word_1_597' title='bbox 1069 4199 1498 4274; x_wconf 84' lang='grc' dir='ltr'>προνοουμένου.</span> <span class='ocrx_word' id='word_1_598' title='bbox 1559 4199 1798 4255; x_wconf 80' lang='grc' dir='ltr'>Ἐκείνου</span> <span class='ocrx_word' id='word_1_599' title='bbox 1883 4197 1939 4254; x_wconf 75' lang='grc' dir='ltr'>δὲ</span> 
     </span>
    </p>
   </div>
   <div class='ocr_carea' id='block_1_82' title="bbox 267 4285 1939 4366">
    <p class='ocr_par' dir='ltr' id='par_1_82' title="bbox 267 4285 1939 4366">
     <span class='ocr_line' id='line_1_83' title="bbox 267 4285 1939 4366; baseline -0.001 -21"><span class='ocrx_word' id='word_1_600' title='bbox 267 4291 416 4366; x_wconf 88' lang='grc' dir='ltr'>πρὸς</span> <span class='ocrx_word' id='word_1_601' title='bbox 470 4287 630 4362; x_wconf 75' lang='grc' dir='ltr'>ἕτερα</span> <span class='ocrx_word' id='word_1_602' title='bbox 685 4290 782 4351; x_wconf 82' lang='grc' dir='ltr'>τὰς</span> <span class='ocrx_word' id='word_1_603' title='bbox 840 4285 1132 4366; x_wconf 75' lang='grc' dir='ltr'>φροντίδας</span> <span class='ocrx_word' id='word_1_604' title='bbox 1190 4287 1556 4363; x_wconf 79' lang='grc' dir='ltr'>τρεψαμένου,</span> <span class='ocrx_word' id='word_1_605' title='bbox 1615 4288 1939 4365; x_wconf 85' lang='grc' dir='ltr'>Λυσίμαχος</span> 
     </span>
    </p>
   </div>
   <div class='ocr_carea' id='block_1_83' title="bbox 267 4374 1940 4453">
    <p class='ocr_par' dir='ltr' id='par_1_83' title="bbox 267 4374 1940 4453">
     <span class='ocr_line' id='line_1_84' title="bbox 267 4374 1940 4453; baseline 0 -19"><span class='ocrx_word' id='word_1_606' title='bbox 267 4378 445 4434; x_wconf 81' lang='grc' dir='ltr'>πάλιν</span> <span class='ocrx_word' id='word_1_607' title='bbox 486 4382 598 4432; x_wconf 83' lang='grc' dir='ltr'>τῶν</span> <span class='ocrx_word' id='word_1_608' title='bbox 645 4376 770 4450; x_wconf 80' lang='grc' dir='ltr'>περὶ</span> <span class='ocrx_word' id='word_1_609' title='bbox 820 4375 1143 4453; x_wconf 78' lang='grc' dir='ltr'>Ἡράκλειαν</span> <span class='ocrx_word' id='word_1_610' title='bbox 1187 4376 1280 4431; x_wconf 89' lang='grc' dir='ltr'>καὶ</span> <span class='ocrx_word' id='word_1_611' title='bbox 1319 4380 1430 4431; x_wconf 80' lang='grc' dir='ltr'>τῶν</span> <span class='ocrx_word' id='word_1_612' title='bbox 1481 4374 1690 4432; x_wconf 86' lang='grc' dir='ltr'>παίδων</span> <span class='ocrx_word' id='word_1_613' title='bbox 1750 4379 1940 4450; x_wconf 81' lang='grc' dir='ltr'>έπεμε-</span> 
     </span>
    </p>
   </div>
   <div class='ocr_carea' id='block_1_84' title="bbox 265 4466 1937 4540">
    <p class='ocr_par' dir='ltr' id='par_1_84' title="bbox 265 4466 1937 4540">
     <span class='ocr_line' id='line_1_85' title="bbox 265 4466 1937 4540; baseline -0.001 -18"><span class='ocrx_word' id='word_1_614' title='bbox 265 4466 453 4536; x_wconf 85' lang='grc' dir='ltr'>λεῖτο,</span> <span class='ocrx_word' id='word_1_615' title='bbox 489 4466 546 4528; x_wconf 78' lang='grc' dir='ltr'>ὃς</span> <span class='ocrx_word' id='word_1_616' title='bbox 599 4467 688 4521; x_wconf 80' lang='grc' dir='ltr'>καὶ</span> <span class='ocrx_word' id='word_1_617' title='bbox 738 4468 1042 4540; x_wconf 78' lang='grc' dir='ltr'>Ἀμαστριν</span> <span class='ocrx_word' id='word_1_618' title='bbox 1090 4471 1328 4521; x_wconf 87' lang='grc' dir='ltr'>ποιεῖται</span> <span class='ocrx_word' id='word_1_619' title='bbox 1377 4472 1625 4540; x_wconf 89' lang='grc' dir='ltr'>γυναῖκα.</span> <span class='ocrx_word' id='word_1_620' title='bbox 1661 4467 1766 4522; x_wconf 83' lang='grc' dir='ltr'>Καὶ</span> <span class='ocrx_word' id='word_1_621' title='bbox 1819 4473 1937 4521; x_wconf 87' lang='grc' dir='ltr'>κατ’</span> 
     </span>
    </p>
   </div>
   <div class='ocr_carea' id='block_1_85' title="bbox 2111 3924 3688 4001">
    <p class='ocr_par' dir='ltr' id='par_1_85' title="bbox 2111 3924 3688 4001">
     <span class='ocr_line' id='line_1_86' title="bbox 2111 3924 3688 4001; baseline 0.001 -15"><span class='ocrx_word' id='word_1_622' title='bbox 2111 3924 2306 3987; x_wconf 81' lang='lat' dir='ltr'>Nihilo</span> <span class='ocrx_word' id='word_1_623' title='bbox 2335 3933 2536 3986; x_wconf 85' lang='lat' dir='ltr'>tamen</span> <span class='ocrx_word' id='word_1_624' title='bbox 2565 3930 2780 3997; x_wconf 82' lang='lat' dir='ltr'>minus,</span> <span class='ocrx_word' id='word_1_625' title='bbox 2815 3932 2944 4001; x_wconf 86' lang='lat' dir='ltr'>post</span> <span class='ocrx_word' id='word_1_626' title='bbox 2972 3929 3097 4000; x_wconf 88' lang='lat' dir='ltr'>ejus</span> <span class='ocrx_word' id='word_1_627' title='bbox 3128 3945 3160 3984; x_wconf 89' lang='lat' dir='ltr'>a</span> <span class='ocrx_word' id='word_1_628' title='bbox 3191 3928 3540 3986; x_wconf 89' lang='lat' dir='ltr'>mortalibus</span> <span class='ocrx_word' id='word_1_629' title='bbox 3570 3931 3688 3987; x_wconf 85' lang='lat' dir='ltr'>dis-</span> 
     </span>
    </p>
   </div>
   <div class='ocr_carea' id='block_1_86' title="bbox 2043 4018 3692 4090">
    <p class='ocr_par' dir='ltr' id='par_1_86' title="bbox 2043 4018 3692 4090">
     <span class='ocr_line' id='line_1_87' title="bbox 2043 4018 3692 4090; baseline -0.002 -13"><span class='ocrx_word' id='word_1_630' title='bbox 2043 4036 2292 4088; x_wconf 86' lang='lat' dir='ltr'>cessum,</span> <span class='ocrx_word' id='word_1_631' title='bbox 2328 4035 2422 4076; x_wconf 91' lang='lat' dir='ltr'>res</span> <span class='ocrx_word' id='word_1_632' title='bbox 2451 4019 2702 4075; x_wconf 89' lang='lat' dir='ltr'>civitatis</span> <span class='ocrx_word' id='word_1_633' title='bbox 2734 4019 2791 4076; x_wconf 93' lang='lat' dir='ltr'>in</span> <span class='ocrx_word' id='word_1_634' title='bbox 2833 4019 3089 4075; x_wconf 90' lang='lat' dir='ltr'>secundo</span> <span class='ocrx_word' id='word_1_635' title='bbox 3121 4018 3363 4074; x_wconf 64' lang='lat' dir='ltr'>fortuna:</span> <span class='ocrx_word' id='word_1_636' title='bbox 3393 4035 3531 4075; x_wconf 89' lang='lat' dir='ltr'>casu</span> <span class='ocrx_word' id='word_1_637' title='bbox 3564 4035 3692 4090; x_wconf 86' lang='lat' dir='ltr'>per-</span> 
     </span>
    </p>
   </div>
   <div class='ocr_carea' id='block_1_87' title="bbox 2045 4107 3693 4179">
    <p class='ocr_par' dir='ltr' id='par_1_87' title="bbox 2045 4107 3693 4179">
     <span class='ocr_line' id='line_1_88' title="bbox 2045 4107 3693 4179; baseline -0.001 -14"><span class='ocrx_word' id='word_1_638' title='bbox 2045 4109 2383 4174; x_wconf 87' lang='lat' dir='ltr'>manebant,</span> <span class='ocrx_word' id='word_1_639' title='bbox 2416 4109 2706 4178; x_wconf 84' lang='lat' dir='ltr'>Antigono</span> <span class='ocrx_word' id='word_1_640' title='bbox 2767 4107 3020 4164; x_wconf 86' lang='lat' dir='ltr'>ﬁliorum</span> <span class='ocrx_word' id='word_1_641' title='bbox 3079 4107 3336 4179; x_wconf 88' lang='lat' dir='ltr'>Dionysii</span> <span class='ocrx_word' id='word_1_642' title='bbox 3375 4112 3432 4164; x_wconf 91' lang='lat' dir='ltr'>et</span> <span class='ocrx_word' id='word_1_643' title='bbox 3480 4107 3693 4164; x_wconf 89' lang='lat' dir='ltr'>civium</span> 
     </span>
    </p>
   </div>
   <div class='ocr_carea' id='block_1_88' title="bbox 2047 4195 3693 4269">
    <p class='ocr_par' dir='ltr' id='par_1_88' title="bbox 2047 4195 3693 4269">
     <span class='ocr_line' id='line_1_89' title="bbox 2047 4195 3693 4269; baseline -0.001 -14"><span class='ocrx_word' id='word_1_644' title='bbox 2047 4216 2160 4255; x_wconf 93' lang='lat' dir='ltr'>non</span> <span class='ocrx_word' id='word_1_645' title='bbox 2192 4199 2381 4255; x_wconf 89' lang='lat' dir='ltr'>obiter</span> <span class='ocrx_word' id='word_1_646' title='bbox 2401 4213 2598 4254; x_wconf 90' lang='lat' dir='ltr'>curam</span> <span class='ocrx_word' id='word_1_647' title='bbox 2622 4205 2875 4269; x_wconf 88' lang='lat' dir='ltr'>gerente.</span> <span class='ocrx_word' id='word_1_648' title='bbox 2903 4197 3009 4264; x_wconf 88' lang='lat' dir='ltr'>Qui</span> <span class='ocrx_word' id='word_1_649' title='bbox 3045 4197 3144 4254; x_wconf 91' lang='lat' dir='ltr'>ubi</span> <span class='ocrx_word' id='word_1_650' title='bbox 3186 4196 3260 4252; x_wconf 91' lang='lat' dir='ltr'>ad</span> <span class='ocrx_word' id='word_1_651' title='bbox 3295 4195 3411 4252; x_wconf 88' lang='lat' dir='ltr'>alia</span> <span class='ocrx_word' id='word_1_652' title='bbox 3431 4196 3693 4253; x_wconf 89' lang='lat' dir='ltr'>studium</span> 
     </span>
    </p>
   </div>
   <div class='ocr_carea' id='block_1_89' title="bbox 2047 4285 3695 4360">
    <p class='ocr_par' dir='ltr' id='par_1_89' title="bbox 2047 4285 3695 4360">
     <span class='ocr_line' id='line_1_90' title="bbox 2047 4285 3695 4360; baseline -0.001 -17"><span class='ocrx_word' id='word_1_653' title='bbox 2047 4287 2275 4353; x_wconf 87' lang='lat' dir='ltr'>avertit,</span> <span class='ocrx_word' id='word_1_654' title='bbox 2346 4286 2724 4360; x_wconf 84' lang='lat' dir='ltr'>Lysimachus</span> <span class='ocrx_word' id='word_1_655' title='bbox 2805 4287 2864 4341; x_wconf 92' lang='lat' dir='ltr'>in</span> <span class='ocrx_word' id='word_1_656' title='bbox 2943 4287 3301 4343; x_wconf 88' lang='lat' dir='ltr'>curationem</span> <span class='ocrx_word' id='word_1_657' title='bbox 3361 4285 3695 4342; x_wconf 87' lang='lat' dir='ltr'>Heraclien-</span> 
     </span>
    </p>
   </div>
   <div class='ocr_carea' id='block_1_90' title="bbox 2047 4375 3691 4449">
    <p class='ocr_par' dir='ltr' id='par_1_90' title="bbox 2047 4375 3691 4449">
     <span class='ocr_line' id='line_1_91' title="bbox 2047 4375 3691 4449; baseline 0 -17"><span class='ocrx_word' id='word_1_658' title='bbox 2047 4377 2205 4433; x_wconf 90' lang='lat' dir='ltr'>sium</span> <span class='ocrx_word' id='word_1_659' title='bbox 2236 4379 2290 4433; x_wconf 81' lang='lat' dir='ltr'>et</span> <span class='ocrx_word' id='word_1_660' title='bbox 2322 4391 2638 4449; x_wconf 91' lang='lat' dir='ltr'>puerorum</span> <span class='ocrx_word' id='word_1_661' title='bbox 2671 4376 2972 4432; x_wconf 89' lang='lat' dir='ltr'>successit.</span> <span class='ocrx_word' id='word_1_662' title='bbox 3005 4376 3112 4440; x_wconf 90' lang='lat' dir='ltr'>Qui</span> <span class='ocrx_word' id='word_1_663' title='bbox 3134 4381 3189 4432; x_wconf 88' lang='lat' dir='ltr'>et</span> <span class='ocrx_word' id='word_1_664' title='bbox 3218 4375 3518 4434; x_wconf 86' lang='lat' dir='ltr'>Amastrin</span> <span class='ocrx_word' id='word_1_665' title='bbox 3551 4393 3691 4433; x_wconf 86' lang='lat' dir='ltr'>uxo-</span> 
     </span>
    </p>
   </div>
   <div class='ocr_carea' id='block_1_91' title="bbox 2045 4463 3690 4538">
    <p class='ocr_par' dir='ltr' id='par_1_91' title="bbox 2045 4463 3690 4538">
     <span class='ocr_line' id='line_1_92' title="bbox 2045 4463 3690 4538; baseline 0 -18"><span class='ocrx_word' id='word_1_666' title='bbox 2045 4481 2168 4520; x_wconf 91' lang='lat' dir='ltr'>rem</span> <span class='ocrx_word' id='word_1_667' title='bbox 2195 4464 2303 4521; x_wconf 87' lang='lat' dir='ltr'>sibi</span> <span class='ocrx_word' id='word_1_668' title='bbox 2337 4464 2564 4534; x_wconf 91' lang='lat' dir='ltr'>ascivit,</span> <span class='ocrx_word' id='word_1_669' title='bbox 2594 4472 2646 4521; x_wconf 92' lang='lat' dir='ltr'>et</span> <span class='ocrx_word' id='word_1_670' title='bbox 2679 4463 2845 4520; x_wconf 85' lang='lat' dir='ltr'>initio</span> <span class='ocrx_word' id='word_1_671' title='bbox 2877 4464 3120 4521; x_wconf 90' lang='lat' dir='ltr'>miriﬁce</span> <span class='ocrx_word' id='word_1_672' title='bbox 3151 4466 3364 4522; x_wconf 87' lang='lat' dir='ltr'>amavit</span> <span class='ocrx_word' id='word_1_673' title='bbox 3396 4482 3410 4520; x_wconf 88' lang='lat'><strong>:</strong></span> <span class='ocrx_word' id='word_1_674' title='bbox 3443 4467 3540 4522; x_wconf 89' lang='lat' dir='ltr'>sed</span> <span class='ocrx_word' id='word_1_675' title='bbox 3576 4465 3690 4538; x_wconf 87' lang='lat' dir='ltr'>gli-</span> 
     </span>
    </p>
   </div>
   <div class='ocr_carea' id='block_1_92' title="bbox 263 4551 1952 4636">
    <p class='ocr_par' dir='ltr' id='par_1_92' title="bbox 263 4551 1934 4636">
     <span class='ocr_line' id='line_1_93' title="bbox 263 4551 1934 4636; baseline 0 -25"><span class='ocrx_word' id='word_1_676' title='bbox 263 4556 454 4636; x_wconf 69' lang='grc' dir='ltr'>ἀρχᾶς</span> <span class='ocrx_word' id='word_1_677' title='bbox 499 4557 595 4629; x_wconf 75' lang='grc' dir='ltr'>μὲν</span> <span class='ocrx_word' id='word_1_678' title='bbox 645 4554 766 4611; x_wconf 88' lang='grc' dir='ltr'>λίαν</span> <span class='ocrx_word' id='word_1_679' title='bbox 804 4551 1032 4631; x_wconf 78' lang='grc' dir='ltr'>ἔστερξε,</span> <span class='ocrx_word' id='word_1_680' title='bbox 1075 4555 1415 4631; x_wconf 80' lang='grc' dir='ltr'>πραγμάτων</span> <span class='ocrx_word' id='word_1_681' title='bbox 1470 4555 1527 4611; x_wconf 79' lang='grc' dir='ltr'>δὲ</span> <span class='ocrx_word' id='word_1_682' title='bbox 1565 4556 1715 4630; x_wconf 74' lang='grc' dir='ltr'>αὐτῷ</span> <span class='ocrx_word' id='word_1_683' title='bbox 1761 4577 1934 4633; x_wconf 90' lang='grc' dir='ltr'>προσ-</span> 
     </span>
    </p>
   </div>
   <div class='ocr_carea' id='block_1_93' title="bbox 2066 4551 3688 4636">
    <p class='ocr_par' dir='ltr' id='par_1_93' title="bbox 2066 4553 3688 4628">
     <span class='ocr_line' id='line_1_94' title="bbox 2066 4553 3688 4628; baseline 0.002 -20"><span class='ocrx_word' id='word_1_684' title='bbox 2066 4554 2343 4610; x_wconf 68' lang='lat' dir='ltr'>Icentibus</span> <span class='ocrx_word' id='word_1_685' title='bbox 2390 4553 2641 4626; x_wconf 87' lang='lat' dir='ltr'>negotiis</span> <span class='ocrx_word' id='word_1_686' title='bbox 2683 4553 2843 4610; x_wconf 89' lang='lat' dir='ltr'>illam</span> <span class='ocrx_word' id='word_1_687' title='bbox 2894 4554 3177 4611; x_wconf 73' lang='lat' dir='ltr'>Heracleas</span> <span class='ocrx_word' id='word_1_688' title='bbox 3226 4555 3520 4627; x_wconf 86' lang='lat' dir='ltr'>relinquit,</span> <span class='ocrx_word' id='word_1_689' title='bbox 3561 4555 3688 4628; x_wconf 89' lang='lat' dir='ltr'>ipse</span> 
     </span>
    </p>
   </div>
   <div class='ocr_carea' id='block_1_94' title="bbox 261 4644 1929 4720">
    <p class='ocr_par' dir='ltr' id='par_1_94' title="bbox 261 4644 1929 4720">
     <span class='ocr_line' id='line_1_95' title="bbox 261 4644 1929 4720; baseline -0.001 -19"><span class='ocrx_word' id='word_1_690' title='bbox 261 4645 553 4702; x_wconf 69' lang='grc' dir='ltr'>πεσόντων</span> <span class='ocrx_word' id='word_1_691' title='bbox 612 4645 783 4714; x_wconf 77' lang='grc' dir='ltr'>αὐτὴν</span> <span class='ocrx_word' id='word_1_692' title='bbox 852 4647 945 4719; x_wconf 75' lang='grc' dir='ltr'>μὲν</span> <span class='ocrx_word' id='word_1_693' title='bbox 980 4644 1031 4700; x_wconf 84' lang='grc' dir='ltr'>έν</span> <span class='ocrx_word' id='word_1_694' title='bbox 1079 4645 1374 4720; x_wconf 79' lang='grc' dir='ltr'>Ἡρακλείᾳ</span> <span class='ocrx_word' id='word_1_695' title='bbox 1432 4645 1629 4717; x_wconf 86' lang='grc' dir='ltr'>λείπει,</span> <span class='ocrx_word' id='word_1_696' title='bbox 1681 4645 1839 4710; x_wconf 80' lang='grc' dir='ltr'>αὐτὸς</span> <span class='ocrx_word' id='word_1_697' title='bbox 1882 4644 1929 4700; x_wconf 85' lang='grc' dir='ltr'>δ’</span> 
     </span>
    </p>
   </div>
   <div class='ocr_carea' id='block_1_95' title="bbox 263 4731 1931 4812">
    <p class='ocr_par' dir='ltr' id='par_1_95' title="bbox 263 4731 1931 4812">
     <span class='ocr_line' id='line_1_96' title="bbox 263 4731 1931 4812; baseline 0 -21"><span class='ocrx_word' id='word_1_698' title='bbox 263 4734 456 4811; x_wconf 68' lang='grc' dir='ltr'>ε’ίχετο</span> <span class='ocrx_word' id='word_1_699' title='bbox 487 4738 597 4790; x_wconf 81' lang='grc' dir='ltr'>τῶν</span> <span class='ocrx_word' id='word_1_700' title='bbox 638 4733 990 4812; x_wconf 82' lang='grc' dir='ltr'>ἒπειγόντων.</span> <span class='ocrx_word' id='word_1_701' title='bbox 1027 4733 1117 4797; x_wconf 83' lang='grc' dir='ltr'>Εἷς</span> <span class='ocrx_word' id='word_1_702' title='bbox 1171 4731 1397 4808; x_wconf 78' lang='grc' dir='ltr'>Σάρδεις</span> <span class='ocrx_word' id='word_1_703' title='bbox 1444 4732 1500 4790; x_wconf 80' lang='grc' dir='ltr'>δὲ</span> <span class='ocrx_word' id='word_1_704' title='bbox 1550 4737 1665 4808; x_wconf 87' lang='grc' dir='ltr'>μετ’</span> <span class='ocrx_word' id='word_1_705' title='bbox 1717 4735 1782 4791; x_wconf 78' lang='grc' dir='ltr'>οὐ</span> <span class='ocrx_word' id='word_1_706' title='bbox 1823 4738 1931 4792; x_wconf 80' lang='grc' dir='ltr'>πὸ-</span> 
     </span>
    </p>
   </div>
   <div class='ocr_carea' id='block_1_96' title="bbox 261 4821 1928 4901">
    <p class='ocr_par' dir='ltr' id='par_1_96' title="bbox 261 4821 1928 4901">
     <span class='ocr_line' id='line_1_97' title="bbox 261 4821 1928 4901; baseline 0.002 -22"><span class='ocrx_word' id='word_1_707' title='bbox 261 4822 368 4880; x_wconf 74' lang='grc' dir='ltr'>λὺν</span> <span class='ocrx_word' id='word_1_708' title='bbox 409 4824 634 4900; x_wconf 85' lang='grc' dir='ltr'>χρόνον,</span> <span class='ocrx_word' id='word_1_709' title='bbox 673 4827 780 4879; x_wconf 81' lang='grc' dir='ltr'>τῶν</span> <span class='ocrx_word' id='word_1_710' title='bbox 814 4821 1041 4878; x_wconf 81' lang='grc' dir='ltr'>πολλῶν</span> <span class='ocrx_word' id='word_1_711' title='bbox 1083 4821 1261 4878; x_wconf 90' lang='grc' dir='ltr'>πόνων</span> <span class='ocrx_word' id='word_1_712' title='bbox 1290 4821 1501 4898; x_wconf 75' lang='grc' dir='ltr'>ῥαΐσας,</span> <span class='ocrx_word' id='word_1_713' title='bbox 1547 4827 1928 4901; x_wconf 74' lang='grc' dir='ltr'>μετεπέμψατο</span> 
     </span>
    </p>
   </div>
   <div class='ocr_carea' id='block_1_97' title="bbox 258 4909 1930 4989">
    <p class='ocr_par' dir='ltr' id='par_1_97' title="bbox 258 4909 1930 4989">
     <span class='ocr_line' id='line_1_98' title="bbox 258 4909 1930 4989; baseline 0 -20"><span class='ocrx_word' id='word_1_714' title='bbox 258 4915 498 4982; x_wconf 78' lang='grc' dir='ltr'>ταύτην,</span> <span class='ocrx_word' id='word_1_715' title='bbox 529 4911 620 4967; x_wconf 79' lang='grc' dir='ltr'>καὶ</span> <span class='ocrx_word' id='word_1_716' title='bbox 671 4909 918 4986; x_wconf 84' lang='grc' dir='ltr'>ἔστεργεν</span> <span class='ocrx_word' id='word_1_717' title='bbox 969 4910 1200 4984; x_wconf 83' lang='grc' dir='ltr'>ὁμοίως.</span> <span class='ocrx_word' id='word_1_718' title='bbox 1253 4913 1506 4985; x_wconf 83' lang='grc' dir='ltr'>Ὕστερον</span> <span class='ocrx_word' id='word_1_719' title='bbox 1554 4911 1610 4968; x_wconf 81' lang='grc' dir='ltr'>δὲ</span> <span class='ocrx_word' id='word_1_720' title='bbox 1654 4915 1790 4989; x_wconf 88' lang='grc' dir='ltr'>πρὸς</span> <span class='ocrx_word' id='word_1_721' title='bbox 1829 4915 1930 4983; x_wconf 83' lang='grc' dir='ltr'>τήν</span> 
     </span>
    </p>
   </div>
   <div class='ocr_carea' id='block_1_98' title="bbox 265 4998 1923 5080">
    <p class='ocr_par' dir='ltr' id='par_1_98' title="bbox 265 4998 1923 5080">
     <span class='ocr_line' id='line_1_99' title="bbox 265 4998 1923 5080; baseline -0.001 -21"><span class='ocrx_word' id='word_1_722' title='bbox 265 5001 544 5080; x_wconf 81' lang='grc' dir='ltr'>θυγατέρα</span> <span class='ocrx_word' id='word_1_723' title='bbox 572 5003 617 5038; x_wconf 78' lang='grc'>³³</span> <span class='ocrx_word' id='word_1_724' title='bbox 668 4999 1018 5073; x_wconf 79' lang='grc' dir='ltr'>Πτολεμαίου</span> <span class='ocrx_word' id='word_1_725' title='bbox 1083 5005 1180 5056; x_wconf 79' lang='grc' dir='ltr'>τοῦ</span> <span class='ocrx_word' id='word_1_726' title='bbox 1245 4998 1601 5079; x_wconf 80' lang='grc' dir='ltr'>Φιλαδέλφου</span> <span class='ocrx_word' id='word_1_727' title='bbox 1650 5004 1923 5076; x_wconf 72' lang='grc' dir='ltr'>(Ἄρσινόη</span> 
     </span>
    </p>
   </div>
   <div class='ocr_carea' id='block_1_99' title="bbox 261 5088 1931 5166">
    <p class='ocr_par' dir='ltr' id='par_1_99' title="bbox 261 5088 1931 5166">
     <span class='ocr_line' id='line_1_100' title="bbox 261 5088 1931 5166; baseline -0.002 -17"><span class='ocrx_word' id='word_1_728' title='bbox 261 5091 324 5149; x_wconf 76' lang='grc' dir='ltr'>δὶ</span> <span class='ocrx_word' id='word_1_729' title='bbox 357 5094 426 5163; x_wconf 68' lang='grc' dir='ltr'>ἦν</span> <span class='ocrx_word' id='word_1_730' title='bbox 464 5092 531 5147; x_wconf 83' lang='grc' dir='ltr'>τὸ</span> <span class='ocrx_word' id='word_1_731' title='bbox 578 5090 774 5164; x_wconf 79' lang='grc' dir='ltr'>ὄνομα)</span> <span class='ocrx_word' id='word_1_732' title='bbox 815 5091 905 5146; x_wconf 83' lang='grc' dir='ltr'>τὸν</span> <span class='ocrx_word' id='word_1_733' title='bbox 938 5088 1115 5163; x_wconf 80' lang='grc' dir='ltr'>ἔρωτα</span> <span class='ocrx_word' id='word_1_734' title='bbox 1159 5092 1428 5162; x_wconf 85' lang='grc' dir='ltr'>μεταθεις,</span> <span class='ocrx_word' id='word_1_735' title='bbox 1463 5089 1786 5166; x_wconf 78' lang='grc' dir='ltr'>διαζυγῆναι</span> <span class='ocrx_word' id='word_1_736' title='bbox 1831 5093 1931 5160; x_wconf 80' lang='grc' dir='ltr'>τήν</span> 
     </span>
    </p>
   </div>
   <div class='ocr_carea' id='block_1_100' title="bbox 253 5178 1927 5257">
    <p class='ocr_par' dir='ltr' id='par_1_100' title="bbox 253 5178 1927 5257">
     <span class='ocr_line' id='line_1_101' title="bbox 253 5178 1927 5257; baseline -0.003 -18"><span class='ocrx_word' id='word_1_737' title='bbox 253 5190 575 5257; x_wconf 71' lang='grc' dir='ltr'>’Ἄμαστριν</span> <span class='ocrx_word' id='word_1_738' title='bbox 622 5179 788 5236; x_wconf 77' lang='grc' dir='ltr'>αὐτοῦ</span> <span class='ocrx_word' id='word_1_739' title='bbox 833 5179 1103 5254; x_wconf 85' lang='grc' dir='ltr'>παρέσχεν</span> <span class='ocrx_word' id='word_1_740' title='bbox 1154 5179 1352 5248; x_wconf 83' lang='grc' dir='ltr'>αἰτίαν,</span> <span class='ocrx_word' id='word_1_741' title='bbox 1385 5179 1472 5233; x_wconf 81' lang='grc' dir='ltr'>καὶ</span> <span class='ocrx_word' id='word_1_742' title='bbox 1521 5178 1927 5235; x_wconf 79' lang='grc' dir='ltr'>καταλιποῦσαν</span> 
     </span>
    </p>
   </div>
   <div class='ocr_carea' id='block_1_101' title="bbox 251 5265 1927 5344">
    <p class='ocr_par' dir='ltr' id='par_1_101' title="bbox 251 5265 1927 5344">
     <span class='ocr_line' id='line_1_102' title="bbox 251 5265 1927 5344; baseline -0.001 -17"><span class='ocrx_word' id='word_1_743' title='bbox 251 5276 461 5327; x_wconf 76' lang='grc' dir='ltr'>τοῦτον</span> <span class='ocrx_word' id='word_1_744' title='bbox 507 5265 842 5325; x_wconf 78' lang='grc' dir='ltr'>καταλαϐεῖν</span> <span class='ocrx_word' id='word_1_745' title='bbox 871 5270 970 5337; x_wconf 75' lang='grc' dir='ltr'>τὴν</span> <span class='ocrx_word' id='word_1_746' title='bbox 1027 5266 1373 5344; x_wconf 84' lang='grc' dir='ltr'>Ἡράκλειαν.</span> <span class='ocrx_word' id='word_1_747' title='bbox 1408 5269 1640 5344; x_wconf 84' lang='grc' dir='ltr'>Ἐγείρει</span> <span class='ocrx_word' id='word_1_748' title='bbox 1686 5266 1744 5323; x_wconf 75' lang='grc' dir='ltr'>δὲ</span> <span class='ocrx_word' id='word_1_749' title='bbox 1794 5268 1927 5339; x_wconf 78' lang='grc' dir='ltr'>αὕτη</span> 
     </span>
    </p>
   </div>
   <div class='ocr_carea' id='block_1_102' title="bbox 254 5355 1684 5438">
    <p class='ocr_par' dir='ltr' id='par_1_102' title="bbox 254 5355 1684 5438">
     <span class='ocr_line' id='line_1_103' title="bbox 254 5355 1684 5438; baseline -0.002 -21"><span class='ocrx_word' id='word_1_750' title='bbox 254 5358 692 5438; x_wconf 85' lang='grc' dir='ltr'>παραγενομένη</span> <span class='ocrx_word' id='word_1_751' title='bbox 723 5360 815 5415; x_wconf 82' lang='grc' dir='ltr'>καὶ</span> <span class='ocrx_word' id='word_1_752' title='bbox 847 5357 1138 5428; x_wconf 88' lang='grc' dir='ltr'>συνοικίζει</span> <span class='ocrx_word' id='word_1_753' title='bbox 1169 5355 1333 5413; x_wconf 91' lang='grc' dir='ltr'>πόλιν</span> <span class='ocrx_word' id='word_1_754' title='bbox 1363 5358 1684 5435; x_wconf 80' lang='grc' dir='ltr'>Ἄμαστριν.</span> 
     </span>
    </p>
   </div>
   <div class='ocr_carea' id='block_1_103' title="bbox 2041 4643 3684 4716">
    <p class='ocr_par' dir='ltr' id='par_1_103' title="bbox 2041 4643 3684 4716">
     <span class='ocr_line' id='line_1_104' title="bbox 2041 4643 3684 4716; baseline 0.001 -18"><span class='ocrx_word' id='word_1_755' title='bbox 2041 4643 2216 4700; x_wconf 86' lang='lat' dir='ltr'>rebus</span> <span class='ocrx_word' id='word_1_756' title='bbox 2256 4644 2600 4716; x_wconf 88' lang='lat' dir='ltr'>urgentibus</span> <span class='ocrx_word' id='word_1_757' title='bbox 2647 4647 2982 4715; x_wconf 89' lang='lat' dir='ltr'>occupatur.</span> <span class='ocrx_word' id='word_1_758' title='bbox 3015 4643 3130 4700; x_wconf 91' lang='lat' dir='ltr'>Nec</span> <span class='ocrx_word' id='word_1_759' title='bbox 3168 4644 3342 4716; x_wconf 84' lang='lat' dir='ltr'>longo</span> <span class='ocrx_word' id='word_1_760' title='bbox 3383 4644 3684 4701; x_wconf 90' lang='lat' dir='ltr'>intervallo</span> 
     </span>
    </p>
   </div>
   <div class='ocr_carea' id='block_1_104' title="bbox 2041 4733 3681 4805">
    <p class='ocr_par' dir='ltr' id='par_1_104' title="bbox 2041 4733 3681 4805">
     <span class='ocr_line' id='line_1_105' title="bbox 2041 4733 3681 4805; baseline 0 -15"><span class='ocrx_word' id='word_1_761' title='bbox 2041 4741 2189 4804; x_wconf 88' lang='lat' dir='ltr'>post,</span> <span class='ocrx_word' id='word_1_762' title='bbox 2237 4750 2370 4789; x_wconf 88' lang='lat' dir='ltr'>cum</span> <span class='ocrx_word' id='word_1_763' title='bbox 2418 4733 2683 4790; x_wconf 83' lang='lat' dir='ltr'>laborum</span> <span class='ocrx_word' id='word_1_764' title='bbox 2732 4733 3104 4789; x_wconf 85' lang='lat' dir='ltr'>distractione</span> <span class='ocrx_word' id='word_1_765' title='bbox 3159 4733 3412 4805; x_wconf 90' lang='lat' dir='ltr'>quietem</span> <span class='ocrx_word' id='word_1_766' title='bbox 3463 4740 3681 4804; x_wconf 85' lang='lat' dir='ltr'>ageret,</span> 
     </span>
    </p>
   </div>
   <div class='ocr_carea' id='block_1_105' title="bbox 2037 4821 3683 4895">
    <p class='ocr_par' dir='ltr' id='par_1_105' title="bbox 2037 4821 3683 4895">
     <span class='ocr_line' id='line_1_106' title="bbox 2037 4821 3683 4895; baseline -0.001 -15"><span class='ocrx_word' id='word_1_767' title='bbox 2037 4824 2248 4881; x_wconf 81' lang='lat' dir='ltr'>Sardes</span> <span class='ocrx_word' id='word_1_768' title='bbox 2279 4822 2440 4880; x_wconf 87' lang='lat' dir='ltr'>illam</span> <span class='ocrx_word' id='word_1_769' title='bbox 2470 4821 2811 4879; x_wconf 88' lang='lat' dir='ltr'>accersitam</span> <span class='ocrx_word' id='word_1_770' title='bbox 2847 4821 2970 4893; x_wconf 90' lang='lat' dir='ltr'>pari</span> <span class='ocrx_word' id='word_1_771' title='bbox 3001 4837 3198 4879; x_wconf 90' lang='lat' dir='ltr'>amore</span> <span class='ocrx_word' id='word_1_772' title='bbox 3229 4823 3636 4895; x_wconf 89' lang='lat' dir='ltr'>complectitur</span> <span class='ocrx_word' id='word_1_773' title='bbox 3667 4839 3683 4878; x_wconf 88' lang='lat'><strong>:</strong></span> 
     </span>
    </p>
   </div>
   <div class='ocr_carea' id='block_1_106' title="bbox 2039 4909 3684 4986">
    <p class='ocr_par' dir='ltr' id='par_1_106' title="bbox 2039 4909 3684 4986">
     <span class='ocr_line' id='line_1_107' title="bbox 2039 4909 3684 4986; baseline -0.002 -16"><span class='ocrx_word' id='word_1_774' title='bbox 2039 4918 2354 4986; x_wconf 86' lang='lat' dir='ltr'>postquam</span> <span class='ocrx_word' id='word_1_775' title='bbox 2404 4929 2538 4968; x_wconf 87' lang='lat' dir='ltr'>vero</span> <span class='ocrx_word' id='word_1_776' title='bbox 2581 4912 2650 4967; x_wconf 91' lang='lat' dir='ltr'>ad</span> <span class='ocrx_word' id='word_1_777' title='bbox 2703 4909 2994 4967; x_wconf 70' lang='lat' dir='ltr'>Ptolemaei</span> <span class='ocrx_word' id='word_1_778' title='bbox 3044 4910 3408 4983; x_wconf 85' lang='lat' dir='ltr'>Philadelphi</span> <span class='ocrx_word' id='word_1_779' title='bbox 3458 4914 3684 4983; x_wconf 86' lang='lat' dir='ltr'>natam,</span> 
     </span>
    </p>
   </div>
   <div class='ocr_carea' id='block_1_107' title="bbox 2041 5000 3686 5070">
    <p class='ocr_par' dir='ltr' id='par_1_107' title="bbox 2041 5000 3686 5070">
     <span class='ocr_line' id='line_1_108' title="bbox 2041 5000 3686 5070; baseline -0.002 -11"><span class='ocrx_word' id='word_1_780' title='bbox 2041 5002 2135 5059; x_wconf 93' lang='lat' dir='ltr'>cui</span> <span class='ocrx_word' id='word_1_781' title='bbox 2167 5018 2376 5057; x_wconf 90' lang='lat' dir='ltr'>nomen</span> <span class='ocrx_word' id='word_1_782' title='bbox 2408 5002 2671 5070; x_wconf 88' lang='lat' dir='ltr'>Arsinoe,</span> <span class='ocrx_word' id='word_1_783' title='bbox 2704 5016 2957 5057; x_wconf 89' lang='lat' dir='ltr'>amorem</span> <span class='ocrx_word' id='word_1_784' title='bbox 3004 5000 3421 5064; x_wconf 87' lang='lat' dir='ltr'>transtulisset,</span> <span class='ocrx_word' id='word_1_785' title='bbox 3450 5017 3686 5057; x_wconf 88' lang='lat' dir='ltr'>causam</span> 
     </span>
    </p>
   </div>
   <div class='ocr_carea' id='block_1_108' title="bbox 2039 5088 3684 5162">
    <p class='ocr_par' dir='ltr' id='par_1_108' title="bbox 2039 5088 3684 5162">
     <span class='ocr_line' id='line_1_109' title="bbox 2039 5088 3684 5162; baseline 0.001 -16"><span class='ocrx_word' id='word_1_786' title='bbox 2039 5092 2298 5146; x_wconf 85' lang='lat' dir='ltr'>Amastri</span> <span class='ocrx_word' id='word_1_787' title='bbox 2342 5090 2585 5162; x_wconf 67' lang='lat' dir='ltr'>praebuit</span> <span class='ocrx_word' id='word_1_788' title='bbox 2624 5090 3054 5161; x_wconf 89' lang='lat' dir='ltr'>disjunctionis,</span> <span class='ocrx_word' id='word_1_789' title='bbox 3096 5096 3275 5162; x_wconf 87' lang='lat' dir='ltr'>utque</span> <span class='ocrx_word' id='word_1_790' title='bbox 3327 5089 3555 5146; x_wconf 90' lang='lat' dir='ltr'>deserto</span> <span class='ocrx_word' id='word_1_791' title='bbox 3583 5088 3684 5147; x_wconf 92' lang='lat' dir='ltr'>illo</span> 
     </span>
    </p>
   </div>
   <div class='ocr_carea' id='block_1_109' title="bbox 2042 5179 3685 5251">
    <p class='ocr_par' dir='ltr' id='par_1_109' title="bbox 2042 5179 3685 5251">
     <span class='ocr_line' id='line_1_110' title="bbox 2042 5179 3685 5251; baseline 0.001 -15"><span class='ocrx_word' id='word_1_792' title='bbox 2042 5179 2376 5236; x_wconf 88' lang='lat' dir='ltr'>Heracleam</span> <span class='ocrx_word' id='word_1_793' title='bbox 2426 5183 2754 5251; x_wconf 90' lang='lat' dir='ltr'>occuparet.</span> <span class='ocrx_word' id='word_1_794' title='bbox 2787 5180 2909 5243; x_wconf 87' lang='lat' dir='ltr'>Quo</span> <span class='ocrx_word' id='word_1_795' title='bbox 2959 5195 3204 5248; x_wconf 89' lang='lat' dir='ltr'>reversa,</span> <span class='ocrx_word' id='word_1_796' title='bbox 3249 5180 3540 5236; x_wconf 86' lang='lat' dir='ltr'>Amastrin</span> <span class='ocrx_word' id='word_1_797' title='bbox 3585 5196 3685 5237; x_wconf 88' lang='lat' dir='ltr'>ur-</span> 
     </span>
    </p>
   </div>
   <div class='ocr_carea' id='block_1_110' title="bbox 2041 5267 3162 5338">
    <p class='ocr_par' dir='ltr' id='par_1_110' title="bbox 2041 5267 3162 5338">
     <span class='ocr_line' id='line_1_111' title="bbox 2041 5267 3162 5338; baseline -0.004 -15"><span class='ocrx_word' id='word_1_798' title='bbox 2041 5269 2172 5324; x_wconf 89' lang='lat' dir='ltr'>bem</span> <span class='ocrx_word' id='word_1_799' title='bbox 2206 5267 2403 5330; x_wconf 87' lang='lat' dir='ltr'>erexit,</span> <span class='ocrx_word' id='word_1_800' title='bbox 2435 5271 2493 5324; x_wconf 89' lang='lat' dir='ltr'>et</span> <span class='ocrx_word' id='word_1_801' title='bbox 2521 5267 2736 5324; x_wconf 91' lang='lat' dir='ltr'>colonis</span> <span class='ocrx_word' id='word_1_802' title='bbox 2767 5267 3162 5338; x_wconf 88' lang='lat' dir='ltr'>frequentavit.</span> 
     </span>
    </p>
   </div>
   <div class='ocr_carea' id='block_1_111' title="bbox 1604 5489 2293 5546">
    <p class='ocr_par' dir='ltr' id='par_1_111' title="bbox 1604 5489 2293 5546">
     <span class='ocr_line' id='line_1_112' title="bbox 1604 5489 2293 5546; baseline 0.004 -4"><span class='ocrx_word' id='word_1_803' title='bbox 1604 5489 1844 5546; x_wconf 72' lang='lat' dir='ltr'>VARI/E</span> <span class='ocrx_word' id='word_1_804' title='bbox 1883 5489 2293 5546; x_wconf 87' lang='lat' dir='ltr'>LECTIONES.</span> 
     </span>
    </p>
   </div>
   <div class='ocr_carea' id='block_1_112' title="bbox 254 5583 1878 5732">
    <p class='ocr_par' dir='ltr' id='par_1_112' title="bbox 254 5583 1878 5732">
     <span class='ocr_line' id='line_1_113' title="bbox 333 5583 1878 5660; baseline -0.013 -3"><span class='ocrx_word' id='word_1_805' title='bbox 333 5584 387 5618; x_wconf 53' lang='lat' dir='ltr'><strong>ﬂ</strong></span> <span class='ocrx_word' id='word_1_806' title='bbox 415 5602 473 5656; x_wconf 83' lang='grc' dir='ltr'>γε</span> <span class='ocrx_word' id='word_1_807' title='bbox 517 5583 755 5655; x_wconf 75' lang='grc' dir='ltr'>ενημένη</span> <span class='ocrx_word' id='word_1_808' title='bbox 817 5587 862 5640; x_wconf 84' lang='grc' dir='ltr'>Α</span> <span class='ocrx_word' id='word_1_809' title='bbox 922 5600 935 5638; x_wconf 71' lang='grc' dir='ltr'>ε</span> <span class='ocrx_word' id='word_1_810' title='bbox 994 5584 1358 5656; x_wconf 70' lang='grc' dir='ltr'>γεγαμημένη</span> <span class='ocrx_word' id='word_1_811' title='bbox 1589 5585 1638 5620; x_wconf 79' lang='grc'>³⁵</span> <span class='ocrx_word' id='word_1_812' title='bbox 1668 5583 1878 5660; x_wconf 84' lang='grc' dir='ltr'>διαπειρ</span> 
     </span>
     <span class='ocr_line' id='line_1_114' title="bbox 254 5601 1878 5732; baseline 0.002 -22"><span class='ocrx_word' id='word_1_813' title='bbox 254 5656 301 5692; x_wconf 74' lang='grc'>⁸⁷</span> <span class='ocrx_word' id='word_1_814' title='bbox 351 5601 677 5729; x_wconf 62' lang='grc' dir='ltr'>’Δμάστρης</span> <span class='ocrx_word' id='word_1_815' title='bbox 707 5659 774 5713; x_wconf 92' lang='lat' dir='ltr'>A.</span> <span class='ocrx_word' id='word_1_816' title='bbox 851 5654 900 5692; x_wconf 83' lang='grc'>²⁸</span> <span class='ocrx_word' id='word_1_817' title='bbox 929 5655 1222 5732; x_wconf 79' lang='grc' dir='ltr'>θυγατέρα]</span> <span class='ocrx_word' id='word_1_818' title='bbox 1248 5650 1496 5727; x_wconf 74' lang='grc' dir='ltr'>ἀδελφὴν</span> <span class='ocrx_word' id='word_1_819' title='bbox 1524 5656 1878 5729; x_wconf 86' lang='lat' dir='ltr'>Wcsseling.</span> 
     </span>
    </p>
   </div>
   <div class='ocr_carea' id='block_1_113' title="bbox 1589 5581 2451 5660">
    <p class='ocr_par' dir='ltr' id='par_1_113' title="bbox 1589 5581 2451 5660">
     <span class='ocr_line' id='line_1_115' title="bbox 1589 5581 2451 5660; baseline 0.006 -22"><span class='ocrx_word' id='word_1_820' title='bbox 1589 5585 1638 5660; x_wconf 43' lang='grc' dir='ltr'>δῖ’</span> <span class='ocrx_word' id='word_1_821' title='bbox 1668 5581 2086 5660; x_wconf 83' lang='grc' dir='ltr'>διαπειρομενος</span> <span class='ocrx_word' id='word_1_822' title='bbox 2143 5603 2291 5642; x_wconf 89' lang='lat' dir='ltr'>corr.</span> <span class='ocrx_word' id='word_1_823' title='bbox 2352 5593 2391 5641; x_wconf 83' lang='lat' dir='ltr'>A</span> <span class='ocrx_word' id='word_1_824' title='bbox 2437 5605 2451 5642; x_wconf 85' lang='lat'>:</span> 
     </span>
    </p>
   </div>
   <div class='ocr_carea' id='block_1_114' title="bbox 1963 5659 2430 5730">
    <p class='ocr_par' dir='ltr' id='par_1_114' title="bbox 1963 5659 2430 5730">
     <span class='ocr_line' id='line_1_116' title="bbox 1963 5659 2430 5730; baseline 0.004 -16"><span class='ocrx_word' id='word_1_825' title='bbox 1963 5659 2079 5716; x_wconf 86' lang='lat' dir='ltr'>bss.</span> <span class='ocrx_word' id='word_1_826' title='bbox 2114 5675 2233 5716; x_wconf 86' lang='lat' dir='ltr'>var.</span> <span class='ocrx_word' id='word_1_827' title='bbox 2269 5676 2308 5730; x_wconf 86' lang='lat'>1,</span> <span class='ocrx_word' id='word_1_828' title='bbox 2342 5661 2430 5716; x_wconf 85' lang='lat'>20.</span> 
     </span>
    </p>
   </div>
   <div class='ocr_carea' id='block_1_115' title="bbox 2511 5582 3669 5666">
    <p class='ocr_par' dir='ltr' id='par_1_115' title="bbox 2511 5582 3669 5666">
     <span class='ocr_line' id='line_1_117' title="bbox 2511 5582 3669 5666; baseline 0.009 -27"><span class='ocrx_word' id='word_1_829' title='bbox 2511 5582 2941 5660; x_wconf 78' lang='grc' dir='ltr'>διαπειρώμενος</span> <span class='ocrx_word' id='word_1_830' title='bbox 3168 5593 3212 5627; x_wconf 81' lang='grc'>²⁶</span> <span class='ocrx_word' id='word_1_831' title='bbox 3264 5590 3554 5647; x_wconf 77' lang='grc' dir='ltr'>ὑπελίπετο</span> <span class='ocrx_word' id='word_1_832' title='bbox 3588 5592 3669 5666; x_wconf 73' lang='grc' dir='ltr'>ς.</span> 
     </span>
    </p>
   </div>
  </div>
