4154 6218
389 367 505 426 887

1598 368 1861 428 PHO'I‘Il
1908 363 2435 425 PATRIARCH/E
2479 362 2594 422 ΟΡ.

3682 367 3807 427 888

390 505 521 560 CAP.
581 503 677 559 VI.
736 534 804 545 —
876 504 1162 559 Clearchus
1221 502 1474 575 princeps
1546 504 1600 558 V.
1663 505 1790 575 Ejus
1857 499 2300 629 virtuswbellica.
2361 500 2605 553 Fortuna
2681 494 3006 552 mutabilis.
3087 496 3472 568 Degeneratio.
3551 501 3814 556 Parrici-

2050 590 2184 628 ium.

2050 590 2184 628 tum.

463 666 773 722 Clearchus
822 673 1035 732 autem,
1081 667 1152 720 ad
1185 666 1406 722 virilem
1455 675 1591 721 tunc
1629 670 1854 723 etatem
1903 682 2030 737 pro.
2066 669 2116 732 Α

391 772 653 828 gressus,
685 760 741 810 et
788 754 1007 810 civitati
1056 755 1337 812 Heracleas
1379 756 1630 828 praefuit,
1665 761 1723 812 et
1771 758 1830 811 in
1872 756 2039 811 bellis

390 860 509 900 non
542 843 768 914 paucis,
806 860 931 913 qua:
966 843 1050 899 vel
1101 861 1205 915 ope
1237 862 1346 900 sua
1391 846 1751 917 propulsaret
1780 846 1851 900 ab
1887 844 2037 911 aliis,

389 931 483 987 vel
542 930 700 986 illata
756 932 869 986 sibi
937 933 1289 999 defenderet,
1348 932 1641 1003 specimen
1702 932 2041 1003 praeclarum

393 1020 597 1076 edidit.
628 1020 785 1074 Inter
839 1036 963 1091 qua:
1009 1023 1206 1091 etiam,
1257 1022 1455 1077 225a
1503 1023 1642 1077 dum
1697 1020 2042 1093 Lysimacho

395 1122 598 1165 contra
636 1108 810 1165 Getas
871 1109 1235 1181 belligeranti
1294 1126 1531 1179 operam
1594 1118 1780 1178 navat,
1840 1114 2043 1181 captus

397 1202 488 1254 est
536 1215 670 1254 cum
718 1214 898 1270 rege:
958 1215 1140 1270 eoque
1170 1216 1239 1255 ex
1294 1201 1632 1272 captivitate
1677 1200 1888 1264 soluto,
1921 1200 2046 1269 ipse

396 1288 573 1343 etiam
608 1289 915 1358 prudentia
951 1288 1278 1359 Lysimachi
1312 1293 1512 1360 postea
1541 1293 1630 1344 est
1668 1289 1971 1345 dimissus.

469 1377 789 1433 Clearchus
818 1377 1019 1449 itaque
1050 1386 1104 1433 et
1134 1378 1313 1433 frater
1340 1379 1398 1432 in
1433 1395 1609 1450 regno
1644 1384 1881 1449 paterno
1915 1395 2047 1433 suc-

402 1482 684 1533 cessares,
743 1465 976 1521 lenitate
1028 1471 1085 1520 et
1151 1466 1538 1522 beneﬁcentia
1594 1484 1727 1539 erga
1780 1468 2048 1522 subditos

400 1563 560 1626 patre
611 1554 783 1625 longe
833 1554 1138 1610 inferiores
1186 1561 1515 1611 evaserunt.
1566 1557 1712 1620 Quid
1765 1558 1914 1627 quod
1977 1557 2048 1610 ad

403 1643 692 1701 nefarium
723 1651 777 1698 et
810 1644 1164 1699 exsecrabile
1216 1644 1440 1700 facinus
1473 1651 1608 1700 sunt
1651 1645 1894 1715 delapsi.
1930 1646 2049 1700 Ma-

403 1735 553 1787 trem
607 1732 784 1799 enim,
818 1748 948 1803 quas
979 1732 1121 1787 nihil
1174 1732 1232 1787 in
1281 1749 1380 1788 eos
1428 1735 1647 1804 grande
1698 1744 2053 1804 peccaverat,

405 1838 536 1877 cum
572 1822 701 1877 navi
727 1838 788 1877 se
820 1823 1228 1889 commisisset,
1261 1824 1479 1895 insigni
1519 1828 1845 1880 commento
1871 1830 1927 1880 et
1953 1826 2055 1880 ila-

404 1911 566 1982 gitio,
604 1912 748 1967 mari
782 1912 1185 1968 sulI'ocandam
1218 1920 1519 1969 curarunt.

2222 659 2503 733 Κλέαρχος
2534 655 2590 711 δὲ
2639 655 2936 731 ἀνδρωθεὶς
2968 654 3077 727 ἤδη
3126 665 3229 726 τῆς
3264 678 3322 713 τε
3368 658 3589 721 πόλεως
3636 660 3810 736 ἦρχε,

2149 748 2237 802 καὶ
2270 747 2542 820 πολέμοις
2576 748 2675 801 οὐκ
2696 745 2913 821 ὀλίγοις
2942 748 3008 801 τὰ
3042 748 3139 819 μὲν
3173 752 3485 822 συμμαχῶν
3518 747 3717 810 ἄλλοις
3742 751 3816 819 ’9,

2148 838 2215 892 τὰ
2255 837 2311 892 δὲ
2342 838 2431 891 καὶ
2473 842 2591 899 τοῖς
2623 836 3041 913 ἐπιφερομένοις
3072 836 3219 909 αὐτῷ
3268 836 3577 908 ἐξητάζετο.
3610 840 3697 895 Ἐν
3730 842 3817 899 οἷς

2151 927 2240 981 καὶ
2273 928 2410 981 κατὰ
2458 931 2632 980 Γετῶν
2684 926 2994 1000 Λυσιμάχῳ
3026 927 3074 961 ³ο
3114 927 3538 1002 στρατευόμενος
3570 929 3613 964 ³¹
3661 928 3815 983 έάλω

2151 1038 2210 1071 τε
2240 1015 2332 1071 σὺν
2370 1017 2539 1087 αὐτῷ,
2571 1015 2658 1068 καὶ
2708 1015 2982 1076 ἀνεθέντος
3012 1022 3111 1084 τῆς
3157 1016 3547 1090 αἰχμαΛωσίας
3599 1017 3814 1073 ἐκείνου

2153 1106 2244 1161 καὶ
2275 1106 2437 1166 αὐτὸς
2472 1103 2695 1178 ὕστερον
2725 1109 2793 1178 τῇ
2822 1104 3149 1183 Λυσιμάχου
3182 1106 3416 1181 προνοίᾳ
3454 1106 3667 1186 ἀφίετο.

2230 1379 2398 1440 Οὗτος
2429 1378 2456 1431 ὁ
2491 1374 2773 1452 Κλέαρχος
2807 1378 2921 1449 ἅμα
2948 1380 3028 1449 τῷ
3055 1375 3278 1454 ἀδελφῷ
3308 1381 3408 1443 τῆς
3440 1378 3621 1453 ἀρχῆς
3649 1399 3825 1433 κατα-

2161 1467 2382 1528 στάντες
2428 1464 2684 1545 διάδοχοι
2730 1468 2867 1540 πρὸς
2923 1467 3017 1540 μὲν
3064 1469 3384 1542 ἡμερότητα
3438 1468 3527 1522 καὶ
3574 1470 3828 1543 χρηστό-

2161 1576 2300 1625 τητα
2328 1553 2471 1609 πολὺ
2523 1560 2620 1611 τοῦ
2660 1557 2866 1629 πατρὸς
2911 1555 3172 1618 ἐλάττους
3220 1562 3337 1618 τοῖς
3391 1556 3657 1627 ὑπηκόοις
3711 1559 3825 1612 ἀπ-

2164 1640 2382 1717 έϐησαν,
2417 1644 2492 1707 εἷς
2542 1641 2802 1718 ἔκθεσμον
2856 1642 2912 1700 δὲ
2968 1646 3057 1699 xui
3120 1647 3465 1721 μιαρώτατον
3526 1644 3688 1723 ἔργον
3738 1645 3829 1715 ἐξ-

2165 1736 2350 1788 έπεσον
2388 1754 2401 1767 ·
2449 1734 2547 1802 τὴν
2586 1735 2690 1810 γὰρ
2754 1736 2965 1808 μητέρα
3026 1732 3193 1806 μηδὲν
3248 1734 3372 1811 περὶ
3432 1734 3625 1797 αὐτοὺς
3686 1737 3832 1810 μέγα

2164 1823 2671 1895 πλημμελήσασαν,
2725 1828 2954 1902 μηχανῇ
3006 1820 3153 1896 δεινῇ
3202 1825 3293 1879 xui
3352 1824 3653 1898 κακουργίᾳ
3700 1823 3834 1880 ἐπι-

2168 1908 2332 1966 ϐᾶσαν
2365 1913 2497 1982 νηὸς
2529 1910 2770 1986 Θαλάσσῃ
2801 1913 3169 1987 ἀποπνιγῆναι
3201 1913 3647 1990 κατειργάσαντο.

902 2020 1037 2076 CAP.
1071 2019 1189 2075 VII.
1225 2050 1293 2061 -ο
1337 2020 1637 2075 Parricidii
1667 2020 1827 2076 ultio.
1860 2022 2216 2092 Lysimachus
2251 2022 2321 2076 γι
2364 2020 2622 2075 dominus
2651 2024 2916 2076 externus
2947 2030 2997 2076 et
3028 2021 3314 2092 benignus.

476 2129 659 2192 Quam
692 2129 763 2184 ob
795 2146 1030 2185 causam
1073 2130 1472 2202 Lysimachus,
1506 2130 1714 2200 sepius
1764 2130 1822 2185 in
1868 2129 2050 2185 histo-

2236 2128 2311 2180 Δι’
2360 2129 2421 2196 ἣν
2484 2127 2658 2181 αἰτίαν
2707 2129 2797 2181 καὶ
2858 2126 3179 2205 ᾼυσίμαχος
3212 2128 3239 2181 ὁ
3296 2125 3571 2189 πολλάκις
3629 2129 3828 2202 ῥηθεὶς

407 2218 497 2272 ria
524 2218 631 2272 ista
665 2223 1026 2273 memoratus
1067 2221 1147 2287 (in
1182 2219 1517 2275 Macedonia
1546 2224 1739 2273 autem
1775 2223 1915 2274 tunc
1962 2235 2058 2274 re-

407 2323 539 2361 rum
575 2306 949 2378 potiebatur).
982 2307 1085 2362 etsi
1118 2312 1349 2378 propter
1378 2308 1643 2363 Arsinoes
1675 2308 2055 2363 consuetudi-

406 2411 540 2451 nem
572 2396 867 2451 Amastrin
900 2414 933 2451 a
985 2413 1045 2452 se
1078 2396 1459 2466 abalienarat,
1510 2413 1641 2451 cum
1686 2401 1882 2452 tamen
1934 2397 2051 2467 pri-

407 2482 547 2538 stini
584 2484 641 2538 in
675 2500 737 2538 se
760 2484 975 2539 amoris
998 2501 1101 2539 ceu
1138 2485 1459 2556 igniculum
1495 2485 1687 2553 ferret,
1712 2492 1767 2540 et
1796 2486 2053 2541 immane

407 2577 581 2644 atque
610 2574 950 2630 detestabile
982 2575 1088 2630 hoc
1119 2576 1308 2631 scelus
1338 2592 1451 2631 non
1487 2576 1852 2631 tolerandum
1884 2577 2051 2631 duce-

407 2668 494 2718 ret
525 2680 537 2717 :
574 2662 754 2717 animi
805 2664 1035 2732 quidem
1072 2667 1219 2733 apud
1255 2682 1317 2720 se
1367 2668 1596 2719 decreta
1626 2681 1803 2736 quam
1847 2665 2052 2719 arctis-

407 2752 556 2806 sime
586 2750 890 2819 continuit,
912 2753 1166 2823 antiquas
1200 2753 1431 2807 interim
1462 2754 1905 2809 necessitudinis
1929 2760 2053 2808 stu-

409 2840 570 2895 dium
604 2839 879 2897 Clcarcho
910 2846 1212 2897 ostentans
1248 2859 1259 2896 :
1314 2842 1415 2898 sed
1443 2848 1637 2898 tamen
1689 2848 1813 2898 arte
1846 2841 2055 2908 multa,

407 2930 908 3000 etstrategematis
938 2932 1007 2986 ad
1037 2932 1355 2987 fallendum
1381 2932 1721 3004 compositis
1743 2932 2057 3003 (occultare

407 3018 560 3074 enim
590 3035 718 3090 qua:
746 3019 941 3091 vellet,
969 3019 1303 3076 mortalium
1327 3021 1844 3093 ingeniosissimus
1868 3022 2057 3093 perhi-

406 3107 595 3177 betur)
626 3107 980 3179 Heracleam,
1014 3125 1117 3165 ceu
1152 3109 1385 3180 publico
1436 3111 1841 3181 recipientium
1893 3127 2053 3166 com-

407 3197 582 3251 modo
612 3196 668 3251 id
716 3198 831 3258 fiat,
867 3198 1236 3268 ingreditur:
1281 3203 1337 3252 et
1385 3198 1525 3252 dum
1574 3198 1841 3253 intimam
1873 3199 2057 3270 patris

406 3284 772 3340 affectionem
819 3286 973 3341 larva
1007 3287 1258 3357 quadam
1299 3286 1573 3342 Clearcbo
1614 3286 1780 3356 eique
1810 3288 2058 3344 addictis

407 3388 521 3445 prae
556 3388 618 3427 se
648 3374 776 3441 fert,
817 3374 1141 3445 parricidas
1180 3375 1311 3430 illos
1343 3392 1372 3430 ο
1432 3375 1623 3431 medio
1658 3376 1827 3439 tollit,
1864 3377 2054 3449 primo

408 3461 780 3531 Clearchum,
813 3463 1020 3519 deinde
1067 3464 1239 3519 etiam
1290 3464 1581 3520 Oxathren
1616 3482 1629 3521 :
1666 3470 1723 3519 et
1754 3467 1836 3520 sic
1860 3468 2055 3537 justas

410 3556 685 3608 maternae
716 3553 887 3608 caedis
918 3570 1114 3623 pmnas
1145 3554 1342 3625 exigit.
1379 3554 1547 3620 Hinc,
1582 3555 1683 3609 ubi
1732 3556 1964 3611 redacta
1993 3556 2053 3611 in

417 3641 745 3695 clientelam
791 3657 959 3695 suam
1020 3641 1270 3708 civitate,
1322 3658 1459 3711 opes
1517 3650 1896 3714 tyrannorum
1954 3646 2053 3701 do-

407 3730 634 3785 minatu
694 3730 963 3786 collectas
1021 3733 1079 3786 in
1139 3732 1394 3802 praedam
1454 3749 1625 3788 suam
1683 3736 2057 3799 vertisset,et

413 3818 590 3890 (quod
641 3819 741 3874 diu
798 3822 1288 3892 exspectaverant)
1341 3822 1581 3877 liberam
1632 3822 1858 3880 civibus
1911 3841 2055 3881 rem-

406 3908 704 3979 publicam
738 3908 1111 3976 restituisset,
1144 3908 1204 3963 in
1239 3911 1539 3982 proprium
1571 3928 1635 3968 se
1675 3928 1920 3984 regnum
1961 3929 2049 3969 re-

406 3998 579 4070 cepit.

2158 2215 2517 2287 (Μακεδονίας
2580 2214 2635 2271 δὲ
2694 2212 3002 2271 ἐϐασίλευεν
3052 2217 3143 2287 ³³),
3203 2215 3247 2269 εί
3315 2216 3404 2285 καὶ
3476 2218 3579 2285 τήν
3634 2224 3827 2291 Ἀμα-

2160 2324 2309 2377 στριν
2372 2301 2461 2358 διὰ
2514 2306 2613 2373 τὴν
2646 2305 2693 2340 ³³
2733 2306 3014 2383 συνάφειαν
3074 2305 3364 2379 Ἀρσινόης
3420 2304 3598 2360 λιπεῖν
3656 2305 3825 2361 αὐτὸν

2160 2394 2617 2468 παρεσκευάσατο,
2676 2392 2803 2449 ἀλλ’
2865 2393 2957 2447 οὖν
3012 2398 3108 2447 τοῦ
3162 2415 3221 2449 τε
3293 2393 3566 2469 προτέρου
3639 2395 3823 2450 πόθου

2163 2483 2339 2557 φέρων
2395 2481 2446 2536 ἐν
2499 2483 2674 2554 ἑαυτῷ
2728 2483 2789 2536 τὸ
2858 2481 3202 2557 ἐμπύρευμα,
3261 2484 3352 2537 καὶ
3424 2485 3486 2538 τὸ
3569 2486 3817 2560 μυσαρὸν

2164 2572 2253 2625 καὶ
2304 2571 2455 2643 ὠμὸν
2514 2578 2615 2640 τῆς
2673 2573 2919 2641 πράξεως
2952 2571 3051 2626 οὐκ
3103 2572 3403 2647 ἀνασχετὸν
3461 2574 3829 2646 ποιούμενος,

2166 2661 2538 2734 στεγανώτατα
2591 2661 2686 2731 μὲν
2729 2662 2825 2728 τὴν
2878 2660 3045 2714 αὑτοῦ
3074 2666 3325 2734 κατεῖχεν
3374 2656 3521 2715 ἔνδον
3572 2664 3701 2735 [370
3733 2666 3833 2736 Η.]

2166 2750 2423 2825 γνώμην,
2454 2750 2554 2817 τὴν
2588 2749 2820 2822 ἀρχαίαν
2857 2747 2914 2802 δὲ
2963 2748 3151 2822 φιλίαν
3183 2750 3321 2825 πρὸς
3348 2749 3476 2811 τοὺς
3521 2751 3645 2825 περὶ
3680 2750 3830 2806 Κλέ-

2165 2857 2338 2912 αρχον
2371 2841 2451 2908 τῷ
2501 2839 2750 2911 σχήματι
2784 2834 3084 2899 ἐπιδεικνὺς
3136 2835 3226 2892 διὰ
3254 2836 3487 2893 πολλῶν
3534 2859 3593 2893 τε
3627 2860 3825 2915 μηχαο

2163 2930 2267 2980 νῶν
2316 2926 2405 2979 xui
2454 2930 2562 2979 τῶν
2601 2929 2702 2978 τοῦ
2743 2924 3025 2980 λανθάνειν
3072 2925 3547 3001 στρατηγημάτων
3590 2929 3822 3002 (κρύψαι

2164 3014 2264 3089 γὰρ
2293 3014 2355 3068 τὸ
2391 3012 2724 3087 βουλόμενον
2755 3015 2802 3049 ³⁸
2850 3011 3160 3076 δεινότατος
3189 3014 3485 3088 ἀνθρώπων
3533 3014 3827 3091 γεγονέναι

2168 3103 2433 3180 λέγεται),
2474 3102 2526 3157 ἐν
2558 3104 2607 3138 ³⁵
2646 3102 2943 3178 Ἡρακλείᾳ
2984 3105 3080 3176 μὲν
3132 3105 3206 3166 ὡς
3238 3104 3326 3159 ἐπί
3365 3109 3445 3176 τῷ
3491 3109 3601 3160 τῶν
3658 3104 3828 3181 δεχο-

2171 3198 2341 3269 μένων
2404 3191 2703 3248 συνοίσοντι
2764 3193 3134 3269 παραγίνεται,
3198 3194 3403 3267 πατρὸς
3459 3194 3519 3247 τὶ
3582 3195 3830 3270 στοργήν

2167 3288 2246 3352 τῷ
2293 3280 2626 3357 προσωπείῳ
2666 3286 2783 3342 τοῖς
2836 3283 2959 3356 περὶ
3016 3282 3307 3357 Κλέαρχον
3356 3277 3825 3357 προϐαλλόμενος

2166 3373 2372 3447 ἀναιρεῖ
2431 3371 2525 3444 μὲν
2589 3372 2717 3433 τοὺς
2780 3371 3208 3445 μητροκτόνους,
3248 3376 3466 3445 πρῶτον
3529 3372 3625 3443 μὶν
3688 3371 3829 3427 Κλέ-

2165 3483 2363 3539 αρχον,
2443 3460 2557 3514 εἶτα
2632 3459 2721 3514 καὶ
2790 3461 3066 3535 Ὀξάθρην,
3154 3467 3431 3535 μητρικῆς
3512 3460 3825 3531 ἀπαιτήσος

2168 3548 2476 3627 μιαιφονίας
2536 3546 2688 3610 δίκας
2721 3568 2733 3582 ·
2771 3552 2899 3623 [713
2938 3552 3031 3622 R.]
3074 3548 3165 3603 xui
3220 3551 3321 3619 τήν
3368 3549 3535 3605 πόλιν
3590 3551 3825 3620 ποιησά-

2167 3660 2325 3712 μενος
2366 3639 2469 3693 ὑπὸ
2522 3640 2620 3708 τὴν
2673 3638 2935 3714 πρόνοιαν
2991 3640 3089 3707 τὴν
3132 3640 3317 3707 αὑτοῦ,
3368 3641 3455 3694 καὶ
3512 3642 3578 3694 τὰ
3633 3640 3823 3695 πολλᾶ

2163 3726 2221 3784 δὲ
2271 3729 2745 3807 λαφυραγωγήσας
2797 3729 2871 3781 ὧν
2920 3730 2954 3796 ἡ
3012 3728 3261 3803 τυραννὶς
3308 3728 3555 3803 ἡθροίκει
3600 3729 3824 3803 χρημά-

2160 3838 2292 3889 των,
2342 3814 2521 3871 ἄδειάν
2593 3837 2649 3870 τε
2696 3813 2821 3878 δοὺς
2873 3814 3336 3888 δημοκρατεῖσθαι
3390 3818 3517 3879 τοὺς
3558 3814 3818 3887 πολίτας,

2164 3908 2226 3962 οὗ
2261 3905 2489 3981 ἐφίεντο,
2523 3906 2659 3982 πρὸς
2698 3905 2797 3974 τὴν
2830 3902 2968 3960 ἰδίαν
3010 3904 3293 3980 βασιλείαν
3327 3904 3638 3964 ἐστέλλετο.

1173 4101 1303 4155 CAP.
1335 4098 1483 4155 VIII.
1512 4131 1581 4141 —
1612 4101 1907 4158 Heraclia:
1942 4110 2210 4174 tyrannus
2245 4099 2361 4153 VII.
2394 4098 2678 4153 Muliebris
2708 4099 3054 4165 impotentia.

481 4197 765 4251 Reversus
795 4196 970 4269 igitur
999 4198 1069 4252 ad
1106 4213 1226 4264 sua,
1254 4200 1549 4254 Amastrin
1582 4199 1859 4257 laudibus
1885 4201 2061 4257 extol-

410 4286 548 4354 lere,
582 4288 828 4357 ejusque
861 4303 1052 4342 mores
1084 4292 1141 4343 et
1175 4288 1486 4360 imperium
1522 4290 1824 4357 demirari,
1860 4295 1921 4347 ut
1952 4292 2060 4347 hoc

414 4378 485 4431 ad
527 4377 584 4429 id
621 4375 1068 4445 magnitudinis,
1102 4378 1370 4447 potentiae
1405 4384 1459 4432 et
1480 4380 1808 4449 majestatis
1843 4382 2061 4436 elatum

415 4463 863 4531 corroborasset,
898 4465 1184 4535 uniceque
1216 4466 1527 4537 prtsdicare
1559 4469 1889 4524 Heracleam
1918 4486 1930 4523 :
1965 4469 2059 4524 sed

420 4557 485 4607 ut
511 4552 568 4607 in
604 4556 820 4622 partem
872 4553 1063 4607 laudis
1097 4556 1362 4611 venirent
1410 4558 1586 4613 etiam
1617 4558 1756 4613 Tius
1804 4562 1861 4613 et
1890 4561 2063 4613 Ama-

418 4642 579 4707 stris,
615 4656 790 4711 quam
825 4642 1061 4698 nomine
1091 4660 1198 4699 suo
1230 4643 1516 4701 celebrem
1551 4645 1651 4701 illa
1684 4647 2062 4702 condidisset.

420 4732 549 4786 Hinc
585 4729 784 4785 crebro
823 4730 1043 4786 habens
1074 4732 1131 4787 in
1165 4749 1283 4793 ore,
1335 4734 1611 4789 Arsinoen
1668 4735 2067 4790 exstimulavit

419 4825 485 4877 ut
508 4820 744 4875 urbium
771 4824 1064 4891 tantopere
1085 4821 1503 4877 celebratarum
1529 4823 1899 4879 dominatum
1936 4825 2071 4880 all‘e-

2241 4195 2563 4270 Λυσίμαχος
2633 4193 2689 4249 δὲ
2753 4195 2852 4263 τὴν
2915 4192 3055 4249 ἰδίαν
3125 4195 3304 4271 ἀρχὴν
3366 4192 3693 4249 καταλαϐὼν
3750 4193 3823 4249 δι’

2170 4286 2402 4343 ἐπαίνων
2439 4287 2534 4358 μὲν
2586 4287 2685 4353 τήν
2719 4291 3024 4359 ’Ἄμαστριν
3075 4286 3244 4360 εἶχεν,
3294 4287 3567 4357 ἒθαύμαζε
3616 4284 3673 4340 δί
3722 4286 3820 4340 αὗ-

2169 4383 2270 4445 τῆς
2326 4374 2452 4437 τούς
2500 4396 2557 4429 τε
2612 4374 2848 4449 τρόπους
2899 4376 2989 4428 xui
3041 4375 3139 4443 τήν
3205 4374 3406 4453 ἀρχὴν,
3464 4376 3599 4449 πρὸς
3656 4371 3823 4449 ὄγκον

2170 4464 2259 4520 xui
2320 4465 2543 4539 μέγεθος
2603 4467 2693 4517 καί
2752 4463 2909 4537 ἰσχὺν
2944 4465 3018 4523 ὡς
3077 4461 3426 4535 ἐκρατύνατο,
3469 4464 3691 4537 ἐξαίρων
3729 4465 3823 4536 μὲν

2171 4556 2270 4623 τήν
2332 4552 2676 4628 Ἡράκλειαν,
2746 4552 2910 4627 μέρος
2980 4550 3035 4606 δὲ
3098 4557 3206 4607 τῶν
3279 4552 3509 4607 ἐπαίνων
3579 4552 3666 4607 καὶ
3724 4556 3824 4621 τὴν

2174 4649 2295 4700 Τῖον
2374 4646 2459 4698 καὶ
2539 4645 2637 4713 τήν
2711 4643 3039 4715 Ἄμαστριν,
3106 4640 3172 4711 ἣν
3242 4642 3527 4714 ἐπώνυμον
3609 4640 3821 4715 ἤγειρεν

2176 4732 2380 4803 ἐκείνη,
2422 4734 2772 4806 ποιούμενος.
2825 4732 2923 4786 Kui
2976 4736 3144 4787 ταῦτα
3193 4729 3365 4806 λέγων
3406 4732 3455 4767 ³⁵
3500 4733 3598 4799 τήν
3645 4732 3827 4804 Ἀρσι-

2176 4823 2306 4892 νόην
2374 4822 2590 4895 ἠρέθιζε
2651 4818 2899 4877 δεσπότιν
2959 4824 3066 4874 τῶν
3132 4818 3536 4893 ἐπαινουμένων
3566 4820 3612 4856 ⁸⁷
3679 4819 3831 4897 γενέ-

422 4914 621 4974 ctaret,
655 4925 900 4980 quaeque
932 4888 1238 4964 affectabat
1269 4910 1380 4964 sibi
1412 4912 1615 4966 donari
1650 4917 1885 4983 peteret.
1919 4916 1990 4968 At
2019 4915 2054 4968 ii

2180 4888 2323 4969 σθαι.
2358 4888 2427 4967 Ἡ.
2464 4909 2521 4966 δὲ
2550 4888 2750 4966 ’ἐδεῖτο
2808 4915 2995 4985 τυχεῖν
3043 4912 3116 4964 ὧν
3181 4888 3383 4966 ἒπόθειν.
3421 4910 3518 4963 Καὶ
3577 4909 3605 4962 ὁ
3664 4888 3831 4961 Ᾰυσί-

420 5000 759 5070 gravitatem
803 4999 1066 5053 muneris
1100 5000 1486 5069 praetendens,
1519 5000 1686 5057 initio
1718 5018 1917 5072 preces
1951 5019 2065 5057 non

422 5087 789 5152 admittebat,
822 5088 919 5142 sed
958 5092 1177 5147 tamen,
1213 5104 1517 5159 progressa
1549 5091 1834 5162 temporis
1873 5106 2068 5146 exora-

422 5178 536 5245 tus,
561 5176 871 5232 concessit.
898 5177 1207 5244 Ingeniosa
1228 5178 1381 5232 enirn
1407 5178 1474 5232 ad
1493 5178 2068 5235 circumveniendum

428 5263 533 5319 fuit
580 5265 843 5333 Arsinoe,
878 5270 933 5321 et
974 5265 1093 5335 jam
1123 5271 1394 5322 senectus
1434 5267 1565 5339 ipsa
1606 5268 2068 5325 mansuefactum

2180 5021 2359 5077 μαχος
2426 5002 2699 5075 σεμνύνων
2767 5001 2829 5054 τὸ
2908 4997 3083 5074 δῶρον
3158 5000 3273 5053 κατ’
3353 4998 3531 5073 ἀρχὰς
3609 4997 3705 5069 μὶν
3770 4996 3829 5050 οὐ

2175 5090 2455 5163 προσίετο,
2498 5087 2888 5164 ἐκλιπαρηθεὶς
2942 5085 2999 5142 δὲ
3032 5088 3215 5163 χρόνῳ
3261 5089 3537 5161 παρέσχεν
3581 5106 3593 5119 ·
3628 5086 3695 5154 ἦν
3731 5086 3828 5159 γὰρ

2178 5178 2326 5250 δεινή
2395 5178 2699 5254 περιελθεῖν
2758 5181 2792 5248 ἡ
2863 5179 3138 5249 Ἀρσινόη,
3200 5178 3288 5231 καὶ
3348 5177 3411 5231 τὸ
3467 5182 3640 5251 γῆρας
3719 5174 3824 5244 ἤδη

2177 5267 2500 5343 Λυσίμαχον
2589 5274 2850 5344 παρεῖχεν
2908 5269 2952 5303 ⁸⁸
3038 5266 3473 5342 εὐεπιχείρητον,
3556 5264 3823 5336 Δεξαμένη

1766 5402 2014 5457 VARUE
2058 5404 2465 5461 LECTIONES.

497 5514 542 5547 3°
572 5509 767 5591 ᾅλλοις
806 5516 892 5591 A_;
926 5510 1199 5591 άλλῄλοις
1416 5517 1463 5551 ⁸ο
1494 5515 1816 5591 Λυσιμάχου

423 5604 482 5658 τε
536 5584 634 5658 τὴν
664 5583 763 5658 CL
849 5586 903 5658 δέ,
936 5583 1331 5658 βουλευόμενον
1390 5604 1535 5645 corr.
1600 5583 1663 5645 Ᾰ.

426 5654 659 5711 ἐπαίνων
864 5657 910 5692 ³⁸
937 5654 1195 5729 παρεῖχεν
1235 5668 1273 5716 Α
1310 5678 1321 5714 :
1357 5659 1622 5732 ἅχεις.

1849 5516 1930 5591 ς’.
2030 5518 2070 5591 ³ν¹
2108 5520 2599 5591 συστρατευόμενος
2633 5517 2912 5591 Scaliger.

1770 5590 1815 5625 ³⁸
1844 5589 1894 5643 ἐν
1957 5590 2090 5646 add.
2123 5596 2185 5645 Α.

3013 5517 3064 5552 ⁸⁸
3101 5511 3446 5572 ἐϐασίλευσεν
3479 5514 3564 5587 ς’,
3664 5512 3712 5549 ³³
3744 5510 3829 5566 διά

2290 5589 2335 5624 ³⁸
2392 5586 2560 5643 ταῦτα
2622 5589 2714 5662 μὲν
2769 5586 2942 5663 Λέγων
2989 5588 3071 5661 ς.
3174 5589 3218 5625 ⁸⁷
3277 5586 3682 5658 ἐπαινουμένων
3739 5592 3825 5640 A:
