4184 6212
364 382 478 444 889

1445 384 1988 447 BIBLIOTHECA.
2035 415 2112 433 -
2155 384 2325 447 COD.
2375 383 2682 445 CCXXIV.

3645 383 3765 447 890

366 515 414 574 δ’
442 517 534 575 οὖν
575 521 610 588 ἡ
660 517 912 588 Ἀρσινόη
963 524 1060 588 τῆς
1105 518 1431 591 ’Ἡρακλείας
1475 522 1576 590 τήν
1633 522 1811 596 ἀρχὴν
1867 521 2042 593 ίιιεέμ-⁴

2130 521 2360 578 dederat
2406 520 2838 594 Lysimachum.
2874 521 3063 578 Potite
3111 521 3289 595 igitur
3339 523 3629 581 Heracleae
3660 523 3762 580 do-

363 629 451 664 πει
509 609 599 664 τὸν
663 609 901 681 Κυμαίον
976 607 1356 682 Ἡράκλειτον,
1426 607 1591 685 ἄνδρα
1659 613 1752 682 μὲν
1831 607 2018 666 εὔνουν

362 699 520 770 αὐτῇ,
552 698 836 770 ἀπότομον
867 693 924 752 δὲ
949 695 1140 761 ἄλλως
1178 697 1267 752 καὶ
1302 695 1477 753 δεινὸν
1517 697 1569 754 ἐν
1620 699 2014 775 βουλευμάτων

365 787 643 862 ἐντρεχείᾳ
689 786 780 841 καὶ
827 788 1068 857 ὀξύτητι.
1101 793 1158 842 ‘0
1208 785 1265 842 δὲ
1295 795 1395 858 τῆς
1445 788 1768 863 Ἡρακλείας
1819 784 2010 852 ἐπιϐὰς

362 874 429 929 τά
490 893 548 928 τε
605 871 753 929 ἄλλα
820 872 1028 950 σφόδρα
1102 872 1442 951 ἐπιστρόφως
1503 880 1612 930 τῶν
1675 875 2013 952 πραγμάτων

365 961 630 1038 ἐξηγεῖτο,
673 962 764 1020 καὶ
813 960 1060 1024 πολλοὺς
1111 962 1307 1025 αἰτίαις
1360 959 1691 1019 ὑποϐάλλων
1748 968 1855 1018 τῶν
1915 985 2012 1019 πο-

365 1051 528 1107 λιτῶν
590 1049 690 1106 οὐκ
745 1049 1003 1113 ἐλάττους
1043 1049 1389 1128 ἐτιμωρεῖτο,
1449 1053 1522 1114 ὡς
1579 1053 1745 1107 πάλιν
1803 1049 2008 1108 ἀποϐα-

363 1139 477 1196 λεῖν
506 1137 702 1203 αὐτοὺς
730 1141 828 1208 τὴν
867 1138 1031 1213 μόλις
1062 1139 1407 1214 ἐπιφανεῖσαν
1441 1139 1810 1215 εὖδαιμονίαν.

2126 610 2349 666 minata
2412 611 2667 676 Arsinoe,
2701 610 3056 667 Heraclitum
3102 628 3168 668 eo
3219 615 3514 684 Cymaeam
3563 613 3762 679 mittit,

2122 699 2311 756 225i;
2348 699 2535 754 virum
2563 697 2722 754 illius
2753 700 3156 756 observantem
3204 707 3260 756 et
3299 702 3760 767 studiosum,sed

2123 787 2341 860 alioqui
2390 789 2780 859 praefractum,
2812 793 2868 844 et
2899 788 2958 843 in
2991 790 3247 846 consiliis
3278 791 3486 846 dandis
3511 795 3570 847 et
3597 806 3768 846 exse-

2124 879 2375 951 quendis
2403 893 2686 950 perquam
2721 877 3080 934 industrium
3111 883 3169 934 et
3197 895 3406 935 acrem.
3428 879 3534 936 Hic
3565 879 3769 952 praefe-

2121 972 2252 1024 ctus
2282 966 2590 1036 Heracleae,
2624 983 2756 1022 cum
2788 967 2931 1022 alias
2971 984 3062 1024 res
3094 968 3272 1024 nimis
3303 967 3484 1038 rigide
3514 967 3769 1024 adminio

2123 1060 2294 1123 strat,
2326 1060 2448 1112 tum
2498 1055 2712 1111 multos
2762 1055 2976 1111 civium
3019 1057 3365 1112 criminibus
3408 1063 3633 1125 onerat,
3669 1073 3772 1113 nec

2124 1144 2431 1217 pauciores
2482 1143 2766 1215 supplicio
2816 1143 2996 1200 afﬁcit
3029 1161 3042 1198 :
3087 1152 3140 1201 et
3171 1147 3253 1201 sic
3285 1145 3618 1202 felicitatem
3650 1145 3772 1201 vix-

2125 1233 2266 1288 dum
2299 1237 2558 1288 exortam
2589 1232 2746 1288 cives
2773 1232 2962 1288 denuo
2991 1233 3354 1289 amittebant.

616 1343 754 1398 CAP.
782 1341 875 1399 lX.
911 1373 975 1384 -
1006 1343 1080 1398 De
1109 1343 1430 1414 Lysimachi
1449 1344 1749 1415 parricidio
1777 1344 1837 1399 in
1858 1343 2045 1414 ﬁlium
2075 1341 2448 1412 Agathoclem,
2478 1341 2712 1398 consilio
2736 1356 3006 1411 novercae,
3035 1342 3256 1413 ejusque
3273 1342 3522 1398 interitu.

443 1451 500 1503 Ὀ
561 1447 744 1520 μέντοι
807 1449 1130 1523 Λυσίμαχος
1195 1447 1508 1524 περιδρομῇ
1575 1451 1860 1524 Ἀρσινὸης
1917 1451 2014 1505 τὸν

365 1535 580 1611 ἄριστον
640 1539 750 1590 τῶν
804 1533 1016 1590 παίδων
1074 1535 1164 1591 καί
1234 1533 1598 1612 πρεσϐύτερον
1674 1537 2018 1615 Ἀγαθοκλέα

364 1625 449 1700 (ἐκ
474 1623 752 1699 προτέρων
811 1621 869 1679 δὲ
933 1627 1032 1704 φὺς
1073 1627 1140 1696 ἧν
1195 1624 1344 1699 αἶ)τῷ
1398 1627 1614 1702 γάμων)
1664 1629 1782 1683 κατ’
1840 1629 2016 1702 ἀρχὰς

370 1715 465 1788 μὲν
497 1713 810 1768 λανθάνοντι
863 1715 1159 1790 φαρμάκῳ,
1212 1715 1419 1771 ἐκείνου
1471 1713 1529 1770 δὲ
1576 1719 1713 1772 κατά
1759 1717 2018 1792 πρόνοιαν

366 1803 732 1891 ἐξεμεθέντος,
763 1800 1116 1891 ὄιναιδεστάτῃ
1166 1800 1563 1880 διαχειρίζεται
1609 1807 1803 1882 γνώμῃ
1827 1890 1830 1891 ν
1851 1825 1863 1838 '
1897 1803 2016 1861 δεσ-
2047 1828 2092 1891 Β

377 1891 649 1965 μωτηρίῳ
693 1885 952 1963 ἐμϐαλὼν
994 1891 1205 1948 κελεύει
1263 1897 1657 1965 κατακοπῆναι,
1715 1890 2015 1965 ἐπιϐουλὴν

369 1981 517 2051 αὐτῷ
559 1980 1035 2053 καταψευσάμενος
1064 1981 1130 2038 ³⁹.
1181 1983 1238 2037 Ὀ
1277 1980 1335 2037 δὲ
1384 1981 1748 2056 Πτολεμαῖος,
1798 1985 1873 2046 ὡς
1920 1985 2016 2039 αύ-

367 2069 556 2144 τόχειρ
605 2072 707 2123 τοῦ
767 2076 1073 2142 μιάσματος
1135 2069 1392 2148 ἐγεγόνει,
1443 2069 1678 2149 ἀδελφὸς
1716 2074 1783 2142 ἦν
1840 2075 2021 2147 Ἀρσι-

372 2159 528 2226 νόης,
559 2156 650 2212 καὶ
691 2156 978 2230 ἐπώνυμον
1027 2156 1132 2214 διὰ·
1157 2161 1255 2228 τήν
1286 2161 1586 2230 σκαιότητα
1631 2161 1720 2215 καὶ
1760 2163 2018 2217 ἀπόνοιαν

367 2247 460 2302 τὸν
501 2246 773 2320 Κεραυνὸν
831 2241 1034 2321 ἔφερεν.
1088 2252 1149 2306 Ὁ
1186 2247 1365 2303 τοίνυν
1415 2249 1739 2324 Λυσίμαχος
1788 2248 1875 2306 διὰ
1920 2254 2021 2320 τήν

373 2333 758 2390 παιδοκτονίαν
821 2335 979 2408 μῖσός
1026 2357 1087 2392 τε
1144 2336 1356 2392 δίκαιον
1401 2338 1548 2413 παρὰ
1596 2343 1703 2394 τῶν
1757 2339 2016 2410 ὓπηκόων

369 2419 668 2498 ἐλάμϐανε,
729 2425 819 2478 καὶ
880 2423 1148 2488 Σέλευκος
1185 2431 1355 2482 ταῦτα
1420 2429 1748 2500 πυθόμενος,
1805 2429 1896 2483 καὶ
1945 2429 2022 2491 ὡς

369 2515 591 2594 εὐχερὲς
641 2514 726 2585 εἳη
766 2519 958 2570 τοῦτον
1009 2515 1316 2591 παραλῦσαι
1365 2524 1466 2587 τῆς
1507 2518 1710 2592 ἀρχῆς,
1758 2522 1866 2573 τῶν
1917 2519 2021 2573 πό-

370 2601 514 2658 λεων
576 2602 958 2680 ἀφισταμένων
1031 2603 1218 2674 αὐτοῦ,
1303 2605 1491 2680 μάχην
1565 2606 1819 2660 συνάπτει
1884 2607 2021 2680 πρὸς

372 2696 563 2751 αὐτόν.
621 2696 719 2750 Καὶ
776 2695 962 2751 πίπτει
1039 2695 1090 2750 ἐν
1156 2700 1237 2768 τῷ
1290 2697 1524 2769 πολέμῳ
1599 2697 1922 2777 Λυσίμαχος
1975 2701 2023 2736 ⁴⁰

371 2783 569 2856 παλτῷ
610 2781 838 2858 βληθείς
871 2803 884 2818 ο
939 2784 968 2839 ὁ
1000 2782 1058 2839 δὲ
1107 2784 1292 2858 βαλὼν
1334 2786 1472 2860 ἂνὴρ
1505 2783 1892 2860 Ἡρακλεώτης
1930 2786 2024 2858 ἦν,

367 2874 494 2947 [371
546 2873 638 2945 Η.]
670 2868 847 2944 ὄνομα
893 2872 1190 2942 Μαλάκων,
1224 2873 1327 2928 ὑπὸ
1383 2871 1640 2946 Σελεύκῳ
1669 2874 2020 2947 ταττόμενος.

366 2958 637 3022 Πεσόντος
666 2956 724 3014 δὲ
771 2961 806 3028 ἡ
865 2959 1062 3014 τούτου
1113 2960 1260 3035 ἀρχή
1316 2962 1765 3035 προσχωρήσασα
1806 2967 1875 3036 τῇ
1927 2967 2024 3018 τοῦ

363 3047 643 3103 Σελεύκου
704 3046 868 3122 μέρος
926 3049 1181 3120 κατέστη.
1242 3047 1400 3106 Ἀλλ’
1474 3049 1698 3105 ἐνταῦθα
1763 3051 1860 3124 μὶν
1934 3052 2024 3107 καὶ

361 3138 431 3194 τὸ
464 3139 540 3212 ιβ’
563 3144 664 3207 τῆς
695 3138 980 3211 Μέμνονος
1011 3137 1252 3214 ἱστορίας
1280 3136 1462 3214 λήγει.

2197 1451 2482 1506 Ceterum
2542 1448 2954 1519 Lysimachus,
3013 1449 3220 1505 fraude
3285 1451 3583 1517 Arsinoes,
3634 1453 3774 1506 natu

2127 1540 2446 1594 maximum
2502 1544 2560 1594 et
2614 1540 2899 1608 Optimum
2959 1538 3236 1604 ﬁliorum,
3296 1536 3700 1609 Agathoclem,
3743 1555 3775 1593 e

2126 1629 2318 1700 priore
2360 1628 2469 1684 sibi
2503 1628 2754 1700 conjuge
2783 1633 3011 1693 uatum,
3045 1627 3235 1699 primo
3283 1628 3521 1698 quidem
3551 1644 3774 1683 veneno

2125 1717 2503 1786 clanculario,
2535 1718 2632 1772 sed
2674 1721 2895 1788 postea,
2926 1717 3036 1772 hoc
3089 1733 3188 1786 per
3219 1717 3501 1772 vomitum
3536 1717 3771 1788 rejecto,

2125 1805 2410 1861 sententia
2439 1804 2955 1875 impudentissima
2974 1804 3315 1861 damnatum
3340 1809 3528 1862 necat.
3555 1804 3619 1859 In
3651 1820 3778 1860 car-

2125 1910 2315 1951 carem
2373 1895 2530 1951 enim
2581 1897 2950 1966 compactum
2983 1893 3263 1950 trucidari
3303 1894 3494 1963 jubet,
3525 1894 3773 1949 insidias

2126 1986 2275 2057 patri
2306 1988 2560 2040 structas
2591 1984 2737 2040 falso
2767 1983 3133 2039 criminatus.
3175 1983 3522 2039 Ptolemaeus
3553 1988 3772 2050 autem,

2127 2074 2228 2144 qui
2286 2089 2392 2129 sua
2441 2089 2618 2128 manu
2661 2071 2853 2128 scelus
2896 2071 2951 2127 id
3012 2073 3388 2144 perpetravit,
3425 2073 3602 2128 frater
3647 2076 3774 2127 erat

2125 2163 2420 2226 Arsinoes,
2453 2167 2510 2216 et
2541 2161 2786 2216 Cerauni
2835 2161 2916 2231 [id
2946 2165 3036 2215 est
3083 2159 3370 2231 fulminis]
3419 2175 3773 2230 cognomen-

2129 2257 2256 2308 tum
2288 2253 2360 2306 ab
2391 2251 2837 2323 importunitate
2865 2265 3092 2306 morum
3141 2254 3200 2304 et
3241 2250 3507 2305 vecordia
3556 2247 3773 2304 retulit.

2130 2339 2512 2413 Lysimachus
2542 2340 2721 2411 igitur
2753 2342 2986 2410 prepter
3024 2337 3131 2394 ﬁlii
3154 2337 3368 2394 caedem
3401 2337 3456 2392 in
3490 2336 3621 2393 odio
3652 2340 3777 2392 erat

2129 2429 2519 2486 subditorum.
2555 2431 2625 2484 Et
2652 2429 2955 2494 Seleucus,
2984 2427 3077 2484 his
3109 2427 3382 2496 cognitis,
3415 2431 3471 2482 et
3501 2427 3653 2497 quod
3691 2426 3773 2481 fa-

2130 2517 2240 2574 cile
2269 2516 2347 2573 sit
2377 2534 2556 2590 regno
2589 2516 2889 2572 hominem
2916 2521 3206 2582 excutere,
3237 2514 3572 2570 civitatibus
3604 2514 3676 2568 ab
3706 2529 3773 2569 eo

2131 2607 2556 2672 deﬁcientibus,
2588 2604 2858 2677 prcelium
2909 2620 3041 2659 cum
3107 2620 3172 2659 eo
3227 2602 3498 2669 conserit,
3541 2602 3600 2656 in
3659 2617 3772 2672 quo

2133 2697 2542 2766 Lysimachus,
2573 2694 2714 2749 dum
2760 2693 2982 2748 fortiter
3028 2693 3289 2760 dimicat,
3331 2691 3446 2762 pilo
3497 2690 3775 2762 trajectus

2131 2786 2398 2842 occubat.
2432 2785 2683 2853 Trajecit
2730 2786 2926 2838 autem
2967 2780 3055 2836 vir
3094 2779 3507 2843 Heracliensis,
3537 2779 3775 2834 nomine

2131 2873 2660 2942 Halacon,Seleuco
2685 2870 2967 2938 militans,
2991 2869 3390 2941 subversaque
3411 2884 3499 2936 eo,
3533 2882 3778 2940 regnum

2135 2964 2208 3020 ad
2238 2963 2465 3020 Seleuci
2514 2960 2797 3016 ditionem
2841 2961 2932 3027 (ut
2975 2958 3132 3030 pars)
3163 2956 3432 3015 accessit.
3466 2960 3534 3012 Et
3563 2956 3658 3012 hic
3697 2973 3778 3011 xu

2135 3049 2468 3107 Memnonis
2490 3048 2642 3104 liber
2669 3048 2988 3105 historicus
3013 3047 3251 3103 desinit.

1007 3250 1142 3306 CAP.
1170 3250 1242 3306 X.
1271 3282 1341 3292 —
1369 3251 1762 3317 Hcraclienscs,
1792 3254 2022 3323 expulso
2051 3261 2306 3324 tyranno,
2337 3267 2394 3308 se
2424 3254 2477 3308 in
2516 3251 2828 3309 libertatem
2854 3257 3134 3308 asserunt.

442 3358 527 3412 Ἐν
579 3354 638 3411 δὲ
681 3361 761 3429 τῷ
805 3360 875 3431 ιγ’
924 3355 1053 3421 τοὺς
1127 3357 1506 3432 ’Ἡρακλεώτας
1570 3359 1716 3433 λέγει
1772 3360 2016 3435 πυθομέ-

356 3464 491 3506 νους
520 3445 564 3480 ⁸¹
595 3445 696 3515 τὴν
737 3443 1004 3520 ἀναίρεσιν
1054 3446 1378 3521 Λυσιμάχου
1407 3448 1496 3502 καί
1538 3447 1614 3509 ὡς
1646 3445 1729 3518 ε’ίη
1765 3449 1792 3502 ὁ
1826 3452 2016 3504 τοῦτον

353 3534 679 3596 ἀπεκτονὼς
737 3532 1141 3607 Ἡρακλεώτης,
1199 3533 1296 3599 τᾶς
1343 3556 1402 3590 τε
1466 3537 1692 3612 γνώμας
1740 3536 2016 3613 ἅναῤῥών-

356 3625 554 3678 νυσθαι
584 3622 675 3677 καὶ
728 3624 866 3698 πρὸς
905 3623 996 3677 τὸν
1053 3629 1152 3692 τῆς
1183 3623 1492 3700 ἐλευθερίας
1539 3623 2013 3700 ἀνδραγαθίζεσθαι

353 3708 561 3780 πόθον,
619 3713 680 3782 ἣν
739 3710 785 3767 δ’
842 3713 933 3767 καὶ
973 3717 1028 3767 π’
1085 3710 1255 3768 ἔτεσιν
1317 3715 1419 3769 ὑπό
1458 3723 1516 3769 τὲ
1570 3718 1678 3769 τῶν
1731 3713 2012 3790 ἐμφυλίων

351 3799 633 3873 τυράννων
687 3800 778 3855 καὶ
849 3802 964 3873 μετ’
1029 3800 1265 3864 ἐκείνους
1326 3803 1429 3858 ὑπὸ
1490 3805 1814 3878 Λυσιμάχου
1881 3805 2016 3882 ἀφῄο

360 3909 554 3964 ρηντο.
630 3887 951 3963 Προσῆλθον
1011 3888 1102 3944 οὗν
1161 3891 1426 3964 πρότερον
1495 3889 1844 3965 Ἡρακλείδῃ,
1902 3892 2014 3946 πείο

355 3980 549 4039 θοντες
591 3977 751 4034 αὐτὸν
798 3979 893 4050 μὲν
947 3978 1211 4054 ἐκχωρεῖν
1255 3986 1356 4049 τῆς
1406 3979 1643 4051 πόλεως,
1695 3981 1798 4036 οὐκ
1833 3981 2017 4048 ἀπαθῆ

351 4069 544 4122 κακῶν
596 4066 783 4139 μόνον,
833 4064 980 4121 ἀλλὰ
1025 4067 1119 4122 καὶ
1169 4067 1450 4142 λαμπροῖς
1489 4065 1689 4143 δώροις
1738 4067 2019 4144 ἐφοδιαζό-

359 4174 553 4230 μενον,
611 4153 695 4232 ἐφ’
753 4156 799 4227 ᾧ
855 4157 958 4226 τὴν
1029 4155 1338 4232 ἐλευθερίαν
1410 4156 1644 4221 ἐκείνους
1701 4154 2013 4215 ἀναλαϐεῖν.

2202 3364 2266 3418 In
2322 3380 2423 3418 xm
2468 3363 2746 3435 deinceps
2798 3363 2919 3419 haec
2969 3365 3412 3431 commemorat,
3442 3360 3778 3417 Heraclien-

2126 3469 2238 3518 ses,
2298 3452 2496 3509 audito
2555 3453 2880 3526 Lysimachi
2934 3453 3193 3520 interitu,
3252 3458 3310 3507 et
3370 3451 3523 3523 quod
3584 3466 3617 3504 ει
3673 3466 3775 3522 po-

2126 3541 2315 3614 pulari
2370 3559 2476 3598 suo
2536 3557 2645 3597 nex
2706 3541 2757 3596 ei
2820 3541 2978 3596 illata
3050 3549 3222 3610 esset,
3281 3541 3509 3596 animos
3567 3541 3775 3597 contir-

2127 3636 2312 3696 mant,
2363 3635 2421 3687 et
2478 3647 2579 3701 pro
2637 3629 2923 3686 libertatis
2996 3631 3404 3702 recuperanda:
3481 3628 3768 3684 desiderio

2126 3719 2305 3775 fortes
2351 3736 2412 3775 se
2443 3720 2600 3775 viros
2631 3719 2948 3786 declarant,
2983 3708 3159 3791 quam
3213 3733 3313 3789 per
3360 3733 3547 3772 annos
3577 3717 3648 3770 84
3684 3724 3768 3786 ty-

2126 3809 2294 3864 ranni
2329 3808 2656 3874 domestici,
2687 3813 2742 3864 et
2773 3812 2901 3880 post
2939 3823 3035 3862 eos
3068 3805 3476 3879 Lysimachus,
3509 3809 3765 3875 ereptam

2125 3901 2454 3953 tenuerant.
2505 3899 2695 3960 Quare
2754 3894 3110 3951 Heraclidem
3167 3893 3536 3961 conveniunt,
3595 3897 3649 3948 et
3709 3897 3773 3947 ut

2127 4000 2245 4040 non
2277 3989 2505 4040 tantum
2541 3983 2735 4040 salvus
2773 3987 2831 4038 et
2872 3982 3208 4050 incolumis,
3234 3983 3334 4037 sed
3380 3984 3549 4038 etiam
3582 3980 3774 4054 splen-

2129 4074 2263 4130 dido
2279 4089 2587 4129 munerum
2610 4071 3166 4128 viaticoinstructus
3187 4070 3440 4138 excedat,
3458 4068 3768 4142 pristinam

2128 4164 2298 4219 modo
2346 4162 2672 4218 libertatem
2725 4161 3047 4219 obtineant.
3082 4161 3348 4217 suadent.
3381 4161 3452 4213 At
3490 4174 3622 4214 eum
3655 4162 3771 4212 tam

357 4247 456 4306 Ὡς
504 4240 562 4297 δὲ
611 4242 672 4299 ού
724 4244 888 4317 μόνον
942 4244 1043 4302 οὐκ
1097 4243 1332 4317 ἔπειθον,
1382 4246 1529 4302 ἀλλᾶ
1583 4247 1673 4303 καὶ
1730 4247 1808 4312 εἷς
1844 4249 2015 4323 ὀργὴν

358 4332 662 4388 ἐκπεσόντα
721 4330 870 4390 εἶδον
947 4335 1040 4390 καί
1107 4356 1258 4399 τινας
1324 4336 1499 4392 αὐτῶν
1576 4337 1667 4392 καὶ
1722 4338 2016 4411 τιμωρίαις

2130 4354 2267 4396 num
2298 4339 2744 4407 inﬂammari,et
2775 4338 3092 4395 nonnullos
3123 4339 3195 4393 de
3226 4335 3351 4392 suis
3372 4337 3444 4392 ad
3477 4334 3769 4408 supplicia

360 4420 652 4496 ὁπόγοντα,
706 4425 836 4496 [716
911 4425 1004 4496 3.]
1074 4426 1339 4496 συνθήκας
1413 4425 1630 4498 θέμενοι
1688 4427 1827 4501 πρὸς
1889 4425 2016 4488 τοὺς

2130 4427 2252 4500 rapi
2288 4428 2360 4484 ab
2392 4442 2459 4484 eo
2495 4426 2780 4490 viderent,
2813 4431 2980 4499 pacto
3021 4442 3156 4483 cum
3189 4425 3447 4499 praesidii
3487 4423 3770 4498 praefectis

359 4510 754 4587 φρουράρχους
807 4513 861 4567 οἱ
899 4512 1147 4585 πολῖται,
1199 4514 1253 4568 αἳ
1302 4516 1404 4584 τήν
1436 4516 1483 4550 ⁴²
1534 4535 1591 4570 τε
1648 4513 2015 4570 ἰσοπολιτείαν

2130 4517 2293 4583 inito,
2325 4522 2387 4572 ut
2414 4515 2621 4588 mquali
2651 4516 2711 4571 in
2744 4515 3041 4587 republica
3063 4517 3198 4587 jure
3228 4519 3623 4581 uterentur,et
3647 4513 3774 4585 qui-

359 4599 553 4660 αὐτοῖς
610 4597 801 4674 ἔνεμον
860 4602 950 4658 καὶ
1006 4602 1134 4665 τοὺς
1188 4601 1418 4678 μισθοὺς
1475 4599 1662 4659 λαϐεῖν
1731 4601 1804 4659 ὦν
1868 4602 2012 4659 ἐστέο

2130 4605 2238 4662 bus
2269 4605 2518 4661 fraudati
2569 4613 2762 4661 essent
2809 4605 3099 4673 stipendia
3137 4603 3482 4676 reciperent,
3514 4601 3770 4658 Heracli-

361 4708 537 4764 ρηντο
576 4690 646 4759 ⁴³,
679 4685 1131 4764 συλλαμϐάνουσι
1158 4693 1250 4747 τὸν
1281 4691 1642 4767 Ἡρακλείδην
1686 4695 1774 4748 καὶ
1809 4692 2017 4773 φυλατ-

2130 4695 2259 4751 dem
2289 4694 2350 4749 in
2397 4693 2630 4750 vincula
2659 4695 2988 4763 conjectum
3020 4694 3091 4748 ad
3123 4697 3359 4764 tempus
3409 4691 3770 4746 custodiunt.

357 4778 598 4851 τόμενον
631 4779 780 4854 εἶχον
833 4777 923 4835 ἐπὶ
980 4783 1207 4860 χρόνον.
1253 4784 1484 4838 Ἐκεῖθεν
1535 4781 1790 4857 λαμπρὰς
1835 4780 2017 4846 ἀδείας

2130 4785 2283 4840 Metu
2322 4783 2537 4838 dehinc
2588 4782 2785 4850 soluti,
2821 4782 3036 4837 mania
3065 4783 3215 4837 arcis
3263 4782 3332 4837 ad
3391 4781 3773 4835 fundamenta

359 4861 652 4937 λαϐόντες,
707 4873 809 4934 τῆς
862 4890 920 4925 τε
986 4871 1341 4945 ἀκροπόλεως
1396 4870 1595 4950 μέχρις
1654 4871 1884 4949 ἐδάφους
1949 4873 2018 4928 τὰ

2130 4890 2314 4946 usque
2344 4874 2535 4931 226a
2577 4873 2843 4938 diruunt,
2884 4878 2940 4928 et
2972 4871 3150 4928 missa
3179 4872 3251 4927 ad
3280 4868 3588 4926 Seleucum
3618 4866 3772 4940 lega-

355 4956 525 5034 τείχη
559 4952 886 5032 κατέϐαλον,
927 4960 1018 5015 καὶ
1049 4961 1185 5034 πρὸς
1227 4959 1493 5017 Σέλευκον
1548 4957 2018 5036 διεπρεσϐεύοντο,

2130 4965 2299 5030 tione,
2322 4963 2658 5021 Phocritum
2710 4963 2960 5019 civitatis
2991 4961 3314 5034 principem
3359 4964 3418 5017 et
3446 4963 3768 5016 curatorem

354 5052 462 5116 τῆς
490 5046 711 5111 πόλεως
744 5047 1091 5122 ἐπιμελητήν
1131 5050 1574 5126 προστησάμενοι
1607 5052 1918 5126 Φώκριτον.
2125 5052 2362 5109 faciunt.
3769 5062 3774 5066 “

2128 4251 2328 4324 procul
2359 4251 2547 4307 abfuit
2576 4254 2643 4307 ut
2671 4250 3107 4322 persuaderent,
3138 4253 3202 4303 ut
3241 4247 3413 4303 etiam
3448 4247 3536 4302 ira
3573 4250 3772 4320 tyran-

1260 5161 1394 5220 Car.
1435 5161 1529 5218 XI.
1561 5193 1630 5202 —
1659 5163 1887 5234 Zipwtes
1916 5162 2192 5234 Bithynas
2225 5162 2604 5218 Hcraclienses
2633 5162 2882 5230 infestat.

436 5264 697 5335 Ζιποίτης
749 5263 807 5321 δέ
865 5267 894 5322 ὁ
952 5269 1194 5324 Βιθυνῶν
1264 5268 1542 5346 ἐπάρχων,
1602 5269 1816 5344 ἐχθρῶς
1875 5262 2020 5344 ἔχων

2200 5273 2273 5326 At
2301 5270 2564 5342 Zipoetes,
2589 5270 2868 5342 Bithyniae
2913 5269 3164 5343 regulus,
3190 5267 3546 5326 Heracleotis
3577 5267 3771 5325 infen-

353 5353 772 5427 Ἡρακλεώταις
837 5357 1102 5433 πρότερον
1174 5358 1269 5432 μὶν
1344 5356 1433 5414 διὰ
1496 5358 1837 5433 Λυσίμαχον,
1897 5357 2021 5412 τότε

2130 5367 2252 5425 sus,
2305 5365 2474 5416 antea
2519 5359 2870 5431 Lysimachi,
2911 5362 3048 5415 tunc
3099 5359 3276 5415 etiam
3325 5357 3548 5414 Seleuci
3597 5373 3773 5415 causa

1728 5496 1970 5552 VARI/E
2011 5495 2419 5552 LECTIONES.

360 5617 983 5766 συ;τ’γ›ιαὲιι.ιδειιδόμενος
1016 5623 1098 5697 ς.
1175 5623 1220 5659 ‘°
1247 5619 1378 5681 πολ.
1413 5624 1441 5679 ὁ
1473 5622 1791 5700 Λυσίμαχος
1815 5625 1898 5699 ς.
1974 5625 2019 5662 ⁴¹
2051 5623 2406 5697 πειθομένους
2440 5623 2522 5698 ς.
2599 5625 2644 5661 ⁴²
2674 5621 2730 5679 αἵ
2767 5627 2812 5682 Α
2845 5641 2858 5681 :
2893 5622 2948 5679 o'i
2976 5625 3058 5699 ς.
3135 5628 3180 5662 ⁸³
3212 5625 3500 5698 ἐστέρηντο
3530 5622 3770 5694 ἤλπιζον
