4116 6224
386 356 499 419 891
1588 363 1857 425 PHOTII
1900 361 2065 423 ΡΑΤΙ

2178 363 2428 424 ιῐῖΟΗλΕ
2474 364 2595 424 CP.
3679 358 3800 423 892

388 497 551 564 (nam
584 510 716 553 cum
739 500 985 570 utroque
1015 498 1336 555 simultates
1365 498 1660 571 habebat),
1690 500 2040 556 excursioni-

2178 500 2213 554 ἱὲ
2268 495 2359 552 διὰ
2414 496 2681 553 Σέλευκον
2737 494 3022 575 (διάφορος
3076 496 3181 571 γὰρ
3238 497 3305 565 ἦν
3360 494 3645 569 ἑκατέρῳ),
3702 496 3801 563 τήν

389 587 499 643 bus
529 588 588 643 in
621 605 755 659 agro
785 605 983 645 eorum
1020 590 1204 661 factis,
1237 608 1270 646 a
1301 588 1463 646 nullo
1496 591 1913 647 maleficiorum
1946 606 2037 662 ge-

2179 590 2259 644 ατ’
2309 590 2487 644 αὐτῶν
2546 586 2875 661 ἐπιδρομὴν,
2937 584 3066 662 ἔργα
3116 588 3408 648 κακώσεως
3459 584 3801 653 ἀποδεικνὺς,

393 692 527 733 nere
577 676 883 733 abstinuit.
931 679 1227 735 Exercitus
1278 684 1472 735 tamen
1530 682 1677 752 ejus,
1710 681 1850 736 dum
1905 681 2037 736 huic

2178 681 2388 732 ποιεῖτο
2422 694 2437 711 θ
2490 675 2551 731 οἷ)
2600 677 2707 750 μὴν
2760 674 2885 731 οὐδὲ
2933 676 2995 731 τὸ
3042 676 3211 731 αὐτοῦ
3264 679 3573 743 στράτευμα
3620 679 3800 729 κακῶν

393 764 623 835 negotio
658 766 967 835 incumbit,
1000 767 1255 823 cladium
1290 785 1405 825 non
1439 786 1643 840 expers
1675 775 1783 837 est,
1803 770 1899 826 sed
1922 786 2037 825 non

2181 770 2365 829 παθεῖς
2431 763 2694 839 ἔπραττον
2761 767 2894 840 ἅπερ
2951 764 3235 841 ἔπραττον,
3295 762 3537 839 ἔπασχον
3604 763 3661 820 δὶ
3707 766 3801 819 καὶ

396 852 581 910 multo
614 854 899 922 mitiores,
933 872 1105 927 quam
1137 858 1335 926 infert,
1367 858 1587 929 recipit.

2182 857 2301 913 ύτοὶ
2333 858 2406 911 ὧν
2440 853 2610 932 ἔδρων
2645 856 2713 911 οὐ
2745 856 2881 911 κατὰ
2910 855 3053 911 πολὺ
3084 855 3405 929 ἀνεκτότερα
3436 856 3500 911 “.

642 965 773 1020 Cap.
806 965 927 1021 XII.
962 996 1031 1007 —-
1070 967 1283 1023 Seleuci
1312 969 1378 1023 ab
1410 969 1846 1025 Heraclz’ensibus
1875 969 2163 1025 alienatio.
2198 969 2463 1025 Exsulum
2494 968 2703 1023 reditus
2740 973 2794 1024 et
2832 967 3154 1039 reipublicae
3184 967 3547 1022 instauratio.

467 1070 588 1125 Sub
623 1071 745 1127 haec
768 1072 1045 1127 Seleucus
1077 1074 1487 1144 Aphrodisium
1515 1080 1942 1145 procuratorem
1976 1075 2034 1130 in

2219 1075 2304 1129 Ἐν
2350 1073 2528 1145 τούτῳ
2579 1070 2634 1128 δὲ
2684 1073 2949 1136 Σέλευκος
2996 1069 3343 1145 Ἀφροδίσιον
3395 1070 3600 1143 πέμπει
3649 1067 3797 1123 διοι-

391 1160 607 1231 Oppida
657 1160 941 1233 Phrygiae,
979 1178 1102 1233 quae
1159 1164 1427 1234 adjacent
1468 1165 1667 1231 Ponto,
1703 1165 1900 1220 mittit.
1936 1164 2037 1219 Hic

2180 1165 2319 1233 ητὴν
2371 1162 2447 1225 εἴς
2495 1184 2551 1217 τε
2580 1163 2676 1223 τάς
2724 1161 2774 1217 έν
2828 1161 3036 1237 Φρυγίᾳ
3086 1160 3279 1222 πόλεις
3326 1161 3415 1214 καὶ
3475 1160 3570 1220 τὰς
3636 1160 3798 1233 ὑπερ-

398 1248 577 1305 rebus
609 1265 853 1320 quarum
906 1266 1078 1306 causa
1119 1259 1354 1307 venerat
1394 1253 1694 1322 confectis,
1728 1260 1854 1325 post
1886 1253 2037 1310 redi.

2178 1251 2398 1325 ,ειμένας
2436 1256 2530 1306 τοῦ
2577 1252 2805 1307 Πόντου.
2841 1252 2897 1303 Ὀ
2950 1248 3026 1320 δὲ,
3078 1248 3509 1325 διαπραξάμενος
3554 1246 3586 1302 ἃ
3636 1243 3801 1303 ἐϐού-

396 1341 545 1407 tum,
578 1339 635 1394 in
667 1338 912 1394 aliarum
961 1341 1200 1411 quidem
1233 1341 1529 1397 civitatum
1576 1342 1747 1397 laude
1779 1342 2038 1414 prolixus

2178 1362 2273 1397 ,ετο
2315 1343 2406 1397 καὶ
2448 1340 2704 1411 ἐπανιὼν,
2755 1345 2862 1395 τῶν
2914 1340 3008 1412 μὲν
3057 1338 3243 1395 ἅλλῶν
3290 1338 3507 1394 πόλεων
3556 1336 3609 1392 ἐν
3647 1337 3803 1392 ἐπαί-

397 1432 543 1495 erat,
567 1428 964 1485 Heraclienses
995 1436 1192 1485 autem
1244 1431 1663 1487 criminabatur
1706 1436 1771 1487 ut
1800 1434 2039 1488 Seleuco

2183 1452 2264 1492 οις
2324 1431 2414 1499 ἦν,
2473 1429 2863 1503 ’Ἡρακλεωτῶν
2922 1426 2979 1483 δὲ
3034 1430 3326 1501 κατηγόρει
3409 1429 3486 1501 μή
3544 1427 3804 1487 εὐνοϊκῶς

400 1534 609 1588 parum
656 1517 939 1577 addictos.
990 1519 1268 1576 Seleucus
1318 1536 1475 1593 ergo,
1510 1520 1618 1575 hoc
1648 1520 1931 1587 irritatus,
1960 1521 2042 1577 le-

2180 1540 2297 1595 χειν
2350 1525 2466 1581 τοῖς
2531 1524 2628 1574 τοῦ
2687 1518 2954 1574 Σελεύκου
3012 1518 3353 1592 πράγμασιν.
3414 1518 3527 1592 Ὑφ’
3586 1518 3648 1570 οὗ
3708 1516 3806 1571 Σέ-

401 1611 567 1679 gates
595 1607 666 1661 ad
700 1623 761 1662 se
792 1610 1073 1679 profectos
1106 1610 1343 1678 fastidit,
1377 1615 1432 1665 et
1476 1611 1652 1665 minis
1684 1610 2042 1680 increpitans

2178 1630 2345 1673 .euxo;
2373 1609 2724 1682 παροξυνθεὶς
2761 1609 2891 1671 τούς
2929 1628 2987 1662 τε
3035 1608 3173 1682 πρὸς
3224 1606 3385 1661 αὐτὸν
3437 1605 3804 1680 ἀφικομένους

401 1701 594 1753 terret.
624 1700 883 1761 Quorum
934 1703 1124 1754 tamen
1169 1715 1321 1755 unus
1369 1700 1732 1756 Chamaeleon
1776 1701 1919 1755 nihil
1952 1700 2045 1757 his

2178 1694 2404 1773 πρέσϐεις
2460 1698 2841 1769 άπειλητικοῖς
2900 1695 3213 1777 έξεφαύλιζε
3272 1694 3463 1772 λόγοις
3529 1695 3620 1751 καὶ
3672 1715 3805 1749 κατ-

403 1786 726 1856 perculsus,
758 1786 839 1841 ita
894 1804 1086 1859 regem
1137 1789 1497 1859 compellat:
1542 1790 1798 1845 Hercule:
1844 1806 2044 1845 can-on

2178 1785 2432 1856 πληττεν,
2468 1786 2585 1848 ἑνὸς
2615 1790 2711 1840 τοῦ
2746 1783 3161 1859 Χαμαιλὲοντος
3191 1782 3348 1839 οὐδὲν
3392 1782 3810 1859 όῤῥωδήσαντος

404 1876 624 1933 Seleuce
656 1873 893 1949 (κάῤῥων
924 1882 1118 1933 autem
1151 1878 1531 1935 Doriensibus
1578 1895 1705 1935 eum
1755 1880 2047 1951 signiﬁcat

2178 1877 2248 1937 ·ὰς
2308 1874 2553 1945 ἀπειλὰς,
2610 1874 2758 1930 ἀλλᾶ
2815 1874 3077 1952 φαμένου,
3131 1873 3411 1947 Ἡρακλῆς
3466 1874 3511 1909 ⁸⁵
3586 1871 3804 1945 κάρῥων

404 1969 501 2039 qui
532 1972 622 2023 est
651 1968 894 2039 fortior).
928 1971 1112 2035 Quam
1144 1986 1341 2025 vocem
1373 1986 1506 2025 cum
1554 1986 1650 2025 rex
1682 1987 1795 2026 non
1827 1969 2042 2025 intellio

2178 1966 2387 2020 ἰέλευκε
2447 1964 2685 2041 (κάρρων
2718 1967 2762 2000 ⁴⁸
2820 1961 2876 2018 δὲ
2933 1964 2961 2017 ὁ
3012 1962 3365 2038 ἰσχυρότερος
3422 1962 3570 2034 παρὰ
3628 1971 3810 2036 Δωρι-

404 2061 584 2126 geret,
616 2062 897 2127 concepta
925 2057 985 2113 in
1027 2058 1108 2113 ira
1143 2059 1480 2129 persistens,
1505 2076 1567 2115 se
1610 2059 1831 2115 avertit.
1866 2060 2047 2131 Lega-

2183 2059 2343 2124 ὖσιν).
2385 2060 2440 2109 '0
2473 2052 2516 2108 δ’
2560 2054 2653 2108 οὖν
2698 2053 2965 2115 Σέλευκος
3004 2053 3067 2107 τὸ
3122 2054 3215 2124 μὲν
3256 2052 3416 2125 ῥηθὲν
3458 2052 3524 2105 οὐ
3555 2057 3808 2118 συνῆκεν,

406 2145 483 2200 tis
512 2145 710 2215 igitur,
737 2161 925 2216 neque
947 2148 1186 2201 domum
1211 2148 1621 2219 redire,neque
1644 2147 1765 2203 illic
1788 2164 2044 2215 manere,

2178 2148 2329 2220 ὶργῆς
2384 2143 2432 2199 δ’
2497 2146 2571 2207 ὡς
2625 2145 2767 2219 εἶχε,
2830 2144 2917 2199 καὶ
2980 2144 3330 2216 ἀπετρέπετο.
3388 2146 3512 2203 Τοῖς
3569 2138 3625 2195 δὶ
3681 2137 3809 2195 οὔτε

408 2248 596 2302 operas
644 2233 888 2303 pretium
922 2234 1388 2299 videbatur.0uze
1419 2253 1550 2292 cum
1587 2237 2047 2294 Heracliensibus

411 2321 906 2391 renuntiarentur,
940 2332 1063 2380 tum
1111 2326 1335 2381 caateris
1373 2341 1432 2381 se
1464 2327 1762 2392 muniunt,
1793 2332 1915 2382 tum
1954 2343 2048 2381 co-

411 2410 540 2483 pias
583 2411 893 2467 auxiliares
924 2413 1222 2485 colligunt,
1252 2420 1309 2470 et
1342 2431 1441 2486 per
1483 2416 1703 2485 legatos
1748 2415 2049 2472 Mithrida-

411 2504 555 2569 tem,
586 2500 756 2556 Ponti
803 2517 1018 2573 regem,
1051 2508 1109 2559 et
1156 2503 1503 2573 Byzantinos
1541 2509 1597 2560 et
1638 2504 2051 2561 Cbalcedonios

413 2589 483 2644 de
514 2605 623 2661 ope
653 2590 889 2647 ferenda
927 2592 1260 2648 sollicitant.
1296 2596 1359 2648 At
1389 2595 1616 2649 exsules
1666 2595 1737 2649 ab
1777 2594 2053 2650 Heraclea

413 2678 509 2747 qui
542 2687 905 2751 supererant,
937 2680 1019 2736 ita
1074 2682 1309 2739 tandem
1362 2684 1736 2739 conveniunt.
1768 2684 2051 2755 Nymphi-

414 2767 568 2833 dius,
601 2768 843 2839 quidam
876 2786 944 2825 ex
975 2786 1173 2826 eorum
1221 2787 1484 2840 numero,
1520 2773 1771 2829 reditum
1803 2772 1887 2828 eis
1918 2789 2053 2828 sua-

415 2859 511 2915 det
541 2875 554 2912 :
591 2875 695 2915 nec
731 2860 1029 2916 difficilem
1062 2861 1216 2918 hunc
1246 2879 1374 2918 esse
1414 2863 1796 2931 demonstrat,
1828 2862 1875 2918 si
1910 2862 2056 2917 nihil

417 2963 622 3004 eorum
655 2964 778 3019 quas
812 2953 1067 3021 majores
1100 2951 1433 3008 amisissent
1454 2952 1697 3009 moleste
1728 2952 2059 3007 viderentur

422 3041 477 3090 et
507 3037 844 3093 turbulente
885 3055 1202 3108 reposcere,
1235 3049 1287 3097 et
1317 3056 1492 3112 quam
1540 3040 1787 3097 minimo
1828 3041 2058 3113 negotio

2155 2235 2217 2289 τὸ
2259 2234 2566 2309 ἀναχωρεῖν
2618 2230 2827 2299 οἴκαδε,
2880 2228 3002 2287 οὔτε
3050 2232 3113 2286 τὸ
3153 2228 3484 2305 προσμένειν
3526 2226 3810 2289 λυσιτελὲς

2160 2320 2359 2392 ἐδόκει,
2420 2326 2596 2377 Ταῦτα
2662 2319 2720 2377 δὲ
2791 2320 3169 2395 ’Ἡρακλεῶται
3244 2319 3542 2393 πυθόμενοί
3617 2318 3685 2372 τά
3753 2338 3813 2372 τε

2160 2413 2302 2469 ἄλλα
2386 2413 2851 2487 παρεσκευάζοντο
2941 2414 3029 2465 καὶ
3120 2411 3450 2485 συμμάχους
3524 2407 3811 2484 ἤθροιζον,

2160 2504 2295 2578 πρός
2352 2523 2410 2557 τε
2465 2499 2799 2577 Μιθριδάτην
2853 2501 2946 2557 τὸν
3000 2499 3205 2556 Πόντου
3271 2499 3497 2574 βασιλέα
3554 2496 3818 2572 διαπρεσ-

2163 2588 2449 2665 ϐευόμενοι
2506 2592 2594 2645 καὶ
2648 2591 2784 2664 πρὸς
2844 2588 3168 2659 Βυζαντίους
3228 2590 3317 2643 καὶ
3378 2586 3814 2657 Χαλκηδονίους.

2164 2682 2225 2736 Οἱ
2268 2678 2324 2735 δὲ
2371 2678 2818 2755 περιλειπόμενοι
2863 2683 2971 2732 τῶν
3021 2679 3127 2732 ἀπὸ
3176 2676 3499 2752 Ἡρακλείας
3539 2672 3816 2755 φυγάδων,

2165 2766 2477 2849 Νύμφιδος,
2509 2769 2598 2823 καὶ
2646 2768 2810 2823 αὐτοῦ
2860 2768 2978 2829 ἑνὸς
3028 2767 3374 2842 ὑπάρχοντος
3423 2766 3652 2833 τούτων,
3691 2764 3822 2818 κάθ-

2166 2857 2291 2914 οδον
2353 2857 2747 2933 βουλεύσαντος
2796 2857 3002 2925 αὐτοῖς,
3042 2856 3133 2910 καὶ
3175 2853 3363 2931 ῥᾳδίαν
3425 2856 3558 2909 εἶναι
3610 2854 3818 2922 ταύτην

2168 2946 2588 3013 έπιδεικνύντος,
2640 2947 2685 3001 εἰ
2733 2944 2903 3019 μηδὲν
2952 2966 3024 3001 ων
3077 2947 3120 2982 ⁴⁷
3172 2946 3224 2999 οἱ
3279 2946 3543 3019 πρόγονοι
3594 2945 3825 2998 ἀπεστέ-

2173 3058 2335 3113 ρηντο
2386 3036 2538 3091 αὐτοὶ
2588 3040 2798 3113 φανεῖεν
2848 3033 3211 3111 διοχλοῦντες
3273 3036 3401 3108 [372
3471 3035 3564 3105 Η.]
3614 3031 3829 3102 ἀναλή-

424 3126 737 3195 persuasit.
770 3129 959 3193 Quare
1016 3145 1148 3183 cum
1183 3145 1248 3184 eo
1306 3111 1422 3200 quo
1471 3130 1839 3186 consuluerat
1888 3111 2059 3186 modo

2178 3111 2382 3199 ᾧεσθαι,
2432 3111 2610 3177 ἔπεισέ
2652 3144 2709 3178 τε
2760 3122 2852 3177 σὺν
2898 3127 2980 3194 τῷ
3028 3122 3229 3197 ῥᾴστῳ,
3282 3121 3373 3176 καὶ
3428 3128 3528 3190 τῆς
3580 3117 3827 3174 καθόδου

423 3210 647 3267 felicem
681 3213 966 3271 inveniret
995 3232 1333 3273 successum
1365 3218 1608 3286 reditus,
1641 3223 1767 3274 tum
1817 3219 2062 3285 reducti,

429 3302 554 3353 tum
588 3316 717 3371 quas
764 3304 977 3375 recepit
1004 3304 1133 3360 illos
1184 3308 1370 3376 patria
1398 3306 1456 3360 in
1489 3307 1786 3362 communi
1820 3315 1872 3361 et
1902 3324 2066 3379 aequa

424 3389 770 3445 versabantu
784 3391 1040 3459 r,la2titia
1069 3398 1124 3449 et
1153 3394 1469 3465 voluptate.
1505 3394 1645 3450 Nam
1676 3403 1731 3450 et
1764 3395 2065 3450 humanis-

428 3475 577 3533 sime
608 3496 706 3535 eos
753 3481 903 3538 cives
932 3485 1284 3553 tractabant,
1317 3489 1373 3540 et
1404 3484 1549 3541 nihil
1599 3484 1805 3541 horum
1836 3502 1962 3557 quae
1994 3487 2066 3541 ad

425 3567 775 3625 mediocrem
809 3570 934 3626 vitae
967 3574 1453 3629 sustentationem
1484 3574 1835 3645 conducunt,
1868 3575 2069 3631 deﬁeri

425 3656 818 3727 patiebantur.
852 3662 968 3717 Hoc
1001 3662 1201 3734 itaque
1233 3663 1404 3720 modo
1436 3662 1495 3719 in
1525 3663 1833 3736 antiquum
1866 3664 2070 3721 nobili-

423 3747 561 3802 tatis
590 3751 645 3803 et
676 3748 1128 3821 gubernationis
1158 3752 1338 3808 decus
1383 3767 1511 3808 sese
1535 3752 1925 3810 vindicarunt.

2174 3216 2233 3270 ’ὸν
2262 3210 2551 3269 ἐϐούλευσε
2597 3213 2798 3287 τρόπον
2844 3211 3214 3288 γεγενημένης
3253 3210 3307 3265 οἳ
3355 3232 3414 3265 τε
3460 3210 3828 3285 καταχθέντες

2175 3307 2263 3361 καὶ
2294 3308 2329 3375 ἡ
2373 3305 2634 3379 δεξαμένη
2668 3304 2833 3368 πόλις
2873 3303 2923 3360 ἒν
2977 3304 3196 3378 ὁμοίαις
3227 3301 3453 3374 ἡδοναῖς
3497 3302 3587 3357 καὶ
3618 3302 3829 3380 εὐφρο-

2178 3395 2359 3457 σύναις
2410 3390 2818 3469 ἀνεστρέφοντο,
2851 3393 3200 3470 φιλοφρόνως
3256 3398 3363 3447 τῶν
3419 3393 3471 3447 ἕν
3530 3394 3600 3465 τῇ
3656 3388 3828 3445 πόλει

2174 3486 2400 3545 τούτους
2465 3482 2871 3557 δεξιωσαμένων
2941 3484 3027 3539 καὶ
3090 3480 3257 3556 μηδὲν
3313 3486 3420 3537 τῶν
3486 3480 3563 3543 εἷς
3630 3479 3832 3550 αὐτάρ-

2176 3595 2323 3629 κειαν
2406 3574 2590 3636 αὐτοῖς
2668 3572 3067 3628 συντελούντων
3135 3570 3647 3646 παραλελοιπότων.
3723 3568 3834 3622 Καὶ

2180 3667 2233 3719 οἱ
2262 3662 2659 3739 Ἠρακλειῶται
2706 3663 2797 3718 τὸν
2852 3663 3139 3737 εἰρημένον
3185 3662 3389 3735 τρόπον
3439 3666 3539 3730 τῆς
3585 3656 3832 3718 παλαιᾶς

2181 3753 2447 3828 εὐγενείας
2476 3772 2533 3807 τε
2557 3752 2650 3808 καὶ
2681 3751 2965 3815 πολιτείας
2990 3745 3453 3823 ἐπελαμϐάνοντο.

922 3858 1056 3914 CAP.
1092 3859 1232 3916 XIII.
1265 3890 1334 3900 ——
1366 3859 1617 3917 Seleucus
1646 3859 1709 3915 in
1737 3860 2079 3933 expeditione
2108 3862 2455 3921 Hacedom'ca
2483 3878 2517 3917 a
2546 3862 2686 3917 Ptol.
2724 3860 2973 3917 Cerauno
2992 3859 3331 3916 trucidatur.

496 3973 571 4026 At
604 3970 904 4037 Seleucus,
937 3986 1206 4028 successu
1255 3978 1459 4028 contra
1505 3971 1907 4044 Lysimachum
1948 3970 2067 4028 ela-

425 4061 542 4130 tus,
586 4060 896 4117 transitum
946 4060 1005 4117 in
1051 4060 1453 4117 Macedoniam
1513 4060 1769 4117 instituit
1814 4060 2071 4132 (impulit

428 4151 585 4204 enim
636 4166 800 4206 amor
830 4149 1055 4222 patria,
1084 4166 1150 4207 ex
1191 4168 1302 4221 qua
1332 4152 1489 4222 (cum
1539 4150 1865 4206 Alexandro
1913 4151 2071 4205 mili-

424 4242 607 4294 tatum
641 4238 870 4312 iverat),
903 4239 1101 4311 ibique
1131 4239 1427 4312 reliquum
1459 4240 1583 4295 vitea
1615 4238 1841 4311 tempus
1884 4240 2068 4297 confi-

426 4342 552 4382 cere
588 4328 889 4385 destinans
920 4330 1079 4398 (nam
1129 4329 1289 4385 senio
1321 4330 1623 4385 confectus
1670 4330 1837 4400 erat),
1868 4328 2069 4385 Asiam

429 4416 616 4471 22Gb
673 4418 792 4472 ﬁlio
872 4417 1157 4490 Antigono
1219 4417 1667 4474 commendavit.
1730 4417 2073 4474 Ptolemzeus

429 4512 623 4562 autem
657 4507 976 4576 Ceraunus,
1014 4507 1340 4580 Lysimachi
1384 4524 1561 4580 regno
1607 4509 1714 4564 sub
1765 4508 2073 4563 arbitrium

426 4595 647 4653 Seleuci
696 4598 950 4666 redacto,
983 4603 1041 4653 et
1088 4599 1213 4669 ipse
1243 4599 1352 4653 sub
1399 4614 1466 4654 eo
1513 4598 1743 4654 vivebat
1792 4613 1807 4654 :
1848 4614 1952 4654 nec
1981 4602 2073 4654 ta-

429 4702 582 4754 men,
644 4702 747 4743 ceu
806 4686 1019 4759 captivi
1074 4687 1221 4755 loco,
1282 4688 1616 4759 neglectim,
1641 4687 1743 4744 sed
1802 4691 1864 4742 ut
1918 4687 2077 4759 regia

427 4777 682 4846 soboles,
716 4779 773 4834 in
802 4779 1015 4835 honore
1045 4785 1101 4835 et
1130 4780 1501 4835 accuratione
1530 4778 1786 4845 habitus,
1810 4779 1928 4834 imo
1958 4794 2077 4834 ma-

430 4869 658 4942 gnificis
690 4869 866 4927 etiam
900 4869 1205 4942 promissis
1233 4872 1475 4925 ornatus
1507 4884 1541 4923 a
1569 4866 1832 4938 Seleuco,
1865 4869 1984 4925 fore
2016 4872 2077 4922 ut

430 4960 705 5018 defuncto
732 4963 972 5033 parente
1001 4961 1062 5017 in
1099 4967 1407 5032 paternum
1448 4958 1675 5031 Egypti
1702 4973 1943 5030 regnum
1970 4958 2075 5015 de-

430 5051 762 5108 duceretur.
815 5053 903 5107 Ita
950 5066 1091 5106 sane
1139 5048 1452 5105 liberaliter
1509 5054 1568 5104 et
1614 5047 1933 5104 honorifice
1979 5047 2078 5105 ille

440 5143 822 5197 tractabatur.
854 5142 926 5196 At
978 5140 1271 5196 hominem
1302 5138 1637 5209 improbum
1668 5139 1815 5194 bene
1874 5138 2081 5195 merita

2253 3970 2519 4032 Σέλευκος
2579 3967 2636 4024 δὶ
2690 3974 2806 4031 τοῖς
2861 3968 3319 4042 κατωρθωμένοις
3375 3963 3510 4019 κατὰ
3566 3966 3611 4001 ⁸⁸
3670 3970 3840 4019 Λυσι-

2182 4060 2367 4134 μάχου
2410 4057 2681 4133 έπαρθεὶς,
2724 4059 2800 4118 εἰς
2849 4059 2948 4127 τήν
2994 4053 3334 4115 Μακεδονίαν
3382 4048 3677 4108 διαϐαίνειν
3718 4052 3842 4125 ὥρ-

2184 4170 2349 4224 μητο,
2398 4152 2565 4205 πόθον
2616 4144 2761 4223 ἔχων
2797 4155 2900 4218 τῆς
2955 4145 3233 4221 πατρίδος,
3267 4146 3319 4216 ἐξ
3376 4147 3444 4214 ἧς
3492 4145 3585 4198 σὺν
3645 4143 3839 4211 Ἀλεξ-

2181 4237 2362 4314 άνδρῳ
2420 4239 2758 4315 ἐστράτευτο,
2817 4239 2974 4292 κάκεῖ
3025 4240 3123 4291 τοῦ
3186 4233 3307 4308 βίου
3363 4235 3425 4288 τὸ
3483 4232 3674 4287 λεῖπον
3744 4227 3838 4283 δι-

2106 4353 2151 4415 D
2183 4331 2366 4385 ανύσαι
2415 4328 2648 4404 γηραιὸς
2685 4325 2794 4396 ἤδη
2840 4324 2914 4381 ὢν
2965 4323 3369 4398 διανοούμενος,
3411 4324 3511 4391 τήν
3561 4318 3617 4375 δὲ
3648 4320 3838 4375 Ἀσίαν

2185 4420 2482 4497 Ἀντιγόνῳ
2542 4420 2589 4456 ⁴⁹
2642 4417 2970 4493 παραθέσθαι
3026 4420 3105 4487 τῷ
3152 4412 3325 4472 παιδί,
3389 4410 3733 4484 Πτολεμαῖος
3774 4407 3841 4465 δὲ

2186 4512 2213 4565 ὁ
2245 4510 2530 4584 Κεραυνὸς,
2563 4514 2670 4563 τῶν
2703 4506 3027 4580 Λυσιμάχου
3069 4505 3406 4580 πραγμάτων
3440 4502 3544 4557 ὑπὸ
3576 4498 3840 4571 Σελεύκῳ

2181 4598 2578 4675 γεγενημένων,
2619 4597 2710 4651 καὶ
2769 4596 2929 4657 αὐτὸς
2984 4596 3068 4649 ὑπ’
3124 4594 3285 4649 αὐτὸν
3340 4592 3534 4661 ἐτέλει,
3592 4591 3696 4663 οὐχ
3754 4588 3843 4651 ὡς

2183 4686 2545 4764 αἰχμάλωτος
2570 4687 2987 4761 παρορώμενος,
3019 4682 3145 4739 ἀλλ’
3177 4685 3270 4738 οἷα
3299 4680 3367 4751 δὴ
3400 4686 3525 4743 παῖς
3557 4676 3839 4754 βασιλέως

2183 4785 2353 4851 τιμῆς
2403 4797 2461 4832 τε
2508 4777 2598 4831 καὶ
2628 4775 2889 4850 προνοίας
2930 4772 3266 4846 ἀξιούμενος,
3312 4772 3374 4827 οὐ
3423 4772 3518 4844 μὶν
3556 4765 3700 4823 ἆλλᾶ
3734 4767 3840 4820 καὶ

2188 4866 2512 4941 ὑποσχέσεσι
2610 4862 3090 4939 λαμπρυνόμενος,
3174 4861 3235 4922 ’ὰς
3330 4859 3478 4931 αὐτῷ
3569 4854 3847 4919 Σέλευκος

2184 4953 2516 5027 προῦτεινεν,
2585 4953 2630 5009 εἰ
2688 4951 3059 5022 τελευτήσειεν
3122 4952 3148 5005 ὁ
3216 4951 3555 5025 γεινάμενος,
3629 4946 3728 5012 τὴν
3793 4946 3847 4981 ⁸ο

2187 5046 2480 5121 Αἴγυπτον,
2534 5044 2793 5117 πατρῴαν
2852 5041 3014 5097 οὖσαν
3069 5041 3273 5115 ἀρχὴν,
3324 5043 3672 5112 καταγαγεῖν.
3708 5037 3845 5108 [717

2188 5137 2281 5208 3.]
2313 5132 2469 5191 Ἀλλ’
2500 5134 2529 5189 ὁ
2582 5133 2675 5205 μὲν
2716 5132 2975 5201 τοιαύτης
3024 5127 3354 5202 κηδεμονίας
3400 5126 3626 5197 ἠξίωτο,
3673 5124 3845 5179 κακὸν

441 5229 626 5286 nihilo
658 5231 961 5289 meliorem
986 5233 1193 5287 fecere.
1218 5234 1365 5287 Nam
1391 5208 1818 5285 benefactorem
1851 5226 2065 5284 insidii:

2190 5221 2247 5279 δὲ
2278 5221 2380 5299 ἄρα
2411 5222 2465 5277 αἱ
2518 5221 2814 5296 εὐεργεσίαι
2865 5216 3014 5275 οὐδὲν
3072 5213 3348 5275 έ6ελτίουν
3374 5218 3441 5273 ⁸¹.
3491 5208 3845 5281 Ἐπιόουλὴν

440 5332 782 5390 Oppressum
810 5320 1087 5387 trucidat,
1110 5323 1165 5375 et
1193 5320 1326 5391 equi
1350 5335 1526 5376 cursu
1549 5318 1789 5390 adjutus
1816 5317 2081 5389 Lysima-

2194 5315 2297 5392 γὰρ
2352 5312 2644 5383 συστήσας,
2712 5308 3029 5384 προσπεσὼν
3091 5308 3183 5365 τὸν
3257 5306 3546 5382 εὐεργέτην
3608 5304 3847 5376 ἀναιρεῖ,

1792 5451 2033 5507 VARle
2071 5447 2486 5506 LECTIONES.

500 5562 550 5595 ⁴⁴
585 5558 932 5629 ἀνεκτότερον

431 5634 482 5705 ⁸⁸,
505 5632 643 5685 κατά
670 5631 1133 5705 Rhadamantth
1170 5652 1180 5687 :
1230 5631 1362 5703 μετά
1562 5634 1605 5667 ⁸⁹
1638 5631 1931 5705 Ἀντιγόνῳ

433 5702 582 5760 τίουν
615 5707 661 5761 Α
694 5719 707 5758 ε
744 5699 1027 5757 ἐπετέλουν

1166 5561 1209 5595 ⁴⁵
1240 5558 1517 5633 Ἡρακλῆς
1558 5576 1708 5615 corr.
1745 5566 1781 5613 A
1822 5576 1833 5613 :
1864 5562 1922 5613 ‘H
1965 5555 2149 5618 ακλεῖς

1170 5652 1180 5687 ;
1230 5632 1362 5703 μετά
1562 5634 1605 5667 ⁸ο
1638 5580 1959 5704 Ἀντιγόνῳῗ
1987 5627 2246 5703 Αντιόχῳ

2367 5557 2410 5590 ⁸⁸
2440 5550 2678 5636 κάρρων]
2712 5551 2842 5607 libri
2871 5554 3070 5621 καρῶν.
3171 5552 3215 5585 ⁸⁷
3257 5544 3499 5633 μηδέν.Α
3532 5562 3544 5601 :
3582 5541 3725 5616 μηδέ

2367 5629 2621 5671 Imm-ma-
2698 5623 2743 5659 ⁸ο
2771 5623 2896 5671 τὴν]
2928 5624 3001 5671 εἷς
3025 5623 3122 5671 τῆν
3158 5620 3539 5671 Hmachenus.
3614 5616 3662 5653 ⁵³
3693 5609 3785 5671 έῦι
3830 5649 3847 5659 -

3758 5636 3853 5670 ιΑ-

1987 5614 2246 5703 Αντιόχῖμ
2277 5614 2621 5684 Palmerius.
2661 5614 2743 5659 πο
2771 5623 2896 5696 τὴν]
2928 5614 3001 5684 εἷς
3025 5623 3122 5692 τήν
3158 5614 3539 5679 Hmscbeiius.
3585 5614 3718 5671 ’⁵ίὲ
