4116 6224
371 386 490 452 893

1455 389 2000 454 BIBLIOTHECA.
2048 427 2126 440 —
2167 397 2342 459 COD.
2389 395 2694 457 CCXXIV.

3656 392 3775 452 894

368 525 460 580 καὶ
511 521 688 578 ’ίππου
754 515 946 583 ἐπιϐάς
1003 520 1140 595 πρὸς
1206 524 1555 598 Λυσιμαχίαν
1605 524 1791 603 φεύγει
1824 543 1840 558 ⁸
1891 524 1944 582 έν

2139 531 2328 588 chiam
2358 531 2650 603 profugit:
2685 529 2783 586 ubi
2813 527 3089 601 imposito
3119 526 3232 584 sibi
3257 526 3603 594 diademate,
3637 542 3772 582 cum

369 611 616 688 διάδημα
640 609 991 689 περιθέμενος
1026 612 1161 684 μετὰ
1208 609 1468 687 λαμπρᾶς
1520 610 1846 692 δορυφορίας
1881 637 2013 672 κατ-

2139 619 2438 676 satellitum
2455 636 2628 676 manu
2653 617 3082 691 speciosissima
3094 616 3162 671 ad
3179 615 3554 672 exercitatum
3569 615 3770 671 tendit.

368 699 579 759 έϐαινεν
628 701 705 764 είς
762 702 825 757 τὸ
883 701 1209 777 στράτευμα,
1280 698 1596 776 δεχομένων
1676 704 1834 762 αὐτὸν
1915 707 2018 762 ὑπὸ

365 799 470 863 τῆς
523 793 761 866 ἀνάγκης
821 791 910 845 καὶ
967 787 1200 866 βασιλέα
1271 790 1585 847 καλούντων
1642 795 1694 848 οἳ
1752 793 2016 873 πρότερον

367 879 625 954 Σελεύκῳ
658 882 957 951 ὑπήκουον.

2131 710 2212 766 lbi
2263 709 2602 766 necessitate
2641 706 2927 779 compulsi
2969 722 3104 762 eum
3149 705 3454 776 recipiunt,
3488 707 3543 760 et
3574 720 3768 777 regem

2127 799 2402 868 salutant,
2435 800 2535 871 qui
2589 799 2762 871 paulo
2805 801 2940 853 ante
2986 796 3224 853 Seleuco
3255 794 3608 851 sacramenti
3639 793 3771 850 reli-

2127 889 2300 962 gione
2328 887 2551 946 astricti
2571 892 2756 944 erant.

531 992 665 1048 Cap.
698 990 842 1046 XIV.
877 1020 944 1032 -
973 989 1237 1062 Antigoni
1280 990 1557 1063 expeditio
1588 993 1647 1048 in
1683 993 2016 1063 Ceraunum,
2047 996 2489 1054 Heracliensium
2519 997 2735 1052 auxilio
2767 997 3114 1051 instructum.
3148 994 3407 1062 Antigoni
3441 993 3598 1061 luga.
3626 1042 3630 1046 .

439 1081 758 1152 Ἀντίγονος
791 1075 848 1134 δὲ
898 1079 926 1133 ὁ
985 1077 1304 1153 Δημητρίου
1351 1081 1420 1136 τὰ
1474 1081 1852 1156 συνενεχθέντα
1913 1106 2018 1157 μα.

368 1173 502 1239 θὼν,
554 1168 641 1225 ἐπὶ
691 1165 1030 1226 Μακεδονίαν
1088 1163 1382 1224 διαϐαίνειν
1425 1169 1696 1249 ἐπεχείρει
1728 1177 1875 1246 πεζῴ
1929 1172 2019 1229 καὶ

368 1258 535 1334 νηΐτῃ
571 1257 954 1334 στρατεύματι,
986 1259 1291 1336 προφθάσαι
1346 1257 1588 1315 σπεύδων
1647 1262 1740 1316 τὸν
1802 1262 2021 1318 Πτολε-

378 1355 555 1425 μαῖον.
587 1350 650 1407 Ὁ
681 1345 739 1403 δὲ
796 1345 1141 1422 Πτολεμαῖος
1194 1348 1290 1411 τὰς
1346 1351 1677 1429 Λυσιμάχου
1709 1353 1841 1420 νῆας
1872 1345 2017 1426 ἔχων

368 1438 582 1510 ἀπήντα
647 1438 736 1492 καὶ
802 1436 1303 1512 ἀντιπαρετάττετο.
1359 1440 1527 1494 Ἦσαν
1605 1437 1652 1494 δ’
1711 1439 1761 1495 έν
1832 1439 2018 1503 αύταῖς

369 1527 541 1585 ἄλλαι
596 1549 655 1583 τε
711 1528 800 1582 καὶ
859 1531 960 1593 τῆς
990 1527 1308 1602 Ἡρακλείας
1366 1529 1422 1582 αἱ
1492 1528 2018 1603 μετάπεμπτοι,γέξ-

368 1623 526 1697 ήρεις
584 1641 643 1675 τε
688 1619 779 1673 καὶ
827 1620 1112 1693 πεντήρεις
1159 1640 1219 1674 τε
1269 1619 1358 1673 καὶ
1388 1616 1676 1696 ἄφρακτοι,
1707 1625 1797 1675 καὶ
1855 1621 2019 1691 ὀκτή-

373 1733 475 1788 ρης
514 1713 613 1785 μία
643 1713 678 1781 ἡ
731 1709 1092 1789 λεοντοφόρος
1133 1709 1472 1783 καλουμένη,
1509 1712 1765 1785 μεγέθους
1795 1713 1840 1748 ⁵³
1869 1709 2021 1765 ἕνεκα

369 1801 459 1857 καὶ
491 1800 735 1864 κάλλους
764 1800 973 1869 ἥκουσα
999 1799 1075 1860 εἷς
1105 1801 1285 1872 θαῦμα
1317 1818 1329 1832 ⁶
1377 1797 1429 1854 ἐν
1483 1801 1649 1873 ταύτῃ
1697 1799 1800 1875 γὰρ
1835 1803 1879 1875 ρ’
1927 1800 2022 1871 μὲν

2201 1089 2530 1160 Antigonus
2571 1096 2763 1143 autem
2821 1085 3093 1142 Demetrii
3136 1085 3313 1152 ﬁlius,
3343 1084 3450 1140 hoc
3481 1082 3774 1140 intellecto

2130 1194 2289 1246 casu,
2323 1177 2753 1250 expeditionem
2784 1173 3045 1246 suscepit
3074 1174 3131 1229 in
3164 1172 3772 1244 Macedoniam,pede-

2130 1268 2354 1322 stribus
2399 1274 2451 1322 et
2497 1265 2746 1322 nauticis
2804 1264 2984 1335 copiis
3031 1264 3408 1319 Ptolemaeum
3442 1263 3776 1319 antevenire

2132 1372 2471 1429 properans.
2508 1360 2580 1410 At
2628 1353 2972 1411 Ptolemeus
3005 1353 3305 1424 expeditas
3352 1352 3574 1408 habens
3615 1352 3776 1424 Lysi-

2131 1445 2322 1502 machi
2369 1461 2567 1511 naves,
2600 1445 2886 1500 instructa
2935 1443 3057 1498 acie
3102 1443 3323 1499 occurit
3373 1458 3387 1498 :
3433 1441 3585 1497 inter
3627 1458 3776 1514 quas

2129 1539 2297 1592 erant
2324 1539 2450 1589 tum
2484 1534 2630 1600 aliae,
2662 1538 2792 1589 tum
2820 1532 2891 1589 ab
2919 1530 3192 1588 Heraclea
3223 1531 3513 1587 accersitae
3535 1530 3774 1587 hexeres

2130 1630 2185 1681 et
2217 1629 2508 1696 penteres,
2531 1629 2584 1678 et
2609 1623 2825 1694 quibus
2855 1622 3160 1692 Apbractis
3191 1628 3506 1677 estnomen
3540 1625 3634 1676 :et
3655 1637 3774 1676 una

2130 1713 2362 1777 octeris,
2385 1713 2572 1769 leonis
2616 1714 2746 1768 fere:
2795 1712 3035 1768 nomine
3085 1711 3359 1782 insignis,
3393 1727 3516 1781 qua:
3551 1709 3772 1780 magni-

2130 1803 2334 1859 tudine
2366 1807 2421 1858 et
2468 1802 2756 1875 elegantia
2803 1801 2860 1856 in
2894 1800 3335 1856 admirationem
3384 1799 3673 1856 veniebat.
3708 1801 3771 1855 In

371 1887 557 1963 ἄνδρες
614 1885 837 1944 ἕκαστον
897 1892 1123 1965 στοῖχον
1153 1888 1198 1924 ⁵⁸
1250 1885 1500 1962 ἤρεττον,
1533 1887 1608 1950 ὡς
1661 1889 1719 1942 ω’
1750 1886 1809 1942 ἐκ
1866 1888 2023 1942 θατέ-

2139 1892 2236 1948 hac
2255 1891 2414 1947 enim
2449 1891 2552 1945 100
2581 1889 2840 1955 viri,sue
2873 1889 3093 1962 quique
3125 1888 3400 1945 centuriae
3429 1889 3651 1956 ordine,
3686 1904 3775 1944 re-

373 1999 468 2053 ρου
505 1979 703 2053 μέρους
734 1977 1000 2052 γενέσθαι,
1033 1975 1082 2049 ἐξ
1115 1976 1382 2052 ἑκατέρων
1433 1973 1490 2031 δὲ
1528 1976 1749 2052 χιλίους
1779 1977 1866 2031 καὶ
1912 1980 1969 2051 χο
2004 1996 2016 2008 .

370 2068 429 2121 οἱ
470 2064 526 2122 δὲ
585 2067 690 2122 ἀπὸ
719 2070 828 2121 τῶν
881 2065 1354 2140 καταστρωμάτων
1399 2067 1782 2141 μαχησόμενοι
1840 2065 2020 2142 χίλιοι

371 2155 464 2210 καὶ
493 2159 562 2228 α’,
593 2156 684 2210 καὶ
742 2150 1068 2230 κυϐερνῆται
1118 2157 1190 2231 β’.
1218 2158 1334 2226 Τῆς
1392 2157 1484 2211 οὖν
1545 2152 1832 2231 συμϐολῆς
1870 2177 2022 2232 γενο-

375 2243 566 2319 μένης,
625 2250 813 2320 κρατεῖ
870 2245 1218 2319 Πτολεμαῖος
1265 2248 1329 2301 τὸ
1383 2247 1630 2302 ναυτικὸν
1683 2249 2021 2322 τρεψάμενος

444 2339 469 2350 ν
496 2337 509 2356 1
699 2335 711 2352 Ι
885 2334 899 2354 ν
943 2333 967 2352 ἢ
1333 2339 1359 2350 θ
1445 2335 1468 2354 ,1

374 2356 474 2390 του
513 2343 833 2410 ⁴Αντιγονου,
873 2336 1246 2410 ανορειότερον
1293 2356 1399 2390 των
1437 2334 1626 2391 αλλων
1684 2337 2023 2412 ἀγωνισαμέ-

375 2447 484 2480 νων
545 2425 595 2460 ⁵⁴
651 2426 705 2479 αἳ
764 2427 899 2493 ἦσαν
959 2423 1009 2494 ἐξ
1057 2422 1492 2500 Ἡρακλεώτιδος
1526 2444 1539 2458 ·
1589 2426 1768 2480 αὐτῶν
1821 2423 1878 2480 δὲ
1913 2425 2021 2481 τῶν

373 2512 830 2590 Ἠρακλεωτίδων
888 2515 951 2570 τὸ
1000 2513 1264 2588 ἐξαίρετον
1325 2513 1506 2590 ἔφερεν
1565 2517 1600 2585 ἡ
1661 2513 2024 2593 λεοντοφόρος

374 2603 638 2677 όκτήρης.
671 2602 830 2661 Οὕτω
877 2607 1058 2664 κακῶς
1088 2604 1398 2679 Ἀντίγονος
1452 2608 1533 2676 τῷ
1585 2601 1769 2676 στόλῳ
1826 2605 2026 2678 πράξας

377 2693 453 2753 εἷς
501 2693 602 2763 τὴν
674 2691 941 2750 Βοιωτίαν
1015 2690 1358 2766 ἂνεχωρησε.
1416 2691 1762 2766 Πτολεμαῖος
1818 2691 1876 2748 δὲ
1939 2693 2030 2748 έπὶ

372 2780 708 2840 Μάκῑδονίαν
739 2777 916 2856 διέϐῃ,
948 2781 1037 2837 καὶ
1073 2777 1307 2856 βεϐαίως
1340 2780 1468 2858 ἔσχε
1497 2785 1600 2851 τήν
1634 2782 1835 2857 ἀρχήν.

2133 1997 2259 2036 mos
2300 1979 2612 2047 ducebant,
2647 1984 2710 2034 ut
2757 1995 2823 2034 ex
2855 1979 3037 2034 altera
3075 1981 3238 2050 parte
3275 1978 3402 2043 800,
3433 1993 3502 2033 ex
3532 1986 3774 2047 utraque

2131 2076 2322 2125 autem
2355 2069 2494 2124 1600
2524 2082 2772 2123 numero
2811 2072 3009 2124 essent
3039 2082 3053 2121 :
3096 2066 3195 2137 qui
3225 2083 3360 2122 vero
3391 2068 3462 2122 de
3493 2067 3632 2122 foris
3664 2083 3772 2137 pu-

2131 2165 2398 2230 gnarent,
2435 2157 2592 2212 1200.
2620 2160 2688 2212 Et
2717 2157 2834 2213 duo
2865 2157 3093 2212 inerant
3122 2155 3554 2226 gubernatores.
3602 2155 3768 2210 Post-

2132 2265 2309 2321 quam
2339 2249 2399 2304 in
2431 2247 2614 2305 aciem
2647 2247 2998 2303 descensum
3028 2244 3408 2316 est,superior
3429 2243 3620 2299 evadit
3647 2243 3777 2299 Pto-

2130 2338 2460 2408 lemaeus,in
2483 2339 2680 2410 fugam
2702 2353 2870 2392 versa
2899 2334 3177 2407 Antigoni
3209 2336 3418 2390 classe.
3437 2333 3544 2390 Ubi
3568 2333 3774 2389 fortius

2133 2429 2356 2486 caeteris
2387 2431 2728 2499 pugnarunt
2775 2440 2951 2481 naves
2982 2440 3051 2480 ex
3102 2422 3514 2489 Heracleotide,
3547 2425 3606 2478 et
3644 2420 3776 2492 pal-

2135 2533 2294 2573 mam
2326 2516 2480 2571 inter
2500 2514 2608 2570 has
2638 2513 2776 2570 tulit
2807 2511 3118 2569 octoremis
3141 2511 3438 2567 leonifera.
3465 2511 3777 2566 Sinistram

2135 2607 2332 2678 itaque
2353 2606 2648 2660 fortunam
2665 2602 2869 2658 classis
2889 2604 3162 2672 expertus
3185 2600 3531 2671 Antigonus,
3548 2599 3607 2652 in
3627 2599 3781 2654 Baso-

2135 2696 2279 2751 tiam
2312 2710 2374 2750 se
2405 2691 2661 2763 recepit:
2686 2696 2744 2748 et
2775 2689 3140 2754 Ptolemaus,
3165 2689 3411 2743 transitu
3444 2687 3501 2743 in
3532 2686 3786 2742 Macedo-

2138 2785 2298 2841 niam
2335 2783 2504 2850 facto,
2530 2782 2652 2852 jam
2688 2779 2931 2835 ﬁrmiter
2962 2793 3203 2847 regnum
3234 2776 3493 2832 tenebat.

805 2885 941 2942 Car.
973 2883 1089 2941 XV.
1121 2914 1192 2926 —
1223 2884 1464 2940 Cerauni
1492 2883 1707 2954 ﬂagitia
1737 2888 1790 2939 et
1815 2881 2092 2939 interitus.
2125 2883 2391 2952 Antigoni
2418 2881 2479 2936 in
2510 2894 2675 2951 regno
2701 2878 3030 2934 Maredoniae
3058 2877 3350 2931 successio.

448 2972 658 3030 Αὐτίκα
685 2976 838 3048 γοῦν,
868 2974 969 3042 τὴν
1002 2972 1200 3028 οἰκείαν
1247 2971 1460 3047 μᾶλλον
1518 2971 1787 3052 ἐκφαίνων
1847 2971 2022 3027 σκαιό-

373 3082 536 3131 τητα,
571 3062 856 3134 ’Δρσινόην
926 3066 1046 3134 μὲν,
1078 3060 1154 3121 ὡς
1209 3060 1438 3136 πάτριον
1468 3065 1632 3116 τοῦτο
1680 3066 1797 3124 τοῖς
1857 3060 2026 3136 Λίγυ-

375 3151 578 3219 πτίοις,
633 3153 734 3222 τήν
783 3148 1026 3228 ἀδελφὴν
1081 3155 1266 3227 γαμεῖ,
1299 3151 1426 3214 τοὺς
1495 3149 1556 3206 έκ
1602 3151 1930 3226 Λυσιμάχου
1970 3148 2028 3206 δὲ

377 3239 579 3304 παῖδας
627 3241 765 3316 αὐτῇ
813 3242 1211 3317 γεγενημένους
1259 3239 1464 3316 ἀναιρεῖ
1495 3260 1508 3273 ⁸
1558 3243 1681 3316 μεθ’
1712 3241 1802 3303 οὒς
1851 3241 2026 3296 κάκεί-

375 3352 472 3399 νην
518 3336 619 3399 τῆς
672 3329 953 3404 βασιλείας
1010 3330 1314 3404 ἒξεκήρυξε.
1348 3331 1449 3388 Καὶ
1479 3329 1666 3386 πολλά
1711 3332 1803 3386 καὶ
1855 3331 2028 3406 παρά-

374 3442 518 3496 νομα
587 3420 640 3476 ἐν
710 3419 830 3476 δυσὶ
902 3419 1333 3497 διαπραξάμενος
1389 3422 1439 3458 ⁵⁵
1504 3420 1666 3492 ἔτεσι,
1726 3420 2031 3478 Γαλατικοῦ

376 3514 508 3588 [373
560 3513 654 3586 [1.]
725 3509 922 3587 μέρους
978 3519 1078 3582 τῆς
1137 3511 1399 3588 πατρίδος
1461 3514 1884 3587 μεταναστάντος
1945 3511 2032 3568 διὰ

378 3600 575 3676 λιμὸν,
608 3601 697 3656 καὶ
741 3601 1080 3659 Μακεδονίαν
1111 3597 1530 3658 καταλαϐόντων
1569 3603 1658 3658 καὶ
1709 3603 1786 3665 εἷς
1847 3605 2033 3679 μάχην

372 3691 527 3763 αὖτῷ
584 3692 955 3766 συναψάντων,
989 3691 1151 3763 ἂξίως
1190 3698 1291 3762 τῆς
1341 3692 1632 3767 ὠμότητος
1680 3695 2034 3772 καταστρέφει

378 3782 474 3838 τὸν
541 3781 686 3856 βίον,
745 3780 1172 3860 διασπαραχθεὶς
1229 3781 1331 3838 ὑπὸ
1387 3787 1496 3838 τῶν
1567 3780 1823 3838 Γαλατῶν
1856 3801 1869 3815 ’
1928 3787 2034 3854 ζῶν

374 3873 485 3948 γὰρ
517 3870 757 3950 ἐλήφθη,
787 3875 889 3927 τοῦ
934 3870 1245 3950 ἐλέφαντος,
1286 3871 1338 3928 ἐν
1385 3874 1431 3946 ᾧ
1479 3872 1706 3948 ὠχεῖτο,
1735 3874 2036 3949 τρωθέντος

374 3961 473 4018 καὶ
517 3955 920 4023 καταϐαλόντος
965 3961 1150 4018 αὐτόν.
1184 3961 1496 4036 Ἀντίγονος
1529 3959 1586 4016 δε
1633 3962 1661 4016 ὁ
1713 3962 2031 4036 Δημητρίου

372 4050 641 4121 ἡττηθεὶς
699 4053 742 4088 ⁵⁸
798 4055 878 4124 τῷ
934 4055 1190 4123 ναυτικῷ.
1256 4049 1607 4126 Πτολεμαίου
1690 4050 2034 4126 ἀνῃρημένου

369 4140 482 4210 τήν
509 4136 837 4197 Μακεδόνων
879 4135 1148 4214 λαμϐάνει
1182 4141 1386 4220 ἀρχήν.

2204 2974 2412 3028 Statim
2473 2971 2674 3042 igitur,
2709 2973 2776 3024 ut
2816 2965 3160 3040 improbitas
3203 2967 3331 3036 ejus
3379 2979 3446 3021 eo
3477 2965 3664 3036 magis
3719 2965 3779 3020 in

2135 3061 2336 3118 oculos
2369 3060 2671 3116 hominum
2702 3054 3281 3125 incurrat,Arsinoen
3313 3068 3592 3119 sororem,
3625 3053 3782 3125 quod

2138 3151 2392 3223 patrium
2424 3149 2534 3206 hoc
2575 3149 2647 3204 sit
2695 3145 2976 3219 Egyptiis
3007 3143 3393 3218 pretendens,
3425 3141 3785 3198 matrimonii

2139 3242 2352 3298 findere
2407 3239 2520 3296 sibi
2569 3237 2863 3310 astringit,
2894 3239 2953 3291 et
3001 3237 3167 3290 natos
3217 3231 3270 3290 ei
3317 3248 3386 3288 ex
3440 3231 3786 3303 Lysimacho

2138 3331 2394 3388 trucidat
2426 3347 2438 3384 ε
2476 3327 2618 3401 quin
2649 3343 2784 3383 mox
2815 3324 2992 3381 etiam
3023 3324 3234 3395 ipsam,
3257 3338 3373 3378 non
3405 3321 3550 3378 citra
3581 3325 3788 3377 contu-

2138 3424 2389 3489 meliam,
2434 3437 2608 3493 regno
2667 3417 2921 3490 expellit.
2964 3415 3224 3486 Cumque
3273 3412 3525 3485 plurima
3581 3417 3785 3468 contra

2136 3514 2311 3570 deum
2343 3507 2936 3581 hominumqueleges
2952 3505 3109 3560 intra
3128 3503 3432 3559 biennium
3452 3504 3782 3573 perpetras-

2137 3607 2246 3669 set,
2272 3600 2480 3658 accidit
2538 3606 2601 3656 ut
2657 3614 2790 3669 pars
2849 3595 3119 3667 quaedam
3169 3590 3462 3648 Gallorum
3513 3590 3669 3646 fame
3718 3605 3788 3645 ex

2139 3693 2325 3765 patria
2380 3691 2628 3760 migrare
2686 3691 2910 3754 coacta,
2951 3681 3359 3739 Macedoniam
3400 3680 3726 3748 invaderet,
3755 3695 3788 3734 a

2138 3782 2380 3854 quibus,
2411 3781 2677 3836 conserto
2727 3773 2952 3848 proelio,
3003 3788 3100 3827 rex
3145 3770 3310 3825 vivus
3369 3767 3618 3838 capitur,
3663 3767 3790 3822 ele-

2138 3853 2380 3943 phanto,
2429 3884 2547 3939 quo
2594 3864 2934 3929 vehebatur,
2969 3858 3230 3918 sauciato
3281 3871 3589 3925 excussus,
3619 3858 3678 3910 et
3719 3853 3791 3910 ab

2136 3959 2406 4016 hostibus
2437 3957 2788 4026 discerptus,
2823 3951 3065 4023 dignum
3090 3945 3432 4004 crudelitate
3463 3961 3572 4000 sua
3601 3944 3794 4001 227a

2136 4050 2354 4106 exitum
2387 4045 2628 4104 invenit.
2662 4041 2991 4113 Antigonus
3023 4044 3217 4095 autem
3240 4034 3656 4107 Demetrii,qui
3686 4050 3790 4106 pu-

2135 4155 2254 4211 gna
2278 4137 2449 4210 (quod
2483 4135 2706 4191 dictum
2735 4132 2843 4202 est)
2876 4127 3070 4185 navali
3100 4126 3510 4194 sucoubuerat,
3528 4123 3650 4194 jam
3681 4122 3790 4179 ho-

2133 4232 2218 4286 ste
2246 4225 2504 4292 suhlato,
2537 4219 2884 4279 Macedoniae
2919 4232 3167 4292 regnum
3199 4218 3466 4286 occupat.

870 4332 1007 4390 CAP.
1032 4332 1184 4389 XVI.
1216 4361 1284 4378 ε-
1313 4332 1592 4389 Patrocles
1620 4333 1874 4389 Antiochi
1899 4332 2194 4404 praefectus
2222 4346 2257 4385 a
2276 4327 2533 4399 Bithynis
2552 4339 2677 4382 cum
2704 4322 2952 4379 exercitu
2974 4317 3228 4374 caeditur.

456 4421 518 4478 Ὀ
557 4417 613 4476 δὲ
643 4418 918 4477 Σελεύκου
947 4421 1240 4498 Ἀντίοχος
1279 4419 1519 4483 πολλοῖς
1541 4420 1831 4493 πολέμοις,
1867 4401 1912 4474 εί

2218 4415 2547 4473 Antiochus
2593 4411 2855 4480 interim,
2887 4407 3112 4464 Seleuci
3168 4403 3346 4474 ﬁlius,
3379 4416 3514 4458 eum
3546 4401 3640 4459 vix
3667 4407 3794 4458 tan-

381 4509 558 4586 μολις
589 4510 678 4565 καὶ
737 4506 864 4566 οὐδὲ
925 4516 1122 4582 πᾶσαν,
1155 4510 1307 4584 ὅμως
1353 4510 1765 4584 ἀνασωσάμενος
1798 4511 1897 4580 τήν
1930 4530 2036 4564 πα-

370 4599 563 4673 τρῴαν
621 4599 828 4676 ἀρχήν,
894 4597 1100 4674 πέμπει
1187 4600 1487 4674 στρατηγὸν
1565 4597 1884 4675 Πατροκλέα
1941 4601 2032 4654 σὺν

371 4689 810 4765 ἱκστράτεύματι
867 4687 945 4750 εἷς
995 4690 1096 4759 τήν
1158 4686 1376 4745 ἐπιτάδε
1429 4691 1527 4744 τοῦ
1581 4687 1790 4763 Ταύρου
1824 4708 1838 4722 ·
1894 4689 1922 4743 ὁ
1981 4685 2037 4743 δὲ

368 4778 720 4853 Ἑρμογένην
748 4778 796 4814 ⁵⁷
843 4783 1246 4854 προσαιρεῖται,
1296 4779 1360 4834 τὸ
1423 4779 1576 4854 γένος
1615 4776 1935 4834 Ἀσπένδιον
1967 4778 2034 4849 ⁵8,

370 4871 443 4930 ὃς
500 4866 587 4922 ἐπί
642 4888 701 4924 τε
756 4867 950 4932 πόλεις
1008 4866 1184 4931 ἄλλας
1237 4867 1328 4923 καὶ
1397 4866 1485 4922 ἐπὶ
1559 4867 1658 4936 τὴν
1713 4866 2037 4942 Ἡράκλειαν

373 4956 620 5032 ὥρμητο
655 4952 952 5014 εἰσϐαλεῖν.
985 4959 1108 5016 Τῶν
1157 4954 1214 5013 δὲ
1243 4955 1637 5032 Ἡρακλεωτῶν
1689 4956 1825 5032 πρὸς
1872 4957 2032 5012 αὐτὸν

368 5041 870 5122 πρεσϐευσαμένων
899 5048 968 5115 ⁵³,
998 5051 1099 5112 τῆς
1141 5047 1330 5126 χώρας
1381 5046 1654 5122 ἀναχωρεῖ
1698 5045 1788 5101 καὶ
1848 5046 2033 5125 φιλίαν

370 5137 704 5207 συντίθεται,
737 5135 824 5192 ἐπὶ
872 5138 974 5206 τήν
1031 5136 1276 5195 Βιθυνίαν
1324 5134 1414 5191 διὰ
1449 5142 1549 5204 τῆς
1609 5136 1849 5210 Φρυγίας
1904 5156 2034 5210 τραο

364 5224 635 5299 πόμενος.
673 5223 1034 5301 Ἐνεδρευθεὶς
1067 5223 1124 5281 δὲ
1172 5225 1277 5281 ὑπὸ
1322 5229 1431 5279 τῶν
1484 5225 1727 5282 Βιθυνῶν
1771 5221 2031 5304 διεφθάρη

360 5337 440 5373 τε
493 5315 652 5377 αὐτὸς
695 5315 786 5370 καὶ
846 5319 880 5386 ἡ
934 5317 1028 5370 σὺν
1077 5314 1224 5388 αὐτῷ
1264 5312 1510 5390 στρατιὰ,
1542 5311 1739 5388 ἀνδρὸς
1788 5311 1923 5389 ἔργα
1971 5313 2034 5369 τὸ

360 5408 495 5463 καθ’
526 5405 715 5461 ἑαυτὸν
750 5405 826 5468 εἷς
857 5404 1165 5479 πολεμίους
1195 5404 1243 5442 ⁸ο
1270 5399 1692 5476 ἐπιδειξάμενος.

2145 4507 2276 4565 dem
2324 4504 2526 4562 multis
2568 4501 2760 4570 bellis,
2812 4515 2918 4556 nec
2967 4496 3304 4553 universum
3354 4496 3552 4549 tamen
3612 4491 3792 4564 patris

2149 4613 2393 4668 regnum
2445 4593 2870 4665 recuperasset,
2902 4585 3229 4658 expeditam
3263 4597 3501 4638 manum
3546 4580 3607 4637 in
3639 4580 3790 4638 ulte-

2147 4687 2302 4744 riora
2331 4685 2507 4742 Tauri
2548 4675 3018 4746 mittit,Patrocle
3037 4676 3198 4743 duce,
3226 4673 3326 4744 qui
3345 4671 3789 4742 Hermogenem,

2147 4775 2509 4848 Aspendium
2540 4786 2770 4845 genere,
2805 4769 3062 4839 legatum
3095 4763 3207 4820 sibi
3230 4763 3488 4832 adoptat.
3523 4759 3626 4816 Hic
3657 4775 3788 4816 cum

2146 4864 2293 4921 alias
2323 4863 2516 4933 urbes,
2549 4865 2676 4917 tum
2708 4856 3040 4915 Heracleam
3069 4867 3304 4925 quoque
3343 4850 3616 4906 infestare
3647 4864 3788 4906 con-

2147 4955 2416 5011 stituerat
2447 4971 2461 5009 :
2494 4966 2695 5008 verum
2727 4944 3190 5004 Heracliensium
3224 4939 3511 5010 legatione
3532 4935 3794 5009 placatus

2144 5063 2176 5104 ο
2197 5045 2416 5102 ﬁnibus
2437 5056 2638 5100 eorum
2662 5037 2970 5104 excedit,et
2984 5048 3259 5107 percusso
3280 5027 3550 5086 amicitia:
3565 5028 3796 5094 foedere,

2145 5151 2249 5208 per
2276 5130 2539 5204 Phrygias
2571 5145 2738 5201 agros
2772 5127 2830 5182 in
2863 5123 3188 5196 Bithyniam
3226 5136 3288 5176 se
3338 5117 3638 5174 convertit.
3672 5118 3792 5208 Ex-

2145 5207 2346 5294 septus
2374 5237 2508 5277 vero
2540 5219 2920 5290 Bithynorum
2955 5211 3210 5276 insidiis,
3245 5225 3363 5265 una
3379 5223 3514 5263 cum
3535 5207 3787 5264 exercitu

2145 5310 2541 5369 internecione
2603 5305 2862 5373 caeditur,
2890 5318 3020 5359 cum
3078 5297 3305 5357 strenui
3343 5296 3451 5354 viri
3506 5296 3787 5369 facinora,

2145 5417 2252 5458 suo
2285 5401 2431 5465 loco,
2462 5397 2523 5453 in
2554 5396 2752 5453 hostes
2783 5393 3080 5451 edidisset.

1749 5503 1976 5561 VARl/E
2015 5498 2428 5559 LECTlONES.

452 5595 499 5630 ⁵³
526 5592 655 5700 καὶ.
699 5595 1034 5700 ήῦμεὲέθους
1054 5593 1149 5700 5'.

371 5664 546 5760 μένου
579 5666 662 5741 ς.
739 5664 790 5700 ⁵⁵
828 5664 1212 5726 διαναστάντος
1244 5664 1307 5738 ς’
1379 5667 1424 5702 ⁸⁸
1453 5664 1822 5734 ἡττηθείξΑε
1856 5667 1970 5735 ἡτττ

367 5758 496 5798 οιον
526 5744 594 5798 Α.
671 5739 719 5775 ⁸⁸³
745 5734 1318 5815 διαπρεσϐευσαμένων
1503 5737 1552 5773 ⁸ο
1575 5733 1856 5809 πολέμους
1886 5737 1970 5810 ς’.

1226 5589 1530 5669 signum
1563 5597 1788 5669 στοῖχον
1829 5593 2176 5669 Palmeriug,
2205 5585 2396 5669 ἕκατον
2433 5604 2672 5669 -στοιχον
2703 5591 2760 5669 Α.
2792 5601 2806 5641 :
2839 5581 3238 5669 tusci-anm,
3260 5577 3340 5651 ς.

828 5646 1212 5754 δἰἆῦἆὲὲάῖέος
1244 5646 1424 5754 Cf
1449 5646 2189 5754 ἦεξηθεέξΑξὴξῆὸῆςςζ
2222 5646 2859 5720 addendusarticulus'
2935 5646 3450 5727 δτἙρμῑόγένῆςς·
3529 5646 3784 5703 ⁸⁸Ἀσπέ-

3420 5576 3465 5610 ⁸4
3513 5576 3782 5645 ἀγωνισα-

3370 5647 3450 5674 f‘.
3529 5647 3574 5674 ιι
3593 5653 3605 5672 ν
3625 5654 3638 5674 ι
3659 5646 3750 5674 __.'
