4116 6224
394 372 512 436 895

1592 365 1857 427 PHOTII
1903 359 2434 425 PATRIARCHE
2477 359 2595 419 (ΖΡ.

3676 355 3797 417 896

859 508 994 563 CAP.
1026 506 1203 563 XVII.
1230 535 1300 545 —
1346 503 1781 559 Heracliensium
1810 517 1935 557 cum
1966 497 2260 557 Nicomede
2289 498 2515 553 societas
2544 498 2597 550 et
2625 493 2851 551 urbium
2880 493 3245 567 recuperatio.

465 603 582 659 Hac
604 604 672 659 de
693 617 883 665 causa,
914 597 1199 653 Antiocho
1229 596 1285 650 in
1310 595 1588 664 Bithynos
1615 593 2034 664 expeditionem

2226 586 2323 641 Διὰ
2365 589 2531 640 ταῦτα
2586 584 2652 653 δὴ
2714 585 3112 659 ἐπιστρατε·3ειν
3163 583 3460 659 ἐγνωκότος
3510 585 3803 661 Ἀντιόχου

395 690 868 753 instituente,rex
898 687 1111 741 horum
1134 684 1473 739 Nicomedes
1496 700 1596 754 per
1618 683 1833 753 legates
1850 682 2035 736 subsi-

394 778 554 833 dium
586 777 659 830 ab
694 772 1162 829 Ileracliensihus
1192 772 1336 842 petit
1358 776 1415 825 et
1436 772 1715 840 impetrat
1743 785 1757 824 :
1790 768 2037 841 gratiam

394 882 455 921 se
488 864 834 928 relaturum,
871 862 964 917 ubi
1001 862 1059 915 in
1094 861 1267 916 simili
1302 861 1639 915 necessitate
1673 864 1907 929 tempus
1939 858 2041 913 fla-

392 954 556 1027 gitet,
609 952 921 1024 pollicitus.
958 952 1069 1007 Hac
1104 950 1409 1006 occasione
1452 950 1706 1016 Cierum,
1736 954 1793 1003 et
1844 950 2038 1014 Tium,

392 1047 449 1099 et
478 1042 790 1097 Thinidem
825 1046 1059 1108 terram,
1095 1039 1297 1095 multis
1349 1038 1619 1108 expensis
1668 1040 1739 1092 ad
1771 1054 1830 1092 se
1880 1037 2043 1093 redu-

393 1136 625 1188 xerunt.
657 1131 951 1185 Amastrin
1002 1131 1222 1185 interea
1272 1130 1421 1199 (quas
1452 1133 1508 1183 et
1558 1128 1685 1197 ipsa
1725 1144 1857 1181 cum
1912 1126 2042 1181 aliis

394 1222 671 1292 adempta
703 1222 906 1288 fuerat)
938 1224 1055 1274 tam
1088 1218 1241 1273 bello
1274 1233 1449 1288 quam
1486 1218 1667 1289 pretio
1701 1232 2043 1286 recuperare

393 1311 535 1366 dum
570 1309 942 1381 percupiunt,
969 1324 1242 1364 successu
1267 1311 1468 1362 carent
1490 1306 1652 1362 felice
1685 1330 1699 1371 ;
1736 1310 2044 1377 prepterea

396 1401 547 1471 quod
581 1400 681 1470 qui
716 1399 875 1475 illam
907 1400 1141 1453 tenebat
1164 1398 1470 1462 Eumenes,
1507 1394 1904 1463 Ariobarzani,
1940 1394 2042 1449 Mi-

395 1489 667 1545 thridatis
707 1488 848 1555 filio,
890 1488 1072 1559 gratis
1114 1503 1241 1542 eam
1292 1487 1537 1552 tradere,
1572 1500 1744 1555 quam
1798 1485 2046 1556 pecunia

397 1580 710 1634 revendere
742 1575 1208 1633 Heracliensibus
1246 1575 1466 1641 mallet,
1504 1574 1741 1630 vesania
1778 1574 1873 1628 ira:
1905 1577 2044 1628 sub-

395 1672 579 1725 actus.

2150 675 2284 731 κατά
2314 676 2573 742 Βιθυνῶν,
2606 676 2633 729 6
2665 675 2875 729 τούτων
2908 673 3165 750 βασιλεὺς
3221 672 3547 746 Νικομήδης
3589 673 3806 750 διαπρε-

2151 761 2395 819 σϐεύεται
2456 765 2592 839 πρὸς
2653 762 2978 839 Ἡράκλειαν
3066 764 3382 837 συμμαχίαν
3452 764 3637 835 αἰτῶν,
3705 764 3800 819 καὶ

2149 855 2410 931 τυγχάνει
2447 862 2547 923 τῆς
2582 851 2847 925 σπουδῆς,
2881 852 2932 907 έν
2967 852 3185 927 ὁμοίοις
3217 859 3427 928 καιροῖς
3460 856 3551 908 καὶ
3584 853 3800 928 χρείαις

2151 946 2249 1013 τὴν
2278 940 2519 1018 ἀμοιϐὴν
2554 944 2959 1018 ὑποσχόμενος.
3004 944 3091 998 Ἐν
3139 944 3321 1015 τούτῳ
3380 940 3436 997 δὲ
3486 945 3804 1018 Ἡρακλεῶ-

2150 1057 2237 1090 ται
2265 1038 2362 1106 τήν
2389 1056 2448 1089 τε
2480 1034 2669 1109 Κίερον
2706 1035 2795 1089 καὶ
2840 1042 2939 1103 τήν
2996 1040 3122 1089 Τῖον
3182 1030 3516 1089 ἀνεσώσαντο
3568 1034 3659 1089 καὶ
3706 1037 3807 1104 τήν

2150 1123 2345 1181 Θυνίδα
2384 1132 2507 1199 γῆν.
2544 1126 2664 1198 [720
2724 1127 2815 1197 R.]
2860 1123 3046 1179 πολλά
3101 1130 3209 1179 τῶν
3262 1125 3571 1199 χρημάτων
3632 1122 3809 1179 δαπαο

2154 1218 2413 1285 νήσαντες
2446 1236 2457 1247 ο
2488 1216 2589 1283 τήν
2619 1211 2675 1269 δὲ
2706 1215 3007 1287 ’Ἄμαστριν
3062 1217 3150 1287 (ἦν
3189 1213 3291 1288 γάρ
3348 1216 3436 1268 καὶ
3480 1215 3615 1283 αὐτή
3668 1218 3803 1287 μετᾷ

2148 1307 2256 1357 τῶν
2315 1300 2503 1357 ἄλλων
2561 1301 2907 1380 ἀφῃρημένη)
2968 1300 3056 1355 καὶ
3114 1300 3345 1373 πολέμῳ
3401 1301 3491 1354 καὶ
3551 1303 3802 1375 χρήμασι

2155 1390 2517 1465 βουληθέντες
2549 1390 2683 1452 τέως
2734 1385 3024 1445 ἀναλαϐεῖν
3082 1390 3250 1460 αὐτὴν
3308 1389 3368 1443 o6
3410 1390 3804 1461 κατώρθωσαν,

2149 1485 2246 1535 τοῦ
2304 1482 2637 1554 κατέχοντος
2698 1481 2865 1547 αὐτὴν
2942 1480 3211 1551 Εὐμένους
3269 1474 3668 1554 Ἀριοϐαρζάνῃ
3722 1483 3804 1550 τῷ

2155 1566 2489 1645 Μιθριδάτου
2528 1567 2683 1623 παιδὶ
2723 1574 2926 1642 προῖκα
2966 1568 3181 1641 μᾶλλον
3210 1568 3544 1640 παραδοῦναι
3576 1567 3811 1637 ταύτην,

2152 1661 2187 1730 ἢ
2246 1656 2545 1735 παρέχουσι
2601 1662 2867 1735 χρήματα
2919 1665 3037 1719 τοῖς
3106 1658 3538 1735 Ἡρακλεώταις,
3599 1655 3691 1712 διὰ
3746 1658 3813 1712 τὸ

2151 1756 2251 1819 τῆς
2284 1750 2450 1824 ὀργῆς
2486 1748 2819 1823 ὑπαχθέντος
2849 1746 3159 1823 ἀλόγιστον.

996 1862 1127 1919 CAP.
1163 1861 1363 1918 XVIII.
1394 1891 1462 1901 ——
1496 1859 1931 1916 Heracliemium
1963 1874 2089 1914 cum
2117 1858 2329 1929 Zipavta
2361 1857 2583 1923 bellum,
2615 1856 2794 1912 clades
2823 1860 2873 1912 et
2903 1858 3156 1912 victoria.

462 1972 583 2028 Sub
606 1976 837 2045 tempus
860 1972 1023 2040 illud,
1046 1971 1263 2027 bellum
1282 1971 1562 2026 adversus
1575 1970 1823 2041 Zipeeten
1840 1969 2038 2041 Bithy-
2071 1972 2117 2036 Β

394 2078 559 2129 num,
593 2062 692 2130 qui
724 2062 1077 2133 Thyniacam
1110 2077 1242 2116 cum
1274 2060 1521 2131 imperio
1550 2058 1857 2114 Thraciam
1891 2057 2037 2113 obti-

393 2150 591 2216 nebat,
623 2149 1020 2205 Heraclienses
1080 2149 1323 2219 excepit.
1366 2150 1487 2213 Quo
1543 2148 1602 2202 in
1653 2146 1804 2203 bello
1854 2146 2035 2201 Hera-

400 2236 717 2293 cleotarum
740 2238 892 2293 bona
923 2255 1077 2309 pars,
1114 2238 1335 2293 fortiter
1352 2237 1705 2303 dimicando,
1731 2252 1875 2291 caesa
1904 2236 2037 2291 fuit.

395 2331 463 2382 Et
491 2327 733 2385 victoria
763 2328 1001 2398 quidem
1035 2344 1270 2383 summa
1299 2327 1351 2381 vi
1376 2328 1595 2397 potitur
1615 2327 1857 2397 Zipcstes
1890 2342 1903 2380 :
1938 2327 2034 2381 sed

392 2416 494 2472 ubi
553 2416 839 2473 sociorum
887 2417 1096 2473 auxilia
1153 2422 1609 2488 supervenerant
1659 2415 2033 2483 Heracleotis,

393 2508 527 2579 fuga
548 2507 708 2563 illam
728 2508 1250 2579 dehonestatErgo
1273 2505 1370 2574 qui
1390 2507 1559 2562 modo
1581 2507 2032 2573 succubuerant,

386 2596 665 2652 cadavera
720 2612 956 2652 suorum
1016 2601 1307 2662 asserunt,
1341 2600 1397 2651 et
1454 2599 1718 2651 cremant
1766 2611 1964 2650 secure
2016 2611 2029 2648 :

385 2695 441 2742 et
474 2686 675 2743 exinde
700 2686 810 2741 sub
835 2686 1138 2741 arbitrium
1167 2700 1337 2741 suum
1381 2686 1670 2756 redigunt,
1705 2684 1774 2741 de
1815 2684 2032 2757 quibus

382 2774 536 2829 bello
567 2776 1023 2847 disceptabatur,
1060 2781 1115 2831 st
1169 2791 1301 2831 ossa
1356 2774 1792 2829 interfectorum
1838 2774 1895 2828 in
1932 2791 2030 2829 ur-

383 2862 515 2919 bem
547 2863 747 2929 relata,
792 2864 1099 2935 magnitlce
1152 2864 1213 2919 in
1263 2863 1534 2935 praclare
1579 2861 1914 2918 meritorum
1959 2863 2031 2917 de

382 2953 574 3022 patria
605 2960 989 3009 monumento
1022 2954 1382 3010 conducunt.

2220 1965 2348 2020 Ὑπὸ
2382 1962 2438 2019 δὲ
2467 1964 2594 2026 τοὺς
2631 1963 2827 2019 αὐτοὺς
2861 1964 3095 2041 χρόνους
3144 1963 3425 2040 ἐκδέχεται
3474 1966 3601 2025 τοὺς
3645 1968 3807 2039 Ἡρα-

2144 2054 2388 2116 κλεώτας
2439 2055 2466 2109 6
2516 2056 2651 2130 πρὸς
2703 2055 2963 2125 Ζιποίτην
3013 2055 3103 2110 τὸν
3152 2057 3369 2110 Βιθυνὸν
3417 2055 3690 2128 πόλεμος,
3740 2054 3802 2117 ὃς

2149 2152 2248 2214 τῆς
2280 2152 2548 2215 Θυνιακῆς
2578 2143 2789 2221 ἒπῆρχε
2840 2147 3075 2220 Θρᾴκης.
3119 2147 3206 2203 Ἑν
3236 2147 3282 2218 ᾦ
3310 2144 3549 2220 πολέμῳ
3593 2144 3801 2200 πολλοὶ

2147 2239 2258 2289 τῶν
2305 2235 2699 2309 Ἡρακλεωτῶν
2742 2236 3002 2312 γενναίως
3058 2234 3438 2310 ἀνδρισάμενοι
3494 2236 3804 2304 κατεκόπη-

2151 2346 2268 2394 σαν,
2300 2324 2391 2379 καὶ
2439 2330 2559 2396 νικᾷ
2611 2326 2703 2398 μὲν
2760 2328 2896 2381 κατὰ
2926 2327 2972 2362 ⁶¹
3026 2328 3223 2401 κράτος
3284 2328 3311 2381 6
3342 2326 3624 2396 Ζιποίτης,
3667 2347 3808 2399 συμ-

2151 2411 2390 2489 μαχίδος
2429 2411 2485 2469 δὲ
2517 2412 2796 2487 δυνάμεως
2828 2420 2944 2476 τοῖς
2973 2414 3375 2489 Ἡρακλεώταις
3434 2414 3799 2483 ἐπελθούσης,

2146 2506 2291 2578 φυγῇ
2340 2505 2440 2572 τήν
2481 2501 2635 2571 νίκην
2671 2504 3045 2582 καταισχύνει.
3080 2506 3147 2561 O't
3201 2501 3258 2558 δὲ
3315 2503 3615 2575 ἡττημένοι
3666 2500 3800 2563 τοὺς

2144 2593 2435 2665 σφετέρους
2489 2594 2709 2665 νεκροὺς
2766 2589 2938 2653 ἀδεῶς
2989 2588 3355 2655 ἀναλαϐόντες
3409 2594 3495 2647 καὶ
3559 2592 3803 2645 καύσαν-

2146 2703 2255 2753 τες,
2288 2682 2403 2737 εἶτα
2432 2683 2523 2736 καὶ
2562 2683 2777 2737 πάντων
2809 2682 3015 2757 κύριοι,
3045 2685 3167 2757 περὶ
3211 2685 3285 2737 ὧν
3333 2685 3402 2752 ἦν
3451 2684 3479 2737 6
3518 2681 3799 2754 πόλεμος,

2146 2773 2526 2839 καταστάντες,
2574 2773 2771 2827 καὶτὰ
2825 2773 2957 2827 ὀστᾶ
3010 2777 3120 2827 τῶν
3174 2773 3539 2847 ἀνῃρημένων
3596 2771 3804 2828 ἀνακο-

2146 2861 2399 2934 μίσαντες
2456 2862 2530 2922 εἷς
2586 2866 2685 2930 τήν
2739 2860 2926 2933 πόλιν,
2958 2861 3233 2930 ἐπιφανῶς
3290 2860 3341 2917 ἐν
3394 2866 3474 2934 τῷ
3502 2866 3611 2917 τῶν
3660 2863 3791 2936 ἀρι-

2146 2953 2313 3007 στέων
2342 2949 2540 3026 ἔθαψαν
2574 2954 2838 3025 μνήματι.

839 3063 969 3118 CAP.
999 3061 1139 3118 XIX.
1172 3092 1241 3103 —
1294 3061 1545 3117 Antiochi
1580 3078 1702 3117 cum
1752 3061 2018 3132 Antigono
2047 3069 2101 3117 et
2144 3061 2444 3118 Nicomede
2475 3062 2678 3118 bellum
2708 3070 2761 3117 et
2788 3063 2997 3118 Heracl.
3030 3061 3276 3118 auxilia.

450 3159 619 3214 Circa
650 3158 771 3215 hac
820 3164 1102 3231 tempora,
1134 3160 1286 3215 inter
1316 3159 1666 3216 Antiochum
1713 3158 1935 3217 Seleuci
1968 3163 2026 3215 et

382 3250 737 3320 Antigonum
789 3249 1076 3315 Demetrii,
1110 3250 1315 3320 ingens
1364 3252 1631 3305 movetur
1670 3249 1882 3305 bellum
1922 3266 1935 3304 :
1968 3253 2025 3305 et

376 3340 512 3393 dum
551 3354 795 3409 magnos
828 3339 1101 3409 utrinque
1132 3343 1448 3408 apparatus
1481 3338 1700 3392 faciunt
1731 3336 1789 3391 in
1822 3337 2019 3408 copias

376 3426 681 3493 militares,
716 3435 946 3497 tempus
973 3426 1115 3481 satis
1149 3425 1386 3497 longum
1430 3425 1817 3481 consumitur.
1851 3425 2020 3483 Alteri

374 3515 716 3571 Nicomedes
754 3516 952 3571 227b
994 3515 1271 3587 Bithyniae
1311 3530 1410 3570 rex
1453 3530 1685 3585 operam
1733 3515 2018 3578 navabat;

376 3603 660 3659 Antiocho
738 3603 1070 3674 complures
1140 3603 1259 3658 alii.
1318 3602 1572 3658 Necdum
1655 3602 2019 3672 eruptionem

375 3693 584 3748 fecerat
625 3694 683 3748 in
715 3693 1080 3765 Antigonum
1110 3691 1462 3759 Antiochus,
1496 3708 1630 3747 cum
1664 3691 1886 3747 bellum
1918 3693 2023 3747 ad-

372 3799 576 3839 versus
618 3782 985 3838 Nicomedem
1032 3783 1310 3838 instituit.
1333 3782 1437 3837 Hic
1469 3783 1646 3854 igitur
1682 3781 2023 3837 Nicomedes

375 3879 431 3927 et
460 3871 697 3929 aliunde
736 3873 955 3929 auxilia
987 3872 1229 3943 colligit,
1253 3877 1311 3928 et
1340 3875 1408 3928 de
1440 3871 1571 3928 belli
1607 3872 1881 3928 societate
1914 3876 2022 3926 He-

376 3959 630 4017 racleam
687 3961 883 4019 missis
927 3960 1158 4032 legatis,
1196 3962 1261 4015 I3
1312 3960 1367 4015 in
1398 3960 1727 4016 subsidium
1760 3960 2025 4016 triremes

380 4050 613 4121 accipit,
646 4057 700 4106 et
758 4056 879 4105 tum
931 4050 1165 4105 demum
1226 4048 1471 4105 classem
1531 4066 1702 4104 suam
1761 4049 2026 4105 Antiochi

385 4137 555 4194 classi
585 4140 847 4210 opponit.
873 4138 990 4194 Etsi
1025 4144 1215 4193 autem
1261 4139 1534 4193 adversas
1574 4137 1916 4209 aliquandiu
1948 4142 2028 4193 te-

384 4227 605 4284 nebant
635 4229 808 4295 acies,
835 4229 1022 4282 neutri
1055 4232 1251 4285 tamen
1288 4246 1491 4301 pugnis
1523 4229 1754 4287 initium
1788 4232 2029 4301 faciunt,

379 4318 480 4372 sed
513 4318 737 4388 absque
766 4316 971 4373 etiectu
1005 4318 1239 4374 tandem
1275 4319 1645 4377 divelluntur.

2202 3160 2347 3212 Κατὰ
2396 3155 2453 3212 δὲ
2498 3156 2625 3221 τοὺς
2676 3158 2872 3221 αὐτοὺς
2916 3158 3153 3233 χρόνους
3192 3157 3466 3237 Ἀντιόχῳ
3521 3163 3602 3230 τῷ
3680 3166 3803 3214 Σε-

2132 3244 2328 3301 λεύκου
2370 3245 2460 3300 καὶ
2494 3246 2790 3323 Ἀντιγόνῳ
2839 3250 2916 3318 τῷ
2965 3247 3310 3323 Δημητρίου,
3350 3245 3604 3323 μεγάλων
3656 3246 3797 3302 ἐκα-

2127 3334 2360 3409 τέρωθεν
2409 3339 2826 3410 στρατευμάτων
2906 3335 3511 3411 ἀντιπαρατατομένων,
3559 3341 3794 3405 κινεῖτα,

2137 3425 2163 3478 6
2198 3423 2467 3497 πόλεμος,
2500 3424 2589 3478 καί
2620 3424 2817 3499 χρόνον
2867 3425 3061 3499 συχνὸν
3118 3424 3404 3498 κατέτριψε
3428 3444 3442 3459 ’
3487 3427 3796 3501 συνεμάχει

2134 3511 2192 3567 δὲ
2222 3518 2302 3585 τῷ
2336 3513 2431 3586 μὲν
2462 3515 2490 3568 6
2537 3519 2638 3582 τῆς
2687 3513 2933 3575 Βιθυνίας
2988 3514 3243 3587 βασιλεὺς
3284 3511 3634 3587 Νικομήδης,
3670 3516 3805 3569 Ἀν-

2129 3600 2309 3675 τιόχῳ
2337 3600 2395 3655 δὲ
2420 3601 2625 3656 πολλοὶ
2653 3599 2852 3675 ἕτεροι.
2884 3600 3052 3658 Οὔπω
3094 3599 3151 3656 δε
3174 3601 3465 3677 συρῥσγεές
3498 3603 3798 3675 Ἀντίοχος

2130 3690 2427 3762 Ἃντιγόνῳ
2452 3691 2542 3745 τὸν
2584 3691 2719 3763 πρὸς
2748 3687 3078 3762 Νικομήδην
3110 3690 3402 3764 χειρίζεται
3435 3689 3682 3762 πόλεμον
3720 3709 3733 3722 ·
3761 3692 3790 3744 6

2132 3777 2196 3834 δὲ
2227 3778 2556 3853 Νικομήδης
2607 3778 2918 3853 ἀλλαχόθεν
2972 3801 3031 3834 τε
3090 3777 3345 3852 δυνάμεις
3397 3780 3659 3854 ἀθροίζει,
3691 3782 3787 3833 καὶ

2132 3874 2446 3943 συμμαχεῖν
2534 3870 2671 3939 πρὸς
2753 3866 3133 3941 Ἡρακλεώτας
3224 3862 3791 3940 διαπρεσϐευσάμενος

2131 3960 2375 4031 τριήρεις
2430 3961 2499 4032 ιγ’
2532 3959 2657 4031 [3⁸74
2703 3958 2796 4031 [1.]
2828 3959 3157 4032 συμμάχους
3200 3952 3488 4030 λαμϐάνει,
3531 3957 3623 4012 καὶ
3669 3956 3791 4012 λοι-

2133 4048 2233 4101 πὸν
2290 4048 2721 4103 ἀντικαθίσταται
2780 4051 2861 4119 τῷ
2925 4051 3024 4101 τοῦ
3080 4047 3365 4121 Ἀντιόχου
3427 4045 3633 4119 στόλῳ.
3660 4048 3791 4101 Ἐπὶ

2136 4139 2337 4217 χρόνον
2368 4136 2425 4192 δέ
2473 4159 2592 4192 τινα
2640 4136 3117 4197 ἄντικαταστάντες
3170 4135 3471 4207 ἀλλήλοις,
3502 4133 3788 4209 οὐδέτεροι

2139 4228 2327 4301 μάχης
2354 4227 2517 4302 ἦρξαν
2541 4225 2669 4283 ἀλλ’
2699 4226 2965 4302 ἄπρακτοι
2997 4228 3043 4263 ⁶²
3076 4224 3424 4295 διελύθησαν.

1052 4424 1190 4481 CAP.
1224 4425 1349 4483 XX.
1382 4458 1449 4468 —
1482 4426 1767 4483 Gallorum
1806 4430 1867 4483 in
1896 4429 2083 4486 Asiam
2111 4437 2552 4503 transmigratio,
2574 4437 2624 4489 et
2652 4432 2797 4490 sedes
2825 4432 3106 4487 distincta.

451 4535 764 4603 Postquam
797 4548 932 4588 vero
965 4533 1112 4590 Galli
1144 4536 1213 4589 ad
1250 4536 1588 4607 Byzantium
1618 4536 1817 4605 delati,
1850 4540 2028 4592 maxi-
2058 4544 2101 4607 ι)

382 4638 537 4678 mam
579 4622 816 4679 ditionis
857 4633 1080 4695 partem
1128 4626 1645 4696 depOpularentur,
1682 4626 1844 4682 fracti
1876 4627 2026 4683 bello

382 4712 708 4785 Byzantini,
731 4712 1041 4781 sociorum,
1073 4714 1189 4771 huc
1221 4714 1360 4770 illuc
1401 4715 1779 4782 missitantes,
1815 4716 2029 4772 auxilia

374 4802 784 4876 implorant,et
807 4804 1060 4874 quisque
1100 4820 1204 4875 pro
1228 4804 1439 4859 virium
1464 4805 1636 4859 modo
1667 4806 2023 4877 suppeditat.

376 4892 779 4949 Heraclienses
811 4893 985 4948 etiam
1020 4909 1227 4949 aureos
1260 4892 1422 4947 mille
1470 4895 1722 4964 (tantum
1754 4894 1909 4950 enim
1942 4894 2026 4951 le-

379 4984 498 5054 gati
532 4983 844 5054 petierant)
866 4982 1454 5037 subministrant.Nec
1482 4981 1722 5053 longum
1746 4983 1804 5037 in
1840 4985 2027 5039 medio

382 5072 663 5143 spatium,
696 5089 829 5128 cum
880 5072 1223 5128 Nicomedes
1264 5070 1444 5128 Gallis
1486 5072 1587 5144 [αι.
1632 5072 1875 5146 Galatis]
1927 5075 2027 5145 qui

379 5162 688 5217 incursatis
756 5163 943 5219 adhuc
998 5162 1447 5234 Byzantinorum
1504 5164 1741 5235 finibus,
1794 5166 2028 5221 tametsi

386 5266 782 5321 saepenumero
812 5253 871 5307 in
922 5253 1115 5309 Asiam
1164 5255 1432 5325 trajicere
1479 5256 1686 5321 conati,
1738 5257 1905 5311 toties
1956 5256 2030 5311 ab

380 5337 612 5410 incepto
641 5339 946 5408 desistere,
972 5344 1423 5400 adversantibus
1455 5344 1810 5414 Byzantinis,
1845 5345 2028 5400 coacti

383 5434 602 5497 essent,
634 5430 810 5486 certis
839 5436 1035 5487 tamen
1091 5434 1523 5489 conditionibus
1558 5436 1865 5490 transitum
1898 5450 2031 5490 con-

2206 4541 2352 4597 Ἐπεῖ
2389 4540 2445 4596 δὲ
2479 4542 2711 4597 Γαλάται
2752 4543 2889 4618 πρὸς
2915 4543 2977 4597 τὸ
3026 4540 3320 4610 Βυζάντιον
3359 4540 3493 4610 ἧκον
3536 4537 3627 4593 καὶ
3684 4541 3787 4607 τήν

2140 4628 2405 4701 πλείστην
2437 4630 2603 4700 αὐτῆς
2649 4628 2915 4705 ἐδῄωσαν,
2964 4635 3043 4702 τῷ
3088 4629 3321 4702 πολέμῳ
3360 4628 3788 4689 ταπεινωθέντες

2140 4720 2190 4773 οἱ
2243 4719 2294 4774 ὲν
2358 4721 2635 4792 Βυζαντίῳ
2691 4724 2969 4792 πέμπουσι
3030 4720 3169 4794 πρὸς
3252 4718 3379 4781 τοὺς
3448 4715 3779 4792 συμμάχους

2140 4805 2387 4881 δεόμενοι
2418 4807 2703 4885 ὠφελείας.
2734 4812 2831 4865 Καὶ
2875 4808 3153 4885 παρέσχον
3190 4809 3284 4883 μὲν
3343 4808 3535 4869 πάντες
3579 4807 3651 4868 ὡς
3705 4807 3790 4861 εἶ-

2138 4918 2239 4974 χον
2279 4896 2491 4972 ἷσχύος,
2531 4899 2808 4974 παρέσχον
2841 4896 2899 4954 δὲ
2935 4898 3025 4954 καὶ
3069 4899 3121 4953 οἱ
3178 4904 3279 4967 τῆς
3312 4894 3633 4971 Ἡρακλείας
3664 4900 3789 4969 (το-

2139 4991 2329 5041 σοῦτον
2370 4988 2471 5062 γὰρ
2531 4989 2565 5055 ἡ
2616 4982 2875 5060 πρεσϐεία
2932 4987 3076 5062 ᾔτει)
3143 4991 3382 5065 χρυσοῦς
3435 5005 3790 5061 τετρακισχι-

2140 5076 2311 5136 λίους.
2343 5079 2473 5134 Μετ’
2509 5076 2570 5132 οὐ
2627 5075 2772 5132 πολὺ
2824 5074 2880 5132 δὲ
2938 5074 3263 5151 Νικομήδης
3328 5077 3456 5137 τοὺς
3514 5073 3789 5146 Γαλάτας,

2140 5167 2225 5227 οἷς
2252 5168 2286 5235 ἡ
2317 5163 2636 5239 καταδρομή
2664 5171 2772 5221 τῶν
2821 5166 3126 5236 Βυζαντίων
3178 5166 3480 5242 ἆγεγένητο.
3512 5162 3794 5227 πολλάκις

2142 5257 2237 5327 μὶν
2286 5253 2743 5333 ἐπιχειρήσαντας
2790 5257 2889 5323 τὴν
2927 5257 3107 5313 Ἀσίαν
3158 5256 3552 5328 περαιωθῆναι,
3581 5272 3792 5306 τοσαυ-

2136 5344 2293 5406 τάκις
2342 5341 2399 5399 δὲ
2446 5340 2845 5424 ἀποτυχόντας,
2898 5343 2996 5400 οὐκ
3042 5342 3386 5419 ἀνεχομένων
3435 5343 3534 5411 τὴν
3591 5342 3787 5415 πρᾶξιν

2143 5435 2475 5503 Βυζαντίων,
2526 5434 2612 5488 ἐπὶ
2663 5436 2954 5503 συνθήκαις
3020 5433 3175 5505 ὅμως
3233 5430 3624 5505 παρασκευάζει
3684 5451 3796 5485 πο-

1761 5561 2003 5618 νΑΗΙιΒ
2043 5561 2460 5619 LECTIONES.

445 5689 489 5725 σί
525 5682 661 5740 κατά
691 5688 729 5740 A
767 5702 780 5742 :
814 5684 913 5740 ἀνά
1107 5688 1154 5724 ⁸³
1184 5684 1448 5759 ἄπρακτοι
1478 5693 1525 5745 Δ
1559 5707 1572 5748 :
1605 5685 1963 5763 ἀπαράδεκτοι
1998 5687 2083 5762 ς’.
