4116 6224
374 368 494 429 897
1460 360 1997 426 BIBLIOTHECA.
2043 396 2122 406 —
2163 359 2334 424 COD.
2395 359 2696 424 CCXXIV.
3665 364 3784 424 898

375 503 704 578 ραιωθῆναι.
732 500 800 557 Ai
842 495 899 554 δὲ
929 500 1211 567 συνθῆκαι,
1244 495 1546 571 Νικομήδει
1601 499 1696 571 μὲν
1753 498 1843 553 καὶ
1899 503 2017 561 τοῖς

2137 498 2372 555 ciliavit.
2403 499 2816 556 Conditionum
2839 499 3091 556 formula
3111 499 3232 557 hac
3250 505 3405 558 erat:
3445 502 3512 559 Ut
3541 501 3780 560 barbari

373 591 624 666 ἐκγόνοις
678 589 762 645 ἀεὶ
815 587 948 665 φίλα
1005 593 1219 666 φρονεῖν
1258 586 1386 650 τοὺς
1424 581 1754 662 βαρϐάρους,
1785 587 1876 642 καὶ
1923 593 2023 657 τῆς

2137 589 2427 645 Nicomedi
2459 589 2706 660 ejusque
2753 591 2998 661 posteris
3046 595 3320 661 perpetuo
3353 592 3621 649 amicitia
3677 594 3783 650 foe-

372 681 602 755 γνώμης
657 684 754 734 τοῦ
811 675 1166 752 Νικομήδους
1224 678 1402 753 χωρές
1464 675 1654 750 μηδενὶ
1714 683 2025 752 συμμαχεῖν

375 774 483 824 τῶν
535 770 673 845 πρὸς
721 767 920 831 αὐτοὺς
978 761 1541 842 διαπρεσϐευομένων,
1572 764 1700 821 ἀλλ’
1741 767 1876 821 εἶναι
1925 764 2025 844 φί-

377 859 515 922 λους
548 859 643 932 μὶν
673 863 793 920 τοῖς
835 855 1041 932 φίλοις,
1073 855 1374 930 πολεμίους
1407 853 1466 910 δὲ
1511 859 1628 916 τοῖς
1673 854 1735 909 οὗ
1777 854 2022 929 φιλοῦσι,

379 954 695 1024 συμμαχεῖν
765 944 823 1002 δὲ
877 948 967 1002 καὶ
1025 946 1362 1018 Βυζαντίοις,
1404 943 1457 1000 εἶ’
1507 966 1613 1000 που
1667 942 1874 1015 δεήσοι,
1933 944 2024 999 καὶ

375 1043 593 1102 Τιανοῖς
649 1034 706 1092 δὲ
751 1037 838 1092 καὶ
868 1035 1274 1112 Ἡρακλεώταις
1323 1036 1412 1090 καὶ
1470 1031 1881 1110 Καλχηδονίοις
1929 1033 2023 1088 καὶ

379 1132 656 1204 Κιερανοῖς
703 1126 793 1182 καί
854 1148 993 1181 τισιν
1049 1125 1250 1200 ἑτέροις
1325 1126 1490 1179 έθνῶν
1550 1123 1837 1202 ἄρχουσιν.
1900 1123 2024 1180 Ἐπὶ

375 1222 597 1281 ταύταις
643 1218 735 1291 μὲν
767 1221 888 1279 ταῖς
922 1218 1213 1287 συνθήκαις
1254 1212 1584 1288 Νικομήδης
1631 1215 1695 1268 τὸ
1729 1213 2026 1269 Γαλατικὸν

379 1307 597 1378 πλῆθος
641 1305 716 1369 εἷς
745 1307 930 1362 Ἀσίαν
976 1299 1308 1374 διαϐιϐάζει·
1336 1303 1411 1357 ὧν
1441 1308 1752 1381 περιφανεῖς
1809 1304 1902 1376 μὲν
1936 1302 2023 1358 ἐπὶ

381 1401 445 1455 τὸ
485 1401 532 1436 ⁸³
589 1395 779 1472 ἄρχειν
823 1399 884 1467 ιζ’
912 1398 1004 1452 τὸν
1051 1396 1282 1470 ἀριθμὸν
1311 1395 1544 1466 ἦσαν,οί
1599 1391 1657 1449 δὶ
1703 1393 1793 1448 καὶ
1851 1394 2025 1448 αὑτῶν

378 1487 594 1544 τούτων
646 1485 1063 1562 προκεκριμένοι
1122 1487 1208 1540 καὶ
1278 1485 1569 1562 κορυφαῖοι
1644 1484 2024 1556 Λεωννώριοις

378 1578 553 1648 ἤστην
584 1576 673 1630 καὶ
708 1574 1057 1650 Λουτούριος.

459 1756 732 1828 [7213]
807 1753 950 1822 Αὕτη
1031 1750 1212 1806 τοίνυν
1289 1753 1396 1804 τῶν
1482 1748 1738 1805 Γαλατῶν
1825 1749 1859 1818 ἡ
1939 1746 2026 1802 ἐπὶ

2138 682 2272 736 dere
2301 680 2597 749 conjuncti
2651 689 2971 748 manerent,
3004 681 3229 754 absque
3284 681 3616 740 Nicomedis
3647 700 3780 741 sen-

2138 770 2324 826 tentia
2351 781 2404 827 et
2428 771 2723 828 voluntate
2755 772 2998 838 nemini,
3034 788 3068 827 a
3098 788 3210 843 quo
3243 787 3341 842 per
3363 771 3583 844 legatos
3617 775 3778 830 solli-

2137 859 2476 927 citarentur,
2501 860 2560 915 in
2591 860 2762 916 bellis
2783 877 2945 930 opem
2971 860 3222 917 ferrent:
3248 863 3343 916 sed
3371 863 3576 917 amicis
3598 863 3778 934 hujus

2134 948 2334 1018 amici,
2360 952 2418 1005 et
2437 947 2693 1004 inimicis
2718 948 2915 1004 hostes
2948 949 3152 1004 forent.
3189 951 3226 1003 A
3252 950 3583 1021 Byzantinis
3606 951 3774 1007 etiam

2137 1040 2379 1100 starent.
2434 1039 2481 1093 si
2542 1054 2657 1109 qua
2716 1039 3036 1093 necessitas
3076 1039 3375 1094 incideret.
3425 1040 3772 1095 Societatem

2134 1131 2411 1196 praterea
2441 1126 2695 1183 colerent
2725 1143 2858 1182 cum
2890 1127 3086 1184 Tianis
3119 1133 3176 1184 et
3208 1128 3694 1198 Heracliensibus,
3721 1134 3778 1186 et

2135 1214 2563 1284 Chalcedoniis,
2595 1221 2652 1272 et
2707 1217 2987 1282 Cieranis,
3045 1222 3102 1272 et
3144 1217 3444 1274 nonnullis
3502 1218 3599 1287 qui
3630 1218 3778 1274 alias

2137 1301 2247 1358 sub
2272 1302 2676 1372 jurisdictione
2724 1308 2926 1374 gentes
2985 1303 3281 1359 haberent.
3319 1304 3413 1359 His
3471 1310 3773 1375 pactorum

2136 1391 2366 1464 legibus
2386 1391 2731 1448 Nicomedes
2762 1391 3054 1448 Gallorum
3089 1394 3185 1464 [aL
3221 1393 3579 1466 Galatarum]
3613 1395 3778 1451 mul-

2136 1481 2450 1536 titudinem
2474 1481 2533 1537 in
2565 1482 2758 1538 Asiam
2791 1481 3134 1538 transmisit.
3161 1488 3377 1538 Horum
3412 1483 3700 1555 principes
3718 1485 3778 1541 in

2136 1569 2380 1642 imperio
2419 1568 2676 1626 illustres
2709 1572 2775 1624 17
2806 1571 2984 1641 fuere,
3017 1571 3164 1627 inter
3212 1588 3356 1643 quos
3411 1572 3687 1645 pracipui
3719 1578 3778 1630 et

2138 1659 2375 1725 summi,
2411 1659 2726 1716 Leonorius
2765 1667 2821 1716 et
2851 1660 3136 1716 Lutarius.

2215 1748 2340 1804 Hac
2379 1747 2558 1820 igitur
2613 1747 2911 1804 Gallorum
2954 1749 3012 1804 in
3072 1749 3267 1805 Asiam
3316 1749 3777 1822 transmigratio,

382 1845 483 1913 τὴν
533 1841 722 1900 Ἀσίαν
784 1835 1033 1902 διάϐασις
1109 1842 1227 1894 κοτ’
1284 1839 1457 1914 ἀρχὰς
1535 1839 1630 1912 μὲν
1707 1836 1795 1892 ἐπὶ
1879 1841 2023 1910 κακῷ

2137 1837 2326 1906 primo
2357 1836 2614 1908 quidem,
2637 1837 2708 1892 ad
2728 1836 3052 1893 incolarum
3075 1839 3491 1894 detrimentum
3509 1855 3778 1911 progres-

375 1935 485 1986 τῶν
547 1929 852 2004 οἰκητόρων
922 1927 1209 2002 προελθεῖν
1269 1924 1554 1998 ἐνομίσθη,
1613 1926 1676 1982 τὸ
1753 1922 1810 1980 δὶ
1864 1924 2022 1986 τέλος

379 2017 576 2091 ἔδειξεν
613 2019 903 2092 ἀποκριθὲν
943 2018 1079 2092 πρὸς
1124 2017 1187 2072 τὸ
1233 2015 1504 2092 συμφέρον
1537 2032 1550 2046 ·
1608 2020 1717 2070 τῶν
1767 2014 1870 2090 γάρ
1925 2014 2020 2088 βα-

379 2105 580 2164 σιλέων
608 2110 708 2177 τήν
740 2111 850 2164 τῶν
898 2106 1114 2163 πόλεων
1157 2103 1530 2179 δημοκρατίαν
1572 2102 1791 2182 ἀφελεῖν
1849 2123 2025 2158 σπου-

383 2195 680 2269 δαζόντων,
711 2197 863 2253 αὐτοὶ
919 2195 1132 2270 μᾶλλον
1172 2193 1372 2265 ταύτην
1422 2194 1471 2230 ⁸⁴
1512 2187 1812 2260 ἐϐεϐαίουν,
1871 2192 2022 2246 ἀντι·

377 2289 769 2361 καθιστάμενοι
823 2291 941 2350 τοῖς
973 2283 1386 2358 ἐπιτιθεμένοις.
1419 2280 1742 2356 Νικομήδης
1789 2280 1847 2336 δὲ
1889 2281 2025 2337 κατὰ

378 2377 619 2430 Βιθυνῶν
667 2378 904 2449 πρῶτον,
967 2370 1410 2448 συμμαχούντων
1463 2369 1611 2441 αὖτῷ
1671 2370 1757 2424 καὶ
1817 2372 1925 2424 τῶν
1971 2366 2022 2440 ἒξ

373 2463 720 2539 Ἡρακλείας,
750 2462 879 2526 τοὺς
923 2457 1229 2538 βαρϐάρους
1280 2458 1588 2530 ἐξοπλίσας,
1629 2465 1730 2527 τῆς
1779 2478 1838 2513 τε
1904 2457 2024 2532 χώ-

379 2573 474 2630 ρας
533 2552 794 2628 έκράτησε
867 2553 954 2608 καὶ
1015 2552 1140 2613 τοὺς
1195 2549 1536 2610 ἐνοικοῦντας
1578 2547 1866 2621 κατέκοψε,
1924 2546 2026 2615 τήν

377 2641 560 2713 ἄλλην
616 2642 766 2698 λείαν
811 2646 918 2698 τῶν
967 2639 1228 2697 Γαλατῶν
1297 2641 1508 2704 ἑαυτοῖς
1564 2636 2021 2712 διανειμαμένων.

377 2730 547 2790 Οὗτοι
578 2730 634 2787 δὲ
672 2730 890 2801 πολλὴν
940 2726 1257 2792 ἐπελθόντες
1286 2729 1476 2806 χώραν
1520 2728 1678 2790 αὖθις
1732 2727 2027 2803 ἀνεχώρη-

375 2841 498 2892 σαν,
537 2821 628 2877 καὶ
674 2828 776 2891 τῆς
826 2819 1130 2895 αἱρεθείσης
1187 2818 1376 2881 αὐτοῖς
1433 2817 1768 2891 ἀπετέμοντο
1805 2817 1906 2886 τήν
1934 2819 2023 2869 νῦν

379 2909 653 2966 Γαλατίαν
683 2909 1053 2982 καλουμένην,
1086 2909 1162 2970 εἰς
1208 2913 1355 2983 τρεῖς
1415 2907 1609 2981 μοίρας
1666 2907 1866 2975 ταύτην
1909 2901 2024 2959 δια-

383 2999 689 3073 νείμαντες,
746 2997 834 3054 καὶ
889 2997 1016 3060 τοὺς
1097 2997 1191 3071 μὲν
1268 2997 1573 3071 Τρωγμοὺς
1639 2993 2024 3068 ὀνομάσαντες,

2131 1941 2271 1980 sura
2298 1923 2766 1981 existimabatur:
2787 1926 2883 1983 sed
2907 1927 3122 1996 exitus,
3154 1928 3479 1984 commodis
3507 1928 3774 2001 ipsorum

2133 2013 2489 2070 destinatum
2503 2013 2611 2070 hoc
2633 2015 2905 2072 ostendit.
2927 2019 3068 2070 Dum
3084 2015 3238 2072 enim
3263 2032 3425 2090 reges
3437 1999 3777 2089 popularem
3888 1999 3895 2003 ’

2133 2101 2461 2159 civitatibus
2500 2107 2720 2160 statum
2775 2104 3054 2175 abrogare
3085 2109 3379 2177 satagunt,
3431 2105 3601 2167 Galli.
3653 2106 3775 2162 hac

2136 2191 2507 2248 molientibus
2539 2193 2898 2263 obsistendo,
2934 2195 3123 2266 magis
3172 2195 3333 2250 illam
3377 2195 3772 2251 corroborant.

2131 2281 2475 2339 Nicomedes
2507 2283 2686 2351 igitur
2706 2288 2905 2340 contra
2942 2285 3217 2357 Bithynos
3237 2284 3517 2356 primum,
3542 2284 3775 2341 illorum

2134 2370 2351 2426 auxilio
2374 2375 2429 2428 et
2458 2388 2604 2444 quos
2633 2389 2701 2428 ex
2724 2372 2998 2429 Heraclea
3026 2379 3315 2431 armasset
3363 2375 3773 2442 barbarorum,

2133 2465 2191 2516 et
2221 2460 2575 2531 provinciam
2625 2461 2876 2534 subegit,
2919 2467 2976 2518 et
3024 2465 3278 2520 concidit
3307 2462 3539 2520 incolas
3572 2479 3586 2518 :
3619 2466 3774 2534 quod

2133 2549 2393 2620 alioquin
2425 2554 2550 2606 erat
2595 2552 2822 2620 prada,
2855 2551 3009 2606 inter
3057 2569 3121 2608 se
3169 2552 3458 2623 dispertiti
3490 2557 3632 2607 sunt
3661 2551 3777 2606 Ga—

2137 2637 2286 2694 lata.
2319 2640 2388 2694 Hi
2447 2639 2602 2695 enim
2657 2639 2830 2711 longe
2877 2641 3108 2712 lateque
3165 2645 3382 2696 terram
3439 2638 3780 2712 depopulati

2136 2736 2285 2782 retro
2318 2729 2552 2784 demum
2584 2734 2888 2785 cesserunt
2921 2747 2934 2784 :
2966 2739 3022 2786 et
3051 2731 3121 2786 de
3152 2731 3395 2786 subacta
3419 2731 3475 2786 id
3503 2731 3615 2785 sibi
3655 2746 3782 2786 am-

2134 2820 2433 2888 putarunt,
2470 2817 2626 2887 quod
2652 2832 2807 2872 nunc
2851 2816 3088 2873 Galatia
3123 2833 3333 2874 nomen
3367 2817 3562 2886 habet,
3584 2817 3778 2875 228a

2133 2905 2193 2960 in
2225 2909 2344 2962 tres
2367 2911 2557 2978 partes
2579 2905 2980 2963 distributum.
3019 2906 3172 2963 Alios
3192 2908 3348 2963 enim
3367 2907 3653 2978 Trogmos
3675 2924 3775 2964 no-

2136 2993 2367 3050 minent
2401 3013 2415 3063 ;
2472 2995 2638 3063 alios,
2678 2995 3107 3069 Tolistobogios
3140 3012 3154 3064 ;
3188 2995 3353 3062 alios,
3403 2997 3776 3068 Tectosages.
3837 3008 3840 3010 ‘

381 3092 513 3151 τοὺς
574 3088 631 3144 δὲ
661 3083 1160 3164 Τολοστοϐογίους,
1197 3085 1325 3147 τοὺς
1357 3083 1416 3141 δὲ
1453 3085 1813 3160 Τεκτοσάγας.
1849 3080 2022 3141 Ἐδεί-

2143 3084 2322 3142 Urbes
2352 3086 2531 3142 etiam
2563 3085 2948 3143 condiderunt
2974 3104 2986 3142 :
3010 3087 3238 3158 Trogmi
3263 3089 3573 3160 Ancyram,
3598 3085 3783 3144 Tolis-

377 3200 552 3252 μαντο
583 3176 639 3234 δὲ
663 3177 856 3241 πόλεις
884 3177 1148 3252 Τρωγμοὶ
1193 3177 1287 3250 μὲν
1337 3182 1628 3250 Ἄγκυραν,
1677 3167 2027 3229 Τολοστοϐό-

372 3290 490 3344 γιοι
521 3265 577 3324 δὲ
605 3262 827 3338 Ταϐίαν,
859 3266 1191 3341 Τεκτοσάγες
1228 3263 1284 3320 δὲ
1321 3269 1669 3321 Πισινοῦντα.

2137 3173 2354 3244 tobogii
2383 3175 2644 3244 'I‘abiam,
2685 3175 3032 3249 Tectosages
3063 3177 3443 3234 Pesinuntem
3471 3177 3602 3249 (65).

866 3378 1002 3434 CAP.
1036 3377 1172 3432 XXI.
1209 3407 1273 3416 —
1305 3377 1376 3432 De
1413 3377 1603 3431 Asiana
1631 3380 1683 3431 el
1713 3374 2023 3430 Nicomedia
2043 3372 2289 3430 urbibus.
2321 3372 2690 3444 Bithynorum
2727 3375 3048 3445 principum
3074 3376 3263 3432 series.

446 3469 504 3521 Ὀ
561 3464 620 3522 δὲ
661 3463 990 3540 Νικομήδης
1037 3465 1113 3527 είς
1151 3465 1410 3538 λαμπράν
1462 3462 1810 3537 εὐδαιμονίαν
1846 3463 2025 3535 ἀρθεὶς

367 3553 540 3612 πόλιν
595 3556 769 3628 ὶαυτῷ
817 3555 1115 3628 ὁμώνυμον
1170 3553 1425 3628 ἀνεγείρει
1475 3552 1697 3627 ἀντικρὺ
1739 3553 2023 3610 Ἀστακοῦ.

366 3647 485 3715 Τήν
552 3644 815 3702 Ἀστακὸν
893 3641 949 3697 δὲ
1034 3641 1345 3720 Μεγαρέων]
1416 3639 1618 3714 ᾤκισαν
1695 3642 1744 3676 ⁸⁵
1803 3641 2026 3696 ἄποικοι

368 3731 753 3806 Ὀλυμπιάδος
807 3731 1101 3804 ἱσταμένης
1163 3735 1251 3801 ιζ’,
1299 3731 1565 3788 Ἀστακὸν
1615 3728 1847 3800 ἓπίκλην
1891 3729 2028 3785 κατά

370 3823 635 3899 χρησμὸν
684 3821 896 3894 θέμενοι
928 3820 1034 3875 ἀπό
1073 3840 1217 3882 τινος
1256 3824 1362 3875 τῶν
1414 3818 1722 3896 λεγομένων
1773 3823 2023 3893 σπαρτῶν

371 3911 469 3967 καὶ
490 3914 736 3987 γηγενῶν
768 3915 876 3964 τῶν
907 3912 952 3946 ⁸⁸
982 3909 1267 3985 ἀπογόνων
1309 3914 1417 3964 τῶν
1478 3907 1530 3962 έν
1581 3903 1809 3978 Θήϐαις,
1841 3908 2028 3961 Ἀστα-

367 4006 476 4058 κοῦ
516 4002 615 4070 τήν
650 4000 874 4071 κλῆσιν,
906 3996 1098 4074 ἀνδρὸς
1143 3999 1392 4075 γενναίου
1450 3999 1538 4052 καὶ
1587 3995 2022 4072 μεγαλόφρονος,

363 4092 524 4161 Αὕτη
573 4088 789 4150 πολλὰς
842 4088 1106 4151 ἐπιθέσεις
1167 4089 1313 4162 παρὰ
1371 4107 1431 4142 τε
1498 4089 1606 4140 τῶν
1667 4083 2023 4160 ὁμορούντων

365 4184 650 4238 ὑποστᾶσα
717 4181 808 4236 καὶ
885 4177 1156 4252 πολέμοις
1233 4175 1511 4237 πολλάκις
1595 4172 2021 4249 έκτρυχωθεῐσα,

361 4271 673 4342 Ἀθηναίων
705 4273 831 4344 [375
869 4271 957 4342 8,]
991 4269 1161 4337 αὐτὴν
1217 4269 1355 4341 μετά
1402 4265 1682 4340 Μεγαρέας
1740 4263 2023 4336 ἰπῳκηκό-

360 4382 483 4416 των
514 4358 672 4432 ἔληξέ
701 4381 763 4415 τε
796 4363 904 4414 τῶν
939 4361 1239 4438 συμφορῶν
1289 4355 1379 4412 καὶ
1439 4353 1529 4411 ἐπὶ
1563 4354 1702 4430 μέγα
1741 4350 1903 4423 δόξης
1936 4351 2023 4407 καὶ

359 4451 564 4526 ἰσχύος
622 4449 850 4526 ἐγένετο,
919 4446 1201 4504 Δυδαλσυῦ
1258 4451 1556 4518 τηνικαῦτα
1622 4445 1722 4514 τὴν
1785 4444 2023 4499 Βιθυνῶν

2207 3463 2554 3519 Nicomedes
2576 3471 2797 3532 autem,
2829 3464 2889 3519 in
2921 3466 3236 3537 conspicuo
3267 3462 3561 3521 felicitatis
3589 3467 3778 3538 gradu

2137 3553 2379 3622 positus,
2404 3552 2476 3608 de
2508 3553 2743 3608 nomine
2773 3570 2879 3608 suo
2905 3553 3189 3610 exstruxit
3226 3554 3431 3609 urbem
3463 3570 3494 3610 e
3545 3555 3778 3626 regione

2135 3643 2352 3698 Astaci.
2394 3645 2579 3710 Quam
2631 3643 3057 3714 Megarensium
3109 3643 3335 3700 colonia
3383 3645 3495 3700 sub
3545 3644 3778 3700 initium

2135 3731 2501 3803 Olympiadis
2572 3747 2687 3787 xvu
2743 3733 3162 3802 frequentarat,
3219 3735 3498 3787 Astacum
3557 3731 3780 3787 oraculi

2128 3821 2303 3890 jussu
2339 3818 2794 3888 denominatam,
2851 3821 2921 3874 ab
2957 3823 3160 3876 Astaco
3210 3821 3462 3890 quodam
3493 3835 3779 3892 generoso

2136 3913 2194 3963 et
2243 3909 2475 3964 cordato
2505 3908 2647 3974 viro,
2683 3924 2751 3964 ex
2802 3924 2998 3964 eorum
3043 3909 3315 3980 prosapia
3363 3909 3465 3979 qui
3499 3908 3693 3979 Sparti
3728 3916 3784 3964 et

2137 3997 2436 4066 terrigena
2467 3995 2605 4051 olim
2637 3997 2852 4052 Thebis
2894 3997 3264 4051 vocabantur.
3298 3995 3430 4052 Hac
3461 3995 3710 4051 multum
3744 4013 3778 4052 a

2136 4083 2400 4140 finitimis
2421 4084 2701 4155 appetita,
2725 4090 2782 4138 et
2799 4083 3019 4139 crebris
3041 4083 3228 4140 accisa
3248 4084 3435 4151 bellis,
3459 4084 3778 4140 Athenien-

2135 4174 2290 4230 sium
2349 4174 2570 4230 colonis
2631 4175 3002 4245 postmodum
3081 4175 3345 4245 adjectis,
3404 4174 3774 4232 vexationum

2135 4265 2333 4335 tinem,
2365 4268 2420 4320 et
2449 4263 2812 4320 incrementa
2843 4263 3038 4336 gloria
3071 4269 3126 4321 et
3183 4265 3454 4337 potentia
3503 4283 3618 4321 non
3651 4282 3777 4322 me-

2135 4353 2331 4410 diocre
2388 4354 2596 4426 adepta
2640 4359 2750 4420 est,
2808 4353 3060 4427 Dydalso
3109 4360 3250 4411 tunc
3290 4354 3445 4411 inter
3498 4355 3778 4429 Bithynos

2135 4459 2329 4498 rerum
2389 4442 2663 4514 potiente.
2721 4443 2843 4509 Quo
2911 4443 3205 4513 defuncto,
3264 4443 3489 4500 Botiras
3547 4450 3774 4517 regnat,

362 4541 554 4615 ἀρχὴν
602 4535 832 4615 ἔχοντος
866 4558 879 4571 ·
929 4538 992 4593 οὗ
1039 4537 1463 4608 τελευτήσαντος
1521 4537 1680 4612 ἄρχει
1739 4531 2016 4608 Βοτείρας,

2137 4533 2202 4588 ad
2233 4532 2304 4587 76
2336 4548 2522 4588 annos
2542 4537 2705 4588 atate
2727 4533 3030 4604 producta.
3055 4531 3118 4588 Ei
3149 4533 3306 4589 ﬁlius
3339 4533 3450 4590 Bas
3481 4534 3734 4591 succedit
3760 4550 3774 4590 :

363 4629 543 4699 ζήσας
595 4627 639 4691 ς’
686 4627 775 4681 καὶ
817 4633 858 4680 o'
887 4623 1005 4697 ἔτη.
1038 4628 1246 4683 Τοῦτον
1298 4621 1606 4698 διαδέχεται
1655 4623 1762 4683 Βᾶς
1809 4621 1836 4674 ὁ
1877 4620 2017 4691 υἱὸς,

357 4718 427 4780 ’ὸς
487 4715 575 4770 καὶ
618 4714 900 4773 Κάλαντον
949 4715 995 4750 ⁸⁷
1042 4710 1401 4785 Ἀλεξάνδρου
1465 4709 1788 4785 στρατηγὸν,
1840 4709 2017 4762 καίτοι

355 4827 431 4883 γε
482 4803 602 4859 λίαν
644 4804 1145 4880 παρεσκευασμένον
1195 4801 1330 4876 πρὸς
1374 4802 1474 4868 τήν
1522 4797 1729 4872 μάχην,
1761 4818 2020 4872 κατηγω-

350 4894 575 4962 νίσατο,
606 4892 696 4948 καὶ
743 4900 844 4962 τῆς
901 4891 1156 4952 Βιθυνίας
1208 4891 1576 4964 παρεσκεύασε
1641 4887 1768 4949 τοὺς
1837 4888 2022 4942 Μακε-

353 4985 526 5047 δόνας
584 4983 943 5060 ἀποσχέσθαι.
1005 4983 1216 5040 Τούτου
1269 4979 1388 5056 βίος
1451 4980 1544 5054 μὲν
1596 4977 1835 5054 ἐγεγόνει
1884 4974 2017 5030 έτῶν

349 5077 405 5133 α’
440 5074 529 5128 καὶ
573 5075 637 5144 ο’,
671 5074 746 5127 ὧν
780 5069 1098 5130 ἐϐασίλευσε
1127 5074 1187 5130 ν’.
1221 5070 1298 5129 Οὗ
1331 5075 1482 5138 παῖς,
1515 5075 1613 5138 τῆς
1668 5068 1848 5142 ἀρχῆς
1899 5063 2022 5120 διά-

353 5164 564 5242 δοχος.
591 5164 873 5234 Ζιποίτης,
905 5160 1161 5238 λαμπρὸς
1205 5161 1260 5216 ἐν
1306 5159 1579 5233 πολέμοις
1621 5155 1885 5234 γεγονὼς,
1927 5152 2017 5208 καῖ

345 5241 496 5317 τοὺς
527 5255 866 5330 Λυσιμάχου
916 5250 1256 5328 στρατηγοὺς
1291 5252 1383 5308 τὸν
1435 5251 1530 5324 μὲν
1572 5246 1804 5318 ἀνελὼν,
1835 5245 1927 5298 τὸν
1961 5241 2020 5299 δὲ

2128 4621 2418 4694 quietiam
2432 4620 2760 4688 Calantum,
2777 4621 3088 4678 Alexandri
3101 4623 3399 4694 cOpiarum
3415 4625 3773 4695 praefectum,

2130 4711 2264 4768 licet
2322 4711 2540 4782 Optime
2593 4711 2665 4767 ad
2723 4728 2980 4783 pugnam
3013 4711 3386 4781 instructum,
3447 4713 3776 4784 proﬂigavit

2130 4800 2273 4866 acie,
2301 4805 2354 4854 et
2386 4802 2449 4855 ut
2474 4800 2815 4856 Macedones
2837 4818 2868 4854 a
2887 4799 3154 4872 Bithynia
3179 4801 3538 4857 abstinerent
3559 4799 3768 4856 effecit.

2130 4887 2284 4944 Vixit
2336 4887 2431 4943 hic
2477 4888 2544 4943 71
2598 4905 2802 4958 annos,
2835 4893 2892 4944 et
2939 4891 3009 4945 de
3052 4890 3122 4945 iis
3149 4888 3220 4944 50
3269 4905 3512 4962 regnum
3563 4887 3775 4959 tenuit,

2130 4977 2435 5049 ﬁliumque
2453 4977 2658 5033 habuit
2678 4993 3079 5034 successorem
3113 4979 3397 5051 Zipaten,
3430 4977 3548 5048 qui,
3583 4975 3775 5033 clarus

2130 5066 2322 5135 bellis,
2355 5083 2384 5124 e
2426 5067 2756 5140 Lysimachi
2795 5069 3079 5140 prafectis
3111 5069 3292 5124 alium
3325 5066 3560 5134 occidit,
3593 5065 3777 5123 alium

2129 5172 2308 5228 quam
2367 5155 2707 5228 longissime
2738 5173 2771 5212 a
2803 5157 3021 5213 ﬁnibus
3079 5158 3202 5214 suis
3244 5155 3492 5228 depulit.
3541 5155 3691 5219 Quin
3720 5162 3777 5212 et

2130 5245 2319 5317 ipsum
2376 5245 2776 5317 Lysimachum
2838 5246 3134 5319 repressit.
3197 5246 3444 5303 Posthac
3487 5245 3773 5303 Antiocho

1715 5371 1954 5429 VARle
1994 5369 2406 5427 LECTIONES.

430 5497 484 5536 ⁸³
513 5496 603 5554 ἰπὶ
631 5496 719 5570 τό]
751 5497 869 5557 imo
898 5495 986 5552 ἐπὶ
1017 5494 1118 5570 τῷ.
1192 5496 1240 5533 ⁶⁴
1276 5493 1442 5567 αὐτήν
1476 5493 1539 5568 ς’
1543 5535 1560 5552 .
1634 5491 1683 5528 ⁸⁸
1715 5491 1849 5547 libri
1881 5485 2126 5562 ᾤκησαν.
2200 5485 2248 5521 ⁸⁸
2277 5489 2384 5541 τῶν
2418 5491 2546 5560 post
2573 5491 2814 5565 γηγενῶν
2845 5504 2961 5548 om.
2990 5493 3058 5548 Α.
3132 5490 3177 5528 ⁸⁷
3209 5488 3392 5548 Κάλαν
3420 5491 3512 5548 τὸν
3539 5489 3661 5552 Ἀλ.
3684 5491 3772 5568 ς.

1969 5585 2198 5644 ΝΟΤΛΕ.

436 5688 551 5763 (65)
573 5685 705 5744 Vid.
737 5685 841 5745 lib.
870 5702 911 5743 ιι
933 5686 1062 5746 iter.
1091 5685 1245 5744 Boic.
1279 5682 1457 5743 Marci
1487 5681 1735 5752 Velseri,
1760 5696 1820 5756 p.
1859 5681 1941 5736 71.
