4154 6218
382 325 498 387 899

1588 325 1857 387 PHOTII
1901 327 2438 389 ΡΑΤΒΙΑΒΟΗΛΕ
2480 329 2595 390 CP.

3666 333 3785 395 900

381 463 629 532 Seleuci,
661 463 757 537 qui
786 463 987 520 Asiam
1045 465 1238 519 tamen
1269 465 1327 519 et
1382 460 1725 519 Macedones
1774 460 2021 534 imperio

2138 454 2224 514 ἕπὶ
2261 460 2522 532 μήκιστον
2562 466 2664 530 τῆς
2693 460 2894 523 οἰκείας
2925 460 3201 526 ἀπελάσας
3245 461 3448 539 ἀρχῆς,
3479 462 3629 519 ἄλλα
3695 463 3788 518 καὶ

381 554 697 619 coercebat,
731 552 998 625 superior
1045 552 1257 621 factus,
1290 552 1495 606 urbem
1529 550 1728 606 condit
1756 551 1824 606 ad
1856 550 2031 623 Lype-

380 659 510 698 rum
544 649 815 703 montem,
850 640 1083 696 nomine
1105 657 1211 696 suo
1242 639 1552 713 insignem.
1586 638 1690 694 Hic
1722 638 1821 696 ubi
1851 641 2028 697 vitam

379 730 438 786 in
477 731 568 800 76,
600 734 658 785 et
687 730 1257 785 administrationem
1304 729 1465 800 regni
1493 728 1551 784 in
1594 729 1662 783 48
1692 745 1877 785 annos
1929 746 2031 786 ex-

378 818 659 888 tenderat,
694 820 726 873 4
758 818 911 875 filios
959 818 1214 890 reliquit.
1252 819 1519 889 Eumque
1556 817 1617 872 in
1653 834 1829 890 regno
1858 820 2027 877 Nico-

379 908 748 964 medesnatu
784 905 1074 962 maximus
1105 906 1347 977 excepit,
1382 904 1662 961 fratribus
1697 921 1810 961 non
1826 906 2023 976 frater,

378 997 478 1052 sed
536 996 705 1052 lictor
762 996 971 1052 factus.
1024 993 1399 1051 Conﬁrmavit
1453 998 1648 1048 tamen
1698 995 1871 1052 etiam
1929 996 2025 1053 hic

377 1084 661 1157 Bithynia:
695 1100 962 1157 regnum,
996 1085 1250 1141 maxime
1278 1101 1364 1151 eo,
1398 1083 1552 1155 quod
1592 1086 1823 1145 Galatas
1855 1085 2024 1142 sedes

378 1175 439 1230 in
469 1175 666 1231 Asiam
715 1175 1131 1229 transferentes
1154 1174 1396 1245 adjuvit,
1432 1177 1771 1248 urbemque,
1796 1182 1855 1230 ut
1892 1176 2019 1245 jam

376 1264 700 1320 indicatum
726 1268 835 1329 est,
855 1263 946 1318 sui
978 1263 1230 1319 nominis
1261 1265 1479 1319 eduxit.

2140 549 2308 603 αὐτοϋ
2360 552 2685 625 Λυσιμάχου
2717 550 2786 621 ⁸⁸,
2818 549 2933 605 εἶτα
2978 550 3070 606 καὶ
3103 551 3394 628 Ἀντιόχου
3447 557 3544 607 σοῦ
3592 549 3792 613 παιδὸς

2139 634 2409 690 Σελεύκου
2443 634 2886 711 ἐπικρατέστερος
2925 638 3190 713 γεγονὼς,
3221 643 3317 694 τοῦ
3372 660 3432 695 τε
3471 647 3572 709 τῆς
3601 639 3789 701 Ἀσίας

2140 723 2525 800 βασιλεύοντος
2574 727 2660 781 καὶ
2706 731 2802 781 τοῦ
2851 725 3203 799 Μακεδόνων,
3242 729 3411 799 κτίζει
3461 729 3626 784 πόλιν
3677 729 3785 783 ὑπὸ

2134 815 2213 886 τῷ
2259 819 2489 889 Λυπερῷ
2537 810 2672 889 ὄρει,
2704 821 2772 890 τῇ
2813 815 2977 871 αὐτοῦ
3030 817 3224 889 κλήσει
3265 817 3571 892 ἐπώνυμον.
3606 818 3786 877 Οὗτος

2137 902 2291 977 βιοὺς
2328 904 2423 977 μὲν
2471 902 2563 974 ἐτη
2599 911 2641 968 ς’
2678 905 2764 959 καὶ
2815 909 2881 973 o',
2914 908 3185 980 κρατήσας
3232 905 3287 961 δὲ
3334 910 3433 975 τῆς
3485 907 3665 982 ἀρχῆς
3726 907 3787 976 η’

2131 993 2221 1048 καὶ
2257 997 2334 1065 μ’,
2365 991 2680 1048 καταλείπει
2730 991 2927 1056 παῖδας
2966 992 3029 1053 δ’.
3070 1000 3271 1050 Τοῦτον
3321 996 3369 1031 ⁶⁹
3410 997 3437 1050 ὁ
3479 990 3781 1070 πρεσϐύτε-

2132 1103 2223 1157 ρος
2251 1086 2361 1136 τῶν
2392 1079 2600 1136 παίδων
2634 1080 2963 1155 Νικομήδης
3006 1081 3337 1159 διαδέχεται,
3358 1089 3475 1145 τοῖς
3515 1081 3781 1162 ἀδελφοῖς

2131 1172 2232 1227 οὐκ
2261 1168 2519 1249 ἀδελφὸς,
2549 1168 2695 1225 ἀλλᾶ
2726 1168 2927 1245 δήμιος
2961 1174 3218 1249 γεγονώς.
3254 1174 3622 1249 Ἐκρατύνατο
3656 1170 3787 1246 μέν-

2126 1282 2211 1317 τοι
2251 1258 2339 1315 καί
2369 1259 2526 1320 οὗτος
2574 1260 2674 1328 τὴν
2712 1262 2953 1314 Βιθυνῶν
3002 1262 3205 1339 ἀρχὴν,
3245 1260 3483 1335 μάλιστά
3528 1282 3591 1337 γε
3647 1258 3784 1321 τοὺς

378 1351 619 1414 Γαλάτας
681 1350 769 1406 ἐπὶ
816 1352 917 1420 τήν
949 1350 1127 1409 Ἀσίαν
1176 1349 1632 1428 διαπεραιωθῆναι
1678 1350 2040 1428 συναράμενος
2072 1374 2084 1387 ·
2137 1352 2225 1408 καὶ
2274 1347 2459 1418 πόλιν,
2518 1349 2593 1411 ὡς
2642 1350 2986 1426 προείρηται,
3035 1354 3133 1422 τὴν
3199 1352 3361 1408 αὐτοῦ
3412 1351 3788 1429 προσηγορίαν

374 1444 631 1515 ἀνέστησε
660 1441 942 1519 φέρουσαν.

900 1552 1035 1607 CAP.
1068 1550 1237 1607 XXII.
1270 1582 1336 1593 —
1363 1552 1803 1623 Byzantium-um
1834 1553 2039 1609 bellum
2064 1569 2188 1608 cum
2219 1549 2530 1607 Calatianis
2562 1550 2997 1608 Heractiensium
3018 1553 3252 1608 colonia.

450 1660 770 1731 Interlapso
802 1659 937 1715 hinc
970 1664 1231 1731 tempore
1279 1660 1499 1732 aliquo,
1543 1662 1874 1731 Byzantinis
1899 1660 2023 1716 bel-

2204 1658 2276 1712 Ού
2323 1656 2522 1730 πολλῷ
2573 1655 2629 1712 δὲ
2685 1656 2903 1733 ὕστερον
2963 1658 3455 1733 χρόνῳ⁷πόλεμος
3505 1657 3782 1733 ἀνερράγη

376 1753 499 1808 lum
547 1752 827 1807 adversus
875 1748 1201 1805 Calatianos
1246 1750 1743 1817 (Heracleotarum
1794 1749 2023 1806 colonia

2138 1746 2450 1813 Βυζαντίοις
2526 1744 2663 1819 πρὸς
2745 1744 3123 1807 Καλατιανοὺς
3198 1742 3442 1815 (ἄποικοι
3512 1742 3569 1799 δὲ
3627 1747 3785 1801 οὗτοι

380 1842 499 1898 haec
528 1842 636 1911 est)
686 1844 742 1895 et
781 1838 1060 1894 Istrianos
1102 1838 1312 1909 erupit,
1350 1844 1586 1912 propter
1633 1838 1863 1909 Tomin,
1897 1855 2021 1894 em-

378 1932 605 2003 porium
630 1928 949 1986 Calatianis
968 1926 1247 1993 vicinum,
1268 1930 1423 1999 quod
1447 1927 1847 2000 monopolium
1868 1944 1934 1984 ex
1958 1944 2025 1984 eo

378 2022 569 2077 facere
624 2019 816 2073 animo
886 2024 1273 2088 conceperant
1328 2016 1631 2073 Calatiani.
1716 2018 2027 2090 Propterea

380 2109 657 2180 utrinque
688 2108 760 2162 ad
780 2106 1177 2162 Heraclienses
1209 2107 1280 2161 de
1310 2107 1443 2163 belli
1482 2108 1755 2163 societate
1779 2106 2026 2162 mittitur

382 2196 615 2267 legatio.
664 2198 735 2251 At
786 2195 845 2251 hi
897 2195 1091 2250 neutri
1133 2193 1331 2252 238!)
1368 2197 1517 2266 parti
1548 2195 1817 2251 bellicam
1852 2212 2022 2268 opem

382 2287 672 2353 tribuunt,
698 2286 797 2341 sed
822 2284 1021 2357 legant
1042 2286 1112 2340 ad
1148 2295 1444 2357 utrosque,
1472 2287 1570 2358 qui
1616 2286 1857 2358 pacifice
1887 2302 2025 2341 con-

380 2375 727 2432 troversiam
758 2376 1117 2447 transigant:
1158 2376 1387 2431 tametsi
1425 2377 1647 2447 absque
1678 2376 1884 2431 effectu
1918 2376 2026 2431 hoc

377 2467 522 2537 ipsis
554 2464 817 2521 studium
852 2464 1050 2520 exivit.
1096 2464 1292 2519 Multis
1323 2465 1505 2537 igitur
1547 2465 1908 2520 detrimentis
1941 2464 2022 2519 af-

379 2555 816 2611 fectiCalatidis
853 2555 1076 2621 incolae,
1111 2555 1179 2609 ad
1216 2553 1376 2624 pacis
1398 2555 1630 2609 demum
1664 2553 2026 2609 conditiones

381 2646 830 2701 descenderunt.
857 2650 967 2699 Nec
987 2643 1305 2715 quidquam
1327 2643 1443 2699 fere
1467 2643 1538 2698 ab
1570 2643 1683 2698 ista
1704 2641 2025 2698 calamitate

384 2733 597 2789 virium
628 2736 938 2804 potuerunt
969 2731 1242 2802 recipere.

2128 1834 2523 1909 Ἡρακλεωτῶν
2592 1835 2748 1907 ἦσαν)
2805 1835 2895 1888 καὶ
2940 1837 3075 1910 πρὸς
3100 1835 3431 1909 Ἰστριανοὺς
3482 1837 3605 1911 περὶ
3662 1838 3783 1894 Τό-

2132 1944 2275 1997 μεως
2314 1928 2410 1978 τοῦ
2456 1922 2747 1995 ἐμπορίου,
2780 1924 2808 1978 ’ὀ
2868 1929 2989 1986 τοῖς
3030 1923 3390 1987 Καλατιανοῖς
3432 1927 3634 2000 ὅμορον
3686 1926 3782 1997 ἧν,

2132 2009 2482 2085 μονοπώλιον
2524 2016 2691 2067 τοῦτο
2761 2010 3163 2087 διανοουμένων
3217 2011 3609 2070 κατασκευάσαι
3666 2018 3783 2070 τῶν

2128 2099 2508 2159 Καλατιανῶν.
2555 2096 3009 2174 Διεπρεσϐεύοντο
3061 2100 3152 2157 οὖν
3202 2104 3340 2175 πρὸς
3390 2104 3785 2177 Ἡρακλεώτας

2128 2187 2215 2243 ἐπὶ
2276 2189 2595 2263 συμμαχίαν
2637 2190 2684 2225 ⁷ο
2714 2189 2981 2265 ἑκάτεροι.
3017 2192 3084 2248 O't
3116 2188 3172 2246 δὲ
3201 2190 3514 2266 πολεμικὴν
3543 2192 3640 2264 μὶν
3682 2192 3787 2265 ῥο-

2125 2280 2225 2347 τὴν
2275 2276 2543 2352 οὐδετέρῳ
2592 2272 2783 2351 ἔνεμον
2828 2279 2999 2351 μέρει,
3056 2278 3524 2355 διαλλακτηρίους⁹
3574 2278 3631 2335 δὲ
3687 2279 3790 2335 ἄν·

2132 2364 2259 2440 δρας
2311 2368 2583 2441 ἑκατέροις
2630 2366 2986 2437 ἀπέστελλον,
3030 2369 3126 2423 κᾶν
3188 2371 3460 2443 ἄπρακτος
3518 2370 3697 2426 αὐτῶν
3745 2373 3786 2441 ἡ

2132 2455 2340 2523 σπουδὴ
2376 2458 2497 2511 τότε
2526 2459 2736 2533 γέγονε.
2771 2459 2899 2530 [724-
2934 2460 3021 2530 R.]
3056 2457 3247 2513 Πολλᾶ
3278 2457 3334 2513 δὲ
3365 2461 3417 2513 οἱ
3466 2466 3564 2529 τῆς
3597 2458 3787 2516 Καλα-

2135 2542 2284 2607 τίδος
2319 2546 2421 2600 ὑπὸ
2466 2550 2571 2600 τῶν
2614 2545 2895 2618 πολεμίων
2934 2550 3212 2617 παθόντες,
3246 2548 3466 2614 ὕστερον
3518 2547 3596 2611 εἷς
3656 2546 3784 2603 δια-

2132 2636 2312 2697 λύσεις
2346 2634 2540 2703 ἧλθον,
2584 2634 2688 2689 ἀπὸ
2719 2635 2921 2704 ταύτης
2950 2639 3051 2700 τῆς
3080 2643 3360 2712 συμφορᾶς
3422 2637 3602 2692 οὐκέτι
3645 2656 3784 2711 σχε-

2133 2724 2222 2780 δὸν
2253 2719 2541 2779 ἀναλαϐεῖν
2574 2722 2769 2785 αὐτοὺς
2803 2720 3133 2794 δυνηθέντες.

590 2843 722 2895 CAP.
757 2838 953 2895 XXIII.
976 2869 1044 2879 -
1076 2839 1471 2893 Testamentum
1492 2836 1819 2906 Nicomedis,
1841 2843 1895 2894 et
1924 2838 2111 2905 Zeilav,
2135 2833 2344 2891 exclusi
2377 2833 2577 2888 bellum
2605 2848 2731 2888 cum
2763 2833 3044 2905 Bithynis,
3076 2849 3175 2905 ope
3214 2833 3560 2890 Galatarum.

450 2949 567 3007 Nec
597 2948 845 3004 multum
892 2945 1170 3018 temporis
1200 2946 1445 3014 etﬂuxit,
1495 2961 1626 3001 cum
1669 2962 1765 3000 rex
1822 2946 2019 3017 Bithy-

379 3055 587 3093 norum
646 3037 987 3093 Nicomedes
1042 3037 1375 3106 (postquam
1420 3051 1450 3092 e
1509 3036 1698 3106 priore
1749 3035 1800 3090 ei
1852 3040 2021 3091 natus

379 3126 650 3196 conjugio
680 3124 861 3180 Zeilas
884 3126 953 3179 ad
987 3125 1391 3178 Armeniorum
1416 3139 1611 3193 regem
1645 3123 2017 3195 profugisset,

381 3215 659 3285 expulsus
709 3229 965 3268 noverca;
1015 3213 1257 3266 Etazetaa
1309 3213 1621 3280 machinis,
1654 3212 1818 3281 cujus
1854 3211 2019 3267 liberi

2204 2941 2281 2998 Οὐ
2323 2937 2538 2994 πολλοῦ
2578 2936 2635 2993 δέ
2663 2941 2802 2993 πάνυ
2831 2938 3045 3015 ῥυέντος
3078 2940 3281 3014 χρόνου
3314 2942 3341 2995 ὁ
3384 2945 3492 2996 τῶν
3544 2943 3781 2996 Βιθυνῶν

2136 3027 2390 3106 βασιλεὺς
2437 3025 2784 3101 Νικομήδης,
2818 3026 2933 3082 ἐπεὶ
2976 3028 3125 3101 ὁμὲν
3172 3028 3231 3083 ἐκ
3288 3031 3567 3105 προτέρων
3627 3032 3783 3103 αὐτῷ

2130 3120 2322 3196 γάμων
2380 3120 2615 3193 γεγονὼς
2646 3124 2773 3181 παῖς
2824 3116 3027 3189 Ζηίλας
3060 3119 3229 3194 φυγὰς
3253 3119 3319 3188 ἦν
3353 3121 3486 3194 πρὸς
3529 3120 3622 3176 τὸν
3673 3127 3786 3176 τῶν

2132 3209 2433 3282 Ἀρμενίων
2510 3206 2757 3281 βασιλέα,
2810 3212 2928 3267 ταῖς
2995 3214 3095 3276 τῆς
3164 3213 3433 3282 μητρυιᾶς
3496 3208 3785 3278 Ἑταζέτας

380 3303 570 3359 adhuc
587 3302 647 3357 in
664 3305 861 3357 tenera
883 3304 1049 3355 astate
1072 3300 1284 3370 erant),
1309 3304 1492 3354 morte
1514 3301 1630 3370 jam
1655 3300 2018 3367 imminente,

2138 3272 2411 3370 μηχαναῖς
2454 3272 2690 3363 ἐλαθεὶς,
2722 3296 2772 3349 οἱ
2815 3294 2871 3349 δὲ
2929 3295 2987 3349 ἐκ
3032 3272 3235 3365 ταύτης
3282 3272 3441 3369 ἀύτῷ
3500 3297 3785 3371 γεγονότες

379 3408 449 3447 ex
480 3390 657 3446 altera
709 3396 876 3444 natos
910 3404 1085 3443 uxore
1115 3388 1373 3443 haeredes
1430 3388 1593 3458 regni
1647 3388 1885 3460 scripsit
1920 3404 1932 3443 :
1966 3393 2023 3444 et

378 3482 699 3544 curatores,
750 3477 1124 3532 Ptolemaeum
1183 3493 1316 3532 cum
1371 3476 1654 3546 Antigono
1704 3481 1761 3531 et
1811 3477 2022 3548 populo

378 3568 853 3641 Byzantinorum,
878 3581 982 3620 nec
1037 3583 1151 3622 non
1185 3564 1643 3621 Heracliensium
1677 3565 2021 3622 Cianorum-

378 3675 513 3731 que,
534 3656 874 3728 designavit.
900 3654 1084 3711 Zeilas
1116 3659 1305 3710 autem
1336 3671 1465 3710 cum
1501 3655 1787 3710 instructa
1819 3671 2022 3723 manu,

382 3746 475 3803 cui
496 3763 527 3802 e
556 3745 771 3801 Galatia
798 3744 1180 3815 'l‘olistobogii
1226 3744 1453 3799 animos
1484 3745 1802 3816 augebant,
1837 3743 1897 3799 in
1935 3760 2023 3800 re-

379 3852 562 3908 gnum
593 3840 901 3905 paternum
925 3835 1096 3889 redit.
1128 3835 1194 3888 At
1227 3834 1479 3906 Bithyni,
1514 3835 1647 3889 dum
1684 3850 2023 3890 conservare

379 3925 742 3981 dominatum
804 3922 1055 3995 parvulis
1140 3927 1438 3995 satagunt,
1501 3926 1747 3979 matrem
1809 3923 2019 3979 horum

380 4013 713 4069 Nicomedis
745 4013 907 4068 fratri
939 4011 998 4067 in
1057 4013 1499 4068 matrimonium
1551 4012 1795 4079 elocant,
1823 4018 1879 4068 et
1909 4012 2020 4084 ipsi

379 4108 667 4174 acceptoa
693 4102 1060 4158 curatoribus
1082 4102 1335 4157 exercitu
1366 4102 1579 4157 Zeilam
1621 4102 2019 4173 Opperiuntur.

377 4193 445 4247 Et
468 4191 683 4247 crebris
709 4190 1018 4261 utrobique
1042 4190 1260 4262 prmliis
1282 4195 1339 4245 et
1359 4191 1576 4246 viribus
1601 4191 1710 4258 usi,
1729 4207 1925 4262 pacem
1950 4191 2020 4245 ad

375 4286 695 4336 extremum
757 4280 1010 4335 ineunt:
1066 4295 1197 4333 cum
1261 4278 1657 4335 lleraclienses
1688 4280 1745 4333 in
1806 4279 2022 4350 pugnis

377 4369 492 4424 illis
524 4368 958 4435 excelluissent,
984 4372 1038 4424 et
1062 4368 1120 4422 in
1154 4368 1571 4439 compositione
1603 4366 1737 4423 belli
1770 4368 2024 4440 egissent

377 4473 504 4529 quas
537 4458 595 4512 in
630 4472 746 4511 rem
798 4458 1006 4513 forent.
1055 4456 1274 4512 Idcirco
1308 4456 1524 4517 Galatas
1568 4455 1925 4524 Heracleam,
1960 4460 2026 4513 ut

2134 3385 2437 3455 ενηπίαζον,
2462 3386 2597 3455 πρὸς
2624 3385 2702 3456 τῷ
2752 3387 2796 3422 τί
2836 3384 3088 3455 τελευτᾷν
3118 3387 3361 3461 γεγονὼς
3393 3386 3785 3461 κληρονόμους

2136 3476 2230 3548 μὲν
2289 3472 2415 3535 τοὺς
2466 3472 2526 3529 ἐκ
2576 3480 2675 3541 τῆς
2733 3470 2981 3547 δευτέρας
3038 3473 3299 3548 γυναικός
3330 3477 3523 3554 γράφει
3556 3473 3784 3547 παῖδας,

2133 3564 2459 3637 ἐπιτρόπους
2517 3561 2573 3617 δὲ
2631 3561 2978 3635 Πτολεμαῖον
3028 3564 3119 3617 καὶ
3167 3564 3481 3639 Ἀντίγονον
3542 3565 3634 3618 καὶ
3690 3565 3787 3620 τὸν

2134 3652 2309 3725 δῆμον
2338 3656 2443 3707 τῶν
2491 3650 2796 3720 Βυζαντίων
2848 3649 2938 3704 καί
2986 3648 3053 3719 δὴ
3092 3651 3182 3706 καὶ
3228 3653 3336 3705 τῶν
3380 3651 3782 3725 Ἡρακλεωτῶν

2131 3744 2218 3796 καί
2268 3743 2357 3797 τὸν
2405 3745 2510 3794 τῶν
2572 3744 2782 3796 Κιανῶν
2849 3738 3148 3817 ἐφίστησιν.
3219 3742 3275 3795 Ὀ
3338 3740 3522 3814 μέντοι
3575 3740 3784 3811 Ζηΐλας

2136 3831 2267 3902 μετὰ
2319 3829 2623 3902 δυνάμεως,
2661 3831 2723 3897 ἦν
2772 3826 2918 3901 αύτῷ
2958 3834 3068 3884 τῶν
3120 3828 3377 3885 Γαλατῶν
3407 3832 3459 3884 οἱ
3503 3829 3786 3886 Τολοστοο

2133 3918 2311 3994 ϐόγιοι
2345 3921 2571 3995 θάρσους
2602 3916 2901 3993 ἐπλήρουν,
2934 3919 3018 3974 ἐπὶ
3077 3920 3176 3988 τὴν
3239 3918 3514 3993 βασιλείαν
3564 3921 3784 3994 κατῄει,

2134 4010 2349 4067 Βιθυνοὶ
2402 4007 2459 4063 δὲ
2504 4011 2603 4079 τήν
2662 4008 2841 4083 ἀρχὴν
2902 4010 3093 4079 σώζειν
3124 4015 3240 4071 τοῖς
3270 4011 3495 4078 νηπίοις
3535 4008 3788 4065 σπουδάς

2135 4105 2335 4169 ζοντες,
2366 4101 2463 4168 τὴν
2499 4100 2591 4171 μὲν
2625 4099 2831 4154 τούτων
2894 4096 3103 4173 μητέρα
3144 4096 3364 4175 ἀδελφῷ
3415 4099 3787 4170 συνοικίζουσι

2130 4193 2209 4260 τῷ
2242 4184 2617 4261 Νικομήδους,
2650 4188 2803 4242 αὐτοὶ
2836 4185 2893 4241 δὶ
2926 4188 3234 4260 στράτευμα
3265 4189 3412 4264 παρᾶ
3459 4194 3566 4243 τῶν
3628 4190 3787 4263 εἰρη-

2137 4277 2307 4351 μένων
2368 4275 2678 4351 ἐπιτρόπων
2740 4271 2997 4337 λαϐόντες
3058 4278 3320 4349 ὑπέμενον
3389 4278 3483 4332 τὸν
3552 4275 3787 4347 Ζηίλαν,

2134 4373 2375 4447 Συχναῖς
2416 4364 2473 4422 δὲ
2508 4368 2711 4442 μάχαις
2744 4367 2835 4421 καὶ
2870 4362 3205 4440 μεταϐολαῖς
3254 4368 3497 4443 ἑκάτεροι
3529 4371 3662 4440 [3Ἱό
3694 4370 3790 4440 IL]

2133 4456 2609 4531 ἆποχρησάμενοι,
2640 4456 2702 4509 τὸ
2732 4455 3043 4510 τελευταῖον
3084 4456 3416 4527 κατέστησαν
3466 4458 3543 4519 εἷς
3595 4454 3790 4511 διαλύ-

354 4545 701 4615 inimicam,
726 4544 1084 4614 invaserunt,
1116 4546 1187 4600 ad
1212 4544 1484 4600 Calletem
1517 4560 1699 4617 usque
1730 4545 1975 4600 ﬂuvium
2002 4561 2016 4600 :

2138 4566 2259 4611 mc,
2300 4542 2699 4618 Ἡρακλεωτῶν
2733 4544 2785 4599 ἐν
2827 4549 2947 4606 ταῖς
2984 4546 3192 4619 μάχαις
3240 4544 3630 4619 ἀριστευόντων
3686 4545 3787 4599 κᾶν

379 4633 682 4705 multaque
714 4634 879 4689 ditati
913 4634 1128 4705 praeda,
1161 4633 1403 4689 domum
1429 4632 1807 4704 repetierant.

2130 4639 2249 4696 ταῖς
2302 4628 2599 4706 συμϐάσεσι
2658 4633 2721 4689 τὸ
2780 4634 3053 4710 συμφέρον
3109 4635 3627 4709 καταπραττόντων.
3691 4632 3788 4688 Διὸ

378 4723 616 4780 Γαλάται
668 4723 741 4785 ὡς
788 4720 987 4797 ἒχθρᾶν
1024 4724 1123 4793 τὴν
1165 4722 1488 4799 Ἡράκλειαν
1535 4717 1873 4798 κατέδραμον
1920 4719 2025 4787 ἓως
2075 4724 2365 4797 Κάλλητος
2395 4728 2649 4798 ποταμοῦ
2678 4744 2690 4756 ο
2724 4722 2814 4779 καὶ
2854 4722 3071 4795 πολλῆς
3102 4724 3282 4799 κύριοι
3312 4727 3597 4801 γεγονότες
3635 4724 3789 4792 λείας

377 4811 562 4872 οἴκαδε
593 4815 972 4889 ἄνεχώρησαν.

939 4925 1068 4982 CAP.
1102 4924 1303 4982 XXIV.
1342 4955 1407 4965 —
1432 4923 1869 4982 Heractiensium
1894 4925 2213 4999 paciﬁcatio
2243 4928 2389 4985 inter
2418 4926 2743 4984 Antiochum
2776 4935 2826 4984 et
2856 4928 3208 5001 Byzantinos.

447 5043 568 5099 Sub
599 5042 720 5098 hinc
751 5041 1085 5115 Byzantinis
1130 5041 1414 5098 inferente
1464 5040 1688 5097 bellum
1717 5041 2023 5110 Antiocho,

379 5132 450 5187 40
495 5131 831 5187 triremibus
880 5131 1232 5187 Heracleotes
1264 5129 1666 5187 auxiliantur:
1699 5136 1757 5187 et
1813 5130 2023 5189 horum

381 5221 601 5275 factum
645 5224 735 5276 est
777 5235 951 5291 opera
993 5224 1056 5274 ut
1086 5221 1156 5275 ad
1205 5219 1396 5277 minas
1427 5219 1839 5277 tantummodo
1888 5237 2023 5293 pro-

381 5323 648 5381 gressum
681 5307 921 5365 haberet
966 5308 1202 5365 bellum.

2206 5041 2533 5112 Βυζαντίους
2592 5039 2649 5097 δὲ
2708 5042 2997 5118 Ἀντιόχου
3085 5040 3465 5116 πολεμοῦντος
3535 5046 3784 5121 τριήρεσι

2136 5131 2519 5207 συνεμάχησαν
2582 5134 2637 5205 μ’
2669 5130 2725 5186 οἱ
2784 5132 3183 5208 Ἡρακλεῶται,
3234 5133 3324 5188 καὶ
3380 5134 3472 5189 τὸν
3533 5133 3783 5212 πόλεμον

2135 5222 2535 5297 παρεσκεύασαν
2567 5222 2612 5257 ⁷³
2656 5218 2855 5296 μέχρις
2888 5218 3127 5278 ἀπειλῶν
3170 5223 3470 5301 προκόψαι,

1733 5448 1966 5504 νΑιιΙιΕ
2008 5448 2422 5506 LECTIONES.

450 5575 1073 5660 ⁸⁸,αὗτὸν-Λυσίμαχον
1120 5596 1266 5638 corr.
1318 5582 1379 5636 A.
1456 5581 1503 5617 ⁸ο
1550 5578 1755 5636 τούτων
1800 5600 1948 5639 corr.
1994 5585 2059 5639 A.
2137 5584 2185 5620 ⁷ο
2214 5580 2503 5657 συμμαχίᾳ
2547 5583 2898 5658 Stephanus.
2974 5583 3019 5622 ’τί
3067 5585 3147 5656 τῷ
3201 5588 3239 5641 A
3279 5583 3384 5642 ετό
3417 5586 3499 5660 ς.
3576 5585 3624 5624 τί
3655 5607 3787 5643 κατ-

384 5647 671 5705 εσκεύασαν
706 5649 790 5724 ς.
