4154 6218
346 355 459 416 901
1429 347 1972 415 BIBLIOTHECA.
2024 379 2096 394 -
2140 347 2314 409 COD.
2358 347 2670 410 CCXXIV.

638 486 790 543 CAP.
819 484 989 541 XXV.
1021 515 1090 524 —
1120 483 1339 540 Heracl.
1365 482 1673 540 Mithridati
1701 482 2056 538 auxiliantur
2083 483 2274 536 contra
2310 481 2517 548 Gallos,
2543 481 2646 538 sed
2674 496 2823 538 caro.
2858 480 3122 555 Nymphis
3153 481 3465 539 historicus.

3635 345 3756 411 902

435 603 642 678 Συνέϐη
676 605 732 662 δὲ
765 605 880 680 μετ’
909 604 972 660 οὐ
1019 603 1163 659 πολὺ
1206 603 1257 674 ἐξ
1305 604 1607 676 ἀνθρώπων
1638 597 1993 677 Ἀριοϐαρζά-
2027 606 2076 671 Α

2181 603 2297 659 Nec
2326 601 2495 674 longe
2525 608 2657 674 post
2686 620 2715 660 e
2745 604 2864 662 vita
2903 605 3238 662 mortalium
3278 606 3552 665 eximitur
3579 609 3752 667 Ario-

349 727 448 775 νην
478 700 742 777 γενέσθαι,
773 693 944 751 παῖδα
988 691 1329 769 Μιθριδάτην
1374 691 1750 748 καταλιπόντα
1806 690 1896 745 καί
1948 711 2000 745 εν

2151 707 2410 761 arzanes,
2466 693 2773 764 liliumque
2833 694 3109 766 relinquit
3168 694 3598 759 Mithridatem;
3659 699 3754 755 cui

353 791 587 866 διαφορᾷ
615 787 751 857 πρὸς
791 783 918 846 τοὺς
966 781 1210 844 Γαλάτας
1247 780 1507 857 γεγονότα
1539 800 1552 816 ·
1588 777 1657 835 δι’
1701 782 1768 850 ἣν
1829 778 2004 834 αἰτίαν

2148 787 2243 838 .tes
2281 799 2416 838 cum
2466 782 2686 840 Galatis
2729 783 3132 841 intercessere.
3183 785 3366 849 Quam
3398 787 3470 842 ob
3511 803 3753 845 causam

349 880 856 957 καταφρονήσαντες
888 877 985 930 τοῦ
1025 871 1223 937 παιδὸς
1271 871 1421 927 οὗτοι
1459 873 1559 941 τήν
1607 870 1771 926 αὐτοῦ
1842 871 2005 946 βασι-

2155 871 2193 939 ἱ,
2228 876 2565 943 contempta
2596 873 2760 944 pueri
2801 877 2989 941 aetate,
3029 889 3271 946 regnum
3302 875 3431 945 ejus
3463 875 3756 934 divexant.

353 955 511 1030 λείαν
560 967 821 1023 ἐσίνοντο.
883 969 981 1018 Καὶ
1038 962 1268 1037 ἂπορίας
1332 959 1526 1022 αὐτοὺς
1583 955 2001 1030 καταλαϐούσης

2148 969 2370 1034 Lumque
2389 962 2589 1026 inopia
2610 979 2804 1019 rerum
2826 963 3158 1021 laborarent
3175 965 3338 1037 regii,
3354 967 3759 1024 Heraclienses

354 1053 727 1132 ἀνελάμϐανον
775 1055 826 1109 οἱ
867 1051 972 1108 ἀπὸ
1017 1059 1118 1122 τῆς
1148 1049 1492 1126 Ἡρακλείας,
1527 1055 1674 1106 σῖτον
1731 1050 1806 1111 εἰς
1837 1052 2003 1121 Ἀμι-

2148 1067 2209 1106 os
2256 1055 2607 1120 sustentant,
2653 1053 2946 1109 frumento
2983 1051 3248 1109 Amisum
3295 1053 3552 1123 advecto,
3603 1056 3758 1113 unde

355 1152 444 1206 σὸν
476 1149 524 1184 ⁷³
553 1146 884 1219 πέμποντες,
913 1142 961 1215 ἐξ
993 1145 1058 1210 ἧς
1092 1142 1220 1216 ῥᾷον
1269 1142 1335 1210 ἦν
1376 1139 1503 1203 τοὺς
1541 1143 1638 1194 τοῦ
1669 1137 2003 1212 Μιθριδάτου

2148 1138 2335 1196 ιοίιίοιι
2363 1145 2515 1196 esset
2557 1140 2968 1199 Mithridaticis
2998 1142 3183 1198 victus
3222 1143 3412 1216 copia,
3443 1149 3500 1201 et
3529 1150 3760 1217 egesta-

357 1242 599 1314 σιτηγεῖν
659 1235 870 1294 ἑαυτοῖς
925 1231 1016 1285 καὶ
1093 1229 1390 1300 ἐξακεῖσθαι
1467 1229 1564 1297 τήν
1623 1225 1845 1283 ἔνδειαν.
1907 1227 2005 1283 Διὰ

2148 1231 2189 1284 is
2230 1231 2476 1287 medela.
2527 1232 2774 1302 Propter
2823 1231 2942 1287 haec
2991 1232 3200 1289 iterum
3252 1232 3494 1290 hostiles
3539 1234 3599 1290 in
3648 1234 3759 1292 He-

355 1332 522 1384 ταῦτα
572 1322 738 1380 πάλιν
782 1322 833 1376 οἱ
893 1317 1131 1375 Γάλάται
1179 1318 1254 1381 εἰς
1294 1319 1392 1387 τήν
1425 1315 1791 1394 Ἡρακλεῶτιν
1833 1315 2001 1390 ἔπεμ-

2148 1319 2485 1376 acleotidem
2535 1319 2735 1392 copias
2787 1321 3048 1390 mittunt,
3097 1337 3344 1393 eamque
3394 1324 3761 1395 depopulan-

356 1421 459 1491 ψαν
510 1412 835 1485 στράτευμα,
877 1409 968 1463 καὶ
1017 1409 1220 1479 ταύτην
1279 1408 1630 1483 κατέτρεχον,
1686 1407 1882 1482 μέχρις
1942 1406 2004 1462 ἂν

2148 1423 2240 1463 ur:
2297 1423 2478 1480 usque
2537 1409 2678 1465 dum
2742 1410 2813 1466 ab
2863 1409 3330 1468 Heracliensibus
3390 1428 3492 1482 per
3537 1412 3762 1485 legatos

360 1509 413 1561 οἱ
455 1499 830 1578 Ἡρακλεῶται
880 1492 1357 1572 διεπρεσϐεύσαντο
1406 1495 1543 1570 πρὸς
1593 1495 1806 1558 αὐτούς,
1848 1496 2008 1569 Νύμ-

2148 1497 2479 1568 mitigantur.
2515 1497 2791 1571 Princeps
2831 1504 3025 1556 autem
3055 1499 3281 1572 legatus
3305 1505 3427 1557 erat
3455 1502 3757 1574 Nymphis,

361 1614 449 1672 φις
503 1589 561 1647 δέ
609 1590 676 1658 ἦν
730 1589 758 1642 ὁ
808 1585 1086 1660 ἱστορικὸς
1117 1585 1144 1639 ὁ
1175 1589 1474 1662 κορυφαῖος
1514 1589 1621 1640 τῶν
1678 1579 1957 1660 πρέσϐεων
1988 1603 2001 1617 ’

2148 1587 2373 1643 ,ἱειονὶω
2412 1588 2662 1658 scriptor
2701 1605 2715 1644 :
2763 1590 2864 1660 qui
2913 1606 3046 1646 cum
3092 1592 3404 1647 exercitum
3453 1593 3646 1649 229a
3699 1595 3761 1651 in

361 1671 420 1745 ’ὀς
449 1681 541 1736 τὸν
575 1679 669 1753 μὲν
702 1676 926 1752 στρατὸν
956 1671 1008 1729 έν
1045 1679 1124 1746 τῷ
1163 1674 1328 1744 κοινῴ
1377 1679 1604 1748 χρυσοῖς
1653 1693 2008 1748 πεντακισχι-

2150 1692 2428 1734 ommuue
2457 1678 2645 1734 aureis
2691 1679 2855 1747 5000,
2887 1681 3181 1753 ducesque
3210 1697 3478 1738 seorsum
3516 1683 3622 1740 200
3661 1685 3764 1740 de-

352 1769 534 1838 ,λίοις,
563 1768 689 1830 τοὺς
723 1763 780 1822 δὲ
809 1763 1082 1841 ἡγεμόνας
1132 1760 1245 1834 ἰδίᾳ
1287 1760 1585 1826 διακοσίοις
1633 1762 2004 1838 ὑποθεραπεύ-
2056 1841 2069 1842 ψ

2148 1765 2421 1834 inivisset,
2455 1770 2518 1822 ut
2545 1786 2578 1822 a
2609 1767 2826 1824 ﬁnibus
2857 1769 3238 1842 discederent,
3270 1771 3474 1828 effecit.

355 1884 480 1934 σας,
506 1869 606 1932 τῆς
637 1858 828 1939 χώρας
859 1860 1230 1927 ἂπαναστῆναι
1260 1855 1677 1930 παρεσκεύασεν.
2048 1841 2095 1904 Β

1254 1983 1385 2038 CAP.
1420 1980 1607 2038 XXVI.
1649 2012 1711 2022 —
1746 1982 2029 2039 Ptolemaei
2057 1981 2365 2040 liberalitas
2394 1985 2455 2040 in
2485 1986 2876 2046 Heraclienses.

442 2109 786 2183 Πτολεμαῖος
819 2104 874 2162 δὲ
904 2106 932 2160 ὁ
969 2107 1069 2171 τῆς
1102 2103 1381 2178 Αἰγύπτου
1425 2101 1680 2166 ϐασιλεὺς
1725 2103 1800 2164 εἰς
1847 2105 2008 2178 ἄκρον

370 2199 716 2274 εὐδαιμονίας
817 2189 1014 2259 ἀναϐάς
1114 2193 1528 2267 λαμπροτάταις
1611 2194 1704 2267 μὲν
1779 2191 2010 2268 δωρεαῖς

373 2291 667 2365 εὐεργετεῖν
737 2287 834 2347 τὰς
901 2283 1091 2345 πόλεις
1166 2284 1465 2357 προήγετο,
1516 2277 1725 2356 ἔπεμψε
1809 2279 1866 2337 δὲ
1918 2283 2013 2338 καῖ

368 2384 488 2442 τοῖς
569 2375 973 2452 Ἡρακλεώταις
1054 2367 1290 2447 ἀρτάϐας
1386 2375 1560 2446 πυροῦ
1635 2372 2009 2441 πεντακοσίας,

369 2471 461 2526 καῖ
498 2469 632 2523 νεὼν
683 2467 870 2527 αὐτοῖς
920 2461 1319 2537 Προκοννησίας
1370 2461 1568 2536 πέτρας
1627 2459 1678 2516 ἐν
1723 2466 1791 2536 τῇ
1846 2461 2008 2535 ἀκρο-

370 2558 532 2615 πόλει
556 2553 852 2631 Ἠρακλέος
883 2549 1222 2625 ἀνεδείματο,

2194 2105 2534 2165 Ptolemmus
2583 2115 2780 2168 autem
2827 2127 2925 2168 rex
2970 2111 3220 2186 Egypti,
3267 2113 3618 2173 altissimum
3663 2118 3766 2176 be-

2121 2195 2312 2268 nigna:
2379 2198 2620 2254 fortuna:
2691 2201 2938 2271 gradum
3005 2206 3330 2272 assecutus,
3391 2204 3774 2273 magniﬁcen-

2119 2285 2370 2342 tissimis
2402 2285 2665 2343 civitates
2688 2290 3032 2346 muneribus
3058 2291 3342 2348 demereri
3365 2293 3768 2352 constituerat.

2123 2374 2322 2446 Itaque
2353 2375 2528 2431 etiam
2562 2376 3034 2436 Heracliensibus
3058 2381 3161 2436 500
3192 2383 3424 2439 artabas
3455 2383 3558 2453 (sic
3589 2385 3773 2442 Persae

2120 2463 2458 2519 medimnum
2497 2469 2709 2534 vocant)
2728 2465 2903 2522 tritici
2926 2469 3104 2536 misit,
3123 2477 3176 2524 et
3201 2469 3483 2541 templum
3509 2472 3770 2529 Herculis

2124 2569 2155 2608 e
2187 2553 2569 2610 Proconnesio
2601 2571 2740 2611 saxo
2771 2555 2832 2612 in
2863 2573 2994 2612 arce
3033 2556 3116 2613 eis
3148 2560 3449 2615 exstruxit.

371 2687 508 2742 Car.
564 2681 794 2740 XXVII.
855 2711 920 2720 —
977 2679 1206 2735 Summa
1258 2678 1645 2756 narrationum
1699 2678 1766 2733 de
1812 2678 2005 2756 liomge
2061 2675 2246 2756 initiis
2296 2685 2352 2756 et
2399 2677 2779 2756 incrementis,
2833 2696 3026 2756 regno,
3075 2681 3409 2749 consulibus,
3468 2684 3770 2756 imperato.

1230 2749 1402 2818 ribus,
1452 2748 1616 2804 belli:
1649 2765 1774 2805 cum
1801 2750 2036 2820 Pyrrho,
2067 2747 2358 2819 Annibale,
2389 2750 2603 2822 Perseo,
2635 2747 2916 2806 Antiocho;

448 2879 627 2955 Μέχρι
657 2877 854 2934 τούτου
896 2874 1100 2955 φθάσας
1155 2875 1183 2929 ὁ
1215 2875 1551 2950 συγγραφεὺς
1609 2872 1686 2936 εἷς
1739 2874 1840 2943 τήν
1907 2877 2015 2928 τῶν

373 2968 666 3043 Ῥωμαίων
730 2966 1070 3041 ἐπικράτειαν
1128 2965 1228 3033 τὴν
1283 2959 1517 3032 ἐκϐολὴν
1576 2968 1837 3032 ποιεῖται,
1897 2965 2017 3018 ὅθεν

374 3067 433 3116 τέ
460 3060 644 3133 γένους
694 3051 907 3133 ἔφυσαν,
952 3054 1042 3109 καὶ
1096 3053 1212 3108 τίνα
1265 3051 1466 3129 τρόπον
1504 3059 1604 3122 τῆς
1653 3051 1886 3114 Ἰταλίας
1943 3073 2022 3106 εν-

375 3152 544 3204 ταῦθα
572 3149 918 3221 κατῴκησαν,
949 3145 1048 3199 ὅσα
1077 3165 1135 3199 τε
1187 3143 1265 3205 εἷς
1314 3144 1414 3211 τήν
1456 3149 1556 3210 τῆς
1587 3143 1807 3216 Ῥώμης
1850 3142 2022 3197 κτίσιν

377 3234 660 3315 προῦλαϐέ
689 3258 747 3292 τε
775 3236 865 3290 καὶ
914 3233 1185 3310 ἐπράχθη,
1217 3233 1306 3288 καὶ
1366 3237 1475 3287 τῶν
1520 3231 1862 3307 ἐπαρξάντων
1921 3231 2021 3286 αὐ-

2198 2881 2322 2931 Huc
2368 2881 2573 2932 auctor
2613 2893 2959 2950 progressus
2995 2879 3067 2935 ad
3099 2880 3411 2953 imperium
3454 2885 3775 2942 Romanum

2129 2965 2531 3022 excursionem
2565 2967 2727 3022 fecit:
2762 2983 2878 3039 quo
2914 2983 3120 3038 genere
3163 2972 3298 3037 orti,
3331 2974 3622 3042 quomodo
3651 2973 3774 3030 hinc

2131 3052 2307 3109 Italiaa
2339 3053 2468 3110 loca
2496 3054 2849 3112 insederint:
2891 3073 3137 3130 quaeque
3165 3068 3294 3116 ante
3339 3062 3544 3117 urbem
3577 3063 3774 3119 condi-

2129 3147 2252 3199 tam
2285 3145 2580 3201 evenerint
2627 3150 2684 3201 et
2713 3151 2876 3218 gesta
2918 3147 3056 3204 sint.
3090 3151 3243 3214 Quos
3271 3150 3444 3207 etiam
3477 3152 3771 3224 principes

2131 3232 2461 3302 habuerint,
2495 3235 2864 3306 perstringit:
2907 3253 3032 3308 quae
3065 3254 3199 3293 cum
3232 3238 3363 3295 aliis
3394 3239 3546 3296 bella
3576 3257 3772 3312 gesse-

380 3334 488 3383 τῶν
524 3327 851 3404 ἐπιτρέχων,
883 3325 972 3378 καὶ
1004 3325 1140 3394 πρὸς
1171 3321 1264 3384 οὓς
1301 3321 1574 3394 πολέμοις
1608 3318 2020 3394 διηγωνίσαντο,
2056 3340 2084 3408 ί

2148 3322 2271 3393 rint,
2307 3322 2450 3394 quid
2499 3323 2730 3380 condito
2781 3341 2956 3397 regno
3006 3327 3314 3394 acciderit;
3347 3333 3402 3384 et
3453 3336 3514 3384 ut
3554 3331 3788 3387 tandem

381 3417 473 3474 xui.
526 3420 628 3488 τήν
679 3437 738 3472 τε
789 3419 891 3471 τῶν
943 3412 1214 3488 βασιλέων
1265 3412 1588 3466 κατάστασιν
1646 3411 1735 3466 καὶ
1793 3413 1890 3480 τὴν
1951 3411 2025 3473 εἷς

386 3508 622 3568 ὑπάτους
680 3511 780 3574 τῆς
826 3500 1133 3578 μοναρχίας
1205 3495 1544 3573 μεταϐολὴν,
1605 3500 1756 3562 ὅπως
1819 3521 1877 3555 τε
1928 3500 2030 3555 ὑπὸ

385 3596 651 3652 Γαλατῶν
683 3597 956 3666 Ῥωματοι
1002 3590 1312 3660 ἡττήθησαν
1354 3589 1423 3656 ⁷⁴,
1454 3589 1544 3644 καὶ
1591 3587 1716 3658 ἥλω
1759 3589 1819 3642 ἃν
1864 3591 1900 3658 ὴ
1931 3584 2030 3642 πό-

390 3689 498 3756 λις,
531 3686 575 3740 εἰ
612 3686 686 3758 μὴ
750 3669 1040 3755 Κάμιλλος
1090 3681 1137 3716 ’⁷⁵
1182 3673 1553 3749 ἐπιϐοηθήσας
1592 3680 1693 3748 τήν
1751 3676 1910 3733 πόλιν
1946 3675 2032 3752 έρ-

390 3778 605 3851 ῥύσατο.
647 3775 774 3845 [725
816 3774 910 3845 Η.]
940 3774 1130 3834 ’Ὅπως
1173 3790 1232 3824 τε
1272 3769 1360 3824 ἐπὶ
1410 3771 1509 3838 τὴν
1551 3769 1735 3822 Ἀσίαν
1781 3767 2034 3836 Ἀλεξάνο

391 3866 504 3941 δρῳ
561 3859 914 3932 διαϐαίνοντι,
946 3862 1036 3916 καὶ
1103 3859 1366 3935 γράψαντι
1411 3860 1446 3928 ἢ
1507 3862 1740 3930 κρατεῖν,
1795 3857 1882 3912 ἐὰν
1934 3855 2036 3930 ἄρ’

389 3977 507 4032 χειν
559 3952 848 4014 δύνωνται,
898 3953 933 4021 ἢ
975 3955 1094 4012 τοῖς
1148 3947 1450 4024 κρείττοσιν
1496 3946 1749 4014 ὑπείκειν,
1784 3944 2039 4023 στέφανον

389 4045 627 4123 χρυσοῦν
667 4043 773 4098 ἀπὸ
811 4043 1009 4096 ἱκανῶν
1061 4037 1342 4094 ταλάντων
1383 4038 1652 4108 Ῥωμαῖοι
1684 4035 1987 4109 ἐξέπεμψαν
2024 4056 2037 4070 ο

389 4134 478 4187 καὶ
529 4133 602 4193 ὡς
647 4131 784 4204 πρὸς
832 4127 1190 4202 Ταραντίνους
1248 4125 1339 4179 καὶ
1386 4123 1597 4200 Πύρρον
1626 4127 1671 4162 ⁷⁸
1698 4125 1790 4179 τὸν
1847 4128 2036 4179 Ἠπει-

395 4221 576 4297 ρώτην
636 4221 1033 4292 συμμαχοῦντα
1105 4214 1323 4278 τούτοις
1399 4213 1770 4287 ἐπολέμησαν,
1829 4213 1919 4267 καὶ
1975 4213 2042 4268 τὰ

397 4310 490 4383 μὲν
536 4307 819 4376 παθόντες,
848 4307 916 4360 τὰ
975 4302 1032 4359 δὲ
1081 4307 1263 4365 κακῶς
1309 4303 1438 4366 τοὺς
1494 4301 1804 4375 πολεμίους
1864 4299 2038 4357 διαθέ-

399 4420 569 4473 μενοι,
603 4396 960 4472 Ταραντίνους
1011 4395 1105 4466 μέν
1158 4394 1532 4469 ὑπηγάγοντο.
1565 4391 1778 4470 Πύρρον
1821 4389 1880 4447 δὲ
1935 4397 2043 4448 τῶν

393 4495 494 4559 τῆς
529 4486 766 4547 Ἰταλίας
821 4483 1130 4554 ἀπήλασαν·
1163 4485 1303 4540 ’Ὀσα
1340 4503 1399 4537 τε
1456 4482 1594 4558 πρὸς
1629 4478 2051 4556 Καρχηδονίους

400 4578 492 4634 καὶ
560 4571 808 4634 Ἀννίϐαν
850 4573 1149 4647 Ῥωμαίοις
1213 4570 1604 4648 ἐπράχθη,καὶ
1663 4570 1763 4626 ὅσα
1827 4576 1870 4610 ⁷⁷
1910 4571 2047 4647 πρὸς

2141 3411 2298 3483 regia
2320 3416 2580 3483 potestas
2603 3411 2662 3468 in
2685 3415 2987 3471 consulare
3011 3419 3234 3472 mutata
3261 3417 3432 3473 fuerit
3452 3419 3786 3488 imperium,

2143 3508 2318 3571 utque
2349 3517 2381 3556 a
2411 3499 2591 3557 Gallis
2624 3501 2872 3558 Romani
2905 3503 3138 3572 devicti,
3171 3509 3340 3576 capta
3371 3509 3793 3578 propemodum

2141 3605 2271 3645 arce
2313 3605 2448 3646 cum
2491 3590 2655 3660 urbe,
2698 3592 2810 3647 nisi
2854 3597 3083 3648 maturo
3123 3596 3537 3665 superveniens
3578 3597 3796 3653 auxilio

2144 3677 2426 3734 Camillus
2456 3695 2584 3734 eam
2615 3679 2957 3736 liberasset:
3006 3684 3070 3736 ut
3114 3683 3289 3738 etiam
3337 3683 3686 3750 Alexandro,
3731 3686 3793 3740 in

2145 3767 2339 3823 Asiam
2375 3767 2704 3838 trajicienti,
2727 3773 2784 3824 et
2815 3785 2916 3840 per
2941 3769 3163 3826 litteras
3192 3773 3278 3826 eis
3308 3772 3698 3840 denuntianti,
3729 3777 3792 3827 ut

2148 3861 2249 3910 aut
2284 3858 2604 3926 vincerent,
2650 3857 2702 3913 si
2751 3859 3003 3930 gerendo
3054 3859 3297 3930 imperio
3341 3865 3535 3916 essent
3572 3861 3792 3928 idonei,

2149 3949 2248 3999 aut
2275 3945 2700 4014 potentioribus
2731 3947 3022 4014 cederent,
3061 3965 3298 4005 auream
3333 3967 3606 4006 coronam
3641 3953 3796 4021 (quae

2150 4031 2386 4088 talentis
2409 4049 2522 4088 non
2547 4034 2749 4104 paucis
2773 4041 3084 4105 constaret)
3109 4045 3312 4095 contra
3333 4039 3623 4095 miserint.
3649 4038 3714 4093 Et
3731 4042 3797 4094 ut

2151 4121 2304 4176 bella
2343 4123 2632 4193 gesserint
2675 4124 2954 4180 adversus
2999 4130 3362 4198 Tarentinos,
3415 4138 3468 4185 et
3517 4128 3800 4202 Pyrrhum

2152 4210 2447 4282 Epiroten,
2498 4212 2604 4268 hos
2654 4212 2868 4269 auxilio
2910 4216 3251 4286 juvantem:
3305 4223 3362 4274 et
3410 4227 3491 4288 ut,
3536 4235 3650 4290 qua
3697 4235 3801 4290 pa-

2156 4300 2374 4371 tiendo,
2423 4317 2539 4373 qua
2584 4302 2883 4359 inferendo
2932 4304 3149 4374 clades,
3184 4306 3380 4364 hostes
3426 4307 3663 4364 tandem
3696 4309 3800 4364 do-

2157 4390 2435 4459 muerint,
2499 4398 2553 4446 et
2602 4391 2890 4464 Pyrrhum
2942 4393 3106 4450 Italia
3154 4395 3502 4467 expulerint.
3554 4399 3804 4468 Quasque

2158 4495 2290 4534 cum
2323 4479 2888 4552 Carthaginensibus
2931 4488 2989 4539 et
3039 4485 3319 4541 Annibale
3350 4486 3579 4559 negotia
3609 4486 3804 4542 confe-

2161 4569 2370 4625 cerint:
2422 4573 2478 4624 et
2529 4585 2656 4640 quae
2707 4575 2914 4627 contra
2957 4573 3270 4645 Hispanos,
3326 4591 3461 4631 cum
3512 4574 3631 4644 alii,
3679 4579 3805 4630 tum

398 4662 622 4742 Ἴϐηρας
651 4663 850 4721 ἄλλοις
889 4683 948 4718 τε
975 4662 1065 4716 καὶ
1117 4660 1380 4716 Σκιπίωνι
1429 4661 1789 4734 κατωρθώθη,
1821 4663 1910 4717 καὶ
1969 4662 2044 4726 ὡς
2078 4665 2084 4730 ]

2153 4659 2367 4729 Scipio,
2401 4659 2624 4716 Marihe
2648 4663 2908 4717 secundo
2936 4663 3300 4734 peregerint;
3335 4669 3516 4735 utque
3544 4664 3641 4720 hic
3673 4664 3802 4720 His-

398 4756 545 4829 παρὰ
599 4759 708 4809 τῶν
739 4747 970 4825 Ἰϐήρων
1009 4749 1262 4825 βασιλεὺς
1312 4750 1602 4826 ψηφισθεὶς
1654 4749 1751 4805 οὐκ
1806 4747 2042 4824 ἐδέξατο,

400 4844 550 4907 ὅπως
599 4864 658 4899 τε
712 4838 1191 4915 καταπολεμηθεὶς
1248 4833 1438 4918 ἔφυγεν
1497 4834 1767 4904 Ἀννίϐας.
1811 4842 1912 4898 Καὶ
1971 4841 2049 4903 ὡς

401 4931 566 5009 πέραν
620 4937 720 4988 τοῦ
750 4929 960 4989 ’[ωνίου
1014 4930 1278 5003 Ῥωμαῖοι
1309 4924 1567 5000 διέϐησαν
1604 4949 1617 4962 ³
1653 4929 1741 4984 καὶ
1781 4931 1857 4994 ὡς
1913 4936 2049 5005 Περ-

405 5024 523 5085 σεὺς
556 5023 585 5077 ὁ
613 5019 896 5076 Φιλίππου
926 5021 1025 5088 τὴν
1060 5015 1386 5074 Μακεδόνων
1433 5017 1614 5096 ἀρχὴν
1675 5016 2050 5092 ἐκδεξάμενος,

404 5111 494 5167 καὶ
541 5110 635 5167 τὰς
686 5111 960 5180 συνθήκας
988 5109 1111 5182 [377
1138 5109 1229 5181 Η.]
1260 5106 1356 5169 τὰς
1399 5106 1537 5180 πρὸς
1590 5108 1682 5162 τὸν
1735 5108 1899 5162 αὐτοῦ
1945 5128 2050 5163 πα-

406 5199 534 5275 τέρα
589 5196 889 5272 Ῥωμαίοις
961 5193 1322 5272 γεγενημένας
1384 5195 1602 5266 νεότητι
1683 5199 1868 5263 κινῶν,
1927 5215 2053 5251 κατ-

409 5288 756 5363 επολεμήθη,
797 5284 1019 5342 Παύλου
1062 5285 1126 5340 τὸ
1180 5285 1298 5340 κατ’
1342 5281 1502 5340 αὐτὸν
1553 5285 1599 5321 1³
1656 5283 2054 5356 ἀναστήσαντος

2153 4765 2439 4818 panorum
2470 4749 2698 4805 decreto
2733 4766 2831 4805 rex
2862 4750 3209 4821 appellatus,
3242 4752 3520 4809 honorem
3557 4769 3669 4807 non
3704 4753 3808 4807 ad-

2162 4839 2420 4896 miserit:
2489 4843 2554 4894 ut
2603 4840 2921 4895 debellatus
2968 4841 3230 4897 Annibal
3281 4843 3515 4914 fugerit.
3577 4842 3683 4896 Hic
3742 4845 3811 4897 ut

2159 4929 2388 4985 Ionium
2415 4945 2573 4985 mare
2593 4929 3035 5000 transmissum,
3059 4935 3266 4986 etcum
3291 4934 3527 4997 Perseo,
3548 4929 3813 5002 Philippi

2161 5019 2220 5073 in
2279 5034 2457 5090 regno
2509 5018 2890 5074 Macedonum
2939 5019 3187 5089 haerede,
3239 5021 3376 5076 dum
3441 5020 3629 5076 foedus
3675 5034 3810 5075 cum

2163 5110 2325 5178 patre
2355 5124 2388 5162 a
2416 5107 2691 5163 Romanis
2721 5122 3081 5178 percussum,
3105 5109 3351 5178 juvenili
3374 5108 3696 5165 temeritate
3728 5123 3818 5164 re-

2161 5195 2397 5261 scindit,
2455 5196 2530 5250 sit
2585 5195 2958 5266 debellatum,
3018 5196 3250 5253 IEmilio
3307 5197 3484 5254 Paulo
3552 5198 3623 5254 de
3684 5197 3813 5269 ipso

2163 5284 2586 5356 triumphante.
2622 5284 2693 5342 Ut
2734 5284 3111 5355 Antiochum,
3158 5285 3333 5357 Syrias
3373 5292 3432 5344 et
3468 5287 3813 5360 Comegenas

1773 5456 2014 5515 VARIIE
2067 5456 2460 5516 LECTIONES

485 5609 533 5646 "'°
579 5603 821 5680 ’Aenvév
883 5603 965 5680 9's

417 5679 581 5738 αὐτοῦ
613 5676 885 5752 Scaliger.
898 5676 1076 5737 'idem
1108 5694 1243 5736 mox
1269 5676 1552 5751 expungit
1587 5677 1747 5754 πρός.

1039 5603 1088 5642 ⁷⁸
1133 5602 1472 5676 ἡττήθησαν,
1509 5601 1836 5684 ⁸ἡττηθέντες
1874 5609 1940 5666 Α.
2016 5605 2066 5640 ⁷⁵
2112 5601 2383 5678 Κάμηλος
2428 5606 2493 5665 Α.
2569 5602 2617 5640 ⁷⁸
2664 5602 2844 5681 Πύρον
2895 5608 2963 5664 Α.
3038 5604 3084 5643 ⁷⁷
3140 5603 3238 5662 ὅσα
3285 5626 3344 5663 τε
3395 5605 3478 5682 ς.
3554 5607 3603 5645 ⁷³
3629 5606 3820 5684 αὐτὸν]
