4154 6218
414 357 532 423 903

1623 350 1892 414 ΡΗΟΤΙΙ
1938 353 2219 415 ΡΑἹἪΙΑ
2235 352 2461 416 ΒΟΗιΕ
2501 356 2616 416 ΟΡ.

3700 353 3819 418 904

414 500 474 553 et
527 496 738 553 Judmsa
796 510 1007 567 regem,
1060 493 1288 549 duabus
1337 489 1547 563 pugnis
1595 489 1936 561 infractum,
1984 505 2055 546 ex

2183 489 2429 562 τρόπαιον
2459 506 2472 519 ’
2521 488 2671 553 ὅπως
2714 510 2772 544 τε
2816 490 2952 564 πρὸς
2985 491 3270 565 Ἀντίοχον
3321 492 3413 547 τὸν
3476 492 3675 569 Συρίας
3733 492 3826 547 καὶ

416 587 647 659 Europa
676 584 971 655 ejecerint.

2166 580 2494 651 Κομαγηνης
2548 578 2639 634 καὶ
2692 576 2954 642 Ἰουδαίας
3025 581 3072 616 ⁷9
3128 581 3355 654 βασιλέα
3435 579 3556 637 δυσὶ
3619 584 3831 658 μᾶχαις

2162 669 2471 737 νικήσαντες
2499 669 2599 738 τῆς
2632 669 2903 743 Εὐρώπης
2934 664 3212 739 ἐξέϐαλον.

805 784 938 839 CAP.
969 781 1207 840 XXVIII.
1238 812 1309 822 —
1336 780 1769 837 Heracliensium
1804 779 1974 850 legati
2004 794 2038 833 a
2070 778 2324 833 Romanis
2356 779 2415 832 in
2444 778 2573 833 Asia
2596 777 2823 834 ducibus
2852 779 3172 835 humaniter
3198 780 3426 850 accepti.

488 875 593 931 llla
622 874 802 946 igitur
822 874 936 929 huc
963 889 1150 944 usque
1177 872 1248 927 de
1270 872 1511 942 imperio
1538 871 1795 926 Romano
1812 885 2064 925 comme-

418 970 608 1021 morat
632 970 858 1019 auctor.
884 964 1107 1018 Exinde
1140 961 1496 1033 propositam
1519 962 1629 1016 sibi
1652 960 1956 1017 historiam
1981 958 2063 1014 ita

416 1052 742 1110 continuat.
760 1050 1183 1114 Heraclienses,
1199 1051 1595 1106 Romanorum
1609 1050 1855 1104 ducesin
1872 1049 2061 1104 Asiam

415 1146 835 1213 transgressos,
863 1140 1057 1195 missis
1077 1139 1280 1211 legatis
1295 1140 1668 1203 conveniunt,
1693 1138 1791 1208 qui
1818 1138 2066 1192 comiter

416 1229 890 1301 accepti,litteras
920 1228 1457 1285 229bbumanitati
1475 1245 1502 1282 s
1534 1228 1736 1299 plenas
1760 1229 1830 1282 ab
1846 1225 2064 1281 ﬁnilio

417 1320 596 1376 Paulo
648 1320 744 1388 (al.
796 1318 1001 1373 Publio
1050 1317 1302 1388 1Emilio)
1352 1316 1699 1373 retulerant:
1747 1315 1961 1386 quibus
2010 1317 2067 1370 et

418 1411 671 1467 amicum
704 1408 849 1480 ipsis
879 1408 999 1463 fore
1020 1412 1313 1469 senatum,
1339 1423 1442 1461 nec
1478 1405 1596 1461 ulla
1627 1407 1683 1460 in
1716 1423 1776 1460 re
1808 1405 2063 1476 pruden-

416 1500 562 1555 tiam
607 1498 999 1553 Romanorum
1045 1504 1099 1552 et
1140 1512 1339 1551 curam
1393 1494 1464 1563 (si
1506 1495 1739 1565 quando
1778 1493 1871 1548 his
1919 1492 2066 1548 indi-

418 1592 611 1661 geant)
661 1588 990 1643 defuturam
1048 1586 1377 1658 pollicetur.
1426 1587 1706 1655 Deinceps
1754 1583 1932 1640 etiam
1992 1580 2066 1637 ad

418 1676 750 1735 Cornelium
793 1676 1144 1747 Scipionem,
1192 1677 1294 1746 qui
1322 1674 1575 1729 Africam
1610 1673 1886 1729 Romanis
1918 1670 2066 1727 bello

423 1766 696 1833 asseruit,
728 1764 1072 1836 legationem
1122 1763 1356 1829 misere,
1403 1766 1670 1818 testatam
1725 1762 1882 1832 prius
1929 1760 2071 1816 ami-

421 1854 618 1910 citiam
648 1858 708 1909 ut
728 1853 1161 1909 conﬁrmarent.
1187 1853 1256 1906 Et
1278 1856 1407 1923 post
1430 1851 1549 1906 base
1570 1851 1841 1906 eumdem
1866 1865 2069 1904 rursus

421 1959 524 2016 per
553 1943 774 2016 legatos
796 1946 985 2009 orant,
1013 1945 1076 1996 ut
1092 1940 1447 1996 Antiochum
1470 1940 1531 1995 in
1557 1939 1803 2011 gratiam
1829 1940 2072 2009 reponat

420 2032 571 2104 apud
608 2038 932 2088 Romanos:
966 2034 1022 2085 et
1052 2029 1375 2101 perscripto
1409 2030 1475 2084 ad
1511 2043 1703 2101 regem
1737 2026 2067 2098 plebiscito,

425 2126 490 2176 ut
518 2120 736 2176 bellum
782 2125 983 2174 contra
1024 2119 1317 2175 Romanos
1357 2119 1629 2187 deponat,
1662 2116 2068 2173 adhortantur.

424 2208 730 2264 Cornelius
791 2207 964 2262 etiam
1032 2205 1246 2277 Scipio,
1316 2205 1665 2261 Heracleotis
1722 2204 2047 2261 rescribens

424 2298 536 2354 hac
567 2295 944 2369 inscriptione
992 2297 1206 2351 utitur:
1253 2297 1441 2366 Scipio
1494 2297 1815 2365 imperator,
1862 2308 2068 2365 procos.

368 2406 369 2409 ‘
426 2389 813 2454 Romanorum,
858 2384 1079 2441 senatui
1102 2385 1411 2456 paputoque
1452 2384 1885 2441 Heracliensium
1917 2385 2071 2439 satu-

428 2486 554 2533 tem.
587 2480 651 2531 Et
684 2474 1002 2531 bislitteris
1035 2474 1494 2530 benevolentiam
1528 2490 1661 2546 erga
1691 2473 1851 2545 ipsos
1881 2477 2070 2527 ratam

425 2572 481 2622 et
512 2566 739 2621 ﬁrmam
773 2580 923 2631 esse,
958 2568 1014 2618 et
1058 2563 1273 2620 bellum
1308 2580 1440 2619 eum
1488 2561 1771 2618 Antiocho
1805 2560 2071 2633 solvisse,

425 2656 723 2711 Romanos
789 2654 1064 2709 afﬁrmat.
1134 2653 1345 2708 Eadem
1416 2669 1542 2723 quae
1604 2651 1841 2717 Lucius,
1898 2652 2069 2708 etiam

424 2745 485 2801 P.
523 2743 820 2800 Cornelius
863 2743 1053 2813 Scipio
1103 2742 1231 2813 ejus
1279 2743 1480 2809 frater,
1530 2749 1581 2798 et
1623 2741 1827 2798 classis
1859 2742 2068 2812 praefe-

423 2842 569 2900 ctus,
606 2831 1093 2903 Heracliensibus,
1141 2840 1267 2902 post
1317 2830 1557 2887 missam
1599 2829 1946 2903 legationem
1988 2846 2072 2885 re-

424 2923 678 2995 spondit.
710 2922 871 2978 Brevl
902 2924 1033 2993 post
1062 2920 1384 2976 Antiochus
1417 2920 1629 2976 bellum
1662 2921 1935 2975 adversus
1960 2920 2071 2975 lto-

2238 867 2317 923 Τὰ
2356 868 2402 901 ⁸ο
2458 867 2553 938 μὲν
2615 865 2710 921 οὖν
2759 868 2883 940 περὶ
2930 870 3374 941 τῆςῬωμαϊκῆς
3406 871 3588 944 ἀρχῆς
3651 870 3829 944 μέχρι

2166 952 2328 1009 τοῦδε
2392 952 2581 1009 δίεισιν
2633 956 2660 1009 6
2714 957 3057 1034 συγγραφεύς
3092 975 3105 988 ⁸
3165 953 3453 1013 ἀναλαϐὼν
3513 955 3570 1013 δὲ
3627 958 3828 1034 γράφει

2171 1045 2320 1104 ὅπως
2375 1044 2770 1118 Ἡρακλεῶται,
2842 1042 3400 1120 διαπρεσϐευσάμενοι
3486 1048 3623 1122 πρὸς
3700 1049 3833 1110 τοὺς

2168 1138 2275 1187 τῶν
2314 1135 2603 1206 Ῥωμαίων
2643 1136 2976 1210 στρατηγοὺς
3025 1135 3111 1190 ἐπὶ
3170 1137 3266 1205 τήν
3315 1138 3499 1192 Ἀσίαν
3562 1131 3829 1205 διαϐεϐη-

2169 1223 2355 1291 κότας,
2401 1220 2646 1297 ἀσμὲνως
2697 1246 2755 1279 τε
2805 1223 3180 1301 ἀπεδέχθησαν
3223 1227 3312 1280 καὶ
3371 1226 3670 1295 ἐπιστολῆς
3724 1247 3833 1303 φι-

2172 1311 2606 1389 λοφρονούμενοι
2665 1311 2859 1389 ἔτυχον
2909 1317 2977 1385 ⁸¹,
3014 1315 3265 1370 Ποπλίου
3322 1316 3524 1386 ταύτην
3569 1316 3835 1371 ἀποστεί-

2173 1401 2385 1474 λαντος,
2420 1402 2470 1457 ἐν
2570 1402 2753 1481 φιλίαν
2799 1425 2858 1458 τε
2906 1405 3043 1479 πρὸς
3089 1405 3289 1467 αὐτοὺς
3344 1412 3445 1474 τῆς
3503 1404 3825 1479 συγκλήτου

2175 1489 2384 1566 βουλῆς
2432 1493 2769 1567 ὑπισχνεῖτο,
2820 1496 2909 1547 καί
2966 1495 3031 1547 τὰ
3089 1491 3236 1548 ἄλλα
3305 1494 3565 1567 προνοίας
3616 1514 3678 1549 τε
3728 1494 3833 1548 καὶ

2171 1581 2505 1655 ἐπιμελείας,
2553 1580 2767 1638 ἐπειδάν
2821 1604 2967 1645 τινος
3029 1583 3205 1639 αὐτῶν
3256 1582 3481 1652 δέοιντο,
3544 1582 3834 1657 μηδεμιᾶς

2173 1673 2526 1745 ὕστερεῖσθαι.
2581 1674 2837 1746 Ὕστερον
2897 1671 2953 1727 δὲ
2982 1672 3072 1727 καὶ
3130 1673 3270 1747 πρὸς
3327 1672 3638 1748 Κορνήλιον
3690 1681 3825 1728 Σκι-

2178 1758 2355 1813 πίωνα
2382 1760 2476 1814 τὸν
2519 1761 2617 1829 τὴν
2649 1756 2855 1830 Λιϐύην
2889 1760 3182 1832 Ῥωμαίοις
3212 1762 3551 1834 στησάμενον
3599 1758 3843 1833 διαπέμο

2178 1868 2339 1903 πουσι
2397 1845 2832 1923 πρεσϐείαν,τήν
2891 1847 3336 1923 ὡμολογημένην
3395 1849 3584 1926 φιλίαν
3632 1849 3841 1905 ἐπικυ-

2181 1942 2418 2011 ροῦντες.
2444 1936 2593 1992 Μετᾶ
2634 1942 2802 1993 ταῦτα
2832 1936 2887 1993 δὲ
2918 1937 3086 1993 πάλιν
3112 1940 3251 2014 πρὸς
3279 1939 3368 1993 τὸν
3401 1938 3562 1993 αὐτὸν
3598 1935 3836 2013 διαπρε-

2180 2022 2485 2096 σϐεύονται,
2547 2025 2891 2083 διαλλάττειν
2964 2028 3100 2102 πρὸς
3172 2026 3481 2100 Ῥωμαίους
3558 2027 3837 2097 ἀξιοῦντες

2178 2116 2269 2169 τὸν
2320 2114 2548 2189 βασιλέα
2597 2116 2880 2191 Ἀντίοχον
2918 2135 2930 2149 ·
2987 2116 3077 2171 καὶ
3143 2118 3401 2196 ψήφισμα
3470 2118 3607 2193 πρὸς
3665 2117 3833 2172 αὐτὸν

2180 2202 2412 2280 ἔγραψαν
2459 2205 2526 2275 δ’,
2563 2210 2951 2278 παραινοῦντες
2999 2205 3158 2260 αὐτὸν
3198 2207 3298 2275 τὴν
3343 2207 3479 2281 πρὸς
3519 2205 3835 2278 Ῥωμαίους

2182 2291 2532 2348 διαλύσασθαι
2589 2296 2634 2331 ⁸⁸
2690 2288 2907 2369 ἔχθραν.
2968 2295 3028 2352 Ὀ
3096 2291 3153 2348 δὲ
3216 2293 3527 2369 Κορνήλιας
3576 2294 3827 2350 Σκιπίων

2181 2381 2615 2438 ἀντεπιστέλλων
2663 2389 2778 2446 τοῖς
2829 2383 3233 2456 Ἡρακλεώταις
3289 2381 3574 2461 ἐπιγράφει
3635 2385 3787 2439 οὕτω
3825 2426 3839 2439 .

2182 2473 2426 2526 Σκιπίων
2506 2473 2836 2547 στρατηγὸς,
2916 2472 3217 2534 ἀνθύπατος
3285 2472 3590 2547 Ῥωμαίων,
3657 2474 3833 2546 Ἦρα-

2178 2564 2432 2619 κλεωτῶν
2515 2567 2583 2637 τῇ
2678 2562 2854 2638 βουλῇ
2934 2564 3024 2618 καὶ
3101 2569 3181 2636 τῷ
3267 2561 3429 2638 δήμῳ
3488 2563 3724 2638 χαίρειν,
3784 2562 3843 2618 ἰν

2178 2651 2345 2726 ταύτῃ
2399 2654 2498 2722 τήν
2557 2672 2614 2707 τε
2672 2654 2807 2726 πρὸς
2858 2652 3053 2715 αὐτοὺς
3100 2650 3305 2708 εὔνοιαν
3357 2648 3709 2719 ἐπιϐεϐαιῶν,
3742 2653 3837 2708 καὶ

2179 2742 2253 2803 ὡς
2311 2739 2654 2796 διαλύσαιντο
2710 2747 2977 2815 Ῥωμαῖοι
3024 2745 3122 2812 τήν
3178 2744 3315 2816 πρὸς
3375 2742 3669 2818 Ἀντίοχον
3724 2743 3841 2817 μά-

2178 2850 2309 2906 χην.
2368 2832 2449 2887 Τὰ
2504 2830 2639 2885 αὐτά
2705 2828 2761 2885 δὲ
2833 2831 3039 2904 Λευκίῳ
3096 2834 3141 2871 ⁸⁸
3191 2830 3440 2894 Πόπλιος
3517 2830 3837 2906 Κορνήλιος

2180 2922 2422 2976 Σκιπίων
2457 2922 2484 2975 6
2530 2918 2765 2998 ἀδελφὸς
2808 2921 2898 2975 καὶ
2943 2922 3247 2995 στρατηγὸς
3276 2925 3373 2976 τοῦ
3404 2926 3657 2976 ναυτικοῦ
3713 2926 3837 2985 τοῖς

422 3028 627 3068 manes
658 3011 1033 3081 redintegrat,
1065 3015 1123 3065 et
1156 3009 1354 3080 proelio
1386 3009 1635 3065 summis
1666 3008 1879 3064 viribus
1908 3024 2068 3064 com-

2183 3009 2583 3085 Ἡρακλεώταις
2662 3005 3246 3084 διαπρεσϐευσαμένοις
3308 3010 3632 3086 ἀντίγραψε.
3696 3011 3832 3067 Μετ’

423 3103 603 3157 misso
653 3100 864 3167 victus,
914 3114 1079 3154 arma
1125 3099 1381 3168 deponit,
1431 3098 1589 3170 pacis
1634 3098 2069 3153 conditionibus

425 3192 695 3260 acceptis.
729 3191 862 3254 Quae
894 3194 951 3243 et
981 3191 1097 3243 tota
1139 3204 1271 3242 eum
1302 3188 1437 3243 Asia
1480 3188 1697 3243 Minore
1730 3186 2067 3254 excludunt,

426 3288 477 3333 et
504 3276 827 3348 elephantis
860 3277 1214 3347 naviumque
1263 3276 1437 3332 classi
1484 3293 1615 3331 eum
1668 3274 1916 3346 privent,
1956 3276 2068 3331 Co-

428 3382 673 3437 magena
717 3374 772 3420 et
817 3363 981 3436 Syria
1029 3368 1085 3419 et
1133 3364 1338 3419 Judaaa
1376 3365 1787 3419 tantummodo
1829 3363 2068 3420 relictis.

427 3453 883 3511 Heracliensium
935 3452 1144 3508 dehinc
1185 3453 1389 3510 civitas
1431 3454 1579 3523 apud
1628 3454 2073 3524 imperatorum,

430 3546 598 3615 (quos
638 3542 806 3598 modo
855 3540 999 3611 dixi)
1047 3541 1258 3597 missos
1300 3558 1333 3597 a
1372 3541 1646 3596 Romanis
1684 3557 2073 3609 successores,

429 3635 631 3690 eadem
665 3634 853 3705 gratia
891 3636 947 3687 et
977 3632 1338 3686 humanitate
1372 3632 1623 3698 potitur:
1657 3631 1840 3687 donec
1871 3632 1939 3685 ad
1974 3632 2079 3687 bas

426 3722 664 3778 tandem
692 3720 846 3792 leges
866 3719 1016 3775 inter
1038 3720 1333 3775 Romanos
1362 3724 1419 3774 et
1450 3719 1816 3775 Heracleotes
1848 3736 2080 3790 proces-

429 3828 561 3868 sum
584 3815 673 3866 est
691 3826 703 3864 :
723 3820 784 3864 ut
807 3826 916 3865 non
929 3808 1084 3864 modo
1108 3809 1419 3864 amicitiam
1444 3808 1588 3864 inter
1607 3824 1685 3875 se,
1708 3825 1897 3864 verum
1913 3812 2081 3864 etiam

426 3903 762 3965 societatem,
804 3903 995 3955 contra
1036 3914 1169 3969 quos
1207 3903 1259 3953 et
1298 3914 1531 3969 quorum
1581 3897 1767 3966 gratia
1816 3915 1947 3969 opus
1985 3900 2079 3968 sit,

430 3990 636 4046 colant.
671 3989 937 4059 Suntque
982 3988 1213 4043 foederis
1256 3987 1433 4058 hujus
1480 3996 1664 4058 pacta,
1697 3988 1962 4058 ejusdem
1996 3993 2082 4043 te-

432 4079 593 4135 noris
656 4080 713 4133 et
764 4077 981 4145 formae,
1032 4077 1090 4130 in
1149 4075 1380 4131 tabulas
1433 4091 1622 4131 teneas
1688 4075 1864 4131 relata
1911 4077 2080 4144 duas,

437 4182 684 4239 quorum
717 4166 898 4220 altera
931 4181 1106 4235 penes
1146 4165 1461 4230 Romanos,
1505 4164 1562 4218 in
1595 4165 1943 4236 Capitolino,
1973 4164 2081 4221 Jo-

434 4257 523 4312 vis
552 4255 793 4326 templo,
818 4254 997 4310 altera
1030 4254 1335 4320 Heracleae,
1369 4254 1544 4309 etiam
1568 4255 1694 4323 ipsa
1720 4255 1777 4309 in
1809 4254 1965 4310 Jovis
1994 4272 2087 4311 sa-

440 4345 625 4402 crario
658 4348 746 4400 est
776 4343 969 4399 afﬁxa.

2184 3098 2245 3154 ού
2305 3098 2449 3154 πολὺ
2508 3096 2565 3153 δὲ
2621 3098 2784 3154 πάλιν
2846 3098 2922 3161 εἰς
2974 3100 3161 3177 μάχην
3190 3099 3476 3175 Ἀντίοχος
3528 3100 3831 3172 Ῥωμαίοις

2179 3187 2434 3258 κατέστη,
2492 3187 2581 3243 καὶ
2631 3189 2727 3242 ὀινὰ
2786 3188 2982 3262 κράτος
3048 3188 3301 3258 ἡττηθεὶς
3360 3188 3447 3243 ἐπὶ
3535 3190 3832 3258 συνθήκαις

2180 3275 2465 3332 διελύσατο
2521 3278 2621 3345 τήν
2702 3271 2925 3352 ἔχθραν,
2986 3278 3039 3330 αἳ
3106 3277 3197 3331 καὶ
3264 3284 3365 3347 τῆς
3420 3276 3600 3338 Ἀσίας
3665 3276 3829 3333 αὐτὸν

2180 3364 2390 3433 ἁπάσης
2422 3363 2703 3440 ἀπεῖργον,
2736 3362 2986 3425 καὶτοὺς
3029 3360 3325 3438 ἐλέφαντας
3383 3363 3473 3418 καὶ
3520 3368 3627 3417 τῶν
3685 3369 3833 3434 νηῶν

2180 3458 2583 3529 συναφῃροῦντο
2625 3453 2716 3507 τὸν
2762 3450 2981 3521 στόλον,
3030 3459 3130 3522 τῆς
3179 3454 3560 3527 Κομμαγήνης
3607 3451 3759 3524 αὐτῷ
3787 3454 3832 3489 ⁸⁸

2180 3542 2268 3596 καὶ
2315 3544 2413 3609 τῆς
2460 3538 2727 3603 Ἰουδαίας
2778 3542 2851 3602 εἷς
2912 3542 3091 3615 ἀρχὴν
3154 3541 3629 3614 ὑπολειπομένων.
3663 3542 3727 3598 Ἡ
3777 3538 3834 3596 δὲ

2184 3636 2289 3685 τῶν
2338 3632 2733 3705 Ἡρακλεωτῶν
2792 3629 2956 3692 πόλις
3019 3631 3154 3706 πρὸς
3184 3631 3313 3692 τοὺς
3378 3629 3837 3703 ἐκπέμπομὲνους

2183 3722 2327 3795 παρὰ
2395 3724 2504 3775 τῶν
2533 3721 2821 3793 Ῥωμαίων
2882 3725 2989 3775 τῶν
3063 3726 3381 3794 στρατηγῶν
3430 3717 3731 3798 διαδόχους
3768 3721 3839 3775 τὰ

2186 3809 2317 3864 αύτεὶ
2370 3831 2428 3863 τε
2481 3804 2913 3885 διεπρεσϐεύετο,
2970 3809 3061 3863 καὶ
3126 3814 3245 3871 ταῖς
3318 3809 3539 3881 ὁμοίαις
3615 3806 3836 3864 ἀντεδε-

2185 3901 2364 3968 ξιοῦτο
2415 3897 2653 3959 εύνοίαις
2695 3899 2784 3952 καὶ
2826 3898 3275 3977 φιλοφρονήσεσι.
3329 3897 3430 3954 Καὶ
3487 3897 3648 3957 τέλος
3711 3919 3840 3952 συν-

2187 3992 2348 4056 θῆκαι
2421 3985 2704 4060 προῆλθον
2761 3986 3058 4059 Ῥωμαίοις
3132 4008 3189 4041 τε
3264 3986 3353 4041 καὶ
3408 3985 3840 4062 Ἡρακλεώταις,

2192 4081 2267 4153 μή
2302 4078 2499 4155 φίλους
2530 4080 2662 4134 εἶναι
2687 4080 2870 4151 μόνον,
2887 4077 3033 4134 ἀλλὰ
3058 4077 3148 4133 καὶ
3170 4081 3502 4156 συμμάχους
3534 4076 3843 4149 ἀλλήλοις,

2186 4171 2306 4223 καθ’
2339 4168 2414 4221 ὧν
2461 4188 2521 4222 τε
2568 4168 2657 4221 καὶ
2702 4168 2834 4240 ὑπὲρ
2893 4168 2965 4221 ὢν
3027 4164 3266 4237 δεηθεῖεν
3306 4168 3553 4239 ἑκάτεροι
3588 4170 3714 4240 [728
3747 4167 3843 4239 R.]

2192 4257 2291 4311 Καὶ
2346 4254 2552 4334 χαλκοῖ
2604 4255 2820 4317 πίνακες
2872 4253 2967 4310 δύο
3033 4257 3129 4317 τὰς
3198 4255 3501 4331 ὁμολογίας
3554 4254 3707 4318 ἴσους
3755 4255 3845 4309 καὶ

2192 4345 2388 4419 ὁμοίας
2421 4344 2609 4423 ἔφερον
2637 4364 2650 4378 ⁸
2690 4346 2765 4399 ὦν
2800 4346 2827 4399 ὁ
2864 4346 2957 4417 μὲν
2989 4344 3134 4418 παρᾶ
3160 4344 3457 4418 Ῥῶμαίοις
3498 4342 3551 4399 ἐν
3598 4349 3679 4416 τῷ
3709 4344 3847 4398 κατᾶ

2191 4434 2253 4489 τὸ
2305 4432 2650 4489 Καπιτώλιον
2701 4435 2832 4509 ἱερῷ
2888 4438 2985 4488 τοῦ
3019 4434 3149 4496 Διὸς
3178 4432 3499 4503 καθηλώθη,
3527 4434 3555 4487 6
3618 4430 3674 4487 δὲ
3712 4432 3848 4487 κατᾶ

2192 4524 2293 4592 τήν
2318 4521 2641 4597 Ἡράκλειαν
2677 4526 2765 4578 καὶ
2801 4521 2961 4585 αὐτὸς
2991 4523 3038 4559 ⁸⁸
3069 4521 3122 4577 ἐν
3156 4526 3233 4593 τῷ
3270 4527 3367 4575 τοῦ
3398 4523 3524 4586 Διὸς
3554 4523 3710 4597 ἱερῷ.

959 4631 1090 4688 CAP.
1124 4630 1311 4687 XXIX.
1344 4662 1412 4670 —
1444 4630 1813 4687 Heraclienses
1841 4646 1879 4687 a
1906 4629 2112 4686 Prusia
2142 4632 2202 4685 in
2231 4633 2521 4700 angustias
2564 4632 2780 4697 coacti;
2820 4632 3088 4704 hujusque
3117 4630 3316 4687 clades.
3836 4700 3850 4718 ς

512 4724 641 4780 Haec
690 4727 999 4796 postquam
1053 4739 1155 4778 xm
1204 4730 1255 4779 et
1297 4739 1386 4777 xxv
1427 4722 1690 4777 Historiae
1730 4720 1878 4777 libro
1916 4737 2073 4793 expo-

2270 4725 2444 4776 Ταῦτα
2494 4718 2782 4791 διεξελθὼν
2851 4722 2879 4774 ὁ
2940 4719 3277 4798 συγγραφεὺς
3330 4719 3466 4775 κατὰ
3530 4720 3593 4773 τὸ
3658 4720 3725 4792 ιγ’
3755 4723 3852 4773 και

438 4816 576 4883 suit,
625 4830 697 4869 xv
745 4828 984 4869 exorsus
1035 4812 1157 4867 haec
1208 4811 1404 4866 refert.
1449 4810 1710 4877 Prusias,
1741 4810 1952 4881 inquit,
1985 4810 2082 4866 Bi-

437 4906 752 4977 thynorum
784 4919 905 4971 rex,
929 4900 1173 4957 miriﬁce
1210 4898 1538 4956 industrius
1568 4904 1623 4954 et
1652 4914 1895 4972 gnavus,
1937 4898 2091 4955 mul-

439 4996 625 5065 tisque
648 4993 826 5048 rebus
852 4990 1034 5064 gestis
1056 4988 1266 5055 clarus,
1303 4988 1456 5045 inter
1486 4988 1601 5044 alia
1631 4989 1802 5044 etiam
1836 4988 2088 5056 Cierum,

438 5081 823 5139 Heracliensis
873 5078 1115 5135 ditionis
1185 5078 1412 5145 urbem,
1468 5077 1618 5133 bello
1667 5078 1935 5149 subjecit,
1989 5095 2093 5151 pro

440 5172 602 5228 Ciero
653 5170 994 5227 Prusiadam
1049 5184 1417 5239 nuncupans.
1448 5167 1619 5222 Tium
1652 5168 1825 5223 etiam
1859 5183 2096 5224 eorum-

444 5261 571 5316 dem
606 5259 1006 5331 jurisdictioni
1039 5260 1348 5315 obnoxiam
1390 5258 1575 5330 cepit:
1621 5258 1796 5313 utsic
1838 5258 2097 5331 undique

444 5349 647 5406 280a
677 5364 835 5404 mare
859 5346 1361 5404 circumscriberet
1386 5345 1744 5403 Heracleam.
1769 5347 1910 5404 Inde
1933 5348 2100 5405 etiam

2198 4807 2264 4864 ιδ’
2306 4816 2408 4880 τῆς
2475 4810 2741 4880 ἱστορίας,
2787 4807 2864 4871 εἷς
2948 4810 3047 4878 τὴν
3118 4816 3173 4865 ιε’
3233 4802 3505 4863 εἰσϐαλὼν
3576 4804 3847 4881 διηγεῖται

2199 4898 2349 4961 ὅπως
2400 4897 2664 4972 Προυσίας
2708 4898 2737 4952 6
2780 4899 3020 4954 Βιθυνῶν
3075 4896 3353 4974 βασιλεὺς,
3395 4893 3725 4972 δραστήριος
3776 4896 3848 4950 ὢν

2197 4991 2288 5046 καί
2320 4989 2509 5046 πολλὰ
2553 4992 2777 5063 πραξας,
2814 4990 2949 5063 μετὰ
2976 4992 3083 5045 τῶν
3118 4987 3305 5045 ἄλλων
3343 4989 3434 5044 καὶ
3468 4987 3659 5060 Κίερον
3688 4986 3850 5043 πόλιν

2200 5076 2596 5151 Ἡρακλεωτῶν
2654 5075 2813 5132 οὖσαν
2874 5076 2960 5151 ὑφ’
3019 5077 3204 5131 ἑαυτὸν
3262 5075 3409 5132 ἔθετο
3454 5080 3534 5146 τῷ
3590 5075 3846 5148 πολὲμῳ,

2202 5167 2315 5223 ἀντὶ
2350 5169 2542 5241 Κιὲρου
2592 5162 2901 5240 Προυσιάδα
2945 5164 3200 5231 καλέσας,
3231 5165 3344 5220 εἷλε
3384 5162 3441 5219 δὲ
3477 5164 3568 5218 καὶ
3601 5166 3733 5238 [378
3764 5163 3851 5234 Η.]

2203 5258 2300 5325 τὴν
2342 5260 2489 5329 Τῖον,
2521 5255 2610 5311 καὶ
2661 5254 2825 5323 αὐτὴν
2872 5255 3116 5325 ὑπήκοον
3164 5254 3349 5316 αὐτοῖς
3393 5253 3575 5325 οὖσαν,
3606 5251 3748 5308 ὥστε
3795 5251 3852 5307 ἔκ

2207 5342 2481 5415 θαλάττης
2531 5342 2607 5409 εἰς
2653 5342 2923 5400 θάλασσαν
2968 5344 3067 5413 τήν
3118 5341 3443 5420 Ἡράκλειαν
3494 5343 3851 5418 περιγράψαι.

1823 5475 2063 5533 VARI/ﬁ
2099 5473 2482 5532 LECTIONES

517 5602 567 5637 7°
601 5598 693 5654 καὶ
732 5604 832 5667 τῆς
863 5592 1127 5659 Ἰουδαίας
1319 5596 1367 5632 ⁸ο
1394 5599 1462 5653 τά
1493 5603 1537 5655 Α
1564 5617 1577 5655 :
1608 5600 1886 5708 tautarg.
1964 5600 2009 5635 3‘
2056 5597 2389 5678 φιλοφρόνου
2429 5596 2527 5708 μὲν
2577 5590 2769 5708 ἔτυχὶον
2974 5597 3022 5634 ⁸9
3250 5596 3727 5673 προσαντὲγραψαν
3770 5595 3846 5672 ς’.

517 5670 829 5708 ἓιηἸεζεηθηο
862 5669 923 5708 Γ.
1020 5670 1067 5706 ει
1105 5669 1312 5708 Αευνίω
1345 5671 1378 5708 Δ
1433 5688 1445 5701 ο
1481 5669 1748 5708 Vela-nvi...
1927 5671 1973 5708 8|
2011 5673 2158 5708 mla-.7.
2187 5680 2235 5708 ι]
2289 5672 2425 5708 Qtnn
2472 5685 2619 5708 anno
2652 5688 2665 5701 -
2726 5670 2831 5708 ihs-5
2863 5668 3039 5708 nu’soﬂm
3222 5668 3357 5708 ηιίφιί
3389 5668 3450 5708 Γ

450 5676 472 5714 ⁸
512 5670 833 5730 διαλύεσθαι
862 5669 923 5744 ς·
930 5711 944 5727 .
1020 5670 1067 5706 ²⁴
1097 5668 1312 5740 Λεῧκίῳ
1340 5671 1387 5725 Α
1432 5688 1446 5729 :
1478 5669 1748 5746 Σελευκίφ
1769 5668 1851 5745 gi
1927 5671 1973 5710 ⁸⁸
2011 5668 2158 5745 αύτῷ
2186 5668 2257 5732 Η.
2289 5668 2619 5745 Stephanus
2652 5668 3062 5728 ςἸἱῦτῖαὗτῶν.

3222 5668 3357 5725 αὐτό
3389 5668 3469 5745 ς’.
