4116 6224
272 327 378 387 905

1339 321 1895 383 BIBLIO'I‘HEGA.
1951 353 2024 366 -—
2065 319 2243 382 COD.
2290 321 2594 384 CCXXIV.

3556 329 3674 392 906

271 459 381 537 Ἐφ’
409 458 501 522 α’ίς
528 456 782 527 κάκείνην
831 457 1100 531 κραταιῶς
1150 451 1486 530 ἒπολιὸρκει,
1534 455 1624 510 καὶ
1664 450 1912 515 πολλοὺς

2052 453 2278 511 violenta
2306 471 2434 512 eam
2467 456 2771 513 obsidione
2803 458 3036 527 pressit,
3069 461 3127 515 et
3158 459 3441 530 plurimos
3471 462 3672 519 obses-

275 547 364 620 μὶν
405 551 514 601 τῶν
573 544 1056 622 πολιορκουμένων
1111 543 1442 616 ἀπέκτεινεν,
1500 542 1663 620 ἐγγὺς
1723 541 1767 598 δ’
1852 543 1910 597 ἂν

273 638 354 692 καὶ
395 639 430 700 ἡ
491 635 656 698 πόλις
713 639 814 690 τοῦ
879 633 1092 690 ἁλῶναι
1147 633 1401 704 κατέστη,
1461 633 1509 688 εἷ
1563 635 1638 706 μή
1691 631 1778 688 ἐπὶ
1819 635 1918 700 τῆς

271 724 532 799 κλίμακος
589 721 892 780 ἀναϐαίνων
951 723 1219 798 Προυσίας
1265 723 1406 795 λίθῳ
1474 721 1741 796 βαλόντος
1800 722 1916 783 ἑνὸς

271 819 370 870 τῶν
399 813 506 868 ἀπὸ
535 819 636 883 τῆς
669 812 944 884 ἐπάλξεως
973 809 1260 887 συνετρίϐη
1313 813 1374 866 τὸ
1415 812 1630 880 σκέλος,
1681 810 1772 865 καὶ
1819 811 1916 878 τήν

271 901 584 977 πολιορκίαν
653 903 714 958 τὸ
781 904 956 964 πάθος
1035 899 1297 957 διέλυε-ε’
1356 899 1600 980 φοράδην
1665 902 1766 976 γὰρ
1823 899 1920 955 ὁ⁸⁷

275 990 514 1068 βληθεὶς,
563 991 664 1048 οὐκ
727 989 854 1048 ἄνευ
900 992 1132 1068 ἀγῶνος,
1184 991 1288 1046 ὑπὸ
1329 995 1436 1045 τῶν
1463 993 1695 1046 Βιθυνων
1725 991 1922 1046 ἀνακο-

395 1081 438 1114 -s
667 1082 679 1100 ι
843 1085 866 1098 υ
964 1081 978 1100 ν
1219 1101 1238 1112 ρ
1441 1085 1464 1096 -
1609 1079 1622 1100 κ
1721 1073 1747 1100 )I
1895 1077 1912 1098 ι,

275 1083 472 1156 μισθιις
495 1083 571 1144 εἷς
619 1103 686 1136 τα
723 1081 900 1137 οίκεια
953 1081 1261 1156 ανέστρεψι,
1306 1081 1462 1135 κάκει
1516 1081 1668 1154 βιους
1721 1101 1816 1150 ετη
1861 1100 1922 1134 ου

269 1169 464 1241 πολλὰ,
496 1171 590 1225 καὶ
639 1169 830 1249 χωλὸς
877 1169 968 1225 καὶ
1015 1169 1090 1224 ὤν
1148 1170 1238 1224 καὶ
1281 1167 1646 1242 καλούμενος,
1677 1170 1768 1224 τὸν
1807 1169 1926 1244 βίον

270 1261 622 1334 κατέστρεψεν
652 1259 723 1317 ⁸⁸.

2027 561 2222 601 eorum
2272 543 2580 602 interfecit.
2623 547 2693 602 Et
2725 548 2847 618 jam
2879 563 3058 619 prope
3087 554 3212 605 erat
3239 555 3306 606 ut
3335 552 3473 607 urbs
3505 569 3676 625 cape-

2029 637 2210 704 retur,
2243 635 2357 690 nisi
2391 635 2627 704 Prusiae,
2659 637 2796 692 dum
2828 638 3003 694 scalis
3047 656 3284 696 sursum
3333 641 3558 708 nititur,
3589 643 3680 698 Ia-

2029 723 2164 794 pide
2193 725 2530 797 cujuspiam
2553 725 2622 780 de
2645 727 3100 798 propugnaculis
3122 728 3256 796 icto,
3278 745 3414 785 crus
3433 730 3676 786 fractum

2030 816 2202 880 esset,
2237 818 2292 868 et
2324 814 2416 868 hic
2463 829 2634 870 casus
2663 817 2737 870 ab
2767 819 3199 888 Oppugnatione
3230 819 3512 874 desistere
3539 835 3675 875 eum

2032 901 2336 972 coegisset.
2360 902 2442 957 Ita
2471 902 2623 958 enim
2657 919 2994 974 percussus,
3021 905 3244 974 lectica,
3275 923 3391 963 non
3423 908 3551 964 sine
3580 910 3677 964 do-

2034 989 2170 1045 loris
2213 990 2544 1061 acerbitate,
2586 991 2828 1048 domum
2860 1011 2893 1050 a
2923 993 3190 1068 Bithynis
3237 996 3362 1052 suis
3411 999 3677 1068 refertur,

2036 1095 2142 1136 nec
2173 1080 2376 1136 multis
2406 1084 2537 1152 post
2567 1081 2739 1138 annis
2791 1083 3028 1154 exactis,
3070 1087 3307 1142 nomine
3337 1090 3393 1143 et
3423 1101 3484 1143 re
3513 1085 3678 1143 clau-

2037 1169 2164 1238 dus,
2199 1170 2376 1226 ﬁnem
2407 1170 2639 1226 vivendi
2669 1171 2823 1228 fecit.

1261 1369 1397 1424 CAP.
1432 1367 1612 1424 XXX.
1643 1397 1712 1408 -—-
1743 1365 2024 1424 Heraclea
2053 1367 2333 1424 obsidium
2363 1386 2398 1424 a
2427 1369 2661 1426 Galatia.

336 1475 394 1530 Οἱ
425 1472 484 1529 δὲ
536 1473 666 1550 ὑπὲρ
704 1473 796 1528 τὸν
855 1475 1058 1530 Πόντον
1117 1472 1378 1544 Γαλάται,
1431 1471 1585 1528 οὔπω
1644 1479 1751 1528 τῶν
1789 1474 1922 1528 Ῥω-

276 1564 463 1636 μαίων,
499 1562 576 1624 εἷς
624 1565 723 1632 τήν
776 1563 956 1620 Ἀσίαν
1008 1557 1438 1634 διαϐεϐηκότων,
1487 1564 1654 1618 πόθον
1705 1559 1926 1638 ἔχοντες

271 1659 454 1728 πεῖραν
478 1647 670 1708 λαϐεῖν
688 1659 789 1722 τῆς
837 1650 1114 1722 θαλάσσης
1171 1651 1425 1728 προελεῖν
1481 1653 1800 1728 ἐπεχείρουν
1827 1655 1926 1722 τήν

268 1742 614 1818 Ἡράκλειαν,
647 1743 736 1797 καὶ
787 1741 848 1797 οὒ
903 1742 1146 1818 χαλεπὸν
1196 1743 1640 1818 ὲνόμιζον’πολὺ
1692 1744 1794 1820 γάρ
1825 1745 1924 1814 τής

272 1831 504 1894 παλαιᾶς
535 1833 758 1904 Ῥώμης
789 1833 974 1910 ὑφεῖτο
1003 1834 1094 1887 καὶ
1123 1833 1262 1907 πρὸς
1309 1835 1370 1888 τὸ
1410 1833 1922 1908 καταφρονούμενον

2109 1475 2380 1532 Nondum
2411 1476 2469 1532 in
2497 1477 2694 1533 Asiam
2728 1477 2972 1534 Romani
3005 1481 3372 1550 trajecerant,
3406 1499 3536 1538 cum
3569 1484 3681 1540 Ga-

2034 1560 2181 1630 latae,
2217 1562 2380 1617 Ponti
2412 1563 2642 1631 accolas,
2674 1565 2850 1620 maris
2901 1568 3162 1622 tentandi
3204 1569 3534 1640 cupiditale,
3570 1572 3678 1628 He-

2037 1649 2286 1706 racleam
2320 1651 2486 1722 prius
2515 1667 2797 1722 occupare
2829 1658 3136 1721 conantur,
3171 1673 3286 1710 non
3334 1657 3572 1714 difﬁcile
3621 1659 3680 1714 id

2037 1738 2157 1793 fore
2199 1739 2639 1795 existimantes:
2673 1741 2966 1811 siquidem
3019 1743 3090 1796 de
3136 1745 3374 1814 antiqua
3425 1748 3682 1818 potentia

2041 1827 2284 1882 multum
2310 1829 2434 1898 jam
2460 1827 2837 1896 diminutum,
2862 1835 2918 1885 et
2940 1832 3010 1886 ad
3034 1835 3434 1904 contemptum
3459 1835 3681 1906 prolabi

274 1923 509 2000 ὑπέρρει.
571 1923 932 1997 Στρατεύουσι
971 1921 1030 1978 δὲ
1084 1926 1202 1979 κατ’
1264 1926 1438 1993 αὐτῆς
1493 1925 1726 1987 ἀπάσαις
1807 1930 1927 1990 ταῖς

2052 1917 2250 1972 sensim
2301 1921 2572 1989 coeperat.
2609 1919 2740 1974 Ideo
2789 1920 3080 1976 universis
3111 1937 3240 1976 eam
3271 1923 3455 1993 capiis
3485 1924 3681 1994 impu-

275 2011 588 2087 δυνάμεσιν,
622 2011 739 2067 οὔδ’
759 2012 930 2082 αὐτῆς
961 2015 1272 2089 συμμάχων
1323 2011 1658 2086 ἀμελούσης,
1695 2014 1823 2069 ἀλλ’
1852 2013 1930 2077 εἰς

278 2103 372 2156 ὅσα
399 2105 663 2175 παρεῖχεν
711 2101 740 2154 ὁ
787 2101 974 2176 καιρὸς
1019 2102 1590 2176 παρασκευαζομένης.
1642 2101 1932 2178 Ἑπολιορ-

275 2196 422 2246 κεῖτο
475 2190 572 2262 μὲν
616 2189 708 2244 οὖν
768 2189 928 2261 αὕτη,
977 2191 1066 2245 καί
1126 2191 1328 2266 χρόνος
1375 2186 1641 2263 ἐτρίϐετο,
1700 2191 1758 2253 ὅς
1801 2192 1930 2254 τούς

277 2279 527 2342 Γαλάτας
597 2277 674 2341 είς
751 2274 954 2334 ἔνδειαν
1039 2285 1146 2334 τῶν
1225 2279 1530 2354 ἀναγκαίων
1607 2279 1927 2350 συνήλαυνε-

277 2371 436 2442 θυμῷ
490 2368 594 2444 γὰρ
643 2365 732 2424 καὶ
789 2369 856 2423 οὐ
915 2373 1226 2443 παρασκευῇ
1274 2373 1343 2443 τῇ
1404 2366 1598 2443 δεούσῃ
1679 2368 1930 2440 Γαλάτης

276 2457 412 2534 ἀνὴρ
457 2457 550 2512 τὸν
615 2455 864 2531 πόλεμον
926 2455 1196 2533 διαφέρειν
1243 2455 1375 2513 οἶδε.
1438 2457 1580 2533 Πρὸς
1629 2457 1722 2512 οὖν
1798 2457 1929 2514 συλ-

274 2547 450 2622 λογὴν
506 2550 614 2601 τῶν
651 2543 977 2616 ἐπιτηδείων
1017 2548 1080 2601 τὸ
1141 2544 1501 2616 στρατόπεδον
1555 2545 1930 2604 ἀπολελοιπό-

273 2657 402 2705 των,
461 2633 818 2710 ἐκδραμόντες
877 2637 930 2692 οἱ
977 2639 1076 2704 τῆς
1142 2635 1362 2700 πόλεως
1418 2636 1512 2692 καὶ
1564 2634 1856 2707 ἀδοκήτοις
1885 2639 1932 2676 ⁸9

275 2725 624 2788 ἐπιπεσόντες
674 2724 804 2780 αὐτό
861 2746 920 2782 τε
977 2725 1124 2780 εἶλον
1159 2726 1250 2780 καὶ
1293 2723 1544 2787 πολλοὺς
1601 2725 1816 2782 ἀνεῖλον
1841 2727 1931 2783 καὶ

272 2815 398 2877 τοὺς
429 2815 520 2870 ἐπὶ
567 2821 670 2884 τῆς
727 2813 936 2890 χώρας.
973 2812 1354 2878 σκεδασθέντας
1387 2815 1448 2869 οὐ
1504 2815 1766 2891 χαλεπῶς
1807 2839 1932 2872 συν-

277 2901 615 2978 ελάμϐανον,
647 2903 721 2965 ὡς
756 2901 897 2977 μηδὲ
923 2905 1024 2974 τὴν
1069 2903 1257 2979 τρίτην
1320 2910 1512 2980 μοῖραν
1561 2910 1656 2960 τοῦ
1710 2905 1936 2962 Γαλατι·

277 2999 378 3048 κοῦ
437 2992 840 3068 στρατεύματος
892 2992 970 3056 εἷς
1025 2993 1287 3050 Γαλατίαν
1335 2993 1681 3069 ἀναστρέψαι.
1734 2997 1828 3052 Ἐκ
1876 2993 1934 3050 δὲ

275 3085 370 3136 τοῦ
437 3081 864 3156 κατορθώματος
929 3079 1094 3137 πάλιν
1170 3081 1246 3143 εἰς
1323 3083 1423 3152 τήν
1493 3081 1758 3157 προτέραν
1847 3079 1932 3138 εὕ-

275 3169 464 3226 κλειαν
495 3171 544 3208 θο
597 3170 688 3225 καὶ
735 3167 1088 3244 εὐδαιμονίαν
1145 3168 1373 3234 ἐλπίδας
1441 3167 1752 3246 ἐλάμϐανον
1803 3173 1934 3228 ἀνα-

276 3256 470 3332 ϐῆναα

2039 2009 2240 2080 gnant.
2261 2009 2392 2077 Ipsa
2411 2011 2604 2062 tamen
2635 2007 2927 2063 sociorum
2958 2009 3192 2066 interim
3217 2027 3332 2066 non
3355 2016 3446 2067 est
3475 2013 3684 2070 imme—

2039 2113 2188 2163 mor,
2219 2096 2320 2151 sed
2354 2104 2640 2168 quantum
2672 2098 2896 2154 occasio
2929 2114 3186 2168 praesens
3219 2100 3514 2158 facultatis
3545 2118 3686 2158 con-

2039 2185 2212 2254 cedit,
2247 2201 2308 2241 se
2333 2189 2534 2240 contra
2561 2185 2774 2241 munit.
2809 2186 3123 2244 Obsidione
3155 2188 3336 2260 igitur
3363 2189 3423 2244 in
3455 2194 3686 2262 tempus

2040 2275 2274 2346 aliquod
2306 2279 2576 2342 extracta,
2610 2280 3044 2332 commeatuum
3093 2276 3294 2348 inopia
3341 2280 3400 2334 in
3461 2289 3683 2336 arctum

2041 2367 2328 2436 coguntur
2358 2364 2592 2420 Galate.
2626 2363 2720 2420 Ira
2748 2365 2928 2434 enim,
2961 2381 3077 2422 non
3105 2376 3385 2437 apparatu
3417 2385 3688 2426 necessa-

2039 2455 2124 2508 rio
2155 2452 2504 2520 instructus,
2535 2453 2752 2508 bellum
2787 2454 3000 2510 inferre
3029 2453 3264 2512 Galatas
3295 2457 3472 2512 novit.
3498 2459 3688 2522 Quare

2041 2557 2172 2598 cum
2199 2543 2268 2596 ad
2289 2542 2773 2612 comportandum
2797 2543 3122 2598 necessaria
3143 2544 3350 2600 castris
3373 2545 3687 2601 abscessis-

2042 2638 2188 2700 sent,
2221 2631 2394 2697 cives,
2428 2630 2735 2702 eruptione
2765 2631 2941 2699 facta,
2969 2636 3026 2688 et
3052 2633 3257 2689 castris
3287 2633 3609 2705 potiuntur,
3631 2639 3689 2691 et

2043 2719 2326 2790 plurimos
2357 2720 2604 2776 caedunt.
2627 2719 3002 2792 Dispalantes
3032 2720 3208 2778 etiam
3239 2739 3342 2793 per
3369 2739 3540 2794 agros
3571 2741 3685 2780 non

2043 2825 2256 2881 magno
2287 2809 2518 2879 negotio
2546 2809 3067 2881 comprehendunt.
3091 2815 3280 2882 Atque
3307 2811 3388 2867 ita
3417 2829 3523 2868 nec
3553 2829 3687 2884 pars

2041 2897 2214 2953 tertia
2254 2896 2498 2953 Galatici
2545 2897 2829 2956 exercitus
2859 2899 2918 2956 in
2949 2899 3234 2956 Galatiam
3283 2903 3608 2958 revertitur.
3639 2903 3690 2958 Α

2045 3000 2158 3055 quo
2207 2999 2537 3042 successum
2569 2988 2638 3042 ad
2671 2987 2978 3058 pristinam
3009 2990 3346 3061 emergendi
3391 2991 3686 3048 fortunam

2043 3081 2102 3131 et
2123 3075 2520 3133 celebritatem
2553 3093 2686 3148 spes
2715 3080 3001 3150 concepit.

945 3373 1074 3429 CAP.
1108 3373 1311 3430 XXXI.
1345 3406 1406 3416 —
1439 3375 1767 3432 Heracleotes
1799 3377 2058 3436 Romanis
2087 3378 2459 3435 auxiliantur.
2494 3379 2798 3434 Marrucini
2823 3378 3032 3450 pepuli.

349 3477 648 3554 Ῥωμαίοις
699 3475 756 3534 δὲ
808 3479 944 3554 πρὸς
983 3481 1237 3554 Μάρσους
1268 3499 1327 3534 τε
1378 3479 1469 3534 καὶ
1501 3478 1802 3554 Πελιγνοὺς
1844 3481 1934 3537 καὶ

279 3567 662 3641 Μαρουκίνους
690 3566 735 3602 ⁹¹
769 3561 916 3641 (ἔθνη
955 3565 1010 3622 δέ
1053 3567 1156 3622 εἰσι
1198 3571 1366 3622 ταῦτα
1399 3569 1530 3644 ὑπὲρ
1571 3565 1780 3641 Λιϐύης
1807 3592 1935 3626 κατ-

279 3658 566 3730 ῳκημὲνα,
617 3653 884 3732 Γαδείρων
939 3659 1142 3734 ὅμορα)
1199 3655 1318 3712 δυσί
1375 3665 1431 3714 τῖ
1475 3661 1722 3734 τριήρεσι
1761 3661 1810 3697 ⁹²
1841 3681 1937 3716 κα·

279 3747 618 3824 ταξράκτοις
691 3745 1064 3820 Ἡρακλεῶται
1146 3747 1555 3823 συνεμάχησαν,
1649 3751 1738 3804 καὶ
1823 3772 1942 3828 συγ-

277 3837 726 3910 κατορθιίκπαντες
791 3837 882 3892 τὸν
947 3835 1192 3911 πόλεμον
1239 3837 1330 3892 καὶ
1378 3835 1605 3892 πολλῶν
1661 3837 1942 3914 ἀριστείων

279 3923 596 3998 ἀξιωθέντες
671 3925 739 3980 ια’
828 3925 933 3982 ἔτει
997 3927 1135 4002 πρὸς
1204 3927 1306 3998 τήν
1379 3925 1610 4004 πατρίδα
1687 3929 1946 4004 ἀνεκομί-

277 4017 517 4086 σθησαν.

2119 3485 2395 3543 Romanis
2427 3486 2604 3541 etiam
2635 3485 2787 3542 bello
2819 3487 3022 3542 contra
3052 3483 3296 3557 Marsos,
3327 3485 3613 3557 Pelignos,
3639 3489 3696 3542 et

2044 3577 2402 3632 Marrucinos
2447 3575 2734 3647 (gentium
2783 3575 2992 3630 harum
3026 3574 3190 3630 sedes
3222 3577 3308 3630 est
3335 3591 3512 3645 supra
3541 3573 3694 3628 Afri-

2049 3682 2199 3736 cam,
2233 3665 2292 3720 in
2325 3663 2593 3720 conﬁniis
2625 3663 2904 3733 Gadium)
2947 3662 3172 3718 duabus
3223 3661 3694 3734 quadriremibus

2051 3756 2217 3811 tectis
2277 3752 2625 3809 Heracleotze
2683 3751 3061 3808 auxiliantur.
3111 3751 3181 3806 Et
3221 3751 3376 3806 bello
3425 3763 3698 3823 prospere

2053 3843 2336 3910 confecto,
2387 3839 2590 3897 multis
2636 3840 2859 3897 eximia
2903 3838 3132 3895 virtutis
3179 3838 3370 3896 ornati
3422 3837 3694 3912 praemiis,

2057 3931 2360 3987 undecimo
2393 3929 2628 3986 tandem
2663 3945 2816 3985 anno
2849 3929 2904 3984 in
2940 3927 3192 4000 patriam
3224 3929 3360 3984 sunt
3389 3926 3622 3985 revecti.

1066 4125 1202 4183 CAP.
1234 4127 1468 4185 XXXII.
1500 4157 1568 4169 —
1598 4128 1814 4184 Bellum
1845 4129 2182 4188 Mithridatis
2211 4144 2338 4187 cum
2367 4129 2624 4184 Romanis
2653 4135 2705 4183 et
2731 4142 2932 4184 causae.

359 4231 516 4289 Μετᾶ
543 4235 714 4288 ταῦτα
751 4229 810 4288 δὲ
868 4232 896 4286 ὁ
952 4233 1092 4306 πρὸς
1146 4233 1457 4308 Ῥωμαίους
1525 4235 1689 4310 βαρὺς
1747 4237 1947 4310 Μιθρι-

281 4319 430 4394 δάτῃ
469 4324 550 4391 τῷ
605 4319 816 4378 Πόντου
863 4322 1082 4397 βασιλεῖ
1129 4322 1348 4392 συνέστη
1381 4323 1648 4398 πόλεμος,
1691 4324 1952 4402 φαινομέ-

279 4431 390 4480 νην
427 4405 610 4464 λαϐὼν
652 4409 826 4466 αἰτίαν
872 4413 970 4480 τήν
1020 4413 1120 4481 τῆς
1174 4410 1560 4476 Καππαδοκίας
1608 4412 1950 4490 κατάληψιν-

279 4500 496 4569 ταύτης
542 4501 644 4576 γάρ
701 4497 770 4556 δι’
823 4500 1036 4571 ἀπάτης
1091 4503 1182 4556 καὶ
1232 4500 1406 4573 ὅρκων
1438 4499 1828 4578 συμϐατηρίων
1859 4505 1951 4559 τὸν

283 4585 622 4667 ἀδελφιδοῦν
681 4589 912 4664 Ἀράθην
963 4585 1260 4646 συλλαϐὼν
1307 4592 1334 4646 ὁ
1384 4591 1746 4667 Μιθριδάτης,
1795 4593 1952 4650 αὖτο-

2129 4238 2260 4294 Post
2288 4239 2409 4294 haec
2431 4235 2783 4292 acerrimum
2809 4234 3164 4292 Mithridatis
3187 4236 3466 4292 adversus
3489 4235 3700 4292 Roma-

2059 4344 2166 4384 nos
2195 4326 2414 4382 bellum
2439 4323 2746 4382 conﬂatur.
2771 4325 3144 4399 Cappadocia:
3169 4325 3228 4382 in
3249 4326 3500 4397 peciem
3527 4341 3706 4384 causa

2061 4417 2356 4488 arripitur.
2387 4415 2547 4472 Hanc
2598 4414 2752 4472 enim
2803 4414 3183 4483 Mithridates,
3215 4430 3352 4472 cum
3397 4414 3702 4472 Ariathum

2059 4507 2276 4562 sororis
2307 4505 2516 4572 ﬁlium,
2536 4503 2927 4577 jurisjurandi
2960 4502 3187 4576 pacifici
3213 4501 3346 4559 dolo
3369 4503 3426 4558 in
3449 4507 3706 4574 potesta-

2061 4601 2180 4654 tem
2211 4598 2530 4666 redactum,
2557 4613 2666 4654 sua
2689 4613 2862 4652 manu
2887 4596 3313 4662 obtruncasset,
3335 4611 3437 4666 per
3457 4593 3573 4650 vim
3596 4593 3706 4649 sibi

283 4677 486 4752 χειρία
541 4677 872 4756 ἀποσφάξας,
926 4675 1208 4754 ἐκράτησε·
1269 4685 1396 4742 παῖς
1456 4678 1512 4736 δὲ
1561 4682 1589 4736 ὁ
1624 4681 1855 4758 Ἀράθης
1887 4681 1935 4738 ἐν

2055 4685 2397 4743 vindicaret.
2435 4683 2744 4740 Ariathum
2767 4683 2926 4740 hunc
2947 4683 3134 4740 23οὺ
3157 4699 3224 4740 ex
3261 4699 3454 4740 sorore
3475 4681 3708 4738 Mithri-

281 4773 398 4836 τῆς
443 4762 684 4846 ἀδελφῆς
725 4770 820 4822 τοῦ
895 4765 1231 4842 Μιθριδάτου
1311 4769 1614 4844 Ἀριαράθῳ
1671 4772 1953 4846 γεγένητο.

283 4855 682 4920 Φονικώτατος
743 4853 898 4912 δ’ἐκ
963 4854 1156 4918 παιδὸς
1217 4859 1245 4912 ὁ
1297 4856 1639 4934 Μιθριδάτης
1701 4863 1803 4932 ἦν’
1851 4864 1954 4933 τὴν

275 4948 402 5022 γὰρ
435 4944 614 5020 ἀρχὴν
655 4943 1520 5022 τρισκαιδεκαέτηςιπαραλαϐὼν
1563 4953 1674 5024 μετ’
1718 4951 1780 5008 οὐ
1809 4951 1956 5008 πολὺ

277 5037 396 5106 τήν
457 5035 686 5110 μητέρα,
738 5037 996 5092 κοινωνὸν
1049 5035 1195 5108 αὐτῷ
1236 5037 1380 5112 παρὰ
1429 5042 1526 5093 τοῦ
1593 5043 1796 5116 πατρὸς
1857 5049 1957 5112 τῆς

283 5122 586 5204 βασιλείας
633 5125 1098 5204 καταλειφθεῖσαν,
1153 5129 1275 5195 [729
1313 5129 1408 5198 IL]
1457 5125 1822 5204 δεσμωτηρίῳ
1870 5153 1962 5186 κα-

269 5213 527 5290 τασχὼν
559 5213 654 5290 βιᾳ
681 5214 770 5270 καὶ
801 5215 990 5290 χρόνῳ
1038 5211 1340 5288 ἐξανάλωσε
1359 5217 1427 5287 9³,
1458 5217 1548 5272 καί
1586 5220 1678 5272 τόν
1725 5217 1956 5297 ἀδεκφόν

275 5305 604 5364 ἀπέκτεινε.
665 5303 1070 5380 Κατεπρέψατο
1131 5301 1188 5359 δὲ
1237 5303 1470 5380 πολέμῳ
1514 5307 1604 5361 καὶ
1665 5305 1792 5370 τοὺς
1839 5309 1962 5385 περὶ

2067 4775 2218 4832 datis
2265 4777 2543 4848 genuerat
2595 4773 2897 4830 Ariathus.
2931 4773 3078 4828 Nam
3110 4790 3144 4829 a
3181 4787 3363 4844 puero
3413 4771 3488 4827 ad
3526 4770 3712 4826 cedes

2066 4865 2565 4938 propensissimus
2596 4867 2720 4920 erat
2749 4862 3134 4933 Mithridates,
3157 4878 3291 4918 cum
3325 4860 3481 4916 enim
3516 4860 3582 4916 l3
3605 4875 3714 4915 an-

2067 4969 2276 5011 norum
2301 4951 2638 5009 adolescens
2657 4967 2902 5024 regnum
2925 4951 3266 5024 accepisset,
3285 4949 3512 5006 modico
3536 4948 3712 5004 inter-

2067 5043 2231 5116 lapso
2279 5047 2560 5115 tempore,
2601 5047 2870 5109 matrem,
2917 5041 3081 5114 regni
3129 5044 3455 5097 consortem
3489 5056 3520 5095 a
3553 5041 3716 5111 patre

2071 5133 2443 5198 destinatam,
2487 5131 2630 5186 dum
2676 5145 2900 5186 carcere
2939 5130 3192 5186 vinctam
3233 5133 3410 5198 tenet,
3442 5127 3716 5185 violentia

2072 5222 2204 5288 ista,
2250 5226 2308 5276 et
2355 5220 2634 5292 temporis
2691 5218 3082 5275 diuturnitate
3138 5217 3404 5275 coniecit.
3455 5219 3716 5274 Fratrem

2075 5310 2248 5368 etiam
2282 5307 2526 5366 necavit.
2553 5306 2710 5364 Bello
2741 5315 2930 5366 autem
2963 5307 3187 5379 subegit
3210 5322 3371 5378 reges
3393 5307 3545 5364 circa
3573 5307 3717 5366 Pha-

1659 5453 1905 5512 VARLIE
1944 5453 2360 5512 LECTIONES.

357 5570 420 5608 ’⁷³
451 5569 588 5658 «γάρ
623 5569 738 5658 ςκαὶ
1042 5571 1112 5658 ⁵⁸,
1153 5568 1504 5658 μετέστρξρεν
1565 5571 1648 5658 ς’,

1723 5573 1768 5609 ⁸⁸
1814 5573 1904 5628 καὶ
1957 5570 2250 5643 ἀδοκήτοις
2285 5588 2298 5628 :
2331 5565 2616 5642 ἀδοκήτως

2731 5614 2744 5626 .
2821 5571 2866 5643 ⁸9
2901 5566 3146 5626 εὔκλειαν
3195 5574 3237 5626 Α
3271 5588 3284 5627 :
3317 5563 3602 5626 εὐλάϐειαν

275 5647 332 5685 ἰ
373 5639 684 5717 πιλὶγνοὺς
715 5641 808 5697 καὶ
841 5639 1242 5721 μάργουκίνὸυς
1273 5639 1356 5700 Δξ
1376 5639 1434 5678 ⁹²’
1449 5663 1507 5698 τε
1534 5639 1806 5717 τριήρεσι]
1845 5639 2148 5721 τετρήρεσι.
2179 5639 2528 5718 Stephanus.
2605 5643 2649 5680 ⁵³
2677 5639 2987 5714 ἕξηνάλωσε

629 5745 902 5812 Panos.
951 5748 1062 5814 Ga.
1108 5745 1270 5826 CIII,

3316 5743 3395 5804 29
