4116 6224
437 375 553 435 907

1638 366 1896 428 PllO'l‘ll
1944 368 2468 430 PATRIARCH/‘E
2512 369 2628 432 ΟΡ.

3718 377 3836 437 908

434 507 550 576 sin,
586 520 770 578 usque
802 506 873 560 ad
905 504 1139 560 climata
1176 506 1340 557 trans
1383 501 1748 556 Caucasum:
1784 517 2063 574 regnoque

2188 501 2279 556 τὸν
2322 508 2487 557 Φᾶσιν
2524 501 2771 577 βασιλεῖς
2810 501 2916 568 ἕως
2942 509 3049 560 τῶν
3081 504 3365 579 κλιμάτων
3412 512 3521 563 τῶν
3574 510 3708 584 ὑπὲρ
3745 511 3837 566 τὸν

434 597 661 668 magnis
685 594 905 649 viribus
929 608 1017 648 am
1030 591 1302 663 pliﬁcato,
1322 606 1599 661 magnum
1624 592 1964 661 arrogantiae
1987 596 2077 647 tu-

432 702 654 741 morem
706 682 1045 739 ostentabat.
1108 680 1519 747 Quamobrem,
1570 695 1705 734 cum
1766 696 1832 735 eo
1892 681 2079 752 magis

431 774 674 829 consilio
706 773 831 843 ejus
874 774 1145 842 suspecta
1195 771 1475 826 haberent
1524 771 1765 826 Romani
1810 775 2076 826 senatus-

427 862 762 919 consultum
794 862 1069 929 fecerant,
1106 864 1169 915 ut
1200 865 1436 931 paterna
1466 860 1699 932 regibus
1730 860 2075 932 Scytharum

427 970 601 1022 regna
646 952 1040 1007 constitueret.
1074 953 1145 1005 At
1182 950 1233 1004 is
1280 951 1570 1006 moderate
1620 951 1851 1021 quidem
1908 967 2074 1006 man-

428 1044 580 1099 datis
631 1043 905 1113 obsequi:
944 1044 1043 1097 sed
1100 1041 1329 1097 interim
1379 1041 1621 1097 Parthos
1667 1046 1723 1096 et
1770 1042 1989 1111 Medos,
2020 1048 2076 1097 et

426 1133 736 1204 Tigranem
770 1131 1130 1197 Armenium,
1156 1146 1437 1201 regesque
1466 1130 1835 1201 Scytharum,
1860 1134 1915 1186 et
1949 1131 2071 1186 Ibe-

422 1238 538 1289 ras,
590 1221 649 1275 in
702 1219 1039 1275 societatem
1088 1218 1224 1274 belli
1274 1219 1591 1274 asciscere:
1627 1218 1883 1290 aliasque
1932 1218 2068 1274 belli

423 1328 629 1368 causas
658 1311 997 1381 adjungere.
1029 1310 1173 1364 Cum
1212 1313 1451 1363 senatus
1481 1309 1636 1364 enim
1668 1312 1863 1364 Romae
1896 1308 2066 1364 Nico-

419 1402 671 1470 medem,
707 1416 775 1456 ex
803 1400 1112 1455 Nicomede
1153 1403 1211 1453 et
1241 1398 1395 1469 Nysa
1440 1397 1834 1469 progenitum,
1871 1397 2067 1469 Bithy-

418 1491 529 1548 niae
543 1506 736 1562 regem
754 1488 1126 1555 instituisset,
1145 1486 1506 1543 Mithridates
1521 1488 1911 1555 Nicomedem,
1928 1491 2067 1542 Fru-

417 1580 476 1654 gi
507 1581 912 1653 cognomento,
947 1577 1029 1634 illi
1060 1576 1353 1649 opposuit.
1390 1577 1690 1632 Praevaluit
1734 1579 1925 1633 tamen
1957 1575 2066 1633 ele-

416 1672 527 1727 ctio
559 1674 976 1735 Romanorum,
1013 1666 1336 1723 Mithridate
1362 1666 1564 1722 invito.

2186 590 2479 661 Καύκασον,
2538 593 2629 647 καὶ
2681 596 2780 663 τὴν
2848 594 3029 670 ἀρχὴν
3092 593 3316 669 ηὔξησε,
3385 599 3473 652 καὶ
3542 598 3629 654 ἐπὶ
3701 601 3841 675 μέγα

2188 678 2505 749 ἄλαζονείας
2564 680 2875 758 ἐξώγκωτο,
2910 685 2988 738 Δι’
3047 686 3081 739 ἃ
3127 685 3343 758 μᾶλλον
3408 687 3680 761 Ῥωμαῖοι
3736 691 3837 757 την

2187 768 2349 823 αὐτοϋ
2410 767 2649 826 διάνοιαν
2736 771 2977 827 ὕποπτον
3029 776 3158 847 [378
3214 778 3272 832 b.
3332 778 3424 849 H.]
3484 778 3838 849 ποιούμενοι,

2182 864 2298 915 τοῖς
2358 862 2582 914 Σκυθῶν
2655 859 2969 934 βασιλεῦσιν
3037 862 3369 939 ἐψηφίσαντο
3426 865 3522 927 τὰς
3578 869 3836 939 πατρῴας

2182 948 2342 1002 αὐτὸν
2376 949 2552 1026 ἆρχας
2584 952 3047 1021 ἂποκαταστῆσαι.
3081 955 3142 1009 Ὀ
3184 951 3243 1008 δέ
3274 954 3509 1027 μετρίως
3575 956 3671 1027 μὲν
3715 962 3835 1016 τοῖς

2181 1039 2679 1111 προσταττομένοις
2714 1040 2976 1113 ὑπήκουε,
3010 1044 3339 1117 συμμάχους
3372 1041 3430 1099 δὲ
3461 1045 3707 1119 Πάρθους
3739 1048 3828 1100 καὶ

2179 1125 2403 1197 Μήδους
2434 1130 2521 1183 καὶ
2576 1132 2849 1205 Τιγράνην
2892 1133 3179 1207 Ἀρμένιον
3217 1134 3307 1188 καὶ
3351 1134 3478 1196 τοὺς
3529 1136 3831 1198 Σκυθικους

2181 1216 2428 1290 βασιλεῖς
2478 1219 2567 1272 καὶ
2624 1220 2718 1275 τὸν
2749 1215 2944 1294 Ἴϐηρα
3000 1223 3476 1297 προσηταιρίζετο.
3510 1225 3831 1295 Προσετίθει

2178 1305 2235 1360 δέ
2290 1308 2380 1361 καὶ
2442 1307 2622 1383 ἐτέρας
2676 1314 2772 1363 τοῦ
2820 1310 3069 1383 πολέμου
3128 1311 3345 1375 αἰτίας⁶
3380 1320 3480 1382 τῆς
3512 1314 3616 1387 γὰρ
3646 1314 3697 1368 ἐν
3758 1320 3830 1389 τῇ

2176 1398 2363 1471 Ῥώμῃ
2424 1396 2737 1473 συγκλήτου
2795 1398 3122 1473 Νικομήδην
3162 1402 3256 1455 τὸν
3302 1404 3347 1438 ⁸³
3378 1401 3439 1456 ἐκ
3470 1400 3829 1475 Νικομήδους

2172 1487 2261 1541 καὶ
2294 1486 2472 1556 Νύσης
2510 1486 2737 1562 βασιλέα
2779 1489 3025 1551 Βιθυνίας
3073 1492 3442 1562 καθιστώσης,
3484 1490 3828 1566 Μιθριδάτης

2172 1576 2263 1630 τὸν
2332 1575 2574 1651 χρηστὸν
2649 1575 3009 1648 ἐπικληθέντα
3079 1578 3410 1654 Νικομήδην
3486 1582 3529 1617 ³⁸
3597 1581 3834 1637 ἀντεκαο

2173 1666 2327 1737 θίστη
2364 1685 2377 1699 ⁸
2436 1666 2718 1740 ἐπεκράτει
2781 1665 2826 1721 δ’
2884 1669 3038 1741 ὅμως
3078 1671 3111 1739 ἡ
3154 1670 3445 1744 Ῥωμαίων
3497 1670 3676 1744 κρίσις
3735 1671 3827 1725 καὶ

2170 1754 2397 1818 ἄκοντος
2430 1751 2785 1829 Μιθριδάτου.

829 1873 960 1928 CAP.
994 1869 1242 1926 XXXIII.
1277 1901 1335 1909 —
1366 1867 1705 1925 Mithridatis
1734 1866 1980 1923 victoriae
2008 1867 2074 1923 de
2112 1866 2414 1936 Nicomede,
2447 1875 2497 1926 et
2526 1876 2740 1943 strages
2770 1870 2973 1925 civium
3004 1872 3157 1926 Rom.
3195 1870 3252 1926 in
3285 1870 3434 1928 Asia.

484 1980 786 2051 Interjecto
818 1983 1098 2050 tempore,
1134 1994 1267 2034 cum
1314 1976 1476 2049 Syllae
1518 1981 1574 2031 et.
1602 1975 1767 2032 Marii
1799 1976 1857 2030 in
1890 1992 2063 2047 repu-
2096 1980 2142 2045 B

413 2070 566 2127 bliea
597 2071 855 2125 Romana
886 2068 1092 2124 seditio
1121 2067 1455 2133 exarsisset,
1487 2064 1835 2121 Archelaum
1868 2066 2061 2137 cepis-

413 2176 541 2215 rnm
563 2160 773 2214 ducem
795 2157 1159 2212 Mithridates
1178 2157 1352 2211 45000
1370 2156 1721 2225 peditum,et
1742 2155 1879 2209 1000
1895 2155 2059 2227 equi-

411 2253 559 2314 tum,
597 2247 655 2303 in
689 2247 968 2319 Bithynos
1017 2248 1227 2304 ducere
1272 2246 1473 2316 jussit,
1505 2245 1844 2316 collatisque
1875 2244 2061 2317 signis

412 2338 591 2394 victor
621 2337 813 2393 evadit
844 2336 1179 2392 Archelaus.
1213 2336 1281 2390 Et
1312 2335 1459 2407 fugit
1490 2352 1623 2391 cum
1650 2335 1848 2406 paucis
1880 2336 2057 2390 etiam

409 2428 912 2493 Nicomedes.Quo
935 2426 1162 2497 cognito
1186 2425 1568 2491 Mithridates,
1593 2441 1726 2481 cum
1750 2425 1859 2481 sub
1886 2441 2058 2481 manu

411 2520 609 2573 essent
633 2516 962 2583 auxiliares,
993 2515 1199 2570 castris
1230 2531 1258 2570 e
1288 2515 1547 2585 subjecto
1575 2515 1821 2570 Amasie
1854 2531 2059 2586 campo

413 2606 611 2671 motis,
628 2621 729 2678 per
742 2603 1198 2677 Paphlagoniam
1217 2604 1326 2659 iter
1346 2605 1503 2672 facit,
1520 2604 1729 2659 150000
1746 2605 2059 2660 exercitum

414 2697 724 2752 adducens.
750 2696 967 2750 Marius
992 2697 1183 2750 autem
1208 2694 1315 2750 sub
1346 2693 1529 2764 signis
1560 2694 1780 2749 habens
1802 2693 2062 2749 Nicome-

413 2786 504 2841 dis
535 2785 732 2857 copias
762 2785 914 2857 (qua:
942 2784 1009 2840 ad
1044 2783 1227 2839 solam
1262 2782 1610 2839 Mithridatis
1642 2784 1854 2838 famam
1888 2783 2062 2838 dissi-

413 2875 746 2945 pabantur),
770 2890 894 2929 cum
920 2873 1128 2943 exigua
1151 2873 1541 2929 Romanorum
1570 2889 1745 2929 manu
1770 2889 1897 2928 sese
1919 2872 2059 2928 sub-

407 2964 547 3034 jecit
600 2964 966 3034 Menophani,
1002 2963 1353 3019 Mithridatis
1400 2964 1660 3031 tribuno,
1694 2968 1751 3017 et
1792 2961 2060 3033 repulsus

410 3054 581 3124 fugit,
614 3052 773 3107 omni
803 3054 1053 3107 exercitu
1104 3052 1343 3108 amisso.
1378 3053 1589 3108 Securo
1644 3052 1819 3124 igitur
1862 3052 2060 3123 Bithy-

409 3142 567 3195 niam
619 3140 898 3195 invadens
950 3139 1337 3208 Mithridates,
1372 3147 1429 3195 et
1476 3142 1646 3196 urbes
1678 3145 1733 3196 et
1766 3142 2060 3212 regionem

410 3228 555 3285 citra
587 3244 840 3298 pugnam
873 3228 1135 3283 obtinet:
1170 3234 1622 3299 caeterarumque
1665 3229 1813 3285 Asiae
1859 3230 2061 3285 civita-

2244 1978 2496 2051 Ὕστερον
2549 1975 2605 2033 δὲ
2658 1976 2848 2032 Σύλλα
2887 1977 2977 2031 καὶ
3026 1976 3232 2051 Μαρίου
3282 1977 3407 2053 περὶ
3447 1978 3545 2046 τὴν
3580 1979 3831 2051 Ῥωμαῖ-

2172 2067 2273 2134 κήν
2334 2067 2614 2122 πολιτείαν
2673 2065 3138 2141 ἀναῤῥιπισάντων
3186 2070 3289 2137 τὴν
3322 2066 3527 2137 στάσιν,
3558 2068 3832 2141 τέσσαρας

2175 2154 2442 2230 μυριάδας
2495 2160 2669 2226 πεζῶν
2728 2158 2818 2211 καὶ
2882 2158 3109 2231 μυρίους
3170 2160 3215 2194 ⁸⁵
3272 2157 3466 2219 ἱππέας
3520 2156 3819 2232 ’Δρχελάφ

2165 2248 2244 2315 τῷ
2284 2250 2571 2320 στρατηγῷ
2600 2243 2873 2319 παραδοὺς
2923 2246 2951 2299 ὁ
2984 2242 3323 2319 Μιθριδάτης
3379 2247 3515 2301 κατὰ
3572 2248 3815 2301 Βιθυνῶν

2167 2331 2417 2388 ἐκέλευσε
2453 2333 2778 2409 στρατεύειν.
2831 2334 2929 2388 Καὶ
2969 2339 3155 2408 κρατεῖ
3200 2341 3300 2403 τῆς
3361 2331 3547 2411 μᾶχης
3598 2330 3818 2407 συμϐα-

2169 2422 2281 2477 λὼν
2343 2422 2664 2497 ’Δρχέλαος,
2697 2422 2879 2500 φεύγει
2928 2419 2983 2477 δὲ
3031 2422 3121 2477 καὶ
3170 2421 3499 2495 Νικομήδης
3543 2429 3658 2495 μετ’
3694 2422 3819 2478 ὂλί-

2166 2534 2293 2587 γων.
2328 2515 2510 2569 Ταῦτα
2571 2513 2754 2585 μαθὼν
2794 2507 3130 2587 Μιθριδάτης
3176 2512 3611 2587 παραγεγονότος
3662 2513 3815 2586 ούτῴ

2167 2602 2255 2656 καὶ
2297 2606 2395 2656 τοῦ
2426 2605 2808 2676 συμμαχικοῦ,
2852 2602 2981 2676 ἄρας
3014 2600 3119 2656 ἀπὸ
3148 2606 3247 2656 τοῦ
3277 2603 3415 2676 πρὸς
3442 2600 3511 2675 τῇ
3543 2602 3814 2673 Ἀμασείᾳ

2167 2689 2354 2747 πεδίου
2400 2690 2487 2747 διὰ
2532 2700 2633 2761 τῆς
2681 2691 3062 2771 Παφλαγονίας
3107 2691 3216 2765 ᾔει,
3261 2690 3642 2747 πεντεκαίδεκα
3696 2715 3814 2765 μυ-

2170 2780 2356 2857 ριάδας
2416 2783 2640 2856 στρατὸν
2687 2781 3038 2856 ἐπαγόμενος.
3083 2784 3289 2844 Μάνιος
3331 2783 3377 2818 9⁷
3423 2780 3480 2836 δὲ
3516 2787 3624 2836 τῶν
3669 2782 3815 2859 ἀμφὶ

2170 2870 2493 2945 Νικομήδην
2565 2874 3071 2947 συστρατευομένων
3137 2874 3288 2945 αύτῷ
3366 2874 3505 2946 μόνῃ
3581 2876 3649 2945 τῇ
3709 2874 3813 2925 τοῦ

2170 2961 2503 3037 Μιθριδάτου
2560 2966 2720 3041 φήμῃ
2772 2960 3283 3034 διασκεδασθέντων,
3345 2963 3480 3034 μετά
3520 2960 3819 3032 Ῥωμαίων

2170 3049 2372 3124 ὀλίγων
2413 3051 2923 3124 ἀντιπαρατάσσεται
2986 3050 3299 3128 Μηνοφάνει
3345 3053 3422 3121 τῷ
3462 3044 3813 3122 Μιθριδάτου

2170 3138 2479 3214 στρατηγῷ,
2524 3140 2615 3194 καὶ
2679 3139 2904 3215 τραπεὶς
2948 3139 3151 3218 φεύγει,
3202 3143 3371 3193 πᾶσαν
3420 3140 3518 3207 τὴν
3578 3135 3820 3209 δύναμιν

2170 3224 2488 3286 ἀποϐαλών.
2523 3227 2816 3302 Ἐμϐαλὼν
2874 3227 2931 3283 δέ
2987 3227 3077 3282 σὺν
3142 3226 3294 3299 ἀδείᾳ
3359 3224 3702 3298 Μιθριδάτης
3735 3227 3826 3289 εἰς

407 3321 535 3371 tum
568 3314 691 3370 aliae
724 3316 1054 3386 capiuntur,
1079 3316 1204 3371 aliae
1229 3317 1287 3370 in
1321 3317 1493 3372 [idem
1525 3317 1677 3388 regis
1710 3319 2055 3373 concedunt.

2173 3319 2268 3387 τήν
2315 3320 2563 3374 Βιθυνίαν
2605 3317 2698 3380 τάς
2739 3339 2797 3372 τε
2836 3317 3028 3381 πόλεις
3066 3316 3153 3371 καὶ
3186 3318 3286 3387 τὴν
3327 3317 3512 3391 χώραν
3552 3315 3734 3389 ἀμαχὶ
3767 3317 3820 3352 9³

2279 3407 2287 3420 .
2569 3411 2581 3420 .
2678 3412 2703 3420 -
3042 3404 3083 3420 κ.
3203 3405 3241 3420 ,κ
3454 3409 3478 3419 ..
3661 3405 3673 3419 ε
3762 3405 3779 3420 ς

407 3405 479 3459 Ει
518 3408 755 3475 repente
802 3406 1007 3474 ingens
1042 3405 1105 3458 fit
1138 3422 1335 3460 rerum
1384 3406 1781 3473 commutatio,
1815 3406 2057 3462 Rhodiis

411 3494 777 3550 solummodo
803 3494 858 3548 in
885 3494 1139 3549 amicitia
1160 3498 1552 3551 Romanorum
1577 3496 2053 3567 perdurantibus.

410 3584 662 3655 Ideoque
703 3586 855 3638 terra
892 3584 1155 3656 marique
1187 3583 1403 3639 bellum
1448 3590 1651 3641 contra
1683 3586 1841 3656 ipsos
1874 3586 2056 3640 movit

411 3672 798 3743 Mithridates,
823 3673 959 3729 licet
984 3673 1189 3728 Rhodii
1212 3673 1419 3729 virtute
1442 3679 1492 3730 et
1517 3674 1749 3730 fortuna
1780 3674 1860 3729 ita
1892 3678 2050 3730 ante-

410 3762 705 3831 cellerent,
728 3768 792 3819 ut
814 3780 988 3835 prope
1020 3768 1173 3819 esset
1196 3764 1383 3834 ipsum
1408 3780 1603 3835 regem
1638 3764 1825 3819 navali
1860 3764 2052 3836 praelio

408 3854 466 3908 in
518 3853 769 3909 hostium
819 3853 1014 3909 venire
1059 3870 1285 3910 manus.
1339 3852 1634 3909 Intellecto
1693 3863 1819 3925 post
1864 3855 2054 3910 231a

408 3941 794 4009 Mithridates,
820 3943 973 3998 cives
996 3942 1284 3998 Romanos
1318 3960 1414 4014 per
1446 3945 1619 3999 urbes
1648 3944 1795 4000 Asiae
1828 3945 2052 4015 disper-

406 4038 521 4087 sos'
557 4032 816 4087 consiliis
867 4033 992 4087 suis
1041 4032 1460 4103 impedimento
1510 4050 1655 4101 esse,
1690 4034 1761 4088 ad
1796 4034 2054 4088 civitates

407 4120 657 4190 scripsit,
700 4124 763 4177 ut
794 4138 908 4177 uno
940 4122 1033 4175 die
1065 4138 1265 4177 omnes
1298 4122 1453 4194 apud
1485 4140 1542 4178 se
1575 4124 1864 4178 Romanos
1902 4122 2051 4178 occi-

406 4214 626 4270 derent.
664 4215 725 4270 Et
759 4214 1047 4287 pleneque
1101 4216 1253 4271 dicto
1303 4217 1429 4285 ejus
1482 4217 1807 4285 audientes,
1841 4218 2053 4272 caedem

407 4313 623 4361 tantam
684 4313 1011 4378 patrarunt,
1060 4311 1123 4363 ut
1180 4324 1294 4363 uno
1352 4310 1675 4380 eodemque
1732 4310 1825 4365 die
1880 4309 2056 4364 80000

403 4394 599 4465 gladio
631 4403 874 4451 mortem
910 4400 1272 4467 oppeterent.

2170 3407 2398 3482 κατέσχε
2440 3426 2453 3439 ·
2494 3411 2584 3461 καί
2638 3412 2747 3462 τῶν
2796 3406 2980 3462 ἄλλων
3040 3404 3095 3461 δέ
3146 3405 3367 3460 πύλεων
3413 3409 3518 3459 τῶν
3548 3405 3685 3458 κατα
3716 3405 3823 3473 τήν

2168 3500 2346 3554 Ἀσίαν
2392 3500 2445 3553 αἱ
2499 3500 2589 3572 μὲν
2625 3497 2917 3568 ἡλίσκοντο
2964 3499 3017 3551 αἱ
3070 3496 3125 3551 δὲ
3156 3498 3546 3575 προσεχώρουν
3580 3495 3655 3566 τῷ
3711 3496 3825 3569 βα-

2168 3588 2332 3658 σιλεῖ,
2380 3590 2469 3643 καὶ
2531 3584 2810 3661 μεταδολὴ
2898 3592 3007 3642 τῶν
3068 3586 3213 3642 ὅλων
3272 3586 3440 3660 ἀθρόα
3495 3585 3814 3653 καθίστατο,

2161 3677 2386 3736 Ῥοδίων
2438 3677 2601 3750 μόνον
2652 3680 2751 3748 τὴν
2802 3678 2939 3751 πρὸς
2984 3675 3292 3749 Ῥωμαίους
3351 3675 3684 3749 στεργὸντων
3719 3694 3822 3750 φι-

2164 3768 2308 3825 λίαν.
2361 3770 2438 3824 Δι’
2486 3771 2546 3837 ἢν
2602 3773 2719 3823 κατ¹
2758 3767 2931 3822 αὐτῶν
2981 3764 3323 3839 Μιθριδάτης
3369 3765 3459 3820 καὶ
3513 3764 3648 3819 κατα
3706 3766 3815 3840 γῆν

2161 3861 2252 3914 καὶ
2292 3862 2423 3914 κατᾶ
2484 3859 2757 3914 θάλατταν
2820 3856 2981 3912 ἐκίνει
3050 3858 3137 3911 τὸν
3197 3855 3469 3928 πόλεμον,
3501 3853 3545 3909 εί
3604 3852 3695 3907 καὶ
3750 3854 3820 3907 τὸ

2164 3948 2332 4004 πλέον
2375 3946 2575 4005 Ῥόδιοι
2609 3944 2792 4025 ἔσχον,
2826 3948 2900 4010 ὡς
2946 3945 3035 4001 κιὶ
3076 3944 3234 4000 αὺτὸν
3287 3940 3625 4019 Μιθριδάτην
3676 3964 3818 3997 ναυο

2169 4042 2449 4113 μαχοῦντα
2488 4038 2649 4113 ἐγγὺς
2704 4036 2799 4091 τοῦ
2855 4034 3061 4090 ἁλῶναι
3112 4036 3303 4092 ἐλθεῖν.
3339 4034 3483 4088 Μετὰ
3532 4030 3589 4087 δὲ
3642 4036 3819 4086 ταῦτα

2170 4126 2349 4199 μαθὼν
2397 4124 2734 4200 Μιθριδάτης
2785 4126 2858 4187 ὡς
2899 4125 2949 4179 οἱ
2980 4124 3116 4179 κατᾶ
3152 4124 3248 4185 τὰς
3293 4122 3481 4183 πόλεις
3542 4117 3813 4193 σποράδκ

2168 4220 2434 4288 Ῥωμαῖοι
2479 4218 2586 4269 τῶν
2651 4216 2777 4288 παρ’
2845 4213 3011 4269 αὐτοῦ
3077 4210 3474 4285 διανοουμένων
3554 4205 3818 4282 ἐμποδὼν

2163 4303 2435 4376 ἵστανται,
2466 4307 2656 4381 γράφει
2708 4304 2843 4377 πρὸς
2881 4304 3053 4365 πάσας
3096 4303 3197 4357 ὑπὸ
3256 4302 3384 4374 μίαν
3425 4299 3636 4373 ἡμέραν
3690 4297 3825 4360 τοὺς

2166 4396 2291 4469 παρ’
2321 4393 2506 4455 αὐταῖς
2538 4392 2848 4466 Ῥωμαίους
2896 4391 3163 4471 φονεύειν.
3204 4390 3305 4447 Καὶ
3342 4386 3547 4445 πολλοὶ
3570 4385 3827 4442 πεισθέν-

400 4500 486 4541 τες
537 4485 793 4537 τοσοῦτον
849 4484 1008 4560 φόνον
1064 4483 1401 4560 εἰργάσαντο,
1435 4485 1508 4548 ὡς
1570 4482 1836 4559 μυριάδας
1890 4483 2035 4541 ὀκτὼ
2094 4483 2147 4540 ἐν
2210 4487 2307 4556 μιᾷ
2364 4482 2452 4537 καὶ
2509 4485 2578 4556 τῇ
2628 4482 2763 4556 αὐτῇ
2815 4484 2998 4558 ἡμέρᾳ
3052 4481 3144 4537 τὸν
3206 4477 3296 4535 διὰ
3352 4478 3537 4556 ξίφους
3586 4474 3825 4551 ὄλεθρον

403 4567 725 4637 ὑποστῆναι.

933 4674 1065 4729 CAP.
1098 4672 1350 4729 XXXIV.
1384 4705 1450 4713 —
1482 4674 1651 4745 Syllae
1677 4675 1922 4731 victoriae
1951 4673 2014 4731 de
2045 4671 2233 4729 Toxile
2261 4677 2314 4728 et
2345 4672 2608 4728 Archelao
2637 4670 2968 4727 Mithridatis
2996 4668 3250 4726 ducibus.

471 4768 579 4825 Ubi
609 4786 741 4826 vero
773 4770 997 4826 Eretria
1031 4778 1082 4827 et
1114 4770 1343 4827 Chalcis
1392 4772 1653 4843 adeoque
1684 4775 1807 4827 tota
1836 4773 2055 4828 Eubaza
2088 4780 2130 4843 Ι)

402 4862 473 4916 ad
528 4859 923 4917 Mithridatem
968 4876 1095 4916 sese
1128 4861 1506 4932 applicarent,
1542 4860 1785 4932 aliaeque
1817 4863 1885 4916 ad
1919 4879 2051 4917 cum

402 4950 672 5007 civitates
722 4950 1131 5017 transiverant,
1165 4949 1332 5006 victis
1372 4952 1548 5005 etiam
1585 4952 2046 5020 Lacedaemoniis,

402 5040 619 5111 Syllam
657 5056 789 5095 cum
818 5042 979 5112 justo
1011 5040 1244 5111 agmine
1277 5040 1521 5096 Romani
1548 5041 1837 5096 emittunt.
1872 5042 2050 5111 Cujus

405 5128 656 5184 adventu
678 5130 959 5197 civitates,
978 5130 1184 5201 partim
1208 5134 1417 5200 sponte
1434 5130 1786 5185 deditionem
1809 5129 2049 5197 faciunt,

401 5219 617 5285 partim
668 5220 723 5273 vi
773 5220 831 5274 in
886 5223 1236 5291 potestatem
1299 5221 1429 5291 ejus
1478 5219 1735 5275 veniunt.
1770 5220 1883 5275 Nec
1937 5220 2053 5275 exi-

400 5319 541 5373 guas
590 5306 963 5366 Ponticarum
1013 5309 1210 5380 copias
1262 5310 1453 5366 fundit
1494 5318 1547 5367 et
1580 5310 1761 5381 fugat.
1796 5310 2053 5367 Athenas

398 5393 570 5450 etiam
597 5396 785 5467 cepit:
818 5403 874 5454 et
906 5398 1025 5455 solo
1058 5401 1199 5457 urbs
1250 5406 1477 5473 aequata
1523 5405 1695 5471 esset,
1729 5400 1843 5459 nisi
1889 5400 2052 5457 ocius

2234 4768 2509 4845 Ἐρετρίας
2552 4766 2608 4822 δὲ
2649 4767 2737 4823 καὶ
2796 4765 3070 4829 Χαλκίδος
3102 4766 3191 4821 καὶ
3242 4763 3382 4835 ὅλης
3414 4757 3635 4825 Εὐϐοίας
3686 4765 3824 4825 τοῖς

2161 4863 2262 4914 τοῦ
2322 4856 2661 4932 Μιθριδάτου
2718 4856 3123 4932 προσθεμένων,
3182 4856 3271 4911 καὶ
3340 4852 3526 4909 ἄλλων
3588 4850 3817 4907 πόλεων

2166 4948 2310 5020 αὐτῷ
2365 4946 2864 5022 προσχωρούντων,
2898 4946 2987 5001 κάὶ
3048 4946 3156 5019 μὴν
3215 4944 3305 4998 καὶ
3366 4940 3817 5015 Λακεδαιμονίων

2160 5036 2518 5107 ἡττηθέντων,
2580 5034 2798 5091 Σύλλαν
2852 5036 2899 5072 9’
2957 5035 3327 5109 ἐκπέμπουσιν
3408 5034 3457 5087 οἱ
3518 5036 3819 5105 Ῥωμαῖοι,

2161 5130 2353 5198 ἱκανὴν
2408 5129 2555 5199 αὐτῷ
2614 5126 3080 5202 συνεκπέμψαντες
3136 5125 3412 5201 στρατιάν.
3446 5129 3502 5178 Ὁ
3544 5122 3597 5179 δὲ
3640 5142 3820 5193 παρα-

2162 5220 2405 5297 γεγονὼς
2454 5223 2561 5272 τῶν
2608 5217 2822 5274 πόλεων
2883 5218 2980 5278 τὰς
3041 5218 3135 5290 μὲν
3165 5216 3509 5286 ἐκουσιότητι
3547 5208 3827 5288 μεταϐαλ-

2166 5308 2420 5383 λομένας,
2451 5310 2547 5370 τὰς
2579 5305 2635 5361 δὲ
2677 5310 2764 5363 καὶ
2802 5307 2893 5384 βίᾳ
2923 5305 3202 5385 κατέσχεν,
3236 5306 3337 5362 οὐκ
3396 5304 3583 5379 ὀλίγον
3647 5304 3824 5379 στρά-

2162 5420 2338 5471 τευμα
2383 5402 2491 5454 τῶν
2521 5401 2795 5453 Ποντικῶν
2847 5396 2999 5474 μάχῃ
3049 5395 3408 5474 τρεψάμενος.
3442 5394 3571 5453 Εἶλε
3620 5391 3679 5449 δὶ
3720 5393 3823 5448 καὶ

1756 5526 1996 5584 VARl/E
2028 5525 2436 5584 LECTIONES.

464 5643 512 5729 Ὗ
533 5641 624 5697 τὸν
659 5662 773 5729 9m_-
803 5648 913 5729 A.M
947 5649 1107 5729 “fbv
1135 5682 1200 5729 f-
1232 5649 1586 5726 Νικομήδην]
1618 5652 1917 5729 Σωκράτην
1954 5652 2045 5707 τὸν
2079 5684 2141 5695 -
2176 5647 2483 5724 Νικομήδει
2528 5651 2869 5710 Palmerius.
2947 5650 2993 5689 9‘
3026 5648 3219 5726 μυρίας
3402 5648 3444 5685 ⁸⁷
3474 5645 3691 5721 Μάριος

389 5715 441 5752 νδ
470 5714 676 5792 ἀμαχεὶ
709 5717 792 5792 ς’.
866 5718 913 5755 ⁰⁹
941 5720 1109 5779 σύλαν
1134 5726 1202 5781 Α.
