4116 6224
263 333 382 395 909

1341 333 1888 394 BIBLIO'I‘HECA.
1935 365 2016 378 —-
2057 333 2227 394 COD.
2276 335 2586 398 CCXXIV.

3566 346 3684 407 910

263 467 362 525 τάς
419 463 648 533 Ἀθήνας
682 481 696 496 ·
757 462 848 518 καὶ
905 464 1244 520 κατέσκαπτο
1301 462 1362 518 ἂν
1421 466 1456 533 ἡ
1517 463 1704 534 πόλις,
1747 462 1797 518 εἷ’
1853 466 1930 537 μὴ

2056 473 2288 524 senatus
2310 468 2611 525 Romanus
2631 471 2795 542 Syllae
2811 473 3170 543 propositum
3186 475 3529 548 intr-egisset.
3545 480 3684 535 Post

266 556 485 623 θάττον,
527 555 562 623 ἡ
594 553 904 630 σύγκλητος
945 555 1237 628 Ῥωμαίων
1279 556 1379 624 τήν
1409 552 1505 608 τοῦ
1557 553 1746 610 Σύλλα
1785 555 1924 628 γνώ-

273 665 382 717 μην
429 643 680 717 ἀνέκοψε.
735 649 957 718 Συγνῶν
1009 640 1066 698 δὲ
1114 645 1459 718 παρατάξεων
1504 645 1925 717 συνισταμένων,

270 733 324 787 έν
355 737 441 795 αἷς
471 735 536 788 τὸ
575 733 766 788 πλεῖον
799 733 953 808 εἶχον
987 734 1038 787 οἱ
1092 733 1374 803 Ποντικοί,
1407 737 1498 788 καὶ
1541 729 1929 806 συμμεταϐαλ-

273 821 522 896 λομένῶν
577 827 684 877 τῶν
737 825 1078 897 πραγμάτων
1137 827 1254 884 τοῖς
1309 824 1788 897 καθορθουμένοις,
1844 821 1927 877 ἔν-

273 909 390 968 δεια
418 917 536 974 τοῖς
593 911 904 988 βασιλικοῖς
953 920 1053 982 τῆς
1113 910 1328 981 διαίτης
1379 912 1599 982 ἐπέστη,
1651 916 1778 986 [732
1837 915 1928 986 R.]

274 1003 504 1064 ἀσώτως
551 1023 611 1056 τε
648 1003 784 1076 πρὸς
841 1001 1042 1071 ταύτην
1107 1004 1232 1074 [379
1265 1003 1358 1075 Η.]
1418 1000 1779 1074 διακειμένοις
1837 1003 1928 1058 καὶ

273 1092 552 1165 ταμιεύειν
595 1093 661 1146 τὰ
713 1091 1032 1161 κτηθένταί
1094 1093 1168 1163 μή
1231 1089 1632 1164 ἐπισταμένοις.
1697 1093 1800 1148 Καὶ
1855 1094 1930 1154 είς

275 1185 574 1258 συμφορῶν
603 1178 662 1234 ἃν
719 1179 962 1252 ἐξέπεσον
991 1180 1091 1247 τήν
1137 1179 1400 1254 ἐσχάτην,
1435 1179 1484 1234 εί
1528 1181 1604 1254 μὴ
1652 1179 1932 1251 Ταξίλλης

275 1268 614 1346 ’Δμφίπολιν
673 1267 842 1337 ἐλὼν,
901 1267 994 1322 καὶ
1055 1265 1143 1322 διὰ
1198 1273 1368 1323 ταῦτα
1439 1275 1540 1338 τῆς
1594 1267 1928 1332 Μακεδονίας

275 1358 418 1430 πρὸς
473 1357 632 1412 αὐτὸν
715 1352 1186 1430 μεταϐαλομένης,
1242 1356 1440 1412 ἐκεῖθεν
1510 1359 1608 1424 τήν
1673 1357 1930 1435 ἄφθονίαν

277 1445 601 1522 ἐχορήγησε
647 1451 754 1501 τῶν
803 1443 1151 1515 ἐπιτηδείων.
1185 1446 1350 1508 Οὗτος
1385 1443 1442 1500 δὲ
1491 1448 1578 1500 καὶ
1628 1445 1935 1522 Ἀρχέλαος

277 1535 643 1608 συμμίξαντες
675 1536 740 1590 σὰ
771 1535 1142 1608 στρατεύματα
1181 1537 1202 1570 ³
1256 1536 1385 1608 ὑπὲρ
1425 1537 1520 1596 τὰς
1557 1534 1610 1605 ’ἐξ
1667 1534 1931 1609 μυριάδας

275 1627 340 1680 τὸ
397 1625 666 1694 πλῆθος³
720 1627 872 1700 ἦγον.
918 1626 1016 1679 Καὶ
1075 1623 1591 1700 στρατοπεδεύονται
1649 1626 1784 1681 κατᾶ
1832 1628 1932 1694 τὴν

283 1711 514 1771 Φωκίδα
563 1716 774 1789 χώραν,
825 1715 1237 1777 ὑπαντιάσοντες
1261 1721 1338 1786 τῷ
1387 1715 1596 1787 Σύλλᾳ.
1631 1716 1687 1771 Ὀ
1737 1714 1794 1770 δὲ
1844 1717 1931 1770 καὶ

2035 557 2268 612 crebros
2316 563 2512 614 autem
2571 559 2899 626 conﬂictus,
2956 562 3015 618 in
3067 564 3284 634 quibus
3331 567 3686 624 excellebant

2037 646 2278 714 Pontici,
2296 663 2429 702 cum
2448 647 2594 704 felici
2610 649 2734 719 jam
2753 666 3028 706 successu
3051 669 3142 708 res
3156 659 3680 726 commutarentur,

2038 734 2326 789 alimoniae
2345 735 2540 805 inopia
2559 736 2731 808 regiis
2755 737 3042 808 incubuit,
3069 744 3220 811 quod
3263 745 3499 814 prodige
3529 746 3684 801 victu

2039 824 2437 891 abuterentur,
2455 829 2510 879 et
2531 825 2818 896 acquisita
2843 833 2996 883 recte
3017 829 3352 901 dispensare
3371 833 3680 888 nescirent.

2038 911 2106 965 Et
2136 911 2194 966 in
2227 915 2545 968 extremam
2588 914 2898 971 deventum
2931 923 3085 972 esset
3121 919 3534 990 calamitatem,
3569 923 3682 977 nisi

2036 1001 2286 1070 Taxiles,
2321 1007 2491 1074 capta
2537 1003 2898 1075 Amphipoli,
2945 1008 3192 1080 ideoque
3238 1012 3572 1068 Macedonia
3611 1014 3682 1068 ad

2039 1089 2233 1161 ipsum
2283 1090 2611 1158 deficiente,
2657 1092 2878 1164 largam
2943 1095 3295 1153 cibariorum
3347 1099 3680 1156 facultatem

2039 1177 2174 1234 inde
2204 1181 2728 1237 subministrasset.
2765 1182 2867 1238 Hic
2909 1189 2965 1239 et
2993 1185 3323 1252 Archelaus,
3357 1188 3682 1246 commistis

2041 1269 2392 1341 agminibus,
2422 1271 2556 1342 plus
2589 1288 2764 1342 quam
2805 1272 2982 1328 60000
3023 1274 3326 1332 hominum
3360 1278 3470 1332 sub
3501 1278 3682 1348 signis

2041 1359 2350 1424 ducebant,
2393 1366 2445 1416 et
2486 1363 2782 1417 occursuri
2823 1363 2990 1435 Sylla
3025 1365 3082 1419 in
3115 1366 3360 1423 Phocide
3390 1366 3686 1424 habebant

2043 1449 2274 1504 stativa.
2309 1449 2406 1505 Ille
2437 1466 2588 1518 vero,
2623 1452 2684 1507 L.
2719 1451 3021 1508 Hortensio
3054 1461 3377 1526 assumpto,
3413 1458 3514 1528 qui
3545 1458 3684 1513 0000

2043 1553 2110 1592 ex
2143 1537 2309 1593 Italia
2339 1539 2680 1602 adduxerat,
2727 1541 2870 1596 satis
2902 1541 3140 1614 longum
3183 1546 3240 1599 in
3285 1545 3470 1601 medio
3500 1546 3684 1602 inter-

2044 1626 2258 1682 Vallum
2277 1627 2636 1699 relinquens,
2659 1635 2846 1686 castra
2867 1632 3047 1700 ponit.
3068 1633 3334 1689 Archelai
3357 1639 3550 1690 autem
3575 1635 3686 1692 mi-

2045 1716 2248 1772 litibus
2293 1717 2668 1789 incomposite
2719 1720 2788 1774 ad
2840 1720 3316 1778 frumentandum
3367 1725 3684 1790 conversis,

280 1805 516 1859 Λούκιον
557 1805 870 1877 Ὁρτήνσιον
900 1807 921 1839 ⁸
963 1805 1095 1878 ὑπὲρ
1141 1803 1317 1874 τὰς
1369 1803 1630 1878 χιλιάδας
1667 1807 1688 1840 ⁵
1736 1805 1935 1880 ἄγοντα

2067 1807 2360 1876 mproviso
2379 1808 2615 1863 adortus
2639 1813 2842 1874 castra,
2873 1814 3154 1881 quotquot
3177 1811 3378 1868 robore
3403 1812 3688 1883 pollentes

287 1893 342 1963 ἐξ
384 1891 626 1956 Ἰταλίας
667 1890 1138 1967 συμπαραλαϐὼν,
1171 1893 1276 1947 ἀπὸ
1316 1895 1514 1968 συχνοῦ
1564 1892 1933 1967 διαστήματος

281 1979 884 2056 ἀντεστρατοπεδεύετο.
951 1983 1073 2037 Ἐπὶ
1157 1981 1472 2058 σιτολογίαν
1561 1981 1618 2038 δὲ
1673 1984 1818 2057 παρᾶ
1870 1983 1932 2038 τὸ

283 2073 486 2146 πρέπον
539 2077 648 2128 τῶν
687 2074 808 2147 περὶ
848 2075 938 2127 τὸν
993 2073 1304 2148 Ἀρχέλαον
1365 2071 1698 2148 τραπέντων,
1753 2074 1929 2149 ἀπρο-

280 2163 466 2224 όπτως
507 2161 728 2224 Σύλλας
775 2161 1070 2217 ἐπιτίθεται
1119 2167 1198 2234 τῷ
1225 2167 1334 2217 τῶν
1379 2161 1663 2236 πολεμίων
1709 2185 1932 2238 στρατο-

277 2249 454 2323 πέδῳ,
485 2253 572 2306 καὶ
613 2251 742 2316 τοὺς
793 2252 886 2325 μὲν
935 2251 1239 2326 εὐρώστους
1284 2256 1391 2308 τῶν
1444 2251 1688 2308 ἁλόντων
1740 2253 1934 2309 αὐτίκα

275 2342 500 2410 κτείνει,
533 2341 584 2412 ἒξ
633 2342 705 2396 ὧν
749 2339 807 2396 δὲ
837 2337 1004 2419 φόϐον
1055 2340 1342 2404 ἐπιθέσεως
1391 2342 1488 2398 οὐκ
1539 2345 1674 2418 εἶχε,
1704 2343 1932 2406 τούτους

2045 1895 2193 1965 cepit
2239 1895 2414 1966 Sylla,
2460 1897 2702 1952 occidit:
2737 1915 2770 1952 a
2800 1899 3012 1969 quibus
3061 1905 3255 1955 autem
3297 1900 3492 1955 nullus
3525 1903 3686 1957 inva-

2045 1981 2218 2036 dendi
2253 1987 2443 2038 metus
2476 1987 2614 2048 erat,
2663 1983 2771 2038 hos
2811 1984 2936 2038 loco
2967 1987 3362 2042 circumdatos
3406 1987 3570 2058 ignes
3600 2004 3689 2043 ac-

2045 2071 2483 2140 cenderejubet,
2501 2075 2620 2125 uta
2637 2071 3009 2141 pabulatione
3023 2079 3372 2130 revertentes
3388 2075 3691 2146 opperian-

2044 2165 2162 2230 tur,
2189 2159 2345 2214 nulla
2366 2161 2591 2216 adversi
2615 2178 2784 2216 casus
2823 2162 3160 2234 suspicione
3187 2165 3445 2235 prmbita.
3481 2164 3598 2220 Hoc
3629 2169 3693 2220 ut

2045 2253 2358 2324 prudenter
2386 2253 2457 2308 ab
2506 2240 2858 2325 imperatore
2907 2257 3201 2326 provisum
3253 2261 3398 2324 erat,
3450 2257 3695 2314 feliciter

2044 2343 2252 2400 exivit:
2289 2342 2712 2414 magniﬁcaque
2747 2344 2986 2401 victoria
3017 2347 3321 2417 potiuntur
3350 2346 3589 2418 Syllani.

283 2431 597 2506 μεριίστησι
651 2435 731 2502 τῷ
789 2431 982 2506 χωρίῳ
1039 2432 1129 2486 καὶ
1185 2434 1328 2506 πυρα
1377 2431 1588 2488 κελεύει
1645 2431 1833 2502 καίειν,
1902 2432 1976 2494 ὡς
2031 2433 2158 2494 τοὺς
2218 2428 2324 2486 ἀπὸ
2398 2429 2494 2497 τῆς
2552 2430 2872 2506 σιτολογίας
2932 2433 3360 2510 ἀφικνουμένους
3438 2431 3696 2510 δέχοιντο

293 2518 575 2594 μηδεμίαν
636 2519 890 2576 ὑπόνοιαν
949 2523 1324 2597 παρεχόμενοι
1385 2526 1483 2577 τοῦ
1549 2521 1752 2585 πάθους
1815 2542 1826 2554 ·
1887 2519 1976 2576 καὶ
2037 2515 2234 2590 συνέϐη
2296 2519 2370 2580 ὡς
2429 2519 2828 2596 ἐστρατηγήθη,
2887 2521 2976 2574 καὶ
3045 2521 3301 2594 λαμπρὰν
3372 2521 3471 2588 τὴν
3546 2519 3702 2590 νίκην

295 2605 463 2686 ἔσχον
497 2609 548 2665 o't
580 2608 703 2685 περῖ
737 2610 828 2666 τὸν
869 2607 1108 2668 Σύλλαν.

753 2729 886 2783 CAP.
918 2727 1130 2784 XXXV.
1173 2761 1244 2770 —
1283 2729 1655 2786 Heraclienscs
1687 2728 1847 2784 Chios
1886 2744 1920 2783 α
1955 2727 2198 2798 Dorylae
2227 2725 2286 2780 in
2319 2724 2632 2782 servitutem
2661 2726 2909 2782 redactos
2939 2727 3237 2784 vindicant.

365 2817 530 2876 Χίους
597 2812 656 2869 δὲ
711 2815 786 2876 ὡς
853 2812 1083 2876 Ῥοδίοις
1153 2817 1620 2891 συμμαχήσαντας
1694 2815 1943 2872 αἰτιασά-

2124 2815 2296 2871 Chios
2327 2819 2468 2872 tunc
2497 2814 2774 2870 incusans
2825 2815 3207 2882 Mithridates,
3262 2818 3414 2889 quod
3458 2815 3702 2873 Rhodiis

299 2925 460 2978 μενος
490 2905 518 2958 ὁ
549 2900 912 2976 Μιθριδάτης,
956 2905 1072 2958 κατ’
1117 2904 1294 2959 αὐτῶν
1331 2905 1606 2980 Δορύλαιον
1655 2901 1940 2979 ἐκπέμπει,

2056 2905 2272 2960 auxilia
2321 2904 2637 2973 misissent,
2687 2903 2918 2976 Dorylai
2965 2921 3136 2977 opera
3189 2905 3536 2978 impugnat:
3601 2903 3702 2977 qui

295 2995 380 3060 ὃς,
413 2993 458 3048 εί
489 2993 579 3048 καὶ
628 2991 830 3064 πολλῷ
861 2992 1032 3066 πόνῳ,
1061 2994 1160 3062 τήν
1211 2992 1372 3048 πόλιν
1420 2994 1670 3070 κατέσχε,
1705 2995 1792 3048 καὶ
1844 2996 1943 3064 τήν

2056 2995 2258 3066 (multo
2291 2994 2425 3050 licet
2455 2993 2674 3066 labore)
2704 2997 2761 3050 et
2808 2994 3012 3050 urbem
3053 2995 3226 3066 cepit,
3263 3001 3320 3051 et
3350 3011 3520 3067 agros
3551 2996 3702 3051 Pon-

1155 3090 1459 3156 Ποντικοῖς,
1505 3088 1632 3146 τοὺς
1683 3084 1739 3140 δὲ
1787 3085 1943 3142 πολί-

2056 3084 2185 3140 ticis
2223 3083 2436 3148 divisit,
2471 3087 2528 3138 et
2558 3084 2706 3138 cives
2737 3083 2982 3154 navigiis
3015 3085 3203 3140 28112
3249 3085 3558 3157 impositos
3593 3083 3704 3140 huc

288 3195 388 3235 τας
421 3172 644 3236 πλοίοις
685 3167 943 3244 ἐμϐαλὼν
991 3170 1230 3248 διέφερεν
1277 3173 1363 3228 ἐπὶ
1412 3175 1504 3230 τὸν
1547 3176 1742 3230 Πόνον.
1777 3176 1938 3250 Ἥρα-

2056 3171 2190 3228 illuc
2215 3173 2274 3227 in
2307 3173 2490 3227 Ponto
2522 3171 2772 3227 distulit.
2805 3173 2877 3226 At
2908 3171 3330 3242 IIeraclienses,
3365 3173 3525 3244 quod
3552 3172 3702 3227 ami-

289 3264 532 3318 κλεῶται
563 3259 642 3333 δὲ,
675 3261 790 3316 ἐπεὶ
822 3259 982 3340 φιλία
1021 3261 1212 3325 αὐτοῖς
1260 3264 1394 3338 πρὸς
1435 3263 1598 3326 Χίους
1637 3265 1728 3333 ἦν,
1781 3261 1831 3318 ἔν
1864 3269 1943 3336 τῷ

2057 3261 2194 3317 citia
2217 3261 2362 3332 ipsis
2376 3277 2439 3317 cu
2453 3279 2504 3317 m
2529 3261 2690 3317 Chiis
2712 3260 3061 3330 intercessit,
3079 3263 3350 3318 Ponticas
3369 3262 3428 3316 in
3453 3263 3700 3318 transitu

291 3351 572 3426 παράπλῳ
613 3351 708 3412 τὰς
752 3351 1018 3414 Ποντικας
1059 3355 1214 3418 νῆας,
1256 3353 1311 3406 αἳ
1363 3354 1494 3414 τοὺς
1544 3352 1940 3428 αἰχμαλώτους

2056 3365 2248 3420 naves,
2273 3367 2396 3420 quae
2421 3351 2677 3422 captivos
2700 3351 3006 3420 vehebant,
3031 3352 3242 3417 adorti,
3268 3367 3340 3406 ne
3363 3351 3702 3407 resistentes

290 3443 460 3517 ἦγον,
491 3439 902 3520 ἐφορμήσαντες
945 3441 1138 3504 αὐταῖς
1187 3439 1300 3496 οὐδ’
1341 3443 1746 3516 ἀνθισταμέναις
1797 3440 1943 3516 (οὐδὲ

2056 3439 2287 3509 quidem
2327 3439 2466 3510 (non
2499 3439 2653 3495 enim
2687 3445 2774 3495 sat
2823 3440 3034 3495 virium
3081 3443 3222 3510 erat)
3257 3440 3315 3494 in
3361 3441 3566 3496 urbem
3607 3441 3705 3496 de-

291 3533 400 3608 γὰρ
441 3531 722 3604 ἐξήρκουν)
769 3537 1008 3604 κατῆγον
1059 3529 1147 3586 ἐπὶ
1197 3532 1294 3599 τήν
1344 3529 1528 3587 πόλιν.
1582 3533 1678 3586 Καὶ
1734 3553 1943 3606 παραυ-

2056 3530 2286 3585 duxere.
2313 3530 2380 3584 Et
2403 3545 2558 3583 nunc
2580 3529 2810 3599 quidem
2835 3528 2988 3600 large
3009 3529 3186 3584 rebus
3204 3529 3548 3586 necessariis
3574 3545 3709 3600 sup-

291 3619 516 3676 τίκατᾶ
551 3620 690 3695 πρὸς
721 3621 821 3688 τὴν
869 3621 1056 3696 χρείαν
1107 3625 1476 3696 χορηγοῦντες
1524 3621 1769 3699 ἀφθόνως
1827 3627 1943 3684 τοῖς

2056 3617 2326 3690 peditatis
2357 3617 2630 3674 reficiunt
2668 3616 2937 3674 Cbiotas:
2981 3619 3352 3689 postmodum
3395 3633 3548 3682 vero,
3581 3615 3707 3670 exi-

295 3707 548 3770 Χιώταις
613 3709 840 3772 τούτους
891 3705 1289 3782 ἀνελάμϐανον,
1357 3711 1446 3766 καὶ
1502 3710 1721 3787 ὕστερον
1783 3731 1943 3785 μεγα·

2057 3709 2193 3764 miis
2237 3707 2472 3763 affectos
2528 3707 2894 3775 muneribus,
2946 3706 3007 3762 in
3066 3706 3314 3778 patriam
3371 3705 3707 3762 restituunt.

297 3797 596 3873 λοπρεπῶς
662 3795 1046 3873 δωρησάμενοι
1111 3797 1164 3856 ἓν
1243 3803 1313 3873 τῇ
1389 3797 1610 3876 πατρίδι
1689 3799 1950 3855 ἀπεκατέ-

295 3911 402 3960 στη
413 3909 506 3942 σαν
515 3931 528 3945 .

1687 3084 1728 3106 δῖ

299 3086 396 3158 μὲν
427 3087 616 3160 χώραν
667 3083 950 3154 κατένειμε
987 3089 1102 3146 τοῖς

553 3988 688 4044 CAP.
723 3987 970 4046 XXXVI.
1000 4019 1070 4030 —
1103 3989 1350 4046 Valerius
1379 3991 1618 4060 Flaccus,
1651 3989 2136 4063 successorSyllw,
2169 3989 2496 4047 trucidatur
2526 4005 2558 4044 a
2589 3987 2838 4045 Fimbria
2867 3989 3141 4061 hujusque
3161 4003 3458 4044 successus.

371 4086 442 4140 Ἣ
465 4081 522 4140 δὲ
552 4083 860 4160 σύγκλητος
901 4085 1154 4140 Φλάκκον
1184 4083 1484 4162 Ούαλέριον
1529 4087 1620 4141 καὶ
1670 4082 1948 4160 Φιμϐρίαν

295 4177 508 4248 πέμπει
559 4173 824 4248 πολεμεῖν
879 4171 1206 4244 Μιθριδάτῃ,
1239 4173 1572 4249 ἐπιτρέψασα
1616 4175 1704 4230 καὶ
1765 4174 1952 4247 Σύλλᾳ

297 4259 710 4336 συλλαμϐάνειν
767 4265 848 4336 τῷ
917 4262 1152 4338 πολέμῳ
1181 4267 1224 4336 ⁸,
1304 4265 1472 4337 ὅμοια
1545 4270 1830 4343 φρονοῦντι
1885 4269 1953 4340 τῇ

299 4351 600 4431 συγκλήτῳ
633 4371 646 4384 ⁸
682 4351 728 4408 εί
759 4351 816 4408 δὲ
859 4355 961 4427 μὴ,
991 4355 1092 4423 τήν
1148 4354 1284 4428 πρὸς
1316 4354 1474 4410 αὐτὸν
1523 4354 1787 4431 πρότερον
1833 4377 1958 4410 συν-

299 4445 446 4518 άψαι
491 4441 700 4517 μάχην.
749 4443 920 4505 Οὗτος
969 4445 1084 4498 κατ’
1136 4443 1311 4520 ἀρχάς
1365 4446 1456 4517 μὲν
1507 4445 1786 4507 ποικίλαις
1835 4445 1961 4500 ἐπά-

2133 4088 2255 4144 Sub
2287 4105 2352 4144 ea
2383 4088 2576 4143 Romae
2604 4091 2846 4142 senatus
2869 4086 3098 4143 Valerio
3129 4085 3331 4142 Flacco
3361 4092 3412 4140 et
3443 4080 3710 4139 Fimbriae

2065 4177 2280 4233 bellum
2302 4175 2756 4232 Mithridaticum
2781 4175 3128 4231 committit:
3153 4191 3287 4231 cum
3313 4171 3629 4238 mandatis,
3651 4173 3714 4226 ut

2065 4267 2307 4338 Syllam,
2357 4265 2406 4322 si
2441 4269 2631 4338 partes
2675 4269 2912 4322 senatus
2962 4269 3216 4331 tueatur,
3269 4264 3572 4334 adjuvant;
3619 4261 3714 4316 in

2067 4356 2283 4423 minus,
2319 4371 2449 4410 cum
2473 4355 2598 4426 ipso
2621 4355 2786 4426 prius
2809 4370 3019 4410 manus
3041 4358 3366 4410 conserant.
3392 4351 3493 4408 Ille
3514 4351 3714 4423 igitur.

2069 4443 2242 4499 variis
2282 4443 2448 4498 initio
2496 4441 2925 4498 colluctabatur
2973 4443 3148 4498 sortis
3181 4443 3435 4498 adversae
3463 4441 3714 4496 casibus.

299 4531 432 4586 1mg
459 4535 766 4607 συμφοραῖς
813 4529 1005 4602 (λιμόν
1035 4551 1092 4586 τε
1123 4532 1228 4608 γάρ
1269 4531 1359 4586 καὶ
1391 4531 1456 4587 τὰ
1499 4530 1602 4587 ἀπὸ
1632 4535 1730 4602 τῆς
1776 4535 1943 4608 μάχης

2068 4533 2214 4590 Nam
2245 4535 2301 4589 et
2327 4531 2538 4589 famem
2571 4536 2628 4588 et
2659 4531 2856 4588 Martis
2887 4531 3254 4603 iniquitatem
3297 4531 3581 4586 sustinuit
3609 4547 3622 4585 :
3656 4528 3716 4584 in

299 4617 622 4692 πταίσματα
657 4615 840 4696 ἔσχε),
889 4621 1218 4695 κατώρθωσε
1269 4621 1454 4693 μέντοι
1482 4623 1549 4677 τά
1595 4621 1772 4678 πλείω
1807 4641 1820 4653 ⁸
1873 4619 1962 4677 διὰ

303 4708 368 4766 δὲ
421 4710 732 4778 Βυζαντίων
779 4707 870 4764 ἐπὶ
929 4711 1176 4766 Βιθυνίαι
1228 4707 1527 4784 διαϐαλὼν,
1571 4711 1811 4768 κάκεῖθεν
1873 4713 1962 4768 ἐπὶ

301 4799 562 4868 Νίκαιαν,
611 4805 712 4869 τῆς
761 4800 987 4876 πορείας
1037 4797 1193 4871 ἓστη.
1245 4800 1519 4864 Ὡσαύτως
1578 4799 1634 4856 δὲ
1682 4801 1772 4857 καί
1816 4809 1964 4876 Φιμ-

305 4883 474 4964 ϐρίας
521 4887 634 4960 ἅμα
680 4891 798 4949 τοῖς
847 4887 940 4944 σὺν
973 4887 1121 4961 αὐτῷ
1178 4887 1564 4964 διεπεραιώθη.
1621 4887 1877 4944 Φλάκκου
1908 4886 1966 4944 δὲ

307 4975 773 5052 δυσχεραίνοντος
803 4979 886 5032 ὅτι
929 4973 1208 5052 Φιμϐρίαν
1259 4977 1498 5052 μᾶλλον,
1533 4979 1624 5032 ἅτε
1657 4976 1722 5046 δὴ
1773 4977 1965 5056 φιλαν-

311 5067 562 5143 θρώπως
621 5063 883 5142 ἄρχοντα,
928 5065 992 5122 τὸ
1051 5065 1268 5138 πλῆθος
1324 5065 1562 5142 [ἄρχειν]
1619 5066 1826 5143 ἠγάπα,
1877 5065 1970 5122 καὶ

305 5151 848 5229 διαλοιδορουμένου
889 5153 1036 5227 αὑτῷ
1073 5177 1132 5211 τε
1173 5156 1262 5211 καί
1300 5161 1408 5211 τῶν
1459 5161 1804 5231 στρατιωτῶν
1853 5161 1972 5217 τοῖς

307 5243 786 5322 ἐπιφανεστέροις,
829 5241 929 5299 δύο
975 5248 1083 5300 τῶν
1111 5243 1300 5300 ἄλλων
1345 5243 1512 5300 πλέον
1558 5244 1634 5307 εἷς
1685 5245 1852 5320 ὀργὴν
1903 5243 1976 5316 ἐξ·

303 5333 578 5412 αφθέντες
607 5333 1044 5416 ἀποσφάττουσιν
1089 5331 1272 5393 αὐτόν.
1318 5335 1416 5410 Ἐφ
1457 5333 1543 5397 οἷς
1589 5335 1624 5402 ἡ
1665 5332 1974 5408 σύγκλητος

2071 4623 2364 4697 plerisque
2393 4627 2584 4678 tamen
2640 4639 2916 4694 prospero
2967 4623 3214 4678 fortunas
3243 4637 3518 4677 successu
3554 4635 3716 4675 usus.

2072 4723 2288 4788 Perque
2333 4715 2783 4786 Byzantinorum
2819 4715 2962 4771 fines
3005 4716 3064 4770 in
3093 4713 3416 4787 Bithyniam
3452 4725 3722 4784 progres-

2075 4821 2196 4869 sus,
2251 4807 2309 4860 et
2353 4803 2492 4860 inde
2542 4803 2784 4861 Nicaeam
2833 4819 3056 4871 versus,
3111 4802 3318 4860 stativa
3377 4799 3601 4857 habuit.
3655 4799 3726 4852 At

2079 4895 2374 4960 Flaccum,
2410 4893 2549 4950 dum
2591 4894 2834 4966 indigne
2879 4894 2988 4949 fert
3031 4893 3102 4949 ab
3153 4891 3408 4948 exercitu
3457 4885 3724 4944 Fimbriae

2078 4983 2208 5055 plus
2241 4983 2440 5052 faveri,
2485 4982 2922 5054 imperiumque
2969 4981 3117 5052 ejus,
3169 4982 3372 5052 utpote
3420 4976 3624 5033 mitius
3671 4977 3729 5030 et

2081 5071 2420 5138 humanius,
2455 5070 2733 5142 praeferri,
2785 5069 3028 5141 ideoque
3076 5071 3134 5123 et
3159 5067 3350 5140 ipsum
3381 5069 3438 5120 et
3471 5064 3726 5120 militum

2083 5159 2396 5215 nobiliores
2430 5158 2798 5227 criminatur,
2827 5158 2942 5214 duo
2963 5173 3076 5229 pra:
3106 5156 3236 5214 aliis
3267 5156 3356 5212 ira
3381 5153 3729 5238 inﬂammat,

2083 5249 2402 5304 trucidant.
2437 5249 2560 5312 Quo
2587 5246 2822 5303 nomine
2851 5251 3088 5304 senatus
3113 5245 3380 5302 Fimbriae
3405 5243 3577 5302 irasci
3609 5243 3733 5317 qui-

2085 5338 2244 5407 dem,
2277 5338 2374 5394 sed
2407 5342 2602 5394 tamen
2634 5335 3004 5392 dissimulata
3028 5335 3436 5406 indignatione
3465 5333 3734 5392 consula-

1698 5477 1792 5536 VA
1802 5479 1942 5537 RIE
1986 5478 2372 5537 LECTIONES

383 5601 409 5638 ί
451 5597 742 5653 κτισθέντα
966 5595 990 5631 ⁸
1020 5593 1082 5650 τὸ
1143 5595 1450 5668 στράτευμα

383 5671 580 5723 τίσιον
613 5669 696 5723 C'.
731 5668 980 5723 correxit
1007 5667 1288 5723 Scaiiaer.
1361 5669 1386 5702 ⁵
1416 5688 1479 5723 γι
1526 5687 1562 5720 ιι

1664 5595 1686 5630 ³
1724 5592 1934 5664 πλῆθος
2087 5595 2150 5648 τὸ
2174 5591 2400 5668 ,πλεῖον

2617 5591 2977 5668 ἕλουκίνσιον
3033 5590 3298 5668 ὀρτίνσιον
3353 5593 3418 5650 Α.
3453 5586 3736 5648 λουϐίσιον

310 5671 580 5752 ὀρτίσιον
731 5662 980 5726 σθ’τΐθκὶῐ
1007 5662 1288 5741 Scaliger.
1361 5662 1387 5702 ⁵
1416 5662 1677 5744 χιλιάδας
1711 5671 1750 5721 Α
1797 5662 2120 5742 (μυριάδας
2306 5668 2328 5702 ⁵
2367 5662 2469 5720 τοῧ
2489 5663 2740 5738 πολέμου
2772 5662 3115 5725 ὃοὴᾶξῖθωὲ.
