4116 6224
442 422 555 484 911

1642 413 1910 477 ΡΗΟΤΙΙ
1956 412 2103 474 ΡΑΤ
2116 411 2479 472 RIARCH/E
2521 412 2642 474 ΟΡ.

3723 426 3849 485 912

434 559 565 611 tum
590 553 641 610 ei
674 551 1104 609 decernendum
1145 564 1365 605 curare.
1411 549 1511 603 llic
1542 563 1699 620 ergo,
1734 563 1935 603 omnes
1966 546 2054 601 sul

2190 541 2326 597 κατά
2356 539 2637 617 Φιμϐρίου
2690 542 3089 619 ἠγανάκτησεν.
3119 547 3315 619 ’Ὀμως
3365 546 3457 603 οὖν
3508 552 3611 620 τὴν
3660 552 3852 628 ἀγανά-

436 644 678 715 imperio
700 642 896 713 copias
917 640 1158 704 habens,
1193 637 1475 704 civitates,
1509 637 1655 693 alias
1676 637 1969 693 voluntate
1990 635 2078 706 ip-

433 748 656 796 sarum,
672 730 813 785 alias
827 729 875 782 vi
893 745 998 783 sua
1013 727 1299 796 adjunxit.
1315 726 1671 781 Mithridatis
1685 730 1876 781 autem
1899 723 2077 790 ﬁlius,

432 834 563 874 cum
597 817 792 873 Taxile
823 822 879 871 et
921 817 1247 887 Diophanto
1295 820 1351 871 et
1396 816 1731 880 Menandro,
1768 815 2076 869 ductorum

430 907 943 979 praestantissimis
980 907 1345 975 conjunctus,
1381 911 1438 961 et
1481 920 1692 977 magno
1724 904 1955 972 agmine
1983 902 2073 956 in-

429 1002 705 1065 structus,
740 996 1009 1051 Fimbriae
1040 999 1343 1051 occursat:
1380 1002 1433 1048 et
1466 995 1655 1066 primo
1689 993 2073 1048 Barbarorum

426 1085 576 1141 vires
609 1084 967 1157 praecellunt.
1002 1086 1190 1149 Quare
1222 1084 1560 1138 detrimenta
1592 1084 1649 1138 in
1681 1081 1954 1138 conﬂictu
1987 1096 2077 1135 ac-

427 1179 619 1247 cepta,
686 1178 1102 1246 strategemate
1158 1173 1440 1229 resarcire
1499 1171 1761 1241 cogitans
1820 1169 2077 1225 Fimbria

424 1263 637 1335 (hostis
668 1263 823 1319 enim
858 1278 1103 1317 numero
1137 1261 1389 1316 militum
1436 1260 1704 1331 superior
1746 1261 1907 1328 erat),
1942 1273 2072 1312 cum

424 1354 492 1409 ad
510 1353 722 1408 ﬂumen
739 1352 1030 1423 quoddam
1050 1354 1386 1421 perventum
1403 1354 1577 1414 esset,
1596 1349 1750 1419 quod
1768 1355 2075 1416 utrumque

423 1442 734 1498 exercitum
760 1440 1061 1507 divideret,
1082 1439 1269 1495 imbre
1286 1438 1395 1494 sub
1414 1454 1683 1494 auroram
1706 1437 1848 1492 forte
1869 1436 2073 1504 eli'uso,

424 1547 493 1585 ex
535 1530 853 1602 improviso
902 1531 1199 1585 Romanus
1244 1529 1558 1599 imperator
1606 1525 1847 1581 fluvium
1885 1530 2072 1581 trans-

421 1636 680 1691 gressus,
736 1619 933 1675 hostes
986 1618 1045 1673 in
1094 1618 1364 1673 tentoriis
1422 1633 1627 1673 somno
1678 1618 1944 1687 gravatos
1998 1614 2075 1669 ita

421 1711 730 1782 oppressit,
757 1714 820 1765 ut
845 1728 913 1766 ne
936 1710 1221 1766 sentirent
1243 1708 1512 1778 quidem:
1549 1711 1607 1762 et
1630 1723 1842 1778 magna
1874 1710 2070 1777 strage

419 1799 592 1867 edita,
646 1799 1048 1869 praefectorum
1102 1814 1217 1853 non
1265 1796 1435 1851 multi
1491 1799 1547 1850 et
1601 1794 1821 1864 equites
1870 1808 2067 1849 necem

2187 653 2379 702 κτησιν
2408 631 2722 706 κρύπτουσα
2754 632 3007 689 ὑπατείαν
3050 633 3199 708 αύτῷ
3243 639 3581 716 ψηφισθῆναι
3622 639 3852 715 διεπρά-

2188 722 2331 792 ξατο.
2366 723 2421 774 Ὀ
2470 718 2547 791 δὲ,
2595 723 2773 792 πάσης
2818 722 3057 798 γεγονὼς
3104 726 3329 799 ἡγεμὼν
3394 734 3495 797 τῆς
3540 726 3846 803 δυνάμεως,

2185 810 2281 870 τὰς
2319 812 2411 881 μὲν
2461 810 2685 872 ἑκούσας
2722 812 2817 871 τὰς
2863 809 3036 868 δὲκαὶ
3095 814 3422 887 βιαζόμενος
3466 822 3574 871 τῶν
3625 818 3844 874 πόλεων

2183 902 2516 974 προσήγετο.
2552 902 2610 956 Ὀ
2640 899 2695 954 δὲ
2745 905 2836 955 νοῦ
2883 898 3212 975 Μιθριδάτου
3263 906 3405 973 υἱὸς,
3435 906 3717 978 Ταξίλλην
3751 914 3845 963 καί

2185 989 2475 1066 Διόφαντον
2513 989 2602 1043 καὶ
2657 987 2965 1061 Μένανδρον
3017 994 3145 1053 τοὺς
3190 992 3442 1068 ἀρίστους
3490 1001 3598 1051 τῶν
3647 1019 3841 1073 στρατ-

2184 1084 2335 1154 ηγῶν
2375 1077 2518 1153 ἔχων
2574 1080 2692 1150 μεθ’
2743 1079 2935 1134 ἑαυτοῦ
2982 1082 3074 1137 καὶ
3123 1082 3347 1152 πολλὴν
3393 1083 3535 1161 ἄγων
3588 1084 3841 1159 δύναμιν,

2182 1172 2259 1238 τῷ
2300 1164 2518 1240 Φιμϐίᾳ
2566 1167 2882 1238 ὑπηντίαζε.
2930 1172 3011 1227 Τὰ
3046 1171 3143 1244 μὲν
3197 1176 3324 1243 [380
3374 1178 3464 1247 [1.]
3514 1174 3606 1230 οὖν
3648 1182 3842 1249 πρῶτα

2181 1259 2243 1312 τὸ
2283 1256 2732 1332 έπικρατεστερον
2785 1260 2837 1313 οἱ
2887 1254 3159 1335 βάρϐαροι
3209 1260 3421 1339 ἔφερον.
3456 1261 3736 1338 Φιμϐρίας
3782 1265 3842 1321 δὲ

2182 1347 2552 1402 ἀνασώσασθαι
2602 1346 2625 1381 ⁷
2685 1352 3097 1424 στρατηγήματι
3172 1352 3266 1405 τὰς
3351 1353 3411 1407 ἐκ
3484 1356 3840 1426 παρατάξεως

2183 1435 2506 1500 ἐλαττώσεις
2548 1435 2924 1510 διανοούμενος
2973 1440 3054 1510 (τὸ
3100 1441 3204 1515 γὰρ
3252 1441 3520 1515 πολέμιον
3578 1444 3841 1520 ὑπερεῖχε

2182 1524 2428 1599 πλήθει),
2462 1526 2535 1588 ὡς
2577 1525 2667 1581 ἐπί
2714 1547 2832 1582 τινα
2870 1529 3116 1601 ποταμὸν
3164 1534 3273 1585 τῶν
3328 1530 3661 1610 μαχομένων
3710 1535 3837 1588 ἐκα-

2179 1617 2309 1691 τέρα
2341 1613 2568 1689 δύναμις
2598 1617 2697 1686 ἧκε
2727 1617 2859 1688 [733
2908 1618 2999 1689 3.]
3030 1619 3121 1672 καὶ
3164 1621 3325 1691 μέσον
3374 1621 3578 1698 ἀμφοῖν
3619 1627 3838 1678 τοῦτων

2179 1704 2528 1775 ἐποιήσαντο,
2588 1700 2801 1776 ὄμϐρου
2877 1707 3000 1779 περὶ
3067 1708 3158 1761 τὸν
3216 1710 3241 1744 ⁸
3323 1706 3517 1786 ὄρθρον
3575 1710 3842 1787 ῥαγέντος

2180 1791 2593 1867 ἀπροσδόκητος
2622 1796 2645 1829 θ
2693 1796 2720 1848 ὁ
2771 1799 2879 1848 τῶν
2933 1797 3220 1868 Ῥωμαίων
3272 1801 3576 1874 στρατηγὸς
3623 1797 3842 1858 διαϐαί-

417 1861 767 1959 eti'ugerunt.
794 1888 948 1943 Inter
971 1903 1119 1958 quos
1141 1886 1316 1942 etiam
1338 1861 1691 1940 Mithridatis
1714 1884 1864 1952 regis
1887 1882 2054 1951 ﬁlius,

2174 1904 2254 1938 νει
2297 1884 2387 1938 τὸν
2438 1884 2711 1956 ποταμὸν,
2760 1882 2851 1937 καὶ
2904 1883 3058 1957 ὕπνῳ
3112 1890 3220 1941 τῶν
3281 1888 3566 1963 πολεμίων
3610 1888 3661 1944 ἐν
3712 1898 3838 1954 ταῖς

415 1978 764 2049 Pergamum
808 1977 875 2032 ad
928 1980 1172 2046 patrem,
1224 1992 1339 2030 una
1383 1989 1514 2028 cum
1566 1972 1829 2042 equitum
1886 1970 2065 2026 comi-

414 2069 561 2132 tatu,
612 2067 803 2122 232a
840 2064 1034 2121 salvus
1087 2065 1286 2121 evasit.
1348 2065 1487 2118 Tam
1538 2061 1731 2133 gravis
1779 2060 1959 2132 igitur
2011 2063 2068 2115 et

416 2154 665 2225 insignis
688 2154 886 2210 clades
919 2156 1018 2211 ubi
1053 2153 1225 2226 regiis
1248 2151 1478 2220 accidit,
1508 2150 1771 2221 plurimae
1804 2148 2066 2205 civitates

415 2238 489 2293 ad
523 2239 813 2297 Romanos
843 2241 1232 2297 desciverunt.

2180 1976 2404 2041 σκηναῖς
2458 1973 2838 2046 κατεχομένων
2900 1973 3173 2031 ἐπιπεσὼν
3231 1975 3360 2049 μηδ’
3412 1979 3838 2053 αἰσθανομένους

2178 2060 2527 2144 κατέκτεινεν,
2581 2058 2788 2136 ὀλίγων
2839 2065 2944 2115 τῶν
2999 2059 3052 2117 ἐν
3107 2064 3425 2139 ἡγεμονίαις
3472 2064 3836 2144 διαπεφευγό-

2176 2168 2283 2200 των
2311 2148 2402 2202 τὸν
2453 2143 2675 2222 ὄλεθρον
2709 2151 2799 2203 καὶ
2848 2154 2954 2205 τῶν
3004 2152 3238 2211 ἱππέων.
3274 2155 3405 2211 Μεθ’
3452 2155 3525 2209 ὧν
3571 2143 3666 2210 κάὶ
3717 2158 3834 2214 Μι-

2176 2233 2433 2309 θριδάτης
2464 2238 2491 2292 ὁ
2541 2236 2899 2312 Μιθριδάτου,
2933 2241 3023 2295 καὶ
3073 2242 3209 2316 πρὸς
3258 2244 3318 2297 τὸ
3350 2245 3638 2319 Πέργαμον
3689 2247 3837 2321 πρὸς

413 2326 469 2381 ὸν
524 2327 725 2402 πατέρα
781 2327 1117 2405 Μιθριδάτην
1177 2328 1292 2402 ἃμα
1356 2332 1472 2390 τοῖς
1526 2325 2079 2399 συνεξιππασαμένοις
2147 2322 2491 2396 διασώζεται.
2550 2327 2702 2383 Οὕτω
2771 2326 2829 2384 δὲ
2891 2332 3115 2407 βαρείας
3185 2339 3285 2402 τῆς
3358 2342 3639 2408 συμφορᾶς
3699 2358 3808 2390 κα-

422 2416 677 2494 λαμπρᾶς
718 2425 836 2482 τοῖς
865 2416 1175 2495 βασιλικοῖς
1210 2418 1613 2492 συμπεσούσης,
1647 2417 1703 2471 αἱ
1733 2413 1986 2471 πλεῖσται
2018 2421 2126 2470 τῶν
2156 2414 2371 2472 πόλεων
2402 2419 2538 2491 πρὸς
2567 2419 2695 2481 τοὺς
2726 2421 3039 2493 Ῥωμαίους
3074 2421 3379 2495 μετέθεντο.
3428 2394 3439 2408 .
3484 2394 3495 2411 ⁸

1432 2530 1561 2583 Car.
1596 2525 1862 2583 XXXVII.
1894 2556 1964 2566 —
1984 2525 2158 2598 Syllae
2184 2544 2299 2600 pax
2325 2545 2448 2584 cum
2482 2529 2818 2588 Mithridate.

485 2645 709 2704 Interea
749 2646 924 2704 Mario
973 2663 1004 2703 e
1036 2647 1171 2718 fuga
1217 2647 1457 2703 domum
1507 2659 1760 2712 reverso,
1792 2651 2053 2699 metuens

415 2734 573 2807 Sylla
600 2740 758 2808 (nam
793 2738 862 2794 de
910 2736 1282 2792 inimicorum
1333 2736 1462 2805 ejus
1509 2733 1756 2789 factione
1787 2731 1883 2787 ille
1912 2734 2056 2801 erat)

416 2841 488 2880 ne
518 2826 731 2894 simile,
765 2834 995 2899 pr0pter
1040 2825 1287 2896 injurias
1317 2825 1373 2880 in
1406 2824 1596 2892 illum,
1641 2822 1752 2878 sibi
1791 2821 2059 2878 exsilium

413 2912 711 2986 irrogaret,
746 2917 919 2972 missa
949 2914 1259 2987 legatione,
1308 2915 1377 2968 de
1408 2928 1548 2984 pace
1598 2928 1727 2968 cum
1780 2910 2058 2967 Romanis

411 3005 659 3062 consilia
708 3005 1031 3060 Mithridati
1079 3003 1391 3074 suggessit.
1443 3003 1564 3066 Quo
1615 3016 1813 3072 pacem
1855 2999 2056 3069 cupide

410 3096 697 3168 amplexo,
713 3099 769 3149 et
792 3101 1024 3165 rogante
1042 3096 1106 3146 ut
1127 3094 1193 3147 ad
1221 3091 1633 3163 paciscendum
1658 3088 2053 3155 convenirent,

407 3186 505 3240 ille
538 3187 801 3255 prompte
821 3199 880 3237 se
901 3181 999 3236 dat
1021 3181 1075 3234 in
1099 3182 1275 3235 viam.
1300 3181 1563 3250 Cumque
1596 3196 1697 3249 per
1728 3178 1964 3249 aliquod
1995 3178 2052 3231 in

407 3273 601 3328 medio
618 3272 896 3341 spatium,
913 3270 1056 3325 alter
1077 3269 1134 3323 in
1155 3269 1392 3324 alterius
1413 3284 1721 3323 occursum
1743 3266 2058 3337 processis-

2236 2642 2444 2718 Μαρίου
2496 2641 2551 2698 δέ
2611 2646 2717 2700 ἀπὸ
2763 2653 2861 2715 τῆς
2931 2654 3111 2723 φυγῆς
3163 2648 3531 2712 ἀνασωθέντος
3592 2649 3672 2715 εἷς
3729 2653 3834 2719 τήν

2172 2732 2415 2804 Ῥώμην,
2452 2732 2669 2796 Σύλλας
2702 2732 2924 2798 εδεδιὼς
2967 2739 3095 2810 [τῶν
3147 2739 3578 2794 ἀντιστασιωτῶν
3608 2741 3711 2815 γὰρ
3761 2742 3835 2810 ἦν

2171 2818 2394 2892 ἐκεῖνος)
2456 2822 2532 2894 μὴ
2590 2826 2658 2895 τῇ
2719 2822 2885 2895 ὅμοίᾳ
2941 2828 3084 2901 φυγῇ
3140 2827 3241 2894 τήν
3311 2826 3386 2887 εἷς
3442 2826 3600 2881 αὐτὸν
3660 2822 3826 2900 ὕϐριν

2170 2909 2442 2982 ἀπαιτήσῃ
2483 2911 2548 2982 ¹⁰,
2598 2912 2734 2984 πρὸς
2783 2910 3121 2987 Μιθριδάτην
3182 2910 3611 2990 διεπρεσϐεύετο,
3674 2936 3827 2989 συμ-

2168 2992 2350 3059 ϐάσεις
2382 2998 2528 3070 αὐτῷ
2560 3001 2598 3035 ¹¹
2656 3000 2750 3062 τὰς
2798 3001 2937 3074 πρὸς
2982 3003 3288 3075 Ῥωμαίους
3336 2998 3834 3076 ὑποϐαλλόμενος.

2164 3090 2267 3140 Τοῦ
2321 3084 2377 3141 δὲ
2431 3088 2522 3141 καὶ
2587 3094 2709 3151 ταῖς
2767 3085 3101 3161 συμϐάσεσιν
3162 3090 3572 3164 ἀσμενίσαντος,
3634 3094 3837 3171 ἀφικέ-

2166 3178 2285 3229 σθαι
2341 3197 2399 3230 τε
2456 3176 2543 3231 ἐπὶ
2595 3179 2817 3239 ταύταις
2877 3177 3218 3251 αἰτήσαντος,
3282 3181 3440 3243 αὐτὸς
3512 3183 3835 3256 προθύμως

2165 3264 2473 3323 ἐστέλλετο.
2508 3266 2661 3321 Οὕτω
2700 3272 2831 3342 γοῦν
2864 3272 2971 3322 τῶν
3022 3269 3323 3341 ἀναμεταξὺ
3372 3269 3639 3341 ἀλλήλων
3674 3291 3833 3345 προ-

405 3365 554 3429 sent,
590 3360 943 3427 Dardanum,
992 3359 1061 3412 ad
1097 3357 1561 3427 transigendum,
1606 3357 1690 3410 eis
1726 3356 2049 3425 hospitium

2168 3352 2541 3424 εληλυθὸτων,
2584 3354 2853 3431 Δάρδανον
2907 3357 3102 3420 αὐτοὺς
3136 3360 3182 3395 ¹²
3231 3358 3318 3414 ἐπὶ
3363 3365 3482 3421 ταῖς
3522 3362 3833 3429 συνθήκαις

404 3450 583 3505 dedit.
617 3447 722 3513 Ibi,
751 3447 932 3517 jussis
984 3446 1253 3501 secedere
1298 3444 1587 3500 ministris
1617 3449 1673 3499 et
1711 3444 2049 3513 comitibus,

401 3541 572 3609 pacta
599 3537 746 3591 fiunt
766 3536 822 3590 in
851 3534 1008 3589 hunc
1034 3534 1305 3588 modum:
1337 3552 1357 3582 ι
1384 3532 1749 3587 Mithridates
1775 3531 2050 3587 Romanis

399 3627 533 3683 Asia
563 3626 863 3693 concedat,
891 3623 1158 3695 Bithynis
1183 3626 1238 3677 et
1259 3620 1702 3693 Cappadocibus
1726 3636 1889 3691 reges
1913 3637 2053 3690 prae-

400 3715 520 3770 sint
549 3713 817 3786 gentiles.
868 3712 1191 3767 Mithridati
1246 3712 1427 3765 totius
1472 3710 1636 3763 Ponti
1682 3724 1928 3780 regnum
1973 3709 2051 3765 sit

399 3805 835 3860 confirmatum.
871 3801 1246 3858 Peculiariter
1284 3817 1417 3855 vero
1449 3798 1618 3870 Syllae
1648 3798 1915 3868 expediat
1946 3797 2047 3852 tri-

396 3910 589 3951 remes
618 3897 685 3949 80
718 3897 774 3949 et
802 3892 940 3947 3000
982 3890 1290 3955 talentum,
1325 3890 1397 3944 ad
1436 3889 1685 3945 reditum
1720 3903 1890 3957 quem
1921 3886 2047 3957 ipse

396 3984 641 4039 Romam
665 3982 1032 4039 instituisset.
1049 3980 1387 4036 Civitatibus
1408 3980 1557 4049 apud
1576 3978 1865 4033 Romanos
1886 3977 2045 4032 haud

395 4074 471 4128 sit
505 4090 667 4128 noxae
692 4073 845 4144 quod
871 4072 940 4127 ad
972 4070 1360 4125 Mithridatem
1385 4067 1721 4124 defecerint.
1748 4089 1775 4116 ››
1802 4066 1861 4121 Id
1886 4068 2040 4136 quod

392 4164 609 4231 tamen,
643 4162 808 4231 juxta
838 4158 996 4232 pacis
1022 4156 1355 4225 formulam,
1379 4173 1494 4211 non
1522 4156 1723 4210 habuit
1753 4163 2039 4210 eventum.

390 4248 533 4305 Nam
568 4249 786 4305 multas
820 4254 1020 4319 postea
1064 4246 1257 4302 servili
1288 4247 1431 4317 jugo
1463 4248 1901 4316 Oppresserunt.
1935 4243 2043 4299 Ho-

392 4337 634 4393 norifice
666 4338 877 4392 dehinc
909 4335 1069 4408 Sylla
1092 4336 1146 4389 in
1184 4334 1410 4390 Italiam
1442 4338 1681 4389 remeat.
1707 4332 2041 4402 Mariusque

392 4426 581 4481 denuo
610 4426 746 4481 urbe
769 4426 1025 4493 excedit;
1059 4429 1115 4481 et
1140 4423 1502 4479 Mithridates
1525 4423 1593 4476 ad
1621 4438 1724 4477 sua
1753 4438 1815 4477 se
1837 4422 2036 4476 refert:

392 4514 723 4586 multasque
755 4517 943 4572 denuo
994 4520 1218 4587 gentes,
1275 4530 1404 4586 quze
1454 4517 1688 4584 propter
1736 4514 2038 4567 adversam

2168 4516 2363 4579 πόλεως
2444 4517 2796 4593 ὑπεχώρησε,

390 4606 517 4677 eius
551 4606 842 4661 fortunam
893 4606 1273 4671 desciverant,
1310 4603 1418 4659 sub
1454 4618 1693 4658 manum
1728 4601 1962 4671 redegit.

2164 3440 2516 3517 ὑποδέχεται,
2576 3446 2665 3499 καὶ
2720 3450 2829 3500 τῶν
2885 3445 3010 3519 περὶ
3066 3448 3268 3510 αὐτοὺς
3328 3448 3827 3522 ὑποχωρησάντων

2161 3530 2459 3606 ὁμολογίαι
2484 3534 2745 3607 γίνονται,
2780 3534 3117 3608 Μιθριδάτην
3155 3538 3252 3607 μέν
3282 3538 3582 3609 Ῥωμαίοις
3626 3535 3823 3611 ἐκχω-

2160 3630 2266 3697 ρεῖν
2307 3631 2407 3694 τῆς
2440 3624 2639 3695 Ἀσίας,
2671 3626 2760 3680 καὶ
2797 3628 2838 3661 '3
2886 3629 3127 3683 Βιθυνῶν
3182 3625 3241 3681 δὲ
3287 3628 3377 3682 καὶ
3412 3624 3823 3691 Καππαδοκίας

2156 3718 2345 3788 ἄρχειν
2411 3714 2537 3776 τοὺς
2605 3713 2665 3769 ἐκ
2718 3716 2906 3789 γένους
2969 3715 3248 3790 βασιλέας,
3321 3712 3684 3790 βεϐαιωθῆναι
3750 3716 3816 3774 δε

2156 3800 2455 3876 Μιθριδάτῃ
2511 3808 2608 3857 τοῦ
2658 3803 2866 3859 Πόντου
2915 3807 3114 3866 παντὸς
3143 3807 3242 3873 τὴν
3293 3804 3602 3879 βασιλείαν,
3634 3826 3819 3879 παρα-

2152 3897 2307 3963 σγεῖν
2340 3889 2385 3945 δ’
2435 3890 2590 3953 ἰδίως
2634 3892 2822 3962 Σύλλᾳ
2859 3895 3104 3969 τριήρεις
3143 3894 3193 3948 π’
3241 3893 3331 3948 καὶ
3371 3894 3611 3950 τάλαντα
3660 3914 3823 3969 τρισ-

2154 3982 2313 4057 χίλια
2342 3982 2478 4058 πρὸς
2517 3985 2617 4053 την
2670 3982 2810 4039 ἰδίαν
2864 3984 2952 4040 ἐπὶ
3004 3988 3101 4055 τήν
3155 3987 3379 4059 Ῥώμην
3427 3984 3683 4059 κάθοδον,
3713 3990 3816 4043 καὶ

2149 4073 2456 4144 Ῥωμαίους
2516 4071 2685 4145 μηδὲν
2760 4079 2877 4135 ταῖς
2952 4072 3147 4128 πόλεσι
3220 4082 3615 4147 μνησικακῆσαι
3692 4077 3817 4130 ἀνθ’

2150 4162 2223 4215 ὧν
2278 4156 2575 4232 μετέϐαλον
2627 4162 2702 4224 εἰς
2753 4161 3119 4237 Μιθριδάτην,
3170 4162 3215 4217 εἷ
3256 4164 3347 4218 καὶ
3400 4165 3477 4238 μὴ
3527 4166 3664 4218 κατὰ
3710 4165 3816 4228 τὰς

2148 4248 2453 4324 ὁμολογίας
2504 4254 2665 4306 τοῦτο
2715 4247 2913 4321 συνέϐη
2960 4271 2971 4284 ·
3014 4250 3231 4316 πολλὰς
3266 4254 3366 4327 γάρ
3433 4252 3655 4327 ὕστερον
3689 4258 3808 4308 τῶν

2147 4338 2367 4393 πόλεων
2405 4337 2803 4397 ἐδουλώσαντο.
2840 4338 3061 4402 Σύλλας
3093 4341 3188 4411 μὲν
3220 4339 3311 4395 οὖν
3352 4340 3496 4398 οὕτῶ
3528 4340 3811 4415 λαμπρῶς

2145 4426 2221 4489 εἷς
2278 4430 2376 4497 τήν
2448 4426 2681 4483 Ἰταλίαν
2750 4428 2996 4504 ἀφίκετο,
3056 4429 3148 4483 καὶ
3208 4431 3423 4504 Μάριος
3491 4429 3645 4492 αὖθις
3698 4440 3810 4502 τῆς

2882 4518 2969 4572 καὶ
3054 4517 3393 4593 Μιθριδάτης
3480 4520 3808 4595 ἀνέστρεψεν

2184 4606 2207 4623 \I
2283 4606 2305 4625 Ν
2552 4608 2564 4623 \
2665 4612 2688 4621 ν
2774 4604 2797 4623 Ν
2837 4607 2850 4624 \
2952 4609 2964 4624 ἱ
3055 4608 3067 4621 9

2150 4628 2357 4677 οικαοε,
2390 4606 2575 4662 πολλα
2621 4629 2729 4661 των
2771 4622 2861 4662 οια
2907 4629 3007 4677 την
3051 4626 3100 4663 εν
3215 4609 3532 4687 κατηνέχθη
3570 4614 3613 4646 ⁸⁸
3658 4631 3806 4683 συμ-

2148 4697 2316 4777 φορὰν
2353 4696 2701 4753 ἀποστάντων
2755 4696 2921 4753 ἐθνῶν
2967 4696 3019 4768 ἐξ
3070 4698 3331 4777 ὑπαρχῆς
3367 4699 3808 4777 χειρωσάμενος,

561 4816 695 4872 (lAP.
730 4812 1027 4871 XXXVIII.
1063 4843 1129 4853 —
1160 4811 1382 4868 Murena
1418 4812 1618 4867 bellum
1647 4811 1905 4867 adversus
1936 4806 2312 4864 Mithridatem
2341 4811 2583 4863 renovat.
2618 4807 2995 4863 Heracliemes
3023 4810 3215 4863 neutri
3244 4810 3613 4881 opitulantur.

452 4927 588 4984 Post
620 4926 741 4981 haec
766 4927 1001 4979 Murena
1034 4921 1184 4977 bello
1208 4920 1540 4992 praeﬁcitur.
1568 4920 1651 4976 Ad
1683 4936 1857 4991 quem
1883 4919 2032 4991 lega-

382 5024 473 5076 tos
507 5017 779 5074 amandat
811 5014 1195 5078 Mithridates,
1229 5012 1389 5083 pacis
1420 5027 1551 5065 cum
1586 5011 1740 5083 Sylla
1771 5010 1925 5066 inita:
1949 5010 2029 5065 le-

382 5122 484 5178 ges
503 5114 843 5179 przetexens,
864 5112 916 5161 et
940 5107 1003 5159 ut
1025 5106 1157 5157 ratae
1181 5102 1296 5157 sint
1323 5101 1622 5171 ﬁrmaeque
1645 5098 2026 5155 contendens.

381 5198 456 5249 At
488 5197 535 5252 is
567 5196 853 5269 legatione
886 5210 999 5249 non
1051 5191 1316 5264 placatus
1367 5194 1553 5258 (erant
1594 5188 1748 5245 enim
1802 5189 2032 5244 natione

382 5281 585 5357 Grieci,
635 5293 687 5342 et
735 5285 862 5340 vitae
909 5282 1131 5339 ratione
1176 5278 1524 5353 phi1050phi,
1567 5278 1665 5350 qui
1731 5277 1865 5350 plus
1914 5276 2032 5333 cul-

2214 4915 2370 4989 Παρᾶ
2415 4922 2517 4984 τῆς
2564 4914 2879 4990 συγκλήτου
2930 4913 2987 4970 δὲ
3046 4918 3343 4990 Μουρήνας
3390 4918 3611 4992 ἡγεμὼν
3660 4919 3805 4991 πέμ-

2139 5023 2317 5072 πεται,
2357 5004 2448 5059 καὶ
2504 5002 2841 5078 Μιθριδάτης
2898 4999 3339 5079 διαπρεσϐεύεται
3400 5008 3540 5080 πρὸς
3608 5008 3799 5079 αὐτὸν,

2137 5092 2232 5153 τὰς
2261 5094 2398 5162 πρὸς
2432 5092 2646 5149 Σύλλαν
2694 5092 3000 5169 ὁμολογίας
3031 5095 3144 5167 ἅμα
3190 5115 3249 5150 τε
3282 5097 3327 5132 ί⁸
3354 5094 3656 5171 προτείνων
3703 5098 3796 5152 καί

2145 5176 2396 5255 βεϐαίους
2429 5182 2594 5254 ἀξιῶν
2633 5183 2788 5237 εἶναι.
2820 5183 2881 5240 Ὀ
2933 5181 2990 5238 δὲ
3034 5185 3109 5255 μή
3155 5180 3383 5257 θέμενος
3424 5187 3496 5257 τῇ
3540 5180 3799 5257 πρεσϐείᾳ

2140 5265 2248 5333 (καὶ
2292 5272 2394 5347 γὰρ
2453 5271 2544 5326 καὶ
2602 5272 2654 5326 οἱ
2696 5267 2968 5348 πρέσϐεις,
3017 5272 3293 5345 Ἕλληνες
3352 5273 3505 5338 ὄντες
3562 5276 3649 5330 καὶ
3703 5275 3801 5331 τὸν

1766 5448 2002 5506 VARUE
2038 5446 2343 5505 LECTION
2353 5446 2433 5501 ES

450 5589 469 5623 ⁷
500 5586 773 5660 ἀνασῶσαι
933 5589 1009 5660 7'
1038 5585 1278 5660 cavom.
1313 5592 1375 5644 Δ.
1476 5586 1500 5621 ⁹
1530 5579 2077 5660 ἀπροσδοκήτως

379 5676 525 5720 corr.
558 5662 605 5715 A
648 5676 661 5715 :
695 5658 996 5731 «eratsq.

377 5754 434 5809 p.
472 5735 571 5790 185
610 5750 646 5791 a
683 5731 771 5787 15.
804 5730 910 5784 206
934 5730 974 5788 α
1004 5731 1095 5788 42.
1127 5733 1231 5788 208
1265 5731 1293 5788 b
1328 5732 1412 5788 18.

1105 5658 1150 5696 ³³
1176 5658 1267 5713 καὶ
1299 5655 1831 5719 δουοᾶαιιοόοιιεοῐ
1871 5655 2144 5727 Scaliger.

3528 5583 3572 5620 ¹²
3602 5578 3814 5647 αύτοὺς

2918 5582 2959 5618 ¹ί
2995 5576 3141 5651 αύτῳ
3169 5580 3303 5637 add.
3337 5583 3407 5637 Α.

3449 5649 3545 5708 ἅτε
3720 5659 3813 5714 ct.

2181 5582 2226 5617 ¹⁰
2254 5576 2485 5653 ἀποτίσῃ
2519 5578 2792 5652 Scaliger.
2918 5582 2959 5618 “
2995 5576 3141 5651 αύτῳ
3169 5580 3303 5637 add.
3337 5583 3406 5637 Α.

2259 5652 2307 5687 ¹⁴
2336 5651 2749 5725 κατηνέχθησαν
2968 5652 3009 5687 ¹⁸
3049 5650 3164 5727 ἅμα
3202 5672 3259 5708 τε
3294 5657 3357 5710 Α.
3393 5671 3406 5709 :

2259 5652 2307 5687 ¹⁴
2336 5650 2749 5725 κατηνέχθησαν
2778 5650 2841 5725 ς’
2847 5696 2861 5711 .
