  <div class='ocr_page' id='page_1' title='image "/cluster/home/n/w/nwhite01/storage/ocr_20150623/103/hvd.32044054112495/476.png"; bbox 0 0 4116 6224; ppageno 0'>
   <div class='ocr_carea' id='block_1_1' title="bbox 1115 0 2092 132">
    <p class='ocr_par' dir='ltr' id='par_1_1' title="bbox 1115 0 2092 132">
     <span class='ocr_line' id='line_1_1' title="bbox 1115 0 2092 132; baseline -0.003 -53"><span class='ocrx_word' id='word_1_1' title='bbox 1501 73 1503 75; x_wconf 88' lang='grc'>.</span> <span class='ocrx_word' id='word_1_2' title='bbox 1904 0 2092 77; x_wconf 52' lang='grc' dir='ltr'><strong>³⁷’κχ</strong></span> 
     </span>
    </p>
   </div>
   <div class='ocr_carea' id='block_1_2' title="bbox 1357 138 1468 167">
    <p class='ocr_par' dir='ltr' id='par_1_2' title="bbox 1357 138 1468 167">
     <span class='ocr_line' id='line_1_2' title="bbox 1357 138 1468 167; baseline 0 0"><span class='ocrx_word' id='word_1_3' title='bbox 1357 138 1468 167; x_wconf 41' lang='grc' dir='ltr'><strong>κε’-κ</strong></span> 
     </span>
    </p>
   </div>
   <div class='ocr_carea' id='block_1_3' title="bbox 1475 175 1556 205">
    <p class='ocr_par' dir='ltr' id='par_1_3' title="bbox 1475 175 1556 205">
     <span class='ocr_line' id='line_1_3' title="bbox 1475 175 1556 205; baseline 0 0"><span class='ocrx_word' id='word_1_4' title='bbox 1475 175 1556 205; x_wconf 67' lang='lat'>\</span> 
     </span>
    </p>
   </div>
   <div class='ocr_carea' id='block_1_4' title="bbox 1573 207 1620 214">
    <p class='ocr_par' dir='ltr' id='par_1_4' title="bbox 1573 207 1620 214">
     <span class='ocr_line' id='line_1_4' title="bbox 1573 207 1620 214; baseline 0.043 -2"><span class='ocrx_word' id='word_1_5' title='bbox 1573 207 1620 214; x_wconf 48' lang='grc' dir='ltr'><strong>ῃ</strong></span> 
     </span>
    </p>
   </div>
   <div class='ocr_carea' id='block_1_5' title="bbox 365 378 484 440">
    <p class='ocr_par' dir='ltr' id='par_1_5' title="bbox 365 378 484 440">
     <span class='ocr_line' id='line_1_5' title="bbox 365 378 484 440; baseline -0.017 0"><span class='ocrx_word' id='word_1_6' title='bbox 365 378 484 440; x_wconf 86' lang='grc'><strong>913</strong></span> 
     </span>
    </p>
   </div>
   <div class='ocr_carea' id='block_1_6' title="bbox 1439 364 2684 433">
    <p class='ocr_par' dir='ltr' id='par_1_6' title="bbox 1439 364 2684 433">
     <span class='ocr_line' id='line_1_6' title="bbox 1439 364 2684 433; baseline 0.004 -5"><span class='ocrx_word' id='word_1_7' title='bbox 1439 364 1984 429; x_wconf 83' lang='lat' dir='ltr'><strong>BIBLIOTHECA.</strong></span> <span class='ocrx_word' id='word_1_8' title='bbox 2032 400 2109 410; x_wconf 92' lang='lat'><strong>—</strong></span> <span class='ocrx_word' id='word_1_9' title='bbox 2151 368 2323 430; x_wconf 91' lang='lat' dir='ltr'><strong>COD.</strong></span> <span class='ocrx_word' id='word_1_10' title='bbox 2371 369 2684 433; x_wconf 84' lang='lat' dir='ltr'><strong>CCXXIV.</strong></span> 
     </span>
    </p>
   </div>
   <div class='ocr_carea' id='block_1_7' title="bbox 3657 376 3776 440">
    <p class='ocr_par' dir='ltr' id='par_1_7' title="bbox 3657 376 3776 440">
     <span class='ocr_line' id='line_1_7' title="bbox 3657 376 3776 440; baseline 0.034 -4"><span class='ocrx_word' id='word_1_11' title='bbox 3657 376 3776 440; x_wconf 72' lang='lat' dir='ltr'><strong>9M</strong></span> 
     </span>
    </p>
   </div>
   <div class='ocr_carea' id='block_1_8' title="bbox 369 496 1988 588">
    <p class='ocr_par' dir='ltr' id='par_1_8' title="bbox 369 496 1988 588">
     <span class='ocr_line' id='line_1_8' title="bbox 369 496 1988 588; baseline -0.007 -24"><span class='ocrx_word' id='word_1_12' title='bbox 369 511 496 588; x_wconf 84' lang='grc' dir='ltr'>βίον</span> <span class='ocrx_word' id='word_1_13' title='bbox 553 506 872 588; x_wconf 70' lang='grc' dir='ltr'>φιλόσοφοι,</span> <span class='ocrx_word' id='word_1_14' title='bbox 904 504 996 561; x_wconf 83' lang='grc' dir='ltr'>τὸν</span> <span class='ocrx_word' id='word_1_15' title='bbox 1054 498 1393 577; x_wconf 79' lang='grc' dir='ltr'><strong>Μιθριδάτην</strong></span> <span class='ocrx_word' id='word_1_16' title='bbox 1445 497 1658 588; x_wconf 82' lang='grc' dir='ltr'>μᾶλλον</span> <span class='ocrx_word' id='word_1_17' title='bbox 1701 496 1988 575; x_wconf 57' lang='grc' dir='ltr'>διέσυρονί</span> 
     </span>
    </p>
   </div>
   <div class='ocr_carea' id='block_1_9' title="bbox 2099 496 3771 588">
    <p class='ocr_par' dir='ltr' id='par_1_9' title="bbox 2127 503 3771 585">
     <span class='ocr_line' id='line_1_9' title="bbox 2127 503 3771 585; baseline 0.008 -28"><span class='ocrx_word' id='word_1_18' title='bbox 2127 507 2333 575; x_wconf 86' lang='lat' dir='ltr'><strong>parent</strong></span> <span class='ocrx_word' id='word_1_19' title='bbox 2355 503 2747 563; x_wconf 83' lang='lat' dir='ltr'><strong>Mithridatem</strong></span> <span class='ocrx_word' id='word_1_20' title='bbox 2774 523 2950 579; x_wconf 87' lang='lat' dir='ltr'><strong>quam</strong></span> <span class='ocrx_word' id='word_1_21' title='bbox 2973 511 3475 584; x_wconf 79' lang='lat' dir='ltr'><strong>commendarent)</strong></span> <span class='ocrx_word' id='word_1_22' title='bbox 3496 511 3556 568; x_wconf 93' lang='lat' dir='ltr'><strong>in</strong></span> <span class='ocrx_word' id='word_1_23' title='bbox 3577 527 3771 585; x_wconf 82' lang='lat' dir='ltr'><strong>regem</strong></span> 
     </span>
    </p>
   </div>
   <div class='ocr_carea' id='block_1_10' title="bbox 364 585 1988 675">
    <p class='ocr_par' dir='ltr' id='par_1_10' title="bbox 364 585 1987 675">
     <span class='ocr_line' id='line_1_10' title="bbox 364 585 1987 675; baseline -0.006 -22"><span class='ocrx_word' id='word_1_24' title='bbox 364 585 647 672; x_wconf 82' lang='grc' dir='ltr'>συνίστων)</span> <span class='ocrx_word' id='word_1_25' title='bbox 707 594 936 671; x_wconf 79' lang='grc' dir='ltr'><strong>ὥρμητο</strong></span> <span class='ocrx_word' id='word_1_26' title='bbox 996 590 1084 647; x_wconf 82' lang='grc' dir='ltr'><strong>ἐπὶ</strong></span> <span class='ocrx_word' id='word_1_27' title='bbox 1127 591 1219 645; x_wconf 86' lang='grc' dir='ltr'>τὸν</span> <span class='ocrx_word' id='word_1_28' title='bbox 1269 585 1634 661; x_wconf 81' lang='grc' dir='ltr'>Μιθριδάτην.</span> <span class='ocrx_word' id='word_1_29' title='bbox 1668 589 1772 675; x_wconf 66' lang='grc' dir='ltr'><strong>Καὶ</strong></span> <span class='ocrx_word' id='word_1_30' title='bbox 1822 590 1902 660; x_wconf 80' lang='grc' dir='ltr'><strong>τῷ</strong></span> <span class='ocrx_word' id='word_1_31' title='bbox 1957 610 1987 644; x_wconf 89' lang='grc' dir='ltr'><strong>τ</strong></span> 
     </span>
    </p>
   </div>
   <div class='ocr_carea' id='block_1_11' title="bbox 2099 585 3773 675">
    <p class='ocr_par' dir='ltr' id='par_1_11' title="bbox 2125 593 3773 675">
     <span class='ocr_line' id='line_1_11' title="bbox 2125 593 3773 675; baseline 0.008 -28"><span class='ocrx_word' id='word_1_32' title='bbox 2125 593 2334 652; x_wconf 83' lang='lat' dir='ltr'><strong>movit:</strong></span> <span class='ocrx_word' id='word_1_33' title='bbox 2366 599 2423 648; x_wconf 91' lang='lat' dir='ltr'><strong>et</strong></span> <span class='ocrx_word' id='word_1_34' title='bbox 2471 595 2836 652; x_wconf 79' lang='lat' dir='ltr'><strong>Ariobarzani</strong></span> <span class='ocrx_word' id='word_1_35' title='bbox 2889 613 3134 668; x_wconf 86' lang='lat' dir='ltr'><strong>regnum</strong></span> <span class='ocrx_word' id='word_1_36' title='bbox 3169 599 3540 670; x_wconf 72' lang='lat' dir='ltr'><strong>Cappadociae</strong></span> <span class='ocrx_word' id='word_1_37' title='bbox 3589 605 3773 675; x_wconf 85' lang='lat' dir='ltr'><strong>magis</strong></span> 
     </span>
    </p>
   </div>
   <div class='ocr_carea' id='block_1_12' title="bbox 366 672 2011 760">
    <p class='ocr_par' dir='ltr' id='par_1_12' title="bbox 366 672 2011 760">
     <span class='ocr_line' id='line_1_12' title="bbox 366 672 2011 760; baseline -0.009 -16"><span class='ocrx_word' id='word_1_38' title='bbox 366 684 758 747; x_wconf 73' lang='grc' dir='ltr'><strong>Καππαδοκίας</strong></span> <span class='ocrx_word' id='word_1_39' title='bbox 816 678 1215 760; x_wconf 79' lang='grc' dir='ltr'>’Λριοϐαρζάνῃ</span> <span class='ocrx_word' id='word_1_40' title='bbox 1262 679 1364 748; x_wconf 82' lang='grc' dir='ltr'>τὴν</span> <span class='ocrx_word' id='word_1_41' title='bbox 1428 678 1610 755; x_wconf 76' lang='grc' dir='ltr'>ἀρχὴν</span> <span class='ocrx_word' id='word_1_42' title='bbox 1666 672 2011 753; x_wconf 75' lang='grc' dir='ltr'>βεϐαιοτέραν</span> 
     </span>
    </p>
   </div>
   <div class='ocr_carea' id='block_1_13' title="bbox 364 764 2012 841">
    <p class='ocr_par' dir='ltr' id='par_1_13' title="bbox 364 764 2012 841">
     <span class='ocr_line' id='line_1_13' title="bbox 364 764 2012 841; baseline -0.007 -9"><span class='ocrx_word' id='word_1_43' title='bbox 364 777 559 841; x_wconf 73' lang='grc' dir='ltr'>ἰποίει,</span> <span class='ocrx_word' id='word_1_44' title='bbox 589 777 678 830; x_wconf 80' lang='grc' dir='ltr'><strong>καὶ</strong></span> <span class='ocrx_word' id='word_1_45' title='bbox 741 773 828 829; x_wconf 81' lang='grc' dir='ltr'><strong>ἐπὶ</strong></span> <span class='ocrx_word' id='word_1_46' title='bbox 882 777 1001 833; x_wconf 85' lang='grc' dir='ltr'>ταῖς</span> <span class='ocrx_word' id='word_1_47' title='bbox 1062 764 1340 828; x_wconf 68' lang='grc' dir='ltr'>εἰσϐολαῖς</span> <span class='ocrx_word' id='word_1_48' title='bbox 1409 769 1455 803; x_wconf 81' lang='grc'><strong>¹⁶</strong></span> <span class='ocrx_word' id='word_1_49' title='bbox 1511 773 1611 834; x_wconf 80' lang='grc' dir='ltr'><strong>τῆς</strong></span> <span class='ocrx_word' id='word_1_50' title='bbox 1680 764 2012 840; x_wconf 75' lang='grc' dir='ltr'>Μιθριδάτου</span> 
     </span>
    </p>
   </div>
   <div class='ocr_carea' id='block_1_14' title="bbox 2126 681 3766 761">
    <p class='ocr_par' dir='ltr' id='par_1_14' title="bbox 2126 681 3766 761">
     <span class='ocr_line' id='line_1_14' title="bbox 2126 681 3766 761; baseline 0.008 -27"><span class='ocrx_word' id='word_1_51' title='bbox 2126 681 2472 737; x_wconf 88' lang='lat' dir='ltr'><strong>confirmat:</strong></span> <span class='ocrx_word' id='word_1_52' title='bbox 2508 687 2564 738; x_wconf 92' lang='lat' dir='ltr'><strong>et</strong></span> <span class='ocrx_word' id='word_1_53' title='bbox 2595 685 2748 739; x_wconf 85' lang='lat' dir='ltr'><strong>circa</strong></span> <span class='ocrx_word' id='word_1_54' title='bbox 2793 685 3127 758; x_wconf 83' lang='lat' dir='ltr'><strong>ingressum</strong></span> <span class='ocrx_word' id='word_1_55' title='bbox 3170 690 3330 758; x_wconf 85' lang='lat' dir='ltr'><strong>regni</strong></span> <span class='ocrx_word' id='word_1_56' title='bbox 3365 689 3766 761; x_wconf 76' lang='lat' dir='ltr'><strong>Mithridatici,</strong></span> 
     </span>
    </p>
   </div>
   <div class='ocr_carea' id='block_1_15' title="bbox 2125 771 3770 834">
    <p class='ocr_par' dir='ltr' id='par_1_15' title="bbox 2125 771 3770 834">
     <span class='ocr_line' id='line_1_15' title="bbox 2125 771 3770 834; baseline 0.006 -10"><span class='ocrx_word' id='word_1_57' title='bbox 2125 771 2324 825; x_wconf 89' lang='lat' dir='ltr'><strong>urbem</strong></span> <span class='ocrx_word' id='word_1_58' title='bbox 2356 773 2556 828; x_wconf 90' lang='lat' dir='ltr'><strong>condit</strong></span> <span class='ocrx_word' id='word_1_59' title='bbox 2585 773 2861 830; x_wconf 69' lang='lat' dir='ltr'><strong>Nicaeam.</strong></span> <span class='ocrx_word' id='word_1_60' title='bbox 2888 775 3043 830; x_wconf 85' lang='lat' dir='ltr'><strong>Inter</strong></span> <span class='ocrx_word' id='word_1_61' title='bbox 3068 776 3182 833; x_wconf 82' lang='lat' dir='ltr'><strong>haec</strong></span> <span class='ocrx_word' id='word_1_62' title='bbox 3209 776 3446 832; x_wconf 80' lang='lat' dir='ltr'><strong>Murena</strong></span> <span class='ocrx_word' id='word_1_63' title='bbox 3470 787 3524 834; x_wconf 88' lang='lat' dir='ltr'><strong>et</strong></span> <span class='ocrx_word' id='word_1_64' title='bbox 3547 779 3770 834; x_wconf 89' lang='lat' dir='ltr'><strong>Mithri-</strong></span> 
     </span>
    </p>
   </div>
   <div class='ocr_carea' id='block_1_16' title="bbox 366 854 1988 943">
    <p class='ocr_par' dir='ltr' id='par_1_16' title="bbox 366 854 1986 943">
     <span class='ocr_line' id='line_1_16' title="bbox 366 854 1986 943; baseline -0.007 -21"><span class='ocrx_word' id='word_1_65' title='bbox 366 864 647 943; x_wconf 74' lang='grc' dir='ltr'><strong>βασιλείας</strong></span> <span class='ocrx_word' id='word_1_66' title='bbox 703 863 873 933; x_wconf 83' lang='grc' dir='ltr'>κτίζει</span> <span class='ocrx_word' id='word_1_67' title='bbox 940 856 1104 916; x_wconf 77' lang='grc' dir='ltr'>πόλιν</span> <span class='ocrx_word' id='word_1_68' title='bbox 1157 857 1436 914; x_wconf 86' lang='grc' dir='ltr'>Ἐκίνειαν.</span> <span class='ocrx_word' id='word_1_69' title='bbox 1484 858 1571 912; x_wconf 80' lang='grc' dir='ltr'>Ἐν</span> <span class='ocrx_word' id='word_1_70' title='bbox 1615 854 1830 918; x_wconf 79' lang='grc' dir='ltr'>τούτοις</span> <span class='ocrx_word' id='word_1_71' title='bbox 1871 855 1902 910; x_wconf 79' lang='grc' dir='ltr'>ὅ</span> <span class='ocrx_word' id='word_1_72' title='bbox 1957 877 1986 910; x_wconf 91' lang='grc' dir='ltr'><strong>τ</strong></span> 
     </span>
    </p>
   </div>
   <div class='ocr_carea' id='block_1_17' title="bbox 2099 854 3767 943">
    <p class='ocr_par' dir='ltr' id='par_1_17' title="bbox 2121 859 3767 938">
     <span class='ocr_line' id='line_1_17' title="bbox 2121 859 3767 938; baseline 0.007 -25"><span class='ocrx_word' id='word_1_73' title='bbox 2121 859 2303 926; x_wconf 89' lang='lat' dir='ltr'><strong>dates,</strong></span> <span class='ocrx_word' id='word_1_74' title='bbox 2330 877 2432 931; x_wconf 89' lang='lat' dir='ltr'><strong>pro</strong></span> <span class='ocrx_word' id='word_1_75' title='bbox 2463 877 2524 916; x_wconf 84' lang='lat' dir='ltr'><strong>se</strong></span> <span class='ocrx_word' id='word_1_76' title='bbox 2552 863 2800 934; x_wconf 87' lang='lat' dir='ltr'><strong>quisque</strong></span> <span class='ocrx_word' id='word_1_77' title='bbox 2840 869 3040 920; x_wconf 85' lang='lat' dir='ltr'><strong>contra</strong></span> <span class='ocrx_word' id='word_1_78' title='bbox 3065 865 3308 921; x_wconf 88' lang='lat' dir='ltr'><strong>alterum</strong></span> <span class='ocrx_word' id='word_1_79' title='bbox 3345 867 3567 938; x_wconf 84' lang='lat' dir='ltr'><strong>legatis,</strong></span> <span class='ocrx_word' id='word_1_80' title='bbox 3593 867 3767 924; x_wconf 86' lang='lat' dir='ltr'><strong>Hera-</strong></span> 
     </span>
    </p>
   </div>
   <div class='ocr_carea' id='block_1_18' title="bbox 362 939 2009 1028">
    <p class='ocr_par' dir='ltr' id='par_1_18' title="bbox 362 939 2009 1028">
     <span class='ocr_line' id='line_1_18' title="bbox 362 939 2009 1028; baseline -0.01 -16"><span class='ocrx_word' id='word_1_81' title='bbox 362 939 658 1028; x_wconf 69' lang='grc' dir='ltr'>Μουρήνας</span> <span class='ocrx_word' id='word_1_82' title='bbox 715 952 804 1008; x_wconf 84' lang='grc' dir='ltr'><strong>καὶ</strong></span> <span class='ocrx_word' id='word_1_83' title='bbox 848 953 877 1007; x_wconf 84' lang='grc' dir='ltr'>ὁ</span> <span class='ocrx_word' id='word_1_84' title='bbox 928 947 1268 1023; x_wconf 73' lang='grc' dir='ltr'>Μιθριδάτης</span> <span class='ocrx_word' id='word_1_85' title='bbox 1340 939 1817 1020; x_wconf 77' lang='grc' dir='ltr'>δια-πρεσϐεύονται</span> <span class='ocrx_word' id='word_1_86' title='bbox 1873 946 2009 1019; x_wconf 83' lang='grc' dir='ltr'>πρὸς</span> 
     </span>
    </p>
   </div>
   <div class='ocr_carea' id='block_1_19' title="bbox 359 1033 2009 1118">
    <p class='ocr_par' dir='ltr' id='par_1_19' title="bbox 359 1033 2009 1118">
     <span class='ocr_line' id='line_1_19' title="bbox 359 1033 2009 1118; baseline -0.008 -18"><span class='ocrx_word' id='word_1_87' title='bbox 359 1041 766 1118; x_wconf 82' lang='grc' dir='ltr'><strong>Ἡρακλεώτας,</strong></span> <span class='ocrx_word' id='word_1_88' title='bbox 803 1039 903 1096; x_wconf 79' lang='grc' dir='ltr'>ἀνὰ</span> <span class='ocrx_word' id='word_1_89' title='bbox 962 1039 1124 1112; x_wconf 71' lang='grc' dir='ltr'>μέρος</span> <span class='ocrx_word' id='word_1_90' title='bbox 1182 1035 1434 1108; x_wconf 69' lang='grc' dir='ltr'>ἑκάτερος</span> <span class='ocrx_word' id='word_1_91' title='bbox 1472 1033 1605 1087; x_wconf 78' lang='grc' dir='ltr'>κατὰ</span> <span class='ocrx_word' id='word_1_92' title='bbox 1671 1036 1768 1087; x_wconf 82' lang='grc' dir='ltr'><strong>τοῦ</strong></span> <span class='ocrx_word' id='word_1_93' title='bbox 1827 1033 2009 1107; x_wconf 71' lang='grc' dir='ltr'>ἑτέρου</span> 
     </span>
    </p>
   </div>
   <div class='ocr_carea' id='block_1_20' title="bbox 359 1124 2006 1204">
    <p class='ocr_par' dir='ltr' id='par_1_20' title="bbox 359 1124 2006 1204">
     <span class='ocr_line' id='line_1_20' title="bbox 359 1124 2006 1204; baseline -0.005 -16"><span class='ocrx_word' id='word_1_94' title='bbox 359 1134 545 1190; x_wconf 84' lang='grc' dir='ltr'>καλῶν</span> <span class='ocrx_word' id='word_1_95' title='bbox 606 1131 692 1187; x_wconf 76' lang='grc' dir='ltr'><strong>ἐπὶ</strong></span> <span class='ocrx_word' id='word_1_96' title='bbox 758 1129 1075 1204; x_wconf 78' lang='grc' dir='ltr'>συμμαχίᾳ.</span> <span class='ocrx_word' id='word_1_97' title='bbox 1109 1129 1232 1184; x_wconf 81' lang='grc' dir='ltr'><strong>Τῶν</strong></span> <span class='ocrx_word' id='word_1_98' title='bbox 1287 1126 1382 1198; x_wconf 75' lang='grc' dir='ltr'>μὲν</span> <span class='ocrx_word' id='word_1_99' title='bbox 1432 1124 1530 1179; x_wconf 74' lang='grc' dir='ltr'>οὖν</span> <span class='ocrx_word' id='word_1_100' title='bbox 1562 1124 1849 1199; x_wconf 84' lang='grc' dir='ltr'>Ῥωμαίων</span> <span class='ocrx_word' id='word_1_101' title='bbox 1906 1128 2006 1195; x_wconf 74' lang='grc' dir='ltr'>τὴν</span> 
     </span>
    </p>
   </div>
   <div class='ocr_carea' id='block_1_21' title="bbox 359 1212 2008 1299">
    <p class='ocr_par' dir='ltr' id='par_1_21' title="bbox 359 1212 2008 1299">
     <span class='ocr_line' id='line_1_21' title="bbox 359 1212 2008 1299; baseline -0.005 -21"><span class='ocrx_word' id='word_1_102' title='bbox 359 1222 519 1298; x_wconf 71' lang='grc' dir='ltr'>ἰσχὺν</span> <span class='ocrx_word' id='word_1_103' title='bbox 559 1217 792 1299; x_wconf 71' lang='grc' dir='ltr'>φοϐερὰν</span> <span class='ocrx_word' id='word_1_104' title='bbox 837 1222 1099 1296; x_wconf 78' lang='grc' dir='ltr'>ἡγοῦντο,</span> <span class='ocrx_word' id='word_1_105' title='bbox 1132 1213 1427 1290; x_wconf 72' lang='grc' dir='ltr'>ὠρρώδουν</span> <span class='ocrx_word' id='word_1_106' title='bbox 1475 1212 1532 1270; x_wconf 72' lang='grc' dir='ltr'>δὲ</span> <span class='ocrx_word' id='word_1_107' title='bbox 1596 1217 1686 1270; x_wconf 85' lang='grc' dir='ltr'>καὶ</span> <span class='ocrx_word' id='word_1_108' title='bbox 1738 1218 1838 1284; x_wconf 75' lang='grc' dir='ltr'><strong>την</strong></span> <span class='ocrx_word' id='word_1_109' title='bbox 1887 1237 2008 1292; x_wconf 84' lang='grc' dir='ltr'>γει-</span> 
     </span>
    </p>
   </div>
   <div class='ocr_carea' id='block_1_22' title="bbox 354 1305 2005 1382">
    <p class='ocr_par' dir='ltr' id='par_1_22' title="bbox 354 1305 2005 1382">
     <span class='ocr_line' id='line_1_22' title="bbox 354 1305 2005 1382; baseline -0.004 -15"><span class='ocrx_word' id='word_1_110' title='bbox 354 1312 559 1367; x_wconf 86' lang='grc' dir='ltr'>τνίασιν</span> <span class='ocrx_word' id='word_1_111' title='bbox 605 1315 703 1366; x_wconf 76' lang='grc' dir='ltr'><strong>τοῦ</strong></span> <span class='ocrx_word' id='word_1_112' title='bbox 770 1306 1130 1382; x_wconf 85' lang='grc' dir='ltr'>Μιθριδάτου.</span> <span class='ocrx_word' id='word_1_113' title='bbox 1195 1305 1288 1360; x_wconf 86' lang='grc' dir='ltr'><strong>Διὸ</strong></span> <span class='ocrx_word' id='word_1_114' title='bbox 1345 1305 1738 1378; x_wconf 79' lang='grc' dir='ltr'>ἀποκρίνονται</span> <span class='ocrx_word' id='word_1_115' title='bbox 1799 1307 1840 1342; x_wconf 80' lang='grc' dir='ltr'>ί⁷</span> <span class='ocrx_word' id='word_1_116' title='bbox 1887 1311 2005 1368; x_wconf 87' lang='grc' dir='ltr'>τοῖς</span> 
     </span>
    </p>
   </div>
   <div class='ocr_carea' id='block_1_23' title="bbox 359 1389 2005 1476">
    <p class='ocr_par' dir='ltr' id='par_1_23' title="bbox 359 1389 2005 1476">
     <span class='ocr_line' id='line_1_23' title="bbox 359 1389 2005 1476; baseline -0.004 -19"><span class='ocrx_word' id='word_1_117' title='bbox 359 1403 482 1476; x_wconf 69' lang='grc' dir='ltr'>ῖ381</span> <span class='ocrx_word' id='word_1_118' title='bbox 519 1403 610 1474; x_wconf 83' lang='grc' dir='ltr'><strong>Η.]</strong></span> <span class='ocrx_word' id='word_1_119' title='bbox 641 1401 768 1474; x_wconf 85' lang='grc' dir='ltr'>παρ’</span> <span class='ocrx_word' id='word_1_120' title='bbox 807 1399 984 1454; x_wconf 77' lang='grc' dir='ltr'>αὐτῶν</span> <span class='ocrx_word' id='word_1_121' title='bbox 1043 1389 1328 1470; x_wconf 71' lang='grc' dir='ltr'>πρέσϐεσιν</span> <span class='ocrx_word' id='word_1_122' title='bbox 1383 1394 1458 1456; x_wconf 82' lang='grc' dir='ltr'><strong>ὡς</strong></span> <span class='ocrx_word' id='word_1_123' title='bbox 1514 1393 1787 1449; x_wconf 77' lang='grc' dir='ltr'>τοσούτων</span> <span class='ocrx_word' id='word_1_124' title='bbox 1834 1395 2005 1452; x_wconf 76' lang='grc' dir='ltr'>πολέ-</span> 
     </span>
    </p>
   </div>
   <div class='ocr_carea' id='block_1_24' title="bbox 2121 947 3766 1027">
    <p class='ocr_par' dir='ltr' id='par_1_24' title="bbox 2121 947 3766 1027">
     <span class='ocr_line' id='line_1_24' title="bbox 2121 947 3766 1027; baseline 0.007 -25"><span class='ocrx_word' id='word_1_125' title='bbox 2121 947 2368 1004; x_wconf 82' lang='lat' dir='ltr'><strong>clienses</strong></span> <span class='ocrx_word' id='word_1_126' title='bbox 2411 950 2481 1005; x_wconf 91' lang='lat' dir='ltr'><strong>de</strong></span> <span class='ocrx_word' id='word_1_127' title='bbox 2522 952 2752 1007; x_wconf 85' lang='lat' dir='ltr'><strong>auxiliis</strong></span> <span class='ocrx_word' id='word_1_128' title='bbox 2802 953 3134 1009; x_wconf 77' lang='lat' dir='ltr'><strong>sollicitant.</strong></span> <span class='ocrx_word' id='word_1_129' title='bbox 3186 955 3298 1010; x_wconf 88' lang='lat' dir='ltr'><strong>Sed</strong></span> <span class='ocrx_word' id='word_1_130' title='bbox 3330 972 3462 1010; x_wconf 90' lang='lat' dir='ltr'><strong>cum</strong></span> <span class='ocrx_word' id='word_1_131' title='bbox 3507 958 3766 1027; x_wconf 90' lang='lat' dir='ltr'><strong>potentia</strong></span> 
     </span>
    </p>
   </div>
   <div class='ocr_carea' id='block_1_25' title="bbox 2120 1039 3765 1114">
    <p class='ocr_par' dir='ltr' id='par_1_25' title="bbox 2120 1039 3765 1114">
     <span class='ocr_line' id='line_1_25' title="bbox 2120 1039 3765 1114; baseline 0.007 -24"><span class='ocrx_word' id='word_1_132' title='bbox 2120 1040 2511 1093; x_wconf 85' lang='lat' dir='ltr'><strong>Romanorum</strong></span> <span class='ocrx_word' id='word_1_133' title='bbox 2537 1039 2922 1096; x_wconf 80' lang='lat' dir='ltr'><strong>formidabilis</strong></span> <span class='ocrx_word' id='word_1_134' title='bbox 2948 1043 3424 1114; x_wconf 89' lang='lat' dir='ltr'><strong>videreturipsis,</strong></span> <span class='ocrx_word' id='word_1_135' title='bbox 3456 1049 3513 1100; x_wconf 86' lang='lat' dir='ltr'><strong>et</strong></span> <span class='ocrx_word' id='word_1_136' title='bbox 3544 1045 3765 1102; x_wconf 91' lang='lat' dir='ltr'><strong>Mithri-</strong></span> 
     </span>
    </p>
   </div>
   <div class='ocr_carea' id='block_1_26' title="bbox 2118 1125 3758 1206">
    <p class='ocr_par' dir='ltr' id='par_1_26' title="bbox 2118 1125 3758 1206">
     <span class='ocr_line' id='line_1_26' title="bbox 2118 1125 3758 1206; baseline 0.008 -28"><span class='ocrx_word' id='word_1_137' title='bbox 2118 1125 2271 1180; x_wconf 82' lang='lat' dir='ltr'><strong>datis</strong></span> <span class='ocrx_word' id='word_1_138' title='bbox 2289 1125 2639 1183; x_wconf 79' lang='lat' dir='ltr'><strong>vicinitatem</strong></span> <span class='ocrx_word' id='word_1_139' title='bbox 2661 1130 2833 1184; x_wconf 88' lang='lat' dir='ltr'><strong>etiam</strong></span> <span class='ocrx_word' id='word_1_140' title='bbox 2855 1131 3148 1196; x_wconf 87' lang='lat' dir='ltr'><strong>timerent,</strong></span> <span class='ocrx_word' id='word_1_141' title='bbox 3165 1131 3371 1203; x_wconf 86' lang='lat' dir='ltr'><strong>legatis</strong></span> <span class='ocrx_word' id='word_1_142' title='bbox 3391 1137 3758 1206; x_wconf 86' lang='lat' dir='ltr'><strong>respondent,</strong></span> 
     </span>
    </p>
   </div>
   <div class='ocr_carea' id='block_1_27' title="bbox 2116 1215 3761 1296">
    <p class='ocr_par' dir='ltr' id='par_1_27' title="bbox 2116 1215 3761 1296">
     <span class='ocr_line' id='line_1_27' title="bbox 2116 1215 3761 1296; baseline 0.007 -26"><span class='ocrx_word' id='word_1_143' title='bbox 2116 1215 2175 1271; x_wconf 92' lang='lat' dir='ltr'><strong>in</strong></span> <span class='ocrx_word' id='word_1_144' title='bbox 2207 1220 2370 1272; x_wconf 86' lang='lat' dir='ltr'><strong>tanta</strong></span> <span class='ocrx_word' id='word_1_145' title='bbox 2419 1217 2698 1274; x_wconf 89' lang='lat' dir='ltr'><strong>bellorum</strong></span> <span class='ocrx_word' id='word_1_146' title='bbox 2745 1225 3106 1292; x_wconf 82' lang='lat' dir='ltr'><strong>tempestate,</strong></span> <span class='ocrx_word' id='word_1_147' title='bbox 3151 1223 3468 1279; x_wconf 77' lang='lat' dir='ltr'><strong>difficulter</strong></span> <span class='ocrx_word' id='word_1_148' title='bbox 3499 1227 3761 1296; x_wconf 86' lang='lat' dir='ltr'><strong>proprios</strong></span> 
     </span>
    </p>
   </div>
   <div class='ocr_carea' id='block_1_28' title="bbox 2115 1306 3758 1385">
    <p class='ocr_par' dir='ltr' id='par_1_28' title="bbox 2115 1306 3758 1385">
     <span class='ocr_line' id='line_1_28' title="bbox 2115 1306 3758 1385; baseline 0.006 -25"><span class='ocrx_word' id='word_1_149' title='bbox 2115 1322 2178 1362; x_wconf 92' lang='lat' dir='ltr'><strong>se</strong></span> <span class='ocrx_word' id='word_1_150' title='bbox 2210 1306 2361 1362; x_wconf 90' lang='lat' dir='ltr'><strong>lares</strong></span> <span class='ocrx_word' id='word_1_151' title='bbox 2393 1308 2563 1374; x_wconf 88' lang='lat' dir='ltr'><strong>tueri,</strong></span> <span class='ocrx_word' id='word_1_152' title='bbox 2606 1311 2820 1364; x_wconf 86' lang='lat' dir='ltr'><strong>nedum</strong></span> <span class='ocrx_word' id='word_1_153' title='bbox 2856 1311 2989 1367; x_wconf 91' lang='lat' dir='ltr'><strong>aliis</strong></span> <span class='ocrx_word' id='word_1_154' title='bbox 3024 1312 3215 1369; x_wconf 68' lang='grc'><strong>28⁸11)</strong></span> <span class='ocrx_word' id='word_1_155' title='bbox 3262 1313 3531 1370; x_wconf 79' lang='lat' dir='ltr'><strong>auxiliari</strong></span> <span class='ocrx_word' id='word_1_156' title='bbox 3573 1331 3758 1385; x_wconf 87' lang='lat' dir='ltr'><strong>posse.</strong></span> 
     </span>
    </p>
   </div>
   <div class='ocr_carea' id='block_1_29' title="bbox 2114 1395 3762 1474">
    <p class='ocr_par' dir='ltr' id='par_1_29' title="bbox 2114 1395 3762 1474">
     <span class='ocr_line' id='line_1_29' title="bbox 2114 1395 3762 1474; baseline 0.005 -22"><span class='ocrx_word' id='word_1_157' title='bbox 2114 1395 2368 1452; x_wconf 67' lang='lat' dir='ltr'><strong>Murenae</strong></span> <span class='ocrx_word' id='word_1_158' title='bbox 2437 1402 2632 1454; x_wconf 89' lang='lat' dir='ltr'><strong>tamen</strong></span> <span class='ocrx_word' id='word_1_159' title='bbox 2694 1416 2808 1455; x_wconf 90' lang='lat' dir='ltr'><strong>non</strong></span> <span class='ocrx_word' id='word_1_160' title='bbox 2869 1401 3038 1471; x_wconf 88' lang='lat' dir='ltr'><strong>pauci</strong></span> <span class='ocrx_word' id='word_1_161' title='bbox 3107 1402 3249 1458; x_wconf 91' lang='lat' dir='ltr'><strong>dant</strong></span> <span class='ocrx_word' id='word_1_162' title='bbox 3306 1403 3640 1474; x_wconf 84' lang='lat' dir='ltr'><strong>consilium,</strong></span> <span class='ocrx_word' id='word_1_163' title='bbox 3701 1409 3762 1461; x_wconf 90' lang='lat' dir='ltr'><strong>ut</strong></span> 
     </span>
    </p>
   </div>
   <div class='ocr_carea' id='block_1_30' title="bbox 2111 1486 3760 1561">
    <p class='ocr_par' dir='ltr' id='par_1_30' title="bbox 2111 1486 3760 1561">
     <span class='ocr_line' id='line_1_30' title="bbox 2111 1486 3760 1561; baseline 0.007 -22"><span class='ocrx_word' id='word_1_164' title='bbox 2111 1486 2384 1558; x_wconf 90' lang='lat' dir='ltr'><strong>Sinopem</strong></span> <span class='ocrx_word' id='word_1_165' title='bbox 2416 1486 2716 1556; x_wconf 88' lang='lat' dir='ltr'><strong>invadens,</strong></span> <span class='ocrx_word' id='word_1_166' title='bbox 2749 1489 2821 1545; x_wconf 91' lang='lat' dir='ltr'><strong>de</strong></span> <span class='ocrx_word' id='word_1_167' title='bbox 2853 1489 3010 1560; x_wconf 85' lang='lat' dir='ltr'><strong>regia</strong></span> <span class='ocrx_word' id='word_1_168' title='bbox 3039 1491 3164 1561; x_wconf 90' lang='lat' dir='ltr'><strong>ipsa</strong></span> <span class='ocrx_word' id='word_1_169' title='bbox 3184 1491 3402 1548; x_wconf 88' lang='lat' dir='ltr'><strong>bellum</strong></span> <span class='ocrx_word' id='word_1_170' title='bbox 3426 1498 3672 1550; x_wconf 87' lang='lat' dir='ltr'><strong>moveat.</strong></span> <span class='ocrx_word' id='word_1_171' title='bbox 3698 1494 3760 1550; x_wconf 88' lang='lat' dir='ltr'><strong>Si</strong></span> 
     </span>
    </p>
   </div>
   <div class='ocr_carea' id='block_1_31' title="bbox 359 1480 2002 1568">
    <p class='ocr_par' dir='ltr' id='par_1_31' title="bbox 359 1480 2002 1568">
     <span class='ocr_line' id='line_1_31' title="bbox 359 1480 2002 1568; baseline -0.004 -22"><span class='ocrx_word' id='word_1_172' title='bbox 359 1513 477 1566; x_wconf 86' lang='grc' dir='ltr'><strong>μων</strong></span> <span class='ocrx_word' id='word_1_173' title='bbox 520 1488 929 1568; x_wconf 65' lang='grc' dir='ltr'>ἀναρραγέντων</span> <span class='ocrx_word' id='word_1_174' title='bbox 984 1483 1148 1558; x_wconf 81' lang='grc' dir='ltr'>μόλις</span> <span class='ocrx_word' id='word_1_175' title='bbox 1203 1482 1263 1538; x_wconf 74' lang='grc' dir='ltr'><strong>ἂν</strong></span> <span class='ocrx_word' id='word_1_176' title='bbox 1292 1484 1390 1551; x_wconf 72' lang='grc' dir='ltr'>τὴν</span> <span class='ocrx_word' id='word_1_177' title='bbox 1426 1480 1565 1538; x_wconf 81' lang='grc' dir='ltr'>ῗδίαν</span> <span class='ocrx_word' id='word_1_178' title='bbox 1603 1490 1786 1558; x_wconf 88' lang='grc' dir='ltr'>τηρεῖν</span> <span class='ocrx_word' id='word_1_179' title='bbox 1809 1481 2002 1540; x_wconf 83' lang='grc' dir='ltr'>,δύνα-</span> 
     </span>
    </p>
   </div>
   <div class='ocr_carea' id='block_1_32' title="bbox 356 1570 2006 1652">
    <p class='ocr_par' dir='ltr' id='par_1_32' title="bbox 356 1570 2006 1652">
     <span class='ocr_line' id='line_1_32' title="bbox 356 1570 2006 1652; baseline -0.004 -17"><span class='ocrx_word' id='word_1_180' title='bbox 356 1582 498 1650; x_wconf 83' lang='grc' dir='ltr'>σθαι,</span> <span class='ocrx_word' id='word_1_181' title='bbox 544 1580 680 1651; x_wconf 74' lang='grc' dir='ltr'>μήτι</span> <span class='ocrx_word' id='word_1_182' title='bbox 736 1597 797 1652; x_wconf 90' lang='grc' dir='ltr'><strong>γε</strong></span> <span class='ocrx_word' id='word_1_183' title='bbox 845 1570 1052 1649; x_wconf 72' lang='grc' dir='ltr'>ἑτέροις</span> <span class='ocrx_word' id='word_1_184' title='bbox 1110 1570 1439 1645; x_wconf 84' lang='grc' dir='ltr'>ἐπικουρεῖν.</span> <span class='ocrx_word' id='word_1_185' title='bbox 1473 1571 1648 1626; x_wconf 75' lang='grc' dir='ltr'>Ἀλλά</span> <span class='ocrx_word' id='word_1_186' title='bbox 1695 1572 1795 1647; x_wconf 75' lang='grc' dir='ltr'><strong>γὰρ</strong></span> <span class='ocrx_word' id='word_1_187' title='bbox 1854 1579 2006 1628; x_wconf 86' lang='grc' dir='ltr'>Μου-</span> 
     </span>
    </p>
   </div>
   <div class='ocr_carea' id='block_1_33' title="bbox 355 1659 1988 1744">
    <p class='ocr_par' dir='ltr' id='par_1_33' title="bbox 355 1659 1988 1744">
     <span class='ocr_line' id='line_1_33' title="bbox 355 1659 1988 1744; baseline -0.003 -22"><span class='ocrx_word' id='word_1_188' title='bbox 355 1671 495 1744; x_wconf 76' lang='grc' dir='ltr'>ρήνᾳ</span> <span class='ocrx_word' id='word_1_189' title='bbox 521 1668 615 1742; x_wconf 71' lang='grc' dir='ltr'>μὲν</span> <span class='ocrx_word' id='word_1_190' title='bbox 657 1659 1077 1720; x_wconf 77' lang='grc' dir='ltr'>συνεϐούλευουν</span> <span class='ocrx_word' id='word_1_191' title='bbox 1106 1661 1209 1716; x_wconf 82' lang='grc' dir='ltr'><strong>οὐκ</strong></span> <span class='ocrx_word' id='word_1_192' title='bbox 1244 1660 1422 1736; x_wconf 81' lang='grc' dir='ltr'>ὀλίγοι</span> <span class='ocrx_word' id='word_1_193' title='bbox 1458 1660 1594 1734; x_wconf 89' lang='grc' dir='ltr'>πρὸς</span> <span class='ocrx_word' id='word_1_194' title='bbox 1620 1662 1718 1728; x_wconf 78' lang='grc' dir='ltr'><strong>την</strong></span> <span class='ocrx_word' id='word_1_195' title='bbox 1746 1663 1988 1733; x_wconf 65' lang='grc' dir='ltr'>Σινώπηι</span> 
     </span>
    </p>
   </div>
   <div class='ocr_carea' id='block_1_34' title="bbox 2099 1659 3758 1744">
    <p class='ocr_par' dir='ltr' id='par_1_34' title="bbox 2110 1666 3758 1744">
     <span class='ocr_line' id='line_1_34' title="bbox 2110 1666 3758 1744; baseline 0.005 -25"><span class='ocrx_word' id='word_1_196' title='bbox 2110 1668 2224 1720; x_wconf 87' lang='lat' dir='ltr'><strong>tem</strong></span> <span class='ocrx_word' id='word_1_197' title='bbox 2258 1669 2518 1722; x_wconf 89' lang='lat' dir='ltr'><strong>ventura.</strong></span> <span class='ocrx_word' id='word_1_198' title='bbox 2550 1668 2623 1722; x_wconf 89' lang='lat' dir='ltr'><strong>At</strong></span> <span class='ocrx_word' id='word_1_199' title='bbox 2666 1666 3060 1738; x_wconf 78' lang='lat' dir='ltr'><strong>Mithridates,</strong></span> <span class='ocrx_word' id='word_1_200' title='bbox 3089 1667 3295 1725; x_wconf 83' lang='lat' dir='ltr'><strong>validis</strong></span> <span class='ocrx_word' id='word_1_201' title='bbox 3327 1669 3436 1726; x_wconf 91' lang='lat' dir='ltr'><strong>hac</strong></span> <span class='ocrx_word' id='word_1_202' title='bbox 3467 1672 3758 1744; x_wconf 71' lang='lat' dir='ltr'><strong>praesidiis</strong></span> 
     </span>
    </p>
   </div>
   <div class='ocr_carea' id='block_1_35' title="bbox 352 1749 1988 1832">
    <p class='ocr_par' dir='ltr' id='par_1_35' title="bbox 352 1749 1988 1831">
     <span class='ocr_line' id='line_1_35' title="bbox 352 1749 1988 1831; baseline -0.005 -19"><span class='ocrx_word' id='word_1_203' title='bbox 352 1759 529 1831; x_wconf 78' lang='grc' dir='ltr'>ὁρμᾷν</span> <span class='ocrx_word' id='word_1_204' title='bbox 583 1755 672 1810; x_wconf 79' lang='grc' dir='ltr'><strong>καὶ</strong></span> <span class='ocrx_word' id='word_1_205' title='bbox 739 1755 998 1828; x_wconf 73' lang='grc' dir='ltr'>περὶτοῦ</span> <span class='ocrx_word' id='word_1_206' title='bbox 1059 1749 1340 1827; x_wconf 79' lang='grc' dir='ltr'>βαςιλείου</span> <span class='ocrx_word' id='word_1_207' title='bbox 1385 1754 1552 1804; x_wconf 79' lang='grc' dir='ltr'>κινεῖν</span> <span class='ocrx_word' id='word_1_208' title='bbox 1593 1750 1684 1804; x_wconf 87' lang='grc' dir='ltr'>τὸν</span> <span class='ocrx_word' id='word_1_209' title='bbox 1735 1750 1988 1824; x_wconf 26' lang='grc' dir='ltr'>πόλεμον,</span> 
     </span>
    </p>
   </div>
   <div class='ocr_carea' id='block_1_36' title="bbox 2099 1749 3758 1832">
    <p class='ocr_par' dir='ltr' id='par_1_36' title="bbox 2111 1753 3758 1832">
     <span class='ocr_line' id='line_1_36' title="bbox 2111 1753 3758 1832; baseline 0.007 -23"><span class='ocrx_word' id='word_1_210' title='bbox 2111 1753 2493 1821; x_wconf 87' lang='lat' dir='ltr'><strong>communita,</strong></span> <span class='ocrx_word' id='word_1_211' title='bbox 2526 1755 2648 1828; x_wconf 91' lang='lat' dir='ltr'><strong>ipse</strong></span> <span class='ocrx_word' id='word_1_212' title='bbox 2678 1755 2827 1813; x_wconf 90' lang='lat' dir='ltr'><strong>bello</strong></span> <span class='ocrx_word' id='word_1_213' title='bbox 2859 1758 3111 1829; x_wconf 87' lang='lat' dir='ltr'><strong>gerendo</strong></span> <span class='ocrx_word' id='word_1_214' title='bbox 3143 1758 3449 1816; x_wconf 88' lang='lat' dir='ltr'><strong>incumbit.</strong></span> <span class='ocrx_word' id='word_1_215' title='bbox 3485 1761 3758 1832; x_wconf 84' lang='lat' dir='ltr'><strong>Interque</strong></span> 
     </span>
    </p>
   </div>
   <div class='ocr_carea' id='block_1_37' title="bbox 353 1832 1988 1922">
    <p class='ocr_par' dir='ltr' id='par_1_37' title="bbox 353 1838 1988 1916">
     <span class='ocr_line' id='line_1_37' title="bbox 353 1838 1988 1916; baseline -0.002 -16"><span class='ocrx_word' id='word_1_216' title='bbox 353 1848 429 1908; x_wconf 88' lang='grc' dir='ltr'>ὼς</span> <span class='ocrx_word' id='word_1_217' title='bbox 471 1846 516 1901; x_wconf 76' lang='grc' dir='ltr'><strong>εἰ</strong></span> <span class='ocrx_word' id='word_1_218' title='bbox 547 1847 749 1916; x_wconf 84' lang='grc' dir='ltr'>ταύτην</span> <span class='ocrx_word' id='word_1_219' title='bbox 776 1841 924 1915; x_wconf 73' lang='grc' dir='ltr'>ἕλοι,</span> <span class='ocrx_word' id='word_1_220' title='bbox 962 1849 1072 1898; x_wconf 80' lang='grc' dir='ltr'><strong>τῶν</strong></span> <span class='ocrx_word' id='word_1_221' title='bbox 1121 1841 1333 1896; x_wconf 82' lang='grc' dir='ltr'>λοιπῶν</span> <span class='ocrx_word' id='word_1_222' title='bbox 1383 1841 1643 1913; x_wconf 76' lang='grc' dir='ltr'>κρατήσει</span> <span class='ocrx_word' id='word_1_223' title='bbox 1695 1838 1894 1910; x_wconf 70' lang='grc' dir='ltr'>ῥᾳδίως</span> <span class='ocrx_word' id='word_1_224' title='bbox 1930 1862 1939 1872; x_wconf 92' lang='grc'><strong>·</strong></span> <span class='ocrx_word' id='word_1_225' title='bbox 1976 1843 1988 1896; x_wconf 80' lang='grc' dir='ltr'>ἐ</span> 
     </span>
    </p>
   </div>
   <div class='ocr_carea' id='block_1_38' title="bbox 2099 1832 3759 1922">
    <p class='ocr_par' dir='ltr' id='par_1_38' title="bbox 2113 1843 3759 1922">
     <span class='ocr_line' id='line_1_38' title="bbox 2113 1843 3759 1922; baseline 0.005 -24"><span class='ocrx_word' id='word_1_226' title='bbox 2113 1843 2282 1900; x_wconf 91' lang='lat' dir='ltr'><strong>initia</strong></span> <span class='ocrx_word' id='word_1_227' title='bbox 2311 1843 2410 1899; x_wconf 90' lang='lat' dir='ltr'><strong>ubi</strong></span> <span class='ocrx_word' id='word_1_228' title='bbox 2441 1845 2510 1900; x_wconf 90' lang='lat' dir='ltr'><strong>ad</strong></span> <span class='ocrx_word' id='word_1_229' title='bbox 2537 1861 2740 1900; x_wconf 89' lang='lat' dir='ltr'><strong>manus</strong></span> <span class='ocrx_word' id='word_1_230' title='bbox 2771 1850 3003 1903; x_wconf 88' lang='lat' dir='ltr'><strong>ventum</strong></span> <span class='ocrx_word' id='word_1_231' title='bbox 3027 1851 3173 1917; x_wconf 89' lang='lat' dir='ltr'><strong>erat,</strong></span> <span class='ocrx_word' id='word_1_232' title='bbox 3206 1849 3348 1920; x_wconf 87' lang='lat' dir='ltr'><strong>regii</strong></span> <span class='ocrx_word' id='word_1_233' title='bbox 3376 1848 3599 1905; x_wconf 89' lang='lat' dir='ltr'><strong>viribus</strong></span> <span class='ocrx_word' id='word_1_234' title='bbox 3623 1868 3759 1922; x_wconf 68' lang='lat' dir='ltr'><strong>prm-</strong></span> 
     </span>
    </p>
   </div>
   <div class='ocr_carea' id='block_1_39' title="bbox 354 1928 1988 2009">
    <p class='ocr_par' dir='ltr' id='par_1_39' title="bbox 354 1928 1988 2009">
     <span class='ocr_line' id='line_1_39' title="bbox 354 1928 1988 2009; baseline -0.003 -19"><span class='ocrx_word' id='word_1_235' title='bbox 354 1932 412 1990; x_wconf 75' lang='grc' dir='ltr'>δὲ</span> <span class='ocrx_word' id='word_1_236' title='bbox 498 1933 834 2009; x_wconf 76' lang='grc' dir='ltr'>Μιθριδάτης</span> <span class='ocrx_word' id='word_1_237' title='bbox 897 1931 1084 2006; x_wconf 79' lang='grc' dir='ltr'>πολλῇ</span> <span class='ocrx_word' id='word_1_238' title='bbox 1179 1928 1406 2003; x_wconf 77' lang='grc' dir='ltr'>δυνάμει</span> <span class='ocrx_word' id='word_1_239' title='bbox 1463 1928 1988 2005; x_wconf 80' lang='grc' dir='ltr'>κατασφαλισάμενο‹</span> 
     </span>
    </p>
   </div>
   <div class='ocr_carea' id='block_1_40' title="bbox 2099 1928 3760 2009">
    <p class='ocr_par' dir='ltr' id='par_1_40' title="bbox 2115 1932 3760 2009">
     <span class='ocr_line' id='line_1_40' title="bbox 2115 1932 3760 2009; baseline 0.005 -22"><span class='ocrx_word' id='word_1_240' title='bbox 2115 1932 2354 2005; x_wconf 90' lang='lat' dir='ltr'><strong>pollent.</strong></span> <span class='ocrx_word' id='word_1_241' title='bbox 2392 1937 2590 1990; x_wconf 82' lang='lat' dir='ltr'><strong>Postea</strong></span> <span class='ocrx_word' id='word_1_242' title='bbox 2621 1934 2851 1990; x_wconf 85' lang='lat' dir='ltr'><strong>fortuna</strong></span> <span class='ocrx_word' id='word_1_243' title='bbox 2881 1952 3088 2008; x_wconf 79' lang='lat' dir='ltr'><strong>pugnae</strong></span> <span class='ocrx_word' id='word_1_244' title='bbox 3115 1941 3465 2009; x_wconf 68' lang='lat' dir='ltr'><strong>exsequatur.</strong></span> <span class='ocrx_word' id='word_1_245' title='bbox 3501 1940 3760 1996; x_wconf 85' lang='lat' dir='ltr'><strong>Tandem</strong></span> 
     </span>
    </p>
   </div>
   <div class='ocr_carea' id='block_1_41' title="bbox 348 2017 1988 2097">
    <p class='ocr_par' dir='ltr' id='par_1_41' title="bbox 348 2017 1980 2097">
     <span class='ocr_line' id='line_1_41' title="bbox 348 2017 1980 2097; baseline -0.003 -18"><span class='ocrx_word' id='word_1_246' title='bbox 348 2023 552 2095; x_wconf 87' lang='grc' dir='ltr'>ταύτην</span> <span class='ocrx_word' id='word_1_247' title='bbox 611 2023 687 2087; x_wconf 84' lang='grc' dir='ltr'>εἷς</span> <span class='ocrx_word' id='word_1_248' title='bbox 722 2021 1151 2097; x_wconf 75' lang='grc' dir='ltr'>αὐτοπρόσωπον</span> <span class='ocrx_word' id='word_1_249' title='bbox 1204 2017 1452 2092; x_wconf 79' lang='grc' dir='ltr'>πόλεμον</span> <span class='ocrx_word' id='word_1_250' title='bbox 1510 2020 1871 2090; x_wconf 73' lang='grc' dir='ltr'>καθειστήκει,</span> <span class='ocrx_word' id='word_1_251' title='bbox 1907 2026 1980 2074; x_wconf 81' lang='grc' dir='ltr'>Κα</span> 
     </span>
    </p>
   </div>
   <div class='ocr_carea' id='block_1_42' title="bbox 2099 2017 3761 2097">
    <p class='ocr_par' dir='ltr' id='par_1_42' title="bbox 2114 2022 3761 2092">
     <span class='ocr_line' id='line_1_42' title="bbox 2114 2022 3761 2092; baseline 0.005 -16"><span class='ocrx_word' id='word_1_252' title='bbox 2114 2022 2415 2092; x_wconf 73' lang='lat' dir='ltr'><strong>praeliandi</strong></span> <span class='ocrx_word' id='word_1_253' title='bbox 2441 2022 2679 2078; x_wconf 63' lang='lat' dir='ltr'><strong>taedium</strong></span> <span class='ocrx_word' id='word_1_254' title='bbox 2701 2022 2974 2080; x_wconf 86' lang='lat' dir='ltr'><strong>hostibus</strong></span> <span class='ocrx_word' id='word_1_255' title='bbox 2996 2023 3354 2082; x_wconf 88' lang='lat' dir='ltr'><strong>alacritatem</strong></span> <span class='ocrx_word' id='word_1_256' title='bbox 3379 2026 3559 2082; x_wconf 88' lang='lat' dir='ltr'><strong>animi</strong></span> <span class='ocrx_word' id='word_1_257' title='bbox 3583 2028 3761 2084; x_wconf 88' lang='lat' dir='ltr'><strong>demi-</strong></span> 
     </span>
    </p>
   </div>
   <div class='ocr_carea' id='block_1_43' title="bbox 349 2105 1988 2188">
    <p class='ocr_par' dir='ltr' id='par_1_43' title="bbox 349 2105 1988 2188">
     <span class='ocr_line' id='line_1_43' title="bbox 349 2105 1988 2188; baseline -0.002 -21"><span class='ocrx_word' id='word_1_258' title='bbox 349 2112 564 2188; x_wconf 87' lang='grc' dir='ltr'>πείραις</span> <span class='ocrx_word' id='word_1_259' title='bbox 631 2113 726 2186; x_wconf 74' lang='grc' dir='ltr'>μὲν</span> <span class='ocrx_word' id='word_1_260' title='bbox 773 2115 890 2174; x_wconf 87' lang='grc' dir='ltr'>ταῖς</span> <span class='ocrx_word' id='word_1_261' title='bbox 948 2111 1067 2166; x_wconf 88' lang='grc' dir='ltr'>κατ’</span> <span class='ocrx_word' id='word_1_262' title='bbox 1104 2110 1280 2185; x_wconf 79' lang='grc' dir='ltr'>ἀρχάς</span> <span class='ocrx_word' id='word_1_263' title='bbox 1349 2105 1766 2184; x_wconf 77' lang='grc' dir='ltr'>ἐπικρατέστερα</span> <span class='ocrx_word' id='word_1_264' title='bbox 1814 2109 1880 2178; x_wconf 78' lang='grc' dir='ltr'>ἦν</span> <span class='ocrx_word' id='word_1_265' title='bbox 1939 2111 1988 2164; x_wconf 78' lang='grc' dir='ltr'><em>τέ</em></span> 
     </span>
    </p>
   </div>
   <div class='ocr_carea' id='block_1_44' title="bbox 2099 2105 3755 2188">
    <p class='ocr_par' dir='ltr' id='par_1_44' title="bbox 2114 2110 3755 2172">
     <span class='ocr_line' id='line_1_44' title="bbox 2114 2110 3755 2172; baseline 0.003 -7"><span class='ocrx_word' id='word_1_266' title='bbox 2114 2110 2260 2166; x_wconf 90' lang='lat' dir='ltr'><strong>nuit.</strong></span> <span class='ocrx_word' id='word_1_267' title='bbox 2297 2111 2427 2166; x_wconf 90' lang='lat' dir='ltr'><strong>Ideo</strong></span> <span class='ocrx_word' id='word_1_268' title='bbox 2459 2112 2526 2167; x_wconf 90' lang='lat' dir='ltr'><strong>ad</strong></span> <span class='ocrx_word' id='word_1_269' title='bbox 2567 2111 2839 2168; x_wconf 89' lang='lat' dir='ltr'><strong>interiora</strong></span> <span class='ocrx_word' id='word_1_270' title='bbox 2889 2112 3041 2168; x_wconf 89' lang='lat' dir='ltr'><strong>circa</strong></span> <span class='ocrx_word' id='word_1_271' title='bbox 3080 2112 3293 2170; x_wconf 87' lang='lat' dir='ltr'><strong>Phasin</strong></span> <span class='ocrx_word' id='word_1_272' title='bbox 3341 2119 3398 2170; x_wconf 92' lang='lat' dir='ltr'><strong>et</strong></span> <span class='ocrx_word' id='word_1_273' title='bbox 3427 2115 3755 2172; x_wconf 88' lang='lat' dir='ltr'><strong>Caucasum</strong></span> 
     </span>
    </p>
   </div>
   <div class='ocr_carea' id='block_1_45' title="bbox 348 2196 1988 2276">
    <p class='ocr_par' dir='ltr' id='par_1_45' title="bbox 348 2196 1988 2276">
     <span class='ocr_line' id='line_1_45' title="bbox 348 2196 1988 2276; baseline -0.002 -20"><span class='ocrx_word' id='word_1_274' title='bbox 348 2207 450 2257; x_wconf 72' lang='grc' dir='ltr'><strong>τοῦ</strong></span> <span class='ocrx_word' id='word_1_275' title='bbox 511 2199 780 2276; x_wconf 81' lang='grc' dir='ltr'>βασιλέως</span> <span class='ocrx_word' id='word_1_276' title='bbox 813 2221 827 2234; x_wconf 91' lang='grc'><strong>·</strong></span> <span class='ocrx_word' id='word_1_277' title='bbox 881 2200 996 2256; x_wconf 79' lang='grc' dir='ltr'>εἶτα</span> <span class='ocrx_word' id='word_1_278' title='bbox 1054 2196 1130 2262; x_wconf 82' lang='grc' dir='ltr'>εἷς</span> <span class='ocrx_word' id='word_1_279' title='bbox 1170 2196 1512 2273; x_wconf 83' lang='grc' dir='ltr'>ἀγχώμαλον</span> <span class='ocrx_word' id='word_1_280' title='bbox 1575 2199 1610 2267; x_wconf 78' lang='grc' dir='ltr'>ἡ</span> <span class='ocrx_word' id='word_1_281' title='bbox 1675 2198 1830 2276; x_wconf 85' lang='grc' dir='ltr'>μάχη</span> <span class='ocrx_word' id='word_1_282' title='bbox 1877 2219 1988 2253; x_wconf 90' lang='grc' dir='ltr'>συν-</span> 
     </span>
    </p>
   </div>
   <div class='ocr_carea' id='block_1_46' title="bbox 2099 2196 3754 2276">
    <p class='ocr_par' dir='ltr' id='par_1_46' title="bbox 2112 2202 3754 2276">
     <span class='ocr_line' id='line_1_46' title="bbox 2112 2202 3754 2276; baseline 0.004 -20"><span class='ocrx_word' id='word_1_283' title='bbox 2112 2217 2174 2256; x_wconf 87' lang='lat' dir='ltr'><strong>se</strong></span> <span class='ocrx_word' id='word_1_284' title='bbox 2196 2202 2499 2258; x_wconf 84' lang='lat' dir='ltr'><strong>convertit.</strong></span> <span class='ocrx_word' id='word_1_285' title='bbox 2529 2203 2774 2261; x_wconf 90' lang='lat' dir='ltr'><strong>Murena</strong></span> <span class='ocrx_word' id='word_1_286' title='bbox 2799 2220 2930 2261; x_wconf 81' lang='lat' dir='ltr'><strong>vero</strong></span> <span class='ocrx_word' id='word_1_287' title='bbox 2952 2205 3151 2276; x_wconf 89' lang='lat' dir='ltr'><strong>copias</strong></span> <span class='ocrx_word' id='word_1_288' title='bbox 3174 2205 3232 2260; x_wconf 91' lang='lat' dir='ltr'><strong>in</strong></span> <span class='ocrx_word' id='word_1_289' title='bbox 3259 2205 3457 2264; x_wconf 89' lang='lat' dir='ltr'><strong>Asiam</strong></span> <span class='ocrx_word' id='word_1_290' title='bbox 3479 2207 3754 2276; x_wconf 89' lang='lat' dir='ltr'><strong>traducit,</strong></span> 
     </span>
    </p>
   </div>
   <div class='ocr_carea' id='block_1_47' title="bbox 350 2284 1988 2369">
    <p class='ocr_par' dir='ltr' id='par_1_47' title="bbox 350 2284 1988 2369">
     <span class='ocr_line' id='line_1_47' title="bbox 350 2284 1988 2369; baseline -0.002 -24"><span class='ocrx_word' id='word_1_291' title='bbox 350 2291 617 2369; x_wconf 77' lang='grc' dir='ltr'>εστράφη,</span> <span class='ocrx_word' id='word_1_292' title='bbox 647 2291 738 2345; x_wconf 80' lang='grc' dir='ltr'><strong>καὶ</strong></span> <span class='ocrx_word' id='word_1_293' title='bbox 769 2289 844 2352; x_wconf 80' lang='grc' dir='ltr'>εἷς</span> <span class='ocrx_word' id='word_1_294' title='bbox 895 2284 1053 2344; x_wconf 81' lang='grc' dir='ltr'>ὅκνον</span> <span class='ocrx_word' id='word_1_295' title='bbox 1084 2287 1119 2358; x_wconf 77' lang='grc' dir='ltr'>ἣ</span> <span class='ocrx_word' id='word_1_296' title='bbox 1177 2287 1330 2363; x_wconf 79' lang='grc' dir='ltr'>μάχη</span> <span class='ocrx_word' id='word_1_297' title='bbox 1391 2285 1454 2340; x_wconf 87' lang='grc' dir='ltr'>τὸ</span> <span class='ocrx_word' id='word_1_298' title='bbox 1501 2287 1782 2362; x_wconf 82' lang='grc' dir='ltr'>πρόθυμον</span> <span class='ocrx_word' id='word_1_299' title='bbox 1845 2308 1988 2362; x_wconf 84' lang='grc' dir='ltr'>περι-</span> 
     </span>
    </p>
   </div>
   <div class='ocr_carea' id='block_1_48' title="bbox 2099 2284 3186 2369">
    <p class='ocr_par' dir='ltr' id='par_1_48' title="bbox 2111 2293 3186 2366">
     <span class='ocr_line' id='line_1_48' title="bbox 2111 2293 3186 2366; baseline 0.004 -20"><span class='ocrx_word' id='word_1_300' title='bbox 2111 2298 2165 2346; x_wconf 88' lang='lat' dir='ltr'><strong>et</strong></span> <span class='ocrx_word' id='word_1_301' title='bbox 2199 2308 2305 2347; x_wconf 91' lang='lat' dir='ltr'><strong>sua</strong></span> <span class='ocrx_word' id='word_1_302' title='bbox 2345 2297 2470 2348; x_wconf 90' lang='lat' dir='ltr'><strong>tum</strong></span> <span class='ocrx_word' id='word_1_303' title='bbox 2503 2294 2750 2366; x_wconf 83' lang='lat' dir='ltr'><strong>quisque</strong></span> <span class='ocrx_word' id='word_1_304' title='bbox 2789 2293 3186 2352; x_wconf 85' lang='lat' dir='ltr'><strong>administrat.</strong></span> 
     </span>
    </p>
   </div>
   <div class='ocr_carea' id='block_1_49' title="bbox 345 2373 3759 2459">
    <p class='ocr_par' dir='ltr' id='par_1_49' title="bbox 345 2373 3759 2459">
     <span class='ocr_line' id='line_1_49' title="bbox 345 2373 3759 2459; baseline 0.002 -26"><span class='ocrx_word' id='word_1_305' title='bbox 345 2380 544 2448; x_wconf 71' lang='grc' dir='ltr'>ἔστησε</span> <span class='ocrx_word' id='word_1_306' title='bbox 593 2383 701 2433; x_wconf 80' lang='grc' dir='ltr'>τῶν</span> <span class='ocrx_word' id='word_1_307' title='bbox 756 2377 1068 2451; x_wconf 83' lang='grc' dir='ltr'>πολεμίων.</span> <span class='ocrx_word' id='word_1_308' title='bbox 1128 2377 1256 2450; x_wconf 86' lang='grc'><strong>[736</strong></span> <span class='ocrx_word' id='word_1_309' title='bbox 1295 2378 1390 2450; x_wconf 57' lang='lat' dir='ltr'><strong>lt]</strong></span> <span class='ocrx_word' id='word_1_310' title='bbox 1448 2375 1550 2442; x_wconf 86' lang='grc' dir='ltr'><strong>Διὸ</strong></span> <span class='ocrx_word' id='word_1_311' title='bbox 1604 2375 1693 2430; x_wconf 84' lang='grc' dir='ltr'><strong>καὶ</strong></span> <span class='ocrx_word' id='word_1_312' title='bbox 1733 2373 2076 2452; x_wconf 83' lang='grc' dir='ltr'>Μιθριδάτης</span> <span class='ocrx_word' id='word_1_313' title='bbox 2109 2379 2202 2449; x_wconf 78' lang='grc' dir='ltr'>μὲν</span> <span class='ocrx_word' id='word_1_314' title='bbox 2260 2379 2335 2440; x_wconf 86' lang='grc' dir='ltr'><strong>εἰς</strong></span> <span class='ocrx_word' id='word_1_315' title='bbox 2363 2379 2428 2433; x_wconf 84' lang='grc' dir='ltr'>τὰ</span> <span class='ocrx_word' id='word_1_316' title='bbox 2485 2381 2609 2455; x_wconf 86' lang='grc' dir='ltr'>περὶ</span> <span class='ocrx_word' id='word_1_317' title='bbox 2663 2381 2757 2436; x_wconf 88' lang='grc' dir='ltr'><strong>τὸν</strong></span> <span class='ocrx_word' id='word_1_318' title='bbox 2815 2387 2985 2438; x_wconf 81' lang='grc' dir='ltr'>Φᾶσιν</span> <span class='ocrx_word' id='word_1_319' title='bbox 3034 2381 3244 2437; x_wconf 83' lang='grc' dir='ltr'>καὶτὸν</span> <span class='ocrx_word' id='word_1_320' title='bbox 3301 2382 3580 2439; x_wconf 82' lang='grc' dir='ltr'>Καύκασον</span> <span class='ocrx_word' id='word_1_321' title='bbox 3611 2383 3759 2459; x_wconf 82' lang='grc' dir='ltr'>ἐτρά-</span> 
     </span>
    </p>
   </div>
   <div class='ocr_carea' id='block_1_50' title="bbox 345 2465 2613 2547">
    <p class='ocr_par' dir='ltr' id='par_1_50' title="bbox 345 2465 2613 2547">
     <span class='ocr_line' id='line_1_50' title="bbox 345 2465 2613 2547; baseline 0 -21"><span class='ocrx_word' id='word_1_322' title='bbox 345 2489 510 2540; x_wconf 78' lang='grc' dir='ltr'>πετο,</span> <span class='ocrx_word' id='word_1_323' title='bbox 551 2471 844 2547; x_wconf 76' lang='grc' dir='ltr'>Μουρήνας</span> <span class='ocrx_word' id='word_1_324' title='bbox 867 2466 924 2524; x_wconf 83' lang='grc' dir='ltr'>δὶ</span> <span class='ocrx_word' id='word_1_325' title='bbox 961 2468 1167 2542; x_wconf 80' lang='grc' dir='ltr'>ἀπῆρεν</span> <span class='ocrx_word' id='word_1_326' title='bbox 1199 2466 1276 2530; x_wconf 67' lang='grc' dir='ltr'>εἲς</span> <span class='ocrx_word' id='word_1_327' title='bbox 1308 2468 1406 2536; x_wconf 70' lang='grc' dir='ltr'>τὴν</span> <span class='ocrx_word' id='word_1_328' title='bbox 1439 2467 1652 2537; x_wconf 81' lang='grc' dir='ltr'>Ἀσίαν,</span> <span class='ocrx_word' id='word_1_329' title='bbox 1686 2468 1775 2522; x_wconf 82' lang='grc' dir='ltr'><strong>καὶ</strong></span> <span class='ocrx_word' id='word_1_330' title='bbox 1815 2467 1881 2522; x_wconf 80' lang='grc' dir='ltr'><strong>τὰ</strong></span> <span class='ocrx_word' id='word_1_331' title='bbox 1909 2468 2089 2524; x_wconf 83' lang='grc' dir='ltr'>οἰκεῖα</span> <span class='ocrx_word' id='word_1_332' title='bbox 2117 2465 2343 2533; x_wconf 72' lang='grc' dir='ltr'>ἕκαστος</span> <span class='ocrx_word' id='word_1_333' title='bbox 2376 2468 2613 2528; x_wconf 86' lang='grc' dir='ltr'>διετίθει.</span> 
     </span>
    </p>
   </div>
   <div class='ocr_carea' id='block_1_51' title="bbox 1129 2566 3002 2644">
    <p class='ocr_par' dir='ltr' id='par_1_51' title="bbox 1129 2566 3002 2644">
     <span class='ocr_line' id='line_1_51' title="bbox 1129 2566 3002 2644; baseline 0.005 -23"><span class='ocrx_word' id='word_1_334' title='bbox 1129 2570 1262 2622; x_wconf 78' lang='lat' dir='ltr'><strong>CAP.</strong></span> <span class='ocrx_word' id='word_1_335' title='bbox 1295 2566 1562 2622; x_wconf 80' lang='lat' dir='ltr'><strong>XXXIX.</strong></span> <span class='ocrx_word' id='word_1_336' title='bbox 1592 2598 1661 2607; x_wconf 85' lang='lat'><strong>-—</strong></span> <span class='ocrx_word' id='word_1_337' title='bbox 1690 2568 1908 2623; x_wconf 83' lang='lat' dir='ltr'><strong>Luculli</strong></span> <span class='ocrx_word' id='word_1_338' title='bbox 1928 2573 1980 2624; x_wconf 83' lang='lat' dir='ltr'><strong>et</strong></span> <span class='ocrx_word' id='word_1_339' title='bbox 2011 2570 2182 2625; x_wconf 78' lang='lat' dir='ltr'><strong>00th</strong></span> <span class='ocrx_word' id='word_1_340' title='bbox 2211 2570 2273 2626; x_wconf 88' lang='lat' dir='ltr'><strong>in</strong></span> <span class='ocrx_word' id='word_1_341' title='bbox 2297 2571 2678 2629; x_wconf 75' lang='lat' dir='ltr'><strong>Mithridatem</strong></span> <span class='ocrx_word' id='word_1_342' title='bbox 2709 2573 3002 2644; x_wconf 76' lang='lat' dir='ltr'><strong>expeditio.</strong></span> 
     </span>
    </p>
   </div>
   <div class='ocr_carea' id='block_1_52' title="bbox 423 2661 1988 2743">
    <p class='ocr_par' dir='ltr' id='par_1_52' title="bbox 423 2661 1988 2740">
     <span class='ocr_line' id='line_1_52' title="bbox 423 2661 1988 2740; baseline -0.001 -18"><span class='ocrx_word' id='word_1_343' title='bbox 423 2666 558 2722; x_wconf 83' lang='grc' dir='ltr'>Μετ’</span> <span class='ocrx_word' id='word_1_344' title='bbox 590 2666 653 2721; x_wconf 79' lang='grc' dir='ltr'>οὐ</span> <span class='ocrx_word' id='word_1_345' title='bbox 711 2661 885 2720; x_wconf 83' lang='grc' dir='ltr'>πολὺν</span> <span class='ocrx_word' id='word_1_346' title='bbox 937 2661 996 2719; x_wconf 82' lang='grc' dir='ltr'>δὲ</span> <span class='ocrx_word' id='word_1_347' title='bbox 1061 2663 1265 2740; x_wconf 90' lang='grc' dir='ltr'>χρόνον</span> <span class='ocrx_word' id='word_1_348' title='bbox 1317 2661 1537 2725; x_wconf 79' lang='grc' dir='ltr'>Σύλλας</span> <span class='ocrx_word' id='word_1_349' title='bbox 1586 2661 1637 2718; x_wconf 77' lang='grc' dir='ltr'>ἐν</span> <span class='ocrx_word' id='word_1_350' title='bbox 1672 2665 1861 2738; x_wconf 81' lang='grc' dir='ltr'>Ῥώμῃ</span> <span class='ocrx_word' id='word_1_351' title='bbox 1913 2685 1988 2720; x_wconf 85' lang='grc' dir='ltr'>τε·</span> 
     </span>
    </p>
   </div>
   <div class='ocr_carea' id='block_1_53' title="bbox 2099 2661 3754 2743">
    <p class='ocr_par' dir='ltr' id='par_1_53' title="bbox 2173 2669 3754 2743">
     <span class='ocr_line' id='line_1_53' title="bbox 2173 2669 3754 2743; baseline 0.004 -19"><span class='ocrx_word' id='word_1_352' title='bbox 2173 2669 2288 2724; x_wconf 91' lang='lat' dir='ltr'><strong>Nec</strong></span> <span class='ocrx_word' id='word_1_353' title='bbox 2319 2669 2493 2742; x_wconf 88' lang='lat' dir='ltr'><strong>longe</strong></span> <span class='ocrx_word' id='word_1_354' title='bbox 2521 2676 2654 2742; x_wconf 91' lang='lat' dir='ltr'><strong>post</strong></span> <span class='ocrx_word' id='word_1_355' title='bbox 2680 2671 2837 2743; x_wconf 79' lang='lat' dir='ltr'><strong>Sylla</strong></span> <span class='ocrx_word' id='word_1_356' title='bbox 2859 2671 3053 2728; x_wconf 66' lang='lat' dir='ltr'><strong>Roma:</strong></span> <span class='ocrx_word' id='word_1_357' title='bbox 3075 2687 3105 2728; x_wconf 90' lang='lat' dir='ltr'><strong>e</strong></span> <span class='ocrx_word' id='word_1_358' title='bbox 3134 2670 3276 2726; x_wconf 87' lang='lat' dir='ltr'><strong>vivis</strong></span> <span class='ocrx_word' id='word_1_359' title='bbox 3307 2671 3551 2742; x_wconf 84' lang='lat' dir='ltr'><strong>migrat:</strong></span> <span class='ocrx_word' id='word_1_360' title='bbox 3579 2675 3636 2727; x_wconf 90' lang='lat' dir='ltr'><strong>et</strong></span> <span class='ocrx_word' id='word_1_361' title='bbox 3664 2687 3754 2729; x_wconf 88' lang='lat' dir='ltr'><strong>se-</strong></span> 
     </span>
    </p>
   </div>
   <div class='ocr_carea' id='block_1_54' title="bbox 348 2751 1988 2829">
    <p class='ocr_par' dir='ltr' id='par_1_54' title="bbox 348 2751 1988 2829">
     <span class='ocr_line' id='line_1_54' title="bbox 348 2751 1988 2829; baseline -0.001 -18"><span class='ocrx_word' id='word_1_362' title='bbox 348 2753 541 2827; x_wconf 83' lang='grc' dir='ltr'>λευτᾷ,</span> <span class='ocrx_word' id='word_1_363' title='bbox 599 2754 689 2812; x_wconf 80' lang='grc' dir='ltr'><strong>καὶ</strong></span> <span class='ocrx_word' id='word_1_364' title='bbox 757 2753 1063 2828; x_wconf 71' lang='grc' dir='ltr'>πέμπουσιν</span> <span class='ocrx_word' id='word_1_365' title='bbox 1120 2757 1154 2822; x_wconf 82' lang='grc' dir='ltr'>ἡ</span> <span class='ocrx_word' id='word_1_366' title='bbox 1212 2751 1518 2829; x_wconf 75' lang='grc' dir='ltr'>σύγκλητος</span> <span class='ocrx_word' id='word_1_367' title='bbox 1570 2752 1657 2808; x_wconf 73' lang='grc' dir='ltr'><strong>ἆπὶ</strong></span> <span class='ocrx_word' id='word_1_368' title='bbox 1736 2754 1830 2826; x_wconf 80' lang='grc' dir='ltr'>μὲν</span> <span class='ocrx_word' id='word_1_369' title='bbox 1899 2755 1988 2823; x_wconf 67' lang='grc' dir='ltr'>τὴι</span> 
     </span>
    </p>
   </div>
   <div class='ocr_carea' id='block_1_55' title="bbox 2099 2751 3752 2829">
    <p class='ocr_par' dir='ltr' id='par_1_55' title="bbox 2103 2757 3752 2829">
     <span class='ocr_line' id='line_1_55' title="bbox 2103 2757 3752 2829; baseline 0.002 -17"><span class='ocrx_word' id='word_1_370' title='bbox 2103 2762 2277 2814; x_wconf 90' lang='lat' dir='ltr'><strong>natus</strong></span> <span class='ocrx_word' id='word_1_371' title='bbox 2326 2757 2386 2812; x_wconf 92' lang='lat' dir='ltr'><strong>in</strong></span> <span class='ocrx_word' id='word_1_372' title='bbox 2435 2758 2761 2829; x_wconf 81' lang='lat' dir='ltr'><strong>Bithyniam</strong></span> <span class='ocrx_word' id='word_1_373' title='bbox 2814 2759 2991 2815; x_wconf 81' lang='lat' dir='ltr'><strong>mittit</strong></span> <span class='ocrx_word' id='word_1_374' title='bbox 3039 2759 3342 2815; x_wconf 87' lang='lat' dir='ltr'><strong>Aurelium</strong></span> <span class='ocrx_word' id='word_1_375' title='bbox 3392 2762 3637 2826; x_wconf 84' lang='lat' dir='ltr'><strong>Cottam,</strong></span> <span class='ocrx_word' id='word_1_376' title='bbox 3690 2761 3752 2817; x_wconf 88' lang='lat' dir='ltr'><strong>in</strong></span> 
     </span>
    </p>
   </div>
   <div class='ocr_carea' id='block_1_56' title="bbox 348 2839 1988 2918">
    <p class='ocr_par' dir='ltr' id='par_1_56' title="bbox 348 2839 1988 2918">
     <span class='ocr_line' id='line_1_56' title="bbox 348 2839 1988 2918; baseline -0.004 -16"><span class='ocrx_word' id='word_1_377' title='bbox 348 2843 608 2902; x_wconf 86' lang='grc' dir='ltr'>Βιθυνίαν</span> <span class='ocrx_word' id='word_1_378' title='bbox 649 2843 925 2918; x_wconf 79' lang='grc' dir='ltr'>Αύρήλιον</span> <span class='ocrx_word' id='word_1_379' title='bbox 977 2844 1212 2914; x_wconf 85' lang='grc' dir='ltr'>Κότταν,</span> <span class='ocrx_word' id='word_1_380' title='bbox 1243 2842 1332 2898; x_wconf 82' lang='grc' dir='ltr'>ἐπὶ</span> <span class='ocrx_word' id='word_1_381' title='bbox 1386 2839 1444 2897; x_wconf 75' lang='grc' dir='ltr'>δὲ</span> <span class='ocrx_word' id='word_1_382' title='bbox 1489 2842 1587 2911; x_wconf 77' lang='grc' dir='ltr'>τήν</span> <span class='ocrx_word' id='word_1_383' title='bbox 1636 2843 1820 2899; x_wconf 84' lang='grc' dir='ltr'>Ἀσίαν</span> <span class='ocrx_word' id='word_1_384' title='bbox 1873 2842 1988 2898; x_wconf 78' lang='grc' dir='ltr'>Λεύι</span> 
     </span>
    </p>
   </div>
   <div class='ocr_carea' id='block_1_57' title="bbox 2099 2839 3750 2918">
    <p class='ocr_par' dir='ltr' id='par_1_57' title="bbox 2101 2846 3750 2916">
     <span class='ocr_line' id='line_1_57' title="bbox 2101 2846 3750 2916; baseline 0.002 -15"><span class='ocrx_word' id='word_1_385' title='bbox 2101 2846 2302 2902; x_wconf 84' lang='lat' dir='ltr'><strong>Asiam</strong></span> <span class='ocrx_word' id='word_1_386' title='bbox 2332 2862 2463 2904; x_wconf 89' lang='lat' dir='ltr'><strong>vero</strong></span> <span class='ocrx_word' id='word_1_387' title='bbox 2488 2848 2548 2903; x_wconf 94' lang='lat' dir='ltr'><strong>L.</strong></span> <span class='ocrx_word' id='word_1_388' title='bbox 2584 2847 2919 2916; x_wconf 90' lang='lat' dir='ltr'><strong>Lucullum,</strong></span> <span class='ocrx_word' id='word_1_389' title='bbox 2946 2864 3082 2904; x_wconf 89' lang='lat' dir='ltr'><strong>cum</strong></span> <span class='ocrx_word' id='word_1_390' title='bbox 3114 2847 3408 2904; x_wconf 86' lang='lat' dir='ltr'><strong>mandatis</strong></span> <span class='ocrx_word' id='word_1_391' title='bbox 3441 2853 3505 2904; x_wconf 92' lang='lat' dir='ltr'><strong>ut</strong></span> <span class='ocrx_word' id='word_1_392' title='bbox 3530 2848 3750 2905; x_wconf 88' lang='lat' dir='ltr'><strong>bellum</strong></span> 
     </span>
    </p>
   </div>
   <div class='ocr_carea' id='block_1_58' title="bbox 345 2929 1988 3007">
    <p class='ocr_par' dir='ltr' id='par_1_58' title="bbox 345 2929 1988 3007">
     <span class='ocr_line' id='line_1_58' title="bbox 345 2929 1988 3007; baseline 0.001 -18"><span class='ocrx_word' id='word_1_393' title='bbox 345 2954 469 2989; x_wconf 85' lang='grc' dir='ltr'>κιον</span> <span class='ocrx_word' id='word_1_394' title='bbox 510 2931 843 3002; x_wconf 83' lang='grc' dir='ltr'>Λεύκολλον,</span> <span class='ocrx_word' id='word_1_395' title='bbox 872 2933 952 2994; x_wconf 81' lang='grc' dir='ltr'>οἷς</span> <span class='ocrx_word' id='word_1_396' title='bbox 1010 2934 1045 3001; x_wconf 72' lang='grc' dir='ltr'>ἡ</span> <span class='ocrx_word' id='word_1_397' title='bbox 1105 2930 1302 3001; x_wconf 83' lang='grc' dir='ltr'>ἐντολή</span> <span class='ocrx_word' id='word_1_398' title='bbox 1349 2929 1613 3005; x_wconf 83' lang='grc' dir='ltr'>πολεμεῖν</span> <span class='ocrx_word' id='word_1_399' title='bbox 1668 2929 1988 3007; x_wconf 79' lang='grc' dir='ltr'>Μιθριδάτῃ.</span> 
     </span>
    </p>
   </div>
   <div class='ocr_carea' id='block_1_59' title="bbox 2099 2929 3746 3007">
    <p class='ocr_par' dir='ltr' id='par_1_59' title="bbox 2102 2934 3746 3007">
     <span class='ocr_line' id='line_1_59' title="bbox 2102 2934 3746 3007; baseline 0.002 -17"><span class='ocrx_word' id='word_1_400' title='bbox 2102 2934 2426 2991; x_wconf 86' lang='lat' dir='ltr'><strong>Mithridati</strong></span> <span class='ocrx_word' id='word_1_401' title='bbox 2457 2938 2767 2994; x_wconf 84' lang='lat' dir='ltr'><strong>facessant.</strong></span> <span class='ocrx_word' id='word_1_402' title='bbox 2795 2940 2872 2993; x_wconf 82' lang='lat' dir='ltr'><strong>At</strong></span> <span class='ocrx_word' id='word_1_403' title='bbox 2902 2937 3293 3007; x_wconf 87' lang='lat' dir='ltr'><strong>Mithridates,</strong></span> <span class='ocrx_word' id='word_1_404' title='bbox 3315 2953 3451 2994; x_wconf 91' lang='lat' dir='ltr'><strong>cum</strong></span> <span class='ocrx_word' id='word_1_405' title='bbox 3483 2936 3663 2993; x_wconf 90' lang='lat' dir='ltr'><strong>alium</strong></span> <span class='ocrx_word' id='word_1_406' title='bbox 3687 2939 3746 2994; x_wconf 90' lang='lat' dir='ltr'><strong>in</strong></span> 
     </span>
    </p>
   </div>
   <div class='ocr_carea' id='block_1_60' title="bbox 346 3021 1988 3098">
    <p class='ocr_par' dir='ltr' id='par_1_60' title="bbox 346 3021 1988 3098">
     <span class='ocr_line' id='line_1_60' title="bbox 346 3021 1988 3098; baseline 0 -22"><span class='ocrx_word' id='word_1_407' title='bbox 346 3021 689 3097; x_wconf 73' lang='grc' dir='ltr'>Μιθριδάτης</span> <span class='ocrx_word' id='word_1_408' title='bbox 733 3021 790 3078; x_wconf 75' lang='grc' dir='ltr'>δὲ</span> <span class='ocrx_word' id='word_1_409' title='bbox 829 3021 1001 3078; x_wconf 73' lang='grc' dir='ltr'>ἄλλον</span> <span class='ocrx_word' id='word_1_410' title='bbox 1041 3043 1100 3078; x_wconf 86' lang='grc' dir='ltr'><strong>τε</strong></span> <span class='ocrx_word' id='word_1_411' title='bbox 1148 3022 1372 3095; x_wconf 88' lang='grc' dir='ltr'>στρατὸν</span> <span class='ocrx_word' id='word_1_412' title='bbox 1433 3023 1631 3097; x_wconf 85' lang='grc' dir='ltr'>συχνὸν</span> <span class='ocrx_word' id='word_1_413' title='bbox 1663 3022 1988 3098; x_wconf 86' lang='grc' dir='ltr'>παρεσκευά-</span> 
     </span>
    </p>
   </div>
   <div class='ocr_carea' id='block_1_61' title="bbox 2099 3021 3748 3098">
    <p class='ocr_par' dir='ltr' id='par_1_61' title="bbox 2105 3024 3748 3097">
     <span class='ocr_line' id='line_1_61' title="bbox 2105 3024 3748 3097; baseline 0.003 -20"><span class='ocrx_word' id='word_1_414' title='bbox 2105 3024 2407 3095; x_wconf 90' lang='lat' dir='ltr'><strong>procinctu</strong></span> <span class='ocrx_word' id='word_1_415' title='bbox 2432 3025 2654 3081; x_wconf 87' lang='lat' dir='ltr'><strong>habens</strong></span> <span class='ocrx_word' id='word_1_416' title='bbox 2684 3026 3000 3081; x_wconf 85' lang='lat' dir='ltr'><strong>exercitum</strong></span> <span class='ocrx_word' id='word_1_417' title='bbox 3035 3026 3596 3097; x_wconf 82' lang='lat' dir='ltr'><strong>frequentissimum,</strong></span> <span class='ocrx_word' id='word_1_418' title='bbox 3621 3030 3748 3082; x_wconf 88' lang='lat' dir='ltr'><strong>tum</strong></span> 
     </span>
    </p>
   </div>
   <div class='ocr_carea' id='block_1_62' title="bbox 345 3108 1988 3189">
    <p class='ocr_par' dir='ltr' id='par_1_62' title="bbox 345 3108 1986 3189">
     <span class='ocr_line' id='line_1_62' title="bbox 345 3108 1986 3189; baseline -0.001 -21"><span class='ocrx_word' id='word_1_419' title='bbox 345 3121 494 3183; x_wconf 80' lang='grc' dir='ltr'>ζετο,</span> <span class='ocrx_word' id='word_1_420' title='bbox 524 3113 616 3167; x_wconf 88' lang='grc' dir='ltr'>καὶ</span> <span class='ocrx_word' id='word_1_421' title='bbox 653 3114 899 3189; x_wconf 76' lang='grc' dir='ltr'>τριήρεις</span> <span class='ocrx_word' id='word_1_422' title='bbox 941 3113 1036 3185; x_wconf 73' lang='grc' dir='ltr'>μὲν</span> <span class='ocrx_word' id='word_1_423' title='bbox 1085 3112 1151 3180; x_wconf 86' lang='grc' dir='ltr'>υ’,</span> <span class='ocrx_word' id='word_1_424' title='bbox 1180 3115 1290 3166; x_wconf 82' lang='grc' dir='ltr'><strong>τῶν</strong></span> <span class='ocrx_word' id='word_1_425' title='bbox 1337 3108 1393 3166; x_wconf 74' lang='grc' dir='ltr'>δὲ</span> <span class='ocrx_word' id='word_1_426' title='bbox 1462 3112 1800 3186; x_wconf 69' lang='grc' dir='ltr'>μικροτέρων</span> <span class='ocrx_word' id='word_1_427' title='bbox 1840 3116 1986 3182; x_wconf 81' lang='grc' dir='ltr'>νηῶν</span> 
     </span>
    </p>
   </div>
   <div class='ocr_carea' id='block_1_63' title="bbox 2099 3108 3749 3189">
    <p class='ocr_par' dir='ltr' id='par_1_63' title="bbox 2104 3112 3749 3186">
     <span class='ocr_line' id='line_1_63' title="bbox 2104 3112 3749 3186; baseline 0.001 -18"><span class='ocrx_word' id='word_1_428' title='bbox 2104 3112 2367 3168; x_wconf 84' lang='lat' dir='ltr'><strong>triremes</strong></span> <span class='ocrx_word' id='word_1_429' title='bbox 2396 3112 2502 3168; x_wconf 85' lang='grc'>400</span> <span class='ocrx_word' id='word_1_430' title='bbox 2525 3113 2878 3184; x_wconf 82' lang='lat' dir='ltr'><strong>naviumque</strong></span> <span class='ocrx_word' id='word_1_431' title='bbox 2912 3114 3227 3181; x_wconf 89' lang='lat' dir='ltr'><strong>minorum,</strong></span> <span class='ocrx_word' id='word_1_432' title='bbox 3262 3130 3406 3186; x_wconf 87' lang='lat' dir='ltr'><strong>quas</strong></span> <span class='ocrx_word' id='word_1_433' title='bbox 3438 3118 3749 3184; x_wconf 88' lang='lat' dir='ltr'><strong>pentecon-</strong></span> 
     </span>
    </p>
   </div>
   <div class='ocr_carea' id='block_1_64' title="bbox 338 3200 1988 3276">
    <p class='ocr_par' dir='ltr' id='par_1_64' title="bbox 338 3200 1988 3276">
     <span class='ocr_line' id='line_1_64' title="bbox 338 3200 1988 3276; baseline -0.001 -18"><span class='ocrx_word' id='word_1_434' title='bbox 338 3202 781 3276; x_wconf 79' lang='grc' dir='ltr'>πεντηκοντέρων</span> <span class='ocrx_word' id='word_1_435' title='bbox 817 3203 860 3240; x_wconf 80' lang='grc'>¹⁸</span> <span class='ocrx_word' id='word_1_436' title='bbox 902 3222 960 3257; x_wconf 82' lang='grc' dir='ltr'><strong>τε</strong></span> <span class='ocrx_word' id='word_1_437' title='bbox 1004 3200 1094 3256; x_wconf 83' lang='grc' dir='ltr'><strong>καὶ</strong></span> <span class='ocrx_word' id='word_1_438' title='bbox 1133 3200 1441 3276; x_wconf 82' lang='grc' dir='ltr'>κερκούρων</span> <span class='ocrx_word' id='word_1_439' title='bbox 1493 3201 1723 3274; x_wconf 83' lang='grc' dir='ltr'>ἀριθμὸς</span> <span class='ocrx_word' id='word_1_440' title='bbox 1761 3202 1828 3270; x_wconf 79' lang='grc' dir='ltr'>ἦν</span> <span class='ocrx_word' id='word_1_441' title='bbox 1888 3201 1988 3256; x_wconf 76' lang='grc' dir='ltr'>οὐκ</span> 
     </span>
    </p>
   </div>
   <div class='ocr_carea' id='block_1_65' title="bbox 2099 3200 3747 3276">
    <p class='ocr_par' dir='ltr' id='par_1_65' title="bbox 2099 3202 3747 3274">
     <span class='ocr_line' id='line_1_65' title="bbox 2099 3202 3747 3274; baseline 0.001 -17"><span class='ocrx_word' id='word_1_442' title='bbox 2099 3205 2245 3258; x_wconf 87' lang='lat' dir='ltr'><strong>teres</strong></span> <span class='ocrx_word' id='word_1_443' title='bbox 2277 3205 2334 3258; x_wconf 89' lang='lat' dir='ltr'><strong>et</strong></span> <span class='ocrx_word' id='word_1_444' title='bbox 2362 3219 2629 3260; x_wconf 85' lang='lat' dir='ltr'><strong>cercuras</strong></span> <span class='ocrx_word' id='word_1_445' title='bbox 2659 3203 2932 3272; x_wconf 89' lang='lat' dir='ltr'><strong>vocitant,</strong></span> <span class='ocrx_word' id='word_1_446' title='bbox 2955 3219 3073 3259; x_wconf 93' lang='lat' dir='ltr'><strong>non</strong></span> <span class='ocrx_word' id='word_1_447' title='bbox 3104 3202 3348 3274; x_wconf 81' lang='lat' dir='ltr'><strong>exiguus</strong></span> <span class='ocrx_word' id='word_1_448' title='bbox 3377 3206 3499 3259; x_wconf 88' lang='lat' dir='ltr'><strong>erat</strong></span> <span class='ocrx_word' id='word_1_449' title='bbox 3545 3220 3747 3259; x_wconf 90' lang='lat' dir='ltr'><strong>nume-</strong></span> 
     </span>
    </p>
   </div>
   <div class='ocr_carea' id='block_1_66' title="bbox 338 3287 1988 3368">
    <p class='ocr_par' dir='ltr' id='par_1_66' title="bbox 338 3287 1984 3368">
     <span class='ocr_line' id='line_1_66' title="bbox 338 3287 1984 3368; baseline 0 -22"><span class='ocrx_word' id='word_1_450' title='bbox 338 3291 554 3368; x_wconf 88' lang='grc' dir='ltr'>ὀλίγος.</span> <span class='ocrx_word' id='word_1_451' title='bbox 589 3292 866 3368; x_wconf 73' lang='grc' dir='ltr'>Διοφάντῳ</span> <span class='ocrx_word' id='word_1_452' title='bbox 922 3289 982 3346; x_wconf 76' lang='grc' dir='ltr'>δὲ</span> <span class='ocrx_word' id='word_1_453' title='bbox 1034 3295 1114 3362; x_wconf 81' lang='grc' dir='ltr'>τῷ</span> <span class='ocrx_word' id='word_1_454' title='bbox 1172 3291 1404 3363; x_wconf 85' lang='grc' dir='ltr'>Μιθάρῳ</span> <span class='ocrx_word' id='word_1_455' title='bbox 1466 3290 1512 3327; x_wconf 80' lang='grc'>¹⁹</span> <span class='ocrx_word' id='word_1_456' title='bbox 1566 3287 1796 3364; x_wconf 88' lang='grc' dir='ltr'>δύναμιν</span> <span class='ocrx_word' id='word_1_457' title='bbox 1856 3288 1984 3353; x_wconf 78' lang='grc' dir='ltr'>δοὺς</span> 
     </span>
    </p>
   </div>
   <div class='ocr_carea' id='block_1_67' title="bbox 2099 3287 3746 3368">
    <p class='ocr_par' dir='ltr' id='par_1_67' title="bbox 2099 3290 3746 3363">
     <span class='ocr_line' id='line_1_67' title="bbox 2099 3290 3746 3363; baseline 0.001 -18"><span class='ocrx_word' id='word_1_458' title='bbox 2099 3290 2619 3363; x_wconf 79' lang='lat' dir='ltr'><strong>rus.Diophantum</strong></span> <span class='ocrx_word' id='word_1_459' title='bbox 2641 3293 2820 3348; x_wconf 85' lang='lat' dir='ltr'><strong>etiam</strong></span> <span class='ocrx_word' id='word_1_460' title='bbox 2843 3291 3521 3362; x_wconf 86' lang='lat' dir='ltr'><strong>Mitharum,cumvalida</strong></span> <span class='ocrx_word' id='word_1_461' title='bbox 3543 3308 3746 3360; x_wconf 90' lang='lat' dir='ltr'><strong>manu,</strong></span> 
     </span>
    </p>
   </div>
   <div class='ocr_carea' id='block_1_68' title="bbox 333 3377 1988 3458">
    <p class='ocr_par' dir='ltr' id='par_1_68' title="bbox 333 3377 1983 3458">
     <span class='ocr_line' id='line_1_68' title="bbox 333 3377 1983 3458; baseline -0.001 -22"><span class='ocrx_word' id='word_1_462' title='bbox 333 3382 545 3453; x_wconf 82' lang='grc' dir='ltr'>πέμπει</span> <span class='ocrx_word' id='word_1_463' title='bbox 584 3380 720 3455; x_wconf 77' lang='grc' dir='ltr'>πρὸς</span> <span class='ocrx_word' id='word_1_464' title='bbox 767 3381 866 3448; x_wconf 77' lang='grc' dir='ltr'>τὴν</span> <span class='ocrx_word' id='word_1_465' title='bbox 900 3377 1316 3449; x_wconf 82' lang='grc' dir='ltr'>Καππαδοκίαν,</span> <span class='ocrx_word' id='word_1_466' title='bbox 1359 3381 1600 3458; x_wconf 77' lang='grc' dir='ltr'>φρουράς</span> <span class='ocrx_word' id='word_1_467' title='bbox 1637 3385 1756 3442; x_wconf 87' lang='grc' dir='ltr'>ταῖς</span> <span class='ocrx_word' id='word_1_468' title='bbox 1814 3379 1983 3436; x_wconf 85' lang='grc' dir='ltr'>πόλε-</span> 
     </span>
    </p>
   </div>
   <div class='ocr_carea' id='block_1_69' title="bbox 2099 3377 3737 3458">
    <p class='ocr_par' dir='ltr' id='par_1_69' title="bbox 2099 3381 3737 3454">
     <span class='ocr_line' id='line_1_69' title="bbox 2099 3381 3737 3454; baseline -0.002 -12"><span class='ocrx_word' id='word_1_469' title='bbox 2099 3384 2154 3442; x_wconf 88' lang='lat' dir='ltr'><strong>in</strong></span> <span class='ocrx_word' id='word_1_470' title='bbox 2184 3381 2609 3453; x_wconf 88' lang='lat' dir='ltr'><strong>Cappadociam</strong></span> <span class='ocrx_word' id='word_1_471' title='bbox 2653 3382 2915 3449; x_wconf 87' lang='lat' dir='ltr'><strong>dimittit,</strong></span> <span class='ocrx_word' id='word_1_472' title='bbox 2966 3386 3030 3438; x_wconf 91' lang='lat' dir='ltr'><strong>ut</strong></span> <span class='ocrx_word' id='word_1_473' title='bbox 3073 3381 3345 3454; x_wconf 67' lang='lat' dir='ltr'><strong>praesidia</strong></span> <span class='ocrx_word' id='word_1_474' title='bbox 3383 3382 3442 3437; x_wconf 92' lang='lat' dir='ltr'><strong>in</strong></span> <span class='ocrx_word' id='word_1_475' title='bbox 3486 3381 3737 3438; x_wconf 89' lang='lat' dir='ltr'><strong>urbibus</strong></span> 
     </span>
    </p>
   </div>
   <div class='ocr_carea' id='block_1_70' title="bbox 330 3465 1988 3544">
    <p class='ocr_par' dir='ltr' id='par_1_70' title="bbox 330 3465 1980 3544">
     <span class='ocr_line' id='line_1_70' title="bbox 330 3465 1980 3544; baseline -0.001 -18"><span class='ocrx_word' id='word_1_476' title='bbox 330 3491 420 3526; x_wconf 86' lang='grc' dir='ltr'><strong>σιν</strong></span> <span class='ocrx_word' id='word_1_477' title='bbox 459 3468 859 3544; x_wconf 80' lang='grc' dir='ltr'>ἐγκαθιστάναι,</span> <span class='ocrx_word' id='word_1_478' title='bbox 892 3469 938 3524; x_wconf 79' lang='grc' dir='ltr'><strong>εἰ</strong></span> <span class='ocrx_word' id='word_1_479' title='bbox 994 3465 1050 3523; x_wconf 80' lang='grc' dir='ltr'>δὲ</span> <span class='ocrx_word' id='word_1_480' title='bbox 1110 3467 1424 3530; x_wconf 87' lang='grc' dir='ltr'>Λεύκολλος</span> <span class='ocrx_word' id='word_1_481' title='bbox 1489 3468 1565 3534; x_wconf 86' lang='grc' dir='ltr'>εἷς</span> <span class='ocrx_word' id='word_1_482' title='bbox 1627 3470 1720 3525; x_wconf 86' lang='grc' dir='ltr'><strong>τὸν</strong></span> <span class='ocrx_word' id='word_1_483' title='bbox 1773 3470 1980 3526; x_wconf 83' lang='grc' dir='ltr'>Πόντον</span> 
     </span>
    </p>
   </div>
   <div class='ocr_carea' id='block_1_71' title="bbox 2099 3465 3744 3544">
    <p class='ocr_par' dir='ltr' id='par_1_71' title="bbox 2099 3469 3744 3542">
     <span class='ocr_line' id='line_1_71' title="bbox 2099 3469 3744 3542; baseline -0.001 -15"><span class='ocrx_word' id='word_1_484' title='bbox 2099 3469 2368 3527; x_wconf 80' lang='lat' dir='ltr'><strong>collocet:</strong></span> <span class='ocrx_word' id='word_1_485' title='bbox 2404 3479 2478 3541; x_wconf 89' lang='lat' dir='ltr'><strong>et,</strong></span> <span class='ocrx_word' id='word_1_486' title='bbox 2519 3473 2571 3528; x_wconf 88' lang='lat' dir='ltr'><strong>si</strong></span> <span class='ocrx_word' id='word_1_487' title='bbox 2612 3471 2890 3528; x_wconf 84' lang='lat' dir='ltr'><strong>Lucullus</strong></span> <span class='ocrx_word' id='word_1_488' title='bbox 2931 3470 3180 3526; x_wconf 88' lang='lat' dir='ltr'><strong>Pontum</strong></span> <span class='ocrx_word' id='word_1_489' title='bbox 3211 3469 3597 3542; x_wconf 84' lang='lat' dir='ltr'><strong>ingrediatur,</strong></span> <span class='ocrx_word' id='word_1_490' title='bbox 3645 3485 3744 3527; x_wconf 90' lang='lat' dir='ltr'><strong>oc-</strong></span> 
     </span>
    </p>
   </div>
   <div class='ocr_carea' id='block_1_72' title="bbox 2111 1574 3756 1654">
    <p class='ocr_par' dir='ltr' id='par_1_72' title="bbox 2111 1574 3756 1654">
     <span class='ocr_line' id='line_1_72' title="bbox 2111 1574 3756 1654; baseline 0.005 -24"><span class='ocrx_word' id='word_1_491' title='bbox 2111 1574 2268 1630; x_wconf 91' lang='lat' dir='ltr'><strong>enim</strong></span> <span class='ocrx_word' id='word_1_492' title='bbox 2299 1575 2446 1631; x_wconf 90' lang='lat' dir='ltr'><strong>hanc</strong></span> <span class='ocrx_word' id='word_1_493' title='bbox 2481 1577 2720 1648; x_wconf 89' lang='lat' dir='ltr'><strong>ceperit,</strong></span> <span class='ocrx_word' id='word_1_494' title='bbox 2768 1578 2933 1634; x_wconf 83' lang='lat' dir='ltr'><strong>facile</strong></span> <span class='ocrx_word' id='word_1_495' title='bbox 2965 1579 3137 1635; x_wconf 84' lang='lat' dir='ltr'><strong>etiam</strong></span> <span class='ocrx_word' id='word_1_496' title='bbox 3171 1585 3377 1637; x_wconf 69' lang='lat' dir='ltr'><strong>caetera</strong></span> <span class='ocrx_word' id='word_1_497' title='bbox 3408 1581 3465 1637; x_wconf 92' lang='lat' dir='ltr'><strong>in</strong></span> <span class='ocrx_word' id='word_1_498' title='bbox 3499 1587 3756 1654; x_wconf 88' lang='lat' dir='ltr'><strong>potesta-</strong></span> 
     </span>
    </p>
   </div>
   <div class='ocr_carea' id='block_1_73' title="bbox 330 3557 1983 3636">
    <p class='ocr_par' dir='ltr' id='par_1_73' title="bbox 330 3557 1983 3636">
     <span class='ocr_line' id='line_1_73' title="bbox 330 3557 1983 3636; baseline 0 -22"><span class='ocrx_word' id='word_1_499' title='bbox 330 3559 610 3636; x_wconf 72' lang='grc' dir='ltr'>ἄφίκοιτο,</span> <span class='ocrx_word' id='word_1_500' title='bbox 679 3559 1020 3628; x_wconf 84' lang='grc' dir='ltr'>ὑπαντιάζειν</span> <span class='ocrx_word' id='word_1_501' title='bbox 1125 3557 1214 3612; x_wconf 77' lang='grc' dir='ltr'><strong>καὶ</strong></span> <span class='ocrx_word' id='word_1_502' title='bbox 1295 3564 1394 3628; x_wconf 87' lang='grc' dir='ltr'><strong>τῆς</strong></span> <span class='ocrx_word' id='word_1_503' title='bbox 1486 3559 1675 3633; x_wconf 88' lang='grc' dir='ltr'>πρόσω</span> <span class='ocrx_word' id='word_1_504' title='bbox 1759 3560 1983 3635; x_wconf 89' lang='grc' dir='ltr'>πορείας</span> 
     </span>
    </p>
   </div>
   <div class='ocr_carea' id='block_1_74' title="bbox 327 3644 1981 3724">
    <p class='ocr_par' dir='ltr' id='par_1_74' title="bbox 327 3644 1981 3724">
     <span class='ocr_line' id='line_1_74' title="bbox 327 3644 1981 3724; baseline -0.001 -20"><span class='ocrx_word' id='word_1_505' title='bbox 327 3649 633 3724; x_wconf 72' lang='grc' dir='ltr'>ἀπείργειν,</span> <span class='ocrx_word' id='word_1_506' title='bbox 666 3647 837 3708; x_wconf 78' lang='grc' dir='ltr'>Αὐτὸς</span> <span class='ocrx_word' id='word_1_507' title='bbox 871 3644 928 3702; x_wconf 77' lang='grc' dir='ltr'>δὲ</span> <span class='ocrx_word' id='word_1_508' title='bbox 961 3649 1081 3720; x_wconf 82' lang='grc' dir='ltr'>μεθ’</span> <span class='ocrx_word' id='word_1_509' title='bbox 1120 3648 1311 3702; x_wconf 73' lang='grc' dir='ltr'>ἑαυτοῦ</span> <span class='ocrx_word' id='word_1_510' title='bbox 1367 3648 1530 3716; x_wconf 81' lang='grc' dir='ltr'>πεζὸν</span> <span class='ocrx_word' id='word_1_511' title='bbox 1593 3648 1687 3720; x_wconf 72' lang='grc' dir='ltr'>μὲν</span> <span class='ocrx_word' id='word_1_512' title='bbox 1755 3649 1981 3722; x_wconf 86' lang='grc' dir='ltr'>στρατὸν</span> 
     </span>
    </p>
   </div>
   <div class='ocr_carea' id='block_1_75' title="bbox 327 3732 1985 3814">
    <p class='ocr_par' dir='ltr' id='par_1_75' title="bbox 327 3732 1985 3814">
     <span class='ocr_line' id='line_1_75' title="bbox 327 3732 1985 3814; baseline 0 -22"><span class='ocrx_word' id='word_1_513' title='bbox 327 3740 441 3814; x_wconf 77' lang='grc' dir='ltr'>ἦγε</span> <span class='ocrx_word' id='word_1_514' title='bbox 468 3745 524 3792; x_wconf 90' lang='grc' dir='ltr'>ιε’</span> <span class='ocrx_word' id='word_1_515' title='bbox 568 3734 855 3811; x_wconf 82' lang='grc' dir='ltr'>μυριάδας,</span> <span class='ocrx_word' id='word_1_516' title='bbox 887 3737 1069 3798; x_wconf 75' lang='grc' dir='ltr'>ἱππεῖς</span> <span class='ocrx_word' id='word_1_517' title='bbox 1097 3733 1154 3792; x_wconf 73' lang='grc' dir='ltr'>δί</span> <span class='ocrx_word' id='word_1_518' title='bbox 1186 3732 1501 3811; x_wconf 87' lang='grc' dir='ltr'>δισχιλίους</span> <span class='ocrx_word' id='word_1_519' title='bbox 1544 3738 1589 3773; x_wconf 79' lang='grc' dir='ltr'><strong>³ο</strong></span> <span class='ocrx_word' id='word_1_520' title='bbox 1619 3735 1707 3791; x_wconf 85' lang='grc' dir='ltr'><strong>ἐπὶ</strong></span> <span class='ocrx_word' id='word_1_521' title='bbox 1735 3742 1853 3800; x_wconf 88' lang='grc' dir='ltr'>τοῖς</span> <span class='ocrx_word' id='word_1_522' title='bbox 1888 3758 1985 3811; x_wconf 89' lang='grc' dir='ltr'>μυ-</span> 
     </span>
    </p>
   </div>
   <div class='ocr_carea' id='block_1_76' title="bbox 329 3823 1982 3902">
    <p class='ocr_par' dir='ltr' id='par_1_76' title="bbox 329 3823 1982 3902">
     <span class='ocr_line' id='line_1_76' title="bbox 329 3823 1982 3902; baseline 0 -22"><span class='ocrx_word' id='word_1_523' title='bbox 329 3826 493 3900; x_wconf 86' lang='grc' dir='ltr'>ρίοις.</span> <span class='ocrx_word' id='word_1_524' title='bbox 550 3827 801 3901; x_wconf 85' lang='grc' dir='ltr'>’Ἀρματά</span> <span class='ocrx_word' id='word_1_525' title='bbox 866 3846 924 3881; x_wconf 89' lang='grc' dir='ltr'><strong>τε</strong></span> <span class='ocrx_word' id='word_1_526' title='bbox 982 3823 1368 3902; x_wconf 74' lang='grc' dir='ltr'>δρεπανηφόρα</span> <span class='ocrx_word' id='word_1_527' title='bbox 1435 3833 1734 3902; x_wconf 79' lang='grc' dir='ltr'>συνεπῆγεν</span> <span class='ocrx_word' id='word_1_528' title='bbox 1791 3828 1836 3880; x_wconf 88' lang='grc' dir='ltr'>κ’</span> <span class='ocrx_word' id='word_1_529' title='bbox 1893 3826 1982 3881; x_wconf 85' lang='grc' dir='ltr'>καὶ</span> 
     </span>
    </p>
   </div>
   <div class='ocr_carea' id='block_1_77' title="bbox 331 3911 1984 3991">
    <p class='ocr_par' dir='ltr' id='par_1_77' title="bbox 331 3911 1984 3991">
     <span class='ocr_line' id='line_1_77' title="bbox 331 3911 1984 3991; baseline 0.001 -22"><span class='ocrx_word' id='word_1_530' title='bbox 331 3917 395 3991; x_wconf 85' lang='grc' dir='ltr'>β,</span> <span class='ocrx_word' id='word_1_531' title='bbox 451 3916 543 3969; x_wconf 85' lang='grc' dir='ltr'><strong>καὶ</strong></span> <span class='ocrx_word' id='word_1_532' title='bbox 631 3919 800 3970; x_wconf 78' lang='grc' dir='ltr'>πᾶσαν</span> <span class='ocrx_word' id='word_1_533' title='bbox 865 3913 1043 3986; x_wconf 82' lang='grc' dir='ltr'>ἄλλην</span> <span class='ocrx_word' id='word_1_534' title='bbox 1108 3914 1493 3989; x_wconf 80' lang='grc' dir='ltr'>μηχανοποιὸν</span> <span class='ocrx_word' id='word_1_535' title='bbox 1550 3914 1652 3968; x_wconf 82' lang='grc' dir='ltr'><strong>οὐκ</strong></span> <span class='ocrx_word' id='word_1_536' title='bbox 1707 3911 1984 3970; x_wconf 66' lang='grc' dir='ltr'>ἐνδέουσαν</span> 
     </span>
    </p>
   </div>
   <div class='ocr_carea' id='block_1_78' title="bbox 331 3999 1984 4080">
    <p class='ocr_par' dir='ltr' id='par_1_78' title="bbox 331 3999 1984 4080">
     <span class='ocr_line' id='line_1_78' title="bbox 331 3999 1984 4080; baseline 0 -22"><span class='ocrx_word' id='word_1_537' title='bbox 331 4001 575 4073; x_wconf 75' lang='grc' dir='ltr'>πληθύν.</span> <span class='ocrx_word' id='word_1_538' title='bbox 608 4003 892 4080; x_wconf 84' lang='grc' dir='ltr'>Ἥπείγετο</span> <span class='ocrx_word' id='word_1_539' title='bbox 949 4002 1010 4058; x_wconf 71' lang='grc' dir='ltr'>δὶ</span> <span class='ocrx_word' id='word_1_540' title='bbox 1062 3999 1152 4058; x_wconf 69' lang='grc' dir='ltr'><strong>διὰ</strong></span> <span class='ocrx_word' id='word_1_541' title='bbox 1195 4010 1297 4073; x_wconf 78' lang='grc' dir='ltr'>τῆς</span> <span class='ocrx_word' id='word_1_542' title='bbox 1323 4000 1696 4077; x_wconf 87' lang='grc' dir='ltr'>Τιμωνιτίδος</span> <span class='ocrx_word' id='word_1_543' title='bbox 1757 4003 1984 4080; x_wconf 82' lang='grc' dir='ltr'>Παφλα-</span> 
     </span>
    </p>
   </div>
   <div class='ocr_carea' id='block_1_79' title="bbox 331 4092 1986 4168">
    <p class='ocr_par' dir='ltr' id='par_1_79' title="bbox 331 4092 1986 4168">
     <span class='ocr_line' id='line_1_79' title="bbox 331 4092 1986 4168; baseline 0.001 -22"><span class='ocrx_word' id='word_1_544' title='bbox 331 4092 527 4168; x_wconf 82' lang='grc' dir='ltr'>γονίας</span> <span class='ocrx_word' id='word_1_545' title='bbox 563 4092 640 4154; x_wconf 73' lang='lat' dir='ltr'><strong>ei:</strong></span> <span class='ocrx_word' id='word_1_546' title='bbox 691 4095 788 4162; x_wconf 81' lang='grc' dir='ltr'>τὴν</span> <span class='ocrx_word' id='word_1_547' title='bbox 841 4092 1130 4162; x_wconf 85' lang='grc' dir='ltr'>Γαλατίαν,</span> <span class='ocrx_word' id='word_1_548' title='bbox 1161 4095 1253 4148; x_wconf 82' lang='grc' dir='ltr'><strong>καὶ</strong></span> <span class='ocrx_word' id='word_1_549' title='bbox 1306 4093 1548 4156; x_wconf 82' lang='grc' dir='ltr'>ἐναταῖος</span> <span class='ocrx_word' id='word_1_550' title='bbox 1591 4094 1667 4156; x_wconf 85' lang='grc' dir='ltr'><strong>εἰς</strong></span> <span class='ocrx_word' id='word_1_551' title='bbox 1697 4094 1796 4162; x_wconf 79' lang='grc' dir='ltr'><strong>τήν</strong></span> <span class='ocrx_word' id='word_1_552' title='bbox 1829 4095 1986 4151; x_wconf 82' lang='grc' dir='ltr'>Βιθυ-</span> 
     </span>
    </p>
   </div>
   <div class='ocr_carea' id='block_1_80' title="bbox 325 4178 1986 4260">
    <p class='ocr_par' dir='ltr' id='par_1_80' title="bbox 325 4178 1986 4260">
     <span class='ocr_line' id='line_1_80' title="bbox 325 4178 1986 4260; baseline 0.001 -24"><span class='ocrx_word' id='word_1_553' title='bbox 325 4178 453 4236; x_wconf 84' lang='grc' dir='ltr'>νίαν</span> <span class='ocrx_word' id='word_1_554' title='bbox 500 4181 828 4259; x_wconf 67' lang='grc' dir='ltr'>ἀφικνεῖται.</span> <span class='ocrx_word' id='word_1_555' title='bbox 863 4180 1179 4246; x_wconf 81' lang='grc' dir='ltr'>Λεύκολλος</span> <span class='ocrx_word' id='word_1_556' title='bbox 1220 4178 1278 4235; x_wconf 78' lang='grc' dir='ltr'>δὲ</span> <span class='ocrx_word' id='word_1_557' title='bbox 1326 4181 1532 4239; x_wconf 87' lang='grc' dir='ltr'>Κότταν</span> <span class='ocrx_word' id='word_1_558' title='bbox 1579 4183 1674 4255; x_wconf 70' lang='grc' dir='ltr'>μὲν</span> <span class='ocrx_word' id='word_1_559' title='bbox 1727 4182 1986 4260; x_wconf 77' lang='grc' dir='ltr'>ἐφορμεῖν</span> 
     </span>
    </p>
   </div>
   <div class='ocr_carea' id='block_1_81' title="bbox 324 4267 1982 4347">
    <p class='ocr_par' dir='ltr' id='par_1_81' title="bbox 324 4267 1982 4347">
     <span class='ocr_line' id='line_1_81' title="bbox 324 4267 1982 4347; baseline 0.004 -23"><span class='ocrx_word' id='word_1_560' title='bbox 324 4267 546 4324; x_wconf 78' lang='grc' dir='ltr'>κελεύει</span> <span class='ocrx_word' id='word_1_561' title='bbox 587 4274 668 4342; x_wconf 78' lang='grc' dir='ltr'><strong>τῷ</strong></span> <span class='ocrx_word' id='word_1_562' title='bbox 715 4267 1118 4347; x_wconf 81' lang='grc' dir='ltr'>Καλχηδονίων</span> <span class='ocrx_word' id='word_1_563' title='bbox 1163 4270 1348 4344; x_wconf 74' lang='grc' dir='ltr'>λιμένι</span> <span class='ocrx_word' id='word_1_564' title='bbox 1397 4271 1554 4327; x_wconf 83' lang='grc' dir='ltr'>παντὶ</span> <span class='ocrx_word' id='word_1_565' title='bbox 1597 4276 1676 4344; x_wconf 77' lang='grc' dir='ltr'><strong>τῷ</strong></span> <span class='ocrx_word' id='word_1_566' title='bbox 1724 4277 1982 4344; x_wconf 81' lang='grc' dir='ltr'>ναυτικῷ.</span> 
     </span>
    </p>
   </div>
   <div class='ocr_carea' id='block_1_82' title="bbox 2092 3557 3735 3634">
    <p class='ocr_par' dir='ltr' id='par_1_82' title="bbox 2092 3557 3735 3634">
     <span class='ocr_line' id='line_1_82' title="bbox 2092 3557 3735 3634; baseline -0.002 -18"><span class='ocrx_word' id='word_1_567' title='bbox 2092 3565 2312 3628; x_wconf 88' lang='lat' dir='ltr'><strong>currat,</strong></span> <span class='ocrx_word' id='word_1_568' title='bbox 2343 3569 2399 3617; x_wconf 89' lang='lat' dir='ltr'><strong>et</strong></span> <span class='ocrx_word' id='word_1_569' title='bbox 2428 3576 2800 3634; x_wconf 87' lang='lat' dir='ltr'><strong>progressum</strong></span> <span class='ocrx_word' id='word_1_570' title='bbox 2849 3560 2978 3630; x_wconf 87' lang='lat' dir='ltr'><strong>ejus</strong></span> <span class='ocrx_word' id='word_1_571' title='bbox 3003 3557 3378 3615; x_wconf 85' lang='lat' dir='ltr'><strong>intercludat.</strong></span> <span class='ocrx_word' id='word_1_572' title='bbox 3431 3560 3560 3630; x_wconf 84' lang='lat' dir='ltr'><strong>Ipse</strong></span> <span class='ocrx_word' id='word_1_573' title='bbox 3601 3575 3735 3614; x_wconf 90' lang='lat' dir='ltr'><strong>vero</strong></span> 
     </span>
    </p>
   </div>
   <div class='ocr_carea' id='block_1_83' title="bbox 2098 3646 3740 3721">
    <p class='ocr_par' dir='ltr' id='par_1_83' title="bbox 2098 3646 3740 3721">
     <span class='ocr_line' id='line_1_83' title="bbox 2098 3646 3740 3721; baseline -0.001 -17"><span class='ocrx_word' id='word_1_574' title='bbox 2098 3650 2305 3706; x_wconf 86' lang='grc'>150000</span> <span class='ocrx_word' id='word_1_575' title='bbox 2336 3651 2599 3721; x_wconf 87' lang='lat' dir='ltr'><strong>peditum</strong></span> <span class='ocrx_word' id='word_1_576' title='bbox 2650 3650 2760 3706; x_wconf 89' lang='lat' dir='ltr'><strong>sub</strong></span> <span class='ocrx_word' id='word_1_577' title='bbox 2811 3647 3040 3705; x_wconf 80' lang='lat' dir='ltr'><strong>vexillis</strong></span> <span class='ocrx_word' id='word_1_578' title='bbox 3089 3649 3244 3719; x_wconf 91' lang='lat' dir='ltr'><strong>apud</strong></span> <span class='ocrx_word' id='word_1_579' title='bbox 3295 3663 3358 3702; x_wconf 90' lang='lat' dir='ltr'><strong>se</strong></span> <span class='ocrx_word' id='word_1_580' title='bbox 3401 3646 3630 3714; x_wconf 88' lang='lat' dir='ltr'><strong>retinet,</strong></span> <span class='ocrx_word' id='word_1_581' title='bbox 3682 3652 3740 3702; x_wconf 87' lang='lat' dir='ltr'><strong>et</strong></span> 
     </span>
    </p>
   </div>
   <div class='ocr_carea' id='block_1_84' title="bbox 2095 3735 3740 3811">
    <p class='ocr_par' dir='ltr' id='par_1_84' title="bbox 2095 3735 3740 3811">
     <span class='ocr_line' id='line_1_84' title="bbox 2095 3735 3740 3811; baseline -0.004 -17"><span class='ocrx_word' id='word_1_582' title='bbox 2095 3740 2268 3796; x_wconf 83' lang='grc'>12000</span> <span class='ocrx_word' id='word_1_583' title='bbox 2299 3741 2587 3811; x_wconf 89' lang='lat' dir='ltr'><strong>equitum,</strong></span> <span class='ocrx_word' id='word_1_584' title='bbox 2617 3755 2766 3810; x_wconf 87' lang='lat' dir='ltr'><strong>quos</strong></span> <span class='ocrx_word' id='word_1_585' title='bbox 2797 3737 2992 3793; x_wconf 80' lang='lat' dir='ltr'><strong>falcati</strong></span> <span class='ocrx_word' id='word_1_586' title='bbox 3023 3739 3351 3808; x_wconf 87' lang='lat' dir='ltr'><strong>sequuntur</strong></span> <span class='ocrx_word' id='word_1_587' title='bbox 3377 3749 3585 3790; x_wconf 87' lang='lat' dir='ltr'><strong>currus</strong></span> <span class='ocrx_word' id='word_1_588' title='bbox 3617 3735 3740 3802; x_wconf 82' lang='grc'><strong>120,</strong></span> 
     </span>
    </p>
   </div>
   <div class='ocr_carea' id='block_1_85' title="bbox 2095 3822 3740 3895">
    <p class='ocr_par' dir='ltr' id='par_1_85' title="bbox 2095 3822 3740 3895">
     <span class='ocr_line' id='line_1_85' title="bbox 2095 3822 3740 3895; baseline -0.003 -12"><span class='ocrx_word' id='word_1_589' title='bbox 2095 3844 2198 3886; x_wconf 90' lang='lat' dir='ltr'><strong>nec</strong></span> <span class='ocrx_word' id='word_1_590' title='bbox 2231 3829 2346 3885; x_wconf 93' lang='lat' dir='ltr'><strong>ulla</strong></span> <span class='ocrx_word' id='word_1_591' title='bbox 2396 3829 2802 3886; x_wconf 89' lang='lat' dir='ltr'><strong>machinarum</strong></span> <span class='ocrx_word' id='word_1_592' title='bbox 2853 3826 3045 3881; x_wconf 85' lang='lat' dir='ltr'><strong>omnis</strong></span> <span class='ocrx_word' id='word_1_593' title='bbox 3088 3824 3318 3895; x_wconf 77' lang='lat' dir='ltr'><strong>generis</strong></span> <span class='ocrx_word' id='word_1_594' title='bbox 3355 3823 3525 3893; x_wconf 89' lang='lat' dir='ltr'><strong>copia</strong></span> <span class='ocrx_word' id='word_1_595' title='bbox 3552 3822 3740 3879; x_wconf 85' lang='lat' dir='ltr'><strong>abest.</strong></span> 
     </span>
    </p>
   </div>
   <div class='ocr_carea' id='block_1_86' title="bbox 2092 3911 3740 3989">
    <p class='ocr_par' dir='ltr' id='par_1_86' title="bbox 2092 3911 3740 3989">
     <span class='ocr_line' id='line_1_86' title="bbox 2092 3911 3740 3989; baseline -0.004 -17"><span class='ocrx_word' id='word_1_596' title='bbox 2092 3918 2388 3974; x_wconf 87' lang='lat' dir='ltr'><strong>Concitato</strong></span> <span class='ocrx_word' id='word_1_597' title='bbox 2419 3917 2598 3989; x_wconf 87' lang='lat' dir='ltr'><strong>igitur</strong></span> <span class='ocrx_word' id='word_1_598' title='bbox 2628 3916 2851 3980; x_wconf 87' lang='lat' dir='ltr'><strong>itinere,</strong></span> <span class='ocrx_word' id='word_1_599' title='bbox 2902 3931 3004 3984; x_wconf 90' lang='lat' dir='ltr'><strong>per</strong></span> <span class='ocrx_word' id='word_1_600' title='bbox 3047 3911 3486 3977; x_wconf 89' lang='lat' dir='ltr'><strong>Timonitidem,</strong></span> <span class='ocrx_word' id='word_1_601' title='bbox 3517 3911 3740 3982; x_wconf 86' lang='lat' dir='ltr'><strong>Cappa-</strong></span> 
     </span>
    </p>
   </div>
   <div class='ocr_carea' id='block_1_87' title="bbox 2093 4000 3736 4076">
    <p class='ocr_par' dir='ltr' id='par_1_87' title="bbox 2093 4000 3736 4076">
     <span class='ocr_line' id='line_1_87' title="bbox 2093 4000 3736 4076; baseline -0.004 -14"><span class='ocrx_word' id='word_1_602' title='bbox 2093 4007 2321 4063; x_wconf 88' lang='lat' dir='ltr'><strong>dociam</strong></span> <span class='ocrx_word' id='word_1_603' title='bbox 2352 4011 2410 4062; x_wconf 88' lang='lat' dir='ltr'><strong>et</strong></span> <span class='ocrx_word' id='word_1_604' title='bbox 2438 4005 2722 4062; x_wconf 88' lang='lat' dir='ltr'><strong>Galatiam</strong></span> <span class='ocrx_word' id='word_1_605' title='bbox 2772 4020 3043 4076; x_wconf 88' lang='lat' dir='ltr'><strong>pergens,</strong></span> <span class='ocrx_word' id='word_1_606' title='bbox 3093 4004 3163 4058; x_wconf 86' lang='lat' dir='ltr'><strong>ad</strong></span> <span class='ocrx_word' id='word_1_607' title='bbox 3196 4002 3350 4057; x_wconf 90' lang='lat' dir='ltr'><strong>diem</strong></span> <span class='ocrx_word' id='word_1_608' title='bbox 3384 4017 3606 4056; x_wconf 90' lang='lat' dir='ltr'><strong>nonum</strong></span> <span class='ocrx_word' id='word_1_609' title='bbox 3638 4000 3736 4055; x_wconf 91' lang='lat' dir='ltr'><strong>Bi-</strong></span> 
     </span>
    </p>
   </div>
   <div class='ocr_carea' id='block_1_88' title="bbox 2093 4089 3740 4168">
    <p class='ocr_par' dir='ltr' id='par_1_88' title="bbox 2093 4089 3740 4168">
     <span class='ocr_line' id='line_1_88' title="bbox 2093 4089 3740 4168; baseline -0.004 -17"><span class='ocrx_word' id='word_1_610' title='bbox 2093 4096 2358 4168; x_wconf 77' lang='lat' dir='ltr'><strong>thyniam</strong></span> <span class='ocrx_word' id='word_1_611' title='bbox 2389 4094 2642 4165; x_wconf 86' lang='lat' dir='ltr'><strong>attingit.</strong></span> <span class='ocrx_word' id='word_1_612' title='bbox 2667 4092 2943 4149; x_wconf 81' lang='lat' dir='ltr'><strong>Lucullus</strong></span> <span class='ocrx_word' id='word_1_613' title='bbox 2964 4092 3198 4148; x_wconf 89' lang='lat' dir='ltr'><strong>interim</strong></span> <span class='ocrx_word' id='word_1_614' title='bbox 3222 4092 3445 4148; x_wconf 84' lang='lat' dir='ltr'><strong>Cottam</strong></span> <span class='ocrx_word' id='word_1_615' title='bbox 3475 4091 3537 4146; x_wconf 92' lang='lat' dir='ltr'><strong>in</strong></span> <span class='ocrx_word' id='word_1_616' title='bbox 3567 4089 3740 4145; x_wconf 89' lang='lat' dir='ltr'><strong>Chal-</strong></span> 
     </span>
    </p>
   </div>
   <div class='ocr_carea' id='block_1_89' title="bbox 2094 4180 3736 4255">
    <p class='ocr_par' dir='ltr' id='par_1_89' title="bbox 2094 4180 3736 4255">
     <span class='ocr_line' id='line_1_89' title="bbox 2094 4180 3736 4255; baseline -0.002 -15"><span class='ocrx_word' id='word_1_617' title='bbox 2094 4185 2466 4242; x_wconf 87' lang='lat' dir='ltr'><strong>cedoniorum</strong></span> <span class='ocrx_word' id='word_1_618' title='bbox 2533 4188 2704 4255; x_wconf 89' lang='lat' dir='ltr'><strong>portu</strong></span> <span class='ocrx_word' id='word_1_619' title='bbox 2766 4184 3076 4239; x_wconf 87' lang='lat' dir='ltr'><strong>stationem</strong></span> <span class='ocrx_word' id='word_1_620' title='bbox 3133 4182 3344 4237; x_wconf 91' lang='lat' dir='ltr'><strong>habere</strong></span> <span class='ocrx_word' id='word_1_621' title='bbox 3385 4180 3556 4251; x_wconf 86' lang='lat' dir='ltr'><strong>jubet</strong></span> <span class='ocrx_word' id='word_1_622' title='bbox 3601 4194 3736 4236; x_wconf 88' lang='lat' dir='ltr'><strong>cum</strong></span> 
     </span>
    </p>
   </div>
   <div class='ocr_carea' id='block_1_90' title="bbox 2094 4274 2492 4332">
    <p class='ocr_par' dir='ltr' id='par_1_90' title="bbox 2094 4274 2492 4332">
     <span class='ocr_line' id='line_1_90' title="bbox 2094 4274 2492 4332; baseline -0.01 0"><span class='ocrx_word' id='word_1_623' title='bbox 2094 4274 2254 4332; x_wconf 87' lang='lat' dir='ltr'><strong>omni</strong></span> <span class='ocrx_word' id='word_1_624' title='bbox 2285 4274 2492 4332; x_wconf 80' lang='lat' dir='ltr'><strong>classe.</strong></span> 
     </span>
    </p>
   </div>
   <div class='ocr_carea' id='block_1_91' title="bbox 689 4377 3380 4455">
    <p class='ocr_par' dir='ltr' id='par_1_91' title="bbox 689 4377 3380 4455">
     <span class='ocr_line' id='line_1_91' title="bbox 689 4377 3380 4455; baseline 0 -21"><span class='ocrx_word' id='word_1_625' title='bbox 689 4377 824 4437; x_wconf 77' lang='lat' dir='ltr'><strong>CAP.</strong></span> <span class='ocrx_word' id='word_1_626' title='bbox 855 4377 979 4435; x_wconf 84' lang='lat' dir='ltr'><strong>XL.</strong></span> <span class='ocrx_word' id='word_1_627' title='bbox 1008 4408 1078 4420; x_wconf 87' lang='lat'><strong>-—</strong></span> <span class='ocrx_word' id='word_1_628' title='bbox 1105 4380 1490 4436; x_wconf 60' lang='lat' dir='ltr'><strong>Heracliam“</strong></span> <span class='ocrx_word' id='word_1_629' title='bbox 1529 4379 1840 4436; x_wconf 74' lang='lat' dir='ltr'><strong>Mithridati</strong></span> <span class='ocrx_word' id='word_1_630' title='bbox 1866 4397 1922 4438; x_wconf 78' lang='lat' dir='ltr'><strong>se</strong></span> <span class='ocrx_word' id='word_1_631' title='bbox 1950 4382 2264 4455; x_wconf 83' lang='lat' dir='ltr'><strong>adiungunt</strong></span> <span class='ocrx_word' id='word_1_632' title='bbox 2291 4388 2343 4439; x_wconf 84' lang='lat' dir='ltr'><strong>et</strong></span> <span class='ocrx_word' id='word_1_633' title='bbox 2369 4381 2691 4455; x_wconf 75' lang='lat' dir='ltr'><strong>publicanos</strong></span> <span class='ocrx_word' id='word_1_634' title='bbox 2722 4382 2988 4438; x_wconf 76' lang='lat' dir='ltr'><strong>Romano:</strong></span> <span class='ocrx_word' id='word_1_635' title='bbox 3013 4378 3380 4448; x_wconf 67' lang='lat' dir='ltr'><strong>interﬁciunt.</strong></span> 
     </span>
    </p>
   </div>
   <div class='ocr_carea' id='block_1_92' title="bbox 405 4478 1988 4562">
    <p class='ocr_par' dir='ltr' id='par_1_92' title="bbox 405 4478 1980 4562">
     <span class='ocr_line' id='line_1_92' title="bbox 405 4478 1980 4562; baseline 0.003 -24"><span class='ocrx_word' id='word_1_636' title='bbox 405 4482 480 4538; x_wconf 87' lang='grc' dir='ltr'><strong>Τὸ</strong></span> <span class='ocrx_word' id='word_1_637' title='bbox 522 4478 579 4538; x_wconf 72' lang='grc' dir='ltr'>δὲ</span> <span class='ocrx_word' id='word_1_638' title='bbox 625 4481 963 4560; x_wconf 80' lang='grc' dir='ltr'>Μιθριδάτου</span> <span class='ocrx_word' id='word_1_639' title='bbox 1001 4484 1250 4539; x_wconf 78' lang='grc' dir='ltr'>ναυτικὸν</span> <span class='ocrx_word' id='word_1_640' title='bbox 1297 4483 1614 4560; x_wconf 73' lang='grc' dir='ltr'>παραπλέον</span> <span class='ocrx_word' id='word_1_641' title='bbox 1667 4488 1768 4555; x_wconf 83' lang='grc' dir='ltr'>τήν</span> <span class='ocrx_word' id='word_1_642' title='bbox 1808 4487 1980 4562; x_wconf 84' lang='grc' dir='ltr'>Ἡρά-</span> 
     </span>
    </p>
   </div>
   <div class='ocr_carea' id='block_1_93' title="bbox 2099 4478 3735 4562">
    <p class='ocr_par' dir='ltr' id='par_1_93' title="bbox 2165 4484 3735 4561">
     <span class='ocr_line' id='line_1_93' title="bbox 2165 4484 3735 4561; baseline -0.003 -15"><span class='ocrx_word' id='word_1_643' title='bbox 2165 4490 2519 4548; x_wconf 88' lang='lat' dir='ltr'><strong>Mithridatis</strong></span> <span class='ocrx_word' id='word_1_644' title='bbox 2532 4493 2723 4546; x_wconf 90' lang='lat' dir='ltr'><strong>autem</strong></span> <span class='ocrx_word' id='word_1_645' title='bbox 2744 4489 2947 4545; x_wconf 80' lang='lat' dir='ltr'><strong>classis</strong></span> <span class='ocrx_word' id='word_1_646' title='bbox 2962 4485 3295 4545; x_wconf 85' lang='lat' dir='ltr'><strong>Heracleam</strong></span> <span class='ocrx_word' id='word_1_647' title='bbox 3309 4484 3735 4561; x_wconf 61' lang='lat' dir='ltr'><strong>praterlegens,</strong></span> 
     </span>
    </p>
   </div>
   <div class='ocr_carea' id='block_1_94' title="bbox 316 4571 1981 4650">
    <p class='ocr_par' dir='ltr' id='par_1_94' title="bbox 316 4571 1981 4650">
     <span class='ocr_line' id='line_1_94' title="bbox 316 4571 1981 4650; baseline 0.002 -22"><span class='ocrx_word' id='word_1_648' title='bbox 316 4571 521 4628; x_wconf 76' lang='grc' dir='ltr'>κλειαν</span> <span class='ocrx_word' id='word_1_649' title='bbox 576 4575 704 4649; x_wconf 87' lang='grc' dir='ltr'>παρ’</span> <span class='ocrx_word' id='word_1_650' title='bbox 758 4574 934 4644; x_wconf 81' lang='grc' dir='ltr'>αὐτῆς</span> <span class='ocrx_word' id='word_1_651' title='bbox 987 4572 1086 4629; x_wconf 83' lang='grc' dir='ltr'>οὐκ</span> <span class='ocrx_word' id='word_1_652' title='bbox 1142 4571 1373 4650; x_wconf 74' lang='grc' dir='ltr'>ἐδέχθη,</span> <span class='ocrx_word' id='word_1_653' title='bbox 1421 4573 1549 4631; x_wconf 85' lang='grc' dir='ltr'>ἀλλ’</span> <span class='ocrx_word' id='word_1_654' title='bbox 1614 4576 1815 4650; x_wconf 79' lang='grc' dir='ltr'>ἀγορὰν</span> <span class='ocrx_word' id='word_1_655' title='bbox 1885 4579 1981 4650; x_wconf 78' lang='grc' dir='ltr'>μὲν</span> 
     </span>
    </p>
   </div>
   <div class='ocr_carea' id='block_1_95' title="bbox 316 4662 1979 4740">
    <p class='ocr_par' dir='ltr' id='par_1_95' title="bbox 316 4662 1979 4740">
     <span class='ocr_line' id='line_1_95' title="bbox 316 4662 1979 4740; baseline 0.003 -22"><span class='ocrx_word' id='word_1_656' title='bbox 316 4662 707 4735; x_wconf 77' lang='grc' dir='ltr'>αἰτησαμένων</span> <span class='ocrx_word' id='word_1_657' title='bbox 783 4665 1079 4739; x_wconf 71' lang='grc' dir='ltr'>παρέσχον.</span> <span class='ocrx_word' id='word_1_658' title='bbox 1155 4666 1266 4735; x_wconf 84' lang='grc' dir='ltr'>Οἴα</span> <span class='ocrx_word' id='word_1_659' title='bbox 1339 4664 1395 4720; x_wconf 77' lang='grc' dir='ltr'>δὲ</span> <span class='ocrx_word' id='word_1_660' title='bbox 1470 4666 1636 4734; x_wconf 84' lang='grc' dir='ltr'>εἰκὸς,</span> <span class='ocrx_word' id='word_1_661' title='bbox 1704 4665 1979 4740; x_wconf 80' lang='grc' dir='ltr'>ἐπιμιξίας</span> 
     </span>
    </p>
   </div>
   <div class='ocr_carea' id='block_1_96' title="bbox 313 4750 1980 4834">
    <p class='ocr_par' dir='ltr' id='par_1_96' title="bbox 313 4750 1980 4834">
     <span class='ocr_line' id='line_1_96' title="bbox 313 4750 1980 4834; baseline 0.003 -28"><span class='ocrx_word' id='word_1_662' title='bbox 313 4750 632 4828; x_wconf 67' lang='grc' dir='ltr'>γενομένης</span> <span class='ocrx_word' id='word_1_663' title='bbox 689 4751 997 4828; x_wconf 67' lang='grc' dir='ltr'>Ἀρχέλαος</span> <span class='ocrx_word' id='word_1_664' title='bbox 1083 4755 1110 4809; x_wconf 82' lang='grc' dir='ltr'>ὁ</span> <span class='ocrx_word' id='word_1_665' title='bbox 1168 4757 1265 4809; x_wconf 80' lang='grc' dir='ltr'><strong>τοῦ</strong></span> <span class='ocrx_word' id='word_1_666' title='bbox 1344 4760 1597 4810; x_wconf 77' lang='grc' dir='ltr'>ναυτικοῦ</span> <span class='ocrx_word' id='word_1_667' title='bbox 1676 4758 1980 4834; x_wconf 82' lang='grc' dir='ltr'>στρατηγὸς</span> 
     </span>
    </p>
   </div>
   <div class='ocr_carea' id='block_1_97' title="bbox 315 4839 1975 4924">
    <p class='ocr_par' dir='ltr' id='par_1_97' title="bbox 315 4839 1975 4924">
     <span class='ocr_line' id='line_1_97' title="bbox 315 4839 1975 4924; baseline 0.002 -26"><span class='ocrx_word' id='word_1_668' title='bbox 315 4839 593 4898; x_wconf 75' lang='grc' dir='ltr'>συνέλαϐε</span> <span class='ocrx_word' id='word_1_669' title='bbox 642 4839 878 4912; x_wconf 84' lang='grc' dir='ltr'>Σιλῆνον</span> <span class='ocrx_word' id='word_1_670' title='bbox 937 4845 983 4882; x_wconf 79' lang='grc'>²¹</span> <span class='ocrx_word' id='word_1_671' title='bbox 1042 4841 1132 4899; x_wconf 77' lang='grc' dir='ltr'><strong>καὶ</strong></span> <span class='ocrx_word' id='word_1_672' title='bbox 1209 4843 1450 4918; x_wconf 83' lang='grc' dir='ltr'>Σάτυρον</span> <span class='ocrx_word' id='word_1_673' title='bbox 1533 4843 1810 4924; x_wconf 77' lang='grc' dir='ltr'>ἐπιφανεῖς</span> <span class='ocrx_word' id='word_1_674' title='bbox 1875 4853 1975 4916; x_wconf 79' lang='grc' dir='ltr'><strong>τῆς</strong></span> 
     </span>
    </p>
   </div>
   <div class='ocr_carea' id='block_1_98' title="bbox 309 4926 1976 5004">
    <p class='ocr_par' dir='ltr' id='par_1_98' title="bbox 309 4926 1976 5004">
     <span class='ocr_line' id='line_1_98' title="bbox 309 4926 1976 5004; baseline 0.004 -23"><span class='ocrx_word' id='word_1_675' title='bbox 309 4926 652 5002; x_wconf 81' lang='grc' dir='ltr'>Ἡρακλείας</span> <span class='ocrx_word' id='word_1_676' title='bbox 708 4926 924 5004; x_wconf 81' lang='grc' dir='ltr'>ἄνδρας,</span> <span class='ocrx_word' id='word_1_677' title='bbox 956 4930 1046 4986; x_wconf 78' lang='grc' dir='ltr'><strong>καὶ</strong></span> <span class='ocrx_word' id='word_1_678' title='bbox 1117 4932 1220 4987; x_wconf 85' lang='grc' dir='ltr'><strong>ούκ</strong></span> <span class='ocrx_word' id='word_1_679' title='bbox 1265 4931 1460 5002; x_wconf 82' lang='grc' dir='ltr'>ἀνῆκεν</span> <span class='ocrx_word' id='word_1_680' title='bbox 1519 4930 1626 4998; x_wconf 70' lang='grc' dir='ltr'>ἕως</span> <span class='ocrx_word' id='word_1_681' title='bbox 1678 4931 1739 4988; x_wconf 74' lang='grc' dir='ltr'><strong>ἂν</strong></span> <span class='ocrx_word' id='word_1_682' title='bbox 1797 4930 1976 4990; x_wconf 77' lang='grc' dir='ltr'>ἔπεισε</span> 
     </span>
    </p>
   </div>
   <div class='ocr_carea' id='block_1_99' title="bbox 309 5011 1970 5096">
    <p class='ocr_par' dir='ltr' id='par_1_99' title="bbox 309 5011 1970 5096">
     <span class='ocr_line' id='line_1_99' title="bbox 309 5011 1970 5096; baseline 0.002 -22"><span class='ocrx_word' id='word_1_683' title='bbox 309 5011 515 5074; x_wconf 75' lang='grc' dir='ltr'>λαϐεῖν</span> <span class='ocrx_word' id='word_1_684' title='bbox 547 5017 703 5073; x_wconf 74' lang='grc' dir='ltr'>πέντε</span> <span class='ocrx_word' id='word_1_685' title='bbox 729 5021 976 5095; x_wconf 77' lang='grc' dir='ltr'>τριήρεις</span> <span class='ocrx_word' id='word_1_686' title='bbox 1008 5018 1364 5096; x_wconf 85' lang='grc' dir='ltr'>συμμαχίδας</span> <span class='ocrx_word' id='word_1_687' title='bbox 1424 5023 1498 5085; x_wconf 84' lang='grc' dir='ltr'>εἷς</span> <span class='ocrx_word' id='word_1_688' title='bbox 1548 5022 1640 5078; x_wconf 84' lang='grc' dir='ltr'>τὸν</span> <span class='ocrx_word' id='word_1_689' title='bbox 1681 5024 1818 5079; x_wconf 85' lang='grc' dir='ltr'><strong>κατά</strong></span> <span class='ocrx_word' id='word_1_690' title='bbox 1862 5030 1970 5079; x_wconf 81' lang='grc' dir='ltr'><strong>τῶν</strong></span> 
     </span>
    </p>
   </div>
   <div class='ocr_carea' id='block_1_100' title="bbox 303 5105 1972 5188">
    <p class='ocr_par' dir='ltr' id='par_1_100' title="bbox 303 5105 1972 5188">
     <span class='ocr_line' id='line_1_100' title="bbox 303 5105 1972 5188; baseline 0.002 -25"><span class='ocrx_word' id='word_1_691' title='bbox 303 5105 610 5178; x_wconf 80' lang='grc' dir='ltr'>Ῥωμαίων</span> <span class='ocrx_word' id='word_1_692' title='bbox 666 5105 941 5180; x_wconf 84' lang='grc' dir='ltr'>πόλεμον.</span> <span class='ocrx_word' id='word_1_693' title='bbox 976 5107 1079 5166; x_wconf 78' lang='grc' dir='ltr'>Καὶ</span> <span class='ocrx_word' id='word_1_694' title='bbox 1147 5107 1255 5165; x_wconf 76' lang='grc' dir='ltr'>ἀπὸ</span> <span class='ocrx_word' id='word_1_695' title='bbox 1302 5109 1507 5181; x_wconf 89' lang='grc' dir='ltr'>ταύτης</span> <span class='ocrx_word' id='word_1_696' title='bbox 1573 5117 1676 5181; x_wconf 83' lang='grc' dir='ltr'><strong>τῆς</strong></span> <span class='ocrx_word' id='word_1_697' title='bbox 1725 5114 1972 5188; x_wconf 83' lang='grc' dir='ltr'>πράξεως</span> 
     </span>
    </p>
   </div>
   <div class='ocr_carea' id='block_1_101' title="bbox 302 5196 1972 5275">
    <p class='ocr_par' dir='ltr' id='par_1_101' title="bbox 302 5196 1972 5275">
     <span class='ocr_line' id='line_1_101' title="bbox 302 5196 1972 5275; baseline 0.002 -23"><span class='ocrx_word' id='word_1_698' title='bbox 302 5197 480 5273; x_wconf 80' lang='grc' dir='ltr'>(ὅπερ</span> <span class='ocrx_word' id='word_1_699' title='bbox 562 5196 651 5251; x_wconf 79' lang='grc' dir='ltr'><strong>καὶ</strong></span> <span class='ocrx_word' id='word_1_700' title='bbox 711 5197 1020 5274; x_wconf 80' lang='grc' dir='ltr'>’Δρχὲλαος</span> <span class='ocrx_word' id='word_1_701' title='bbox 1104 5197 1445 5275; x_wconf 70' lang='grc' dir='ltr'>ἐμηχανᾶτο)</span> <span class='ocrx_word' id='word_1_702' title='bbox 1512 5203 1611 5270; x_wconf 71' lang='grc' dir='ltr'><strong>τήν</strong></span> <span class='ocrx_word' id='word_1_703' title='bbox 1682 5203 1972 5275; x_wconf 81' lang='grc' dir='ltr'>Ῥωμαίων</span> 
     </span>
    </p>
   </div>
   <div class='ocr_carea' id='block_1_102' title="bbox 299 5282 1970 5364">
    <p class='ocr_par' dir='ltr' id='par_1_102' title="bbox 299 5282 1970 5364">
     <span class='ocr_line' id='line_1_102' title="bbox 299 5282 1970 5364; baseline 0.002 -20"><span class='ocrx_word' id='word_1_704' title='bbox 299 5282 613 5362; x_wconf 70' lang='grc' dir='ltr'>ἆπὲχθειαν</span> <span class='ocrx_word' id='word_1_705' title='bbox 665 5289 696 5342; x_wconf 84' lang='grc' dir='ltr'><strong>ὁ</strong></span> <span class='ocrx_word' id='word_1_706' title='bbox 752 5287 1140 5364; x_wconf 84' lang='grc' dir='ltr'>Ἡρακλεώτης</span> <span class='ocrx_word' id='word_1_707' title='bbox 1200 5287 1380 5364; x_wconf 82' lang='grc' dir='ltr'>δῆμος</span> <span class='ocrx_word' id='word_1_708' title='bbox 1433 5293 1723 5362; x_wconf 75' lang='grc' dir='ltr'>ξκτήσατο.</span> <span class='ocrx_word' id='word_1_709' title='bbox 1780 5301 1970 5364; x_wconf 81' lang='grc' dir='ltr'>Δημο-</span> 
     </span>
    </p>
   </div>
   <div class='ocr_carea' id='block_1_103' title="bbox 299 5374 1966 5451">
    <p class='ocr_par' dir='ltr' id='par_1_103' title="bbox 299 5374 1966 5451">
     <span class='ocr_line' id='line_1_103' title="bbox 299 5374 1966 5451; baseline 0.001 -17"><span class='ocrx_word' id='word_1_710' title='bbox 299 5376 535 5439; x_wconf 85' lang='grc' dir='ltr'>σιωνίας</span> <span class='ocrx_word' id='word_1_711' title='bbox 589 5374 646 5432; x_wconf 77' lang='grc' dir='ltr'>δὲ</span> <span class='ocrx_word' id='word_1_712' title='bbox 699 5383 809 5433; x_wconf 80' lang='grc' dir='ltr'>τῶν</span> <span class='ocrx_word' id='word_1_713' title='bbox 869 5380 1160 5451; x_wconf 85' lang='grc' dir='ltr'>Ῥωμαίων</span> <span class='ocrx_word' id='word_1_714' title='bbox 1221 5379 1273 5435; x_wconf 81' lang='grc' dir='ltr'>ἐν</span> <span class='ocrx_word' id='word_1_715' title='bbox 1331 5386 1451 5444; x_wconf 89' lang='grc' dir='ltr'>ταῖς</span> <span class='ocrx_word' id='word_1_716' title='bbox 1522 5379 1720 5444; x_wconf 77' lang='grc' dir='ltr'>ἄλλαις</span> <span class='ocrx_word' id='word_1_717' title='bbox 1773 5381 1966 5438; x_wconf 88' lang='grc' dir='ltr'>πόλεσι</span> 
     </span>
    </p>
   </div>
   <div class='ocr_carea' id='block_1_104' title="bbox 2090 4575 3736 4649">
    <p class='ocr_par' dir='ltr' id='par_1_104' title="bbox 2090 4575 3736 4649">
     <span class='ocr_line' id='line_1_104' title="bbox 2090 4575 3736 4649; baseline -0.003 -13"><span class='ocrx_word' id='word_1_718' title='bbox 2090 4579 2164 4636; x_wconf 88' lang='lat' dir='ltr'><strong>ab</strong></span> <span class='ocrx_word' id='word_1_719' title='bbox 2195 4595 2262 4635; x_wconf 89' lang='lat' dir='ltr'><strong>ea</strong></span> <span class='ocrx_word' id='word_1_720' title='bbox 2293 4596 2407 4635; x_wconf 91' lang='lat' dir='ltr'><strong>non</strong></span> <span class='ocrx_word' id='word_1_721' title='bbox 2439 4577 2751 4649; x_wconf 88' lang='lat' dir='ltr'><strong>recipitur:</strong></span> <span class='ocrx_word' id='word_1_722' title='bbox 2800 4579 2990 4634; x_wconf 83' lang='lat' dir='ltr'><strong>forum</strong></span> <span class='ocrx_word' id='word_1_723' title='bbox 3031 4581 3227 4633; x_wconf 90' lang='lat' dir='ltr'><strong>tamen</strong></span> <span class='ocrx_word' id='word_1_724' title='bbox 3257 4577 3456 4633; x_wconf 86' lang='lat' dir='ltr'><strong>venale</strong></span> <span class='ocrx_word' id='word_1_725' title='bbox 3487 4575 3736 4648; x_wconf 83' lang='lat' dir='ltr'><strong>roganti-</strong></span> 
     </span>
    </p>
   </div>
   <div class='ocr_carea' id='block_1_105' title="bbox 2089 4665 3733 4742">
    <p class='ocr_par' dir='ltr' id='par_1_105' title="bbox 2089 4665 3733 4742">
     <span class='ocr_line' id='line_1_105' title="bbox 2089 4665 3733 4742; baseline -0.004 -16"><span class='ocrx_word' id='word_1_726' title='bbox 2089 4670 2201 4726; x_wconf 90' lang='lat' dir='ltr'><strong>bus</strong></span> <span class='ocrx_word' id='word_1_727' title='bbox 2234 4669 2524 4742; x_wconf 68' lang='lat' dir='ltr'><strong>przebent:</strong></span> <span class='ocrx_word' id='word_1_728' title='bbox 2569 4673 2626 4725; x_wconf 93' lang='lat' dir='ltr'><strong>et</strong></span> <span class='ocrx_word' id='word_1_729' title='bbox 2661 4667 3049 4737; x_wconf 90' lang='lat' dir='ltr'><strong>commerciis,</strong></span> <span class='ocrx_word' id='word_1_730' title='bbox 3081 4671 3141 4722; x_wconf 89' lang='lat' dir='ltr'><strong>ut</strong></span> <span class='ocrx_word' id='word_1_731' title='bbox 3183 4666 3307 4721; x_wconf 83' lang='lat' dir='ltr'><strong>fieri</strong></span> <span class='ocrx_word' id='word_1_732' title='bbox 3339 4667 3504 4736; x_wconf 86' lang='lat' dir='ltr'><strong>solet,</strong></span> <span class='ocrx_word' id='word_1_733' title='bbox 3547 4665 3733 4735; x_wconf 89' lang='lat' dir='ltr'><strong>initis,</strong></span> 
     </span>
    </p>
   </div>
   <div class='ocr_carea' id='block_1_106' title="bbox 2087 4754 3736 4829">
    <p class='ocr_par' dir='ltr' id='par_1_106' title="bbox 2087 4754 3736 4829">
     <span class='ocr_line' id='line_1_106' title="bbox 2087 4754 3736 4829; baseline -0.004 -15"><span class='ocrx_word' id='word_1_734' title='bbox 2087 4758 2405 4815; x_wconf 88' lang='lat' dir='ltr'><strong>Archelaus</strong></span> <span class='ocrx_word' id='word_1_735' title='bbox 2452 4758 2751 4829; x_wconf 85' lang='lat' dir='ltr'><strong>cepiarum</strong></span> <span class='ocrx_word' id='word_1_736' title='bbox 2800 4755 3090 4813; x_wconf 89' lang='lat' dir='ltr'><strong>navalium</strong></span> <span class='ocrx_word' id='word_1_737' title='bbox 3132 4756 3356 4822; x_wconf 89' lang='lat' dir='ltr'><strong>ductor,</strong></span> <span class='ocrx_word' id='word_1_738' title='bbox 3389 4754 3645 4811; x_wconf 90' lang='lat' dir='ltr'><strong>Silenum</strong></span> <span class='ocrx_word' id='word_1_739' title='bbox 3679 4757 3736 4809; x_wconf 89' lang='lat' dir='ltr'><strong>et</strong></span> 
     </span>
    </p>
   </div>
   <div class='ocr_carea' id='block_1_107' title="bbox 2087 4841 3731 4918">
    <p class='ocr_par' dir='ltr' id='par_1_107' title="bbox 2087 4841 3731 4918">
     <span class='ocr_line' id='line_1_107' title="bbox 2087 4841 3731 4918; baseline -0.002 -16"><span class='ocrx_word' id='word_1_740' title='bbox 2087 4852 2383 4918; x_wconf 87' lang='lat' dir='ltr'><strong>Satyrum,</strong></span> <span class='ocrx_word' id='word_1_741' title='bbox 2415 4845 2641 4904; x_wconf 91' lang='lat' dir='ltr'><strong>nobiles</strong></span> <span class='ocrx_word' id='word_1_742' title='bbox 2663 4865 2730 4902; x_wconf 86' lang='lat' dir='ltr'><strong>ex</strong></span> <span class='ocrx_word' id='word_1_743' title='bbox 2759 4845 3034 4902; x_wconf 86' lang='lat' dir='ltr'><strong>Heraclea</strong></span> <span class='ocrx_word' id='word_1_744' title='bbox 3054 4845 3228 4913; x_wconf 88' lang='lat' dir='ltr'><strong>viros,</strong></span> <span class='ocrx_word' id='word_1_745' title='bbox 3251 4841 3692 4917; x_wconf 90' lang='lat' dir='ltr'><strong>comprehendit</strong></span> <span class='ocrx_word' id='word_1_746' title='bbox 3717 4857 3731 4898; x_wconf 90' lang='lat'><strong>:</strong></span> 
     </span>
    </p>
   </div>
   <div class='ocr_carea' id='block_1_108' title="bbox 2086 4931 3732 5010">
    <p class='ocr_par' dir='ltr' id='par_1_108' title="bbox 2086 4931 3732 5010">
     <span class='ocr_line' id='line_1_108' title="bbox 2086 4931 3732 5010; baseline -0.005 -14"><span class='ocrx_word' id='word_1_747' title='bbox 2086 4956 2193 4996; x_wconf 92' lang='lat' dir='ltr'><strong>nec</strong></span> <span class='ocrx_word' id='word_1_748' title='bbox 2224 4939 2388 5010; x_wconf 92' lang='lat' dir='ltr'><strong>prius</strong></span> <span class='ocrx_word' id='word_1_749' title='bbox 2437 4937 2679 5004; x_wconf 88' lang='lat' dir='ltr'><strong>dimisit,</strong></span> <span class='ocrx_word' id='word_1_750' title='bbox 2733 4951 2902 5007; x_wconf 88' lang='lat' dir='ltr'><strong>quam</strong></span> <span class='ocrx_word' id='word_1_751' title='bbox 2942 4933 3326 5004; x_wconf 89' lang='lat' dir='ltr'><strong>persuasisset</strong></span> <span class='ocrx_word' id='word_1_752' title='bbox 3356 4937 3419 4989; x_wconf 89' lang='lat' dir='ltr'><strong>ut</strong></span> <span class='ocrx_word' id='word_1_753' title='bbox 3467 4931 3732 5005; x_wconf 88' lang='lat' dir='ltr'><strong>quinque</strong></span> 
     </span>
    </p>
   </div>
   <div class='ocr_carea' id='block_1_109' title="bbox 2083 5020 3728 5099">
    <p class='ocr_par' dir='ltr' id='par_1_109' title="bbox 2083 5020 3728 5099">
     <span class='ocr_line' id='line_1_109' title="bbox 2083 5020 3728 5099; baseline -0.004 -15"><span class='ocrx_word' id='word_1_754' title='bbox 2083 5028 2418 5085; x_wconf 87' lang='lat' dir='ltr'><strong>triremibus</strong></span> <span class='ocrx_word' id='word_1_755' title='bbox 2448 5025 2644 5099; x_wconf 86' lang='lat' dir='ltr'><strong>ipsum</strong></span> <span class='ocrx_word' id='word_1_756' title='bbox 2675 5025 2732 5080; x_wconf 91' lang='lat' dir='ltr'><strong>in</strong></span> <span class='ocrx_word' id='word_1_757' title='bbox 2767 5025 2874 5081; x_wconf 92' lang='lat' dir='ltr'><strong>hoc</strong></span> <span class='ocrx_word' id='word_1_758' title='bbox 2907 5039 3039 5078; x_wconf 91' lang='lat' dir='ltr'><strong>cum</strong></span> <span class='ocrx_word' id='word_1_759' title='bbox 3072 5023 3349 5078; x_wconf 83' lang='lat' dir='ltr'><strong>Romanis</strong></span> <span class='ocrx_word' id='word_1_760' title='bbox 3378 5020 3533 5077; x_wconf 90' lang='lat' dir='ltr'><strong>bello</strong></span> <span class='ocrx_word' id='word_1_761' title='bbox 3563 5021 3728 5093; x_wconf 84' lang='lat' dir='ltr'><strong>adju-</strong></span> 
     </span>
    </p>
   </div>
   <div class='ocr_carea' id='block_1_110' title="bbox 2085 5109 3729 5185">
    <p class='ocr_par' dir='ltr' id='par_1_110' title="bbox 2085 5109 3729 5185">
     <span class='ocr_line' id='line_1_110' title="bbox 2085 5109 3729 5185; baseline -0.003 -13"><span class='ocrx_word' id='word_1_762' title='bbox 2085 5124 2301 5173; x_wconf 75' lang='lat' dir='ltr'><strong>varent.</strong></span> <span class='ocrx_word' id='word_1_763' title='bbox 2339 5115 2457 5172; x_wconf 86' lang='lat' dir='ltr'><strong>Hoc</strong></span> <span class='ocrx_word' id='word_1_764' title='bbox 2500 5116 2649 5171; x_wconf 88' lang='lat' dir='ltr'><strong>facto</strong></span> <span class='ocrx_word' id='word_1_765' title='bbox 2696 5114 2873 5185; x_wconf 90' lang='lat' dir='ltr'><strong>(quod</strong></span> <span class='ocrx_word' id='word_1_766' title='bbox 2918 5115 2975 5168; x_wconf 91' lang='lat' dir='ltr'><strong>et</strong></span> <span class='ocrx_word' id='word_1_767' title='bbox 3021 5109 3337 5168; x_wconf 83' lang='lat' dir='ltr'><strong>Archelaus</strong></span> <span class='ocrx_word' id='word_1_768' title='bbox 3386 5110 3729 5167; x_wconf 88' lang='lat' dir='ltr'><strong>veteratorie</strong></span> 
     </span>
    </p>
   </div>
   <div class='ocr_carea' id='block_1_111' title="bbox 2083 5199 3727 5276">
    <p class='ocr_par' dir='ltr' id='par_1_111' title="bbox 2083 5199 3727 5276">
     <span class='ocr_line' id='line_1_111' title="bbox 2083 5199 3727 5276; baseline -0.002 -16"><span class='ocrx_word' id='word_1_769' title='bbox 2083 5206 2322 5260; x_wconf 88' lang='lat' dir='ltr'><strong>molitus</strong></span> <span class='ocrx_word' id='word_1_770' title='bbox 2344 5206 2489 5276; x_wconf 90' lang='lat' dir='ltr'><strong>erat)</strong></span> <span class='ocrx_word' id='word_1_771' title='bbox 2520 5205 2918 5259; x_wconf 81' lang='lat' dir='ltr'><strong>Romanorum</strong></span> <span class='ocrx_word' id='word_1_772' title='bbox 2943 5199 3315 5257; x_wconf 84' lang='lat' dir='ltr'><strong>inimicitiam</strong></span> <span class='ocrx_word' id='word_1_773' title='bbox 3340 5199 3589 5270; x_wconf 88' lang='lat' dir='ltr'><strong>populus</strong></span> <span class='ocrx_word' id='word_1_774' title='bbox 3624 5201 3727 5256; x_wconf 79' lang='lat' dir='ltr'><strong>He-</strong></span> 
     </span>
    </p>
   </div>
   <div class='ocr_carea' id='block_1_112' title="bbox 2082 5288 3724 5362">
    <p class='ocr_par' dir='ltr' id='par_1_112' title="bbox 2082 5288 3724 5362">
     <span class='ocr_line' id='line_1_112' title="bbox 2082 5288 3724 5362; baseline -0.001 -14"><span class='ocrx_word' id='word_1_775' title='bbox 2082 5293 2383 5350; x_wconf 85' lang='lat' dir='ltr'><strong>racliensis</strong></span> <span class='ocrx_word' id='word_1_776' title='bbox 2415 5294 2524 5349; x_wconf 89' lang='lat' dir='ltr'><strong>sibi</strong></span> <span class='ocrx_word' id='word_1_777' title='bbox 2553 5291 2900 5349; x_wconf 88' lang='lat' dir='ltr'><strong>conciliavit.</strong></span> <span class='ocrx_word' id='word_1_778' title='bbox 2925 5289 3070 5346; x_wconf 90' lang='lat' dir='ltr'><strong>Cum</strong></span> <span class='ocrx_word' id='word_1_779' title='bbox 3095 5289 3271 5361; x_wconf 79' lang='lat' dir='ltr'><strong>igitur</strong></span> <span class='ocrx_word' id='word_1_780' title='bbox 3291 5288 3592 5347; x_wconf 85' lang='lat' dir='ltr'><strong>auctiones</strong></span> <span class='ocrx_word' id='word_1_781' title='bbox 3622 5307 3724 5362; x_wconf 92' lang='lat' dir='ltr'><strong>pu-</strong></span> 
     </span>
    </p>
   </div>
   <div class='ocr_carea' id='block_1_113' title="bbox 2079 5379 3721 5446">
    <p class='ocr_par' dir='ltr' id='par_1_113' title="bbox 2079 5379 3721 5446">
     <span class='ocr_line' id='line_1_113' title="bbox 2079 5379 3721 5446; baseline -0.004 -6"><span class='ocrx_word' id='word_1_782' title='bbox 2079 5384 2263 5440; x_wconf 88' lang='lat' dir='ltr'><strong>blicas</strong></span> <span class='ocrx_word' id='word_1_783' title='bbox 2292 5383 2535 5440; x_wconf 85' lang='lat' dir='ltr'><strong>Romani</strong></span> <span class='ocrx_word' id='word_1_784' title='bbox 2568 5382 2625 5437; x_wconf 89' lang='lat' dir='ltr'><strong>in</strong></span> <span class='ocrx_word' id='word_1_785' title='bbox 2658 5381 2789 5437; x_wconf 89' lang='lat' dir='ltr'><strong>aliis</strong></span> <span class='ocrx_word' id='word_1_786' title='bbox 2818 5379 3154 5436; x_wconf 87' lang='lat' dir='ltr'><strong>civitatibus</strong></span> <span class='ocrx_word' id='word_1_787' title='bbox 3185 5379 3580 5446; x_wconf 86' lang='lat' dir='ltr'><strong>instituerent,</strong></span> <span class='ocrx_word' id='word_1_788' title='bbox 3615 5379 3721 5435; x_wconf 87' lang='lat' dir='ltr'><strong>He-</strong></span> 
     </span>
    </p>
   </div>
   <div class='ocr_carea' id='block_1_114' title="bbox 1689 5481 2358 5539">
    <p class='ocr_par' dir='ltr' id='par_1_114' title="bbox 1689 5481 2358 5539">
     <span class='ocr_line' id='line_1_114' title="bbox 1689 5481 2358 5539; baseline 0.003 -3"><span class='ocrx_word' id='word_1_789' title='bbox 1689 5481 1927 5538; x_wconf 73' lang='lat' dir='ltr'><strong>VARIE</strong></span> <span class='ocrx_word' id='word_1_790' title='bbox 1967 5481 2268 5539; x_wconf 87' lang='lat' dir='ltr'><strong>LECTION</strong></span> <span class='ocrx_word' id='word_1_791' title='bbox 2278 5482 2358 5538; x_wconf 90' lang='lat' dir='ltr'><strong>ES</strong></span> 
     </span>
    </p>
   </div>
   <div class='ocr_carea' id='block_1_115' title="bbox 382 5572 1474 5654">
    <p class='ocr_par' dir='ltr' id='par_1_115' title="bbox 382 5572 1474 5654">
     <span class='ocr_line' id='line_1_115' title="bbox 382 5572 1474 5654; baseline 0.002 -22"><span class='ocrx_word' id='word_1_792' title='bbox 382 5577 438 5654; x_wconf 59' lang='grc' dir='ltr'><strong>ξιξ</strong></span> <span class='ocrx_word' id='word_1_793' title='bbox 459 5572 721 5654; x_wconf 70' lang='grc' dir='ltr'>ἐκϐολαῖς</span> <span class='ocrx_word' id='word_1_794' title='bbox 743 5577 886 5654; x_wconf 57' lang='grc' dir='ltr'><strong>ς’.-</strong></span> <span class='ocrx_word' id='word_1_795' title='bbox 927 5579 972 5614; x_wconf 82' lang='grc'>¹⁷</span> <span class='ocrx_word' id='word_1_796' title='bbox 992 5576 1356 5654; x_wconf 26' lang='grc' dir='ltr'>Αὰπεκρίνοντο</span> <span class='ocrx_word' id='word_1_797' title='bbox 1389 5580 1474 5654; x_wconf 71' lang='grc' dir='ltr'>ς,</span> 
     </span>
    </p>
   </div>
   <div class='ocr_carea' id='block_1_116' title="bbox 294 5647 1364 5727">
    <p class='ocr_par' dir='ltr' id='par_1_116' title="bbox 294 5647 1364 5727">
     <span class='ocr_line' id='line_1_116' title="bbox 294 5647 1364 5727; baseline 0.004 -22"><span class='ocrx_word' id='word_1_798' title='bbox 294 5648 535 5727; x_wconf 75' lang='grc' dir='ltr'>χιλίους</span> <span class='ocrx_word' id='word_1_799' title='bbox 570 5656 613 5706; x_wconf 78' lang='grc' dir='ltr'><strong>Δ</strong></span> <span class='ocrx_word' id='word_1_800' title='bbox 647 5668 661 5708; x_wconf 87' lang='lat'><strong>:</strong></span> <span class='ocrx_word' id='word_1_801' title='bbox 696 5647 800 5706; x_wconf 76' lang='grc' dir='ltr'>δύό</span> <span class='ocrx_word' id='word_1_802' title='bbox 984 5652 1027 5689; x_wconf 83' lang='grc'><strong>²¹</strong></span> <span class='ocrx_word' id='word_1_803' title='bbox 1059 5647 1269 5707; x_wconf 80' lang='grc' dir='ltr'>σιλῖνον</span> <span class='ocrx_word' id='word_1_804' title='bbox 1302 5657 1364 5710; x_wconf 84' lang='grc' dir='ltr'><strong>Α.</strong></span> 
     </span>
    </p>
   </div>
   <div class='ocr_carea' id='block_1_117' title="bbox 1578 5581 2298 5655">
    <p class='ocr_par' dir='ltr' id='par_1_117' title="bbox 1578 5581 2298 5655">
     <span class='ocr_line' id='line_1_117' title="bbox 1578 5581 2298 5655; baseline -0.004 -16"><span class='ocrx_word' id='word_1_805' title='bbox 1578 5581 1620 5617; x_wconf 79' lang='grc'>¹⁸</span> <span class='ocrx_word' id='word_1_806' title='bbox 1658 5581 1792 5638; x_wconf 79' lang='lat' dir='ltr'><strong>libri</strong></span> <span class='ocrx_word' id='word_1_807' title='bbox 1825 5583 2298 5655; x_wconf 63' lang='grc' dir='ltr'>πεντηκοντέρων.</span> 
     </span>
    </p>
   </div>
   <div class='ocr_carea' id='block_1_118' title="bbox 2395 5573 3720 5654">
    <p class='ocr_par' dir='ltr' id='par_1_118' title="bbox 2395 5573 3720 5654">
     <span class='ocr_line' id='line_1_118' title="bbox 2395 5573 3720 5654; baseline -0.004 -18"><span class='ocrx_word' id='word_1_808' title='bbox 2395 5579 2442 5615; x_wconf 77' lang='grc'>¹⁹</span> <span class='ocrx_word' id='word_1_809' title='bbox 2471 5581 2714 5653; x_wconf 80' lang='grc' dir='ltr'>Μιθάρου</span> <span class='ocrx_word' id='word_1_810' title='bbox 2747 5579 2830 5636; x_wconf 91' lang='lat' dir='ltr'><strong>vel</strong></span> <span class='ocrx_word' id='word_1_811' title='bbox 2861 5577 3114 5654; x_wconf 81' lang='grc' dir='ltr'>Μιθάρεω</span> <span class='ocrx_word' id='word_1_812' title='bbox 3145 5577 3421 5651; x_wconf 77' lang='lat' dir='ltr'><strong>Scaliger.</strong></span> <span class='ocrx_word' id='word_1_813' title='bbox 3525 5576 3572 5611; x_wconf 83' lang='grc'>²⁰</span> <span class='ocrx_word' id='word_1_814' title='bbox 3602 5573 3720 5640; x_wconf 84' lang='grc' dir='ltr'>δισ-</span> 
     </span>
    </p>
   </div>
  </div>
