4116 6224
396 307 512 369 915

1598 297 1865 360 PHOTII
1912 296 2434 358 PA'l‘BIARCH/E
2481 300 2597 357 ΟΡ.

2527 145 2580 153 ...σε
2583 145 2588 150 .

3684 297 3821 358 οι6

398 447 649 504 racleam
690 457 942 516 quoque,
980 443 1214 510 propter
1245 452 1478 492 causam
1511 438 1646 490 ante
1675 435 1916 502 dictam,
1949 433 2041 488 his

2178 431 2558 500 ιαθιστώντων,
2587 431 2680 486 καὶ
2713 432 2810 500 τήν
2845 427 3168 503 Ἡράκλεια)
3218 426 3308 484 διὰ
3356 430 3458 498 τὴν
3510 427 3818 504 εἰρημένην

397 536 816 610 eXposuerunt.
877 532 1136 599 Cumque
1197 526 1628 582 auctionatores
1686 523 1893 578 urbem
1952 523 2051 579 in-

399 625 604 698 gressi,
620 629 815 680 contra
837 616 1167 689 reipublicae
1181 630 1405 671 morem
1430 618 1738 685 argentum
1757 613 2051 685 exigerent

400 715 612 778 233a,
671 713 730 766 in
773 723 1080 764 mcerorem
1113 705 1268 761 cives
1317 705 1706 774 conjecerunt,
1740 702 1839 774 qui
1880 703 2050 758 servi-

401 802 543 859 tutis
564 801 797 856 initium
823 798 932 854 hoc
964 811 1091 852 esse
1125 793 1555 851 existimabant.
1582 795 1770 859 Quare
1794 809 1928 848 cum
1954 808 2051 863 per

398 892 754 965 legationem
803 887 878 944 ad
913 890 1181 942 senatum
1229 885 1559 939 Romanum
1589 883 2050 953 publicationem

403 982 692 1038 bonorum
728 977 1020 1049 deprecari
1062 991 1154 1030 res
1200 973 1546 1045 postularet,
1579 973 1693 1042 ipsi
1731 989 1764 1027 a
1794 973 2049 1042 quodam

402 1074 462 1129 in
495 1071 638 1126 urbe
669 1065 1064 1126 audacissimo
1096 1062 1378 1136 persuasi,
1424 1061 1767 1132 publicanos
1799 1078 1829 1117 e
1859 1062 2050 1118 medio

405 1161 639 1228 tollunt,
697 1163 812 1214 tam
859 1160 1102 1223 secreto,
1155 1158 1220 1209 ut
1263 1153 1332 1208 de
1381 1167 1522 1208 nece
1562 1149 1795 1207 illorum
1829 1151 2051 1208 nemini

406 1251 734 1324 quidquam
766 1248 1079 1303 constaret.

2162 518 2339 574 αἰτίαν
2399 522 2620 582 ταύταις
2683 513 3016 576 ὑπέϐαλλον.
3049 520 3118 576 Οἱ
3176 515 3234 574 δὲ
3279 517 3622 592 δημοσιῶναι
3674 519 3819 593 πρός

2156 609 2256 677 τήν
2313 607 2476 664 πόλιν
2535 608 2857 687 ἀφικόμενοι
2915 609 3064 684 παρᾶ
3093 607 3160 664 τὰ
3205 604 3298 678 ἔθη
3365 611 3467 673 τῆς
3524 608 3820 670 πολιτείας

2159 697 2247 750 καὶ
2310 696 2563 772 ἀργύριον
2619 698 2980 762 ἀπαιτοῦντες
3053 698 3181 761 τοὺς
3262 697 3493 758 πολίτας
3552 695 3818 766 ἐλύπουν,

2159 786 2340 861 ἀρχήν
2388 809 2508 843 τινα
2559 785 2807 849 δουλείας
2845 792 3008 843 τοῦτο
3065 787 3410 861 νομίζοντας.
3452 789 3520 843 Οἱ
3571 783 3648 856 δὶ,
3692 783 3822 841 δια-

2159 870 2589 950 πρεσϐεύσασθαι
2648 874 2766 932 δεον
2822 877 2962 951 πρὸς
3012 877 3110 946 τήν
3174 874 3482 951 σύγκλητον
3515 873 3656 931 ὥστε
3711 883 3820 944 τῆς

2159 961 2534 1037 δημοσιωνίας
2587 963 2958 1037 ἂπολυθῆναι,
3019 964 3422 1028 ἀναπεισθέντες
3494 964 3597 1019 ὑπό
3669 985 3821 1026 τινος

2157 1055 2495 1128 θρασυτάτου
2551 1059 2658 1109 τῶν
2720 1055 2772 1110 ἐν
2826 1061 2898 1130 τῇ
2949 1055 3109 1112 πόλει
3164 1057 3292 1118 τοὺς
3323 1053 3564 1116 τελώνας
3592 1053 3821 1130 ἀφανεῖς

2161 1141 2454 1217 ἐποίησαν,
2487 1144 2560 1207 ὡς
2589 1145 2678 1199 καὶ
2707 1144 2797 1200 τὸν
2828 1146 3051 1201 θάνατον
3080 1145 3255 1201 αὐτῶν
3288 1144 3614 1221 ἀγνοεῖσθαι.

993 1361 1124 1416 CAP.
1156 1359 1298 1416 XLI.
1331 1389 1400 1399 —
1431 1363 1626 1427 Pugna
1659 1357 1729 1413 ad
1761 1357 2153 1416 Chalcedonam
2181 1377 2304 1416 cum
2334 1362 2670 1432 Mithridate,
2703 1363 2959 1418 Romanis
2984 1365 3230 1431 funesta.

480 1483 681 1539 Praalio
714 1480 923 1538 dehinc
955 1477 1141 1534 navali
1191 1477 1262 1534 ad
1308 1475 1732 1532 Chalcedonem
1764 1475 1916 1530 inter
1945 1479 2053 1531 Ro-

411 1590 616 1630 manos
648 1577 703 1628 et
728 1570 993 1627 Ponticos
1023 1566 1362 1633 commisso,
1405 1567 1545 1620 dum
1578 1565 1732 1636 regis
1763 1569 1819 1620 et
1849 1568 2056 1620 Roma-

413 1680 622 1721 norum
655 1662 952 1734 pedestres
983 1658 1134 1714 inter
1165 1673 1226 1714 se
1257 1655 1583 1727 conﬂigunt
1601 1655 1756 1710 acies
1785 1655 2056 1726 (quarum

413 1753 551 1809 huic
579 1753 766 1817 Cotta,
801 1750 886 1804 illi
916 1748 1280 1804 Mithridates
1311 1746 1597 1816 praeerat),
1633 1745 1923 1800 Basternae
1956 1745 2060 1799 Ita-

2234 1475 2487 1550 Ιιολέμου
2519 1475 2574 1532 δὲ
2617 1483 2867 1535 ναυτικοῦ
2905 1480 3042 1535 κατὰ
3086 1475 3416 1553 Καλχηδόνα
3466 1475 3630 1532 πόλιν
3673 1479 3823 1534 Ῥω-

2169 1566 2351 1637 μαίοις
2403 1587 2459 1621 τε
2514 1567 2604 1621 καὶ
2666 1574 2952 1632 Ποντικοῖς
3009 1569 3316 1637 συστάντος,
3383 1566 3472 1620 καὶ
3529 1573 3702 1636 πεζῆς
3770 1564 3837 1621 δὲ

2168 1651 2449 1726 δυνάμεως
2496 1663 2598 1725 τῆς
2653 1677 2710 1710 τε
2767 1656 3061 1732 βασιλικῆς
3091 1655 3180 1710 καὶ
3229 1663 3328 1725 τῆς
3359 1657 3682 1728 Ῥωμαϊκῆς
3743 1655 3838 1716 εἷς

2174 1745 2363 1818 μάχην
2421 1743 2699 1815 ἀλλήλαις
2757 1748 2903 1819 [382.
2969 1748 3062 1819 11.]
3134 1744 3495 1821 συῤῥαγείσης
3574 1744 3837 1820 (ἐστρατ-

414 1842 605 1900 lorum
639 1841 861 1913 pedites
890 1839 946 1893 in
973 1839 1172 1908 fugam
1194 1838 1448 1900 vertunt,
1478 1839 1535 1888 et
1566 1834 1848 1905 prolixam
1881 1836 2062 1890 edunt

2178 1834 2294 1908 ήγει
2329 1831 2383 1888 δὲ
2414 1841 2513 1904 τῆς
2547 1835 2640 1906 μὲν
2695 1835 2924 1905 Κόττας,
2957 1841 3058 1904 τῆς
3100 1831 3156 1889 δὲ
3189 1831 3548 1908 Μιθριδάτης)
3582 1832 3833 1908 τρέπου-

417 1939 687 2002 stragem.
720 1930 935 1985 Eadem
966 1928 1195 1982 fortuna
1219 1925 1392 1980 etiam
1425 1922 1628 1978 classis
1651 1939 1754 1977 usa
1783 1927 1892 1992 est,
1925 1940 2063 1980 uno-

419 2037 529 2092 que
576 2021 666 2076 die
714 2035 874 2074 mare
922 2020 977 2072 et
1008 2020 1156 2072 terra
1198 2013 1572 2070 cadaveribus
1604 2012 1883 2068 Romanis
1917 2014 2066 2070 fmde

418 2109 727 2181 opplentur
774 2105 913 2161 8000
963 2105 1022 2160 in
1075 2103 1349 2160 conﬂictu
1409 2100 1596 2156 navali
1647 2100 1873 2170 occisis,
1925 2103 2065 2156 4500

419 2197 606 2268 captis
633 2214 647 2265 ;
679 2197 750 2250 de
782 2192 1037 2266 pedestri
1069 2196 1264 2248 autem
1295 2190 1549 2247 exercitu
1581 2189 1878 2261 Italorum,
1903 2191 2062 2245 5300.

417 2288 466 2342 Α
498 2289 661 2357 parte
693 2288 890 2340 autem
943 2280 1302 2338 Mithridatis
1350 2281 1640 2335 Basternae
1686 2279 1916 2336 circiter
1958 2282 2063 2348 30;

418 2391 487 2430 ex
517 2373 744 2445 reliqua
765 2371 1142 2428 multitudine
1170 2371 1295 2437 700,
1323 2369 1674 2425 ceciderunt.
1707 2367 1824 2424 lloo
1848 2369 2071 2424 Mithri-

418 2465 571 2521 datis
602 2480 879 2520 successu
913 2463 1180 2518 omnium
1220 2460 1401 2516 animi
1436 2459 1704 2515 servilem
1738 2460 1796 2514 in
1827 2462 2068 2518 modum

419 2554 744 2610 concidere.
776 2553 882 2607 Sed
909 2549 1192 2607 Lucullus
1225 2550 1296 2604 ad
1324 2547 1671 2620 Sangarium
1703 2549 1938 2604 [luvium
1979 2566 2073 2605 ca-

414 2650 540 2699 stra
573 2642 814 2711 habens,
851 2639 1080 2709 cognita
1122 2655 1189 2694 ea
1242 2637 1425 2707 clade,
1480 2638 1776 2708 perculsos
1822 2637 2072 2695 militum

418 2732 648 2788 animos
678 2731 868 2790 verbis
913 2730 1110 2786 erexit.

2171 1944 2255 1977 σιν
2314 1924 2365 1978 οἱ
2425 1924 2711 2000 Βαστέρναι
2769 1925 2903 1980 κατὰ
2957 1927 3020 1979 τὸ
3074 1925 3235 1994 πεζὸν
3267 1923 3396 1986 τοὺς
3431 1925 3701 1992 Ἰταλοὺς,
3732 1923 3831 1978 καὶ

2171 2010 2346 2065 πολὺν
2404 2013 2578 2068 αὐτῶν
2649 2015 2810 2092 φόνον
2882 2013 3217 2090 εἰργάσαντο.
3275 2014 3356 2070 Τὰ
3423 2013 3559 2067 αύτᾶ
3615 2010 3675 2067 δὲ
3732 2015 3832 2068 καὶ

2172 2103 2293 2176 περὶ
2347 2103 2443 2166 τὰς
2501 2107 2626 2166 ναῦς
2685 2103 2914 2180 ἐγένετο,
2972 2105 3063 2158 καὶ
3134 2104 3237 2158 ὑπὸ
3301 2102 3424 2176 μίαν
3494 2103 3706 2178 ἡμέραν
3749 2108 3830 2177 γῇ

2170 2213 2230 2246 τε
2268 2192 2358 2246 καὶ
2417 2192 2660 2267 θαλάσσῃ
2710 2200 2828 2258 τοῖς
2881 2193 3171 2266 Ῥωμαίων
3271 2189 3674 2264 διελελύμαστο
3723 2192 3837 2246 σώ-

2179 2303 2332 2356 μασι,
2379 2280 2772 2360 διαφθαρέντων
2834 2281 2887 2337 ἐν
2951 2283 3048 2356 μὲν
3104 2286 3174 2350 τῇ
3238 2281 3522 2356 ναυμαχίᾳ
3574 2282 3834 2337 ὀκτακισ-

2177 2369 2400 2447 χιλίων,
2430 2371 2892 2451 τετρακισχιλίων
2923 2375 2969 2409 ²²
3003 2369 3060 2426 δὲ
3093 2372 3184 2426 καὶ
3232 2369 3597 2426 πεντακοσίων
3647 2369 3838 2426 ἑαλω-

2177 2462 2395 2516 κότων·
2461 2466 2558 2517 τοῦ
2631 2460 2688 2516 δὲ
2759 2465 2926 2532 πεζοῦ
3013 2460 3416 2535 στρατεύματος
3478 2459 3682 2515 Ἰταλοὶ
3736 2462 3837 2532 μὲν

2179 2549 2485 2624 τριακόσιοι
2531 2551 2619 2606 καὶ
2669 2549 3128 2626 πεντακισχίλιοι,
3171 2554 3276 2603 τῶν
3329 2547 3386 2604 δὲ
3431 2545 3839 2621 Μιθριδατείων

2182 2641 2477 2713 Βαστέρναι
2516 2643 2608 2714 μὲν
2642 2641 2765 2716 περὶ
2822 2641 3130 2714 τριάκοντα,
3161 2643 3258 2694 τοῦ
3317 2635 3375 2692 δὲ
3426 2635 3626 2692 λοιποῦ
3687 2636 3841 2710 πλή-

2184 2733 2311 2794 θους
2395 2733 2730 2789 ἑπτακόσιοι.
2795 2733 2981 2793 Οὕτως
3041 2731 3270 2807 ἀρθέντα
3353 2729 3418 2785 τὰ
3496 2726 3843 2804 Μιθριδάτου

2635 2460 2658 2478 ἢ

2461 2466 2558 2517 τοῦ
2631 2466 2688 2516 δὲ

416 2821 630 2876 πάντων
695 2821 759 2875 τὸ
819 2820 1081 2898 φρόνημα
1135 2813 1492 2872 κατεδούλου.
1554 2814 1868 2878 Λεύκολλος
1947 2815 2004 2872 δὲ
2079 2818 2165 2874 ἐπὶ
2222 2821 2319 2876 τοῦ
2397 2823 2705 2899 Σαγγαρίου
2766 2825 2813 2859 ²³
2885 2825 3137 2894 ποταμοῦ
3213 2815 3675 2894 στρατοπεδεύων,
3742 2819 3843 2873 καὶ

421 2910 606 2982 μαθὼν
634 2910 696 2965 τὸ
727 2909 920 2977 πάθος,
955 2907 1148 2983 λόγοις
1178 2900 1545 2978 ἀνελάμϐανεν
1581 2905 1962 2978 ἂθυμήσαντας
2002 2908 2132 2971 τοὺς
2167 2912 2524 2984 στρατιώτας.

936 3038 1068 3092 CAP.
1101 3035 1273 3091 XLII.
1307 3065 1374 3076 -—
1404 3035 1740 3092 Mithridates
1772 3035 1841 3090 ad
1873 3035 2133 3108 Cyzicum
2161 3037 2331 3096 Marte
2361 3041 2584 3098 Luculli
2610 3045 2660 3098 et
2690 3041 3010 3112 naufragiis
3042 3037 3302 3095 domitus.

490 3154 596 3209 Ubi
645 3169 776 3209 vero
826 3168 1036 3223 magno
1085 3167 1146 3206 se
1192 3150 1405 3221 spiritu
1438 3152 1507 3206 ad
1542 3152 1803 3221 Cyzicum
1837 3152 2062 3209 Mithri-
2097 3157 2138 3224 C

418 3243 580 3296 dates
608 3241 908 3306 convertit,
944 3239 1144 3310 copias
1177 3239 1304 3294 urbi
1341 3239 1648 3296 admovere
1678 3241 1943 3312 cupiens,
1976 3242 2069 3296 in-

418 3328 641 3384 cumbit
667 3345 700 3383 a
729 3333 893 3399 tergo
925 3327 1202 3383 Lucullus
1228 3343 1240 3383 :
1267 3337 1320 3383 et
1343 3329 1554 3384 infesta
1585 3329 1753 3400 signa
1785 3330 2067 3399 inferens,

422 3417 785 3476 memorabili
834 3416 1102 3474 Ponticos
1151 3417 1393 3473 victoria
1438 3417 1725 3489 profligat,
1759 3423 1817 3474 et
1847 3420 2069 3476 viribus

419 3508 598 3566 exuit.
631 3506 942 3579 Aliquanto
965 3506 1121 3562 enim
1148 3508 1345 3578 plures
1372 3508 1544 3563 10000
1577 3507 1635 3562 in
1660 3507 1781 3563 acie
1802 3509 1992 3579 caedit,
2015 3515 2072 3566 et

422 3599 596 3655 13000
616 3598 794 3670 capit.
822 3594 1194 3652 Fimbrianus
1218 3600 1410 3652 autem
1433 3596 1601 3652 miles
1623 3603 1934 3668 suspectos
1960 3599 2070 3656 ha-

420 3689 565 3744 bens
584 3688 783 3754 duces,
800 3686 965 3758 quasi
989 3690 1226 3759 propter
1249 3686 1789 3775 audacissimum.in
1809 3687 2074 3744 Flaccum

422 3777 651 3832 facinus
682 3792 798 3832 non
832 3773 1084 3846 amplius
1120 3774 1292 3830 fidem
1323 3775 1462 3847 ipsis
1489 3773 1760 3845 habeant,
1795 3776 1967 3832 tacite
1997 3778 2068 3832 ad

422 3866 815 3922 Mithridatem
854 3865 1220 3933 missitando,
1263 3865 1666 3922 transitionem
1701 3865 2066 3937 pollicentur.

423 3960 530 4024 Qui
555 3959 610 4014 in
634 3958 798 4014 lucro
821 3971 1042 4029 ponens
1066 3957 1215 4013 hanc
1236 3958 1303 4012 ad
1336 3973 1398 4013 se
1421 3958 1882 4026 inclinationem,
1905 3963 2073 4014 nocte

423 4049 646 4114 oborta,
674 4047 1024 4104 Archelaum
1047 4049 1344 4114 amandat,
1363 4048 1462 4118 qui
1488 4053 1654 4118 pacta
1676 4049 2001 4116 conﬁrmet,
2018 4053 2073 4104 et

423 4137 491 4193 ad
529 4141 720 4209 partes
753 4136 905 4208 regis
955 4152 1017 4192 se
1061 4137 1449 4208 adjungentes
1495 4138 1771 4196 adducat.
1806 4141 1878 4194 At
1911 4139 2073 4194 Fim-

424 4225 609 4280 briani
642 4224 994 4280 Archelaum
1026 4225 1098 4280 ad
1149 4224 1307 4296 ipsos
1357 4226 1685 4296 profectum
1735 4227 1794 4281 in
1845 4227 2074 4283 vincula

424 4315 830 4386 compingunt,
856 4323 910 4370 et
928 4332 1054 4386 quae
1077 4331 1210 4370 cum
1233 4331 1299 4370 eo
1322 4321 1556 4371 venerat
1578 4332 1817 4371 manum
1848 4316 2070 4372 interﬁ-

425 4403 609 4458 ciunt.
643 4405 778 4460 Post
808 4404 918 4462 hoc
949 4405 1356 4473 infortunium,
1381 4407 1553 4462 etiam
1588 4406 1771 4464 fames
1801 4407 2073 4479 opprimit

2247 3165 2370 3236 [737
2415 3161 2506 3234 3.]
2538 3156 2886 3232 Τρεπομένου
2927 3151 2985 3209 δὶ
3033 3153 3120 3208 ἐπὶ
3168 3153 3400 3221 Κύζικον
3447 3149 3538 3205 σὺν
3600 3148 3842 3226 μεγάλῳ

2180 3255 2490 3332 φρονήματι
2564 3244 2922 3322 Μιθριδάτου,
2979 3243 3070 3299 καὶ
3127 3240 3444 3315 πολιορκεῖν
3491 3243 3591 3309 τήν
3661 3239 3841 3294 πόλιν

2183 3323 2548 3421 βουλομένου,
2594 3333 2908 3396 Λεύκολλος
2954 3332 3399 3421 ἐπακολουθήσας
3464 3328 3552 3421 καὶ
3612 3323 3836 3421 συμϐα-

2180 3418 2292 3490 λὼν
2333 3430 2570 3502 πολέμῳ
2617 3423 2909 3497 νικᾷ’τοὺς
2966 3422 3263 3482 Ποντικοὺς
3312 3420 3411 3475 ἀνᾶ
3439 3418 3656 3494 κράτος,
3693 3419 3835 3492 βρα-

2179 3529 2273 3601 χεῖ
2337 3524 2384 3557 ²⁴
2452 3521 2544 3593 μὲν
2600 3515 2826 3576 πλείους
2889 3509 3151 3587 μυριάδας
3209 3509 3442 3579 ἀνελὼν,
3480 3507 3842 3601 τρισχιλίους

2181 3587 2238 3667 θῖε
2268 3612 2355 3666 καὶ
2393 3609 2619 3684 μυρίους
2659 3600 2845 3659 λαϐὼν
2877 3601 3294 3676 αἰχμαλώτους.
3341 3600 3402 3654 Γὸ
3446 3596 3502 3653 δὲ
3551 3591 3836 3673 Φιμϐριαο

2182 3707 2288 3757 νῶν
2347 3702 2393 3736 ³⁵
2447 3698 2758 3773 στράτευμα
2819 3692 3076 3752 ὑπόπτως
3133 3687 3262 3764 ἔχον
3323 3689 3397 3750 ὡς
3453 3685 3542 3742 δια
3597 3688 3661 3741 τὸ
3708 3687 3840 3760 περὲ

2182 3793 2441 3850 Φλάκκον
2500 3787 2771 3860 τόλμημα
2830 3785 2929 3840 οὐκ
2985 3783 3046 3838 ἂν
3097 3783 3296 3843 αὐτοὺς
3350 3778 3427 3834 ἔτι
3457 3777 3736 3850 νομίσειαν
3782 3779 3842 3832 οἱ

2179 3883 2449 3958 ἡγεμόνες
2516 3875 2723 3943 εὔνους,
2769 3870 3011 3947 ἔπεμπον
3057 3870 3235 3948 κρύφα
3294 3869 3430 3945 πρὸς
3485 3865 3838 3942 Μίθριδάτην

2181 3957 2514 4045 αύτομολίαν
2564 3965 3016 4040 ὑπισχνούμενοι.
3056 3965 3112 4014 Ὁ
3157 3958 3213 4015 δὲ
3257 3957 3481 4034 ἕρμαιον
3523 3961 3625 4026 τήν
3657 3958 3838 4031 πρόσ-

2179 4043 2376 4133 κλησιν
2433 4060 2477 4096 ³⁸
2533 4058 2903 4132 ἡγησάμενος,
2946 4052 3020 4112 ὡς
3079 4051 3165 4121 νὺξ
3216 4043 3476 4103 ἐπέλαϐεν
3507 4047 3576 4113 ³⁷,
3625 4046 3838 4121 Ἀρχέ-

2182 4151 2314 4207 λαον
2372 4149 2572 4221 πέμπει
2627 4140 2926 4221 βεϐαιῶσαί
2955 4162 3013 4197 τε
3043 4140 3140 4201 τὰς
3198 4136 3503 4215 ὁμολογίας
3558 4137 3648 4190 καὶ
3703 4135 3838 4198 τοὺς

2181 4241 2689 4316 προσχωρήσαντας
2742 4233 2910 4311 ἄγειν.
2943 4233 3011 4290 Οἱ
3042 4228 3100 4286 δὲ
3135 4224 3494 4304 Φιμϐριανοὶ,
3527 4226 3643 4282 ἐπεὶ
3699 4227 3837 4281 τού-

2181 4311 2296 4393 τοις
2330 4311 2660 4405 ’ἲΑρχέλαος
2725 4322 3074 4400 παρεγένετο,
3137 4319 3298 4374 αὐτὸν
3356 4318 3450 4391 μὲν
3513 4311 3833 4383 συνέλαϐον,

2180 4419 2308 4482 τοὺς
2337 4417 2392 4474 δὲ
2427 4417 2518 4472 σὺν
2551 4414 2699 4487 αὐτῷ
2739 4411 3163 4487 διεχειρίσαντο,
3194 4408 3322 4464 Ἐπὶ
3374 4406 3552 4478 τούτῳ
3598 4409 3677 4476 τῷ
3733 4409 3835 4460 τοῦ

424 4490 747 4547 exercitum
780 4493 1029 4565 regium,
1079 4499 1136 4550 et
1166 4494 1366 4550 multis
1416 4494 1714 4550 interitum
1754 4496 1937 4551 affert.
1969 4495 2067 4550 Tot

2191 4508 2460 4586 βασιλέως
2507 4505 2827 4582 ἀτυχήματι
2879 4501 2970 4556 καὶ
3021 4499 3188 4572 λιμὸς
3231 4497 3508 4553 ἐπιπίπτει
3549 4494 3720 4586 αὐτοῦ
3761 4500 3838 4567 τῇ

424 4587 619 4638 tamen
655 4583 916 4640 adversis
963 4584 1114 4640 ictus
1163 4585 1416 4652 casibus,
1471 4602 1506 4640 a
1547 4583 1730 4657 Cyzici
1772 4585 2076 4642 obsidione

424 4688 543 4728 non
575 4670 826 4742 absistit,
857 4674 958 4728 sed
991 4673 1170 4741 brevi,
1203 4672 1336 4729 licet
1368 4673 1552 4729 multa
1582 4690 1894 4746 perpessus
1927 4677 2077 4729 esset

424 4767 481 4819 et
511 4762 743 4836 egisset,
779 4761 923 4818 urbe
973 4780 1088 4819 non
1131 4767 1463 4835 expugnata
1508 4764 1773 4820 recessit:
1809 4771 1862 4820 et
1899 4765 2076 4834 pede-

423 4853 532 4910 stri
564 4852 802 4926 quidem
851 4852 1070 4924 agmini
1106 4853 1295 4910 2330
1344 4857 1672 4909 Hermaum
1722 4862 1778 4909 et
1825 4852 2074 4910 Marium

428 4943 689 5015 praeficit,
726 4941 823 5014 qui
854 4941 1033 4998 30000
1081 4942 1380 5000 hominum
1430 4941 1563 4998 illuc
1596 4942 1920 4999 ducebant:
1955 4942 2074 5014 ipse

425 5037 621 5088 autem
654 5047 756 5104 per
801 5049 962 5088 mare
1013 5032 1261 5088 reditum
1306 5031 1663 5088 instituerat.
1698 5031 2076 5105 lngressoque

425 5122 717 5188 triremes,
742 5121 940 5178 multae
961 5122 1251 5193 variasque
1279 5122 1568 5178 malorum
1593 5121 1788 5178 formae
1813 5123 1866 5178 ei
1897 5121 2073 5177 simul

427 5208 790 5280 ingruerunt.
822 5213 969 5270 Nam
993 5213 1132 5269 dum
1165 5211 1375 5270 milites
1407 5211 1683 5284 soluturi,
1718 5229 1916 5283 naves,
1939 5228 2076 5284 qua-

2187 4581 2430 4672 στρατιᾷ,
2460 4597 2550 4650 καὶ
2591 4581 2837 4654 πολλοὺς
2869 4587 3151 4645 ἀπώλλυε.
3187 4586 3343 4656 Πλὴν
3400 4585 3546 4639 οὕτω
3590 4581 3837 4644 πολλοῖς

2183 4669 2466 4758 παθήμασι
2533 4682 2754 4756 κάμνων
2823 4677 3054 4748 Κυζίκου
3129 4681 3228 4745 τῆς
3303 4670 3620 4747 πολιορκίας
3691 4669 3837 4733 τὲως

2185 4777 2286 4832 ούκ
2315 4774 2573 4853 ἀφίστατο
2608 4791 2621 4805 ·
2661 4770 2776 4844 μετ’
2809 4767 2993 4842 ὀλίγον
3055 4763 3114 4820 δὲ
3143 4762 3334 4820 πολλᾶ
3370 4762 3462 4818 καὶ
3502 4759 3683 4817 παθὼν
3739 4761 3840 4815 καὶ

2183 4849 2410 4942 πράξας,
2443 4863 2594 4936 ὅμως
2633 4859 2910 4916 ἀνάλωτον
2944 4856 3120 4912 λιπὼν
3148 4857 3252 4925 τὴν
3293 4851 3458 4908 πόλιν
3491 4849 3837 4926 ἀνεχώρησε,

2184 4959 2281 5012 τοῦ
2334 4955 2428 5029 μὲν
2466 4956 2632 5023 πεζοῦ
2662 4952 2922 5024 Ἑρμαῖον
2977 4947 3067 5001 καὶ
3121 4946 3327 5020 Μάριον
3388 4943 3638 5019 ἡγεῖσθαι
3669 4960 3839 4995 κατα-

2183 5047 2542 5122 στησάμενος,
2600 5042 2823 5119 στρατὸν
2926 5040 3059 5114 ὑπὲρ
3141 5035 3501 5113 τρισμυρίους
3581 5033 3838 5106 ἄγοντας,

2183 5138 2342 5198 αὐτὸς
2401 5133 2457 5191 δὲ
2514 5133 2603 5189 διὰ
2660 5132 2936 5201 θαλάσσης
2994 5127 3326 5202 ποιούμενος
3382 5126 3483 5194 τὴν
3541 5123 3838 5192 ἀνάζευξιν.

2185 5223 2594 5288 Ἐπιϐαίνοντος
2633 5220 2690 5278 δὲ
2722 5221 2889 5277 αὐτοῦ
2935 5223 3045 5275 τῶν
3089 5218 3330 5292 τριηρῶν
3376 5210 3589 5268 πολλαὶ
3647 5213 3840 5266 παθῶν

1805 5374 2040 5430 VARUE
2072 5371 2458 5428 LECTIONES

503 5473 550 5568 εξ
575 5476 891 5544 τετρακισχ.
945 5475 1001 5531 δὲ
1047 5485 1086 5533 Δ
1122 5497 1134 5535 :
1185 5499 1273 5534 και
1306 5499 1621 5555 τετρακισχ.

517 5566 527 5568 _
554 5549 708 5568 -....,.“',
780 5547 840 5568 Ρ
966 5551 1012 5568 In
1133 5552 1143 5568 Ι
1235 5562 1240 5568 .
1460 5559 1468 5568 .
1655 5554 1674 5568 κ
1701 5561 1725 5568 _

473 5547 744 5625 αβριανῶν
947 5551 1012 5625 3⁸
1041 5547 1409 5625 πρόσκλησιν’
1443 5559 1484 5607 Λ

460 5614 714 5676 πέϐαλεν.
749 5614 826 5678 cf.
853 5637 912 5692 p.
947 5620 1012 5677 Ρι.
1047 5614 1206 5680 1181.
1241 5614 1357 5683 3⁷6ι
1389 5627 1545 5696 1343,
1578 5627 1667 5682 32.

1586 5500 1621 5555 ζ.
1852 5484 1897 5517 ἳ³
1927 5488 1984 5538 et
2033 5483 2100 5536 40
2144 5481 2179 5555 ΔΙ)
2229 5478 2493 5553 σαγαρίου
2545 5475 2695 5555 libri:

1545 5547 1816 5624 ;’”κλ’ῆσιν
2001 5547 2329 5623 Stephanus
2374 5547 2737 5625 ’προσκλισιν.

2798 5471 3080 5598 2⁴²Ρρέτξέλ
3089 5465 3210 5596 age;
3267 5457 3852 5596 sibimet???
