4116 6224
1247 31 1622 96 Μ..

355 335 477 395 917

358 485 496 544 ἰδέαι
557 479 882 541 συνέπιπτον
916 498 930 514 ·

353 577 518 641 αὐτας
564 575 662 638 τὰς
707 573 802 646 μὲν
849 567 958 640 ἤδη
1007 562 1451 642 πεπληρωμένας
1483 563 1578 626 τὰς
1611 561 1670 617 δὲ
1717 561 1805 616 καὶ
1869 559 2003 634 μελ-

353 667 562 728 λούσας
601 668 864 738 κατεῖχον
907 659 1294 735 ἒξαρτώμενοι,
1327 657 1416 710 καὶ
1473 655 1620 729 παρὰ
1673 652 1736 708 τὸ
1793 650 2008 720 πλῆθος

349 761 460 814 τῶν
509 757 673 810 τοῦτο
730 749 986 825 δρώντων
1019 749 1074 802 αἱ
1119 749 1214 820 μὲν
1252 742 1576 800 κατεδύοντο
1637 743 1692 796 αἱ
1749 739 1806 796 δὲ
1861 759 2006 813 περι-

355 845 665 921 ετρέποντο.
710 844 880 895 Τοῦτο
957 833 1254 906 Κυζικηνοὶ
1327 831 1644 905 θεασάμενοι
1741 826 2006 902 ὥρμησαν

351 936 438 992 ἐπὶ
502 934 568 989 τὰ
627 935 734 988 τῶν
783 931 1064 985 Ποντικῶν
1130 919 1487 1000 στρατὸπεδα,
1544 919 1634 975 καὶ
1681 919 1808 979 τοὺς
1870 918 2004 972 ὑποο

353 1021 668 1099 λειφθέντας
718 1013 1073 1089 καματηροὺς
1132 1009 1553 1090 διαφθείροντες,
1611 1006 1663 1062 εἷ’
1713 1027 1768 1060 τι
1823 1010 2002 1078 παρῆν

353 1093 830 1181 ὑπο-λελειμμένον
876 1109 955 1178 τῷ
998 1097 1368 1177 στρατοπέδῳ,
1425 1095 1725 1170 διήρπαζον
1759 1097 1823 1151 2⁸.
1865 1093 2004 1148 Λεύ-

347 1200 558 1262 κολλος
599 1195 656 1252 δὲ
695 1193 890 1268 διώξας
938 1192 1028 1248 ἐπὶ
1074 1193 1166 1246 τὸν
1229 1188 1474 1260 Αἴσηπον
1531 1189 1578 1224 ³9
1637 1183 1886 1258 ποταμὸν
1941 1181 2002 1236 τὸ

351 1291 514 1362 πεζὸν
590 1282 1002 1362 ἀπροσδόκητος
1081 1282 1124 1317 ³ο
1187 1271 1622 1350 καταλαμϐάνει,
1679 1274 1770 1328 καὶ
1838 1272 2002 1352 φόνον

257 1420 260 1422 -
351 1377 530 1434 πολὺν
583 1379 692 1431 τῶν
747 1367 1032 1444 πολεμίων
1091 1372 1350 1423 ποιεῖται.
1381 1361 1720 1439 Μιθριδάτης
1764 1359 1822 1416 δὲ
1881 1361 2005 1414 ἀνα-

349 1463 536 1524 λαϐὼν
586 1463 770 1520 ἑαυτὸν
841 1460 918 1524 ὡς
983 1456 1240 1530 ἠδύνατο.
1307 1455 1588 1530 Πείρινθον
1653 1451 1996 1525 ἐπολιόρκει,

344 1557 552 1627 ταύτης
581 1552 640 1609 δὲ
670 1550 982 1626 διαμαρτὼν
1012 1548 1100 1604 ἐπὶ
1133 1547 1384 1604 Βιθυνίαν
1421 1541 1852 1618 διαπεραιοῦται.

1443 315 1980 384 BIBLIOTHECA.
2030 348 2105 362 —-
2148 314 2320 375 COD.
2368 312 2671 374 CCXXIV.

992 479 1044 534 οἱ
1084 477 1187 553 γὰρ
1235 471 1509 552 ἒμϐαῖνειν
1571 471 1866 546 μέλλοντες
1925 469 2004 533 εἷς

2117 467 2253 553 rum
2283 450 2412 553 alia;
2435 450 2560 521 jam
2593 447 2847 521 repletae,
2877 445 3002 502 aliis
3047 459 3182 502 mox
3221 442 3511 516 replenda;
3540 449 3756 510 essent,

3639 305 3757 367 918

2115 539 2421 600 confertim
2451 541 2842 611 occupant,.et
2875 534 3135 605 undique
3163 533 3281 590 illis
3311 533 3630 600 adhaerent,
3666 535 3758 588 fa—

2115 636 2275 689 ctum
2307 634 2396 687 est
2417 634 2478 685 ut
2508 645 2622 700 pra:
2647 625 3018 682 multitudine
3039 624 3638 695 imminentium,pars
3659 639 3757 678 na-

2115 722 2276 778 vium
2308 719 2746 791 deprimeretur,
2771 733 2908 788 pars
2931 716 3106 771 etiam
3137 713 3754 778 subverteretur.Quod

2115 808 2436 882 conSpicati
2476 805 2760 880 Cyziceni,
2796 805 3014 876 impetu
3047 803 3106 857 in
3158 805 3352 856 castra
3383 800 3755 856 Ponticorum

2117 903 2289 967 facto,
2333 915 2514 970 aegros
2560 896 2641 952 ibi
2692 893 2924 950 relictos
2955 891 3271 958 trucidant,
3304 893 3360 945 et
3401 889 3450 945 si
3483 889 3623 961 quid
3656 906 3754 944 su-

2117 993 2346 1065 pererat
2391 987 2698 1056 diripiunt.
2731 986 2803 1038 At
2835 982 3131 1052 Lucullus,
3167 979 3429 1052 peditum
3478 995 3684 1048 agmen
3725 996 3758 1034 a

2113 1087 2277 1153 tergo
2309 1093 2602 1152 premens,
2635 1077 2701 1130 ad
2743 1073 3004 1144 ZEsipum
3039 1071 3280 1126 ﬂuvium
3323 1068 3658 1140 assequitur
3689 1069 3759 1124 de

2115 1167 2456 1243 improviso,
2499 1177 2889 1236 magnamque
2937 1159 3197 1216 hostium
3248 1158 3462 1213 caedem
3515 1157 3754 1228 peragit.

2115 1257 2478 1316 Mithridates
2531 1251 2782 1320 interim,
2816 1248 3074 1306 collectis
3124 1251 3185 1302 ut
3228 1246 3439 1318 potuit,
3473 1246 3530 1300 in
3576 1245 3756 1301 Ponto

2112 1343 2709 1414 viribus,Perinthum
2737 1339 3115 1396 circumsidet
3144 1345 3195 1394 et
3218 1339 3518 1409 oppugnat
3543 1354 3555 1392 :
3580 1353 3758 1408 caque

2114 1456 2231 1496 non
2265 1437 2510 1510 potitus,
2540 1433 2601 1489 in
2633 1428 2962 1505 Bythiniam
2993 1427 3363 1484 transmittit.

593 1663 724 1718 CAP.
751 1659 948 1718 XLIII.
983 1689 1050 1700 ——
1087 1655 1297 1712 Triarii
1335 1671 1422 1711 res
1453 1657 1614 1724 gestae
1643 1655 1832 1708 contra
1860 1646 2254 1704 Mithridatem.
2277 1645 2454 1700 Prusa
2485 1639 2636 1698 urbs.
2669 1635 2877 1693 Fabula
2906 1634 2972 1690 de
2999 1633 3182 1688 Nicaea
3209 1635 3260 1686 et
3282 1628 3517 1684 Baccho.

415 1770 567 1824 Ἐπεὶ
627 1765 684 1822 δὲ
739 1765 828 1821 καὶ
901 1759 1116 1840 Βάρὸας
1189 1757 1700 1838 συχνοὺς-Ἰταλῶν
1767 1755 1986 1830 ἐπάγων

2171 1753 2484 1822 Postquam
2501 1761 2638 1804 vero
2663 1743 2870 1812 Barba,
2895 1739 3194 1797 robustam
3208 1735 3481 1793 Italorum
3509 1749 3748 1788 manum

345 1861 468 1928 ἧκε,
525 1856 617 1912 καὶ
670 1857 780 1930 μὴν
851 1855 938 1908 καὶ
1017 1851 1277 1926 Τριάριος
1337 1850 1366 1904 6
1415 1847 1704 1920 Ῥωμαίων
1768 1845 1993 1921 ἡγεμὼν

345 1945 844 2016 ἀνασκευασάμενος
899 1945 970 2014 τῇ
1037 1936 1308 2012 Ἀπαμείᾳ
1371 1935 1688 2009 πολιορκεῖν
1777 1931 1994 2002 ἐπέστη,

346 2038 398 2091 οἱ
457 2037 726 2108 Ἀπαμεῖς
791 2029 1144 2108 ἀντισχόντες
1212 2029 1311 2081 ὅσα
1366 2023 1660 2096 ἠδύναντο,
1727 2025 1852 2096 [383

343 2123 504 2186 τέλος
538 2123 843 2195 ἀνοίξαντες
871 2120 968 2180 τὰς
999 2116 1177 2180 πύλας
1221 2114 1450 2176 τούτους
1502 2110 1852 2182 εῗσεδέξαντο.
1887 2111 1996 2168 Εἴ-

347 2213 445 2270 λον
489 2210 548 2268 δὲ
577 2211 666 2266 καὶ
709 2213 952 2285 προῦσαν
991 2208 1090 2276 τήν
1121 2204 1286 2262 πόλιν
1317 2207 1351 2275 ἡ
1384 2204 1673 2278 Ῥωμαίων
1718 2199 1945 2275 δύναμις
1979 2216 1995 2230 ⁸

350 2305 458 2360 ὑπὸ
483 2301 543 2358 δὲ
571 2303 662 2358 τὸν
695 2301 940 2357 ’Δσιανὸν
973 2297 1262 2370 Ὄλυμπον
1291 2293 1520 2351 διέκειτο
1553 2298 1597 2332 ³¹
1639 2295 1800 2363 αὕτη.
1826 2293 2000 2350 Ἐκεῖ-

347 2396 434 2449 θεν
493 2393 522 2448 6
575 2393 834 2466 Τριάριος
909 2388 1000 2446 ἐπὶ
1078 2384 1386 2462 Προυσιάδα
1441 2387 1540 2455 τήν
1610 2381 1996 2439 ἐπιθαλάσσιον

349 2483 492 2557 μετά
549 2488 648 2552 τῆς
707 2477 990 2554 δυνάμεως
1045 2477 1422 2552 παραγίνεται·
1484 2473 1616 2539 αὕτη
1665 2470 1722 2527 δὲ
1754 2472 2000 2546 Κίερος³

341 2570 408 2626 τὸ
439 2567 673 2626 παλαιὸν
721 2565 993 2634 ἐκαλεῖτο,
1033 2563 1084 2620 ἐν
1118 2563 1154 2639 ᾖ
1201 2563 1291 2618 καὶ
1339 2564 1374 2632 ἡ
1409 2567 1509 2631 τῆς
1546 2563 1777 2636 ’Δργοῦς
1823 2557 2002 2633 ἄφιξις

346 2656 686 2737 λέγεταικαὶ
728 2657 756 2712 6
789 2660 886 2711 τοῦ
931 2653 1072 2710 Ὕλα
1123 2653 1426 2730 ἀφανισμὸς
1468 2651 1558 2706 καὶ
1608 2651 1644 2720 ἡ
1698 2652 1794 2704 τοῦ
1833 2649 2000 2720 Ἥρα-

343 2735 507 2810 κλέος
565 2745 652 2804 ἐπὶ
689 2748 790 2817 την
838 2745 1034 2801 τούτου
1082 2743 1412 2813 ἀναζήτησιν
1461 2739 1639 2809 πλάνη
1677 2739 1770 2794 καὶ
1816 2735 2004 2792 πολλὰ

343 2841 571 2895 τοιαῦτα
623 2833 800 2910 ἕτερα.
872 2831 1278 2910 Παραγεγονότα
1337 2828 1394 2886 δὲ
1453 2826 1654 2906 ῥᾳδίως
1713 2829 1764 2883 οἱ
1822 2833 2002 2902 Πρου-

343 2932 490 2990 σαεῖς
514 2927 562 2963 ⁸³
599 2923 862 2998 ἐδέξαντο,
897 2925 1024 2986 τοὺς
1055 2921 1348 2982 Ποντικοὺς
1386 2917 1737 2992 διωσάμενοι.
1765 2917 1998 2974 Ἐκεῖθεν

345 3015 434 3074 ἐπὶ
519 3015 748 3071 Νίκαιαν
831 3011 1244 3090 φρουρουμένην
1326 3007 1695 3084 Μιθριδατείῳ
1793 3009 2003 3085 φρουρᾷ

341 3107 716 3183 παραγίνεταιυ
751 3104 804 3159 οἱ
853 3101 910 3158 δὲ
959 3101 1215 3157 Ποντικαὶ
1262 3099 1356 3154 τὸν
1393 3101 1518 3154 νοῦν
1575 3102 1682 3152 τῶν
1714 3096 1766 3152 έν
1797 3095 2003 3166 Νικαίᾳ

341 3193 650 3260 συνιδόντες
695 3195 784 3250 ἐπὶ
822 3192 1126 3266 Ῥωμαίους
1176 3188 1562 3258 ἂιποκλίνοντα,
1596 3185 1685 3242 διὰ
1730 3187 1924 3248 νυκτὸς
1953 3185 2002 3221 ³⁴

345 3288 486 3360 πρὸς
539 3281 882 3358 Μιθριδάτην
933 3281 1010 3346 εἲς
1057 3277 1424 3354 Νικομήδειαν
1489 3279 1863 3352 ἃνεχώρησαν,
1911 3276 2000 3330 καὶ

349 3377 606 3450 Ρωμαῖοι
643 3371 1047 3444 ἀταλαιπώρως
1104 3373 1362 3445 κρατοῦσι
1413 3369 1514 3437 τῆς
1561 3366 1798 3428 πόλεως.
1851 3361 2001 3436 Αὕτη

339 3463 404 3521 δὲ
439 3467 476 3535 ἡ
507 3463 672 3524 πόλις
702 3463 737 3532 ἠ
769 3461 968 3518 Νίκαια
995 3461 1096 3530 τήν
1130 3460 1223 3533 μὲν
1255 3457 1453 3529 κλῆσιν
1497 3455 1613 3533 ἄγει
1669 3455 1776 3511 ἀπὸ
1819 3452 2003 3517 να³ιδος

341 3553 590 3630 νύμφης,
621 3551 803 3624 ὄνομα
833 3550 1118 3626 λαχούσης
1163 3549 1262 3617 τὴν
1295 3546 1546 3618 Νίκαιαν,
1577 3540 1735 3622 ἔργον
1769 3543 1827 3600 δὲ
1853 3565 2004 3622 γεγο-

343 3643 439 3705 νὸς
461 3644 510 3679 ³⁵
540 3641 784 3697 Νικαέων
812 3645 924 3695 τῶν
973 3637 1108 3712 μετᾶ
1136 3633 1494 3709 Ἀλεξάνδρου
1542 3636 1636 3709 μὲν
1687 3654 2006 3709 συστρατευ-

347 3733 584 3801 σάντων,
619 3731 756 3803 μετᾶ
812 3727 870 3784 δὲ
920 3730 1014 3785 τόν
1055 3727 1260 3783 ἐκείνου
1319 3728 1544 3781 θάνατον
1597 3725 1734 3780 κατὰ
1783 3726 2007 3795 ζήτησιν

347 3819 620 3898 πατρίδος
676 3819 880 3890 ταύτην
935 3839 995 3874 τε
1049 3816 1344 3874 κτισάντων
1397 3816 1488 3872 καὶ
1531 3816 2008 3888 συνοικισαμένων.

343 3911 482 3985 [740
513 3911 608 3982 R.]
664 3909 730 3965 Ἡ
781 3908 874 3981 μὶν
914 3905 1006 3961 οῦν
1056 3903 1170 3966 ναίς
1227 3907 1262 3975 ἡ
1332 3902 1525 3960 Νίκαια
1583 3901 1794 3976 λέγεται
1853 3905 2010 3978 φῦναι

337 3999 664 4074 Σαγγαρίου
711 4001 811 4053 τοῦ
874 3998 1013 4052 κατὰ
1066 3995 1166 4064 τὴν
1223 3993 1410 4070 χώραν
1473 3990 1732 4047 δυνάστου
1787 3991 1878 4045 καὶ
1908 3993 2015 4046 Κυ-

343 4085 540 4158 ϐέλης·
592 4085 880 4161 παρθενίαν
931 4081 990 4140 δὲ
1050 4084 1266 4157 μᾶλλον
1325 4085 1360 4154 ἢ
1409 4085 1511 4153 τὴν
1541 4083 1678 4156 πρὸς
1711 4077 1878 4154 ἄνδρα
1907 4085 2011 4133 πο-

343 4181 522 4234 θοῦσα
551 4175 798 4248 ὁμιλίαν,
846 4173 898 4229 ἐν
951 4171 1100 4248 ὄρεσι
1143 4174 1236 4228 καὶ
1289 4174 1482 4247 θήραις
1523 4172 1616 4226 τὸν
1662 4170 1780 4247 βίον
1810 4166 1939 4244 ἔσχε
1967 4169 2014 4204 ³⁸

343 4269 572 4338 Ταύτης
610 4265 668 4322 δὲ
718 4265 969 4326 Διόνυσος
1023 4264 1116 4337 μὶν
1165 4261 1294 4338 ἤρα,
1327 4260 1462 4336 ἐρῶν
1509 4259 1565 4316 δὲ
1595 4261 1698 4315 ούκ
1728 4260 2010 4336 ἐτύγχανε.

345 4359 448 4426 Μὴ
479 4357 772 4435 τυγχάνων
813 4353 872 4410 δὲ
911 4359 1186 4429 μηχαναῖς
1223 4353 1286 4408 τὸ
1326 4351 1514 4407 λεῖπον
1551 4353 1620 4424 τῇ
1653 4351 1848 4427 γνώμῃ
1881 4351 2015 4406 ἀνα-

351 4443 614 4519 πληροῦν
675 4441 968 4522 ἐπεχείρει.
1038 4441 1257 4516 Πληροῖ
1301 4440 1477 4496 τοίνυν
1525 4441 1624 4508 τήν
1657 4441 1886 4512 κρήνην,
1920 4441 2013 4514 ἀφ’

345 4538 422 4604 ἧς
455 4532 642 4589 εἷ’ωθεν
673 4534 718 4570 ³⁷
750 4535 783 4602 ἡ
815 4531 1016 4589 Νίκαια
1064 4530 1238 4586 πίνειν
1276 4525 1492 4584 ἐπειδὰν
1541 4529 1649 4584 ἀπὸ
1690 4536 1790 4598 τῆς
1841 4530 2009 4606 θήρας

345 4623 663 4694 κοπωθείη,
697 4621 814 4677 αντὶ
843 4625 942 4675 τοῦ
987 4617 1182 4682 ὕδατος
1233 4617 1402 4676 οἷ’νου.
1451 4619 1514 4675 Ἡ
1573 4615 1630 4673 δὲ
1678 4615 1847 4692 μηδὲν
1889 4641 2010 4674 συν-

359 4709 546 4769 ειδυῖα
589 4711 680 4766 καὶ
717 4709 782 4766 τὸ
832 4708 1022 4770 εἰωθὸς
1081 4705 1319 4764 ποιοῦσα
1365 4709 1409 4744 ⁸⁸
1456 4703 1778 4786 ἐμφορεῖται
1822 4729 1880 4763 τε
1917 4713 2012 4764 τοῦ

351 4795 664 4858 ἐπιϐούλου
719 4800 984 4872 νάματος,
1041 4797 1130 4852 καὶ
1215 4797 1476 4874 ὑπηρετεῖ
1539 4796 1630 4851 καὶ
1687 4793 1889 4852 ἄκουσα
1935 4801 2014 4870 τῷ

353 4887 686 4968 βουλήματι
725 4891 820 4943 τοῦ
858 4885 1102 4962 ἐραστοῦ·
1141 4887 1312 4962 μέθης
1357 4885 1460 4961 γὰρ
1503 4885 1672 4956 αὐτὴν
1722 4887 1810 4940 καὶ
1845 4883 2013 4941 ὕπνου

353 4973 648 5037 λαϐόντων
709 4975 740 5032 6'
775 4999 834 5033 τε
871 4977 1134 5042 Διόνυσος
1183 4975 1320 5051 αὐτῇ
1370 4975 1736 5052 έπιμίγνυται,
1767 4974 1856 5030 καὶ
1888 4981 2014 5030 παῖ-

349 5067 480 5131 δας*
540 5067 592 5140 ἐξ
651 5065 818 5138 αὐτῆς
865 5066 985 5147 φύει
1031 5066 1266 5141 Σάτυρόν
1323 5086 1381 5122 τε
1433 5067 1524 5121 καὶ
1573 5065 1805 5141 ἑτέρους·
1839 5066 1902 5121 Oi
1961 5063 2018 5121 δὲ

347 5161 606 5225 Νικαεῖς,
642 5155 700 5210 οἵ
756 5157 858 5226 τὴν
911 5155 1072 5212 πόλιν
1129 5152 1348 5232 ἤγειραν
1395 5155 1485 5210 καὶ
1543 5156 1867 5228 συνῴκισαν,
1917 5157 2017 5212 Νί-

347 5267 520 5304 καιαν
569 5247 720 5321 εἶχον
768 5243 1003 5320 πατρίδα
1051 5243 1305 5307 Φωκίδος
1352 5245 1584 5320 γείτονα.
1635 5247 1770 5318 πρὸς
1820 5245 1886 5314 ἣν
1927 5245 2018 5299 καὶ

2112 1835 2718 1908 addueens,venisset,
2741 1837 2798 1888 et
2815 1829 3072 1888 Triarius
3093 1827 3224 1884 insu
3237 1841 3334 1898 per
3355 1823 3750 1880 Romanorum

2108 1937 2248 2000 dux,
2278 1931 2455 1988 motis
2485 1928 2618 1984 inde
2649 1923 2874 1989 castris,
2905 1922 3224 1992 Apameam
3247 1914 3559 1980 obsideret,
3581 1911 3749 1978 cives,

2108 2039 2236 2081 eam
2261 2016 2606 2092 aliquandiu
2637 2029 2738 2083 pro
2767 2010 2990 2066 viribus
3019 2007 3142 2064 suis
3171 2005 3402 2060 hostem
3433 1999 3754 2058 sustinuis-

2105 2091 2480 2183 sent,apeirtis
2513 2105 2746 2162 tandem
2769 2099 2951 2172 portis
2977 2113 3074 2154 eos
3097 2093 3489 2151 intromisere.
3507 2091 3750 2146 Prusam

2107 2177 2535 2259 etiam'urbem
2568 2195 2866 2250 Romanus
2915 2184 3202 2244 exercitus
3231 2182 3405 2254 cepit.
3437 2180 3602 2236 Jacet
3629 2177 3751 2232 hzee

2109 2294 2178 2350 ad
2227 2291 2536 2362 Olympum
2571 2281 2722 2340 Asiae
2763 2284 3039 2336 montem.
3066 2274 3204 2330 Hinc
3236 2269 3570 2328 Prusiadem
3605 2265 3752 2322 mari

2107 2381 2440 2455 impositam
2465 2390 2596 2432 cum
2627 2369 2880 2428 exercitu
2913 2365 3054 2440 petit
3083 2380 3098 2420 :
3133 2363 3364 2419 Cierum
3397 2359 3536 2416 olim
3569 2355 3754 2412 nomi-

2109 2445 2476 2534 nabant.Quo
2490 2465 2662 2522 etiam
2681 2461 3042 2532 Argonautas
3054 2445 3751 2526 appulisse,ctevanuisse

2111 2561 2312 2635 Hylam
2335 2563 2391 2615 et
2419 2552 2750 2618 Herculem,
2782 2551 2921 2604 dum
2953 2543 3201 2616 requirit
3227 2556 3383 2606 eum,
3425 2537 3752 2593 circumva-

2111 2626 2646 2726 gatum,multaque
2675 2641 2730 2696 id
2754 2653 2937 2710 genus
2959 2635 3074 2691 alia
3103 2630 3437 2701 contigisse,
3459 2626 3612 2682 fama
3643 2627 3748 2679 est.

2111 2719 2187 2798 ῦι
2219 2739 2347 2795 urbi
2369 2723 3050 2808 appropinquavit,facile
3079 2719 3422 2776 Prusienses
3443 2731 3578 2770 eum
3601 2728 3756 2769 rece-

2113 2832 2348 2904 perunt,
2377 2801 2631 2882 Ponticis
2669 2815 2888 2889 ejectis.
2927 2813 3062 2868 inde
3094 2810 3316 2877 Nicaeae,
3348 2820 3525 2878 quam
3557 2801 3754 2875 praesi-

2113 2893 2274 2977 dium
2307 2893 2662 2972 Mithridatis
2691 2904 2942 2971 tenebat,
2975 2899 3266 2956 imminet.
3293 2893 3514 2950 Pontici
3535 2895 3754 2958 autem,

2113 3007 2405 3066 intellecto
2461 3001 2615 3058 cives
2671 2993 2886 3052 animis
2927 2991 2998 3047 ad
3046 2989 3340 3044 Romanos
3375 2981 3752 3055 prapendere,

2111 3103 2288 3157 noctu
2321 3110 2383 3151 se
2422 3092 2498 3149 ad
2527 3086 2928 3146 Mithridatem
2967 3077 3366 3136 Nicomediam
3401 3073 3752 3130 subducunt.

2113 3185 2361 3246 Romani
2391 3181 2572 3255 igitur
2613 3177 2742 3235 sine
2774 3171 3044 3231 molestia
3095 3167 3294 3225 urbem
3327 3181 3446 3222 su
3479 3157 3753 3234 potestati

2113 3252 2457 3348 subjiciunt.
2487 3271 2620 3327 Haec
2651 3266 2791 3324 urbs
2823 3277 3035 3320 nomen
3068 3257 3306 3316 deducit
3335 3273 3368 3311 a
3393 3252 3572 3310 Naida
3603 3265 3754 3348 qua-

2293 3360 2574 3438 nympha,
2605 3357 2698 3416 cui
2748 3354 2950 3410 Nicaea
3000 3363 3235 3417 nomen,
3267 3349 3326 3402 et
3371 3357 3513 3416 opus
3541 3344 3628 3396 est
3657 3335 3758 3394 Ni-

2115 3432 2456 3521 caeensium,
2482 3449 2582 3522 qui
2629 3447 2692 3502 in
2737 3440 3051 3500 Alexandri
3083 3435 3336 3494 exercitu
3388 3434 3622 3488 fuerunt
3657 3446 3672 3484 :
3703 3432 3760 3484 et

2119 3554 2242 3619 post
2271 3545 2404 3616 ejus
2433 3517 2761 3603 interitum,
2795 3534 2934 3588 dum
2967 3528 3220 3602 patriam
3253 3524 3617 3595 receperunt,
3650 3517 3760 3574 hac

2119 3614 2263 3691 urbe
2295 3614 2416 3690 ese
2446 3627 2683 3686 condita
2712 3631 2768 3680 et
2795 3621 3180 3693 frequentata,
3215 3616 3276 3672 in
3307 3614 3596 3670 civitatem
3629 3624 3762 3666 coa-

2121 3725 2376 3782 luerunt.
2419 3719 2560 3775 Nais
2592 3719 2789 3772 autem
2819 3711 2924 3766 illa
2961 3707 3152 3764 Nicaea
3199 3703 3501 3774 Sangario,
3525 3699 3640 3754 loci
3673 3712 3764 3751 rc-

2123 3815 2282 3886 gulo,
2315 3816 2372 3867 et
2399 3807 2608 3880 Cybele
2637 3807 2774 3860 nata
2803 3801 3004 3856 fertur.
3027 3799 3162 3864 Quae
3193 3807 3330 3851 cum
3358 3791 3577 3860 majore
3597 3785 3769 3854 virgi-

2121 3879 2324 3959 nitatis
2369 3879 2658 3953 desiderio
2691 3905 2866 3963 quam
2898 3881 3346 3944 consuetudinis
3377 3879 3585 3935 234a
3634 3889 3766 3930 cum

2119 3985 2654 4058 vir0,teneretur,in
2689 3979 2985 4038 montibus
3015 3979 3072 4032 et
3101 3972 3409 4030 venatibus
3439 3969 3610 4024 vitam
3625 3964 3764 4037 egit.

2125 4081 2384 4140 Bacchus
2423 4077 2660 4149 quidem
2695 4071 2957 4130 efﬂictim
3007 4069 3164 4122 amat
3201 4060 3480 4136 puellam,
3512 4058 3614 4115 sed
3651 4057 3768 4112 haec

2125 4185 2382 4230 amorem
2414 4146 2743 4224 frustratur.
2763 4159 3004 4228 Quando
3030 4155 3209 4228 igitur
3238 4151 3356 4208 voti
3385 4165 3622 4223 compos
3656 4146 3767 4204 alia

2124 4263 2348 4321 ratione
2374 4258 2500 4315 ﬁeri
2529 4254 2753 4326 nequit,
2786 4247 3032 4306 fallaciis
3063 4243 3292 4318 explere
3323 4239 3508 4298 animi
3539 4235 3762 4294 deside-

2125 4355 2278 4410 rium
2311 4346 2580 4406 instituit.
2605 4344 2752 4400 Nam
2785 4341 3026 4406 fontem,
3058 4353 3127 4393 ex
3171 4350 3283 4406 quo
3315 4333 3502 4388 Nicaea
3531 4345 3564 4384 a
3591 4342 3762 4385 vena-

2125 4443 2276 4500 tione
2310 4439 2538 4496 defessa
2567 4433 2769 4491 bibere
2800 4429 3045 4496 solebat,
3075 4425 3208 4482 vino
3239 4439 3343 4496 pro
3376 4437 3530 4492 aqua
3558 4415 3762 4488 replet.

2122 4533 2314 4603 anue
2359 4527 2504 4585 nihil
2554 4525 2871 4596 suspicata,
2903 4523 3042 4577 dum
3089 4533 3193 4590 pro
3243 4529 3402 4570 more
3440 4525 3548 4567 suo
3597 4505 3766 4576 bibit,

2117 4597 2390 4679 fallacem
2420 4617 2574 4674 intra
2606 4631 2668 4672 se
2689 4613 2886 4670 haurit
2906 4610 3192 4682 liquorem
3219 4622 3231 4660 :
3263 4609 3322 4660 et
3343 4600 3426 4658 sic
3449 4597 3770 4672 quamlibet

2119 4711 2323 4779 invita,
2359 4706 2614 4766 amantis
2644 4701 2946 4776 cupiditati
2987 4696 3298 4756 subservit.
3335 4692 3493 4748 Mero
3524 4687 3682 4745 enim
3713 4689 3769 4743 et

2120 4817 2327 4858 somno
2359 4799 2686 4868 correptam
2715 4793 2888 4849 Liber
2917 4787 3270 4859 comprimit,
3305 4786 3363 4838 et
3391 4781 3668 4852 Satyrum
3699 4791 3770 4831 ex

2120 4909 2188 4948 ea
2217 4890 2556 4958 liberosque
2612 4883 2754 4940 alios
2805 4877 3070 4948 suscipit.
3105 4875 3434 4930 Nicaeenses
3491 4871 3688 4924 autem
3737 4883 3770 4922 α

2123 4979 2338 5053 quibus
2369 4975 2617 5032 excitata
2653 4973 2740 5027 est
2770 4969 2979 5038 Nicaea,
3014 4969 3072 5020 et
3120 4963 3352 5019 sedibus
3383 4958 3766 5030 frequentata,

2123 5043 2377 5142 primum
2427 5068 2590 5122 erant
2636 5059 2813 5116 vicini
2868 5053 3109 5112 Phocidi
3142 5070 3155 5108 :
3189 5051 3289 5108 sed
3319 5048 3478 5122 quod
3517 5043 3768 5103 subinde

2125 5133 2498 5223 rebellarant,
2524 5152 2846 5208 Phocenses
2885 5145 3122 5202 tandem
3155 5141 3342 5215 patria
3389 5155 3490 5196 eos
3533 5133 3769 5207 expule-

2125 5251 2282 5315 runt,
2317 5249 2373 5301 et
2416 5247 2480 5300 ut
2527 5240 2666 5298 urbe
2705 5252 2906 5294 eorum
2955 5251 3150 5291 eversa
3198 5230 3506 5297 deleretur,
3557 5239 3769 5298 magno

1722 5347 1968 5403 VARUE
2009 5344 2420 5402 LECTIONES.

432 5456 482 5532 73
513 5451 956 5532 διιόρτιταζονῗΑηςΔ
978 5451 1278 5532 διέφθειρον
1311 5456 1392 5530 ς’.
1470 5457 1516 5492 ﬂ
1555 5454 1772 5510 ai’cmov
1821 5458 1868 5512 A
1900 5473 1919 5510 :
1950 5453 2206 5510 αἶ’σιππον

1215 5527 1292 5588 ίος
1327 5511 1676 5588 Palmerius.
1738 5511 2214 5599 cf.WWesseling.
2256 5511 2326 5581 ad
2351 5597 2356 5599 _
2385 5511 2674 5599 Itinera'r.”
2703 5511 2824 5599 Yet;
2861 5535 2918 5599 ρἶ
2966 5511 3090 5572 694.
3149 5513 3212 5599 ,³³
3267 5511 3544 5599 προυσιεὶς
3581 5511 3774 5599 Vales.

1963 5585 2557 5675 TéyoveUStcphanus.
2633 5595 2678 5630 ⁵³
2707 5585 2834 5667 ἔσχε
2862 5585 2936 5646 “Α
2968 5607 2981 5645 ;
3042 5585 3270 5660 κατέσχε

351 5517 758 5588 Βοδωΐοιίιιε.’
797 5528 844 5564 ³³
890 5517 1108 5600 Κίεροὲ]

355 5546 718 5588 ueneratus.
797 5546 844 5564 °'
890 5546 986 5584 ωε
1026 5546 1108 5600 ος]
1163 5546 1292 5588 ηιος
1330 5546 1676 5588 Palmerlus.
1738 5546 1812 5585 ΟΙ.
1876 5546 1906 5584 Υ

355 5601 612 5677 Emend.
674 5601 732 5670 2,
763 5603 848 5677 2,-
900 5601 947 5637 ³⁵
979 5546 1067 5658 δῖα
1109 5605 1223 5677 τῆς
1279 5600 1491 5661 νυκτὸς.
1571 5602 1614 5636 ⁵³
1672 5600 1906 5677 γενονὸς]

355 5673 720 5734 Schaferus.
799 5671 1066 5730 ³⁸πιοῦσα
1097 5671 1158 5744 ς·
1165 5716 1179 5730 .

2242 5454 2324 5528 ς’,
2385 5453 2448 5528 ac
2512 5445 2940 5524 ἀπροσδοκήτως
3189 5442 3230 5476 ³¹
3291 5437 3546 5513 διέκειτο]
3581 5431 3772 5528 ’ἔκειτο

2703 5521 2799 5528 --_
2970 5517 3061 5528 ,.,.
3168 5513 3211 5528 ...
3493 5517 3516 5527 ..
3613 5511 3630 5528 ν
3669 5511 3682 5528 .

3485 5584 3531 5620 ³⁷
3597 5583 3775 5638 εἰώθει
