4116 6224
403 286 524 348 919
1605 279 1874 341 ΡΗΟἸῚΙ
1923 278 2451 339 ΡΑΤΒΙΑΗΟΗΔΞ
2495 277 2610 339 CP.
3699 286 3826 347 920

402 422 770 493 perfecerunt
790 418 1201 475 studio.Nicasa
1231 431 1367 487 ergo
1401 416 1510 471 hoc
1553 415 1724 470 modo
1754 413 2027 486 appellate

2196 409 2431 473 τολλάκις
2489 412 2864 475 στασιάσαντες
2924 412 3010 469 ὑπ’
3067 412 3235 484 αὐτῆς
3301 412 3512 487 ἐκείνης
3590 416 3821 492 ὕστερον

404 516 463 567 et
505 511 737 567 condita
771 509 921 563 fuit:
956 515 1129 577 atque
1158 506 1217 561 in
1272 506 1666 561 Romanorum
1700 507 2029 575 potestaten

2200 503 2256 571 ἦν
2310 500 2545 575 πατρίδα
2610 502 2965 578 ἀφῃρέθησαν,
3015 506 3395 584 καταστροφὴν
3454 506 3661 577 ταύτης
3734 508 3825 563 καί

405 601 663 657 devenit.
2160 592 2461 669 ἀφανισμὸν
2529 597 2637 646 τῶν
2688 590 2739 646 ἐν
2786 597 2854 666 τῇ
2914 590 3127 647 Φωκίδι
3176 593 3364 669 πολλῇ
3406 593 3621 670 σπουδῇ
3652 618 3830 652 κατα-

403 693 815 771 παραξαμένωνο
866 691 1024 750 Ἀλλ’
1080 694 1115 761 ἡ
1155 692 1250 766 μὲν
1293 690 1495 748 Νίκαια
1525 688 1669 746 οὕτω
1724 710 1784 746 τε
1839 691 1937 759 τὴν
1988 687 2184 759 κλῆσιν
2238 689 2325 745 καί
2375 692 2473 760 τὴν
2526 686 2826 764 οἰκοδομήν
2887 684 3035 766 ἔσχε,
3081 690 3170 746 καὶ
3219 692 3365 748 οὕτω
3419 695 3830 770 προσεχώρησε

400 782 729 857 Ῥωμαίοις.

899 891 1032 946 CAP.
1064 890 1255 946 XLIV.
1290 921 1357 931 -—
1383 891 1725 947 Mithridates
1755 888 1895 945 cedit
1925 888 2096 946 Cotta
2124 892 2173 945 et
2217 890 2450 955 Triario,
2480 893 2529 945 et
2558 896 2681 946 astu
2710 889 3028 946 Heracleam
3058 896 3314 964 occupat.

470 1004 748 1057 Caeterum
810 999 1173 1055 Mithridates
1245 999 1601 1056 Nicomedeae
1656 997 2042 1054 subsistebat.

2228 996 2567 1072 Μιθριδάτης
2609 995 2665 1052 δὲ
2707 996 2758 1052 ἐν
2785 1003 2854 1072 τῇ
2907 996 3250 1070 Νικομηδείᾳ
3291 994 3550 1073 διέτριϐε.
3614 1000 3825 1064 Κόττας

401 1090 563 1147 Cotta
594 1094 809 1159 autem,
843 1088 1144 1160 superiora
1188 1089 1403 1143 damna
1436 1088 1716 1143 resarcire
1757 1085 1978 1153 volens,
2013 1104 2026 1141 t

2198 1091 2215 1141 ὲ
2257 1085 2598 1161 βουλόμενος
2648 1108 2699 1142 τι
2761 1091 2867 1141 τῶν
2921 1084 3499 1162 προδιημαρτημένων
3530 1091 3577 1126 ³⁸
3615 1088 3823 1143 ἀναλα-

400 1178 787 1247 Chalcedone,
824 1179 920 1233 ubi
968 1178 1369 1234 succubuerat.
1404 1177 1810 1234 Nicomedeam
1854 1175 2025 1247 ecpia:

2198 1182 2270 1231 εῖν
2326 1180 2453 1247 ἧκεν
2504 1177 2610 1232 ἀπὸ
2667 1174 3034 1255 Καλχηδόνος
3088 1179 3155 1247 ⁸ο,
3214 1177 3264 1231 ἐν
3314 1179 3359 1250 ᾧ
3408 1176 3639 1250 ἥττητο,
3676 1181 3818 1255 πρὸς

400 1272 698 1338 transfert,
732 1273 788 1324 et
820 1270 921 1324 150
951 1270 1145 1325 stadia
1184 1270 1254 1325 ab
1290 1269 1429 1325 urbe
1480 1272 1674 1325 castra
1708 1274 1985 1337 metatus,
2018 1287 2025 1323 ι

2197 1267 2255 1335 ἦν
2302 1264 2700 1339 Νικομήδειαν,
2751 1267 2840 1322 καὶ
2888 1266 3301 1342 στρατοπεδεύει
3338 1270 3380 1322 ν’
3428 1269 3521 1323 καὶ
3585 1270 3629 1344 ρ’
3688 1291 3822 1324 στα-

400 1360 771 1416 dimicatione
795 1358 1089 1428 cavet.1bi,
1119 1376 1332 1433 magna
1356 1359 1621 1416 adhibita
1661 1358 2025 1415 festinatione

2197 1353 2288 1408 ίων
2319 1361 2419 1424 τῆς
2459 1353 2677 1418 πόλεως
2726 1353 2944 1423 ἄποθεν,
2978 1356 3077 1424 τὴν
3110 1351 3396 1429 συμϐολὴν
3452 1364 3554 1425 τῆς
3616 1359 3816 1433 μάχης

401 1449 589 1507 citatis
615 1449 927 1505 itineribus
968 1448 1193 1504 Cottam
1226 1452 1432 1519 sponte
1464 1466 1570 1504 sua
1601 1448 1863 1503 Triarius
1893 1464 2026 1502 asse

2197 1440 2660 1515 πευλαϐούμενος.
2715 1440 3131 1516 Καταλαμϐάνει
3203 1442 3260 1499 δὲ
3316 1445 3524 1501 Κότταν
3600 1445 3822 1521 σπουδῇ

402 1542 620 1613 quitur,
653 1546 709 1595 et
752 1539 1118 1595 Mithridates
1169 1541 1227 1595 in
1287 1540 1490 1596 urbem
1540 1556 1601 1595 se
1645 1538 1871 1610 recipit.
1901 1539 2027 1593 Tun

2198 1532 2348 1605 olli}
2407 1533 2747 1604 αὐτόκλητος
2807 1535 2833 1587 ὁ
2891 1536 2935 1571 ⁴¹
2996 1534 3272 1605 Τριάριος,
3320 1534 3411 1588 καὶ
3482 1534 3823 1608 Μιθριδάτου

404 1636 648 1699 uterque
680 1629 973 1684 Romanus
996 1629 1279 1683 exercitus
1311 1629 1380 1683 ad
1404 1628 1899 1701 oppugnationem
1932 1627 2029 1698 eju:

2198 1624 2631 1696 ποχωρήσαντος
2686 1624 2761 1685 εἰς
2824 1624 2924 1691 τήν
2992 1622 3154 1676 πόλιν
3219 1621 3553 1697 ἑκατέρωθεν
3611 1625 3821 1694 ταύτην

405 1734 465 1773 se
508 1723 692 1789 parat.
734 1721 806 1772 At
838 1734 935 1773 rex
979 1718 1210 1789 cognito
1251 1718 1483 1789 gemino
1538 1717 1809 1773 conﬂictu
1844 1716 2029 1772 navali

2195 1711 2478 1783 ςολιορκεῖν
2528 1714 2589 1766 τὸ
2646 1713 2955 1785 Ῥωμαϊκὸν
3018 1714 3443 1786 παρεσκευάζετο
3484 1714 3820 1785 στράτευμά.

405 1822 523 1878 qua
552 1807 704 1862 circa
736 1808 1057 1878 Tenedum,
1088 1824 1199 1878 qua
1230 1807 1288 1861 in
1323 1807 1472 1862 mari
1519 1807 1692 1877 IEgeo
1723 1806 1990 1861 Ponticos
2016 1823 2030 1860 ε

2184 1804 2308 1859 Επεὶ
2358 1800 2415 1857 δε
2486 1804 2514 1857 ὃ
2577 1800 2829 1876 βασιλευς
2884 1802 3207 1859 ἐπυνθάνετυ
3266 1800 3382 1858 δυσί
3442 1804 3809 1879 ναυμαχίαις,

404 1896 642 1951 Lucullo
674 1897 877 1961 victos,
905 1911 1008 1952 nec
1028 1912 1221 1967 parem
1254 1912 1315 1953 se
1338 1897 1409 1951 ad
1450 1896 1875 1951 occurrendum
1904 1910 2029 1964 pra.

2189 1896 2223 1965 ᾗ
2268 1893 2359 1965 μὲν
2406 1893 2527 1967 περὶ
2569 1890 2791 1948 Τένεδον
2841 1898 2909 1967 τῇ
2944 1890 3001 1947 δὲ
3056 1894 3191 1947 κατά
3227 1893 3318 1947 τὸν
3362 1891 3611 1967 Αἴγαιον,
3670 1902 3810 1949 Λευ-

404 1986 668 2041 eentibus
688 1986 1078 2041 Romanorum
1100 1986 1283 2056 copiis
1305 1984 1704 2050 esse,classern
1728 1984 1786 2039 in
1812 1983 2029 2038 ﬂuviun

2193 1981 2375 2037 (illoc
2422 1980 2795 2055 πολεμοῦντος
2835 1982 2962 2043 τοὺς
3011 1980 3309 2045 Ποντικοὺς
3358 1985 3691 2054 νενικῆσθαι,
3724 1986 3818 2038 καί

404 2079 558 2130 retro
591 2080 797 2138 movet,
832 2079 889 2129 et
918 2074 1077 2145 gravi
1107 2078 1407 2145 correptus
1439 2078 1806 2145 tempestate,
1829 2071 2022 2144 aliquo

2197 2068 2262 2124 ὺκ
2317 2072 2621 2145 ἀξιόμαχον
2680 2070 2839 2127 αὐτὸν
2886 2073 3023 2145 πρὸς
3080 2072 3353 2144 τήν,)[384
3402 2074 3493 2146 Η.]
3537 2076 3818 2144 παροῦσαν

405 2162 669 2218 triremes
699 2163 915 2218 amittit
947 2179 959 2217 :
986 2164 1111 2233 ipse
1142 2168 1339 2219 tamen
1372 2178 1503 2217 cum
1546 2161 1814 2233 plurimis
1839 2162 1896 2216 in
1928 2164 2030 2232 Hy-

2197 2181 2389 2233 υναμιν
2447 2160 2731 2233 Ῥωμαίων
2782 2162 2991 2236 ἡγεῖτο,
3050 2162 3147 2230 τὴν
3203 2157 3447 2217 ἐπίϐασιν
3496 2160 3574 2233 τῷ
3632 2161 3822 2233 στόλῳ

404 2250 569 2322 pium
619 2252 858 2307 ﬂuvium
904 2253 1180 2308 defertur.
1217 2253 1337 2317 Hic,
1371 2269 1506 2308 cum
1563 2255 1882 2322 tempestas
1912 2267 2029 2306 eun

2196 2250 2236 2311 ίς
2293 2256 2386 2307 τὸν
2434 2250 2681 2322 ποταμὸν
2712 2251 2758 2287 ⁴²
2813 2249 3055 2319 ἀνέπλει,
3116 2251 3209 2305 καὶ
3288 2248 3508 2327 σφοδρῷ
3576 2256 3821 2325 χειμῶνι

407 2347 685 2412 moratur,
720 2344 916 2399 audito
968 2343 1327 2399 Lamachum
1376 2341 1828 2412 Heracliensem,
1874 2357 2032 2412 quer:

2203 2342 2464 2414 εριπεσὼν
2512 2341 2661 2402 τινας
2710 2341 2804 2413 μὲν
2852 2346 2961 2396 τῶν
3010 2342 3249 2415 τριήρων
3290 2335 3620 2411 ἀποϐάλλει,
3653 2340 3822 2404 αὐτὸς

409 2432 651 2503 antiquo
700 2433 969 2487 amicitiae
1024 2434 1234 2488 findere
1291 2432 1638 2489 obstrictum
1683 2431 1944 2500 haberet,
1976 2432 2034 2487 ad

2199 2431 2387 2502 εμετά
2412 2435 2520 2485 τῶν
2576 2428 2847 2484 πλειόνων
2889 2429 2965 2492 εἰς
3021 2433 3113 2485 τὸν
3169 2432 3358 2484 ’Ύπιον
3404 2430 3650 2502 ποταμὸν
3685 2451 3824 2486 κατ-

402 2522 733 2594 reipublicae
766 2523 1229 2595 gubernaculum
1272 2525 1485 2590 sedere,
1521 2522 1721 2579 multis
1753 2522 2027 2578 hominen

2186 2521 2388 2595 ινέχθη.
2420 2520 2567 2576 Ἐκεῖ
2598 2516 2653 2574 δὲ
2697 2516 2785 2574 δια
2839 2520 2928 2574 τὸν
2961 2523 3214 2595 χειμῶνα
3272 2515 3563 2593 διατρίϐων
3617 2520 3811 2593 Λάμα.

406 2611 712 2683 promissis
751 2612 1008 2678 attraxit,
1061 2618 1126 2668 ut
1169 2613 1282 2669 sibi
1336 2614 1395 2668 in
1447 2613 1650 2668 urbem
1716 2612 2031 2682 recipiendt

2199 2629 2261 2682 ον
2302 2609 2391 2663 τὸν
2441 2606 2855 2683 Ἡρακλεώτην,
2896 2607 3080 2686 φιλίαν
3111 2604 3256 2683 ἔχων
3314 2610 3451 2684 πρὸς
3491 2608 3654 2664 αὐτὸν
3706 2630 3824 2664 πα-

407 2717 645 2772 operam
683 2702 860 2757 daret.
894 2703 1176 2758 Pecunias
1199 2704 1374 2758 etiam
1399 2702 1632 2759 miserat
1653 2701 1761 2758 hoc
1790 2700 2027 2758 nomine

2185 2699 2336 2765 λαιάν,
2364 2700 2549 2770 μαθὼν
2580 2699 2626 2733 ⁴³
2656 2699 2843 2773 ἄρχειν
2872 2704 2969 2766 τῆς
3019 2696 3334 2767 πολιτείας,
3364 2696 3610 2759 πολλαῖς
3672 2699 3810 2753 ὑπο-

408 2789 512 2845 Hic
534 2807 659 2861 quas
691 2796 1009 2861 rogaverat,
1044 2791 1142 2848 ille
1174 2795 1410 2864 prestat.
1447 2792 1683 2846 Publico
1704 2790 1856 2845 enim
1886 2794 2033 2845 extre

2184 2789 2440 2861 ισχέσεσῖν
2472 2787 2649 2843 εἷλκεν
2705 2786 2842 2841 ὥστε
2898 2788 3304 2862 παρασκευάσαι
3333 2787 3492 2842 αὐτὸν
3523 2786 3574 2841 ἐν
3604 2792 3674 2859 τῇ
3707 2788 3809 2842 πό-

404 2879 608 2933 urbem
664 2880 832 2951 epulo
881 2881 1104 2936 civibus
1161 2885 1459 2952 apparato,
1493 2880 1604 2934 sub
1645 2879 1800 2949 quod
1833 2878 2029 2935 234i

2178 2899 2241 2932 ιει
2297 2876 2682 2954 αραδεχθῆναι.
2741 2878 2990 2949 Ἐπεμπε
3048 2874 3104 2932 δὲ
3162 2876 3249 2932 καὶ
3311 2879 3593 2951 χρήματα·
3638 2880 3666 2931 ὁ
3719 2876 3803 2948 δὲ,

404 2969 637 3024 clausas
686 2985 747 3025 se
779 2986 894 3026 non
947 2971 1283 3027 habiturum
1343 2975 1541 3040 portas
1572 2970 1746 3027 ﬁdem
1790 2970 2025 3025 dederat

2180 2964 2436 3023 ιτνεδίδου
2491 2969 2593 3037 τὴν
2653 2966 2890 3039 αἶ’τησιν,
2949 2968 3035 3022 καὶ
3117 2964 3473 3040 δημοθοινίαν
3541 2963 3642 3040 ἔξω
3698 2975 3805 3036 τῆς

400 3073 560 3114 mero
594 3058 871 3130 populum
912 3060 1154 3127 inescat,
1189 3067 1363 3130 utque
1391 3076 1457 3116 eo
1488 3060 1615 3131 ipso
1664 3059 1757 3115 die
1785 3075 1853 3113 ex
1883 3074 2025 3115 com‘

2202 3059 2370 3120 όλεως
2435 3057 2827 3134 λαμπροτάτην
2912 3059 3457 3132 παρασκευασάμενος
3529 3062 3646 3118 τοῖς
3709 3077 3827 3113 πο-

399 3152 568 3217 pacto
601 3147 968 3203 Mithridates
1028 3148 1398 3218 superveniat
1456 3148 1597 3214 illis,
1638 3148 1735 3203 dat
1785 3162 2018 3218 operam

2196 3148 2352 3216 ίταις,
2382 3149 2467 3203 καὶ
2502 3149 2548 3183 ⁴⁴
2593 3147 2760 3221 ταύτῃ
2796 3145 2935 3221 μηδὲ
2972 3148 3069 3211 τὰς
3097 3145 3277 3209 πύλας
3315 3142 3462 3222 ἔχειν
3497 3166 3820 3223 παρεγγυηο

402 3234 607 3305 Itaque
622 3250 727 3290 nec
751 3234 961 3291 olfacto
982 3235 1342 3293 Mithridatis
1370 3237 1641 3304 adventu,
1667 3236 1809 3292 urbs
1833 3237 1892 3291 in
1915 3237 2027 3306 ejus

2199 3239 2383 3310 ἱμενος
2436 3235 2846 3309 κεκλεισμένας,
2909 3237 3138 3309 μεθύσας
3204 3258 3263 3291 τε
3320 3238 3411 3291 τὸν
3484 3234 3686 3308 δῆμον,
3754 3234 3824 3290 ἐκ

400 3325 711 3379 arbitrium
743 3325 918 3380 venit.
944 3326 1231 3382 Postridie
1271 3326 1500 3397 plebem
1541 3343 1639 3382 rex
1668 3331 2025 3382 convocatan

2197 3329 2497 3400 ›νθήματος
2563 3327 2700 3381 κατὰ
2754 3328 2852 3395 τὴν
2912 3325 3079 3397 αύτήν
3127 3327 3335 3399 ἡμέραν
3388 3324 3677 3401 ἐφεστάναι
3710 3323 3822 3380 λά-

399 3413 604 3470 amicis
664 3412 928 3469 hortatur
966 3414 1178 3481 verbis,
1212 3419 1393 3485 utque
1443 3415 1616 3470 fidem
1666 3431 1801 3483 erga
1846 3415 2024 3485 ipsun

2193 3437 2254 3490 ρᾳ
2283 3417 2785 3491 προπαρασκευάζει
2834 3417 2883 3452 ⁴⁵
2918 3416 3007 3471 τὸν
3064 3412 3428 3490 Μιθριδάτην.
3468 3415 3570 3471 Καὶ
3632 3413 3818 3477 οὕτως

399 3507 633 3558 tueatur
708 3502 999 3573 hortatus,
1076 3503 1479 3575 Connacorigi,
1556 3520 1690 3559 cum
1774 3504 2024 3575 praesidii

2179 3532 2184 3577 ι
2246 3507 2432 3576 πόλις,
2489 3504 2628 3580 μηδὲ
2685 3507 2784 3574 τήν
2842 3503 3018 3582 ἄφιξιν
3077 3503 3412 3578 αἰσθομένων
3462 3507 3569 3559 τῶν
3629 3502 3804 3575 Ἡρα-

322 3660 327 3665 ,
399 3598 433 3653 4
465 3595 739 3665 millium,
774 3596 979 3652 urbem
1011 3597 1456 3654 custodiendam
1491 3598 1681 3654 tradit.
1727 3596 1943 3653 Praetex

2193 3595 2431 3666 λεωτῶν,
2495 3596 2595 3650 ὑπὸ
2656 3599 2812 3670 χεῖρα
2882 3590 3187 3668 Μιθριδάτῃ
3249 3593 3471 3669 γίνεται.
3513 3594 3598 3665 Τῇ
3647 3589 3818 3645 ἐπαυ-

399 3686 941 3753 erat,defensurum
971 3703 1034 3743 se
1080 3686 1258 3757 cives,
1299 3688 1347 3743 si
1380 3687 1619 3743 Romani
1652 3687 1793 3759 quid
1843 3693 2024 3744 contra

2189 3707 2270 3741 ιον
2325 3683 2383 3740 δὲ
2441 3683 2772 3760 συγκαλέσας
2822 3684 2883 3737 τὸ
2933 3681 3145 3753 πλῆθος
3193 3682 3222 3737 ὁ
3275 3680 3553 3756 βασιλεὺς,
3594 3681 3687 3735 καὶ
3720 3701 3814 3758 cpt-

394 3774 796 3841 moliantur,et
823 3783 1319 3832 conservaturum.
1345 3779 1488 3832 Hinc
1511 3777 1843 3833 distributis
1873 3777 1931 3832 in
1955 3777 2019 3832 ci-

2182 3774 2294 3837 ,ίοις
2353 3772 2744 3845 δεξιωσάμενος
2804 3773 3019 3847 λόγοις,
3076 3770 3165 3826 καὶ
3222 3774 3323 3840 τὴν
3384 3767 3589 3826 εὔνοιαν
3667 3770 3807 3843 πρὸς

394 3881 513 3933 ves,
550 3865 801 3920 maxime
832 3865 890 3920 in
915 3866 1842 3938 magistratus,pecuniis,versus
1874 3866 2013 3923 Sino

2175 3865 2311 3920 ιύτὸν
2370 3864 2691 3937 παραινέσας
2749 3863 2963 3931 σώζειν,
3025 3859 3502 3936 τετρακισχιλίους
3542 3880 3599 3914 τε
3625 3880 3800 3937 φρου-

389 3971 521 4026 pem
547 3954 935 4026 navigationis
969 3971 1205 4011 cursum
1239 3956 1462 4028 dirigit.

2189 3953 2280 4012 οὺς
2352 3951 2751 4026 ἐγκαταστήσας
2815 3950 2904 4004 καὶ
2960 3948 3307 4027 φρούραρχον
3391 3949 3809 4022 Κοννακόρηκα,

398 4040 664 4118 προφάσει
709 4046 826 4112 τοῦ,
871 4041 921 4097 εἷ’
971 4044 1240 4117 Ῥωμαῖοι
1303 4043 1623 4119 βουληθεῖεν
1684 4038 2079 4109 ἐπιϐουλεύειν,
2132 4050 2230 4111 τῆς
2286 4040 2503 4105 πόλεως
2546 4040 2781 4103 ἐκείνους
2847 4040 3185 4114 ὑπερμαχεῖν
3243 4040 3330 4093 καὶ
3383 4040 3635 4111 σωτήρας
3672 4040 3816 4093 εἶναι

397 4133 505 4184 τῶν
539 4129 913 4204 ἐνοικούντων,
984 4133 1095 4188 εἶτα
1162 4130 1220 4189 δὲ
1276 4135 1366 4189 καὶ
1424 4136 1687 4210 χρήματα
1737 4132 2014 4207 δικνείμας
2063 4138 2183 4195 τοῖς
2239 4131 2291 4188 ἐν
2358 4130 2516 4205 αὐτῇ,
2575 4129 2814 4205 μάλιστα
2871 4126 2928 4184 δὲ
2983 4133 3101 4191 τοῖς
3160 4126 3214 4183 ἐν
3252 4125 3421 4196 τέλει,
3453 4124 3547 4182 ἐπὶ
3576 4134 3679 4196 τῆς
3714 4134 3824 4182 Σι-

395 4220 582 4291 νώπης
621 4219 959 4291 ἐξέπλευσε).

1297 4342 1429 4397 CAP.
1461 4341 1635 4398 XLV.
1670 4373 1731 4386 —
1764 4345 1976 4414 Pugnae
2007 4344 2159 4399 Rom.
2194 4357 2322 4398 cum
2355 4339 2593 4397 Mithrid.
2626 4338 2897 4396 secundae.

472 4450 622 4505 Tum
658 4450 931 4506 Lucullus
962 4455 1019 4506 et
1047 4450 1213 4508 Cotta
1234 4455 1288 4507 et
1319 4450 1576 4506 Triarius
1602 4451 1847 4507 Romani
1870 4451 2043 4507 duces
2074 4459 2097 4522 1

2233 4446 2546 4508 Λεύκολλος
2595 4443 2652 4502 δὲ
2695 4447 2784 4502 καὶ
2833 4446 3039 4506 Κόττας
3092 4445 3179 4499 καὶ
3224 4442 3555 4519 Ὀτριάριος,
3589 4442 3639 4497 οἶ
3668 4443 3813 4498 Ῥω-

404 4540 471 4594 ad
505 4539 913 4595 Nicomedeam
957 4541 1288 4612 agminibus
1321 4540 1673 4611 conjunctis,
1708 4542 1765 4595 in
1799 4544 2029 4596 Pontum

2186 4536 2331 4592 ιαίων
2382 4536 2771 4611 αὐτοκράτορες
2838 4533 3154 4611 στρατηγοὶ,
3227 4531 3315 4587 ἐπὶ
3386 4538 3486 4600 τῆς
3556 4535 3811 4601 Νικομη·

402 4626 788 4699 irruptionem
830 4630 1016 4684 facere
1048 4631 1436 4685 destinarunt.
1471 4633 1544 4683 At
1576 4630 1905 4685 renuntiata
1936 4629 2027 4683 He

2180 4627 2301 4687 ἱείας
2356 4628 2477 4681 καθ’
2522 4626 2577 4679 ἓν
2652 4626 2932 4701 γενόμενοι
2999 4622 3254 4698 ὥρμηντο
3318 4621 3396 4682 είς
3456 4620 3546 4674 τὸν
3594 4619 3805 4674 Πόντον

406 4718 612 4775 racleae
660 4718 1114 4791 oppugnatione,
1148 4735 1279 4773 cum
1339 4719 1409 4773 de
1441 4720 1766 4790 proditione
1797 4719 2031 4773 necdurr

2179 4712 2442 4790 μϐαλεῖν.
2480 4717 2721 4789 [741Η.]
2780 4714 2890 4769 ἐπεὶ
2946 4709 3002 4768 δε
3039 4712 3224 4772 αὐτοῖς
3266 4712 3301 4780 ὴ
3331 4717 3432 4779 τῆς
3486 4704 3804 4781 Ἡρακλείας

407 4814 724 4877 constaret,
760 4809 862 4865 sed
894 4810 1072 4864 totius
1121 4808 1299 4863 simul
1332 4808 1580 4864 civitatis
1627 4809 1922 4864 voluntate
1953 4808 2032 4863 de.

2185 4805 2466 4879 ματάληψις
2516 4804 2788 4883 ἠγγέλθη,
2922 4799 2981 4858 δὲ
3036 4798 3303 4875 προδοσία
3370 4797 3470 4853 ούκ
3534 4795 3810 4872 ἐγνώσθη,

408 4899 715 4955 factionem
731 4897 1726 4969 contigissearbitrarenlur,Luculli
1743 4896 2033 4952 consilium

2182 4894 2303 4950 ιλλα
2331 4902 2431 4964 τῆς
2473 4894 2686 4955 πόλεως
2738 4892 2877 4963 δλης
2906 4894 2940 4961 ἡ
2983 4891 3277 4951 ἀπόστασις
3319 4887 3605 4961 ἐνομίσθη,
3668 4885 3807 4941 Λεύ-

407 4994 530 5044 erat
561 4992 626 5045 ut
659 4989 785 5060 ipse
807 5004 933 5044 cum
972 4989 1171 5044 robore
1196 4988 1481 5043 exercitus
1505 5003 1606 5059 per
1628 4986 2032 5041 Mediterranei

2187 4984 2360 5042 ,ολλον
2404 4985 2495 5057 μὶν
2548 4982 2721 5041 ἐδόκει
2776 4984 2907 5056 μετὰ
2955 4988 3053 5049 τῆς
3100 4977 3366 5047 πλείστης
3408 4974 3692 5048 δυνάμεως
3736 4974 3812 5035 εἷς

408 5082 464 5131 et
494 5079 917 5151 Cappadociam
970 5082 1224 5132 moveret
1254 5078 1311 5133 in
1354 5093 1546 5148 regem
1595 5082 1648 5132 et
1693 5080 1876 5131 totum
1921 5077 2033 5145 ejus

2191 5078 2254 5145 ἡν
2320 5071 2703 5130 Καππαδοκίαν
2772 5070 2861 5126 διὰ
2912 5072 3009 5139 τῆς
3100 5066 3387 5143 μεσογείου
3445 5068 3653 5140 χωρεῖν
3726 5060 3813 5116 ἐπὶ

407 5181 670 5236 regnum,
702 5173 757 5223 et
784 5166 1112 5225 Heracleam
1164 5171 1524 5239 Oppugnaret
1571 5166 1760 5222 Cotta.
1793 5166 2032 5221 Triariu:

2193 5186 2215 5219 ε
2269 5162 2609 5238 Μιθριδάτην
2664 5162 2783 5217 καὶ.
2819 5164 2916 5228 τὴν
2978 5162 3148 5214 πᾶσαν
3227 5153 3531 5231 βασιλείαν,
3599 5153 3814 5208 Κότταν

406 5259 941 5329 autem,assumpta
967 5256 1170 5324 classe,
1191 5259 1403 5314 missas
1427 5257 1485 5313 in
1509 5256 1736 5314 Cretam
1760 5260 1816 5312 et
1840 5256 2031 5328 Hispa-

2190 5255 2217 5310 ἴε
2275 5254 2360 5309 ἐπί
2421 5251 2761 5326 Ἡρακλείας,
2833 5247 3132 5323 Ὀτριάριον
3182 5244 3238 5301 δὲ
3280 5246 3341 5300 τὸ
3399 5242 3653 5298 ναυτικὸν
3685 5242 3815 5295 ἂνα-

1757 5364 2003 5421 νΑΡιΙίΕ
2042 5364 2454 5420 LECTIONES.

478 5469 525 5503 3’
557 5467 718 5548 βουλ.
768 5491 847 5548 ,τεῇ
886 5472 989 5527 τῶν
1049 5468 1512 5548 διημαρτ-ημέιων
1706 5475 1750 5508 ⁸ο
1780 5469 2125 5548 καρχηδόνος
2160 5472 2326 5548 Iibgi.
2391 5473 2430 5507 ⁴¹
2469 5471 2519 5548 Αὸ
2580 5471 2714 5548 add.
2927 5457 3260 5548 η..ἐττιβοισιν
3296 5491 3363 5502 --
3390 5454 3665 5548 ποταμξν]
3700 5457 3817 5548 f2:-

408 5527 568 5615 tusae:
584 5542 700 5615 leg.
762 5540 851 5615 ἐπὶ
911 5548 1081 5597 Φᾶσιν
1122 5527 1188 5585 1'—
1223 5527 1442 5602 ὴόντον.
1476 5527 1778 5615 ϐιλῨΙόντον
1810 5527 1970 5602 νίᾶἒό
2001 5527 2173 5600 etiam
2234 5544 2519 5601 Palmerio
2579 5540 2886 5615 placuisse.
2969 5538 3014 5573 ‘3
3043 5532 3224 5613 φιλίαν
3254 5563 3323 5575 -—
3378 5529 3469 5585 καὶ
3503 5527 3696 5601 μαθὼν
3721 5527 3811 5602 ς’.

411 5612 459 5646 ⁴η¹
486 5611 598 5685 καὶ]
629 5611 726 5668 κάν
747 5614 1095 5686 Stephanus.
1172 5616 1217 5652 ⁸⁵
1245 5613 1634 5689 παρασκευάζει
