4116 6224
345 353 459 416 921

1423 348 1963 413 BIBLIOTHEGA.
2009 378 2088 396 —
2129 347 2304 408 COD.
2351 347 2656 410 CCXXIV.

3637 349 3758 412 922

345 482 590 542 λαϐόντα
624 483 748 560 περί
776 484 870 539 τὸν
909 480 1317 553 Ἑλλήσποντον
1361 481 1452 536 καὶ
1499 481 1599 550 τήν
1652 478 1973 558 Προποντίδι

2106 481 2264 538 niam
2293 481 2647 540 Mithridatis
2679 500 2874 554 naves,
2898 485 2960 542 in
2989 487 3196 557 reditu,
3229 488 3382 545 circa
3410 488 3761 563 Hellespon-

342 577 440 639 τὰς
496 573 587 630 ἐπὶ
628 575 854 650 Κρήτην
893 572 985 628 καὶ
1029 567 1272 646 Ἰϐηρίαν
1328 569 1742 644 ἀπεσταλμένας
1791 572 1989 644 Μιθρι-

346 661 591 725 δατείους
661 666 788 725 ναῦς
875 661 1313 740 ὑποστρεφούσας
1390 661 1590 734 λοχᾷν.
1650 657 1990 735 Μιθριδάτης

348 749 406 806 δὲ
461 755 632 808 ταῦτα
697 749 909 805 ἀκούων
965 748 1418 823 παρεσκευάζετο,
1447 746 1538 802 καὶ
1587 741 1993 822 διεπρεσϐεύετο

343 839 482 915 πρός
526 859 588 894 τε
634 839 762 901 τοὺς
803 838 1023 893 Σκυθῶν
1058 835 1302 912 βασιλεῖς
1335 835 1425 891 καὶ
1473 836 1610 910 πρὸς
1648 836 1741 890 τὸν
1772 835 1988 909 Πάρθον

341 929 432 985 καὶ
462 929 604 1004 πρὸς
635 927 726 984 τὸν
759 922 1010 1004 γαμϐρὸν
1051 925 1217 981 αὐτοῦ
1245 924 1514 1000 Τιγράνην
1553 925 1645 979 τὸν
1689 922 1989 998 ’Δρμὲνιον.

343 1016 504 1076 Ἀλλ’
553 1018 608 1072 οἱ
677 1019 773 1091 μὶν
831 1017 1088 1086 ἀπεῖπον,
1118 1016 1390 1090 Τιγράνης
1449 1011 1508 1069 δὲ
1566 1013 1671 1068 ὑπὸ
1712 1015 1814 1078 τῆς
1880 1015 1991 1070 Μι-

340 1104 600 1180 θριδάτου
655 1107 922 1183 θυγατρὸς
989 1102 1267 1169 πολλάκις
1321 1102 1647 1178 ἐνοχληθεὶς
1705 1101 1795 1156 καὶ
1861 1101 1989 1156 ἀνα-

339 1191 690 1268 ϐαλλόμενος
745 1194 898 1267 ὅμως
962 1194 1163 1264 ὑπέστη
1212 1195 1312 1263 τὴν
1357 1191 1701 1267 συμμαχίαν.
1737 1190 1833 1246 Καὶ
1881 1197 1986 1246 Μι-

337 1281 600 1358 θριδάτης
655 1280 948 1360 διαφόρους
996 1284 1228 1357 πέμπων
1259 1282 1394 1337 κατὰ
1445 1278 1764 1336 Λευκόλλου
1795 1300 1987 1355 στρατ-

337 1373 529 1447 ηγοὺς,
576 1373 665 1429 καὶ
706 1379 806 1442 τῆς
865 1371 1194 1446 συμπλοκῆς
1253 1369 1647 1447 ἐπιγενομένης
1702 1367 1986 1443 πολύτρο-

335 1482 434 1519 ποι
472 1463 521 1500 ⁴⁴
553 1463 647 1529 μὲν
703 1457 1013 1517 συνέϐαινον
1062 1463 1115 1516 αἱ
1175 1455 1500 1534 μεταϐολαὶ,
1551 1457 1603 1514 ἐν
1651 1464 1769 1520 τοῖς
1826 1455 1990 1514 πλεί-

339 1571 490 1614 στοις
550 1549 608 1607 δὲ
662 1551 731 1607 τὰ
773 1549 1061 1625 Ῥωμαίων
1109 1550 1155 1585 ⁴⁷
1201 1547 1357 1622 ὅμως
1406 1548 1708 1621 κατώρθου.
1761 1547 1986 1620 Ἦθύμει

341 1641 437 1713 μὲν
489 1641 519 1695 ὁ
563 1639 817 1716 βασιλεύς
851 1661 864 1673 ο
917 1638 1171 1714 ἀθροίσας
1222 1635 1268 1692 δ’
1297 1636 1388 1692 οὖν
1435 1641 1611 1706 πεζῶν
1667 1637 1764 1709 μὲν
1791 1633 1836 1690 δ’
1885 1657 1985 1709 μυο

340 1725 552 1805 ριάδας,
592 1731 778 1793 ἱππεῖς
836 1727 893 1784 δὶ
933 1724 1401 1803 ὀκτακισχιλίους,
1441 1725 1707 1800 ἐξέπεμψε
1759 1725 1988 1803 Διόφαν-

2102 576 2228 628 tum
2259 577 2316 628 et
2344 572 2755 644 Propontidem
2785 575 3171 646 interciperet.
3205 576 3426 641 Quibus
3456 579 3758 637 Mithrida-

2101 666 2189 718 tes
2221 661 2461 730 auditis,
2494 663 2555 717 in
2590 678 2770 720 novos
2819 663 2953 719 belli
3001 669 3318 736 apparatus
3369 669 3679 738 incumbit,
3703 677 3761 726 et

2103 749 2453 821 Scytharum
2504 767 2689 821 reges,
2721 751 3120 824 Parthumque
3151 761 3202 810 et
3244 769 3526 825 generum
3581 773 3755 813 suum

2104 840 2410 911 Tigranem
2427 841 2767 897 Armenium
2787 841 3084 898 sollicitat.
3101 843 3298 900 Caeteri
3316 845 3554 914 quidem
3579 846 3758 903 dene-

2101 933 2276 1000 gant:
2301 937 2354 984 at
2379 929 2683 1001 Tigranes,
2707 930 2841 986 licet
2873 931 2970 986 diu
3005 937 3398 1003 cunctaretur,
3421 933 3637 1006 saepius
3667 939 3760 991 ta-

2101 1033 2230 1073 men
2255 1034 2287 1072 a
2312 1017 2433 1073 tilia
2463 1019 2842 1088 Mithridatis,
2867 1037 2981 1076 non
3013 1021 3136 1077 sine
3167 1022 3459 1089 molestia,
3483 1023 3758 1095 interpel-

2100 1105 2280 1176 latus,
2321 1108 2535 1164 auxilia
2581 1109 2819 1165 tandem
2876 1111 3166 1181 promisit.
3209 1113 3444 1168 Interim
3495 1113 3757 1172 diversos

2101 1201 2305 1253 contra
2335 1197 2645 1253 Lucullum
2678 1199 3040 1255 Mithridates
3075 1201 3371 1271 praefectos
3401 1201 3669 1273 dimittit,
3697 1209 3754 1260 et

2098 1296 2230 1359 post
2278 1289 2623 1344 commissas
2678 1288 2854 1354 acies,
2884 1290 3055 1344 varia:
3115 1289 3452 1346 acciderunt
3505 1293 3753 1350 fortunae

2097 1376 2290 1434 vices:
2324 1377 2384 1433 in
2415 1375 2714 1449 plerisque
2756 1382 2952 1434 tamen
3007 1395 3285 1451 prospera
3323 1381 3569 1437 fortuna:
3609 1399 3754 1439 aura

2096 1466 2314 1522 afﬂavit
2361 1467 2662 1536 Romanis,
2713 1471 2770 1524 et
2814 1467 3135 1525 Mithridati
3180 1469 3413 1526 animus
3463 1469 3746 1544 elanguit.

2096 1553 2420 1610 Contractis
2470 1555 2648 1626 igitur
2693 1556 2761 1610 40
2808 1556 3074 1628 peditum
3103 1560 3160 1613 et
3187 1559 3218 1611 8
3249 1559 3511 1629 equitum
3563 1559 3749 1616 milli-

2095 1645 2228 1711 bus,
2283 1645 2669 1716 DiOphantum
2717 1649 2773 1701 et
2817 1645 3078 1716 Taxilen,
3126 1647 3278 1702 ultra
3324 1647 3537 1705 missos
3591 1654 3746 1721 ante,

2095 1734 2354 1792 dimittit.
2404 1735 2512 1800 Qui
2570 1751 2700 1791 cum
2750 1737 2820 1792 ad
2880 1740 3278 1794 antecessores
3334 1739 3747 1808 accessissent,

336 1839 429 1873 τον
484 1818 574 1873 καὶ
615 1816 897 1889 Ταξίλλην
957 1816 1044 1872 ἐπὶ
1101 1822 1218 1881 τοῖς
1255 1814 1820 1891 προαπεσταλμένοις.
1865 1818 1973 1868 Τῶι

2098 1823 2381 1896 principio
2413 1823 2848 1881 velitationibus
2879 1825 2996 1882 fere
3027 1826 3281 1884 assiduis
3311 1826 3558 1886 hostiles
3584 1845 3747 1887 exer-

339 1904 397 1962 δὶ
450 1911 568 1969 τοῖς
634 1901 976 1981 προλαϐοῦσι
1041 1904 1413 1983 συναφθέντων
1473 1905 1592 1960 κατ’
1649 1902 1825 1980 ἀρχὰς
1886 1903 1980 1978 μὲν

335 1989 769 2072 ἀκροϐολισμοῖς
817 1994 1084 2066 ἀλλήλων
1142 1996 1194 2049 o't
1242 1993 1506 2066 πολέμιοι
1566 1995 1682 2048 καθ’
1753 1993 1982 2063 ἑκάστην

334 2084 531 2160 σχεδὸν
583 2084 980 2160 ἀπεπειρῶντο,
1031 2085 1149 2140 εἶτα
1226 2082 1570 2157 ἱππομαχίαι
1654 2082 1982 2152 συνέστησαν

338 2175 406 2243 β’,
437 2173 512 2228 ὧν
567 2175 664 2243 τὴν
720 2173 814 2248 μὲν
883 2175 1014 2248 [585
1072 2175 1164 2246 Η.]
1215 2171 1402 2228 ἐνίκων
1455 2173 1507 2227 οἱ
1560 2171 1848 2244 Ῥωμαῖοι,
1879 2172 1981 2240 τὴν

333 2257 586 2337 δευτέραν
615 2259 671 2318 δὲ
702 2263 754 2317 οἱ
784 2263 1058 2319 Ποντικοί.
1093 2256 1442 2337 Τριϐομὲνου
1483 2257 1540 2315 δέ
1569 2262 1665 2314 τοῦ
1705 2258 1977 2331 πολέμου,

330 2349 651 2414 Λεύκολλος
703 2351 899 2426 ἀγοράν
952 2349 1175 2422 ἄξοντας
1214 2349 1292 2412 εἰς
1342 2348 1722 2404 Καππαδοκίαν
1775 2346 1978 2422 ἐκπέμ-

326 2460 442 2510 πει,
474 2439 564 2494 καὶ
613 2441 797 2514 μαθὼν
846 2438 1118 2512 Ταξίλλης
1175 2441 1264 2495 καὶ
1317 2439 1614 2516 Διόφαντος
1658 2439 1854 2507 πεζοὺς
1888 2437 1976 2492 ἐκ·

323 2527 607 2601 πέμπουσι
680 2529 1154 2604 τετρακισχιλίους
1230 2527 1322 2583 καὶ
1399 2528 1585 2589 ἱππεῖς
1635 2523 1975 2601 δισχιλίους,

323 2614 412 2694 ἐφ’
452 2617 498 2690 ᾧ
555 2617 863 2693 ἐπιθέμενοι
920 2619 1312 2697 ἀφαιρήσονται
1362 2616 1494 2680 τοὺς
1543 2616 1977 2690 ἀποκομίζοντας

319 2707 421 2768 τάς
469 2708 689 2784 ἀγοράς.
741 2707 843 2765 Καὶ
894 2702 1282 2781 συμϐαλόντων
1332 2705 1382 2742 ⁴δ
1417 2702 1695 2777 ἀλλήλοις
1750 2704 1974 2780 ἐπικρα-

320 2792 566 2870 τέστεροι
651 2796 928 2873 γεγόνασιν
1011 2796 1063 2852 οἱ
1139 2797 1412 2867 Ῥωμαῖοι
1446 2813 1459 2827 ’
1520 2793 1831 2868 πέμψαντος
1918 2791 1974 2848 δὲ

318 2884 643 2941 Λευκόλλου
716 2887 972 2962 βοήθειαν
1035 2891 1155 2948 τοῖς
1223 2885 1470 2954 οἰκείοις,
1520 2885 1698 2959 τροπή
1769 2884 1970 2961 γίνεται

323 2970 618 3050 βαρϐάρων
667 2977 990 3053 περιφανής.
1026 2976 1125 3029 Καὶ
1189 2978 1258 3049 τῇ
1317 2978 1460 3054 φυγῇ
1506 2973 1716 3029 τούτων
1766 2974 1802 3043 ἡ
1834 2974 1969 3029 Ῥωο

319 3063 500 3137 μαίων
555 3062 780 3138 δύναμις
827 3062 1179 3140 ὁδηγουμένη
1213 3065 1259 3101 *⁸
1287 3063 1375 3118 ἐπὶ
1421 3064 1484 3118 τὸ
1516 3059 1877 3138 στρατόπεδον
1907 3061 1970 3117 τὸ

2091 1911 2242 1968 citus
2286 1912 2439 1968 inter
2487 1929 2548 1969 se
2599 1912 2748 1969 vires
2792 1913 3197 1986 explorabant.
3232 1917 3442 1975 Postea
3481 1919 3554 1974 ad
3597 1921 3746 1977 duae

2093 2016 2318 2072 pugnas
2348 2009 2650 2072 equestres
2681 2004 2994 2059 deventum
3024 2008 3134 2073 est,
3157 2021 3408 2077 quarum
3434 2007 3615 2063 altera
3633 2012 3747 2064 Ro-

2091 2090 2270 2158 mani,
2303 2089 2484 2146 altera
2526 2091 2772 2159 Pontici,
2807 2091 3054 2148 victores
3103 2093 3315 2150 abiere.
3347 2094 3615 2168 Dumque
3663 2097 3744 2153 ita

2089 2177 2306 2233 bellum
2358 2179 2607 2248 ducitur,
2651 2179 2928 2236 Lucullus
2978 2181 3168 2239 235a
3197 2183 3258 2237 in
3289 2183 3738 2257 Cappadociam,

2089 2266 2189 2337 qui
2221 2274 2606 2323 commeatum
2641 2268 2778 2324 inde
2800 2269 3096 2338 afferrent,
3122 2269 3296 2326 misit.
3324 2271 3446 2335 Quo
3474 2273 3742 2330 observa-

2087 2359 2165 2420 to,
2196 2353 2423 2410 Taxiles
2454 2361 2508 2411 et
2547 2355 2911 2428 Diophantus
2939 2357 2971 2411 4
2998 2358 3258 2428 peditum
3290 2364 3346 2414 et
3374 2360 3517 2415 2000
3560 2362 3734 2433 equi-

2084 2447 2206 2498 tum
2245 2451 2447 2499 contra
2497 2445 2758 2512 mittunt,
2793 2451 2878 2513 ut,
2911 2446 3145 2503 insidiis
3176 2448 3235 2502 in
3267 2448 3460 2504 medio
3505 2450 3730 2520 positis,

2083 2531 2506 2603 impedimenta
2536 2535 2963 2590 revertentibus
2994 2535 3337 2592 adimerent.
3367 2535 3475 2592 Ubi
3503 2538 3575 2593 ad
3609 2554 3734 2595 ma-

2087 2635 2196 2676 nus
2217 2625 2453 2675 ventum
2477 2626 2759 2692 superant
2782 2621 3051 2690 Romani,
3068 2627 3125 2677 et
3142 2623 3423 2680 subsidiis
3445 2641 3478 2680 a
3497 2625 3738 2684 Lucullo

2082 2708 2298 2774 missis,
2325 2707 2459 2778 fuga
2479 2709 2861 2764 barbarorum
2894 2709 3144 2781 insignis
3165 2710 3572 2767 committitur.
3596 2713 3740 2777 Quo-

2083 2811 2211 2854 rum
2244 2796 2504 2868 vestigiis
2525 2796 2863 2853 insistentes
2890 2797 3159 2866 Romani,
3183 2798 3254 2854 ad
3277 2798 3402 2869 ipsa
3422 2799 3736 2872 DiOphanti

2081 2891 2138 2943 et
2184 2886 2396 2942 Taxilis
2444 2892 2632 2942 castra
2681 2887 3099 2958 provehuntur.
3152 2885 3259 2942 Ubi
3309 2888 3499 2945 valido
3544 2896 3734 2946 certa-

2083 2975 2240 3030 mine
2269 2974 2436 3041 inito,
2467 2975 2536 3030 ad
2569 2976 2740 3033 breve
2770 2980 2998 3046 tempus
3029 2975 3303 3032 obstitere
3332 2977 3575 3033 Pontici.
3602 2978 3733 3034 Mox

2081 3065 2182 3120 ubi
2231 3065 2402 3134 primi
2453 3065 2866 3121 abscesserunt
2918 3064 3117 3131 duces,
3155 3069 3272 3120 tota
3311 3065 3589 3122 inclinata
3642 3072 3734 3123 est

319 3121 450 3230 ἷπερὶ
500 3121 795 3232 Διόφαντον
853 3121 959 3211 καίὶι
993 3121 1264 3226 Τάξίλλην
1325 3156 1484 3224 ἧκον,
1541 3121 1632 3209 καὶ
1707 3159 1971 3230 καρτερᾶς

2086 3155 2273 3210 acies:
2307 3159 2364 3209 et
2393 3153 2508 3226 ipsi
2536 3153 2839 3224 copiarum
2885 3153 3158 3209 ductores
3206 3153 3400 3210 nuntii
3431 3152 3616 3211 cladis
3645 3173 3736 3212 ve-

314 3245 460 3319 πρὸς
497 3245 692 3307 αὐτοὺς
731 3248 829 3314 τῆς
881 3247 1069 3321 μάχης
1102 3244 1404 3322 γενομένης
1449 3245 1495 3281 5°
1525 3242 1607 3299 ἐπ’
1639 3241 1828 3320 ὀλίγον
1861 3242 1969 3316 ἴμεν

309 3333 580 3408 ἀντέσχον
639 3336 691 3389 οἱ
749 3335 1025 3406 Ποντικοὶ,
1059 3336 1170 3390 εἶτα
1223 3337 1331 3388 τῶν
1383 3337 1698 3408 στρατηγῶν
1748 3336 1967 3408 πρῶτον

2079 3247 2294 3297 nerunt
2323 3239 2659 3297 Mithridati.
2694 3240 2981 3296 Occubuit
3021 3249 3158 3297 tunc
3200 3242 3405 3310 ingens
3454 3242 3732 3300 barbaro-

2081 3348 2210 3386 rum
2244 3332 2434 3387 turba.

307 3424 762 3502 ἀποχωρούντων
821 3425 1013 3488 πάντες
1067 3423 1365 3482 ἐνέκλιναν.
1417 3425 1514 3482 Καὶ
1592 3421 1900 3499 Μιθριδάτῃ
1961 3425 2059 3478 τυῦ
2111 3419 2450 3495 πταίσματος
2507 3422 2560 3476 οἱ
2618 3421 2914 3497 στρατηγοὶ
2970 3416 3293 3497 αὐτάγγελοι
3351 3423 3729 3498 παρεγένοντο,

306 3513 406 3569 καί
444 3514 588 3570 πολὺ
617 3517 834 3586 πλῆθος
864 3517 990 3572 τότε
1017 3519 1125 3572 τῶν
1160 3510 1451 3592 βαρϐάρων
1485 3515 1760 3573 ἀπώλετο.

1327 3625 1463 3680 Car.
1496 3624 1695 3680 XLVI.
1728 3655 1797 3665 -—
1827 3624 1981 3695 Fuga
2011 3620 2348 3679 Mithridatis
2371 3619 2712 3693 periculosa.

388 3725 544 3786 Οὕτω
636 3727 944 3806 Μιθριδάτῃ
1041 3734 1150 3787 τῶν
1237 3731 1572 3809 πραγμάτων
1650 3735 1960 3808 περιφανῶς

305 3817 764 3892 ἆποκεκλιμένων
809 3825 916 3875 τῶν
968 3841 1026 3877 τε
1068 3819 1366 3897 βασιλίδων
1411 3825 1673 3897 γυναικῶν
1720 3823 1755 3891 ἡ
1806 3819 1956 3875 ἄναί-

306 3929 462 3983 ρεσις
505 3906 831 3980 ἐπεποίητο,
876 3911 965 3966 καὶ
1016 3913 1227 3989 φεύγειν
1273 3911 1332 3966 ἐκ
1390 3916 1497 3967 τῶν
1560 3904 1824 3984 Καϐήρων
1863 3908 1959 3964 αύ-

300 3997 428 4068 τὸς,
451 3994 503 4052 ἐν
536 3999 624 4063 οἷς
651 3993 908 4075 διέτριϐε,
943 3999 1120 4075 λάθρα
1149 4001 1256 4056 τῶν
1298 3997 1486 4056 ἄλλων
1520 3998 1776 4071 ὑπηκόων
1810 4000 1957 4074 ὁρμὴ

301 4086 519 4164 γέγονε.
553 4087 650 4142 Καὶ
700 4088 826 4158 ἥλω
865 4088 929 4144 ἃν
969 4089 1021 4144 έν
1066 4095 1134 4164 τῇ
1179 4093 1326 4168 φυγῇ
1376 4093 1484 4145 τῶν
1537 4087 1790 4145 Γαλατῶν
1846 4088 1960 4144 έπι-

304 4173 868 4254 διωκόντων,καίπερ
913 4179 1007 4235 τὸν
1058 4180 1326 4260 φεύγοντα
1372 4178 1733 4256 ἀγνοούντων,
1784 4179 1829 4234 εἰ
1881 4179 1958 4253 μή

303 4267 699 4342 περιτυχόντες
746 4269 964 4342 ἡμιόνῳ
1011 4271 1213 4345 χρυσὸν
1273 4268 1362 4324 καὶ
1417 4267 1648 4348 ἄργυρον
1699 4274 1806 4331 τῶν
1854 4272 1959 4328 Μι-

304 4351 630 4430 θριδατείων
688 4359 995 4433 χρημάτων
1078 4360 1312 4439 φερούσῃ
1368 4359 1492 4434 περί
1549 4360 1648 4429 τὴν
1713 4359 1963 4434 ἁρπαγὴν

304 4443 520 4502 τούτων
568 4445 895 4523 ἐσχόλασαν.
930 4450 1032 4507 Καὶ
1084 4449 1246 4512 αὐτὸς
1296 4449 1372 4512 εἷς
1413 4449 1698 4524 ’Δρμενίαν
1760 4445 1962 4504 διασώ-

308 4541 482 4607 ζεται.

2141 3728 2307 3785 Hunc
2339 3728 2656 3786 admodum
2691 3729 2920 3784 fortuna
2951 3726 3308 3783 Mithridatis
3331 3728 3389 3783 in
3413 3729 3583 3798 pejus
3617 3730 3721 3784 de-

2071 3823 2366 3890 vergente,
2417 3822 2476 3873 et
2523 3819 2694 3890 regite
2743 3832 2954 3872 uxores
3003 3819 3257 3871 necatae:
3292 3819 3348 3871 et
3377 3831 3444 3870 ex
3475 3815 3722 3878 Cabiris,

2069 3907 2170 3963 ubi
2203 3907 2352 3962 clam
2385 3907 2511 3962 suis
2545 3905 2886 3978 aliquandiu
2913 3921 2975 3961 se
2998 3905 3381 3974 continuerat,
3406 3919 3504 3959 rex
3529 3905 3722 3977 fugam

2068 3993 2351 4066 arripuit:
2385 3993 2446 4050 in
2475 4011 2592 4066 qua
2622 3995 2799 4049 etiam
2841 3998 3050 4064 captus
3094 4000 3268 4062 esset,
3295 3993 3718 4048 insectantibus

2069 4081 2270 4149 Gallis,
2306 4083 2402 4155 qui
2437 4090 2630 4139 tamen
2662 4098 2854 4155 regem
2887 4081 3258 4154 ignorabant,
3292 4080 3403 4136 nisi
3435 4080 3591 4136 mula
3622 4081 3723 4138 ob-

2067 4171 2220 4230 viam
2252 4171 2402 4229 facta
2432 4173 2582 4247 (quae
2614 4171 2970 4228 Mithridatis
3009 4171 3242 4244 opibus,
3275 4174 3508 4242 argento
3555 4186 3721 4227 auro-

2068 4278 2178 4334 que
2210 4265 2417 4318 onusta
2446 4262 2590 4334 erat)
2612 4260 2939 4332 diripienda
2972 4275 3196 4316 moram
3225 4257 3583 4316 nexuissent.
3608 4259 3720 4316 Ita-

2071 4367 2183 4426 que
2215 4368 2313 4408 rex
2343 4351 2401 4408 in
2433 4351 2771 4408 Armeniam
2804 4349 3074 4408 elabitur.

1152 4630 1286 4686 Car.
1318 4629 1534 4688 XLVII.
1566 4660 1636 4673 --
1664 4629 1936 4687 Lucullus
1965 4630 2337 4703 Eupatoriam
2367 4638 2419 4688 et
2447 4631 2692 4688 Amisum
2720 4631 2889 4704 capit.

383 4730 701 4800 Λεύκολλος
756 4731 812 4790 8‘s
866 4734 956 4791 ἐπὶ
1025 4737 1122 4809 μὲν
1177 4737 1270 4792 τὸν
1340 4733 1684 4812 Μιθριδάτην
1735 4738 1956 4812 Μάρκον

2140 4739 2414 4798 Lucullus
2463 4743 2660 4796 autem
2704 4739 2987 4795 adversus
3033 4733 3426 4794 Mithridatem
3455 4736 3715 4792 Marcum

303 4823 610 4893 Πομπήϊον
656 4825 898 4901 ἡγεμόνα
943 4823 1258 4900 ἐξέπεμψεν,
1281 4826 1442 4889 αὐτὸς
1502 4823 1561 4882 δὲ
1618 4826 1705 4882 ἐπὶ
1764 4821 1956 4896 Καϐή-

299 4931 424 4989 ρων
467 4912 584 4985 μεθ’
614 4910 754 4984 ὅλης
789 4915 1047 4991 ἠπείγετο
1091 4918 1194 4986 τῆς
1250 4913 1554 4991 δυνάμεως,
1585 4918 1679 4998 κμί
1722 4917 1821 4986 τήν
1863 4915 1961 4972 πό-

297 5000 402 5058 λιν
465 5003 954 5077 περικαθισάμενος
1012 5009 1148 5082 σφᾶς
1221 5004 1424 5069 αὐτοὺς
1506 4999 1957 5079 παραδεδωκότας

290 5090 437 5151 τοὺς
487 5086 797 5167 βαρϐάρους
851 5091 1225 5158 ὑποσπόνδους
1271 5091 1402 5170 ἔσχε
1456 5094 1548 5150 καὶ
1598 5099 1706 5151 τῶν
1750 5099 1955 5170 τειχῶν

291 5178 632 5252 ἐκυρίευσεν.
685 5182 917 5238 Ἐκεῖθεν
979 5179 1042 5246 δὲ,
1101 5184 1236 5258 πρὸς
1291 5185 1389 5252 τήν
1447 5184 1672 5257 Ἀμισὸν
1715 5203 1959 5259 παραγε-

287 5269 502 5349 γονὼς,
533 5270 624 5326 καὶ
674 5267 867 5347 λόγοις
911 5277 1185 5348 παραινῶν
1223 5271 1351 5337 τοὺς
1385 5272 1438 5330 έν
1466 5276 1610 5349 αύτῇ
1643 5273 1955 5346 Ῥωμαίους

2071 4829 2416 4900 Pompeium
2439 4829 2620 4886 mittit
2642 4827 2873 4895 ducem,
2897 4827 3136 4898 ipseque
3157 4841 3292 4882 cum
3317 4823 3608 4880 universis
3629 4838 3719 4878 eo-

2068 4917 2181 4988 piis
2210 4917 2272 4974 in
2299 4918 2540 4976 Cabiros
2585 4921 2800 4985 movet,
2833 4917 3093 4984 urbeque
3133 4913 3543 4980 circumsessa,
3571 4911 3714 4968 dum

2067 5007 2304 5064 barbari
2334 5011 2491 5064 certo
2521 5023 2584 5064 se
2613 5011 2782 5078 pacto
2813 5006 2866 5061 ei
2898 5003 3273 5075 permittunt,
3294 5005 3353 5060 et
3373 5002 3534 5072 ipsos
3565 5001 3626 5056 in
3659 5001 3718 5056 ti-

2066 5098 2198 5153 dem
2227 5096 2461 5168 accipit,
2491 5101 2549 5152 et
2577 5093 2814 5151 castello
2847 5094 3084 5166 potitur.
3110 5091 3257 5148 Hinc
3287 5089 3560 5146 Amisum
3593 5106 3719 5162 pro-

2065 5187 2269 5254 fectus,
2304 5191 2361 5243 et
2408 5186 2480 5243 ad
2513 5183 2871 5242 deditionem
2921 5199 3020 5239 eos
3067 5181 3406 5239 cohortatus
3451 5179 3551 5236 ubi
3596 5197 3715 5238 non

2065 5277 2392 5347 persuadet,
2426 5275 2643 5332 omissa
2672 5273 2794 5344 illa,
2826 5274 2898 5330 ad
2929 5270 3310 5346 Eupatoriam
3345 5267 3710 5329 obsidionem

1681 5447 1916 5504 VARI/1'3
1953 5447 2344 5504 LECTIONES

362 5585 419 5662 4⁸
467 5583 841 5664 πολύτροποι]
883 5588 1001 5664 ζεπεί
1029 5587 1391 5664 ἐτολύτροποι
1443 5589 1796 5664 δέορὶιαιῃιε.
1871 5588 1920 5625 ⁴⁷
1946 5587 2010 5644 τὸ
2035 5591 2144 5644 τῶν
2199 5586 2465 5664 ῥωμαίων
2507 5588 2588 5663 ς’.
2668 5587 2717 5623 ⁴δ
2747 5581 3179 5661 συμϐαλλόντων
3213 5586 3297 5660 ς’.
3375 5587 3421 5624 ⁴⁹
3461 5582 3704 5664 ὁδηγου-

285 5655 442 5735 μένη
473 5662 520 5716 Α
554 5675 569 5716 =
616 5655 970 5734 βδηθοιὶμένη
1013 5659 1095 5734 ς.
1173 5655 1618 5738 "ﬁrmabit:
1653 5659 1738 5735 ς.
