4154 6218
433 344 551 406 923

1646 341 1915 404 ΡΗΟΤΙῙ
1959 342 2481 406 ΡΛΤΒῙΑΗΟΗᾹΞ
2524 345 2637 406 CP.

3736 352 3861 413 921

433 481 752 537 transfert:
777 483 835 535 et
866 478 1223 548 negligenter
1250 493 1313 533 se
1342 476 1505 532 illam
1537 492 1874 550 oppugnare
1902 476 2080 532 simu-

2196 480 2570 553 προσχωρεῖν,
2601 478 2717 535 ἐπεὶ
2757 481 2860 535 οὐκ
2905 477 3103 551 ἔπειθε,
3133 478 3337 552 ταύτην
3378 479 3560 539 λιπὼν
3612 484 3694 547 εἷς
3752 485 3859 553 τήν

437 568 517 625 lat
542 586 554 625 :
582 576 643 625 ut
665 567 844 624 simili
877 566 1242 638 negligentia:
1266 566 1529 637 exemplo
1552 566 1872 637 provocatis
1902 564 2085 621 hosti-

436 659 563 726 bus,
585 657 786 713 subita
810 656 1150 721 mutatione,
1183 656 1338 727 apud
1371 657 1636 711 animum
1670 656 1922 728 cogitata
1954 671 2086 726 pro-

434 762 600 817 spere
631 746 959 801 conﬁceret.
990 746 1060 800 Et
1090 753 1328 801 eventus
1360 746 1694 816 respondit:
1730 760 1909 816 eoque
1942 748 2088 799 stra-

437 838 727 906 tegemate
760 834 901 890 urbs
931 838 1118 905 capta.
1144 834 1293 889 Dum
1316 834 1471 890 enim
1504 835 1774 890 custodes
1805 832 1952 888 nihil
1973 833 2088 889 tale

434 925 772 996 Opinantur,
808 924 910 979 sed
962 940 1166 980 secure
1212 931 1414 995 agunt,
1456 922 1553 979 ille
1596 922 1783 993 jussis
1832 923 2087 994 arripere

438 1014 628 1071 scalas
659 1013 945 1070 militibus
976 1013 1189 1069 moenia
1219 1012 1645 1070 conscendendi
1680 1012 1900 1084 copiam
1928 1012 2081 1067 facit.

436 1104 501 1159 Et
532 1103 615 1160 sic
638 1108 808 1175 capta
830 1102 1139 1174 Eupatoria
1164 1101 1451 1174 extemplo
1474 1102 1745 1157 diruitur.
1765 1101 1879 1156 Nec
1900 1100 2082 1156 multo

435 1200 565 1265 post
609 1192 839 1263 capitur
885 1191 1063 1247 etiam
1114 1190 1373 1258 Amisus,
1417 1190 1704 1247 scalarum
1753 1190 2085 1247 admotione

434 1283 609 1339 ctiam
662 1282 755 1337 hic
805 1281 1094 1353 superatis
1135 1282 1206 1336 ab
1255 1280 1417 1337 hoste
1462 1281 1774 1336 mmnibus.
1809 1280 1876 1336 Et
1914 1280 2081 1337 initio

433 1372 620 1429 caedes
672 1372 861 1429 285!)
908 1387 1025 1426 non
1077 1369 1385 1426 mediocris
1434 1369 1493 1425 in
1544 1370 1695 1425 cives
1744 1368 2075 1440 peragitur:

431 1461 536 1517 sed
568 1468 764 1533 postea
796 1458 1098 1525 Lucullus,
1122 1459 1275 1514 caede
1298 1458 1563 1523 inhibita,
1590 1462 1647 1514 et
1675 1457 1874 1514 urbem
1906 1462 1963 1513 et
1993 1474 2079 1514 re-

429 1552 662 1623 gionem
708 1548 1125 1621 superstitibus
1165 1548 1375 1617 reddit,
1409 1555 1461 1604 et
1493 1548 1709 1618 majore
1739 1547 1795 1602 in
1828 1563 1927 1602 eos
1958 1545 2080 1603 cle-

430 1646 651 1699 mentia
683 1642 883 1697 utitur.

2201 566 2535 641 Εόπατορίαν
2601 570 2825 642 μεθίστη
2872 570 2975 639 τὴν
3028 568 3378 645 πολιορκίαν.
3413 574 3539 645 [744
3601 576 3692 644 IL]
3756 573 3861 627 Καὶ

2198 653 2454 727 ῥαθύμως
2510 657 2967 733 καταγωνίζεσθαι
3040 659 3246 729 ταύτης
3311 667 3724 734 προσεποιεῖτο,
3776 662 3857 723 ὡς

2196 743 2258 798 ἃν
2290 744 2379 799 καὶ
2417 746 2544 807 τοὺς
2584 748 2625 783 δι
2659 746 2962 820 πολεμίους
3012 747 3089 809 εἰς
3122 749 3318 821 ὅμοιον
3361 750 3632 823 ῥᾳθυμίας
3676 751 3857 821 ζῆλον

2196 830 2624 907 ἐκκαλεσάμενος
2682 834 2731 907 ἐξ
2790 832 3061 913 αἰφνιδίου
3126 832 3441 909 μεταϐολῆς
3514 842 3855 913 κατορθώσῃ

2192 921 2256 977 τὸ
2299 922 2698 995 μελετώμενον.
2733 926 2800 981 ’Ὀ
2826 925 2915 978 καὶ
2949 924 3157 1000 γέγονε,
3189 925 3279 980 καὶ
3318 927 3416 994 τὴν
3450 926 3616 982 πόλιν
3668 929 3856 989 οὕτως

2195 1011 2309 1067 εἷλε
2337 1016 2416 1083 τῷ
2464 1015 2929 1088 στρατηγήματι·
2972 1011 3121 1091 ἄφνω
3180 1016 3283 1090 γὰρ
3337 1014 3611 1088 κλίμακας
3668 1018 3856 1091 ἀρπά-

2193 1122 2280 1155 σαι
2330 1101 2586 1165 κελεύσας
2633 1102 2757 1164 τοός
2806 1104 3165 1177 στρατιώτας,
3216 1109 3324 1159 τῶν
3371 1106 3632 1181 φυλάκων
3687 1103 3851 1160 οὐδὲν

2189 1194 2435 1245 τοιοῦτον
2483 1188 3007 1264 προσδεδοκηκότων
3048 1192 3175 1247 ἀλλ’
3207 1191 3259 1247 έν
3307 1193 3577 1269 ὀλιγωρίᾳ
3637 1191 3856 1250 διακει-

2195 1280 2392 1353 μένων,
2425 1279 2514 1335 διὰ
2551 1285 2659 1336 τῶν
2690 1281 2977 1354 κλιμάκων
3005 1284 3068 1337 τὸ
3096 1288 3284 1360 τεῖχος
3318 1279 3662 1358 ὑπερϐαίνειν
3713 1284 3852 1347 τοὺς

2190 1372 2525 1443 στρατιώτας
2584 1369 2861 1445 ἐπέτρεψε,
2913 1372 3001 1425 καὶ
3071 1369 3247 1433 οὕτως
3328 1372 3454 1441 ἥλω
3505 1374 3852 1448 Εὐπατορία,

2186 1462 2276 1514 καὶ
2335 1459 2527 1514 αὐτίκα
2583 1462 2936 1519 κατέσκαπτο.
2971 1462 3102 1517 Μετ’
3136 1460 3327 1537 ὀλίγον
3377 1458 3433 1518 δὲ
3484 1462 3574 1517 καὶ
3609 1464 3857 1537 Ἀμισὸς

2187 1546 2353 1619 ἑάλω,
2389 1544 2479 1603 διὰ
2506 1552 2614 1603 τῶν
2644 1547 2928 1622 κλιμάκων
2964 1549 3053 1603 καὶ
3084 1546 3256 1619 αὒτῆς
3288 1551 3498 1624 ὁμοίως
3530 1555 3641 1606 τῶν
3670 1551 3853 1608 πολε-

2190 1638 2329 1710 μίων
2381 1632 2683 1693 ἐπιϐάντων
2735 1643 2851 1699 τοῖς
2905 1638 3135 1712 τείχεσι.
3193 1640 3290 1693 Καὶ
3339 1640 3455 1695 κατ’
3507 1639 3687 1715 ἀρχὰς
3750 1642 3854 1713 μὶν

429 1730 589 1808 φόνος
643 1733 747 1785 τῶν
789 1726 1035 1784 πολιτῶν
1088 1728 1186 1782 οὐκ
1244 1727 1433 1803 ὀλίγος
1482 1729 1729 1804 γέγονεν,
1762 1747 1981 1801 υστερον
2044 1724 2101 1781 δὲ
2154 1727 2244 1781 τὸν
2300 1724 2527 1799 ὄλεθρον
2578 1724 2892 1789 Λεύκολλος
2942 1726 3161 1802 ἐπέσχε,
3195 1720 3285 1782 καὶ
3324 1731 3424 1798 τὴν
3452 1727 3619 1785 πόλιν
3651 1729 3854 1795 αὐτοῖς

425 1821 514 1876 καὶ
547 1820 645 1889 τήν
688 1820 875 1897 χώραν
897 1823 1014 1879 τοῖς
1056 1816 1395 1873 διασωθεῖσιν
1424 1820 1469 1855 ⁸³
1502 1818 1917 1888 ἀπεκατέστησε,
1947 1817 2035 1873 καὶ
2069 1816 2399 1891 οἲκειότερον
2438 1815 2664 1893 ἐχρῆτο.

1006 1926 1139 1982 CAP.
1172 1927 1420 1983 XLVIII.
1453 1958 1523 1967 —
1552 1926 1893 1983 Mithridates
1920 1925 1991 1980 ad
2018 1927 2301 1997 Tigranem
2328 1927 2580 1997 profugit
2608 1935 2659 1983 et
2687 1930 2898 1998 frustra
2928 1930 3261 1999 exposcilur.

498 2027 571 2081 At
625 2024 990 2080 Mithridates
1030 2024 1101 2079 ad
1143 2040 1421 2097 generum
1474 2024 1724 2091 delatus,
1756 2024 2075 2096 expetitum

2255 2020 2597 2096 Μιθριδάτης
2650 2021 2706 2079 δὲ
2771 2026 2907 2100 πρὸς
2969 2025 3064 2080 τὸν
3122 2020 3373 2101 γαμϐρὸν
3424 2028 3844 2101 παραγεγονὼς,

429 2115 667 2188 quidem
698 2115 1053 2186 colloquium
1088 2131 1201 2170 non
1234 2116 1528 2187 impetrat,
1563 2116 1662 2171 sed
1696 2116 1955 2187 corporis
1987 2117 2075 2172 sui

430 2202 755 2258 custodiam
779 2203 849 2258 ab
871 2218 935 2259 eo
955 2202 1187 2274 accipit,
1203 2206 1258 2257 et
1281 2202 1410 2258 aliis
1434 2202 1849 2275 hospitalitatis
1867 2204 2075 2261 officiis

431 2291 705 2348 afﬁcitur.
723 2291 879 2347 Misit
899 2292 1071 2346 etiam
1092 2291 1372 2347 Lucullus
1395 2293 1464 2347 ad
1490 2293 1796 2364 Tigranem
1818 2292 2071 2363 legatum

430 2380 683 2453 Appium
730 2381 1016 2447 Clodium,
1050 2381 1149 2452 qui
1195 2380 1582 2437 Mithridatem
1630 2390 1982 2453 exposceret.
2018 2383 2075 2439 Is

426 2486 560 2527 vero
594 2487 707 2526 non
740 2471 937 2536 tradit,
961 2473 1365 2526 universorum
1388 2488 1445 2527 se
1466 2470 1933 2528 criminationem
1967 2471 2070 2527 bo-

427 2560 650 2615 minum
701 2559 947 2615 revereri
992 2560 1374 2627 conﬁrmans,
1426 2560 1476 2615 si
1527 2560 1723 2615 uxoris
1772 2565 2071 2631 parentem

425 2648 579 2703 hosti
628 2650 849 2720 prodat.
889 2648 1041 2703 Scire
1072 2665 1133 2704 se
1166 2649 1400 2720 quidem
1438 2648 1769 2719 improbum
1803 2663 1931 2704 esse
1966 2649 2071 2704 Mi-

425 2736 767 2802 thridatem,
800 2737 904 2793 sed
953 2741 1151 2793 tamen
1200 2736 1497 2792 affinitatis
1536 2752 1599 2793 se
1638 2736 1851 2793 habere
1898 2739 2074 2793 ratio-

432 2842 587 2883 nem.
620 2826 939 2897 Epistolam
988 2828 1165 2881 etiam
1216 2827 1285 2880 ad
1320 2825 1625 2881 Lucullum
1658 2826 1715 2881 in
1749 2825 1868 2881 haec
1898 2827 2074 2882 verba

434 2915 703 2971 rescribit
730 2932 741 2968 :
775 2931 900 2986 quae
928 2915 999 2970 ad
1030 2915 1177 2971 iram
1209 2915 1402 2987 ipsum
1437 2915 1785 2987 provocavit,
1819 2931 1885 2971 eo
1916 2916 2071 2986 quod

429 3022 525 3060 rex
560 3005 616 3060 in
652 3004 1030 3077 inscriptione
1078 3004 1445 3077 imperatoris
1492 3021 1704 3061 nomen
1755 3005 2070 3073 omisisset,

431 3094 739 3149 Lucullum
790 3109 1020 3165 quoque
1053 3093 1202 3164 regis
1236 3110 1434 3166 rogum
1464 3092 1911 3167 appellationem
1960 3095 2070 3151 sibi

430 3199 544 3237 non
593 3182 930 3237 attribuisse
980 3181 1303 3238 cavillatus.
1351 3182 1453 3238 Hic
1501 3198 1572 3238 xv
1613 3182 1879 3239 HISlOI‘ItB
1927 3182 2075 3240 liber

428 3270 563 3325 exit.

2184 2112 2272 2166 καὶ
2324 2113 2600 2174 συνουσίας
2633 2119 2822 2191 τυχεῖν
2852 2114 3036 2184 ἀξιῶν,
3066 2112 3271 2185 ταύτης
3307 2116 3401 2189 μὲν
3448 2115 3510 2169 οὗ
3552 2116 3847 2195 τυγχάνει,

2184 2202 2422 2283 φρουρὰν
2482 2198 2537 2255 δὲ
2593 2206 2690 2256 τοῦ
2750 2202 3004 2275 σώματος
3044 2204 3170 2277 παρ’
3199 2201 3366 2257 αὐτοῦ
3418 2198 3693 2276 λαμϐάνεί
3744 2205 3846 2259 καῖ

2182 2299 2281 2361 τῆς
2330 2290 2506 2361 ἄλλης
2557 2288 2853 2361 δεξιώσεως
2899 2296 3171 2367 μετεῖχεν.
3198 2294 3448 2365 Ἔπεμψέ
3494 2294 3618 2361 [386
3654 2295 3749 2366 Η.]
3784 2290 3848 2348 δὲ

2182 2380 2272 2436 καὶ
2345 2378 2661 2442 Λεύκολλος
2712 2380 2849 2454 πρὸς
2899 2381 3173 2457 Τιγράνην
3230 2375 3566 2454 πρεσϐευτὴν
3631 2383 3843 2439 Ἀπιον

2183 2466 2460 2539 Κλώδιον,
2532 2465 2873 2542 Μιθριδάτην
2934 2467 3178 2538 ἐξαιτῶν.
3236 2468 3292 2523 Ὀ
3360 2466 3417 2523 δὲ
3483 2469 3582 2524 οὐκ
3641 2464 3844 2540 ἔδωκε,

2183 2560 2359 2636 φήσας
2406 2559 2504 2625 τὴν
2558 2558 2659 2612 ὑπὸ
2714 2558 2928 2611 πάντων
2971 2558 3297 2630 ἀνθρώπων,
3332 2556 3378 2613 εί
3436 2564 3536 2627 τῆς
3587 2567 3844 2635 γαμετῆς

2181 2647 2383 2722 πατέρα
2410 2644 2642 2721 προδοίη
2666 2647 2735 2713 ⁵³,
2768 2642 3169 2701 διευλαϐεῖσθαι
3206 2648 3433 2724 μομφήν
3471 2667 3483 2677 ·
3530 2647 3680 2703 ἀλλά
3734 2670 3844 2720 μο-

2181 2738 2392 2812 χθηρὸς
2427 2736 2519 2809 μὲν
2554 2736 2627 2796 ὡς
2656 2734 2737 2805 εἴη
2775 2732 3111 2809 Μιθριδάτης
3139 2736 3229 2790 καὶ
3256 2737 3421 2791 αὐτὸν
3453 2733 3673 2807 εἰδέναι,
3710 2734 3844 2791 δυσ-

2183 2828 2443 2880 ωπεῖσθαι
2488 2822 2677 2893 δὲτὴν
2733 2822 3066 2894 έπικηδείαν.
3100 2826 3300 2904 Γράφει
3366 2822 3424 2880 δὲ
3478 2825 3567 2879 καὶ
3622 2825 3846 2881 ἐπιστο-

2185 2914 2284 2983 λήν
2336 2914 2471 2989 πρὸς
2519 2911 2835 2969 Λεύκολλον
2880 2915 3006 2977 τοὺς
3060 2913 3381 2988 εἰρημένους
3429 2914 3632 2987 λόγους
3661 2910 3842 2990 ἔχου-

2181 3025 2293 3073 σαν,
2336 3004 2455 3072 ἥτις
2493 3003 2774 3079 παρώξυνε
2803 3003 2892 3057 τὸν
2944 3000 3232 3077 δεξάμενον
3268 3021 3281 3035 °
3316 3004 3377 3057 οὐ
3440 3004 3546 3079 γὰρ
3600 3000 3843 3078 ἐνέγρα-

2182 3097 2276 3167 ψεν
2332 3091 2489 3147 αὐτὸν
2559 3090 2949 3166 αὐτοκράτορα,
3000 3090 3247 3169 ἐγκαλῶν
3305 3090 3386 3146 ὅτι
3458 3090 3601 3164 μηδὲ
3666 3092 3844 3155 αὐτὸς

2184 3184 2385 3239 ἐκεῖνον
2422 3184 2560 3239 κατὰ
2600 3184 2693 3243 τὰς
2734 3180 3024 3245 ἐπιστολάς
3062 3182 3290 3258 βασιλέα
3323 3182 3595 3258 βασιλέων
3658 3204 3841 3257 προσ-

2184 3275 2498 3348 ηγόρευσεν.
2529 3274 2793 3329 Ἐνταῦθα
2854 3274 2947 3346 μὲν
2997 3274 3083 3328 καὶ
3144 3274 3180 3343 ἡ
3231 3269 3688 3344 πεντεκαιδεκάτη
3744 3294 3846 3327 κα-

2101 3349 2148 3413 C
2177 3362 2409 3439 ταλήγει
2440 3362 2673 3437 ἱστορία.

1500 3470 1633 3526 CAP.
1666 3471 1858 3527 XLIX.
1894 3502 1961 3513 ——-
1994 3473 2145 3529 Cotta
2175 3476 2489 3530 Heracleam
2520 3475 2753 3532 obsidet.

501 3576 763 3647 Sequens
796 3579 991 3631 autem
1026 3575 1267 3632 historia
1292 3578 1407 3633 tunc
1431 3583 1873 3637 commemorat.
1902 3580 2077 3637 Motis

432 3666 825 3721 Romanorum
886 3666 1114 3732 castris,
1174 3668 1458 3724 adversus
1527 3668 1862 3726 Heracleam
1919 3671 2081 3726 Cotta

432 3756 753 3813 contendit.
789 3757 982 3812 Primo
1030 3762 1222 3813 tamen
1259 3758 1316 3813 in
1349 3760 1686 3816 Prusiadem
1736 3761 1916 3817 ducit.
1952 3762 2081 3818 Haec

431 3847 502 3903 ab
535 3864 706 3903 amne
736 3848 1160 3920 prmterﬂuente
1183 3848 1330 3903 Cieri
1365 3848 1815 3921 appellationem
1847 3850 2080 3920 tulerat,

432 3938 535 3994 sed
582 3939 917 4010 ademptam
964 3939 1436 3995 Heracliensibus
1472 3958 1567 3995 rex
1606 3940 1886 4014 Bithyniae
1917 3944 1986 3997 de
2020 3960 2082 3999 se

432 4027 848 4085 denominavit.
875 4031 1015 4084 Inde
1050 4030 1119 4083 ad
1156 4046 1313 4084 mare
1345 4030 1648 4085 Ponticum
1683 4032 2003 4099 descendit,
2028 4037 2084 4088 et

436 4116 793 4172 maritimam
815 4121 1262 4190 praetergressus
1281 4135 1463 4187 oram,
1481 4119 1769 4176 manibus
1792 4121 1849 4176 in
1874 4122 2083 4178 vertice

435 4205 644 4276 positis
703 4210 893 4261 castra
953 4207 1282 4278 applicavit.
1349 4208 1480 4263 Loci
1549 4213 1741 4263 autem
1820 4209 2083 4267 ﬁrmitati

436 4294 832 4350 lleraclienses
862 4294 1139 4363 fidebant,
1160 4300 1215 4350 et
1237 4296 1412 4351 Cottas
1436 4298 1932 4369 oppugnationem
1967 4300 2079 4354 for-

435 4386 572 4439 titer
603 4384 849 4454 urgenti,
881 4401 1012 4439 cum
1048 4386 1319 4455 praesidio
1342 4387 1770 4457 repugnabant,
1802 4393 1858 4443 et
1888 4387 2084 4458 plures

435 4490 465 4529 e
482 4472 853 4528 multitudine
868 4473 1126 4529 Romana
1141 4475 1446 4530 cadebant.
1464 4475 1675 4531 Crebra
1695 4480 1885 4532 tamen
1911 4478 2083 4533 etiam

2259 3582 2489 3656 Ἰστορία
2538 3578 2595 3635 δὲ
2642 3582 2676 3650 ἡ
2730 3579 2917 3657 ἐφεξῆς
2966 3578 3095 3636 τάδε
3141 3580 3433 3657 ἀφηγεῖται
3470 3598 3483 3610 ⁸
3516 3576 3853 3637 Ἀναλαϐὼν

2193 3672 2365 3731 Κόττα
2415 3671 2481 3725 τὰ
2528 3671 2812 3742 Ῥωμαϊκά
2887 3672 3267 3743 στρατεύματα
3321 3669 3457 3726 κατᾶ
3514 3677 3616 3740 τῆς
3676 3672 3856 3746 Ἥρα-

2190 3758 2374 3821 κλείας
2426 3758 2663 3835 ἐχώρειο
2705 3758 2881 3813 ’Λλλᾶ
2936 3762 3155 3831 πρῶτος
3217 3760 3311 3832 μὶν
3352 3756 3437 3813 ἐπὶ
3502 3758 3855 3833 Προυσιάδος

2189 3850 2317 3924 ἦγεν
2477 3846 2533 3903 δὲ
2585 3848 2852 3921 ΙΙρουσιάς
2899 3850 3025 3922 πρὶν
3082 3848 3175 3921 μὲν
3236 3848 3343 3903 ἀπὸ
3398 3852 3495 3903 τοῦ
3538 3848 3856 3925 παραρρέον

2188 3959 2282 3999 τος
2314 3939 2483 4006 αὐτὴν
2518 3940 2562 3974 ⁸⁵
2594 3940 2844 4009 ποταμοῦ
2879 3935 3063 4010 Κίερος
3096 3935 3347 3993 ἐκαλεῖτο
3382 3956 3395 3968 ⁸
3432 3938 3459 3991 ὁ
3508 3935 3565 3992 δὲ
3616 3944 3720 4007 τῆς
3753 3945 3853 3994 Βι-

2194 4028 2372 4090 θυνίας
2424 4026 2676 4101 βασιλεὺς
2725 4030 2831 4080 τῶν
2864 4024 3254 4101 Ἡρακλεωτῶν
3309 4026 3509 4096 ταύτην
3571 4026 3853 4102 ἀφελόμε-

2191 4137 2277 4178 νος
2322 4116 2369 4185 ἐξ
2412 4117 2601 4171 ἑαυτοῦ
2646 4116 3075 4187 μετωνόμασεν),
3133 4113 3370 4171 ἐντεῦθεν
3424 4113 3479 4170 δὲ
3510 4118 3555 4152 ⁸³
3608 4116 3699 4171 ἐπὶ
3744 4118 3853 4185 τήν

2195 4207 2460 4273 Ποντικὴν
2520 4203 2761 4273 κατῆλθε
2816 4203 3107 4268 θάλασσαν,
3142 4205 3230 4259 καῖ
3280 4204 3565 4280 παρελθὼν
3604 4206 3705 4275 τὴν
3736 4227 3847 4260 πα-

2196 4294 2384 4368 ραλίαν
2415 4298 2530 4354 τοῖς
2560 4293 2696 4347 κατὰ
2724 4294 2969 4368 κορυφὴν
3014 4294 3222 4367 τείχεσι
3272 4293 3335 4347 τὸ
3378 4293 3687 4366 στράτευμα
3740 4315 3851 4348 πε-

2196 4384 2495 4459 ριέστησεν.
2532 4381 2822 4459 Ἐθάρῥουν
2856 4383 2963 4455 μὲν
3023 4386 3091 4456 τῇ
3147 4386 3245 4437 τοῦ
3290 4384 3507 4458 χωρίου
3576 4384 3628 4437 οἱ
3679 4368 3853 4457 Ἠραέ

2196 4472 2433 4527 κλεῶται
2465 4471 2762 4546 ὀχυρότητι
2812 4472 2901 4525 καὶ
2942 4476 3219 4548 καρτερῶς
3275 4483 3370 4527 τοῦ
3402 4473 3585 4528 Κόττα
3610 4470 3850 4545 πολιορ-

441 4558 897 4617 lleracliensium
928 4563 1167 4618 vulnera
1200 4567 1365 4618 erant
1394 4581 1426 4617 a
1448 4564 1599 4619 telis.
1626 4566 1985 4636 Quapropter
2014 4567 2080 4621 ah

2197 4567 2419 4623 κοῦντος
2468 4561 2559 4615 σὺν
2619 4566 2735 4623 τοῖς
2792 4566 3050 4636 φρουροῖς
3080 4561 3493 4637 ἀντεμάχοντο·
3536 4561 3629 4615 καὶ
3689 4562 3854 4640 φόνος

2208 4654 2233 4667 ν
2412 4656 2439 4666 -
2518 4654 2572 4667 η.
2707 4661 2731 4667 ..
2798 4655 2825 4665 ..
2950 4650 2969 4667 κ
3010 4653 3054 4667 η.
3110 4662 3113 4665 .
3266 4651 3320 4667 κ.
3574 4652 3588 4667 ,
3796 4650 3841 4667 κ.

437 4648 867 4721 oppugnatione
914 4652 1170 4723 receptui
1215 4653 1377 4709 Cotta
1426 4653 1547 4709 suis
1604 4654 1780 4720 canit,
1816 4659 1873 4711 et
1904 4672 2089 4711 remo-

436 4740 555 4795 tius
603 4738 896 4811 aliquanto
926 4749 1111 4796 castra
1144 4746 1421 4812 metatus,
1456 4747 1616 4800 totus
1650 4744 1708 4799 in
1743 4744 1852 4800 hoc
1883 4753 1967 4801 est
1999 4745 2089 4800 in-

435 4835 654 4897 tentus,
679 4834 742 4885 ut
763 4829 981 4885 exitum
1007 4832 1076 4885 ad
1106 4847 1198 4887 res
1220 4834 1577 4889 necessarias
1607 4834 1957 4890 intercludat
1987 4836 2091 4890 ob-

436 4920 635 4977 sessis.
670 4922 927 4975 Annonas
958 4919 1131 4991 igitur
1160 4921 1440 4977 charitate
1470 4923 1690 4987 oborta,
1723 4922 1985 4978 dimissis
2018 4924 2088 4977 ad

434 5010 690 5066 colonias
720 5009 953 5080 legatis,
979 5009 1257 5066 alimenta
1280 5011 1393 5067 sibi
1422 5010 1737 5067 venundati
1770 5015 1995 5083 petunt.
2022 5012 2091 5067 Et

432 5098 682 5171 benigne
711 5098 1001 5171 accipitur
1036 5100 1275 5172 legatio.

432 5200 664 5271 τηδείων
706 5197 967 5278 πρεσϐεία
996 5204 1132 5280 πρὸς
1164 5206 1289 5268 τοὺς
1322 5204 1587 5268 ἀποίκους
1621 5204 1970 5279 ἐξεπέμπετο,
2008 5210 2214 5285 τροφῆς
2264 5203 2334 5261 δι’
2364 5203 2508 5277 ὠνῆς
2547 5203 2769 5261 αΐτοῦσα
2798 5204 3072 5282 χορηγίαν
3108 5225 3122 5239 ·

435 5292 752 5364 ἠσμένιζον.

2201 4654 2267 4722 ἦν
2346 4656 2442 4707 τοῦ
2518 4654 2829 4725 Ῥωμαϊκοῦ
2905 4650 3154 4721 πλήθους
3221 4651 3409 4722 πλέον,
3457 4652 3743 4727 τραύματα
3793 4650 3854 4707 δί

2198 4742 2384 4797 πολλᾶ
2412 4747 2519 4796 τῶν
2549 4738 2945 4816 Ἡρακλεωτῶν
2995 4738 3055 4794 ἐκ
3108 4746 3218 4796 τῶν
3268 4740 3465 4816 βελῶν.
3500 4740 3708 4803 Κόττας
3753 4742 3850 4795 οὖν

2198 4831 2539 4887 ἀνακαλεῖται
2613 4836 2715 4899 τῆς
2796 4831 3167 4908 τειχομαχίας
3240 4831 3302 4885 τὸ
3359 4831 3689 4905 στράτευμα,
3759 4829 3853 4885 καί

2203 4923 2395 4996 μικρὸν
2453 4917 2893 4994 στρατοπεδεύων
2942 4917 3135 4975 ἄποθεν
3183 4920 3313 4975 δλον
3361 4918 3548 4995 ἔτρεπε
3576 4920 3671 4975 τὸν
3730 4940 3855 4976 σκοο

2198 5011 2300 5065 πὸν
2346 5009 2421 5073 εἷς
2468 5014 2529 5065 τὸ
2572 5010 2667 5073 τὰς
2717 5009 2802 5064 ἐπὶ
2844 5011 2960 5072 ταῖς
2993 5009 3201 5085 χρείαις
3234 5008 3450 5080 ἐξόδους
3480 5010 3683 5084 εἷ’ργειν
3743 5016 3854 5066 τῶν

2200 5094 3105 5175 πολιορκουμένων.Σπανιζόντων
3149 5096 3207 5155 δὶ
3257 5103 3326 5173 τῇ
3358 5098 3519 5154 πόλει
3577 5104 3687 5155 τῶν
3731 5100 3851 5154 ἑπι-

3179 5207 3230 5260 οἱ
3287 5208 3331 5243 ⁵⁸
3383 5202 3440 5261 δὶ
3466 5210 3535 5280 τῇ
3590 5201 3853 5282 πρεσϐεία

1803 5451 1889 5506 νΑ
1902 5451 2039 5507 RI/E
2088 5450 2499 5507 LECTIONES.

506 5598 547 5632 ⁵¹
580 5594 1023 5674 τοὺς-ᾳόᾴηΑη
1064 5600 1129 5674 5:
1164 5597 1422 5655 διαθεῖσιν
1468 5600 1872 5669 ἀποκατέστησε
2068 5600 2117 5635 ⁵⁸
2152 5595 2384 5673 προδοίη
2418 5602 2461 5656 Α
2496 5618 2507 5655 :
2543 5596 2664 5670 δοίη
2868 5600 2915 5634 ⁵⁵
2964 5596 3127 5674 παρῥ.
3166 5600 3266 5668 τὴν
3331 5597 3496 5666 αὐτην
3707 5598 3751 5632 ⁸⁸
3800 5594 3855 5649 δὲ

434 5686 546 5726 om.
573 5673 641 5726 A.

720 5668 1149 5743 διοιΑεής.

3804 5592 3847 5612 Άκ
