4116 6224
350 360 471 421 925

1436 364 1970 426 BIBLIOTHECA.
2017 396 2094 409 —
2139 366 2310 426 COD.
2359 367 2673 431 CCXXIV.

3635 373 3756 434 926

1153 502 1288 558 CAP.
1323 501 1385 557 L.
1418 533 1486 543 —
1516 500 1762 558 Triarius
1789 501 2062 574 reliquam
2091 499 2433 559 Mithridatis
2461 504 2690 560 classem
2727 503 2956 573 subigit.

418 607 534 677 Πρὸ
578 608 814 683 βραχέος
851 608 896 644 ⁵⁷
945 605 1002 664 δὲ
1049 609 1326 684 Ὀριάριος
1369 610 1461 666 τὸν
1512 610 1816 684 Ῥωμαϊκὸν
1868 609 1990 666 στό-

2174 612 2247 666 At
2275 611 2434 668 brevi
2491 617 2630 670 ante
2658 612 2936 682 Triarius,
2984 614 3246 672 Romana
3285 616 3473 675 classe
3529 618 3753 676 instru-

347 694 445 753 λον
477 695 623 774 ἔχων
663 696 918 772 ὥρμησεν
969 698 1075 752 ἀπὸ
1103 696 1481 772 Νικομηδείας
1532 698 1621 754 ἐπὶ
1667 699 1761 761 τὰς
1811 705 1998 754 Ποντι-

344 787 443 848 κάς
493 789 761 862 τριήρεις,
812 786 872 848 ἃς
921 792 1176 863 προεῖπεν
1225 789 1253 842 6
1297 787 1468 862 λόγος
1515 787 1638 864 περί
1675 809 1733 843 τε
1782 790 1998 863 Κρήτην

346 876 436 931 καὶ
491 871 730 950 Ἰϐηρίσν
777 873 1221 946 ἐξαποςταλῆναι,
1273 878 1474 934 Μαθὼν
1527 874 1715 939 δὲτὰς
1771 875 2000 932 ὑπολοι-

345 986 491 1030 πους
546 964 602 1027 ἐς
659 964 752 1020 τὸν
810 964 1012 1020 Πόντον
1067 964 1542 1042 ἀνακεχωρηκέναι
1605 965 1835 1041 (πολλαὶ
1896 967 1998 1042 γὰρ

344 1055 527 1110 αὐτῶν
561 1053 651 1108 καὶ
691 1056 931 1130 χειμῶνι
984 1053 1071 1109 καὶ
1111 1060 1231 1119 ταῖς
1278 1057 1414 1110 κατὰ
1456 1057 1618 1130 μέρος
1666 1056 1996 1131 ναυμαχίαις

347 1144 425 1205 εἰς
487 1140 781 1222 διαφθορὰν
838 1140 1049 1214 ἔδυσαν)
1106 1139 1510 1218 καταλαμϐάνει
1553 1165 1612 1200 τε
1656 1147 1875 1214 ταύτας,
1909 1145 1995 1200 καὶ

344 1235 446 1302 τῆν
485 1233 675 1307 μάχην
723 1232 848 1308 περί
877 1234 976 1302 τὴν
1018 1231 1237 1290 Τένεδον
1278 1240 1582 1310 συγκροτεῖ,
1615 1236 1656 1289 o'
1709 1236 1804 1308 μὲν
1849 1229 1996 1310 ἔχων

346 1323 591 1398 τριήρεις
649 1321 832 1392 αὐτὸς,
891 1325 998 1376 τῶν
1056 1320 1114 1380 δὲ
1173 1329 1453 1380 Ποντικῶν
1510 1323 1756 1399 ἀγόντων
1816 1323 1993 1400 βραχὺ

347 1411 570 1472 δεούσας
617 1414 726 1466 τῶν
775 1412 846 1466 π’.
895 1414 1024 1482 [745
1070 1414 1158 1486 [1.]
1199 1412 1347 1469 Ἐπεὶ
1391 1411 1449 1468 δὲ
1487 1413 1712 1481 συνέστη
1756 1415 1785 1468 6
1823 1411 1994 1468 πόλε-

345 1521 471 1574 μος,
500 1501 620 1556 κατ’
649 1500 824 1575 ἀρχὰς
878 1501 972 1573 μὲν
1000 1501 1248 1578 ἀντεῖχον
1281 1503 1332 1557 οἱ
1372 1507 1468 1557 τοῦ
1514 1501 1807 1578 βασιλέως,
1843 1505 1996 1558 ὕστε-

339 1609 433 1666 ρον
487 1586 546 1644 δὲ
604 1595 815 1663 τροπῆς
865 1588 1040 1644 αὐτῶν
1099 1589 1356 1665 λαμπρᾶς
1413 1593 1709 1668 γενομένης
1753 1593 1816 1648 τὸ
1865 1594 2000 1649 Ῥωο

341 1677 521 1751 μαίων
593 1678 689 1732 ἀνά
745 1679 943 1752 κράτος
1003 1677 1220 1750 ἐνίκησε
1278 1679 1608 1754 στράτευμα,
1668 1682 1758 1736 καὶ
1817 1683 1995 1744 οὕτως

338 1767 479 1828 ἄπας
531 1768 559 1822 6
621 1764 1007 1841 Μιτριδάτειος
1065 1766 1284 1841 στόλος,
1337 1769 1463 1834 ὅσος
1517 1769 1604 1825 ἐπὶ
1659 1771 1761 1840 τήν
1813 1773 1999 1828 Ἀσίαν

342 1856 493 1929 αὐτῷ
532 1855 962 1928 συνεξέπλευσεν,
995 1855 1161 1914 ὲαλω.

2109 704 2262 770 ctus,
2297 718 2328 756 a
2357 702 2707 759 Nicomedes
2728 703 3011 776 impetum
3036 704 3249 760 fecerat
3269 705 3328 760 in
3355 707 3623 764 Ponticas
3656 711 3755 764 tri-

2109 805 2322 860 remes,
2354 807 2498 862 quas
2558 809 2737 864 supra
2768 793 2985 848 dictum
3036 797 3126 849 est
3173 809 3374 850 versus
3433 795 3662 851 Cretam
3695 803 3752 853 et

2104 878 2447 950 Hispaniam
2509 882 2778 937 emissas.
2811 883 2884 937 At
2915 899 3046 937 cum
3100 883 3360 954 reliquas
3409 883 3469 940 in
3501 883 3752 942 Pontum

2107 970 2260 1022 retro
2293 969 2454 1024 abire
2501 969 2832 1025 rescivisset
2861 969 3079 1039 (multae
3127 971 3279 1025 enim
3311 973 3384 1026 de
3414 971 3508 1028 his
3539 977 3597 1028 et
3627 991 3753 1044 pro-

2107 1054 2250 1110 cella
2280 1060 2336 1111 et
2365 1057 2602 1128 pugnis,
2634 1074 2740 1113 suo
2771 1074 3013 1129 quasque
3045 1059 3168 1114 loco
3195 1059 3500 1116 navalibus
3522 1061 3754 1117 interie-

2107 1147 2282 1213 rant),
2319 1145 2510 1202 236a
2551 1152 2856 1202 assecutus
2905 1147 3036 1203 illas
3084 1149 3156 1203 ad
3187 1150 3506 1216 Tenedum,
3540 1167 3750 1206 manus

2107 1236 2405 1305 conserit;
2461 1237 2530 1290 70
2561 1237 2672 1308 ipsi
2723 1238 2988 1294 triremes
3043 1247 3221 1306 erant,
3267 1239 3490 1296 Pontici
3548 1249 3742 1297 autem

2107 1326 2412 1396 pauciores
2451 1325 2746 1398 aliquanto
2766 1327 2835 1381 80
2865 1328 3132 1399 agebant.
3165 1328 3478 1400 Postquam
3512 1330 3744 1387 infestis
3783 1391 3786 1394 ,

2107 1422 2517 1470 concursatum
2544 1418 2632 1470 est
2681 1415 2887 1486 proris)
2920 1415 3059 1485 regii
3097 1417 3165 1471 ad
3199 1421 3434 1489 tempus
3467 1417 3584 1474 vim
3641 1419 3745 1476 bo-

2107 1501 2286 1558 stium
2319 1502 2485 1558 initio
2507 1503 2798 1559 sustinent
2832 1520 2845 1558 :
2879 1508 3082 1575 postea
3113 1505 3394 1561 universis
3438 1507 3502 1564 in
3551 1507 3744 1579 fugam

2104 1591 2328 1661 effusis,
2344 1591 2576 1664 plenam
2596 1592 2893 1649 Romanus
2905 1593 3206 1650 victoriam
3229 1599 3286 1650 et
3302 1594 3589 1652 celebrem
3611 1614 3752 1654 con-

2106 1682 2388 1752 sequitur.
2421 1682 2606 1752 Atque
2636 1682 2720 1737 ita
2749 1681 2956 1738 classis
2979 1683 3332 1740 Mithridatis
3363 1689 3504 1756 tota,
3530 1690 3750 1758 quanta

2105 1769 2165 1824 in
2197 1770 2400 1826 Asiam
2421 1786 2558 1827 cum
2582 1770 2711 1842 ipsa
2731 1771 2998 1842 exiverat,
3021 1772 3262 1828 subacta
3283 1779 3390 1830 est.

1053 1968 1180 2022 CAP.
1219 1969 1306 2023 LI.
1343 1999 1412 2009 —
1443 1969 1602 2026 Cotta
1632 1969 1702 2025 ad
1730 1971 2085 2028 obsidendam
2119 1971 2446 2029 Heracleam
2487 1971 2763 2027 Triarium
2792 1972 3036 2029 asciscit.

417 2057 624 2117 Κόττας
681 2052 740 2110 δὲ
804 2057 949 2129 παρά
1003 2057 1102 2127 τὴν
1172 2058 1494 2131 Ἡράκλειαν
1555 2058 1990 2134 στρατοπεδεύων

2177 2063 2341 2119 Cotta
2361 2079 2497 2118 vero
2529 2064 2596 2118 ad
2629 2063 2957 2119 Heracleam
2991 2066 3182 2120 castra
3213 2063 3457 2135 habens,
3486 2067 3748 2123 nondum

343 2144 460 2217 ὅλῳ
498 2145 594 2217 μὲν
626 2143 688 2199 ού
718 2139 1024 2220 προσέϐαλε
1052 2150 1120 2220 τῇ
1153 2145 1452 2222 πολιορκίᾳ
1477 2145 1612 2210 τέως
1641 2153 1721 2221 τῷ
1753 2153 1989 2224 στρατῷ,

341 2235 478 2289 κατὰ
555 2233 718 2307 μέρος
793 2231 849 2289 δὲ
912 2242 1209 2311 προσῆγεν,
1281 2235 1451 2300 ένίους
1515 2239 1612 2311 μὲν
1689 2242 1799 2293 τῶν
1859 2242 1989 2294 Ῥωο

345 2323 542 2397 μαίων,
603 2321 852 2388 πολλοὺς
917 2321 975 2379 δὲ
1025 2321 1482 2400 προϐαλλόμενος
1557 2332 1666 2382 τῶν
1730 2329 1987 2386 Βιθυνῶν.

343 2411 578 2468 Πολλῶν
633 2410 690 2467 δὲ
735 2414 825 2468 καὶ
875 2413 1327 2488 τιτρωσκομένων
1375 2417 1463 2470 καὶ
1512 2415 1911 2491 ἀναιρουμένων
1943 2418 1992 2452 ⁵⁸

342 2502 602 2576 μηχανὰς
634 2501 862 2571 ἐπενόει,
914 2504 986 2557 ὦν
1021 2501 1195 2559 ἐδόκει
1245 2509 1360 2567 τοῖς
1410 2504 1904 2582 πολιορκουμένοις
1951 2508 1985 2576 ἡ

341 2591 568 2668 χελώνη
610 2587 979 2671 φοϐερωτέρα.
1013 2595 1237 2669 Ἐπάγει
1285 2599 1412 2670 γοῦν
1449 2596 1648 2666 ταύτην
1700 2595 1837 2665 ὅλην
1885 2597 1985 2666 τήν

340 2679 570 2752 δύναμιν
634 2683 960 2755 ωγκινῆσας
1015 2682 1211 2757 πύργῳ
1256 2685 1382 2754 [387
1424 2685 1515 2756 IL]
1573 2684 1676 2737 τινὶ
1727 2682 1985 2744 ὑπόπτως

335 2767 522 2844 ἔχοντι
573 2771 708 2846 πρὸς
757 2771 819 2826 τὸ
876 2772 1063 2826 παθεῖν
1105 2788 1118 2801 ⁸
1173 2772 1247 2835 ὡς
1295 2769 1351 2826 δὲ
1399 2771 1536 2841 ἅπαξ
1597 2772 1686 2826 καὶ
1737 2770 1985 2846 δεύτερον

333 2857 577 2936 πληγεὶς
609 2859 670 2914 οὐ
725 2859 886 2933 μόνον
925 2860 1072 2934 παρά
1111 2856 1266 2931 δόξαν
1317 2857 1669 2936 διεκαρτέρει,
1703 2859 1849 2916 ἀλλά
1897 2860 1986 2915 καὶ

336 2950 365 3005 6
394 2950 552 3023 κριὸς
593 2955 697 3018 τῆς
729 2947 904 3019 ἄλλης
953 2945 1201 3022 ἐμϐολῆς
1242 2950 1693 3025 προαπεκλάσθη,
1727 2949 1985 3023 εὐθυμίαν

344 3038 440 3112 μὶν
486 3043 604 3100 τοῖς
653 3037 1078 3113 Ἡρακλεώταις,
1127 3039 1367 3116 ἀγωνίαν
1416 3038 1471 3096 δὲ
1517 3043 1757 3116 παρέσχε
1813 3037 1988 3112 Κόττα

342 3125 802 3203 διαταράττουσαν
851 3127 1035 3201 αὐτὸν,
1084 3129 1158 3192 ὡς
1209 3128 1309 3184 οὐκ
1355 3127 1414 3183 ἂν
1455 3131 1490 3198 ἡ
1539 3129 1702 3192 πόλις
1743 3129 1984 3204 αἱρεθείη

342 3217 496 3273 ποτέ.
565 3221 642 3292 Τῇ
714 3217 966 3292 ὑστεραίᾳ
1041 3216 1088 3273 δ’
1155 3216 1245 3274 οὖν
1323 3219 1487 3274 πάλιν
1552 3219 1830 3296 ἐπαγαγὼν
1888 3221 1987 3290 τήν

347 3309 607 3382 μηχανὴν
635 3307 725 3362 καὶ
779 3304 948 3381 μηδὲν
979 3307 1173 3369 ἀνύσας
1220 3309 1498 3364 κατακαίει
1547 3311 1640 3383 μὲν
1682 3309 1744 3366 τὸ
1796 3312 1989 3389 μηχά-

2105 2157 2224 2209 toto
2270 2153 2760 2224 oppugnationem
2821 2154 3074 2209 exercitu
3132 2169 3441 2224 aggressus
3470 2160 3616 2221 erat,
3645 2158 3745 2212 sed

2102 2242 2330 2314 aliquos
2349 2243 2420 2297 de
2438 2242 2713 2298 Romanis
2726 2242 3123 2315 particulatim
3142 2243 3506 2312 admovebat,
3529 2245 3748 2301 multos

2098 2331 2330 2404 Bithyni
2348 2331 2603 2387 nominis
2621 2336 2885 2387 statuens
2907 2331 2964 2386 in
2981 2333 3186 2388 fronte.
3206 2334 3474 2404 Dumque
3491 2335 3748 2404 complu-

2100 2436 2191 2476 res
2221 2419 2609 2476 vulnerantur
2638 2427 2692 2476 et
2725 2426 3030 2493 oppetunt,
3064 2423 3342 2493 operibus
3371 2427 3429 2479 et
3459 2423 3746 2480 machinis

2099 2509 2361 2565 animum
2394 2509 2631 2581 adjicit:
2664 2526 2915 2580 quarum
2957 2511 3190 2566 testudo
3233 2528 3345 2583 prae
3384 2511 3516 2568 aliis
3546 2512 3742 2568 formi-

2100 2597 2293 2653 dinem
2327 2598 2577 2653 incussit
2597 2597 2872 2654 obsessis.
2897 2599 3102 2654 Totam
3128 2599 3308 2670 igitur
3328 2599 3443 2654 vim
3472 2599 3744 2667 militum,

2096 2686 2300 2742 castris
2329 2685 2596 2752 excitam,
2619 2686 2890 2741 admovet
2909 2687 3053 2741 turri
3085 2687 3342 2755 cuidam,
3368 2689 3548 2743 ruina;
3579 2703 3742 2758 spem

2096 2774 2444 2847 prmferenti.
2471 2774 2685 2830 Verum
2701 2774 2799 2829 ubi
2819 2775 3000 2830 semel
3023 2780 3199 2845 atque
3221 2775 3426 2831 iterum
3447 2792 3742 2846 percussa,

2096 2879 2210 2920 non
2242 2864 2412 2920 modo
2443 2868 2647 2919 contra
2677 2863 3010 2935 Opinionem
3041 2864 3394 2936 persisterel,
3427 2867 3529 2921 sed
3560 2865 3736 2921 etiam

2095 2954 2248 3009 aries
2280 2971 2313 3008 a
2345 2961 2546 3009 caetera
2582 2951 2856 3008 machina
2885 2954 3190 3010 diti'ractus
3219 2953 3586 3020 avelleretur,
3609 2954 3733 3009 ani-

2095 3058 2227 3099 mus
2246 3041 2704 3098 Heracliensium
2727 3057 3006 3107 crescere,
3029 3047 3086 3098 et
3103 3043 3475 3114 perturbatus
3497 3059 3739 3100 maerore

2096 3133 2259 3189 Cotta
2305 3131 2513 3187 timere
2561 3130 2752 3203 cmpit,
2798 3147 3102 3202 nunquam
3138 3132 3279 3188 urbs
3309 3147 3378 3187 ne
3411 3138 3736 3203 caperetur.

2096 3223 2330 3278 Postero
2361 3221 2538 3276 etiam
2583 3221 2698 3287 die,
2731 3236 2864 3276 cum
2921 3220 3197 3277 machina
3234 3222 3445 3277 iterum
3488 3223 3740 3293 impacta

2096 3309 2240 3366 nihil
2274 3310 2598 3382 proficeret,
2631 3308 3089 3365 instrumentum
3133 3309 3277 3366 illud
3312 3316 3662 3380 concremet,
3686 3317 3744 3368 et

340 3419 514 3469 νημα,
550 3397 836 3470 ἀποτέμνει
876 3395 934 3453 δὲ
974 3399 1066 3453 καὶ
1096 3400 1188 3461 τάς
1239 3405 1346 3454 τῶν
1397 3405 1797 3479 μηχανοποιῶν
1827 3423 1990 3482 κεφα-

2101 3401 2278 3457 fabris
2293 3400 2486 3473 capita
2505 3399 2785 3471 praecidit,
2801 3399 3120 3472 relictoque
3133 3402 3204 3456 ad
3225 3401 3431 3458 maenis
3445 3401 3735 3473 praesidio,

341 3484 466 3557 λάς,
507 3486 596 3541 καὶ
644 3489 882 3563 φρουρὰν
932 3493 1048 3550 τοῖς
1090 3488 1298 3562 τείχεσι
1343 3488 1662 3546 καταλιπὼν
1709 3490 1843 3564 μετᾶ
1887 3496 1986 3546 τοῦ

340 3573 543 3631 λοιποῦ
572 3575 819 3646 πλήθους
851 3576 929 3640 εἷς
978 3579 1039 3633 τὸ
1069 3576 1408 3652 καλούμενον
1454 3577 1639 3634 πεδίον
1679 3579 1912 3635 Λύκαιαν
1943 3583 1988 3617 ⁸⁸

339 3660 632 3740 διέτριϐεν,
693 3666 952 3742 ἀφθονίαν
1025 3663 1250 3741 ἔχοντος
1325 3672 1431 3723 τῶν
1495 3667 1818 3741 ἐπιτηδείων
1889 3674 1986 3725 τοῦ

337 3753 578 3829 χωρίου.
628 3755 880 3811 Κάκεῖθεν
939 3757 1038 3826 τήν
1094 3757 1216 3832 περὶ
1271 3758 1370 3828 τήν
1428 3759 1747 3835 Ἡράκλειαν
1798 3761 1987 3834 χώραν

340 3845 550 3899 ἅπασαν
597 3841 784 3918 ἐδῄου,
818 3844 894 3908 εἰς
951 3845 1171 3916 πολλὴν
1215 3849 1528 3926 ἂμηχανίαν
1577 3848 1707 3911 τοὺς
1756 3849 1985 3912 πολίτας

336 3931 701 3990 συνελαύνων.
734 3930 1148 4009 Διεπρεσϐεύετο
1197 3941 1323 4012 γοῦν
1370 3937 1537 3993 πάλιν
1588 3941 1724 4014 πρός
1764 3962 1822 3995 τε
1858 3941 1985 4005 τοὺς

335 4019 394 4076 ἐν
442 4024 649 4094 Σκυθίᾳ
694 4022 1098 4100 Χερρονησίτας
1145 4027 1235 4082 καὶ
1285 4025 1671 4091 Θεοδοσιανοὺς
1717 4031 1806 4084 καὶ
1860 4029 1989 4094 τοὺς

333 4112 466 4188 περί
513 4115 602 4168 τὸν
663 4114 940 4192 Βόσπορον
988 4113 1248 4182 δυνάστας
1299 4119 1431 4193 ὑπὲρ
1482 4119 1800 4194 συμμαχίας
1832 4135 1846 4151 ’
1896 4120 1988 4174 καὶ

339 4202 382 4271 ἡ
415 4197 670 4276 πρεσϐεία
717 4204 1032 4284 ἀνεστρειρεν
1072 4201 1406 4281 ἔμπρακτος.
1439 4213 1554 4264 Τῶν
1597 4206 1654 4264 δὲ
1699 4208 1984 4283 πολεμίων

333 4291 698 4368 ἐπικειμένων
724 4300 794 4372 τῇ
841 4296 1024 4366 πόλει,
1066 4298 1128 4354 ού
1160 4296 1304 4355 πολὺ
1354 4298 1579 4375 ἔλαττον
1608 4299 1744 4375 αὐτῇ
1792 4302 1860 4356 τά
1889 4299 1991 4356 λυ-

332 4387 546 4440 ποῦντα
591 4382 737 4442 ἔνδον
790 4385 1062 4443 ἐπετίθετο
1100 4407 1113 4421 '
1161 4387 1222 4444 οὐ
1263 4389 1364 4466 γὰρ
1402 4373 1670 4464 ἠρκοῦντο
1720 4391 1772 4444 οἱ
1819 4411 1986 4466 φρου-

339 4473 434 4546 ροὶ
468 4475 549 4537 οἷς
581 4471 731 4548 διὲζη
775 4476 838 4532 τὸ
887 4475 1206 4551 δημοτικὸν,
1237 4479 1528 4542 τύπτοντες
1560 4477 1618 4534 δὲ
1659 4478 1786 4542 τοὺς
1828 4479 1990 4536 πολί-

329 4583 436 4624 τας
476 4571 738 4642 χορηγεῖν
789 4566 823 4620 ἂ
873 4568 947 4642 μή
1002 4566 1128 4644 ῥᾷον
1174 4569 1222 4605 ⁶⁰
1275 4568 1342 4638 ἦν
1403 4569 1588 4631 αὐτοῖς
1647 4569 1698 4643 ἐξ
1750 4569 1992 4644 ἀνάγκης

333 4650 610 4709 ἐκέλευον.
646 4653 747 4710 Καὶ
778 4661 884 4711 τῶν
935 4660 1186 4734 φρουρῶν
1224 4651 1305 4713 ἔτι
1357 4655 1571 4731 μᾶλλον
1610 4660 1676 4728 ἦν
1727 4657 1989 4737 χαλεπώ-

325 4761 494 4816 τερος
541 4744 569 4797 ὁ
626 4742 937 4818 ἐφεστηκὼς
994 4747 1171 4802 αὐτῶν
1228 4749 1591 4822 Κοννακόρηξ,
1649 4747 1748 4804 οὐκ
1801 4748 1989 4824 ἀπείρ-
2023 4719 2068 4783 D

327 4851 452 4906 γων
491 4829 620 4887 ἀλλ’
659 4834 961 4911 ἐπιτρέπων
1009 4841 1126 4900 τοῖς
1157 4839 1201 4874 ⁶¹
1255 4837 1358 4892 ὑπὸ
1389 4843 1553 4913 χεῖρα
1593 4839 1691 4908 τήν
1728 4838 1869 4914 βίαν.
1898 4846 1991 4894 Τε-

329 4924 460 4996 μῶν
491 4925 538 4960 ⁸³
586 4920 643 4979 δὲ
687 4925 788 4994 τήν
844 4925 1032 5000 χώραν
1085 4927 1112 4982 6
1168 4928 1372 4990 Κόττας
1424 4927 1591 4984 πάλιν
1641 4923 1988 5002 προσϐάλλει

322 5019 454 5077 τοῖς
507 5014 793 5093 τείχεσινο
849 5014 1095 5090 ἀθύμους
1153 5015 1211 5072 δὲ
1267 5016 1396 5082 τοὺς
1452 5019 1790 5092 στρατιώτας
1849 5019 1988 5094 πρὸς

328 5102 666 5179 πολιορκίαν
714 5105 858 5178 ὁρῶν
904 5105 1099 5182 ἀπάγει
1139 5112 1240 5175 τῆς
1289 5109 1684 5182 τειχομαχίας,
1721 5109 1812 5163 καὶ
1861 5107 1996 5182 πέμ-

317 5215 421 5252 πει
476 5191 662 5249 καλῶν
744 5193 1056 5269 Ὀτριάριον
1122 5197 1298 5274 τάχος
1374 5203 1495 5260 ταῖς
1552 5200 1831 5272 τριήρεσιν
1888 5198 1992 5276 ἀφ-

320 5285 597 5340 ικνεῖσθαι
635 5284 726 5338 καὶ
764 5283 998 5341 κωλύειν
1036 5285 1127 5341 τὸν
1176 5283 1266 5342 διὰ
1295 5293 1395 5356 τῆς
1447 5285 1724 5358 θαλάσσης
1764 5285 1997 5344 ἒπισιτι-

315 5373 468 5447 σμὸν
509 5376 579 5446 τῃ
609 5371 798 5430 πόλει.

2096 3506 2233 3546 cum
2250 3493 2458 3546 caetera
2489 3489 2737 3545 militum
2761 3489 2938 3546 turba
2956 3489 3015 3545 in
3039 3505 3245 3562 campo
3275 3490 3452 3562 (quod
3474 3491 3736 3562 Lycaeum

2094 3580 2322 3652 vocant)
2347 3578 2557 3636 stativa
2577 3579 2810 3651 delegit,
2835 3595 2950 3650 quo
2982 3580 3042 3636 in
3073 3578 3199 3636 loco
3223 3579 3378 3650 larga
3404 3584 3527 3635 erat
3557 3580 3742 3636 victus

2097 3669 2282 3742 copia.
2331 3671 2521 3740 Atque
2560 3669 2695 3725 inde
2725 3669 2886 3724 omni
2927 3668 3079 3723 circa
3127 3667 3462 3723 Heracleam
3509 3667 3742 3737 regione

2097 3761 2414 3825 devastata,
2431 3759 2488 3812 in
2510 3773 2784 3829 magnam
2799 3758 2948 3813 cives
2963 3756 3358 3812 difﬁcultatem
3370 3756 3540 3826 cogit.
3559 3758 3744 3823 Quare

2096 3848 2284 3903 denuo
2309 3846 2381 3902 ad
2403 3844 2669 3918 Scythas,
2694 3844 3036 3901 Chersonesi
3060 3843 3301 3912 incolas,
3319 3849 3376 3899 et
3396 3842 3742 3898 Theodosia-

2098 3954 2222 4005 nos,
2254 3941 2311 3992 et
2340 3935 2493 3990 circa
2524 3933 2894 4004 Bosphorum
2927 3934 3228 4004 dynastas,
3251 3933 3323 3988 de
3349 3932 3623 3988 societate
3654 3932 3740 3987 le-

2097 4025 2387 4098 gationem
2414 4023 2611 4089 mittit,
2636 4039 2758 4093 quae
2778 4039 2895 4078 non
2927 4021 3148 4094 absque
3181 4022 3385 4078 effectu
3411 4021 3741 4077 revertitur.

2102 4117 2356 4186 Dumque
2388 4113 2586 4170 hostes
2619 4111 2746 4167 urbi
2769 4112 3141 4178 incumbunt,
3180 4127 3296 4167 non
3330 4109 3510 4166 multo
3543 4111 3744 4166 minus

2100 4205 2171 4261 ab
2221 4201 2465 4259 internis
2516 4206 2756 4257 vexatur
2813 4200 3120 4257 molestiis.
3167 4199 3548 4256 Praesidiariis
3587 4200 3745 4255 enim

2101 4292 2396 4350 militibus
2416 4291 2475 4346 id
2499 4306 2612 4346 non
2637 4291 2782 4347 satis
2805 4293 2931 4346 erat
2945 4306 3061 4362 quo
3092 4289 3259 4362 plebs
3283 4289 3503 4345 urbana
3525 4288 3747 4345 victita-

2100 4385 2222 4441 bat.
2255 4381 2610 4438 Verberibus
2635 4380 2819 4454 igitur
2840 4380 3121 4437 multatos
3162 4380 3336 4448 cives,
3369 4379 3744 4450 suppeditare

2100 4489 2228 4544 qua
2258 4472 2317 4528 in
2351 4476 2624 4544 promptu
2657 4488 2772 4527 non
2813 4474 3002 4539 erant,
3035 4485 3138 4542 per
3166 4468 3526 4541 vimjubent.
3553 4468 3745 4533 Quid?

2100 4561 2256 4636 quod
2285 4561 2846 4633 prmsidiariislonge
2875 4558 3268 4632 importunior
3297 4563 3422 4614 erat
3443 4558 3746 4628 praefectus

2099 4652 2480 4718 Connacorix,
2505 4667 2621 4708 non
2653 4652 2827 4707 modo
2859 4666 2973 4706 non
2998 4649 3314 4723 prohibens
3335 4649 3452 4704 vim
3483 4664 3743 4716 suorum,

2101 4743 2200 4799 sed
2233 4741 2404 4798 etiam
2433 4740 2615 4797 libere
2643 4741 3008 4813 permittens.
3044 4739 3194 4794 Tum
3231 4755 3400 4809 agros
3431 4737 3746 4809 pepulatus

2103 4831 2285 4898 Cotta,
2319 4847 2521 4887 muros
2562 4830 2770 4886 iterum
2805 4829 3087 4885 adoritur.
3128 4830 3201 4884 At
3246 4843 3380 4883 cum
3431 4840 3640 4898 segnes
3672 4826 3745 4882 ad

2102 4921 2594 4994 oppugnationem
2625 4920 2999 4992 remissisque
3023 4917 3236 4975 animis
3265 4916 3420 4973 videt
3450 4913 3686 4984 milites,
3717 4931 3750 4971 ιι

2103 5017 2310 5069 conatu
2342 5012 2654 5081 desistens,
2680 5015 2947 5068 vocatum
2979 5007 3485 5075 mittitTriarium,
3515 5009 3579 5062 ut
3607 5021 3744 5061 cum

2105 5101 2444 5159 triremibus
2473 5101 2905 5174 quamprimum
2954 5098 3203 5166 advolet,
3237 5096 3425 5154 286b
3475 5102 3530 5152 et
3579 5110 3748 5150 com-

2107 5197 2335 5250 meatus
2384 5193 2442 5250 in
2475 5192 2625 5248 mari
2658 5189 2993 5248 facultatem
3044 5188 3358 5262 oppidanis
3389 5184 3743 5259 intercipiat.

1689 5502 1780 5559 VA
1790 5503 1929 5561 RIIE
1963 5503 2375 5561 LECTIONES.

393 5606 440 5642 ⁸⁸⁷
469 5605 846 5685 βραχέως.
915 5610 996 5685 ’⁵⁸
1024 5608 1118 5663 καὶ
1163 5606 1564 5685 ἀναιρουμένων
1599 5612 1732 5670 add.
1766 5616 1834 5669 A.

303 5680 427 5734 τῶν
458 5659 671 5751 ξξλέέ
692 5659 873 5753 “stng

1947 5613 1992 5650 ‘9
2018 5609 2241 5669 λύκαιον
2271 5611 2622 5684 Stephanus.
2726 5609 2773 5645 ⁸ο
2813 5606 2966 5686 ῥᾷον]
2997 5609 3108 5665 imo
3142 5603 3347 5684 ῥᾴδιον.
3452 5606 3497 5644 ⁶¹
3530 5608 3646 5666 τοῖς
3680 5609 3744 5661 Δ.
