4154 6218
429 378 549 440 027

1631 370 1897 436 PHOTII
1941 374 2470 437 PATRIARCHAS
2511 375 2631 437 (ΞΡ.

3713 379 3840 442 928

869 507 1003 565 CAP.
1040 508 1161 566 LII.
1194 537 1261 548 -
1297 507 1501 562 Triarii
1526 508 1759 563 victoria
1785 507 2001 564 navalis
2031 510 2096 564 de
2124 510 2342 566 Heracl.
2374 512 2683 579 etgraviss.
2717 512 2874 568 urbi:
2898 513 3077 583 fames
3106 529 3172 569 ac
3199 517 3386 586 pestis.

497 615 830 688 Assumptis
862 630 997 687 ergo
1029 614 1289 670 Triarius
1320 630 1466 687 quas
1497 614 1770 682 habebat,
1806 615 2049 673 navibus

2258 612 2451 671 Λαϐὼν
2508 615 2601 672 οὖν
2660 617 2720 680 ’ἀς
2777 620 2927 694 εἶχεν
2981 622 3313 697 Ὀτριάριος,
3346 623 3437 677 καὶ
3491 622 3742 685 Ῥοδίους
3788 628 3838 677 κ’

428 712 483 764 et
514 707 585 762 20
633 704 892 772 Rhodiis,
945 718 1193 774 quarum
1235 718 1471 759 summa
1500 703 1569 758 43
1598 704 1969 771 conficiebat,
2011 704 2070 759 in

426 796 676 853 Pontum
708 793 945 865 trajicit,
986 796 1044 849 et
1075 793 1322 848 adventu
1355 793 1483 863 ejus
1514 792 1574 847 in
1606 798 1866 865 tempore
1895 794 2070 849 Cotta:

421 886 776 959 significato,
806 885 1006 940 eodem
1035 884 1127 939 die
1154 883 1469 939 exercitum
1494 882 1569 939 ad
1598 884 1809 939 mmnia
1830 882 2071 956 appellit

421 980 606 1043 Cotta,
639 979 695 1030 et
736 974 1056 1030 imminens
1088 972 1299 1029 Triarii
1348 971 1555 1027 classis
1595 978 1857 1044 apparet.
1918 974 2068 1028 Tum

421 1064 724 1137 repentino
748 1062 986 1118 navium
1020 1062 1271 1117 adventu
1306 1061 1707 1117 Heraclienses
1737 1061 1980 1132 turbati,
2002 1062 2071 1115 30

415 1154 655 1227 quidem
691 1169 861 1209 naves
891 1152 950 1207 in
973 1168 1131 1207 mare
1160 1152 1478 1221 deducunt,
1513 1152 1615 1206 sed
1646 1168 1746 1208 eas
1778 1169 1895 1207 non
1928 1152 2070 1208 satis

418 1243 735 1316 complent.
772 1242 1020 1313 Reliqua
1054 1242 1367 1297 multitudo
1402 1242 1472 1296 ad
1499 1242 1985 1313 pr0pugnandum
2010 1258 2071 1296 se

422 1333 723 1389 convertit.
783 1337 1049 1402 Dumque
1103 1330 1307 1386 classis
1366 1330 1827 1386 Heracliensium
1870 1336 2072 1385 contra

420 1424 766 1480 accedentes
805 1421 1063 1477 hostium
1124 1436 1300 1475 naves
1331 1419 1391 1474 in
1440 1419 1627 1475 altum
1660 1420 1865 1488 tendit,
1902 1421 2070 1489 primi

418 1512 651 1576 Rhodii,
687 1511 890 1582 peritia
936 1516 993 1567 et
1018 1510 1354 1566 fortitudine
1377 1508 1505 1565 aliis
1528 1509 1853 1581 praecellere
1874 1511 2069 1566 existi-

422 1601 588 1669 mati,
613 1602 673 1657 in
692 1600 1112 1657 Heracleoticas
1136 1599 1578 1669 impressionem
1615 1598 1856 1667 faciunt,
1876 1605 1931 1655 et
1955 1605 2072 1656 sta-

423 1690 529 1747 tim
560 1695 679 1747 tres
709 1689 1071 1745 Rhodiorum
1105 1695 1155 1742 et
1188 1688 1446 1759 quinque
1478 1685 1941 1742 Heracliensium
1968 1689 2067 1745 de-

421 1784 781 1856 primuntur.
813 1782 878 1836 Et
904 1796 1112 1853 pugnae
1138 1779 1273 1835 hinc
1296 1779 1772 1851 supervenientes
1798 1779 2065 1847 Romani,

424 1871 627 1928 multis
676 1871 931 1943 acceptis
981 1869 1234 1936 damnis,
1294 1868 1559 1939 pluribus
1615 1873 1809 1923 tamen
1865 1868 2062 1935 illatis,

2180 709 2329 775 ναῦς,
2372 707 2445 760 ὧν
2480 705 2694 778 σύμπαν
2731 708 2794 762 τὸ
2826 708 3042 779 πλῆθος
3090 710 3166 771 εἰς
3195 714 3244 786 γ’
3274 711 3365 766 καὶ
3410 719 3461 784 μ’
3504 710 3704 779 ἒτέλει,
3760 713 3841 774 εἷς

2180 793 2273 850 τὸν
2305 794 2513 850 Πόντον
2549 790 2837 867 διαϐαίνει,
2868 797 2958 853 καὶ
3006 798 3202 871 μηνύει
3238 801 3415 872 Κόττᾳ
3445 802 3536 855 καὶ
3581 802 3675 856 τὸν
3714 822 3841 855 και-

2183 884 2271 958 ρὸν
2338 884 2429 938 καὶ
2484 886 2583 954 τήν
2646 884 2846 960 ἄφιξιν.
2906 887 3033 942 Ὑπὸ
3101 885 3158 942 δὲ
3234 890 3331 958 τὴν
3391 889 3556 958 αύτήν
3622 889 3842 965 ἡμέραν

2182 974 2387 1035 Κόττας
2434 994 2493 1029 τε
2539 980 2655 1038 τοῖς
2703 975 2915 1054 τείχεσι
2960 977 3055 1031 τὸν
3109 980 3333 1052 στρατὸν
3377 983 3625 1054 προσῆγε
3662 981 3756 1034 καὶ
3808 982 3838 1035 6

2179 1062 2493 1125 κατάπλους
2544 1068 2652 1119 τῶν
2716 1065 2971 1139 Τριαρίου
3026 1072 3160 1121 νεῶν
3229 1068 3561 1145 ἐπεφαίνετο.
3624 1076 3835 1124 Συντα-

2185 1153 2471 1227 ραχθὲντες
2502 1155 2592 1208 οὗν
2626 1154 2677 1208 οἱ
2724 1155 3100 1229 Ἡρακλεῶται
3130 1157 3266 1231 πρὸς
3308 1159 3370 1211 τὸ
3418 1155 3686 1236 αἰφνίδιον
3733 1163 3839 1223 τῆς

2179 1247 2288 1296 τῶν
2318 1247 2461 1312 νηῶν
2508 1241 2705 1321 ἐφοδου
2736 1248 2865 1307 ναῦς
2911 1247 3003 1317 μὲν
3035 1244 3119 1300 ἐπὶ
3169 1247 3267 1315 τήν
3298 1244 3570 1301 θάλασσαν
3604 1246 3653 1301 λ’
3701 1251 3838 1302 καθ-

2182 1328 2388 1397 εῖλκον,
2430 1330 2556 1387 οὐδὲ
2603 1339 2800 1396 ταύτας
2845 1328 3086 1408 ἀκριϐῶς
3114 1333 3476 1409 πληροῦντες,
3508 1336 3570 1391 τὸ
3624 1333 3685 1390 δὲ
3718 1335 3842 1391 λοι-

2180 1419 2278 1473 πὸν
2335 1421 2470 1491 πρὸς
2518 1422 2617 1490 τήν
2669 1418 2987 1495 πολιερκίαν
3048 1422 3358 1496 ἐτρέποντο.
3416 1426 3669 1500 Ἀνήγετο
3736 1426 3837 1499 μὲν

2180 1509 2208 1562 ὁ
2248 1508 2687 1583 Ἠρακλεωτικὸς
2734 1509 2929 1575 στόλος
2984 1513 3119 1583 πρὸς
3165 1512 3260 1577 τὰς
3306 1511 3673 1576 ἒπιπλεούσας
3719 1518 3836 1569 τῶν

2179 1596 2487 1669 πολεμίων.
2546 1602 2761 1673 Πρῶτοι
2819 1604 2948 1673 γοῦν
3005 1598 3205 1656 Ῥόδιοι
3264 1603 3374 1674 (καὶ
3431 1603 3536 1677 γὰρ
3604 1600 3836 1658 ἐδόκουν

2178 1686 2434 1762 ἐμπειρίᾳ
2470 1708 2529 1741 τε
2565 1688 2655 1741 καὶ
2694 1686 2909 1760 ἀνδρείᾳ
2954 1694 3064 1744 τῶν
3114 1688 3300 1745 ἄλλων
3352 1689 3635 1766 προέχειν)
3695 1690 3839 1767 ἐνερ-

2179 1775 2416 1849 ῥάγησαν
2483 1780 2601 1837 ταῖς
2662 1775 2711 1846 ἐξ
2768 1775 3114 1851 Ἡρακλείας,
3174 1780 3264 1833 καὶ
3321 1782 3668 1858 παραχρῆμα
3733 1781 3833 1854 μὲν

2177 1861 2467 1919 κατέδυσαν
2502 1861 2728 1921 Ῥοδίων
2766 1865 2860 1938 μὶν
2903 1869 2952 1941 γ’
2998 1865 3428 1940 Ἠρακλεώτιδες
3480 1865 3537 1922 δὲ
3576 1870 3639 1925 ε’.
3681 1870 3841 1924 Ἐπι-

422 1962 791 2019 Heracleotas
807 1939 1076 2027 tundunt,
1093 1964 1149 2015 et
1161 1959 1231 2014 ad
1254 1958 1454 2014 urbem
1481 1959 1673 2028 fugere
1687 1959 2054 2029 compellunt,

2175 1954 2460 2026 γενόμενοι
2491 1951 2548 2008 δὲ
2590 1958 2658 2026 τῇ
2707 1939 2987 2029 ναυμαχίᾳ
3028 1939 3119 2010 καὶ
3158 1958 3450 2027 Ῥωμαῖοι,
3500 1957 3589 2010 καὶ
3633 1956 3838 2013 πολλᾶ

424 2055 458 2107 4-
505 2062 557 2108 et
611 2054 677 2107 10
726 2051 973 2108 navibus
1021 2050 1362 2120 deperditis.
1421 2049 1703 2106 Victrices
1751 2056 1943 2105 autem
2000 2051 2059 2105 in

418 2140 697 2214 Magnum
717 2140 947 2197 subiere
969 2144 1218 2211 portum.
1244 2139 1568 2194 Peditatum
1587 2138 1762 2193 etiam
1786 2138 1858 2194 ab
1881 2154 2060 2210 oppu-

416 2230 695 2301 gnatione
726 2234 957 2285 revocat
1006 2228 1187 2283 Cotta.
1234 2227 1519 2282 Triariani
1567 2231 1763 2283 autem
1824 2228 1882 2283 in
1940 2227 2061 2284 dies

415 2316 680 2390 singulos
700 2332 731 2373 e
753 2322 918 2388 portu
941 2316 1222 2381 subvecti,
1248 2331 1346 2371 eos
1368 2315 1466 2386 qui
1494 2315 1785 2372 frumenta
1808 2315 2057 2371 circum-

418 2406 600 2463 sessis
645 2407 963 2478 importare
993 2412 1363 2472 conarentur,
1405 2404 1812 2476 impedierunt.
1849 2406 2058 2476 Ingens

418 2496 604 2567 igitur
635 2512 880 2551 annona
930 2495 1182 2550 charitas
1220 2494 1423 2550 urbem
1455 2495 1664 2559 tenuit,
1709 2502 1771 2549 ut
1818 2493 2058 2549 Cbmnix

420 2587 573 2656 (qum
603 2584 836 2655 dicitur)
865 2586 935 2640 ad
968 2586 1039 2641 80
1096 2584 1318 2640 Atticos
1366 2583 1721 2655 procederet.
1780 2582 1850 2637 Et
1880 2599 2059 2653 super

411 2672 559 2729 alias
601 2690 914 2739 mrumnas,
946 2673 1124 2729 etiam
1176 2671 1356 2744 pestis
1398 2670 1669 2726 homines
1698 2670 1935 2736 invasit,
1965 2671 2055 2725 vel

411 2777 480 2818 ex
510 2763 661 2818 aeris
709 2765 1052 2827 mutatione,
1102 2762 1186 2818 vel
1225 2761 1563 2817 inconsueta
1612 2761 1801 2816 victus
1833 2761 2057 2817 ratione

407 2851 720 2919 exsistens,
752 2856 810 2906 et
842 2867 943 2922 per
970 2850 1160 2906 varias
1192 2848 1594 2906 calamitatum
1619 2849 1835 2904 formas
1863 2849 2055 2905 varios

410 2939 713 2996 hominum
736 2941 1007 2996 interitus
1028 2939 1334 2996 afﬁciebat.
1373 2942 1532 2995 Inter
1555 2954 1706 3009 quos
1736 2938 1914 2993 etiam
1947 2938 2054 2993 La—

409 3029 654 3086 machus
677 3031 843 3102 longe
860 3030 1152 3086 acerbiore
1173 3046 1345 3102 quam
1366 3028 1488 3096 alii,
1510 3032 1569 3084 et
1584 3028 1830 3084 lentiore
1849 3028 2053 3083 mortis

404 3120 666 3175 cruciatu
699 3120 1115 3191 exstinguitur.
1152 3120 1295 3174 Lues
1324 3119 1449 3173 haec
1480 3118 1732 3173 maxime
1757 3117 2055 3188 praesidia.

405 3208 526 3263 rios
556 3208 929 3279 corripiebat,
961 3213 1023 3264 ut
1053 3209 1123 3263 de
1152 3209 1293 3263 3000
1324 3207 1482 3263 mille
1511 3206 1834 3263 interirent.

2169 2046 2431 2107 παθόντες
2500 2046 2589 2100 καὶ
2646 2048 2971 2115 ποιήσαντες
3021 2051 3141 2110 τοῖς
3194 2046 3513 2119 πολεμίοις,
3554 2049 3683 2119 [⁸748
3732 2049 3832 2121 8.]

2170 2135 2337 2189 πλέον
2369 2132 2427 2189 δὲ
2473 2134 2626 2207 ὅμως
2666 2135 3035 2203 κακώσαντες,
3074 2134 3367 2212 ἱτρὲψαντο
3414 2137 3510 2199 τὰς
3558 2135 3610 2206 ἐξ
3660 2137 3834 2211 Ἡρα-

2168 2224 2353 2284 κλείας
2410 2226 2500 2279 καὶ
2556 2225 2767 2301 φεύγειν
2820 2225 3129 2299 ἠνάγκασαν
3187 2227 3325 2301 πρὸς
3372 2227 3470 2295 τήν
3517 2223 3709 2297 πόλιν,
3773 2224 3823 2281 δ’

2169 2309 2553 2377 ἀποϐαλούσας
2584 2317 2674 2370 καὶ
2707 2320 2762 2372 ι’.
2804 2317 2873 2373 Ai.
2920 2316 3253 2391 τρεψάμεναι
3305 2313 3364 2370 δὲ
3409 2316 3544 2390 πρὸς
3596 2317 3691 2371 τὸν
3736 2317 3834 2389 μὲ-

2166 2422 2265 2477 γαν
2318 2402 2679 2477 ἐνωρμίζοντο
2731 2400 2949 2477 λιμένα.
2999 2405 3219 2474 Ἀνίστη
3253 2401 3299 2458 δ’
3352 2404 3447 2458 οὗν
3488 2403 3582 2458 καὶ
3614 2406 3677 2458 τὸ
3728 2425 3835 2459 πε-

2169 2491 2258 2560 ζὸν
2286 2498 2387 2560 τῆς
2426 2491 2751 2566 πολιορκίας
2789 2493 2816 2547 ὀ
2867 2492 3089 2554 Κόττας.
3136 2494 3203 2550 Οἱ
3243 2490 3300 2548 δὲ
3337 2492 3461 2567 περὶ
3507 2494 3829 2569 Ὀτριάριον

2167 2581 2489 2654 ἀναγόμενοι
2521 2582 2640 2636 καθ’
2667 2580 2896 2650 ἑκάστην
2921 2579 3025 2636 ἀπὸ
3047 2585 3145 2637 τοῦ
3169 2580 3396 2655 λιμένος
3414 2583 3542 2643 τοὺς
3574 2587 3828 2658 σιτηγεῖν

2166 2670 2534 2743 ὡρμημένους
2600 2676 2717 2731 τοὶς
2772 2673 2900 2743 [388
2940 2672 3033 2743 Η.]
3072 2669 3567 2745 πολιορκουμένοις
3609 2669 3832 2727 ἀπεκώ-

2166 2756 2317 2828 λυον,
2348 2758 2437 2812 καὶ
2472 2757 2665 2821 σπάνις
2711 2757 2931 2835 χαλεπή
2965 2760 3064 2827 τήν
3115 2758 3279 2814 πόλιν
3325 2765 3605 2838 κατεῖχεν,
3642 2760 3724 2822 ὡς
3774 2774 3831 2816 π’

2166 2849 2428 2903 Ἀττικῶν
2472 2849 2569 2917 τήν
2626 2846 2931 2923 λεγομένην
2979 2847 3198 2923 χοίνικα
3246 2852 3343 2903 τοῦ
3399 2848 3551 2903 σίτου
3609 2849 3821 2921 προκό-

2164 2940 2284 3011 ψαι.
2319 2937 2442 2994 Ἐπὶ
2476 2936 2532 2992 δὶ
2578 2942 2696 2999 τοῖς
2727 2935 2927 3001 ἄλλοις
2968 2942 3157 2999 κακοῖς
3186 2939 3276 2992 καὶ
3308 2937 3510 3011 λοιμὸς
3535 2940 3582 2975 ⁸⁸
3626 2940 3829 3002 αὐτοῖς

2161 3025 2434 3083 ἐπιπεσὼν
2467 3026 2597 3101 (εἴτε
2644 3026 2703 3083 ἐκ
2741 3034 2949 3102 τροπῆς
2994 3028 3169 3100 ἀὲρων
3218 3026 3327 3084 εἴτε
3375 3026 3434 3082 ἐκ
3471 3035 3573 3097 τῆς
3625 3027 3827 3099 ἀσυνή-

2162 3118 2287 3178 θους
2354 3113 2591 3189 διαίτης)
2644 3114 2907 3186 ποικίλην
2975 3115 3063 3171 ἐπὶ
3125 3115 3410 3177 ποικίλαις
3467 3118 3826 3190 παθημάτων

2162 3202 2331 3266 ἰδέαις
2359 3206 2460 3273 τήν
2492 3205 2693 3282 φθορὰν
2748 3206 3101 3281 ἀπειργάζετο
3135 3223 3149 3236 ·
3202 3204 3254 3259 ἔν
3285 3208 3372 3267 οἷς
3421 3205 3513 3260 καὶ
3547 3207 3827 3281 Λάμαχος

407 3293 726 3369 πικροτὲρῳ
755 3295 845 3349 καὶ
907 3291 1225 3369 μακροτέρῳ
1253 3298 1361 3349 τῶν
1421 3294 1606 3351 ἄλλων
1643 3294 1854 3367 ὀλέθρῳ
1906 3291 2214 3372 διέφθαρτο.
2269 3296 2485 3368 ’Ἡψατο
2536 3291 2592 3350 δὲ
2652 3293 2891 3367 μάλιστα
2941 3293 3031 3349 καὶ
3084 3299 3197 3350 τῶν
3255 3298 3504 3373 φρουρῶν
3563 3297 3600 3364 ἡ
3653 3294 3824 3358 νόσος

406 3382 481 3444 ὡς
514 3384 620 3438 ἀπὸ
649 3383 978 3458 τρισχιλίων
1007 3383 1229 3458 χιλίους
1259 3385 1571 3441 ἀποθανεῖν.
1604 3384 1744 3447 Τοὺς
1775 3384 2082 3457 Ῥωμαίους
2115 3380 2173 3438 δὲ
2199 3384 2260 3438 τὸ
2290 3384 2459 3445 πάθος
2490 3385 2593 3440 οὐκ
2618 3382 2896 3440 ἐλάνθανεν
2923 3385 2992 3441 ⁶⁴.

1055 3494 1194 3549 CAP.
1229 3494 1374 3550 LIII.
1408 3524 1477 3535 -—
1507 3494 1785 3551 Heracleae
1816 3492 2077 3561 proditio,
2108 3491 2361 3563 direptio.
2391 3511 2405 3548 :
2444 3492 2734 3548 discidium
2768 3494 3156 3549 Romanorum.

474 3601 644 3672 Atqui
661 3601 1038 3670 Connacorix,
1058 3602 1165 3658 hac
1179 3602 1562 3659 afﬂictionum
1582 3601 1731 3657 mole
1748 3601 2046 3671 fatiscens,

2230 3600 2329 3656 Καὶ
2388 3601 2415 3654 ὁ
2494 3601 2833 3673 Κοννακόρηξ

403 3690 606 3746 urbem
658 3691 939 3746 Romanis
973 3693 1229 3763 prodere,
1262 3696 1319 3748 et
1370 3692 1838 3747 Heracleotarum
1878 3691 2052 3746 exitio

398 3796 565 3835 suam
599 3787 929 3851 permutare
956 3780 1209 3836 salutem
1244 3783 1467 3836 statuit.
1496 3780 1744 3850 Operam
1771 3779 1886 3834 huc
1919 3795 2053 3835 con-

405 3869 625 3924 ferebat
647 3870 817 3925 etiam
850 3869 1234 3926 Heracliensis
1267 3869 1531 3941 quidam,
1554 3868 1927 3924 consiliorum
1946 3868 2049 3923 La-

406 3957 600 4013 machi
640 3958 962 4027 mmulator,
1006 3959 1095 4013 cui
1132 3975 1338 4014 nomen
1381 3957 1746 4029 Damophile,
1780 3958 2046 4031 praesidio

404 4046 567 4101 urbis
598 4051 654 4101 et
699 4047 821 4119 ipse
859 4046 1132 4103 Lamacbi
1166 4047 1397 4103 interitu
1436 4048 1760 4119 prmfectus.
1796 4051 1868 4102 At
1897 4047 2047 4104 Con-

403 4135 684 4191 nacorixa
704 4140 871 4193 Cotta
891 4151 1052 4202 sane,
1079 4140 1140 4191 ut
1158 4137 1392 4192 homine
1408 4136 1669 4193 moribus
1693 4138 2046 4209 importunis

398 4228 455 4279 et
487 4224 662 4279 dubia
693 4224 825 4293 fide,
859 4225 970 4280 sibi
1019 4230 1182 4281 cavet
1226 4243 1237 4279 :
1273 4242 1406 4282 cum
1442 4226 1662 4282 Triario
1693 4235 1886 4282 autem
1920 4242 2042 4281 rem

402 4314 801 4369 communicat
826 4329 960 4369 :nec
993 4314 1305 4384 segniusin
1338 4316 1541 4370 eodem
1573 4331 1707 4370 cum
1743 4316 1830 4370 bis
1850 4316 2044 4371 studio

400 4400 775 4472 Damopbiles
792 4402 1068 4467 decurrit,
1091 4407 1147 4457 et
1168 4403 1419 4474 acceptis
1437 4410 1737 4474 pactorum
1762 4404 2043 4459 conditio-

401 4489 597 4557 nibus,
631 4490 823 4546 237a
862 4492 1076 4563 quibus
1107 4507 1168 4547 se
1216 4492 1411 4547 beatos
1444 4492 1561 4548 fore
1601 4494 1934 4564 sperabant,
1970 4494 2039 4549 ad

398 4577 785 4648 proditionem
810 4594 868 4634 se
890 4580 1221 4649 accingunt.
1247 4580 1445 4637 Obiter
1475 4585 1667 4637 autem
1702 4597 1829 4653 quas
1851 4598 1885 4637 a
1905 4598 2041 4652 pro-

397 4665 680 4722 ditoribus
711 4669 1050 4740 agebantur,
1088 4671 1142 4723 in
1176 4669 1381 4739 vulgus
1412 4675 1710 4726 emanant.
1737 4671 1798 4725 In
1820 4671 2043 4727 concio-

394 4772 530 4813 nem
580 4757 758 4829 igitur
786 4757 926 4812 urbs
958 4759 1275 4826 concurrit,
1308 4759 1682 4832 praesidiique
1734 4759 2037 4832 praefectus

395 4847 730 4904 advocatur.
763 4848 909 4903 Tum
958 4847 1350 4919 Brithagoras,
1391 4850 1479 4905 vir
1534 4850 1683 4904 inter
1727 4848 2037 4921 populares

2909 3600 3231 3654 κακοπαθῶν
3292 3603 3413 3659 ταῖς
3500 3604 3827 3675 συμφοραῖς

2162 3686 2299 3764 ἔγνω
2350 3694 2465 3750 τοῖς
2514 3689 2814 3759 Ῥωμαίοις
2853 3684 3170 3763 προδιδόναι
3228 3688 3328 3757 τήν
3389 3686 3551 3742 πόλιν
3602 3688 3691 3741 καὶ
3748 3693 3825 3762 τῇ

2158 3785 2264 3834 τῶν
2311 3777 2706 3853 Ἡρακλεωτῶν
2747 3776 2995 3850 ἀπωλείᾳ
3045 3780 3143 3848 τὴν
3189 3774 3329 3831 ίδίαν
3388 3775 3662 3852 σωτηρίαν
3716 3776 3827 3832 ἂλ-

2162 3866 2419 3940 λάξασθαι
2458 3867 2524 3923 ⁸⁵.
2578 3861 3020 3938 Συνε).αμ6άνετο
3054 3863 3109 3920 δὲ
3158 3864 3307 3937 αὐτῷ
3355 3864 3447 3919 καὶ
3504 3863 3828 3939 Ἡρακλεώ-

2156 3977 2256 4026 της
2295 3956 2454 4029 ἀνῆρ,
2509 3954 2765 4026 ζηλωτὴς
2812 3961 2911 4023 τῆς
2960 3955 3231 4028 Λαμάχου
3282 3953 3678 4029 προαιρέσεως,
3723 3962 3828 4009 Δα-

2161 4042 2422 4122 μωφέλης
2453 4043 2500 4080 ⁸⁸
2547 4042 2743 4113 ὄνομα,
2796 4042 3146 4117 φρούραρχος
3176 4041 3268 4095 καὶ
3320 4039 3481 4101 αὐτὸς
3528 4044 3597 4115 τῇ
3648 4038 3822 4096 πόλει

2160 4133 2296 4205 μετὰ
2332 4132 2431 4200 τὴν
2482 4132 2753 4209 Λαμάχου
2803 4131 3007 4208 φθοράν
3038 4132 3324 4190 καταστάς.
3355 4131 3418 4187 Ὀ
3462 4128 3646 4183 τοίνυν
3683 4134 3821 4184 Κον-

2153 4222 2386 4297 νακόρηξ
2419 4220 2509 4276 τὸν
2582 4220 2781 4275 Κότταν
2841 4220 2936 4293 μὶν
2992 4220 3066 4282 ὡς
3115 4219 3282 4295 βαρὺν
3310 4218 3357 4256 ⁸⁷
3412 4218 3477 4273 τὸ
3524 4218 3663 4287 ἦθος
3720 4220 3820 4273 καὶ

2153 4308 2379 4364 ἄπιστον
2436 4306 2791 4387 ἓφυλάττετο,
2824 4307 2961 4382 πρὸς
3011 4305 3321 4383 Ὀτριάριον
3370 4302 3429 4361 δὲ
3476 4306 3812 4361 συνετίθετο⁸

2154 4396 2442 4474 συνέτρεχὲ
2489 4395 2547 4452 δὲ
2592 4397 2809 4459 τούτοις
2850 4397 2939 4452 καὶ
2993 4393 3335 4472 Δαμωφὲλης
3384 4394 3483 4450 οὐκ
3537 4392 3814 4450 ἐνδεέστε-

2152 4508 2267 4562 ρον.
2330 4487 2429 4543 Καὶ
2477 4482 2740 4549 λαϐόντες
2788 4487 3077 4557 συνθήκας,
3110 4487 3195 4547 αἷς
3244 4482 3664 4559 εὐδαιμονήσειν
3714 4486 3813 4540 αύ-

2149 4579 2234 4633 1:0?
2292 4576 2552 4647 ἤλπιζον,
2611 4576 2749 4649 πρὸς
2797 4577 2896 4645 τήν
2955 4572 3248 4651 προδοσίαν
3315 4575 3805 4650 παρεσκευάζοντο.

2150 4668 2235 4737 Ἐξ
2293 4664 2567 4735 ἐπιπολῆς
2634 4663 2729 4719 οὖν
2789 4665 2855 4719 τὰ
2923 4664 3273 4739 πραττόμενα
3328 4668 3441 4724 τεῖς
3499 4659 3806 4735 προδόταις

2150 4754 2424 4812 διέπιπτεν
2457 4755 2533 4817 εἷς
2575 4755 2668 4810 τὸν
2701 4752 2898 4827 δῆμον.
2946 4752 3041 4817 Εἷς
3079 4752 3371 4823 ἐκκλησίαν
3414 4750 3510 4806 οὖν
3548 4754 3585 4821 ἡ
3636 4750 3806 4811 πόλις

2150 4843 2482 4919 συνέδραμον
2531 4844 2622 4899 καὶ
2670 4844 2760 4899 τὸν
2816 4847 3169 4921 φροῦραρχον
3230 4840 3479 4897 ἐκάλουν.
3540 4842 3809 4918 Βριθατό-

396 4937 699 5006 ριιωοίρυω
731 4935 1118 5003 auctoritatis,
1161 4938 1550 5010 Connacorige
1576 4919 1877 5006 convento,
1921 4955 2034 5010 quo

2164 4956 2243 4997 >ας
2275 4933 2331 4989 δὲ
2368 4939 2476 4989 τῶν
2525 4933 2574 4988 ἐν
2624 4938 2705 5005 τῷ
2735 4919 2899 5005 δήμῳ
2929 4919 3073 5007 ἀνὴρ
3095 4919 3374 5005 Ἐπιφανὴς
3403 4930 3538 5005 πρὸς
3593 4936 3804 4985 Κοννα-

389 5023 514 5079 loco
538 5026 612 5080 sit
635 5025 909 5081 Heraclea
942 5026 1227 5094 edisserit,
1262 5032 1317 5082 ct
1341 5027 1390 5082 si
1422 5026 1518 5081 ille
1567 5028 1927 5097 comprobet,
1965 5029 2035 5083 de

391 5116 970 5170 communiomnium
992 5114 1180 5171 salute
1210 5131 1340 5171 cum
1369 5115 1593 5171 Triario
1616 5116 2030 5172 conferendum

390 5218 520 5259 esse
541 5211 756 5261 censet.
783 5205 912 5261 Haec
934 5220 1066 5261 cum
1098 5205 1526 5273 miserabiliter,
1553 5205 1753 5262 multis
1775 5207 2033 5263 intermi-

390 5293 496 5347 stis
518 5294 813 5364 precibus,
846 5299 1176 5364 perorasset
1205 5296 1599 5368 Brithagoras,
1624 5312 1867 5369 surgens
1887 5302 2033 5355 Cou-

391 5382 648 5448 nacorix,
702 5382 1167 5452 paciﬁcationem
1229 5401 1352 5440 eam
1414 5386 1845 5459 suscipiendam
1906 5405 2030 5444 esse

2143 5026 2354 5099 κόρηκα
2411 5022 2805 5099 παραγεγονὼς
2856 5022 2926 5076 τά
2979 5041 3037 5075 τε
3100 5018 3406 5098 κατέχοντα
3478 5020 3578 5087 τήν
3638 5020 3803 5094 ’Βρά-

2141 5113 2328 5169 κλείαν
2382 5111 2605 5187 διεξῄει,
2661 5111 2752 5167 καὶ
2809 5109 2859 5166 εἲ
2913 5110 3146 5182 κάκείνῳ
3171 5109 3221 5148 ⁸⁸
3276 5106 3447 5178 δοκεῖ,
3504 5107 3594 5163 ἐπὶ
3637 5112 3796 5181 κοινῇ

2142 5205 2356 5261 πάντων
2433 5203 2681 5278 σωτηρίᾳ
2755 5196 3113 5274 διελάμϐανεν
3191 5200 3485 5275 Ὀτριαρίῳ
3553 5197 3801 5270 διαλέξα-

2143 5299 2285 5352 σθαι.
2334 5299 2512 5351 Ταῦτα
2557 5294 2897 5368 Βριθαγόρου
2948 5292 3083 5365 μετὰ
3128 5288 3352 5360 πολλῆς
3410 5288 3793 5363 οἶκτισαμένου

2144 5384 2398 5457 δεήσεως,
2434 5382 2718 5445 διαναστὰς
2770 5384 2797 5438 6
2839 5381 3180 5457 Κοννακόρηξ
3223 5380 3481 5451 τοιαύτην
3525 5382 3618 5452 μὲν
3666 5390 3795 5435 συνέ

1756 5487 1997 5543 VARUE
2039 5487 2329 5545 LECTION
2339 5487 2418 5541 ES

909 5579 957 5614 ⁶⁴
1015 5575 1289 5655 ἐλάμϐανε
1319 5582 1400 5655 ς’.

850 5651 894 5687 ⁸⁸
922 5656 1139 5705 κακεῖνο
1170 5652 1233 5725 ς·
1239 5689 1254 5708 .

386 5575 807 5726 βάῖεξὲῗῖςξ

1507 5585 1552 5620 ⁸⁸
1578 5580 1991 5656 ἀπαλλάξασθαι
2022 5584 2106 5657 ς.

2217 5584 2265 5620 ⁸⁸
2295 5580 2613 5661 δαμοφελὴς
2670 5585 2716 5637 Δ
2775 5597 2787 5638 :
2845 5576 3167 5657 Δαμοφιλης
3387 5578 3434 5615 ⁸⁷
3465 5576 3633 5652 βαρὺν
3694 5585 3737 5633 Δ
3774 5597 3790 5636 ;
