4154 6218
345 351 464 415 929

1421 350 1970 414 BIBLIOTHECA.
2021 380 2090 396 -υ
2135 346 2308 412 COD.
2351 349 2668 413 CCXXIV.

3636 350 3758 414 930

352 483 526 552 θήκην
574 481 770 538 ἀπεῖπε
820 478 1168 554 πράττεσθαι,
1200 475 1416 557 ἔχεσθαι
1467 483 1514 518 ⁶⁹
1565 480 1622 537 δὲ
1677 489 1778 552 τῆς
1839 479 1990 536 ἐλευ-

2111 490 2299 554 negat,
2341 483 2442 540 sed
2493 486 2556 539 ut
2601 481 2887 539 libertatis
2929 485 2986 540 et
3031 480 3293 538 melioris
3339 481 3583 539 fortuna
3626 481 3754 554 spei

353 571 531 644 θερίας
594 572 684 627 καὶ
751 575 860 626 τῶν
932 569 1255 644 κρειττόνων
1322 571 1642 645 ὑπεκρίνατο
1717 569 1992 628 ἐλπίδων·

351 660 440 714 καὶ
485 660 591 735 γὰρ
640 659 852 714 καὶτὸν
886 657 1115 733 βασιλέα
1149 661 1335 733 μαθεῖν
1368 656 1458 714 διὰ
1496 660 1837 735 γραμμάτων
1892 660 1996 715 ὕπὸ

351 750 658 825 Τιγράνους
715 770 775 805 τε
840 752 938 804 τοῦ
1005 743 1261 826 γαμϐροῦ
1318 746 1666 829 φιλοφρόνως
1725 747 1996 825 δεδέχθαι,

350 839 440 893 καὶ
471 837 570 893 οὐκ
608 837 685 900 εἷς
725 839 936 914 μακρὰν
967 837 1168 893 ἐκεῖθεν
1215 837 1521 913 προσδοκᾷν
1587 840 1687 908 τὴν
1736 839 1998 913 ἁποχρῶο

352 948 443 982 σαν
493 929 772 1003 βοήθειαν.
816 925 976 986 Ἀλλ’
1024 927 1252 992 ἐκείνοις
1306 929 1400 1001 μὲν
1445 932 1615 985 ταῦτα
1659 929 1688 983 ὁ
1727 930 1998 986 Κοννακό-

354 1017 450 1091 ρηξ
499 1016 913 1087 ἐσκηνικεύετο·
962 1017 1014 1071 οἱ
1065 1016 1122 1071 δὲ
1171 1016 1542 1092 Ἡρακλεῶται
1597 1018 1814 1080 τούτοις
1879 1023 1998 1080 τοῖς

351 1104 538 1181 λόγοις
577 1104 983 1179 ἐξηπατημένοι
1033 1105 1144 1177 (ἀεὶ
1181 1106 1282 1182 γὰρ
1345 1107 1558 1182 αἱρετὸν
1603 1107 1666 1162 τὸ
1711 1106 1996 1182 ἐράσμιον)

349 1194 425 1257 ὡς
457 1193 686 1264 ἀληθέσι
727 1199 847 1256 τοῖς
893 1195 1287 1268 τερατευθεῖσιν
1331 1195 1628 1253 ἐπίστευον.
1663 1201 1719 1251 '0
1776 1194 1833 1252 δὲ
1866 1199 2000 1253 Κον-

347 1283 608 1358 νακόρηξ,
640 1284 716 1346 ὡς
763 1283 1152 1356 ἠπατημένους
1202 1279 1364 1360 ἔγνω,
1396 1285 1534 1340 κατᾶ
1584 1283 1747 1358 μέσας
1804 1285 1998 1346 νύκτας

353 1367 673 1433 ἐπιϐιϐάσας
717 1371 949 1447 ἡσύχως
1006 1377 1124 1434 ταῖς
1179 1374 1429 1448 τριήρεσι
1471 1375 1534 1429 τὸ
1587 1375 1892 1448 στράτευμα
1923 1376 1998 1448 (αἱ

349 1460 456 1536 γάρ
503 1460 638 1534 πρός
670 1461 983 1536 Ὀτριάριον
1034 1462 1293 1531 συνθῆκαι
1341 1466 1523 1517 κακῶν
1575 1463 1802 1526 ἀπαθεῖς
1850 1463 2013 1520 ιῖιπιέ-⁴

346 1570 452 1618 ναι,
485 1548 575 1604 καὶ
624 1548 677 1603 e’t'
731 1569 782 1603 τι
832 1547 1247 1625 κεκερδαγκότες
1294 1551 1342 1586 ⁷ο
1391 1550 1596 1622 εἴησαν,
1633 1553 1749 1624 μεθ’
1795 1552 1998 1608 ἑαυτῶν

349 1636 494 1713 ἄγειν
548 1635 864 1711 ἐπέτρεπον)
929 1639 1021 1693 καὶ
1071 1638 1232 1700 αὐτὸς
1304 1639 1520 1702 τούτοις
1588 1637 1989 1714 συνεξέπλευσε.

349 1724 694 1805 Δαμωφέλης
744 1723 800 1780 δὲ
857 1724 955 1789 τὰς
996 1727 1175 1791 πύλας
1228 1726 1443 1796 ἀνοίξας
1503 1729 1853 1804 εἰσχεόμενον
1898 1731 1990 1784 τὸν

2101 571 2468 640 inhaererent,
2501 587 2602 642 per
2656 570 3087 628 simulationem
3133 571 3342 647 suasit.
3374 571 3604 628 Etenim
3656 585 3759 642 per

2101 660 2324 717 litteras
2357 677 2418 717 se
2451 661 2794 732 cognovisse
2821 677 3015 733 regem
3045 677 3080 716 a
3107 660 3357 732 Tigrane
3403 677 3615 731 genero
3648 661 3751 717 be-

2102 749 2278 821 nigne
2308 755 2670 820 susceptum,
2690 765 2795 804 nec
2823 749 3063 820 longum
3088 753 3214 822 post
3234 747 3599 805 intervallum
3626 750 3756 806 suf—

2104 839 2305 895 ﬁciens
2338 839 2473 895 inde
2503 845 2834 910 exspectare
2865 837 3172 895 auxilium.
3198 838 3356 894 Hanc
3379 844 3498 894 tum
3533 835 3752 894 larvam

2102 929 2394 984 scenicam
2426 927 2544 984 illis
2577 929 2964 1000 praetendebat
3008 927 3386 984 Connacorix.
3422 929 3609 994 Quare
3662 926 3756 982 his

2103 1017 2288 1073 verbis
2345 1017 2572 1089 decepti
2631 1016 3032 1073 Heraclienses
3084 1019 3331 1089 (semper
3384 1017 3538 1072 enim
3597 1018 3750 1088 quod

2101 1106 2320 1162 adlibet
2363 1106 2678 1178 expetitur)
2709 1109 2902 1162 astute
2950 1106 3237 1173 conﬁctis,
3272 1110 3338 1161 ut
3375 1106 3547 1172 veris,
3579 1105 3752 1161 fidem

2103 1194 2442 1250 adhibuere.
2493 1193 2873 1263 Connacorix,
2927 1199 2986 1249 ut
3041 1193 3100 1249 in
3147 1195 3412 1250 fraudem
3473 1194 3755 1250 deductos

2100 1284 2276 1351 videt,
2312 1289 2479 1340 nocte
2510 1284 2881 1355 intempesta,
2915 1283 3168 1339 exercitu
3203 1283 3448 1338 navibus
3474 1282 3753 1355 imposito

2103 1373 2228 1444 (per
2258 1374 2442 1430 fmdus
2464 1373 2621 1430 enim
2642 1389 2776 1428 cum
2797 1372 3016 1428 Triario
3043 1371 3254 1428 initum
3282 1370 3460 1428 salvis
3491 1371 3672 1441 abire,
3694 1376 3754 1429 et

2101 1462 2151 1517 si
2197 1463 2336 1534 quid
2385 1461 2533 1518 lucri
2583 1462 2880 1529 fecissent,
2913 1477 3110 1518 secum
3163 1466 3458 1532 asportare
3503 1459 3756 1534 licebat),

2101 1552 2223 1623 ipse
2240 1567 2372 1609 cum
2397 1551 2684 1608 militibus
2698 1550 2966 1607 discedit.
2983 1549 3355 1623 Damophiles
3369 1554 3584 1620 autem,
3599 1551 3759 1607 solu-

2102 1642 2178 1697 tis
2235 1641 2436 1712 portis,
2487 1641 2843 1696 introi'usum
2891 1640 3280 1697 Romanorum
3330 1640 3649 1697 exercitum
3698 1646 3755 1698 et

2103 1729 2389 1786 Triarium
2425 1729 2670 1801 recipit:
2701 1746 2950 1802 quorum
3001 1729 3099 1786 alii
3129 1746 3230 1801 per
3261 1736 3490 1802 portam
3537 1730 3755 1788 irrum—

347 1815 658 1888 Ῥωμαϊκὸν
714 1815 942 1890 στρατὸν
990 1817 1078 1870 καὶ
1152 1816 1244 1870 τὸν
1295 1816 1603 1891 Ὀτριάριον
1670 1816 1990 1894 είσεδέχετο,

2111 1825 2274 1892 punt,
2299 1820 2566 1875 nonnulli
2598 1821 2771 1876 etiam
2795 1819 2946 1875 muri
2970 1819 3284 1890 pinuacula
3304 1821 3750 1877 transcendunt.

347 1903 476 1966 τοὺς
528 1905 623 1978 μὲν
672 1901 760 1958 διὰ
808 1911 909 1973 τῆς
957 1904 1163 1976 πύλης,
1195 1905 1367 1968 ἐνίους
1417 1904 1476 1961 δὲ
1511 1909 1602 1962 καὶ
1658 1910 1760 1977 τὴν
1809 1908 1997 1984 στεφά·

347 2015 443 2064 νην
474 1988 914 2068 ὑπερϐαίνοντας.
945 1993 1044 2049 Καὶ
1083 1993 1208 2050 τότε
1253 2002 1353 2064 τῆς
1411 1993 1711 2070 προδοσίας
1739 1997 1791 2050 οἱ
1821 1997 1994 2070 Ἠρα-

349 2082 587 2138 κλεῶται
641 2082 958 2156 ἐπῄσθοντο.
1007 2083 1106 2138 Καὶ
1173 2084 1226 2138 οἱ
1287 2085 1380 2158 μὶν
1435 2090 1569 2162 σφᾶς
1619 2086 1817 2149 αὐτοὺς
1863 2106 1996 2159 παρ-

350 2170 618 2243 εδίδοσαν,
653 2173 705 2227 οἱ
754 2171 812 2228 δὲ
865 2173 1196 2242 ἐκτείνοντο,
1245 2176 1312 2229 τά
1354 2196 1413 2230 τε
1458 2176 1726 2248 κειμήλια
1782 2176 1870 2231 καὶ
1926 2177 1994 2232 τὰ

351 2256 376 2282 ,ρ
589 2259 613 2280 ο.
776 2262 786 2281 ρ
1054 2263 1067 2281 ε
1281 2265 1294 2284 ς
1410 2265 1422 2283 ε
1784 2265 1798 2286 ν

350 2263 556 2318 επιπλα
586 2267 937 2337 οιπρπαζετο,
979 2282 1069 2317 και
1114 2263 1302 2333 πολλη
1341 2285 1467 2327 τους
1498 2263 1736 2327 πολίτας
1766 2265 1992 2339 ωμότης

349 2346 644 2424 ἐλάμϐανε,
699 2351 1062 2425 μεμνημένων
1111 2351 1398 2426 Ῥωμαίων
1441 2354 1538 2408 ὅσα
1580 2374 1638 2408 τε
1699 2355 1846 2427 παρά
1889 2357 1990 2425 τὴν

344 2440 656 2522 ναυμαχίαν
697 2443 826 2513 [389
873 2445 965 2516 Η.]
1011 2443 1231 2498 πάθοιεν
1281 2446 1404 2517 [749
1438 2446 1530 2517 Η.]
1559 2444 1648 2499 καὶ
1698 2445 1796 2500 ὅσα
1834 2466 1990 2500 τετα-

345 2532 765 2607 λαιπωρηκότες
823 2530 910 2587 ἐπὶ
978 2536 1048 2606 τῇ
1131 2532 1427 2610 πολιορκίᾳ
1501 2532 1824 2606 ὑπέστησαν.
1879 2535 1992 2593 Οὐκ

346 2621 645 2697 ἀπείχοντο
692 2625 822 2697 γοῦν
869 2618 994 2676 οἷ)δέ
1039 2625 1147 2676 τῶν
1191 2621 1279 2676 ἐπὶ
1327 2627 1444 2684 τοῖς
1494 2624 1661 2697 ἱεροῖς
1721 2627 1991 2704 πεφευγό-

343 2731 473 2780 των,
505 2709 650 2766 alia
687 2712 832 2786 παρά
872 2731 932 2766 τε
973 2716 1090 2773 τοῖς
1141 2711 1360 2786 βωμοῖς
1395 2711 1486 2767 καὶ
1528 2718 1646 2776 τοῖς
1679 2712 1985 2790 ἀγάλμασιν

343 2798 539 2862 αὐτοὺς
587 2796 868 2878 ἔσφαττον.
928 2801 1023 2855 Διὸ
1071 2799 1278 2856 πολλοὶ
1336 2798 1712 2864 διαπίπτοντες
1764 2801 1823 2858 ἐκ
1877 2810 1984 2859 τῶν

343 2893 546 2964 τειχῶν
581 2885 736 2964 φόϐῳ
764 2894 860 2944 τοῦ
903 2889 1142 2967 ἀφύκτου
1192 2891 1422 2945 θανάτου
1462 2891 1597 2946 κατὰ
1634 2896 1806 2946 πᾶσαν
1840 2892 1986 2948 ἐσκε-

341 2976 602 3034 δάννυντο
630 2979 820 3054 χώραν
854 2998 868 3012 ·
902 2979 954 3033 οἱ
994 2975 1052 3033 δὲ
1091 2977 1424 3053 αὐτομολεῖν
1457 2981 1594 3055 πρὸς
1651 2981 1744 3036 τὸν
1778 2983 1985 3038 Κότταν

342 3067 735 3142 ἠναγκάζοντο.
777 3068 861 3136 Ἐξ
909 3068 982 3121 ὧν
1030 3066 1230 3132 ἐκεῖνος
1276 3069 1375 3138 τήν
1414 3090 1471 3124 τε
1519 3066 1723 3124 ἅλωσιν
1772 3071 1861 3124 καὶ
1889 3072 1980 3126 τὸν

342 3157 543 3231 φθόρον
575 3160 684 3212 τῶν
715 3156 1014 3231 ἀνθρώπων
1067 3157 1157 3211 καὶ
1201 3159 1300 3228 τήν
1352 3155 1654 3234 διαρπαγὴν
1686 3164 1795 3214 τῶν
1838 3179 1984 3235 χρη-

345 3245 528 3319 μάτων
574 3244 880 3318 πυθόμενος
938 3245 981 3282 ⁷³
1049 3245 1221 3323 ὀργῆς
1294 3245 1698 3320 ἀνεπίμπλατο,
1751 3249 1840 3303 καὶ
1899 3246 1989 3304 διὰ

338 3332 551 3409 ταχέων
601 3333 737 3409 πρὸς
767 3335 867 3402 τὴν
917 3331 1080 3388 πόλιν
1134 3333 1412 3409 ἠπείγετο.
1461 3333 1895 3412 Συνεχαλέπαινε
1930 3332 1988 3390 δὲ

337 3424 428 3476 καὶ
457 3421 522 3476 τὸ
553 3422 880 3496 στράτευμα,
913 3422 985 3483 ὡς
1018 3422 1082 3476 οὐ
1118 3425 1278 3495 μόνον
1308 3423 1407 3492 τὴν
1457 3420 1545 3477 ἐπὶ
1596 3429 1715 3486 τοῖς
1772 3444 1983 3498 κατωρ-

339 3510 609 3584 θωμένοις
639 3507 878 3584 εὐδοξίαν
908 3510 1276 3588 ἀφῃρημένων
1309 3511 1374 3581 ⁷⁸,
1419 3509 1564 3567 ἀλλὰ
1602 3512 1690 3567 καὶ
1737 3518 1847 3568 τῶν
1888 3511 1987 3569 λυ-

340 3598 622 3654 σιτελειῶν
681 3598 889 3663 ἁπάσας
942 3599 1088 3676 παρὰ
1151 3602 1260 3654 τῶν
1316 3598 1491 3654 αὐτῶν
1564 3597 1982 3675 διηρπασμένοι.

337 3687 436 3743 Καὶ
479 3688 554 3750 εἰς
588 3687 776 3766 μάχην
811 3685 870 3742 ἂν
913 3693 1031 3751 τοῖς
1063 3686 1370 3768 ὁμοφύλοις
1413 3690 1745 3759 κατέστησαν
1793 3688 1987 3746 ἄσπον-

340 3774 432 3832 δον
476 3777 566 3832 καὶ
605 3778 979 3847 κατεκόπησαν
1030 3774 1092 3833 ἂν
1147 3776 1544 3848 ὑπ’ἂλλήλων,
1580 3778 1624 3832 εί
1659 3779 1734 3850 μὴ
1769 3780 1985 3853 Ὀτριά-

339 3864 749 3943 ριος,ἐπιγνοὺς
790 3868 888 3936 τὴν
936 3867 1116 3942 ὁρμὴν
1165 3867 1364 3939 αύτῶν,
1397 3865 1632 3929 πολλοῖς
1674 3867 1983 3942 ἐκμειλίξας

2104 1909 2250 1964 Tum
2303 1911 2538 1965 demum
2599 1909 2856 1981 proditos
2905 1924 2967 1964 se
3013 1909 3406 1965 Heraclienses
3462 1908 3750 1976 sentiunt,

2106 2015 2357 2071 parsque
2404 1999 2614 2055 borum
2660 2015 2723 2054 se
2771 1998 2952 2065 dedit,
2987 2015 3119 2069 pars
3168 1998 3513 2054 trucidatur.
3549 1999 3661 2056 Res
3691 2000 3752 2055 in

2103 2088 2298 2145 abdito
2328 2089 2594 2160 reposita:
2627 2093 2686 2144 et
2716 2087 3107 2160 supellectilia
3138 2089 3516 2160 diripiuntur,
3549 2096 3603 2145 et
3635 2106 3758 2146 ma-

2105 2193 2223 2250 gna
2269 2176 2611 2234 crudelitate
2641 2179 2701 2234 in
2744 2177 2896 2234 cives
2946 2177 3274 2234 desaevitur.
3309 2177 3456 2234 Nam
3511 2177 3754 2234 recurrit

2102 2267 2298 2324 animo
2331 2268 2627 2337 Romanis,
2651 2271 2869 2339 quanta
2891 2266 3080 2322 navali
3104 2266 3378 2323 conﬂictu
3403 2266 3756 2324 detrimenta

2103 2355 2486 2428 accepissent,
2517 2359 2575 2410 et
2604 2359 2856 2427 quantas
2886 2355 3312 2412 sustinuissent
3350 2372 3644 2412 arumnas
3693 2356 3752 2412 in

2102 2446 2555 2518 oppugnatione.
2576 2445 2822 2518 Ideoque
2843 2461 2948 2501 nec
2973 2445 3042 2501 ab
3064 2444 3156 2501 his
3177 2446 3276 2517 qui
3298 2446 3368 2500 ad
3393 2446 3565 2501 deum
3590 2461 3755 2501 sacra

2102 2535 2484 2607 confugerant
2513 2537 2925 2605 temperatum,
2947 2535 3047 2590 sed
3071 2535 3232 2604 iuxta
3259 2551 3391 2590 aras
3424 2539 3482 2590 et
3509 2533 3756 2589 delubra

2101 2623 2393 2696 supplices
2408 2622 2949 2687 mactati.Quocirca
2964 2622 3130 2679 multi
3151 2627 3315 2678 trans
3331 2638 3527 2678 muros
3544 2621 3753 2693 elapsi,

2102 2712 2307 2769 mortis
2354 2710 2701 2768 inevitabilis
2751 2715 2932 2779 metu,
2966 2727 3066 2781 per
3099 2713 3279 2766 totam
3330 2711 3752 2783 disperguntur

2098 2805 2395 2874 regionem
2422 2817 2434 2856 :
2471 2799 2772 2856 nonnullis
2804 2802 2980 2856 etiam
3012 2799 3082 2855 ad
3115 2798 3335 2855 Cottam
3378 2799 3749 2872 transfugere

2098 2889 2330 2947 coactis.
2351 2893 2396 2944 A
2417 2889 2629 2960 quibus
2660 2887 2756 2944 ille
2788 2888 2857 2944 de
2889 2887 3321 2960 expugnatione
3352 2887 3540 2956 urbis,
3563 2892 3618 2944 et
3649 2889 3750 2945 bo-

2098 2979 2326 3036 minum
2349 2982 2543 3051 strage
2565 2986 2617 3033 et
2639 2976 2966 3048 direptione
2983 2977 3294 3045 bonorum,
3311 2976 3522 3033 certior
3539 2977 3751 3047 factus,

2098 3071 2185 3126 ira
2217 3077 2366 3125 totus
2407 3067 2751 3136 exardescit,
2782 3074 2839 3122 et
2887 3083 3059 3138 quam
3108 3065 3404 3123 celerrime
3434 3065 3507 3122 ad
3540 3067 3745 3123 urbem

2098 3160 2355 3216 festinat.
2389 3157 2633 3214 Moleste
2663 3157 2840 3214 etiam
2873 3155 3052 3213 simul
3078 3157 3212 3212 tulit
3242 3156 3549 3223 exercitus,
3585 3155 3745 3228 quod

2098 3265 2213 3304 non
2263 3247 2436 3302 modo
2491 3245 2678 3318 gloria
2731 3261 2920 3302 rerum
2974 3243 3197 3301 fortiter
3252 3248 3548 3316 gestarum
3609 3260 3746 3316 spo-

2094 3337 2219 3391 liati
2241 3335 2430 3392 281!)
2451 3336 2548 3390 sed
2573 3333 2752 3390 etiam
2787 3333 3115 3390 commodis
3157 3332 3444 3389 universis
3485 3331 3734 3388 fraudati

2094 3430 2292 3481 essent
2320 3425 2392 3480 ab
2425 3424 2655 3480 iisdem.
2689 3423 2820 3478 Ideo
2871 3422 3228 3495 implacabili
3263 3438 3395 3478 cum
3428 3420 3743 3494 gentilibus

2096 3514 2412 3570 certamine
2445 3512 2718 3578 conserti,
2753 3512 2974 3568 mutuis
3004 3529 3066 3568 se
3097 3511 3349 3568 caedibus
3382 3511 3741 3578 hausissent,

2097 3605 2208 3661 nisi
2227 3605 2512 3667 Triarius.
2529 3604 2917 3660 concitatione
2940 3601 3175 3659 illorum
3198 3600 3516 3669 intellecta,
3541 3601 3748 3657 multis

2096 3698 2356 3766 pacasset
2402 3693 2596 3749 verbis
2646 3693 2894 3761 Cottam,
2927 3699 2982 3747 et
3012 3691 3069 3746 in
3116 3705 3425 3746 commune
3476 3706 3537 3746 se
3588 3689 3752 3744 lucra

2095 3783 2494 3852 expositurum
2538 3788 2734 3838 sancte
2782 3781 3095 3854 promisso,
3130 3778 3348 3834 bellum
3398 3776 3749 3832 intestinum

2096 3870 2474 3927 inhibuisset.

339 3952 530 4029 λόγοις
603 3953 696 4010 τόν
772 3973 829 4009 τε
885 3955 1088 4010 Κότταν
1163 3956 1251 4010 καὶ
1320 3956 1410 4010 τὸν
1464 3956 1710 4030 στρατὸν,
1744 3955 1834 4012 καὶ
1893 3956 1970 4022 είς
2022 3959 2085 4013 τὸ
2150 3957 2334 4012 κοινὸν
2392 3955 2458 4012 τὰ
2515 3952 2680 4029 κέρδη
2740 3956 3043 4011 καταθεῖναι
3069 3955 3114 3990 ⁷³
3153 3945 3619 4027 βεϐαιωσάμενος,
3657 3950 3751 4008 τὸν

338 4041 608 4122 ἐμφύλιον
654 4042 959 4120 ἀνεχαίτισε
991 4043 1260 4118 πόλεμον.

499 4161 636 4215 CAP.
671 4156 811 4213 LIV.
845 4188 913 4198 —
939 4157 1093 4214 Cotta
1123 4159 1435 4216 Heracleam
1462 4158 1828 4232 exspoliatam
1858 4157 2201 4286 incendi?!“
2229 4159 2290 4215 in
2315 4155 2493 4214 reditu
2520 4171 2779 4227 magnam
2801 4152 3016 4228 praedae
3042 4156 3253 4227 partem
3282 4151 3599 4224 naufragiis

1935 4246 2048 4286 amt
2100 4247 2120 4286 ι
2148 4270 2162 4286 .

1935 4246 2162 4287 amum.

413 4318 564 4375 Ἐπεὶ
615 4315 672 4372 δὲ
727 4317 1088 4374 ἐπυνθάνοντο
1138 4320 1229 4376 τὸν
1291 4321 1675 4395 Κοννακόρηκα
1727 4319 1986 4391 κατειλη-

337 4407 481 4486 φότα
534 4407 633 4476 τὴν
671 4413 797 4464 Τῖον
856 4408 949 4463 καὶ
1007 4409 1109 4478 τὴν
1166 4413 1487 4484 ’¹Αμαστριν,
1533 4409 1727 4465 αὐτίκα
1784 4407 1990 4473 Κόττας

2170 4319 2278 4379 Ubi
2307 4338 2438 4379 vero
2462 4319 2685 4378 audivit
2706 4319 2820 4376 Con
2832 4317 3158 4390 nacorigem
3180 4315 3353 4372 Tium
3376 4322 3430 4371 et
3448 4313 3748 4371 Amastrin

2099 4427 2434 4484 occupasse,
2458 4411 2585 4468 sine
2607 4427 2771 4466 mora
2789 4408 3082 4464 Triarium
3105 4409 3268 4463 Cotta
3289 4404 3534 4474 dimisit,
3561 4407 3624 4460 ut
3645 4403 3749 4459 has

337 4495 640 4571 Ὀτριάριον
711 4495 979 4572 ἐκπέμπει
1043 4499 1484 4575 ἀφαιρησόμενον
1547 4500 1729 4554 αὐτῶν
1789 4499 1836 4534 ⁷⁴
1891 4499 1988 4563 τὰς

395 4586 435 4604 ,η
602 4589 652 4604 ..
702 4587 715 4603 .
819 4585 861 4604 α,
1001 4587 1015 4604 ,
1633 4590 1644 4604 .
1801 4589 1825 4604 ..
1863 4586 1886 4604 κ

2101 4501 2184 4558 eis
2211 4503 2384 4557 urbes
2417 4500 2718 4556 adimeret.
2745 4499 2873 4571 Ipse
2900 4496 3157 4564 interim,
3183 4496 3434 4566 acceptis
3465 4493 3749 4550 dedititiis

332 4586 551 4651 πόλεις.
585 4585 872 4664 Αύτὸςιδὲ
921 4587 1048 4652 τούς
1103 4611 1161 4644 τε
1208 4590 1746 4666 προσκεχωρηκότας
1795 4586 1986 4666 ἄνδρας

334 4670 524 4731 λαϐὼν
557 4677 646 4731 καὶ
691 4677 818 4738 τοὺς
866 4675 925 4732 ἐκ
963 4683 1066 4747 τῆς
1097 4677 1484 4752 αἰχμαλωσίας
1543 4678 1882 4754 ἀνθρώπους,
1921 4679 1991 4734 τά

337 4763 509 4821 λοιπὰ
543 4765 676 4838 μετᾶ
703 4766 885 4838 πάσης
931 4765 1132 4823 διεῖπεν
1183 4767 1491 4842 ὠμότητος.
1539 4770 1818 4844 Χρήματα
1855 4774 1989 4844 γοῦν

339 4851 764 4928 διερευνώμενος
823 4853 948 4911 οὐδὲ
1006 4860 1111 4911 τῶν
1184 4854 1236 4911 ἐν
1294 4857 1462 4930 ἱεροῖς
1531 4855 1794 4930 ἐφείδετο,
1845 4856 1990 4912 ἄλλά

333 4941 465 5003 τούς
516 4963 574 4997 τε
629 4940 945 5016 ἀνδριάντας
986 4944 1076 5000 καὶ
1123 4946 1189 4999 τά
1236 4943 1522 5020 ἀγάλματα
1563 4944 1746 5014 ἐκίνει,
1799 4945 1990 5002 πολλὰ

335 5029 429 5088 καὶ
459 5029 603 5087 καλά
649 5032 696 5068 ⁷⁸
739 5029 888 5091 ὅντα.
921 5034 1019 5089 Καὶ
1063 5031 1129 5104 δή
1172 5034 1262 5088 καὶ
1319 5035 1412 5090 τὸν
1464 5032 1737 5110 Ἡρακλέα
1781 5035 1873 5090 τὸν
1930 5034 1990 5091 ἐκ

333 5127 440 5190 τῆς
480 5121 680 5197 ἀγορὰς
728 5122 913 5196 ἀνῄρει
959 5123 1051 5178 καὶ
1103 5125 1297 5194 σκευὴν
1347 5123 1513 5180 αὐτοῦ
1561 5125 1660 5195 τήν
1724 5123 1831 5180 ἀπὸ
1887 5131 1988 5196 τῆς

335 5208 671 5286 πυραμίδος,
713 5210 1078 5276 πολυτελείας
1148 5213 1239 5269 καὶ
1299 5213 1558 5289 μεγέθους
1605 5215 1694 5269 καὶ
1762 5211 1829 5284 δὴ
1897 5213 1986 5269 καὶ

338 5300 554 5376 ῥυθμοῦ
598 5301 686 5357 καὶ
739 5300 966 5379 χάριτος
1017 5303 1107 5358 καὶ
1145 5302 1350 5378 τέχνης
1393 5300 1612 5367 οὐδενὸς
1665 5306 1771 5359 τῶν
1835 5301 1987 5359 ἐπαι-

2098 4596 2155 4646 et
2184 4590 2448 4663 captivis,
2475 4593 2684 4646 caetera
2707 4604 2808 4660 per
2825 4603 3062 4643 omnem
3080 4584 3354 4641 saevitiam
3379 4583 3755 4640 administra-

2097 4681 2203 4739 vit.
2251 4679 2400 4736 Nam
2455 4679 2595 4734 dum
2642 4694 2782 4750 opes
2832 4675 3047 4749 passim
3100 4677 3416 4738 scrutatur,
3452 4688 3523 4728 ne
3572 4671 3754 4728 sacris

2100 4770 2328 4842 quidem
2363 4768 2565 4841 parcit.
2591 4772 2823 4823 Statuas
2849 4765 3005 4821 enim
3038 4767 3094 4820 et
3124 4764 3436 4837 imagines,
3467 4765 3583 4817 tam
3618 4759 3757 4831 pul-

2098 4861 2268 4916 chras
2301 4875 2475 4931 quam
2509 4858 2744 4926 multas,
2777 4856 2901 4912 loco
2933 4854 3150 4912 movit:
3185 4854 3326 4926 quin
3359 4856 3416 4908 et
3446 4848 3751 4906 Herculem

2097 4966 2128 5006 e
2151 4951 2293 5019 foro,
2313 4955 2369 5005 et
2391 4952 2662 5005 ornatum
2685 4946 2814 5018 ejus
2839 4961 2872 5000 a
2893 4943 3212 5016 pyramide,
3237 4943 3498 5014 sumptu,
3524 4937 3753 5011 magni-

2098 5039 2320 5106 tudine,
2345 5054 2451 5093 nec
2473 5053 2591 5093 non
2613 5034 2842 5106 opificio
2865 5037 2922 5089 et
2949 5038 3096 5099 arte,
3120 5029 3282 5087 nullo
3315 5026 3754 5085 laudatissimo-

2096 5143 2225 5183 rum
2256 5142 2492 5199 operum
2526 5125 2882 5188 inferiorem,
2907 5120 3171 5179 sustulit.
3195 5120 3332 5176 Erat
3360 5122 3556 5174 autem
3589 5115 3757 5172 clava

2099 5215 2307 5272 malleo
2337 5232 2480 5271 cusa
2510 5230 2578 5270 ex
2608 5229 2750 5270 auro
2782 5210 3134 5284 purissimo:
3159 5212 3215 5265 et
3237 5206 3466 5264 leonina
3495 5204 3606 5276 ipsi
3639 5203 3755 5261 cir-

2095 5305 2386 5374 cumfusa,
2411 5308 2766 5374 corytusque
2796 5317 2865 5358 ex
2894 5300 3094 5356 eadem
3130 5297 3392 5366 materia,
3415 5311 3552 5352 arcu
3572 5299 3630 5352 et
3659 5310 3758 5352 sa-

1685 5456 1928 5515 VARLE
1975 5454 2392 5513 LECTIONES.

414 5597 462 5635 ⁸9
517 5595 770 5658 δέγεσθαι
827 5602 894 5658 Α.

970 5601 1020 5676 7‘?
1074 5599 1456 5676 κεκερδαριότες
1510 5606 1577 5676 Αο

1653 5603 1699 5641 7‘
1758 5600 2084 5676 πειθόμενος

2140 5599 2222 5674 ς’.
2299 5599 2347 5635 ’⁸⁸
2403 5598 2581 5688 ἆφῃρη
2636 5595 2750 5652 ένον
2788 5596 3064 5672 Scaliger,
3095 5590 3440 5672 ἀφῃρημένοι
3479 5589 3759 5647 Hmsche-

2140 5691 2236 5728 ντα
2272 5670 2364 5726 καὶ
2393 5677 2538 5728 καλα

369 5671 381 5683 .
414 5618 462 5635 υσ
517 5618 770 5708 οεχεσυαι
818 5618 894 5688 ft.
977 5618 1020 5638 ιν
1074 5618 1456 5676 κεκεροακότες
1510 5618 1577 5661 A.
1660 5618 1699 5641 ιι
1758 5618 2084 5676 πειθόμενος
2108 5618 2222 5690 νε.
2306 5618 2347 5635 σο
2403 5618 2538 5688 αφῃρ

342 5671 480 5729 llus.
554 5675 573 5709 ⁷
619 5673 928 5729 καταθειναι
959 5673 1027 5731 τὰ
1054 5671 1220 5751 κέρδη
1412 5677 1459 5714 ⁷⁴
1486 5675 1644 5732 αὐτὸν
1671 5675 1946 5748 Scaliger.
2021 5675 2067 5711 ’⁸⁵
2106 5691 2236 5728 οντα
2272 5670 2364 5726 καὶ
2393 5677 2538 5728 καλα
