4138 6228
358 379 470 439 931

1562 365 1832 428 ΡΗΟΤΙΙ
1881 365 2400 428 ΡΛἸἮΙΑΗΟΗᾸΞ
2443 368 2558 429 CP.

3643 377 3758 437 932

357 512 514 586 gittis
544 513 807 570 refertus.
832 508 1012 566 Multa
1031 506 1202 563 etiam
1226 504 1336 560 alia
1357 518 1516 576 reque
1546 501 1806 558 miranda
1828 503 1998 571 atque

2120 500 2395 572 νουμένων
2443 499 2913 576 ἀπολειπομένην.
2945 505 3037 560 Ἦν
3081 501 3138 558 δὲ
3187 502 3429 579 ῥόπαλον
3476 505 3768 582 σφυρήλα-

360 602 624 674 pulchra,
647 617 677 655 e
700 599 850 656 fanis
872 600 928 654 et
951 596 1091 652 urbe
1113 593 1360 660 sublata,
1378 592 1623 649 navibus
1645 589 1894 646 intersit.
1915 589 2000 643 Ad

359 692 630 746 ultimum
659 690 840 760 jussis
872 689 1068 759 ignem
1102 685 1418 740 immittere
1450 681 1760 746 militibus,
1797 679 2002 735 multis

358 785 562 837 urbem
595 781 854 851 partibus
888 778 1208 834 succendit.
1246 778 1328 831 Ita
1360 779 1526 844 capta
1557 779 1610 829 et
1642 773 1886 828 subacta
1915 779 2001 826 est

356 870 579 937 civitas,
604 883 733 926 cum
767 869 912 924 duos
941 866 1434 938 oppugnationem
1469 879 1652 918 annos
1682 860 2000 917 sustinuis-

356 963 460 1014 set.
495 958 612 1012 Sub
661 957 784 1012 hec
833 956 1094 1012 Triarius
1142 956 1208 1009 ad
1253 955 1424 1009 urbes
1466 952 1575 1008 sibi
1617 949 2000 1006 demandatas

355 1049 666 1121 profectus,
697 1044 1079 1115 Connacorigi
1111 1043 1182 1113 (is
1214 1045 1365 1098 enim
1403 1039 1792 1113 proditionem
1824 1039 2000 1093 Hera-

354 1138 484 1193 cleae
515 1137 762 1192 aliarum
795 1135 1175 1206 occupatione
1206 1131 1582 1188 dissimulare
1623 1129 1817 1186 animo
1851 1145 2002 1200 pra:-

354 1228 728 1297 sumpserat),
761 1224 1068 1280 securitate
1112 1221 1363 1277 abeundi
1395 1221 1565 1286 facta,
1601 1219 1857 1274 civitates
1890 1217 1998 1273 sub

354 1315 787 1373 conditionibus
811 1313 982 1370 certis
1010 1311 1233 1382 recipit.
1259 1311 1420 1366 Cotta
1443 1314 1639 1365 autem
1665 1309 1860 1377 rebus,
1885 1324 1999 1378 quo

357 1407 579 1461 dictum
612 1408 697 1460 est
738 1405 930 1473 modo,
963 1401 1263 1470 coniectis,
1297 1401 1596 1471 pedestres
1647 1397 1844 1467 c0pias
1889 1413 1999 1451 una

358 1514 491 1553 cum
523 1495 788 1567 equitatu
821 1492 1066 1549 Lucullo
1098 1491 1295 1554 tradit,
1328 1495 1384 1546 et
1418 1489 1638 1545 socium
1671 1487 1905 1555 auxilia,
1940 1487 1999 1542 in

356 1601 526 1641 suam
577 1599 818 1654 quaeque
865 1583 1130 1654 patriam,
1182 1579 1466 1635 dimittit:
1513 1578 1638 1648 ipse
1687 1592 1820 1632 vero
1869 1591 1998 1630 cum

356 1676 547 1732 classe
578 1673 858 1729 avehitur.
887 1671 969 1727 lbi
995 1670 1229 1725 navium
1254 1685 1376 1739 quas
1409 1667 1571 1722 urbis
1595 1665 1782 1735 spolia
1812 1669 2002 1721 vecta-

357 1766 514 1834 bant,
548 1781 680 1836 pars
724 1779 899 1834 supra
947 1761 1185 1816 modum
1237 1762 1496 1822 onerata,
1528 1755 1683 1811 haud
1739 1755 2001 1826 procula

2111 609 2203 644 τον
2262 588 2501 667 ἀπέφθου
2561 595 2771 666 χρυσοῦ
2831 595 3228 665 πεποιημένον,
3287 595 3421 648 κατά
3482 591 3538 650 δὲ
3595 596 3764 651 αὐτοῦ

2114 677 2310 744 λεοντῆ
2345 678 2555 753 μεγάλη
2593 679 2843 756 ἐκέχυτο,
2875 683 2965 736 καὶ
2995 683 3238 758 γωρυτὸς
3279 691 3378 751 τῆς
3438 685 3607 754 αὐτῆς
3670 688 3765 759 μὲν

2110 766 2268 838 ὕλης,
2305 766 2484 842 βελῶν
2525 767 2581 824 δέ
2612 771 2800 844 γέμων
2832 773 2921 825 καὶ
2966 774 3144 841 τόξου.
3181 774 3372 829 Πολλά
3406 774 3461 829 δέ
3490 776 3581 829 καὶ
3615 775 3763 831 ἄλλα

2109 852 2251 908 καλά
2289 854 2378 908 καὶ
2436 855 2719 928 θαυμαστὰ
2774 856 3095 931 ἀναθήματα
3125 853 3184 913 ἔκ
3222 880 3277 913 τε
3307 865 3414 914 τῶν
3451 860 3613 934 ἱερῶν
3669 862 3762 915 καὶ

2109 946 2208 1007 τῆς
2249 941 2468 1008 πόλεως
2513 943 2731 1022 ἀφελὼν
2785 951 2904 1009 ταῖς
2953 947 3142 1001 ναυσὶν
3177 947 3510 1022 ἐγκατέθετο.
3547 949 3651 1006 Καί
3698 952 3759 1005 τὸ

2109 1030 2420 1087 τελευταῖον
2488 1037 2594 1109 πῦρ
2654 1033 2846 1090 ἐνεῖναι
2907 1041 3023 1099 τοῖς
3078 1038 3436 1110 στρατιώταις
3495 1037 3758 1101 κελεύσας

2108 1127 2178 1196 τῇ
2205 1123 2364 1178 πόλει
2397 1124 2533 1178 κατὰ
2563 1123 2750 1180 πολλά
2795 1125 2996 1197 ταύτην
3049 1127 3324 1200 ὑπέπρησε
3377 1130 3539 1203 μέρη.
3574 1130 3756 1186 Ἑάλω

2111 1211 2167 1268 δὲ
2215 1215 2249 1282 ἡ
2309 1213 2471 1276 πόλις
2521 1213 2610 1268 ἐπὶ
2651 1212 2750 1269 δύο
2809 1214 2900 1287 ἔτη
2949 1219 3019 1290 τῇ
3051 1217 3346 1292 πολιορκίᾳ
3403 1219 3757 1294 ἀντισχοῦσα.

2111 1307 2168 1357 '0
2227 1299 2284 1357 δὲ
2352 1304 2660 1378 Ὀτριάριος
2727 1307 3109 1380 παραγεγονὼς
3157 1306 3212 1360 έν
3286 1309 3374 1369 αἷς
3449 1307 3760 1364 ἀπέσταλτο

2109 1391 2326 1462 πόλεσι,
2360 1392 2726 1469 Κοννακόρηκι
2787 1393 2968 1465 (οὗτος
3001 1395 3107 1470 γὰρ
3153 1397 3252 1463 τήν
3281 1403 3381 1465 τῆς
3433 1397 3762 1472 Ἡρακλείας

2111 1479 2402 1554 προδοσίαν
2463 1481 2661 1557 ἑτέρων
2743 1485 3064 1559 κατασχέσει
3131 1485 3178 1521 7°
3228 1484 3625 1560 συγκαλύπτειν
3677 1485 3759 1542 δι-

2110 1574 2335 1644 ενοεῖτο)
2384 1569 2508 1633 δοὺς
2558 1568 2736 1626 ἄδειαν
2775 1575 2874 1637 τῆς
2919 1574 3343 1648 ἀναχωρήσεως,
3384 1577 3504 1631 καθ’
3547 1577 3760 1648 ὁμολο-

2108 1660 2226 1736 γίαν
2272 1663 2315 1696 ⁷⁷
2362 1657 2630 1731 λαμϐάνει
2685 1661 2781 1722 τὰς
2831 1660 3040 1722 πόλεις.
3081 1664 3140 1720 Ὀ
3187 1660 3242 1717 δὲ
3286 1664 3483 1724 Κόττας
3516 1666 3651 1739 ἅπερ
3681 1665 3764 1720 εἶ’-

2112 1771 2269 1824 ρηται
2323 1747 2754 1822 διαπραξάμενος
2806 1751 2869 1805 τὸ
2927 1753 3019 1823 μέν
3056 1753 3218 1821 πεζὸν
3266 1754 3356 1808 καὶ
3404 1755 3531 1815 τοὺς
3571 1755 3760 1817 ἱππεῖς

353 1835 554 1910 littore
596 1851 859 1918 solvitur,
895 1868 1026 1924 pars
1060 1849 1327 1921 Aparetia
1357 1855 1525 1902 vento
1556 1848 1759 1900 contra
1802 1844 1996 1908 ﬂante,

2111 1839 2375 1911 ἐκπέμπει
2435 1837 2756 1911 Λευκόλλῳ,
2813 1841 2902 1893 καὶ
2961 1842 3088 1904 τοὺς
3153 1844 3483 1917 συμμάχους
3548 1844 3758 1920 ἀφῆκεν

349 1943 410 1998 in
441 1943 584 1998 vada
623 1941 892 2013 procellis
940 1941 1155 2010 ejecta,
1189 1942 1466 2008 pleraque
1507 1934 1993 2005 asportandorum

351 2048 675 2089 excussere.

2109 1928 2196 1983 ἐπὶ
2245 1933 2352 1982 τῶν
2399 1925 2694 2002 πατρίδων,
2725 1928 2884 1991 αὐτὸς
2927 1927 2973 1983 δ’
3005 1929 3235 2005 ἀνήγετο
3279 1936 3356 2002 τῷ
3387 1933 3588 2005 στόλῳ.
3633 1937 3761 1990 Τῶν

2112 2017 2168 2072 δὲ
2206 2023 2342 2072 νεῶν
2373 2018 2428 2071 αἳ
2466 2017 2532 2072 τὰ
2580 2025 2680 2087 τῆς
2711 2018 2928 2081 πόλεως
2961 2017 3178 2096 λάφυρα
3207 2022 3368 2095 ἦγον,
3411 2023 3466 2076 αἱ
3519 2023 3616 2095 μέν
3667 2044 3763 2078 κα-

350 2121 614 2196 τάφορτοι
667 2118 954 2193 γενόμεναι
1017 2114 1206 2190 μικρὸν
1267 2111 1462 2168 ἄποθεν
1518 2114 1619 2176 τῆς
1675 2116 1777 2186 γῆς
1854 2107 2202 2178 διελύθησαν,
2262 2107 2317 2160 αἱ
2392 2104 2448 2160 δέ
2515 2106 2817 2181 ἀπαρκτίου
2876 2107 3203 2171 πνεύσαντος
3269 2105 3665 2182 ἐξεϐράσθησαν
3713 2113 3764 2150 ⁷³

350 2195 518 2273 εἷςτὰ
556 2207 755 2277 τενάγη
792 2207 882 2261 καὶ
913 2204 1096 2261 πολλὰ
1125 2208 1234 2258 τῶν
1265 2201 1565 2278 ἀγωγίμων
1605 2195 1968 2255 ἀπεϐάλοντο.

490 2362 620 2419 CAP.
657 2361 768 2417 LV.
802 2391 870 2402 —
903 2359 1211 2416 Cleocharis
1241 2359 1502 2429 Leonippi
1532 2361 1581 2413 et
1614 2357 1826 2413 Seleuci
1849 2357 2099 2427 praeiret.
2133 2351 2380 2408 Mithrid.
2415 2351 2631 2424 Sinopa:
2657 2351 2964 2422 dissidium,
2999 2356 3257 2427 tyranni:
3285 2364 3336 2414 et
3361 2357 3616 2429 perﬁdia.

418 2498 567 2553 Tum
600 2496 949 2568 Leonippus,
973 2494 1066 2552 cui
1099 2511 1230 2549 cum
1255 2492 1549 2549 Cleochari
1584 2492 1823 2563 Sinopes
1854 2507 1993 2546 cura

348 2591 404 2642 et
425 2587 630 2643 lutatio
653 2585 1062 2644 commendata
1083 2585 1267 2639 fuerat
1285 2601 1317 2639 a
1337 2582 1688 2648 Mithridate,
1711 2597 1768 2636 re
1792 2583 1995 2651 despe-

350 2682 498 2742 rata,
521 2677 592 2732 de
615 2676 938 2748 proditione
969 2675 1039 2730 ad
1075 2673 1382 2729 Lucullum
1410 2672 1610 2727 mittit.
1633 2673 1706 2727 At
1727 2669 1998 2726 Cleocha-

352 2782 444 2822 rcs
484 2782 617 2822 cuni
668 2765 906 2822 Seleuco
950 2767 1107 2835 (nam
1157 2766 1214 2819 et
1262 2763 1355 2817 hic
1404 2758 1760 2816 Mithridatis
1811 2758 1998 2815 238:1

348 2857 470 2910 erat
491 2853 736 2926 legatus,
753 2854 929 2911 ofﬁcii
947 2853 1297 2910 auctoritate
1319 2867 1449 2907 cum
1468 2849 1689 2906 caeteris
1710 2848 1998 2920 aequatus)

349 2942 628 3015 Leonippi
661 2942 1051 3015 proditionem
1100 2941 1340 3005 odorati,
1375 2941 1652 2995 advocata
1701 2936 1998 3004 concione,

349 3032 645 3088 hominem
668 3037 977 3088 accusant:
1003 3031 1155 3086 cives
1180 3046 1313 3086 vero
1337 3027 1597 3084 criminis
1622 3027 1798 3097 hujus
1822 3026 1994 3081 actio-

350 3137 482 3176 nem
503 3137 618 3174 non
631 3119 1134 3189 admittunt,quod
1154 3119 1398 3189 probum
1421 3133 1548 3173 esse
1569 3115 1999 3171 existimabant.

349 3210 483 3263 Ideo
513 3209 840 3264 Cleocharis
875 3209 1067 3274 factio,
1102 3207 1343 3278 gratiam
1395 3208 1522 3276 ejus
1565 3205 1719 3276 apud
1774 3204 2000 3275 plebem

2175 2489 2295 2559 [391
2361 2488 2451 2559 [1.]
2511 2486 2816 2548 Λεόνιππος
2876 2485 2933 2542 δέ
3003 2490 3030 2544 ὁ
3081 2488 3172 2544 σὺν
3226 2489 3525 2567 Κλεοχάρει
3608 2513 3758 2569 παρρ

2108 2573 2446 2650 Μιθριδάτου
2513 2577 2610 2644 τήν
2687 2576 2943 2647 Σινώπην
3023 2577 3359 2655 ἐπιτραπεὶς,
3420 2583 3759 2657 ἀπεγνωκὼς

2103 2672 2214 2724 τῶν
2258 2669 2621 2744 πραγμάτων,
2655 2668 2857 2742 πέμπει
2915 2671 3039 2746 περὶ
3096 2670 3387 2747 προδοσίας
3439 2675 3575 2748 πρὸς
3618 2677 3762 2730 Λεύ-

2105 2756 2424 2814 κολλον.Ὀ
2485 2755 2542 2812 δὲ
2599 2757 2927 2837 Κλεοχάρης
2986 2762 3098 2834 ἅμα
3156 2760 3410 2835 Σελεύκῳ
3466 2764 3578 2835 (καὶ
3646 2765 3757 2840 γάρ

2107 2847 2266 2910 οὗτος
2319 2851 2426 2902 τῶν
2496 2844 2838 2922 Μιθριδάτου
2908 2851 3206 2925 στρατηγὸς
3286 2852 3586 2914 ἰσοστάσιος
3644 2858 3757 2907 τῶν

2107 2937 2411 3011 εἰρημένων
2463 2938 2551 3006 ἦν)
2592 2939 2691 3007 τήν
2747 2940 3056 2995 Λεονίππου
3117 2941 3377 3014 μαθόντες
3436 2941 3758 3018 προδοσίαν,

2107 3025 2398 3096 ἐκκλησίαν
2447 3025 2792 3100 ἀθροίσαντες
2841 3030 3178 3105 κατηγόρουν
3235 3030 3420 3087 αὐτοῦ.
3453 3033 3512 3085 Οἱ
3573 3029 3628 3086 δέ
3687 3033 3758 3087 ού

2109 3114 2393 3188 προσίεντο
2428 3131 2441 3146 ⁶
2489 3113 2662 3169 ἐδόκεὶ
2710 3117 2812 3191 γὰρ
2855 3118 3042 3180 αὐτοῖς
3087 3121 3217 3174 εἶναι
3250 3119 3511 3194 χρηστός.
3541 3119 3648 3175 Καὶ
3703 3121 3760 3174 οἱ

2107 3205 2230 3280 περὶ
2266 3204 2588 3279 Κλεοχάρην
2637 3201 2905 3267 δείσαντες
2948 3212 3050 3262 τοῦ
3103 3211 3352 3278 πλήθους
3397 3211 3495 3278 τήν
3542 3205 3758 3263 εὔνοιαν

359 3301 648 3364 metuens,
703 3301 875 3352 noctu
926 3313 995 3351 ex
1041 3294 1273 3350 insidiis
1331 3296 1629 3350 hominem
1691 3294 1996 3348 trucidant.

2113 3294 2160 3363 ἐξ
2196 3291 2410 3367 ἐνέδρας
2455 3293 2645 3354 νυκτός
2702 3293 3102 3373 ἀποσφάττουσι
3152 3299 3246 3353 τὸν
3277 3297 3459 3372 ἄνδρα.
3494 3300 3619 3371 [752
3662 3299 3761 3371 11.]

359 3384 616 3454 Populus
649 3384 882 3454 quidem
914 3383 1072 3438 hunc
1101 3400 1299 3438 casum
1334 3399 1482 3454 aegre
1513 3383 1680 3447 ferre,
1705 3381 1804 3436 sed
1837 3379 1998 3435 Cleo-

358 3473 564 3529 chares
595 3488 730 3530 cum
760 3472 882 3528 suis
914 3487 1104 3527 rerum
1137 3472 1329 3542 potiri,
1359 3478 1412 3527 et
1442 3472 1738 3540 tyrannice
1776 3486 1867 3524 res
1899 3468 2001 3523 ad-

363 3561 728 3618 ministrare:
756 3562 862 3618 hac
889 3561 981 3616 via
1014 3559 1307 3632 parricidii
1332 3561 1390 3614 in
1417 3559 1772 3630 Lconippum
1807 3574 2004 3629 pcenas

361 3652 852 3724 subterfugituros
867 3668 928 3707 se
941 3650 1360 3706 existimantes.
1379 3649 1610 3705 Interim
1627 3648 2000 3716 Censorinus,

359 3742 632 3799 Romanae
681 3740 888 3798 classis
936 3744 1164 3811 praetor,
1206 3741 1469 3795 triremes
1518 3755 1696 3810 agens
1743 3755 1814 3792 xv
1860 3754 2002 3794 con-

360 3835 613 3888 meatum
647 3849 680 3887 a
707 3830 1003 3902 Bosphoro
1033 3835 1427 3886 Romanorum
1469 3828 1677 3884 castris
1710 3827 2002 3884 advehen-

357 3927 470 3989 tes,
495 3938 673 3993 prope
693 3919 946 3992 Sinopen
967 3919 1223 3991 appellit.
1243 3923 1459 3975 Contra
1479 3933 1648 3988 quem
1673 3916 2002 3973 Cleocharis

357 4016 414 4066 et
429 4009 652 4066 Seleuci
676 4009 943 4065 triremes
963 4009 1270 4080 SinOpicae,
1291 4009 1468 4064 ductu
1494 4007 1714 4063 Seleuci
1738 4023 2000 4078 egressa,

357 4101 547 4158 navali
581 4100 778 4173 praelia
813 4102 1153 4168 decernunt,
1179 4104 1234 4155 et
1265 4099 1429 4154 victis
1462 4098 1641 4165 italis,
1667 4114 1836 4154 naves
1867 4114 2005 4157 one-

357 4190 536 4246 rarias
557 4190 614 4245 in
639 4207 815 4246 suum
838 4191 1013 4245 duces
1035 4188 1256 4244 lucrum
1280 4188 1569 4243 auferunt.
1597 4188 1795 4243 Elatus
1823 4187 2004 4259 igitur

354 4279 463 4336 hac
511 4281 758 4337 fortunae
808 4279 1160 4350 benignitate
1213 4277 1553 4334 Cleochares
1593 4295 1719 4333 cum
1761 4277 1998 4349 collega,

357 4369 664 4440 plusquam
707 4374 876 4425 antea
927 4368 1225 4441 tyrannica
1258 4368 1459 4424 urbem
1493 4367 1735 4441 imperio
1769 4367 1999 4439 premit.

356 4458 502 4513 Nam
528 4458 722 4514 causis
744 4458 1224 4529 legilimojudicio
1239 4474 1351 4513 non
1373 4457 1724 4528 disceptatis,
1741 4457 1809 4511 ad
1830 4471 2000 4513 neces

356 4547 681 4620 oppidanos
712 4547 965 4618 rapiunt,
990 4552 1047 4602 et
1069 4547 1140 4603 ad
1174 4546 1357 4602 multa
1385 4545 1496 4601 alia
1528 4545 1866 4601 crudelitate
1896 4561 2002 4602 sua

2113 3384 2211 3436 Καὶ
2243 3383 2303 3437 τὸ
2341 3384 2433 3455 μέν
2487 3380 2785 3456 δημοτικὸν
2819 3384 3021 3458 ἤχθετο
3065 3391 3146 3458 τῷ
3193 3388 3374 3455 πάθει,
3409 3387 3459 3440 oi
3517 3384 3572 3440 δὲ
3630 3387 3759 3461 περὶ

2116 3471 2441 3546 Κλεοχάρην
2514 3477 2621 3527 τῶν
2703 3477 3042 3546 πραγμάτων
3137 3475 3319 3547 κύριοι
3399 3474 3760 3537 καταστάντες

2109 3567 2438 3632 τυραννικῶς
2476 3562 2673 3636 ἦρχον,
2722 3562 2891 3636 ταύτῃ
2952 3563 3271 3636 νομίζοντες
3327 3562 3605 3642 διαφυγεῖν
3655 3571 3762 3633 τῆς

2113 3651 2197 3705 ἐπὶ
2259 3651 2550 3723 Λεονίππῳ
2617 3651 2928 3728 μιαιφονίας
2999 3655 3100 3722 τὴν
3165 3651 3341 3725 δίκην.
3411 3657 3498 3709 Ἔν
3573 3655 3759 3727 τούτῳ

2113 3744 2460 3815 Κηνσωρῖνος
2502 3741 2776 3815 ναύαρχος
2833 3741 3144 3815 Ῥωμαίων,
3194 3746 3441 3818 τριήρεις
3490 3741 3634 3820 ἄγων
3699 3753 3764 3799 ιε’

2113 3835 2263 3884 σῖτον
2319 3829 2424 3884 ἀπὸ
2483 3829 2762 3905 Βοσπόρου
2827 3835 2908 3903 τῷ
2959 3831 3007 3867 ⁷9
3059 3833 3354 3907 Ῥωμαίων
3421 3836 3758 3907 κομιζούσας

2109 3917 2472 3994 στρατοπίδῳ,
2531 3919 2767 3991 πλησίον
2826 3923 3082 3994 Σινώπης
3147 3931 3353 4002 κατῆγε
3408 3926 3455 3960 ⁸ο
3498 3947 3513 3962 ο
3559 3928 3648 3981 καὶ
3704 3927 3763 3982 οἱ

2111 4009 2232 4083 περὶ
2284 4009 2612 4086 Κλεοχάρην
2662 4010 2752 4066 καὶ
2799 4009 3062 4067 Σέλευκον
3115 4011 3536 4090 ἆνταναχθέντες
3576 4023 3759 4071 Σινω-

2111 4104 2296 4161 πικαῖς
2343 4101 2644 4174 τριήρεσιν,
2684 4100 2993 4176 ἡγουμένου
3051 4100 3350 4176 Σελεύκου,
3404 4107 3761 4162 καθίστανται

2112 4188 2186 4252 εἷς
2240 4188 2572 4264 ναυμαχίαν,
2625 4191 2713 4244 καὶ
2769 4194 2958 4245 νικῶσι
3014 4193 3143 4256 τοὺς
3188 4193 3458 4264 Ἰταλοὺς,
3511 4196 3601 4250 καὶ
3659 4195 3760 4259 τὰς

2112 4278 2421 4357 φορτηγοὺς
2471 4277 2558 4333 ἐπὶ
2604 4280 2682 4351 τῷ
2733 4285 2879 4352 σφῶν
2932 4280 3284 4357 ἀφαιροῦνται
3315 4282 3513 4358 κέρδει.
3547 4286 3760 4358 Ἐπήρ-

2111 4371 2278 4439 θησαν
2336 4365 2426 4423 οὖν
2485 4368 2537 4423 οἱ
2596 4367 2718 4441 περῖ
2750 4367 3082 4449 Κλεοχάρην
3111 4377 3190 4444 τῷ
3222 4375 3632 4448 κατορθώματι,
3663 4376 3758 4428 καὶ

2110 4460 2564 4534 τυραννικώτερον
2619 4454 2696 4514 ἔτι
2753 4466 2854 4530 τῆς
2910 4460 3125 4524 πόλεως
3183 4463 3385 4538 ἦρχον,
3454 4463 3650 4537 φόνους
3697 4484 3758 4519 τε

2112 4545 2364 4621 ἀκρίτους
2410 4552 2518 4603 τῶν
2578 4545 2820 4602 πολιτῶν
2881 4553 3163 4612 ποιοῦντες
3221 4552 3311 4605 καὶ
3363 4551 3431 4607 τά
3486 4550 3629 4607 ἄλλα
3684 4556 3755 4625 τῇ

354 4638 694 4694 abutuntur.
719 4636 939 4692 Accidit
967 4642 1162 4692 autem
1187 4641 1252 4693 ut
1275 4637 1331 4692 in
1357 4634 1644 4691 contraria
1674 4635 1998 4691 scinderen-

2112 4635 2364 4709 ὠμότητι
2413 4635 2827 4712 ἀποχρώμενοι.
2882 4635 3125 4713 Ἐγένετο
3177 4636 3234 4694 δέ
3272 4640 3363 4695 καὶ
3404 4641 3584 4697 στάσις
3612 4641 3756 4712 πρὸς

353 4733 450 4784 tur
478 4726 673 4784 studia
702 4725 1044 4783 Cleochares
1073 4731 1128 4782 et
1157 4724 1455 4782 Seleucus.
1489 4723 1592 4781 Ille
1622 4723 1776 4780 enim
1810 4723 1999 4795 persi-

351 4817 630 4875 stendum
662 4814 721 4871 in
747 4813 918 4884 bello,
949 4814 1046 4870 hic
1077 4813 1381 4870 trucidatis
1411 4811 1830 4884 Sinopensibus
1862 4812 2000 4867 uni-

351 4907 559 4973 versis,
593 4905 797 4962 urbem
827 4903 1128 4972 Romanis,
1162 4902 1481 4975 magniﬁcaa
1515 4900 1999 4958 remunerationis

356 5001 544 5069 pacto,
572 4995 910 5052 tradendam
935 4992 1232 5049 censebat.
1255 4990 1426 5062 Atqui
1452 4996 1662 5046 neutra
1684 4989 2003 5046 sententia-

354 5102 484 5142 rum
535 5084 930 5157 comprobata,
976 5081 1265 5155 quidquid
1317 5079 1716 5153 possidebant,
1751 5080 1999 5137 navibus

352 5173 635 5230 onerariis
656 5173 1067 5247 ingestumzad
1081 5171 1384 5227 Macharen
1411 5170 1596 5226 lilium
1621 5168 1998 5239 Mithridatis,

353 5266 470 5316 tum
498 5264 784 5334 temporis
814 5262 873 5317 in
904 5261 1175 5318 Colchide
1205 5265 1494 5334 agentem,
1529 5259 1855 5316 dimittunt.

2108 4723 2395 4796 ἀλλήλους
2451 4721 2748 4801 Κλεοχάρῃ
2817 4725 2907 4781 καὶ
2976 4725 3277 4801 Σελεύκῳ·
3339 4733 3419 4802 τῷ
3485 4730 3574 4802 μὶν
3642 4727 3748 4805 γάρ

2107 4812 2307 4890 ἤρεσκε
2374 4811 2741 4890 διακαρτερεῖν
2800 4819 2880 4888 τῷ
2936 4814 3189 4890 πολέμῳ,
3224 4815 3477 4890 Σελεύκῳ
3525 4815 3580 4873 δέ
3628 4817 3760 4873 πάν-

2107 4924 2202 4966 τας
2264 4908 2536 4964 Σινωπεῖς
2593 4901 2826 4978 ἀναιρεῖν
2875 4903 2964 4959 καὶ
3022 4905 3323 4979 Ῥωμαίοις
3380 4905 3467 4962 ἐπὶ
3527 4905 3758 4982 δωρεαῖς

2114 4992 2374 5069 μεγάλαις
2414 4998 2714 5069 παρασχεῖν
2769 4995 2867 5064 τήν
2926 4993 3114 5052 πόλιν.
3158 4995 3310 5066 Πλὴν
3350 4995 3584 5071 οὐδεμία
3646 5001 3755 5054 τῶν

2106 5087 2342 5161 γνωμῶν
2406 5083 2582 5158 κρίσιν
2644 5078 2892 5160 ἔσχε,τᾶ
2949 5083 3006 5141 δέ
3075 5086 3392 5162 ὑπάρχοντα
3459 5086 3762 5163 λαθραίως,

2109 5173 2264 5229 ναυσὶ
2315 5173 2676 5250 στρογγύλαις
2723 5173 2999 5250 ἐνθέμενοι
3039 5177 3177 5252 πρὸς
3216 5176 3485 5253 Μαχάρην
3523 5177 3616 5232 τὸν
3651 5179 3764 5235 Μιο

2112 5259 2365 5337 θριδάτου
2397 5262 2534 5333 υἱὸν,
2577 5264 2635 5326 ὃς
2689 5267 2807 5321 κατ’
2829 5264 3004 5321 ἐκεῖνο
3053 5269 3244 5342 καιροῦ
3291 5267 3415 5341 περὶ
3465 5268 3562 5337 τήν
3616 5266 3762 5324 Κολ-

2114 5350 2249 5431 χίδα
2287 5353 2375 5424 ἦν,
2417 5351 2737 5428 ἐξέπεμπον.

1719 5523 1958 5580 VARI/li
1998 5524 2414 5582 LECTIONES.

426 5683 470 5720 ’⁸⁸
500 5677 857 5760 κατασχέσεσι
1048 5683 1095 5719 ⁷⁷
1125 5687 1243 5740 καθ’
1274 5691 1316 5741 Α
1352 5703 1364 5742 :
1397 5685 1486 5741 καὶ
1516 5686 1632 5742 καθ’
1824 5687 1866 5723 π
1899 5681 2277 5759 ἓξεϐιάσθησαν
2469 5691 2514 5727 ⁷⁹
2548 5693 2628 5763 τῷ
2655 5694 2699 5747 Α
2735 5694 2877 5764 ετῷν
2920 5694 3002 5770 ς’.
3076 5693 3122 5734 ⁸⁸
3150 5700 3356 5774 κατῆρε
3385 5714 3536 5757 σοι-ιι,
3577 5700 3648 5757 Α,
