4154 6218
297 368 414 430 933

1371 363 1886 427 BIBLIOTHECA
1933 397 2011 411 —-
2052 363 2225 427 COD.
2274 364 2582 428 CGXXIV.

3580 366 3700 430 934

440 501 575 557 CAP.
609 498 748 557 LVI.
771 529 842 540 -—
870 499 1132 555 Lucullus
1159 499 1465 567 Macharen,
1497 501 1561 556 Ρ.
1589 498 1831 557 Militi-id.
1853 501 1911 554 in
1942 499 2253 556 amicitiam
2281 501 2491 573 recipit.
2529 501 2786 573 Tigranni
2810 503 3056 572 fugiunt.
3089 503 3289 575 Sinope
3317 506 3556 577 capitur.

370 607 458 663 Ἐν
503 606 682 678 τούτῳ
725 603 783 660 δὲ
831 602 1147 666 Λεύκολλος
1194 607 1222 659 ὁ
1270 609 1377 660 τῶν
1428 604 1716 678 Ῥωμαίων
1775 604 1938 661 αὖτο-

2126 609 2246 665 Sub
2277 607 2430 666 idem
2454 613 2685 681 tempus
2708 610 3006 682 Lucullus,
3031 613 3424 670 Romanorum
3448 615 3701 685 impera-

295 696 516 770 κράτωρ
565 694 917 772 παραγίνεται
968 697 1037 767 τῇ
1095 691 1278 765 πόλει,
1328 693 1417 748 καὶ
1482 699 1759 767 κραταιῶς
1815 692 1941 748 ἐποο

296 785 524 861 λιόρκει.
561 781 951 859 Ἐπρεσϐεύετο
1013 782 1068 840 δὲ
1127 783 1218 839 καὶ
1269 784 1543 860 Μαχάρης
1600 784 1628 838 ὁ
1679 789 1776 840 τοῦ
1836 786 1946 842 Μι-

297 871 552 950 θριδάτου
609 874 746 949 πρὸς
807 871 1117 929 Λεύκολλον
1175 873 1298 946 περὶ
1341 873 1526 950 φιλίας
1569 893 1628 927 τε
1656 873 1747 928 καὶ
1807 894 1943 946 συμ-

301 963 527 1039 μαχίας.
563 967 620 1018 Ὀ
666 961 724 1018 δὲ
771 963 1020 1036 ἀσμένως
1081 960 1326 1038 ἐδέχετο,
1357 962 1525 1017 εἰπὼν
1568 958 1821 1038 βεϐαίους
1860 983 1947 1017 νο-

304 1058 444 1125 μιεῖν
486 1054 581 1113 τάς
640 1047 957 1126 συμϐάσεις,
990 1051 1035 1106 εἷ
1089 1053 1165 1124 μή
1224 1051 1315 1107 καί
1357 1073 1464 1106 τισι
1521 1053 1564 1090 ⁸⁸
1614 1055 1944 1106 Σινωπεῦσιν

303 1141 504 1216 ἀγορὰν
556 1138 881 1215 διαπέμποι.
913 1145 975 1198 Ὀ
1034 1138 1092 1196 δὲ
1150 1141 1214 1196 ού
1271 1139 1434 1214 μόνον
1481 1142 1544 1196 τὸ
1591 1139 1949 1214 κελευόμενον

304 1226 584 1303 ἔπραττεν,
635 1229 786 1286 ἀλλά
839 1231 930 1286 καὶ
988 1230 1020 1284 ἃ
1066 1229 1468 1307 παρεσκεύαστο
1537 1231 1772 1304 πέμπειν
1831 1235 1948 1292 τοῖς

305 1317 730 1393 Μιθριδατείοις,
790 1318 1132 1392 ἐξαπέστειλε
1183 1318 1486 1393 Λευκόλλῳ
1533 1320 1602 1378 δ².
1662 1323 1839 1378 Ταῦτα
1898 1319 1949 1374 οἱ

307 1409 431 1480 περὶ
480 1407 806 1484 Κλεοχάρην
847 1409 1172 1482 θεασάμενοι
1218 1408 1309 1464 καὶ
1355 1408 1542 1465 τέλεον
1599 1407 1950 1484 ἀπογνόντες,

307 1495 546 1552 πλοῦτον
577 1495 753 1552 πολὺν
811 1502 931 1559 ταῖς
977 1499 1160 1552 ναυσὶν
1209 1496 1478 1570 ἐνθέμενοι
1513 1498 1602 1553 καὶ
1633 1499 1730 1567 τήν
1788 1496 1952 1553 πόλιν

308 1583 600 1662 διαρπάσαι
656 1590 777 1648 τοῖς
842 1587 1200 1660 στρατιώταις
1255 1585 1466 1662 ἐφέντες
1521 1587 1730 1657 1ιε’(ίνιτὸ
1787 1586 1953 1642 νύκτα

308 1673 365 1730 δὲ
410 1679 582 1730 ταῦτα
639 1673 956 1750 ἐπράττετο)
1005 1671 1094 1729 διᾶ
1148 1679 1256 1730 τῶν
1324 1673 1535 1730 πλοίων
1600 1670 1819 1752 ἔφευγον
1876 1676 1950 1736 εἷς

301 1767 370 1821 τὰ
427 1763 668 1840 ἐσώτερα
719 1768 819 1820 τοῦ
885 1763 1089 1820 Πόντου
1149 1765 1424 1841 (Σάνηγας
1481 1762 1538 1819 δὲ
1593 1764 1684 1818 καὶ
1743 1763 1951 1833 Λαζοὺς

303 1852 558 1916 ἐποίκους
601 1854 755 1929 εἶχον
801 1854 869 1908 τὰ
907 1852 1135 1931 χωρία),
1174 1858 1294 1914 ταῖς
1344 1851 1785 1927 ὑπολειφθείσαις
1841 1853 1951 1908 τῶν

2055 703 2164 769 tor,
2187 698 2261 754 ad
2281 699 2482 756 urbem
2513 699 2815 770 accedens,
2839 701 3027 757 valido
3048 719 3175 758 eam
3210 703 3344 758 nixu
3376 708 3700 774 oppugnat,

2054 804 2190 844 cum
2224 788 2523 845 Machares
2557 789 2732 846 etiam
2783 791 3049 846 amicitiae
3081 797 3137 847 et
3181 793 3473 848 societatis
3513 793 3702 848 foedus

2057 894 2160 949 per
2209 879 2554 950 legationem
2601 881 2761 951 petit.
2799 881 2851 936 Is
2904 881 3101 951 igitur,
3143 881 3415 953 petitione
3454 883 3704 954 benigne

2057 966 2338 1032 admissa,
2363 967 2552 1023 foedus
2585 985 2686 1039 pro
2720 969 2889 1026 ﬁrmo
2920 985 2982 1025 se
3015 969 3353 1027 habiturum
3387 971 3702 1041 respondit,

2058 1054 2108 1110 si
2140 1055 2334 1112 nullos
2356 1056 2766 1128 Sinopensium
2790 1063 3115 1113 commeatu
3137 1059 3321 1130 juvet.
3347 1060 3495 1116 Tum
3519 1060 3567 1114 is
3587 1076 3703 1115 non

2058 1142 2250 1200 solum
2280 1143 2566 1216 imperata
2597 1146 2756 1211 facit,
2778 1147 2871 1202 sed
2898 1147 3067 1202 etiam
3091 1147 3375 1204 destinata
3396 1148 3704 1204 Mithrida-

2058 1232 2212 1300 ticis,
2236 1234 2306 1289 ad
2331 1234 2640 1290 Lucullum
2670 1235 2984 1291 deferenda
3003 1236 3246 1292 curavit.
3273 1237 3402 1292 Hec
3425 1236 3520 1292 ubi
3543 1236 3706 1292 Cleo-

2061 1321 2255 1378 cbaris
2277 1323 2450 1380 factio
2475 1324 2652 1391 videt,
2677 1340 2840 1396 spem
2864 1341 3094 1380 omnem
3117 1325 3418 1396 abjieiunt,
3443 1325 3706 1398 magnis-

2061 1425 2174 1481 qua
2206 1411 2265 1468 in
2298 1429 2471 1468 naves
2500 1413 2709 1484 opibus
2741 1413 3056 1486 congestis,
3079 1418 3136 1470 et
3165 1416 3306 1471 urbe
3337 1416 3404 1471 ad
3439 1415 3707 1486 direptio-

2063 1516 2195 1556 nem
2242 1500 2526 1557 militibus
2574 1518 2848 1559 concessa
2876 1503 3012 1572 (sub
3045 1510 3271 1560 noctem
3300 1504 3414 1559 ista
3447 1504 3707 1572 fiebant),

2062 1589 2305 1662 navigiis
2351 1591 2419 1646 ad
2471 1590 2744 1648 interiora
2794 1593 2979 1660 Ponti,
3029 1609 3156 1664 quas
3197 1609 3231 1648 a
3277 1592 3602 1663 Sanegibus
3651 1596 3708 1648 et

2063 1678 2228 1734 Lazis
2251 1677 2611 1747 incoluntur,
2636 1680 2971 1752 aufugiunt,
2993 1698 3126 1738 cum
3151 1682 3434 1754 reliquam
3457 1683 3707 1738 classem

2061 1765 2482 1824 incendissent.
2515 1768 2776 1826 Excitata
2822 1771 3002 1842 igitur
3041 1772 3293 1840 ﬂamma,
3328 1772 3468 1845 quid
3514 1775 3708 1828 actum

2063 1855 2138 1910 sit
2168 1856 2444 1913 Lucullus
2473 1859 2908 1930 animadvertit,
2929 1861 3234 1932 scalasque
3263 1861 3336 1917 ad
3371 1861 3582 1917 mmnia
3612 1861 3710 1916 ad-

302 1948 435 2000 νεῶν
479 1947 586 2018 πῦρ
635 1940 837 2004 ἐνέντες
869 1959 882 1973 ·
935 1930 1230 2017 αἱρομένης
1260 1939 1317 1996 δὲ
1354 1948 1454 2011 τῆς
1485 1939 1716 2016 φλογὸς,
1751 1937 1944 2015 ᾔσθετο

2058 1944 2256 2002 bibere
2272 1945 2422 2014 jussi
2444 1945 2662 2003 milites
2683 1950 3123 2005 transcendunt.
3139 1930 3228 2005 Fit
3249 1953 3499 2022 primum
3522 1951 3708 2007 caedes

302 2029 618 2094 Λεύκολλος
671 2035 769 2087 τοῦ
818 2028 983 2106 ἔργου
1039 2031 1127 2086 καὶ
1187 2030 1461 2104 κλίμακας
1507 2029 1718 2086 κελεύει
1777 2051 1949 2105 προσ-

304 2127 452 2202 άγειν
492 2129 573 2196 τῷ
613 2125 790 2198 τείχει
823 2140 836 2154 ‘
882 2124 936 2178 οἱ
975 2121 1033 2178 δὲ
1084 2118 1452 2199 ὑπερέϐαινον.
1490 2121 1592 2180 Καί
1637 2124 1837 2199 φθόρος
1880 2123 1946 2191 ἦν

301 2217 420 2272 κατ’
451 2214 628 2290 ἀρχὰς
659 2211 757 2268 οὐκ
804 2209 997 2288 ὀλίγος
1029 2231 1043 2246 ⁸
1095 2210 1245 2267 ἀλλὰ
1293 2213 1357 2268 τὸ
1406 2213 1576 2275 πάθος
1636 2210 1952 2276 Λεύκολλος

310 2303 581 2378 οἰκτείρας
637 2304 740 2372 τήν
790 2303 1000 2378 σφαγὴν
1044 2299 1272 2376 ἐπέσχεν
1303 2320 1316 2333 ·
1354 2302 1500 2357 οὕτω
1553 2302 1646 2375 μὲν
1691 2299 1783 2356 οὖν
1830 2302 1955 2369 ἥλω

306 2394 397 2450 καὶ
438 2395 473 2462 ἡ
507 2392 752 2461 Σινώπη.
785 2393 910 2448 Ἔτι
959 2387 1018 2445 δὲ
1055 2391 1090 2460 ἡ
1125 2389 1387 2464 Ἀμάσεια
1432 2389 1701 2466 ἀντεῖχεν,
1732 2387 1861 2444 ἀλλ’
1892 2391 1956 2446 οὐ

314 2487 430 2559 μετ’
473 2485 537 2540 ού
595 2484 643 2520 ⁸⁸
693 2483 838 2538 πολὺ
894 2481 984 2538 καὶ
1044 2485 1173 2558 [392
1222 2485 1314 2551 IL]
1372 2481 1507 2552 αύτὴ
1565 2482 1963 2558 προσεχώρησε

310 2576 631 2649 Ῥωμαίοις.

2061 2051 2174 2090 non
2217 2034 2406 2091 288b
2446 2035 2693 2105 modica,
2723 2037 2822 2092 sed
2868 2038 3140 2094 misertus
3166 2037 3572 2095 calamitatum
3597 2039 3709 2095 Ln-

2061 2123 2270 2194 cullus,
2296 2140 2367 2180 ne
2387 2125 2656 2180 sreviatur
2685 2125 2929 2181 ulterius
2961 2125 3272 2182 inlerdicit.
3296 2128 3383 2182 Ad
3417 2128 3575 2184 hunc
3604 2129 3708 2199 igi-

2061 2216 2158 2268 tur
2188 2213 2425 2268 modum
2459 2213 2632 2270 etiam
2663 2213 2952 2286 Sinopein
2972 2215 3370 2271 Romanorum
3403 2215 3706 2272 arbitrium

2063 2303 2238 2358 venit.
2264 2303 2644 2375 Repugnabat
2672 2303 2988 2360 etiamnum
3014 2305 3283 2372 Amasea,
3306 2306 3405 2361 sed
3431 2321 3545 2360 non
3571 2304 3718 2362 mul-

2068 2395 2195 2447 tum
2221 2391 2550 2448 intercessit
2580 2393 2775 2464 spatii,
2799 2409 2933 2448 cum
2965 2394 3135 2450 etiam
3166 2394 3296 2466 ipsa
3318 2394 3714 2451 Romanorum

2071 2479 2130 2536 in
2163 2480 2335 2537 fidem
2368 2483 2678 2538 concessit.

957 2666 1086 2724 CAP.
1124 2665 1287 2721 LVII.
1320 2696 1390 2704 —
1419 2663 1758 2722 Mithridates
1785 2679 1936 2735 «ποτε
1964 2662 2182 2720 tandem
2213 2679 2247 2718 a
2281 2664 2508 2732 Tigrane
2537 2661 2763 2717 auxilia
2794 2663 3070 2733 impetrat.

386 2751 722 2830 Μιθριδάτης
781 2751 836 2808 δὲ
888 2752 1125 2808 ένιαντὸν
1187 2751 1277 2807 καὶ
1320 2755 1494 2826 μῆνας
1526 2754 1576 2822 η’
1603 2751 1656 2806 ἐν
1704 2758 1819 2816 τοῖς
1864 2751 1961 2826 μέ-

311 2865 424 2920 ρεσι
455 2851 557 2914 τῆς
585 2841 878 2918 Ἀρμενίας
910 2837 1202 2916 διατρίϐων
1236 2839 1388 2897 οὕπω
1428 2840 1507 2904 εἷς
1549 2837 1672 2916 ὄψιν
1723 2841 1955 2912 κατέστη

305 2935 620 3010 Τιγράνουο
681 2931 794 2988 ἐπεὶ
853 2929 908 2986 δὲ
964 2930 1236 3006 Τιγράνης
1301 2928 1626 3001 ἐδυσωπήθη
1689 2929 1764 2993 εἷς
1835 2929 1955 2986 θέαν

304 3022 462 3078 αὐτὸν
513 3029 870 3092 καταστῆσαι,
933 3020 1068 3094 μετά
1133 3017 1392 3094 λαμπρᾶς
1450 3040 1509 3074 τε
1566 3027 1668 3089 τῆς
1725 3022 1952 3093 πομπῆς

303 3111 519 3182 ἀπήντα
558 3113 649 3166 καὶ
707 3108 1009 3186 βασιλικῶς
1053 3105 1322 3180 ἐδεξιοῦτο
1355 3126 1368 3142 ·
1402 3107 1488 3164 ἐπὶ
1523 3105 1580 3163 δὲ
1610 3115 1754 3182 τρεῖς
1808 3110 1952 3183 ἡμέ-

307 3221 401 3275 ρας
459 3200 788 3276 ἀπορῥήτως
847 3198 995 3272 αὐτῷ
1052 3196 1350 3272 ὁμιλήσας,
1396 3195 1579 3253 ἔπειτα
1634 3197 1952 3271 λαμπροτάο

2143 2751 2313 2808 Porro
2346 2749 2709 2806 Mithridates
2738 2767 2952 2806 annum
2978 2757 3034 2807 et
3053 2752 3086 2805 8
3112 2769 3338 2809 menses
3368 2752 3424 2808 in
3449 2753 3711 2824 partibus

2067 2840 2350 2897 Armeniae
2382 2841 2733 2908 demoratus,
2754 2841 2999 2896 necdum
3025 2841 3083 2896 in
3107 2840 3304 2913 generi
3335 2849 3710 2912 conspectum

2067 2931 2360 2986 admissus
2416 2934 2557 2985 erat.
2609 2929 2710 2986 Hic
2760 2934 2950 2987 tamen
3007 2935 3276 2986 exoratus
3339 2932 3596 3000 tandem,
3647 2937 3713 2988 ut

2066 3035 2259 3075 coram
2291 3035 2354 3075 se
2385 3019 2626 3074 sistendi
2677 3023 3019 3090 potestatem
3053 3019 3102 3076 ei
3139 3020 3370 3090 faceret,
3406 3019 3712 3092 splendide

2063 3126 2198 3166 cum
2250 3127 2454 3181 pompa
2498 3109 2768 3175 occurrit,
2803 3114 2858 3165 et
2898 3109 3072 3183 regali
3121 3127 3382 3167 socerum
3433 3111 3711 3184 magnifi-

2063 3198 2250 3254 centia
2271 3199 2501 3270 excipit.
2525 3200 2631 3254 Sed
2656 3197 2913 3253 triduum
2939 3200 3156 3271 absque
3178 3200 3464 3271 colloquio
3487 3217 3619 3256 cum
3643 3216 3710 3256 eo

301 3311 416 3352 ταις
478 3289 743 3345 ἑστιάσεσι
799 3288 1354 3368 φιλοφρονησάμενος
1432 3288 1662 3361 μυρίους
1729 3283 1944 3341 δίδωσιν

2060 3287 2358 3360 transegit.
2376 3287 2737 3343 Lautissimis
2762 3287 2895 3343 inde
2912 3289 3306 3346 conviviorum
3331 3288 3709 3361 apparatibus

301 3380 478 3442 ἱπτείς
506 3379 594 3435 καὶ
627 3379 711 3434 ἐπὶ
744 3380 835 3434 τὸν
867 3378 1068 3434 Πόντον
1110 3373 1398 3451 ἐκπέμπει.

2055 3375 2523 3432 benevolentiam
2545 3377 2595 3432 ei
2613 3393 2777 3432 suam
2795 3392 2927 3433 cum
2946 3381 3316 3444 ostentasset,
3333 3377 3525 3434 decies
3551 3375 3707 3433 mille

2061 3466 2416 3522 instructum
2451 3467 2744 3539 equitibus
2774 3467 2832 3522 in
2866 3467 3112 3523 Pontum
3147 3466 3405 3524 remittit.

716 3581 852 3637 CAP.
889 3579 1085 3636 LVIII.
1118 3609 1188 3620 —
1218 3578 1482 3635 Lucullus
1512 3579 1831 3634 Armeniam
1859 3575 2174 3649 populatur,
2205 3582 2256 3631 et
2282 3574 2534 3630 thesauri
2564 3575 2815 3647 Tigranis
2845 3577 2938 3630 vix
2965 3578 3278 3631 servantur.

366 3667 676 3731 Λεύκολλος
708 3665 764 3723 δὲ
804 3667 879 3728 εἰς
917 3668 1017 3736 τὴν
1070 3663 1459 3723 Καππαδοκίαν
1499 3662 1810 3735 ἐληλυθὼς,
1843 3663 1934 3718 καὶ

277 3758 442 3839 φίλον
499 3757 642 3833 ἔχων
692 3757 785 3812 τὸν
855 3755 1162 3830 ἐπάρχοντα
1221 3753 1426 3824 ταύτης
1480 3749 1930 3830 Ἀριοϐαρζάνην,

274 3843 433 3918 διέϐη
464 3867 524 3902 τε
562 3847 710 3920 παρά
752 3843 910 3916 δόξαν
959 3847 1097 3918 πεζῇ
1137 3843 1230 3898 τὸν
1269 3843 1585 3918 Εὐφράτην,
1617 3843 1708 3897 καὶ
1757 3862 1926 3916 προσ-

271 3943 377 4012 ῆγε
407 3939 451 3974 ⁸⁸
491 3937 584 3992 τὸν
635 3935 860 4010 στρατὸν
902 3937 972 4008 τῇ
1028 3931 1214 4000 πόλει,
1248 3933 1299 3987 έν
1348 3933 1392 4005 ᾧ
1423 3931 1518 3996 τάς
1554 3952 1614 3986 τε
1650 3931 1928 4007 Τιγράνου

272 4023 627 4087 παλλακίδας
686 4024 1044 4102 φυλάττεσθαι
1091 4023 1394 4096 μεμαθήκει
1457 4021 1545 4076 καὶ
1591 4017 1777 4076 πολλά
1822 4024 1931 4074 τῶν

277 4113 489 4192 σφόδρα
534 4115 751 4189 τιμίων.
796 4111 1192 4168 Καταλελοίπει
1246 4108 1302 4166 δὲ
1353 4111 1443 4165 καὶ
1496 4108 1625 4171 τοὺς
1659 4107 1931 4184 Τιγρανό-

277 4227 443 4281 κερτα
484 4205 977 4281 πολιορκήσοντας,
1009 4201 1100 4257 καὶ
1152 4202 1459 4278 στράτευμα
1504 4199 1646 4256 ἄλλο
1686 4198 1771 4256 ἐπὶ
1819 4203 1929 4255 τῶν

280 4295 646 4370 πολισμάτων
690 4295 758 4350 τὰ
796 4289 1211 4366 σπουδαιότερα.
1264 4293 1393 4364 [753
1423 4293 1512 4362 8.]
1545 4290 1700 4345 Οὕτω
1733 4286 1790 4344 δὲ
1828 4295 1931 4358 τῆς

279 4387 578 4463 Ἀρμενίας
612 4385 750 4442 κατᾶ
797 4383 984 4440 πολλᾶ
1016 4384 1154 4458 μέρη
1206 4379 1684 4458 πολιορκουμένης
1725 4375 1934 4454 ἔπεμπε

280 4479 558 4554 Τιγράνης
590 4475 877 4532 ἀνακαλῶν
913 4471 1276 4550 Μιθριδάτην.
1313 4471 1409 4527 Καὶ
1460 4471 1686 4546 στρατὸν
1720 4467 1778 4525 δὲ
1807 4469 1932 4546 περὶ

275 4569 381 4637 τήν
441 4565 627 4640 τιὸλιν,
658 4565 710 4621 ἐν
756 4567 801 4639 ᾧ
847 4565 945 4629 τὰς
1000 4559 1345 4624 παλλακίδας
1404 4556 1578 4629 ἔθετο,
1612 4557 1934 4633 διέπεμπεν,

2117 3663 2274 3718 Inter
2301 3663 2424 3719 haec
2449 3662 2720 3719 Lucullus
2753 3663 2815 3718 in
2839 3663 3263 3734 Cappadociam
3294 3661 3707 3734 ingreditur,et

2043 3753 2428 3810 Ariobarzane
2471 3761 2630 3808 terra!
2681 3752 2882 3824 regulo
2927 3757 3099 3808 utens
3157 3752 3367 3819 amico,
3402 3752 3705 3823 inopinate

2039 3845 2392 3916 Euphratem
2411 3858 2544 3900 cum
2565 3843 2819 3914 equitatu
2841 3843 3146 3910 transit,et
3169 3857 3374 3913 agmen
3400 3842 3470 3896 ad
3492 3841 3696 3898 urbem

2040 3933 2298 3998 adducit,
2332 3932 2429 3986 ubi
2460 3931 2734 4002 Tigranis
2767 3931 3036 4003 pellices,
3062 3931 3207 3987 etde
3232 3930 3407 3986 rebus
3432 3929 3705 4001 pretiosis

2041 4041 2106 4079 ac
2154 4022 2349 4079 charis
2398 4039 2512 4078 non
2564 4038 2748 4095 pauca
2807 4022 3093 4079 asservari
3151 4022 3452 4078 didicerat.
3485 4020 3698 4092 Copias

2041 4114 2239 4179 etiam,
2271 4128 2397 4184 quae
2429 4111 2845 4183 Tigranocerta
2898 4118 3258 4183 oppugnent,
3291 4113 3347 4165 et
3377 4108 3540 4177 alias,
3577 4125 3705 4180 qua

2042 4201 2334 4274 praecipua
2363 4199 2483 4258 illic
2516 4201 2729 4272 oppida
2779 4204 3020 4270 tentent,
3055 4199 3348 4271 relinquit.
3384 4198 3533 4254 Dum
3580 4197 3691 4254 hoc

2044 4291 2215 4348 modo
2247 4289 2518 4347 Armenia
2551 4289 2756 4345 multis
2802 4295 3172 4363 oppugnatur
3202 4288 3490 4360 partibus,
3522 4287 3703 4343 mittit

2044 4380 2328 4452 Tigranes
2343 4380 2441 4450 qui
2457 4377 2853 4435 Mithridatem
2873 4383 3162 4436 revocent.
3182 4377 3505 4434 Exercitum
3523 4379 3699 4432 etiam

2045 4473 2103 4525 at
2133 4470 2441 4526 tutandum
2476 4469 2682 4525 urbem
2706 4469 2764 4524 in
2788 4485 2902 4540 qua
2924 4467 3157 4539 pellices
3183 4471 3350 4522 erant
3378 4464 3699 4538 disposita,

2050 4559 2136 4616 ire
2157 4559 2348 4630 jubet.
2373 4558 2479 4626 Qui
2509 4575 2644 4616 cum
2675 4575 2740 4614 eo
2764 4557 3079 4626 venissent,
3101 4554 3431 4612 interclusis
3463 4556 3699 4627 sagitta-

285 4636 345 4717 οἳί
393 4659 484 4716 καὶ
558 4636 1019 4736 παραγεγονότες,
1077 4654 1168 4711 καὶ
1237 4652 1416 4726 τοξείᾳ
1478 4655 1576 4708 τοῦ
1647 4650 1935 4725 Ῥωμαίων

2058 4669 2184 4709 rum
2233 4652 2520 4725 grandine
2568 4651 2822 4708 exitibus
2865 4667 2895 4707 e
2934 4651 3323 4706 Romanorum
3373 4647 3602 4714 castris,
3644 4651 3703 4704 et

288 4745 662 4823 στρατοπέδου
702 4749 796 4810 τάς
845 4743 1063 4820 ἐξόδους
1109 4741 1527 4811 διακλείσαντες,
1567 4742 1664 4804 τάς
1706 4763 1766 4797 τε
1795 4739 1939 4796 παλ.

283 4836 516 4900 λακίδας
563 4839 658 4892 καὶ
705 4837 772 4892 τὰ
806 4835 1120 4909 τιμιώτατα
1156 4837 1262 4888 τῶν
1290 4829 1602 4904 κειμηλίων
1634 4827 1723 4884 διὰ
1750 4830 1942 4892 νυκτὸς

286 4927 728 5004 προεξέπεμψαν.
778 4924 1012 4998 Ἡμέρας
1091 4921 1149 4977 δὲ
1232 4919 1602 4996 ἀνασχούσης,
1667 4921 1757 4974 καὶ
1835 4923 1942 4974 τῶν

287 5016 581 5092 Ῥωμαίων
638 5018 754 5089 ἅμα
808 5018 916 5070 τῶν
980 5015 1204 5089 Θρᾳκῶν
1267 5008 1530 5086 ἀνδρείως
1603 5008 1942 5086 ἀγωνιζομέ-

290 5128 424 5177 νων,
456 5105 619 5185 φόνος
684 5125 742 5161 τε
789 5101 968 5167 πολὺς
1041 5105 1150 5157 τῶν
1207 5098 1502 5173 Ἀρμενίων
1563 5107 1793 5173 γίνεται,
1851 5095 1941 5151 καὶ

287 5196 519 5273 ζωγρίαι
573 5199 686 5251 τῶν
744 5193 1111 5269 ἀνῃρημένων
1171 5189 1420 5246 ἑάλωσαν
1479 5189 1584 5242 οὐκ
1634 5185 1940 5250 ἐλάττουςο

282 5287 354 5341 τά
413 5285 598 5359 μέντοι
652 5305 716 5362 γε
770 5277 1256 5360 προαποσταλέντα
1311 5277 1597 5350 διεσώζετο
1644 5277 1785 5351 πρὸς
1843 5278 1944 5332 Τι-

289 5375 527 5452 γράνην.

2055 4742 2412 4800 concubinas
2445 4746 2500 4798 et
2528 4757 2700 4814 gazas
2735 4739 2988 4814 periculo
3029 4744 3324 4811 exemptus
3355 4746 3525 4793 noctu
3559 4753 3704 4808 pras-

2050 4831 2311 4888 mittunt.
2338 4832 2439 4889 Ubi
2473 4831 2684 4898 illuxit,
2709 4830 2957 4888 Romani
2990 4834 3047 4886 et
3073 4829 3348 4896 Thraces,
3383 4825 3704 4883 certamine

2049 4939 2183 4978 cum
2213 4920 2508 4978 Armeniis
2556 4919 2800 4977 feliciter
2843 4920 3013 4990 inito,
3045 4918 3330 4991 prolixam
3377 4916 3584 4971 borum
3616 4915 3702 4971 fa-

2051 5010 2216 5066 ciunt
2267 5015 2547 5082 stragem,
2580 5025 2684 5066 nec
2717 5009 3020 5082 pauciores
3069 5009 3226 5063 vivos
3253 5005 3495 5077 capiunt
3524 5019 3703 5075 quam

2052 5100 2301 5156 caedunt.
2329 5099 2634 5156 Praemissa
2655 5106 2845 5156 tamen
2869 5098 2940 5154 ad
2960 5097 3292 5170 Tigranem,
3316 5097 3441 5151 tuta
3465 5095 3704 5149 manent

2052 5193 2110 5246 et
2135 5189 2316 5246 salva.

1656 5510 1894 5570 VARI/E
1934 5509 2352 5568 LECTIONES.

364 5641 412 5678 ⁸1
443 5633 532 5693 καί
557 5637 692 5710 τισι]
731 5637 850 5710 imo
879 5635 969 5710 xui
998 5637 1136 5710 τοῖς.
1212 5626 2317 5710 ιξξΛευκόλλῳ.Βὶέοᾴοιζιωιῑιιιε,ξ-Ιίζπί
2362 5622 2625 5710 σελεύκῳ.
2702 5625 2749 5663 ⁸³
2804 5624 3020 5708 ἀφέντες
3227 5626 3275 5661 ⁸⁸
3331 5622 3393 5679 ού
3445 5620 3562 5697 μετ’
3619 5619 3704 5693 οὗ]

301 5712 586 5773 alterutra
612 5699 845 5783 negatio
875 5707 1144 5766 delenda.
1217 5703 1266 5739 ⁸⁵
1293 5707 1542 5778 προσῆγε
1566 5699 1660 5757 τὸν
1700 5701 2027 5760 Schaeferus
2058 5715 2074 5757 :
2115 5699 2250 5784 libri
2276 5699 2605 5774 προσήγετο.
