4154 6218
423 376 540 439 935

1617 365 1891 428 ΡΗΟΤΙΙ
1935 359 2464 425 PATRIARCHE
2506 358 2627 421 ΟΡ.

3706 360 3828 424 936

932 513 1064 565 CAP.
1098 505 1240 562 LIX.
1272 536 1340 546 —
1372 502 1591 560 Luculli
1617 502 1863 559 victoria:
1893 500 1967 557 de
2004 501 2242 571 Tigrane
2263 497 2338 555 ad
2364 500 2757 567 Tigranocerta
2776 513 2798 559 ;
2824 500 2879 554 et
2910 496 3065 553 urbi:
3091 495 3313 554 deditio.

494 624 596 679 Hic
624 620 803 677 80000
831 617 1164 683 contractis,
1197 621 1259 671 ut
1301 615 1711 687 Tigranocerta
1750 611 1822 667 ab
1853 625 2062 682 urgen-

2251 607 2488 680 Δύναμιν
2548 603 2606 661 δὲ
2655 605 2815 668 οὗτος
2872 605 3131 680 ἀθροίσας
3181 605 3326 660 ὀκτὼ
3388 603 3659 681 μυριάδας
3696 626 3831 662 κατ-

418 714 581 768 tibus
612 710 783 765 malis
805 708 1033 780 eripiat,
1057 704 1475 779 prOpulsetque
1503 703 1724 769 hostes,
1749 699 2066 756 descendit.

416 799 732 859 Confestim
768 813 898 854 vero
928 801 995 851 ut
1023 796 1415 851 Romanorum
1447 791 1767 848 exilitatem
1798 788 1944 843 vidit
1974 803 2068 842 ca-

413 895 699 955 strorum,
732 887 984 960 superba
1040 902 1143 958 per
1200 887 1599 954 contemptum
1653 880 1724 935 de
1772 880 1843 934 iis
1890 878 2069 933 verba

409 980 588 1051 jacit:
624 978 688 1033 Si
738 978 901 1048 legali
930 983 1061 1032 sunt
1091 973 1330 1045 (inquit)
1360 971 1524 1026 multi
1553 969 1713 1024 simul
1763 969 2027 1023 venerunt
2047 983 2067 1020 :

413 1070 505 1124 sin
552 1069 749 1138 hostes,
783 1064 1062 1138 perpauci.
1096 1062 1317 1127 Quibus
1368 1061 1562 1128 dictis,
1614 1057 1821 1115 castris
1870 1055 2064 1111 locum

417 1156 641 1229 deligit.
666 1158 737 1211 At
764 1154 1061 1221 Lucullus,
1095 1150 1375 1223 singulari
1403 1154 1523 1204 arte
1553 1152 1608 1203 et
1637 1147 1827 1202 studio
1852 1145 2067 1200 instru-

413 1250 508 1303 cta
539 1246 681 1315 acie,
707 1246 949 1315 suisque
981 1241 1194 1298 ﬁducia
1216 1257 1319 1312 per
1339 1237 1794 1295 cohortationem
1827 1234 2063 1304 injecta,

414 1339 682 1393 dextrum
714 1350 895 1392 cornu
924 1332 1122 1389 statim
1160 1331 1215 1385 in
1251 1331 1443 1400 fugam
1474 1326 1622 1397 agit:
1658 1341 1790 1380 mox
1819 1321 2062 1378 inclina-

413 1428 495 1482 tio
543 1426 607 1480 ﬁt
648 1425 711 1480 in
755 1422 1051 1495 proximo:
1084 1418 1295 1476 dehinc
1344 1422 1507 1487 terga
1553 1418 1787 1470 vertunt
1835 1426 2061 1469 omnes.

415 1514 709 1572 Grandem
741 1513 934 1583 itaque
964 1514 1021 1566 et
1052 1506 1407 1581 praaoipitem
1439 1503 1699 1559 Armenii
1732 1502 1929 1573 fugam
1965 1516 2062 1555 ca-

415 1608 673 1675 pessunt,
709 1605 764 1658 et
796 1617 897 1673 pro
923 1598 1229 1655 hominum
1282 1610 1521 1650 numero
1562 1594 1746 1648 caedes
1778 1589 2061 1661 sequitur.

415 1693 700 1764 Tigranes
767 1691 961 1761 igitur,
1022 1687 1351 1742 diademate
1401 1687 1459 1739 et
1512 1680 1675 1752 regni
1736 1679 2067 1751 insignibus

426 1782 619 1839 239a
644 1780 762 1835 ﬁlio
786 1777 1101 1851 impositis,
1129 1776 1194 1830 ad
1226 1771 1530 1830 castellum
1550 1770 1843 1841 quoddam
1866 1768 2064 1838 fugam

416 1870 645 1942 arripit.
677 1868 956 1925 Lucullus
1006 1881 1135 1921 vero
1166 1864 1641 1935 Tigranocertam
1690 1874 1895 1913 versus
1941 1873 2063 1912 mo-

2176 691 2369 764 ἐῦαινε,
2404 698 2503 767 τήν
2560 717 2617 751 τε
2681 696 3115 772 Τιγρανοκέρταν
3173 696 3595 769 ἐξαιρησόμενος
3624 698 3672 733 ⁸⁸
3714 702 3829 753 τῶν

2177 786 2510 859 συνεχόντων
2542 785 2633 839 καὶ
2665 786 3039 858 ἀμυνούμενος
3078 785 3205 846 τοὺς
3237 784 3559 859 πολεμίους.
3607 788 3835 850 Φθάσας

2177 873 2233 929 δὲ
2261 876 2348 928 καὶ
2389 872 2517 928 ἰδὼν
2557 875 2619 928 τὸ
2678 873 2965 946 Ῥωμαίων
3014 874 3203 950 ὀλίγον
3252 871 3614 949 στρατόπεδον
3666 876 3830 949 ὑπερ·

2176 963 2435 1026 οπτικοὺς
2504 962 2656 1039 ἠφίει
2738 961 2955 1039 λόγους,
3024 962 3100 1024 ὡς
3188 963 3247 1018 Ei
3332 964 3428 1035 μὲν
3497 960 3830 1039 πρεσϐευταὶ

2175 1057 2411 1128 παρεῖεν,
2486 1050 2719 1121 πολλοὶ,
2780 1052 3044 1127 φάμενος,
3096 1049 3381 1122 συνῆλθον,
3436 1051 3483 1107 εἶ
3581 1050 3639 1107 δὲ
3724 1073 3832 1107 πο-

2173 1139 2381 1213 λέμιοι,
2426 1139 2706 1201 παντελῶς
2765 1138 2969 1215 ὀλίγοι.
3024 1139 3128 1197 Καὶ
3192 1144 3359 1195 ταῦτα
3411 1139 3581 1195 εἰπὼν
3641 1141 3834 1214 ἐστρα-

2170 1226 2513 1285 τοπεδεύετο.
2573 1227 2888 1289 Λεύκολλος
2944 1226 3003 1283 δὲ
3053 1230 3220 1304 τέχνῃ
3280 1228 3371 1283 καὶ
3424 1228 3626 1303 μελέτῃ
3685 1234 3831 1303 πρὸς

2167 1319 2267 1387 τὴν
2322 1317 2506 1392 μάγην
2564 1319 3029 1392 παραταξάμενος,
3076 1318 3167 1374 καὶ
3221 1317 3486 1394 θαῤῥύνας
3544 1319 3671 1381 τοὺς
3738 1320 3837 1374 ὑπ’

2171 1406 2351 1476 αὐτὸν,
2383 1408 2567 1481 τρέπει
2623 1428 2680 1462 τε
2728 1409 2793 1463 τὸ
2851 1408 3022 1478 δεξιὸν
3079 1406 3234 1470 εὐθὺς
3263 1407 3442 1483 κέρας,
3468 1409 3582 1463 εἶτα
3641 1408 3834 1482 τούτῳ

2172 1495 2522 1551 συναπέκλινε
2576 1496 2640 1551 τὸ
2704 1495 2969 1567 πλησίον,
3030 1498 3155 1567 ἑξῆς
3209 1495 3266 1552 δὲ
3331 1497 3658 1571 σύμπαντες.
3726 1500 3828 1555 Καὶ

2175 1582 2321 1655 δεινή
2382 1606 2464 1647 τις
2517 1585 2606 1641 καὶ
2673 1586 3030 1661 ἀνεπίσχετος
3089 1592 3206 1648 τοῖς
3261 1589 3573 1659 Ἀρμενίοις
3623 1585 3834 1663 ἐπέσχε

2175 1675 2377 1747 τροπή,
2425 1674 2519 1729 καὶ
2567 1675 2703 1729 κατὰ
2787 1672 2961 1750 λόγον
3018 1677 3053 1744 ἡ
3112 1680 3220 1729 τῶν
3290 1676 3587 1749 ἀνθρώπων
3643 1675 3833 1732 ε’ίπετο

2176 1762 2365 1840 φθορά.
2399 1765 2671 1839 Τιγράνης
2738 1761 2795 1818 δὲ
2849 1766 2912 1818 τὸ
2971 1761 3215 1837 διάδημα
3253 1764 3343 1819 καὶ
3390 1765 3458 1820 τὰ
3520 1767 3833 1839 παράσημα

2174 1859 2271 1921 τῆς
2314 1852 2493 1926 ἀρχῆς
2536 1851 2736 1913 ἐπιθεὶς
2784 1856 2861 1923 τῷ
2909 1849 3064 1907 παιδὶ
3094 1854 3234 1927 πρός
3272 1875 3325 1908 τι
3384 1858 3491 1909 τῶν
3534 1853 3831 1928 ἐρυμάτων

412 1963 534 2025 tus,
567 1958 783 2028 maiore
829 1959 1040 2014 conatu
1073 1954 1131 2008 in
1162 1934 1526 2008 obsidionem
1575 1946 1882 2003 incumbit.
1915 1946 2061 2001 Tum

2186 1940 2469 2017 Ξιαφεύγει.
2531 1944 2592 1998 Ὁ
2651 1938 2709 1996 δὲ
2771 1940 3084 2003 Λεύκολλος
3141 1941 3230 1996 ἐπὶ
3295 1942 3361 1997 τά
3426 1944 3836 2019 Τιγρανόκερτα

416 2046 767 2102 Mithridatis
790 2045 849 2102 in
875 2044 1019 2100 urbe
1040 2040 1235 2115 legati,
1259 2040 1563 2109 desperata
1586 2052 1779 2093 rerum
1811 2050 2067 2102 summa,

420 2135 660 2193 Lucullo
689 2151 751 2192 se
782 2134 1071 2198 dedidere,
1107 2129 1355 2186 salutem
1390 2127 1566 2200 pacti.

2178 2030 2510 2106 ἀναστρέψας
2581 2031 2990 2105 προθυμότερον
3060 2030 3395 2103 ἐπολιόρκει.
3448 2035 3516 2090 Οἱ
3572 2033 3633 2089 δὲ
3688 2036 3835 2089 κατὰ

2176 2124 2275 2191 τήν
2333 2121 2495 2177 πόλιν
2544 2119 2879 2197 Μιθριδάτου
2938 2123 3258 2197 στρατηγοὶ,
3315 2127 3423 2177 τῶν
3495 2122 3642 2179 ὅλων
3722 2126 3831 2179 άπ-

2173 2209 2602 2284 εγνωκότες,ἐπῖ
2648 2215 2718 2284 τῇ
2768 2211 2997 2286 σφετέρᾳ
3053 2211 3302 2283 σωτηρίᾳ
3351 2212 3654 2287 Λευκόλλῳ
3692 2233 3839 2289 παρ-

2169 2297 2356 2355 έδοσαν
2388 2301 2488 2370 τήν
2521 2298 2704 2358 πόλιν.

964 2426 1099 2482 CAP.
1132 2422 1244 2479 LX.
1277 2452 1343 2463 —
1378 2421 1625 2489 Tigranis
1650 2432 1772 2473 cum
1802 2414 2113 2470 Mithridate
2138 2415 2287 2479 acta,
2317 2416 2370 2467 et
2402 2412 2596 2483 legatio
2620 2411 2691 2467 ad
2719 2426 2897 2483 regem
2926 2412 3280 2469 Parthorum.

500 2526 871 2586 Mithridates
920 2531 1112 2581 autem
1146 2522 1219 2579 ad
1250 2521 1561 2593 Tigranem
1605 2531 1895 2583 reversus,
1929 2513 2075 2568 ﬁdu-

427 2624 576 2679 ciam
626 2621 677 2675 ei
730 2618 912 2682 addit,
961 2624 1013 2671 et
1056 2618 1329 2670 ornatum
1380 2611 1627 2682 regium,
1673 2610 1906 2664 assueto
1957 2620 2073 2660 non

428 2712 689 2766 viliorem
704 2753 717 2774 ,
736 2705 1078 2762 circumdat.
1098 2702 1400 2758 Exercitus
1419 2699 1593 2755 etiam
1617 2694 1922 2767 colligendi
1944 2709 2073 2765 pro-

429 2800 592 2872 ponit
622 2795 923 2853 consilium
960 2794 1115 2864 (cum
1149 2798 1201 2846 et
1232 2790 1356 2861 ipse
1390 2803 1621 2843 manum
1662 2802 1778 2841 non
1812 2790 2075 2840 contem-

429 2890 676 2945 ncndam
700 2886 989 2955 haberet),
1014 2890 1073 2938 ut
1095 2879 1348 2937 victoriae
1370 2880 1585 2934 damna
1608 2876 1754 2932 bello
1776 2891 2076 2946 recupera-

430 2986 581 3035 turo.
606 2981 824 3033 Verum
859 2974 954 3030 hic
975 2973 1112 3028 dum
1145 2970 1279 3042 plus
1311 2968 1546 3024 virtutis
1568 2970 1623 3022 et
1647 2964 1968 3037 prudentiae
1990 2963 2074 3018 illi

426 3066 656 3133 tribuit,
678 3068 735 3120 et
757 3063 945 3134 magis
976 3061 1373 3116 Romanorum
1408 3055 1575 3112 bellis
1606 3055 1881 3110 idoneum
1916 3052 2075 3108 arbi-

428 3161 636 3221 tratur,
687 3152 887 3209 omnia
934 3147 1258 3205 Mithridati
1310 3144 1612 3217 permittit.
1663 3142 1793 3215 ipse
1841 3139 2073 3196 interim

424 3243 712 3316 legatione
744 3241 813 3295 ad
845 3237 1183 3294 Phradatem
1205 3234 1484 3290 Parthum
1518 3231 1717 3299 missa,
1751 3231 2076 3300 Mesopota-

2254 2509 2309 2563 Ὀ
2370 2508 2553 2581 μέντοι
2602 2505 2943 2584 Μιθριδάτης
3007 2512 3144 2585 πρὸς
3198 2508 3471 2586 Τιγράνην
3531 2531 3847 2587 παραγεγο-

2181 2600 2285 2661 νὼς
2343 2593 2687 2671 ἀνελάμϐανέ
2750 2619 2809 2653 τε
2866 2596 3049 2667 αὐτὸν,
3100 2600 3189 2653 καὶ
3268 2598 3557 2673 βασιλικὴν
3633 2597 3845 2669 ἐσθῆτα

2182 2688 2469 2762 περιετίθει
2513 2694 2613 2757 τῆς
2646 2688 2907 2757 συνήθους
2949 2688 3051 2742 οὐκ
3100 2684 3527 2762 ἐλαττουμένην,
3557 2689 3649 2744 καὶ
3704 2690 3840 2744 λαὸν

2184 2776 2451 2851 ἀθροίζειν
2482 2770 2889 2845 συνεϐούλευεν,
2923 2772 3065 2850 ἔχων
3109 2776 3197 2831 καὶ
3248 2778 3410 2840 αὐτὸς
3469 2775 3699 2851 δύναμιν
3737 2780 3841 2833 ούκ

2186 2865 2403 2942 ὀλίγην,
2438 2866 2511 2927 ὡς
2560 2864 2724 2919 πάλιν
2770 2863 3224 2940 άναμαχούμενον
3282 2868 3380 2935 τὴν
3446 2867 3620 2938 νίκην.
3666 2868 3727 2925 Ὀ
3782 2864 3842 2922 δὲ

2185 2953 2353 3011 πάντα
2410 2955 2536 3027 [393
2579 2955 2670 3026 Η.]
2728 2957 2806 3025 τῷ
2862 2950 3165 3028 Μιθριδάτῃ
3225 2953 3511 3029 ἐπέτρεπεν
3565 2957 3635 3025 ⁸⁷,
3668 2953 3721 3011 ἔν
3780 2977 3838 3011 τε

2182 3046 2261 3117 τῷ
2316 3044 2541 3120 γενναίῳ
2606 3044 2693 3098 καὶ
2748 3047 2951 3113 συνετῷ
3005 3044 3067 3097 τὸ
3116 3043 3284 3100 πλέον
3328 3046 3502 3119 νέμων
3548 3044 3696 3117 αὐτῷ
3748 3045 3842 3101 καὶ

2190 3133 2403 3207 μᾶλλον
2443 3132 2654 3208 ἀνέχειν
2690 3133 2765 3193 εἷς
2795 3133 2886 3186 τὸν
2915 3133 3050 3204 πρὸς
3084 3133 3395 3207 Ῥωμαίους
3441 3134 3688 3206 πόλεμον
3747 3132 3842 3189 δυ-

2184 3224 2437 3295 νάμενον.
2471 3221 2642 3284 Αὐτὸς
2695 3218 2753 3275 δὲ
2813 3220 2951 3297 πρὸς
2991 3221 3082 3277 τὸν
3139 3221 3353 3296 Πάρθον
3413 3220 3707 3297 Φραδάτην
3760 3220 3843 3278 δι-

427 3306 607 3389 miam
658 3333 715 3385 et
758 3327 1116 3393 Adiabenen,
1144 3332 1196 3381 et
1229 3339 1472 3395 magnas
1521 3327 1694 3393 (quas
1742 3318 2073 3389 nominant)

2186 3306 2531 3383 επρεσϐεύετο
2588 3315 2939 3385 παραχωρεῖν
2996 3308 3144 3383 αὐτῷ
3228 3313 3332 3381 τήν
3407 3312 3839 3384 Μεσοποταμίαν

428 3420 607 3477 valles
656 3416 861 3474 ditioni
914 3433 1033 3470 suae
1069 3418 1131 3469 ut
1172 3394 1462 3486 permittat
1509 3408 1779 3481 exposcit.
1814 3408 2073 3479 Cumque

2186 3402 2274 3455 καὶ
2324 3401 2422 3468 τήν
2486 3394 2821 3468 ’Δδιαϐηνήν
2884 3398 2974 3453 καὶ
3043 3398 3171 3459 τοὺς
3234 3400 3505 3476 μεγάλους
3563 3399 3837 3460 αὐλῶνας.

433 3512 603 3568 etiam
626 3506 848 3565 Luculli
870 3507 937 3561 ad
963 3503 1240 3561 Parthum
1268 3502 1441 3574 legati
1464 3500 1781 3563 venissent,
1800 3497 2079 3553 Romanis

432 3615 697 3658 seorsum
731 3597 985 3653 amicum
1018 3598 1074 3650 et
1095 3596 1317 3650 socium
1350 3607 1411 3647 sc
1441 3605 1568 3646 esse
1598 3589 1787 3661 ﬁngit,
1820 3603 2077 3644 seorsum

434 3690 608 3748 etiam
640 3687 842 3744 eadem
877 3683 950 3741 ad
980 3683 1322 3739 Armenium
1355 3680 1617 3737 simulat.

2185 3488 2566 3564 Ἀφικομένων
2599 3485 2657 3541 δὲ
2694 3488 2831 3556 πρὸς
2866 3487 2956 3541 τὸν
2994 3486 3202 3560 Πάρθον
3248 3490 3339 3543 καὶ
3395 3490 3541 3563 παρᾶ
3600 3487 3843 3544 Λευκόλ-

2190 3577 2293 3633 λου
2342 3572 2619 3652 πρέσϐεων
2666 3582 2780 3637 τοῖς
2825 3577 2919 3648 μὲν
2971 3577 3270 3649 Ῥωμαίοις
3328 3575 3438 3649 ἲδίᾳ
3482 3576 3645 3655 φίλος
3697 3578 3835 3633 εἶναι

2191 3666 2509 3742 ὑπεκρίνατο
2558 3666 2648 3720 καὶ
2716 3664 3035 3739 σύμμαχος,
3078 3663 3191 3738 ἰδίᾳ
3242 3664 3300 3722 δὲ
3356 3668 3424 3722 τὰ
3475 3666 3611 3722 αὐτᾶ
3666 3667 3759 3723 καὶ
3789 3668 3839 3705 ⁸⁸

2188 3757 2325 3832 πρὸς
2356 3756 2483 3818 τοὺς
2526 3756 2845 3830 Ἀρμενίους
2879 3752 3165 3812 διετίθετο.

903 3885 1038 3942 CAP.
1073 3883 1219 3939 LXI.
1252 3913 1322 3923 -—
1349 3881 1542 3939 Odium
1572 3882 1748 3936 Romm
1776 3883 1832 3935 in
1867 3880 2096 3953 Cottam,
2128 3892 2176 3940 et
2206 3888 2370 3952 actio,
2401 3887 2689 3940 accusante
2720 3883 3106 3941 Thrausimede
3137 3886 3349 3943 Heracl.

506 3977 730 4033 Interea
760 3974 1004 4031 Romam
1036 3972 1199 4027 Cotta
1239 3986 1526 4038 reversus,
1560 3969 1779 4025 honore
1808 3988 1842 4026 a
1872 3979 2076 4026 senatu

438 4067 709 4133 afﬁcitur,
743 4068 800 4121 et
830 4062 1051 4119 Pontici
1100 4061 1506 4132 cognomento,
1540 4061 1689 4131 quod
1743 4059 2077 4117 Heracleam

436 4156 707 4227 cepisset,
736 4152 1100 4210 nobilitatur.
1133 4152 1204 4204 At
1235 4149 1332 4203 ubi
1362 4148 1600 4204 sinistra
1631 4149 1753 4219 ejus
1788 4149 1937 4206 fama
1969 4151 2076 4205 Ro-

440 4261 593 4301 mam
627 4242 905 4315 pervenit,
938 4241 997 4295 in
1050 4238 1283 4310 publico
1331 4242 1453 4292 erat
1500 4238 1652 4306 odio,
1684 4238 2082 4310 invidiamque

435 4337 613 4390 tanta
644 4332 694 4387 ei
726 4347 864 4401 opes
897 4328 1283 4398 adaugebant.
1305 4325 1484 4395 Cujus
1517 4325 1872 4382 declinanda:
1904 4344 2084 4383 causa

436 4420 710 4493 pleraque
742 4421 798 4474 in
835 4417 1102 4473 aerarium
1136 4414 1323 4487 spolia
1365 4414 1585 4483 retulit,
1618 4416 1851 4470 tametsi
1900 4415 2082 4471 nihilo

438 4511 700 4568 mitiores
732 4510 789 4564 in
822 4525 884 4564 se
916 4507 1207 4561 Romanos
1241 4505 1345 4560 hoc
1376 4504 1805 4571 efficeret,dum
1838 4521 1868 4562 e
1898 4505 2083 4577 pluri-

440 4600 549 4656 mis
580 4614 712 4655 eum
745 4612 927 4669 pauca
946 4595 1159 4651 referre
1182 4609 1526 4666 persuasum
1559 4593 1858 4649 haberent.
1884 4594 2082 4665 Capti-

439 4705 542 4746 vos
599 4688 771 4744 etiam
822 4683 1105 4741 Heraclea
1166 4682 1364 4738 statim
1422 4682 1800 4738 dimittendos
1856 4685 2084 4741 decreto

440 4775 672 4851 publico
695 4773 1007 4831 sciverunt.
1023 4769 1452 4842 Thrasymedes
1474 4769 1733 4841 insuper,
1757 4770 2085 4827 Heraclien-

2261 3972 2321 4028 Ὀ
2363 3969 2419 4025 δὲ
2477 3967 2542 4040 δὴ
2597 3972 2824 4038 Κόττας,
2852 3969 2925 4031 ὡς
2972 3970 3047 4033 εἰς
3097 3972 3196 4041 τὴν
3229 3972 3451 4045 Ῥώμην
3481 3971 3731 4051 ἀφίκετο,
3762 3994 3844 4029 τι·

2191 4067 2299 4133 μῆς
2357 4060 2501 4133 παρᾶ
2556 4061 2655 4129 τῆς
2705 4059 3015 4133 συγκλήτου
3072 4061 3326 4136 τυγχάνει
3378 4064 3637 4125 Ποντικὸς
3684 4063 3841 4119 αὖτο-

2188 4148 2404 4225 κράτωρ
2454 4147 2757 4218 καλεῖσθαι,
2818 4149 2901 4203 ὅτι
2951 4145 3070 4204 ἕλοι
3128 4151 3227 4219 τήν
3258 4150 3607 4226 Ἡράκλειαν.
3640 4148 3838 4208 Διαϐο-

2190 4240 2294 4308 λῆς
2349 4236 2406 4293 δὲ
2471 4238 2547 4302 εἷς
2600 4240 2698 4308 τὴν
2749 4239 2972 4312 Ῥώμην
3027 4238 3427 4317 ἀφικνουμένης
3485 4242 3560 4305 ὡς
3619 4244 3840 4299 οἰκείων

2187 4325 2391 4405 κερδῶν
2448 4324 2600 4382 ἕνεκα
2653 4326 2993 4398 τηλικαύτην
3054 4326 3220 4384 πόλιν
3280 4328 3626 4407 ἐξαφανίσειε,
3676 4332 3837 4405 μῖσός

2187 4438 2247 4472 τε
2304 4414 2570 4490 δημόσιον
2636 4410 2931 4489 ἐλάμϐανε,
2979 4416 3066 4472 καὶ
3118 4418 3145 4472 ὁ
3191 4419 3315 4494 περὶ
3365 4420 3530 4475 αὐτὸν
3571 4427 3837 4483 τοσοῦτος

2190 4506 2428 4568 πλοῦτος
2460 4507 2658 4580 φθόνον
2697 4503 2947 4564 ἀνεκίνει.
2982 4506 3083 4566 Διὸ
3133 4508 3223 4562 καὶ
3264 4506 3451 4564 πολλᾶ
3498 4513 3607 4564 τῶν
3667 4509 3840 4569 λαφύ-

2194 4616 2299 4670 ρων
2352 4594 2429 4657 εἷς
2457 4595 2519 4649 τὸ
2548 4599 2655 4649 τῶν
2687 4594 2976 4669 Ῥωμαίων
3009 4596 3315 4670 εισεκόμιζε
3362 4603 3610 4671 ταμιεῖον
3644 4600 3713 4667 8³,
3752 4573 3840 4655 ⁴τὸν

2191 4683 2277 4739 ἐπὶ
2307 4688 2388 4756 τῷ
2417 4683 2643 4757 πλούτῳ
2674 4684 2863 4761 φθόνον
2898 4684 3194 4759 ἐκκρούων,
3227 4686 3271 4741 εἷ
3310 4688 3399 4742 καὶ
3434 4684 3603 4759 μηδὲν
3644 4687 3839 4751 αὐτοὺς

2192 4772 2526 4847 πραοτέρους
2581 4771 2964 4848 ἀπειργάζετο,
3004 4773 3112 4829 ἀπὸ
3165 4771 3397 4831 πολλῶν
3450 4775 3611 4850 ὀλίγα
3658 4778 3837 4851 νέμειν

438 4866 589 4923 sium
612 4879 787 4925 unus.
813 4877 915 4935 pro
938 4860 1216 4915 concione
1236 4858 1458 4914 Cottam
1490 4857 1718 4926 publice
1749 4868 1999 4929 accusat,
2024 4864 2073 4915 et

2191 4857 2681 4935 ὑπολαμϐάνοντας
2712 4863 2779 4919 9°.
2814 4862 3185 4939 Ἐψηφίσαντο
3232 4861 3289 4919 δὲ
3338 4863 3533 4923 αὐτίκα
3571 4867 3665 4921 καὶ
3719 4868 3841 4931 τοὺς

437 4954 687 5013 civitatis
709 4968 824 5009 suae
848 4966 985 5022 erga
1007 4952 1298 5005 Romanas
1328 4946 1793 5004 benevolentiam
1825 4966 2082 5006 comme-

438 5048 667 5101 morat:
699 5045 777 5107 et,
810 5040 861 5096 si
893 5038 1029 5110 quid
1064 5037 1134 5092 ab
1167 5036 1275 5092 hac
1306 5036 1658 5103 remiserint,
1680 5053 1795 5093 non
1833 5038 2083 5096 civitatis

437 5135 753 5201 voluntate,
786 5130 888 5187 sed
918 5128 1369 5199 magistratuum
1402 5126 1603 5182 fraude
1642 5135 1694 5183 et
1724 5128 2084 5185 adversario-

441 5240 572 5279 rum
614 5223 671 5277 vi
714 5222 926 5277 lactum
978 5233 1124 5273 esse.
1158 5215 1465 5273 Miserabili
1514 5215 1686 5272 etiam
1734 5219 1968 5290 querela
2014 5219 2085 5276 ob

444 5310 644 5369 oculos
702 5309 865 5381 ponit
924 5306 1086 5363 urbis
1145 5304 1672 5373 inﬂammationem,
1722 5315 1975 5379 quotque
2032 5313 2088 5366 et

2192 4948 2587 5026 αἰχμαλώτους
2635 4957 2736 5022 τῆς
2777 4950 3102 5027 Ἡρακλείας
3153 4953 3425 5027 ἀφίεσθαι.
3467 4955 3835 5029 Θρασυμήδης

2194 5038 2250 5096 δὲ
2277 5045 2385 5095 τῶν
2425 5039 2473 5110 ἐξ
2505 5039 2827 5115 Ἡρακλείας
2869 5041 2949 5103 εἷς
2998 5042 3369 5117 κατηγόρησεν
3418 5040 3500 5098 ἐπ’
3540 5042 3834 5116 ἐκκλησίας

2191 5136 2289 5187 τοῦ
2329 5131 2525 5202 Κόττα,
2554 5131 2650 5194 τάς
2702 5152 2761 5186 τε
2823 5138 2923 5201 τῆς
2988 5132 3204 5196 πόλεως
3252 5131 3648 5210 εἰσηγούμενος
3704 5136 3835 5195 πυὸς

2194 5221 2505 5296 Ῥωμαίους
2563 5220 2796 5283 εὐνοίας,
2830 5222 2957 5293 [756
2996 5222 3087 5290 H.]
3119 5219 3207 5276 καὶ
3258 5220 3314 5276 εἷ’
3352 5243 3406 5277 τι
3449 5222 3652 5293 ταύτης
3703 5225 3815 5279 ἀπο

2194 5309 2434 5365 κλίνοιεν
2466 5308 2595 5384 οὐχὶ
2628 5308 2829 5387 γνώμῃ
2858 5316 2960 5380 τῆς
3000 5308 3216 5375 πόλεως
3246 5315 3413 5366 τοῦτο
3465 5308 3614 5385 δρᾷν,
3646 5310 3779 5369 ἀλλ’
3806 5310 3838 5380 ἦ

445 5403 663 5473 quanta
694 5396 1033 5454 incendium
1067 5394 1356 5460 evastarit,
1384 5398 1563 5467 utque
1594 5395 1907 5453 simulacra
1924 5401 2073 5454 Cottz

2196 5421 2343 5464 τινος
2379 5403 2485 5454 τῶν
2519 5397 2895 5473 ἐφεστηκότων
2934 5404 3050 5461 τοῖς
3083 5400 3394 5477 πράγμασιν
3425 5400 3659 5477 ἐξαπάτῃ
3690 5403 3725 5472 ἢ
3756 5400 3845 5456 καὶ

1808 5522 2039 5580 νΑΗυΕ
2081 5524 2491 5581 LECTIONES.

1283 5627 1299 5646 Ἴ

518 5632 569 5669 ⁸⁸
626 5628 1083 5704 ἐξαιρησόμενος
1158 5658 1227 5668 -
1274 5628 1306 5704 ᾇ

518 5650 569 5669 συ
626 5650 1083 5704 εξαιρησομενος;
1158 5658 1227 5668 —
1274 5650 1306 5682 α
1357 5650 1361 5675 ι

448 5708 497 5747 ⁸⁸
526 5705 621 5761 καὶ
652 5719 770 5761 om.
803 5708 872 5759 Δ.
948 5699 994 5735 ⁸⁸
1022 5702 1244 5770 ταμεῖον

1357 5626 1986 5772 υνὲξιῖῗὲὶςαὲἓξεὸντέ
2014 5629 2487 5778 ἐξαιρησάμενος
2540 5662 2612 5677 -
2666 5631 3011 5707 ἀμυνόμενος
3065 5634 3149 5710 ς’.
3226 5636 3273 5673 ⁸⁷
3320 5636 3611 5711 ὑπέτρεπεν
3663 5640 3849 5712 pr.A.
