4154 6218
318 396 438 455 937

1426 400 1969 463 BIBLIOTHECA.
2020 434 2092 446 --
2136 400 2309 464 COD.
2355 402 2658 465 CCXXIV.

3607 402 3727 465 938

327 526 420 604 βίᾳ
457 533 566 584 τῶν
605 526 1008 603 ἐπιτιθεμένων.
1056 531 1416 604 Ἀπῳκτίζετο
1467 531 1525 589 δὲ
1552 535 1643 589 τόν
1682 555 1742 590 τε
1788 536 1833 573 θί
1872 540 1971 605 τῆς

2090 536 2385 593 destructa
2414 537 2664 608 praedam
2684 535 2796 592 sibi
2820 535 3041 603 fecerit,
3066 541 3117 590 et
3138 536 3289 591 aedes
3309 552 3507 592 sacras
3536 537 3730 596 dirue-

323 615 544 681 πόλεως
592 617 941 691 ἐμπρησμὸν,
980 617 1074 674 καὶ
1120 619 1219 676 ὅσα
1267 622 1330 677 τὸ
1377 625 1484 693 πῦρ
1524 622 1794 701 ἆφανίσοι,
1825 623 1977 689 ὅπως

322 724 382 760 τε
427 705 495 762 τὰ
541 705 831 781 ἀγάλματα
880 709 1087 774 Κόττας
1122 709 1349 785 καθῄρει
1401 710 1490 766 καὶ
1531 709 1682 767 λείαν
1714 713 1972 782 ἐποιεῖτο,

320 794 450 857 τούς
496 815 555 850 τε
591 796 751 858 ναοὺς
797 798 1059 868 κατέσπα,
1091 799 1182 854 καὶ
1225 799 1323 855 ὅσα
1372 797 1517 856 ἄλλα
1569 799 1637 857 δι’
1683 800 1975 877 ὠμότητος

323 881 497 940 ἐλθὼν
537 880 849 961 ἑπεπράγει,
895 887 988 942 τόν
1053 907 1114 943 τε
1161 889 1367 963 χρυσὸν
1435 889 1526 944 καὶ
1585 889 1679 945 τὸν
1738 888 1975 967 ἄργυρον

322 979 426 1043 τῆς
456 970 675 1036 πόλεως
725 973 1048 1051 ἀναγράφων
1077 975 1473 1053 ἀναρίθμητον,
1513 978 1604 1033 καὶ
1651 980 1752 1050 τήν
1792 977 1972 1050 ἄλλην

323 1068 425 1132 τῆς
457 1063 783 1138 ’Ἡρακλείας
822 1063 890 1134 ἢν
928 1064 1304 1144 ἐσφετερίσατο
1337 1064 1709 1141 εὐδαιμονίαν.
1740 1073 1976 1127 Τοιαῦτα

323 1156 421 1208 τοῦ
459 1152 855 1229 Θρασυμήδους
901 1156 1017 1229 μετ’
1047 1154 1308 1233 οἰμωγῆς
1356 1159 1447 1213 καὶ
1496 1154 1742 1233 δακρύων
1785 1155 1976 1228 διελη-

326 1240 581 1312 λυθότος,
610 1244 700 1298 καὶ
731 1248 840 1300 τῶν
876 1247 1168 1321 ἡγεμόνων
1213 1244 1651 1304 ἐπικλασθέντων
1697 1253 1776 1320 τῷ
1812 1248 1974 1304 πάθει

322 1332 439 1402 (καὶ
465 1332 566 1408 γάρ
613 1332 867 1408 παρῆλθε
913 1335 1001 1390 καὶ
1041 1336 1105 1390 τὸ
1150 1339 1260 1391 τῶν
1312 1335 1693 1412 αἰχμαλώτων
1734 1333 1973 1409 πλῆθος,

326 1416 513 1494 ἄνδρες
558 1421 699 1495 ὁμοῦ
727 1420 819 1476 καί
848 1428 1099 1499 γυναῖκες
1160 1423 1295 1498 μετᾶ
1349 1424 1571 1499 τέκνων,
1605 1424 1657 1481 ἐν
1694 1425 1976 1499 πενθίμοις

328 1507 578 1580 ἐσθήσεσι
640 1508 880 1574 θαλλοὺς
926 1513 1162 1576 ἱκεσίους
1222 1516 1335 1588 μετ’
1368 1512 1703 1593 ὀλοφυρμῶν
1763 1515 1978 1592 προτεί-

324 1602 530 1663 νοντες)
570 1598 976 1677 ἆντιπαρελθὼν
1027 1602 1054 1657 6
1107 1601 1310 1666 Κόττας
1371 1603 1582 1680 βραχέα
1626 1608 1695 1678 τῇ
1763 1604 1974 1679 πατρίῳ

326 1684 586 1763 διελέχθη
649 1691 695 1726 ⁰²
746 1687 993 1766 γλώττῃ,
1050 1690 1171 1747 εἶτα
1218 1689 1502 1765 ἐκαθέσθη.
1556 1693 1662 1751 Καὶ
1738 1690 1969 1769 Κάρϐων

325 1774 583 1847 ἀναστὰς,
635 1783 845 1853 Ἡμεῖς,
890 1780 937 1834 ὦ
982 1779 1189 1850 Κόττα,
1240 1781 1396 1854 φησὶ,
1427 1780 1589 1838 πόλιν
1650 1780 1792 1839 ἐλεῖν
1842 1782 1970 1839 ἀλλ’

2075 624 2171 695 rit,
2204 631 2261 681 et
2286 631 2558 682 sexcenta
2588 625 2703 682 alia
2734 624 3202 681 crudelissimum
3234 626 3293 680 in
3325 626 3561 682 modum
3604 643 3730 699 per-

2071 715 2277 786 egerit.
2327 715 2413 770 Ad
2464 714 2588 770 haec
2636 714 2762 770 auri
2810 719 2865 769 et
2915 714 3142 786 argenti
3199 713 3490 770 inﬁnitum
3551 731 3730 788 prepe

2074 819 2409 871 numerum,
2451 808 2836 876 ceateramque
2878 804 3045 859 urbis
3079 802 3432 872 felicitatem,
3466 820 3640 876 quam
3670 806 3730 860 in

2075 910 2252 950 suum
2284 893 2383 950 ille
2415 895 2793 950 commodum
2844 892 3138 958 averterit,
3170 893 3534 949 recensebat.
3563 894 3668 949 His
3698 910 3733 949 a

2077 983 2496 1056 Thrasymede,
2526 998 2658 1039 cum
2704 982 2980 1038 lamentis
3025 987 3083 1038 et
3112 982 3276 1049 ﬂetu,
3309 998 3729 1039 commemora-

2076 1072 2175 1138 tis,
2208 1076 2265 1128 et
2296 1070 2680 1143 optimatibus
2731 1072 3127 1128 Romanorum
3159 1072 3231 1128 ad
3262 1071 3732 1129 commiseratio-

2080 1176 2213 1217 nem
2244 1177 2415 1218 casus
2447 1161 2605 1217 illius
2634 1160 2865 1218 inﬂexis
2920 1161 3272 1231 (accesserat
3331 1161 3519 1217 2891)
3572 1161 3730 1217 enim

2077 1252 2441 1322 captivorum
2464 1267 2694 1324 quoque
2720 1251 3056 1320 multitudo,
3079 1251 3189 1309 viri
3212 1254 3271 1307 et
3292 1256 3573 1308 matronae
3593 1266 3729 1307 cum

2078 1338 2296 1408 liberis,
2316 1339 2669 1413 lugubribus
2692 1340 3062 1396 vestimentis
3083 1340 3305 1409 amicti,
3321 1348 3375 1397 et
3396 1341 3731 1413 deprecato-

2079 1428 2217 1497 rios,
2251 1445 2385 1485 cum
2432 1429 2675 1501 ejulatu,
2711 1446 2828 1501 prae
2859 1445 2922 1486 se
2952 1430 3258 1487 tendentes
3306 1429 3443 1487 oleae
3490 1431 3731 1503 ramos),

2078 1533 2426 1591 progressus
2483 1523 2686 1575 contra
2732 1517 2793 1574 in
2846 1518 3106 1575 medium
3157 1517 3339 1590 Cotta,
3395 1518 3496 1575 ubi
3545 1535 3732 1591 pauca

2077 1606 2284 1681 lingua
2330 1606 2519 1681 patria
2565 1606 2959 1676 disseruisset,
3012 1607 3264 1664 resedit:
3308 1612 3365 1664 et
3411 1622 3732 1680 exsurgens

2078 1696 2312 1753 Carbo:
2361 1699 2493 1763 Nos,
2551 1696 2759 1768 inquit,
2815 1696 2988 1768 Cotta,
3051 1697 3374 1769 capiendam
3438 1697 3560 1767 tibi,
3619 1713 3733 1753 non

2078 1784 2533 1855 exscindendam,
2565 1786 2759 1842 urbem
2802 1785 3295 1843 demandavimus:
3325 1790 3381 1843 et
3419 1791 3549 1860 post
3595 1802 3731 1843 eum

328 1866 460 1947 οὐχὶ
515 1867 766 1925 καθελεῖν
832 1869 1203 1947 ἐπετρέψαμεν
1270 1873 1339 1909 ⁹³’
1385 1874 1499 1947 μετ’
1557 1872 1719 1929 αὐτὸν
1787 1871 1844 1930 δὲ
1880 1875 1970 1930 καὶ

2090 1875 2179 1933 alii
2212 1873 2503 1932 consimili
2536 1874 2596 1930 in
2626 1875 2849 1931 Cottam
2887 1875 3294 1932 criminatione
3332 1884 3463 1932 sunt
3498 1875 3729 1933 invecti.

326 1954 493 2013 ἄλλοι
550 1958 758 2033 ὁμοίως
815 1961 1026 2017 Κότταν
1074 1961 1391 2036 ᾐτιάσαντο.
1442 1960 1688 2026 Πολλοῖς
1724 1964 1818 2038 μὶν
1875 1963 1968 2019 οὖν

325 2046 471 2121 ἄξιος
504 2048 533 2103 6
563 2044 770 2112 Κόττας
821 2048 996 2106 ἐδόκει
1047 2058 1224 2128 φυγῆς
1257 2071 1274 2088 ο
1319 2053 1697 2127 μετριάσαντες
1743 2050 1790 2108 δ’
1819 2051 1974 2127 ὅμως

324 2136 740 2218 ἀπεψηφίσαντο
785 2141 885 2211 τήν
931 2137 1300 2215 πλατόσημον
1350 2140 1536 2198 αὐτοῦ.
1571 2138 1974 2219 Ἡρακλεώταις

328 2224 387 2283 δὲ
412 2229 514 2298 τήν
548 2248 607 2284 τε
638 2229 826 2309 χώραν
858 2229 949 2286 καὶ
991 2231 1091 2301 τήν
1142 2229 1413 2287 θάλασσαν
1454 2230 1544 2287 καὶ
1582 2230 1711 2296 τοὺς
1748 2228 1974 2304 λιμένας

324 2313 793 2389 ἀποκατέστησαν,
826 2318 916 2375 καὶ
957 2315 1166 2393 μηδένα
1215 2316 1496 2375 δουλεύειν
1545 2323 1726 2400 ψῆφον
1768 2313 1972 2381 ἔθεντο.

2082 1963 2284 2022 Multis
2314 1963 2492 2035 igitur
2518 1963 2720 2021 exsilio
2745 1964 2961 2036 dignus
2983 1964 3310 2022 videbatur.
3336 1965 3734 2021 Moderatione

2082 2058 2277 2111 tamen
2316 2052 2602 2120 adhibita,
2635 2052 2818 2109 latum
2849 2054 2901 2109 ei
2933 2053 3161 2111 clavum
3208 2054 3512 2126 abrogant.
3545 2053 3731 2110 Hera-

2084 2142 2410 2200 cleensibus
2439 2156 2574 2199 vero
2600 2157 2806 2215 agrum
2828 2146 2887 2199 et
2907 2158 3071 2199 mare
3089 2147 3147 2200 et
3166 2147 3367 2216 portus
3387 2142 3727 2213 restituunt,

2083 2230 2380 2305 rogatione
2410 2230 2655 2305 perlata,
2686 2235 2751 2287 ut
2779 2245 2951 2289 nemo
2982 2230 3193 2289 horum
3226 2230 3491 2290 servituti
3523 2231 3598 2288 sit
3625 2231 3728 2287 ad-

2084 2320 2296 2377 dictus.

523 2425 657 2483 CAP.
692 2427 848 2485 LXII.
882 2459 951 2470 —
984 2429 1369 2501 Thrasymedis
1395 2437 1447 2486 et
1476 2431 1838 2503 Brilhagorae
1863 2429 2109 2486 studium
2135 2432 2293 2487 circa
2317 2430 2779 2487 instaurationem
2809 2430 3094 2488 Heracleae
3121 2434 3172 2487 et
3202 2430 3536 2489 libertatem.

399 2538 578 2589 Ταῦτα
624 2532 1021 2609 Θρασυμήδους
1066 2531 1523 2611 διαπραξαμένου,
1573 2534 1662 2592 ἐπὶ
1721 2537 1820 2606 τὴν
1869 2557 1977 2592 πα-

321 2620 491 2698 τρίδα
532 2622 626 2698 μὶν
670 2625 798 2687 τοὺς
852 2621 1100 2689 πολλοὺς
1164 2623 1482 2701 ἐξέπεμψεν,
1525 2624 1687 2689 αὐτὸς
1728 2623 1786 2681 δὲ
1845 2626 1980 2699 μετὰ

323 2712 673 2788 Βριθαγόρου
701 2732 760 2767 τε
797 2713 887 2768 καὶ
918 2712 1214 2786 Προπύλου
1255 2719 1404 2789 (παῖς
1436 2712 1482 2768 δ’
1520 2715 1587 2784 ἦν
1629 2715 1657 2769 ὁ
1688 2712 1981 2790 Πρόπυλος

321 2803 688 2879 Βριθαγόρου)
718 2804 854 2859 κατά
894 2803 1021 2867 τους
1067 2805 1190 2876 ἑξῆς
1235 2802 1506 2878 ἐπιμένων
1551 2806 1682 2879 [394
1714 2811 1760 2861 Η
1789 2807 1808 2879 ]
1840 2804 1978 2880 χρό·

321 2912 452 2954 νους
497 2892 564 2947 τά
599 2891 768 2948 λοιπᾶ
812 2896 923 2948 τῶν
971 2890 1298 2970 ἐπειγόντων
1344 2892 1653 2953 καθίστατο.
1686 2893 1792 2950 Καί
1820 2913 1978 2949 τινων

324 2981 466 3038 ἐτῶν
534 2982 862 3039 ἆνυσθὲντων
920 2985 1098 3059 τρισὶν
1159 2982 1468 3060 ἐπακτρίσιν
1519 2983 1599 3047 είς
1653 2985 1754 3054 τὴν
1814 2983 1979 3058 Ἠρά-

322 3070 516 3128 κλειαν
562 3070 875 3148 ἐπανάγεται
931 3074 999 3132 9‘.
1037 3072 1398 3149 Ἀφικόμενος
1449 3071 1511 3130 δὲ
1551 3074 1727 3130 πάντα
1779 3072 1983 3149 τρόπον

321 3158 537 3217 ἐπενόει
583 3161 943 3232 ἀνοικίζεσθαι
986 3163 1033 3201 ³⁵
1089 3164 1189 3233 τήν
1243 3162 1433 3235 πόλιν,
1480 3162 1723 3239 καθάπερ
1754 3163 1832 3228 είς
1877 3184 1978 3218 πα-

322 3249 666 3326 λιγγενεσίαν
713 3250 1177 3325 ἀνακαλοῦμενος.
1237 3249 1415 3308 Ἀλλᾶ
1485 3252 1657 3309 πάντα
1722 3251 1972 3329 πράττων

325 3339 500 3414 μόλις
551 3340 628 3404 εἰς
675 3339 1147 3416 ὀκτακισχιλίους,
1180 3336 1296 3416 ἅμα
1360 3347 1477 3405 τοῖς
1543 3342 1835 3405 οἶκετικοῖς
1873 3341 1981 3397 σώ-

326 3451 493 3504 μασι,
537 3428 874 3506 συλλεγῆναι
925 3430 1318 3508 κατεπράξατο.
1352 3431 1712 3508 Βριθαγόρας,
1744 3428 1822 3501 δὲ,
1866 3427 1974 3503 ἤδη

316 3526 428 3590 τῆς
488 3520 709 3582 πόλεως
769 3518 1097 3593 αὐξομένης,
1162 3516 1389 3584 ἒλπίδας
1464 3521 1765 3591 ἓποιὴσατο
1840 3520 1979 3596 πρὸς

319 3607 647 3684 ἐλευθερίαν
699 3608 793 3664 τὸν
838 3605 1019 3682 δῆμον
1078 3607 1405 3684 ἀνενεγκεῖν,
1435 3609 1527 3664 καὶ
1585 3606 1979 3686 διαγεγονότων

320 3698 428 3772 μὲν
491 3695 721 3753 πολλῶν
777 3695 935 3766 ἐτῶν,
968 3693 1076 3769 ἤδη
1111 3694 1168 3752 δὲ
1212 3703 1334 3767 τῆς.
1367 3697 1654 3771 Ῥωμαίων
1686 3697 1983 3774 ἡγεμονίας

320 3787 406 3853 εἰς
435 3782 535 3842 ἕνα
562 3787 981 3861 περιισταμένης
1027 3783 1197 3862 ἄνδρα
1243 3786 1403 3842 Γάϊον
1434 3785 1669 3844 Ἰούλιον
1713 3788 1978 3863 Καίσαρα.

318 3877 473 3953 πρὸς
502 3880 696 3932 τοῦτον
726 3877 1003 3953 ἠπείγετο.
1039 3872 1472 3952 Συνεπρέσϐευον
1525 3873 1583 3931 δὲ
1626 3875 1775 3949 αὖτῷ
1818 3875 1986 3933 ἄλλοι

314 3965 384 4023 τε
447 3985 587 4029 τινες
645 3970 751 4022 τῶν
807 3964 1077 4042 ἐπιφανῶν
1125 3966 1216 4020 καὶ
1249 3965 1278 4019 6
1325 3965 1443 4029 υἱὸς
1492 3962 1805 4040 Πρόπυλος.
1838 3971 1986 4019 Γνω-

319 4056 485 4119 σθείς
544 4053 639 4109 οὖν
690 4058 770 4128 τῷ
825 4053 1056 4130 Καίσαρι
1090 4054 1571 4131 Βριθαγόρας,καί
1621 4051 1987 4130 διαπραξάμε-

316 4166 425 4208 νος
492 4142 765 4220 ἐγγυτέρω
932 4142 1093 4222 φιλίᾳ
1147 4143 1493 4218 προσελθεῖν,
1528 4141 1598 4199 δι’
1631 4142 1987 4219 ὑποσχέσεως

318 4236 571 4311 ἐγένετο,
612 4234 674 4291 οὐ
707 4236 813 4309 μὴν
848 4233 901 4307 ἒξ
932 4232 1130 4311 ἐφόδου
1168 4255 1231 4311 γε
1280 4230 1471 4291 λαϐεῖν
1525 4235 1627 4303 τήν
1682 4232 1986 4309 ἐλευθερίαν

316 4324 616 4397 ἠδυνήθη,
658 4324 751 4381 ἅτε
791 4321 857 4395 δή
918 4322 1018 4379 οὐκ
1063 4322 1117 4379 ἐν
1169 4329 1239 4399 τῇ
1282 4324 1473 4398 Ῥώμῃ
1537 4321 1668 4380 ἀλλ’
1713 4322 1793 4399 ἐφ’
1829 4319 1990 4399 ἐτερα

316 4420 431 4472 τοῖ’)
486 4410 652 4469 Γαΐου
706 4413 1150 4489 περιτρέχοντος.
1201 4410 1318 4470 Οὐκ
1364 4413 1627 4493 ἀφίστατο
1688 4410 1872 4486 μέντοι
1927 4433 1990 4488 γε

2154 2538 2258 2595 His
2287 2552 2425 2611 ergo
2453 2538 2881 2611 Thrasymedes
2910 2539 3208 2608 confectis,
3242 2538 3469 2612 plebem
3510 2536 3730 2594 remisit

2079 2626 2140 2683 in
2172 2626 2420 2700 patriam
2447 2643 2460 2682 :
2495 2628 2620 2701 ipse
2661 2643 2796 2685 vero
2844 2644 2979 2686 cum
3010 2627 3350 2701 Brithagora
3378 2633 3433 2684 et
3459 2626 3724 2700 Propylo,

2081 2716 2432 2788 Brithagorts
2486 2715 2630 2786 filio,
2688 2716 2762 2773 ad
2819 2721 3053 2787 tempus
3110 2717 3321 2775 dehinc
3380 2717 3732 2784 subsistens,

2082 2820 2213 2877 quae
2243 2805 2440 2876 patrias
2472 2820 2615 2862 usus
2657 2806 2917 2878 exigeret
2963 2805 3413 2863 administravit.
3445 2805 3732 2862 Peractis-

2082 2909 2197 2967 que
2226 2893 2448 2966 aliquot
2476 2893 2669 2963 annis,
2702 2911 2831 2951 cum
2862 2895 3053 2952 tribus
3083 2896 3363 2953 onerariis
3394 2894 3639 2952 navibus
3670 2895 3730 2950 in

2084 2983 2331 3055 patriam
2362 2999 2691 3056 regressus,
2722 3000 2827 3040 ceu
2862 2984 2934 3041 ad
2964 2983 3210 3041 alterum
3265 2988 3594 3041 revocatam
3623 3000 3733 3039 na-

2085 3070 2263 3129 talem
2293 3072 2451 3129 omni
2482 3071 2675 3129 studio
2705 3087 2978 3147 reparare
3009 3074 3329 3130 contendit.
3349 3073 3565 3131 Verum
3588 3073 3731 3129 dum

2087 3159 2287 3216 omnia
2314 3159 2573 3231 molitur,
2593 3176 2687 3217 v1x
2710 3164 2775 3217 ut
2796 3160 2940 3217 8000
2960 3162 3151 3219 vernis
3175 3161 3349 3219 etiam
3382 3176 3735 3218 annumera-

2088 3249 2189 3316 tis,
2217 3248 2648 3322 colligerentur,
2684 3250 2892 3306 effecit.
2925 3250 3303 3324 Brithagoras
3345 3254 3563 3318 autem,
3596 3249 3734 3306 civi-

2087 3342 2206 3395 tate
2229 3339 2354 3410 jam
2378 3342 2747 3410 augescente,
2771 3338 3054 3413 populum
3079 3340 3135 3396 in
3159 3339 3469 3413 pristinam
3493 3339 3735 3396 liberta-

2088 3431 2204 3486 tem
2234 3428 2569 3485 vindicandi
2601 3445 2763 3500 spem
2798 3429 2959 3499 facit,
2990 3431 3281 3503 annisque
3311 3428 3532 3503 elapsis
3582 3429 3735 3485 baud

2090 3517 2314 3591 paucis,
2349 3518 2743 3575 Romanorum
2784 3517 3026 3589 imperio
3050 3518 3175 3590 jam
3210 3520 3281 3575 ad
3309 3535 3492 3575 unum
3525 3518 3586 3576 C.
3615 3516 3735 3574 Jul.

2091 3612 2373 3665 Caesarem
2408 3608 2698 3676 devoluto,
2731 3609 2803 3664 ad
2835 3624 2971 3665 eum
3003 3609 3325 3666 contendit.
3359 3608 3739 3680 Legationem

2091 3714 2223 3755 cum
2252 3712 2319 3754 eo
2350 3697 2612 3765 obibant,
2633 3713 2766 3753 cum
2797 3698 2896 3754 alii
2926 3715 2995 3753 ex
3023 3697 3350 3765 nobilitate,
3372 3701 3499 3753 tum
3526 3696 3739 3768 Propy-

2092 3785 2209 3843 lus.
2236 3785 2320 3842 Ibi
2341 3786 2531 3843 notior
2553 3786 2737 3842 factus
2758 3786 2969 3842 Caesari
2992 3785 3381 3858 Brithagoras,
3408 3792 3463 3840 et
3502 3783 3739 3855 propius

2092 3874 2155 3931 in
2178 3873 2496 3930 amicitiam
2520 3874 2838 3941 admissus,
2859 3875 3305 3946 promissionem
3327 3873 3567 3945 quidem
3590 3871 3740 3927 acci-

2094 3964 2200 4036 pit,
2225 3963 2326 4020 sed
2358 3961 2687 4019 libertatem
2722 3964 2909 4033 prima
2932 3961 3240 4021 occasione
3268 3977 3609 4034 recuperare
3640 3975 3741 4016 ne-

2097 4052 2245 4126 quit,
2270 4051 2428 4124 quod
2453 4068 2567 4108 non
2590 4052 2799 4120 Romae,
2829 4052 2930 4108 sed
2960 4051 3096 4107 alibi
3128 4056 3437 4121 terrarum,
3459 4049 3656 4108 Julius
3679 4050 3740 4106 in

2096 4140 2467 4216 negotiorum
2499 4140 2877 4198 distractione
2906 4141 3269 4198 versabatur.
3295 4140 3424 4198 Non
3447 4144 3647 4195 tamen
3670 4139 3741 4195 ab

2096 4231 2329 4304 incepto
2361 4230 2585 4288 destitit
2605 4230 3007 4303 Britbagoras,
3032 4229 3136 4287 sed
3158 4246 3261 4304 per
3283 4233 3467 4287 totum
3499 4229 3619 4285 fere
3646 4244 3742 4284 or-

2098 4320 2230 4379 bem
2278 4336 2414 4377 cum
2456 4320 2682 4377 Caesare
2728 4319 3192 4388 circumductus,
3222 4319 3349 4392 ipse
3378 4327 3430 4375 et
3461 4316 3745 4391 Propylus

2100 4413 2162 4470 in
2184 4412 2373 4470 oculis
2395 4412 2526 4485 ejus
2546 4417 2672 4471 erat
2694 4430 2707 4469 :
2735 4421 2800 4470 ut
2819 4430 2934 4471 non
2957 4412 3203 4470 obscure
3222 4413 3542 4485 imperator
3561 4409 3746 4483 signi-

318 4502 698 4582 Βριθαγόρας,
728 4499 876 4559 ἀλλὰ
906 4501 1030 4579 περὶ
1061 4507 1236 4557 πᾶσαν
1293 4501 1393 4571 τήν
1445 4500 1769 4575 οἰκουμένην
1829 4501 1981 4565 αὐτός

499 4590 765 4611 ,ηνκ
1208 4590 1221 4609 ι
1376 4585 1949 4611 ,~.,,-,~.p-t.

2109 4502 2332 4571 ﬁcaret,
2365 4501 2699 4574 petitionem
2748 4501 3008 4560 hominis
3047 4519 3111 4559 se
3141 4502 3486 4575 approbare.
3519 4500 3749 4557 Duode-

313 4614 383 4650 τε
417 4593 519 4648 καὶ
551 4590 839 4669 Πρόπυλος
886 4590 1387 4669 συμπεριαγόμενος
1433 4593 1514 4663 τῷ
1553 4589 1780 4666 Καίσαρι
1828 4585 1995 4647 ἐϐλέ-

316 4703 471 4741 πετο
530 4682 659 4758 παρ’
687 4681 877 4753 αὐτοῦ,
910 4680 986 4744 ὡς
1044 4678 1541 4754 ἐπισημειούμενον
1592 4678 1685 4736 τὸν
1717 4678 1996 4757 αὐτοκρά-

317 4791 478 4848 τορα
536 4777 639 4841 τῆς
696 4767 1048 4846 λιπαρήσεως
1106 4770 1270 4826 αὐτὸν
1317 4765 1705 4845 ἀποδέχεσθαι.
1757 4766 2000 4825 Δωδεκα-

321 4862 498 4924 ετίας
547 4857 604 4915 δὲ
641 4860 740 4930 τήν
794 4856 1085 4936 παρεδρίαν
1124 4856 1550 4934 διαμετροόσης,
1580 4858 1669 4913 καὶ
1727 4857 1853 4932 περὶ
1897 4865 1997 4928 τῆς

317 4951 411 5016 εἰς
471 4951 697 5025 Ῥώμην
755 4946 1021 5006 ἐπανόδου
1076 4952 1175 5005 τοῦ
1240 4949 1511 5025 Καίσαρος
1579 4943 1994 5024 διανοουμένου,

319 5042 446 5100 ὑπό
509 5061 569 5097 τε
621 5043 718 5097 τοῦ
776 5041 987 5116 γήρους
1022 5039 1113 5095 καὶ
1155 5044 1265 5095 τῶν
1307 5043 1549 5119 συνεχῶν
1603 5038 1781 5096 πόνων
1840 5060 1999 5096 κατα-

2110 4593 2226 4650 cim
2284 4592 2519 4649 tandem
2571 4609 2759 4650 annos
2809 4592 2869 4648 in
2911 4590 3306 4648 familiaritate
3353 4591 3749 4649 Romanorum

2107 4697 2404 4752 emensus,
2432 4696 2566 4739 cum
2611 4683 2732 4754 jam
2788 4680 2980 4738 redire
3026 4681 3212 4738 Cesar
3249 4680 3605 4737 instituisset
3635 4680 3751 4736 Ro-

2108 4788 2291 4843 mam,
2341 4779 2574 4829 senecta
2620 4776 2676 4828 et
2719 4770 2988 4828 laborum
3031 4769 3374 4827 assiduitate
3429 4769 3750 4826 exhaustus

2108 4861 2502 4935 Britbagoras,
2535 4862 2724 4918 vivere
2755 4860 2989 4929 desinit,
3022 4864 3080 4916 et
3109 4860 3389 4933 grandem
3431 4860 3628 4932 patriae
3661 4857 3753 4913 lu-

2107 4960 2270 5009 ctum
2302 4967 2337 5007 a
2365 4966 2426 5008 se
2459 4950 2756 5023 relinquit.
2789 4951 2982 5022 Atque
3011 4951 3091 5007 ita
3119 4965 3212 5006 ενι
3241 4949 3418 5005 etiam
3465 4947 3611 5004 liber
3648 4946 3755 5002 Ηί-

2106 5042 2411 5099 storiarum
2443 5039 2777 5097 Memnonis
2808 5039 3175 5097 abbreviatus
3205 5038 3383 5094 ﬁnem
3416 5036 3609 5093 habet.

313 5131 649 5210 τρυχωθείς
698 5131 1040 5208 Βριθαγόρας
1094 5128 1343 5202 τελευτᾷ,
1382 5130 1518 5207 μὲγα
1555 5128 1752 5193 πένθος
1781 5133 1850 5205 τῇ
1882 5128 2105 5208 πατρίδι
2133 5130 2474 5188 καταλιπών.
2509 5130 2601 5194 Εἷς
2669 5134 2918 5186 τοιοῦτον
2967 5131 3014 5169 9°
3066 5130 3157 5205 μὶν
3212 5126 3373 5191 τέλος
3428 5128 3519 5183 καὶ
3570 5126 3598 5182 6
3659 5125 3755 5201 ις’

316 5225 517 5301 λογος
546 5227 649 5292 τῆς
683 5218 960 5295 Μέμνονος
990 5219 1233 5296 ἱστορίας
1258 5219 1506 5293 τελευτᾷ.

400 5314 576 5369 Ἐστι
618 5308 676 5367 δὲ
704 5312 739 5382 ἡ
783 5311 1066 5390 συγγραφή
1096 5310 1362 5390 νουνεχὴς
1411 5311 1507 5385 μὲν
1555 5310 1645 5367 καὶ
1683 5310 1776 5367 τὸν
1811 5309 2000 5390 ίσχνὸν

324 5397 777 5485 μεταδιώκουσα
814 5405 1160 5479 χαρακτῆρα,
1203 5398 1264 5455 οὐ
1309 5400 1421 5474 μὴν
1467 5397 1593 5457 οὐδε
1635 5403 1734 5457 τοῦ
1799 5404 2002 5480 σαφοῦς

2181 5312 2373 5371 240a
2402 5310 2667 5369 Prudens
2716 5315 2807 5367 est
2850 5310 3086 5383 quidem
3109 5309 3231 5367 haec
3279 5307 3551 5378 Historia,
3569 5311 3627 5366 et
3647 5305 3761 5365 exi-

2108 5399 2224 5458 lem
2281 5416 2609 5473 assequens
2674 5398 3089 5458 characterem.
3145 5397 3584 5472 Perspicuitatis
3640 5412 3756 5455 non

1695 5544 1945 5603 VARle
1990 5542 2409 5603 LECTIONES.

396 5673 453 5748 οε
516 5670 771 5748 τερ-ιά(ξῖ
813 5671 888 5729 Α,
926 5668 1012 5748 “9’
1049 5669 1292 5748 πατρῴῳ
1349 5666 1633 5746 διειλέχθη
1695 5670 1781 5748 ς’.

317 5747 537 5819 ζεσθαι
726 5744 773 5781 ⁸⁸
801 5744 1019 5799 τοιοῦτο

674 5845 952 5910 ΡΑτεοῑι.
1000 5847 1111 5910 Ga.
1157 5845 1307 5909 CIII.

1855 5671 1902 5709 ⁸³
1940 5668 2340 5749 ἐπεστρέψαμεν
2372 5670 2435 5746 ς’
2442 5711 2456 5729 .
2529 5670 2577 5708 9⁸
2635 5667 2956 5748 ἐπανάγεται
2991 5673 3029 5725 Α
3062 5687 3075 5730 :
3119 5666 3299 5747 ἄγεται
3332 5668 3413 5745 ς.
3491 5668 3538 5705 9⁵
3568 5663 3759 5723 ἐνοικί-

3367 5842 3445 5904 30
