4138 6228
246 425 359 488 9-H

1312 429 1859 491 BIBLIOTHECA.
1909 462 1984 477 --
2029 433 2257 496 CODD.
2304 434 2574 495 CCXXV.

3551 444 3669 503 942

252 559 595 635 μεγαλαυχεῖ
639 559 1027 635 ἀγωνίσασθαι,
1074 560 1220 617 ἀλλὰ
1268 558 1506 637 Ζεϐῆρον
1555 563 1652 635 μὲν
1700 561 1904 619 πλατύ-

2032 567 2367 624 :uratiorem
2427 586 2561 627 vero
2619 569 3013 628 Timotheum.
3078 573 3402 632 Domitiano
3472 579 3667 634 autem

246 667 426 722 τερον,
468 650 741 722 Τιμόθεον
794 648 853 705 δὲ
900 645 1304 725 ἀκριϐέστερον.
1362 657 1680 729 Προσφωνεῖ
1732 651 1788 707 δὲ
1841 654 1901 708 τὸ

255 732 482 812 βιϐλίον
514 743 828 812 Δομετιανῷ
856 744 935 811 τῷ
964 738 1281 811 Μελιτηνῆς
1313 740 1581 815 ἀρχιερεῖ.

323 828 379 882 Ὀ
439 828 538 901 μὲν
598 826 690 883 οὗν
746 836 791 883 α’
849 828 1017 905 λόγος
1075 828 1127 884 ἐν
1188 828 1509 909 κεφαλαίοις
1560 830 1907 906 ἀπαρτίζεται

252 914 322 987 δ’,
364 918 409 981 ς’
439 916 498 973 δὲ
536 917 859 996 κεφαλαίοις
890 918 980 973 καὶ
1015 920 1046 973 ι’
1077 920 1104 973 6
1141 919 1210 993 β’.
1247 924 1526 994 Διἠγεῖται
1571 916 1626 974 δὲ
1659 924 1787 994 [395

256 1006 395 1078 μετὰ
426 1008 493 1063 τὰ
545 1006 814 1081 προοίμια
849 1009 913 1062 τὸ
944 1008 989 1062 α’
1042 1004 1260 1081 βιϐλίον
1292 1009 1393 1077 τὴν
1444 1008 1620 1064 αἰτίαν
1663 1007 1735 1063 δι’
1872 1014 1907 1080 ἡ

248 1097 434 1172 γραφή
485 1094 753 1171 προῆλθε,
796 1096 886 1151 καὶ
945 1098 1019 1159 ὡς
1066 1096 1276 1173 ἀνδρῶν
1326 1093 1576 1153 εὐλαϐῶν
1620 1104 1906 1174 προτροπῇ

248 1185 454 1258 ταύτην
502 1185 793 1261 ἐπράξατο.
851 1189 950 1264 Εφ’
1010 1187 1095 1248 οἷς
1141 1184 1405 1242 ἐκτίθεται
1452 1187 1620 1261 νόμον
1665 1189 1753 1242 καὶ
1808 1209 1909 1243 κα-

251 1274 406 1344 νόνα,
470 1276 545 1348 μὴ
602 1272 709 1330 δεῖν
761 1273 822 1330 ἐκ
874 1277 1078 1349 μὲρους
1121 1276 1188 1332 τὰ
1236 1277 1636 1352 συγγράμματα
1681 1279 1906 1353 κρίνειν,

256 1362 394 1438 μηδ’
437 1364 913 1440 ἀποσπαράγματά
960 1374 1081 1420 τινα
1129 1360 1509 1438 λαμϐάνοντας
1561 1364 1651 1421 διὰ
1698 1369 1905 1423 τούτων

250 1456 354 1523 τήν
387 1454 523 1525 ὅλην
554 1459 650 1511 τοῦ
695 1455 996 1532 γράφοντος
1036 1451 1412 1511 ἐνδιαϐάλλειν
1458 1454 1700 1513 διάνοιαν
1731 1478 1743 1490 ·
1794 1465 1910 1523 τοῖς

253 1546 364 1620 γὰρ
419 1544 693 1607 τοιούτοις
738 1544 829 1600 καὶ
881 1546 909 1599 6
957 1547 1247 1624 προφήτης
1307 1544 1564 1622 ἐπαφίησι
1606 1547 1705 1615 τήν
1753 1547 1906 1622 ἀρὰν,

253 1633 389 1689 Οὐαὶ
421 1635 467 1671 9⁸
500 1640 617 1698 τοῖς
662 1634 1097 1712 προφητεύουσι,
1150 1633 1351 1710 λέγων,
1400 1636 1505 1691 ἀπὸ
1547 1634 1774 1711 καρδίας
1812 1638 1911 1691 αὐ-

254 1730 389 1791 τῶν,
440 1725 532 1780 καὶ
579 1724 643 1780 τὸ
702 1723 943 1779 καθόλου
992 1726 1068 1798 μὴ
1119 1724 1407 1799 βλέπουσι,
1449 1730 1644 1781 Τοῦτον
1706 1724 1763 1780 δὲ
1819 1728 1909 1782 τὸν

256 1815 429 1889 νόμον
458 1815 549 1870 καὶ
599 1814 796 1871 κανόνα
845 1816 936 1872 καὶ
985 1821 1092 1871 τῶν
1144 1817 1302 1891 ἱερῶν
1351 1820 1512 1889 ἡμῶν
1566 1816 1816 1893 Πατὲρων
1855 1820 1907 1873 αἱ

2017 657 2302 713 Melitenen
2333 674 2477 730 opus
2509 659 2760 717 dedicat.

2092 831 2323 887 Primus
2377 832 2613 903 quidem
2659 833 2805 889 liber
2834 837 3081 904 quatuor
3110 833 3396 905 capitibus
3425 835 3670 892 absolvi-

2022 923 2132 987 tur,
2156 920 2299 975 alter
2326 935 2459 976 vero
2491 920 2765 978 sedecim.
2791 920 2963 977 Initio
2985 926 3180 978 autem
3211 925 3400 993 operis
3431 940 3667 981 causam

2019 1009 2209 1064 reddit
2237 1010 2498 1081 suscepti
2524 1008 2765 1078 laboris,
2787 1027 2900 1080 quo
2922 1016 2978 1066 et
3000 1010 3076 1083 pii
3110 1011 3379 1068 homines
3408 1014 3670 1069 scriben-

2019 1101 2132 1152 tem
2183 1098 2525 1153 invitarunt.
2562 1098 2784 1163 Quibus
2834 1098 3022 1171 legem
3068 1102 3370 1157 constituit
3399 1107 3457 1158 et
3486 1119 3666 1159 cano-

2019 1201 2171 1255 nem,
2205 1188 2423 1258 scripta
2453 1186 2773 1259 dijudicare
2813 1205 2929 1244 non
2961 1198 3226 1260 oportere
3256 1206 3322 1246 ex
3355 1196 3536 1262 parte,
3570 1208 3669 1247 ne-

2020 1291 2132 1346 que
2180 1277 2505 1347 fragmenta
2551 1279 2816 1349 quaedam
2870 1280 3180 1348 sumendo,
3215 1296 3283 1335 ex
3328 1280 3422 1336 his
3454 1282 3523 1337 de
3551 1285 3671 1338 tota

2017 1366 2322 1437 scriptoris
2349 1368 2846 1438 mentcjudicium
2875 1370 3200 1428 ferendum.
3219 1370 3332 1426 Hos
3357 1372 3509 1427 enim
3534 1372 3671 1427 Pro-

2021 1455 2195 1528 pheta
2225 1462 2591 1513 exsecratur:
2623 1462 2712 1512 Vze
2741 1459 3039 1529 prophetis,
3063 1462 3161 1532 qui
3178 1469 3484 1532 sequuntur
3502 1462 3672 1529 spiri-

2019 1548 2136 1600 tum
2167 1561 2349 1611 suum,
2372 1552 2424 1601 ct
2452 1547 2600 1601 nihil
2650 1547 2834 1603 vident
2865 1548 2897 1602 Ιι
2924 1548 2935 1601 !
2990 1548 3151 1604 Hanc
3182 1548 3368 1621 legem
3403 1566 3469 1604 ac
3501 1565 3673 1620 regu-

2023 1634 2137 1690 lam
2214 1639 2270 1690 et
2340 1636 2574 1692 Patrum
2633 1644 2961 1692 nostrorum
3022 1638 3250 1693 decreta
3305 1639 3671 1695 confirmant.

2022 1723 2250 1779 Etenim
2301 1724 2646 1780 Eustathius
2693 1726 3090 1784 Antiochenus
3139 1728 3452 1800 episcopus
3483 1728 3539 1782 in
3573 1742 3674 1782 sex

2022 1812 2283 1868 adversus
2336 1814 2570 1868 Arianos
2647 1813 2814 1869 libris
2872 1815 2965 1871 his
3023 1816 3218 1872 verbis
3275 1816 3526 1871 scribit:
3577 1814 3679 1869 Sed

256 1908 437 1983 ψῆφοι
494 1905 840 1981 κρατύνουσι.
901 1906 998 1960 Καὶ
1057 1906 1161 1981 γὰρ
1216 1907 1302 1961 καὶ
1374 1905 1668 1969 Εὖστάθιος
1728 1908 1755 1962 6
1805 1912 1913 1967 τῶν

2032 1902 2247 1959 Arianae
2290 1916 2470 1959 scenae
2517 1902 2799 1960 saltatores
2843 1911 3126 1976 peccatum
3156 1907 3353 1976 fecisse
3400 1905 3678 1959 Christum

260 1995 593 2071 Ἀντιοχέων
663 1995 952 2069 ἀρχιερεὺς
1028 1994 1080 2050 ἐν
1146 1991 1199 2065 ἓξ
1276 1994 1465 2070 λόγοις
1524 1997 1571 2033 ’9
1644 1998 1710 2051 τὰ
1781 1999 1915 2053 κατά

2032 1991 2251 2051 iactant.
2285 1991 2348 2045 Et
2382 1995 2513 2063 post
2564 2009 2679 2048 non
2730 1993 2902 2065 longe
2939 1993 3123 2049 illud:
3165 1998 3331 2050 Deum
3372 1994 3433 2049 in
3465 1992 3678 2050 Christo

261 2088 557 2159 Ἀρειανῶν
590 2084 781 2146 αὐτοῖς
835 2084 1080 2160 ῥήμασιν
1122 2085 1267 2141 οὕτω
1311 2085 1488 2163 φησίν.
1523 2085 1676 2142 Ἀλλ’
1727 2088 1781 2140 οἱ
1812 2107 1915 2142 πα-

266 2171 482 2250 ράδοξοι
558 2181 659 2244 τῆς
714 2174 922 2249 Ἀρείον
1000 2172 1247 2247 Θυμέλης
1323 2174 1624 2250 μεσόχοροι
1696 2177 1759 2231 τὸ
1822 2178 1916 2249 μὲν

266 2264 536 2338 ἁμαρτίαν
590 2265 665 2336 μή
712 2267 728 2301 ί
788 2264 1146 2333 πεποιηκέναι
1195 2265 1289 2318 τὸν
1341 2264 1569 2340 Χριστὸν
1630 2265 1916 2341 φράζουσι,

262 2353 357 2409 καὶ
420 2353 537 2426 μετ’
596 2350 756 2426 ὀλίγα
799 2371 812 2385 ’
868 2353 942 2407 Τὸ
992 2352 1068 2423 δὶ,
1129 2353 1214 2409 ὅτι
1264 2355 1394 2416 Θεὸς
1450 2354 1517 2423 ἦν
1587 2353 1638 2409 ἒν
1695 2353 1921 2431 Χριστῷ

263 2444 475 2515 κόσμον
533 2440 926 2497 καταλλάσσων
1004 2443 1199 2515 ἑαυτῷ,
1260 2442 1383 2498 οὔτε
1451 2442 1503 2498 ἐν
1559 2446 1750 2519 μνήμῃ
1826 2444 1921 2519 φέ-

264 2553 452 2607 ρουσιν
514 2528 639 2587 οὔτε
695 2535 813 2594 τοῖς
871 2537 972 2601 τῆς
1030 2528 1289 2606 γλώττης
1345 2532 1597 2609 ὀργάνοις
1657 2532 1920 2604 ἐκφωνοῦ*

264 2642 372 2689 σιν,
433 2620 567 2676 ἀλλ’
641 2618 825 2696 ὥσπερ
881 2618 1046 2676 δεινοί
1125 2620 1448 2698 συκοφάνται
1524 2621 1612 2677 καὶ
1693 2626 1924 2698 κατήγο-

268 2732 357 2787 ροι
422 2711 933 2786 ἀκρωτηριάσαντες
988 2712 1053 2766 τὸ
1129 2709 1338 2788 χωρίον
1398 2710 1493 2767 τὸν
1572 2713 1758 2789 ἀγῶνα
1825 2718 1926 2779 τῆς

260 2802 606 2876 κατηγορίας
662 2805 970 2857 ποιοῦνται.
1034 2802 1161 2857 Εἶτα
1212 2801 1304 2856 καὶ
1361 2804 1396 2872 ἡ
1457 2806 1639 2881 ψῆφος
1697 2805 1732 2871 ἡ
1793 2804 1923 2878 ὑπὲρ

264 2894 370 2947 τοῦ
416 2890 596 2963 νόμου
627 2909 642 2922 ·
706 2895 797 2945 Δεῖ
844 2886 901 2944 δὲ
950 2888 1277 2968 φιλαλήθως
1304 2892 1433 2954 τοὺς
1480 2890 1735 2964 ἐννόμους
1782 2891 1926 2966 ἀγω-

259 2979 470 3049 νιστὰς,
572 2979 743 3033 πάντα
840 2975 1403 3053 συμπεριλαϐόντας,
1479 2979 1922 3056 ἀπαραλείπτως,

264 3069 419 3126 ἀλλά
469 3069 548 3141 μὴ
600 3068 737 3144 πρὸς
785 3069 995 3140 ἀπάτην
1055 3070 1217 3146 μέρος
1281 3072 1375 3144 μὲν
1437 3071 1777 3142 ἀποσιωπᾷν,
1832 3070 1925 3144 μὲι

2023 2082 2292 2138 mundum
2350 2084 2463 2139 sibi
2514 2083 2861 2149 conciliasse,
2919 2100 3096 2157 neque
3140 2085 3413 2140 memoria
3471 2084 3678 2147 tenent,

2024 2187 2122 2228 nec
2170 2173 2376 2242 lingu'e
2421 2172 2645 2245 organis
2693 2175 2985 2245 conferunt
3009 2191 3028 2229 :
3056 2173 3148 2230 sed
3177 2173 3349 2229 veluti
3376 2187 3566 2245 graves
3593 2186 3682 2226 ca-

2026 2262 2391 2321 lumniatores
2422 2271 2475 2322 et
2501 2271 2841 2324 accusatores
2872 2266 3051 2321 locum
3082 2263 3501 2333 labe/actantes,
3525 2276 3683 2317 aecu-

2025 2356 2257 2410 salionis
2293 2359 2569 2413 certamen
2600 2358 2918 2413 instituunt.
2951 2353 3169 2410 Deinde
3200 2357 3257 2408 et
3290 2352 3434 2423 legis
3475 2351 3678 2405 decre-

2029 2445 2192 2498 tum:
2228 2442 2459 2515 Oportet
2489 2460 2615 2500 vero
2666 2446 2917 2500 veritatis
2970 2441 3153 2497 studio
3200 2441 3451 2513 legitime
3492 2436 3682 2493 πίοι)

2029 2539 2326 2600 certantes,
2386 2534 2576 2589 omnia
2628 2534 2841 2589 abunde
2897 2533 3245 2603 accipientes,
3295 2527 3389 2583 sed
3444 2542 3554 2581 non
3612 2525 3681 2580 ad

2027 2625 2304 2693 fraudem,
2326 2625 2534 2695 partim
2565 2623 2783 2696 quidem
2810 2624 2993 2687 silere,
3026 2623 3233 2691 partim
3255 2633 3380 2673 vero
3408 2615 3679 2685 arripien-

2031 2721 2108 2769 tes
2148 2713 2366 2787 offerre.
2398 2714 2495 2769 Sic
2542 2713 2780 2768 divinus
2821 2709 3066 2766 Basilius
3114 2709 3185 2763 ad
3236 2708 3393 2761 hunc
3438 2703 3681 2758 modum

2032 2802 2376 2873 Sozopolilis
2407 2802 2702 2858 scribens:
2743 2802 2860 2856 Non
2905 2813 3091 2855 recens
3121 2795 3397 2868 opinionis
3427 2792 3549 2850 haec
3575 2794 3684 2847 im-

2030 2893 2227 2963 pietas,
2249 2891 2343 2948 scd
2376 2898 2423 2947 et
2458 2892 2595 2946 olim
2626 2890 2693 2945 ab
2723 2888 2960 2945 absurdo
3008 2890 3206 2943 insano
3261 2885 3547 2942 Valentino
3594 2884 3682 2937 in-

2032 2983 2252 3049 choata,
2273 2981 2371 3053 qui
2392 2998 2569 3053 pauca
2601 2981 2838 3052 Apostoti
2867 2978 3031 3035 verba
3060 2974 3414 3040 contrahens,
3448 2970 3683 3043 impium

2030 3073 2139 3128 sibi
2167 3072 2489 3143 ﬁgmentum
2519 3072 2872 3143 preparavit.
2905 3068 2977 3125 Ut
3007 3065 3264 3123 haeretici
3294 3070 3557 3120 amentes
3588 3076 3681 3118 so-

267 3181 363 3236 ρος
425 3157 486 3215 δὲ
552 3164 912 3221 αποσπῶντας
966 3162 1270 3239 προφέρειν.
1331 3162 1603 3225 Ὡσαύτως
1669 3163 1759 3217 καί
1826 3167 1919 3219 Βα-

2033 3161 2154 3217 lent
2203 3170 2417 3231 partem
2467 3162 2723 3233 aliquam
2771 3159 3086 3229 Scriptura
3141 3155 3393 3224 arripere
3434 3156 3492 3207 et
3530 3151 3681 3259 hanp

268 3251 481 3312 σίλειος
540 3250 570 3305 6
622 3248 767 3311 Θεῖος
833 3251 1036 3305 οὑτωσί
1102 3250 1519 3319 Σωζοπολίταις
1586 3252 1922 3309 ἐπιστέλλων

263 3340 469 3418 γράφει
502 3358 517 3372 ⁵
564 3338 639 3394 Οὐ
683 3339 944 3412 νεώτερον
995 3343 1161 3395 τοῦτο
1206 3348 1307 3410 τῆς
1348 3338 1626 3413 δοκήοεως
1677 3343 1739 3397 τὸ
1797 3343 1920 3398 δισέ-

259 3426 445 3505 ϐημα,
506 3426 659 3484 ἀλλὰ
712 3428 883 3486 πάλαι
940 3428 1046 3484 ἀπὸ
1091 3434 1189 3485 τοῦ
1240 3433 1637 3512 ματαιόφρονος
1686 3432 1920 3509 ἀρξάμε-

255 3540 351 3575 νον
418 3517 809 3586 Οὐαλεντίνου,
878 3518 939 3578 ὃς
1001 3516 1194 3594 ὀλίγας
1254 3524 1350 3575 τοῦ
1424 3521 1767 3578 Ἀποστόλου
1826 3520 1918 3577 λέ-

258 3612 368 3682 ξεις
497 3608 885 3682 ἁποσπαράξας
977 3607 1041 3662 τὸ
1162 3604 1413 3675 δυσσεϐὲς
1509 3612 1685 3685 ἑαυτῷ
1784 3633 1917 3666 κατ-

259 3699 527 3753 εσκεύασε
581 3694 832 3769 πλάσμα.
883 3698 1045 3753 Ὥστε
1093 3704 1197 3768 τῆς
1253 3704 1359 3753 τῶν
1426 3700 1713 3775 αἱρετικῶν
1775 3701 1917 3756 ἐστιν

258 3784 558 3855 ἀπονοίας,
625 3786 789 3862 μέρος
846 3807 897 3840 τι
953 3782 1347 3861 παραλαϐόντα
1396 3796 1497 3858 τῆς
1555 3796 1772 3869 γραφῆς
1830 3789 1919 3844 καὶ

256 3882 433 3932 τοῦτο
482 3874 978 3951 παραχαράσσοντα
1028 3873 1098 3932 δι’
1137 3875 1302 3931 αὐτοῦ
1349 3897 1410 3931 τε
1456 3884 1806 3955 συκοφαντεῖν
1856 3877 1922 3933 τὰ

260 3965 463 4036 λοιπὰ,
525 3965 612 4021 καὶ
657 3961 748 4019 διὰ
782 3971 884 4034 τῆς
930 3969 1038 4020 τῶν
1086 3966 1247 4039 ἱερῶν
1295 3964 1512 4041 Λογίων
1561 3966 1919 4043 συκοφαντίας

257 4056 349 4111 καὶ
417 4056 737 4127 κατατομῆς
818 4059 1135 4131 συγκροτεῖν
1210 4054 1421 4117 ἑαυτοῖς
1477 4057 1577 4125 τήν
1654 4052 1919 4115 ἀσέϐειαν,

258 4144 427 4200 Οὕτω
458 4143 507 4199 δ’
546 4144 609 4198 ἂν
662 4144 1063 4221 κατηγορηθείν
1109 4149 1225 4207 τοῖς
1256 4139 1467 4200 ἀσεϐέσι
1517 4146 1605 4200 καὶ
1654 4145 1855 4220 Πέτρος
1893 4147 1921 4201 6

260 4239 574 4312 κορυφαῖος
616 4238 727 4289 τῶν
768 4233 1118 4307 ἀποστόλων,
1168 4235 1244 4298 ὡς
1291 4233 1513 4310 διαιρῶν
1560 4237 1653 4291 τὸν
1702 4239 1925 4310 Ἐμμα-

256 4322 470 4397 νουήλο
522 4339 708 4399 φησιν·
742 4325 952 4394 Ἰησοῦν
1000 4324 1091 4379 τὸν
1140 4323 1247 4379 ἀπό
1298 4326 1535 4400 Ναζαρὲθ
1585 4327 1660 4388 ὡς
1708 4320 1921 4401 ἔχρισεν

258 4413 437 4472 αὐτὸν
478 4415 508 4469 6
553 4414 682 4475 Θεὸς
728 4416 1002 4489 Πνεύματι
1058 4413 1202 4492 ἁγίῳ
1249 4416 1339 4471 καὶ
1378 4413 1624 4490 δυνάμει,
1657 4418 1715 4479 ’ὀς
1766 4414 1925 4486 διῆλ-

258 4508 351 4560 θεν
436 4504 735 4579 εὐεργετῶν
786 4504 879 4558 καὶ
947 4501 1181 4577 ἰώμενος
1252 4506 1451 4567 πάντας
1507 4504 1636 4568 τοὺς
1702 4503 1930 4561 καταδυ-
1959 4529 2005 4593 D

256 4591 707 4665 ναστευομὲνους
774 4593 878 4649 ὑπὸ
932 4597 1030 4648 τοῦ
1087 4589 1373 4663 διαϐόλον,
1432 4594 1516 4650 δτι
1575 4596 1603 4651 6
1674 4597 1805 4657 Θεὸς
1860 4597 1928 4665 ἦν

262 4687 387 4757 μετ’
426 4683 622 4739 αὐτοῦ.
658 4682 757 4738 Ναὶ
789 4680 858 4752 δή
887 4682 978 4738 καὶ
1023 4682 1260 4752 Παῦλον,
1298 4686 1391 4739 τὸν
1436 4682 1801 4760 περιλαϐόντα
1830 4687 1929 4755 τήν

259 4774 608 4846 οἰκουμένην
639 4778 718 4846 τῷ
747 4779 849 4843 τῆς
882 4769 1158 4836 εὐσεϐείας
1185 4795 1253 4845 κη
1266 4772 1521 4851 ρόγματι,
1551 4781 1671 4839 τοῖς
1718 4775 1933 4848 ὁμοίοις

256 4864 736 4938 ἀκρωτηριαστής
758 4862 845 4916 καὶ
879 4862 1218 4941 συκοφάντης
1248 4865 1270 4899 ²
1298 4863 1616 4934 αἰτιάσεται,
1639 4864 1692 4920 ἐν
1725 4866 1808 4927 οῖς
1841 4862 1937 4936 δη-

263 4956 558 5032 μηγορῶν
585 4952 724 5026 πρὸς
753 4951 1079 5021 Ἀθηναίους
1107 4954 1130 4990 ³
1168 4949 1268 5029 ἔφη
1306 4972 1320 4986 θ
1358 4952 1733 5031 Παραγγὲλλει
1767 4957 1788 4992 ⁸
1816 4960 1934 5017 τοῖς

258 5039 595 5118 ἀνθρώποις
654 5044 785 5096 πᾶσι
877 5046 1172 5114 μετανοεῖν,
1230 5043 1419 5099 καθότι
1497 5038 1718 5113 ἔστησεν
1794 5045 1936 5118 ἡμὲ-

264 5153 364 5208 ραν
421 5131 481 5188 ἐν
617 5128 810 5204 μέλλει
857 5130 1054 5205 κρίνειν
1101 5133 1202 5201 τήν
1250 5130 1579 5205 οἰκουμένην
1625 5131 1678 5188 ἐν
1730 5130 1940 5187 δικαιο-

264 5225 445 5299 σύνῃ,
506 5217 746 5292 ἐνᾶνδρὶ
815 5221 861 5294 ᾧ
914 5218 1102 5298 ὥρισε,
1160 5219 1338 5276 πίστιν
1405 5224 1706 5300 παρασχὼν
1758 5226 1936 5291 πᾶσιν,

263 5312 594 5382 ἀναστήσας
656 5309 816 5365 αὐτὸν
867 5309 929 5365 ὲκ
982 5314 1208 5386 νεκρῶν.
1280 5312 1366 5365 Ἐν
1422 5312 1512 5373 οἷς
1582 5309 1746 5366 πάλιν
1804 5312 1942 5387 πρὸς

2033 3252 2367 3321 depravare,
2402 3255 2639 3322 propter
2667 3250 2817 3305 hanc
2849 3252 3054 3303 cetera
3086 3245 3496 3307 condemnare,
3520 3245 3577 3295 et
3607 3240 3679 3294 ab

2034 3357 2332 3397 sacrarum
2366 3340 2683 3395 lectionum
2729 3335 3041 3393 calumniis
3072 3339 3130 3390 et
3159 3334 3548 3390 divisionibus
3578 3330 3683 3383 im-

2032 3432 2194 3505 pium
2227 3432 2442 3503 dogma
2472 3430 2743 3487 conﬂare.
2773 3429 2866 3484 Sic
2898 3433 2952 3484 et
2984 3426 3377 3499 apostolorum
3410 3421 3680 3493 princeps

2028 3523 2099 3578 ab
2131 3521 2329 3594 impiis
2374 3524 2684 3577 accusatus
2733 3523 2838 3588 est,
2871 3525 2933 3574 ut
2976 3518 3242 3573 dividens
3294 3511 3676 3569 Emmanuel:

2028 3611 2253 3684 inquit:
2286 3613 2468 3668 Iesum
2516 3612 2886 3676 Nazarenam,
2919 3605 3179 3680 quomodo
3218 3605 3445 3659 auxerit
3496 3602 3680 3667 ipsum

2028 3703 2170 3758 Deus
2202 3706 2391 3756 sancto
2444 3700 2663 3771 Spiritu
2693 3702 2743 3755 et
2772 3700 3000 3762 virtute,
3037 3696 3132 3767 qui
3178 3693 3325 3748 venit
3372 3690 3678 3757 benefactu-

2030 3808 2122 3847 rus
2151 3798 2204 3847 et
2245 3792 2487 3847 liberans
2534 3804 2720 3846 omnes
2769 3784 3064 3859 tyrannide
3110 3796 3386 3854 Oppressos
3442 3777 3675 3845 diaboli,

2030 3878 2724 3953 quiaDeuseratcumeoh‘.
2750 3877 2811 3931 Et
2828 3877 3077 3948 profecto
3102 3867 3555 3928 Paulumorbem
3572 3871 3680 3920 ter-

2033 3986 2228 4024 rarum
2245 3968 2477 4040 pietatis
2493 3965 2778 4038 prmconio
2792 3956 3523 4036 percurrentem,similibus
3536 3955 3681 4023 inju-

2033 4058 2134 4113 riis
2165 4061 2221 4113 et
2250 4056 2563 4113 calumniis
2585 4052 2942 4128 perstringit,
2965 4051 3022 4105 in
3052 4050 3265 4122 quibus
3298 4046 3679 4104 concionatus

2033 4146 2489 4202 Atheniensibus
2512 4145 2741 4199 locutus
2760 4140 3246 4199 esti:Annuntiat
3274 4133 3589 4191 hominibus
3619 4134 3681 4186 ut

2034 4252 2216 4293 omnes
2245 4236 2443 4307 ubique
2457 4232 2839 4307 paenitentiam
2859 4233 3047 4300 agant,
3061 4244 3120 4284 eo
3138 4224 3282 4299 quod
3296 4223 3490 4281 statuit
3511 4220 3677 4289 diem,

2037 4327 2093 4381 in
2116 4326 2587 4397 quojudicaturus
2606 4332 2683 4379 est
2699 4324 2880 4379 orbem
2904 4322 2961 4376 in
2982 4318 3242 4391 aequitate
3264 4315 3319 4371 in
3343 4313 3481 4381 viro,
3501 4314 3555 4366 in
3579 4325 3683 4383 que

2035 4417 2231 4471 statuit
2261 4415 2420 4485 ﬁdem
2439 4416 2688 4488 praebens
2716 4414 2993 4472 omnibus,
3022 4411 3291 4465 suscitans
3319 4421 3444 4462 eum
3472 4420 3506 4459 a
3538 4418 3683 4458 mor-

2037 4505 2171 4563 tuis.
2198 4505 2279 4561 De
2309 4506 2525 4577 quibus
2558 4505 2771 4560 iterum
2820 4503 2890 4558 ad
2941 4501 3207 4556 Hebraeos
3255 4495 3520 4553 scribens
3563 4492 3679 4547 ait:

2040 4597 2148 4664 Qui
2194 4598 2252 4651 in
2293 4595 2480 4650 diebus
2526 4595 2715 4650 carnis
2758 4608 2871 4648 sum
2922 4605 3105 4661 preces
3150 4587 3688 4659 supplicationesque

2041 4686 2112 4742 ad
2135 4703 2263 4741 eum
2293 4685 2391 4758 qui
2418 4684 2592 4757 possit
2623 4683 2785 4739 illum
2814 4682 3027 4737 saluum
3059 4681 3242 4751 facere
3270 4694 3305 4733 a
3334 4679 3508 4732 morte
3538 4673 3586 4743 j,
3627 4673 3683 4726 et

2041 4775 2338 4846 deinceps.
2372 4773 2773 4831 Calumniator
2819 4771 3001 4844 igitur
3033 4766 3247 4840 proprii
3277 4764 3411 4820 furti
3444 4767 3499 4817 et
3529 4761 3685 4815 lace-

2044 4866 2287 4921 rationis
2310 4866 2564 4937 judicem
2595 4864 2855 4934 seipsum
2888 4859 3275 4923 constituens,
3301 4870 3415 4910 non
3438 4857 3504 4906 ut
3534 4848 3690 4904 nude

2042 4955 2341 5011 hominem
2368 4954 2627 5011 dicentes
2659 4951 2969 5008 Dominum
3003 4952 3268 5003 nostrum
3298 4945 3501 5000 Jesum
3534 4937 3693 4993 Chri-

2046 5050 2223 5114 stum,
2258 5046 2657 5101 contemneret
2704 5054 2998 5114 prmcones
3042 5037 3248 5106 ipsius,
3300 5031 3396 5087 sed
3448 5044 3564 5084 non
3611 5025 3694 5082 sic

2046 5134 2313 5191 veritatis
2366 5134 2616 5189 amicus.
2649 5131 2718 5186 Et
2749 5125 3041 5202 praedictis
3092 5123 3438 5194 adjungens,
3472 5133 3597 5189 quae
3629 5130 3699 5172 ex

2049 5223 2164 5280 alia
2196 5226 2359 5296 parte
2389 5223 2459 5279 de
2490 5221 2786 5277 Salvatorc
2818 5235 2852 5273 a
2882 5213 3113 5290 pietatis
3165 5224 3427 5284 praecone
3468 5208 3698 5296 denun-

2051 5293 2382 5381 tialavsunt,
2415 5315 2576 5367 extra
2617 5323 2850 5364 omnem
2902 5303 3180 5375 injuriam
3230 5299 3463 5371 pietatis
3505 5293 3701 5367 magi-

345 5456 384 5513 Ιι
419 5452 635 5511 Ezech.
666 5469 789 5523 xm,
823 5456 874 5511 3.
908 5453 968 5510 h'
997 5455 1128 5512 Act.
1168 5471 1226 5527 x,
1260 5454 1349 5511 58.
1382 5456 1405 5511 i
1430 5455 1556 5511 Act.
1586 5470 1720 5525 xvn,
1753 5455 1841 5510 30.
1868 5455 1897 5528 j
1927 5454 2097 5513 Hebr.
2130 5471 2187 5522 ν,
2216 5453 2274 5507 7.

1644 5587 1886 5645 νΑιιιΕ
1934 5586 2347 5645 LECTIONES.

348 5717 399 5753 η
436 5711 848 5786 ouai]_Ezecli.
901 5731 1027 5786 xm,
1059 5716 1113 5786 3.

1217 5714 1264 5789 ξε
1396 5709 1616 5789 λόγοις]
1664 5710 1807 5789 Eurus
1837 5709 1994 5789 λόγῳ
2043 5710 2363 5789 Fabricius.

2469 5714 2486 5749 ¹
2522 5709 2598 5779 μὴ
2649 5709 2779 5765 add.
2831 5724 2980 5765 corr.
3012 5711 3078 5764 Α.
3182 5705 3203 5740 ²
3234 5700 3703 5779 ἇκρωτηριασταῖς

272 5788 370 5843 καὶ
404 5782 778 5862 συκοφάνταις
810 5789 878 5843 Α.
956 5788 977 5823 ³
1008 5782 1145 5860 πρὸς
1169 5784 1461 5855 ἀθηναίους
1482 5782 1538 5841 Ἀ
1584 5782 1718 5840 ἶκαὶ
1749 5782 2029 5853 ἀθηναῖοις
2218 5784 2243 5819 ⁴
2271 5782 2532 5859 παραγγ.]
2566 5787 2687 5840 Act.
2717 5796 2857 5852 xvu,
2896 5782 2985 5836 30.

4081 244 4083 347 ί

4080 454 4085 539 i

4080 782 4087 805 ἢ

4084 954 4089 1075 ι

4088 1178 4091 1259 ί
