4154 6218
292 404 410 466 945

1385 402 1923 466 BIBLIOTHECA.
1969 438 2028 448 —
2089 401 2264 464 COD.
2313 403 2592 465 CCXXV.

3577 405 3696 466 946

298 559 464 615 ρεσιν,
495 557 638 612 ταχα
680 555 744 607 ην
777 536 968 600 αὐτοῖς
993 537 1092 605 τῆς
1140 531 1406 606 διαϐολῆς
1437 538 1471 606 ἡ
1523 535 1712 610 ἄγνοια
1741 537 2009 615 πρόφασις
2041 538 2060 560 ⁸
2107 536 2222 594 ἐπεὶ
2267 535 2324 591 δὲ
2364 535 2450 592 διὰ
2485 535 2690 611 μυρίων
2733 537 2768 605 ἡ
2816 527 3062 590 εὐσέϐεια
3109 532 3412 609 πρόδηλος,
3447 539 3573 608 [764
3605 537 3698 608 11.}

295 632 416 688 πῶς
447 627 578 704 οὐχὶ
636 622 882 698 δευτέραν
941 623 1028 679 ἐπὶ
1081 627 1148 697 τῇ
1193 623 1386 698 πρώτῃ
1449 619 1730 697 δυσσεϐείᾳ
1785 627 1836 680 οἱ
1895 625 2216 706 συκοφάνται
2277 621 2838 702 προσλαμϐάνουσινς
2884 623 3042 683 Ἀλλ’
3105 623 3154 678 ἐν
3207 623 3424 690 τούτοις
3481 625 3574 698 μὲν
3633 625 3702 680 τά

298 713 396 770 δύο
433 712 720 791 κεφάλαια,

367 803 556 878 Τρίτον
609 799 656 857 δ’
703 802 764 856 ἃν
823 801 906 873 εἷή
955 805 1064 858 τῶν
1121 797 1574 876 διαϐαλλομένων
1619 804 1804 878 ῥητῶν
1851 807 1943 860 τοῦ

2132 807 2390 863 Tertium
2441 807 2750 862 verborum
2781 805 3292 876 calumniantium,
3329 803 3510 861 sancti
3560 805 3701 860 Leo-

295 893 346 949 ἐν
389 893 566 967 ἁγίοις
615 893 848 953 Λέοντος
895 893 932 961 ἡ
981 890 1274 966 παράθεσις
1305 893 1394 947 καὶ
1447 893 1482 962 ἡ
1535 891 1594 947 ἐκ
1637 897 1734 948 τοῦ
1783 893 1946 949 αὐτοῦ

291 981 470 1055 τόμου
510 981 940 1054 ἀντιπαραθεσις,
975 978 1044 1034 δι’
1093 983 1158 1049 ἧς
1203 983 1238 1050 ἡ
1291 978 1476 1043 ἄδικος
1527 981 1632 1035 τῶν
1677 1003 1947 1059 συκοφαν-

293 1076 400 1126 τῶν
428 1072 630 1146 γνώμη
662 1069 934 1144 λαμπρῶς
965 1069 1365 1140 στηλιτεῶεται.

364 1161 520 1215 ’Ἐστι
569 1156 628 1214 δέ
674 1163 784 1214 τῶν
835 1158 1358 1236 συκοφαντουμένων
1404 1163 1620 1233 πρῶτον
1665 1176 1680 1194 ·
1731 1159 1946 1216 ψυλάτ-

291 1270 372 1303 τει
433 1249 480 1285 ¹²
536 1248 640 1324 γὰρ
698 1247 924 1322 ἑκατέρα
999 1247 1154 1326 φύσις
1212 1245 1523 1310 ἀνελλιπῶς
1587 1250 1688 1318 τήν
1754 1251 1948 1319 ἑαυτῆς

299 1333 568 1408 ἰδιότητα,
617 1337 708 1392 καὶ
767 1337 948 1412 ὥσπερ
999 1335 1098 1390 οὐκ
1156 1337 1364 1410 ἀναιρεῖ
1426 1339 1526 1406 τήν
1579 1341 1674 1394 τοῦ
1743 1335 1942 1394 δούλου

300 1435 516 1502 μοριρην
585 1429 618 1495 ἡ
682 1426 868 1502 μοριρή
935 1429 1031 1479 τοῦ
1099 1422 1254 1494 Θεοῦ,
1315 1426 1460 1480 οὕτω
1525 1427 1622 1496 τήν
1674 1432 1771 1482 τοῦ
1812 1431 1946 1482 Θεοῦ

299 1516 518 1592 μορφήν
575 1517 610 1584 ἡ
659 1519 758 1569 τοῦ
803 1511 1008 1568 δούλου
1077 1511 1358 1590 μόρφωσις
1409 1513 1512 1569 οὐκ
1567 1515 1813 1590 ἐμείωσε.
1874 1517 1942 1571 Τὸ

299 1607 394 1680 μὲν
429 1601 520 1660 οὖν
570 1604 734 1678 ῥητὸν
766 1605 852 1658 καὶ
905 1605 1024 1658 καθ’
1055 1603 1210 1658 ἑαυτὸ
1260 1597 1511 1666 εὐσεϐοῦς
1561 1601 1799 1666 διανοίας
1831 1603 1942 1661 ἐστὶ

301 1695 614 1768 βλᾶστημα,
647 1691 794 1762 πλὴν
843 1692 969 1748 ἀλλ’
1015 1692 1480 1766 ἀντιπαρακείσθω
1529 1695 1706 1768 τούτῳ
1755 1695 1812 1750 ἐκ
1841 1703 1942 1764 τῆς

295 1784 462 1853 αὐτῆς
521 1780 1040 1852 ἐπιστολῆςόῦτω
1095 1781 1196 1857 γὰρ
1257 1781 1316 1835 ἃν
1378 1781 1592 1854 μᾶλλον
1651 1783 1938 1862 ἐλεγχθείη

295 1879 396 1940 τῆς
445 1867 754 1934 δυσσεϐείας
812 1875 874 1926 τὸ
925 1871 1310 1946 κακούργημα.
1373 1873 1529 1945 Ἑχει
1587 1874 1688 1950 γὰρ
1743 1875 1939 1934 οὕτως’

294 1964 354 2019 Ὁ
387 1959 444 2016 δὲ
481 1960 640 2023 αὐτὸς
699 1964 802 2015 τοῦ
853 1959 1035 2014 ἀιδίου
1105 1961 1314 2036 [ἰατρὸς
1391 1963 1688 2036 μονογενὴς
1766 1959 1940 2025 ἀίδιος

295 2051 493 2126 ἐτέχθη
583 2050 642 2104 ἐκ
724 2050 1038 2122 Πνεύματος
1121 2048 1280 2126 ἁγίου
1372 2050 1463 2104 καὶ
1545 2051 1757 2124 Μαρίας
1839 2058 1940 2121 τῆς

2057 896 2150 952 nis
2200 893 2582 968 comparatio,
2613 899 2670 951 et
2707 911 2774 950 ex
2827 895 3032 952 eodem
3087 893 3234 950 libro
3285 892 3556 958 redditio,
3589 909 3704 964 qua

2057 985 2279 1056 injuste
2335 984 2826 1040 calumniantium
2885 983 3172 1040 sententia
3225 981 3440 1040 clarius
3497 981 3705 1038 refelli-

2055 1079 2173 1130 tur.

2127 1161 2256 1220 Haec
2299 1166 2494 1220 autem
2545 1161 3017 1218 calumniantur:
3049 1161 3302 1217 Primum
3343 1162 3490 1216 enim
3521 1169 3702 1218 servat

2055 1253 2236 1308 altera
2307 1260 2517 1308 natura
2591 1249 2968 1322 indeﬁcienter
3020 1251 3108 1306 sui
3160 1253 3578 1323 proprietatem.
3637 1251 3700 1304 Et

2055 1341 2510 1414 quemadmodum
2557 1356 2670 1396 non
2717 1341 2868 1396 tollit
2912 1343 3058 1396 servi
3100 1343 3340 1410 formam
3373 1340 3466 1396 Dei
3494 1341 3696 1408 forma,

2052 1434 2132 1488 sic
2172 1435 2222 1488 et
2262 1433 2411 1488 servi
2449 1433 2634 1502 forma
2677 1446 2788 1487 non
2835 1429 3042 1486 minuit
3091 1431 3188 1486 Dei
3225 1431 3483 1499 formam.
3535 1430 3696 1496 Quod

2053 1519 2228 1593 igitur
2255 1520 2476 1577 dictum
2509 1523 2596 1576 est
2629 1519 2950 1575 secundum
2981 1535 3044 1575 se
3073 1518 3166 1590 pie
3199 1517 3412 1574 mentis
3456 1533 3696 1589 germen

2053 1619 2178 1680 est;
2213 1609 2327 1667 nisi
2357 1611 2496 1682 quid
2541 1613 2741 1666 contra
2787 1608 3097 1680 objiciatur
3144 1625 3214 1665 cx
3255 1608 3382 1680 ipsa
3429 1605 3693 1679 epistola.

2053 1702 2146 1756 Sic
2176 1701 2330 1757 enim
2363 1699 2574 1756 melius
2615 1699 2932 1771 impietatis
2978 1699 3321 1771 improbitas
3367 1701 3696 1754 accusetur.

2051 1789 2145 1846 Sic
2173 1789 2330 1846 enim
2368 1789 2583 1844 habet:
2617 1791 2732 1860 Ipse
2775 1787 3102 1858 sempiterni
3147 1788 3332 1843 Patris
3379 1786 3700 1858 unigenitus

2049 1879 2440 1950 sempiternus,
2472 1880 2694 1946 genitus
2722 1893 2792 1934 ea:
2817 1876 3028 1948 Spiritu
3071 1885 3258 1932 sancto
3287 1884 3339 1932 et
3367 1877 3540 1932 Maria
3575 1877 3699 1930 Vir-

2049 1966 2198 2038 gine.
2242 1967 2370 2035 Quae
2417 1965 2698 2036 generatio
2749 1965 3067 2036 temporalis
3113 1963 3366 2020 divinam
3412 1965 3584 2035 ipsius
3627 1980 3699 2020 ac

2049 2055 2442 2129 sempiternam
2496 2057 2912 2125 generationem
2975 2055 3121 2110 nihil
3175 2053 3465 2122 diminuit,
3521 2069 3700 2125 neque

299 2141 592 2215 Παρθένου,
645 2146 772 2207 ἣτις
827 2138 1080 2212 γέννησις
1149 2139 1384 2214 χρονική
1443 2145 1542 2208 τῆς
1629 2139 1770 2202 θείας
1847 2140 1942 2195 αὖ·

2054 2147 2160 2218 ipsi
2205 2144 2340 2216 quid
2380 2146 2672 2216 postponit,
2707 2159 2898 2216 usque
2946 2144 3014 2198 ad
3064 2141 3244 2198 illud:
3283 2141 3578 2212 Conceptus
3621 2152 3700 2197 est

295 2233 392 2286 τοῦ
462 2229 550 2284 καὶ
629 2224 810 2283 ἇῖδίου
887 2228 1194 2304 γεννήσεως
1276 2225 1400 2283 οὔτε
1475 2250 1526 2283 τι
1603 2229 1942 2303 ἀπεμείωσεν

295 2317 420 2376 οῦτε
477 2321 584 2392 μήν
649 2339 702 2374 τι
763 2315 930 2392 ταύτῃ
1004 2317 1358 2392 προσέθηκεν.
1416 2321 1560 2380 Ἕως
1619 2323 1738 2391 τοῦ,
1809 2327 1940 2375 Συν.

294 2409 510 2488 ελῆφθη
570 2409 667 2481 μὲν
735 2407 826 2461 οῦν
885 2404 1056 2476 δῆλον
1117 2405 1198 2462 ὅτι
1267 2406 1326 2462 ἐκ
1389 2407 1706 2482 Πνεόματος
1782 2409 1938 2485 ἁγίου

293 2499 344 2555 ἐν
421 2500 612 2575 γαστρί
685 2496 962 2572 Παρθένου
1038 2499 1270 2572 μητρὸς.
1347 2497 1470 2567 ἥτις
1548 2498 1691 2555 οὕτω
1769 2499 1941 2580 φυλα-

293 2589 523 2664 χθείσης
597 2594 700 2657 τῆς
775 2587 1064 2662 παρθενίας
1133 2585 1294 2642 αὐτὸν
1371 2588 1693 2658 ἀπεκύησεν,
1761 2589 1938 2664 ὥσπερ

292 2674 390 2728 οῦν
457 2673 548 2729 καὶ
625 2673 880 2750 ἀκεραίου
959 2674 1212 2748 μεινάσης
1287 2679 1390 2743 τῆς
1463 2675 1752 2748 παρθενίας
1821 2697 1942 2731 συν-

293 2759 512 2822 έλαϐεν.
587 2765 702 2838 Ἆρ’
761 2763 1002 2833 ἐνενόησε
1056 2764 1228 2817 ταῦτά
1299 2783 1432 2818 ποτε
1484 2763 1528 2799 1³
1603 2765 1940 2840 Νεστόριοςς

293 2853 378 2927 ἆρ’
435 2853 648 2928 εὑρήσει
709 2874 794 2915 τις
849 2851 989 2908 κατά
1041 2850 1247 2906 τούτων
1311 2846 1580 2922 διαϐολήν
1642 2873 1786 2924 τινα,
1844 2855 1942 2911 κᾶν

290 2941 450 2997 αὐτὸν
503 2941 824 3018 ἐνεργοῦντα
871 2939 922 2994 ἐν
976 2940 1151 3012 έαυτῷ
1209 2940 1300 2995 τὸν
1347 2939 1436 2995 ἀπ’
1497 2942 1680 3018 ἀρχῆς
1735 2942 1944 3018 ἀνθρω-

2052 2235 2312 2291 videlicet
2338 2233 2404 2289 de
2431 2231 2650 2305 Spiritu
2681 2236 2866 2289 sancto
2896 2234 2960 2288 in
2989 2239 3146 2288 utero
3186 2229 3426 2302 Virginis
3473 2231 3696 2300 matris,

2053 2328 2114 2378 ut
2134 2339 2260 2395 quae
2285 2325 2366 2380 sic
2397 2330 2613 2379 servata
2641 2321 2956 2394 integritate
2987 2320 3170 2392 ipsum
3207 2321 3480 2390 genuerit,
3509 2334 3696 2390 quem-

2053 2412 2346 2469 admodum
2369 2415 2422 2468 et
2447 2421 2702 2469 manente
2747 2409 3070 2482 virginitate
3106 2411 3371 2481 concepit.
3407 2407 3698 2464 Intellexit

2053 2501 2162 2558 hoc
2192 2501 2508 2573 aliquando
2538 2501 2842 2558 Nestorius
2861 2499 2889 2554 ‘t
2909 2500 3252 2571 Reperiatne
3276 2498 3470 2568 itaque
3500 2504 3700 2552 contra

2050 2591 2174 2648 haec
2205 2591 2418 2662 aliquis
2449 2592 2604 2662 quod
2629 2592 2766 2662 jure
2795 2587 3206 2655 calumnietur,
3237 2586 3468 2643 etiamsi
3499 2587 3696 2656 ipsum

2053 2681 2352 2738 diabolum
2403 2682 2612 2738 habeat
2655 2683 3063 2748 cooperantem
3105 2679 3166 2734 in
3195 2678 3305 2734 bac
3339 2693 3395 2732 re
3424 2677 3498 2732 ab
3529 2676 3696 2732 initio

2053 2771 2458 2828 homicidam?
2487 2771 2673 2834 Quare
2711 2768 2894 2840 igitur
2941 2783 3058 2822 non
3102 2767 3172 2822 ad
3221 2766 3366 2834 haec,
3397 2766 3504 2821 etsi
3556 2764 3698 2836 quid

2049 2859 2392 2932 ambiguum
2449 2863 2560 2926 est,
2592 2857 2962 2932 adaptamus,
2996 2857 3096 2913 scd
3149 2856 3272 2912 haec
3319 2854 3516 2927 potius
3563 2854 3700 2910 inde

2053 2965 2289 3004 sumere
2320 2949 2625 3005 audemus.

288 3033 548 3090 ποκτόνον
608 3029 726 3109 ἔχει
787 3027 1095 3100 διάϐολον;
1157 3028 1244 3087 διά
1285 3030 1336 3087 τί
1397 3030 1490 3088 οὖν
1547 3035 1624 3106 μὴ
1682 3035 1818 3108 πρὸς
1877 3039 2044 3092 ταῦτα
2107 3037 2198 3094 καὶ
2258 3036 2311 3094 εἷ’
2360 3059 2412 3094 τι
2480 3033 2788 3117 ἀμφίϐολον
2834 3037 3271 3112 μεθαρμόζομεν,
3330 3033 3477 3091 ἀλλά
3531 3035 3698 3089 ταῦτα

293 3122 504 3198 μᾶλλον
535 3124 734 3180 ἐκεῖθεν
777 3118 1190 3178 συνδιαϐάλλειν
1221 3123 1634 3199 θρασυνόμεθας

363 3215 499 3288 Ὀρα
531 3211 596 3284 δὴ
648 3215 740 3270 τὸν
792 3213 1095 3292 Ἀκέφαλον
1129 3217 1246 3276 πῶς
1283 3211 1448 3268 πάλιν
1499 3213 1684 3290 ἑτέρας
1723 3215 1824 3270 οὐκ
1861 3215 1942 3269 αἷ-

289 3302 545 3381 σχόνεται
591 3303 942 3378 κατατρέχων
977 3303 1186 3376 ῥησεως
1221 3305 1286 3370 ιδ,
1422 3323 1586 3381 φησιν
1617 3305 1704 3360 Ἑν
1746 3302 1858 3377 ὅσῳ
1897 3305 1942 3340 ¹⁵

282 3393 352 3448 τὰ.
403 3391 782 3471 συναμφότερα
845 3391 962 3464 μετ’
1020 3389 1290 3462 ἀλλήλων
1348 3391 1473 3461 εἶσὶ,
1540 3393 1629 3447 καὶ
1685 3397 1782 3450 τοῦ
1851 3393 1940 3448 ἀν-

283 3481 506 3556 θρώπου
561 3482 624 3536 τὸ
679 3481 932 3536 ταπεινὸν
989 3479 1080 3536 καὶ
1151 3482 1214 3536 τὸ
1285 3479 1516 3556 μέγεθος
1580 3488 1680 3551 τῆς
1745 3483 1936 3554 θεότη-

289 3591 382 3634 τος
433 3588 450 3606 ⁶
519 3569 704 3645 ὥσπερ
757 3571 864 3647 γὰρ
911 3567 964 3625 ἒν
1011 3573 1092 3644 τῷ
1141 3568 1310 3626 ἐλεεῖν
1343 3572 1388 3607 ¹⁶
1454 3571 1482 3626 ὁ
1549 3573 1678 3634 Θεὸς
1732 3575 1940 3648 τροπήν

285 3657 392 3737 οὐχ
469 3659 780 3732 ὑφίσταται,
871 3657 1046 3722 οὕτως
1113 3660 1142 3714 ὁ
1216 3657 1500 3734 ἄνθρωπος
1574 3663 1654 3732 τῷ
1733 3662 1940 3736 μεγέθει

281 3757 384 3820 τῆς
443 3748 591 3820 ἀξίας
657 3755 756 3818 τῆς
833 3750 982 3811 θείας
1059 3749 1162 3804 οὐκ
1219 3746 1586 3806 ἀναλίσκεται.
1643 3755 1767 3812 Πῶς
1841 3751 1942 3826 γὰρ

287 3839 387 3895 οὐκ
443 3836 770 3910 ἐδυσωπήθη
829 3841 932 3908 τήν
987 3837 1256 3914 λέγουσαν
1313 3838 1700 3910 ἀντιπαραθεὶς
1755 3841 1942 3917 φωνήν

284 3931 378 3986 καὶ
427 3928 566 4004 πρὸς
612 3928 674 3982 τὸ
730 3927 1186 4002 χρεωστοόμενον
1247 3923 1478 4004 ὄφλημα
1521 3935 1620 3997 τῆς
1677 3929 1946 4003 ἡμετέρας

285 4019 502 4098 φύσεως
560 4019 897 4088 ἐκτισθῆναι,
952 4019 1016 4074 Ἠ
1077 4019 1192 4074 θεία
1249 4017 1406 4095 φύσις
1472 4020 1662 4090 ἡνώθη
1719 4023 1788 4092 τῇ
1850 4019 2002 4096 φύε-(τ

289 4130 368 4164 σει
425 4113 494 4184 τῇ
553 4111 800 4183 παθητῇ,
853 4106 948 4164 ’ίνα
999 4112 1166 4163 τοῦτο
1226 4105 1292 4178 δὴ
1351 4109 1412 4164 τὸ
1468 4113 1588 4171 ταῖς
1645 4099 1999 4184 ἡμετέραιςπ.

2050 4208 2305 4263 Christus
2331 4222 2408 4275 m,
2431 4213 2480 4262 et
2537 4205 2684 4260 mori
2741 4219 2838 4276 per
2883 4218 3054 4259 unam
3099 4200 3304 4274 potuit,
3337 4203 3390 4256 et
3418 4199 3574 4269 ﬁniri
3602 4214 3699 4270 per

980 4285 1300 4361 ἀνθρώπων,
1373 4287 1655 4359 ἄνθρωπος
1731 4283 1998 4357 Ἰησοῦςί

289 4198 492 4253 ἶάσεσιν
557 4198 806 4273 ὑπάρχον
883 4195 1172 4272 ἁρμόδιον,
1233 4199 1315 4260 εἷς
1389 4197 1478 4254 καὶ
1550 4199 1577 4252 ὁ
1637 4197 1797 4262 αὐτὸς
1861 4195 1942 4264 ’ὢν

291 4289 521 4358 μεσίτης
597 4291 732 4342 Θεοῦ
810 4287 898 4341 καὶ

287 4377 544 4450 Χριστὸς,
618 4376 710 4431 καὶ
793 4375 1152 4446 ἀποθνήσκειν
1231 4376 1291 4431 ἐκ
1369 4380 1466 4431 τοῦ
1537 4376 1656 4440 ἑνὸς
1733 4373 1940 4451 δυνηθῇ

283 4465 378 4520 καὶ
408 4463 664 4536 τελευτᾷν
695 4463 756 4520 ἐκ
782 4469 880 4520 τοῦ
911 4463 1094 4540 ἑτέρου
1125 4466 1199 4538 μὴ
1235 4463 1461 4540 δυνηθῇ.

361 4551 533 4611 Πάλιν
611 4556 798 4628 τρίτον
847 4555 891 4590 ³⁷
968 4554 1042 4616 είς
1117 4557 1452 4632 κατηγορίαν
1525 4554 1940 4631 προτείνουσιν’

257 4646 528 4722 γἚνεργεῖ
581 4644 682 4720 γὰρ
760 4645 988 4720 ἑκατέρᾳ
1064 4649 1250 4722 μορφῇ
1329 4645 1464 4718 μετά
1537 4653 1638 4715 τῆς
1715 4643 1941 4720 θατέρου

2124 3221 2306 3279 Cerne
2337 3222 2692 3295 Acepbalum
2733 3221 3024 3294 quomodo
3055 3235 3172 3276 non
3204 3219 3414 3275 iterum
3447 3218 3696 3274 alterum

2051 3311 2274 3368 dictum
2323 3311 2594 3369 omittens
2642 3311 2970 3368 erubescit:
3003 3314 3160 3380 Quae,
3191 3307 3408 3380 inquit,
3441 3306 3503 3362 in
3552 3305 3701 3378 [uni-

2049 3401 2228 3472 versa]
2278 3401 2598 3472 quantitate
2643 3400 2820 3457 relata
2867 3397 3128 3468 utrinque
3175 3405 3324 3464 sunt,
3363 3398 3415 3451 et
3454 3395 3700 3450 hominis

2052 3491 2238 3547 vilitas
2294 3494 2344 3546 et
2399 3491 2505 3546 Dei
2557 3493 2750 3546 contra
2807 3487 3150 3557 magnitudo.
3213 3483 3696 3555 Quemadmodum

2051 3581 2203 3636 enim
2230 3595 2352 3636 cum
2382 3579 2556 3636 dicit:
2589 3580 2732 3634 Deus
2778 3580 3138 3634 mutationem
3185 3591 3296 3631 non
3325 3575 3592 3645 suscipit;
3619 3572 3699 3628 sic

2050 3669 2212 3726 homo
2257 3668 2467 3726 divinae
2511 3667 2800 3738 dignitatis
2846 3681 2956 3722 non
2997 3665 3362 3720 consumitur.
3394 3661 3698 3727 Quomodo

2049 3759 2208 3814 enim
2257 3759 2477 3830 pudore
2510 3773 2624 3812 non
2657 3761 2742 3812 est
2771 3755 3010 3812 ati'ectus
3041 3755 3256 3810 dictam
3287 3767 3484 3810 vocem
3516 3767 3699 3822 Oppo-

2049 3865 2214 3918 nens,
2233 3855 2288 3904 et
2312 3848 2382 3902 ad
2405 3846 2662 3902 debitum
2699 3849 2909 3902 nostra
2943 3848 3164 3900 naturas
3195 3841 3498 3899 conditum
3529 3855 3692 3896 esse:

2050 3937 2254 3994 Divina
2283 3939 2484 3993 natura
2515 3937 2670 3990 unita
2701 3943 2780 3990 est
2814 3933 3042 4006 patibiti
3091 3935 3330 4000 natura},
3365 3939 3422 3988 ut
3453 3931 3551 3987 hoc
3581 3946 3696 3986 cer-

2050 4033 2102 4084 te
2145 4026 2352 4084 nostris
2403 4023 2696 4082 medicinis
2747 4028 2936 4096 aptum
2987 4023 3284 4087 exsistens,
3317 4037 3462 4078 unus
3497 4027 3554 4075 e‘t
3583 4019 3699 4092 ipse

2048 4117 2320 4173 mediator
2393 4117 2497 4172 Dei
2551 4119 2604 4171 et
2673 4113 2960 4170 hominum
3016 4114 3279 4169 exsistens
3336 4111 3491 4167 homo
3545 4111 3697 4166 Jesus

2048 4293 2281 4349 alteram
2311 4307 2424 4349 non
2451 4293 2646 4364 potuit.

2121 4549 2312 4606 242a
2367 4549 2620 4604 Rursum
2669 4543 2904 4602 tertium
2963 4543 3034 4599 ad
3095 4540 3524 4599 accusationem
3571 4543 3694 4596 tra-

2050 4636 2236 4694 hunt:
2283 4641 2565 4708 Operatur
2615 4633 2766 4691 enim
2812 4637 3050 4705 utraque
3093 4633 3274 4704 forma
3321 4645 3419 4703 per
3465 4629 3696 4686 alterius

283 4733 594 4807 κοινωνίας,
650 4731 755 4795 ’ἕως
814 4735 904 4790 καὶ
962 4735 1024 4790 τὸ
1087 4735 1181 4808 μὲν
1241 4734 1420 4790 αὐτῶν
1480 4731 1780 4809 διαλάμπει
1823 4741 1940 4797 τοῖς

2054 4729 2617 4794 communicationem,
2649 4726 2819 4782 donec
2859 4723 3130 4780 divinitas
3159 4721 3376 4794 quidem
3403 4719 3696 4776 miraculis

286 4821 576 4895 θαύμασιν,
661 4821 726 4876 τὸ
809 4821 868 4877 δὶ
939 4827 1060 4884 ταῖς
1125 4821 1171 4857 ίδ
1255 4817 1472 4897 ὕϐρεσιν
1556 4821 1936 4882 ὑποπέπτωκε.

285 4913 394 4970 Δύο
471 4913 574 4988 γάρ
653 4911 786 4966 εἶναι
866 4911 991 4974 τοῦς
1063 4910 1412 4987 ἐνεργοῦντας
1487 4909 1820 4967 ἐκδιδάσκειν
1871 4914 1935 4968 τὸ

285 5001 454 5080 ῥητὸν
479 5004 612 5074 [398
653 5003 745 5075 Η.]
805 5003 858 5056 οἱ
914 5003 1216 5076 κατήγοροι
1276 5001 1732 5078 ψευδολογοῦσιν.
1781 5001 1936 5058 Ἀλλ’

287 5089 490 5152 ἐκεῖνος
541 5089 712 5144 πάλιν
776 5087 842 5144 δι’
895 5089 1088 5144 ἑαυτοῦ
1139 5089 1572 5164 ἀντιπαρατιθεὶς
1607 5093 1650 5128 ¹⁹
1703 5091 1803 5159 τήν
1860 5089 1940 5146 οἰ-

283 5179 432 5234 κείαν
458 5181 643 5258 φωνήν
689 5178 985 5258 ἐμφράττει
1016 5177 1224 5234 τούτων
1272 5179 1340 5234 τὰ
1392 5179 1655 5253 στόματα,
1710 5177 1886 5254 λέγων
1919 5199 1934 5216 ·

289 5273 382 5331 Εἷς
439 5269 528 5324 καὶ
590 5269 618 5324 ὁ
681 5269 844 5331 αὐτὸς
903 5267 1025 5331 Υἱός
1081 5289 1138 5324 τε
1195 5272 1292 5324 τοῦ
1347 5273 1481 5324 Θεοῦ
1564 5267 1786 5340 ἀληθῶς
1842 5269 1935 5324 καὶ

357 5412 412 5452 m
443 5394 466 5450 Ι
495 5394 644 5451 Tim.
677 5411 740 5462 ιι,
769 5397 826 5450 5.

2045 4821 2328 4886 clarescat,
2361 4818 2680 4874 humanitas
2716 4830 2840 4872 vero
2878 4813 3109 4886 injuriis
3155 4813 3484 4883 excipiatur.
3536 4808 3696 4864 Duos

2046 4913 2198 4970 enim
2231 4929 2360 4968 esse
2391 4913 2719 4984 aperantes,
2751 4907 2956 4962 docere
2997 4905 3364 4969 sententiam,
3398 4901 3696 4955 accusato-

2046 5019 2138 5060 res
2179 5003 2554 5060 mentiuntur.
2591 4999 2698 5056 Sed
2731 4996 2826 5054 ille
2857 5010 3094 5053 rursum
3139 5008 3240 5065 per
3287 4989 3548 5062 seipsum
3597 5004 3694 5058 op-

2046 5109 2268 5164 ponens
2301 5107 2493 5146 voccm
2528 5087 2844 5160 propriam,
2864 5083 3120 5141 obstruit
3141 5097 3206 5138 os
3227 5095 3430 5136 eorum
3455 5077 3688 5132 dicens:

2049 5183 2196 5239 Unus
2239 5183 2352 5252 ipse
2381 5187 2432 5236 et
2461 5177 2640 5235 Fit-ius
2683 5175 2780 5232 Dei
2807 5191 2954 5242 vere,
2987 5181 3038 5229 et
3063 5187 3186 5228 vere
3231 5169 3408 5225 Filius
3450 5165 3692 5223 hominis

2042 5274 2139 5327 est.
2201 5270 2336 5326 Deus
2395 5267 2614 5342 quidem
2671 5268 2992 5339 quatenus:
3043 5283 3070 5310 ‹‹
3125 5261 3187 5316 In
3239 5259 3516 5332 principio
3571 5259 3694 5312 erat

1659 5485 1898 5543 VARI/E
1942 5485 2342 5542 LECTIONES.

361 5599 407 5636 ί²
433 5598 549 5680 γαρ⁸
567 5598 847 5680 Δφυλάττῃ
877 5601 961 5680 ς.
981 5675 1005 5680 Α
1063 5600 1126 5680 ii
1145 5619 1296 5680 ποτεΔ
1325 5603 1490 5680 ταῦτα
1522 5601 1604 5676 .

289 5673 364 5768 ειζ
397 5673 486 5768 ρέ-
483 5673 606 5730 961·
637 5675 678 5728 B
721 5679 780 5731 et
811 5673 858 5730 ιι
893 5673 1028 5742 eos,
1060 5675 1150 5730 56.

289 5743 407 5806 θείς
423 5743 510 5817 ς’.

1720 5603 1764 5639 ³⁸
1804 5599 1884 5677 δή-
1923 5603 2138 5677 ῥησεως-
2180 5601 2273 5656 τὸν

1253 5671 1296 5709 ιτ
1325 5671 1559 5746 τρίτονΪ
1582 5673 1682 5743 τήν
1715 5679 1776 5732 Α.
1829 5671 1930 5744 τήν
1965 5671 2182 5752 μορφὴν
2236 5671 2353 5747 mg:
2399 5679 2463 5728 Α·

3012 5592 3258 5666 1δίελεεῖν
3309 5593 3444 5666 libri
3483 5587 3688 5666 λέγειν.

3315 5665 3360 5702 ¹⁹
3389 5662 3688 5738 ἀντιπαρα-

2499 5599 2544 5635 1⁵
2574 5596 2625 5652 ἐν
2667 5595 2785 5669 ὅλῳ

2563 5671 2610 5706 ⁸⁸
2637 5665 2780 5743 ταῖς]
2827 5665 2918 5724 καὶ
2963 5672 3082 5732 ταῖς
