4154 6218
436 426 551 486 947

1633 422 1896 484 ΡΗΟΤΙΙ
1941 421 2469 483 PATBIARCHZE
2515 420 2632 481 ΟΡ.

3725 425 3852 484 948

438 562 703 628 Verbum,
737 567 787 616 et
820 558 1044 615 Verbum
1091 565 1208 614 erat
1255 558 1400 629 apud
1448 559 1635 626 Deum,
1669 568 1717 614 et
1765 560 1906 614 Deus
1953 562 2076 615 erat

2215 555 2413 626 ιληθῶς
2484 555 2604 617 Υἱὸς
2665 553 2951 628 ἀνθρώπου
2999 552 3286 633 τυγχάνει,
3344 557 3472 617 Θεὸς
3537 558 3633 630 μὲν
3708 559 3851 613 κατᾶ

441 651 682 706 Verbum
730 666 767 702 η
803 665 822 704 .·
856 670 884 697 ››
936 649 1100 702 Homo
1153 663 1280 703 vero
1327 648 1626 703 secundum
1673 647 1839 714 illud,
1887 670 1916 699 «
1954 651 2079 704 Ver-

438 745 565 797 bum
619 757 756 795 caro
810 741 1014 808 factum
1072 742 1170 804 est,
1221 746 1272 793 et
1322 739 1592 793 habitavit
1636 738 1697 792 in
1743 740 1899 794 nobis
1949 755 1998 805 ο,
2050 760 2074 790 ι

438 846 602 900 usque
632 829 701 884 ad
733 829 871 884 illud
892 846 911 884 :
944 850 971 879 «
1005 829 1173 896 Quem
1222 836 1281 882 ut
1326 828 1626 883 hominem.
1660 851 1688 879 »
1727 830 1879 884 Certe
1926 831 2083 884 audit

434 921 710 977 daemonis
763 920 994 984 astutia,
1055 920 1184 973 huic
1233 920 1395 989 quasi
1447 922 1591 974 Deus
1639 922 1711 974 sit
1766 920 2082 990 angelorum

438 1011 566 1065 ordo
594 1011 892 1064 ministrat.
926 1008 1056 1064 Haec
1101 1009 1254 1063 enim
1306 1013 1444 1063 tunc
1493 1009 1648 1064 dicta
1693 1009 1944 1064 dilucide
1993 1025 2086 1064 ex-

439 1100 638 1172 plicat,
671 1102 727 1153 et
754 1113 1118 1169 quacunque
1163 1097 1396 1153 haeresis
1445 1097 1788 1154 calumniari
1825 1100 2083 1171 aggredi-

438 1193 554 1258 tur,
587 1192 645 1243 et
675 1187 833 1243 omni
864 1187 1159 1244 calumnia
1191 1188 1444 1243 ostendit
1477 1188 1796 1259 superiora.

513 1446 726 1510 Quarto
749 1449 1001 1516 carpunt.
1029 1445 1179 1500 hanc
1211 1444 1599 1500 sententiam:
1636 1443 1860 1512 Quando
1881 1460 1913 1498 a
1944 1459 2086 1515 prte-

441 1552 661 1592 cursore
706 1537 914 1591 Joanne
962 1536 1121 1606 ca’pit
1172 1534 1492 1606 baptismus,
1525 1551 1594 1589 ne
1625 1537 1912 1605 ignoretur
1958 1533 2090 1606 quia

444 1629 676 1681 obscuro
723 1625 908 1680 carnis
952 1624 1264 1680 velamento
1296 1625 1504 1692 legitur
1533 1624 1813 1679 divinitas.
1854 1627 1966 1682 νοω
1995 1627 2090 1680 Dei

445 1719 630 1770 Patris
658 1715 868 1770 cmlitus
897 1714 1128 1770 demissa
1159 1716 1278 1769 ait:
1311 1736 1338 1762 «
1365 1715 1462 1769 Hic
1491 1719 1566 1770 est
1607 1716 1782 1771 Filius
1811 1731 1963 1771 meus
1993 1717 2088 1770 di-

433 1810 614 1863 ‘tectus
659 1808 714 1862 in
762 1823 865 1878 quo
917 1807 1057 1860 mihi
1107 1810 1239 1862 bene
1283 1808 1588 1876 conzptacui
1613 1825 1670 1879 p.
1717 1829 1744 1857 »
1796 1809 1907 1863 Sed
1960 1824 2092 1864 mox

2192 650 2370 714 10510,
2404 644 2558 713 καθὸ,
2593 670 2620 696 ‹‹
2655 646 2738 698 Ἐν
2769 645 2918 719 ἀρχῇ
2970 645 3034 714 ἦν
3069 649 3096 699 ὁ
3129 646 3309 720 Λόγος
3358 646 3445 700 καὶ
3480 647 3507 700 6
3551 647 3739 721 Λόγος
3784 651 3850 716 ἦν

2188 737 2324 809 πρὸς
2379 735 2469 789 τὸν
2526 735 2653 789 Θεὸν
2699 735 2789 789 καὶ
2839 735 2968 796 Θεὸς
3020 735 3085 803 ἦν
3138 736 3165 788 ὁ
3215 736 3414 811 Λόγος,
3467 760 3498 788 ››
3559 734 3852 810 ἄνθρωπος

2193 824 2249 880 δὲ
2297 825 2432 880 κατὰ
2477 831 2659 895 τοῦτο,
2709 826 2841 880 καθὸ
2895 851 2922 877 ‹‹
2979 831 3034 879 '0
3083 825 3258 900 Λόγος
3319 827 3446 901 σάρξ
3493 826 3712 903 ἐγένετο
3755 830 3851 883 καὶ

2192 915 2492 987 ἐσκήνωσεν
2545 915 2597 969 ἐν
2649 917 2803 988 ἡμῖν.
2864 939 2892 967 ››
2941 918 3086 976 Ἕως
3127 919 3246 983 τοῦ,
3288 918 3379 970 Ὃν
3431 917 3506 980 ὡς
3551 917 3852 993 ἄνθρωπον

2191 1009 2479 1082 τοιγαροῦν
2548 1007 2789 1078 πειράςει
2876 1007 2910 1074 ἡ
2982 1008 3078 1059 τοῦ
3163 1001 3428 1061 διαϐόλου
3512 1007 3855 1084 πανουργία,

2191 1095 2369 1167 τούτῳ
2430 1096 2521 1150 ἅτε
2588 1092 2653 1163 δὴ
2734 1098 2848 1166 Θεῷ
2916 1090 3031 1148 ὅντι
3105 1097 3139 1164 ἡ
3199 1100 3307 1150 τῶν
3384 1095 3633 1171 ἀγγέλων
3698 1096 3853 1167 τάξις

2197 1181 2456 1241 διακονεῖ.
2515 1185 2588 1239 Τὰ
2641 1185 2743 1259 γὰρ
2824 1184 3046 1240 ἐνταῦθα
3123 1185 3352 1260 ῥηθέντα
3418 1190 3599 1260 σαρῶς
3674 1188 3854 1261 ἒρμη·

2193 1274 2332 1328 νεύει
2377 1274 2465 1329 καὶ
2517 1274 2650 1349 ἅπερ
2699 1276 2733 1343 ἡ
2786 1272 2988 1347 α’ίρεσις
3036 1279 3387 1349 συκοφαντεῖν
3454 1275 3694 1348 ἐπήρθη,
3751 1278 3848 1331 καί

2195 1358 2466 1431 διαϐολῆς
2507 1364 2719 1432 ἁπάσης
2763 1359 2992 1418 δεικνύει
3025 1365 3286 1438 ἀνώτερα.

2267 1453 2528 1528 Τέταρτον
2562 1450 2921 1508 διαϐάλλουσι
2969 1454 3068 1522 τήν
3117 1448 3345 1527 ἔχουσαν
3389 1454 3543 1527 ῥῆσιν
3578 1456 3710 1527 [765
3759 1457 3853 1527 R.]

2200 1548 2324 1600 Ὀτε
2384 1541 2439 1597 δὲ
2495 1544 2632 1618 πρὸς
2689 1543 2750 1596 τὸ
2806 1547 2903 1597 τοῦ
2958 1540 3278 1618 προδρόμου
3336 1545 3525 1599 ἑαυτοῦ
3593 1544 3857 1602 Ἰωάννου

2200 1630 2419 1707 ἔρχεται
2497 1632 2798 1706 βάπτισμα,
2852 1631 2942 1686 *ἱνα
3005 1633 3079 1705 μή
3141 1631 3280 1707 λάθῃ
3341 1632 3529 1705 ὅτιπερ
3587 1638 3669 1704 τῷ
3712 1655 3858 1707 προ-

2199 1721 2519 1795 καλύμματι
2586 1729 2686 1791 τῆς
2769 1723 2962 1796 σαρκὸς
3040 1725 3073 1792 ἡ
3153 1723 3346 1791 θεότης
3424 1721 3750 1797 ἐκρύπτετο,
3822 1727 3859 1792 ἡ

2199 1815 2294 1864 τοῦ
2372 1812 2580 1884 Πατρὸς
2666 1812 2817 1885 φωνὴ
2911 1811 3191 1885 ούρανόθεν
3280 1809 3558 1866 ἐπιϐοῶσά
3635 1833 3806 1886 φησιν
3845 1831 3862 1845 ⁸

447 1898 629 1970 pudet
673 1897 804 1952 illos
845 1897 1089 1952 Romani
1125 1897 1416 1952 Pontiﬁcii
1447 1897 1767 1968 dignitatis.
1808 1900 1902 1955 Sic
1933 1902 2088 1957 enim

2215 1924 2235 1950 ι(
2269 1901 2442 1961 Οὗτός
2495 1899 2635 1954 ἐστιν
2670 1902 2697 1954 6
2745 1902 2870 1963 Υἱὸς
2925 1923 3029 1974 μου
3081 1903 3107 1954 6
3156 1901 3453 1977 ἀγαπητὸς,
3487 1901 3537 1956 ἐν
3587 1901 3633 1974 ᾧ
3685 1899 3867 1973 ηὐδό-

447 1990 562 2042 ait:
606 1989 757 2043 Venit
791 1986 972 2054 igitur
1000 1988 1059 2041 in
1091 1987 1231 2040 hanc
1261 1986 1454 2042 mundi
1486 1988 1754 2042 vilitatem
1788 1989 1881 2043 Dei
1928 1989 2100 2044 Filius

449 2092 479 2132 e
520 2078 726 2132 cretesti
772 2075 1098 2130 descendens
1145 2076 1360 2144 throno,
1384 2080 1434 2130 et
1465 2093 1498 2130 a
1536 2077 1718 2146 patria
1772 2093 1882 2132 non
1929 2078 2101 2134 disce-

451 2166 582 2220 dens
619 2168 818 2235 gloria,
851 2180 989 2220 novo
1031 2165 1187 2220 modo
1236 2181 1481 2237 novaque
1520 2168 1873 2236 generatione
1917 2173 2096 2224 natus.

451 2256 597 2312 Novo
628 2255 848 2327 quidem
894 2254 1075 2322 modo,
1107 2258 1167 2309 ut
1209 2257 1303 2324 qui
1355 2254 1654 2310 invisibilis
1695 2265 1836 2321 erat,
1866 2257 2104 2312 visibilis

452 2350 631 2414 factus
686 2345 759 2399 sit
811 2344 956 2415 apud
1002 2360 1121 2414 nos,
1170 2360 1354 2415 usque
1401 2347 1507 2400 ad:
1553 2347 1690 2401 Deus
1732 2363 1914 2412 cer-us,
1959 2349 2104 2404 idem

453 2435 621 2491 etiam
645 2451 803 2490 verus
822 2434 998 2490 homo.
1016 2435 1084 2488 Et
1105 2435 1399 2506 posthaec:
1423 2436 1886 2504 Quemadmodum
1907 2438 2100 2508 igitur,

455 2532 516 2579 ut
545 2525 733 2579 multa
759 2524 1115 2594 complectar,
1142 2539 1248 2579 non
1277 2525 1527 2596 ejusdem
1557 2530 1633 2580 est
1663 2536 1877 2580 naturae
1905 2527 2105 2596 deﬂere

452 2630 523 2670 ex
567 2613 1046 2668 commiseratione
1090 2615 1335 2667 amicum
1382 2622 1678 2681 mortuum,
1712 2620 1763 2669 et
1793 2631 1925 2671 mox
1952 2618 2102 2672 redi-

451 2706 657 2771 vivum,
689 2703 968 2774 divulgato
1013 2703 1134 2773 jam
1183 2703 1331 2758 obitu
1378 2703 1748 2773 quatriduani
1775 2709 1999 2776 mortui,
2034 2707 2103 2762 ad

450 2795 598 2848 vocis
638 2795 854 2863 iussum
906 2807 1217 2861 resurgere,
1251 2796 1307 2846 et
1346 2798 1547 2848 caetera
1597 2809 1781 2862 usque
1807 2796 1874 2849 ad
1913 2795 2099 2851 illud:

453 2882 774 2953 Quicunque
815 2898 911 2952 per
955 2883 1344 2937 reuelationem
1387 2884 1572 2938 Patris
1601 2883 1846 2939 eumdem
1880 2886 1978 2940 Dei
2007 2887 2098 2941 Fi-

455 2973 591 3026 lium
615 2973 891 3040 confessus
922 2978 970 3025 et
1001 2970 1299 3025 Christum.

453 3059 638 3113 οἶ⁷κτου
739 3058 828 3112 τὸν
933 3058 1329 3128 τελευτήσαντα
1430 3059 1612 3139 φίλον,
1715 3063 1806 3116 καὶ
1915 3063 1977 3118 τὸ
2063 3065 2156 3119 τὸν

450 3151 862 3223 προσχιὺματος
930 3155 1030 3216 τῆς
1120 3152 1431 3223 τεταρταίας
1514 3150 1623 3222 ἤδη

457 3241 619 3314 μέχρι
675 3243 771 3294 τοῦ
831 3258 845 3272 ⁸

454 3330 599 3384 στάν.

522 3420 635 3477 Sed
667 3436 901 3474 rursum
935 3419 1166 3476 haeresis
1199 3423 1414 3478 dictum
1449 3424 1686 3479 verbum
1747 3427 2093 3499 discerpsit:
2129 3435 2169 3500 C

449 3512 567 3566 Etsi
620 3511 864 3565 maxime
906 3510 966 3568 in
1006 3510 1233 3567 Domino
1277 3513 1399 3568 Jesu
1451 3514 1665 3571 Christo
1714 3518 1810 3572 Dei
1853 3518 1997 3575 Filio
2047 3525 2098 3576 et

452 3601 695 3656 hominis
743 3615 854 3654 una
898 3607 980 3654 est
1015 3615 1270 3672 persona,
1300 3605 1486 3659 tamen
1536 3605 1692 3660 aliud
1720 3615 1800 3662 est
1839 3607 1999 3679 illud,
2032 3625 2100 3665 ex

452 3705 554 3762 quo
585 3689 647 3744 in
678 3692 913 3761 utroque
942 3694 1246 3746 communis
1274 3696 1353 3746 est
1383 3693 1597 3763 injuria
1628 3695 1780 3752 242
1831 3697 1885 3764 b,
1937 3706 1988 3754 et
2016 3701 2098 3754 al-

451 3789 648 3845 terum,
680 3795 750 3834 ex
770 3795 874 3851 quo
903 3783 1210 3835 communis
1240 3780 1425 3852 opinio
1452 3787 1568 3838 orta
1601 3789 1699 3842 est.
1722 3786 1830 3841 Sed
1865 3796 2101 3844 sanctus

453 3870 542 3924 vir
598 3871 973 3940 impudentes
1030 3886 1131 3941 per
1178 3870 1287 3926 hoc
1346 3873 1626 3929 convertit
1678 3875 1912 3946 impios.
1956 3878 2105 3934 Dicit

454 3957 608 4014 enim
631 3973 643 4012 ε
668 3959 792 4013 Post
814 3958 1042 4014 Domi-ni
1071 3963 1521 4016 resurrectionem
1554 3979 1680 4035 quae
1709 3964 1960 4022 videlicet
1988 3967 2105 4023 veri

453 4049 698 4118 corporis
728 4048 906 4118 ipsius
934 4051 1078 4118 facta
1113 4057 1211 4118 est,
1235 4067 1360 4106 cum
1381 4051 1528 4106 alius
1557 4069 1664 4110 non
1697 4062 1968 4125 resurgat,
1997 4057 2108 4112 nisi

454 4139 608 4192 cruci
647 4139 853 4208 afﬁxus
899 4143 950 4192 et
996 4147 1266 4207 mortuus,
1302 4157 1482 4212 usque
1524 4143 1590 4197 ad
1622 4161 1633 4197 :
1667 4145 1759 4201 sed
1803 4163 1974 4202 unum
2009 4148 2109 4202 Dei

457 4225 662 4280 Filium
694 4226 1018 4295 conﬁtemur
1044 4235 1095 4283 et
1125 4246 1372 4286 carnem.

1717 3161 1894 3230 ταφῆς
1982 3156 2330 3229 ἐξαναστῆσαι
2415 3157 2551 3232 πρὸς
2617 3155 2679 3212 τὸ

913 3241 1095 3301 Ὅστις
1156 3238 1226 3294 δι’
1281 3242 1678 3316 ἀποκαλύψεως
1740 3250 1836 3300 τοῦ
1895 3249 2104 3323 Ματρὸς
2160 3247 2250 3303 τόν
2321 3249 2479 3304 αὐτὸν
2547 3250 2636 3303 καὶ
2695 3249 2816 3303 Υἱὸν
2881 3253 3014 3303 Θεοῦ
3073 3249 3118 3284 ²²
3193 3247 3530 3324 ὡμολόγησε
3587 3247 3677 3302 καὶ
3732 3251 3870 3321 Χρι-

2212 2011 2371 2060 κησα.
2408 2015 2437 2042 ››
2490 1989 2644 2045 Ἀλλ’
2700 1989 2853 2052 εὐθὺς
2907 1991 3103 2053 αὐτοὺς
3160 1991 3512 2070 καταισχύνει
3569 1999 3673 2060 τῆς
3721 1993 3868 2046 Ῥω-

2218 2089 2417 2155 μαϊκῆς
2453 2083 2894 2160 ’Λρχιερωσύνης
2939 2084 3002 2136 τὸ
3049 2081 3425 2155 καλλώπισμα
3457 2101 3471 2114 °
3524 2081 3673 2157 λέγει
3710 2081 3816 2158 γὰρ
3852 2097 3868 2113 ·

2215 2171 2548 2245 Προέρχεται
2630 2170 2810 2225 τοίνυν
2889 2171 2964 2233 εἷς
3047 2173 3110 2226 τὸ
3191 2173 3439 2226 ταπεινὸν
3513 2171 3680 2226 τοῦτο
3767 2169 3871 2225 τοῦ

2212 2260 2422 2333 κόσμου
2452 2261 2479 2313 ὁ
2537 2261 2660 2320 Υἱὸς
2707 2264 2803 2315 τοῦ
2852 2265 3008 2327 Θεοῦ,
3057 2259 3163 2314 ἀπὸ
3211 2265 3307 2315 τοῦ
3359 2261 3614 2334 οὐρανίου
3665 2262 3868 2334 θρόνου

2212 2344 2553 2404 καταϐαίνων
2603 2351 2694 2404 καὶ
2744 2350 2848 2404 bini)
2892 2356 2992 2418 τῆς
3049 2356 3320 2424 πατρικῆς
3380 2347 3540 2422 δόξης
3600 2349 3706 2404 ούκ
3761 2349 3871 2426 ἀτρ-

2218 2439 2522 2513 ιστάμενος,
2584 2443 2744 2512 καινῇ
2794 2439 2862 2513 τῇ
2923 2440 3067 2511 τάξει
3115 2438 3207 2492 καὶ
3266 2442 3424 2512 καινῇ
3481 2443 3550 2512 τῇ
3610 2440 3872 2514 γεννήσει

2209 2530 2522 2603 γενόμενος,
2590 2532 2748 2601 καινῇ
2812 2529 2904 2601 μὲν
2989 2533 3058 2601 τῇ
3123 2527 3288 2596 τάξει,
3358 2527 3545 2602 ὅτιπερ
3629 2527 3871 2602 ἀόρατος

2213 2613 2285 2671 ὤν
2335 2617 2387 2673 ἐν
2445 2624 2565 2680 τοῖς
2619 2619 2810 2672 ἑαυτοῦ
2861 2619 3052 2691 ὁρατὸς
3104 2620 3322 2690 γέγονεν
3369 2617 3420 2671 ἐν
3464 2622 3581 2679 τοῖς
3641 2618 3775 2691 παρ’
3827 2618 3871 2654 ²⁰

2206 2709 2392 2778 ἡμῶν.
2436 2707 2616 2781 Μέχρι
2668 2711 2763 2761 τοῦ
2797 2723 2810 2738 '
2859 2710 2916 2762 '0
2965 2707 3065 2781 γὰρ
3116 2703 3190 2759 ὢν
3233 2705 3362 2766 Θεὸς
3414 2704 3654 2776 ἀληθὴς,
3705 2707 3871 2771 αὐτός

2211 2797 2322 2850 ἐστι
2372 2798 2414 2831 ²ί
2476 2797 2565 2851 καὶ
2630 2795 2910 2870 ἄνθρωπος
2968 2793 3203 2865 ἀληθής.
3265 2794 3371 2849 Καὶ
3442 2796 3578 2868 μετὰ
3644 2799 3868 2849 ταῦτα’

2209 2888 2410 2961 Ὥσπερ
2479 2883 2590 2955 οῦν,
2663 2883 2748 2939 ἵνα
2805 2887 2869 2938 τά
2939 2881 3126 2939 πολλὰ
3200 2881 3551 2958 παραλείψω,
3631 2883 3695 2937 οὗ
3763 2890 3872 2952 τῆς

2211 2975 2375 3043 αὐτῆς
2460 2974 2570 3030 ἐστι
2655 2973 2863 3043 φύσεως
2965 2974 3027 3028 τὸ
3106 2972 3314 3028 κλαίειν
3420 2972 3478 3027 ἐκ
3570 2970 3871 3034 διαθέσεως

2655 2973 2863 3051 φύσεως
2965 2974 3027 3028 τὸ
3106 2972 3314 3028 κλαίειν
3420 2972 3478 3027 ἐκ

2254 3066 2410 3120 αὑτὸν
2498 3067 2700 3139 ἀναζῇν
2805 3064 3078 3140 μέλλοντα
3191 3064 3662 3126 διασκεδασθέντος
3767 3069 3868 3119 τοῦ

3569 3155 3672 3212 Καὶ
3739 3155 3870 3227 ἑξῆς

3191 3062 3662 3126 διασκεδασθέντος

2771 3156 3046 3228 κέλευσμά
3111 3161 3213 3225 τῆς
3271 3159 3480 3235 φωνῆς.

2283 3429 2453 3484 Ἀλλὰ
2485 3428 2647 3485 πάλιν
2700 3432 2733 3499 ἡ
2781 3429 2984 3504 αἵρεσις
3037 3427 3275 3503 διασύρει
3307 3429 3369 3484 τὸ
3413 3428 3572 3504 λέγον
3641 3427 3810 3502 ῥητόν
3851 3472 3866 3488 .

2208 3519 2273 3575 Εἰ
2331 3519 2420 3574 καὶ
2483 3521 2552 3575 τὰ
2621 3518 2860 3592 μάλιστα
2935 3519 2987 3574 ἐν
3059 3524 3140 3592 τῷ
3199 3519 3446 3592 Δεσπότῃ
3524 3521 3707 3588 Ἰησοῦ
3783 3523 3870 3592 τῷ

2209 3611 2433 3686 Χριστῷ
2501 3613 2597 3665 τυῦ
2677 3614 2812 3664 Θεοῦ
2893 3608 2982 3663 καὶ
3069 3613 3164 3664 τοῦ
3249 3609 3537 3682 ἀνθρώπου
3624 3605 3680 3662 ’ἐν
3749 3607 3870 3665 ἐστι

2210 3700 2522 3774 πρόσωπον,
2593 3701 2744 3772 ὅμως
2820 3697 3000 3771 ἕτερόν
3059 3697 3200 3753 ἐστιν
3276 3695 3445 3753 ἐκεῖνο
3532 3697 3582 3767 ἐξ
3669 3698 3731 3752 οὗ
3811 3697 3869 3752 ἐν

2212 3791 2448 3864 ἐκατέρῳ
2507 3789 2687 3844 κοινόν
2753 3788 2866 3845 ἐστι
2926 3790 2988 3842 τὸ
3055 3795 3154 3857 τῆς
3224 3781 3453 3862 ὕϐρεως,
3509 3787 3599 3842 καὶ
3679 3785 3867 3862 ἕτερον

2213 3879 2260 3949 ἐξ
2323 3880 2384 3934 οῦ
2443 3880 2621 3934 κοινὸν
2695 3879 2754 3933 τὸ
2806 3885 2906 3948 τῆς
2981 3876 3141 3950 δόξης
3217 3875 3564 3947 καθέστηκεν.
3627 3876 3784 3932 Ἀλλ’
3843 3878 3871 3931 ὁ

2214 3970 2356 4043 ἱερὸς
2407 3971 2539 4040 ἀνὴρ
2599 3969 2686 4022 καὶ
2745 3967 3139 4046 ἀναισχύντους
3185 3962 3339 4029 ὄντας
3393 3963 3460 4021 δι’

2214 4057 2396 4130 τρέπει
2457 4059 2582 4121 τους
2640 4051 2960 4118 δυσσεϐεἷςο
3024 4055 3170 4130 λέγει
3237 4057 3338 4130 γάρ
3375 4097 3388 4112 .
3450 4054 3600 4110 Μετὰ
3657 4050 3714 4109 δὲ
3769 4056 3876 4122 τήν

2218 4147 2504 4202 ἀνάστασιν
2582 4151 2678 4201 τοῦ
2754 4144 2979 4220 Κυρίου,
3056 4146 3181 4214 ἥτις
3250 4141 3467 4214 δηλαδὴ
3547 4148 3649 4198 τοῦ
3728 4142 3874 4214 ἀλη-

3827 4235 3839 4251 Δ

2218 4239 2370 4290 θινοῦ
2456 4239 2711 4310 σώματος
2802 4236 2969 4290 αὐτοῦ
3074 4233 3390 4311 γεγένηται,
3477 4231 3666 4302 ἐπειδὴ

3531 3967 3732 4022 ἑαυτοῦ
3785 3964 3876 4020 έν-

2802 4236 2969 4290 αύτοῦ
3074 4236 3390 4290 γεγένηται.
3477 4236 3666 4290 ἐπειδῆ
3781 4236 3886 4287 ούκ

461 4313 631 4374 ἄλλος
688 4315 734 4348 2³
801 4314 990 4385 ἀνέστη
1070 4317 1117 4369 εἶ’
1177 4319 1252 4389 μή
1332 4321 1358 4371 ὁ
1436 4323 1764 4394 σταυρωθείς
1833 4325 1921 4378 καὶ
1991 4327 2294 4384 ἀποθανών.
2356 4328 2536 4404 Μέγρι
2614 4331 2733 4395 105,
2817 4323 2978 4381 Ἀλλ’
3034 4323 3126 4379 ἕνα
3205 4325 3326 4378 Υὶὸν
3407 4326 3540 4378 Θεοῦ
3620 4324 3714 4376 καὶ
3784 4324 3883 4376 τὸν

465 4404 642 4474 Λόγον
674 4403 1098 4479 ὁμολογήσομεν
1127 4407 1215 4460 καὶ
1246 4409 1344 4476 τὴν
1378 4408 1571 4484 σάρκα.

538 4491 843 4560 Postquam
888 4511 1019 4550 vero
1077 4497 1293 4553 invasit
1333 4499 1601 4556 haretica
1660 4502 1875 4573 opinio,
1911 4509 1968 4560 et
2007 4503 2115 4562 hoc

470 4581 768 4650 depravat:
797 4588 900 4636 Per
921 4585 1058 4640 hanc
1089 4587 1263 4658 igitur
1291 4605 1534 4660 persona:
1565 4592 1841 4647 unitatem
1872 4596 1931 4648 in
1956 4599 2114 4650 utra-

470 4685 570 4740 que
589 4675 785 4724 natura
809 4671 1047 4727 debitam
1067 4676 1328 4748 intelligi.
1347 4679 1584 4735 Etiamsi
1610 4697 1741 4735 vero
1756 4681 1849 4738 hic
1867 4684 2116 4753 pmpriis

473 4760 651 4814 armis
681 4761 1036 4832 sycophanta
1069 4764 1172 4820 hos
1205 4767 1448 4834 invadit,
1483 4769 1683 4824 dicens
1711 4787 1722 4824 :
1753 4773 1814 4826 In
1853 4773 2115 4842 importu-

472 4849 644 4904 nitate
697 4850 876 4921 igitur
930 4853 1186 4922 hominis,
1220 4865 1268 4912 et
1301 4857 1499 4914 ultima
1552 4865 1776 4929 natura,
1810 4863 1949 4916 Deus
1997 4878 2120 4918 vere

471 4943 637 4995 natus
670 4948 744 4997 est
776 4945 920 4997 totus
950 4945 1007 4997 in
1039 4944 1130 5009 iis,
1164 4962 1282 5016 quzc
1313 4946 1504 5018 ipsius,
1538 4959 1588 5006 et
1636 4956 1772 5006 totus
1804 4951 1863 5006 in
1892 4957 2118 5018 nostris,

475 5031 861 5099 eldeinceps:
900 5035 964 5090 Ut
995 5051 1220 5090 manens
1271 5038 1455 5109 igitur
1501 5039 1562 5093 in
1611 5042 1792 5109 forma
1837 5042 1955 5113 Dei,
1992 5043 2120 5113 fecit

477 5118 772 5188 hominem,
805 5123 882 5178 sic
911 5123 971 5178 in.
1002 5124 1151 5180 servi
1177 5127 1354 5196 forma
1385 5129 1565 5198 lactus
1595 5130 1750 5186 homo
1775 5136 1872 5186 est.

553 5449 592 5488 n
617 5433 788 5490 Joan.
820 5453 862 5505 ι,
897 5437 946 5500 1,
982 5439 1036 5491 2.
1070 5454 1100 5493 o
1132 5437 1278 5494 Ibid.
1314 5439 1399 5494 14.
1430 5456 1465 5512 ρ
1498 5441 1702 5497 Matth.
1736 5458 1873 5512 xvu,
1909 5444 1960 5497 3.

2296 4505 2449 4561 Ἀλλ’
2481 4502 2558 4560 ἔτι
2599 4501 2843 4575 ἐπιπηδᾷ
2873 4504 2934 4558 τὸ
2986 4502 3257 4575 αἲρετικὸν
3299 4503 3576 4581 φρόνημα,
3627 4502 3720 4555 καὶ
3765 4498 3887 4554 δια-

2225 4589 2421 4649 ¹ϐάλλει
2454 4595 2514 4650 τό
2549 4613 2562 4628 ·
2608 4595 2705 4649 Διὰ
2755 4594 2955 4663 ταύτην
3001 4594 3181 4647 τοίνυν
3211 4596 3307 4646 105
3357 4591 3653 4666 προσώπου
3699 4591 3800 4657 τήν
3837 4593 3886 4626 ³⁸

3199 4683 3441 4737 νοεῖσθαι

2228 4772 2399 4830 Ἀλλὰ
2429 4773 2694 4828 κάνταῦθα
2724 4778 2841 4835 τοῖς
2873 4769 3037 4834 ἰδίοις
3081 4771 3274 4831 ὅπλοις
3309 4772 3336 4825 ὁ
3370 4769 3887 4846 συκοφαντούμενος

3157 4879 3171 4893 ⁶
3231 4862 3318 4915 Ἐν
3373 4859 3601 4933 ἀκεραὶᾳ
3663 4877 3892 4934 τοιγαρ-

2957 4949 3142 5020 τελείᾳ
3219 4948 3373 5026 φύσει
3452 4947 3583 5009 Θεὸς
3663 4945 3889 5017 ἀληθῶς

2230 5040 2424 5116 ἐτέχθη
2485 5039 2616 5101 ὅλος
2663 5042 2708 5077 ³⁸
2763 5038 2813 5094 ἐν
2878 5044 2992 5101 τοῖς
3047 5040 3241 5093 ἑαυτοῦ
3298 5039 3394 5092 καὶ
3464 5033 3597 5097 ὅλος
3658 5035 3712 5088 ἐν
3769 5040 3886 5097 τοῖς

2225 4683 2412 4739 ἕνωσιν
2508 4683 2560 4738 ἐν
2648 4683 2871 4756 ἑκατέρᾳ
2950 4684 3106 4760 φὺσει
3199 4683 3441 4737 νοεῖσθαι
3527 4677 3887 4756 ὀφείλουσαν.

2224 4866 2450 4925 τούτους
2502 4858 2857 4927 καταϐάλλει,
2918 4862 3093 4936 λέγων

2229 4956 2319 5008 οῦν
2407 4950 2693 5024 ἀνθρώπου
2784 4951 2873 5005 κάὶ

2231 5134 2415 5204 ἡμῶν.
2465 5131 2559 5185 Καὶ
2595 5131 2715 5200 ἑξῆς
2751 5149 2764 5162 ⁸
2823 5133 3120 5204 Γοιγαροῦν
3173 5128 3245 5189 ὡς
3277 5130 3322 5164 ²⁶
3369 5127 3544 5200 μένων
3595 5125 3648 5180 ἐν
3698 5129 3888 5202 μορ-ρῇ

2234 5221 2369 5277 Θεοῦ
2424 5221 2718 5291 πεποίηκεν
2775 5221 3081 5295 ἄνθρωπον,
3143 5219 3320 5282 οὕτως
3381 5217 3434 5273 ἐν
3495 5221 3689 5295 μοριρῇ
3761 5215 3896 5272 δού-

2234 5313 2336 5368 λου
2365 5315 2577 5388 γέγονεν
2604 5309 2918 5388 ἄνθρωπος,

1844 5568 2086 5623 νΑιιΙιιΕ
2129 5566 2536 5624 LECTIONES.

481 5719 484 5724 .
563 5679 610 5714 2°
647 5680 772 5752 παρ’
803 5681 1081 5752 expungit
1111 5682 1386 5776 Scaliger.
1435 5689 1532 5739 τοῦ
1564 5686 1591 5739 ὁ

495 5753 623 5776 ο--ῗῗ
655 5751 715 5776 f-
815 5753 860 5776 93
897 5749 1066 5776 ἶζἾἾ--
1101 5753 1194 5776 ,νη
1389 5756 1434 5776 θλ
1511 5759 1524 5774 \

495 5753 626 5804 Θεοῦ
655 5747 735 5823 g;
815 5753 860 5786 ²³
880 5747 1066 5812 *ἄλλος
1097 5753 1198 5807 οὐκ
1389 5756 1436 5790 ²⁴
1466 5759 1563 5824 τὴν
1593 5747 1726 5813 ᾶᾶἆ.
1750 5747 1827 5812 ’Λί

1642 5683 1766 5760 iis]
1805 5689 1906 5760 γὰρ
1950 5691 2046 5760 τοῦ
2078 5686 2105 5739 ὁ
2144 5685 2242 5760 γὰρ
2266 5690 2319 5760 ᾼ
2353 5703 2364 5740 ε
2399 5685 2497 5757 iis
2526 5687 2624 5738 τοῦ
2656 5684 2799 5760 ὂςτ

1905 5760 1949 5793 2⁵
1980 5756 2127 5818 ὅλως
2157 5756 2224 5798 λέ
2257 5756 2525 5830 δλωςίρνΓ.
2555 5761 2621 5812 Α.

2905 5683 2948 5719 ἰ
2979 5679 3088 5736 ἐστι
3131 5682 3178 5737 Α
3220 5697 3233 5737 :
3269 5675 3348 5734 ἔτι

2698 5753 2751 5792 "5—
2774 5755 2871 5824 ὡς]
2903 5753 2964 5818 ’ὀς
2991 5772 3072 5827 pr.
3107 5756 3172 5810 A.

3570 5679 3618 5715 ³³
3650 5678 3777 5733 Υἶὸν
3804 5684 3917 5735 τοῦ
