4138 6228
331 353 448 414 949

1401 353 1918 416 BIBUOTHECA
1961 383 2041 401 -—
2083 355 2255 416 COD.
2303 353 2614 416 GOXXVI.

3629 360 3749 420 950

407 485 580 541 Πάλιν
628 487 663 556 ἡ
717 484 927 562 α’ίρεσις
987 483 1269 556 ὁπλίζεται
1310 487 1446 540 κατά
1501 489 1618 556 τοῦ,
1651 485 1788 542 Ποία
1833 486 1990 560 φύσις

2177 489 2428 544 Rursum
2467 457 2874 544 haechhazresis
2921 491 3262 561 oppugnat:
3296 492 3490 560 Qualis
3537 502 3752 550 natura

335 578 735 654 έμπεπαρμένη
783 585 903 640 τοῖς
959 575 1121 648 ἥλοις
1165 577 1216 634 ἒν
1261 580 1388 652 [399
1435 581 1526 652 Η.]
1576 584 1654 651 τῷ
1697 583 1794 634 τοῦ
1833 600 1994 634 σταυ-

337 671 436 743 ροῦ
467 667 618 740 ξύλῳ
650 667 940 743 κρέμαται.
974 668 1081 724 Καὶ
1111 667 1280 723 πάλιν
1311 668 1338 722 6
1369 675 1469 738 τῆς
1519 663 1792 730 εὐσεϐείας
1841 689 1996 742 στρα-

337 759 506 833 τηγὸς
547 756 734 831 τρέπει
783 757 846 813 τὸ
896 758 1187 829 πολέμιον,
1231 755 1482 818 πολλοὺς
1534 755 1709 828 ἐαυτῷ
1762 779 1995 813 συνεπα-

338 848 570 920 γόμενος
615 846 972 923 συμμάχους
1020 844 1168 915 πλὴν
1202 844 1346 900 ἂλλὰ
1392 844 1478 900 καὶ
1508 847 1625 900 καθ’
1665 847 1851 902 ἑαυτὸν
1889 843 1996 920 ᾧδε

336 931 678 991 καταϐάλλει
708 935 960 997 τούτους.
1005 936 1137 1010 Περὶ
1179 935 1284 1010 γὰρ
1333 935 1616 1010 Εὐτυχοῦς
1666 934 1839 1010 λέγων
1886 957 1996 1010 φη-

337 1024 440 1080 σίν.
508 1027 602 1086 Ὃς
653 1025 752 1094 τὴν
813 1025 970 1099 φύσιν
1018 1025 1118 1092 τὴν
1183 1023 1452 1098 ἡμετέραν
1509 1023 1561 1078 ἐν
1618 1029 1697 1096 τῷ
1767 1045 1991 1100 μονογε-

335 1121 420 1170 νεῖ
473 1115 580 1187 Υἱῷ
637 1117 734 1170 τοῦ
795 1118 932 1170 Θεοῦ
984 1111 1108 1168 οὔτε
1151 1110 1240 1168 διὰ
1289 1121 1388 1183 τῆς
1435 1113 1822 1184 ταπεινότητος
1871 1110 1996 1168 οὕτε

343 1201 433 1257 διὰ
499 1207 602 1270 τῆς
667 1199 828 1272 δόξης
895 1197 1102 1277 ἐπέγνω
1150 1207 1249 1270 τῆς
1290 1200 1648 1262 άταστάσεως.
1707 1201 1810 1256 Καὶ
1874 1201 1995 1270 ἑξῆς

343 1289 508 1367 μέχρι
568 1294 683 1345 τοῖν
749 1289 816 1348 Τί
873 1287 930 1344 δέ
982 1288 1094 1344 ἐστι
1150 1291 1211 1344 τὸ
1279 1290 1520 1365 διαιροῦν
1590 1291 1682 1344 τὸν
1760 1291 1992 1360 Ἰησοῦν,

337 1383 386 1438 εἰ
440 1382 516 1455 μή
584 1381 680 1451 τήν
748 1379 1094 1454 ἀνθρωπίνην
1154 1380 1245 1436 ἀπ’
1305 1380 1470 1436 αὐτοῦ
1538 1381 1695 1455 φύσιν
1764 1381 1991 1455 ἀποχω-

337 1472 504 1547 ρίζειν
596 1473 638 1508 ³⁷
695 1472 758 1526 τὸ
841 1472 1166 1548 μυστήριον,
1249 1468 1300 1526 δί

337 1560 755 1635 ἀπεργάζεσθαι.

414 1651 498 1706 Τὰ
545 1649 640 1722 μὲν
701 1649 792 1704 οῦν
835 1651 978 1723 ῥητὰ
1033 1653 1129 1704 τοῦ
1171 1648 1224 1704 ἐν
1283 1649 1459 1724 ἁγίοις
1515 1650 1771 1718 Λέοντος,
1821 1649 1887 1704 τά
1931 1669 1988 1704 τε

331 1737 744 1812 ἐπηρεαζόμενοι
801 1740 978 1812 μάτην
1031 1738 1123 1794 καὶ
1172 1737 1204 1792 ἃ
1247 1737 1375 1800 τοὺς
1415 1736 1812 1814 ἐπηρεάζοντας
1849 1759 1988 1796 κατ·-

335 1827 681 1902 αισχύνουσι,
765 1833 982 1884 ταῦτα’
1077 1827 1110 1882 ἅ
1195 1831 1455 1883 τοσοῦτον
1544 1826 1819 1905 συσφίγγει
1886 1830 1986 1898 τὴν

331 1913 546 1987 ἕνωσιν,
601 1916 742 1972 ὥστε
796 1915 1088 1990 θαυμάζειν
1145 1921 1262 1979 πῶς
1315 1916 1375 1972 ἐκ
1403 1916 1609 1972 τούτων
1641 1918 1694 1972 οἱ
1721 1917 1987 1992 συκοφάν-

2103 579 2283 648 inﬁxa
2312 577 2480 633 clavis
2509 577 2664 648 ligno
2691 578 2870 634 crucis
2891 577 3111 650 pendet.
3145 578 3215 634 Et
3244 596 3480 637 rursum
3514 583 3748 656 pietatis

2105 666 2274 724 miles
2305 667 2508 722 evertit
2535 666 2788 732 hostem,
2824 666 3036 724 multos
3069 668 3124 724 in
3159 685 3218 725 se
3249 670 3544 727 adducens
3591 689 3750 730 com-

2105 756 2422 822 militones,
2449 755 2562 812 nisi
2596 756 2750 827 quod
2772 761 2830 811 et
2852 757 2936 812 sic
2969 773 3067 827 per
3087 773 3148 812 se
3169 757 3278 814 hos
3310 759 3746 828 complectatur.

2106 850 2183 900 De
2212 845 2476 914 Eutyche
2519 845 2605 900 sic
2653 845 2810 900 enim
2861 845 3160 916 loquitur:
3198 848 3302 915 Qui
3347 856 3610 904 naturam
3652 867 3748 906 no-

2101 943 2276 991 stram
2305 935 2366 988 in
2396 933 2682 1006 unigenito
2725 937 2828 990 Dei
2875 937 3035 1004 Filio,
3068 953 3241 1010 neque
3283 937 3619 1006 humilitate,
3651 955 3750 995 ne-

2103 1040 2206 1097 que
2231 1022 2420 1093 gloria
2450 1023 2675 1092 agnovit
2704 1027 3150 1092 resurrectionis,
3183 1031 3240 1082 et
3270 1043 3394 1097 quae
3426 1032 3752 1098 sequuntur

2104 1129 2291 1184 usque
2319 1112 2394 1168 ad
2423 1111 2566 1168 illud
2593 1128 2606 1167 :
2643 1111 2784 1180 Quid
2812 1121 3034 1184 separat
3063 1117 3264 1184 Iesum,
3293 1115 3406 1170 nisi
3431 1117 3750 1184 mysterium

2105 1201 2404 1256 humanam
2432 1199 2500 1256 ab
2531 1202 2650 1272 ipso
2679 1209 2934 1257 naturam
2978 1203 3286 1274 sejungere,
3313 1220 3414 1274 per
3455 1221 3620 1276 quem
3665 1223 3754 1262 so-

2107 1291 2220 1346 lum
2249 1291 2448 1346 saluati
2491 1307 2704 1358 sumus,
2736 1293 2930 1348 conari
2976 1291 3209 1348 stultum
3253 1308 3351 1364 per
3402 1293 3752 1366 impudentes

2101 1381 2350 1452 ﬁctiones
2377 1383 2617 1452 Operari.

1388 1471 1551 1545 οὗπερ
1633 1470 1914 1544 ἐσώθημεν
1999 1472 2195 1544 μόνου,
2265 1471 2548 1544 πειρᾶσθαι
2635 1468 2862 1544 μάταιον
2930 1469 3018 1527 διὰ
3095 1471 3434 1548 πλασμάτων
3523 1473 3754 1532 ἀναιδῶν

2169 1649 2239 1706 Ει
2269 1649 2509 1722 quidem
2537 1651 2688 1706 beati
2713 1651 2923 1708 Leonis
2945 1651 3098 1708 dicta
3129 1655 3390 1725 quaedam
3423 1658 3638 1710 temere
3661 1671 3750 1710 re-

2098 1739 2407 1812 prehensa,
2441 1747 2494 1796 et
2525 1757 2778 1811 quorum
2827 1741 3042 1813 pudeat
3089 1743 3249 1814 ipsos
3299 1743 3747 1810 calumniantes,

2097 1827 2220 1884 hinc
2243 1834 2380 1886 sunt
2403 1845 2418 1884 :
2443 1845 2573 1900 quae
2596 1830 2770 1884 talem
2793 1830 3206 1902 constringunt
3231 1831 3538 1902 unitatem,
3560 1839 3625 1889 ut
3645 1834 3749 1888 ad-

2101 1918 2388 1972 mirentur
2418 1919 2710 1988 quomodo
2735 1920 2791 1974 in
2817 1918 2909 1974 his
2934 1921 3305 1991 sycophantas
3329 1938 3442 1978 non
3461 1923 3747 1978 confusio-

330 2027 420 2062 ται
476 2005 608 2080 οὐχὶ
652 2005 913 2084 σῦγχυσιν
961 2009 1058 2062 τοῦ
1106 2003 1300 2081 ἀνδρὸς
1351 2012 1630 2079 κατεῖπον,
1697 2005 1879 2082 ὥσπερ
1929 2007 1988 2062 ἐκ

2106 2021 2234 2062 nem
2248 2006 2360 2062 viri
2375 2006 2877 2080 reprehenderint,
2894 2010 3396 2080 quemadmodum
3412 2010 3751 2068 ecalumnia

331 2100 444 2150 τῶν
493 2095 931 2170 ἐπηρεασθέντων
985 2097 1084 2166 τὴν
1134 2093 1393 2172 διαίρεσιν
1441 2097 1864 2154 συνεπλάσαντο.
1910 2098 1988 2154 Τὸ

335 2185 441 2261 γὰρ
479 2183 658 2259 λέγειν
705 2185 778 2246 ὡς
819 2186 846 2240 6
877 2185 1088 2255 ἀπαθὴς
1121 2185 1251 2248 Θεὸς
1298 2185 1398 2240 οὐκ
1433 2186 1706 2260 ἂπηξίωσε
1743 2187 1985 2258 παθητὸς

337 2273 588 2352 γενέσθαι
634 2271 939 2348 ἄνθρωπος,
998 2275 1088 2329 καὶ
1136 2275 1163 2330 6
1211 2274 1472 2338 ἀθάνατος
1519 2275 1710 2349 νόμοις
1760 2277 1988 2332 ὑποκεῖ-

339 2365 462 2418 σθαι
498 2363 748 2434 θανάτου,
780 2364 870 2418 καί
903 2364 932 2418 6
961 2360 1199 2438 ἄχρονος
1226 2363 1359 2419 εἶναι
1388 2363 1588 2439 ἤρξατο
1621 2365 1725 2420 ἀπὸ
1757 2366 1985 2443 χρόνου,

329 2457 453 2516 πῶς
499 2451 660 2508 ἔλαθε
710 2453 838 2516 τοὺς
875 2454 1105 2530 πικροὺς
1155 2457 1493 2532 συκοφάντας
1547 2457 1623 2527 μή
1670 2455 1989 2531 συγχύσεως

327 2543 422 2599 τὸν
482 2539 649 2617 ἄνδρα
703 2545 1005 2617 γράψασθαι
1066 2541 1156 2598 διὰ
1211 2543 1463 2614 τούτωνς
1524 2547 1654 2620 [768
1709 2546 1800 2618 3.]
1840 2543 1988 2615 πλὴν

329 2629 482 2702 ἀλλ’,
535 2631 716 2706 ὥσπερ
763 2635 864 2703 τὴν
903 2633 1161 2710 διαίρεσιν
1211 2633 1552 2712 ἐπιρραπίζει
1599 2642 1790 2706 ταῦτα,
1842 2637 1984 2694 οὕτω

333 2719 556 2776 κάκεῖνα
585 2723 684 2792 τήν
718 2723 978 2798 σὺγχυσιν
1013 2724 1459 2793 ἀποσκευάζεται.

403 2809 462 2864 Τί
516 2808 724 2882 δήποτε
768 2809 826 2867 δε
869 2813 897 2866 6
948 2811 1287 2890 συγγραφεὺς
1334 2811 1423 2870 διὰ
1469 2813 1738 2870 τοιούτων
1783 2812 1985 2872 ὥδευσε

331 2899 648 2976 ῥημάτωνς
727 2899 906 2964 διττὸς
955 2906 1254 2973 τηνικαῦτα
1309 2903 1446 2959 κατά
1496 2911 1597 2974 τῆς
1655 2904 1984 2976 Ἐκκλησίας

332 2989 624 3046 συνίστατο
669 2991 938 3065 πόλεμος,
989 2991 1217 3048 ἐνταῦθα
1267 2991 1361 3066 μὲν
1406 2992 1498 3049 τὸν
1532 2993 1780 3068 Εὐτυχέα
1811 2996 1985 3070 φέρων

325 3081 752 3155 πρωτοστάτην,
802 3081 1002 3138 ἐκεῖθεν
1062 3080 1118 3137 δὲ
1175 3081 1267 3137 τὸν
1321 3085 1643 3156 Νεστόριον,
1700 3083 1792 3138 καὶ
1850 3084 1986 3156 μετὰ

327 3171 432 3238 τήν
465 3167 694 3244 πληγὴν
729 3170 818 3226 καὶ
849 3173 912 3228 τὸ
941 3176 1142 3244 πτῶμα
1184 3173 1497 3247 μαχόμενον
1548 3171 1647 3230 ἔτι.
1700 3174 1842 3245 Πρὸς
1893 3171 1983 3228 οὖν

325 3260 623 3332 ἑκατέρους
664 3259 692 3313 6
752 3267 850 3328 τῆς
893 3256 1162 3323 εὐσεϐείας
1219 3263 1518 3336 στρατηγὸς
1573 3260 1984 3337 διαμαχόμενος

327 3348 560 3412 οἰκείοις
585 3351 677 3406 καὶ
705 3348 1089 3420 καταλλῆλοις
1123 3350 1304 3426 βέλεσι
1333 3351 1463 3415 τούς
1493 3349 1824 3417 ἀντιπάλους
1877 3352 1986 3410 ἐτί-

321 3459 565 3515 τρωσκε,
619 3439 708 3496 καὶ
761 3440 1038 3516 Νεστορίῳ
1102 3441 1194 3514 μὲν
1267 3439 1533 3515 πολεμῶν
1579 3443 1845 3518 σύγχυσιν
1901 3439 1992 3498 διὰ

327 3529 436 3597 τήν
495 3526 802 3604 ὁμολογίαν
854 3532 952 3599 τῆς
1007 3529 1174 3604 ἄκρας
1238 3530 1484 3594 ἕνώσεως
1541 3536 1658 3596 τοῖς
1713 3531 1988 3595 ἆσυνέτοις

325 3615 488 3674 δοκεῖ
543 3620 920 3696 παρεισάγειν,
977 3618 1217 3693 Εὐτυχεῖ
1283 3616 1340 3675 δὲ
1396 3619 1845 3695 συμπλεκόμενος
1900 3621 1988 3677 καὶ

323 3711 434 3780 τήν
483 3713 596 3764 τῶν
647 3710 858 3786 φὺσεων
906 3706 1166 3786 διαφορὰν
1215 3706 1754 3787 ἀκριϐολογούμενος
1799 3709 1991 3790 διαφο-

331 3798 432 3872 ρὰν
531 3797 874 3856 ὑποστάσεων
981 3805 1370 3875 κατηγορεῖται
1471 3801 1800 3875 προτείνειν.
1895 3805 1993 3864 Δεῖ

329 3883 394 3940 δὲ
449 3885 545 3940 τὸν
605 3883 894 3942 ἀδέκαστον
969 3887 1239 3962 ἀκροατὴν
1310 3888 1400 3944 τὸν
1483 3892 1582 3944 τοῦ
1639 3888 1991 3967 συγγραφέως

329 3973 540 4029 σκοπὸν
609 3971 868 4044 ἐξετάζειν
929 3977 1019 4032 καὶ
1084 3976 1178 4031 τὸν
1243 3977 1432 4051 εἱρμὸν
1489 3976 1620 4032 ὅλον
1693 3981 1794 4044 τῆς
1861 3998 1991 4052 συγ-

325 4067 554 4142 γραφῆς
605 4063 654 4100 ³⁸
701 4063 1038 4124 ἐπισκοπεῖν.
1087 4067 1212 4124 ’Ότι
1254 4062 1308 4121 δὲ
1353 4064 1572 4140 διχόθεν
1631 4067 1780 4140 αὐτῷ
1818 4085 1992 4141 προσ-

323 4148 503 4208 έϐαλε
548 4153 612 4208 τὸ
661 4152 954 4227 πολέμιον,
1006 4153 1176 4218 αὐτὸς
1223 4157 1444 4234 γράφων
1502 4157 1642 4232 πρὸς
1687 4156 1778 4211 τὸν
1837 4154 1994 4212 εὐσε-

330 4237 598 4298 ϐέστατον
658 4242 890 4320 βασιλέα
947 4243 1168 4316 Λέοντα,
1245 4244 1334 4300 καὶ
1419 4245 1716 4320 Νεπόριον
1799 4244 1988 4300 ἀναθε-

327 4329 586 4404 ματίζων
651 4332 744 4387 καὶ
791 4331 1070 4408 Εὐτυχέα,
1129 4337 1314 4410 σαφῶς
1392 4331 1720 4392 ἐκδιδάσκει.
1783 4335 1989 4409 Ἐχρῆν

327 4417 426 4476 οῦν
469 4417 724 4484 εὐλαϐῶς
781 4427 897 4485 τοῖς
953 4427 1060 4478 τῶν
1119 4423 1373 4500 Πατέρων
1433 4425 1622 4486 πόνοις
1673 4422 1992 4498 προσέχειν,

325 4508 482 4566 ἀλλὰ
531 4513 610 4584 μὴ
650 4513 787 4588 πρὸς
843 4509 1110 4584 διαϐολὴν
1157 4513 1276 4570 ἀντὶ
1304 4515 1401 4570 τοῦ
1433 4515 1794 4592 εὐγνωμονεῖν
1848 4513 1994 4570 ἑτοί-

2097 2096 2394 2168 Oppressis
2438 2095 2786 2152 divisionem
2835 2096 3198 2168 conﬁngunt.
3233 2099 3431 2156 Dicere
3478 2099 3656 2170 enim,
3687 2109 3752 2156 ut

2097 2184 2445 2260 impatibilis
2469 2186 2618 2242 Deus
2639 2202 2752 2242 non
2773 2185 3123 2257 dedignatus
3143 2191 3234 2243 est
3255 2187 3378 2244 ﬁeri
3403 2187 3573 2244 homo
3596 2205 3748 2244 mor-

2098 2275 2259 2346 talis,
2283 2279 2340 2331 et
2361 2275 2570 2332 mortis
2590 2291 2706 2332 non
2731 2275 2960 2332 horruit
2989 2277 3354 2350 obsequium,
3379 2281 3437 2334 et
3457 2278 3582 2334 sine
3602 2281 3748 2336 tem-

2099 2383 2236 2438 pore
2269 2368 2452 2424 factus
2481 2372 2570 2426 est
2599 2385 2734 2425 cum
2765 2373 3048 2439 tempore.
3075 2370 3375 2435 Quomodo
3401 2370 3748 2442 ignorarunt

2097 2457 2234 2514 mali
2269 2455 2746 2527 calumniatores,
2780 2473 2897 2514 non
2929 2458 3239 2529 scripsisse
3273 2459 3464 2514 virum
3506 2475 3606 2530 per
3636 2459 3746 2516 hoc

2097 2546 2396 2608 confundi,
2423 2546 2538 2602 nisi
2569 2547 2721 2619 quod
2755 2554 2814 2601 ut
2843 2546 3188 2602 divisionem
3221 2547 3576 2618 redarguunt
3597 2547 3742 2618 haec,

2095 2637 2177 2693 sic
2208 2643 2262 2692 et
2286 2634 2388 2691 illa
2419 2634 2824 2692 confusionem
2855 2635 3168 2690 adornant.

2167 2819 2288 2884 Quo
2309 2815 2548 2872 tandem
2587 2815 2838 2888 scriptor
2867 2815 2962 2872 hic
2981 2816 3175 2874 σασα
3211 2816 3744 2888 tendat,geminum

2095 2907 2232 2962 hinc
2254 2906 2528 2962 adversus
2547 2905 2864 2962 Ecclesium
2881 2906 3144 2962 nascitur
3161 2904 3403 2962 bellum.
3421 2907 3568 2962 Hinc
3587 2905 3746 2962 enim

2093 2996 2402 3069 Eutychen:
2453 2997 2705 3052 referens
2757 2995 3096 3068 principem,
3149 2995 3310 3052 illinc
3365 3011 3498 3052 vero
3541 2995 3747 3052 Nesto-

2094 3084 2268 3154 rium,
2290 3088 2348 3140 et
2368 3087 2497 3154 post
2518 3087 2815 3154 acceptam
2839 3082 3095 3155 plagam,
3121 3082 3465 3155 lapsumque
3488 3099 3746 3156 pugnam

2095 3174 2518 3230 instaurantem
2530 3215 2544 3244 ,
2557 3188 2692 3229 cum
2710 3181 2949 3244 utroque
2965 3187 3235 3244 pugnans
3251 3172 3486 3244 pietatis
3501 3173 3596 3229 hic
3610 3173 3748 3241 dux,

2097 3264 2222 3320 suis
2245 3263 2406 3336 ipsos
2425 3279 2490 3318 ac
2513 3261 2736 3318 mutuis
2759 3259 2888 3318 telis
2909 3261 3200 3318 vulnerat.
3225 3261 3452 3317 Etcum
3483 3261 3752 3318 Nestorio

2101 3353 2342 3428 quidem
2391 3352 2704 3420 dimicans,
2736 3351 3140 3408 confusionem
3177 3365 3279 3422 per
3320 3350 3753 3408 confessionem

2099 3459 2338 3500 summa:
2360 3442 2599 3499 unitatis
2617 3439 2818 3498 stultis
2840 3439 3112 3498 invehere
3133 3440 3383 3496 videtur.
3409 3439 3556 3496 Cum
3581 3440 3756 3512 Euty-

2099 3533 2204 3590 che
2233 3549 2366 3590 vero
2397 3536 2652 3598 certans,
2671 3523 3138 3600 naturarumque
3159 3529 3552 3586 diveritatem
3579 3545 3754 3586 accu-

2099 3629 2222 3680 rate
2241 3621 2984 3690 defendens,diﬂerentiam
3007 3637 3393 3693 personarum
3411 3620 3471 3676 in
3490 3621 3754 3676 medium

2099 3713 2366 3770 attulisse
2395 3716 2728 3770 accusatur.
2761 3711 3000 3783 Oportet
3023 3726 3156 3767 vero
3187 3709 3482 3782 integrum
3514 3709 3758 3766 audito-

2099 3819 2221 3860 rem
2253 3801 2550 3872 scriptoris
2583 3816 2828 3871 scopum
2875 3799 3246 3869 investigare,
3285 3805 3338 3854 et
3369 3797 3554 3854 totius
3599 3798 3748 3854 scri-

2100 3890 2314 3962 ptionis
2343 3889 2554 3946 seriem
2585 3889 2973 3945 considerare.
3002 3889 3158 3943 Duos
3180 3891 3376 3944 autem
3397 3901 3524 3942 sese
3553 3884 3756 3942 hostes

2100 3983 2359 4048 nactum,
2385 3978 2644 4036 scribens
2663 3977 2790 4049 ipse
2812 3978 2884 4033 ad
2909 3976 3344 4048 pientissimum
3365 3976 3618 4032 Leonem
3641 3975 3760 4034 im-

2100 4073 2426 4142 peratorem
2459 4076 2512 4123 et
2533 4066 2865 4122 Nestorium
2898 4065 3268 4122 anathemate
3299 4065 3515 4122 feriens
3545 4069 3602 4120 et
3631 4065 3753 4122 Eu-

2102 4158 2352 4229 lychem,
2377 4155 2528 4212 clare
2557 4155 2742 4212 docet.
2762 4155 3084 4228 Oportebat
3107 4158 3301 4211 autem
3331 4155 3564 4210 Patrum
3597 4153 3749 4226 vigi-

2099 4249 2207 4304 lias
2229 4247 2651 4318 circumspecte
2673 4243 2909 4316 legisse,
2933 4252 2986 4302 et
3007 4244 3504 4316 quemadmodum
3526 4242 3755 4299 Arianis

2099 4337 2274 4394 exilia
2304 4335 2498 4406 verba,
2529 4335 2984 4408 passionemque
3013 4334 3072 4390 in
3105 4333 3237 4392 Filii
3283 4332 3563 4391 Deitatem
3603 4332 3754 4389 refe-

2103 4427 2391 4494 rentibus,
2424 4429 2489 4482 ut
2519 4425 2711 4496 ipsum
2761 4424 3051 4482 minorem
3094 4423 3310 4480 faciant
3339 4423 3525 4490 Patre,
3556 4422 3755 4480 Patres

2105 4516 2298 4574 dicitis
2319 4515 2705 4572 crassioribus
2727 4514 2812 4570 uti
2832 4513 3048 4580 verbis,
3067 4513 3432 4570 Dominicum
3456 4509 3756 4586 appellanc

327 4622 472 4674 μους
523 4601 700 4656 εἶναι·
743 4603 834 4659 καὶ
881 4602 1122 4680 καθάπερ
1166 4605 1273 4659 τῶν
1324 4605 1611 4680 ’Δρειανῶν
1663 4605 1730 4660 τὰ
1770 4606 1990 4660 ταπεινὰ

2107 4612 2192 4663 tes
2224 4604 2550 4673 hominem,
2582 4603 2669 4660 vel
2701 4607 3098 4674 assumptum.

329 4691 561 4766 ῥήματα
607 4691 698 4746 καί⁹
751 4691 816 4746 τὸ
871 4691 1045 4754 πάθος
1105 4691 1181 4754 εἰς
1237 4693 1336 4762 τήν
1390 4697 1488 4748 τοῦ
1537 4691 1665 4748 Υίοῦ
1713 4693 1946 4764 θεότητα
1992 4693 2424 4774 μεταφερόντων,
2477 4694 2550 4754 ὡς
2601 4687 2661 4746 ἄν
2709 4689 2868 4746 αὐτὸν
2913 4690 2988 4754 εἰς
3033 4691 3096 4745 τὸ
3142 4686 3365 4744 ἓλαττον
3408 4689 3756 4763 καταγάγωσι

329 4783 433 4835 τοῦ
491 4780 730 4852 Πατρὸς,
777 4780 906 4843 τοὺς
967 4781 1207 4856 Πατέρας
1275 4783 1407 4861 φατέ
1469 4783 1825 4858 βιαζομένους
1885 4782 2218 4860 παχυτέραις
2264 4784 2570 4860 χρήσασθαι
2629 4779 2828 4852 λέξεσι,
2884 4782 2974 4837 τὸν
3063 4779 3330 4858 Κυριακὸν
3389 4777 3755 4852 ὀνομάζοντας

325 4869 618 4944 ἄνθρωπον
645 4869 859 4926 καὶτὸν
902 4869 1283 4948 ἀναληφθέντα
1313 4874 1378 4928 ³⁸³.
1423 4913 1440 4932 .
1483 4912 1494 4919 -
1542 4915 1555 4930 .
1599 4913 1616 4930 .

1073 4961 1268 5036 zag‘.

323 5052 434 5106 Τοῦ
510 5047 677 5106 αὐτοῦ
737 5047 1020 5126 Εὐλογίου
1099 5049 1250 5126 όίλλη
1307 5045 1528 5126 βίϐλος
1604 5054 1740 5108 κατά
1797 5051 1992 5108 Θεοδο-

893 5121 1026 5182 σίου,
1050 5122 1140 5177 καὶ
1175 5121 1445 5200 Σευήρου.

399 5211 742 5286 Ἀνεγνώσθη
778 5209 1052 5288 Εὐλογίου
1108 5215 1204 5267 τοῦ
1257 5213 1566 5288 άγιωτάτου
1614 5215 1768 5268 πάπα
1805 5211 1994 5285 Ἀλεξ-

325 5295 587 5374 ανδρείας
649 5295 866 5376 βίϐλος,
929 5299 1052 5378 ἐνῇ
1101 5300 1347 5376 φαίνεται
1402 5304 1495 5376 μὲν
1543 5307 1652 5358 τῶν
1684 5303 1730 5340 ³ο
1767 5310 1866 5373 τῆς
1909 5299 1996 5358 εὐ-

335 5383 558 5452 σεϐείας
610 5389 948 5465 ὑπερμαχῶν
995 5387 1288 5468 δογμάτων
1335 5391 1460 5454 τοὺς
1501 5389 1559 5446 δὲ
1605 5399 1704 5463 τῆς
1752 5387 1995 5455 ἀσεϐείας

2790 4963 3074 5022 CGXXVI.

2138 5055 2360 5128 Eulogii
2399 5053 2636 5128 ejusdem
2678 5055 2820 5112 liber
2859 5060 3049 5110 contra
3092 5048 3446 5108 Theodosium
3475 5052 3529 5106 et
3556 5049 3718 5106 Seve-

2849 5141 2998 5181 rum.

2176 5217 2385 5276 Lectus
2430 5215 2576 5274 liber
2625 5213 2850 5287 Eulogii
2898 5212 3274 5271 Alexandrini
3324 5210 3604 5284 epicopi,
3637 5227 3751 5282 quo

2106 5306 2214 5379 piae
2245 5307 2521 5364 doctrinae
2554 5321 2790 5362 causam
2825 5303 3150 5378 suscepisse
3185 5302 3431 5370 videtur,
3465 5301 3750 5374 pudorem

2106 5395 2640 5467 propugnatoribus
2661 5391 2975 5466 impietatis
2993 5392 3309 5450 incutiens.
3325 5391 3600 5449 Inscribit
3619 5406 3752 5448 vero

1715 5511 1948 5568 VARle
1987 5509 2394 5568 LECTIONES.

407 5615 692 5706 ’j‘malim
725 5615 1199 5706 ἀπαχῳρίζρχτας.
1257 5617 1306 5703 ξε
1329 5621 1651 5706 συγγραφῇ-ἦς
1681 5625 1771 5706 Αέ
1807 5616 2022 5697 Aps-97,;
2055 5619 2140 5692 ς.
2210 5620 2256 5654 ²⁹
2289 5625 2438 5692 post.
2475 5615 2854 5694 ἀναληφθέντα
2878 5619 2936 5675 in
2965 5623 3008 5676 Α
3039 5621 3324 5677 columnae
3350 5623 3558 5692 vacant
3579 5621 3608 5672 3
3634 5616 3752 5690 1/2.

337 5691 402 5746 in
432 5691 474 5744 Ο
505 5687 730 5760 paginas
761 5687 939 5760 1374ζ

1017 5689 1063 5724 ³ο
1096 5690 1190 5762 μὲν
1217 5689 1348 5760 τῶν]
1380 5689 1500 5748 irrit)
1529 5689 1636 5746 τῶν
1678 5689 1792 5763 μέν.
