4138 6228
410 389 526 449 951

1621 377 1882 440 PHOTII
1927 376 2452 441 PATRIARCHIE
2495 377 2612 442 ΟΡ.

3706 378 3823 436 952

411 523 629 579 librum
662 518 917 592 primum
942 514 1201 588 pontiﬁci
1228 514 1425 585 Leoni,
1449 518 1754 571 accusatus
1776 530 1841 569 ac
1864 528 2058 584 repre-

2180 512 2544 587 προασπιστᾶς
2602 514 2728 587 [400
2790 512 2882 587 Η.]
2922 507 3317 587 καταισχύνων.
3391 511 3718 585 Προτίοεται
3769 509 3826 567 δὲ

414 613 636 668 hensus
668 626 701 663 a
728 605 1069 669 Theodosio,
1094 604 1309 660 alicubi
1341 622 1475 660 vero
1498 622 1529 659 a
1551 605 1778 673 Severo,
1802 603 2067 675 Acepha-

416 702 509 757 lis.
539 695 881 766 Perstringit
906 710 1037 750 vero
1061 693 1296 749 illorum
1330 694 1685 750 dementiam
1721 691 2064 764 improbita-

410 795 644 859 tcmque
676 784 821 841 nihil
862 785 1174 840 ostendens
1227 800 1429 839 verum
1478 800 1669 855 neque
1717 783 2063 839 concludere

414 876 766 940 necessario,
801 874 1047 930 conﬁcta
1076 878 1132 929 ct
1162 872 1306 929 falsa
1341 874 1667 942 mendacia,
1692 878 1747 928 et
1778 890 1891 929 non
1925 889 2063 928 con-

414 972 501 1023 tra
529 964 697 1020 illum
734 963 925 1034 magis
958 967 1236 1033 armatos,
1270 962 1505 1033 quicum
1541 965 1825 1034 pugnent,
1850 960 2063 1017 nihilo-

416 1059 615 1113 minus
665 1060 862 1111 tamen
916 1055 1195 1110 adversus
1255 1058 1490 1109 sanctos
1538 1070 1764 1122 omnes,
1816 1068 2065 1123 quorum

418 1146 657 1203 nomina
679 1153 962 1217 respuunt
986 1161 999 1198 :
1025 1160 1139 1198 non
1165 1144 1339 1213 igitur
1360 1144 1721 1212 inﬁciantur,
1744 1146 1800 1197 et
1821 1159 1921 1214 pro
1946 1158 2070 1198 om-

416 1238 593 1292 nibus
615 1236 890 1290 audacter
912 1232 1041 1288 illos
1067 1233 1359 1304 opposuit,
1385 1233 1600 1304 quibus
1624 1239 1893 1287 sanctum
1922 1232 2072 1288 Leo-

416 1344 550 1382 nem
584 1327 948 1397 oppugnant,
974 1327 1031 1377 et
1062 1326 1263 1378 contra
1294 1323 1530 1377 beatum
1563 1321 1859 1394 Cyrillum,
1886 1322 2069 1392 quod-

417 1432 531 1488 que
548 1415 877 1471 mirandum
895 1412 1101 1484 magis,
1117 1413 1393 1468 adversus
1407 1429 1525 1476 eos,
1544 1412 1640 1483 qui
1658 1413 2072 1483 decretaoppo-

418 1506 589 1559 nunt.
611 1501 724 1556 Has
755 1501 908 1555 enim
942 1516 1109 1555 voces
1145 1515 1288 1569 quas
1322 1498 1611 1565 allatrant,
1643 1496 1925 1570 Cyrillum
1962 1514 2073 1552 sa":-

416 1594 548 1663 pius
562 1589 1046 1660 objiciunt24ab
1076 1592 1450 1655 asserentem,
1473 1586 1832 1658 aliorumque
1851 1591 2075 1643 sancto-

420 1698 545 1736 rum
580 1682 812 1735 Patrum
847 1685 1158 1734 catervam.
1185 1679 1304 1743 Quo
1328 1678 1386 1733 in
1420 1694 1662 1733 numero
1692 1677 2070 1745 Athanasius,

420 1771 702 1841 Gregorii,
766 1768 1037 1837 Basilius,
1094 1767 1439 1823 Ambrosius
1497 1771 1553 1822 et
1610 1766 2072 1840 Amphilochius.

2175 602 2322 675 αὐτῷ
2365 603 2461 657 τοῦ
2510 602 2562 658 ἐν
2612 603 2789 676 ἁγίοις
2836 602 2991 655 πάπα
3040 602 3269 662 Λέοντος
3306 603 3333 656 ὁ
3368 603 3566 676 τόμος,
3601 603 3829 673 ἐπηρεα-

2179 694 2401 766 ζόμενος
2459 693 2554 765 μὲν
2613 693 2703 747 καὶ
2770 690 3275 769 συκοφαντούμενος
3345 693 3449 746 ὑπὸ
3506 690 3825 762 Θεοδοσίου,

2175 782 2398 856 ἐνιαχοῦ
2430 779 2486 837 δὲ
2516 782 2606 836 καὶ
2640 776 2908 855 Σεϐήρου,
2938 785 3046 836 τῶν
3097 781 3415 856 ’Δκεφάλων
3443 799 3456 813 °
3512 781 3825 852 στηλιτεύει

2174 868 2230 925 δὲ
2259 872 2358 941 τὴν
2393 872 2573 926 ἄνοιαν
2618 870 2797 925 αὐτῶν
2841 870 2933 924 καὶ
2980 870 3333 944 κακουργίαν,
3385 869 3541 926 οὐδὲν
3576 873 3671 944 μὶν
3707 872 3829 926 ἐπι-

2176 959 2385 1022 δεικνὺς
2441 959 2644 1031 ἀληθὲς
2692 959 2726 1029 ἢ
2778 960 3073 1035 ἀναγκαῖον
3126 960 3408 1035 λέγοντας,
3469 959 3832 1035 διεψευσμένα

2177 1047 2234 1104 δὲ
2271 1050 2360 1104 καὶ
2411 1047 2898 1123 συμπεπλασμένα,
2938 1050 3028 1104 καὶ
3079 1048 3143 1103 οὐ
3194 1051 3309 1104 κατ’
3357 1049 3561 1105 ἐκείνου
3611 1050 3827 1124 μᾶλλον

2177 1137 2576 1212 ὁπλιζομένους
2608 1139 2652 1209 ᾦ
2692 1135 2851 1193 διαπλ
2866 1138 3208 1207 ηκτίζονται,
3242 1136 3371 1193 ἄλλ’
3415 1135 3570 1193 οὐδὲν
3601 1137 3831 1195 ἔλαττον

2176 1229 2311 1284 κατὰ
2358 1227 2573 1284 πάντων
2625 1229 2766 1301 ὁμοῦ
2814 1234 2921 1282 τῶν
2964 1227 3156 1303 ἁγίων,
3198 1229 3273 1281 ὦν
3308 1225 3433 1283 οὐδὲ
3462 1229 3558 1291 τας
3600 1228 3831 1299 κλήσεις

2178 1318 2253 1381 ὡς
2313 1317 2438 1393 οὐχὶ
2497 1322 2729 1390 τιμῶσιν
2799 1317 3060 1389 οὐμενοῦν
3116 1317 3217 1371 οὐκ
3263 1316 3394 1372 εἰσὶν
3446 1316 3681 1391 ἔξαρνοι.
3727 1319 3835 1375 Καὶ

2179 1408 2285 1482 πρό
2342 1428 2401 1483 γε
2432 1411 2475 1445 ³¹
2528 1407 2739 1461 πάντων
2787 1404 3109 1481 παρίστησιν
3164 1405 3362 1467 αὐτοὺς
3426 1405 3695 1482 ἐναργῶς,
3751 1409 3838 1469 οἷς

2178 1499 2271 1553 τὸν
2300 1492 2487 1566 εὐσεϐῆ
2524 1494 2833 1570 διασύρουσι
2882 1497 3106 1566 Λέοντα,
3155 1494 3291 1551 κατά
3320 1516 3375 1551 τε
3412 1500 3508 1551 τοῦ
3542 1498 3836 1552 Θεσπεσίου

2183 1584 2463 1663 Κυρίλλου
2509 1587 2597 1641 καὶ
2648 1586 2730 1660 (τὸ
2780 1586 3239 1661 θαυμασιώτερον)
3291 1587 3408 1640 καθ’
3464 1586 3670 1641 ἑαυτῶν
3727 1588 3834 1656 τήν

2181 1680 2362 1753 ψῆφον
2415 1676 2695 1753 φέροντας·
2742 1674 2943 1737 ἐκείνας
2991 1674 3091 1749 γάρ
3147 1676 3246 1738 τὰς
3304 1676 3503 1752 φωνάς,
3563 1678 3639 1729 ὧν
3696 1678 3840 1731 καο-

2184 1765 2497 1836 υλακτοῦσι,
2557 1762 2836 1839 Κὺριλλόν
2886 1785 2946 1819 τε
2992 1764 3317 1837 προκομίζει
3382 1766 3476 1820 τὸν
3545 1767 3833 1822 Θεσπέσιον

418 1860 682 1930 Denique
716 1857 980 1913 amentia:
1028 1857 1371 1925 coniutatio,
1403 1857 1676 1912 Severum
1709 1857 1902 1927 ipsum
1938 1855 2070 1911 ubi-

2180 1853 2453 1917 πολλάκις
2484 1854 2706 1911 εἶ’πόντα
2738 1856 2805 1924 ³³,
2826 1853 2919 1909 καὶ
2947 1859 3054 1909 τῶν
3086 1852 3272 1909 ἄλλων
3304 1855 3473 1930 άγίων
3501 1856 3591 1910 τὸν
3634 1857 3837 1931 χορὸν,

420 1966 533 2021 que
581 1949 874 2020 dogmatis
929 1951 1217 2002 auctorem
1261 1946 1515 2001 adducit.
1549 1946 1773 2009 Quibus
1805 1962 1950 2001 usus
1980 1949 2070 2001 est

418 2039 627 2094 beatus
661 2039 771 2092 Leo
799 2038 879 2107 [in
914 2037 1176 2091 numeris
1208 2035 1517 2106 hereseos]
1550 2033 2069 2090 convitiisaTheo-

421 2128 586 2183 dosio
617 2131 673 2182 et
703 2127 905 2181 Severo
948 2124 1250 2195 excipitur.
1297 2124 1389 2179 Sic
1436 2123 1671 2180 illorum
1712 2123 2065 2181 dementiam

421 2215 694 2281 ostendit,
712 2222 769 2269 et
792 2213 1180 2269 adversariam
1199 2217 1428 2268 tuentes
1445 2218 1664 2283 partem
1684 2213 1863 2268 armis
1886 2213 2068 2282 exuit,

418 2309 485 2359 ut
506 2304 564 2359 in
588 2320 649 2359 se
674 2305 825 2359 ictus
851 2302 1122 2357 assiduos
1143 2301 1455 2357 inferentes
1474 2301 1619 2356 nihil
1651 2302 1950 2357 laaderent.
1970 2303 2072 2357 Est

416 2398 611 2449 autem
644 2393 736 2447 hic
767 2391 1011 2463 scriptor
1062 2406 1241 2462 purus
1273 2406 1339 2447 ac
1370 2392 1588 2458 suavis,
1622 2396 1679 2449 et
1708 2392 1957 2448 breviter
2004 2408 2070 2447 ac

419 2483 625 2539 leviter
653 2482 1052 2538 accusationes
1087 2480 1423 2550 instituens,
1456 2485 1513 2537 et
1536 2482 1664 2538 sine
1702 2498 1876 2538 causa
1923 2481 2069 2537 nihil

422 2574 485 2629 in
518 2573 774 2628 medium
807 2571 1129 2643 proferens.
1163 2571 1227 2625 In
1259 2570 1697 2642 quatuordecim
1729 2572 1922 2644 capita
1952 2571 2072 2627 hae-

424 2663 623 2720 reticis
671 2661 886 2717 librum
934 2660 1087 2716 beati
1132 2660 1338 2716 Leonis
1376 2660 1790 2731 dividentibus,
1826 2678 1940 2718 non
1972 2678 2072 2719 ca-

433 2754 659 2825 ptiones
699 2750 1188 2818 accusationesve,
1222 2750 1795 2823 vituperationesque
1842 2752 2070 2822 ineptas

426 2842 696 2910 afferunt,
722 2846 774 2896 et
798 2841 923 2913 ipse
953 2840 1191 2895 totidem
1224 2839 1427 2895 dividit
1457 2841 1824 2897 refutationis
1855 2844 2068 2915 capita,

429 2934 638 2988 fortem
671 2947 737 2985 ac
759 2930 1007 2986 validam
1040 2929 1548 3001 reprehensionem
1580 2930 1889 2987 calumnia
1916 2936 2070 2990 Ace-

426 3024 603 3095 phali.
663 3022 910 3078 Additur
974 3037 1107 3076 vero
1164 3020 1256 3076 his
1313 3021 1601 3076 absolutio
1660 3039 1693 3076 a
1751 3022 2071 3079 Chalcedo-

425 3113 591 3167 nensi
626 3112 865 3183 synodo,
892 3126 1069 3180 quam
1101 3108 1505 3164 haereticorum
1538 3109 1689 3166 mala
1718 3110 1915 3184 lingua
1947 3130 2073 3185 pro-

2178 1946 2236 1999 ὅν
2296 1943 2603 2005 Ἀθανάσιός
2657 1964 2715 1998 τε
2770 1944 2861 1998 καὶ
2920 1944 3215 2017 Γρηγόριοι
3263 1945 3352 1997 καὶ
3396 1944 3682 2006 Βασίλειος
3743 1947 3839 2000 καὶ

2181 2029 2509 2107 Ἀμϐρόσιος
2539 2034 2628 2088 καὶ
2661 2031 3029 2108 Ἀμφιλόχιος
3069 2031 3367 2107 πληροῦσι.
3422 2034 3523 2090 Καὶ
3576 2035 3603 2088 ὁ
3643 2034 3838 2089 τελευ-

2178 2130 2331 2185 ταῖος
2384 2130 2481 2193 τῆς
2536 2123 2712 2179 αὐτῶν
2768 2122 2961 2195 μανίας
3020 2117 3275 2200 ἔλεγχος,
3325 2122 3486 2179 αὐτὸν
3530 2123 3838 2203 πολλαχοῦ

2177 2214 2410 2287 παράγει
2464 2207 2707 2284 Σεϐἤρον
2772 2208 3145 2289 δογματιστὴν
3197 2211 3433 2282 ἐκείνων,
3485 2214 3577 2274 οἷς
3632 2233 3844 2288 κεχρη-

2184 2301 2337 2374 μένος
2371 2303 2398 2355 ὁ
2449 2300 2500 2356 ἐν
2548 2302 2721 2376 ἁγίοις
2768 2299 2916 2355 Λέων
2973 2302 3191 2375 μυρίαις
3223 2302 3480 2376 αἱρέσεως
3522 2299 3844 2377 λοιδορίαις

2179 2391 2324 2465 παρά
2372 2412 2431 2444 τε
2478 2387 2768 2445 Θεοδοσίου
2816 2389 2906 2443 καὶ
2955 2388 3120 2444 αὐτοῦ
3179 2385 3424 2465 Σεϐήρου
3459 2387 3727 2465 βάλλεται
3794 2392 3845 2426 ³³

2181 2477 2324 2534 οὕτω
2373 2480 2471 2548 τήν
2528 2479 2721 2551 μανίαν
2773 2474 3077 2548 ἐπεδείξατο
3123 2477 3250 2539 τοὺς
3301 2475 3389 2532 ὑπ’
3436 2479 3608 2547 αὐτῆς
3636 2500 3843 2555 στρατο

2182 2568 2526 2642 ηγουμὲνους
2559 2564 2840 2638 ἐξοπλίσαι
2870 2569 2935 2639 ³⁸,
2968 2565 3108 2622 ὥστε
3133 2568 3253 2622 καθ’
3291 2568 3495 2623 ἑαυτῶν
3544 2568 3641 2628 τὰς
3686 2568 3845 2639 πλη-

2177 2657 2275 2730 γὰς
2324 2657 2537 2731 καιρίας
2602 2656 2862 2733 φέροντας
2924 2653 3194 2729 μηδεμίαν
3254 2656 3299 2693 ³⁸
3366 2651 3669 2729 λαμϐάνειν
3737 2664 3844 2713 τοῦ

2178 2746 2385 2807 πάθους
2417 2746 2787 2815 συναίσθησιν.
2820 2748 2978 2802 Ἔστι
3022 2746 3118 2817 μὲν
3167 2743 3258 2799 οὑν
3310 2746 3466 2808 οὗτος
3518 2747 3545 2800 ό
3595 2763 3846 2823 συγγραδ

2180 2834 2307 2912 φεὺς
2363 2836 2601 2909 καθαρός
2654 2856 2711 2889 τε
2750 2835 2839 2889 καὶ
2897 2832 3056 2905 ἡδὺς,
3104 2836 3197 2890 καὶ
3269 2832 3357 2889 διὰ
3413 2835 3689 2909 συντόμου
3744 2838 3840 2892 καὶ

2184 2924 2332 2987 λείας
2363 2922 2491 2980 ὁδοῦ
2520 2923 2647 2986 τοὺς
2678 2922 2942 3000 ἐλέγχους
2971 2924 3326 2998 ποιούμενος,
3359 2926 3447 2980 καὶ
3480 2927 3621 3000 πρὸς
3666 2923 3844 2998 μηδὲν

2180 3018 2285 3069 τῶν
2337 3010 2436 3086 ἔξω
2474 3018 2571 3068 τοῦ
2621 3012 2909 3088 ἀναγκαίον
2960 3016 3281 3092 φερόμενος.
3333 3014 3426 3075 Εἰς
3479 3011 3542 3068 ιδ’
3583 3012 3639 3069 δὲ
3671 3016 3844 3091 κεφά-

2184 3102 2313 3159 λαια
2358 3107 2464 3158 τῶν
2512 3104 2885 3178 αἱρετιζόντων
2934 3105 3061 3173 [769
3118 3105 3208 3176 3.]
3252 3104 3700 3175 κατατεμνόντων
3742 3105 3841 3159 τὸν

431 3200 666 3267 scindit,
688 3199 970 3253 unitatem
1004 3214 1259 3268 personae
1292 3197 1433 3269 ipsis
1463 3199 1655 3255 verbis
1686 3217 1799 3256 non
1833 3217 2069 3273 expres-

2181 3192 2351 3265 τόμον
2393 3196 2492 3248 τοῦ
2526 3191 2577 3247 ἐν
2610 3192 2786 3267 ἁγίοις
2820 3192 3074 3263 Λέοντος,
3108 3194 3169 3248 οὗ
3222 3190 3394 3254 λαϐὰς
3443 3194 3534 3247 καὶ
3570 3192 3847 3257 αἰτιάσεις

426 3305 575 3343 sam.
598 3288 885 3342 Plurimos
908 3287 1062 3341 enim
1088 3288 1282 3342 Patres
1303 3288 1582 3353 ostendit,
1607 3305 1721 3344 non
1749 3293 1915 3346 modo
1940 3300 2073 3349 ante

424 3376 710 3449 synodum
762 3375 1134 3446 Ephesinam,
1169 3374 1269 3429 sed
1311 3381 1369 3430 et
1416 3381 1749 3445 sequentes,
1791 3378 1895 3434 hac
1940 3380 2071 3451 ipsa

422 3478 559 3518 voce
591 3478 705 3516 non
737 3476 876 3516 usos
899 3461 1024 3532 [per
1044 3461 1157 3516 alia
1180 3461 1353 3517 verba
1374 3463 1646 3534 pietatem
1676 3481 1841 3521 suam
1874 3472 2072 3524 osten-

424 3553 604 3623 disse]
635 3552 790 3622 quod
824 3554 880 3606 et
921 3550 1177 3623 synodus
1208 3552 1471 3623 perfecit.
1506 3556 1633 3609 Non
1681 3554 1865 3611 solum
1915 3572 2071 3628 vero,

424 3640 523 3696 sed
561 3644 615 3695 et
647 3639 875 3695 beatum
916 3638 1195 3711 Cyrillum
1247 3640 1304 3695 in
1347 3640 1564 3698 unione
1612 3660 1741 3699 cum
1792 3644 2073 3702 Occiden-

422 3726 641 3783 talibus
661 3726 999 3796 hujusmodi
1016 3725 1206 3783 verbis
1229 3743 1341 3782 non
1364 3743 1539 3783 usum
1565 3731 1837 3787 ostendit.
1856 3734 2072 3791 Asserit

424 3819 617 3872 autem
654 3814 935 3888 Cyrillum
968 3816 1274 3873 ostendere
1304 3817 1586 3874 unitatem
1616 3818 1898 3889 voluisse,
1930 3825 2069 3877 tan-

424 3921 602 3977 quam
625 3904 798 3961 Verbi
831 3904 1163 3977 hypostasis
1196 3904 1467 3962 humanae
1501 3908 1723 3981 absque
1754 3911 2071 3968 mutatione

426 3998 662 4054 uniatur
693 4002 934 4053 natura.
964 3997 1270 4055 Enimvero
1302 3999 1439 4070 quia
1470 4007 1679 4071 quarta
1725 4007 1932 4059 sancta
1970 4022 2072 4077 sy-

424 4089 609 4144 nodus
658 4088 877 4160 soripta
928 4087 1123 4158 Cyrilli
1158 4089 1228 4144 ad
1261 4088 1594 4147 Nestorium
1645 4095 1984 4160 verecunde,
2016 4100 2073 4151 et

424 4178 798 4234 laudabiliter
847 4178 999 4233 facta
1048 4178 1126 4248 (in
1179 4178 1393 4250 quibus
1442 4197 1557 4237 non
1606 4182 1812 4253 semel,
1862 4185 1962 4239 sed
2014 4189 2073 4242 et

426 4268 538 4336 bis,
573 4273 629 4323 et
659 4271 867 4339 quater
898 4283 1153 4339 persona:
1185 4268 1379 4324 unitas
1408 4268 1581 4325 Verbi
1614 4270 1767 4327 clare
1808 4273 2071 4330 declara-

426 4357 543 4415 tur)
576 4356 969 4413 haereticorum
1015 4357 1271 4413 obstruit
1300 4373 1438 4413 ora:
1473 4360 1683 4430 quibus
1724 4361 1913 4432 ipsam
1956 4380 2070 4420 non

429 4462 651 4516 sapere,
673 4462 860 4517 neque
881 4446 940 4501 in
966 4463 1213 4516 persona
1244 4446 1527 4503 unitatem
1561 4450 1990 4520 confinxerunt,
2015 4458 2073 4509 et

429 4498 521 4516 Ἢτ
544 4498 582 4501 μ
612 4498 651 4514 ε,
838 4498 856 4502 ε
966 4498 1213 4516 rm-“
1250 4498 1527 4503 —~~-~—~~---
1566 4498 1990 4520 "mm—"mn,
2016 4498 2073 4509 ν-

429 4533 670 4589 omnino
701 4535 772 4589 de
804 4536 1258 4609 quibuscunque
1284 4537 1561 4609 Acephali
1593 4540 1790 4596 divum
1824 4546 2072 4599 Leonem
2104 4498 2148 4563 D

429 4639 697 4680 accusare
744 4628 885 4678 sunt
932 4623 1080 4694 ausi,
1132 4633 1186 4681 et
1234 4625 1761 4683 Chalcedonensem
1811 4638 2074 4686 sanctam

429 4714 743 4786 synodum,
776 4712 933 4769 brevi
966 4728 1234 4770 sermone
1264 4715 1661 4771 accusationes
1694 4716 1986 4787 refellens,
2020 4724 2076 4777 et

428 4801 846 4861 insolubilibus
893 4804 1255 4875 argumentis
1295 4804 1647 4861 adversariis
1682 4807 1962 4876 pudorem
1993 4809 2078 4864 in-

430 4897 678 4963 cutiens,
704 4893 962 4951 ostendit
987 4894 1143 4964 ipsos
1183 4910 1381 4949 secum
1423 4894 1638 4965 potius,
1659 4896 1814 4951 244
1844 4914 1875 4952 a
1900 4914 2071 4967 quam

428 5002 559 5041 cum
594 4986 665 5043 iis
684 5002 825 5057 quos
847 4989 1205 5058 Oppugnant,
1230 4990 1331 5041 aut
1362 5001 1496 5040 cum
1528 4986 1748 5042 sanctis
1778 4987 2071 5058 Patribus,

428 5078 528 5128 aut
558 5075 867 5130 nobiscum
896 5083 1190 5130 certamen
1222 5073 1452 5131 habere.

2181 3284 2271 3337 καὶ
2334 3281 2565 3358 μέμψεις
2623 3281 2860 3360 ἀλόγους
2916 3284 3267 3358 καταχέουσι,
3346 3284 3438 3339 καὶ
3514 3283 3677 3346 αὐτός
3762 3286 3847 3346 εἰς

2178 3376 2415 3427 τοσαῦτα
2472 3369 2807 3427 καταδιεῖλεν
2864 3371 3176 3447 ἀνατροπῆς
3233 3372 3369 3447 μέρη
3412 3374 3503 3428 τὸν
3547 3379 3649 3442 τῆς
3682 3374 3845 3429 Ἀκεο

2179 3460 2357 3541 φάλου
2391 3460 2748 3539 συκοφαντίας
2780 3461 3003 3537 ἰσχυρὸν
3044 3483 3102 3517 τε
3149 3463 3239 3517 καὶ
3292 3460 3532 3542 ἄφυκτον
3572 3460 3844 3539 ἔλεγχον.

2180 3551 2559 3607 Ἐπισυνάπτει
2619 3549 2677 3607 δὲ
2726 3552 2944 3614 τούτοις
3002 3553 3091 3607 καὶ
3148 3554 3250 3623 τήν
3309 3552 3565 3607 ἀθώωσιν
3627 3560 3733 3623 τῆς
3785 3554 3843 3608 ἓν

2180 3637 2499 3715 Καλχηδόνι
2534 3642 2580 3677 ³⁸
2610 3639 2834 3696 συνόδου
2865 3642 2939 3695 ὧν
2978 3638 3145 3711 αὐτὴν
3208 3643 3252 3679 ³⁷
3310 3644 3345 3711 ἡ
3405 3643 3654 3718 αἱρετικὴ
3704 3664 3844 3697 κατ-

2178 3737 2372 3809 ηγορεῖ
2426 3730 2802 3808 γλωσσαλγία,
2851 3733 2950 3801 τήν
2990 3734 3111 3788 καθ’
3152 3732 3443 3788 ὑπόστασιν
3492 3727 3682 3787 ἕνωσιν
3746 3732 3848 3787 αὐ-

2178 3828 2298 3883 ταῖς
2348 3820 2551 3892 λέξεσιν
2604 3822 2664 3877 οὐ
2717 3821 2957 3898 φαμὲνην
3008 3824 3217 3897 φωνήν.
3262 3822 3500 3878 Δείκνυσι
3550 3822 3653 3896 γάρ
3692 3822 3850 3879 πολ-

2182 3910 2313 3974 λοὺς
2344 3916 2451 3966 τῶν
2486 3911 2653 3989 ἁγίων
2695 3911 2970 3986 Πατέρων,
3004 3913 3066 3967 οὐ
3106 3912 3267 3985 μόνον
3318 3916 3425 3966 τῶν
3473 3912 3583 3987 πρὸ
3632 3918 3737 3980 τῆς
3789 3910 3843 3966 ἐν

2180 4002 2392 4079 Ἐφέσῳ
2425 3998 2654 4056 συνόδου
2688 4000 2833 4056 ἀλλὰ
2859 4000 2950 4056 καὶ
2981 4006 3090 4056 τῶν
3127 4003 3242 4074 μετ’
3276 3999 3468 4070 αὐτὴν,
3500 4004 3571 4074 τῇ
3606 4001 3841 4075 τοιαύτῃ

2186 4087 2280 4163 μέν
2329 4089 2389 4143 οὐ
2432 4084 2809 4165 κεχρημένους
2857 4094 3035 4169 φωνῇ,
3087 4087 3160 4160 δι,
3202 4088 3396 4163 ἐτέρων
3453 4086 3509 4144 δὲ
3572 4089 3847 4162 ῥημάτων

2179 4179 2279 4247 τήν
2335 4179 2504 4249 αὐτὴν
2573 4177 3001 4255 δογματίσαντας
3062 4177 3333 4235 εὐσέϐειαν
3386 4196 3401 4211 ⁸
3434 4178 3464 4233 ’ὁ
3513 4179 3605 4233 καὶ
3639 4180 3675 4247 ἡ
3720 4181 3845 4234 σὺν·

2183 4266 2312 4332 οδος
2361 4267 2705 4345 διεπράξατο.
2758 4271 2829 4326 Οὐ
2882 4271 3045 4344 μόνον
3099 4267 3177 4341 δὲ,
3216 4267 3361 4325 ἀλλᾶ
3402 4268 3492 4323 καὶ
3554 4269 3717 4324 αὐτὸν
3745 4270 3843 4324 τὸν

2180 4358 2485 4434 ἁγιώτατον
2516 4358 2790 4435 Κύριλλον
2824 4360 2877 4416 ἐν
2921 4365 2990 4436 τῇ
3040 4360 3177 4435 πρὸς
3215 4360 3346 4422 τοὺς
3377 4359 3426 4395 ³⁸
3470 4357 3845 4419 ἆνατολικοὺς

2183 4450 2368 4504 ἒνώσει
2424 4454 2543 4511 ταῖς
2591 4449 2877 4513 τοιαύταις
2922 4451 3183 4529 προιρὲρει
3242 4450 3318 4523 μὴ
3368 4450 3715 4524 κεχρημένον
3747 4448 3845 4504 λέ-

2184 4540 2315 4608 ξεσι.
2377 4540 2522 4611 Φησὶ
2571 4538 2627 4594 δὲ
2685 4539 2773 4594 καὶ
2815 4540 2897 4594 ὅτι
2944 4544 2977 4609 ἡ
3025 4542 3143 4594 καθ’
3184 4538 3475 4594 ὑπόστασιν
3523 4535 3711 4597 ’ἐνωσις
3750 4542 3839 4608 τῷ

2188 4628 2450 4701 θεσπεσίῳ
2482 4626 2741 4703 Κυρίλλῳ
2778 4628 3031 4703 βούλεται
3064 4626 3288 4697 δηλοῦν,
3323 4629 3398 4691 ὡς
3428 4630 3460 4697 ἡ
3508 4630 3599 4680 τοῦ
3639 4625 3830 4700 Λόγου

2191 4719 2481 4781 ὑπόστασις
2536 4718 2842 4793 ἀνθρωπεία
2903 4718 3057 4796 φύσει
3132 4719 3319 4788 ἡνώθη
3376 4716 3668 4793 ἀτρέπτως.
3745 4712 3832 4772 Oi»

2189 4810 2296 4880 μὴν
2338 4807 2464 4864 ἀλλ’
2507 4806 2591 4864 ὅτι
2639 4810 2730 4864 καὶ
2778 4811 2813 4879 ἡ
2856 4809 3087 4884 τετάρτη
3140 4808 3267 4883 ἀγία
3320 4804 3546 4868 σύνοδος
3587 4807 3658 4860 τά
3687 4807 3837 4880 παρὰ

2185 4896 2471 4973 Κυρίλλου
2510 4899 2646 4975 πρὸς
2703 4896 2995 4973 Νεστόριον
3044 4897 3312 4974 γραφέντα
3362 4893 3435 4951 δι’
3490 4893 3685 4956 αἰδοῦς
3743 4896 3835 4949 καὶ

2186 4986 2475 5064 ἀποδοχῆς
2508 4988 2879 5062 ποιησαμένη,
2913 4989 2966 5044 ἐν
2997 4990 3080 5051 οἷς
3112 4988 3219 5063 οὐχ
3249 4988 3384 5058 ἅπαξ
3429 4984 3577 5042 ἀλλὰ
3618 4985 3713 5041 καὶ
3754 4983 3838 5047 δὶς

2184 5078 2276 5133 καὶ
2334 5077 2580 5154 τετράκις
2636 5080 2672 5148 ἡ
2729 5079 2846 5133 καθ’
2906 5076 3194 5133 ὑπόστασιν
3252 5076 3452 5138 ’ἐνωσις
3508 5078 3607 5129 τοῦ
3659 5075 3835 5149 Λόγου

429 5166 734 5238 περιφανῶς
798 5161 1145 5236 ἐκηρύττετο,
1203 5162 1270 5217 τὰ
1322 5166 1429 5217 τῶν
1486 5162 1771 5239 αἱρετικῶν
1811 5163 2107 5244 ἐμφράττει
2165 5167 2432 5241 στόματα,
2493 5171 2575 5233 οἷς
2644 5168 2814 5237 αὐτὴν
2874 5165 2934 5221 οὐ
2980 5171 3191 5243 φρονεῖν
3240 5163 3367 5220 οὐδὲ
3412 5165 3515 5233 τήν
3547 5165 3669 5219 καθ’
3701 5164 3841 5219 ὑπό-

432 5267 611 5303 στασιν
674 5246 859 5307 ἕνωσιν
927 5251 1349 5311 συνεπλάσαοτο.
1416 5253 1523 5309 Καὶ
1590 5251 1780 5317 ἁπλῶς
1846 5252 1947 5309 ὃσα
2020 5254 2077 5310 ἂν
2147 5255 2419 5313 αἰτιᾶσθαι
2487 5259 2539 5313 οἱ
2622 5255 2917 5333 Ἀκέφαλοι
2982 5256 3076 5312 τὸν
3149 5255 3448 5327 θαυμάσιον
3517 5253 3831 5327 ἱπήρθησαν

432 5336 630 5392 Λέοντα
693 5342 783 5395 καὶ
849 5343 947 5414 τήν
990 5341 1042 5395 ἐν
1100 5340 1425 5420 Καλχηδόνι
1496 5346 1615 5418 [401
1683 5346 1774 5420 Η.]
1842 5344 1995 5422 ἁγίαν
2062 5348 2327 5425 τετάρτην
2375 5345 2621 5419 σύνοδον,
2673 5348 2922 5422 συντόμῳ
2969 5343 3122 5422 λόγῳ
3179 5348 3273 5400 τοῦ
3321 5343 3650 5419 αἷτιάματος
3702 5341 3842 5398 ἀπο-

1784 5502 2019 5559 VARle
2070 5503 2477 5563 LECTIONES.

503 5642 547 5676 δ’
580 5660 635 5695 τε

430 5715 497 5786 na
528 5717 593 5773 A.
673 5708 717 5751 δῖ’
745 5708 876 5773 τοὺς
910 5716 1043 5771 add.
1078 5720 1139 5773 Α.
1165 5708 1187 5720 ’

676 5642 758 5725 ς’.
818 5640 883 5725 ’³³
918 5641 1117 5725 ὑπόντα
1307 5647 1352 5684 ³³
1380 5641 1753 5723 προϐάλλεται
1945 5650 1989 5686 ³⁴
2018 5648 2316 5723 ἐξοπλίζων
2504 5652 2551 5689 ³⁵
2586 5648 2841 5724 οὐδεμίαν
3030 5649 3079 5685 ³⁶
3108 5644 3421 5717 Χαλκηδόνι
3638 5648 3685 5684 ³⁷
3736 5645 3841 5703 αὐ-
