4138 6228
288 421 410 484 953

1353 421 1900 486 BlBLlOTHECA.
1943 453 2022 470 —
2063 424 2238 486 COD.
2282 426 2620 490 CCXXVII.

3579 435 3700 496 934

293 554 465 623 λύων,
532 550 946 629 ἆναντιρῥήτοις
1013 553 1274 633 ἐλέγχοις
1338 554 1464 617 τοὺς
1515 554 1850 630 ἐπηρεαστὰς
1907 557 2256 637 καταισχύνει
2320 560 2410 615 καὶ
2453 558 2684 618 δείκνυσι
2749 563 2960 635 μᾶλλον
3013 563 3205 628 αὐτοὺς
3255 567 3371 620 καθ’
3412 567 3615 624 ἑαυτῶν
3657 569 3694 642 ἥ

289 647 408 700 καθ’
441 644 516 698 ὧν
545 643 910 719 παρετάξαντο
939 644 1028 698 καὶ
1057 644 1196 700 κατά
1223 648 1330 699 τῶν
1360 644 1529 720 ἁγίων
1567 647 1728 719 ἡμων
1759 645 2014 720 Πατέρων
2045 648 2080 717 ἢ
2120 649 2236 703 καθ’
2268 651 2426 723 ἡμῶν
2459 651 2712 724 πόλεμον
2744 648 2993 728 ἔχοντας.

359 734 534 796 Οὗτος
565 730 613 786 δ’
639 732 668 788 ὁ
699 730 963 820 ἐνηὰγίοις
1001 731 1273 808 Εὐλόγιος
1301 729 1668 808 πρεσϐυτέρου
1725 736 1931 810 βαθμὸν

2117 741 2394 796 Caeterum
2445 740 2540 796 hic
2569 742 2849 816 Eulogius
2900 743 3038 800 olim
3085 745 3392 802 sacerdotii
3438 749 3688 820 gradum

291 823 345 878 ἐν
391 822 704 895 Ἀντιοχείᾳ
749 818 876 896 ἔσχε
911 821 974 876 τὸ
1004 820 1290 896 πρότερον,
1320 822 1411 878 καὶ
1447 826 1620 896 μονῆς
1685 825 1934 900 ἡγήσατο

291 914 388 980 τῆς
430 911 695 985 παναγίας
746 911 1014 966 Θεοτόκου
1056 917 1154 980 τῆς
1203 909 1506 986 λεγομένης
1554 915 1664 968 τῶν
1709 914 1935 968 Ἰουστι-

291 1003 498 1058 νιανοῦ.
562 994 904 1056 Κατεϐἀλετο
953 997 1010 1054 δὲ
1054 1001 1144 1054 καὶ
1197 1000 1380 1074 ἑτέρας
1429 1000 1528 1056 οὐκ
1556 999 1765 1076 ἀγενεῖς
1795 1021 1936 1074 πρα-

289 1091 572 1166 γματείας.
632 1091 888 1164 Ὕστερον
957 1089 1139 1162 μέντοι
1196 1090 1285 1144 καὶ
1341 1096 1442 1160 τῆς

292 1178 584 1256 ἀρχιερεύς
615 1177 1010 1253 ἐχρημάτισεν.

1035 1269 1196 1324 ΣΚΖ’.

631 1360 736 1413 Τοῦ
766 1356 930 1413 αὐτοῦ
961 1357 1369 1428 στηλιτευτικὸς
1411 1356 1596 1434 λόγος.

366 1447 712 1522 Ἀνεγνώσθη
782 1445 946 1522 λόγος
1003 1444 1410 1516 στηλιτευτικὸε
1484 1451 1582 1502 τοῦ
1647 1447 1812 1503 αὑτοῦ
1879 1445 1932 1502 ἐν

291 1536 470 1612 ἁγίοις
512 1533 706 1610 ἀνδρὸς
742 1535 878 1590 κατὰ
922 1542 1024 1605 τῆς
1070 1533 1441 1611 γεγενημένης
1489 1541 1606 1598 τοῖς
1647 1533 1933 1592 Θεοδοσια-

289 1629 405 1687 νοῖς
453 1645 512 1680 τε
554 1625 643 1679 καὶ
693 1622 964 1686 Γαϊνίταις
1012 1627 1128 1685 τοῖς
1177 1621 1363 1685 αὐτοῖς
1413 1621 1707 1700 ἀκεφάλοις
1757 1643 1934 1698 προσ-

287 1714 482 1788 καίρου
530 1710 792 1775 ἐνώσεως.
841 1713 1002 1767 Οὗτοι
1041 1714 1146 1788 γὰρ
1195 1709 1530 1786 διιστάμενοι
1569 1712 1704 1786 πρὸς
1749 1711 1933 1784 ἀλλή-

290 1802 421 1866 λους
467 1803 752 1880 πρότερον,
803 1801 1025 1878 ὕστερον
1072 1804 1148 1857 ὧν
1199 1801 1590 1876 ὑπερέθνησκον
1623 1801 1929 1878 δογμάτων,

285 1899 456 1949 ταῦτα
512 1891 805 1968 προδόντες
854 1891 1132 1964 ἀλλήλοις
1173 1894 1250 1958 εἷς
1305 1893 1570 1965 ἑνωτικήν
1625 1915 1747 1950 τινα
1793 1896 1928 1968 πρὸς

289 1981 479 2058 ὀλίγον
520 1983 568 2020 ³³
621 1977 866 2038 ἀσέϐειαν
927 1983 1322 2058 συνεχύθησαν,
1392 1981 1588 2038 ἐκεῖθεν
1650 1980 1707 2038 δὲ
1763 1982 1926 2039 πάλιν

1528 1087 1938 1165 Ἀλεξανδρείας

2043 827 2360 884 Antiochiae
2411 830 2613 888 habuit
2661 833 2926 904 primum,
2959 833 3254 905 aedemque
3304 836 3496 890 solum
3547 837 3696 894 rexit

2043 917 2428 973 sanctissima
2474 919 2730 994 Deiparaa
2763 937 2892 992 quae
2928 922 3266 980 Justiniana
3295 930 3692 997 nuncupatur.

2049 1007 2371 1078 Aggressus
2401 1011 2492 1063 est
2521 1013 2576 1063 et
2605 1009 2716 1064 alia
2748 1027 2862 1065 non
2893 1009 3175 1082 ignobilia
3205 1029 3417 1083 opera:
3451 1015 3690 1072 tandem

2047 1095 2224 1150 etiam
2255 1093 2612 1152 Alexandria:
2644 1098 2856 1170 praesul
2888 1101 3257 1158 renuntiatus
3286 1108 3392 1158 est.

2713 1267 3024 1326 CCXXVII.

2365 1357 2584 1428 Eulogii
2610 1358 2852 1428 eiusdem
2882 1360 3153 1418 invectiva
3183 1363 3379 1420 oratio.

2121 1445 2285 1500 Lecta
2315 1451 2404 1502 est
2435 1447 2714 1502 invectiva
2745 1448 3004 1518 ejusdem
3038 1455 3238 1506 contra
3271 1452 3552 1509 unitatem
3587 1471 3691 1510 su-

2044 1532 2168 1589 bito
2199 1538 2452 1592 exortam
2508 1536 2659 1592 inter
2704 1537 3160 1608 Tbeodosianos,
3195 1544 3251 1596 et
3275 1541 3530 1598 Cainitas
3563 1560 3692 1600 ace-

2046 1621 2272 1692 phalos.
2297 1625 2362 1678 Hi
2388 1623 2543 1680 enim
2577 1625 2830 1695 primum
2862 1625 3016 1682 inter
3037 1644 3098 1684 se
3121 1644 3252 1684 cum
3277 1629 3686 1699 dissediseent,

2043 1713 2414 1782 postmodum
2439 1729 2504 1770 ea
2526 1731 2650 1786 quae
2671 1716 2740 1770 ad
2774 1732 2974 1772 necem
3006 1717 3390 1774 defendebant
3419 1719 3686 1792 dogmata

2040 1798 2286 1858 invicem
2322 1803 2637 1872 tradentes,
2659 1803 2720 1860 in
2753 1821 2952 1870 unam,
2979 1805 3082 1862 sed
3112 1807 3341 1862 brevem
3371 1809 3685 1879 quamdam

2041 1888 2452 1961 conspirarunt
2499 1891 2882 1963 impietatem.
2935 1894 3072 1950 Inde
3117 1894 3326 1950 iterum
3377 1896 3576 1953 refusa
3627 1899 3686 1954 in

2039 1976 2290 2048 priorem
2323 1977 2683 2049 impietatem
2715 1997 2852 2052 pars
2889 1985 3156 2053 utraque,
3183 1984 3584 2042 discesserunt
3612 1988 3684 2043 ad

287 2072 638 2151 ἇναχυθέντες
697 2071 772 2134 εἰς
837 2072 936 2140 τὴν
995 2071 1258 2147 προτέραν
1313 2066 1558 2126 ἀσέϐειαν
1610 2071 1762 2146 μερὶς
1807 2073 1930 2127 έκαο

2044 2081 2135 2122 eas
2168 2082 2234 2122 ex
2264 2067 2480 2137 quibus
2511 2067 2570 2124 in
2603 2085 2789 2126 unum
2839 2069 3196 2141 coaluerant,
3229 2073 3554 2144 opiniones.
3588 2075 3692 2132 Os-

286 2161 438 2236 τέρα,
499 2161 548 2231 ἐξ
609 2162 680 2214 ὧν
772 2160 1163 2238 συνεφόρησαν,
1241 2158 1592 2236 διῃρέθησαν.
1679 2159 1932 2238 Ἐλέγχει

285 2249 468 2306 τοίνυν
499 2248 550 2305 έν
581 2247 724 2323 τῷδε
751 2254 828 2322 τῷ
859 2245 1194 2325 βιϐλιδαρίῳ
1230 2251 1330 2319 τὴν
1377 2245 1684 2305 δυσσέϐειαν
1731 2249 1930 2318 αὐτῶν,

287 2339 382 2395 καὶ
437 2337 701 2394 δείκνυσιν
763 2337 952 2414 ὅτιπερ
1000 2339 1111 2414 οὐχ
1158 2339 1232 2401 ὡς
1281 2336 1503 2400 ἐκείνοις
1553 2333 1728 2408 ἔδοξεν
1781 2338 1930 2394 οἷκο-

287 2428 486 2501 νομίαν
554 2429 600 2466 ⁴⁰
659 2428 844 2492 αὐτοῖς
884 2430 920 2498 ἡ
966 2425 1152 2488 ἔνωσις
1201 2427 1568 2503 ἐξειργάσατο,
1617 2426 1744 2484 ἀλλ’
1795 2427 1934 2498 ὅλης

286 2517 466 2574 αὐτῶν
519 2521 622 2583 τῆς
667 2517 901 2579 πίστεως
957 2513 1252 2592 προδοσίαν
1311 2514 1664 2590 ἐμεθώδευσε.
1727 2521 1934 2590 Διαιρεῖ

288 2603 344 2662 δὶ
384 2605 477 2661 καὶ
527 2605 592 2660 τὸ
643 2613 744 2676 τῆς
795 2605 1113 2680 οἰκονομίας
1161 2603 1330 2674 εἶδος,
1380 2607 1512 2681 ’ὅπερ
1559 2607 1594 2676 ἡ
1643 2609 1741 2661 τοῦ
1798 2609 1931 2662 Θεοῦ

287 2693 432 2750 οἶδεν
486 2693 806 2765 Ἐκκλησία,
855 2695 998 2770 τρισὶ
1045 2693 1352 2770 διαφοραῖς,
1400 2696 1490 2749 καὶ
1537 2696 1612 2759 ὡς
1662 2696 1797 2750 κατὲι
1828 2718 1932 2769 μη-

285 2782 478 2859 δεμίαν
524 2789 632 2840 τῶν
688 2789 853 2859 τριῶν
901 2783 1184 2860 προῆλθον
1235 2785 1424 2846 αὐτοῖς
1466 2785 1544 2847 εἷς
1589 2785 1688 2854 τὴν
1719 2805 1926 2859 συμπε-

283 2876 568 2954 φυρμένην
637 2871 904 2945 ἀσέϐειαν,
963 2882 1202 2931 ποιεῖται
1255 2876 1346 2931 τὸν
1407 2873 1660 2950 ἔλεγχον,
1713 2876 1766 2930 αἱ
1819 2879 1928 2931 τῶν

279 2965 532 3042 ἀκράτων
601 2965 788 3027 αὐτοῖς
865 2959 1292 3038 δυσσεϐημάτων
1362 2963 1590 3020 σπονδαὶ
1647 2966 1716 3033 ⁴¹,
1803 2963 1929 3021 ἀλλ’

275 3057 380 3128 (ὡς
435 3049 670 3132 ἔφημεν)
727 3061 825 3124 τῆς
884 3053 1020 3125 ὅλης
1088 3054 1264 3109 αὐτῶν
1341 3054 1631 3127 θρησκείας
1708 3053 1930 3124 ἑκατέρα

279 3143 442 3218 μερὲς
474 3142 560 3198 ἐπ’
589 3142 946 3215 ὀνόματιτῆς
996 3143 1240 3205 ἑνώσεως
1287 3141 1582 3217 προδοσίαν
1631 3144 1721 3198 καὶ
1778 3143 1930 3218 ἑξάρ-

275 3253 440 3300 νησιν
493 3229 834 3307 διεπράξατο.
887 3233 990 3288 Καὶ
1042 3236 1264 3308 πρῶτον
1314 3232 1406 3307 μέν
1456 3254 1618 3312 φησιν
1665 3233 1740 3294 ὡς
1774 3233 1930 3302 ὁτῆς

276 3321 604 3394 οἰκονομίας
660 3319 825 3397 λόγος
880 3319 942 3377 οὒ
999 3322 1066 3376 τὰ
1119 3323 1360 3397 τυχόντα
1423 3327 1531 3377 τῶν
1618 3322 1926 3396 προσώπων

273 3410 528 3474 ἐπόπτας
575 3409 664 3466 καὶ
717 3407 1000 3482 διαιτητὰς
1049 3412 1256 3481 καθίζει
1303 3417 1404 3481 τῆς
1457 3411 1724 3486 πράξεως,
1785 3409 1930 3466 αλλὰ

275 3502 416 3562 τοὺς
477 3500 750 3574 ὑπηρέτας
812 3501 1048 3576 Χριστοῦ
1112 3500 1202 3555 καὶ
1269 3499 1598 3574 οἰκονόμους
1663 3505 1772 3556 τῶν
1837 3503 1934 3554 τοῦ

277 3595 424 3649 Θεοῦ
478 3590 814 3665 μυστηρίων,
862 3591 955 3647 καὶ
999 3593 1086 3654 οἷς
1141 3595 1250 3647 τῶν
1295 3592 1698 3667 ἀρχιερατικῶν
1727 3589 1932 3662 θρόνων

273 3684 326 3738 οἱ
369 3684 540 3756 νόμοι
577 3681 1094 3754 κατεπιστεόθησαν,
1146 3684 1276 3756 [772
1316 3683 1407 3754 IL]
1461 3683 1532 3736 ὧν
1573 3684 1610 3752 ἡ
1661 3679 1929 3757 λεγομένη

267 3777 394 3828 τῶν
427 3770 806 3828 Γαῖνιτῶνκαῖ
851 3769 1220 3828 Θεοδοσιανῶν
1269 3769 1456 3834 ἔνωσις
1505 3768 1696 3826 οὐδένα
1744 3769 1936 3845 ἐγίνωσ-

277 3883 434 3920 σκεν.
483 3862 712 3918 Ἔπειτα
751 3859 810 3916 δὲ
857 3862 981 3916 τότε
1027 3861 1124 3923 τὰς
1170 3859 1486 3932 οἰκονομίας
1518 3860 1546 3914 ὁ
1579 3859 1738 3934 ὀρθὸς
1767 3857 1936 3932 λόγος

273 3951 748 4026 μεταχειρίζεται,
809 3947 898 4006 ὅτε
953 3952 1016 4007 τὸ
1075 3947 1256 4026 δόγμα
1312 3956 1413 4018 τῆς
1463 3945 1737 4011 εὐσεϐείας
1779 3945 1934 4004 οὐδέν

269 4035 740 4116 παραϐλάπτεται
789 4059 803 4076 -

266 4129 482 4186 λεῦτου
535 4133 808 4202 μένοντος,
863 4131 899 4198 ἡ
939 4129 1230 4202 οἰκονομία
1272 4128 1396 4202 περί
1470 4148 1524 4182 τι
1577 4131 1686 4182 τῶν
1745 4122 1934 4196 ἔξωθεν

265 4220 450 4274 αὐτοῦ
505 4219 695 4294 χώραν
750 4217 981 4293 εὑρίσκει
1033 4218 1081 4255 ⁴²
1137 4217 1496 4274 συνίστασθαι.
1547 4213 1828 4277 Πολλάκις
1879 4213 1936 4270 δέ

263 4328 358 4370 τις
393 4307 490 4362 καὶ
521 4307 854 4383 πρόσκαιρος
887 4306 1184 4382 οἰκονομία
1205 4304 1554 4384 προελήλυθε
1582 4305 1718 4380 πρὸς
1752 4302 1936 4380 βραχύ

265 4417 322 4452 τι
391 4399 506 4450 τῶν
557 4395 660 4450 οὐκ
708 4393 1040 4473 ὀφειλόντων
1085 4393 1440 4474 ἀνασχομένη
1499 4389 1588 4450 καὶ
1639 4393 1860 4464 στέξασα
1889 4391 1936 4428 ⁴³

263 4485 362 4542 ἐπὶ
399 4489 486 4557 τῷ
513 4487 560 4523 ⁴⁵
593 4482 836 4556 διηνεκὲς
871 4485 968 4559 μὲν
1013 4485 1102 4540 καὶ
1159 4484 1462 4556 ἆκλόνητον
1512 4485 1613 4553 τήν
1661 4477 1934 4538 εὐσέϐειαν

261 4569 582 4631 ἀπολαϐεῖν
640 4575 702 4629 τὸ
755 4575 977 4649 κράτος,
1037 4573 1334 4630 ὐπεκλῦσαι
1393 4571 1450 4628 δὲ
1517 4573 1608 4628 καὶ
1666 4573 1761 4634 τὰς
1823 4576 1934 4628 τῶν

257 4663 708 4740 πευωροῦντων
757 4664 890 4720 κατὰ
928 4670 1028 4734 τῆς
1075 4661 1336 4734 ἀληθείας
1382 4663 1578 4737 ὁρμὰς,
1622 4663 1678 4716 αἳ
1727 4657 1936 4717 πολλαὶ
1963 4701 2010 4766 D

259 4756 583 4834 φερόμεναι
637 4755 708 4826 τῇ
757 4752 902 4830 ῥύμῃ
957 4751 1094 4829 μέγα
1149 4753 1194 4788 ⁴⁵
1248 4771 1302 4806 τι
1358 4751 1521 4806 κακὸν
1579 4749 1925 4826 ἐργάσασθαι,

261 4847 350 4920 μή
389 4842 539 4917 πρὸς
587 4841 768 4918 βραχύ
809 4863 862 4898 τι
899 4848 1007 4898 τῶν
1055 4842 1156 4912 τήν
1199 4838 1524 4911 Ἐκκλησίαν
1569 4839 1931 4914 οἷκονομοόν-

253 4955 382 4990 των
423 4928 846 5004 ὑπενδιδόντων,
887 4937 1152 5007 παρεῖχον
1195 4932 1258 4986 τὸ
1296 4925 1694 5008 ἂναμιρίϐολον.
1746 4927 1930 4992 Οὕτως

341 5065 362 5100 ί
405 5061 568 5119 Psal.
598 5077 756 5130 τινι,
789 5061 840 5117 1.
873 5059 895 5096 ²
928 5059 1100 5118 Eccli.
1131 5077 1245 5132 xu,
1277 5060 1366 5116 l3.

853 4037 1062 4096 ἐκείνου
1109 4040 1212 4116 γὰρ
1255 4037 1528 4110 ἀκηράτου
1576 4038 1664 4092 καὶ
1726 4037 1939 4108 ἀκαπη-

2043 2155 2224 2210 tendit
2252 2155 2430 2227 igitur
2459 2158 2614 2229 quod
2647 2175 2762 2216 non
2786 2162 2853 2214 ut
2873 2159 2989 2215 illis
3020 2160 3210 2217 visum
3238 2165 3346 2230 est,
3366 2162 3508 2234 ipsis
3540 2179 3688 2220 (sco-

2043 2243 2300 2300 nomiam
2331 2245 2452 2316 (66)
2491 2262 2596 2301 sua
2645 2247 2842 2304 unitas
2899 2257 3134 2318 operata
3182 2253 3306 2308 est:
3339 2251 3441 2307 sed
3491 2251 3688 2322 potius

2043 2331 2176 2388 ﬁdei
2207 2332 2440 2390 illorum
2478 2335 2859 2407 proditionem
2891 2336 3175 2410 integram
3209 2339 3552 2413 propalavit.
3587 2341 3685 2397 Di-

2039 2420 2181 2477 vidit
2228 2427 2424 2479 autem
2474 2427 2809 2482 mconomiae
2859 2427 3134 2498 speciem,
3167 2445 3344 2499 quam
3377 2429 3479 2486 Dei
3527 2429 3686 2486 novit

2039 2510 2298 2567 Ecclesia
2339 2513 2472 2584 (67),
2524 2513 2712 2570 tribus
2759 2514 3142 2571 differentiis:
3189 2517 3502 2588 arguitque
3549 2534 3690 2572 con-

2042 2605 2128 2656 tra
2156 2601 2628 2672 conduplicatam
2659 2619 2860 2658 eorum
2889 2603 3270 2674 impietatem,
3295 2606 3450 2676 quod
3484 2621 3690 2662 secun-

2041 2689 2178 2745 dum
2203 2687 2424 2744 nullam
2445 2690 2622 2746 trium
2643 2691 2881 2748 illarum
2897 2693 3432 2764 procederentinita
3449 2693 3520 2750 ab
3543 2693 3691 2765 ipsis

2041 2777 2396 2833 immortalia
2451 2779 2770 2851 impietatis
2825 2781 3077 2838 foedera:
3121 2782 3222 2837 sed
3285 2786 3350 2838 ut
3407 2782 3682 2853 diximus,

2041 2867 2326 2924 universa;
2355 2883 2560 2925 eorum
2609 2868 2908 2941 religionis
2956 2874 3199 2941 utraque
3241 2886 3412 2943 pars;
3447 2871 3685 2928 nomine

2041 2957 2286 3013 unitatis
2337 2958 2724 3030 proditionem
2777 2961 3263 3034 negationemque
3309 2962 3682 3034 perpetravit.

2039 3049 2110 3102 Et
2155 3047 2344 3118 primo
2393 3049 2633 3121 quidem
2665 3050 2746 3106 ait
2777 3051 2930 3122 quod
2989 3051 3324 3107 mconomiat
3373 3052 3518 3108 ratio
3566 3070 3684 3110 non

2038 3137 2238 3194 obvios
2258 3153 2514 3208 quosque
2541 3137 2622 3193 rei
2646 3139 3036 3210 speculatores
3057 3144 3114 3194 et
3135 3139 3384 3197 arbitros
3404 3141 3686 3210 admittit,

2040 3226 2140 3282 sed
2167 3225 2380 3283 Christi
2407 3226 2712 3282 ministros
2733 3231 2910 3298 atque
2931 3228 3362 3300 dispensatores
3393 3232 3692 3302 mysterio-

2043 3333 2172 3372 rum
2207 3317 2306 3373 Dei
2340 3321 2398 3372 et
2427 3317 2638 3388 quibus
2670 3318 3094 3390 pontiﬁcalium
3137 3319 3480 3377 thronorum
3532 3321 3688 3392 leges

1961 3371 2002 3438 ο
2042 3371 3096 3478 οτθάίάεθτυηιῖυοςὲι’ίιῖιᾷε“]ιέὲιῖάὲῖιὲῌ
3125 3371 3370 3466 eam;
3389 3371 3480 3466 ἷιέ
3509 3371 3691 3466 ὦζὲᾶ

2046 3495 2308 3552 dosianis
2339 3495 2530 3551 unitas
2559 3495 2850 3552 neminem
2881 3497 3132 3567 agnovit.
3161 3498 3312 3554 Sane
3341 3513 3410 3554 ex
3438 3503 3578 3554 tunc
3609 3500 3690 3555 di-

2045 3590 2206 3642 recta
2253 3585 2324 3640 de
2373 3584 2504 3657 ipsa
2549 3585 2950 3642 incarnatione
2992 3587 3174 3642 oratio
3222 3586 3556 3656 inchoatur,
3586 3588 3691 3644 ubi

2038 3674 2162 3744 jam
2194 3675 2408 3747 dogma
2455 3675 2690 3746 pietatis
2721 3691 2836 3732 non
2871 3674 3120 3730 laeditur.
3155 3675 3258 3732 lllo
3287 3675 3446 3732 enim
3497 3677 3688 3732 incor-

2043 3767 2214 3835 rupto
2237 3779 2302 3819 ac
2325 3763 2550 3820 sincero
2582 3769 2984 3835 permanente,
3007 3763 3326 3820 incarnatio
3358 3780 3474 3819 non
3507 3767 3693 3835 potest

2043 3855 2197 3907 circa
2227 3852 2450 3924 aliquid
2482 3859 2808 3918 externum,
2841 3852 3028 3908 eidem
3060 3853 3116 3908 in
3150 3869 3265 3923 quo
3298 3853 3466 3907 sistat
3496 3851 3688 3910 locum

2045 3941 2320 4011 reperire.
2343 3941 2760 4013 Saepenumero
2780 3941 2935 3997 enim
2958 3941 3156 4014 aliqua
3177 3941 3528 4011 temporaria
3548 3955 3694 3996 (Pco-

2046 4029 2243 4088 nomia
2282 4029 2353 4085 ad
2385 4029 2556 4085 breve
2585 4035 2811 4100 tempus
2841 4029 3057 4102 prodiit
3086 4029 3308 4102 aliquid
3359 4029 3688 4086 indebitum

2043 4117 2300 4176 tolerans
2329 4121 2386 4174 et
2417 4117 2798 4188 amplectens,
2829 4126 2894 4171 ut
2921 4116 3260 4172 continuum
3292 4119 3349 4171 et
3378 4115 3690 4170 inconcus—

2044 4225 2178 4266 sum
2231 4209 2407 4265 robur
2464 4207 2652 4280 pietas
2706 4205 3008 4280 acciperet,
3064 4212 3120 4264 et
3166 4206 3238 4262 ad
3287 4204 3687 4262 dissolvendos

2045 4302 2235 4358 24-ιὸ
2264 4314 2464 4356 eorum
2509 4298 2611 4370 qui
2657 4299 2888 4356 veritati
2934 4297 3366 4354 insidiabantur
3395 4294 3688 4352 insullus:

2045 4390 2144 4464 qui
2177 4389 2416 4463 quidem
2448 4405 2718 4462 magnam
2750 4387 2969 4444 illaturi
3003 4386 3318 4460 perniciem
3343 4387 3458 4444 lata
3485 4401 3690 4444 omnes

2043 4481 2136 4538 via
2171 4485 2618 4553 prorumpentes
2659 4479 2824 4549 (dum
2875 4477 3104 4534 interim
3138 4475 3404 4532 Ecclesiae
3441 4479 3691 4532 rectores

2045 4572 2116 4628 de
2171 4573 2443 4627 accurata
2501 4568 2740 4625 veritate
2797 4565 2944 4624 nihil
2993 4566 3308 4638 quidquam
3362 4564 3690 4638 remittunt)

2043 4677 2166 4719 rem
2197 4665 2378 4718 totam
2409 4661 2628 4734 absque
2657 4659 3046 4716 controversia
3065 4657 3402 4715 elt‘ecerunt.
3424 4658 3518 4714 Sic
3543 4657 3690 4713 Pau-

2041 4751 2132 4807 lus
2163 4755 2398 4823 propter
2429 4749 2789 4806 inevitabiles
2815 4747 3152 4803 Judasorum
3195 4745 3441 4802 insidias
3471 4753 3526 4802 et
3555 4761 3688 4816 pro-

2039 4849 2164 4912 pter
2183 4839 2522 4896 det'ectionis
2543 4837 2879 4895 occasiones
2900 4834 3274 4891 Timotheum
3301 4832 3693 4890 circumcidit.

2041 4930 2343 4998 Tondetur
2369 4933 2426 4985 et
2454 4927 2582 5001 ipse
2615 4931 2808 4999 caput,
2828 4930 2884 4982 et
2915 4925 3274 4998 puriﬁcatur,
3299 4923 3436 4996 quid
3471 4923 3542 4980 ad
3572 4925 3694 4977 Ga-

1646 5175 1888 5232 VARUE
1931 5172 2332 5230 LECTIONES.

337 5273 394 5310 ³ο
429 5271 570 5344 πρὸς
601 5267 789 5344 ὀλίγον
820 5285 970 5344 cprr.
1001 5269 1042 5324 Α
1089 5284 1102 5324 :
1145 5266 1251 5344 πρὸ
1286 5265 1607 5344 ὀλίγων-ς’,
1672 5262 2085 5344 ﬁnitio-{optas}
2112 5263 2191 5344 _ct'.
2225 5261 2378 5344 Elias
2401 5260 2654 5344 Veielius
2685 5259 2956 5344 delarii‘s
2987 5257 3318 5344 oecpnornire
3359 5273 3540 5344 sacrae
3587 5273 3686 5344 ge-

252 5335 552 5402 neribus.
629 5345 670 5379 ⁴¹
706 5335 928 5395 σπονδαὶ
971 5335 1198 5412 corr._A'
1237 5357 1250 5394 :
1285 5335 1512 5412 σπουδαὶ
1530 5335 1629 5412 ’ςῇ

1705 5337 1752 5373 η
1779 5329 2038 5410 εὑὲίὲτλει]
2069 5329 2178 5410 δῦχ
2207 5331 2439 5409 εὑρίσκει
2471 5349 2531 5390 Γο
2573 5337 2612 5387 Α
2663 5337 2720 5389 et
2909 5331 2954 5367 ‘3
2998 5331 3087 5386 καὶ
3134 5329 3356 5400 στέξασα
3408 5335 3450 5384 Α
3482 5346 3493 5384 :
3531 5329 3686 5402 στέρ-

250 5417 408 5490 ξασα
608 5415 656 5449 “
685 5417 764 5485 τῷ
791 5414 1052 5486 Scaliger
1083 5430 1096 5470 :
1132 5409 1264 5468 libri
1289 5411 1374 5467 τό.
1451 5410 1500 5445 *⁵
1532 5407 1688 5484 μέγα]
1717 5409 1809 5463 καὶ
2011 5407 2081 5466 Ᾰ.

1887 5507 2097 5566 NOT/E

503 5601 962 5661 lncarnationem
984 5617 1066 5660 sc.
1091 5601 1200 5658 hoc
1221 5599 1368 5671 loco,
1391 5597 1812 5657 incarnationis
1837 5615 1932 5657 ex-

245 5683 657 5755 Ροεὲὲὶοξιθω·
810 5747 842 5755 .-
1030 5745 1071 5755 -.
1116 5743 1129 5755 .
1327 5742 1382 5755 ..
1423 5741 1464 5755 ..

325 5746 468 5822 (67)
488 5745 668 5811 Quam
691 5747 852 5806 novit
870 5763 998 5806 esse
1015 5743 1198 5804 divini
1217 5742 1386 5804 Verbi
1407 5742 1928 5816 dispensationem,

2040 5613 2154 5669 qua
2185 5611 2300 5669 una
2329 5608 2468 5669 v_oce
2497 5593 3012 5669 comprehenditur
3038 5591 3303 5669 ejusdem
3332 5588 3508 5669 Verbi
3549 5605 3682 5669 per-

2041 5661 2262 5726 onalis
2291 5663 2495 5722 missio
2526 5661 3002 5735 seu‘incarnatio,
3034 5661 3090 5722 et
3121 5661 3460 5721 doctrinalis
3490 5661 3680 5734 ipsius

2039 5735 2374 5799 distributio
2405 5741 2580 5809 atque
2610 5737 3060 5796 administratio.
