4154 6218
456 400 575 461 955

1657 392 1924 455 ΡΗΟἸῚΙ
1970 387 2500 451 ΡΑΤΒΙΑΗῧΗιΕ
2543 387 2661 448 GP.

3749 385 3887 443 956

461 540 608 594 latas
640 536 901 592 scribens
926 552 939 590 :
968 535 1106 589 Ecce
1135 548 1234 601 ego
1264 532 1475 587 Paulus
1504 530 1626 585 dico
1656 528 1824 599 vobis,
1846 528 2106 599 quoniam

2228 540 2257 592 6
2310 536 2527 599 Παῦλος
2588 534 2676 591 διὰ
2731 539 2824 597 τὰς
2880 539 2986 592 τῶν
3035 533 3313 593 Ἰουδαίων
3375 534 3705 595 ἀκαθίκτους
3757 532 3884 588 ἐπι-

462 630 516 682 .ςὶ
542 625 1043 689 circumcidamini,
1095 623 1342 678 Christus
1388 622 1541 677 vobis
1587 619 1737 675 nihil
1782 618 2028 691 proderit
2061 635 2112 690 ᾳ.

467 718 575 772 Sed
626 714 777 768 hanc
829 712 1269 785 praeceptionem
1328 712 1397 766 ad
1459 711 1631 766 breve
1689 716 1918 781 tempus
1976 726 2115 765 con-

461 802 672 867 stituit,
698 802 1193 873 quemadmodum
1218 805 1274 856 et
1304 799 1763 871 experimentum
1798 800 1982 854 docet.
2011 799 2117 855 Per

460 892 654 950 omnia
686 890 841 947 enim
872 896 929 947 et
960 894 1234 963 perpetuo
1277 888 1531 946 Ecclesia
1579 888 1896 945 seditiones
1946 890 2110 959 vitat,

461 990 515 1038 et
543 981 935 1053 integritatem
971 985 1156 1036 curat.

2226 622 2431 691 ϐουλάς
2510 627 2599 682 καὶ
2667 628 2765 687 τὰς
2822 628 2961 701 πρὸς
3024 629 3124 695 τήν
3192 626 3519 680 ἀποστασίαν
3577 625 3881 699 προφάσεις

2225 717 2533 792 περιτέμνει
2584 718 2675 789 μὲν
2729 718 2820 771 τὸν
2879 716 3163 789 Τιμόθεον,
3216 718 3433 788 ξυρᾶται
3484 712 3542 768 δὲ
3577 714 3669 768 καὶ
3712 713 3882 774 αὐτὸς

2224 808 2324 874 τήν
2381 806 2624 883 κεφαλὴν
2684 808 2775 861 καὶ
2824 807 3125 879 ἀγνίζεται,
3177 806 3206 860 6
3253 804 3387 877 πρὸς
3444 804 3689 865 Γαλάτας
3740 803 3882 877 γρά·

2225 917 2361 971 φων.
2429 894 2539 951 Ἴδε
2593 896 2703 970 ἐγὼ
2767 894 2985 956 Παῦλος
3047 894 3195 971 λέγω
3257 895 3383 967 ὑμῖν
3444 892 3549 959 ὅτι,
3610 893 3672 947 ἂν
3717 912 3883 965 περι-

2222 986 2510 1057 τέμνησθε,
2586 984 2827 1054 Χριστὸς
2911 984 3050 1056 ὑμᾶς
3109 980 3262 1037 οὐδὲν
3344 980 3639 1061 ὠφελήσει.
3702 980 3883 1035 Ἀλλά

461 1068 661 1139 ταύτην
737 1070 829 1141 μὲν
898 1070 999 1137 τήν
1066 1066 1379 1139 οἰκονομίαν
1441 1066 1651 1141 βραχύς
1704 1088 1787 1129 τις
1845 1070 2049 1145 χρόνος
2107 1071 2407 1143 ἐπίσταται,
2462 1073 2597 1129 καθα
2627 1075 2674 1107 ⁴⁴ί
2728 1076 2857 1147 [402
2906 1075 3000 1145 Ην]
3052 1069 3291 1127 διδάσκει
3349 1073 3440 1126 καὶ
3489 1071 3551 1125 τὸ
3609 1068 3881 1145 παράδει-

458 1181 573 1237 γμα
607 1179 619 1193 ’
655 1157 744 1214 διὰ
772 1162 968 1222 παντὸς
1001 1158 1055 1214 δὲ
1086 1161 1173 1213 καὶ
1207 1158 1368 1213 εἰσαεὶ
1401 1162 1434 1228 ἡ
1478 1158 1773 1229 Ἐκκλησία
1803 1160 1864 1213 τὸ
1897 1160 2253 1217 ἀστασίαστον
2291 1164 2589 1237 μεθοδεύει,
2627 1165 2714 1219 καὶ
2755 1163 3087 1239 ὁλόκληρον.

531 1251 729 1307 Altera
758 1269 890 1307 vero
922 1251 1363 1322 gubernationis
1411 1250 1597 1305 forma
1628 1250 1684 1304 in
1716 1252 1907 1307 verbis
1955 1254 2109 1323 capit

458 1341 1067 1404 firmitatem.0uando
1090 1340 1245 1395 enim
1266 1339 1532 1395 Ecclesia?
1557 1340 1931 1409 dogmatibus
1955 1346 2109 1397 recte

456 1433 645 1500 factis,
678 1435 735 1487 et
765 1446 860 1501 per
893 1429 1034 1485 alias
1064 1446 1231 1486 voces
1281 1428 1544 1485 scandali
1594 1431 1932 1499 expertibus
1979 1447 2107 1501 pro-

460 1520 766 1591 mulgatas,
800 1520 1037 1575 tametsi
1086 1536 1201 1575 non
1249 1519 1395 1574 bene
1424 1519 1562 1575 dicti
1596 1520 1741 1573 fiunt
1772 1524 2106 1589 prmtextus,

457 1610 636 1667 taceri
673 1609 796 1666 haec
837 1609 1139 1679 contingit.
1168 1608 1275 1675 Qui
1318 1625 1450 1663 vero
1483 1624 1783 1663 sermones
1816 1625 1951 1664 suos
1984 1610 2107 1664 dis-

462 1702 625 1771 ponit
654 1700 954 1771 injudicio
981 1708 1035 1754 et
1057 1699 1311 1763 silentio.
1336 1715 1540 1755 sonum
1576 1700 1833 1770 priorum
1869 1702 2107 1772 dogma-

459 1796 585 1847 tum
611 1806 714 1861 per
739 1804 971 1844 omnem
996 1793 1209 1844 terram
1235 1788 1424 1843 audiri
1454 1788 1606 1843 facit.
1632 1788 1886 1851 Qualiter
1906 1790 2110 1846 fecisse

458 1895 735 1950 magnum
751 1878 1133 1933 Athanasium
1152 1878 1459 1949 Gregorius
1474 1882 1858 1949 cognomento
1871 1879 2111 1935 Theolo-

460 1983 571 2039 gus
592 1970 867 2023 testatur:
895 1968 1210 2036 Postquam,
1232 1966 1443 2035 inquit,
1465 1969 1863 2022 consentienles
1884 1972 2106 2039 reperit,

2291 1255 2367 1311 Τό
2401 1252 2457 1309 δὲ
2481 1252 2663 1328 ἕτερον
2698 1252 2838 1315 εἶδος
2887 1262 2987 1324 τῆς
3020 1254 3332 1326 οἰκονομίας
3384 1254 3506 1325 περὶ
3558 1253 3650 1312 τάς
3700 1250 3882 1319 λέξεις

2222 1340 2487 1415 λαμϐάνει
2534 1345 2633 1411 τὴν
2684 1344 2957 1399 σύστασιν.
3008 1346 3131 1399 Ὅτε
3178 1344 3299 1416 γάρ,
3344 1347 3452 1397 τῶν
3494 1348 3593 1409 τῆς
3626 1338 3879 1407 Ἐκκλη-

2220 1430 2335 1492 σίας
2370 1430 2655 1505 δογμάτων
2687 1433 2861 1505 ὀρθῶς
2910 1431 3150 1507 ἐχόντων
3184 1430 3272 1484 καί
3304 1429 3374 1485 δι’
3423 1429 3618 1503 ἐτέρων
3670 1434 3880 1507 φωνῶν

2220 1522 2764 1594 ἀνακηρυττομὲνων,
2824 1520 3042 1595 ῥῆματά
3105 1542 3226 1575 τινα
3290 1525 3409 1582 τοῖς
3466 1516 3881 1595 ἀκεραιοτὲροις

2220 1608 2519 1665 σκανδάλου
2580 1609 2675 1665 κᾶν
2755 1610 2853 1664 οὐκ
2922 1606 3139 1685 εὕλογοι
3216 1609 3469 1682 γίνωνται
3548 1608 3881 1685 προφάσεις,

2220 1698 2631 1754 ἂποσιωπᾶσθαι
2702 1694 3109 1776 συγκαταϐαίνει
3175 1697 3459 1755 ταῦτα.”0
3529 1695 3587 1751 δε
3643 1701 3687 1733 ‘7
3748 1699 3885 1761 τοὺς

2220 1787 2420 1864 λόγους
2470 1786 2634 1843 αἰ)τοῦ
2675 1788 2986 1861 οἰκοκομῶν
3034 1788 3085 1843 ἐν
3132 1788 3304 1862 κρίσει
3363 1788 3452 1842 καὶ
3513 1792 3724 1860 σιωπῇ,
3763 1793 3883 1841 τῶν

2220 1874 2449 1934 εὐσεϐῶν
2508 1877 2794 1954 δογμάτων
2842 1879 2932 1932 τὸν
2984 1879 3218 1955 φθόγγον
3274 1878 3349 1939 εἰς
3394 1882 3567 1931 πᾶσαν
3627 1877 3731 1945 τὴν
3791 1874 3881 1929 οῗ-

2217 1967 2489 2041 κουμὲνην
2579 1969 2987 2042 περιηχηθῆναι
3081 1966 3683 2041 καταπραγματεύεται.
3766 1966 3880 2021 Οἷα

458 2063 510 2114 et
540 2058 699 2113 verbo
727 2056 872 2111 nihil
897 2057 1298 2127 discrepantes:
1327 2057 1557 2111 nomina
1580 2057 1737 2111 rebus
1756 2059 2106 2114 commisceri:

2226 2054 2285 2124 δὴ
2318 2057 2365 2093 ⁸⁸
2393 2056 2481 2110 καὶ
2513 2059 2604 2111 τὸν
2640 2058 2807 2133 μέγαν
2842 2056 3155 2111 Ἀθανάσιον
3190 2058 3218 2110 ὁ
3270 2054 3531 2131 θεολόγος
3566 2056 3879 2129 Γρηγόριος

461 2146 710 2217 colligat.
736 2146 797 2201 Et
820 2146 1079 2201 oratione
1108 2147 1165 2200 in
1190 2146 1541 2213 Pentecoste,
1567 2145 1910 2216 Magistrum
1943 2164 2107 2203 eum-

462 2238 596 2293 dem
654 2238 846 2292 videas
891 2236 1085 2308 ipsum
1145 2236 1505 2307 gubernandi
1558 2237 1803 2292 formam
1846 2238 2107 2295 vincere:

457 2327 561 2382 Sed
608 2326 857 2396 syllabis,
908 2327 1122 2397 inquit,
1155 2326 1525 2397 oﬂendimini,
1566 2334 1614 2381 et
1651 2342 1777 2382 voce
1796 2343 1817 2389 ;
1845 2327 1967 2383 date
2000 2329 2109 2383 vim

455 2418 793 2483 divinitatis,
827 2420 878 2471 et
908 2416 1162 2471 dabimus
1191 2417 1344 2471 vobis
1374 2417 1589 2470 veniam
1620 2417 1781 2471 vocis.

3079 2143 3303 2212 Ἐπειδὴ
3354 2145 3476 2220 γάρ,
3528 2145 3687 2220 φησὶ,
3731 2165 3882 2214 συμ·

2804 2236 2893 2290 καὶ
2954 2232 3107 2290 οὐδὲν
3188 2232 3477 2295 διεστῶτας
3561 2235 3701 2289 κατὰ
3778 2233 3880 2287 τὸν

3023 2326 3387 2399 συγχωρήσας
3491 2320 3669 2379 συνδεῖ
3755 2328 3881 2385 τοῖς

2217 2142 2560 2215 πεποιηκότα
2615 2143 2973 2200 ἐπιδείκνυσιν
3011 2188 3024 2202 .

2224 2240 2551 2312 φρονοῦντας
2610 2237 2728 2309 εὗρε

2221 2325 2409 2400 λόγον,
2518 2324 2584 2379 τά
2672 2325 2910 2398 ὀνόματα

2216 2416 2521 2490 πράγμασι.
2565 2414 2668 2470 Καὶ
2717 2415 2767 2469 ἐν
2812 2419 2881 2488 τῇ
2941 2419 3286 2487 Ιιεντηκοστῇ
3337 2410 3394 2467 δὲ
3440 2413 3603 2468 πάλιν
3636 2413 3736 2467 τὸν
3780 2413 3885 2468 αὖ·

452 2502 543 2555 τὸν
584 2498 913 2555 διδάσκαλον
978 2499 1120 2562 ἴδοις
1188 2498 1247 2553 ἅν
1316 2508 1418 2569 τῆς
1484 2500 1652 2569 αὐτῆς
1722 2499 2037 2575 οῗκονομίας
2105 2503 2167 2556 τὸ
2227 2500 2371 2564 εἶδος
2434 2500 2763 2576 κρατύνοντα
2805 2504 2868 2557 ⁴⁹.
2936 2499 3094 2555 Αλλὰ
3148 2505 3268 2562 ταῖς
3324 2494 3648 2569 συλλαϐαῖς,
3708 2500 3878 2576 φησὶ,

454 2587 856 2665 δυσχεραίνετε,
949 2590 1039 2644 καὶ
1124 2590 1487 2660 προσπταίετε
1569 2594 1637 2665 τῇ
1724 2592 1897 2667 φωνῇ.

453 2687 553 2750 τῆς
580 2686 767 2759 φωνῆς
805 2680 904 2748 τήν
947 2680 1327 2755 συγχώρησιν.

526 2774 595 2828 Et
625 2774 853 2828 tertiam
888 2773 971 2827 ait
1000 2789 1130 2828 esse
1172 2773 1533 2844 gubernandi
1566 2773 1841 2841 formam,
1877 2776 2107 2847 quando

461 2880 615 2935 saepe
642 2878 903 2934 personae
943 2863 1296 2934 despiciunt,
1331 2863 1767 2935 promulgatum
1810 2866 2106 2920 decretum

462 2961 727 3009 accurate
779 2958 983 3007 contra
1030 2952 1159 3007 illos
1209 2954 1672 3024 pronuntiatum,
1725 2954 2109 3010 nihilominus

462 3048 618 3098 recta
666 3042 1016 3113 praevalente
1065 3042 1348 3096 doctrina.
1392 3041 1723 3097 Secundum
1776 3059 1973 3113 quam,
2005 3043 2108 3111 ait,

462 3132 845 3186 mconomiam
878 3129 1231 3201 Theophilus
1261 3146 1394 3183 cum
1429 3130 1657 3187 Gelasio
1690 3133 2107 3201 communicat,

465 3218 525 3273 in
559 3218 771 3273 tabulis
793 3218 1048 3273 habente
1070 3219 1352 3288 scriptum
1375 3219 1691 3275 Eusebium
1717 3221 2107 3280 Palaestinum.

464 3307 714 3377 Cyrillus
743 3323 875 3361 vero
906 3324 938 3361 a
967 3308 1249 3362 Theodori
1285 3309 1649 3381 Mopsuestia
1697 3312 1977 3383 episcOpi,
2011 3329 2113 3383 per

2002 2587 2145 2651 Δότε

2224 2593 2322 2660 τὴν
2408 2589 2634 2664 δύναμιν
2718 2597 2816 2660 τῆς
2902 2591 3180 2661 θεότητος,
3264 2589 3352 2645 καὶ
3413 2587 3660 2662 δώσομεν
3743 2591 3879 2662 ὑμῖν

2289 2770 2387 2825 Καὶ
2425 2768 2607 2846 τρίτον
2656 2768 2714 2825 δέ
2756 2791 2889 2844 φησι
2932 2769 3131 2845 τρόπον
3175 2768 3518 2844 οἰκονομίας,
3578 2770 3668 2823 ὅτε
3728 2788 3875 2843 παρ·

2220 2866 2451 2935 ορῶνται
2510 2858 2778 2933 πρόσωπα
2817 2857 3091 2922 πολλάκις
3150 2858 3483 2933 ἑκκήρυκτον
3540 2862 3725 2935 ψῆφον
3774 2864 3881 2926 τῆς

2217 2947 2497 3025 ἀκριϐείας
2528 2951 2643 3004 κατ’
2676 2949 2852 3004 αὐτῶν
2880 2949 3385 3023 ἀνακηρυττοόσης,
3429 2946 3584 3003 οὐδὲν
3636 2947 3879 3003 ἔλαττον

2215 3044 2326 3095 τῶν
2360 3041 2534 3114 ὀρθῶν
2561 3039 2973 3113 κρατυνομένων
3003 3037 3316 3115 δογμάτων.
3367 3041 3489 3093 Καθ’
3540 3041 3629 3107 ἣν,
3682 3038 3879 3117 φησὶν,

2219 3128 2538 3201 οἰκονομίαν
2590 3128 2856 3206 Θεόφιλος
2909 3130 3002 3202 μὲν
3051 3134 3130 3201 τῷ
3181 3127 3425 3200 Γελασίῳ
3453 3126 3749 3196 ἐκοινώνει,
3785 3126 3884 3201 ἐγ·

2219 3217 2595 3294 γεγραμμένον
2635 3215 2823 3295 ἔχοντι
2852 3224 2968 3278 τοῖς
2998 3219 3166 3292 ἱεροῖς
3200 3215 3493 3291 διπτύχοις
3535 3217 3628 3270 τὸν
3659 3216 3887 3271 Παλαιοι

2224 3312 2403 3361 στῖνον
2460 3308 2508 3342 ⁵ο
2567 3302 2844 3376 Εὐσέϐιον,
2905 3306 3177 3381 Κόριλλος
3237 3304 3293 3361 δὲ
3342 3310 3439 3360 τοῦ
3492 3305 3882 3379 Modicum-tia;

463 3396 758 3451 Orientem
778 3397 981 3450 eodem
1007 3398 1176 3452 modo
1205 3398 1415 3453 iterum
1442 3400 1803 3454 anathemate
1827 3401 2106 3471 percussi,

2226 3398 2530 3473 Θεοδώρου,
2588 3398 2726 3452 κατὰ
2782 3398 2881 3466 τὴν
2935 3397 3069 3469 ἑῴαν
3126 3397 3389 3458 ὡσαύτως
3428 3396 3884 3471 ἀνακηρυττομὲο

464 3485 876 3541 communione
906 3501 1019 3539 non
1053 3485 1360 3541 abstinuit.
1407 3487 1644 3542 Videbat
1676 3489 1829 3544 enim
1862 3490 2108 3546 sinceris

466 3575 836 3646 dogmatibus
866 3575 1077 3631 servari
1113 3576 1432 3647 praacipuos
1466 3577 1760 3647 religionis
1810 3580 2109 3637 articulos.

463 3666 545 3720 Ad
577 3664 717 3719 illud
744 3666 899 3720 enim
923 3681 1109 3736 usque
1132 3670 1358 3737 tempus
1382 3683 1522 3723 sana
1545 3668 1812 3724 doctrina
1833 3670 2110 3739 obtinuit,

464 3770 653 3825 neque
671 3753 955 3809 hactenus
978 3754 1280 3827 quidpiam
1306 3754 1570 3812 Ecclesiae
1594 3757 1929 3828 dogmatum
1949 3758 2113 3815 inno-

462 3848 685 3899 vatum.

537 3934 727 3989 245a
758 3933 899 3989 Tres
956 3933 1131 4005 igitur
1168 3934 1226 3989 in
1274 3938 1466 4007 partes
1524 3936 1906 3993 ceconomiam
1965 3938 2109 3993 divi-

466 4023 631 4090 dens,
658 4031 711 4077 ct
741 4024 1065 4078 secundum
1100 4024 1320 4079 nullam
1351 4025 1879 4081 Theodosianorum
1905 4032 1961 4083 et
1980 4027 2113 4083 Cai-

466 4112 725 4167 nitarum
750 4112 1029 4167 unitatem
1054 4114 1358 4181 procedere
1376 4114 1885 4184 demonstrans,in
1914 4117 2109 4187 prodi-

464 4202 680 4258 tionem
703 4203 1029 4271 conclusos,
1048 4202 1310 4275 singulas
1333 4208 1525 4274 partes
1546 4205 1789 4275 propria:
1813 4205 2111 4278 religionis

467 4292 795 4360 constituit,
829 4296 885 4347 et
914 4292 1123 4346 nullibi
1156 4293 1408 4357 stetisse,
1440 4294 1539 4348 sed
1577 4294 1872 4364 confusos,
1906 4312 2111 4352 rursus

468 4382 538 4434 ab
570 4380 814 4435 invicem
848 4380 1106 4435 divulsos
1139 4397 1289 4449 esse,
1322 4386 1378 4436 et
1413 4388 1679 4437 mutuum
1712 4386 1962 4454 gessisse
1994 4385 2113 4440 belo

464 4468 608 4524 lum.
630 4470 759 4523 Haec
786 4475 841 4523 et
862 4469 951 4524 his
974 4470 1189 4525 similia
1222 4471 1665 4541 reprehendens,
1685 4472 2108 4544 Acephalorum

467 4575 643 4629 quam
676 4558 877 4613 dicunt
907 4560 1188 4615 unitatem
1232 4562 1503 4627 referens,
1538 4578 1639 4631 per
1667 4561 1777 4617 alia
1808 4563 1995 4618 multa
2025 4564 2110 4618 di-

465 4651 656 4705 lucide
688 4650 957 4706 ostendit.
994 4650 1230 4706 Nullum
1264 4652 1335 4706 ab
1364 4651 1432 4705 iis
1465 4652 1884 4709 incarnationis
1933 4656 2107 4711 vesti-

463 4742 616 4809 gium
668 4740 954 4809 relictum,
986 4741 1084 4795 sed
1138 4741 1444 4796 manifesta
1490 4742 1739 4811 proditio
1771 4747 1826 4798 et
1858 4744 2102 4813 negatio,

448 4848 564 4904 pro
582 4831 794 4904 quibus
811 4829 1022 4885 millies
1041 4847 1101 4885 se
1121 4838 1364 4885 mortem
1386 4835 1655 4902 oppetere
1668 4832 2102 4901 vellejactabat.

459 4922 550 4977 Sic
584 4921 697 4979 fere
728 4922 799 4977 de
829 4919 1137 4992 Acephalis
1167 4920 1276 4976 hoc
1307 4920 1433 4991 ipso
1466 4920 1661 4976 libello
1695 4926 2021 4993 pertractat.

529 5103 664 5155 Com
678 5100 949 5171 plectitur
969 5102 1163 5154 autem
1191 5115 1338 5171 opus
1362 5099 1671 5170 epistolam
1698 5116 1930 5174 quoque
1962 5103 2104 5159 scri-

457 5195 617 5261 ptam
651 5188 934 5260 Eutychio
966 5188 1405 5261 archiepiscopo
1438 5189 2104 5262 Constantinopolitano,

460 5295 633 5350 quam
676 5278 998 5335 etiamnum
1051 5278 1349 5349 presbyter
1397 5278 1648 5349 scripsit,
1693 5280 2103 5338 certitudinem

458 5366 853 5422 continentem
907 5366 1143 5437 pietatis
1173 5374 1226 5422 et
1258 5367 1391 5422 fidei
1435 5367 1762 5425 orthodoxae
1794 5384 1855 5423 ac
1892 5370 2102 5425 catho-

455 5457 600 5513 licae.

522 5566 551 5619 q
586 5547 773 5603 Galat.
807 5563 860 5615 ν,
896 5548 949 5604 2.

2216 3507 2332 3559 νου,
2362 3495 2463 3557 τῆς
2502 3488 2794 3549 κοινωνίας
2842 3486 2940 3541 οὐκ
2987 3485 3270 3563 ἀφίστατοσ
3326 3484 3473 3559 ἒώρα
3509 3486 3615 3561 γάρ
3668 3484 3889 3555 ἀκηρά-

2225 3598 2341 3639 τοις
2392 3578 2674 3651 σωζόμενα
2723 3575 2960 3651 δόγμασι
3018 3577 3088 3630 τὰ
3139 3580 3239 3644 τῆς
3299 3569 3571 3637 εὐσεϐείας
3617 3575 3825 3647 καιριώ
3861 3606 3885 3618 -

2221 3688 2352 3723 τατα
2377 3668 2443 3726 δι.
2478 3666 2655 3743 Μέχρι
2689 3667 2795 3744 γὰρ
2821 3666 3017 3721 τούτου
3048 3664 3114 3721 τά
3142 3672 3243 3734 τῆς
3273 3663 3591 3737 οἰκονομίας
3641 3664 3672 3718 6
3712 3664 3884 3736 ὀρθὸς

2223 3755 2391 3830 λόγος
2440 3751 2709 3829 ἀνέχεται,
2764 3754 2958 3828 μέχρις
3008 3753 3068 3807 ἂν
3121 3750 3273 3807 οὐδὲν
3328 3756 3732 3825 καινοτομεῖται
3766 3757 3881 3806 τῶν

2220 3852 2321 3915 τῆς
2363 3843 2563 3915 Ἐκκλη
2573 3844 2688 3906 σίας
2728 3840 3041 3917 δογμάτων.

2293 3937 2479 4010 Τριχῆ
2512 3933 2692 3988 τοίνυν
2723 3934 2823 4003 τήν
2854 3930 3172 4006 οἰκονομίαν
3204 3929 3425 4001 διελὼν,
3452 3931 3544 3986 καὶ
3566 3933 3685 3986 κατ’
3716 3928 3881 3987 οὐδε-

2228 4026 2351 4097 μίαν
2385 4024 2564 4079 αὐτῶν
2596 4024 2696 4091 τήν
2726 4027 2834 4077 τῶν
2866 4019 3236 4078 Θεοδοσιανῶν
3259 4021 3349 4076 καὶ
3373 4025 3639 4076 Γαϊνιτῶν
3666 4020 3877 4094 προελ-

2223 4116 2334 4168 θεῖν
2367 4111 2770 4186 ἐπιδειξάμενος
2800 4110 3010 4181 ἓνωσιν,
3045 4112 3121 4173 εἷς
3152 4110 3447 4186 προδοσίαν
3495 4107 3879 4185 συγκλεισθένο

2220 4226 2317 4267 τας
2347 4202 2595 4277 ἑκάτερον
2631 4202 2794 4275 μέρος
2823 4209 2923 4271 τῆς
2955 4200 3155 4264 οἰκείας
3205 4201 3494 4276 θρησκείας
3545 4202 3878 4275 παρέστησε,

2221 4294 2308 4348 καὶ
2363 4300 2554 4362 στῆναι
2608 4292 2705 4365 μὶν
2753 4289 3023 4365 οὐδαμοῦ,
3073 4290 3219 4346 ἀλλᾶ
3284 4289 3653 4365 συγχυθέντας
3704 4290 3879 4345 πάλιν

2222 4384 2310 4437 ἀπ’
2342 4380 2609 4452 ἀλλήλων
2660 4378 3021 4455 διαρραγῆναι
3065 4380 3155 4435 καὶ
3202 4382 3319 4435 κατ’
3369 4377 3639 4449 ἀλλήλων
3692 4379 3876 4455 φέρειν

2218 4472 2311 4526 τὸν
2353 4469 2621 4543 πόλεμον.
2680 4474 2853 4525 Ταῦτα
2916 4469 3005 4524 καί
3054 4473 3279 4524 τοιαῦτα
3306 4466 3481 4543 ἕτερα,
3527 4468 3875 4538 στηλιτεύων

2218 4563 2320 4631 τὴν
2360 4564 2470 4615 τῶν
2502 4557 2817 4636 Ἀκεφάλων
2846 4558 3149 4635 λεγομένην
3181 4556 3397 4629 ἕνωσιν,
3427 4556 3735 4627 διεξελθὼν,
3782 4555 3877 4612 διὰ

2222 4649 2488 4705 πλειόνων
2536 4649 2723 4705 ἄλλων
2776 4646 3017 4723 ἐναργῶς
3085 4644 3390 4720 ἐπεδείξατο
3454 4649 3578 4720 [773
3633 4647 3727 4717 3.]
3796 4646 3885 4709 ὡς

2218 4739 2372 4797 οὐδὲν
2422 4740 2605 4804 αὐτοῖς
2654 4739 2811 4814 ἴχνος
2865 4738 3186 4812 οἰκονομίας
3245 4736 3660 4813 διαπέπρακται,
3718 4734 3880 4791 ἀλλᾶ

2215 4836 2388 4910 σαφὴς
2420 4830 2683 4907 προδοσία
2713 4830 2801 4887 καὶ
2828 4831 3125 4906 ὲξάρνησις,
3162 4830 3294 4904 ὑπὲρ
3325 4831 3401 4883 ὦν
3444 4830 3709 4903 πρότερον
3767 4850 3879 4900 μυ-

2216 4924 2391 4996 ριάκις
2427 4920 2678 4977 ὑπελθεῖν
2710 4922 2800 4976 τὸν
2828 4921 3057 4975 θάνατον
3094 4918 3432 4975 διετείνοντο.
3466 4918 3628 4977 Οὕτω
3681 4920 3776 4990 μὲν
3802 4939 3880 4973 τι

2214 5012 2337 5083 περὶ
2367 5015 2473 5065 τῶν
2506 5009 2822 5085 ’Δκεφάλων
2855 5009 2906 5066 ἐν
2938 5014 3017 5082 τῷ
3052 5004 3384 5085 βιϐλιδαρίῳ
3412 5005 3593 5081 τούτῳ
3624 5006 3872 5081 διέξεισι.

2290 5106 2542 5176 Περιεῖχε
2610 5099 2667 5154 δὲ
2713 5101 2774 5155 τὸ
2817 5103 3015 5174 τεῦχος
3075 5100 3165 5153 καὶ
3219 5095 3519 5167 επιστολὴν
3575 5097 3741 5153 αὐτοῦ
3771 5117 3881 5171 γε-

2212 5189 2531 5269 γραμμένην
2594 5192 2848 5265 Εὑτυχίῳ
2903 5194 2981 5261 τῷ
3040 5188 3459 5264 ἆρχιεπισκόπῳ
3520 5191 3883 5245 Κωνσταντι-

2212 5280 2551 5350 νουπόλεως,
2600 5281 2662 5350 ἢν
2712 5278 2938 5354 ἔγραψεν
2986 5276 3037 5333 ἒν
3089 5273 3480 5355 πρεσϐυτέροις
3539 5277 3618 5333 ἔτι
3666 5276 3878 5348 τελῶν⁷

2215 5370 2597 5451 πληροφορίαν
2648 5368 3005 5445 περιέχουσαν
3066 5375 3164 5438 τῆς
3222 5365 3519 5444 ὀρθοδόξου
3577 5368 3667 5423 καὶ
3706 5367 3878 5422 καθο-

2214 5458 2377 5528 λικῆς
2419 5454 2687 5520 εὐσεϐείας
2721 5458 2809 5512 καὶ
2840 5456 3093 5521 πίστεως.

1803 5644 2047 5699 VARI/Ii
2089 5642 2507 5699 LECTIONES.

526 5726 572 5760 ‘5
610 5724 742 5777 καθό
774 5725 854 5795 ς.
932 5723 979 5756 ⁴⁷
1003 5721 1057 5777 δὲ
1080 5739 1195 5781 om.
1221 5727 1287 5779 Α.
1366 5727 1408 5761 ⁸³
1440 5722 1506 5791 δὴ
1541 5730 1579 5783 Α
1610 5744 1622 5783 :
1652 5725 1708 5781 δὶ
1736 5730 1819 5800 ς.
1896 5734 1941 5767 ⁶⁹
1960 5730 2291 5804 κρατόνοντα
2311 5731 2373 5787 τὸ
2394 5728 2537 5793 εἷ’δος
2728 5733 2779 5769 ⁵ο
2808 5730 3111 5786 Παλατῖνον
3296 5733 3341 5769 δι
3364 5732 3677 5804 κυριώτατα
