4138 6228
278 424 395 488 957

1023 567 1196 620 EKH'.

283 652 610 730 Ἐφραιμίου
695 653 1044 730 πατριάρχου
1129 653 1484 718 Θεούπόλεως
1560 654 1726 732 λόγοι
1819 653 1936 712 διά-

1016 747 1196 804 φοροα

357 815 695 892 Ἀνεγνώσθη
771 821 869 871 τοῦ
947 815 999 870 ἐν
1075 816 1247 891 ἁγίοις
1305 817 1658 896 Ἐιρραιμίου,
1733 837 1937 892 πατρι-

287 904 465 980 ἄρχῃς
522 901 580 960 δὲ
633 905 788 966 οὗτος
843 905 1200 968 Θεουπόλεως
1255 908 1344 977 ἧν,
1403 907 1574 980 Λόγοι
1633 905 1936 985 διάφοροι·

287 995 466 1070 Σύροις
515 994 612 1066 μὲν
661 996 896 1069 γεγονὼς
947 995 1036 1050 καὶ
1077 1003 1267 1073 φωνῆς
1316 1017 1405 1050 και
1454 1001 1663 1071 γενεᾶς,
1714 995 1942 1052 παιδευ-

285 1083 395 1145 Osi:
455 1085 584 1156 [403
793 1081 850 1138 δὲ
906 1083 996 1138 καὶ
1055 1086 1154 1154 τὴν
1212 1085 1463 1155 Ἕλληνα
1527 1085 1782 1159 γλῶσσαν
1841 1087 1943 1140 οὐκ

288 1176 552 1248 ἀγεννῶς,
616 1172 762 1230 ἀλλὰ
809 1175 899 1229 καὶ
947 1173 1236 1238 πολιτικὰς
1293 1175 1392 1230 οὐκ
1440 1173 1630 1251 ὀλίγας
1687 1195 1946 1254 μεταχειο

291 1265 580 1340 ρισάμενος
629 1263 829 1340 ἀρχὰς,
881 1266 956 1318 ὧν
1012 1265 1110 1332 τήν
1170 1265 1504 1333 τελευταίαν,
1552 1265 1733 1338 κόμης
1781 1263 1942 1340 ἀναῤ-

295 1355 480 1428 ῥηθείς
529 1362 632 1424 τῆς
681 1353 978 1422 ἀνατολῆς,
1031 1353 1228 1410 ἐκεῖθεν
1281 1353 1366 1410 ἐπὶ
1427 1355 1520 1410 τὸν
1561 1353 1944 1431 ἀρχιερατικὸν

295 1444 604 1520 μετηνέχθη
640 1442 848 1516 Θρόνον.
884 1442 1022 1498 Φασὶ
1057 1439 1112 1497 δὲ
1143 1443 1301 1498 αὐτὸν
1331 1445 1400 1499 τά
1436 1465 1494 1499 τε
1523 1443 1669 1500 ἄλλα
1717 1442 1944 1499 ἐπαίνων

292 1531 413 1603 ἄξια
445 1527 753 1602 διαϐιῶναι,
787 1535 876 1586 καί
926 1531 1100 1587 πολὺν
1133 1537 1233 1598 τῆς
1284 1532 1662 1607 ἐλεημοσύνης
1714 1532 1942 1608 ἐργάτην

294 1622 559 1698 γενέσθαι.
593 1622 856 1692 Συνὲταξε
889 1623 982 1694 μὲν
1013 1621 1104 1678 οὖν
1139 1624 1168 1678 6
1199 1624 1338 1698 ἀνὴρ
1369 1621 1662 1700 διαφόρους
1695 1618 1944 1697 βίϐλους,

295 1714 369 1767 ὧν
403 1713 483 1774 εἰς
528 1713 676 1785 ἡμᾶς
725 1709 862 1773 τέως
891 1717 1036 1786 τρεῖς
1089 1711 1411 1782 περιῆλθον.
1463 1711 1670 1788 Σχεδὸν
1719 1710 1774 1768 δέ
1824 1733 1874 1766 τι
1905 1715 1950 1748 ⁸³

295 1802 460 1857 αὐτοῦ
507 1801 723 1872 πάντες,
770 1800 863 1863 οὓς
907 1803 1208 1876 τεθεάμεθα
1258 1804 1484 1872 πόνους,
1521 1803 1654 1878 ὑπὲρ
1703 1806 1810 1856 τῶν
1849 1807 1950 1870 τῆς

294 1889 625 1962 Ἐκκλησίας
686 1887 1050 1960 σπουδάζουσι
1093 1889 1408 1967 δογμάτων,
1458 1891 1548 1945 καὶ
1614 1893 1712 1944 τοῦ
1768 1908 1948 1962 παρα-

297 1987 492 2044 στῆσαι
543 1981 644 2048 τήν
701 1982 836 2034 κατὰ
891 1977 1228 2054 Καλχηδόνα
1283 1981 1436 2054 ἁγίαν
1493 1977 1719 2034 σύνοδον
1769 1980 1945 2048 πάσης

299 2067 480 2137 λαϐῆς
511 2071 792 2146 αἰρετικῆς
827 2070 1222 2146 ὑπερκειμένην
1254 2071 1344 2124 καὶ
1375 2069 1794 2142 ἒπικρατοῦσαν.

367 2162 459 2216 Ἐν
496 2161 592 2234 μὲν
621 2159 712 2215 οὖν
743 2166 812 2234 τῇ
845 2161 1035 2234 πρώτῃ
1069 2155 1248 2236 βίϐλῳ
1281 2161 1308 2215 ὁ
1339 2164 1556 2236 πρῶτος
1596 2159 1743 2232 αύτῷ
1783 2158 1946 2234 λόγος

297 2247 567 2320 ἐπιστολή
603 2249 714 2305 ἐστι
744 2251 880 2325 πρὸς
909 2245 1172 2321 Ζηνόϐιόν
1222 2270 1342 2304 τινα
1373 2248 1738 2324 σχολαστικὸν
1792 2250 1948 2320 Ἐμίη

298 2361 422 2412 σης,
489 2347 590 2408 τῆς
647 2337 950 2416 Ἀκεφάλου
1015 2337 1210 2415 μοίρας
1287 2339 1434 2408 ὄντα,
1505 2337 1946 2415 διαπεμφθεῖσα·

299 2427 553 2500 σπουδὴν
627 2426 684 2484 δὲ
775 2434 1017 2484 ποιεῖται
1093 2429 1217 2504 περὶ
1303 2433 1409 2482 τῶν
1496 2427 1948 2502 ἐπηρεαζομένων

299 2517 591 2596 ῥημάτων,
622 2518 654 2572 ἃ
683 2518 733 2574 ἐν
763 2522 832 2592 τῇ
863 2517 1130 2593 ἐπιστολῇ
1161 2517 1474 2594 περιέχεται
1502 2522 1598 2572 τοῦ
1643 2515 1950 2592 ἁγιωτάτυυ

296 2609 536 2668 Λέοντος
571 2603 848 2683 Προέδρου
896 2607 1136 2680 Ῥώμης.
1175 2607 1472 2681 Προτάττει
1505 2605 1562 2662 δὲ
1605 2608 1705 2674 τῆς
1735 2625 1950 2680 γυμνα-

303 2697 420 2760 σίας
489 2702 596 2752 τῶν
674 2698 978 2773 εἰρημένων
1061 2696 1323 2773 ῥημάτων
1391 2694 1598 2752 δίαιτάν
1663 2715 1782 2750 τινα
1855 2698 1952 2749 τοῦ

305 2788 602 2863 Τρισαγίου
657 2789 862 2857 Ὕμνου
898 2805 910 2818 ’
969 2786 1058 2840 καὶ
1117 2788 1222 2861 γὰρ
1297 2787 1385 2840 καὶ
1443 2788 1470 2840 6
1529 2782 1792 2855 Ζηνὸϐιος
1854 2789 1955 2852 τῆς

299 2883 498 2944 κοινῆς
565 2873 894 2946 Ἐκκλησίας
962 2876 1150 2930 ἑαυτὸν
1211 2873 1526 2949 ἀπορῥήξας
1567 2877 1610 2910 ⁸³
1683 2875 1950 2952 πρόφασιν

301 2963 494 3020 ἐδίδου
545 2966 644 3034 τήν
677 2964 802 3039 περὶ
851 2963 950 3032 τήν
1001 2963 1282 3039 Τρισάγιον
1335 2961 1658 3040 δοξολογίαν
1703 2983 1954 3018 καινοτο-

305 3053 464 3128 μίαν.
501 3052 646 3124 Φησὶ
679 3050 734 3107 δὲ
765 3054 792 3109 ὁ
825 3054 1149 3130 Ἐφραίμιος
1177 3054 1277 3121 τήν
1321 3051 1578 3124 τοιαύτην
1621 3051 1955 3128 ὓμνολογίαν

297 3143 434 3208 τοὺς
497 3143 592 3215 μὲν
656 3143 756 3212 τήν
815 3141 1088 3214 ἀνατολήν
1149 3143 1434 3205 οἷκοῦντας
1491 3143 1568 3204 εἷς
1615 3142 1708 3198 τὸν
1753 3141 1956 3216 Κύριον

1331 427 1874 492 BIBLIOTHECA.
1921 463 1999 474 ——
2041 429 2215 491 COD.
2257 429 2624 494 CCXXVIII.

1961 568 2012 634 Α

3561 433 3682 492 958

2695 567 3031 625 CCXXVIII.

2123 657 2320 714 Sancti
2348 659 2604 730 Ephraem
2635 659 3006 787 Thgnptititani
3031 663 3391 733 patriarchae,
3423 665 3598 720 varix

2755 748 2816 785 ra
2845 749 3016 788 zonas.

2107 822 2285 878 Lectae
2303 825 2442 877 sunt
2461 821 2649 876 sancti
2672 822 2978 888 Ephraemii
3005 822 3115 894 (68)
3139 825 3482 895 patriarcha:
3507 825 3688 881 Theo-

2037 911 2280 982 politani
2309 912 2600 966 Orationes
2630 913 2823 967 variae.
2859 915 3035 980 Syrus
3076 914 3306 984 quidem
3343 914 3448 969 fuit
3478 931 3688 986 genere

2040 1017 2106 1056 ac
2135 1017 2418 1066 sermone,
2450 1000 2708 1056 Graecam
2731 1017 2864 1056 vero
2893 1001 3154 1074 linguam
3179 1019 3292 1058 non
3317 1005 3689 1061 mediocriter

2041 1088 2260 1144 calluit.
2296 1089 2402 1145 Sed
2435 1093 2494 1144 et
2523 1089 2722 1144 civiles
2751 1091 2934 1161 gessit
2975 1091 3377 1162 magistratus,
3411 1108 3440 1147 e
3474 1093 3686 1164 quibus

2041 1192 2240 1233 comes
2269 1177 2506 1233 tandem
2539 1177 2794 1233 Orientis
2825 1180 3220 1248 renuntiatus,
3252 1179 3387 1236 inde
3419 1181 3488 1236 ad
3523 1197 3690 1236 sum-

2043 1283 2194 1322 mam
2221 1268 2494 1324 Ecclesize
2516 1269 2857 1324 cathedram
2875 1273 3110 1326 evectus
3132 1277 3240 1326 est.
3262 1271 3474 1326 Ferunt
3495 1275 3690 1328 autem

2046 1373 2180 1412 cum
2212 1357 2328 1412 alia
2358 1357 2528 1413 laude
2563 1358 2740 1430 digna
2764 1359 3037 1429 gessisse,
3065 1365 3191 1414 tum
3215 1377 3346 1416 vero
3378 1359 3693 1432 eleemosy-

2047 1445 2138 1500 nis
2171 1445 2525 1517 elargiendis
2557 1447 2861 1504 enituisse.
2899 1449 3094 1505 Libros
3126 1465 3258 1504 vero
3299 1450 3490 1505 varios
3540 1465 3696 1504 com-

2051 1535 2258 1605 posuit,
2302 1551 2549 1606 quorum
2601 1537 2658 1590 in
2711 1553 2926 1592 manus
2973 1555 3132 1593 meas
3181 1547 3298 1594 tres
3345 1539 3693 1594 inciderunt.

2049 1624 2257 1678 Omnia
2287 1640 2434 1696 pene
2465 1641 2640 1696 opera
2669 1627 2798 1696 ejus
2833 1643 2960 1698 quae
3007 1628 3261 1683 vidimus
3295 1645 3394 1698 pro
3427 1628 3696 1685 ecclesia-

2051 1715 2214 1770 sticis
2248 1715 2624 1787 dogmatibus
2657 1721 2940 1788 pugnant,
2966 1719 3402 1790 defenduntque
3426 1723 3694 1774 sanctum

2051 1805 2524 1862 Chalcedonense
2555 1805 2868 1862 concilium
2907 1811 3066 1863 extra
3096 1823 3326 1864 omnem
3357 1823 3485 1864 esse
3515 1808 3697 1862 haere-

1977 1906 2022 1970 B
2053 1895 2302 1952 ticorum
2329 1892 2863 1964 reprehensionem.

2127 2166 2298 2223 Libro
2331 2167 2568 2238 quidem
2600 2168 2788 2238 primo
2819 2166 2986 2222 initio
3016 2169 3104 2222 est
3137 2165 3380 2236 epistola
3413 2166 3485 2221 ad
3516 2171 3698 2222 Zeno-

2053 2258 2218 2314 bium
2249 2255 2554 2326 quemdam
2586 2255 2994 2312 scholasticam
3025 2255 3358 2311 Emisenum
3383 2255 3705 2328 Acephalo-

2057 2361 2184 2402 rum
2217 2345 2346 2401 labe
2377 2345 2679 2413 infectum,
2703 2345 2902 2402 missa.
2928 2347 3266 2417 Propugnat
3295 2361 3429 2401 vero
3463 2346 3700 2402 irrisum

2057 2436 2127 2491 de
2173 2435 2405 2490 infestis
2455 2438 2634 2506 atque
2683 2435 2908 2490 acerbis
2957 2435 3174 2502 verbis,
3210 2449 3334 2505 quae
3365 2435 3422 2488 in
3455 2435 3707 2504 epistola

2058 2524 2268 2580 Leonis
2319 2525 2564 2579 Romani
2613 2523 2912 2579 Pontificis
2961 2525 3352 2579 continentur.
3403 2523 3709 2578 Praemittit

2060 2629 2190 2668 vero
2213 2613 2426 2667 horum
2452 2613 2756 2667 verborum
2779 2613 3186 2683 disputationi,
3209 2627 3377 2666 usum
3401 2611 3708 2680 quemdam

2059 2702 2210 2758 sacri
2241 2700 2490 2772 Trisagii
2519 2700 2742 2772 hymni.
2773 2702 2994 2756 Etenim
3029 2701 3316 2756 Zenobius
3349 2717 3382 2755 a
3411 2700 3711 2756 communi

2061 2794 2402 2862 segregatus
2431 2789 2708 2856 Ecclesia,
2738 2788 2987 2845 colorem
3021 2789 3180 2844 hunc
3220 2789 3508 2860 quaesivit,
3555 2789 3710 2860 quod

2061 2895 2260 2936 recens
2281 2877 2468 2935 divisa
2487 2883 2638 2934 esset
2661 2883 2746 2933 ter
2765 2878 2952 2934 sancti
2977 2878 3180 2949 hymni
3204 2878 3512 2934 sententia.
3536 2879 3710 2934 Asse-

2063 2968 2140 3024 rit
2161 2973 2364 3022 contra
2386 2967 3054 3038 Ephreamius,eumdem
3081 2967 3362 3036 hymnum
3389 2965 3712 3023 Orientales

2063 3057 2252 3114 2451)
2293 3055 2522 3112 Christo
2579 3057 2716 3112 Jesu
2768 3057 3104 3122 attribuere,
3136 3062 3190 3112 et
3229 3061 3536 3128 propterea
3568 3055 3714 3112 nihil

2063 3163 2300 3220 peccare
2345 3146 2582 3202 tametsi
2635 3146 2951 3217 adiiciant:
2994 3146 3308 3216 Cruciﬁxus
3363 3161 3460 3218 pro
3516 3145 3714 3201 nobis:

303 3237 474 3308 ἡμῶν
534 3234 745 3303 Ἰησοῦν
795 3233 1024 3306 Χριστὸν
1103 3230 1402 3310 ἀναφέρειν,
1461 3231 1551 3286 καὶ
1629 3229 1718 3286 διὰ
1791 3235 1953 3286 τοῦτο

2065 3235 2746 3308 Constantinopolitanae
2787 3251 2921 3292 vero
2973 3241 3147 3308 atque
3197 3235 3618 3302 Occidentales,
3653 3235 3714 3289 in

307 3319 486 3396 μηδὲν
535 3320 915 3395 ἐξαμαρτάνειν
963 3318 1420 3383 ἒπισυνάπτοντας
1469 3322 1553 3388 τὸ,
1606 3324 1662 3373 '0
1713 3339 1954 3394 σταυρω·

306 3413 426 3474 Osi:
490 3409 559 3467 δι’
615 3414 784 3484 ἡμᾶς,
841 3413 970 3475 τοὺς
1028 3409 1086 3466 δὲ
1139 3413 1202 3466 τὸ
1251 3411 1540 3481 Βυζάντιόν
1599 3433 1656 3467 τε
1709 3410 1798 3466 καὶ
1857 3413 1956 3481 τὴν

307 3499 568 3577 ἑσπερίαν
619 3500 952 3574 νεμομένους
984 3499 1059 3564 εἷς
1089 3501 1188 3570 τὴν
1239 3501 1540 3578 ὑπερτάτην
1571 3502 1662 3558 καὶ
1706 3503 1961 3578 πανίερον

545 3597 644 3661 τῆς
693 3589 1050 3667 ἀγαθότητος.
1102 3592 1202 3660 τήν
1253 3592 1546 3663 ὁμοούσιον
1591 3588 1812 3667 Τριάδα,
1859 3591 1959 3661 τὴν

301 3679 636 3754 δοξολογίαν
693 3678 945 3736 ἀνάπτειν
981 3697 995 3713 ·
1059 3677 1142 3734 διὸ
1205 3677 1334 3753 μηδ’
1393 3679 1677 3756 ἀνέχεσται
1733 3679 1961 3742 τούτους

297 3769 694 3828 ἒπισυνάπτειν
733 3770 820 3842 τὸ,
887 3773 947 3828 Ὁ
1011 3770 1341 3843 σταυρωθεὶς
1388 3768 1458 3824 δι’
1506 3772 1680 3842 ἡμᾶς,
1738 3771 1821 3824 ἱνα
1883 3770 1960 3843 μή

301 3861 486 3922 πάθος
541 3863 610 3934 τῇ
667 3857 860 3932 Τριάδι
909 3859 1272 3934 περιάψωσιν.
1305 3861 1390 3916 Ἐν
1449 3857 1690 3920 πολλαῖς
1742 3855 1798 3913 δὲ
1845 3863 1963 3920 ταῖς

299 3947 450 4006 κατὰ
506 3948 603 4015 τὴν
671 3945 936 4023 Εὐρώπην
997 3945 1288 4026 ἐπαρχίαις
1349 3945 1466 4002 ἀντὶ
1515 3949 1636 4014 τοῖ’),
1716 3965 1963 4020 σταυρω-

301 4037 424 4098 θεὶς
484 4032 554 4090 δι’
611 4037 758 4110 ἡμᾶς
811 4037 894 4104 τὸ,
953 4037 1116 4114 Ἃγία
1171 4037 1336 4110 Τριάς
1389 4033 1614 4106 ἐλέησον
1661 4037 1808 4108 ἡμᾶς
1841 4035 1966 4090 ἐπά-

297 4147 427 4202 γειν
465 4145 478 4159 ’
522 4124 570 4195 ἐξ
604 4125 676 4180 ὧν
721 4123 1111 4202 ἕπιδηλὸτερον
1140 4126 1230 4181 τὸν
1277 4125 1478 4180 σκοπὸν
1516 4129 1624 4180 τῶν
1677 4120 1966 4180 εὐσεϐούν-

299 4237 422 4272 των
469 4213 838 4284 καθίστασθαι,
872 4215 945 4276 ὡς
997 4215 1074 4279 εἰς
1099 4215 1198 4284 τήν
1249 4213 1406 4292 ἁγίαν
1438 4211 1640 4288 Τριάδα
1685 4215 1748 4269 τὸ
1776 4217 1964 4289 ’Ἄγιος

301 4307 332 4362 ὁ
401 4305 556 4372 Θεὸς,
617 4305 768 4379 ἅγιος
839 4304 1086 4382 ἰσχυρὸς,
1145 4305 1300 4380 ἅγιος
1359 4304 1617 4368 ἀθάνατος
1674 4305 1963 4380 ἀνάγοντες

301 4388 533 4468 ἀκριϐεῖ
585 4393 676 4448 καὶ
733 4392 1025 4466 ἀκολούθῳ
1081 4391 1232 4468 λόγῳ
1289 4395 1352 4448 τὸ
1407 4397 1468 4451 Ὁ
1527 4393 1856 4468 σταυρωθεὶς
1894 4390 1966 4447 δι’

303 4488 464 4558 ἡμᾶς
511 4483 978 4561 παραγράφονται.
1038 4481 1191 4540 Οὕτω
1245 4485 1338 4556 μὲν
1389 4483 1480 4539 οὖν
1532 4485 1784 4560 ἑκατέραν
1837 4489 1965 4557 μοῖ-

2070 3341 2410 3398 supremum
2460 3325 3038 3396 sacratissimumque
3099 3326 3388 3380 bonorum
3453 3323 3714 3380 omnium

2068 3416 2312 3485 fontem,
2341 3415 2900 3471 consubstantialem
2949 3414 3318 3484 Trinitatem,
3355 3413 3707 3470 sententiam

2069 3505 2321 3573 referre;
2361 3505 2579 3561 idcirco
2630 3521 2744 3560 non
2787 3504 3074 3560 sustinere
3119 3503 3264 3559 illud
3316 3504 3486 3559 addi:
3524 3501 3716 3558 Cruci-

2069 3595 2216 3665 ﬁmus
2242 3609 2340 3665 pro
2367 3593 2548 3660 nobis,
2574 3609 2646 3649 ne
2677 3610 2792 3665 qua
2825 3593 3018 3663 passio
3037 3591 3312 3648 Trinitati
3335 3592 3714 3648 attribuatur.

2072 3685 2134 3739 In
2169 3683 2364 3739 multis
2393 3683 2550 3740 enim
2570 3683 2810 3753 Europae
2835 3681 3156 3737 ditionibus
3189 3699 3292 3752 pro
3325 3681 3447 3748 illo,
3470 3684 3570 3752 qui
3587 3697 3722 3734 cru-

2069 3777 2269 3846 cifixus
2299 3781 2380 3830 est
2426 3791 2526 3846 pro
2555 3773 2733 3842 nobis,
2766 3773 2874 3829 hoc
2925 3777 3254 3844 reponunt:
3283 3771 3484 3826 Sancta
3536 3771 3714 3825 Trini-

2072 3873 2175 3932 tas,
2206 3865 2464 3919 miserere
2492 3863 2668 3918 nobis.
2711 3861 2874 3917 Unde
2913 3861 3141 3932 piorum
3189 3859 3474 3915 sententia
3506 3857 3721 3914 clarius

2072 3952 2366 4020 elucescit,
2399 3955 2462 4006 ut
2491 3952 2549 4006 in
2593 3955 2858 4007 sanctam
2907 3949 3256 4004 Trinitatem
3307 3949 3454 4002 hoc:
3488 3945 3720 4003 Sanctus

2071 4043 2236 4110 Deus,
2265 4047 2485 4097 sanctus
2530 4040 2711 4112 fartis,
2753 4043 2972 4094 sanctus
3021 4037 3354 4094 immortalis
3382 4051 3716 4092 accommo-

2073 4131 2245 4201 dent;
2279 4133 2551 4186 accurata
2577 4143 2642 4184 ac
2672 4127 3050 4198 consequenti
3099 4127 3357 4182 oratione
3399 4125 3544 4180 illud
3575 4141 3588 4179 :
3624 4127 3719 4196 qui

2069 4235 2263 4291 passus
2291 4223 2366 4274 est
2399 4233 2506 4288 pro
2543 4217 2718 4284 nobis,
2752 4217 3076 4272 ascribunt.
3109 4213 3202 4271 Slc
3249 4215 3427 4286 igitur
3475 4214 3716 4269 alteram

2077 4317 2382 4379 utramque
2429 4311 2650 4378 partem
2695 4309 2765 4362 de
2813 4305 2904 4362 his
2953 4305 3169 4361 sentire
3217 4310 3393 4374 atque
3442 4319 3720 4374 asserere,

2075 4397 2314 4469 quando
2343 4397 2404 4452 in
2437 4395 2660 4452 caeteris
2691 4396 2800 4468 piis
2827 4396 3203 4468 dogmatibus
3229 4394 3375 4449 nihil
3409 4395 3726 4466 depravare

2076 4488 2530 4560 comperiantur.
2551 4489 2727 4544 Recte
2758 4503 2892 4543 vero
2924 4487 3110 4543 facere
3143 4489 3425 4557 utrosque
3445 4484 3534 4540 hic
3565 4483 3727 4538 aftlr—

301 4595 408 4649 ραν
465 4571 590 4646 περὶ
637 4579 736 4640 τῆς
785 4571 1158 4648 προκειμένης
1210 4571 1530 4650 δοξολογίας
1579 4575 1878 4650 φρονοῦσάν
1909 4595 1954 4629 τε

2077 4583 2218 4648 mat,
2253 4593 2436 4648 neque
2467 4576 2647 4632 ullam
2697 4575 2951 4649 reperire
2995 4574 3281 4630 rationem
3311 4555 3416 4628 cur
3446 4573 3726 4628 alterutra

297 4663 402 4720 καὶ
461 4660 751 4738 λέγουσαν,
803 4661 1018 4717 ἐπειδὰν
1064 4663 1200 4718 κατὰ
1247 4665 1313 4718 τὰ
1360 4661 1506 4718 ἄλλα
1549 4671 1650 4733 τῆς
1697 4659 1966 4725 εὐσεϐείας

304 4751 568 4828 δόγματα
637 4749 912 4825 μηδαμῶς
974 4748 1142 4826 μηδὲν
1205 4753 1395 4827 ὁρᾶται
1452 4753 1966 4828 παραχαράττουσα,

305 4843 502 4916 ὀρθῶς
556 4859 618 4894 τε
673 4841 925 4915 πράττειν
982 4842 1008 4894 6
1077 4841 1208 4914 ἀνὴρ
1267 4841 1582 4920 ἀμφοτέρας
1663 4841 1807 4916 λέγει
1877 4841 1970 4898 καὶ

308 4927 612 5005 οὐδετέραν
669 4932 857 5005 χώραν
919 4929 1188 5005 εὑρίσκειν
1251 4931 1354 4988 ὑπὸ
1407 4936 1600 5005 μῶμον
1651 4938 1826 4988 ποιεῖν
1869 4933 1970 5000 τὴν

303 5022 504 5094 ἑτέραν
581 5020 618 5090 ἢ
679 5021 782 5076 ὑπὸ
855 5023 1197 5096 κατάγνωσιν
1263 5018 1440 5077 ἕλκειν
1519 5019 1748 5098 ὕϐρεως.
1815 5022 1974 5081 Ἀλλ’

303 5111 526 5172 ἐκεῖνος
553 5111 646 5183 μὲν
679 5109 824 5165 οὕτω
856 5107 1050 5182 amna-
1085 5111 1169 5167 ὅτι
1197 5108 1252 5166 δὲ
1281 5117 1398 5174 τοῖς
1433 5112 1754 5190 ’Λκειράλοις
1779 5113 1977 5187 αἱρετι-

303 5206 462 5270 κοῖς,
523 5203 706 5262 κακῶς
763 5201 863 5270 τήν
924 5197 1245 5276 δοξολογίαν
1292 5201 1494 5274 ταύτην
1549 5198 1976 5275 ἐκλαμϐάνουσι,

2076 4668 2551 4740 reprehendatur,
2611 4666 2700 4722 vel
2753 4667 2814 4720 in
2873 4664 3344 4736 disquisitionem
3402 4665 3722 4717 revocetur.

2075 4759 2182 4812 Sed
2215 4757 2308 4812 hic
2338 4755 2572 4827 quidem
2605 4755 2682 4810 ita
2713 4759 2932 4820 censet,
2967 4754 3118 4826 quod
3156 4753 3226 4808 ab
3257 4749 3564 4822 Acephalis
3607 4749 3724 4803 ha:-

2078 4847 2274 4902 retieis
2297 4845 2448 4900 male
2471 4845 2621 4899 hanc
2643 4845 2992 4899 sententiam
3012 4842 3459 4912 accipientibus,
3477 4851 3728 4909 magnus

2079 4937 2184 4992 ﬁat
2227 4937 2286 4991 in
2333 4935 2457 5007 pios
2504 4934 2820 4990 incursus:
2857 4932 3062 4988 merito
3095 4931 3282 4986 ceteri
3317 4929 3512 4984 Patres
3547 4923 3732 4982 nostri

2081 5025 2225 5080 illud
2283 5025 2680 5090 decreverunt,
2729 5039 2841 5078 non
2901 5025 3168 5092 oportere
3219 5018 3362 5073 illud
3413 5016 3623 5071 addere
3671 5013 3734 5070 in

2082 5131 2246 5170 sacro
2287 5113 2526 5185 hymno,
2563 5113 2666 5180 Qui
2713 5127 2904 5182 passus
2953 5116 3036 5166 est
3085 5125 3182 5180 pro
3226 5107 3407 5174 nobis,
3441 5109 3498 5161 et
3527 5119 3736 5160 conve-

2083 5204 2340 5260 nientem
2370 5219 2498 5259 esse
2546 5203 2854 5274 hymnum,
2890 5199 2990 5271 qui
3021 5199 3094 5254 de
3123 5197 3404 5254 Trinitate
3435 5195 3735 5268 disputat:

1687 5349 1930 5408 VARle
1970 5349 2388 5408 LECTIONES.

391 5443 442 5477 ss
473 5459 524 5494 τι
557 5445 604 5496 Α
635 5458 648 5497 ε
681 5459 766 5495 τοι
956 5441 1004 5476 ⁵³
1034 5438 1340 5516 ἀπορρῆξαι
1368 5445 1436 5499 Α.

1913 5570 2149 5628 NOT/E.

395 5697 518 5770 (68)
565 5697 736 5754 Alius
783 5697 877 5755 hic
920 5697 992 5755 ab
1034 5696 1312 5770 Ephraim
1369 5697 1636 5768 ascetico,
1693 5698 1866 5770 cujus
1923 5713 2098 5770 opera
2145 5693 2385 5752 Photius
2442 5691 2824 5762 enumeravit,
2874 5697 2928 5749 et
2971 5693 3226 5762 exstant,
3273 5689 3512 5747 tametsi
3560 5685 3740 5758 Syrus

316 5777 602 5840 uterque.
