4138 6228
405 387 523 448 959

1602 389 1867 451 PHOTII
1913 389 2444 452 PATRIARCH/E
2487 389 2601 450 ΟΡ.

3690 387 3804 447 960

407 521 642 591 quando
663 520 987 576 Cherubina
1016 520 1206 577 cantio
1240 537 1298 578 tu
1330 521 1546 594 triplici
1577 539 1719 579 sono
1751 523 2047 580 sanctitati

2179 521 2384 596 αεγάλη
2448 523 2653 598 γίνεται
2725 523 2866 577 κατα
2943 525 3044 591 τῆς
3118 515 3387 585 εὐσεϐείας
3467 517 3815 595 καταδρομή,

407 610 686 666 accedens
732 609 802 664 ab
851 609 1035 677 initio,
1088 626 1263 680 super
1306 627 1539 667 omnem
1584 613 1954 669 sanctitatem
1998 619 2055 668 et

409 697 731 753 bonitatem
783 699 1076 754 Trinitatis
1125 705 1331 755 cantus
1362 717 1492 756 esse
1523 702 1912 773 cognoscitur.
1943 703 2049 758 Sed

408 787 529 842 sive
559 787 706 842 bene
735 803 837 843 seu
870 804 1040 844 secus
1073 791 1140 845 de
1174 789 1433 860 Trisugio
1466 791 1558 846 hic
1589 792 1673 848 sic
1696 792 1946 863 judicat,
1972 793 2054 848 fa—

405 876 514 932 cile
570 876 725 931 enim
784 877 1010 934 occasio
1062 879 1173 951 ipsi
1225 879 1304 935 ita
1353 881 1653 950 iudicandi
1711 886 2051 953 praetextum

407 965 587 1032 dedit,
613 982 727 1021 non
754 982 992 1038 possum
1021 968 1292 1039 equidem
1327 986 1482 1024 nunc
1513 970 1583 1025 de
1605 970 1788 1026 altera
1818 975 2051 1027 senten-

406 1053 487 1109 tia
530 1059 753 1111 certum
803 1057 952 1112 ferre
992 1057 1330 1127 judicium:
1365 1059 1476 1114 nisi
1529 1060 1683 1130 quod
1731 1075 1845 1116 non
1886 1059 2049 1124 sinit,

405 1142 829 1201 Scholasticum
879 1146 1225 1214 admonens,
1259 1147 1329 1203 ab
1362 1148 1628 1204 Ecclesia:
1667 1165 1906 1221 corpore
1935 1166 2052 1208 non

408 1249 690 1304 separari.

2163 611 2391 676 εἰκότως
2419 614 2476 667 οἱ
2516 610 2682 668 ἄλλοι
2724 609 2962 685 Πατέρες
3004 613 3166 684 ἡμῶν
3211 608 3497 672 παντελῶς
3537 609 3816 685 περιεῖλον

2159 702 2221 756 τὸ
2271 705 2398 776 [776
2457 703 2550 774 R.j
2615 703 2690 774 μὴ
2751 699 2860 755 δεῖν
2909 701 3242 774 προσάπτειν
3303 699 3356 754 ἐν
3414 704 3482 773 τῇ
3539 700 3818 774 Τρισαγίῳ

2165 788 2454 865 δοξολογίᾳ
2507 791 2568 845 τὸ
2644 795 2700 845 Ὀ
2768 789 3098 866 σταυρωθεὶς
3158 786 3227 843 δι’
3286 791 3436 863 ἡμᾶς
3477 805 3490 818 ⁶
3551 796 3652 857 τῆς
3713 790 3814 863 γαρ

2158 877 2443 951 τριαδικῆς
2501 879 2787 956 θεολογίας
2866 879 3035 951 ὕμνον
3103 879 3235 934 εἶναι
3292 879 3356 934 τὸ
3428 875 3814 952 δοξολόγημα,

2161 968 2275 1023 ἐπεὶ
2314 969 2403 1024 καὶ
2449 970 2476 1023 6
2524 965 2865 1044 Χερουῦικὸς
2907 966 3076 1042 ὕμνος
3127 967 3178 1023 ἐν
3223 973 3291 1043 τῇ
3341 966 3605 1042 Τριαδικῇ
3659 968 3817 1044 φωνῇ

2159 1065 2259 1127 τῆς
2316 1058 2609 1133 ἁγιότητος
2667 1059 3087 1137 προερχόμενος
3135 1058 3228 1112 ἀπ’
3286 1055 3465 1134 ἀρχῆς
3513 1063 3618 1125 τῆς
3681 1055 3815 1129 ὑπὲρ

2159 1153 2331 1202 πᾶσαν
2395 1149 2659 1223 ἁγιότητα
2715 1148 2803 1203 καὶ
2862 1148 3171 1222 ἀγαθότητα
3215 1145 3444 1220 Τριαδος
3497 1142 3818 1219 μελῲδημα

2164 1236 2503 1312 ἐγνωρίζετο.
2565 1235 2724 1295 Ἀλλ’
2789 1236 2898 1292 sifts
2973 1233 3028 1289 εὖ
3085 1235 3173 1289 καὶ
3241 1235 3439 1308 ἑτέρως
3523 1234 3649 1308 περὶ
3717 1239 3816 1288 τοῦ

401 1319 694 1396 Τρισαγίου
744 1319 1001 1395 διῄτησεν
1053 1325 1080 1378 6
1130 1324 1269 1399 ἀνὴρ
1326 1325 1492 1400 (τάχα
1536 1327 1638 1400 γάρ
1696 1329 1824 1400 [404
1867 1330 1958 1400 ΙΙ.]
2009 1347 2129 1382 τινα
2185 1332 2444 1402 παρεῖχεν
2493 1327 2639 1399 αὐτῷ
2685 1325 2953 1403 πρόφασιν
2987 1326 3015 1378 6
3055 1325 3244 1400 καιρὸς
3292 1327 3518 1379 τοιαῦτα
3559 1321 3819 1396 διαιτᾷν).

405 1408 504 1464 οὐκ
550 1403 665 1484 ἔχω
711 1414 803 1464 νῦν
851 1410 973 1466 οὐδὲ
1037 1412 1188 1486 ἑτέρα
1239 1415 1437 1488 γνώμῃ
1505 1415 1683 1490 κρίσιν
1747 1414 2010 1471 ἐπιθεῖναι
2076 1413 2415 1472 ἀδίστακτον.
2468 1413 2619 1484 Ιιλήν
2673 1414 2772 1471 οὐκ
2832 1413 3014 1484 ἀνίησι
3063 1414 3155 1469 τὸν
3207 1411 3572 1490 σχολαστικὸν
3623 1431 3823 1486 παραι-

404 1503 511 1553 νῶν
552 1504 632 1572 τῷ
661 1507 762 1570 τῆς
791 1499 1122 1572 Ἐκκλησίας
1154 1506 1487 1577 συναφθῆναι
1523 1504 1759 1578 σώματι.

483 1590 549 1644 In
592 1589 701 1645 hac
754 1591 1003 1662 epistola
1048 1609 1328 1650 canonem
1364 1611 1596 1666 quoque
1629 1597 1727 1667 qui
1761 1597 2056 1653 secundus

2237 1596 2324 1650 Ἐν
2353 1593 2522 1669 ταύτῃ
2553 1592 2610 1650 δὲ
2659 1598 2728 1666 τῇ
2772 1592 3038 1668 ἐπιστολῇ
3083 1593 3296 1648 καὶτὸν
3342 1595 3560 1662 κανόνα,
3591 1592 3652 1652 ὃς
3696 1590 3824 1646 δεύ-

409 1684 498 1735 est
528 1680 587 1734 in
617 1683 874 1736 secunda
905 1681 1124 1754 synodo
1149 1685 1788 1757 Constantinopolitana
1821 1690 1919 1743 150
1953 1689 2054 1745 Pa-

2179 1705 2319 1760 ιερος
2369 1686 2678 1760 ἀριθμεῖται
2729 1684 2779 1740 ἐν
2830 1687 2896 1758 τῇ
2949 1682 3169 1756 δευτέρᾳ
3216 1686 3322 1738 τῶν
3373 1683 3424 1737 ἐν
3481 1688 3826 1736 Κωνσταντιο

409 1773 590 1837 trum,
616 1771 737 1840 ipse
764 1771 864 1825 166
886 1788 1034 1841 esse,
1057 1773 1251 1829 nescio
1281 1791 1392 1844 quo
1420 1779 1673 1842 auctore,
1698 1793 1888 1848 neque
1918 1794 2054 1834 cum

409 1857 540 1913 aliis
566 1860 934 1915 consentiens
965 1869 1261 1920 numerat:
1289 1878 1475 1935 neque
1500 1863 1556 1920 in
1584 1865 1688 1920 hac
1713 1865 1838 1936 ipsa
1861 1868 2054 1936 modo,

407 1947 503 2001 sed
537 1955 589 2001 et
620 1947 678 2002 in
721 1948 850 2004 aliis
903 1951 1028 2020 ejus
1080 1951 1263 2019 libris,
1295 1953 1498 2008 eadem
1547 1953 1669 2024 ipse
1709 1955 2054 2026 quantitatis

409 2037 695 2094 rationem
726 2037 854 2094 init.

481 2217 835 2289 Auspicatus
865 2234 996 2275 vero
1022 2220 1280 2277 stadium
1313 2222 1641 2280 orthodoxae
1664 2224 1818 2290 fidei,
1845 2226 2056 2298 praefa-

414 2312 528 2371 tur,
560 2306 907 2364 conferenda
955 2325 1071 2365 non
1102 2324 1230 2366 esse
1260 2327 1383 2381 quae
1415 2312 1486 2368 de
1512 2313 1854 2386 theologicis
1883 2333 1916 2371 a
1947 2321 2062 2372 Pa-

413 2395 604 2451 tribus
653 2398 866 2454 nostris
914 2398 1144 2456 decreta
1193 2407 1351 2468 sunt,
1385 2418 1515 2458 cum
1568 2404 1742 2460 dictis
1790 2422 1824 2461 a
1872 2405 2062 2461 Leone

420 2483 690 2554 pontiﬁce
711 2486 782 2542 de
803 2484 1224 2544 incarnatione.
1249 2489 1360 2546 Sed
1383 2489 1562 2562 hujus
1583 2491 1907 2564 theologica
1931 2510 2062 2551 cum

423 2573 792 2646 theologicis,
813 2591 942 2648 qua:
971 2593 1104 2632 vero
1130 2579 1201 2634 de
1229 2579 1648 2650 incarnatione,
1673 2599 1805 2638 cum
1836 2584 1907 2639 iis
1938 2601 2065 2656 quas

421 2662 755 2735 analogiam
807 2665 1044 2722 habent.
1107 2669 1303 2724 πιθα
1369 2672 1665 2742 Quotquot
1710 2672 2066 2745 theologiam

429 2761 734 2828 opponunt
761 2757 1171 2830 incarnationi,
1205 2761 1263 2816 hi
1291 2763 1806 2834 reprehensionem
1837 2766 2067 2836 injustas

427 2845 685 2917 prtebent
733 2849 1052 2917 sententias,
1083 2849 1140 2905 in
1174 2866 1296 2922 qua;
1327 2851 1589 2924 linguam
1638 2859 1943 2926 exacuunt,
1978 2855 2069 2912 his

427 2950 560 2990 vero
584 2935 968 2993 nihilominus
992 2939 1103 2993 nisi
1125 2947 1491 3008 moveantur,
1525 2942 2069 3014 irreprehensibiles

2162 1775 2418 1831 νουπόλει
2465 1777 2538 1848 ρν¹
2583 1777 2851 1850 ίεριοτατῃ
2901 1772 3134 1847 συνόδῳ,
3186 1773 3344 1835 αὐτὸς
3397 1774 3502 1848 ρξς⁸
3553 1772 3690 1826 εἶναι
3744 1774 3820 1845 ⁵⁴,

2165 1866 2264 1921 οὐκ
2317 1863 2426 1920 οἶδ’
2485 1867 2602 1920 ὅθεν
2663 1861 2846 1920 λαϐὼν
2889 1861 3015 1919 οὐδὲ
3061 1863 3200 1919 τίσιν
3263 1859 3458 1925 ἄλλοις
3485 1861 3820 1930 συντάττων,

2169 1955 2411 2030 ἀριθμεῖ.
2443 1954 2553 2009 Οὐκ
2590 1953 2640 2008 ἐν
2682 1955 2849 2028 ταύτῃ
2893 1951 2949 2008 δέ
2983 1953 3170 2028 μόνον,
3218 1949 3363 2007 ἀλλὰ
3393 1952 3483 2007 καὶ
3529 1951 3582 2007 ἐν
3615 1950 3821 2014 ἄλλοις

2165 2044 2328 2100 αὐτοῦ
2362 2043 2546 2118 λόγοις
2577 2044 2678 2113 τήν
2709 2043 2874 2113 αὐτὴν
2909 2043 3055 2116 αὐτῷ
3084 2050 3184 2112 τῆς
3215 2041 3525 2113 ποσότητος
3549 2038 3820 2114 ἀπονέμει

2169 2152 2378 2209 χωραν.

2242 2225 2579 2299 ’Δρχόμενος
2635 2221 2692 2277 δὲ
2747 2229 2849 2292 τῆς
2915 2223 3049 2299 ὑπὲρ
3121 2226 3228 2277 τῶν
3285 2223 3460 2296 ὀρθῶν
3526 2218 3822 2295 δογμάτων

2173 2310 2438 2386 σπουδῆς,
2489 2312 2909 2386 προοιμιάζεται
2968 2313 3044 2386 μὴ
3104 2309 3214 2367 δεῖν
3265 2309 3565 2387 συγκρίνειν
3614 2309 3645 2371 ἃ
3702 2309 3834 2383 περὶ

2174 2401 2459 2477 θεολογίας
2517 2400 2730 2476 εἴρηται
2790 2407 2906 2463 τοῖς
2969 2401 3240 2476 Πατράσιν
3293 2402 3478 2472 ἡμῶν,
3523 2405 3643 2460 τοῖς
3701 2401 3831 2473 περὶ

2175 2489 2491 2564 οἰκονομίας
2538 2491 2850 2566 εἰρημένοις
2903 2491 3092 2546 Λέοντι
3137 2490 3215 2561 τῷ
3273 2490 3518 2562 Ῥώμης,
3566 2487 3717 2543 ἀλλὰ
3767 2491 3838 2542 τα

2179 2584 2274 2656 μὲν
2326 2580 2615 2656 θεολογικα
2660 2581 2855 2636 τούτου
2904 2585 3021 2641 τοῖς
3065 2577 3433 2654 θεολογικοῖς,
3479 2579 3549 2633 τὰ
3599 2576 3658 2633 δὲ
3708 2579 3840 2652 περὶ

2175 2679 2275 2741 τῆς
2306 2671 2624 2744 οἰκονομίας
2653 2676 2770 2732 τοῖς
2812 2667 3030 2746 ἔχουσιν
3079 2667 3385 2746 ἀναλόγως.
3419 2670 3574 2722 ’Ὸσοι
3623 2665 3683 2722 δέ
3731 2671 3838 2736 τήν

2179 2761 2466 2838 θεολογίαν
2518 2756 2988 2834 ἀντιπαρατιθέασι
3016 2765 3085 2834 τῇ
3132 2759 3443 2832 οἰκονομίᾳ.
3484 2756 3652 2812 Οῦτοι
3697 2758 3844 2832 γνώ·

2183 2871 2290 2923 μης
2324 2850 2417 2922 μέν
2466 2847 2655 2904 ἀδίκου
2684 2855 2784 2918 τῆς
2815 2849 3020 2902 έαυτῶν
3068 2846 3402 2922 παρέχονται
3447 2843 3677 2914 στήλην,
3710 2846 3840 2898 καθ’

2183 2939 2254 2993 ὦν
2286 2937 2343 2994 δὲ
2371 2940 2470 3007 τήν
2519 2937 2770 3011 γλῶσσαν
2815 2943 3048 3006 κινοῦσι,
3075 2937 3290 2998 τούτοις
3325 2932 3477 2990 οὐδέν
3527 2937 3688 3002 ἦττον
3716 2936 3754 3004 ἢ
3785 2935 3836 2970 ⁵⁵

425 3028 578 3078 sunt.
631 3024 732 3080 His
786 3027 1131 3097 praemissis,
1181 3029 1339 3085 dicta
1390 3032 1656 3101 quaedam
1708 3048 1776 3087 ex
1823 3032 2064 3103 epistola

2179 3028 2223 3084 εἰ
2287 3030 2362 3100 μὴ
2440 3025 2749 3096 ἔκεκίνηντο
2820 3027 2882 3082 τὸ
2942 3028 3176 3099 ἄμωμον
3252 3028 3598 3099 συντηροῦσι.
3658 3027 3841 3078 Ταῦτα

424 3112 631 3170 Leonis
663 3113 888 3179 recitat,
913 3130 1086 3184 quam
1108 3118 1179 3172 ad
1212 3122 1482 3174 sanctum
1515 3119 1851 3175 Flavianum
1885 3121 2066 3189 dedit,

428 3213 494 3252 ex
526 3215 592 3253 ea
623 3199 757 3255 item
809 3219 980 3271 quam
1014 3205 1085 3259 ad
1120 3205 1370 3262 Leonem
1422 3207 1832 3279 imperatorem
1884 3209 2067 3279 misit,

429 3286 644 3356 quibus
666 3287 882 3344 claram
905 3293 1161 3347 ostendit
1180 3293 1288 3348 viri
1313 3294 1698 3368 theologicam
1718 3297 2066 3366 doctrinam,

426 3376 816 3448 eumdemque
847 3394 974 3434 esse
1007 3381 1102 3436 Dei
1136 3382 1442 3450 Filium,et
1464 3385 1741 3453 hominis,
1770 3386 2070 3456 magnifice

424 3463 722 3536 praedicat,
747 3467 1043 3538 patibilem
1077 3475 1133 3527 et
1164 3471 1572 3544 impalibilem,
1597 3474 1991 3532 immortalem
2015 3480 2071 3531 et

425 3553 600 3608 morti
654 3554 990 3614 obnoxium.
1051 3559 1120 3615 Et
1171 3577 1287 3618 uno
1344 3562 1539 3628 verbo,
1589 3579 1886 3620 summam
1944 3580 2070 3621 esse

423 3641 594 3698 Verbi
626 3648 683 3700 et
713 3644 965 3704 hominis
989 3649 1294 3719 unitatem,
1317 3656 1475 3708 certo
1498 3660 1552 3708 et
1573 3652 1852 3709 divinitus
1876 3653 2071 3725 expla-

425 3733 605 3790 navit.
666 3735 816 3799 Quin
860 3741 915 3792 et
964 3737 1168 3796 iisdem
1228 3740 1438 3796 litteris
1491 3741 1818 3798 Nestorium
1875 3747 2071 3814 aperte

428 3826 840 3882 communione
863 3829 1325 3888 interdicendum
1348 3831 1598 3896 censuit,
1620 3832 1717 3902 qui
1744 3831 1974 3888 beatam
2006 3849 2072 3890 ac

426 3911 737 3984 Deiparam
791 3915 1078 3988 Virginem
1128 3935 1245 3974 non
1277 3917 1403 3988 Dei,
1435 3921 1536 3976 sed
1568 3919 1826 3977 hominis
1877 3922 2071 3979 solum

431 4008 675 4060 matrem
708 4006 1002 4078 appellare
1032 4012 1119 4064 est
1147 4025 1345 4066 ausus.
1378 4010 1639 4067 Primum
1672 4027 1907 4083 quoque
1938 4013 2073 4068 bea-

429 4096 552 4149 tum
588 4096 836 4153 Leonem
869 4099 1166 4170 perspicue
1197 4100 1341 4172 ipsis
1371 4103 1608 4159 vocibus
1637 4103 2072 4176 pronuntiasse,

433 4184 530 4240 Dei
587 4193 832 4242 matrem
883 4203 1013 4244 esse
1060 4189 1284 4246 beatam
1332 4190 1590 4257 Mariam,
1642 4207 1776 4249 cum
1827 4191 2075 4248 aliorum

431 4278 564 4329 ante
590 4273 784 4346 ipsum
820 4279 1053 4332 Patrum
1085 4294 1255 4334 nemo
1286 4279 1343 4334 id
1375 4284 1495 4335 tam
1529 4279 1683 4337 clare
1714 4279 2000 4350 extulerit,
2024 4285 2079 4336 et

432 4361 555 4418 haec
587 4365 817 4433 quidem
850 4366 1039 4437 capite
1069 4367 1256 4438 primo
1282 4369 1674 4441 persequitur.

2178 3114 2640 3189 προδιασκευάσας
2692 3114 2830 3188 ῥητὰ
2877 3115 3106 3189 προάγει
3148 3115 3270 3168 τινα
3311 3115 3412 3182 τῆς
3460 3111 3762 3180 ἐπιπολῆς
3793 3115 3841 3148 ⁸⁸

2176 3205 2271 3260 τοῦ
2321 3204 2630 3278 ἁγιωτάτου
2680 3204 2936 3270 Λέοντος,
2969 3206 3034 3272 ἣν
3083 3201 3284 3264 ἐκεῖνος
3321 3200 3526 3278 ἔγραψε
3565 3201 3705 3274 πρὸς
3736 3202 3836 3255 τὸν

2178 3295 2228 3348 ἐν
2262 3292 2440 3369 ἁγίοις
2492 3288 2827 3362 Φλαϐιανὸν,
2859 3292 2948 3348 καὶ
3003 3294 3111 3365 μὴν
3161 3291 3250 3346 καὶ
3289 3298 3390 3360 τῆς
3438 3291 3576 3365 πρὸς
3625 3291 3840 3345 Λέοντα

2176 3384 2268 3438 τὸν
2311 3382 2558 3459 βασιλέα,
2590 3384 2639 3438 ἐν
2674 3386 2760 3444 αῖς
2791 3382 3080 3457 θεολογίαν
3111 3403 3169 3436 τε
3200 3381 3457 3456 λαμπρὰν
3503 3379 3602 3436 τοῦ
3633 3377 3838 3454 ἀνδρὸς

2179 3469 2524 3541 ἐπιδεικνύει,
2578 3472 2666 3526 καὶ
2725 3472 2808 3526 ὅτι
2860 3473 2952 3527 τὸν
3008 3470 3168 3527 αὺτὸν
3227 3473 3346 3525 ι”ιὸν
3400 3475 3500 3526 τοῦ
3556 3474 3693 3524 Θεοῦ
3739 3470 3838 3524 καὶ

2179 3561 2402 3632 ἀληθῶς
2487 3560 2604 3615 υἱὸν
2690 3561 2980 3636 ἀνθρώπου
3075 3560 3312 3636 γενέσθαι
3415 3559 3838 3637 μεγαλοφώνους

2178 3649 2558 3725 ἀνακηρύττει,
2606 3652 2851 3721 παθητόν
2906 3672 2964 3706 τε
3009 3651 3100 3705 τὸν
3147 3650 3311 3706 αὐτὸν
3359 3650 3446 3704 καὶ
3499 3649 3708 3718 ἀπαθῆ,
3737 3650 3838 3703 καὶ

2178 3739 2270 3796 τὸν
2325 3739 2589 3794 ἀθάνατον
2633 3739 2828 3812 νόμοις
2880 3738 3154 3813 ὑποκύψαι
3204 3740 3455 3808 θανάτου,
3486 3739 3580 3792 καὶ
3634 3737 3832 3798 ἅπλῶς

2179 3831 2279 3899 τήν
2313 3827 2474 3904 ἄκραν
2516 3826 2706 3884 ἕνωσιν
2737 3833 2834 3884 τοῦ
2883 3829 3062 3904 Λόγου
3094 3829 3180 3884 καὶ
3222 3835 3324 3898 τῆς
3354 3831 3552 3902 σαρκὸς
3586 3829 3842 3900 ἀμωμή-

2180 3939 2288 3981 τως
2338 3940 2396 3974 τε
2448 3917 2538 3974 καί
2587 3922 2904 3994 θεοπρεπῶς
2954 3916 3323 3994 διετρεὶνωσεν.
3373 3917 3456 3974 Οὐ
3519 3918 3630 3991 μὴν
3686 3914 3839 3971 ἀλλὰ

2179 4009 2270 4064 καὶ
2331 4009 2619 4084 Νεστόριον
2669 4007 2897 4083 λαμπρᾷ
2939 4012 3008 4083 τῇ
3058 4011 3213 4081 φωνῇ
3269 4006 3320 4061 ἐν
3371 4012 3490 4068 ταῖς
3548 4006 3840 4066 τοιαύταις

2181 4097 2500 4161 ἐπιστολαῖς
2575 4098 2982 4170 ἀναθεματίσαι,
3056 4097 3131 4158 ὡς
3207 4097 3304 4164 τὴν
3387 4093 3657 4170 μακαρίαν
3746 4095 3842 4150 καῖ

2188 4187 2436 4242 θεοτόκον
2470 4185 2676 4262 Μαρίαν
2729 4185 2859 4262 οὐχὶ
2888 4189 2994 4241 τοῦ
3035 4189 3190 4254 Θεοῦ,
3221 4183 3511 4258 ἀνθρώπου
3561 4181 3622 4238 δὲ
3671 4184 3840 4257 μόνον

2187 4274 2542 4349 τολμήσαντα
2575 4275 2742 4330 εἰπεῖν
2797 4274 3009 4350 μητέρα
3040 4293 3053 4307 ·
3108 4274 3196 4329 καὶ
3224 4273 3308 4329 ὅτι
3358 4276 3577 4347 πρῶτος
3626 4273 3655 4326 6
3688 4272 3736 4307 δί’
3785 4270 3839 4326 ἐν

2111 4352 2156 4416 D
2189 4365 2363 4440 ἁγίοις
2413 4363 2562 4420 Λέων
2612 4361 2804 4426 ἴδικῶς
2853 4364 2995 4418 εἶπεν
3046 4362 3232 4425 αὐταῖς
3275 4362 3478 4434 λέξεσιν
3518 4362 3595 4423 ὡς
3651 4363 3840 4435 μήτηρ

434 4456 566 4505 Θεοῦ
625 4451 766 4507 ἐστιν
822 4456 856 4523 ἡ
914 4455 1041 4530 ἁγία
1107 4455 1388 4528 Θεοτόκος,
1445 4461 1552 4512 τῶν
1609 4458 1713 4533 πρὸ
1774 4456 1936 4513 αὐτοῦ
1992 4457 2242 4534 Πατέρων
2301 4455 2445 4512 οὕτω
2505 4453 2844 4529 διαπρυσίοις
2914 4455 3120 4528 ῥήμασι
3187 4460 3262 4527 μῆ
3333 4457 3494 4508 τοῦτο
3554 4452 3838 4530 φαμένων.

431 4540 503 4597 T6
539 4541 633 4612 μὲν
659 4539 749 4595 οῦν
783 4547 998 4618 πρῶτον
1031 4544 1180 4618 αὐτῷ
1204 4545 1497 4622 κεφαλαιον
1525 4551 1692 4602 ταῦτα
1723 4543 2013 4604 διατάττει.

502 4632 724 4705 Excipit
753 4634 860 4691 hoc
893 4637 1246 4708 proximum,
1275 4655 1390 4709 quo
1425 4639 1754 4695 ostenditur
1802 4642 2071 4694 sanctum

433 4724 683 4782 Leonem
716 4725 952 4797 reliquis
983 4729 1245 4784 Patrihus
1272 4728 1954 4798 consentientem,unum
1978 4728 2072 4784 Fi-

431 4814 575 4872 lium
628 4831 758 4873 esse
813 4817 1117 4874 confiteri:
1152 4824 1328 4891 atque
1385 4819 1559 4874 unius
1597 4822 1654 4873 et
1692 4818 1953 4889 ejusdem
2011 4820 2077 4872 ut

433 4905 608 4962 aliam
643 4908 911 4975 formam,
951 4909 1035 4964 sic
1087 4911 1144 4963 et
1198 4907 1482 4964 diversam
1515 4911 1736 4963 naturis
1764 4907 2074 4975 actionem,

431 5011 716 5070 nusquam
772 4997 1115 5055 divisionem
1149 4999 1373 5054 unitate
1402 4999 1722 5068 adducens,
1755 4998 1857 5054 sed
1890 5013 2074 5053 unum

432 5084 731 5143 hominem
766 5088 983 5144 factum
1017 5088 1200 5146 Deum
1234 5088 1488 5145 Verbum
1535 5088 1829 5161 praedicat.
1863 5085 2077 5158 Adjicit

432 5187 566 5230 vero
616 5175 824 5234 Leonis
877 5178 1177 5234 sententia
1209 5183 1265 5235 et
1295 5177 1490 5252 Cyrilli
1522 5179 1813 5249 dogmata,
1844 5176 2075 5248 conspi-

436 5275 564 5316 rare
615 5263 765 5318 inter
811 5283 872 5322 se
919 5267 1253 5337 ostendens,
1299 5274 1356 5324 et
1393 5267 1653 5340 Gregorii
1707 5265 1968 5338 Nysseni,
2021 5269 2078 5322 et

432 5345 574 5403 Julii
604 5348 872 5410 Romani.
909 5356 1120 5412 Adhaec
1150 5361 1207 5413 et
1235 5357 1410 5414 verba
1441 5357 1623 5430 ponit,
1653 5355 1866 5428 quibus
1908 5359 2076 5412 utens

2254 4635 2511 4709 Δεύτερον
2545 4632 2602 4690 δὲ
2631 4633 2779 4707 αὖτῴ
2824 4635 3144 4708 προάγεται,
3177 4629 3248 4687 δι’
3299 4633 3362 4686 οὗ
3405 4630 3662 4687 δείκνυται
3695 4630 3770 4690 ὡς
3808 4633 3837 4684 ὁ

2182 4725 2480 4787 ὂσιώτατος
2538 4724 2689 4778 Λέων
2747 4727 2864 4786 τοῖς
2916 4723 3155 4795 Πατρᾶσι
3223 4725 3531 4800 συμφωνῶν
3582 4716 3680 4774 ’ἕνα
3733 4719 3832 4774 τὸν

2184 4813 2344 4869 αὐτὸν
2377 4811 2649 4888 ὁμολογεῖ
2696 4813 2836 4879 Υίὸν,
2869 4811 2959 4866 καὶ
3007 4815 3103 4866 τοῦ
3133 4812 3303 4866 αὗτοῦ
3352 4809 3442 4864 καί
3492 4811 3606 4872 ἑνὸς
3653 4808 3840 4885 ὥσπερ

2183 4903 2434 4978 ἑκατέραν
2491 4903 2729 4980 μορφὴν,
2783 4901 2924 4956 οὕτω
2964 4901 3055 4955 καὶ
3112 4901 3212 4968 τήν
3272 4896 3536 4973 διάφορον
3603 4901 3842 4979 φυσικήν

2184 4989 2471 5066 ἐνέργειαν,
2525 4990 2770 5066 οὐδαμοῦ
2817 4987 3074 5066 διαίρεσιν
3108 4993 3178 5063 τῇ
3227 4988 3414 5043 ἐνώσει
3463 4989 3844 5062 παρεισάγων,

2184 5081 2312 5138 ἀλλ’
2367 5078 2458 5136 ἕνα
2513 5083 2603 5137 τὸν
2679 5080 3087 5154 σεσαρκωμένον
3149 5079 3377 5152 ἆνυμνεῖ
3449 5077 3583 5132 Θεὸν
3641 5077 3840 5153 Λόγον.

2187 5170 2523 5247 Παρατίθησι
2577 5168 2634 5226 δὲ
2683 5176 2804 5232 ταῖς
2861 5175 3065 5247 φωναῖς
3111 5172 3208 5224 τοῦ
3268 5166 3422 5223 ὁσίου
3484 5167 3720 5229 Λέοντος
3775 5167 3844 5221 τὰ

2186 5259 2467 5338 Κυρίλλου
2501 5259 2776 5336 δόγματα,
2810 5256 3020 5321 δεικνὺς
3051 5258 3189 5313 κατὰ
3219 5257 3392 5312 πάντα
3418 5260 3844 5334 συμφωνοῦντα,

2186 5350 2277 5406 καὶ
2309 5349 2376 5420 δὴ
2409 5351 2498 5407 καὶ
2539 5346 2842 5426 Γρηγορίου
2873 5352 2969 5404 τοῦ
3017 5346 3259 5417 Νόσσης,
3292 5344 3442 5401 ἀλλὰ
3471 5346 3561 5400 καί
3609 5343 3848 5400 Ἰουλίου

1793 5479 2034 5536 VARL’E
2078 5475 2484 5534 LECTIONES.

502 5576 551 5656 ’1‘
582 5578 738 5656 εἶναι]
770 5581 857 5634 καὶ
878 5581 1024 5656 εἶναι
1050 5583 1137 5656 ς’.
1237 5587 1282 5621 ⁵⁵
1311 5586 1345 5656 ἢ
1379 5588 1510 5645 libri
1542 5605 1657 5646 om.

1762 5590 1806 5626 ⁸⁸
1835 5588 2096 5664 προσάγει
2142 5585 2263 5664 τινᾶ
2292 5586 2360 5664 τῇ
2393 5579 2671 5664 ἐπιστολῇ,

2881 5581 2924 5618 ⁸⁷
2955 5580 2983 5634 ὁ
3033 5581 3174 5650 add,
3201 5580 3267 5634 Α.
3319 5578 3511 5650 quiin
3544 5580 3852 5650 [113:ch

434 5649 600 5737 τ’)ὖξό
635 5641 802 5737 ﬁlia“,
825 5670 847 5717 ι’
874 5641 1147 5725 Κύριλ)ῗος
1187 5657 1290 5732 γὰρ
1321 5641 1931 5737 καῖψέίλλοί-προεῖποιν.
1953 5641 2150 5717 6'1".
2191 5641 2444 5713 θεοτόκον
2477 5654 2572 5728 μὲν
2607 5641 2884 5730 λέγουσιν,
2918 5652 3126 5727 μητέρα
3157 5648 3213 5706 δὲ
3243 5653 3368 5705 θεοῦ
3399 5647 3498 5704 οὐκ
3527 5647 3704 5715 εἷπον,
3750 5647 3848 5702 κᾶν

439 5741 514 5796 μη
526 5717 611 5779 δέν
646 5717 992 5800 διενήνοχεν.
