4138 6228
297 420 411 481 961

1389 415 1935 479 BIBLIO'l‘HECA.
1979 446 2053 460 -
2099 416 2275 477 COD.
2321 412 2686 476 CCXXVllI.

3593 423 3712 484 962

293 552 394 604 τοῦ
442 548 688 621 Ῥώμης.
748 549 870 603 Ἔτι
918 548 1025 619 μήν
1085 548 1381 620 παρίστησι
1434 549 1534 617 τήν
1597 544 1765 618 Λέξιν,
1808 548 1949 620 ᾗπερ

2075 548 2268 605 beatus
2288 547 2421 615 Leo,
2445 545 2689 618 impiam
2706 546 3144 603 Severianorum
3178 548 3530 606 calumniam
3565 553 3708 609 sub-

294 638 648 714 χρησάμενος
706 637 735 692 ὁ
785 634 840 691 ἐν
911 635 1089 712 ἁγίοις
1147 637 1301 693 Λέων
1381 630 1646 705 διαϐολὴν
1705 631 1949 698 ἀσεϐείας

2075 637 2204 705 ιίθίι,
2233 652 2348 693 non
2381 635 2562 693 semel
2608 643 2778 707 atque
2816 637 3020 692 iterum
3053 637 3153 692 sed
3187 638 3500 709 quinquies
3531 657 3564 696 a
3593 640 3705 712 Cy-

302 728 508 798 ύπέστη
542 728 691 803 παρᾶ
717 730 828 783 τῶν
858 725 964 782 ἀπὸ
1006 722 1279 803 Σεϐήρου,
1313 725 1482 795 αὐτὴν
1512 725 1712 798 ταύτην
1744 726 1791 763 ⁵⁸
1839 726 1951 805 οὐχ

301 817 436 886 ἅπαξ
470 813 601 872 οὐδὲ
629 813 713 879 δίς
746 814 892 872 ἀλλά
920 816 1010 872 καὶ
1040 817 1293 878 πεντάκις
1334 816 1630 891 εἰρημένην
1673 813 1952 891 Κυρίλλῳ,

304 905 451 983 φημί
502 902 569 975 δὴ
621 907 683 960 τὸ
738 901 1012 978 ἑκατέρας.
1065 903 1142 962 O5
1190 903 1471 981 Κύριλλον
1530 902 1587 959 δὲ
1647 902 1804 978 μόνον
1862 904 1954 960 τὸν

304 993 606 1073 νικηφόρον
662 995 898 1069 χρῆσθαι
947 997 1016 1068 τῇ
1065 996 1243 1072 φωνῇ,
1274 995 1393 1049 καθ’
1438 997 1507 1064 ἧς
1544 996 1673 1065 [ἔιοὸ
1723 995 1812 1067 ίΙ.]
1861 1014 1959 1067 με-

308 1084 548 1158 μηνότες
589 1084 641 1138 οἰ
670 1081 777 1138 ἀπὸ
810 1078 1060 1158 Σεϐήρου
1092 1078 1402 1139 δυσσέϐειαν
1442 1087 1524 1157 τῷ
1555 1084 1808 1160 θειοῳόρῳ
1840 1081 1960 1138 ἐπι-

303 1174 576 1252 γράφουσι
607 1173 822 1243 Λέοντι,
852 1170 1000 1227 ἀλλὰ
1028 1172 1120 1228 καί
1168 1174 1261 1228 τὸν
1295 1173 1601 1246 θαυμαστὸν
1651 1169 1954 1228 Βασίλειον.

299 1263 419 1321 Οὐκ
447 1260 502 1317 ἐν
537 1259 707 1335 ταύτῃ
737 1260 795 1317 δὲ
847 1261 988 1336 μόνῃ
1020 1264 1090 1336 τῇ
1140 1265 1297 1342 φωνῇ
1331 1267 1643 1339 συμφωνεῖν
1692 1266 1809 1324 τοῖς
1852 1265 1959 1316 τῶν

299 1348 558 1422 Πατέρων
608 1348 805 1427 λογάσι
852 1350 942 1405 τὸν
994 1348 1047 1405 ἐν
1104 1351 1278 1413 ὁσίοις
1330 1347 1673 1407 ἀποδείκνυσι
1732 1349 1957 1420 Λέοντα,

305 1440 440 1512 [777
488 1439 578 1511 R.]
610 1434 756 1493 ἀλλά
802 1438 893 1493 καὶ
925 1435 979 1493 ἐν
1025 1443 1143 1501 τοῖς
1189 1436 1385 1503 ἄλλοις
1424 1440 1588 1494 ἅπασι
1635 1436 1873 1514 δόγμασί
1901 1458 1960 1493 τε

377 1528 393 1547 ι
440 1528 453 1545 ν
690 1547 703 1559 ,
799 1528 810 1549 s
858 1528 883 1547 ν
954 1527 968 1547 ο
1151 1533 1176 1545 σ-
1502 1532 1531 1544 ο
1718 1528 1733 1548 ο
1922 1527 1935 1547 1

301 1546 395 1583 και
425 1529 661 1602 ρήμασι,
693 1528 791 1582 καθ
843 1548 917 1582 ων
950 1526 1202 1584 υλακτειν
1232 1528 1283 1584 οἱ
1315 1529 1634 1604 αἰρεσιωται
1675 1549 1739 1584 ου
1769 1548 1960 1607 πεφρι-

299 1637 424 1672 κασι
459 1633 474 1649 ⁸
527 1615 653 1679 τοὺς
695 1637 753 1671 τε
781 1617 886 1692 γὰρ
937 1615 1260 1692 εἰρημένους
1305 1617 1547 1694 Πατέρας
1597 1615 1881 1691 ὁμοδοξεῖν
1914 1618 1959 1655 ⁸³

300 1727 362 1764 τε
403 1706 495 1761 καὶ
526 1704 824 1782 ὁμολογεῖν
862 1710 942 1777 τῷ
987 1704 1165 1780 ἀνδρὶ,
1197 1706 1285 1763 καὶ
1339 1708 1445 1780 μὴν
1496 1707 1587 1762 καὶ
1638 1706 1956 1764 Ἀθανάσιον

302 1795 399 1852 τὸν
463 1792 807 1866 πολύαθλον,
872 1796 963 1850 καί
1035 1796 1130 1852 τὸν
1189 1794 1242 1850 ἐν
1315 1794 1571 1873 θεολογίᾳ
1626 1791 1956 1871 περιϐόητον

2059 726 2190 782 rillo
2248 726 2588 798 irrogatam,
2655 725 2882 793 ambas,
2939 725 3204 797 inquam,
3260 732 3523 784 naturas.
3579 730 3707 787 Non

2063 814 2336 887 Cyrillum
2389 815 2560 871 modo
2611 814 2887 872 victorem
2930 815 3041 872 hac
3072 816 3157 872 uti
3187 832 3346 887 voce,
3379 819 3544 888 cujus
3595 836 3713 875 me-

2065 919 2257 961 mores
2289 903 2485 960 Severi
2514 902 2772 972 asseclm,
2806 904 3166 976 impietatem
3199 906 3371 962 Leoni
3419 905 3713 978 imputant

2064 993 2168 1049 sed
2207 996 2266 1049 et
2315 993 2549 1049 beatum
2599 993 2900 1062 Basilium,
2934 1011 3051 1050 non
3093 994 3152 1050 in
3193 994 3303 1051 hac
3347 994 3532 1052 solum
3578 1013 3716 1054 voce

2066 1099 2200 1139 cum
2233 1083 2452 1139 sanctis
2483 1083 2755 1139 Patribus
2787 1084 3112 1141 consentire
3142 1090 3412 1142 sanctum
3463 1090 3712 1145 Leonem

2066 1172 2340 1241 ostendit,
2371 1189 2567 1229 verum
2618 1173 2793 1229 etiam
2838 1174 2895 1229 in
2934 1174 3209 1231 omnibus
3260 1176 3404 1233 adeo
3439 1181 3495 1233 et
3528 1177 3716 1234 verbis

2066 1268 2126 1319 et
2174 1262 2363 1318 246!)
2413 1262 2806 1335 dogmatibus,
2842 1263 3057 1335 quibus
3115 1262 3405 1321 oblatrare
3465 1265 3719 1323 haeretici

2067 1366 2185 1408 non
2211 1351 2595 1409 erubuerunt.
2629 1351 2942 1408 Prasdictos
2973 1351 3129 1409 enim
3162 1352 3358 1411 Patres
3390 1359 3541 1412 recte
3581 1372 3714 1412 cum

2067 1441 2168 1497 illo
2199 1439 2437 1506 sentire,
2463 1444 2526 1496 ut
2555 1444 2613 1497 ct
2639 1439 2941 1497 laboribus
2971 1442 3290 1499 exercitum
3309 1443 3715 1515 Athanasium,

2067 1534 2126 1587 et
2156 1529 2413 1602 theologi
2445 1529 2791 1602 cognomine
2822 1531 3128 1604 praeditum
3175 1532 3542 1604 Gregorium,
3576 1534 3718 1590 Pro-

2068 1619 2223 1676 clum
2261 1636 2490 1692 quoque
2520 1620 3130 1692 Constantinopoleos,
3153 1625 3209 1677 et
3239 1621 3715 1694 Amphilochium

2068 1708 2252 1765 Iconii
2310 1707 2604 1780 praesules,
2655 1712 2711 1764 et
2753 1709 3168 1766 admirandum
3217 1710 3384 1767 illum
3428 1711 3715 1769 Joannem

2065 1797 2566 1871 Chrysostomum.
2599 1798 2665 1853 Et
2695 1797 2818 1855 haec
2849 1799 3085 1871 quidem
3117 1799 3300 1870 capite
3330 1801 3610 1859 secundo.

303 1884 629 1961 Γρηγόριον,
680 1885 929 1962 Πρὸκλον
973 1907 1032 1942 τε
1080 1886 1171 1942 τὸν
1224 1885 1848 1951 Κωνσταντινουπόλεως
1891 1887 1979 1942 καὶ
2017 1886 2389 1963 Ἀμφιλόχιον
2437 1885 2531 1941 τὸν
2578 1883 2806 1942 Ἰκονίου
2852 1887 3059 1943 καὶτὸν
3109 1888 3409 1962 θαυμάσιον
3459 1890 3715 1962 Ἰωάννην

304 1976 397 2030 τὸν
426 1974 836 2050 Χρυσόστομον.
869 1972 1044 2032 Ἀλλά
1070 1980 1239 2031 ταῦτα
1270 1977 1365 2050 μὲν
1397 1976 1488 2032 καὶ
1515 1978 1578 2032 τὸ
1611 1974 1859 2053 δεύτερον
1887 1978 1936 2015 ⁸9
1962 1974 2111 2049 αὐτῷ
2140 1973 2667 2051 διαπραγματεύεται
2701 1975 3021 2054 κεφάλαιον.

374 2065 444 2121 Τὸ
477 2062 534 2121 δὲ
581 2064 788 2141 τρίτον,
838 2064 1019 2122 ὅτιτά
1066 2065 1237 2142 ἄρθρα
1282 2067 1694 2142 προταττόμενα
1743 2072 1851 2123 τῶν
1898 2064 1951 2122 ἐν

2133 2066 2417 2133 Tertium,
2433 2065 2714 2123 articulos
2735 2068 2999 2140 prmﬂxos
3016 2072 3359 2127 naturarum
3386 2070 3443 2127 in
3464 2070 3717 2139 Christo;

300 2159 385 2227 τῷ
428 2159 650 2230 Χριστῷ
697 2155 906 2229 φύσεων
955 2153 1217 2230 οὐδαμῶς
1265 2156 1397 2211 υἱῶν
1462 2154 1631 2212 δυάδα
1686 2157 1955 2212 ἐπινονεῖν

304 2243 572 2317 οὐμενοῦν
627 2244 740 2318 οὐχ
805 2244 1137 2314 ὑποτίθεται,
1192 2244 1319 2301 ἀλλ’
1377 2243 1515 2300 ἔστιν
1589 2242 1797 2319 ἰδίωμα
1854 2251 1955 2315 τῆς

305 2331 456 2396 θείας
494 2335 538 2371 ⁶¹
596 2340 838 2410 Γραφῆς,
896 2335 961 2391 οὐ
1038 2337 1346 2410 προσώπων
1420 2336 1513 2410 μὶν
1569 2337 1665 2410 (ὼς
1722 2336 1956 2411 εἴρηται)

304 2420 481 2478 δυαδα
519 2426 863 2500 παρεισάγον,
893 2423 989 2486 τὰς
1036 2423 1322 2487 ὲνωθείσας
1354 2422 1411 2480 δὲ
1458 2423 1644 2503 φύσεις
1673 2424 1954 2498 ἀτμήτους

304 2533 367 2570 τε
395 2513 487 2568 καί
517 2510 860 2588 ἀδιαιρέτους
899 2510 1280 2592 διαφυλάττον.
1330 2513 1429 2569 Καί
1466 2515 1568 2591 γὰρ
1612 2515 1702 2570 καί
1750 2514 1953 2586 ταύτην

304 2604 409 2672 τὴν
467 2600 725 2679 ἐπήρειαν
783 2603 921 2658 κατά
973 2608 1075 2673 τῆς
1129 2607 1227 2659 τοῦ
1285 2604 1513 2667 Λέοντος
1569 2602 1863 2674 ἐπιπολῆς
1916 2605 1951 2673 ἡ

309 2691 558 2765 αἱρετική
592 2689 763 2748 λύσσα
809 2690 1082 2769 κατέχεεν,
1115 2691 1359 2756 εἰπόντος
1406 2692 1571 2749 αύτοῦ
1603 2712 1618 2728 ·
1656 2696 1859 2769 Ὥσπερ
1898 2692 1953 2749 ἐν

308 2784 394 2854 τῷ
449 2779 620 2837 ἰλεεῖν
677 2782 705 2837 ὁ
761 2782 888 2845 Θεὸς
941 2783 1153 2857 τροπὴν
1230 2781 1338 2858 οὐχ
1396 2783 1702 2858 ὑφίσταται,
1780 2782 1953 2846 οὕτως

305 2872 337 2927 ὁ
388 2870 671 2946 ἄνθρωπος
724 2876 804 2945 τῷ
866 2872 1080 2948 μεγέθει
1139 2879 1240 2942 τῆς
1299 2872 1447 2946 ἀξίας
1513 2871 1613 2928 οὐκ
1666 2870 1954 2928 ἀναλίσκε-

301 2983 420 3019 ται.
457 2967 626 3038 Ὅπερ
657 2960 750 3017 οὖν
798 2960 1033 3037 εἷ’ρηται,
1063 2964 1199 3019 κατά
1243 2962 1306 3019 τὸ
1342 2962 1524 3038 τρίτον
1568 2961 1865 3042 κεφάλαιον
1896 2962 1956 3019 in

296 3072 360 3106 τε
390 3055 499 3107 τῶν
533 3050 920 3127 Εὖαγγελικῶν
952 3056 1149 3132 φωνῶν
1179 3052 1269 3107 καί
1302 3049 1364 3107 ὲκ
1391 3056 1499 3107 τῶν
1545 3051 1951 3122 ἀποστολικῶν,

296 3138 392 3195 καὶ
425 3137 495 3207 δὴ
525 3139 616 3194 καί
646 3137 706 3195 ἐκ
732 3145 842 3195 τῶν
875 3139 1152 3216 μακαρίων
1180 3140 1438 3215 Πατέρων
1470 3142 1653 3215 ἡμῶν,
1687 3139 1952 3218 Ἰγνατίου

297 3232 402 3284 τοῦ
447 3228 715 3306 θεοφόρου
771 3229 859 3283 καί
906 3227 1145 3286 Ἰουλίου
1192 3230 1282 3285 καὶ
1332 3231 1648 3288 ’Λθανασίου
1692 3229 1783 3285 καί
1826 3236 1962 3306 Γρη-

305 3316 516 3393 γορίων
546 3316 638 3373 καὶ
669 3316 977 3389 Βασιλείου,
1013 3316 1288 3394 διελέγχει
1335 3318 1462 3382 τοὺς
1496 3314 1771 3382 δυσσεϐεῖς
1819 3320 1894 3381 ὡς
1923 3320 1959 3389 ἡ

2066 2171 2441 2230 nequaquam
2477 2155 2626 2214 filios
2655 2157 2804 2213 duos
2835 2157 3131 2224 exhibere,
3162 2176 3278 2216 non
3318 2158 3496 2232 igitur
3526 2162 3731 2232 subji-_

2066 2246 2237 2316 citur,
2270 2246 2372 2303 sed
2415 2250 2506 2303 est
2544 2246 2819 2319 proprius
2868 2246 3146 2319 loquendi
3188 2264 3365 2306 sacras
3403 2249 3720 2318 Scriptum

2068 2337 2321 2407 modus;
2351 2353 2468 2393 non
2514 2337 2663 2394 duas
2710 2337 2948 2410 quidem
2993 2355 3298 2411 personas,
3332 2347 3395 2396 ut
3443 2340 3719 2413 diximus,

2066 2426 2426 2497 signiﬁcans,
2460 2426 2560 2483 sed
2591 2426 2786 2483 unitas
2818 2431 3059 2484 naturas
3089 2427 3514 2500 inseparabiles
3544 2434 3602 2486 et
3631 2430 3720 2486 in-

2065 2515 2332 2572 dividuas
2354 2532 2731 2573 conservans.
2757 2517 2981 2573 Etenim
3005 2516 3275 2573 haretica
3296 2518 3489 2574 rabies
3509 2519 3720 2575 effudit

2063 2603 2343 2676 injuriam
2401 2610 2605 2662 contra
2664 2606 2868 2662 Leonis
2924 2606 3233 2679 epistolam
3290 2606 3375 2663 sic
3421 2607 3712 2664 dicentis:

2065 2693 2533 2763 Quemadmodum
2596 2695 2914 2752 miserando
2969 2698 3337 2753 mutationem
3406 2697 3541 2752 Deus
3594 2713 3711 2752 non

2062 2784 2317 2855 suscipit,
2349 2785 2428 2839 sic
2454 2784 2612 2840 homo
2651 2783 2939 2852 dignitatis
2978 2784 3363 2854 magnitudine
3398 2801 3508 2842 non
3534 2786 3702 2857 perit.

2064 2872 2226 2938 Quod
2273 2872 2452 2944 igitur
2499 2872 2663 2929 tertio
2706 2872 2891 2943 capite
2937 2873 3155 2929 dictum
3201 2877 3386 2931 estex
3419 2875 3714 2947 Evangelii

2064 2967 2123 3019 et
2163 2962 2561 3034 apostolorum
2612 2980 2813 3033 sensu,
2861 2967 3037 3036 atque
3082 2964 3222 3022 adeo
3271 2982 3339 3021 ex
3378 2971 3711 3024 sanctorum

2065 3054 2305 3109 Patrum
2357 3053 2664 3123 sententia,
2704 3052 2887 3109 divini
2931 3053 3166 3124 Ignatii,
3199 3054 3358 3120 Julii,
3391 3055 3714 3128 Athanasii,

2068 3140 2505 3214 Gregoriorum,
2539 3144 2596 3199 et
2626 3140 2846 3212 Basilii,
2879 3141 3253 3214 reprehendit
3290 3142 3525 3216 impios,
3558 3146 3716 3216 quod

2070 3231 2450 3290 articulorum
2508 3248 2650 3289 usus
2703 3234 2929 3303 (omnes
2975 3233 3133 3289 enim
3164 3233 3225 3290 hi
3250 3234 3372 3291 illis
3408 3234 3502 3292 usi
3552 3235 3715 3306 sunt)

2072 3321 2291 3378 nullam
2313 3321 2631 3379 sectionem
2656 3324 2758 3378 aut
2774 3322 3123 3378 divisionem
3142 3321 3383 3382 unitatis
3400 3323 3713 3395 signiﬁcat,

304 3389 421 3462 τῶν
450 3405 665 3483 ἄρθρων
715 3414 919 3486 χρῆσις
948 3389 1320 3486 (πάντες-’γὰρ
1351 3409 1502 3465 οὗτοι
1542 3408 1763 3472 τούτοις
1794 3408 1962 3487 ἐχρή-

2075 3411 2286 3484 quihus
2312 3411 2477 3468 addit
2505 3428 2519 3467 :
2547 3413 2676 3481 Qum
2706 3420 3013 3486 elulroque
3061 3429 3279 3469 versum
3332 3389 3509 3471 relala
3561 3389 3713 3470 sunt.

310 3498 505 3571 σαντο)
555 3493 814 3571 οὐδεμίαν
859 3497 1039 3572 τομήν
1088 3496 1123 3568 ἢ
1175 3494 1437 3572 διαίρεσιν
1488 3497 1694 3555 ἐπινοεῖ
1735 3504 1834 3569 τῆς
1884 3497 1965 3553 ἐνο

316 3587 534 3649 ώσεως.
581 3587 667 3642 Ἐν
726 3589 809 3649 οἷς
868 3587 1125 3665 ὑποφέρει
1184 3588 1268 3643 ὅτι
1325 3588 1414 3643 καί
1468 3588 1555 3657 τὸ,
1600 3590 1687 3645 Ἐν
1746 3588 1859 3662 ὅσῳ
1899 3587 1968 3644 τὰ

2079 3501 2195 3557 Ηοο
2234 3518 2266 3556 a
2311 3500 2499 3558 Leone
2557 3516 2921 3574 expressum,
2964 3517 3076 3557 non
3121 3502 3404 3573 temporis
3460 3501 3722 3559 declara-

2077 3590 2318 3656 tionem,
2349 3591 2450 3646 sed
2483 3607 2587 3661 pro
2616 3590 2739 3659 illo,
2772 3605 2872 3662 per
2901 3591 3116 3659 omnia,
3149 3590 3454 3664 accipitur.

317 3675 709 3755 συναμφότερα
760 3677 895 3751 μετά
938 3677 1203 3749 ἀλλήλων
1244 3674 1387 3733 ἔστὶν
1433 3677 1743 3754 (εἰρημένον
1790 3675 1847 3733 δέ
1894 3676 2009 3734 ἐστι
2054 3682 2211 3734 τοῦτο
2258 3682 2338 3751 τῷ
2389 3679 2671 3751 ὁσιωτάτῳ
2722 3677 2933 3750 Λέοντι)
2994 3676 3056 3732 ού
3102 3679 3154 3714 ⁶²
3193 3677 3397 3753 χρόνου
3455 3676 3724 3750 δήλωσιν,

310 3765 455 3823 ἀλλ’
484 3764 605 3820 ἀντὶ
631 3769 729 3821 τοῦ
760 3762 849 3821 διὰ
878 3764 1077 3828 παντὸς
1106 3761 1613 3842 παραλαμϐάνεται.

391 3858 661 3933 Τέταρτον
713 3854 771 3912 δὲ
818 3855 1115 3937 κεφάλαιον
1161 3855 1238 3920 είς
1282 3856 1489 3932 μέμψιν
1538 3857 1684 3933 παρὰ
1720 3862 1828 3913 τῶν
1876 3858 1970 3914 αἰ-

309 3951 551 4023 ρετικῶν
638 3946 900 4024 προταθὲν
972 3944 1254 4003 ἀνεύθυνον
1339 3944 1618 4009 παντελῶς
1688 3945 1973 4025 ἀποφαίνει

303 4036 414 4093 διὰ
462 4042 564 4105 τῆς
618 4035 817 4109 ὁμοίας
877 4034 1134 4110 μεθόδου,
1194 4036 1374 4115 φωνὰς
1433 4030 1838 4110 συμϐαινούσας
1893 4042 1974 4110 τῷ

297 4123 614 4183 αἰτιαθέντι
663 4126 1000 4200 παρατιθεὶς,
1032 4127 1122 4190 αἷς
1167 4127 1196 4181 ὁ
1243 4126 1413 4202 χὸρος
1453 4129 1563 4181 τῶν
1594 4126 1761 4203 ἁγίων
1812 4128 1972 4199 ἡμῶν

296 4222 578 4289 Πατερων
634 4216 872 4290 χρῆσθαι
927 4215 1169 4271 εἰώθασιο
1223 4215 1291 4270 Τὸ
1342 4212 1401 4270 δὲ
1444 4214 1740 4290 κεφάλαιον
1801 4216 1975 4295 φωναὶ

301 4307 421 4381 μέν
467 4303 572 4360 είσι
624 4306 722 4359 τοῦ
764 4303 818 4359 ἑν
857 4302 1034 4381 ἁγίοις
1079 4303 1335 4376 Λέοντος,
1379 4302 1605 4380 λέγουσι
1654 4302 1713 4360 δὲ
1754 4310 1927 4361 ταῦτα
1956 4322 1973 4341 ·

300 4402 404 4453 Τῶ
471 4396 567 4469 μὶν
626 4394 838 4451 κλαίειν
896 4396 996 4466 τὴν
1059 4390 1390 4470 βεϐαιότητα
1442 4401 1543 4466 τῆς
1620 4394 1787 4451 αὐτοῦ
1846 4415 1978 4472 σαρ-

300 4488 419 4551 κὸς
516 4482 881 4557 ἐπεδείκνυτο,
981 4486 1063 4559 τῷ
1148 4484 1207 4542 δὲ
1304 4486 1598 4557 ἀναστῆσαι
1686 4487 1822 4564 πρὸς
1913 4487 1977 4543 τὸ

296 4577 603 4650 κὲλευσμα
654 4582 754 4645 τῆς
821 4575 989 4632 αὐτού
1047 4583 1231 4654 φωνῆς
1306 4577 1404 4647 τὴν
1476 4574 1752 4653 ἄχραντον
1809 4577 1979 4633 αὐτοῦ

296 4667 559 4737 θεότητα
612 4662 838 4737 ἐδήλου.
891 4665 1043 4728 Ἑνὸς
1091 4666 1138 4702 ³³
1187 4662 1245 4720 δὲ
1290 4665 1382 4721 καὶ
1429 4669 1526 4721 τοῦ
1575 4664 1741 4722 αὐτοῦ
1798 4664 1979 4745 ἀμφό-

293 4774 458 4832 τερα
483 4753 789 4828 πέπρακταί
818 4775 876 4811 τε
907 4754 999 4811 καὶ
1034 4751 1312 4812 λέλεκται.

382 4844 654 4918 Πέμπτον
702 4840 761 4900 δὲ
808 4839 985 4914 λαϐὴν
1036 4846 1399 4920 προταθεῖσαν
1448 4843 1598 4921 παρᾶ
1638 4849 1747 4900 τῶν
1799 4844 1975 4903 αὐτῶν

293 4937 618 5010 αἱρετικῶν
690 4934 829 4990 κατά
890 4938 1086 5014 φωνῶν
1166 4933 1373 5008 ὁμοίων
1425 4937 1522 4991 τοῦ
1596 4932 1761 4991 αὐτοῦ
1827 4935 1978 5010 ἱεροῦ

292 5019 523 5100 ἀνδρὸς
557 5018 647 5076 διὰ
674 5023 775 5091 τῆς
822 5021 1018 5094 ὁμοίας
1060 5019 1401 5097 ἐπιρραπίζει
1451 5018 1706 5097 μεθόδου.
1738 5024 1890 5079 Ἔστι
1923 5017 1981 5076 δὲ

293 5116 337 5185 ᾗ
396 5111 568 5191 φωνὴ
611 5131 628 5146 ο
678 5112 820 5167 Ιιοία
848 5110 1005 5189 φύσις
1057 5108 1418 5186 διαπέπαρται
1466 5115 1583 5174 τοῖς
1624 5110 1787 5182 ἥλοις
1822 5110 1874 5167 ἐν
1899 5111 1979 5183 τῷ

292 5206 422 5259 τοῦ
537 5204 770 5276 σταυροῦ
874 5196 1023 5274 ξύλῳ
1140 5203 1238 5256 τοῦ
1344 5202 1803 5278 προσπεπηγότος

2151 3860 2434 3926 Quartum
2469 3876 2598 3916 vero
2630 3862 2808 3933 caput
2837 3863 3040 3917 contra
3070 3858 3582 3932 reprehensionem
3611 3857 3726 3914 hae-

2083 3950 2418 4007 reticorum.
2452 3951 2825 4006 Innocentem
2873 3963 3291 4021 usquequaque
3332 3949 3590 4005 ostendit
3628 3964 3728 4021 per

2084 4040 2332 4097 similem
2368 4040 2915 4108 methodum,voces
2934 4056 3065 4097 vero
3096 4039 3527 4097 consentientes
3556 4055 3729 4097 accu-

2085 4134 2208 4187 sato
2248 4130 2552 4201 adiiciens,
2583 4130 2800 4202 quibus
2832 4134 2893 4185 ut
2930 4128 3078 4186 solet
3115 4132 3450 4186 sanctorum
3485 4128 3724 4185 Patrum

2085 4222 2270 4275 ccetus
2314 4219 2517 4275 utitur.
2559 4218 2678 4276 Hoc
2732 4222 2927 4275 autem
2986 4222 3164 4291 caput
3204 4218 3382 4275 verba
3423 4216 3552 4290 ipsa
3588 4220 3732 4273 sunt

2088 4309 2297 4366 Leonis
2344 4308 2487 4383 (69),
2519 4326 2646 4384 qua:
2677 4309 2761 4366 sic
2793 4310 2909 4368 iere
2955 4307 3203 4366 habent:
3236 4309 3395 4364 Flelu
3430 4308 3615 4363 carnis
3643 4323 3733 4363 ve-

2086 4398 2313 4456 ritatem
2341 4398 2595 4468 ostendit,
2617 4400 2987 4457 resurrexissc
3008 4414 3128 4456 vero
3156 4396 3227 4454 ad
3256 4396 3400 4454 vocis
3431 4397 3730 4470 imperium

2087 4488 2378 4559 Lazarum,
2429 4488 2851 4546 immaculatum
2887 4489 3003 4561 ejus
3058 4487 3411 4545 divinitatem
3468 4487 3732 4545 declarat.

2086 4577 2163 4635 Ab
2193 4594 2304 4635 uno
2333 4578 2485 4635 enim
2513 4583 2747 4653 utraque
2775 4584 2825 4636 cl
2855 4579 3001 4636 dicta
3032 4586 3083 4636 et
3111 4580 3288 4651 facta.

2021 4748 2070 4813 D

2158 4839 2441 4907 Quintum
2479 4852 2614 4895 vero
2654 4834 3060 4893 bareticorum
3092 4834 3427 4906 praetextum
3461 4830 3735 4897 aﬂ'erens,

2087 4937 2290 4986 contra
2336 4944 2541 4986 vocum
2588 4925 3036 4984 similitudinem
3083 4922 3349 4994 ejusdem
3382 4919 3489 4976 viri
3523 4917 3735 4985 sancti,

2089 5035 2193 5092 per
2220 5017 2469 5074 similem
2503 5014 2840 5073 methodum
2874 5013 3104 5071 refellit.
3132 5010 3315 5069 Verba
3354 5008 3514 5065 illius
3553 5011 3733 5065 sunt:

2091 5110 2289 5180 Qualis
2343 5116 2545 5166 natura
2600 5106 2770 5164 elatis
2823 5107 2998 5177 afﬁxa
3026 5105 3087 5161 in
3117 5103 3313 5161 247a
3357 5101 3511 5171 ligna
3558 5096 3739 5156 crucis

1900 5202 1982 5272 τῷ
2088 5202 2368 5273 compacta
2395 5214 2554 5255 cruce
2573 5200 2601 5252 ?
2623 5200 2744 5253 Hoc
2789 5194 3017 5268 quidem
3061 5193 3250 5266 capite
3280 5198 3335 5249 et
3365 5189 3572 5248 Isidori
3615 5205 3743 5246 mo—

1696 5347 1941 5405 VARLE
1980 5347 2279 5405 LECTION
2289 5346 2392 5404 ES.

382 5461 860 5540 "nauem
887 5470 957 5540 _A.
1051 5464 1109 5540 ff
1136 5461 1442 5540 ὁρθοδοξεῖν
1473 5465 1556 5540 ς.

292 5534 646 5611 Βοαιίεοπ
690 5534 741 5572 ⁸³
768 5534 905 5609 ἑνὸς]
935 5535 1065 5613 παρ’
1095 5534 1211 5601 ἱνὸς
1239 5534 1513 5597 Βοώοωζ

1658 5466 1707 5503 ⁶⁰
1737 5461 1885 5537 αύτῷ
1940 5460 2121 5519 καὶτὸ
2171 5458 2416 5537 δεύτερον
2464 5466 2534 5517 Α.

2629 5457 2672 5497 ⁶¹
2706 5456 2875 5534 θείας]
2921 5458 3069 5536 ἱερᾶς
3103 5459 3191 5534 ς’.
3299 5457 3347 5496 ⁶²
3375 5452 3463 5531 οὗ]
3511 5455 3576 5512 οὗ
3606 5452 3742 5533 πρὸς

1926 5657 2159 5713 NOTIE.

391 5767 531 5841 (69)
558 5765 750 5838 Supra
780 5762 900 5825 haec
929 5764 1136 5825 Leonis
1166 5764 1339 5824 verba
1370 5765 1441 5823 ab
1474 5765 1709 5838 Eulogio
1733 5765 2076 5824 afferuntur.
