4138 6228
384 347 499 410 963

1581 342 1852 403 ΡΗΟΤΙΙ
1899 339 2422 402 PA'l‘RIARCl-LE
2463 343 2583 402 (ΞΡ.

3674 346 3783 404 965

386 482 558 539 nachi
609 481 771 550 clari,
802 477 1176 535 Alexandrini
1227 479 1400 533 domo
1449 488 1508 533 et
1549 475 1702 531 inter
1751 474 2071 546 praesules,

2184 477 2406 549 ταυρῷς
2458 472 2508 528 ἐν
2539 472 2718 546 τούτῳ
2765 479 2844 546 τῷ
2873 475 3153 554 κεφαλαίῳ
3199 475 3288 530 καὶ
3323 480 3452 551 [406
3513 479 3605 551 Η.]
3664 479 3796 534 Ἰσια

386 571 655 640 illustris,
687 568 961 639 epistolas
993 566 1213 638 aliquot
1256 566 1328 620 de
1371 565 1572 622 multis
1621 565 1878 633 adducit,
1912 581 2038 635 quas

391 673 492 729 per
521 656 718 712 omnia
749 652 1101 710 conveniunt
1132 668 1265 708 cum
1289 651 1379 721 iis,
1403 668 1523 722 qua)
1556 658 1619 706 ut
1648 649 1828 721 impia
1860 649 2038 704 haere-

391 745 491 801 tici
525 743 869 800 calumniari
903 742 1113 798 solent.

459 1021 641 1090 Atque
675 1017 733 1072 in
771 1016 863 1073 his
903 1017 1142 1088 quidem
1190 1015 1435 1089 epistola
1465 1015 1536 1070 ad
1567 1013 1885 1068 Zenobium
1916 1028 2040 1069 ver-

388 1112 567 1165 satur.
618 1105 751 1162 Alia:
805 1106 875 1160 ad
925 1104 1324 1161 Justinianum
1381 1103 1787 1175 imperatorem
1849 1103 2050 1157 missa:

392 1197 633 1253 litterae:
670 1196 789 1250 haec
821 1195 1051 1265 quidem
1096 1193 1253 1248 illius
1297 1193 1569 1264 pietatem
1601 1193 2046 1260 commendans,

397 1285 500 1341 illa
528 1301 664 1340 vero
697 1285 767 1339 de
799 1283 1102 1340 monachis
1127 1282 1416 1352 religiosis
1447 1297 1707 1336 eremum
1741 1280 2044 1337 incolenti-

397 1378 508 1432 bus
559 1373 788 1446 pietatis
838 1373 1239 1427 testimonium
1291 1371 1655 1426 luculentum
1707 1371 1823 1427 dat.
1855 1371 2047 1426 Tertia

395 1482 528 1521 vero
560 1463 822 1519 Anlhimi
855 1461 1160 1534 synodalia
1191 1465 1459 1518 accurate
1489 1463 1558 1516 de
1588 1460 1722 1515 fidei
1754 1461 2049 1530 dogmati-

395 1556 527 1621 bus,
562 1566 615 1608 et
650 1552 835 1607 missa
867 1559 923 1606 et
956 1552 1176 1623 scripta
1208 1568 1336 1607 esse
1363 1552 1656 1617 ostendit;
1687 1549 1870 1606 altera
1917 1566 2048 1604 vero

401 1647 470 1700 ad
505 1645 702 1713 ipsum
735 1641 989 1697 mittitur
1036 1641 1378 1697 Antbimum
1423 1649 1551 1712 post
1597 1639 1922 1713 synodalia,
1955 1656 2059 1696 eo—

2150 559 2330 634 δώρου
2376 567 2470 617 τοῦ
2520 563 2571 618 ἐν
2627 563 2922 636 μονάζουσι
2971 561 3338 638 περιϐλέπτου
3387 565 3796 640 (Ἀλεξανδρεὺς

2150 648 2208 704 δὲ
2235 653 2298 706 τὸ
2325 649 2476 726 γένος
2511 653 2664 715 οὗτος
2696 655 2784 724 ἦν,
2814 655 2905 708 καὶ
2935 659 3052 715 τοῖς
3104 654 3442 729 ἀρχιερεῦσιν
3491 654 3799 728 αἷδέσιμος)

2151 738 2443 820 διαφόρους
2493 742 2541 812 ἐξ
2594 741 2900 798 ἐπιστολῶν
2953 741 3226 822 διαφόρων
3273 749 3502 820 χρήσεις
3535 744 3800 823 ἐπιφέρει,

2151 831 2207 884 αἳ
2236 831 2372 886 κατά
2411 831 2582 888 πάντα
2631 829 2988 906 συμϐαίνουσι
3019 839 3138 896 ταῖς
3188 836 3332 909 παρὰ
3371 840 3479 888 τῶν
3514 836 3800 908 αἰρετικῶν

2153 922 2227 981 ὡς
2261 921 2363 974 οὐκ
2393 917 2629 976 εὐσεϐέσι
2664 922 3219 998 συκοφαντουμέναις.

2226 1006 2390 1064 Ἀλλ’
2444 1014 2616 1063 ταῦτα
2677 1009 2770 1082 μὶν
2829 1011 2863 1078 ἡ
2917 1010 3052 1084 πρὸς
3110 1005 3372 1081 Ζηνόόιον
3422 1009 3692 1079 ἐπιστολὴ
3741 1011 3808 1065 τὰ

2153 1098 2422 1174 κεφάλαια
2459 1098 2626 1153 πόνον
2677 1099 2936 1158 ἐποιεῖτο.
2987 1103 3206 1174 ’Έτεραι
3249 1098 3304 1154 δὲ
3354 1099 3505 1172 αὐτῷ
3554 1100 3694 1173 πρὸς
3721 1101 3809 1156 τὸν

2160 1185 2388 1260 βασιλέα
2443 1188 2821 1242 ’ίουστινιανὸν
2887 1190 3180 1264 γράφονται
3248 1187 3557 1259 ἐπιστολαὶ,
3626 1192 3654 1257 ἡ
3720 1191 3812 1261 μὲν

2157 1277 2322 1332 αὐτοῦ
2371 1277 2469 1345 τήν
2529 1272 2798 1332 εὐσέϐειαν
2868 1277 3281 1352 ἀποδεχομένη,
3338 1281 3370 1346 ἡ
3447 1279 3502 1331 δὲ
3561 1277 3817 1347 ἀσκητῶν

2156 1388 2318 1421 τινων
2367 1361 2601 1421 εὐσεϐῶν
2650 1368 2751 1435 τήν
2806 1364 3012 1440 ἔρημον
3065 1367 3358 1422 οἰκούντων
3421 1363 3820 1442 διαμαρτυρίαν

2161 1457 2292 1530 ὑπὲρ
2380 1453 2652 1517 εὐσεϐείας
2728 1456 3144 1532 προτεινομένη,
3214 1457 3366 1532 ἑτέρα
3445 1453 3502 1510 δὲ
3577 1457 3645 1511 τὰ
3718 1459 3821 1510 τοῦ

2162 1545 2418 1618 Ἀνθίμου
2499 1543 2755 1600 συνοδικά
2830 1547 2965 1600 κατά
3028 1547 3129 1614 τὴν
3206 1541 3485 1620 ἀκρίϐειαν
3543 1549 3657 1599 τῶν
3721 1551 3824 1612 τῆς

2158 1633 2491 1705 Ἐκκλησίας
2539 1633 2826 1709 δογμάτων
2881 1637 3102 1706 ἀξιοῦσα
3160 1633 3572 1704 διατυπωθῆναί
3622 1655 3682 1688 τε
3730 1633 3823 1688 καὶ

2880 1725 2920 1741 Νι

405 1749 535 1788 rum
569 1731 968 1787 laudationem
1001 1748 1116 1786 non
1149 1747 1456 1795 excusans,
1481 1729 1646 1800 quasi
1679 1728 1825 1784 nihil
1853 1728 2058 1784 Antbi-

2184 1725 2568 1796 ὶποσταλῆναι.
2629 1725 2811 1796 Ἄλλη
2877 1725 2931 1780 δὲ
2990 1726 3126 1800 πρὸς
3185 1726 3342 1781 αὐτὸν
3398 1726 3493 1780 τὸν
3553 1727 3827 1796 ’Άνθιμον

405 1822 485 1877 mi
519 1820 838 1892 impietatis
868 1821 929 1876 in
961 1821 1032 1875 iis
1065 1825 1359 1892 appareat,
1395 1819 1510 1875 nisi
1537 1819 1691 1889 quod
1731 1816 2059 1873 minutissi-

409 1927 521 1974 me,
556 1918 609 1965 et
657 1908 1095 1965 accuratissime
1140 1909 1484 1964 Anthimum
1539 1906 1786 1979 postulet
1836 1905 2055 1976 recipi;

409 1999 708 2070 Eutychen
741 2003 797 2053 et
827 1997 1101 2070 Eutychis
1134 1998 1404 2068 dogmata
1433 1993 1948 2052 excommunicari.

2171 1817 2306 1888 μετά
2361 1817 2429 1870 τὰ.
2487 1813 2742 1870 συνοδικά
2802 1814 3085 1871 στέλλεται
3119 1817 3186 1886 ⁶⁴,
3247 1815 3382 1888 [καὶ]
3445 1817 3544 1885 τήν
3606 1813 3831 1869 ἐκείνων

2166 1901 2453 1979 ἀποδοχὴν
2488 1905 2548 1959 οὐ
2589 1904 3028 1979 παραιτουμένη,
3059 1905 3149 1960 ἅτε
3183 1902 3349 1977 μηδὲν
3407 1903 3463 1958 ἐν
3514 1903 3702 1963 αὐτοῖς
3729 1906 3831 1956 τοῦ

2168 1994 2431 2066 Ἀνθίμου
2483 1994 2876 2070 ἐμφανίσαντος
2924 2001 3025 2063 τῆς
3074 1991 3408 2064 δυσσεϐείας,
3448 1993 3600 2062 πλὴν
3649 2013 3833 2066 προσ-

410 2088 580 2140 θεῖναι
629 2086 720 2140 τὸν
775 2087 1036 2157 ’Άνθιμον
1090 2083 1287 2153 ἐξαιτεῖ
1344 2083 1838 2157 λεπτομερὲστερόν
1883 2102 1942 2136 τε
1997 2082 2085 2136 καὶ
2137 2078 2520 2156 ἀκριϐέστερον
2579 2083 2800 2158 Εὐτυχῆ
2859 2105 2918 2139 τε
2972 2084 3062 2139 καὶ
3111 2086 3176 2138 τὰ
3229 2084 3514 2156 Εὐτυχοῦς
3571 2079 3827 2158 δόγματα

406 2173 481 2234 εἰς
515 2175 753 2246 ἀνάθεμα
785 2172 1017 2232 θέεσθαι.

478 2265 725 2320 Mittitur
750 2267 806 2318 et
827 2265 895 2318 ad
923 2263 1322 2319 Domitianum
1354 2263 1620 2336 epistola,
1645 2263 1742 2334 qui
1767 2262 2056 2328 incidens,

415 2357 480 2408 ut
499 2353 725 2419 scribit,
740 2351 798 2406 in
813 2353 940 2422 ejus
957 2353 1222 2423 quasdam
1245 2352 1436 2420 verba,
1453 2354 1722 2407 turbatus
1737 2357 1826 2407 est
1844 2355 2059 2421 mente,

410 2447 466 2499 et
500 2441 644 2497 solvi
670 2440 1090 2497 dubitationem
1115 2443 1421 2514 exoptavit.
1445 2442 1636 2497 Verba
1658 2447 1853 2498 autem
1887 2445 2058 2496 sunt:

415 2534 538 2588 Non
567 2535 735 2603 potest
771 2547 1005 2602 persona
1047 2547 1316 2604 personae,
1349 2549 1456 2605 qua
1488 2548 1724 2601 persona
1753 2539 1852 2598 est,
1883 2531 2062 2597 uniri,

417 2629 475 2678 ut
507 2624 699 2678 Petrus
721 2625 772 2676 et
791 2622 1002 2676 Paulus
1031 2639 1201 2677 unam
1231 2623 1589 2694 eamdemque
1615 2637 1906 2693 personam
1934 2636 2064 2676 con-

415 2715 663 2781 stituere,
693 2711 786 2767 sed
815 2727 990 2782 neque
1017 2712 1333 2768 substantia
1361 2729 1484 2767 cum
1523 2713 1697 2768 altera
1732 2709 2066 2778 substantia,

422 2812 482 2859 ut
510 2818 610 2875 per
638 2819 757 2858 eam
788 2801 912 2857 alia
941 2803 1210 2870 subsistit,
1244 2802 1305 2857 in
1353 2801 1700 2858 identitatem
1745 2801 2068 2856 substantia

416 2891 747 2950 convenire:
787 2899 868 2961 ut,
898 2891 1079 2946 animi
1108 2895 1161 2947 et
1189 2894 1431 2964 corporis
1475 2896 1701 2958 natura,
1743 2907 1915 2946 unam
1961 2905 2071 2945 non

420 2987 591 3052 potest
617 2981 888 3052 perﬁcere
917 2987 1205 3048 naturam,
1225 2981 1337 3036 nisi
1367 2983 1489 3052 quis
1517 2984 1663 3052 forte
1694 2980 1751 3036 in
1783 2992 2070 3036 commune

423 3070 557 3141 quid
600 3069 741 3138 quod
784 3071 1000 3139 aﬂerat,
1033 3069 1331 3125 secundum
1379 3071 1508 3126 illas
1537 3078 1588 3124 et
1615 3071 1771 3140 prius
1803 3068 1959 3124 uniri
1987 3067 2074 3122 in-

2242 2264 2368 2332 [780
2401 2263 2492 2334 IL]
2522 2264 2720 2341 Γράφει
2754 2260 2810 2316 δὲ
2839 2262 2929 2316 καὶ
2962 2263 3096 2337 πρὸς
3137 2261 3464 2334 Δομετιανὸν
3497 2258 3825 2328 ἐπιστολὴν,

2171 2351 2228 2410 ὃς
2260 2349 2504 2425 ἐντυχὼν
2533 2352 2632 2424 (ὡς
2663 2352 2725 2405 τὸ
2755 2352 2984 2427 γράμμα
3015 2350 3184 2426 λὶγει)
3216 2349 3424 2426 ῥήμασί
3461 2371 3571 2404 τισι
3605 2353 3705 2404 τοῦ
3736 2349 3834 2402 ἀν-

2173 2438 2300 2516 δρὸς
2349 2438 2679 2516 διεταράχθη
2730 2462 2788 2495 τε
2824 2441 2954 2505 τοὺς
3003 2440 3305 2515 λογισμοὺς
3363 2440 3451 2494 καὶ
3503 2437 3838 2502 ἐπιλυθῆναι

2174 2531 2272 2598 τὴν
2325 2529 2558 2604 ἀπορίαν
2609 2530 2857 2600 ἐζήτησε.
2911 2532 2986 2585 Τὰ
3029 2528 3086 2585 δὲ
3140 2531 3359 2604 ῥήματα
3411 2527 3573 2606 ἔλεγε
3616 2533 3787 2582 ταῦτα
3823 2547 3837 2560 ο

2175 2619 2284 2674 Οὐκ
2367 2615 2506 2674 ἔστιν
2603 2621 2892 2675 ὑπόστασιν
2987 2619 3271 2675 ὑποστάσει
3367 2619 3633 2686 ἐνωθῆναι
3717 2619 3836 2671 καθ’

2178 2710 2484 2780 ὑπόστασιν,
2545 2711 2656 2765 οἷον
2735 2709 2951 2766 Παῦλον
3022 2711 3110 2766 καὶ
3189 2710 3389 2784 Πέτρον
3475 2710 3602 2783 μίαν
3683 2709 3830 2764 ὑπό-

2180 2821 2359 2856 στασιν
2435 2799 2762 2855 ἀποτελέσαι
2839 2799 3126 2856 ἀδύνατον.
3204 2800 3362 2855 Ἀλλ’

2179 2889 2332 2965 ἐτέρᾳ
2410 2888 2569 2961 οὐσίᾳ
2614 2892 2680 2958 ⁵⁵,
2758 2890 2890 2944 καθὸ
2978 2889 3310 2963 ἒτεροούσια,
3371 2887 3447 2949 είς
3528 2886 3840 2955 ταύτότητα

2181 2977 2453 3035 συνελθεῖν
2531 2978 2734 3048 οὐσίας,
2810 2980 2922 3033 οἷον
2992 2983 3180 3054 ψυχῆς
3248 2981 3339 3032 καὶ
3417 2979 3674 3049 σώματος
3744 2975 3844 3030 οὐο

2185 3072 2302 3125 σίαν

3440 2797 3565 2853 οὐδὲ
3638 2797 3833 2851 οὐσίαν

2403 3070 2526 3142 μίαν
2607 3069 2793 3124 οὐσίαν
2879 3069 3203 3124 ἀποτελέσαι
3270 3073 3316 3107 ⁶⁶
3396 3069 3713 3146 ἀμήχανον,
3799 3066 3849 3120 εἰ

428 3159 594 3212 vicem
629 3159 862 3213 minime
891 3158 1239 3224 conducebat,
1271 3163 1332 3213 ul
1361 3159 1586 3230 quodin
1615 3170 1927 3214 creaturam
1956 3161 2068 3228 [er-

2191 3163 2358 3234 μήπω
2429 3159 2532 3236 ἄρα
2582 3181 2666 3222 τις
2723 3159 2799 3222 εἷς
2855 3161 3151 3231 κοινότητά
3208 3180 3330 3214 τινα
3385 3158 3583 3219 ταύτας
3642 3158 3846 3230 ἀνάγῃ,

424 3253 534 3313 tur,
569 3246 651 3299 vel
681 3246 796 3314 hoc,
826 3245 887 3299 in
920 3250 1179 3317 tempore,
1214 3248 1294 3302 vel
1323 3248 1558 3303 similia.
1594 3249 1735 3302 Tunc
1773 3247 1923 3302 enim
1966 3263 2074 3302 non

430 3335 674 3405 amplius
704 3334 931 3391 diversae
961 3340 1182 3392 natura
1225 3335 1285 3390 in
1319 3353 1490 3391 unam
1519 3341 1782 3392 naturam
1812 3351 2076 3392 convene-

431 3429 590 3477 runt.
625 3421 730 3478 Sed
771 3437 897 3493 quae
944 3423 1143 3479 habent
1189 3425 1516 3481 substantia
1545 3426 1611 3480 ab
1642 3427 1805 3481 initio
1855 3423 2081 3480 consub-

433 3510 865 3568 stantialitatem
940 3515 1333 3571 communitate
1413 3517 1659 3586 quadam
1734 3513 2081 3585 longissima,

432 3601 584 3657 idem
612 3601 708 3673 jus
751 3609 940 3658 tenere
982 3603 1260 3659 videntur.
1296 3606 1427 3670 Quis
1479 3603 1633 3659 enim
1684 3603 2081 3658 Domitianum

435 3691 695 3760 turbant,
728 3695 784 3747 et
815 3708 1064 3763 quorum
1120 3694 1433 3765 exoptabat
1474 3691 1846 3761 solutionem,
1879 3697 1936 3747 et
1975 3708 2082 3747 na-

435 3789 564 3840 ctus
597 3792 736 3854 erat,
769 3785 888 3840 hinc
918 3788 1102 3840 erant.
1127 3784 1382 3840 Primum
1417 3783 1650 3856 quidem
1683 3800 1796 3840 non
1831 3782 2082 3838 incredi-

431 3874 532 3930 bili
581 3890 850 3930 sermonc
899 3874 1322 3931 dubitationem
1375 3874 1730 3946 aggreditur.
1766 3873 1984 3928 Deinde
2026 3875 2085 3928 et

431 3981 534 4036 per
584 3969 911 4020 sanctorum
961 3967 1202 4020 Patrum
1250 3979 1420 4021 voces
1463 3963 1693 4036 propria
1724 3979 1789 4019 ac
1818 3963 2085 4034 subjecta

430 4057 604 4112 verba
637 4059 791 4112 recte
822 4054 1275 4112 concluduntur.
1317 4055 1380 4110 Et
1420 4053 1543 4110 hec
1589 4053 1824 4126 quidem
1874 4056 2084 4110 tractat

431 4144 678 4216 epistola
711 4146 780 4202 ad
815 4145 1234 4202 Domitianum.

505 4414 703 4470 Altera
751 4429 883 4470 vero
924 4415 994 4469 ad
1039 4413 1349 4486 quemdam
1401 4414 1814 4487 Syncleticum,
1851 4414 2086 4471 nomine

436 4502 826 4573 (Tarsensem)
903 4502 1205 4572 scribitur,
1261 4505 1564 4576 proferens
1618 4507 1674 4560 et
1731 4505 1919 4561 247i)
1979 4504 2086 4559 ista

437 4591 890 4662 disputationem
943 4608 1077 4646 cum
1129 4591 1458 4662 Acepbalis.
1493 4593 1618 4656 Qua
1648 4598 1779 4663 post
1812 4593 2085 4648 unionem

436 4686 822 4754 agnoscentes
873 4688 1139 4738 naturam
1191 4683 1390 4737 Patres
1421 4681 1676 4750 adducit,
1710 4686 1766 4738 et
1799 4698 2090 4752 nusquam

438 4789 538 4845 per
572 4771 705 4829 illos
750 4770 930 4826 ullam
977 4787 1360 4842 personarum
1395 4772 1694 4841 unionem,
1730 4787 1923 4843 neque
1954 4771 2094 4826 divi-

439 4879 587 4932 sam,
623 4876 812 4934 naque
843 4865 1196 4933 separatam.
1221 4860 1291 4916 Et
1317 4861 1656 4918 testimonia
1687 4861 1841 4917 idem
1875 4865 2093 4917 testan-

441 4953 523 5009 tia
553 4953 953 5026 proi‘eruntur,
975 4948 1196 5023 Cyrilli,
1221 4950 1482 5021 inquam,
1509 4951 1765 5021 Gregorii
1795 4950 2093 5021 Theologi,

441 5046 495 5097 et
524 5042 799 5112 aliorum,
832 5041 1048 5112 Deique
1078 5039 1350 5101 Ecclesia.
1386 5055 1708 5111 omnesque
1739 5041 1880 5097 adeo
1917 5040 2094 5095 Chal-

442 5129 794 5186 cedonensis
843 5128 1053 5203 synodi
1105 5130 1326 5199 Patres,
1357 5145 1542 5186 unum
1584 5128 1884 5184 Trinitatis
1914 5128 2095 5186 Deum

446 5215 704 5272 Verbum
736 5218 1110 5274 incarnatum
1146 5222 1203 5274 et
1233 5218 1533 5274 hominem
1566 5234 1696 5275 esse
1727 5220 1968 5285 factum,
1997 5235 2100 5274 cu-

437 5304 542 5374 jus
565 5309 622 5358 et
642 5308 968 5361 secundum
995 5308 1340 5378 hypostasin
1375 5309 1656 5366 unitatem
1687 5313 1744 5364 et
1765 5312 2099 5379 senserunt,

449 5396 509 5480 et
562 5393 1041 5465 praedicaverunt,
1077 5396 1442 5470 primumque
1491 5399 1594 5456 Dei
1644 5404 1892 5457 matrem
1941 5415 2100 5456 com-

2185 3252 2302 3306 καθ’
2356 3250 2422 3318 ἣν
2466 3250 2558 3304 καὶ
2611 3249 2736 3325 πρὶν
2795 3250 3058 3320 ἒνωθῆναι
3118 3248 3386 3320 ἀλλήλων
3445 3247 3504 3302 οὐ
3564 3244 3843 3327 διὲῳερον,

2187 3343 2307 3394 οἷον
2354 3340 2415 3394 τὸ
2447 3341 2492 3376 ⁸⁷
2532 3341 2607 3403 είς
2666 3341 2727 3395 τὸ
2785 3341 2998 3396 κτιστὸν
3041 3339 3292 3420 ἀναφέροι
3351 3338 3385 3408 ἢ
3441 3339 3503 3392 τὸ
3566 3338 3671 3393 ὑπὸ
3699 3337 3843 3412 χρό-

2186 3450 2275 3484 νον
2332 3431 2367 3500 ἣ
2424 3431 2491 3484 τὰ
2553 3429 2742 3503 ὅμοια.
2807 3429 2936 3484 Τότε
3009 3429 3108 3504 γὰρ
3168 3427 3344 3484 οὐκέτι
3423 3426 3764 3501 ὲτεροούσιαι
3799 3427 3848 3462 ⁸³

2189 3518 2363 3574 οὐσίαι
2425 3518 2500 3580 εἷς
2532 3519 2578 3554 ⁸9
2634 3517 2757 3591 μίαν
2819 3518 3001 3573 οὐσίαν
3077 3518 3368 3586 συνῆλθον,
3430 3515 3558 3570 ἀλλ’
3611 3516 3668 3569 αἱ
3746 3513 3850 3567 ἀπ’

2189 3612 2367 3684 ἀρχῆς
2441 3606 2669 3686 ἔχουσαι
2746 3607 2920 3662 οὐσίαι
3004 3608 3067 3661 τὸ
3143 3606 3437 3680 ὁμοούσιον
3527 3604 3663 3658 κατὰ
3736 3605 3846 3670 τήν

2188 3697 2528 3773 πορρωτάτω
2604 3697 2903 3767 κοινότητα
2962 3699 3024 3752 τὸ
3099 3696 3231 3750 αὐτὸ
3305 3693 3676 3774 φυλάττουσαι
3754 3691 3854 3746 ἰπ-

2191 3786 2534 3862 εδείχθησαν.
2567 3788 2631 3841 ’Ἀ
2667 3787 2761 3860 μὲν
2809 3785 2899 3840 οὖν
2945 3787 3034 3841 τὸν
3084 3785 3412 3859 Δομετιανὸν
3455 3778 3725 3858 ἐθορύϐει,
3758 3784 3855 3836 καὶ

2190 3879 2263 3932 ὧν
2310 3880 2408 3947 τήν
2461 3875 2614 3933 λύσιν
2663 3876 2914 3947 ἐπεζήτει
2955 3875 3046 3931 καὶ
3098 3875 3278 3950 ἔτυχε,
3312 3879 3480 3929 ταῦτα
3528 3874 3594 3942 ἧν
3633 3891 3649 3904 ·
3699 3874 3726 3927 ὁ
3783 3870 3844 3926 δὲ

2189 3970 2415 4040 πρῶτον
2451 3967 2545 4039 μὲν
2577 3965 2682 4020 οὐκ
2717 3965 2964 4038 ἀπιθάνῳ
2992 3964 3251 4040 λογισμῷ
3275 3965 3382 4032 τήν
3423 3957 3851 4038 ἀμφισϐήτησιν

2189 4057 2556 4135 περιέχρεται,
2592 4056 2706 4110 εἶτα
2755 4053 2811 4110 δὲ
2859 4061 2947 4110 καί
2999 4054 3088 4111 διὰ
3142 4059 3250 4111 τῶν
3304 4059 3591 4128 Πατρικῶν
3646 4058 3852 4128 ρθωνῶν

2189 4149 2254 4201 τὰ
2293 4147 2465 4201 οἰκεῖα
2507 4146 2597 4199 καὶ
2639 4145 2976 4220 προκείμενα
3026 4145 3210 4206 λακῶς
3273 4140 3420 4219 ἔχειν
3484 4137 3703 4217 βεϐαιοῖ

2193 4257 2357 4309 ματα.
2409 4235 2507 4290 Καὶ
2557 4237 2591 4304 ἡ
2647 4235 2743 4308 μεν
2791 4237 2929 4312 πρὸς
2981 4234 3318 4309 Δομετιανὸν
3371 4233 3639 4301 ἐπιστολή
3682 4235 3857 4284 ταῦτα

2194 4321 2472 4398 ἔπραττεν.

2265 4413 2445 4484 ’Δλλη
2498 4411 2554 4467 δὲ
2603 4415 2737 4490 πρὸς
2793 4413 3174 4490 Συγκλητικὸν
3225 4412 3468 4486 τοῦνομα
3513 4413 3744 4485 (Ταρσοῦ
3799 4410 3860 4463 δὲ

2199 4501 2622 4579 μητροπολίτην
2670 4503 2832 4558 αὐτὸν
2881 4504 2942 4558 τὸ
2987 4505 3220 4581 γράμμα
3274 4500 3410 4576 οἶδε)
3460 4500 3857 4570 διαπέμπεται,

2194 4595 2284 4649 τὸν
2315 4593 2492 4668 ἀγῶνα
2523 4595 2612 4648 καὶ
2663 4594 2796 4662 αὐτή
2830 4595 2919 4649 τὸν
2957 4596 3001 4631 το
3031 4595 3166 4648 κατὰ
3195 4598 3300 4649 τῶν
3359 4589 3661 4669 Ἀκεφάλων
3693 4594 3860 4660 Προ-

2198 4683 2418 4759 άγουσα.
2455 4685 2540 4739 Ἐν
2645 4685 2775 4752 μετᾶ
2806 4684 2909 4752 τὴν
2945 4683 3141 4738 ἕνωσιν
3171 4685 3267 4746 τὰς
3299 4683 3490 4751 φύσεις
3518 4678 3638 4741 τοὺς
3671 4676 3862 4732 Πατέ-

2202 4795 2296 4848 ρας
2345 4771 2577 4848 παράγει
2627 4773 3011 4848 γνωρίζονται,
3060 4775 3151 4828 καὶ
3203 4769 3458 4846 οὐδαμοῦ
3523 4769 3609 4825 διὰ
3653 4767 3864 4831 ταύτας

2205 4859 2330 4918 οὔτε
2376 4863 2475 4932 τήν
2538 4863 2654 4916 καθ’
2718 4863 3013 4918 ὑπόστασιν
3075 4867 3266 4917 ἕνωσιν
3338 4859 3463 4916 οὔτε
3515 4857 3868 4932 τεμνομένην

2202 4948 2328 5006 οὕτε
2361 4949 2620 5028 διαίρεσιν
2667 4953 2754 5006 καὶ
2807 4949 3079 5027 διχασμὸν
3133 4950 3526 5026 ὑπομένουσαν.
3570 4948 3669 5001 Καὶ
3721 4965 3870 5022 μαρ-

2204 5039 2381 5114 τυρίαι
2413 5039 2578 5096 πάλιν
2615 5040 2981 5116 προέρχονται
3034 5037 3348 5115 βεϐαιοῦσαι
3379 5040 3444 5094 τὸ
3496 5035 3863 5111 προκείμενον

2206 5128 2490 5207 Κυρίλλου
2517 5151 2576 5186 τε
2605 5131 2694 5186 καὶ
2723 5135 2825 5186 τοῦ
2876 5130 3142 5205 θεολόγον)
3179 5130 3490 5207 Γρηγορίου
3526 5126 3616 5182 καὶ
3667 5123 3862 5180 ἄλλων

2207 5220 2480 5296 ῐΙατέρων.
2532 5219 2637 5274 Καὶ
2691 5221 2772 5274 ὅτι
2813 5222 2847 5290 ἡ
2899 5219 3196 5290 Ἐκκλησία
3240 5225 3336 5274 τοῦ
3382 5222 3520 5274 Θεοῦ
3572 5217 3662 5269 καὶ
3707 5215 3743 5282 ἡ
3809 5215 3865 5268 ἐν

2211 5305 2530 5383 Καλχηδόνι
2561 5308 2606 5344 ⁷⁸
2666 5307 2890 5370 σύνοδος
2941 5310 3035 5364 τὸν
3093 5306 3181 5364 ἕνα
3232 5310 3355 5378 [407
3407 5308 3505 5381 ΙΙ.]
3553 5311 3655 5375 τῆς
3706 5304 3874 5379 ἁγίας

2208 5396 2437 5473 Τριάδος
2469 5398 2596 5453 Θεὸν
2649 5396 2827 5473 Λόγον
2877 5397 3146 5474 ὁμολογεῖ
3185 5398 3534 5472 σαρκωθῆναι
3580 5395 3669 5451 καὶ
3713 5395 3882 5450 ἔναν-

1803 5510 2046 5567 VARI/‘E
2084 5508 2500 5565 LECTIONES.

1384 5605 1443 5627 Ρ

522 5600 567 5676 "fi
600 5595 814 5676 στέλλει
848 5603 915 5676 ᾼΑ.
1070 5598 1349 5676 ἑτερούσια
1384 5605 1420 5676 ς

452 5669 664 5746 ρούσιαι
702 5670 785 5744 ς’.
861 5671 907 5704 ⁶⁰
936 5668 1035 5740 εἷς]
1067 5667 1116 5722 εἷ’
1157 5667 1232 5732 εἰς
1264 5680 1324 5729 Α,
1397 5667 1451 5710 '70
1481 5675 1571 5729 τὸν
1604 5684 1683 5734 A:
1718 5683 1825 5733 τῶν

1567 5608 1611 5642 ⁸⁸
1640 5605 1961 5662 ἀποτελέσαι
2003 5614 2042 5661 Λ
2077 5625 2089 5664 :
2127 5603 2551 5680 ἀποτελεσθῖραι

2025 5681 2065 5716 ¹⁷
2095 5675 2403 5753 χαλκηδόνι

2770 5608 2813 5642 ⁸⁷
2846 5608 2960 5661 οἷον
2992 5606 3074 5675 τὸ]
3119 5624 3311 5664 nonne
3342 5607 3454 5660 οἷον
3482 5604 3526 5659 εἰ
3550 5608 3576 5659 2’
3677 5604 3726 5641 εδ
3757 5605 3879 5661 ἐτε-
