4138 6228
286 391 408 452 965

1367 379 1902 444 ΒΙΒΙᾸΟἸἮΕΟΑ.
1950 412 2027 424 --
2071 381 2244 441 COD.
2291 377 2658 439 CCXXVIII.

3589 386 3710 443 966

288 526 598 596 θρωπῆσαι,
633 519 694 574 οὔ
725 517 816 572 καὶ
845 517 942 584 τὴν
973 517 1090 570 καθ’
1136 512 1431 569 ὑπόστασιν
1467 512 1584 569 οἶδε
1613 516 1699 568 καὶ
1753 511 1937 588 κηρύτ·

2065 512 2312 584 pellasse
2361 512 2676 579 Elisabetb,
2711 528 2840 568 cum
2872 512 2986 571 ait;
3024 514 3085 568 Et
3115 514 3268 570 unde
3307 515 3403 571 hoc
3444 515 3609 584 mihi,
3643 520 3706 572 ut

283 633 363 668 τει
396 609 588 667 ἕνωσιν
621 625 635 638 ·
667 608 758 662 καὶ
791 607 872 661 ὅτι
910 603 1119 678 μητέρα
1150 607 1287 659 Θεοῦ
1317 607 1536 674 πρῶτον
1574 603 1670 676 μέν
1701 605 1736 672 ἡ
1790 602 1942 657 Ἐλι-

288 697 452 756 σάϐετ
497 699 734 764 ἀνεῖπεν,
765 694 822 750 ἐν
878 695 961 758 οἷς
991 693 1186 768 λέγει·
1255 691 1352 747 Καὶ
1403 692 1564 747 πόθεν
1617 712 1707 763 μοι
1759 695 1943 759 τοῦτο,

281 790 372 847 ’ἱνα
413 792 448 860 ἡ
507 789 712 861 Μήτηρ
759 788 857 840 τοῦ
906 783 1104 857 Κυρίου
1157 803 1262 855 μου
1312 779 1447 856 ἔλθῃ
1500 779 1638 854 πρός
1697 801 1796 854 ps;
1853 802 1947 835 σα-

289 880 545 957 φέστερον
575 875 632 932 δέ
661 880 768 930 τῶν
803 872 988 928 ἄλλῶν
1043 871 1177 944 μετᾶ
1205 874 1371 926 ταῦτα
1402 871 1501 939 τήν
1535 868 1678 942 λέξιν
1729 875 1948 943 πρῶτος

287 972 314 1025 ὁ
348 969 501 1030 ὅσιος
533 965 682 1022 Λέων
716 965 742 1019 ὁ
789 965 972 1024 πάπας
1021 964 1383 1036 προήνεγκεν.
1414 961 1502 1014 Ἐν
1554 960 1658 1034 γὰρ
1695 964 1763 1033 τῇ
1811 960 1948 1034 πρὸς

287 1058 378 1112 τὸν
434 1057 637 1112 ,λέοντα
692 1055 784 1108 τὸν
847 1049 1073 1129 βασιλέα
1120 1049 1390 1123 ἐπιστολῇ
1450 1050 1689 1123 ῥήμασιν
1761 1050 1946 1108 αὐτοῖς

289 1149 469 1210 οὕτως
547 1144 789 1223 γράφει.
875 1140 1382 1213 Ἀναθεματιζέσθω
1467 1138 1762 1213 Νεστόριος

2050 603 2465 659 malerDomim'
2483 601 2592 657 mei
2613 604 2797 658 veniat
2832 600 2901 657 ad
2923 617 3006 658 me
3036 602 3100 657 εἳ
3119 603 3340 659 Clarius
3371 621 3500 661 vero
3525 622 3696 676 quam

2053 692 2149 748 alii
2202 698 2401 764 postea
2444 692 2593 747 banc
2633 707 2830 747 vocem
2877 691 3120 761 protulit
3164 693 3274 749 Leo
3305 695 3580 764 pontifex.
3613 697 3698 751 Ad

2057 781 2304 838 Leonem
2345 780 2500 836 enim
2553 782 2960 852 imperatorem
2993 782 3076 836 sic
3107 781 3349 838 scribit:
3384 784 3705 838 Excommu-

2057 872 2274 927 nicelur
2343 869 2620 926 [Vestorius
2688 870 2911 926 credens
2984 872 3217 926 Mariam
3271 888 3381 928 non
3441 871 3554 940 Dei,
3614 874 3708 929 sed

2057 959 2295 1016 hominis
2324 957 2607 1015 duntaxat
2633 975 2749 1014 esse
2781 959 3126 1028 Genitricem,
3153 965 3209 1016 et
3240 960 3357 1016 haec
3389 961 3616 1033 quidem
3651 963 3710 1018 in

2059 1049 2320 1118 subjecta
2349 1048 2616 1119 epistola.

1851 1139 1877 1192 ὁ
1953 1138 2052 1207 την
2127 1137 2392 1210 μακαρίαν
2447 1135 2536 1191 καὶ
2614 1136 2863 1192 θεοτόκον
2938 1137 3146 1211 Μαρίαν
3225 1136 3352 1212 οὑχὶ
3425 1143 3521 1193 τοῦ
3579 1145 3714 1195 Θεοῦ

287 1235 571 1311 ἂνθρώαου
604 1231 662 1288 δὶ
705 1231 867 1306 μόνον
900 1229 1166 1286 πιστεύων
1198 1229 1331 1282 εἶναι
1367 1226 1598 1302 μητέρα.
1643 1226 1828 1284 Ἀλλά
1858 1231 2032 1282 ταῦτπ
2065 1227 2160 1299 μέν
2189 1226 2279 1280 καὶ
2314 1228 2348 1294 ἡ
2381 1226 2708 1299 προκειμένη
2744 1225 3028 1296 ἐπιστολή.

365 1326 562 1405 Γράφει
607 1322 665 1378 δὲ
711 1325 740 1377 ὁ
786 1321 947 1383 αὐτὸς
997 1319 1087 1375 καὶ
1127 1319 1284 1405 πρὸς
1315 1319 1599 1390 Ἀνθιμιον
1653 1315 1946 1372 ἐπίσκοπον

284 1404 708 1492 Τραπεζοῦντος,
753 1411 804 1466 έν
836 1412 874 1481 ᾔ
918 1410 1011 1464 τόν
1040 1429 1098 1463 τε
1148 1404 1375 1482 βασιλέα
1422 1407 1801 1462 Ἰουστινιανὸν
1842 1413 1944 1474 τῆς

286 1499 570 1564 εὐσεϐείας
618 1498 974 1574 ἀποδέχεται,
1006 1497 1097 1553 καὶ
1143 1497 1236 1552 τὸν
1288 1493 1533 1570 δυστυχῆ
1569 1494 1789 1569 Εὐτυχῆ
1843 1495 1943 1564 τήν

284 1594 599 1668 καθαίρεσιν
644 1591 968 1659 ὑποστῆναι,
1003 1584 1144 1642 διότι
1177 1587 1252 1659 μή
1286 1586 1549 1660 ἠνέσχετο
1593 1582 1687 1639 δύο
1733 1585 1942 1662 φύσεων

281 1684 476 1739 ἕνωσιν
523 1680 704 1756 λέγειν
755 1678 805 1734 ἐν
856 1681 955 1751 μιᾷ
1005 1676 1315 1744 ὑποστάσει,
1367 1672 1711 1742 διατείνεται,
1763 1675 1942 1728 καίτοι

283 1795 344 1850 γε
374 1775 589 1848 τρανῶς
639 1773 746 1825 τῶν
796 1765 1070 1847 θεοφόρων
1124 1765 1379 1840 ΙΙατέρων
1427 1766 1585 1836 ἡμῶν
1638 1767 1798 1819 τοῦτο
1850 1759 1939 1816 δον

286 1863 665 1939 γματιζόντων
728 1879 787 1914 τε
837 1855 929 1912 καὶ
989 1855 1470 1931 ἀνακηρυττόντων
1502 1873 1515 1889 ο
1564 1852 1687 1908 ἀλλ’
1737 1851 1939 1908 ἐκεῖνον

285 1954 379 2008 τὸν
408 1951 722 2029 παράφορον
753 1948 829 2019 μὴ
867 1941 1175 2020 ἀνέχεσθαι,
1209 1942 1356 2000 ἀλλα
1385 1942 1444 1998 ἐκ
1477 1941 1572 1998 δύο
1607 1943 1703 2014 μὲν
1733 1943 1943 2016 φύσεων

286 2041 616 2118 γεγενῆσθαι
668 2037 761 2093 τὸν
807 2035 1026 2106 Κύριον,
1077 2033 1213 2106 μετὰ
1268 2030 1323 2088 δὲ
1367 2033 1466 2101 την
1512 2029 1700 2086 ἕνωσιν
1762 2030 1940 2086 οὐκέτι

287 2129 382 2186 δύο
417 2126 542 2185 οὑδὶ
569 2127 621 2182 έν
655 2125 752 2181 δύο
801 2124 1181 2200 γνωρίζεσθαι,
1218 2122 1342 2194 μίαν
1377 2119 1434 2176 δὲ
1483 2122 1638 2194 φύσιν
1673 2121 1806 2192 μετά
1841 2121 1937 2188 τήν

281 2219 476 2276 ἕνωσιν
536 2216 935 2292 τερατεύεσθαι,
991 2214 1085 2276 Οἱς
1145 2217 1456 2290 συμφωνεῖν
1515 2207 1794 2288 διελέγχει
1850 2210 1940 2264 καὶ

284 2311 387 2378 τήν
441 2307 744 2383 λῃστρικὴν
791 2303 844 2360 έν
893 2305 1101 2383 Ἐφέσῳ
1148 2299 1395 2371 σύνοδον,
1446 2301 1633 2362 αὑτοῖς
1685 2300 1942 2355 εἷ’ποῦσαν

284 2401 541 2473 ῥήμασιο
600 2396 821 2456 Τούτοις
899 2394 990 2450 καὶ
1048 2396 1216 2466 ἡμεῖς
1294 2392 1486 2454 πάντες
1561 2389 1937 2461 συντιθέμεθα.

289 2489 389 2544 Καὶ
439 2486 514 2548 ὡς
569 2487 603 2554 ἡ
654 2484 705 2538 ἐν
750 2479 1074 2556 Καλχηδόνι
1119 2477 1344 2542 σύνοδος
1397 2479 1490 2535 τόν
1541 2498 1600 2533 τε
1651 2478 1941 2550 Νεστόριον

281 2577 376 2632 καὶ
424 2576 518 2632 τὸν
575 2573 792 2647 Εὐτυχῆ
847 2571 949 2626 ὑπὸ
1000 2568 1101 2643 ἴσῳ
1159 2571 1247 2624 καὶ
1299 2567 1478 2642 ὁμοίῳ
1520 2571 1601 2639 τῷ
1649 2566 1938 2638 ἀναθέματι

283 2666 454 2723 ἔθετο.
502 2665 602 2721 Καὶ
633 2663 812 2720 ὅτιτὸ
851 2658 1045 2717 εἰδέναι
1074 2661 1170 2721 τὰς
1219 2658 1404 2736 φύσεις
1440 2658 1573 2732 μετὰ
1605 2659 1700 2725 τὴν
1744 2653 1936 2711 ἕνωσιν

285 2757 338 2813 έν
375 2762 473 2830 μιᾷ
508 2756 800 2812 ὑποστάσει
839 2751 1016 2822 πάσης
1065 2749 1208 2806 ἐστὶν
1251 2747 1547 2821 ἀλλότριον
1600 2743 1938 2821 διαιρέσεως,

287 2847 570 2902 καὶτοῦτο
618 2845 782 2906 αὐτός
809 2861 867 2898 τε
914 2837 1194 2913 Κύριλλος
1233 2839 1381 2893 καὶὸ
1431 2837 1627 2898 λοιπὸς
1664 2840 1770 2890 τῶν
1818 2838 1938 2890 θεο-

287 2936 470 3015 φόρων
525 2932 734 3008 ἂνδρῶν
781 2933 952 3011 χορὸς
1006 2928 1290 3004 λαμπραῖς
1339 2925 1773 2999 ἀνακηρύττουσι
1818 2929 1938 2986 ταῖς

280 3014 511 3104 φωναῖς,
546 3025 668 3097 [781
705 3023 798 3093 3.]
848 3018 1100 3098 Εὐτυχής
1147 3015 1204 3072 δέ
1243 3017 1332 3072 καὶ
1375 3018 1425 3071 οἱ
1475 3015 1639 3071 αὐτοῦ
1687 3014 1793 3088 πρὸ
1839 3020 1939 3084 τῆς

2127 1316 2338 1372 Scribit
2367 1334 2499 1373 vero
2528 1319 2596 1372 ad
2627 1317 2972 1373 Anthimum
3006 1319 3342 1390 episcopum
3377 1321 3706 1392 Trapezun-

2060 1407 2159 1476 tis,
2184 1407 2242 1460 in
2276 1422 2392 1477 qua
2419 1407 2822 1462 Justinianum
2857 1413 2923 1462 ut
2953 1406 3108 1477 pium
3143 1409 3410 1478 suscipit,
3433 1415 3490 1465 et
3521 1411 3711 1466 infeli-

2058 1511 2181 1551 cem
2215 1495 2531 1567 Eutychem
2567 1495 2833 1551 haeresim
2867 1498 3240 1564 constituere,
3274 1498 3414 1566 quia
3445 1515 3556 1553 non
3604 1516 3707 1554 su-

2056 1584 2269 1640 stinuit
2316 1587 2460 1639 duas
2508 1591 2744 1642 naturas
2777 1586 2832 1640 in
2868 1602 2981 1642 una
3013 1587 3311 1659 bypostasi
3361 1587 3702 1657 subsistere,

2056 1677 2253 1728 narrat
2277 1688 2291 1738 ;
2315 1677 2371 1728 et
2394 1673 2536 1729 illud
2572 1691 2668 1745 per
2698 1674 2841 1729 illud
2879 1677 3180 1747 perspicue
3201 1679 3400 1732 Patres
3425 1678 3494 1733 ad
3521 1692 3698 1732 unum

2057 1779 2279 1827 omnes,
2313 1768 2369 1820 et
2427 1764 2633 1820 docent
2682 1769 2737 1820 et
2789 1766 3126 1836 praedicant,
3168 1767 3269 1821 sed
3318 1766 3474 1822 illius
3521 1766 3705 1822 animi

2052 1854 2455 1924 impotentiam
2513 1853 2813 1910 ferendam
2862 1871 2976 1910 non
3026 1871 3173 1923 esse,
3207 1857 3306 1912 sed
3357 1871 3426 1910 ex
3472 1856 3700 1912 duabus

2053 1944 2282 1998 naturis
2313 1947 2574 1998 constare
2599 1944 2918 2013 Christum,
2953 1953 3082 2016 post
3112 1947 3382 2002 unionem
3417 1963 3532 2002 non
3568 1961 3697 2002 am-

2053 2030 2208 2102 plius
2239 2032 2408 2102 duas,
2441 2048 2629 2104 neque
2669 2032 2728 2088 in
2760 2033 2989 2090 duabus
3033 2035 3324 2105 cognosci,
3359 2051 3532 2092 unam
3564 2051 3700 2091 vero

2052 2129 2316 2176 naturam
2352 2125 2482 2192 post
2522 2122 2807 2178 unitatem
2860 2123 3188 2194 prodigiose
3236 2125 3441 2180 asseri.
3476 2124 3702 2190 Quibus

2052 2225 2374 2266 consonare
2416 2210 2496 2266 ait
2542 2211 2947 2282 predatoriam
2979 2212 3143 2268 illam
3177 2214 3233 2268 in
3266 2212 3490 2284 Epheso
3531 2231 3702 2286 syno-

2051 2298 2188 2354 dum
2225 2299 2344 2355 hasc
2375 2305 2737 2356 asserentcm
2765 2317 2776 2356 :
2813 2303 2908 2357 llis
2935 2306 2984 2356 et
3015 2318 3112 2359 nos
3138 2318 3324 2358 omnes
3361 2303 3572 2360 conditi
3600 2321 3694 2360 su-

2050 2404 2192 2454 mus,
2225 2397 2404 2460 utque
2435 2390 2642 2445 iisdem
2675 2391 2746 2445 de
2774 2390 2968 2446 causis
2997 2391 3488 2449 Chalcedonensis
3520 2410 3697 2465 syno-

2049 2479 2159 2532 dus
2189 2478 2514 2534 Nestorium
2548 2488 2600 2534 et
2628 2479 2946 2550 Eutychem
2983 2481 3382 2536 condemnarit
3406 2499 3418 2536 :
3443 2486 3500 2535 et
3522 2499 3695 2539 nosse

2052 2571 2290 2623 naturas
2322 2573 2451 2639 post
2484 2567 2764 2624 unitatem
2795 2568 2851 2624 in
2884 2586 2998 2624 una
3031 2585 3300 2640 persona,
3327 2571 3399 2624 ab
3424 2571 3584 2626 omni
3609 2576 3698 2627 est

2051 2655 2334 2711 divisione
2365 2656 2642 2712 alienum.
2669 2657 2949 2728 Idemque
2974 2659 3177 2713 beatus
3201 2658 3453 2730 Cyrillus
3482 2661 3700 2716 omnis-

2051 2762 2159 2817 que
2191 2747 2334 2803 adeo
2366 2751 2700 2804 sanctorum
2733 2748 2969 2804 Patrum
3001 2753 3186 2804 coetus
3218 2748 3388 2804 claris
3422 2750 3703 2820 praedicat

2050 2835 2312 2892 vocibus.
2338 2836 2624 2908 Eulycbes
2645 2838 2886 2909 ejusque
2917 2838 3173 2905 asseclte,
3201 2855 3300 2909 pro
3324 2839 3546 2895 unitate
3571 2839 3702 2911 qui-

2049 2929 2204 2994 dem,
2235 2928 2344 2984 boc
2375 2933 2479 2996 est,
2511 2928 2730 3000 duplici
2778 2929 3000 2986 unitate
3034 2929 3086 3001 (ο
3119 2928 3418 3002 ingentem
3460 2931 3699 2987 demen-

2050 3020 2189 3074 tiam
2223 3023 2394 3087 atque
2424 3018 2780 3089 impietatem
2808 3015 2847 3085 Ι)
2877 3020 3023 3074 duas
3071 3018 3388 3090 pradicant
3438 3028 3690 3088 naturas,

287 3116 533 3175 ένώσεως
588 3113 707 3186 μὶν,
737 3111 980 3166 τουτέστι
1029 3106 1160 3185 δίχα
1209 3107 1452 3168 ένώσεως
1505 3104 1574 3179 (ὢ
1625 3105 1800 3179 λήρου
1841 3104 1929 3158 καὶ

2052 3124 2164 3164 non
2212 3108 2467 3178 amplius
2518 3116 2643 3178 post
2693 3109 2996 3175 unionem,
3027 3112 3084 3164 et
3107 3109 3206 3180 qui
3240 3110 3555 3178 Eutychem
3607 3127 3696 3166 sa-

283 3199 598 3266 δυσσεϐείας
658 3195 940 3274 ὑπερϐολή
971 3201 1010 3271 i)
1053 3198 1145 3260 τὰς
1195 3195 1290 3252 δύο
1345 3195 1674 3267 κηρύττουσι
1724 3195 1931 3271 φύσεις,

281 3293 464 3348 οὐκέτι
516 3289 576 3347 δὲ
610 3290 746 3364 μετά
789 3290 889 3358 την
934 3284 1149 3342 ἕνωσιν.
1185 3286 1289 3342 Καὶ
1340 3284 1424 3340 ὅτι
1474 3285 1526 3339 οἱ
1574 3284 1664 3338 τὸν
1718 3282 1935 3361 Εὐτυχῆ

275 3381 768 3456 ἁναθεματίζοντις
825 3377 917 3433 καὶ
966 3377 1032 3432 τὰ
1088 3375 1252 3431 αὐτοῦ
1302 3372 1547 3451 δόγματα
1598 3375 1941 3449 παραχρῆμα

268 3474 367 3528 καὶ
427 3470 648 3532 ἄκοντες
703 3471 804 3538 τὴν
852 3465 1243 3540 οἷκουμενικήν
1293 3466 1556 3538 τετάρτην
1607 3461 1936 3537 κηρύττουσι

268 3559 529 3618 σύνοδον·
564 3560 666 3616 οὐκ
695 3557 843 3628 ἄλλη
865 3557 965 3632 γαρ
990 3555 1344 3628 οἰκουμενική
1371 3549 1620 3619 σύνοδος,
1651 3550 1776 3606 ἀλλ’
1801 3550 1933 3620 αὕτη

275 3653 426 3726 μόνη
469 3649 734 3728 δεχθέντα
768 3647 904 3722 μετά
940 3651 1048 3702 τῶν
1091 3642 1402 3721 βδελυκτῶν
1446 3642 1611 3698 αὑτοῦ
1643 3638 1932 3715 δογμάτων

269 3741 440 3816 (καθὰ
469 3741 560 3795 καὶ
605 3739 950 3813 προείρηται)
980 3735 1124 3809 παρᾶ
1163 3740 1262 3803 τῆς
1312 3731 1613 3806 λῃστρικῆς
1643 3730 1692 3784 έν
1725 3731 1934 3802 Ἐφέσῳ

267 3830 533 3904 δευτέρας
604 3825 833 3884 συνόδου
898 3829 1090 3880 τοῦτον
1141 3824 1188 3858 7²
1261 3819 1543 3883 παντελῶς
1612 3817 1823 3891 ἐξέτεμέ
1877 3839 1936 3874 τε

263 3922 361 3975 καὶ
418 3918 774 3992 ἀπεκήρυξεν.
829 3918 1016 3970 Ἐοικε
1075 3909 1133 3966 δὲ
1199 3915 1366 3966 ταῦτα
1421 3907 1640 3984 γράφειν
1695 3906 1934 3980 ’Λνθίμῳ

264 4009 703 4084 παρουσιάζοντι
756 4006 850 4080 μέν
876 4007 946 4078 τῇ
1008 3998 1254 4078 βασιλίδι
1307 3997 1492 4070 πόλει,
1525 3995 1677 4052 οὔπω
1725 3993 1780 4052 δέ
1811 3997 1935 4058 τοὺς

263 4097 700 4178 ἆρχιερατικοὺς
759 4097 929 4166 αὐτῆς
1009 4092 1296 4149 ὑπελθόντι
1355 4089 1560 4164 νόμους

2048 3196 2159 3252 cris
2191 3196 2568 3266 interdicunt,
2601 3197 2794 3254 9248a
2821 3202 2878 3254 et
2923 3199 3053 3270 ejus
3109 3199 3439 3270 opiniones,
3473 3201 3543 3255 de
3575 3199 3696 3271 pla-

2045 3303 2142 3356 no,
2172 3290 2341 3357 atque
2372 3285 2538 3342 inviti
2578 3287 3000 3343 oecumenicam
3055 3293 3328 3359 quartam
3380 3288 3700 3361 pradicant

2043 3375 2340 3446 synodum
2367 3392 2380 3432 :
2406 3392 2521 3432 non
2555 3375 2670 3432 alia
2700 3375 2859 3432 enim
2889 3377 3246 3433 mcumenica
3275 3379 3535 3450 synodus
3567 3377 3696 3446 fuit,

2043 3467 2143 3521 sed
2176 3481 2243 3521 ea
2274 3465 2428 3533 sola,
2459 3472 2797 3537 susceptum
2832 3483 2960 3523 cum
2995 3469 3288 3539 pestiferis
3319 3469 3448 3539 ejus
3478 3467 3698 3538 opinio-

2042 3554 2237 3622 nibus,
2267 3558 2334 3610 ut
2382 3554 2660 3622 diximus,
2693 3556 2752 3610 in
2809 3557 3032 3627 perfida
3079 3555 3181 3613 illa
3231 3558 3454 3629 synodo
3501 3557 3691 3628 Ephe-

2041 3645 2192 3714 sius,
2222 3645 2327 3702 hoc
2351 3647 2591 3703 omnino
2623 3647 2824 3717 rejecit
2854 3655 2908 3701 et
2938 3647 3254 3702 damnavit.
3285 3650 3539 3719 Apparet
3561 3665 3691 3704 vero

2041 3734 2316 3790 Anthimo
2355 3735 2476 3790 haec
2525 3735 2832 3806 scripsisse
2862 3735 2922 3791 in
2953 3737 3110 3806 regia
3153 3736 3296 3791 urbe
3324 3737 3601 3801 versanti,
3637 3743 3690 3791 et

2045 3839 2336 3893 nunquam
2387 3840 2583 3878 sacras
2626 3823 2786 3880 illius
2819 3824 2973 3894 leges
3003 3823 3268 3890 violasse,
3303 3841 3477 3895 quem
3512 3829 3568 3879 et
3599 3823 3700 3878 ad-

2040 3929 2244 3968 versus
2303 3911 2678 3967 Nestorianos
2720 3917 2777 3968 et
2825 3912 3216 3985 Eutychianos
3265 3922 3415 3969 certe
3462 3913 3690 3969 suadet.

2042 4001 2172 4056 Haec
2203 4001 2439 4072 quidem
2472 4001 2718 4070 epistola
2751 4001 2851 4056 illa
2881 4002 3308 4072 complectitur.

1609 4105 1623 4121 °
1686 4087 1743 4142 ὃν
1822 4087 1910 4142 καὶ
1969 4093 2218 4163 παραινεῖ
2274 4089 2408 4142 κατά
2478 4109 2537 4144 τε
2588 4092 2695 4144 τῶν
2775 4094 3148 4164 Νεστοριανῶν
3221 4090 3312 4145 καὶ
3386 4093 3494 4145 τῶν
3565 4111 3696 4167 φρο-

265 4175 514 4251 νούντων
540 4189 608 4245 τὰ
640 4188 922 4262 Εύτυχοῦς
957 4185 1336 4262 ἀγωνίζεσθαι.
1369 4178 1550 4238 Ἀλλά
1576 4183 1742 4234 ταῦτα
1774 4179 1870 4252 μὲν
1900 4177 1990 4233 καὶ
2022 4181 2056 4248 ἡ
2089 4183 2336 4253 παροῦσα
2366 4175 2515 4254 λέγει
2549 4177 2842 4250 ἐπιστολή.

343 4285 413 4338 Ἦ
447 4278 510 4336 δε
537 4282 674 4354 πρὸς
714 4277 927 4352 Βράζην
959 4276 1052 4332 τὸν
1103 4275 1333 4348 Πέρσην,
1366 4269 1482 4327 ἐπεὶ
1532 4272 1693 4324 τοῦτο
1734 4263 1931 4342 ᾔτησεν

268 4372 516 4440 ἐκεῖνος,
549 4368 608 4424 ἐκ
636 4372 746 4423 τῶν
781 4366 940 4421 θείων
974 4368 1202 4441 Γραφῶν
1235 4359 1363 4418 ἀλλ’
1391 4359 1490 4415 οὐκ
1535 4356 1595 4414 ἐκ
1647 4361 1929 4432 [Ιατρικῶν

2111 4270 2246 4334 Quae
2287 4287 2418 4327 vero
2451 4272 2521 4326 ad
2555 4271 2771 4327 Brasen
2802 4275 3041 4328 Persam
3073 4273 3208 4328 data
3257 4275 3366 4343 est,
3399 4288 3536 4328 cum
3586 4272 3694 4331 hoc

2048 4360 2400 4432 postulasset
2428 4377 2458 4418 θ
2488 4378 2654 4418 sacra
2693 4361 3010 4434 Scriptura,
3045 4363 3144 4418 sed
3194 4379 3308 4419 non
3340 4378 3370 4419 θ
3400 4363 3692 4421 Ρειτίὺυει

273 4462 602 4537 μαρτυριῶν
634 4456 756 4533 περί
788 4477 846 4511 τε
893 4460 990 4524 τῆς
1019 4452 1173 4528 ἁγίας
1223 4450 1312 4507 καὶ
1358 4448 1662 4523 ὁμοουσίου
1707 4445 1934 4521 Τριάδος

2052 4425 2118 4507 iis
2165 4456 2368 4507 sancta
2396 4455 2454 4507 et
2484 4425 2968 4510 consubstantiali
2997 4425 3290 4509 'Trinitate
3330 4454 3603 4524 continet,
3639 4459 3696 4512 et

268 4535 650 4623 διαλαμϐάνει
686 4565 699 4578 ·
749 4546 836 4601 καὶ
887 4547 1008 4618 [408
1059 4544 1150 4615 Η.]
1191 4541 1316 4615 περὶ
1347 4546 1446 4608 τῆς
1489 4535 1543 4592 ἐν
1593 4538 1748 4612 σαρκὶ
1797 4557 1936 4608 παρ-

263 4639 465 4701 ουσίας
494 4641 595 4694 τοῦ
645 4635 850 4710 Λόγου,
878 4632 967 4689 καὶ
1019 4630 1143 4706 περὶ
1175 4637 1274 4700 τῆς
1319 4627 1472 4702 ἁγίας
1516 4626 1608 4682 καὶ
1654 4623 1936 4701 ὑπερενδό-

259 4734 366 4800 ξου
423 4727 697 4799 Παρθένου
745 4725 833 4780 καὶ
895 4722 1162 4778 Θεοτόκου
1226 4718 1458 4792 Μαρίας.
1518 4717 1582 4772 A't
1626 4713 1682 4770 δέ
1731 4721 1934 4792 Γραφαι

263 4819 413 4875 εἰσιν
462 4814 678 4887 αὑτῷπ
800 4833 860 4868 τε
904 4810 1114 4867 παλαιὰ
1152 4810 1398 4879 Διαθήκη
1450 4807 1541 4862 καὶ
1585 4807 1652 4860 τὰ
1697 4805 1934 4878 Κυριακᾶ

259 4909 445 4982 λόγια
475 4907 565 4960 καί
592 4905 657 4958 τὰ
708 4901 1046 4958 ἀποστολικὰ
1094 4897 1447 4976 κηρύγματα,
1484 4893 1552 4951 δι’
1584 4895 1658 4948 ὧν
1702 4894 1756 4948 αἰ
1804 4913 1936 4966 προ-

258 4979 520 5070 κείμεναι
551 4997 659 5048 τῶν
709 4991 1016 5047 ὑποθέσεων
1063 4988 1127 5045 τὸ
1178 4986 1381 5057 ἀληθὲς
1429 4985 1518 5040 καὶ
1576 4979 1792 5059 βέϐαιον
1831 4983 1932 5037 ἀπ-

255 5088 598 5160 ηνέγκαντο.
635 5080 809 5137 Πλέον
837 5077 896 5134 δὲ
933 5083 1042 5135 τῶν
1069 5077 1258 5133 ἄλλων
1295 5072 1681 5153 ἐμφιλοχωρεῖ
1705 5075 1773 5145 τῇ
1808 5072 1934 5126 ὑπο-

254 5177 444 5244 Θέσαι,
493 5173 548 5229 έν
601 5174 639 5244 ᾗ
683 5175 718 5243 ἡ
772 5174 870 5226 τοῦ
927 5171 1104 5246 Λόγου
1170 5169 1445 5244 σάρκωσις
1498 5161 1931 5233 ἀναδιδάσκεται,

253 5267 365 5323 ἅτε
421 5260 488 5332 δη
537 5261 629 5318 καὶ
676 5263 775 5316 τοῦ
821 5262 1014 5334 καιροῦ
1062 5256 1293 5314 πλείονα
1315 5257 1415 5325 τὴν
1462 5252 1587 5329 περὶ
1624 5250 1793 5318 αὐτῆς
1843 5252 1928 5321 ἒξ-

2047 4541 2117 4596 de
2172 4541 2571 4598 incarnatione
2618 4542 2810 4610 Verbi,
2853 4544 3040 4614 deque
3097 4543 3350 4615 gloriosa
3394 4549 3452 4600 et
3490 4549 3697 4600 sancta

2044 4629 2306 4702 Virgine,
2330 4637 2387 4685 et
2407 4630 2508 4686 Dei
2535 4631 2824 4687 Genitrice
2852 4632 3054 4687 Maria.
3080 4633 3230 4688 Sunt
3259 4637 3459 4689 autem
3490 4648 3693 4689 eorum

2045 4717 2382 4790 Scriptura,
2413 4726 2468 4774 et
2499 4722 2680 4776 Vetus
2709 4719 3174 4787 Testamentum,
3209 4725 3265 4776 et
3294 4721 3524 4776 Domini
3569 4737 3693 4776 ver-

2043 4806 2138 4875 ba,
2166 4807 2609 4880 apostolicaeque
2659 4809 3125 4880 praedicationes,
3158 4810 3373 4880 quibus
3418 4811 3694 4882 quaestio-

2046 4913 2188 4951 num
2221 4897 2436 4954 veritas
2468 4906 2524 4954 et
2553 4898 2918 4955 confirmatio
2964 4899 3143 4955 allata
3171 4903 3280 4964 est,
3314 4915 3429 4970 prae
3472 4897 3694 4954 caeteris

2044 4986 2185 5042 huic
2215 4987 2318 5043 uni
2349 4988 2652 5059 quaestioni
2688 4988 2954 5057 inhaeret,
2987 4989 3050 5045 in
3083 5006 3200 5062 qua
3230 4990 3300 5044 de
3333 4989 3695 5046 incarnatio-

2045 5091 2117 5131 ne
2144 5075 2319 5133 Verbi
2348 5077 2726 5148 disceptatur,
2762 5078 3066 5134 occasione
3104 5078 3326 5134 scilicet
3374 5077 3697 5150 longiorem

2043 5165 2221 5234 hujus
2270 5165 2723 5238 disputationem
2772 5167 3055 5238 exigente.
3091 5167 3210 5224 Hoc
3259 5171 3454 5224 autem
3485 5167 3544 5222 in
3587 5167 3695 5223 hac

2041 5253 2282 5324 epistola
2312 5259 2579 5312 conatur.

254 5354 534 5432 ιργασίαν
565 5352 948 5412 ἀπαιτοῦντος.
983 5349 1244 5405 Τοιοῦτον
1285 5345 1379 5420 μέν
1408 5345 1498 5401 καὶ
1526 5343 1590 5398 τὸ
1621 5337 1943 5412 σπούδασμα
1973 5339 2201 5410 ταυτησὶ
2239 5348 2340 5412 τῆς
2382 5341 2701 5414 ἐπιπολῆς.

342 5500 372 5539 s
408 5480 544 5539 Luc.
578 5495 618 5552 ι,
651 5479 738 5534 43.

1641 5586 1890 5645 VARLE
1931 5584 2339 5642 LECTIONES.

340 5727 400 5760 τ’
433 5725 630 5777 τοῦτον
664 5722 709 5775 Δ
744 5735 758 5776 :
790 5714 912 5774 τὸτε
942 5717 1023 5792 ς’.
1101 5715 1146 5751 ⁷³
1176 5713 1358 5770 αὐτῶν
