4154 6218
403 394 521 456 967

1599 383 1865 448 ΡΗΟΤΙΙ
1908 380 2439 445 ΡᾹΤΒΙΑΗΟΗᾹΞ
2482 382 2605 443 CP.

3685 382 3813 443 968

472 526 683 584 Scribit.
713 531 906 582 autem
938 523 1008 578 ad
1042 520 1271 593 aliquos
1306 518 1623 575 monachos
1656 517 1917 574 Ecclesiae
1952 516 2047 572 de-

2232 510 2429 589 Γράφει
2486 510 2542 568 δὲ
2590 512 2680 567 καὶ
2732 512 2869 588 πρὸς
2922 510 3199 590 μοναχούς
3246 532 3416 581 τινας,
3460 513 3512 565 οἳ
3563 518 3665 581 τῆς
3715 516 3817 565 τοῦ

405 618 726 674 fessionem
761 612 1056 670 catholicas
1088 616 1144 667 et
1174 609 1505 681 apostolica:
1550 608 1873 676 molientes,
1907 622 2055 678 quos

406 712 746 764 sanctorum
778 708 1013 759 Patrum
1047 699 1472 757 monitionibus
1504 699 1850 769 conjungere
1884 695 2057 750 moli-

403 799 518 858 tur,
553 793 869 850 ostendens
918 807 1119 848 eorum
1164 790 1511 845 sententiam
1566 804 1681 844 non
1733 784 1935 858 procul
1980 786 2051 840 ab

402 882 807 940 haereticorum
840 879 1214 952 opinionibus
1247 879 1480 945 distare,
1504 877 1851 947 nullumque
1873 891 1937 931 ex
1963 889 2049 940 ea,

404 970 898 1044 quemadmodum
913 968 1168 1027 haeretici
1182 967 1364 1024 solent
1378 966 1755 1035 ,ccmmodum
1771 963 2050 1035 accipere,

400 1062 510 1117 hoc
533 1061 707 1117 variis
734 1058 1085 1117 testimoniis
1106 1061 1443 1113 sanctorum
1467 1057 1696 1111 Patrum
1720 1054 2050 1110 conﬁrmat.

403 1152 466 1205 In
501 1165 618 1206 una
648 1151 968 1221 eademque
991 1164 1234 1219 persona
1254 1144 1477 1201 variam
1511 1148 1734 1200 naturae
1765 1141 2050 1198 actionem

406 1239 677 1313 perspici,
703 1242 759 1294 ct
791 1239 862 1294 ad
896 1253 1127 1293 omnem
1163 1235 1397 1307 pietatis
1428 1232 1854 1305 plenitudinem
1888 1230 2053 1286 sufﬁ-

406 1346 556 1397 cere,
589 1327 901 1400 Deiparam
932 1326 1166 1383 credere
1196 1329 1253 1381 et
1283 1322 1577 1396 appellare
1620 1319 2051 1378 sanctissimam

410 1417 722 1489 Virginem.
749 1416 1060 1486 Postquam
1088 1414 1244 1470 enim
1267 1412 1399 1484 quis
1426 1410 1635 1467 dixerit
1660 1412 1835 1466 Deum
1867 1408 2054 1464 incar-

406 1510 612 1562 natum
642 1504 941 1577 Virginem
975 1503 1291 1576 peperisse,
1325 1500 1665 1573 angelorum
1700 1498 1785 1554 uti
1826 1497 2056 1553 videtur

406 1594 721 1665 theologia.

479 1682 693 1739 Scribit
741 1682 895 1738 idem
926 1685 982 1737 et
1022 1683 1262 1737 atteram
1314 1677 1619 1751 epistolam
1671 1677 1741 1732 ad
1793 1673 2054 1731 Callinici

408 1775 765 1841 desertores;
796 1773 1040 1845 cupiens
1090 1788 1223 1827 vero
1273 1786 1371 1826 eos
1422 1766 1682 1823 Ecclesia:
1723 1765 1823 1821 Dei
1856 1765 2052 1821 conci-

409 1862 571 1930 liare,
596 1863 665 1918 ab
699 1833 858 1919 omni
878 1833 1016 1918 .eam
1050 1861 1291 1916 liberam
1325 1858 1595 1913 haeretica
1623 1854 1751 1910 labe
1783 1854 2055 1921 ostendit,
2090 1833 2134 1898 Β

414 1958 470 2009 et
491 1952 593 2024 qui
614 1952 684 2008 ad
708 1968 834 2008 eam
861 1951 1048 2007 labem
1073 1952 1392 2006 conventus
1425 1948 1592 2011 ﬁunt,
1614 1943 1909 1999 latronum
1940 1959 2063 1999 esse

417 2040 793 2112 speluncam:
837 2040 1081 2095 altertur
1127 2036 1343 2094 imitari
1394 2038 1656 2105 nportere
1700 2031 2057 2100 Simeonem,

410 2134 469 2185 et
500 2130 871 2199 Baradatum,
906 2133 961 2183 et
999 2127 1306 2193 Jacobum,
1336 2125 1490 2180 viros
1539 2121 1770 2178 virtutis
1820 2120 2058 2176 nomine

411 2223 531 2275 toto
588 2222 875 2274 terrarum
938 2217 1079 2272 orbe
1136 2215 1410 2280 celebres,
1470 2211 1572 2285 qui
1635 2209 1826 2265 248b
1878 2211 2058 2265 vitam

414 2308 749 2365 universam
781 2308 838 2363 in
863 2306 1260 2364 ecclesiastica
1289 2303 1597 2375 disciplina
1628 2305 2058 2372 transegerunt.

414 2402 603 2469 Atque
636 2396 755 2454 hac
785 2397 1021 2468 quidem
1055 2394 1295 2468 epistola
1326 2394 1603 2450 continet.

487 2578 759 2633 Proxima
789 2593 920 2632 vero
952 2577 1137 2633 oratio
1167 2576 1483 2647 Ephrmmii
1520 2574 1859 2647 synodicam
1888 2572 2066 2629 actio-

416 2683 549 2724 nem
581 2666 848 2737 explicat,
883 2666 940 2721 in
974 2683 1086 2737 qua
1118 2665 1475 2737 Syncleticus
1506 2665 1838 2721 nominatur
1868 2664 2062 2735 (quem

417 2756 586 2812 Tarsi
618 2755 957 2827 episcopum
981 2754 1161 2810 fuisse
1193 2753 1367 2827 paulo
1397 2760 1528 2811 ante
1552 2752 1888 2825 memoravi)
1910 2750 2064 2823 quod

415 2844 645 2902 libellos
668 2861 783 2900 non
802 2843 1119 2900 catholicos
1143 2844 1215 2899 ab
1238 2843 1526 2901 haereticis
1549 2843 1887 2915 accepisset,
1913 2842 2068 2897 unde

418 2934 713 2990 bmreticas
752 2933 1013 2989 hauserit
1044 2933 1374 3005 opiniones,
1406 2938 1461 2990 et
1495 2934 1829 3005 Stephanus
1874 2948 2069 2988 mona-

420 3024 565 3080 chus
597 3021 907 3096 Syncletici
939 3022 1231 3094 syncellus
1261 3022 1608 3095 appellatus,
1637 3027 1693 3079 et
1722 3038 1866 3094 pene
1896 3037 2068 3077 accu-

423 3117 586 3168 satur
620 3117 858 3183 uterque
890 3112 1236 3185 praecedenti
1270 3112 1548 3180 oratione,
1582 3116 1882 3184 propterea
1913 3111 2065 3182 quod

425 3201 805 3257 orthodoxam
858 3217 973 3257 non
1024 3200 1494 3273 amplexarentur
1527 3201 1721 3269 fidem,
1751 3201 1850 3256 sed
1884 3200 2062 3269 Euty-

423 3290 551 3347 chis
596 3290 724 3346 labe
770 3289 963 3345 infecti
1010 3294 1224 3346 essent.
1258 3290 1479 3346 Tamen
1524 3305 1657 3347 cum
1706 3288 2067 3361 Syncleticus

420 3379 762 3451 religionem
796 3378 1054 3450 profiteri
1084 3378 1325 3433 tandem
1350 3383 1587 3434 coactus
1610 3383 1785 3443 esset,
1808 3379 2066 3449 synodus

421 3468 693 3525 solvitur.
729 3469 993 3539 [Tamen,
1030 3467 1237 3539 inquit,
1281 3469 1552 3540 pietatem
1604 3468 1839 3523 tandem
1891 3468 2074 3523 susci-

426 3557 639 3629 piente,
670 3558 918 3614 solvitur
962 3557 1264 3628 synodus]
1300 3560 1363 3612 In
1406 3557 1515 3612 hac
1562 3557 1788 3613 actione
1836 3556 2071 3613 beatum

432 3646 707 3719 Cyrillum
733 3647 949 3704 alicubi
965 3656 1167 3704 natura
1184 3664 1284 3721 pro
1302 3663 1537 3720 persona
1554 3664 1724 3703 usum
1746 3663 1871 3704 esse
1889 3652 2075 3704 osten-

432 3737 539 3805 dit,
564 3754 695 3793 cum
721 3738 863 3793 dicit
882 3754 1060 3793 unam
1079 3737 1327 3794 maxime
1341 3736 1514 3793 Verbi
1546 3742 1815 3793 naturam
1841 3753 2074 3793 carnem

433 3824 733 3882 induisse:
760 3843 873 3881 non
897 3826 1092 3898 ipsum
1118 3826 1306 3883 dicere
1336 3842 1489 3897 saepe
1520 3841 1651 3882 eum
1684 3828 1829 3882 duas
1860 3827 2079 3883 confes-

432 3932 565 3973 sum
590 3920 853 3985 naturas,
870 3916 1365 3988 quemadmodum
1391 3920 1614 3972 mutato
1632 3914 1874 3973 consilio
1898 3933 2075 3972 unam

435 4010 728 4071 naturam,
762 4004 874 4060 nisi
909 4006 1052 4061 forte
1084 4022 1239 4061 nunc
1270 4009 1492 4063 natura!
1521 4022 1720 4062 vocem
1754 4022 1857 4077 pro
1895 4022 2079 4077 perso-

434 4110 525 4151 nas
556 4094 942 4167 usurpaverit,
976 4098 1031 4150 et
1058 4095 1444 4151 confirmatur
1482 4095 1537 4151 id
1586 4111 1653 4150 ex
1704 4094 1836 4150 aliis
1882 4094 2080 4168 Uyrilti

432 4183 593 4251 locis,
627 4200 871 4257 eamque
919 4199 1049 4239 esse
1094 4183 1361 4241 Ecclesia:
1419 4192 1697 4251 mentem,
1742 4183 1974 4257 aliaque
2024 4185 2081 4241 id

432 4288 619 4344 genus
653 4272 820 4329 utilia
851 4272 1129 4327 adversus
1158 4271 1490 4329 hazreticam
1541 4272 1727 4329 labem
1778 4272 1901 4330 haec
1932 4275 2082 4331 actio

432 4362 756 4418 certamina
786 4359 1066 4416 continet.

435 4446 768 4517 Ἐκκλησίας
826 4445 1103 4525 φρόνημα.
1165 4446 1261 4502 Καὶ
1326 4447 1469 4503 ἄλλα
1538 4447 1593 4503 δέ
1665 4470 1787 4505 τινα
1862 4453 2116 4525 χρήσιμα

434 4556 612 4609 σματα
651 4536 915 4613 περιέχει.

2159 605 2297 656 Θεοῦ
2354 602 2654 671 καθολικῆς
2728 603 2817 656 καὶ
2892 599 3267 669 ἂποστολικῆς
3321 599 3653 669 Ἐκκλησίας
3713 602 3816 667 τήν

2157 689 2432 745 διάστασιν
2495 690 2712 746 ἐνόσουν
2746 710 2759 725 '
2820 689 2914 753 οὓς
2971 688 3059 745 διὰ
3118 692 3400 765 Πατρικῶν
3448 689 3822 765 παραινέσεων

2158 783 2407 854 πειρᾶται
2462 781 2711 854 συνάψαι,
2762 777 2973 843 δεικνὺς
3017 781 3112 840 τὰς
3162 778 3377 834 ἐκείνων
3427 780 3610 858 φωνάς
3658 776 3817 833 οὑόὶν

2158 874 2265 924 τῶν
2299 866 2485 923 ἄλλων
2533 869 2819 944 αἱρετικῶν
2872 868 3249 948 διαφερούσας,
3300 868 3388 923 καὶ
3443 865 3719 941 μηδεμίαν
3766 867 3819 938 ἐξ

2161 958 2360 1029 αὐτῶν,
2406 956 2589 1032 ὥσπερ
2629 956 2743 1013 οὐδ’
2790 957 3051 1029 ἐκείνους,
3092 954 3274 1028 ὄνησιν
3320 956 3643 1033 κερδαίνειν.
3680 964 3820 1012 Συν-

2163 1048 2340 1117 ίστησι
2376 1044 2431 1100 δῖε
2473 1044 2755 1125 διαφόροις
2791 1048 3042 1120 Πατέρων
3080 1046 3399 1121 μαρτυρίαις
3433 1046 3512 1124 ἐφ’
3552 1046 3672 1108 ἰνὸς
3723 1046 3818 1101 καὶ

2161 1140 2258 1190 τοῦ
2316 1136 2482 1190 αὐτοῦ
2542 1137 2844 1209 προσώπου
2913 1134 3170 1215 διάφορον
3248 1138 3479 1215 φυσικὴν
3544 1136 3821 1211 ἐνέργειαν

2164 1226 2503 1299 θεωρεῖσθαι,
2552 1224 2643 1280 καὶ
2691 1226 2872 1300 ἀρκεῖν
2919 1227 3055 1301 πρὸς
3114 1230 3285 1280 πᾶσαν
3346 1220 3539 1295 εὐσεϐῆ
3590 1224 3823 1299 πληρο-

2163 1315 2354 1389 φορίαν
2412 1313 2675 1370 Θεοτόκον
2736 1321 2952 1394 φρονεῖν
3004 1315 3093 1369 καὶ
3152 1315 3327 1390 λεγειν
3386 1316 3484 1384 τὴν
3544 1315 3821 1389 παναγίαν

2164 1407 2431 1482 Παρθένον
2469 1427 2482 1440 ο
2539 1404 2753 1462 ἐπειδὰν
2816 1410 2916 1482 γάρ
2964 1428 3047 1470 τις
3096 1406 3218 1481 εἷ’πῃ
3274 1408 3401 1463 Θεὸν
3461 1407 3824 1483 ἑνανθρωπή-

2165 1516 2329 1551 σαντα
2358 1501 2531 1550 τεκεῖν
2564 1497 2662 1565 τὴν
2712 1496 2975 1571 παναγίαν
3006 1498 3305 1571 Παρθένον,
3334 1500 3402 1571 τῇ
3444 1502 3553 1551 τῶν
3596 1498 3826 1574 ἀρχαγ-

2164 1582 2341 1663 γέλων
2367 1586 2413 1622 ⁷⁸
2437 1586 2597 1648 οὗτος
2628 1585 2889 1660 θεολογίᾳ
2921 1587 3159 1662 φαίνεται
3192 1587 3557 1662 κεχρημένος.

2237 1676 2431 1753 Γράνρει
2466 1672 2639 1730 δὲκαὶ
2683 1676 2865 1750 ἑτέραν
2913 1673 3209 1745 ἐπιστολὴν
3242 1678 3269 1732 ὁ
3313 1677 3473 1739 αὐτὸς
3518 1679 3657 1753 πρὸς
3687 1680 3827 1738 τοὺς

2165 1763 2501 1839 ἀποσχιστὲις
2551 1762 2906 1835 Καλλινίκου,
2956 1768 3223 1820 νουθετῶν
3276 1767 3369 1838 μὲν
3415 1770 3483 1841 τῇ
3530 1772 3631 1823 τοῦ
3681 1771 3829 1823 Θεοῦ

2163 1855 2390 1917 τούτους
2460 1855 2719 1923 ἑνωθῆναι
2793 1852 3112 1926 Ἐκκλησία,
3187 1857 3423 1930 καθαράν
3496 1856 3825 1935 ἀποςοαίνων

2164 1943 2363 2015 ταύτην
2406 1944 2584 2015 πάσης
2633 1944 2908 2018 αἱρετικῆς
2948 1942 3202 2017 κηλῖδος,
3251 1944 3343 2001 καὶ
3404 1947 3488 2001 ὅτι
3546 1946 3613 2000 τά
3672 1945 3830 2020 παρά

2166 2033 2367 2104 ταύτην
2425 2035 2752 2107 συνακτήρια
2802 2033 3019 2109 λῃστῶν
3076 2033 3185 2089 ἐστι
3245 2035 3516 2107 σπήλαια.
3563 2036 3664 2091 Καὶ
3725 2058 3827 2109 μισ

2172 2125 2386 2195 μεῖσθαι
2432 2120 2541 2177 δεῖν
2587 2122 2883 2200 εἷ’σῃγεῖται
2933 2130 3202 2197 Συμεῶνα
3238 2131 3331 2180 καῖ
3378 2122 3685 2201 Βαραόατον
3729 2127 3827 2180 καὶ

2170 2206 2452 2282 Ἰάκωϐον,
2504 2209 2696 2285 ἄνδρας
2742 2211 2824 2267 ἐπ’
2874 2213 3039 2288 ἀρετῇ
3084 2214 3185 2268 ἀνὰ
3222 2219 3393 2270 πᾶσαν
3434 2217 3533 2285 τήν
3580 2223 3685 2290 γῆν
3738 2219 3831 2290 βε-

2171 2295 2506 2373 ϐοημὲνους,
2558 2302 2609 2355 οἳ
2668 2302 2765 2371 τήν
2818 2300 3262 2373 ἒκκλεσιαστικήν
3310 2302 3397 2359 διὰ
3459 2304 3578 2379 βίου
3636 2306 3829 2374 ἠσπά-

2173 2390 2330 2444 σαντό
2369 2411 2425 2446 τε
2474 2391 2563 2445 καὶ
2604 2389 2901 2459 ἐξεθείασαν
2938 2394 3251 2452 κοινωνίαν.
3296 2393 3449 2449 Ἀλλ’
3498 2393 3550 2448 ἐν
3599 2394 3832 2454 τούτοις

2181 2481 2274 2552 μὶν
2302 2480 2391 2534 καὶ
2422 2482 2456 2549 ἠ
2490 2484 2732 2554 παροῦσα
2762 2479 3049 2554 ἐπιστολή.

2243 2571 2303 2626 Ὀ
2350 2566 2407 2624 δὲ
2454 2569 2644 2646 ἐφεξῆς
2694 2569 2862 2646 λόγος
2909 2571 3197 2643 συνοὸικὴν
3249 2570 3572 2631 ἀναπτύσσει
3631 2577 3835 2649 πρᾶξιν

2174 2660 2272 2712 τοῦ
2320 2656 2483 2710 αὑτοῦ
2534 2658 2840 2732 ἀγιωτάτου
2886 2661 3231 2737 πατριάρχου
3282 2664 3630 2738 Ἐφραιμίου,
3694 2663 3749 2718 ἐν

2177 2747 2207 2803 ὅ
2235 2768 2291 2801 τε
2342 2746 2718 2823 Συγκλητικὸς
2767 2751 2888 2822 (τῆς
2936 2755 3146 2825 Ταρσοῦ
3195 2750 3253 2807 δὲ
3296 2758 3489 2808 τοῦτον
3533 2755 3561 2807 ὁ
3605 2751 3840 2825 προλα-

2178 2831 2293 2891 ϐὼν
2326 2834 2495 2910 λόγος
2544 2835 2836 2893 ἐπίσκοπον
2870 2839 3003 2911 εἶπε)
3034 2838 3404 2916 λογοθετεῖται
3438 2842 3487 2877 75
3529 2843 3634 2897 οὑκ
3665 2843 3837 2917 ὀρθο-

2180 2924 2369 3000 δόξους
2411 2921 2707 2989 λιϐέλλους
2754 2930 2901 3004 παρά
2943 2950 3107 2985 τινων
3160 2929 3469 3005 δεξάμενος,
3520 2932 3572 3005 ἐξ
3612 2933 3690 2987 ὧν
3736 2934 3837 2988 καὶ

2180 3018 2453 3093 αἰρετικὴν
2531 3017 2798 3093 παρεσχεν
2877 3018 3153 3091 ὑπόνοιαν,
3230 3022 3320 3077 καὶ
3395 3023 3669 3101 Στέφανός
3742 3044 3836 3086 τις

2188 3108 2466 3181 μονάζων,
2509 3106 2808 3181 σύγκελλος
2841 3105 2905 3179 δὴ
2955 3114 3054 3164 τοῦ
3104 3109 3491 3186 Συγκλητικοῦ
3543 3112 3839 3186 καλούμε-

2178 3216 2291 3259 νος.
2344 3196 2440 3251 Καὶ
2505 3194 2844 3274 διελὲγχεται
2900 3198 2992 3271 μὲν
3048 3201 3183 3254 κατὰ
3244 3202 3437 3275 μικρὸν
3495 3205 3593 3256 τοῦ
3657 3200 3836 3278 λόγου

2176 3285 2468 3359 προϊόντος
2527 3285 2777 3362 ἑκάτερος
2849 3289 2923 3360 μὴ
3001 3287 3068 3342 τὰ
3124 3289 3259 3363 ὀρθά
3322 3297 3422 3360 τῆς
3492 3288 3836 3361 Ἐκκλησίας

2178 3376 2412 3451 στέργων
2474 3374 2745 3453 δόγματα,
2794 3375 2940 3433 ἀλλὰ
2982 3380 3119 3451 πρὸς
3171 3379 3271 3447 τὴν
3330 3379 3606 3454 Εὑτυχοῦς
3670 3380 3837 3436 νόσον

2183 3465 2592 3541 ύποσυρόμενος
2623 3484 2635 3497 ·
2689 3465 2841 3540 ὅμως
2887 3464 2977 3520 οὖν
3024 3471 3119 3522 τοῦ
3169 3467 3549 3544 Συγκλητικοῦ
3597 3470 3700 3539 τήν
3742 3470 3839 3525 εύο

2184 3550 2391 3610 σέϐειαν
2426 3554 2514 3609 ἐπὶ
2556 3555 2701 3610 τέλει
2744 3553 3122 3619 συνελαθέντος
3168 3556 3337 3612 εἰπεῖν
3379 3561 3413 3627 ἡ
3446 3556 3678 3620 Σύνοδος
3709 3556 3838 3613 δια-

2182 3643 2391 3701 λύεται.
2426 3647 2551 3718 [784
2585 3646 2676 3719 3.]
2709 3645 2795 3699 Ἐν
2843 3646 3011 3720 ταύτῃ
3062 3667 3092 3700 τ
3122 3649 3157 3720 ᾖ
3179 3648 3368 3721 πράξει
3411 3648 3506 3702 τὸν
3550 3649 3837 3703 θεσπέσιον

2186 3732 2460 3808 Κύριλλον
2520 3737 2587 3805 τῇ
2655 3733 2809 3809 φύσει
2875 3732 2987 3787 ἀνθ’
3048 3734 3399 3798 ὑποστάσεως
3456 3735 3713 3812 ἀλλαχοῦ
3776 3758 3841 3793 τε

2184 3822 2498 3898 παρεισάγει
2578 3824 2907 3896 χρήσασθαι,
2974 3824 3065 3877 καὶ
3139 3825 3301 3893 ἡνίκα
3369 3826 3514 3902 λέγει
3598 3826 3843 3899 μάλιστα

2190 3912 2314 3986 μίαν
2376 3911 2531 3986 φύσιν
2581 3915 2676 3966 τοῦ
2736 3912 2918 3987 Λόγου
2974 3912 3387 3989 σεσαρκωμένην
3423 3934 3436 3948 ·
3499 3914 3564 3969 οὐ
3619 3915 3723 3992 γάρ
3782 3915 3840 3969 ἂν

2190 4003 2363 4058 εἰπεῖν
2397 4002 2583 4072 αὑτὸν,
2612 4000 2883 4064 πολλάκις
2917 4002 3011 4064 τάς
3044 4000 3139 4058 δύο
3172 4003 3355 4081 φύσεις
3396 4002 3837 4081 ὡμολογηκότα,

2189 4089 2371 4165 ὥσπερ
2416 4090 2474 4145 ἐκ
2526 4088 2886 4165 μεταμελείας
2940 4091 3065 4161 μίαν
3120 4093 3299 4171 φύσιν,
3346 4092 3391 4149 εἰ
3444 4094 3522 4168 μὴ
3572 4095 3636 4150 τὸ
3688 4094 3842 4171 ῥῆμα

2189 4182 2302 4236 νυνὶ
2362 4187 2461 4250 τῆς
2522 4180 2729 4259 φύσεως
2788 4180 2906 4235 ἀντὶ
2973 4188 3072 4252 τῆς
3143 4182 3489 4247 ὑποστάσεως
3563 4184 3843 4259 παρειλή-

2192 4292 2298 4350 φει.
2348 4271 2447 4327 Καὶ
2497 4277 2786 4348 συγκροτεῖ
2834 4276 2994 4328 τοῦτο
3045 4272 3094 4342 ἐξ
3147 4273 3340 4350 ἒτέρων
3391 4295 3447 4329 τε
3488 4280 3688 4353 φωνῶν
3745 4280 3842 4330 τοῦ

2194 4361 2358 4416 αὑτοῦ
2391 4360 2700 4435 Κυρίλλου,
2739 4362 2825 4416 καὶ
2862 4362 2951 4416 ὅτε
2980 4364 3107 4436 [409
3136 4365 3231 4437 Η]
3262 4370 3509 4420 τοιοῦτον
3552 4366 3617 4420 τὸ
3649 4367 3697 4401 ’⁷⁸
3742 4368 3841 4433 τῆς

2179 4450 2315 4505 κατά
2369 4457 2468 4521 τῆς
2544 4458 2882 4527 συγχυτικῆς
2943 4448 3199 4527 αἱρέσεως
3266 4455 3301 4523 ἡ
3378 4456 3567 4529 πρᾶξις
3636 4454 3844 4530 ἀγωνί-

508 4628 648 4682 Post
691 4626 812 4683 haec
872 4628 1154 4702 inscripta
1202 4630 1351 4687 libro
1400 4629 1644 4701 epistola
1688 4632 1759 4686 ad
1813 4631 2069 4703 Magnun

2270 4631 2418 4686 Μετὰ
2448 4635 2611 4686 ταῦτα
2645 4628 2699 4685 δὲ
2748 4631 3097 4707 ἐνεγέγραπτο
3138 4637 3207 4708 τῇ
3256 4629 3438 4707 βίϐλῳ
3466 4633 3599 4707 πρὸς
3650 4634 3842 4708 Μέγαν

433 4716 776 4789 episcopum
811 4717 1076 4786 Berrceae,
1110 4717 1239 4787 hoc,
1265 4719 1322 4774 in
1346 4718 1575 4775 duabus
1599 4720 1826 4776 naturis
1859 4720 2089 4776 Emma-

439 4806 668 4864 nuelem
720 4807 954 4879 agnosci
1007 4808 1094 4880 (ut
1132 4808 1190 4864 in
1239 4812 1447 4880 quarta
1476 4813 1533 4865 et
1560 4808 1816 4881 generali
1867 4810 2088 4879 synodo

443 4897 767 4968 asseritur),
784 4899 997 4953 docens
1020 4901 1197 4971 atque
1227 4896 1565 4969 explanans,
1587 4904 1644 4955 et
1663 4914 1837 4955 usum
1869 4915 1992 4956 esse
2011 4899 2093 4957 lo-

439 4987 676 5059 quendi,
714 5002 895 5043 unam
949 4986 1122 5043 Verbi
1165 4991 1437 5043 naturam
1499 4986 1795 5044 hominem
1841 5004 1971 5044 esse
2004 4989 2087 5044 fa-

434 5081 613 5144 ctam,
661 5084 862 5132 contra
919 5092 1038 5141 eos,
1069 5075 1169 5148 qui
1229 5076 1377 5132 duas
1427 5074 1498 5132 ab
1551 5076 1792 5132 invicem
1856 5081 2091 5134 naturas

436 5173 709 5237 separant
753 5166 1038 5239 probandi
1080 5166 1257 5223 robur
1300 5166 1536 5223 habere.
1580 5168 1689 5223 Sed
1732 5185 1845 5224 non
1889 5173 2093 5225 contra

442 5258 721 5321 negantes
753 5260 1095 5311 naturarum
1123 5256 1507 5312 differentiam
1530 5260 1766 5328 pr0pter
1796 5256 2087 5313 unionem.

443 5342 947 5406 Quemadmodum
997 5361 1113 5401 una
1156 5345 1324 5403 Verbi
1366 5350 1579 5403 natura
1622 5345 1921 5404 incarnata
1961 5362 2092 5403 cum

444 5430 851 5501 separantibus
892 5432 964 5489 ab
1010 5433 1259 5491 invicem
1312 5442 1573 5506 naturas,
1618 5441 1880 5510 pugnat:
1916 5437 1999 5494 sic
2038 5440 2094 5493 et

2198 4721 2289 4775 τὸν
2322 4718 2614 4775 ἐπίσκοπον
2650 4719 2872 4794 Βεροίας
2904 4723 2946 4757 ⁷⁷
2992 4719 3283 4791 ἐπιστολὴ,
3322 4724 3384 4778 τὸ
3428 4722 3478 4778 ἄν
3508 4720 3599 4777 δύο
3646 4724 3845 4798 φύσεσι

2199 4812 2404 4884 χρῆναι
2443 4812 2485 4845 ’³⁸
2534 4810 2819 4885 γνωρίζειν
2868 4810 2965 4864 τὸύ
3014 4810 3317 4885 Ἐμανοήλ,
3350 4812 3424 4874 ὡς
3472 4812 3560 4866 καὶ
3607 4815 3677 4885 τῇ
3720 4813 3846 4888 ἁγίᾳ

2198 4900 2289 4953 καὶ
2339 4897 2695 4973 οἷκουμενικῇ
2744 4898 2973 4975 τετάρτῃ
3022 4898 3235 4974 συνόδῳ
3286 4899 3518 4975 εἶ’ρηται,
3579 4898 3846 4976 δογματί-

2201 4986 2365 5057 ζουσά
2393 5008 2451 5043 κε
2488 4988 2579 5043 καὶ
2632 4986 2975 5062 ἐπικυροῦσα,
3008 4990 3097 5045 καὶ
3150 4989 3233 5045 ὅτι
3282 4993 3316 5060 ἡ
3368 4989 3601 5066 λέγουσα
3645 4996 3847 5065 χρῆσις

2204 5078 2330 5151 μίαν
2393 5076 2548 5155 φύσιν
2625 5082 2722 5133 τοῦ
2798 5077 2977 5152 Λόγου
3051 5080 3461 5157 σεσαρκωμένην
3527 5079 3666 5135 κατά
3736 5085 3845 5136 τῶν

2201 5164 2559 5242 διαιρούντων
2591 5168 2681 5222 ἀπ’
2722 5165 2989 5239 ἀλλήλων
3029 5168 3125 5229 τὰς
3174 5171 3356 5246 φύσεις
3385 5163 3503 5248 ἔχει
3540 5170 3605 5224 τὸ
3645 5170 3847 5245 κράτος

2199 5253 2631 5332 προϐάλλεσθαι,
2680 5255 2809 5312 ἀλλ’
2860 5256 2921 5313 οὑ
2982 5259 3117 5313 κατὰ
3172 5264 3281 5314 τῶν
3331 5258 3691 5333 ἀναιρούντων
3750 5262 3852 5329 τήν

2197 5349 2303 5400 τῶν
2336 5344 2545 5423 φύσεων
2598 5344 2860 5422 διαφορὰν
2907 5342 2996 5401 διά
3024 5347 3123 5416 τὴν
3172 5344 3385 5405 ἕνωσιν.
3440 5353 3637 5422 Ὠσπερ
3690 5345 3746 5403 δὲ
3784 5348 3850 5403 τὸ

2203 5434 2301 5509 μία
2350 5434 2505 5512 φύσις
2548 5439 2646 5491 τοῦ
2691 5434 2873 5512 ⁴λόγου
2934 5433 3318 5512 σεσαρκωμὲνη
3374 5441 3491 5500 τοῖς
3541 5434 3847 5513 διαιροῦσιν

1818 5588 2049 5647 VARI/ﬁ
2090 5587 2481 5646 LECTIONES

513 5723 561 5759 τι
596 5716 848 5795 ἀγγέλων
1046 5723 1089 5757 75
1114 5719 1391 5794 λογοθετεῖ

1591 5723 1721 5778 τετὸ
1755 5727 1794 5780 Α
1834 5740 1848 5780 :
1887 5722 2178 5799 καὶτὸς.

2258 5726 2298 5761 ⁷7
2323 5723 2577 5802 Βεῤῥοίας
2768 5726 2811 5762 ⁷⁸
2842 5732 3043 5801 χρῆναι
3072 5729 3207 5785 add.
3242 5730 3308 5786 Α.
