4138 6228
265 345 386 407 969

1359 346 1896 410 BIBLIOTHECA.
1947 383 2018 394 -—-
2062 349 2234 410 COD.
2281 349 2594 410 CCXXIX.

3561 354 3678 418 970

261 478 354 533 ἀπ’
384 475 652 547 ἀλλήλων
710 475 806 538 τὰς
853 475 1041 554 φύσεις
1093 477 1464 553 ἀπομάχεται,
1515 479 1658 535 οὕτω
1715 481 1802 536 καὶ
1851 483 1915 536 τὸ

2039 485 2090 540 in
2123 483 2350 540 duabus
2381 483 2606 540 naturis
2639 484 2912 542 unionem
2945 485 3004 540 in
3039 501 3286 557 persona
3335 488 3498 546 fateri
3541 507 3684 547 con-

261 567 314 622 έν
347 565 446 620 δύο
493 565 680 643 φύσεσι
732 565 832 634 τὴν
867 567 990 620 καθ’
1043 565 1334 622 ὑπόστασιν
1383 568 1676 643 ὁμολογεῖν
1726 567 1917 626 ἓνωσιν

255 661 384 720 τοὺς
443 657 816 736 συγχυτικοὺς
875 655 1096 734 ἐλέγχει
1155 659 1246 714 καὶ
1299 663 1652 740 καταισχύνει
1709 662 1918 717 τούτων

260 749 323 803 τὸ
375 747 662 822 βούλημα.
715 747 902 807 Οὕτως
943 745 1036 802 οὖν
1086 747 1176 802 καὶ
1231 751 1266 818 ἡ
1314 748 1366 804 έν
1419 748 1515 804 δύο
1567 752 1755 824 φύσσει
1803 755 1922 807 καθ’

267 836 564 891 ὑπόστασιν
613 831 804 896 ἓνωσις
832 835 882 870 79
923 837 1014 889 καί
1045 837 1080 904 ἡ
1133 837 1230 909 μία
1260 841 1356 892 τοῦ
1409 838 1590 913 Λόγου
1641 860 1922 915 σεσαρκω-

268 925 400 996 μένη
460 923 621 1003 φύσις
665 922 801 978 κατὰ
848 924 944 995 μὲν
998 927 1106 978 τῶν
1161 926 1546 999 ἂντικειμένων
1593 928 1782 990 αὑταῖς
1833 930 1922 983 καὶ

265 1010 545 1083 ἀλλήλοις
579 1009 932 1083 δοξασμάτων
973 1011 1356 1085 ἀγωνίζονται,
1399 1012 1655 1092 ουδετέρα
1685 1014 1742 1070 δὲ
1785 1017 1923 1072 κατὰ

264 1106 364 1168 τῆς
415 1103 600 1176 ἑτέρας
650 1101 930 1170 ὀπλίζεται
963 1121 974 1132 ·
1029 1099 1152 1158 οὔτε
1200 1103 1302 1176 γὰρ
1354 1107 1388 1172 ἡ
1438 1105 1535 1176 μία
1583 1110 1680 1160 τοῦ
1741 1105 1921 1182 Λόγου

269 1189 662 1266 σεσαρκωμένη
729 1189 886 1264 φύσις
935 1188 1020 1244 ἐπ’
1067 1192 1336 1266 ἀναιρέσει
1385 1199 1486 1262 τῆς
1542 1199 1648 1248 τῶν
1709 1193 1918 1272 φύσεων

268 1278 532 1358 διαφορᾶς
581 1278 820 1355 λέγεται,
853 1279 978 1335 οὕτε
1008 1281 1042 1348 ἡ
1075 1279 1126 1335 έν
1180 1278 1276 1336 δύο
1303 1281 1491 1358 φύσεσι
1538 1281 1916 1358 γινωσκομένη

262 1372 386 1425 καθ’
437 1369 727 1424 ὑπόστασιν
775 1365 966 1430 ’ένωσις
1017 1367 1278 1443 διαίρεσιν
1339 1373 1431 1426 ἀπ’
1489 1369 1755 1442 ἀλλήλων
1805 1372 1920 1428 εἰσ-

259 1459 381 1534 άγει
411 1463 518 1514 τῶν
574 1460 804 1537 φύσεων.
856 1461 1028 1524 ’Ὠστε
1082 1461 1109 1528 ἡ
1158 1463 1266 1514 τῶν
1321 1459 1416 1514 δύο
1467 1459 1676 1536 φύσεων
1725 1459 1918 1522 ἓνωσις

262 1544 558 1624 βεϐαίωσίς
613 1547 722 1603 ἐστι
778 1555 877 1618 τῆς
931 1553 1058 1621 μιᾶς
1105 1553 1204 1604 τοῦ
1269 1550 1450 1624 Λόγου
1505 1551 1920 1625 σεσαρκωμένης

261 1639 614 1700 ὑποστάσεως
694 1637 1006 1717 ἆσυγχύτου
1079 1638 1170 1694 καὶ
1267 1637 1528 1719 διαφορᾶς
1609 1639 1919 1714 ἀδιαιρέτου

258 1727 700 1801 κηρυττομένης.
752 1725 928 1784 Ταῦτα
975 1729 1062 1783 καὶ
1117 1733 1344 1784 τοιαῦτα
1389 1727 1546 1802 ἕτερα
1603 1730 1700 1784 οὑκ
1758 1731 1920 1806 ὀλίγα

2030 573 2342 628 fundentes
2398 573 2791 644 reprehendit,
2823 585 2877 630 et
2925 574 3136 630 horum
3187 585 3432 634 conatus
3480 587 3684 638 retun-

2031 661 2136 718 dit.
2163 661 2256 716 Sic
2288 661 2466 734 igitur
2495 663 2634 716 etin
2667 662 2897 718 duabus
2931 663 3158 718 naturis
3191 667 3328 721 unio
3361 670 3683 724 secundum

2035 751 2420 823 hypostasim,
2455 756 2520 806 ut
2560 767 2676 806 una
2727 751 2896 807 Verbi
2947 759 3156 809 natura
3203 754 3524 824 incarnata,
3557 773 3687 813 cer—

2036 844 2152 894 tam
2181 843 2382 894 contra
2409 855 2507 894 eos
2538 839 2638 911 qui
2671 855 2870 896 secum
2893 840 3004 910 ipsi
3035 845 3094 896 et
3123 842 3278 896 inter
3303 859 3366 898 se
3400 853 3685 915 pugnant,

2035 945 2147 983 non
2201 929 2381 1000 igitur
2430 929 2614 983 altera
2643 944 2775 984 cum
2805 929 2984 984 altera
3023 939 3265 1002 pugnat.
3299 931 3497 1003 Neque
3529 933 3684 988 enim

2033 1033 2150 1072 una
2179 1017 2348 1072 Verbi
2385 1023 2588 1072 natura
2620 1017 2942 1086 incuruata,
2975 1017 3034 1072 in
3068 1019 3398 1076 sublatione
3427 1023 3684 1091 quadam

2031 1113 2254 1162 nature
2287 1107 2542 1162 dicitur:
2571 1123 2758 1177 neque
2791 1107 2929 1162 unio
2953 1107 3010 1162 in
3035 1109 3262 1164 duabus
3295 1112 3523 1166 naturis
3556 1127 3682 1183 quas

2031 1199 2352 1254 secundum
2401 1197 2759 1268 hypostasim
2812 1199 3173 1270 agnoscitur,
3218 1199 3563 1256 divisionem
3609 1201 3682 1258 ab

2031 1286 2276 1341 invicem
2327 1287 2496 1342 affert
2539 1291 2905 1344 naturarum.
2949 1285 3136 1350 Quare
3187 1289 3376 1344 249a
3426 1289 3680 1346 duarum

2031 1377 2168 1432 unio
2202 1384 2558 1444 naturarum,
2592 1377 2957 1432 confirmatio
3007 1383 3097 1432 est
3139 1377 3322 1432 Unius
3366 1377 3536 1434 Verbi
3591 1380 3680 1435 in-

2029 1469 2277 1520 carnate
2311 1481 2570 1536 personis
2592 1465 2938 1534 inconfusre,
2969 1475 3020 1522 et
3045 1465 3400 1522 diversitatis
3420 1467 3682 1524 indivisa;

2029 1569 2160 1625 qua
2181 1553 2545 1624 praedicatur.
2567 1559 2698 1609 Haec
2716 1559 2773 1608 et
2791 1553 2902 1608 alia
2923 1555 2978 1608 id
3005 1570 3186 1622 genus
3211 1571 3325 1611 non
3353 1573 3538 1627 pauca
3579 1573 3682 1628 pro

2029 1659 2090 1698 re
2147 1648 2284 1698 nata
2341 1642 2596 1714 epistola;
2655 1644 3054 1710 conscribens,
3117 1645 3352 1715 pietatis
3411 1647 3684 1718 dogmata

2029 1733 2356 1800 confirmat,
2381 1734 2754 1804 impudenter
2775 1749 2906 1790 vero
2930 1733 3414 1791 confundentium
3440 1751 3683 1792 sensum

262 1817 354 1874 διὰ
397 1827 498 1888 τῆς
547 1819 914 1894 προκειμένης
963 1819 1290 1896 ἂναγράφων
1351 1818 1648 1890 ἐπιπολῆς
1703 1821 1771 1875 τὰ
1824 1821 1920 1894 μὲν

2039 1823 2348 1893 redarguit,
2373 1827 2430 1877 et
2449 1837 2582 1877 eum
2615 1821 2710 1878 cui
2741 1823 2930 1878 redita
2957 1822 3204 1894 epistola
3227 1828 3317 1878 est
3339 1825 3681 1892 admonens,

261 1915 364 1978 τῆς
405 1903 679 1970 εὐσεϐείας
722 1909 970 1982 κρατύνει
1023 1905 1294 1984 δόγματα,
1335 1915 1435 1977 τῆς
1478 1906 1534 1963 δὲ
1583 1915 1918 1988 συγχυτικῆς

259 1995 534 2059 ἀναιδείας
577 1994 854 2070 διελέγχει
889 1997 992 2065 τήν
1032 1994 1291 2052 ἅπόνοιαν
1327 1997 1394 2052 ⁸ο.
1445 1999 1540 2052 Καὶ
1591 2000 1918 2072 παραινέσας

2029 1909 2232 1982 augeri
2263 1915 2318 1966 et
2349 1927 2610 1966 crescere
2659 1911 2899 1982 scripta,
2935 1913 3098 1984 quasi
3130 1928 3246 1968 non
3281 1913 3564 1970 exhausta
3593 1915 3685 1969 fa-

2031 1999 2264 2068 cultate,
2296 2000 2586 2054 scribendi
2621 2000 2794 2055 ﬁnem
2829 2001 2984 2056 facit.

259 2084 352 2139 τὸν
401 2089 502 2156 την
561 2084 856 2155 ἐπιστολήν
906 2083 1196 2160 δεξάμενον
1245 2086 1544 2157 έπαυξῆσαί
1589 2109 1646 2142 τε
1697 2088 1786 2142 καὶ
1831 2087 2102 2158 πληθῦναι
2149 2089 2216 2142 τὰ
2257 2086 2622 2162 γεγραμμένα,
2691 2089 2784 2142 ἅτε
2825 2087 2917 2142 καὶ
2975 2083 3260 2162 δυνάμεως
3319 2085 3419 2144 οὑκ
3476 2087 3679 2164 ἄπορον

257 2174 564 2252 καταλήγει
605 2176 826 2251 γράφων
861 2177 922 2229 τὸ
951 2175 1206 2251 γράμμα.

333 2265 464 2322 Μεθ’
519 2265 548 2317 ’ὁ
599 2263 736 2339 πρὸς
787 2263 1008 2318 Εὑνόϊον
1063 2265 1304 2342 μοναχὸν
1361 2265 1544 2338 ἑτέραν
1595 2267 1813 2344 γράφει,
1863 2267 1916 2322 ἐν

257 2358 298 2427 ᾗ
349 2353 566 2424 διέξεισι
609 2356 746 2427 μήτε
779 2353 1060 2424 ἀλλήλοις
1106 2355 1249 2427 μήτε
1289 2355 1504 2418 ἑαυτοῖς
1535 2356 1919 2426 ἐναντιωθῆναι

261 2443 396 2504 τοὺς
435 2445 614 2518 ἱεροὺς
665 2445 825 2514 ἡμῶν
859 2445 1122 2517 Ματέρας,
1165 2441 1378 2499 ἐπειδὰν
1417 2445 1540 2519 περὶ
1581 2449 1784 2522 φθορᾶς
1829 2448 1919 2502 καὶ

261 2533 564 2613 ἀερθαρσίας
614 2528 1054 2604 διαλαμϐάνωσι.
1119 2533 1218 2588 Καὶ
1275 2532 1358 2587 ὅτι
1409 2537 1443 2602 ἡ
1497 2537 1593 2606 μὲν
1652 2537 1921 2613 ἀφθαρσία

263 2621 412 2697 ὑγεία
458 2621 538 2682 τίς
571 2621 712 2676 ἐστιν
767 2618 894 2675 ἀλλ’
931 2619 1032 2674 οὑκ
1073 2620 1342 2696 ἀναίρεσις
1373 2629 1472 2692 τῆς
1520 2625 1788 2700 ἡμετέρας
1819 2625 1918 2700 φά.

264 2731 426 2778 σεως,
469 2712 504 2778 ἡ
548 2707 604 2764 δὶ
653 2709 856 2784 φθορὰς
904 2711 1063 2772 νόσος
1099 2729 1111 2741 ·
1161 2709 1280 2765 ὄθεν
1335 2712 1422 2766 καὶ
1465 2712 1553 2766 τὸν
1607 2711 1784 2785 Ἀδὰμ
1815 2716 1920 2790 πρὸ

274 2806 378 2868 τῆς
414 2793 776 2872 παραϐάσεως
817 2799 1084 2874 ἄφθαρτον
1129 2793 1328 2874 ἔχοντα
1367 2799 1536 2875 σάρκα
1575 2803 1710 2855 κατά
1748 2801 1920 2856 πάντα

267 2889 537 2963 ὑπάρχειν
591 2889 728 2960 ἡμῖν
781 2887 1103 2959 ὁμοούσιον.
1156 2892 1331 2943 Ταῦτα
1381 2891 1614 2964 χρήσεσι
1664 2891 1918 2965 Πατέρων

260 2971 620 3044 διαϐεϐαιῶν,
651 2976 743 3030 καὶ
784 2972 939 3050 ’έτερα
982 2975 1084 3032 οὐκ
1126 2975 1290 3054 ὀλίγα
1330 2979 1466 3052 πρὸς
1499 2980 1598 3048 την
1648 2973 1918 3034 εὐσέϐειαν

259 3067 524 3142 χρήσιμα
592 3063 992 3140 συγκαταλέξας
1060 3071 1129 3140 τῇ
1199 3065 1489 3140 ἐπιστολῇ,
1560 3067 1724 3144 πέρας
1781 3068 1919 3142 αὖτῇ

259 3155 598 3225 ἐπιτίθησιν.

325 3245 454 3301 Ἐπὶ
498 3243 722 3305 ταύταις
761 3241 820 3299 δὶ
857 3245 946 3299 καὶ
991 3243 1152 3322 λόγοι
1197 3245 1344 3318 αὐτῷ
1387 3243 1746 3324 διελέχθησαν
1787 3269 1922 3303 παν-

253 3334 596 3410 ηγυρικοὶθί
661 3335 722 3404 ζ’,
791 3335 818 3388 ὁ
879 3334 974 3406 μὲν
1036 3333 1112 3396 είς
1166 3336 1233 3390 τὰ
1289 3335 1528 3412 έγκαίνια
1591 3341 1698 3392 τῶν
1753 3335 1920 3414 ἁγίων

251 3427 591 3499 προφητῶν,
634 3424 662 3477 ὁ
695 3421 752 3478 δὲ
789 3423 866 3483 εἷς
913 3424 978 3478 τὰ
1019 3423 1272 3499 γενέθλια
1321 3429 1418 3480 τοῦ
1451 3433 1714 3502 Σωτῆρος
1763 3429 1924 3500 ἡμῶν

255 3513 452 3582 Ἰησοῦ
503 3514 765 3584 Χριστοῦ,
804 3506 987 3585 ἕτερος
1038 3508 1094 3565 δὲ
1137 3513 1244 3585 πρὸ
1274 3517 1380 3567 τῶν
1427 3512 1598 3590 ἁγίων
1637 3519 1924 3586 νηστειῶν,

259 3601 358 3656 καὶ
403 3597 581 3660 ἄλλος
623 3599 696 3661 εἰς
735 3600 834 3668 τήν
875 3602 1190 3678 κατήχησιν
1238 3605 1344 3656 τῶν
1393 3603 1786 3678 νεοφωτίστων,
1835 3604 1924 3660 καὶ

265 3688 339 3758 δὴ
389 3687 481 3742 καὶ
531 3687 608 3750 εἷς
649 3687 714 3742 τὰ
761 3688 1006 3764 ἒγκαίνια
1041 3687 1140 3743 τοῦ
1181 3689 1521 3765 ἀρχαγγέλου
1565 3691 1788 3762 Μικαὴλ
1829 3695 1926 3748 τοῦ

261 3777 320 3834 ἐν
369 3778 574 3853 Δάφνῃ,
615 3777 705 3832 καὶ
749 3777 824 3840 εἷς
859 3779 958 3847 τήν
1011 3777 1166 3853 ἁγίαν
1215 3779 1682 3855 Τεσσαραλοστήν,
1741 3783 1828 3836 καὶ
1871 3781 1924 3838 ἐν

257 3873 368 3940 μιᾷ
427 3873 530 3935 τῆς
601 3866 754 3942 ἁγίας
825 3873 1268 3941 Τεσσαρακοστῆς
1345 3866 1522 3942 ἐνάτῃ.
1591 3867 1770 3926 Ἀλλὰ
1835 3871 1926 3925 καὶ

251 3956 352 4013 ἐπὶ
399 3955 617 4018 τούτοις
657 3951 852 4030 ὄγδοος
893 3957 922 4010 ὁ
963 3955 1016 4011 έν
1051 3961 1120 4030 τῇ
1163 3957 1292 4033 ἁγίᾳ
1329 3955 1546 4032 τετράδι
1587 3957 1808 4032 λεχθεὶς
1848 3960 1926 4022 είς

249 4049 394 4108 τοὺς
427 4045 846 4125 νεοφωτίστους.

329 4139 410 4194 Τὸ
460 4137 556 4208 μὲν
622 4134 712 4190 οὖν
763 4141 980 4212 πρῶτον
1040 4139 1164 4212 [410
1211 4139 1304 4212 3.]
1353 4135 1636 4214 περιελθὸν
1699 4138 1774 4202 εἷς
1831 4139 1924 4202 τὰς

247 4227 544 4304 ἡμετέρας
571 4233 762 4302 χεῖρας
788 4231 985 4303 τεῦχος
1017 4232 1184 4284 ταῦτα
1213 4235 1504 4305 περιεῖχεν.

1017 4319 1184 4375 ΣΚΘ’.

732 4410 836 4460 Τοῦ
867 4407 1036 4462 αὐτοῦ
1065 4405 1214 4476 ἄλλη
1253 4401 1470 4482 βίϐλος.

2103 2267 2246 2322 Dein
2306 2267 2376 2322 ad
2436 2269 2723 2323 Eunoium
2785 2266 3140 2323 monachum
3200 2267 3376 2324 aliam
3431 2267 3677 2324 scribit:

2029 2373 2148 2427 qua
2198 2355 2448 2428 epistola
2507 2359 2724 2426 narrat,
2757 2371 2942 2426 neque
2999 2372 3194 2413 secum
3253 2356 3433 2429 ipsos,
3489 2373 3680 2429 neque

2029 2447 2181 2502 inter
2211 2464 2272 2502 se
2307 2463 2568 2519 pugnare
2615 2447 2802 2503 sancti
2853 2445 3072 2510 Patres,
3105 2449 3338 2519 quando
3381 2449 3450 2504 de
3479 2464 3680 2504 corru-

2030 2537 2226 2607 ptione
2263 2541 2320 2590 et
2364 2535 2799 2606 incorruptione
2847 2535 3148 2592 disserunt
3193 2545 3246 2590 et
3295 2535 3680 2606 incorruptio-

2031 2640 2162 2679 nem
2197 2625 2508 2680 sanitatem
2543 2624 2860 2694 quamdam
2889 2639 3038 2692 esse,
3067 2639 3184 2678 non
3215 2628 3414 2679 autem
3460 2629 3678 2680 natura;

2031 2715 2239 2768 nostrae
2269 2711 2676 2776 sublationem,
2710 2712 3144 2780 corruptionem
3176 2717 3376 2768 contra
3407 2713 3678 2769 morbum

2031 2803 2342 2874 quemdam
2373 2817 2518 2856 esse.
2553 2801 2716 2858 Unde
2747 2809 2800 2856 et
2830 2802 3120 2856 Adamum
3161 2805 3294 2856 ante
3323 2800 3552 2873 lapsum
3587 2802 3684 2857 in—

2029 2893 2364 2958 corruptam
2401 2888 2682 2944 habuisse
2711 2905 2970 2956 carnem,
2993 2893 3050 2945 et
3071 2905 3171 2960 per
3200 2889 3398 2946 omnia
3420 2890 3588 2946 nobis
3609 2889 3686 2946 si-

2031 2978 2232 3034 milem
2285 2978 2462 3034 fuisse
2511 2978 2748 3034 Patrum
2801 2977 3155 3034 testimoniis
3202 2979 3580 3046 conﬁrmans,
3625 2983 3683 3034 et

2031 3068 2144 3124 alia
2182 3067 2256 3122 ad
2296 3067 2566 3138 pietatem
2627 3066 2792 3123 utilia
2839 3066 3096 3140 epistola
3149 3066 3455 3124 includens
3504 3068 3680 3124 finem

1945 3153 1988 3218 C
2031 3157 2188 3214 facit.

2103 3249 2442 3320 Sequuntur
2485 3247 2624 3304 hinc
2661 3248 2924 3320 eiusdem
2977 3247 3340 3321 panegyricis
3389 3247 3681 3304 orationes

2034 3341 2279 3408 septem.
2313 3337 2506 3392 Prima
2535 3337 2594 3392 in
2626 3338 2832 3393 festum
2878 3337 3392 3394 sanctissimorum
3437 3336 3681 3408 prophe-

2040 3433 2228 3483 tarum
2254 3447 2269 3496 ;
2299 3425 2479 3483 altera
2509 3428 2568 3482 in
2597 3427 2736 3484 Jesu
2780 3427 2992 3483 Christi
3035 3425 3286 3483 natalem
3339 3426 3528 3496 diem;
3565 3431 3682 3484 ιω·-

2034 3516 2114 3571 tia
2143 3516 2202 3572 in
2236 3533 2405 3573 sacra
2434 3519 2572 3572 anni
2599 3517 2826 3588 jejunia
2851 3535 2866 3584 ;
2899 3521 3108 3590 quarta
3137 3517 3196 3572 in
3229 3517 3686 3573 catechumeno—

2037 3623 2164 3660 rum
2199 3605 2685 3676 instructionem;
2709 3607 2843 3662 item
2868 3607 2922 3661 in
2961 3607 3174 3660 festum
3208 3605 3360 3660 diem
3383 3605 3685 3662 Michaelis

2035 3696 2370 3768 archangeli
2411 3697 2470 3750 in
2505 3696 2788 3767 Daphne;
2822 3699 2985 3751 sexta
3035 3695 3094 3750 in
3145 3710 3372 3750 sacram
3423 3695 3685 3760 Quadra-

2034 3785 2354 3856 gesimam;
2381 3785 2632 3855 denique
2655 3785 2712 3839 in
2737 3800 2912 3840 unam
2937 3782 3407 3854 Quadragesimaa
3425 3797 3681 3849 nonam;

2033 3879 2232 3930 octava
2263 3875 2334 3928 ad
2367 3873 2488 3928 haec
2519 3873 2704 3928 oratio
2757 3889 2884 3944 qua:
2915 3873 2974 3928 in
3007 3887 3172 3928 sacro
3203 3870 3580 3944 quaternario
3609 3871 3683 3926 ad

2033 3961 2364 4034 Neophytos
2395 3961 2610 4017 habita.

2107 4140 2366 4196 Primum
2407 4139 2604 4210 itaque
2651 4139 2807 4212 quod
2853 4139 2914 4196 in
2944 4155 3158 4196 manus
3207 4155 3366 4196 meas
3413 4136 3685 4195 volumen

2035 4230 2266 4297 incidit,
2301 4228 2422 4285 hac
2451 4227 2806 4285 continebat.

2725 4318 3000 4376 CCXXIX.

2393 4408 2680 4482 Ephremii
2709 4409 2951 4482 ejusdem
2980 4409 3122 4466 liber
3151 4411 3318 4466 alius.

328 4499 476 4573 [785
523 4497 614 4570 ἢ]
643 4496 985 4571 Ἀνεγνώσθη
1043 4481 1261 4571 βιϐλίον
1291 4501 1389 4553 τοῦ
1439 4496 1602 4554 αὑτοῦ
1651 4498 1702 4553 έν
1746 4501 1923 4576 ἁγίοις

2110 4501 2238 4570 Legi
2261 4481 2525 4572 ejusdem
2551 4481 2738 4556 sancti
2764 4499 3010 4556 alterum
3033 4497 3270 4568 librum,
3288 4499 3388 4572 qui
3413 4500 3485 4556 de
3506 4499 3692 4556 sacris

243 4586 626 4662 Ἐῳραιμίου,
677 4585 737 4646 ’ὸς
795 4589 902 4640 τῶν
964 4585 1124 4661 ἱερῶν
1159 4593 1262 4656 τῆς
1317 4587 1659 4663 Ἀντιοχείας
1716 4592 1928 4662 θεσμῶν

241 4679 486 4752 ἡγεῖτο,
519 4673 572 4727 ἐν
621 4671 815 4748 λόγοις
855 4671 921 4743 δ’,
953 4674 1026 4728 ὧν
1071 4675 1098 4728 ὁ
1147 4675 1240 4748 μὶν
1277 4680 1324 4730 α’
1371 4677 1492 4751 περί
1539 4683 1644 4732 τῶν
1695 4677 1930 4754 ἐπηρεα-

249 4763 524 4836 ζομένων
605 4761 870 4834 ῥημάτων
945 4761 1250 4836 Κυρίλλου,
1307 4763 1338 4817 ἃ
1397 4763 1594 4827 ἐκεῖνος
1661 4765 1933 4840 παρέθηκε

239 4854 404 4928 πρὸς
453 4848 769 4920 Σούκηνσον
817 4850 954 4905 κατά
997 4853 1098 4922 τὴν
1150 4849 1401 4926 δευτέραν
1451 4853 1747 4924 ἐπιστολὴν
1797 4854 1934 4932 γρά-

237 4964 406 5016 φων,
459 4937 828 5014 διαλαμϐάνει
861 4958 874 4970 ·
927 4941 1026 5010 τήν
1071 4943 1328 5015 ἐπήρειαν
1372 4941 1429 4999 δὲ
1467 4947 1502 5012 ἡ
1544 4949 1640 5000 τοῦ
1683 4942 1932 5020 Σεϐηρου

237 5031 482 5110 αἵρεσις
532 5029 739 5105 ἐπάγει.
791 5032 852 5086 '0
914 5027 970 5084 δὲ
1139 5031 1426 5106 ἀπόκρισίς
1485 5031 1596 5088 ἐστι
1655 5036 1792 5108 πρὸς
1844 5037 1934 5090 τὸν

237 5119 652 5199 σχολαστικὸν
723 5117 1043 5174 Ἀνατόλιον
1119 5123 1242 5194 περί
1319 5123 1393 5176 ὤν
1471 5122 1674 5185 ἐκεῖνος
1749 5127 1934 5196 μαθεῖν

237 5208 594 5284 ἠϐουλήθη.
649 5210 706 5264 Ὀ
756 5205 814 5263 δὲ
870 5211 916 5285 γ’
962 5208 1264 5284 ἀπολογίαν
1319 5211 1449 5287 ὑπὲρ
1497 5219 1598 5282 τῆς
1649 5213 1808 5288 ἁγίας
1848 5213 1936 5268 καὶ

235 5303 668 5370 οἰκουμενικῆς
734 5299 788 5353 έν
861 5296 1179 5375 Καλχηδόνι
1247 5297 1476 5356 συνόδου
1545 5301 1736 5378 γράφει
1805 5301 1942 5377 πρὸς

237 5391 482 5464 Δόμνον
543 5389 632 5442 καὶ
693 5387 952 5458 Ἰωάννην
1014 5388 1138 5450 τοὺς
1199 5387 1250 5444 ἐν
1300 5393 1369 5462 τῇ
1439 5387 1662 5465 δευτέρᾳ
1721 5389 1942 5462 Κιλικίᾳ

2038 4589 2356 4646 Antiochiae
2387 4589 2611 4659 legibus
2643 4592 2843 4646 narrat
2873 4588 3035 4645 libris
3058 4593 3329 4660 quatuor.
3355 4588 3589 4646 Primus
3621 4591 3692 4645 de

2039 4680 2230 4735 verbis
2261 4677 2482 4752 Cyrilli,
2507 4678 2563 4734 in
2597 4677 2954 4734 calumniam
2990 4677 3282 4746 adductis,
3306 4695 3436 4750 quis
3457 4679 3528 4734 ad
3554 4679 3694 4734 Suc-

2041 4785 2280 4826 censum
2301 4767 2400 4841 [al.
2425 4767 2803 4840 Successum]
2823 4767 3070 4840 epistola
3089 4767 3346 4824 secunda
3361 4766 3620 4838 scripsit,
3637 4770 3694 4822 et

2041 4856 2538 4929 oppugnationem
2589 4856 2914 4912 Severiana
2963 4857 3186 4929 profert
3231 4857 3492 4913 haeresis.
3535 4853 3694 4910 Alter

2044 4947 2348 5018 responsio
2370 4950 2456 5001 est
2477 4947 2546 5000 ad
2571 4945 2904 5001 Anatolium
2927 4944 3456 5008 scholasticum,de
3478 4943 3547 4997 iis
3564 4955 3692 5014 quae

2045 5037 2266 5092 discere
2299 5034 2547 5090 volebat.
2581 5035 2806 5092 Tertius
2857 5033 3198 5107 Apologiam
3249 5033 3482 5089 concilii
3523 5031 3695 5088 Chal-

2046 5124 2392 5182 cedonensis
2440 5125 2690 5181 continet
2721 5125 2791 5179 ad
2824 5124 3116 5180 Domuum
3168 5122 3404 5179 mittens
3433 5125 3489 5176 et
3514 5119 3692 5178 Joan-

2047 5231 2204 5284 nem,
2223 5216 2322 5288 qui
2342 5214 2554 5272 Cicilize
2571 5214 2836 5269 secunde
2863 5213 3335 5270 monachierant.
3351 5210 3602 5275 Quartus
3624 5210 3696 5266 ad

2047 5305 2300 5361 Orientis
2351 5303 2690 5370 monachos,
2724 5303 2822 5374 qui
2851 5307 2908 5358 et
2939 5302 3050 5374 ipsi
3091 5301 3401 5358 Severiana
3450 5300 3694 5372 correpti

2051 5393 2182 5448 labe
2213 5393 2469 5448 fuerunt.

235 5479 594 5536 ἀσκοῦντας.
624 5477 680 5531 Ὁ
712 5473 768 5531 δὲ
799 5474 842 5531 δ’
871 5477 1008 5552 πρὸς
1047 5479 1175 5540 τοὺς
1207 5478 1566 5541 ἀνατο).ικοῦς
1602 5483 1904 5556 μοναχους,
1935 5481 2036 5549 τῆς
2065 5477 2310 5554 Σεϐηρου
2341 5475 2658 5542 δυσσεϐείας
2699 5479 2786 5534 καῖ
2823 5478 3014 5542 αὐτοὺς
3063 5477 3478 5555 ἀντεχομένους.

1635 5588 1880 5646 VARI/f3
1923 5587 2338 5644 LECTIONES.

327 5679 384 5714 το
411 5671 612 5735 ἓνωσις
637 5674 752 5727 καθ’
795 5673 1086 5730 ὑπόστασιν
1283 5677 1331 5712 ⁸ο
1363 5675 1619 5732 ὑπόνοιαν

607 5773 878 5840 Panos.
926 5774 1036 5842 Gn.
1083 5739 1237 5841 οῐιι.
1667 5739 1692 5751 ﬂ

1811 5679 1852 5714 ⁸¹
1887 5698 2083 5752 πανηγ.
2127 5673 2265 5738 διελ.

3302 5775 3376 5838 31
