4138 6228
509 372 622 437 971

1708 363 1977 424 PHOTII
2023 363 2314 426 PATRIA
2329 367 2556 427 ΡιΟΗιΕ
2598 368 2719 428 CP.

2357 14 2376 16 7'
2407 14 2640 20 —__'_—___"‘
2663 13 2912 28 "Win-
2927 13 3202 33 hw"
3229 24 3261 40 ,τ

3808 377 3922 439 972

581 508 761 566 Aliert
789 510 985 564 autem
1013 504 1162 560 libro
1195 501 1382 574 primo
1422 498 1731 556 calumnias
1772 497 1928 554 illam
1965 499 2137 556 μοι

2341 498 2664 573 Προτίθησιν
2719 500 2810 556 οὖν
2857 501 2908 558 ἐν
2955 507 3034 575 τῷ
3081 510 3126 558 α’
3175 504 3331 580 λόγῳ
3388 508 3489 577 τήν
3548 506 3920 583 ἐπηρεαζομέ-

507 616 734 666 vocem,
770 601 835 652 ut
871 596 1090 651 dictum
1143 596 1337 648 estex
1381 590 1641 646 secunda
1685 589 1756 644 ad
1805 592 2157 645 Successum

508 689 774 762 epistola,
808 685 899 741 bis
930 685 1160 740 verbis:
1194 682 1278 738 Sit
1306 679 1464 736 nobis
1497 683 1696 735 iterum
1721 679 1971 750 exemplo
2001 677 2156 735 homo

506 782 658 834 inter
684 791 783 831 nos
810 779 1080 831 versatus.
1113 773 1258 827 Duas
1288 770 1438 824 enim
1470 771 1532 824 in
1563 769 1662 824 illo
1704 773 1934 824 naturas
1977 784 2154 841 agno-

503 868 709 924 scimus
728 883 746 920 :
768 880 943 920 unam
972 861 1198 934 quidem
1218 860 1483 929 corporis,
1511 860 1750 912 alteram
1781 874 1906 912 vero
1926 858 2150 927 animm,

501 953 594 1012 sed
617 955 676 1010 in
704 968 874 1025 puras
903 953 1157 1005 notiones
1188 949 1412 1009 divisas,
1445 951 1495 1003 et
1517 955 1576 1001 ut
1606 949 1664 1001 in
1697 946 1947 1001 tenuibus
1976 947 2150 1000 simu-

503 1045 688 1112 lacris,
748 1043 846 1098 hoc
891 1045 970 1098 est
1024 1042 1224 1094 mentis
1280 1036 1728 1106 cogitationibus,
1776 1034 2152 1108 differentiam

500 1133 874 1205 suscipientes,
900 1146 1007 1187 non
1028 1146 1126 1201 per
1142 1132 1330 1199 partes
1361 1131 1590 1182 naturas
1603 1126 1956 1190 collocamus,
1981 1140 2153 1196 neque

500 1219 762 1293 utrinque
807 1221 1066 1276 sectionis
1104 1216 1217 1272 vim
1256 1216 1391 1289 ipsis
1437 1214 1803 1280 concedimus,
1842 1215 1936 1269 sed
1982 1216 2149 1269 unius

499 1325 668 1365 unam
697 1324 812 1365 esse
840 1307 1225 1376 intelligimus,
1251 1320 1420 1376 quare
1449 1306 1580 1359 bina
1609 1319 1717 1359 non
1745 1303 1990 1373 amplius
2021 1302 2150 1357 ln'na

498 1408 650 1467 sunt,
691 1400 787 1454 sed
828 1406 1058 1469 utroque
1094 1403 1310 1451 tantum
1357 1411 1530 1450 unum
1571 1393 1861 1465 perﬁcitur
1906 1391 2145 1447 animal.

497 1492 630 1544 Haec
651 1492 792 1544 sunt
821 1504 948 1559 quae
974 1487 1033 1542 in
1056 1485 1414 1542 calumniam
1446 1486 1649 1539 vocata
1671 1486 1810 1537 sunt
1830 1481 2022 1537 verba.
2043 1483 2146 1554 Cy-

501 1578 671 1634 rillus
701 1577 858 1634 enim
890 1577 1070 1632 animi
1099 1580 1156 1630 et
1184 1574 1467 1646 corporis,
1488 1589 1518 1628 e
1541 1573 1757 1644 quibus
1789 1572 1964 1627 homo
1997 1588 2150 1627 com-

500 1667 1015 1742 ponitur,vocibus
1036 1665 1424 1720 differentiam
1447 1664 1798 1718 constituere
1820 1662 2144 1716 recusabat.

500 1758 884 1824 Quamobrem
906 1755 987 1812 sic
1008 1755 1085 1810 ait
1109 1770 1123 1809 :
1146 1755 1261 1810 Non
1281 1770 1383 1825 per
1396 1763 1582 1825 partes
1602 1756 1837 1807 naturas
1865 1753 2143 1822 ponimus,

2266 609 2360 657 νην
2423 591 2628 664 φωνην,
2680 588 2863 665 ὥσπερ
2931 587 3139 669 ἔφημεν
3205 595 3266 649 ἐκ
3318 599 3420 664 τῆς
3481 594 3732 671 δευτέρας
3793 601 3922 672 πρὸς

2270 676 2582 748 Σούκηνσον
2645 679 2968 752 ἐπιστολῆς,
3025 677 3259 757 ἔχουσαν
3319 683 3494 747 οὕτως
3555 703 3570 716 ⁶
3625 688 3810 742 Ἔστω
3870 688 3920 744 δὲ

2265 768 2400 838 ἡμῖν
2461 767 2538 828 εἰς
2595 766 2944 844 παράδειγμα
2996 768 3164 825 πάλιν
3221 772 3248 825 ὁ
3305 773 3424 826 καθ’
3492 775 3641 847 ἡμᾶς
3700 774 3917 851 ἄνθρω-

2263 873 2386 914 πος.
2446 853 2549 908 Δύο
2619 857 2712 928 μὲν
2773 857 2874 932 γὰρ
2931 857 3022 913 καὶ
3078 857 3160 913 ἐπ’
3217 859 3382 915 αὐτοῦ
3421 864 3468 898 ⁸³
3535 868 3768 937 νοοῦμεν
3825 869 3918 930 τὰς

2264 944 2470 1018 φύσεις,
2526 947 2651 1018 μίαν
2715 947 2810 1018 μὲν
2867 950 2970 1012 τῆς
3026 952 3239 1025 ψυχῆς,
3299 951 3482 1026 ἱτὲραν
3542 949 3602 1008 δὲ
3656 956 3756 1023 τήν
3826 961 3919 1010 τοῦ

2263 1033 2540 1106 σώματος.
2635 1034 2789 1090 Ἀλλ’
2875 1035 2924 1092 ἐν
3008 1037 3198 1110 ψιλαῖς
3288 1037 3560 1104 διελόντες
3664 1041 3914 1116 ἐννοίαις,

2259 1123 2349 1178 καὶ
2411 1126 2485 1185 ὡς
2551 1123 2604 1180 ἒν
2667 1125 2881 1201 ἷσχναῖς
2944 1129 3197 1203 θεωρίαις
3252 1130 3376 1200 ἤτοι
3435 1136 3533 1188 τοῦ
3600 1137 3921 1212 φαντασίαις

2260 1214 2358 1282 τήν
2424 1211 2686 1294 διαφορὰν
2751 1214 3062 1290 δεξάμενοι,
3131 1219 3229 1275 ούκ
3300 1220 3399 1276 ἀνά
3467 1211 3631 1298 μέρος
3695 1225 3914 1298 τίθεμεν

2259 1302 2354 1364 τὰς
2423 1304 2634 1377 φύσεις,
2696 1303 2819 1361 οὕτε
2881 1309 2988 1380 μὴν
3058 1309 3147 1363 καὶ
3205 1307 3442 1382 διαμπὰξ
3501 1309 3776 1386 διατομῆς
3831 1313 3916 1370 δύ-

2259 1410 2419 1464 ναμιν
2479 1392 2694 1469 ἐφίεμεν
2753 1395 2963 1467 αὐταῖς,
3023 1397 3170 1452 ἀλλά
3240 1399 3366 1471 μίαν
3442 1401 3557 1463 ἑνὸς
3621 1403 3763 1457 εἶναι
3823 1426 3912 1459 νο-

2260 1486 2447 1553 οῦμεν,
2488 1482 2625 1539 ὥστε
2671 1485 2738 1540 τὰ
2785 1485 2882 1540 δύο
2931 1486 3130 1559 μηκέτι
3183 1488 3277 1560 μὲν
3327 1491 3465 1544 εἶναι
3516 1487 3636 1560 δύο,
3688 1491 3761 1548 δι’
3809 1493 3913 1566 ἀμο

2260 1576 2384 1644 φοῖν
2451 1570 2618 1628 δὲτὸ
2691 1573 2745 1628 ἓν
2804 1575 3188 1631 ἀποτελεῖσθαι
3261 1583 3423 1646 ζῶον.
3501 1583 3565 1635 Αἱ
3648 1582 3743 1654 μὲν
3824 1582 3914 1637 οὖν

2258 1660 2692 1735 ἐπηρεαζόμενοιι
2742 1664 2917 1741 φωναὶ
2967 1664 3144 1722 αὗται.
3190 1666 3252 1724 Ὀ
3303 1670 3399 1738 μὲν
3449 1669 3552 1742 γάρ
3609 1670 3759 1744 ἱερὸς
3812 1671 3912 1728 K6-

2261 1749 2451 1823 ριλλος
2502 1754 2686 1827 ψυχῆς
2733 1754 2823 1806 καὶ
2882 1753 3158 1826 σώματος,
3209 1755 3258 1825 ἐξ
3311 1758 3385 1810 ὧν
3437 1759 3465 1811 6
3516 1758 3592 1820 εἷς
3626 1756 3913 1832 ἅνθρωπος

496 1846 588 1904 sed
617 1846 838 1917 divisio,
871 1846 1077 1917 inquit.
1105 1846 1312 1899 Verum
1344 1843 1566 1898 addidit
1593 1860 1604 1896 :
1641 1843 1813 1899 Unam
1841 1857 1952 1896 esse
1981 1843 2137 1896 unius

2259 1838 2626 1910 ἀποτελεῖται,
2682 1843 2781 1912 τήν
2843 1840 3102 1919 διαφορὰν
3159 1839 3448 1915 ήεουλήθη
3512 1847 3600 1901 διὰ
3650 1854 3763 1903 τῶν
3817 1849 3916 1906 λέ-

496 1935 887 2008 intelligimus.
903 1933 1119 2006 thuid
1137 1933 1470 1988 hoc?unam
1489 1934 1646 1987 enim
1666 1930 1758 1986 hic
1775 1931 2142 2002 bypostasin,

497 2027 598 2083 sed
633 2042 748 2082 non
781 2030 1049 2080 naturam
1085 2023 1314 2091 asserit,
1341 2022 1515 2092 idque
1555 2020 1921 2075 manifestius
1951 2020 2143 2074 reddit

499 2115 836 2182 ostendens,
875 2115 1104 2183 Utroque
1145 2128 1317 2166 unum
1346 2108 1565 2165 animal
1592 2108 1960 2164 constituitur.
1995 2111 2143 2175 Quo-

498 2205 670 2259 modo
701 2203 880 2274 igitur
900 2203 1021 2256 tieri
1056 2205 1240 2270 potest
1271 2216 1447 2255 unam
1479 2213 1607 2254 esse
1631 2197 1830 2266 animi,
1860 2198 2143 2267 corporis-

497 2307 611 2363 que
655 2289 971 2347 naturam?
999 2290 1108 2346 Sed
1141 2289 1267 2344 vide
1305 2291 1512 2344 iterum
1563 2287 1805 2342 alteram
1857 2287 2141 2344 haereseos

497 2383 836 2450 amentiam,
874 2381 1196 2453 Intelligere
1242 2386 1474 2453 oportet,
1529 2380 1745 2450 inquit,
1786 2395 1892 2435 non
1941 2378 2140 2435 dicere.

495 2475 844 2544 Quanquam
863 2471 996 2543 quis
1019 2470 1203 2526 nescit
1221 2475 1374 2525 recte
1392 2467 1774 2535 intellectum,
1790 2473 1943 2523 recte
1965 2468 2139 2522 etiam

496 2561 635 2631 dici,
656 2569 857 2617 contra
877 2576 1011 2618 vero
1035 2559 1186 2616 male
1215 2559 1599 2623 intellectum,
1624 2557 1774 2613 male
1796 2558 1968 2612 etiam
2002 2557 2139 2612 dici.

495 2650 554 2708 Si
587 2666 720 2706 vero
751 2649 892 2723 quia
921 2649 1098 2706 dicit:
1135 2653 1313 2707 Unam
1343 2649 1512 2702 unius
1552 2647 1963 2716 intelligimus?
1993 2644 2138 2700 Illud

493 2756 650 2811 vero,
696 2757 865 2797 unam
907 2738 1213 2796 secundum
1261 2753 1362 2793 nos
1407 2745 1693 2801 naturam,
1746 2736 1929 2791 dixit:
1964 2735 2141 2791 unius

493 2845 721 2902 quoque
750 2830 1033 2886 duntaxat
1061 2826 1333 2884 animalis
1374 2843 1503 2882 esse
1545 2827 1872 2898 intelligere
1901 2841 2004 2897 par
2033 2829 2139 2890 est,

491 2920 681 2977 dicere
709 2935 842 2976 vero
875 2935 990 2974 non
1025 2919 1188 2974 item.
1217 2915 1341 2974 Non
1363 2915 1544 2988 igitur
1563 2915 1943 2970 asserendum
1974 2921 2026 2968 et
2057 2915 2142 2968 in-

488 3010 893 3082 telligendum,
922 3023 1099 3064 unam
1121 3022 1247 3062 esse
1271 3017 1560 3070 naturam,
1584 3005 1796 3075 quibus
1819 3004 1928 3060 hoc
1949 3021 2142 3059 acces-

488 3097 586 3153 sit.
610 3100 682 3153 At
703 3097 998 3168 quomodo
1023 3096 1178 3150 idem
1204 3097 1426 3166 integre
1449 3093 1611 3164 dixit,
1638 3111 1765 3165 quae
1787 3093 2004 3149 dixisse
2029 3108 2142 3148 non

488 3186 786 3256 oportuit?
813 3185 925 3239 Sed
956 3183 1188 3238 valeant
1216 3182 1303 3236 δίο
1354 3198 1541 3254 nugzn.
1575 3182 1790 3237 Iterum
1822 3184 2006 3250 aiunt,
2039 3183 2135 3237 in-

2300 3178 2311 3195 '
2506 3181 2600 3216 9.83
2720 3181 2733 3197 κ
2883 3188 2904 3197 ι-
3176 3185 3189 3204 ’
3248 3191 3272 3202 -ο
3425 3171 3428 3172 ⁷
3488 3190 3514 3200 ~
3618 3171 3626 3174 ⁷
3718 3171 3775 3203 φ“
3853 3189 3896 3207 κε

2248 3201 2426 3258 φύσιν,
2479 3201 2521 3234 ει
2647 3202 2734 3235 και
2792 3203 2930 3236 νοειν
2982 3204 3122 3237 τισιν
3171 3183 3377 3255 επηλθε
3422 3206 3604 3242 τούτο.
3660 3191 3786 3250 Ilio:
3850 3207 3906 3244 οε

485 3273 643 3345 quit:
680 3274 743 3329 Ut
793 3273 921 3326 bina
968 3287 1074 3326 non
1125 3272 1360 3339 amplius
1420 3287 1534 3325 esse
1597 3273 1747 3337 bina,
1781 3271 1874 3325 sed
1913 3281 2142 3343 utroque

483 3363 697 3415 tantum
727 3376 902 3416 unum
929 3359 1218 3429 perﬁcitur
1245 3359 1478 3415 animal.
1505 3359 1689 3429 Igitur
1710 3359 1853 3413 duas
1879 3376 2138 3415 asserere

483 3453 744 3516 naturas,
773 3465 886 3505 non
909 3449 1056 3504 duas
1078 3448 1332 3518 amplius
1360 3464 1612 3502 manere.
1631 3448 1690 3502 Si
1713 3463 1850 3502 vero
1875 3450 2138 3518 exemplo

481 3539 828 3612 loquuntur,
851 3539 999 3594 duas
1028 3542 1265 3592 naturas
1296 3553 1409 3592 non
1441 3537 1696 3608 amplius
1730 3537 1870 3592 dicit
1903 3555 2138 3595 manere

484 3631 656 3696 duas,
701 3627 973 3684 videlicet
1016 3629 1087 3683 de
1127 3626 1355 3683 Christo
1403 3625 1557 3682 idem
1609 3642 1677 3680 ex
1724 3629 2137 3684 consecutione

486 3718 907 3776 consideratur.
925 3717 994 3773 Et
1014 3717 1252 3790 quidem
1269 3732 1381 3771 non
1403 3714 1790 3787 intelligentes
1813 3715 2133 3784 affirmant,

487 3810 745 3881 primum
775 3806 1036 3879 quidem,
1065 3812 1124 3862 ut
1147 3822 1257 3861 non
1282 3806 1481 3861 omnia
1511 3804 1569 3859 in
1603 3805 1868 3874 exemplo
1901 3806 2133 3873 debent,

485 3903 542 3956 et
564 3914 669 3970 per
697 3896 1026 3967 exemplum
1057 3894 1345 3952 declarato
1373 3895 1750 3951 considerari.
1779 3894 1996 3950 Deinde
2019 3913 2132 3951 non

485 3986 744 4060 amplius
794 4003 922 4043 esse
971 3988 1140 4054 duos,
1170 3986 1246 4041 ait
1275 4003 1287 4040 :
1322 3986 1427 4041 hoc
1475 3993 1584 4054 est,
1615 4001 1727 4040 non
1760 4003 1828 4041 ex
1863 3992 2045 4059 parte,
2078 3991 2134 4043 et

479 4094 580 4151 per
621 4095 681 4133 se
713 4077 1058 4145 subsistere,
1091 4076 1215 4142 sed,
1249 4080 1314 4130 ut
1362 4079 1534 4131 antea
1585 4075 1855 4144 diximus,
1889 4082 2133 4146 utroque

481 4182 665 4223 unum
696 4165 914 4222 animal
945 4165 1241 4221 constitui.
1267 4165 1335 4220 Et
1357 4165 1679 4229 considera,
1704 4166 1994 4234 quomodo
2018 4183 2128 4220 non

483 4275 552 4314 ex
583 4267 852 4330 utroque,
886 4257 988 4312 sed
1029 4273 1128 4329 per
1179 4262 1422 4329 utraque
1467 4257 1566 4312 flat
1613 4255 1844 4311 animal.
1881 4257 2127 4327 Signifi-

479 4363 620 4403 cans
679 4351 986 4417 utramque
1045 4350 1314 4400 naturam
1364 4345 1422 4399 in
1477 4344 1830 4400 absolvendo
1887 4345 2126 4400 animali

479 4439 825 4492 conservari.
849 4435 1090 4499 Quando
1121 4434 1258 4505 quid
1292 4432 1587 4504 prohibuit
1618 4450 1718 4504 per
1740 4433 1838 4488 illo
1862 4450 1960 4504 per
1981 4438 2130 4488 utra-

2253 1927 2386 1996 ξεων
2447 1936 2832 2001 παραστῆσαι·
2871 1927 2954 1984 διὸ
3007 1932 3098 1985 καὶ
3154 1932 3297 1987 εἶπεν
3333 1952 3344 1964 ·
3417 1934 3527 1989 Ούκ
3579 1935 3682 1990 ἀνά
3745 1940 3911 2012 μέρος

2253 2016 2469 2090 τίθεμεν
2524 2017 2618 2079 τὰς
2695 2018 2902 2097 φύσεις,
2965 2023 2999 2088 ἡ
3060 2017 3118 2075 δὲ
3191 2020 3416 2095 α’ίρεσις,
3494 2025 3660 2103 φησίν
3703 2045 3716 2059 ’
3783 2027 3911 2082 ἀλλ’

2254 2103 2520 2182 ἐπήγαγε,
2571 2106 2712 2162 Μίαν
2773 2108 2887 2168 ἑνὸς
2946 2109 3082 2162 εἶναι
3140 2114 3393 2184 νοοῦμεν.
3445 2114 3543 2167 Καὶ
3592 2114 3646 2167 τί
3701 2119 3911 2187 τοῦτο;

2254 2194 2382 2267 μίαν
2431 2197 2532 2270 γὰρ
2583 2195 2803 2250 ἐνταῦθα
2842 2198 2942 2265 τήν
2996 2197 3288 2253 ὑπόστασιν
3329 2198 3456 2255 ἀλλ’
3499 2201 3560 2255 ού
3601 2205 3700 2272 τὴν
3743 2204 3909 2281 φύσιν

2253 2283 2389 2341 εἶπε.
2442 2284 2544 2342 Καὶ
2601 2290 2765 2341 τοῦτο
2825 2286 3147 2364 σαφέστερον
3202 2287 3502 2361 ἐδήλωσεν,
3563 2291 3855 2371 ἐπαγαγὼν
3896 2317 3910 2330 ο

2253 2382 2328 2430 Δι’
2380 2377 2582 2454 ἀμφοῖν
2643 2374 2700 2431 δὲ
2748 2379 2810 2432 τὸ
2865 2377 2920 2432 ἓν
2971 2379 3358 2436 ἀποτελεῖσθαι
3410 2388 3569 2452 ζῶον.
3633 2391 3762 2448 Πῶς
3803 2389 3907 2464 γὰρ

2253 2465 2367 2519 οἷόν
2397 2463 2454 2520 τὲ
2503 2463 2614 2519 ἐστι
2644 2471 2784 2520 νοεῖν
2829 2466 3082 2540 σώματος
3133 2469 3221 2523 καὶ
3253 2473 3441 2546 ψυχῆς
3493 2472 3618 2545 μίαν
3670 2463 3904 2545 οὐσὲανς

2253 2552 2378 2608 ἀλλ’
2426 2555 2527 2629 δρα
2575 2553 2739 2609 πάλιν
2793 2555 2974 2630 ἑτέραν
3025 2556 3210 2614 ἄνοιαν
3249 2566 3347 2628 τῆς
3386 2562 3644 2636 αἱρέσεως
3678 2582 3691 2594 ·
3744 2571 3905 2620 Νοεῖν

2252 2643 2382 2716 εἶρε,
2431 2642 2618 2720 φησὶν,
2672 2643 2732 2698 ού
2784 2643 2983 2721 λέγειν.
3018 2647 3201 2703 Καίτοι
3247 2669 3308 2724 γε
3355 2671 3438 2713 τις
3485 2651 3586 2705 οὐκ
3635 2650 3780 2707 οἶδεν
3829 2655 3903 2714 ὡς

2249 2732 2310 2786 τὸ
2340 2730 2561 2794 καλλῶς
2597 2735 2888 2806 νοούμενον
2918 2735 3008 2790 καὶ
3046 2737 3230 2799 καλῶς
3264 2737 3500 2812 λέγεται,
3531 2741 3594 2795 τὸ
3631 2738 3688 2794 δὲ
3718 2749 3904 2805 κακῶς

2247 2821 2542 2895 νοούμενον
2575 2820 2701 2878 οὐδὲ
2741 2821 2990 2900 λέγεσθαι
3022 2823 3271 2897 δίκαιονς
3316 2827 3377 2882 Εἰ
3419 2825 3476 2883 δῖε
3516 2827 3657 2884 διότι
3700 2829 3853 2907 λέγει
3888 2850 3902 2863 ”

2251 2911 2390 2966 Μίαν
2458 2911 2573 2974 ἑνὸς
2629 2917 2880 2986 νοοῦμεν,
2937 2916 3000 2970 τὸ
3087 2915 3144 2970 δὲ
3212 2917 3339 2990 μίαν
3408 2920 3528 2973 καθ’
3591 2923 3740 2992 ἡμᾶς
3797 2925 3905 2992 τήν

2254 3000 2409 3079 φύσιν
2469 3002 2634 3073 εἶπεν,
2694 3003 2782 3057 καὶ
2850 3004 2964 3066 ἑνὸς
3025 3006 3117 3078 μὲν
3187 3005 3320 3061 εἶναι
3380 3008 3524 3077 ζώου
3583 3009 3745 3080 μόνον
3816 3009 3910 3066 δεῖ

2253 3097 2417 3162 νοεῖν,
2453 3091 2632 3165 λέγειν
2673 3089 2730 3147 δὲ
2775 3091 2976 3164 οὐκέτι,
3019 3094 3211 3149 ούκοῦν
3263 3097 3327 3151 ού
3378 3098 3490 3172 χρῆ
3537 3098 3716 3174 λέγειν
3766 3101 3903 3173 μίαν

3853 3189 3896 3207 κε

2249 3267 2338 3324 καὶ
2371 3269 2531 3331 αὐτὸς
2575 3269 2720 3334 ὅλως
2750 3271 2891 3325 εἴπερ
2937 3271 2969 3325 ἃ
3001 3269 3178 3346 λέγειν
3209 3272 3307 3328 οὐκ
3343 3269 3484 3343 ἔδεις
3527 3273 3656 3330 ἀλλ’
3688 3279 3717 3330 6
3751 3280 3911 3340 κενὸς

2251 3358 2407 3419 οὗτος
2440 3357 2640 3433 ἐῤῥὲτω
2675 3360 2872 3432 λῆρος.
2911 3361 3079 3417 Πάλιν
3112 3358 3189 3429 δὲ,
3223 3362 3404 3439 φασὶν,
3439 3363 3651 3438 εἷ’ρηκεν
3691 3386 3704 3398 °
3741 3371 3908 3423 ’Ὠστε

2247 3449 2315 3502 τά
2362 3446 2457 3503 δύο
2522 3448 2714 3521 μηκέτι
2765 3450 2858 3521 μὲν
2911 3452 3043 3505 εἶναι
3092 3448 3209 3521 δύο,
3254 3449 3321 3506 δι’
3371 3452 3572 3530 ἀμφοῖν
3626 3452 3684 3509 δὲ
3723 3459 3809 3525 τὸ,
3852 3457 3907 3512 ἓν

2249 3536 2630 3592 ἀποτελεῖσθαι
2682 3543 2840 3607 ζῶον.
2884 3538 3090 3596 Οὐκοῦν
3146 3541 3241 3603 τάς
3291 3538 3385 3596 δύο
3437 3544 3622 3614 φύσεις
3672 3543 3825 3622 λέγει
3860 3548 3906 3582 δ*

2251 3628 2325 3700 μή
2379 3629 2552 3700 μένειν
2602 3621 2682 3682 ἔτι
2731 3625 2826 3683 δύο
2876 3628 3080 3706 φύσεις.
3122 3629 3184 3684 El
3237 3627 3295 3685 δὲ
3345 3629 3432 3685 ἐπὶ
3489 3637 3586 3687 τοῦ
3635 3621 3902 3709 παραδεί-

2244 3737 2471 3791 γματος,
2507 3715 2655 3793 φασὶ,
2689 3717 2782 3780 τὰς
2826 3714 2922 3772 δύο
2954 3717 3138 3795 φύσεις
3181 3719 3242 3774 ού
3273 3719 3424 3794 λέγει
3466 3719 3741 3795 διαμένειν
3777 3722 3900 3797 δύο,

2247 3803 2501 3875 δηλονότι
2543 3807 2634 3860 καὶ
2688 3805 2775 3862 ἐπὶ
2825 3813 3060 3878 Χριστοῦ
3107 3813 3266 3864 τοῦτο
3315 3807 3635 3872 ἀκολούθως
3685 3816 3902 3888 ﬂatupr-

2245 3898 2481 3966 θήσεται.
2535 3896 2631 3950 Καὶ
2678 3897 2844 3951 ταῦτά
2895 3918 3024 3974 φασι
3089 3901 3163 3970 μὴ
3216 3901 3480 3960 συνιέντες
3528 3907 3749 3975 πρῶτον
3801 3906 3898 3977 μὲν

2243 3985 2316 4048 ὡς
2369 3984 2499 4060 οὐχὶ
2557 3984 2728 4040 πάντα
2782 3985 2846 4041 τὰ
2905 3985 2957 4040 ἐν
3014 3992 3094 4059 τῷ
3162 3986 3565 4064 παραδείγματι
3626 3995 3749 4063 [Mt

2243 4073 2449 4148 ὀφείλει
2498 4075 2587 4129 καὶ
2635 4074 2687 4130 ἐν
2735 4080 2817 4148 τῷ
2867 4074 3492 4151 παραδειγματιζομὲνῳ
3550 4082 3894 4154 θεωρεῖσθαι,

2241 4161 2486 4238 δεύτερον
2529 4163 2585 4220 δὲ
2624 4164 2706 4220 ὅτι
2745 4167 2809 4220 τὸ
2851 4167 3048 4239 μηκέτι
3095 4169 3190 4240 μὲν
3227 4168 3360 4222 εἶναι
3403 4166 3499 4224 δύο
3542 4172 3680 4241 εἶπε,
3735 4194 3898 4228 τουτ-

2238 4255 2349 4310 έστι
2386 4257 2460 4327 μὴ
2495 4255 2594 4310 ἀνὰ
2646 4257 2807 4332 μέρος
2849 4259 2939 4312 καὶ
2969 4255 3360 4323 ῗδιοσυστάτως
3411 4261 3710 4340 ὑπάρχειν,
3741 4263 3893 4331 ἀλλ’,

2241 4343 2314 4405 ὡς
2365 4350 2611 4418 προεῖπε,
2672 4344 2742 4400 δι’
2798 4347 3002 4420 ἀμφοῖν
3059 4349 3122 4402 τὸ
3175 4348 3229 4403 ’ἐν
3289 4347 3675 4405 ἀποτελεῖσθαι
3729 4359 3892 4420 ζῶον.

2244 4433 2339 4487 Καὶ
2374 4435 2562 4488 σκόπει
2612 4435 2685 4495 ὡς
2733 4436 2838 4490 ούκ
2866 4434 2915 4504 ἒξ
2967 4437 3170 4513 ἀμφοῖν
3207 4435 3354 4492 ἀλλά
3400 4437 3472 4492 δι’
3503 4440 3707 4516 ἀμφοῖν
3760 4440 3897 4496 ἀπο-

475 4541 579 4598 que
603 4525 815 4594 dicere,
836 4543 938 4597 pro
963 4541 1139 4581 unam
1173 4542 1354 4581 unum
1392 4525 1586 4594 perlici
1621 4525 1861 4580 animal.
1886 4525 1943 4581 Si
1969 4525 2124 4582 enim

2901 4496 2914 4504 .
3007 4496 3017 4509 .
3061 4496 3071 4513 .
3539 4496 3550 4512 ι
3595 4496 3605 4516 δ

2248 4523 2505 4576 τελεῖσθαι
2555 4527 2714 4592 ζῶον,
2768 4524 3051 4596 σημαίνων
3094 4525 3172 4586 ὡς
3222 4525 3444 4601 ἑκατέρα
3502 4527 3661 4602 φύσις
3711 4527 3764 4584 ἓν
3808 4535 3893 4601 τῷ

477 4615 616 4671 bina
645 4615 782 4670 bina
819 4631 934 4670 non
969 4620 1261 4682 maneant,
1297 4613 1354 4668 in
1385 4630 1561 4669 unam
1604 4620 1997 4669 convenerunt
2028 4632 2126 4670 na-

471 4713 684 4773 turam,
718 4720 817 4775 per
857 4721 1033 4759 unam
1083 4705 1197 4760 dici
1246 4704 1553 4774 oportebat
1601 4703 1743 4764 fieri.
1776 4705 1966 4760 250a
1997 4705 2121 4759 ani-

473 4797 591 4854 mal
626 4811 829 4864 unum,
857 4802 914 4851 et
946 4811 1134 4867 neque
1185 4795 1399 4850 iterum
1445 4794 1608 4863 dixit,
1640 4809 1711 4849 ea:
1740 4802 1971 4865 utroque
2009 4813 2123 4851 una

469 4895 675 4946 natura
728 4888 971 4959 per/ecta
1014 4895 1111 4950 est,
1172 4885 1272 4940 sed
1333 4900 1515 4939 unum
1573 4883 1791 4939 animal
1851 4885 1958 4938 hoc
2011 4895 2116 4947 est,

469 4994 734 5052 persona.
778 4976 847 5031 Et
897 4980 1047 5032 recte
1095 4991 1209 5030 non
1254 4972 1430 5029 dixit:
1470 4973 1587 5030 Una
1632 4977 1833 5028 natura
1877 4975 2120 5043 perfecta

469 5073 565 5124 est.
594 5069 712 5123 Hoc
737 5067 893 5122 enim
946 5080 1207 5120 asserere
1237 5061 1578 5134 Apollinarii
1611 5061 1845 5116 hmresis
1875 5065 1982 5131 est,
2016 5062 2118 5132 qui

471 5156 652 5212 dixit:
685 5155 863 5211 Mislio
909 5153 1100 5210 divina
1149 5153 1288 5208 Deus
1316 5157 1368 5207 et
1397 5152 1554 5206 homo
1591 5166 1764 5205 unam
1792 5157 1842 5205 et
1874 5149 2118 5205 eamdem

469 5247 747 5311 naturam,
781 5251 834 5299 et
864 5242 1128 5314 quamvis
1162 5242 1222 5296 in
1265 5239 1455 5314 prima
1486 5240 1556 5295 ad
1590 5240 1948 5295 Succensum
1982 5239 2114 5311 epi-

466 5331 620 5386 stola
650 5333 721 5387 de
750 5333 954 5388 eodem
987 5331 1254 5403 exemplo
1286 5331 1443 5403 agit:
1471 5332 1557 5395 Et,
1579 5330 1631 5385 si
1659 5328 1901 5396 videtur,
1924 5329 2112 5399 capia-

466 5434 589 5474 mus
633 5422 873 5491 exempti
907 5423 1092 5492 gratia
1136 5418 1316 5475 nostri
1359 5420 1831 5491 compositionem,
1867 5435 1972 5489 qua
2022 5419 2116 5474 ho~

2234 4609 2646 4666 ἀποτελεσθέντι
2698 4612 2926 4680 σώζεται
2980 4614 3125 4684 ζώῳ.
3177 4612 3327 4668 Ἐπεέ
3369 4615 3421 4667 τί
3469 4613 3708 4669 ἐκώλυεν
3760 4618 3896 4671 ἀντὶ

2229 4702 2325 4752 10'3
2360 4696 2427 4752 δι’
2473 4699 2677 4775 ἀμφοῖν
2709 4699 2878 4755 εἰπεῖν
2927 4700 3010 4755 ὅτι
3042 4698 3128 4755 διὰ
3166 4707 3294 4774 μιᾶς
3340 4704 3397 4757 τὸ
3433 4702 3483 4755 ἓν
3535 4701 3896 4778 ἀπετελέσθη

2235 4793 2337 4856 ζῶν
2369 4815 2382 4855 ;
2418 4787 2476 4842 Εἰ
2508 4789 2608 4863 γὰρ
2658 4789 2711 4843 αἱ
2745 4786 2840 4843 δύο
2887 4790 3070 4845 οὐκετι
3115 4791 3337 4862 μένουσι
3380 4787 3491 4856 δύο,
3533 4789 3609 4852 εἰς
3655 4791 3790 4864 μίαν
3825 4793 3896 4850 δὲ

2231 4875 2498 4946 συνῆλθον
2544 4877 2724 4956 φύσιν,
2769 4881 2898 4952 I788
2938 4880 3032 4951 R.]
3069 4877 3160 4934 διά
3201 4885 3329 4953 μιᾶς
3369 4877 3476 4936 ἔδει
3517 4881 3685 4958 φάναι
3725 4884 3789 4938 τὸ
3828 4885 3893 4938 ἓν

2229 4966 2607 5022 ἀποτελεῖσθαι
2657 4973 2819 5036 ζῶον.
2857 4968 2955 5023 Καὶ
3004 4965 3128 5023 οὐδὲ
3167 4967 3331 5024 πάλιν
3383 4971 3524 5041 εἶπε,
3558 4971 3635 5025 Δι’
3677 4973 3887 5048 ἀμφοῖν

2227 5060 2261 5128 ἡ
2298 5058 2393 5130 μία
2446 5058 2604 5134 φύσις
2663 5058 3014 5130 ἀπετελέσθη,
3079 5059 3227 5115 ἀλλά
3263 5061 3326 5115 τὸ
3381 5061 3434 5114 ἓν
3497 5066 3666 5134 ζῶον,
3721 5085 3885 5118 τουτ-

2227 5149 2365 5202 ἑστιν
2487 5149 2801 5214 ὑπόστασις.
2837 5152 2937 5205 Καὶ
2985 5154 3167 5213 κακῶς
3222 5150 3322 5205 οὐκ
3370 5151 3514 5220 εἶπε,
3562 5153 3676 5209 Μία
3724 5154 3886 5231 φύσις

2225 5237 2550 5308 ἀπετελέσθη
2588 5256 2600 5268 ⁸
2650 5239 2712 5294 τὸ
2755 5240 2857 5314 γὰρ
2900 5237 3078 5314 λέγειν
3138 5243 3299 5295 τοῦτο
3338 5242 3440 5309 τῆς
3487 5242 3892 5314 Ἀπολιναρίου

2226 5323 2495 5398 λώϐης85
2543 5327 2702 5386 ἐστὶν.
2757 5330 2815 5391 ’ὸς
2873 5323 2975 5406 ἔφη
3012 5348 3024 5362 '
3078 5330 3234 5399 Μίεις
3290 5330 3550 5385 θεσπεσία
3612 5334 3741 5396 Θεὸς
3784 5337 3896 5389 καὶ

2224 5418 2504 5496 ἄνθρωπος
2571 5419 2698 5494 μίαν
2767 5421 2854 5476 καὶ
2923 5422 3021 5490 τὴν
3097 5421 3264 5491 αὐτὴν
3342 5423 3635 5480 ἀπετέλεσε
3664 5427 3710 5464 ⁸⁸
3783 5428 3902 5504 φύ-

1825 5529 2046 5587 VARIrE
2083 5529 2494 5588 LECTIONES.

531 5637 580 5674 ⁸³
611 5635 694 5692 ἐπ’
729 5643 815 5692 A:
872 5637 958 5690 ὑπ’
991 5637 1074 5708 ς’.
1178 5637 1223 5672 at:
1256 5638 1298 5691 εἰ
1350 5641 1478 5696 add.
1526 5644 1587 5693 Α.

466 5710 625 5766 lem
659 5719 720 5772 Α.

1691 5641 1734 5674 ⁸⁴
1769 5637 1800 5692 λ
1811 5639 1890 5714 ἐγε

1901 5661 1913 5692 ι
1964 5657 2110 5697 corr.
2144 5643 2186 5696 A
2244 5658 2256 5696 :
2310 5638 2488 5716 λέγειν

2719 5641 2769 5677 ⁸⁵
2799 5637 2988 5713 λώϐης
3037 5644 3080 5699 Λ
3133 5661 3146 5699 :
3207 5636 3389 5713 λάϐῃς
3612 5645 3663 5682 ⁸⁸
3694 5647 3908 5704 iusti.
