4154 6218
311 310 427 371 9'73

1400 299 1946 364 BIBLIOTHECA.
1993 331 2073 343 —
2115 298 2290 357 COD.
2339 297 2651 359 CCXXIX.

3603 305 3720 366 974

313 463 420 500 σιν.
472 441 571 497 Κάὶ
637 441 743 514 μὴν
801 440 900 492 καν
958 439 1027 510 τῇ
1085 435 1320 512 προτέρᾳ
1376 436 1512 510 πρὸς
1570 435 1884 504 Σούκηνσον
1915 433 1962 468 ⁸⁷

2091 431 2252 487 nine:
2279 448 2492 488 sumus.
2519 433 2912 504 Componimur
2935 438 3085 492 enim
3112 454 3182 494 ex
3195 442 3386 496 anima
3404 446 3458 498 et
3477 459 3720 515 corpore,

313 530 581 603 ἱπιστολῇ
630 529 717 586 ἐπὶ
768 531 866 582 τοῦ
905 526 1070 581 αὐτοῦ
1116 524 1559 600 παραδείγματος
1604 524 1752 599 λέγει
1795 541 1809 554 ’
1863 522 1964 578 Καὶ

314 620 361 675 εἰ
423 617 590 689 δοκεῖ,
652 617 934 690 δεξώμεθα
973 616 1023 652 ⁸⁸
1080 616 1217 690 πρὸς
1275 612 1625 690 παράδειγμα
1679 615 1778 683 τὴν
1847 613 1963 667 καθ’

317 711 462 781 ἡμᾶς
521 707 718 769 αὐτοὺς
794 706 1061 775 σύνθεσιν,
1121 705 1242 760 καθ’
1308 703 1374 773 ἥν
1443 702 1602 778 ἐσμεν
1669 703 1968 775 ἄνθρωποι.

316 799 686 869 Συντιθέμεθα
738 795 796 852 δὶ
846 796 905 850 ἐκ
960 799 1150 870 ψυχῆς
1204 795 1296 849 καὶ
1352 795 1627 868 σώματος,
1687 794 1776 848 καὶ
1833 795 1971 868 ὁρῶ-

321 909 414 962 μεν
467 883 562 941 δύο
613 887 824 964 φύσεις,
884 885 1069 960 ἑτέραν
1122 885 1316 958 σαρκὸς
1374 883 1464 938 καὶ
1523 883 1702 957 ἑτέραν
1761 887 1968 956 ψυχῆς,

318 977 456 1032 ὥστε
486 974 537 1030 ἐν
586 975 657 1050 τῇ
707 976 943 1030 συνθέσει
993 973 1090 1035 τὰς
1141 971 1236 1029 δύο
1288 972 1470 1050 φύσεις
1517 974 1728 1046 θεωρεῖ.
1762 970 1967 1025 Οὐκοῦν

317 1067 400 1136 τὸ,
453 1066 662 1134 Μηκέτι
721 1066 816 1137 μέν
867 1065 998 1119 εἶναι
1048 1061 1144 1118 δύο
1204 1063 1332 1141 οὐχὶ
1397 1062 1521 1134 μίαν
1575 1063 1728 1130 φύσιν
1774 1061 1972 1125 ταύτας

319 1155 560 1231 γενέσθαι
599 1153 768 1231 λέγει,
810 1151 1006 1229 ἄπαγε,
1039 1151 1188 1208 ἀλλὰ
1237 1154 1313 1225 μή
1344 1152 1444 1206 ἀνὰ
1495 1154 1656 1227 μέρος
1701 1153 1789 1206 καὶ
1831 1148 1966 1206 ἰδιο-

320 1245 593 1304 συστάτως
644 1242 927 1316 ὑπάρχειν.
974 1243 1095 1298 ’Ὁτι
1147 1238 1204 1296 δὲ
1253 1239 1512 1316 διάφορος
1558 1243 1592 1309 ἡ
1646 1244 1834 1315 ψυχῆς
1878 1240 1968 1294 καὶ

323 1335 580 1407 σώματος
630 1331 787 1410 φύσις
829 1332 916 1386 καὶ
974 1332 1109 1403 μετά
1154 1333 1255 1401 τήν
1307 1330 1547 1384 σύνθεσιν
1599 1330 1652 1384 ἐν
1717 1335 1798 1402 τῷ
1857 1351 1972 1384 συν-

324 1423 463 1495 θέτῳ
492 1424 795 1495 θεωρεῖται,
831 1420 922 1476 καὶ
972 1422 999 1474 6
1031 1418 1303 1496 Θεολόγος
1353 1419 1657 1494 Γρηγόριος
1708 1424 1970 1494 μαρτυρεῖ

322 1513 376 1567 έν
402 1515 483 1583 τῷ
517 1511 644 1585 Περὶ
695 1514 792 1565 τοῦ
843 1510 1216 1584 βαπτίσματος
1265 1508 1479 1585 φάσκων
1522 1507 1673 1581 λόγῳ
1706 1527 1720 1541 ·
1763 1513 1964 1563 Διττῶν

323 1600 380 1658 δὲ
436 1599 607 1656 ὄντων
667 1602 828 1673 ἡμῶν
880 1599 940 1654 ἐκ
995 1601 1182 1673 ψυχῆς
1237 1598 1327 1652 καὶ
1387 1601 1665 1672 σώματος,
1722 1597 1812 1652 καὶ
1866 1605 1966 1665 τῆς

790 1693 816 1704 ς.

326 1692 420 1765 μὲν
472 1691 676 1764 ὁρατῆς
722 1693 820 1743 τοῦ
858 1689 906 1725 ⁸⁸
954 1685 1010 1743 δὲ
1069 1689 1305 1764 ἀοράτου
1371 1688 1604 1767 φύσεώς,
1665 1685 1818 1757 διττή
1877 1689 1966 1742 καὶ

2075 522 2326 594 duasque
2355 524 2714 594 perspicimus
2743 529 2994 596 naturas,
3022 530 3264 598 corporis
3291 531 3546 603 alteram,
3577 534 3723 592 alte-

2073 629 2196 667 ram
2234 612 2454 668 animi:
2486 630 2665 686 quare
2715 615 2772 670 in
2819 618 3241 688 compositione
3287 621 3433 677 duas
3483 629 3723 682 naturas

2075 701 2384 772 conspicit,
2409 719 2518 759 non
2540 705 2723 776 igitur
2741 705 2992 774 amplius
3020 723 3131 763 esse
3158 709 3314 774 duos,
3339 727 3522 783 neque
3546 731 3722 772 unam

2075 791 2199 844 ﬁeri
2233 796 2497 848 naturam
2531 794 2759 860 asserit,
2786 795 2962 862 absit,
2986 797 3086 851 sed
3115 813 3227 853 non
3255 816 3323 854 ex
3347 808 3508 871 parte
3538 808 3595 858 et
3624 820 3727 875 per

2075 893 2138 933 se
2163 879 2504 935 subsistere.
2529 881 2828 936 Diversam
2862 900 2995 939 vero
3027 901 3156 941 esse
3185 887 3360 944 animi
3387 894 3442 946 et
3466 894 3726 964 corporis

2076 971 2371 1034 naturam,
2405 974 2461 1024 et
2487 975 2617 1040 post
2646 973 3126 1041 compositionem
3158 976 3217 1032 in
3249 979 3570 1050 composito
3604 999 3729 1053 per-

2076 1057 2262 1127 spici;
2295 1063 2658 1130 testaturque
2698 1062 3012 1133 Gregorius
3058 1074 3436 1136 cognomento
3479 1070 3729 1130 Theolo-

2075 1160 2186 1215 gus
2249 1146 2340 1201 his
2399 1148 2518 1203 fere
2589 1149 2780 1204 verbis
2835 1151 2892 1205 in
2963 1155 3223 1210 oratione
3282 1157 3359 1211 De
3415 1159 3727 1231 baptisma:

2078 1233 2423 1292 Germinalos
2470 1253 2568 1293 nos
2598 1254 2628 1294 e
2655 1239 2864 1294 duobus
2907 1242 3126 1298 entibus
3173 1245 3360 1300 animo
3388 1257 3440 1305 et
3481 1267 3726 1324 corpore,

2077 1322 2176 1379 hoc
2203 1325 2420 1395 quidem
2450 1326 2682 1394 visibiti,
2717 1327 2820 1383 illo
2851 1345 2975 1386 vero
3017 1331 3308 1402 invisibili,
3340 1341 3560 1408 gemina
3591 1322 3728 1415 quo-

2077 1429 2178 1486 que
2222 1417 2499 1486 purgatio,
2538 1421 2596 1472 et
2643 1434 2771 1489 qua
2818 1426 3172 1490 sequuntur,
3222 1425 3371 1490 Quin
3423 1431 3480 1484 et
3521 1429 3729 1489 beatus

2074 1504 2320 1572 Cyrillus
2352 1505 2499 1562 libro
2547 1523 2701 1564 nono
2749 1509 3318 1570 Commentariorum
3353 1516 3411 1571 in
3440 1519 3728 1579 Joannem

2073 1594 2486 1665 evangelistam
2520 1597 2600 1652 ita
2629 1598 2833 1654 scribit
2859 1617 2873 1654 :
2907 1600 3096 1659 Sacrae
3131 1619 3231 1658 nos
3259 1604 3448 1662 docent
3477 1609 3730 1681 Scriptu-

2074 1697 2195 1739 ra:
2239 1685 2458 1740 credere
2510 1686 2569 1741 in
2622 1689 2974 1758 cruciﬁxum,
3028 1697 3331 1759 mortuum,
3383 1705 3432 1752 et
3488 1715 3524 1754 a
3577 1717 3730 1756 mor-

321 1783 356 1850 ἡ
406 1781 664 1853 κάθαρσις
714 1779 806 1833 καὶ
856 1778 999 1848 ἑξῆς.
1051 1776 1224 1834 Ἀλλὰ
1271 1778 1359 1832 καὶ
1414 1780 1441 1832 6
1487 1778 1632 1851 ἱερὸς
1694 1776 1969 1851 Κύριλλος

2091 1773 2190 1828 ruis
2250 1774 2578 1840 excitatum,
2627 1781 2685 1832 ut
2733 1793 2842 1833 non
2891 1781 3075 1835 alium
3121 1783 3479 1841 exsistentem
3526 1789 3732 1846 Filium

322 1869 375 1925 έν
435 1872 516 1941 τῷ
570 1867 739 1940 ἐνάτῳ
800 1867 948 1942 λόγῳ
993 1871 1098 1921 τῶν
1156 1867 1614 1940 Ὑπομνημάτων,
1648 1866 1699 1921 έν
1744 1868 1827 1929 οἷς
1875 1868 1964 1921 τὸν

325 1956 715 2035 εὐαγγελιστήν
764 1956 1018 2027 Ἰωάννην
1076 1957 1536 2030 ὑπομνηματίζει,
1593 1957 1736 2011 οὕτω
1793 1958 1966 2037 φησί·

323 2047 600 2104 Πιστεύειν
676 2043 734 2101 δὲ
799 2048 946 2118 ἡμᾶς
1005 2046 1060 2100 αἱ
1130 2048 1269 2102 θεῖαι
1346 2049 1552 2124 Γραφαί
1629 2045 1973 2102 διδάσκουσιν

324 2137 400 2197 εἲς
467 2137 562 2191 τὸν
644 2135 1022 2211 σταυρωθέντα
1097 2137 1186 2191 καὶ
1260 2132 1589 2191 ἀποθανόντα
1667 2137 1756 2192 καὶ
1843 2136 1976 2210 ἐγη-

321 2226 582 2303 γερμένον
651 2225 712 2281 ἐκ
785 2230 1010 2302 νεκρῶν,
1086 2227 1161 2288 ὼς
1237 2228 1348 2304 οὐχ
1419 2224 1601 2299 ἕτερον
1681 2225 1805 2282 ὄντα
1879 2227 1974 2282 τὸν

326 2315 449 2371 Υἱὸν
481 2318 527 2353 νο
592 2316 736 2390 παρα
790 2317 882 2371 τὸν
944 2314 995 2370 έν
1026 2315 1072 2351 91
1132 2315 1276 2388 αὐτῷ
1343 2316 1538 2390 Λόγον.
1608 2316 1736 2370 Εἶτα
1779 2335 1792 2348 ’
1856 2318 1978 2391 Οὐχ

325 2407 450 2460 ὅσον
506 2404 590 2467 εἷς
647 2404 833 2467 οὐσίας
907 2403 1214 2474 ταυτότητά
1281 2426 1423 2482 φημι
1483 2408 1666 2477 (σῶμα
1738 2404 1837 2480 γὰρ
1913 2406 1976 2459 τὸ

327 2501 487 2568 σῶμα
541 2494 630 2549 καὶ
707 2494 768 2549 οὐ
821 2493 1024 2570 Λόγος,
1086 2495 1132 2549 εἰ
1201 2493 1290 2548 καὶ
1360 2499 1520 2566 σῶμα
1592 2497 1689 2548 τοῦ
1747 2494 1975 2570 Λόγου).

323 2581 453 2640 ἀλλ’
512 2583 634 2638 ὅσον
697 2583 773 2644 είς
831 2584 894 2636 τὸ
955 2585 1056 2649 τῆς
1111 2581 1349 2653 ἀληθοῦς
1428 2583 1680 2652 υἱότητος
1756 2591 1973 2657 χρῆμα.

327 2677 442 2729 U05
474 2672 566 2729 οῦν
617 2676 651 2742 ἡ
695 2679 796 2743 τῆς
837 2673 1022 2734 οὐσίας
1071 2669 1194 2738 ἤτοι
1246 2672 1455 2749 φύσεως
1503 2675 1687 2747 ψυχῆς
1727 2674 1818 2728 καὶ
1869 2675 1974 2728 σώ-

334 2783 505 2834 ματος
549 2762 861 2832 ταυτότης;
914 2763 981 2817 Ἢ
1029 2767 1144 2823 πῶς
1193 2765 1360 2816 ταῦτα
1422 2763 1542 2834 μία,
1596 2763 1671 2816 ὧν
1723 2761 1823 2818 οὐκ
1864 2758 1977 2818 ἔστι

331 2849 521 2909 λαϐεῖν
575 2851 879 2923 ταυτότητα
950 2853 1158 2929 φύσεων
1238 2853 1327 2905 καὶ
1395 2850 1626 2921 οὐσίας;
1703 2853 1775 2906 Τὰ
1845 2852 1980 2908 αὐτά

330 2963 464 3020 φησι
493 2943 582 2997 καὶ
618 2941 908 3003 Εὐστάθιος
955 2941 983 2996 6
1018 2941 1206 3016 μέγας,
1239 2941 1266 2996 6
1314 2947 1412 3010 τῆς
1463 2939 1796 3017 Ἀντιοχέων
1835 2941 1976 3017 ἀρχ-

335 3032 528 3105 ιερεὺς,
559 3031 646 3086 καὶ
701 3031 986 3106 Ἀντίοχος
1037 3031 1064 3084 6
1115 3028 1512 3103 Πτολεμαίδος,
1560 3029 1612 3084 ἐν
1660 3033 1741 3092 οἷς
1789 3052 1926 3107 φησι
1962 3051 1975 3064 ⁸

2078 1863 2189 1932 ipsi
2217 1879 2379 1934 quam
2415 1864 2663 1920 Verbum.
2698 1867 2951 1923 Deinde:
2975 1871 3093 1925 Non
3125 1882 3396 1943 quantum
3422 1873 3480 1930 in
3511 1883 3734 1937 naturae

2079 1950 2346 2008 unitatem
2386 1953 2526 2021 dico,
2567 1970 2763 2024 corpus
2805 1957 2956 2012 enim
3004 1974 3199 2030 corpus
3237 1978 3344 2017 non
3385 1967 3629 2035 verbum,
3659 1973 3737 2024 est

2084 2055 2278 2111 corpus
2314 2041 2488 2110 Verbi,
2520 2043 2614 2097 sed
2642 2051 2912 2115 quantum
2944 2045 3004 2101 in
3044 2063 3203 2103 usum
3241 2066 3380 2107 verae
3420 2053 3728 2122 ﬁtiationis.

2088 2130 2195 2187 Ubi
2224 2131 2405 2202 igitur
2452 2134 2822 2202 substantiae,
2850 2135 2959 2192 hoc
2990 2142 3080 2193 est
3110 2147 3318 2195 natura
3363 2145 3645 2215 corporis,
3678 2151 3736 2202 et

2088 2222 2294 2276 animae
2341 2221 2615 2278 identitas
2637 2225 2665 2278 ?
2694 2224 2780 2280 vel
2824 2228 3110 2296 quomodo
3161 2227 3283 2285 haec
3314 2247 3450 2301 una,
3484 2249 3735 2305 quorum

2088 2326 2203 2366 non
2230 2311 2358 2368 licet
2383 2328 2596 2385 cupere
2619 2314 2982 2373 identitatem
3005 2322 3344 2377 naturarum
3370 2327 3733 2382 etessentiaa.

2087 2400 2299 2456 Eadem
2331 2419 2561 2473 quoque
2593 2421 2846 2476 magnus
2869 2408 3228 2477 Eustathius,
3250 2413 3568 2469 Antiochia:
3592 2432 3735 2487 prae-

2088 2491 2202 2559 sul,
2225 2492 2548 2548 Antiochus
2573 2511 2825 2564 quoque,
2851 2495 3225 2555 Ptolemaidis
3251 2501 3576 2574 episcopus,
3600 2521 3735 2561 cum

2088 2579 2201 2634 ait:
2244 2580 2488 2648 Domine,
2520 2581 2606 2650 ﬁli
2639 2582 2836 2647 David,
2875 2589 2926 2639 et
2964 2585 3171 2655 duplex
3199 2604 3265 2643 ac
3292 2590 3548 2657 simplex,
3590 2608 3737 2648 unus

2086 2674 2136 2723 et
2165 2670 2296 2736 duo,
2325 2685 2437 2724 non
2467 2670 2658 2725 diuisae
2699 2674 3130 2744 incarnationis,
3171 2693 3281 2732 non
3311 2678 3624 2750 duplicata,
3657 2697 3739 2737 reo

2086 2757 2437 2827 demptionis,
2490 2767 2542 2813 et
2596 2775 2707 2814 non
2761 2761 2901 2816 Deus
2951 2765 3205 2833 patibilis
3244 2767 3521 2835 inventus,
3563 2784 3741 2840 neque

2088 2846 2243 2901 homo
2281 2861 2388 2916 per
2413 2863 2474 2903 se
2500 2849 2767 2904 mundum
2806 2867 3060 2907 servans.
3093 2857 3161 2909 Et
3210 2871 3453 2912 aureum
3495 2855 3641 2912 illud
3673 2875 3738 2915 os

2089 2933 2371 3003 Ecclesia,
2422 2935 2636 3007 aliique
2683 2936 2924 3009 plurimi
2974 2940 3076 2997 SS.
3133 2943 3388 3010 Patrum,
3421 2945 3480 3000 in
3513 2947 3740 3002 duabus

2088 3024 2313 3079 naturis
2343 3029 2518 3096 atque
2547 3027 2816 3083 essentiis
2849 3043 3028 3083 unum
3061 3040 3389 3103 agnoscunt
3418 3033 3736 3091 Christum.

335 3121 517 3194 Κύριε,
551 3121 632 3175 υἱὲ
679 3115 868 3186 Δαϐὶδ,
919 3121 946 3174 6
992 3117 1222 3182 διπλοῦς
1256 3119 1342 3174 καί
1386 3117 1617 3190 ἁπλοῦς,
1664 3121 1691 3175 6
1741 3117 1836 3175 δύο
1886 3121 1974 3175 καὶ

2091 3114 2132 3168 Ε
2155 3113 2366 3184 quibus
2387 3115 2543 3169 enim
2564 3116 3196 3176 incarnatumVerbum
3218 3125 3605 3194 compositum
3631 3134 3738 3194 est,

329 3208 410 3280 ἓν,
475 3211 550 3280 μή
613 3207 975 3283 μεριζομένης
1031 3215 1131 3278 τῆς
1199 3207 1537 3282 οἷ’κονομίας,
1610 3211 1685 3283 μὴ
1755 3207 1984 3288 διχοτο-

339 3299 616 3370 μουμένης
702 3299 863 3370 ἡμῶν
934 3303 1034 3366 τῆς
1102 3296 1396 3370 σωτηρίας,
1464 3295 1557 3352 ’ίνα
1632 3299 1770 3370 μήτε
1853 3297 1982 3360 Θεὸς

338 3388 582 3456 παθητὸς
641 3386 838 3460 εὑρεθῇ
910 3387 1050 3456 μήτε
1107 3384 1392 3460 ἅνθρωπος
1444 3388 1561 3441 καθ’
1620 3387 1805 3442 ἑαυτὸν
1883 3388 1981 3456 τήν

336 3476 666 3548 οἰκουμένην
711 3478 920 3545 σώζων.
954 3474 1060 3531 Καὶ
1103 3495 1164 3530 το
1214 3479 1454 3549 χρυσοῦν
1489 3473 1546 3530 δὲ
1595 3476 1769 3549 στόμα
1789 3477 1839 3512 9³
1885 3479 1983 3545 τῆς

335 3563 666 3636 Ἐκκλησίας
714 3566 802 3619 καὶ
855 3565 1053 3640 μυρίος
1098 3562 1270 3627 ἄλλος
1319 3566 1490 3640 χορὸς
1548 3570 1653 3621 τῶν
1707 3567 1983 3645 θεοφόρων

337 3659 503 3728 ἡμῶν
556 3655 808 3728 Πατέρων
862 3653 914 3710 έν
965 3652 1115 3709 δυσὶν
1157 3653 1364 3715 οὐσίαις
1407 3654 1496 3708 καὶ
1538 3654 1726 3729 φύσεσι
1771 3657 1864 3711 τὸν
1892 3652 1985 3710 ἕνα

338 3744 672 3820 γνωρίζουσι
717 3744 970 3819 Χριστόν,
1001 3747 1122 3799 Ὅτι
1158 3745 1346 3818 μέντοι
1396 3765 1457 3819 γε
1497 3744 1547 3814 ἐξ
1579 3745 1652 3797 ὧν
1701 3747 1728 3799 6
1768 3747 1843 3807 εἷς
1896 3766 1986 3799 σε-

343 3833 694 3910 σαρκωμένος
743 3833 918 3908 Λόγος
968 3835 1242 3904 συνετέθη,
1275 3833 1326 3888 ἐν
1373 3833 1558 3895 αὐτοῖς
1606 3834 1695 3888 καὶ
1742 3830 1855 3889 ἔστι
1895 3834 1986 3888 καὶ

339 3924 688 3998 γνωρίζεται,
726 3920 999 3997 Κύριλλος
1031 3921 1196 3978 πάλιν
1233 3924 1353 3997 βοᾷ·
1385 3924 1588 3992 Ὥσπερ
1629 3923 1755 3997 γὰρ,
1799 3923 1986 4001 φησὶν,

341 4013 396 4068 ἐν
440 4011 658 4083 θεότητι
709 4013 837 4085 [412
875 4013 969 4084 Η.]
1027 4010 1262 4079 τέ)ειος,
1316 4013 1461 4066 οὕτω
1518 4012 1608 4066 καὶ
1677 4010 1727 4065 ἐν
1783 4012 1991 4087 ἀνθρω-

341 4104 542 4175 πότητι
579 4124 590 4136 ·
645 4107 734 4159 καὶ
781 4104 948 4160 πάλιν
985 4149 999 4162 .
1049 4105 1161 4160 Οὐκ
1211 4104 1370 4160 αὐτὸν
1419 4105 1511 4159 τὸν
1571 4112 1835 4180 μονογενῆ
1892 4110 1990 4159 τοῦ

343 4199 483 4252 Θεοῦ
538 4195 664 4250 Υἱὸν
697 4195 764 4265 9³,
831 4194 963 4250 καθὸ
1019 4200 1225 4249 νοεῖται
1280 4195 1371 4250 καὶ
1428 4192 1539 4250 ἔστι
1604 4194 1750 4264 Θεὸς,
1801 4196 1988 4249 παθεῖν

344 4287 422 4346 εἰς
481 4281 622 4339 ἰδίαν
681 4285 835 4362 φύσιν
893 4285 960 4338 τὰ
1007 4286 1053 4320 ³⁸
1110 4285 1364 4358 σώματος
1424 4284 1843 4361 ίσχυριζόμεθα,
1900 4304 1998 4338 πα-

345 4375 459 4428 θεῖν
520 4371 578 4429 δὲ
639 4372 854 4446 μᾶλλον
922 4377 990 4446 τῇ
1025 4372 1192 4449 χοίκῇ
1252 4373 1406 4452 φύσει
1438 4391 1452 4407 ⁸
1506 4376 1596 4428 καὶ
1654 4374 1819 4428 πάλιν
1852 4392 1864 4406 ⁸
1910 4378 1998 4427 Δεῖ

344 4464 451 4536 γαρ
540 4461 845 4538 ἀναγκαίως
920 4463 1202 4541 ἀμφότερα
1279 4464 1543 4533 σώζεσθαι
1606 4467 1686 4534 τῷ
1764 4463 1843 4517 ἑνὶ
1910 4461 2000 4517 καὶ

347 4553 488 4608 κατὰ
544 4550 801 4624 ἀλήθειαν
854 4554 985 4625 Υἱῷ,
1045 4554 1136 4608 καὶ
1211 4553 1274 4607 τὸ
1334 4555 1423 4622 Μή
1492 4554 1725 4628 πάσχειν
1783 4553 1997 4612 θεῖκῶς·

346 4642 438 4698 καί
510 4642 572 4696 τὸ
650 4642 914 4718 Λέγεσθαι
986 4644 1176 4697 παθεῖν
1264 4641 1612 4717 ἀνθρωπίνως
1647 4663 1661 4676 ·
1735 4645 1769 4712 ἡ
1840 4641 2002 4696 αὐτοῦ

349 4733 458 4808 γὰρ
509 4730 746 4786 πέπονθε
813 4730 960 4806 σάρξ.
1029 4730 1181 4787 Ἀλλ’
1243 4732 1270 4786 6
1338 4732 1501 4811 σοφὸς
1563 4731 1654 4805 μὲν
1727 4728 2002 4804 Κύριλλος

346 4826 564 4878 ταῦτα·
598 4823 632 4875 ‘6
693 4819 750 4876 δὲ
808 4819 1009 4896 α’ίρεσις
1066 4820 1241 4899 λέγει,
1301 4816 1465 4877 ἔπαθε
1518 4824 1714 4885 θεϊκῶς
1770 4823 1884 4894 ἅμα
1913 4819 2003 4875 καὶ

350 4909 728 4986 ἀνθρωπίνως.
790 4911 947 4968 Ἀλλ’
1019 4911 1046 4965 6
1121 4911 1281 4973 αὐτὸς
1337 4910 1504 4967 πάλιν
1573 4911 1762 4986 φησὶν,
1817 4911 1879 4966 Ἡ
1955 4909 2006 4965 ἐν

350 5000 741 5076 ἀνθρωπὸτητι
799 4998 1082 5071 τελειότης
1141 5001 1230 5056 καὶ
1284 5008 1384 5072 τῆς
1441 5002 1560 5056 καθ’
1616 5003 1766 5074 ἡμᾶς
1825 4999 2009 5064 οὐσίας

349 5093 390 5159 ἡ
461 5086 705 5160 δήλωσις
772 5089 1173 5163 εἶσκεκόμισται
1242 5087 1330 5145 διὰ
1403 5095 1499 5145 τοῦ
1558 5088 1739 5166 λέγειν
1813 5109 2009 5162 σεσαρ-

348 5179 636 5253 κωμένην.
687 5181 788 5237 Καὶ
839 5180 1098 5256 ἀνωτέρω
1146 5178 1269 5254 περὶ
1327 5187 1428 5251 τῆς
1488 5185 1584 5236 105
1640 5181 1823 5256 Λόγου
1885 5198 2011 5252 σαρ-

350 5268 452 5330 κὸς
484 5267 626 5325 οὕτω
675 5269 839 5349 φησίν
874 5288 888 5303 ο
936 5265 1070 5325 Οὔτε
1109 5268 1410 5344 μεμείωται
1456 5266 1580 5325 οὔτε
1627 5268 1788 5342 (καθοὶ
1825 5270 2008 5345 φησιν)

2092 3203 2151 3257 in
2186 3203 2258 3258 iis
2291 3207 2346 3258 et
2394 3207 2484 3259 est
2533 3209 2590 3259 et
2637 3208 3040 3276 cognoscitur:
3074 3209 3317 3282 Cyrillus
3368 3229 3602 3270 rursum
3651 3232 3742 3270 ex-

2093 3293 2344 3350 clamat:
2380 3296 2875 3363 Quemadmodum,
2907 3297 3119 3371 inquit,
3152 3302 3211 3356 in
3240 3301 3536 3362 divinitate
3560 3308 3744 3376 perfe-

2092 3392 2232 3451 ctus,
2264 3385 2342 3438 ita
2389 3393 2441 3440 et
2489 3385 2678 3442 2506
2728 3385 2790 3441 in
2839 3387 3183 3446 humanitate
3199 3407 3222 3454 ;
3250 3397 3308 3448 et
3346 3394 3594 3450 iterum:
3627 3397 3744 3452 Non

2095 3475 2271 3544 ipsum
2303 3475 2653 3543 unigenitum
2684 3475 2782 3530 Dei
2809 3477 3039 3546 Filium,
3073 3496 3180 3553 qua
3218 3487 3376 3553 parte
3401 3489 3747 3556 cognoscitur

2093 3569 2145 3618 et
2178 3579 2368 3618 revera
2407 3571 2489 3619 est
2538 3565 2698 3631 Deus,
2730 3567 2850 3636 pati
2893 3568 2953 3621 in
2995 3569 3228 3639 propria
3271 3581 3476 3628 natura
3523 3590 3748 3645 corpore

2094 3652 2443 3722 a/ﬁrmamus
2465 3670 2484 3708 :
2512 3655 2631 3723 pati
2656 3669 2778 3709 vero
2799 3657 2978 3724 potius
3019 3660 3240 3714 terrena
3269 3665 3492 3717 natura.
3527 3663 3591 3717 Et
3622 3679 3749 3720 rur-

2096 3757 2221 3796 sum
2251 3758 2264 3796 :
2299 3741 2515 3811 Oportet
2547 3744 2696 3796 enim
2742 3745 2958 3799 servari
3001 3747 3304 3803 necessario
3351 3759 3603 3822 utraque,
3638 3769 3748 3808 uno

2096 3839 2149 3885 et
2180 3845 2302 3884 vero
2341 3831 2503 3884 Filio.
2541 3830 2608 3885 Et
2639 3829 2783 3885 illud
2814 3847 2826 3887 :
2859 3837 2979 3888 Non
3002 3835 3118 3904 pati
3141 3835 3436 3892 divinitus.
3462 3838 3531 3892 Et
3562 3839 3705 3896 illud
3731 3856 3746 3896 :

2099 3921 2292 3973 Dicere
2321 3921 2648 3974 humanitus
2675 3919 2801 3991 pati
2819 3938 2841 3983 ;
2864 3922 3035 3992 ipsius
3081 3925 3227 3980 enim
3276 3943 3403 3983 caro
3448 3944 3607 3999 passa
3650 3937 3748 3986 est.

2095 4008 2314 4064 Verum
2347 4007 2553 4064 doctus
2576 4009 2828 4077 Cyrillus
2859 4010 2941 4066 ita
2972 4013 3170 4080 sensit,
3194 4018 3253 4069 at
3274 4020 3476 4072 contra
3497 4017 3752 4076 haeretici

2100 4098 2413 4164 afﬁrmant,
2462 4096 2647 4153 divine
2697 4115 2891 4170 passus
2946 4107 3024 4157 est
3075 4105 3246 4158 simul
3272 4115 3324 4160 et
3353 4105 3610 4164 humane.
3642 4110 3752 4165 Sed

2101 4187 2197 4243 hic
2229 4203 2459 4242 rursum
2494 4187 2577 4242 ait
2603 4203 2616 4242 :
2643 4189 3016 4246 Humanitatis
3035 4194 3298 4262 perfectio
3322 4200 3628 4269 nostraque
3656 4216 3758 4254 na-

2106 4279 2248 4333 tura?
2294 4275 2563 4332 exhibitio
2610 4277 2783 4332 allata
2813 4287 2908 4348 est,
2939 4279 3071 4334 dum
3101 4281 3381 4339 diceretur
3430 4287 3753 4345 incuruata.

2109 4367 2299 4437 Supra
2328 4381 2564 4438 quoque
2590 4368 2659 4422 de
2687 4383 2857 4424 carne
2879 4385 2910 4422 a
2935 4370 3118 4427 Verbo
3149 4379 3452 4445 assumpta
3474 4375 3559 4433 sic
3580 4375 3758 4449 loqui-

2110 4461 2238 4511 tur:
2273 4455 2453 4527 Neque
2496 4455 2784 4512 diminuta
2825 4465 2902 4514 est
2949 4475 3123 4531 neque
3174 4462 3258 4534 (ul
3298 4463 3420 4536 ipse
3467 4464 3568 4539 ait)
3608 4469 3758 4538 furto

2111 4545 2324 4600 sublata
2349 4548 2446 4614 est,
2470 4545 2775 4602 necessario
2798 4549 2975 4617 igitur
3002 4556 3274 4606 servatur.
3304 4553 3370 4608 Et
3394 4554 3560 4626 paulo
3592 4561 3757 4613 ante:

2112 4637 2228 4693 Etsi
2254 4637 2670 4706 compositionis
2700 4636 2878 4692 verbis
2922 4638 3067 4694 inest
3112 4641 3430 4713 differentia
3467 4646 3764 4702 secundum

2111 4729 2396 4790 naturam,
2427 4739 2616 4780 eorum
2666 4741 2791 4797 quae
2841 4727 2911 4781 ad
2967 4731 3243 4785 unitatem
3275 4731 3484 4788 collata
3512 4737 3662 4789 sunt.
3696 4737 3767 4790 Et

2113 4815 2249 4871 alibi
2278 4832 2290 4870 :
2323 4816 2446 4870 Non
2474 4817 2821 4870 commistum
2850 4820 2929 4872 est
2956 4833 3054 4888 per
3080 4819 3197 4886 hoc,
3236 4830 3299 4875 ut
3347 4822 3484 4890 ipsis
3529 4823 3766 4890 videtur,

2113 4921 2184 4961 ne
2214 4907 2273 4960 in
2301 4906 2485 4959 carnis
2515 4905 2742 4976 quidem
2780 4908 3045 4962 naturam
3091 4909 3321 4965 transiit
3355 4911 3513 4968 Verbi
3540 4925 3765 4978 natura,

2117 4995 2207 5050 sed
2248 5009 2422 5065 neque
2450 4993 2636 5048 carnis
2675 4998 2882 5049 natura
2909 4998 2969 5051 in
2999 4997 3178 5063 illius,
3207 4998 3298 5054 sed
3328 5000 3388 5056 in
3430 5000 3770 5072 proprietate

2115 5084 2415 5141 secundum
2462 5090 2746 5148 naturam,
2780 5083 2954 5140 altera
2982 5096 3244 5143 manente
3272 5093 3434 5161 atque
3465 5090 3767 5161 intellecto,

2118 5172 2428 5246 ineﬂabilis
2460 5180 2619 5243 atque
2647 5171 3062 5244 inexplicabilis
3092 5177 3245 5246 unio,
3280 5193 3450 5234 unam
3478 5179 3632 5236 nobis
3663 5181 3772 5237 Fili

2119 5269 2381 5321 naturam
2436 5261 2875 5331 ostendit;nisi,
2929 5269 2994 5320 ut
3050 5266 3152 5336 ait,
3198 5269 3570 5327 incarnatam.
3627 5271 3774 5328 Ecce

1729 5430 1969 5488 VARM'J
2010 5424 2424 5483 LECTIONES.

433 5577 814 5653 ⁸⁷⁴Σούκενσον
835 5577 953 5653 0.*
989 5577 1035 5613 ⁸³
1057 5573 1367 5653 ,δεξιῴμεθα
1397 5577 1478 5653 ς’·

360 5652 410 5687 9⁸
445 5649 570 5706 Υἱὸν
597 5653 697 5706 τοῦ
727 5652 862 5706 Θεοῦ
892 5649 974 5726 ς.
1051 5651 1096 5686 ⁹⁸
1125 5647 1372 5722 σώματα.

1583 5577 1633 5612 ⁸9
1662 5580 1783 5651 τοῦ]
1811 5583 1912 5648 τῆς
1951 5593 2098 5637 corr.
2140 5576 2203 5629 A.

2308 5569 2354 5605 ⁹⁰
2385 5571 2517 5625 ante
2547 5566 2672 5621 )ibv
2701 5584 2818 5624 om.
2853 5575 2920 5624 A.
3021 5571 3066 5606 9‘
3099 5569 3151 5626 ἐν
3185 5574 3318 5630 add.
3351 5580 3414 5631 A.

3521 5575 3776 5653 ”γεςό
