4138 6228
492 356 613 417 975

497 589 632 636 ante
660 579 805 635 dixit
834 592 1069 633 manere
1100 577 1157 632 in
1190 577 1284 644 iis,
1318 594 1441 648 quae
1473 579 1797 633 secundum
1846 582 2137 634 naturam.

1695 351 1959 413 PHOTII
2006 349 2531 412 PATRIARCH/E
2571 351 2688 412 CP.

499 491 653 548 clare
675 489 849 548 etiam
874 488 1477 561 postincarnationem
1496 489 1801 561 utriusque
1817 486 2140 556 unitorum,

2272 483 2658 540 ὅποκεκλέπται
2695 505 2706 518 ·

2251 575 2500 648 ἀνωτέρω
2535 593 2546 606 ⁸

3791 347 3921 411 976

2797 485 2989 540 οὐκοῦν
3073 486 3373 561 ἀναγκαίως
3467 485 3725 554 σώζεται.
3816 487 3916 540 Καὶ

2613 574 2714 629 Κάν
2771 581 2887 636 τοῖς
2957 581 3058 644 τῆς
3117 575 3414 636 συνθέσεως
3483 571 3680 650 λόγοις
3753 572 3914 629 ἐνυπ-

499 669 656 742 ἀρχει
721 667 784 721 τὸ
844 663 1098 739 διάφορον
1166 664 1302 718 κατὰ
1361 664 1514 742 φύσιν
1573 671 1681 721 τῶν
1751 668 1826 730 εἰς
1881 667 2110 736 ἑνότητα
2164 663 2700 738 συγκεκομισμένων.
2737 665 2865 737 [789
2893 666 2985 736 R.]
3039 663 3136 718 Καὶ
3188 663 3461 740 ἀλλαχοῦδ
3515 661 3590 718 Οὒ
3642 664 3918 740 πέφυρται

497 757 636 811 κατὰ
672 760 854 824 τοῦτο,
887 756 1024 809 κατά
1080 756 1141 808 τὸ
1175 753 1395 816 ἐκείνοις
1455 753 1672 810 δοκοῦψ
1736 757 1858 813 οὔτε
1919 760 2024 831 μὴν
2060 755 2138 817 εἰς
2192 757 2293 824 τήν
2323 761 2422 823 τῆς
2471 755 2665 822 σαρκὸς
2723 755 2878 830 φύσιν
2944 752 3405 830 μεταπεφοίτηκεν
3462 757 3496 824 ἡ
3557 759 3654 809 τοῦ
3689 751 3869 828 λόγου
3904 756 3916 773 ⁵

497 843 624 900 ἀλλ’
684 841 808 900 οὐδὲ
872 847 908 914 ἡ
965 850 1064 912 τῆς
1120 845 1317 919 σαρκὸς
1392 843 1468 905 εἷς
1533 847 1632 914 τήν
1711 847 1920 902 αὐτοῦ·

1985 846 2111 900 ἀλλ’
2179 843 2229 900 ἐν
2309 840 2546 912 ὶδιότητι
2603 843 2740 898 κατὰ
2799 842 2953 918 φύσιν
3037 843 3288 917 ἑκατέρου
3363 843 3617 915 μένοντὸς
3697 863 3758 896 τε
3828 842 3918 896 καὶ

496 933 812 1006 νοουμένου,
865 936 899 1002 ἡ
960 931 1196 1010 ἄῤῥητος
1251 934 1340 986 καὶ
1409 933 1678 1009 ἄφραστος
1733 932 1920 997 ἓνωοις
1984 936 2106 1007 μίαν
2163 937 2298 1007 ἡμῖν
2357 930 2548 1006 ἔδειξεν
2605 933 2733 986 Υἱοῦ
2795 933 2974 1009 φύσιν,
3042 931 3213 1000 πλὴν,
3271 934 3344 994 ὡς
3404 931 3560 1010 ἔφην,
3633 953 3916 1005 σεσαρκω-

502 1020 684 1092 μένην.
725 1017 864 1075 Ἰδοὺ
905 1024 1144 1099 φανερῶς
1173 1019 1261 1073 καὶ
1298 1021 1430 1094 μετὰ
1459 1021 1557 1088 τήν
1589 1022 1854 1095 σάρκωσιν
1889 1023 2138 1097 ἑκάτερον
2166 1023 2213 1059 9⁸
2251 1026 2357 1077 τῶν
2393 1021 2690 1076 ἑνωθέντων
2730 1021 2781 1075 έν
2807 1026 2922 1082 τοῖς
2962 1020 3098 1075 κατά
3129 1020 3286 1097 φύσιν
3322 1020 3497 1094 μένειν
3539 1021 3660 1075 εἶπε
3698 1022 3768 1077 ⁸³⁸.

569 1112 830 1182 Scriptor
859 1111 979 1166 haec
1001 1127 1275 1166 enarrans
1307 1111 1531 1178 scribit,
1558 1122 1616 1166 ut
1639 1113 2141 1170 consubstantiale

498 1200 987 1256 consubstantiali
1032 1200 1351 1255 secundum
1395 1200 1732 1272 hypostasin
1776 1218 1888 1256 non
1925 1203 2145 1270 unitur,

500 1305 687 1361 neque
717 1288 873 1344 enirn
908 1288 1098 1344 anima
1130 1287 1415 1342 animuin
1441 1305 1690 1359 persona
1714 1290 1933 1355 unitur,
1960 1306 2149 1361 neque

500 1395 710 1450 corpus
735 1377 982 1449 corpori.
1005 1377 1143 1442 Quae
1159 1393 1291 1433 vero
1314 1377 1544 1433 diversa
1574 1378 1904 1434 substantia
1935 1380 2148 1434 uniun-

500 1472 616 1534 tur,
659 1483 918 1540 personae
960 1466 1241 1522 unitatem
1294 1467 1626 1533 absolvunt,
1671 1469 1730 1523 in
1774 1485 1947 1523 unam
1991 1469 2147 1524 enim

501 1557 842 1615 substantias
884 1558 1317 1630 proprietatem,
1352 1573 1475 1628 quas
1509 1574 1576 1613 ex
1607 1558 1827 1614 unitate
1865 1564 2002 1614 sunt
2033 1575 2146 1615 non

501 1651 936 1704 convertuntur.
963 1650 1171 1714 Quare,
1195 1648 1240 1702 si
1264 1647 1558 1719 volumus,
1584 1665 1760 1705 uuam
1785 1650 2148 1706 incarnatam

500 1736 673 1793 Verbi
706 1741 995 1805 naturam,
1022 1737 1077 1792 id
1111 1741 1218 1803 est,
1254 1754 1428 1792 unam
1461 1755 1790 1810 personam,
1813 1740 1871 1796 in
1893 1741 2147 1810 seipsam

500 1825 874 1890 invalescere,
906 1825 1283 1898 agnoscimus
1316 1825 1618 1882 unitorum
1649 1829 1708 1883 in
1741 1834 1953 1884 natura
1983 1829 2145 1884 dilfe-

2320 1116 2494 1165 Ταῦτα
2543 1108 2771 1165 διελθὼν
2827 1111 2853 1164 6
2906 1110 3244 1186 συγγραφεύς
3294 1131 3426 1187 φησι
3480 1111 3578 1182 μὶν
3641 1111 3719 1172 ὡς
3777 1111 3913 1181 ὁμο-

2263 1201 2441 1254 ούσιον
2501 1201 2596 1274 μέν
2654 1198 2936 1272 ὁμοουσίῳ
2985 1200 3101 1253 καθ’
3165 1198 3454 1253 ὑπόστασιν
3523 1197 3634 1272 οὐχ
3693 1199 3914 1253 ἑνοῦται

2257 1286 2404 1361 (οὐδὲ
2434 1289 2537 1362 γὰρ
2585 1290 2738 1363 ψυχὴ
2781 1291 2936 1362 ψυχῇ
2985 1289 3100 1342 καθ’
3151 1287 3441 1341 ὑπόστασιν
3488 1288 3728 1355 ἑνοῦται,
3792 1285 3917 1342 οὗτε

2259 1383 2417 1451 σῶμα
2457 1379 2716 1451 σώματι),
2748 1379 2814 1432 τὰ
2847 1374 2904 1432 δὲ
2935 1377 3245 1450 έτεροούσια
3272 1378 3317 1412 9⁷
3358 1377 3625 1450 ἒνούμενα
3652 1379 3760 1445 τὴν
3804 1379 3918 1430 καθ’

2261 1467 2549 1521 ὑπόστασιν
2599 1463 2788 1522 ἕνωσιν
2819 1465 3076 1521 ἀποτελεῖ
3108 1485 3121 1498 °
3174 1465 3251 1528 εἷς
3293 1467 3421 1538 μίαν
3456 1462 3512 1519 δὲ
3561 1466 3758 1529 οὐσίας
3787 1488 3922 1521 ταυ-

2258 1556 2457 1626 τότητα
2514 1555 2578 1610 τὰ
2630 1555 2689 1610 ἐκ
2744 1563 2843 1626 τῆς
2910 1555 3148 1617 ὲνώσεως
3209 1555 3270 1609 ού
3329 1557 3602 1629 τρέπεται.
3653 1557 3824 1609 Ὥστε,
3874 1556 3920 1610 εἴ

2261 1645 2595 1720 βουλοίμεθα
2634 1647 2733 1715 τήν
2788 1644 2914 1718 μίαν
2965 1644 3121 1722 φύσιν
3167 1647 3264 1698 τοῦ
3318 1648 3452 1699 Θεοῦ
3492 1642 3677 1718 Λόγου
3731 1664 3925 1717 σεσιιρο

2258 1736 2527 1808 κωμένην,
2583 1735 2826 1790 τουτέστι
2911 1737 3010 1803 τὴν
3081 1733 3205 1807 μίαν

3292 1733 3603 1804 ὑπόστασιν,
3676 1754 3922 1808 κρατυν-

2260 1828 2441 1895 θῆναι,
2483 1823 2534 1879 ἐν
2587 1824 2722 1898 αὐτῇ
2762 1822 3099 1898 γνωρίζομεν
3147 1827 3254 1878 τῶν
3289 1821 3590 1877 ἑνωθέντων
3645 1823 3750 1889 τὴν
3802 1826 3922 1877 κατ’

503 1915 772 1981 rentiam,
801 1930 974 1969 unam
1011 1915 1186 1984 igitur
1215 1914 1385 1970 Verbi
1434 1915 1800 1972 incarnatam
1853 1923 2147 1988 naturam,

2272 1914 2444 1971 >ύσίαν
2499 1912 2783 1992 διαφοράν.
2834 1915 2939 1982 Τήν
2998 1911 3091 1967 οὖν
3125 1913 3175 1948 9⁸
3227 1911 3349 1986 μίαν
3407 1912 3566 1988 φύσιν
3624 1915 3723 1966 τοῦ
3786 1917 3924 1968 Θεοῦ

502 2020 683 2060 unam
713 2001 1098 2074 intelligimus
1131 2019 1460 2074 personam.
1486 2004 1542 2058 Si
1574 2005 1730 2061 enim
1765 2023 1942 2062 unam
1978 2015 2144 2062 natu-

503 2109 628 2148 ram
660 2094 1024 2146 incarnatam
1047 2097 1396 2159 asserentes,
1422 2094 1651 2164 proprie
1674 2099 1939 2149 naturam
1967 2095 2152 2152 incar-

503 2183 698 2234 natam
731 2178 1135 2249 intelligimus,
1161 2181 1390 2235 Patrem
1422 2186 1478 2236 et
1507 2181 1785 2252 Spiritum
1819 2184 2151 2240 incarnatos

503 2267 835 2324 asserimus.
879 2267 1004 2323 Una
1039 2270 1191 2324 enim
1243 2274 1331 2324 est
1377 2269 1701 2342 eademque
1748 2277 1959 2327 natura
2000 2273 2150 2344 Filii,

502 2357 687 2414 Patris
729 2373 794 2412 ac
833 2357 1088 2428 Spiritus
1143 2357 1371 2413 sancti:
1406 2375 1609 2416 verum
1663 2360 2152 2418 considerandum

502 2444 647 2502 illud
675 2447 1023 2501 accuratius.
1047 2447 1155 2501 Sed
1189 2446 1429 2504 haeresis
1461 2449 1598 2520 quid
1635 2451 1891 2506 astruit?
1912 2453 2154 2508 Duarum

503 2540 842 2592 naturarum
881 2538 1157 2591 unitatem
1189 2539 1484 2593 asserimus
1511 2542 1634 2610 post
1665 2557 1837 2595 unam
1870 2542 2151 2598 unionem.

507 2630 720 2684 Verum
752 2627 802 2684 si
834 2633 1102 2684 naturam
1149 2633 1205 2684 et
1249 2629 1559 2685 essentiam
1611 2633 1831 2704 dicunt,
1867 2636 2155 2704 quomodo

509 2735 624 2774 non
648 2718 1047 2774 confusionem
1071 2723 1126 2774 et
1148 2720 1817 2777 consubstantialitatem
1839 2723 2156 2780 sentientes

507 2808 834 2880 capiuntur.
868 2807 927 2864 Si
961 2823 1091 2864 vero
1125 2823 1299 2864 unam
1334 2825 1664 2880 personam,
1699 2811 1782 2865 vel
1818 2829 1998 2867 uuam
2052 2813 2158 2886 hy-

507 2899 764 2968 postasin
816 2902 968 2954 recte
1018 2902 1302 2964 astruunt,
1343 2906 1700 2968 cognoscant
1753 2901 1942 2958 251a
1992 2918 2156 2958 sum-

511 3003 666 3043 mam
688 2992 744 3042 et
768 2988 1068 3043 indivisam
1094 2988 1401 3055 unitatem,
1431 3005 1613 3060 neque
1636 2990 1932 3062 suscipere
1958 2991 2162 3046 sectio-

511 3093 640 3132 nem
694 3076 1004 3143 unilatum,
1057 3092 1244 3146 neque
1293 3077 1720 3149 confusionem,
1773 3095 1960 3151 neque
2016 3095 2155 3135 con-

509 3165 1076 3220 substantialitatem.
1105 3165 1199 3220 Sic
1222 3166 1378 3220 enim
1403 3167 1658 3222 afﬁrmat
1681 3170 1887 3224 beatus
1911 3169 2157 3240 Cyrillus

2259 2005 2443 2076 Λόγου
2503 2001 2916 2077 σεσαρκωμένην
2980 2001 3107 2074 μίαν
3181 2000 3471 2055 ὑπόστασιν
3542 2003 3801 2072 νοοῦμεν.
3863 2001 3923 2055 ΕΞ

2257 2093 2356 2168 γάρ
2413 2092 2533 2165 μίαν
2589 2093 2744 2170 φύσιν
2798 2092 3219 2168 σεσαρκωμένην
3271 2089 3516 2151 εἰπόντες
3563 2091 3663 2159 τήν
3715 2091 3928 2163 κυρίως

2264 2182 2419 2259 φύσιν
2476 2183 2894 2255 σεσαρκωμένην
2951 2183 3248 2253 νοήσομεν,
3291 2180 3382 2234 τὸν
3442 2180 3653 2253 Πατέρα
3707 2179 3796 2233 καὶ
3858 2181 3924 2233 τὸ

2262 2274 2524 2348 πανάγιον
2604 2276 2818 2346 Πνεῦμα
2903 2271 3317 2344 σεσαρκωμὲνον
3397 2268 3718 2343 εἰσφέρομεν
3786 2285 3799 2298 ’
3895 2272 3927 2337 ἡ

2265 2359 2398 2428 αὑτὴ
2450 2361 2550 2434 γαρ
2600 2358 2755 2436 φύσις
2805 2359 2933 2413 Υἱοῦ
2981 2360 3069 2413 καὶ
3131 2357 3339 2433 Πατρὸς
3382 2358 3473 2412 καὶ
3527 2356 3687 2432 ἁγίου
3751 2355 3922 2411 Πνεύ-

2268 2471 2456 2522 ματος.
2509 2448 2686 2507 Ἀλλά
2728 2454 2890 2504 τοῦτο
2952 2449 3046 2521 μὲν
3105 2443 3482 2523 ἀκριϐέστερον
3540 2445 3922 2502 ἐπισκεπτέον.

2264 2541 2325 2594 Ἡ
2379 2537 2434 2594 δὲ
2491 2538 2700 2614 α’ίρεσις
2771 2539 2820 2593 τί
2890 2557 3060 2617 (gnat;
3122 2537 3225 2592 Δύο
3289 2537 3383 2610 μὶν
3453 2536 3664 2614 φύσεων
3724 2533 3922 2590 ἕνωσιν

2266 2630 2518 2704 λέγομεν,
2583 2631 2717 2702 μετά
2775 2627 2830 2684 δὲ
2894 2631 2990 2698 τὴν
3045 2625 3239 2682 ἕνωσιν
3293 2628 3444 2701 μίαν.
3497 2623 3657 2683 Ἀλλ’
3721 2625 3765 2679 εἰ
3822 2626 3918 2698 μὶν

2267 2719 2420 2794 φύσιν
2472 2717 2560 2772 καὶ
2623 2718 2808 2772 οὐσίαν
2879 2714 3124 2794 λέγουσι,
3183 2717 3299 2776 πῶς
3365 2715 3428 2770 οῦ
3503 2714 3779 2793 σύμφυσιν
3831 2714 3923 2768 καὶ

2271 2808 2622 2861 sivo-scituch
2690 2810 3010 2884 φρονοῦντες
3066 2804 3380 2860 ἁλίσκονται
3431 2823 3443 2871 ;
3515 2803 3574 2858 Εἰ
3632 2800 3684 2856 δὲ
3746 2804 3924 2875 πρόσ·

2270 2917 2420 2950 ωπον
2467 2895 2521 2950 ’ἐν
2579 2896 2613 2964 ἢ
2667 2895 2956 2949 ὑπόστασιν
3018 2895 3167 2967 μίαν,
3219 2891 3402 2954 καλῶς
3455 2913 3604 2966 φασι,
3653 2891 3926 2944 Γινωσκὲ-

2267 3005 2443 3040 τωσαν
2493 2982 2547 3039 δέ
2605 2985 2679 3044 ὡς
2738 2986 2770 3052 ἡ
2831 2980 2968 3056 ἄκρα
3027 2982 3117 3036 καὶ
3176 2979 3497 3042 eamme;
3554 2977 3746 3043 ἕνωσις
3798 2977 3930 3035 οὔτε

2268 3075 2445 3146 τομὴν
2503 3070 2812 3148 ἐπιδέχεται
2870 3075 2975 3126 τῶν
3026 3070 3324 3126 ἑνωθέντων
3383 3067 3506 3124 οὔτε
3559 3069 3827 3143 σύγχυσιν
3890 3070 3924 3137 ἦ

2273 3164 2650 3218 συνουσιώσιν.
2703 3161 2856 3217 Οὕτω
2917 3162 3021 3236 γάρ
3063 3182 3194 3234 φῃσι
3252 3159 3341 3214 ναὶ
3393 3161 3419 3214 6
3478 3158 3530 3213 ἐν
3582 3160 3765 3234 ἀγὶοις
3829 3161 3931 3213 K6-

510 3252 922 3308 Commentario
953 3253 1006 3305 in
1040 3255 1348 3308 Joannem:
1401 3254 1549 3310 Unus
1593 3265 1672 3310 est
1716 3257 1890 3312 Filius
1917 3267 1965 3312 et
1999 3260 2158 3314 Chri-

2276 3252 2468 3328 ριλλος
2505 3252 2554 3306 ἐν
2595 3257 2672 3324 τῷ
2703 3251 2837 3306 κατά
2876 3251 3131 3318 Ἰωάννην
3169 3250 3547 3322 Ὑπομνήματι
3582 3265 3595 3277 ⁶
3644 3249 3750 3309 Εἷς
3787 3247 3929 3302 ἐστιν

508 3349 644 3409 stus,
677 3339 1002 3395 divisionem
1027 3356 1134 3396 non
1165 3342 1468 3397 admittens
1502 3343 1557 3398 in
1581 3345 2018 3410 humanitatem,
2050 3349 2164 3402 nisi

509 3427 648 3501 quod
703 3428 882 3484 dicere
929 3429 998 3484 ad
1035 3428 1390 3485 dividendum
1446 3433 1624 3487 solum
1683 3433 1842 3488 Verbi
1887 3444 1936 3489 et
1976 3436 2161 3490 carnis

510 3523 796 3585 naturam,
837 3533 949 3573 non
990 3519 1242 3573 eamdem
1289 3535 1404 3574 esse
1450 3523 1752 3590 cognitam.
1790 3523 2165 3596 Rursumque

511 3607 582 3661 ad
633 3605 926 3678 Eulogium
976 3608 1277 3664 scribens:
1317 3613 1384 3665 Et
1425 3610 1563 3665 illud
1614 3627 1719 3666 non
1767 3614 2036 3683 ignorent,
2070 3615 2168 3670 ubi

511 3697 660 3751 enim
693 3698 828 3752 unio
856 3696 1199 3767 nominatur,
1232 3715 1340 3754 non
1375 3699 1544 3754 unius
1575 3703 1657 3755 rei
1687 3699 1947 3756 collectio
1987 3703 2164 3773 signi-

512 3784 730 3855 ﬁcatur,
761 3784 852 3841 sed
881 3785 1140 3856 duarum,
1171 3787 1256 3842 vel
1292 3787 1567 3858 plurium,
1601 3798 1652 3845 et
1693 3791 1760 3845 ab
1799 3792 2035 3846 invicem
2075 3792 2165 3846 di-

513 3891 821 3931 versarum.
852 3874 1135 3947 Siquidem
1182 3878 1449 3932 unitatem
1499 3879 1776 3934 dicimus:
1809 3879 2162 3949 Conﬁiemur,

512 3964 700 4020 carnis
744 3967 1012 4022 animatae
1043 3965 1329 4036 perspicue
1358 3973 1409 4023 et
1445 3968 1599 4022 Verbi
1625 3972 1770 4040 facta
1801 3979 1878 4025 est
1909 3973 2063 4026 unio.
2098 3971 2166 4025 Et

515 4070 746 4109 rursum
771 4069 836 4108 ex
861 4055 1063 4110 eadem
1098 4055 1254 4110 verbi
1287 4058 1514 4112 actione
1541 4074 1552 4110 :
1578 4058 1720 4123 Quid
1741 4075 1896 4127 agas,
1917 4059 2160 4130 quando,

515 4141 612 4215 qui
640 4146 843 4198 natura
873 4142 1047 4214 nobis,
1078 4159 1204 4199 cum
1255 4145 1496 4215 simplex
1543 4153 1642 4210 est.
1682 4149 1864 4203 evadit
1916 4149 2168 4219 duplex?

518 4232 587 4286 Et
635 4231 847 4287 millies
904 4231 1231 4288 invenietur
1281 4241 1518 4290 sanctus
1549 4237 1632 4290 vir
1673 4237 1932 4292 conﬁteri
1987 4253 2166 4292 unum

519 4321 816 4376 Christum
851 4339 880 4374 a
913 4322 1522 4379 consubstantialitatc
1546 4325 1730 4379 Patris
1752 4331 1807 4380 et
1840 4327 2015 4381 nostri
2053 4343 2164 4381 non

521 4411 871 4481 discrepare.
891 4412 1330 4483 Amphilochius
1353 4431 1609 4485 quoque,
1638 4415 1816 4471 lconii
1839 4417 2168 4488 episcopus,

522 4499 604 4554 ita
646 4499 762 4554 ait:
810 4501 1056 4573 Apparet
1095 4507 1237 4558 certe
1283 4509 1494 4559 sanctos
1541 4507 1731 4560 Patres
1790 4515 1997 4562 nostros
2044 4524 2172 4562 con-

2274 3345 2301 3398 6
2356 3344 2477 3404 Υἱὸς
2529 3341 2616 3396 καὶ
2676 3347 2928 3417 Χριστὸς,
2982 3341 3160 3413 τομὴν
3208 3339 3307 3394 οὐκ
3355 3334 3498 3413 ἔχων
3558 3335 3648 3390 διὰ
3697 3340 3800 3405 τὴν
3845 3337 3932 3391 έν·-

3148 3428 3316 3483 εἶπεῖν
3391 3426 3466 3489 εἷς
3542 3427 3605 3481 τὸ
3683 3425 3928 3480 διαστεῖ-

2276 3521 2367 3576 λαι
2429 3521 2589 3594 μόνον
2653 3519 2840 3596 Λόγου
2897 3540 2956 3574 τε
3020 3518 3110 3572 καὶ
3179 3517 3376 3591 σαρκὸς
3452 3516 3634 3594 φύσιν,
3693 3515 3757 3568 οὐ
3821 3515 3923 3580 τὴν

2275 3434 2644 3505 ανθρώπησιν,
2714 3429 2859 3498 πλὴν
2935 3427 3058 3484 ὅσον

2277 3611 2441 3678 αὑτὴν
2504 3608 2665 3664 οὖσαν
2727 3609 2804 3670 εἷς
2863 3613 3080 3684 γνῶσιν.
3144 3607 3244 3662 Καὶ
3303 3605 3466 3661 πάλιν
3539 3605 3675 3680 πρὸς
3738 3603 3919 3661 Εὑλό-

2273 3722 2389 3776 γιον
2449 3703 2691 3776 γράφων,
2752 3699 2972 3753 Κάκεῖνο
3031 3701 3156 3770 [413
3215 3699 3312 3770 Η.]
3369 3692 3426 3750 δὲ
3486 3695 3563 3767 μή
3625 3695 3923 3770 ἀγνοείτω-

2275 3811 2367 3844 σαν
2429 3807 2439 3818 '
2522 3790 2659 3843 ὅπου
2746 3787 2847 3865 γὰρ
2912 3784 3104 3848 ἓνωσις
3185 3785 3534 3858 ὀνομάζεται,
3621 3783 3720 3838 οὑκ
3805 3783 3923 3842 ένὸς

2273 3880 2588 3951 πράγματος
2650 3877 2973 3948 σημαίνεται
3042 3871 3284 3942 σύνοδος,
3344 3871 3493 3927 ἀλλά
3560 3869 3657 3925 δύο
3835 3870 3924 3923 καὶ

2274 3966 2568 4033 πλειόνων,
2653 3966 2740 4020 καὶ
2819 3962 3184 4042 διαφερόντων
3252 3959 3533 4031 ἀλλήλοις
3605 3961 3745 4014 κατὰ
3829 3963 3926 4027 τὴν

2275 4057 2452 4134 ιρύσιν.
2536 4055 2594 4110 ΕΞ
2668 4055 2844 4108 τοίνυν
2934 4053 3160 4126 λέγομεν
3241 4049 3456 4119 ἕνωσιν,
3536 4048 3927 4125 ὁμολογοῦμεν

2276 4146 2357 4199 ὅτι
2426 4145 2619 4216 σαρκὸς
2679 4142 3044 4218 ἐψυχωμένης
3075 4144 3118 4178 ⁹⁹
3182 4145 3380 4213 νοερῶς
3439 4139 3530 4194 καὶ
3593 4139 3775 4212 Λόγου
3841 4139 3930 4211 γὲ-

2275 4256 2425 4310 γονεν
2476 4233 2684 4294 ἕνωσις.
2733 4234 2830 4287 Καὶ
2872 4231 3038 4287 πάλιν
3078 4230 3136 4285 ὲκ
3181 4237 3281 4298 τῆς
3332 4228 3498 4298 αὑτῆς
3552 4228 3925 4302 πραγματείας

2276 4328 2371 4378 τοῦ
2417 4322 2584 4398 λόγου
2630 4323 2776 4377 Ἐπεὶ
2832 4321 2882 4376 τί
2941 4323 3212 4390 ποιήσεις,
3264 4321 3387 4372 ὅταν
3439 4320 3577 4391 ἡμῖν
3641 4319 3668 4372 ὁ
3720 4316 3932 4378 ἁπλοῦς

2277 4416 2374 4483 τήν
2445 4413 2598 4492 φύσιν
2674 4408 2931 4468 εἶσϐαίνει
3001 4409 3272 4478 διπλοῦς;
3335 4410 3432 4464 Καὶ
3513 4410 3773 4483 μυριάκις
3850 4408 3930 4462 εὖ·

2280 4507 2558 4581 ρεθνςσεται
2600 4505 2626 4559 6
2676 4505 2824 4580 ἱερὸς
2866 4504 3023 4563 οὗτος
3075 4503 3206 4576 ἀνὴρ
3256 4508 3354 4569 τῆς
3403 4521 3461 4555 τε
3492 4503 3509 4534 ⁸
3567 4505 3666 4554 τοῦ
3719 4501 3927 4573 Πατρὸς

522 4572 945 4644 subslantiatem
993 4605 1240 4645 asserere
1267 4592 1424 4646 Patri
1454 4593 1654 4647 Filium
1687 4595 1988 4649 secundum
2019 4595 2158 4651 divi-

2279 4593 2711 4666 ὁμοουσιότητος
2774 4592 2866 4647 καὶ
2926 4599 3021 4660 τῆς
3076 4593 3346 4663 ἡμετέρας
3400 4591 3487 4644 τὸν
3541 4586 3632 4642 ἕνα
3688 4587 3931 4655 Χριστόν

521 4681 780 4747 nitatem,
816 4685 866 4734 et
898 4681 1413 4738 consubstantialem
1445 4684 1607 4739 Matri
1645 4685 1941 4740 secundum
1973 4686 2168 4742 huma-

522 4769 773 4838 nitatem,
797 4770 1075 4841 duplicem
1107 4771 1287 4842 quoad
1307 4774 1599 4828 essentiam
1619 4774 1732 4830 sive
1754 4785 2038 4840 naturam,
2063 4793 2170 4832 non

521 4860 801 4935 duplicem
847 4861 1024 4933 quoad
1069 4878 1382 4933 personam.
1428 4864 1494 4918 Et
1542 4879 1673 4918 vero
1726 4866 2171 4936 Amphilochius

524 4952 675 5008 inter
723 4951 836 5005 fide
884 4951 1263 5023 dignissimos
1303 4957 1409 5009 est.
1443 4951 1690 5023 Cyrillus
1741 4956 1895 5009 enim
1927 4972 1992 5011 eo
2027 4961 2173 5012 teste

528 5043 712 5098 utitur
730 5049 932 5098 contra
949 5041 1197 5113 impium
1215 5041 1567 5110 Nestorium;
1585 5043 1926 5099 Ambrosius
1945 5061 2176 5117 quoque

525 5131 821 5186 confessor
867 5130 962 5185 ille
1016 5129 1381 5186 admirabilis
1428 5132 1511 5188 sic
1560 5133 1845 5204 scriptum
1899 5134 2172 5206 reliquit:

529 5220 747 5291 Appone
794 5222 1023 5276 uniones
1069 5220 1389 5277 divinitatis
1419 5231 1472 5278 et
1497 5221 1708 5287 carnis,
1739 5239 1880 5279 unus
1911 5225 1969 5278 in
1999 5224 2176 5280 altero

527 5315 752 5363 vocatur
782 5309 921 5364 Deus
953 5310 1130 5364 Filius
1160 5311 1300 5381 quod
1332 5311 1388 5366 in
1421 5313 1536 5384 ipso
1567 5321 1797 5386 utraque
1844 5321 2053 5369 natura
2081 5315 2174 5369 sit.

2281 4683 2568 4756 ὁμολογῶν
2629 4684 2704 4755 μή
2767 4682 3076 4757 ἀφεστάναι.
3142 4680 3240 4734 Καὶ
3302 4681 3328 4734 6
3380 4678 3428 4733 έν
3487 4676 3660 4752 ἁγίοις
3718 4673 3776 4729 δὲ
3826 4681 3930 4732 τοῦ

2282 4773 2509 4828 Ἰκονίου
2539 4768 2804 4845 πρόεδρος
2838 4768 3211 4846 Ἀμφιλόχιος
3244 4769 3388 4823 οὕτω
3419 4767 3578 4844 φησὶν
3615 4788 3625 4798 ·
3677 4769 3881 4840 ’Ὁρᾶτε
3909 4769 3929 4802 ³

2281 4865 2568 4936 τοιγαροῦν
2625 4861 2772 4922 ὅπως
2830 4861 2920 4915 καὶ
2970 4861 3021 4914 οἱ
3077 4859 3346 4914 θεσπέσιοι
3415 4856 3646 4931 Πατέρες
3723 4855 3926 4929 ὁμοού-

2285 4973 2397 5006 σιον
2464 4951 2712 5023 εἰρήκασι
2767 4949 2858 5004 τὸν
2915 4949 3035 5003 Υἱὸν
3092 4953 3173 5020 τῷ
3230 4947 3397 5020 Πατρί
3455 4945 3593 5000 κατὰ
3646 4948 3745 5014 τὴν
3803 4944 3923 4998 026—-

2283 5063 2440 5111 τητα,
2508 5041 2594 5094 καὶ
2665 5039 2958 5112 ὁμοούσιον
3015 5042 3084 5111 τῇ
3144 5038 3321 5110 Μητρὶ
3377 5035 3515 5090 κατά
3573 5037 3676 5103 τήν
3733 5037 3926 5107 ἀνθρωο

2285 5131 2517 5200 πότητα,
2595 5127 2822 5184 διπλοῦν
2896 5130 2995 5196 τὴν
3071 5127 3255 5182 οὐσίαν
3328 5124 3451 5194 ἤτοι
3531 5127 3690 5194 τήν³
3757 5124 3929 5200 ςῦσιν,

2287 5219 2350 5274 ού
2411 5216 2638 5274 διπλοῦν
2714 5215 2770 5272 δὲ
2835 5219 2930 5286 τήν
3001 5216 3312 5271 ὑπόστασιν.
3373 5218 3488 5268 Τῶν
3565 5212 3932 5288 ἀξιολογωτά-

2287 5331 2392 5364 των
2429 5307 2484 5363 δέ
2515 5310 2542 5363 6
2583 5305 2953 5386 Ἀμφιλόχιος
2984 5326 2995 5338 ·
3040 5302 3316 5379 Κύριλλος
3355 5303 3456 5377 γὰρ
3499 5306 3732 5377 χρήσεις
3772 5301 3937 5356 αὑτοῦ

1887 5474 2114 5530 νΑιιω
2155 5471 2566 5532 LECTIONES.

603 5610 645 5694 ’ξ
674 5608 1042 5694 ἑκατέρου-ς’.
1069 5684 1080 5694 υ
1121 5614 1167 5650 π
1199 5616 1311 5670 εἷπε
1341 5619 1384 5673 Α
1419 5635 1429 5671 :
1467 5621 1691 5690 προεῖπε

533 5681 666 5737 add.
702 5685 764 5738 A.
834 5665 864 5716 ’³
899 5665 1027 5738 libri
1062 5684 1269 5757 ὁρᾶται.
1348 5691 1367 5725 ³
1400 5665 1533 5755 “litui
1555 5691 1687 5744 κατά
1714 5665 1813 5759 ’ξῆν

1903 5622 1944 5656 9"
1972 5619 2247 5693 έτερούσια

3829 5611 3934 5662 ιτς

3119 5616 3164 5652 ⁹⁹
3191 5610 3605 5687 ἔμψυχωμένης
3637 5609 3721 5683 ξι

2473 5618 2521 5652 93
2551 5619 2647 5686 τὴν
2685 5616 2781 5689 μέν
2815 5614 2904 5672 οὖν
