4138 6228
283 391 398 450 977

1353 390 1893 453 BIBLIOTHECA.
1942 423 2013 436 -
2072 391 2243 456 COD.
2294 391 2607 454 CCXXIX.

3571 386 3691 450 978

279 523 418 576 κατὰ
466 525 562 576 τοῦ⁹
612 515 906 582 δυσσεϐοῦς
956 522 1251 596 Νεπορίου
1314 529 1617 602 προήγαγε.
1663 527 1764 583 Καὶ
1814 527 1935 599 Ἀμ-

2047 529 2202 584 Idem
2226 531 2343 585 fere
2363 529 2759 585 testimonium
2786 527 3022 583 adhibet
3039 523 3575 582 contraNestorium
3589 525 3694 598 Cy-

281 605 504 686 6ρόσιος
563 608 620 665 δὲ
679 611 706 664 6
763 610 1060 684 Θαυμάσιος
1118 607 1321 675 ἕκεῖνος
1376 614 1741 691 ὁμολογητής
1793 614 1934 669 οὕτῶ

282 701 418 779 φησί
491 722 502 734 ο
575 699 821 775 Πρόσχες
887 701 986 769 τὴν
1061 695 1250 756 ἕνωσιν
1336 711 1436 773 τῆς
1505 705 1763 772 θεότητος
1846 706 1934 759 καὶ

281 796 383 860 τῆς
435 789 634 864 σαρκὸς
695 791 770 854 εἷς
824 790 876 844 ἐν
925 791 1092 865 ἑτέρῳ
1140 790 1299 846 καλεῖ
1345 796 1366 830 ⁴
1396 795 1423 847 6
1467 798 1564 848 τοῦ
1618 798 1750 848 Θεοῦ
1794 795 1934 864 Υἱὸς,

283 879 367 936 ὅτι
425 879 476 934 έν
555 880 704 950 αυτῴ
780 882 814 948 ἡ
877 881 1102 955 ἑκατέρα
1158 881 1316 959 φύσις
1385 882 1516 940 ἐστί.
1579 884 1797 952 Ταύτης
1881 883 1937 939 δὲ

279 976 380 1038 τῆς
415 971 671 1044 χρήσεως
702 970 790 1024 καὶ
822 970 959 1024 κατᾶ
997 971 1302 1045 Νεστορῖυυ
1345 971 1614 1048 κέχρηται
1643 975 1664 1008 ⁸
1716 974 1743 1026 ὁ
1791 974 1936 1046 ἱερὸς

285 1056 588 1131 Κύριλλος.
652 1058 736 1112 Ἐν
799 1055 856 1112 δὲ
915 1063 993 1130 τῷ
1053 1056 1209 1136 λόγῷ
1275 1060 1332 1121 ὃς
1400 1061 1747 1141 ἐπιγράφεται
1809 1065 1937 1136 Περὶ

281 1147 411 1218 [792
467 1147 560 1220 R.]
628 1148 922 1221 ἑρμηνείας
980 1155 1080 1217 τῆς
1138 1148 1397 1220 πίστεῶς,
1470 1151 1612 1206 οὕτω
1681 1153 1843 1229 φησῖν
1911 1154 1938 1206 6

279 1235 444 1298 αὐτὸς
497 1234 877 1310 ὁμολογητήςο
921 1236 1054 1298 Τοὺς
1097 1235 1152 1292 δὲ
1207 1237 1470 1313 λέγοντας
1517 1239 1680 1312 ψιλὸν
1731 1241 1940 1316 ἄνθρω-

284 1345 392 1380 πον
459 1325 552 1379 τὸν
617 1325 867 1399 Χριστὸν,
1043 1327 1282 1394 παθητὸν
1347 1333 1438 1382 τον
1508 1331 1664 1399 Θεὸν,
1862 1331 1938 1392 εἰς

286 1414 460 1487 σάρκα
559 1413 848 1487 τραπέντα,
954 1415 987 1482 ἢ
1094 1416 1522 1488 συνουσιωμένον
1647 1417 1937 1494 ἐσχηκέναι

277 1503 346 1557 τὸ
406 1507 586 1572 σῶμα,
647 1503 939 1578 οὐρανόθεν
997 1501 1160 1558 τοῦτο
1216 1505 1584 1579 κεκομικέναι,
1647 1509 1681 1578 ἢ
1737 1529 1934 1586 φαντα-

279 1593 399 1646 σίαν
471 1591 629 1663 εἶναι,
699 1593 732 1662 ἢ
811 1592 1006 1661 θνητὸν
1075 1590 1333 1666 λέγοντας
1397 1596 1488 1649 τὸν
1547 1597 1678 1651 Θεὸν
1739 1596 1936 1672 Λόγον,

280 1671 567 1750 δεδεῆσθαι
627 1677 685 1734 δὲ
736 1688 836 1750 τῆς
895 1681 1040 1756 παρᾶ
1135 1687 1230 1736 τοῦ
1300 1685 1510 1757 Πατρὸς
1574 1684 1935 1755 ἀναστάσεως,

280 1769 315 1840 ἢ
379 1771 591 1846 ἄψυχον
653 1776 833 1843 σῶμα,
988 1773 1148 1826 ἄνουν
1209 1772 1496 1847 ἄνθρωπον
1564 1773 1935 1852 ἀνειληφέναι,

2046 617 2212 672 rillus
2233 618 2291 673 in
2316 617 2597 685 oratione,
2613 633 2741 688 quae
2759 613 3094 672 inscribitur
3109 615 3691 685 Deexpositioneﬁdei.

2047 706 2141 760 Sic
2171 707 2323 761 enim
2358 700 2661 762 confessor
2691 705 2786 760 ille
2816 703 3052 760 scribit:
3077 705 3394 758 Asserentes
3417 702 3695 759 Christum

2044 811 2247 865 purum
2280 796 2574 860 hominem,
2606 795 2692 850 vel
2732 793 3018 866 patibilem
3047 792 3237 856 Deum,
3269 792 3355 848 vel
3387 794 3446 846 in
3474 808 3696 848 carnem

2045 899 2364 938 conversum
2386 901 2404 938 :
2429 885 2509 938 vel
2531 883 3000 939 consubstantiale
3019 897 3213 953 corpus
3233 881 3450 948 habere,
3476 879 3568 936 vel
3585 896 3693 935 ca:-

2047 971 2461 1040 litusdelatum,
2480 987 2588 1025 non
2613 972 3070 1042 imaginationem
3091 985 3225 1038 esse,
3240 969 3326 1024 vel
3349 969 3584 1024 mortale
3603 969 3698 1024 Dei

2051 1061 2300 1129 Verbum,
2324 1060 2626 1130 indiguisse
2655 1076 2776 1116 vero
2794 1063 2851 1116 in
2875 1059 3275 1115 resurrectione
3303 1073 3465 1129 opera
3485 1060 3693 1115 Patris.

2045 1152 2149 1206 Aut
2181 1152 2570 1206 inanimatam
2590 1166 2704 1206 esse
2723 1166 2940 1221 corpus,
2963 1149 3047 1205 vel
3067 1151 3190 1203 sine
3207 1152 3391 1202 mente
3413 1147 3697 1202 hominem

2046 1239 2743 1310 resumpsisse,autduasCh
2754 1240 3162 1295 ristiessentias
3174 1237 3696 1303 mistioneconfusas

2047 1345 2215 1384 unam
2235 1333 2442 1398 factam
2457 1345 2572 1385 esse
2589 1329 2961 1384 substantiam
2976 1345 2994 1383 :
3007 1337 3057 1383 et
3068 1343 3176 1383 non
3189 1327 3504 1396 conﬁtentes
3515 1325 3695 1382 Iesum

2047 1418 2323 1474 Christum
2345 1419 2487 1475 duas
2506 1434 2620 1474 esse
2630 1419 2968 1473 substantias
2983 1417 3375 1482 incommistas,
3389 1432 3558 1470 unam
3573 1430 3696 1471 vero

2040 1526 2349 1581 personam,
2369 1526 2474 1580 qua
2496 1509 2713 1565 ratione
2735 1523 2876 1564 unus
2897 1507 3163 1574 Christus,
3189 1508 3357 1561 unius
3379 1504 3582 1574 Filius,
3605 1504 3699 1560 hos

2041 1605 2231 1655 sancta
2254 1608 2304 1655 et
2321 1599 2592 1655 catholica
2621 1597 3061 1655 excommunicat
3085 1597 3359 1653 Ecclesia.
3382 1596 3509 1653 Non
3529 1596 3687 1651 enim

2043 1689 2216 1745 Verbi
2248 1696 2306 1745 et
2337 1689 2533 1745 carnis
2564 1686 3263 1751 consubstantialitatem,
3287 1685 3340 1740 id
3366 1693 3472 1755 est,
3495 1684 3686 1740 που

2047 1795 2216 1834 unam
2228 1783 2361 1835 natu
2372 1796 2486 1834 ram
2501 1781 2770 1834 dixerunt
2787 1776 2976 1832 Patres
2989 1775 3265 1842 fieri,non
3283 1779 3432 1830 certe
3448 1778 3694 1830 sanctus

283 1861 320 1930 ἢ
391 1861 486 1924 τὰς
551 1858 649 1915 δυο
718 1861 906 1922 οὐσίας
973 1867 1069 1917 τοῦ
1136 1863 1372 1937 Χριστοῦ
1441 1865 1578 1919 κατὰ
1643 1865 1930 1939 ἀνάκρασιν

2045 1869 2384 1923 Ambrosius
2410 1873 2615 1924 contra
2644 1865 3072 1938 Apollinarium
3097 1863 3360 1920 scribens
3385 1863 3493 1919 ait:
3514 1861 3614 1918 Sed
3634 1861 3697 1917 in

280 1951 647 2026 συγχυθείσας
742 1949 867 2023 μίαν
953 1954 1274 2025 γεγενῆσθαι
1343 1951 1527 2008 οὐσίαν
1591 1956 1634 2022 ⁸,
1702 1959 1790 2010 καί
1857 1957 1932 2025 πῆ

280 2037 698 2114 ὁμολογοῦντας
764 2040 854 2094 τὸν
923 2040 1115 2114 Κύριον
1173 2044 1334 2114 ἡμῶν
1407 2044 1615 2112 Ἰησοῦν
1709 2045 1937 2118 Χριστὸν

280 2127 378 2183 δύο
449 2129 587 2183 εἶναι
649 2127 831 2192 οὐσίας
902 2129 1270 2208 ἀσυγχύτους,
1334 2135 1388 2186 ἓν
1469 2131 1524 2187 δὲ
1618 2133 1934 2207 μρόσωπον,

277 2219 415 2272 καθὸ
476 2221 552 2278 εἴς
609 2219 846 2292 Χριστὸς
906 2221 985 2281 εἷς
1043 2220 1185 2290 Υἱὸς,
1265 2221 1492 2284 τούτους
1559 2222 1934 2296 ἀναθεματίζει

277 2309 315 2377 ἡ
387 2306 656 2378 καθολικὴ
716 2309 807 2363 καὶ
866 2308 1039 2383 ἁγίατ
1100 2309 1415 2381 Ἐκκλησία.
1479 2309 1613 2368 Οὔτε
1669 2313 1772 2387 γάρ
1839 2319 1936 2368 τοῦ

276 2397 463 2470 Λόγου
511 2398 600 2452 καὶ
648 2403 748 2467 τῆς
801 2399 997 2472 σαρκὸς
1048 2400 1476 2471 ὁμοουσιότητα,
1525 2400 1766 2457 τουτέστι
1809 2403 1934 2475 μίαν

277 2485 439 2562 φύσιν
502 2487 652 2541 εἶπον
701 2488 751 2541 οἱ
795 2487 1026 2560 Πατέρες
1079 2507 1092 2522 ο
1147 2491 1221 2560 μὴ
1273 2489 1481 2564 γένοιτο
1515 2495 1526 2514 ⁸
1578 2491 1652 2553 ὡς
1699 2491 1789 2546 καὶ
1822 2493 1849 2545 6
1880 2493 1932 2546 ‘ev

2047 1971 2149 2026 quo
2174 1955 2301 2012 illas
2329 1958 2623 2028 arguimus
2657 1954 3035 2026 pullularunt,
3063 1953 3170 2009 alii
3191 1952 3458 2009 dicentes:
3478 1951 3704 2008 Domini

2046 2060 2242 2116 carpas
2256 2060 2321 2100 ac
2331 2045 2683 2101 divinitatem
2698 2043 2865 2100 unius
2875 2052 3088 2098 naturae
3099 2058 3228 2098 esse.
3240 2041 3370 2110 Quis
3382 2057 3545 2098 orcus
3558 2040 3702 2097 hanc

2047 2137 2281 2191 evomuit
2304 2134 2700 2204 blasphemiam
2715 2131 2956 2202 {Ariani
2970 2147 3115 2199 vero,
3131 2146 3365 2203 quorum
3387 2145 3550 2186 error
3567 2145 3696 2185 ma-

2038 2224 2156 2296 jori
2183 2225 2526 2280 contentione
2549 2222 2830 2296 pervadit,
2856 2223 3095 2289 Patrem,
3118 2221 3332 2276 Filium
3352 2223 3402 2275 et
3425 2219 3702 2292 Spiritum

2044 2333 2103 2372 sa
2112 2319 2294 2371 nctum
2310 2332 2418 2371 non
2437 2315 2600 2370 unius
2613 2317 2834 2370 natura?
2845 2321 3147 2368 asserentes
3163 2329 3183 2365 :
3201 2311 3416 2367 Christi
3433 2310 3698 2366 divinita-

2047 2410 2174 2472 tem,
2189 2409 2470 2461 etearnem
2489 2407 2656 2460 unius
2673 2407 2894 2459 natura?
2905 2417 3020 2458 esse
3037 2401 3218 2458 dicere
3231 2399 3419 2457 conati
3427 2404 3580 2456 sunt.
3597 2399 3701 2456 Ea-

2045 2495 2298 2559 dem,sed
2313 2492 2910 2560 clarius,Atbanasius
2926 2490 2984 2546 in
2999 2490 3245 2562 epistola
3260 2491 3330 2545 ad
3347 2489 3693 2560 Epictetum,

277 2575 461 2651 ἁγίοις
522 2570 855 2650 Ἀμῦρόσιος
911 2576 1050 2632 κατᾶ
1117 2576 1509 2652 Ἂπολιναρίου
1569 2581 1789 2657 γράφων
1851 2581 2017 2658 φησὶν
2053 2601 2065 2612 ·
2100 2577 2258 2637 Ἀλλ’
2315 2579 2366 2634 ἐν
2435 2579 2546 2651 ὅσῳ
2600 2577 2830 2639 τούτους
2891 2575 3218 2652 ἐλέγχομεν,
3278 2575 3576 2652 ἆνεφύησαν
3611 2569 3696 2628 ἓτ-

277 2684 395 2739 εροι

496 2664 746 2742 λέγοντες

843 2665 905 2721 τό
971 2687 1029 2721 τε
1097 2670 1259 2739 σῶμα
1321 2671 1418 2724 τοῦ
1488 2673 1691 2744 Κυριου
1756 2669 1846 2725 καὶ
1922 2672 2021 2740 τήν
2094 2671 2325 2740 θεότητα
2403 2672 2529 2740 μιᾶς
2596 2668 2807 2744 φύσεως
2885 2665 3041 2722 εἶναι,
3113 2668 3281 2725 Ποῖος
3347 2659 3542 2732 Ἀιδης
3593 2663 3693 2730 τὴν

273 2753 546 2825 τοσαύτην
605 2755 870 2830 ἡρεύξατο
941 2753 1338 2835 βλασφημίανς
1412 2760 1686 2833 Ἀρειανοὶ
1752 2762 1852 2834 γὰρ
1918 2757 2028 2830 ἤδη
2095 2760 2466 2836 τυγχάνουσιν

274 2844 506 2906 τούτους
571 2846 886 2919 κρατύνεται
955 2844 1162 2919 μείζονι
1226 2845 1534 2923 φιλονεικίᾳ
1599 2848 1812 2923 Πατέρα
1877 2849 1968 2904 καὶ
2032 2849 2156 2903 Υἱὸν
2222 2847 2313 2902 καὶ
2383 2848 2538 2922 ἅγιον
2604 2851 2826 2920 Πνεῦμα
2914 2849 3041 2918 μιᾶς

273 2953 414 3008 γειν,
485 2930 775 3006 ἐπειδήπερ
843 2936 994 2991 οὗτοι
1059 2939 1159 3004 τὴν
1225 2937 1458 3008 θεότητα
1525 2941 1620 2992 τοῦ
1692 2936 1894 3012 Κυρίου
1971 2937 2060 2992 καὶ
2127 2937 2226 3006 τὴν
2306 2937 2474 3010 σάρκα
2538 2940 2663 3008 μιᾶς

2573 2757 2936 2829 ἆνεκτότεροι,
3002 2756 3074 2809 ὧν
3175 2755 3210 2823 ἡ
3314 2752 3535 2806 ἀπιστία
3606 2748 3698 2806 διὰ

3137 2840 3323 2904 οὐσίας
3429 2840 3507 2913 μὴ
3601 2837 3694 2895 λέ-

2759 2934 2968 3012 φύσεως
3071 2931 3241 2987 εἰπεῖν
3309 2929 3692 3005 ἐπεχείρησαν.

275 3024 358 3080 Τᾶ
389 3025 527 3079 αὐτὰ
557 3021 615 3080 δὲ
643 3027 728 3081 καὶ
763 3027 1085 3105 σαφέστερον
1130 3030 1450 3093 Ἀθανάσιος
1483 3027 1534 3084 ἐν
1565 3050 1631 3103 τῃ
1661 3031 1798 3102 πρὸς
1821 3028 2151 3100 Ἐπίκτητον
2187 3027 2328 3104 λέγει
2367 3024 2656 3102 ἐπιστολῃ.

348 3115 531 3170 Ταῦτα
584 3114 748 3170 εἰπὼν
810 3117 838 3170 6
895 3119 1226 3195 συγγραφεύς
1282 3117 1472 3196 ἑφεξῆς
1531 3119 1654 3190 περὶ
1720 3117 1930 3198 φύσεως
1963 3121 2006 3188 C

276 3202 406 3271 ἤτοι
478 3202 664 3264 οὐσίας
722 3203 811 3258 καὶ
870 3205 993 3281 περὶ
1037 3205 1383 3268 ὑποστάσεως
1445 3204 1569 3276 ἤτοι
1628 3209 1928 3282 προσώπου

275 3289 544 3365 πατρικὰς
603 3292 732 3364 [414
791 3295 882 3365 Η.]
941 3293 1273 3369 προκομίζει
1351 3295 1666 3370 μαρτυρίας,
1728 3297 1802 3359 ὡς
1865 3297 1928 3350 τὸ

275 3378 464 3434 κοινὸν
512 3379 606 3450 μὶν
661 3380 911 3436 καλεῖται
958 3383 1044 3438 καὶ
1096 3384 1254 3460 φύσις
1305 3383 1393 3438 καὶ
1440 3383 1592 3458 γένος
1641 3385 1730 3440 καὶ
1756 3385 1934 3454 οὐσία,

278 3466 573 3528 ὐπόστασις
623 3464 680 3522 δὲ
737 3468 830 3522 καὶ
895 3470 1190 3544 πρόσωπον
1233 3470 1295 3524 τὸ
1344 3469 1536 3526 ἰδικόν.
1599 3472 1701 3528 Καὶ
1750 3493 1934 3546 κυριο-

276 3553 462 3611 λεκτεῖ
521 3556 616 3629 μὶν
677 3557 705 3611 6
763 3555 938 3626 λέγων
971 3562 1069 3629 τήν
1132 3559 1288 3638 φύσιν
1335 3560 1520 3615 οὺσαίν
1570 3562 1660 3615 καὶ
1706 3561 1768 3616 τὸ
1807 3561 1938 3616 ἀνά-

282 3644 470 3716 παλιν,
505 3652 961 3721 καταχρηστικῶς
995 3645 1052 3703 δὲ
1105 3647 1324 3704 δύναταί
1371 3671 1453 3712 τις
1506 3645 1804 3723 λαμϐάνειν
1844 3651 1936 3705 καὶ

279 3734 342 3789 τὸ
390 3741 492 3804 τῆς
549 3737 762 3811 φύσεως
812 3733 984 3811 ὄνομα
1032 3738 1151 3794 ἀντὶ
1204 3739 1573 3800 ὑποστάσεως.
1628 3745 1716 3794 Δεῖ
1750 3739 1933 3813 μέντοι

275 3845 337 3898 γε
368 3825 466 3885 τὰς
505 3823 676 3894 λέξεις
707 3825 767 3880 οὐ
800 3826 935 3900 πρὸς
967 3827 1065 3895 τήν
1096 3831 1200 3881 τῶν
1233 3823 1567 3882 ἀσεϐούντων
1601 3827 1864 3903 βούλησιν
1891 3832 1934 3900 ⁸,

274 3916 414 3989 πρὸς
456 3912 516 3969 δὲ
561 3917 664 3985 τήν
713 3922 814 3985 τῆς
866 3911 1135 3979 εὐσεϐείας
1183 3914 1481 3991 λαμϐάνειν
1531 3916 1794 3975 διάνοιαν.
1830 3921 1928 3974 Καὶ

275 4004 322 4059 εἰ
358 4005 454 4076 μὶν
490 4003 575 4058 ἐπὶ
628 4005 928 4077 προσώπου
959 4004 1171 4081 λέγεται
1201 4009 1235 4076 ἡ
1269 4009 1430 4086 φωηή
1463 4008 1552 4062 καὶ
1600 4013 1697 4062 τοῦ
1744 4008 1936 4064 ἀποτε-

275 4091 563 4154 λεσθέντος
609 4092 744 4159 ένὸς,
795 4092 910 4148 ἀντὶ
975 4095 1322 4157 ὐποστάσεως
1380 4092 1462 4150 δεῖ
1528 4094 1932 4175 παραδέχεσθαι

273 4183 339 4236 τὸ
368 4189 473 4252 τῆς
503 4181 712 4260 φύσεως
745 4178 920 4256 ὄνομα
953 4202 967 4216 ·
1008 4184 1053 4238 εἷ
1085 4181 1142 4238 δὲ
1187 4185 1311 4259 περὶ
1367 4189 1477 4240 τῶν
1526 4185 1576 4256 ἐξ
1624 4187 1698 4240 ὢν
1743 4186 1929 4241 ἄπετε·

278 4266 449 4340 λέσθη
503 4268 713 4348 φύσεων
765 4271 792 4325 ὁ
848 4273 925 4334 εἷς
978 4272 1237 4346 Χριστὸς,
1281 4273 1406 4328 τὸτε
1453 4275 1552 4343 τὴν
1607 4276 1794 4351 φωνὴν
1834 4282 1932 4344 τῆς

276 4358 489 4437 φύσεως
547 4359 667 4413 ἀντὶ
730 4365 831 4429 τῆς
885 4361 1077 4436 κυρίας
1137 4363 1351 4438 φύσεως
1413 4363 1504 4417 καὶ
1561 4370 1658 4433 τῆς
1750 4362 1934 4425 οὐσίας

2116 3119 2371 3190 Scriptor
2391 3119 2890 3189 deincepsnatura
2908 3116 3029 3173 sive
3046 3113 3402 3181 substantia,
3419 3116 3477 3169 et
3494 3113 3564 3168 de
3584 3111 3693 3186 hy-

2043 3209 2261 3281 postasi
2292 3210 2408 3264 sive
2437 3221 2706 3281 persona,
2742 3209 2980 3262 Patrum
3017 3203 3303 3260 adhibens
3335 3200 3693 3269 testimonia,

2041 3299 2285 3369 utquod
2309 3314 2624 3354 commune
2645 3301 2735 3352 est
2749 3300 2983 3352 vocetur
3010 3297 3241 3361 natura,
3263 3307 3470 3364 genus,
3493 3305 3691 3347 essen-

2045 3389 2157 3457 tia;
2183 3390 2337 3461 quod
2372 3405 2504 3446 vero
2535 3388 2832 3460 proin-ium
2866 3391 2978 3454 est,
3000 3382 3329 3458 bypostasis
3352 3386 3409 3437 et
3440 3396 3692 3453 persona

2046 3485 2280 3534 vocetur
2309 3483 2364 3534 et
2397 3479 2630 3550 prOprie
2669 3477 2906 3550 quidem
2940 3474 3219 3546 loquitur,
3247 3488 3382 3528 cum
3417 3471 3689 3527 substan-

2049 3568 2186 3623 tiarn
2218 3568 2360 3623 dicit
2390 3567 2725 3633 essentiam,
2757 3573 2810 3622 et
2836 3565 2960 3621 vice
2997 3579 3183 3619 versa.
3214 3561 3466 3616 Abusive
3498 3566 3691 3615 autem

2045 3673 2249 3729 Capere
2297 3657 2430 3729 quis
2481 3659 2671 3727 potest
2719 3659 2942 3709 natura;
2987 3667 3200 3709 nomen
3235 3667 3335 3721 pro
3368 3647 3689 3720 bypostasi,

2045 3750 2274 3816 oportet
2304 3753 2498 3801 tamen
2532 3761 2646 3800 non
2680 3744 2748 3798 ad
2780 3741 3099 3814 impiorum
3132 3737 3458 3804 libidinem,
3481 3735 3580 3791 sed
3615 3735 3686 3790 ad

2044 3852 2284 3891 sensum
2311 3833 2538 3905 piorum
2559 3831 2904 3904 intelligere,
2918 3831 2987 3884 de
3004 3844 3254 3900 persona
3270 3825 3509 3898 quidem
3532 3822 3689 3879 afﬁr-

2046 3929 2240 3980 matur
2269 3923 2378 3977 boc
2406 3921 2780 3986 vocabulum,
2803 3924 2860 3975 et
2880 3919 2951 3974 de
2975 3918 3226 3990 perfecto
3249 3931 3366 3970 uno
3390 3929 3490 3983 pro
3511 3913 3690 3984 hypo-

2045 4012 2212 4078 stasi,
2240 4015 2462 4083 oportet
2492 4024 2700 4082 capere
2732 4016 2946 4063 naturae
2982 4019 3216 4062 nomen.
3240 4002 3298 4058 Si
3328 4018 3460 4058 vero
3492 4001 3563 4055 de
3594 3998 3691 4070 iis,

2045 4117 2112 4156 ex
2143 4100 2360 4172 quibus
2401 4115 2556 4155 unus
2606 4096 2908 4170 perﬁcitur
2938 4094 3246 4150 Christus:
3280 4096 3418 4148 tunc
3466 4093 3691 4145 natura

2045 4188 2416 4256 vocabulum,
2445 4204 2548 4260 pro
2575 4185 2808 4260 propria
2849 4189 3059 4240 natura
3088 4187 3146 4240 et
3175 4181 3432 4238 essentia
3459 4177 3688 4236 intelli-

2022 4294 2196 4352 gere.
2234 4279 2364 4334 Haec
2393 4279 2550 4334 enim
2584 4277 2984 4340 observantes,
3017 4287 3304 4343 nusquam
3355 4272 3592 4326 sanctos
3622 4283 3689 4324 ac

2043 4368 2292 4424 disertos
2315 4367 2515 4424 Patres
2548 4371 2778 4422 nostros
2801 4365 2952 4420 inter
2976 4379 3039 4420 se
3063 4377 3318 4433 pugnare
3338 4358 3687 4425 videbimus,

274 4453 440 4504 νοεῖν.
508 4449 687 4504 Ταῦτα
740 4450 841 4524 γὰρ
894 4449 1400 4527 παραφυλάττοντες
1483 4449 1731 4526 οὐδαμοῦ
1805 4453 1930 4516 τοὺς

2045 4456 2329 4530 talemque
2359 4473 2488 4513 esse
2509 4458 2748 4511 Patrum
2782 4458 3040 4510 mentem
3072 4465 3356 4522 cognosce
3387 4464 3416 4504 e
3448 4453 3689 4504 strenuo

275 4537 457 4611 ἱεροὺς
498 4537 588 4592 καὶ
640 4535 879 4614 λογάδας
928 4541 1091 4612 ἡμῶν
1145 4540 1382 4615 Πατέρας
1443 4543 1750 4616 εὑρήσομεν
1815 4539 1933 4597 δια-

288 4628 646 4702 μαχομένους
675 4625 972 4698 ἀλλήλοις.
1008 4629 1106 4686 Καὶ
1147 4628 1229 4684 ὅτι
1276 4634 1522 4686 τοιοῦτον
1569 4631 1630 4686 τὸ
1679 4631 1935 4708 φρόνημα

277 4719 386 4769 τῶν
422 4715 701 4790 Πατέρων,
732 4715 894 4772 ἄκουε
923 4721 1020 4772 τοῦ
1049 4719 1354 4796 νικηφόρου
1398 4718 1674 4793 Κυρίλλου
1727 4719 1785 4776 ἐκ
1830 4728 1932 4790 τῆς

278 4805 420 4878 πρὸς
469 4806 781 4876 Σούκηνσον
835 4808 1061 4882 πρώτης
1112 4806 1408 4878 ἐπιστολῆς
1454 4827 1468 4842 ⁶
1528 4809 1604 4866 Οὐ
1662 4811 1761 4886 γάρ
1821 4809 1930 4866 ἐστι

274 4896 388 4949 τῶν
450 4891 685 4968 ἐφικτῶν
765 4897 839 4959 εἰς
914 4897 1173 4968 Θεότητος
1252 4897 1436 4953 οὐσίαν
1503 4899 1629 4967 ἤτοι
1701 4899 1858 4978 φύσιν
1909 4901 1932 4936 ⁹

279 4982 681 5058 μεταχωρῆσαί
736 5006 789 5040 τι
851 4981 1104 5041 δύνασθαι
1170 4990 1279 5042 τῶν
1356 4987 1668 5060 κτισμάτων
1726 5009 1738 5022 ·
1808 4990 1933 5045 κτί-

278 5091 391 5145 σμα
451 5067 510 5126 δε
557 5071 646 5127 καὶ
695 5075 730 5143 ἡ
779 5075 927 5150 σάρεο
984 5073 1168 5146 Δῆλον
1217 5077 1320 5152 γὰρ
1371 5076 1445 5138 ὡς
1491 5077 1590 5144 τήν
1641 5076 1795 5155 φύσιν
1843 5077 1929 5132 έν-

272 5161 450 5216 ταῦθα
486 5160 605 5216 ἀντὶ
635 5169 736 5232 τῆς
788 5163 980 5228 οὐσίας
1016 5160 1314 5240 παρέλαϐε.
1369 5164 1472 5222 Καὶ
1512 5163 1678 5220 πάλιν
1729 5166 1788 5220 ἐκ
1831 5174 1931 5236 τῆς

273 5251 415 5325 πρὸς
446 5251 740 5324 Νεστόριον
774 5251 1093 5325 ἐπιστολῆς.
1144 5256 1286 5332 Ἔφη
1341 5254 1434 5328 μὲν
1483 5255 1585 5332 γάρ
1630 5258 1759 5310 Θεὸν
1802 5257 1929 5311 ἑαυ-

271 5343 374 5395 τοῦ
433 5339 525 5395 τὸν
583 5339 816 5417 Πατέρα,
872 5343 1047 5400 καίνοι
1107 5344 1236 5405 Θεὸς
1295 5340 1368 5399 ὢν
1436 5343 1590 5424 φύσει
1665 5344 1757 5400 καὶ
1831 5352 1930 5416 τῆς

344 5459 364 5498 ι
394 5451 568 5510 Joan.
600 5470 716 5527 xrv,
746 5456 802 5511 9.
840 5470 870 5500 ιι
896 5457 1064 5515 Joan.
1094 5474 1151 5525 ιι,
1183 5457 1272 5513 30.

2042 4545 2248 4617 Cyrillo
2281 4545 2468 4617 prima
2499 4545 2568 4600 ad
2601 4548 2955 4600 Succensum
2989 4540 3266 4612 epistola:
3290 4539 3409 4594 Non
3436 4544 3513 4593 est
3541 4536 3689 4591 enim

2042 4635 2257 4704 aliquid
2287 4635 2398 4690 ulla
2419 4635 2576 4690 modo
2605 4632 2868 4704 possibile
2897 4635 2956 4686 ut
2974 4631 3032 4684 in
3053 4626 3368 4684 divinitatis
3394 4629 3688 4683 essentiam

2040 4725 2156 4779 sive
2183 4731 2445 4779 naturam
2493 4724 2728 4778 transire
2773 4719 2993 4792 aliquid
3039 4724 3286 4774 creatum
3331 4723 3518 4789 queat.
3552 4713 3689 4768 Caro

2041 4814 2190 4869 enim
2217 4822 2478 4869 creatura
2505 4820 2624 4868 est:
2655 4815 2886 4866 constat
2917 4809 3116 4880 itaque
3157 4816 3424 4862 naturam
3459 4803 3554 4858 hic
3587 4815 3690 4873 pro

2041 4901 2376 4956 substantia
2405 4900 2553 4970 capi.
2580 4899 2831 4955 Rursum
2863 4898 2923 4953 in
2954 4893 3200 4968 epistola
3224 4895 3293 4949 ad
3315 4889 3647 4948 Nestorium
3671 4904 3686 4943 :

2040 4991 2250 5046 Asserit
2278 4991 2426 5046 enim
2457 4992 2632 5045 Deum
2661 5004 2827 5044 suum
2863 4989 3106 5052 Patrem,
3135 4989 3198 5039 ut
3219 4988 3368 5038 certe
3397 4981 3534 5035 Deus
3563 4993 3688 5033 cum

2039 5079 2116 5136 sit
2144 5085 2336 5151 suapte
2365 5083 2567 5135 natura
2595 5088 2758 5150 atque
2784 5079 3033 5136 essentia.
3065 5075 3171 5132 etsi
3197 5077 3406 5127 natura
3432 5067 3688 5125 essentia:

2039 5185 2360 5226 concursum
2407 5169 2631 5238 accepit.
2666 5171 2732 5221 Et
2761 5181 3030 5222 rursum:
3065 5163 3300 5232 Quando
3345 5160 3490 5218 enim
3538 5156 3688 5213 divi-

2039 5261 2189 5314 nitus
2246 5260 2317 5314 de
2370 5274 2425 5313 se
2480 5256 2597 5328 ipse
2653 5260 2886 5312 testatur
2923 5272 2944 5310 :
3004 5255 3109 5322 Qui
3171 5250 3320 5307 videt
3385 5264 3491 5314 me,
3546 5244 3689 5303 videt

2040 5357 2090 5405 et
2135 5348 2355 5404 Patrem
2392 5353 2430 5402 ι.
2482 5347 2604 5403 Et:
2667 5347 2775 5415 Ego
2837 5349 2889 5401 et
2951 5345 3115 5400 Pater
3173 5357 3344 5397 unum
3417 5353 3608 5395 sumus
3636 5348 3682 5392 ιι.

1647 5564 1887 5623 VARIE
1931 5564 2326 5624 LECTIONES

346 5650 372 5684 ⁴
403 5647 568 5705 λαλεῖ
599 5657 662 5706 Α.

284 5721 566 5796 ὑπόληψιν
763 5727 785 5761 ³
822 5721 979 5803 φύσιν
1017 5721 1162 5786 cdrr.
1198 5733 1247 5783 A
1279 5721 1292 5780 ξ
1327 5721 1536 5800 φύσεως

743 5654 1083 5747 ’.κεχρῆται]
1125 5654 1244 5747 imp
1278 5649 1672 5747 μέμνηται.Ρ⁶
1706 5653 1888 5710 οὐσίαν
1918 5653 2241 5731 γεγενῆσθαι
2275 5650 2357 5724 ς’,
2433 5651 2454 5685 ⁷
2498 5651 2587 5705 καὶ
2616 5649 2783 5726 ιυᾶγία
2843 5653 2978 5709 add.
3037 5653 3108 5709 A.

3211 5649 3232 5685 ⁸
3268 5644 3530 5723 βούλησιν
3590 5647 3632 5697 Δ
3668 5659 3682 5698 :
