4138 6228
456 444 575 505 979

1652 440 1917 504 PHOTII
1962 440 2488 503 PATRIARCHE
2530 444 2646 505 CP.

3742 450 3854 511 980

464 576 724 631 Divinam
753 577 868 643 eius
888 585 937 631 et
958 576 1402 645 inexplicabilem
1427 576 1791 644 intelligimus
1820 578 2099 639 naturam,

2226 572 2401 635 οὐσίας
2458 574 2643 629 αὑτοῦ.
2717 577 2998 631 Κανταῦθα
3049 576 3150 650 γὰρ
3209 578 3257 610 ¹⁰
3311 578 3372 630 τὸ
3431 580 3585 655 φύσει
3634 584 3715 650 τῷ
3762 587 3858 649 τῆς

461 682 571 736 qua
602 682 745 719 unus
790 667 863 720 est
909 681 1038 720 cum
1086 670 1295 727 Patre;
1320 681 1417 737 per
1462 665 1705 721 eamdem
1754 665 1944 722 252a
1972 665 2098 719 sub-

461 754 747 809 stantiam.
776 753 1062 811 Omnibus
1113 757 1267 811 enim
1321 756 1688 827 perspicuum
1737 761 1845 822 est,
1882 764 1944 809 ut
1992 772 2101 809 na-

463 849 651 898 turam
674 853 848 914 alque
869 846 1185 901 essentiam
1212 846 1315 901 hoc
1338 846 1766 918 significantem
1788 844 2103 900 conﬁrma-

462 933 557 988 rit.
592 933 841 989 Sanctus
892 952 1124 1007 quoque
1171 936 1635 1007 Amphilochius,
1670 942 1734 990 ut
1762 935 1914 991 clare
1955 935 2102 990 dixi-

465 1036 617 1087 mus,
651 1020 941 1079 similiter.
974 1024 1081 1078 Sed
1116 1029 1385 1079 naturam
1438 1042 1539 1096 pro
1589 1024 1920 1079 substantia
1950 1022 2102 1090 capi,

464 1121 758 1166 ostensum
783 1118 893 1180 est,
917 1114 1157 1169 abusive
1180 1132 1411 1187 quoque
1433 1119 1488 1170 et
1506 1132 1606 1186 pro
1630 1113 1929 1186 bypostasi
1954 1110 2102 1182 capi,

464 1200 710 1272 Cyrillus
769 1207 1033 1259 testatur.
1089 1204 1233 1259 Nam
1282 1205 1339 1259 in
1390 1203 1795 1260 controversiis
1844 1203 1959 1257 ait:
2003 1202 2107 1256 Nos

464 1288 640 1357 igitur
669 1290 826 1346 illius
858 1296 1198 1360 argumentis
1226 1310 1555 1364 pugnamus,
1588 1295 1861 1348 unitatem
1897 1294 1956 1346 in
1985 1306 2107 1361 per-

463 1395 597 1435 sona
628 1380 753 1449 ﬁeri
781 1384 1103 1448 asserimus,
1126 1385 1275 1439 nihil
1295 1385 1449 1439 aliud
1474 1388 1776 1455 apparente
1805 1381 2107 1438 secundum

463 1470 804 1540 hypostasin,
830 1488 997 1543 quam
1024 1474 1197 1528 solam
1234 1474 1386 1529 Verbi
1414 1485 1693 1539 naturam,
1716 1472 1975 1528 videlicet
2004 1470 2105 1541 hy-

458 1561 730 1629 postasin,
766 1564 915 1631 quod
944 1566 1043 1632 est,
1080 1564 1257 1634 ipsum
1311 1566 1535 1621 Verbum
1583 1564 1846 1619 humanae
1886 1565 2107 1617 natura?

465 1664 655 1703 revera
686 1655 932 1719 unitum,
960 1653 1082 1707 sine
1111 1655 1417 1709 mulatione
1444 1658 1493 1710 et
1523 1655 1862 1723 confusione,
1888 1660 1945 1706 ut
1974 1666 2110 1721 saepe

456 1742 581 1812 jam
627 1741 896 1812 diximus,
931 1761 1075 1800 unus
1122 1762 1236 1801 esse
1282 1749 1607 1817 percipitur,
1648 1749 1697 1801 et
1739 1748 1814 1801 est
1862 1745 2112 1801 Christus

466 1829 613 1886 idem
638 1829 800 1887 homo
825 1838 877 1888 et
906 1833 1066 1890 Deus.
1088 1835 1334 1907 Magnus
1367 1852 1599 1908 quoque
1623 1836 1873 1891 Basilius
1895 1838 2113 1906 Cappa-

470 1920 600 1989 dox,
627 1922 794 1992 cujus
818 1922 976 1977 fama
1009 1924 1344 1980 universum
1380 1931 1729 1997 pervagatur
1750 1925 1971 1989 orbem,
1992 1925 2112 1991 for—
2140 1894 2187 1959 Β

465 2026 617 2065 mam
646 2016 702 2066 et
729 2012 1021 2067 essentiam
1051 2014 1203 2068 idem
1236 2030 1364 2070 esse
1395 2016 1577 2070 docet.
1614 2014 1846 2068 Proclus
1877 2028 2108 2084 quoque

468 2100 1150 2172 Constantinopolitanus
1173 2104 1501 2173 patriarcha
1524 2104 1814 2160 similiter:
1835 2102 1930 2158 ille
1952 2102 2106 2158 enim

468 2186 716 2241 formam
749 2190 1061 2243 essentiam
1085 2190 1413 2261 appellavit,
1440 2192 1533 2247 hic
1554 2208 1687 2247 vero
1708 2200 1996 2246 naturam.
2019 2191 2111 2244 Sic

470 2284 527 2330 et
557 2274 756 2332 Patres
788 2278 969 2332 nostri
993 2294 1023 2333 e
1045 2280 1268 2334 duabus
1299 2288 1566 2337 constare
1597 2282 1822 2336 naturis
1853 2281 2111 2336 dicentes

471 2362 771 2420 Christum
796 2365 1015 2437 Jesum,
1047 2384 1077 2423 e
1111 2370 1339 2425 duabus
1372 2371 1722 2426 substantiis
1754 2369 2109 2439 intelligunt.

472 2454 975 2518 Quemadmodum
996 2461 1053 2513 et
1069 2474 1199 2514 cum
1220 2461 1276 2515 in
1296 2460 1523 2516 duabus
1549 2462 1795 2529 naturis,
1811 2461 1870 2514 in
1889 2461 2114 2515 duabus

471 2544 833 2601 substantiis.
862 2545 933 2600 Et
962 2546 1059 2602 ille
1090 2550 1325 2604 lonitrui
1360 2549 1518 2605 filius
1557 2550 1709 2605 idem
1761 2551 1946 2612 docet,
1979 2565 2111 2604 cum

472 2630 589 2687 ait:
621 2633 771 2700 Quod
799 2637 909 2705 fuit
940 2638 999 2691 in
1028 2636 1215 2706 initio,
1247 2641 1387 2711 quod
1418 2639 1656 2695 vidimus
1686 2640 1857 2695 oculis
1886 2641 2112 2709 nostris,

470 2724 519 2775 et
549 2738 746 2777 manus
793 2732 995 2780 nostrae
1034 2733 1528 2795 contrectaverunt,
1578 2730 1641 2783 de
1688 2730 1848 2785 Verbo
1888 2730 2023 2784 vita:
2063 2741 2109 2781 ν.

473 2808 662 2865 Unum
719 2815 777 2866 et
835 2815 1105 2871 eumdem
1177 2833 1279 2888 per
1336 2834 1461 2890 quas
1514 2818 1770 2874 diximus
1841 2819 2115 2874 manilius

476 2900 844 2957 tractabilem
878 2908 1150 2960 naturam
1185 2906 1394 2963 habere
1415 2915 1469 2963 et
1499 2908 1950 2976 intractabilem,
1977 2925 2116 2980 prae-

476 2987 705 3044 dicavit.
740 2989 986 3047 Verbum
1030 2995 1183 3048 enim
1228 2994 1587 3052 intractabile
1631 3001 1941 3051 tractatum
1991 3012 2116 3051 esse

477 3078 749 3145 ostendit,
806 3085 863 3135 et
916 3080 1206 3138 invisibile
1262 3084 1451 3139 visum
1514 3085 1691 3141 fuisse
1758 3086 2120 3158 praenuntia-

2213 664 2397 725 οὐσίας
2462 669 2501 702 ιι
2554 660 2827 739 παρέλαϐε
2872 662 3197 737 σύνδρομον.
3250 667 3355 722 Καὶ
3413 666 3577 722 πάλιν
3623 712 3637 724 .
3698 671 3859 727 ’Όταν

2215 753 2308 824 μὲν
2366 752 2467 830 γὰρ
2526 754 2841 827 Θεοπρεπῶς
2899 752 3035 827 λέγῃ
3109 754 3234 829 περὶ
3303 756 3515 827 ἑαυτοῦ,
3584 759 3612 812 6
3682 758 3861 833 ἑωρα-

2214 841 2323 902 κὼς
2370 841 2465 914 ἐμὲ
2514 842 2717 913 ἑώρακε
2764 841 2853 897 τόν
2903 843 3130 919 Πατέρα’
3178 845 3268 899 καί
3302 864 3315 877 ’
3372 846 3511 921 Ἐγὼ
3561 847 3651 901 καὶ
3684 849 3711 901 6
3755 854 3865 903 Πα-

2213 934 2318 1004 τήρ
2372 930 2425 985 ἔν
2483 930 2666 1003 ἐσμεν,
2725 933 2825 1000 τήν
2895 932 3038 987 θείαν
3117 934 3283 988 αὑτοῦ
3368 934 3455 988 καὶ
3553 935 3860 1012 ἀπόρρητον

2216 1021 2498 1092 ἐννοοῦμεν
2560 1021 2735 1095 φύσιν,
2797 1023 2916 1075 καθ’
2984 1023 3049 1092 ἣν
3107 1023 3196 1077 καὶ
3252 1020 3307 1078 ⁴’ἑν
3361 1026 3475 1079 ἐστι
3562 1027 3700 1096 πρὸς
3777 1029 3866 1081 τὸν

2218 1112 2407 1164 ἑαυτοῦ
2481 1110 2690 1184 Πατέρα
2776 1108 2865 1165 διὰ
2942 1112 3042 1180 την
3118 1112 3426 1183 ταυτότητα
3500 1122 3601 1183 τῆς
3663 1115 3863 1178 οὐσίας.

2219 1199 2387 1255 Παντὶ
2419 1199 2520 1275 γάρ
2555 1197 2725 1269 δῆλον
2760 1201 2833 1261 ὡς
2863 1202 2965 1269 τήν
2997 1201 3153 1274 φύσιν
3186 1204 3274 1256 καί
3319 1203 3417 1271 τὴν
3471 1204 3659 1258 οὐσίαν
3704 1207 3866 1260 ταυτὸ

2218 1288 2584 1360 σημαίνουσαν
2639 1284 2954 1346 ἐϐεϐαίωσε.
3001 1291 3105 1346 Καὶ
3155 1292 3182 1345 6
3240 1291 3292 1346 ἰν
3344 1292 3520 1366 ἁγίοις
3568 1292 3627 1348 δὲ
3675 1296 3867 1373 Ἀμοι-

2220 1376 2440 1452 λόχιος,
2491 1379 2564 1440 ὡς
2618 1376 2677 1432 ἐκ
2722 1383 2832 1434 τῶν
2881 1382 3298 1453 προειρημένων
3377 1379 3578 1452 δῆλον,
3636 1384 3867 1454 ὁμοίως.

2224 1466 2378 1521 Ἀλλ’
2428 1470 2511 1522 ὅτι
2565 1469 2660 1540 μὲν
2713 1470 2746 1537 ἡ
2799 1468 2955 1545 φύσις
3002 1469 3118 1524 ἀντὶ
3159 1477 3261 1539 τῆς
3293 1470 3477 1534 οὐσίας
3507 1468 3873 1545 παραλαμϐά-

2222 1578 2386 1624 νεται,
2456 1555 2720 1611 δέδεικται
2756 1577 2767 1588 ⁸
2830 1558 2915 1611 ὅτι
2971 1556 3027 1612 δὲ
3082 1566 3538 1634 καταχρηστικῶς
3604 1563 3694 1617 καὶ
3756 1560 3870 1617 άντὶ

2220 1654 2320 1716 τῆς
2382 1647 2750 1716 ὑποστάσεως,
2809 1647 2835 1700 6
2899 1648 3061 1709 αὐτὸς
3122 1652 3452 1725 μαρτυρήσει
3515 1650 3793 1725 Κύριλλος
3853 1670 3868 1685 '

2223 1740 2348 1809 [793
2384 1738 2476 1808 11.]
2509 1736 2559 1791 ἐν
2601 1736 2703 1811 γὰρ
2736 1741 2854 1795 ταῖς
2887 1735 3263 1811 ’Δντιῤῥήσεσί
3307 1758 3488 1815 φησιν·
3532 1740 3869 1816 Ἀναγκαίως

2223 1826 2315 1881 οὖν
2370 1832 2537 1900 ἡμεῖς
2589 1832 2702 1887 τοῖς
2765 1826 2970 1881 ἐκεῖνοι)
3033 1826 3342 1901 μαχόμενοι
3388 1830 3487 1896 τήν
3538 1830 3662 1884 καθ’
3731 1832 3871 1885 ὑπό-

2221 1938 2403 1971 στασιν
2455 1912 2650 1970 ἕνωσιν
2710 1916 2953 1991 γενέσθαι
3020 1918 3217 1994 φαμὲν,
3282 1921 3380 1972 τοῦ
3443 1921 3483 1954 ¹²
3547 1920 3666 1973 καθ’
3735 1919 3870 1975 ὑπό-

2222 2028 2402 2062 στασιν
2488 2002 2639 2060 οὐδὲν
2724 2003 2905 2078 ἕτερον
3003 2006 3391 2083 ὑποφαίνοντος
3457 2008 3503 2043 1³
3568 2006 3716 2076 πλὴν
3786 2011 3872 2065 δτι

2225 2098 2363 2171 μόνη
2443 2098 2477 2164 ἡ
2561 2095 2657 2150 τοῦ
2738 2096 2909 2170 Λόγον
2982 2094 3139 2174 φύσις
3218 2098 3392 2170 ἤγουν
3456 2098 3773 2169 ὑπόστασις,
3843 2103 3872 2155 δ

2221 2186 2362 2243 ἐστιν
2444 2188 2609 2249 αὐτὸς
2677 2188 2704 2241 6
2790 2186 2993 2263 Λόγος,
3061 2187 3367 2261 ἀνθρωπεία
3466 2188 3623 2263 φύσει
3733 2193 3875 2246 κατὰ

2221 2277 2479 2348 ἀλήθειαν
2553 2278 2795 2346 ἒνωΘεὶς,
2862 2284 3073 2352 τροπῆς
3142 2275 3274 2353 δίχα
3350 2280 3438 2334 καὶ
3527 2280 3876 2355 συγχύσεως,

2222 2370 2359 2423 καθά
2402 2368 2717 2430 πλειστάκις
2779 2368 3072 2442 εἰρήκαμεν
3147 2371 3224 2429 εἷς
3311 2374 3515 2424 νοεῖται
3585 2371 3674 2424 καὶ
3763 2368 3873 2426 ἔστι

2222 2460 2452 2533 Χριστὸς
2510 2458 2537 2512 6
2595 2455 2754 2518 αὐτὸς
2814 2456 2941 2517 Θεὸς
2986 2457 3079 2511 καὶ
3126 2454 3429 2532 ἅνθρωπος.
3492 2459 3587 2513 Καὶ
3655 2460 3681 2513 6
3742 2460 3876 2513 Θαυ-

2227 2551 2421 2621 μάσιος
2472 2544 2527 2601 δὲ
2577 2545 2885 2614 Βασίλειος,
2933 2546 2960 2599 ὁ
3010 2543 3070 2600 ὲκ
3122 2545 3507 2608 Καππαδοκίας
3547 2554 3725 2603 πᾶσαν
3760 2571 3878 2627 9w-

2222 2638 2373 2699 τίσας
2422 2638 2521 2705 την
2573 2636 2925 2708 οἰκουμένην,
2974 2638 3075 2705 τήν
3122 2638 3336 2711 μορφὴν
3382 2636 3473 2691 καὶ
3522 2638 3621 2707 τὴν
3684 2638 3873 2693 οὐσίαν

2222 2724 2412 2781 ταὺτὸν
2463 2723 2802 2799 δογματίζει.
2875 2725 2977 2781 Καὶ
3038 2724 3287 2800 Πρόκλος
3349 2723 3405 2781 δὲ
3449 2728 3475 2780 6
3529 2734 3875 2783 Κωνσταντι-

2225 2812 2537 2874 νουπόλεως
2604 2812 2895 2873 ἐπίσκοπος
2964 2812 3223 2874 ὡσαύτως
3267 2833 3279 2845 ·
3351 2815 3379 2868 6
3448 2815 3542 2886 μὲν
3608 2818 3706 2888 γὰρ
3774 2817 3873 2884 τήν

2230 2906 2445 2978 μορφὴν
2482 2901 2665 2957 οὐσίαν
2695 2902 2999 2974 ὠνόμασεν,
3032 2903 3059 2956 6
3101 2898 3159 2956 δὲ
3191 2902 3368 2981 φύσιν.
3420 2903 3600 2966 Οὕτως
3648 2903 3701 2956 οἱ
3755 2910 3879 2958 Πα-

2224 2994 2371 3062 τὲρες
2430 2996 2589 3065 ἡμῶν
2650 2992 2708 3046 ἐκ
2775 2988 2869 3045 δύο
2937 2994 3146 3071 φύσεων
3209 2990 3458 3064 λέγοντες
3519 2994 3609 3047 τὸν
3672 2994 3877 3068 Κύριον

2226 3086 2386 3157 ἡμῶν
2447 3086 2660 3153 Ἰησοῦν
2722 3082 2948 3156 Χριστὸν
3006 3083 3320 3155 συγκεῖσθαι
3387 3083 3449 3137 ἐκ
3507 3080 3601 3137 δύο
3656 3086 3881 3138 νοοῦσιν

477 3164 578 3221 vit.
611 3164 796 3227 Quare
846 3166 1108 3225 Christus
1141 3187 1293 3227 unus
1326 3173 1382 3227 in
1412 3174 1710 3244 palpabili,
1744 3180 1801 3228 et
1828 3174 2115 3245 impalpa-

2228 3175 2449 3243 οὐσιων,
2497 3174 2676 3247 ὥσπερ
2725 3179 2814 3226 καί
2860 3171 3021 3241 ἡνίκα
3071 3171 3124 3226 ὲν
3184 3170 3280 3227 δύο
3330 3172 3571 3249 φύσεσιν,
3624 3172 3673 3227 ὲν
3725 3170 3881 3228 δυσὶν

478 3252 582 3305 bili
631 3256 982 3322 substantia,
1035 3264 1098 3313 ut
1140 3265 1197 3315 et
1246 3262 1306 3315 in
1351 3262 1565 3317 visibili
1616 3272 1787 3333 atque
1838 3264 2117 3320 invisibili

478 3341 869 3411 cognoscitur,
902 3348 959 3398 et
987 3344 1114 3400 aliis
1145 3355 1461 3420 praeceptor
1490 3353 1843 3421 agnoscitur.
1876 3354 1931 3406 Si
1963 3354 2120 3408 enim

480 3434 538 3484 et
557 3430 731 3485 unius
754 3448 1017 3502 persona:
1038 3436 1315 3494 alterum:
1343 3441 1442 3495 sed
1470 3457 1638 3495 nemo
1662 3459 1803 3497 sana
1826 3448 2019 3498 mente
2040 3444 2124 3499 di-

480 3535 609 3575 cere
640 3527 831 3591 queat,
858 3528 921 3578 ut
940 3526 1139 3581 eadem
1176 3535 1383 3584 natura
1412 3532 1733 3588 tractabilis
1762 3539 1819 3587 et
1850 3533 2123 3589 intracta-

482 3610 639 3677 bilis,
657 3610 767 3667 sub
788 3621 1085 3683 aspectum
1115 3618 1374 3674 cadentis
1396 3628 1443 3675 et
1473 3622 1734 3691 minime,
1754 3623 1836 3678 sic
1862 3629 1917 3679 et
1937 3643 1967 3678 a
1990 3624 2126 3679 ﬁde-

480 3697 639 3755 libus
657 3708 957 3774 sumptum
983 3704 1190 3762 Christi
1212 3724 1439 3780 corpus,
1462 3715 1518 3764 et
1539 3712 1834 3767 sensibilis
1857 3714 2146 3768 essentia

484 3804 601 3845 non
628 3792 1016 3861 cognoscitur,
1054 3800 1110 3848 et
1140 3796 1452 3852 indivisum
1487 3815 1520 3853 a
1548 3798 1727 3868 gratia
1770 3799 2126 3871 intelligihili

484 3889 700 3935 manet.
733 3881 803 3936 Et
830 3883 1150 3953 spiritualis
1180 3886 1530 3959 baptismus,
1563 3894 1747 3946 totum
1782 3893 1996 3945 factum
2039 3896 2128 3947 est

484 3984 662 4024 unum
692 3972 989 4041 exsistens,
1026 3975 1247 4047 hocque
1275 3977 1622 4033 substantia
1654 3979 1954 4035 sensibilis
1995 3998 2124 4051 pro-

482 4061 678 4132 prium
730 4067 838 4132 est,
891 4081 992 4134 per
1035 4084 1271 4138 aquam,
1313 4069 1581 4142 inquam,
1627 4071 1828 4139 salvat,
1871 4078 1926 4127 et
1973 4073 2124 4143 quod

484 4154 703 4210 factum
736 4162 823 4211 est
863 4172 978 4214 non
1030 4160 1199 4231 perit.
1240 4162 1308 4216 At
1359 4179 1492 4219 vero
1541 4165 1761 4235 impius
1792 4164 1890 4219 ille
1920 4164 2129 4219 Nesto-

484 4242 625 4313 rius,
651 4246 749 4316 qui
782 4262 914 4302 cum
950 4250 1061 4303 Deo
1096 4252 1388 4320 pugnandi
1423 4258 1623 4309 auctor
1654 4256 1895 4323 exstitit,
1929 4254 2130 4326 impie-

484 4337 662 4389 tatem
682 4352 974 4407 opponere
997 4340 1241 4408 videtur,
1261 4341 1406 4399 duas
1428 4352 1664 4399 naturas
1685 4345 1904 4400 divisas
1922 4351 1978 4399 et
2004 4362 2126 4415 pro-

484 4424 641 4492 prias
666 4441 945 4495 personas
965 4430 1335 4501 excogitavit,
1362 4438 1419 4487 et
1442 4440 1775 4489 naturarum
1801 4439 2124 4490 secundum

2230 3262 2462 3325 οὐσίαις,
2497 3264 2595 3317 Καὶ
2618 3262 2645 3317 6
2676 3268 2774 3330 τῆς
2811 3263 3045 3335 βροντῆς
3079 3258 3134 3315 δὲ
3166 3262 3289 3323 Υἱὸς
3328 3266 3488 3317 τοῦτο
3530 3259 3773 3317 διδάσκει
3820 3265 3881 3319 ἒν

2229 3358 2308 3425 τῷ
2366 3352 2665 3429 λέγειν,’¹0
2719 3352 2861 3421 in”
2916 3351 3007 3406 ἀπ’
3065 3351 3265 3427 ἀρχῆς,
3326 3353 3354 3406 ὃ
3415 3352 3730 3426 ἑωράκαμεν
3788 3354 3885 3409 καὶ

2232 3446 2285 3500 αἱ
2337 3450 2518 3523 χεῖρες
2567 3447 2726 3515 ἡμῶν
2782 3441 3142 3521 ἐψηλάφησαν
3192 3442 3317 3516 περὶ
3376 3446 3471 3497 τοῦ
3529 3444 3710 3517 Λόγου
3778 3446 3884 3508 τῆς

2236 3536 2398 3604 ζωῆς.
2444 3535 2545 3591 Τὸν
2594 3532 2681 3587 ἕνα
2726 3532 2828 3607 γὰρ
2880 3532 2970 3587 καὶ
3014 3532 3105 3585 τὸν
3156 3530 3336 3601 αὐτὸν,
3397 3529 3466 3585 δι’
3520 3533 3597 3586 ὧν
3651 3530 3887 3609 ἔφημεν,

2232 3625 2322 3680 καὶ
2355 3623 2691 3701 ψηλαφητὴν
2721 3622 2905 3677 οὐσίαν
2941 3623 3068 3695 [415
3115 3622 3209 3694 Η.]
3252 3618 3398 3696 ἔχειν
3447 3621 3537 3676 καὶ
3586 3621 3888 3698 άψηλάφη-

2232 3736 2325 3770 τον
2375 3714 2679 3787 ἀνεκήρυξε.
2728 3711 2899 3785 Λόγον
2945 3710 3048 3785 γὰρ
3105 3711 3269 3765 εἰπὼν
3347 3715 3438 3765 τὸν
3514 3708 3886 3787 άψηλάφητον

2234 3802 2634 3882 ψηλαφηθῆναι
2692 3798 3199 3875 προσεμαρτύρησε,
3248 3798 3337 3852 καὶ
3386 3799 3681 3867 ἑωρακέναι
3714 3798 3889 3853 εἰπὼν

2233 3895 2326 3949 τὸν
2369 3894 2597 3965 ἀόρατον
2645 3887 3071 3965 προανήγγειλεν
3122 3907 3135 3920 ·
3191 3887 3331 3943 ὥστε
3376 3888 3469 3942 τὸν
3521 3885 3611 3942 ἕνα
3648 3889 3888 3962 Χριστὸν

2234 3982 2285 4037 ἐν
2329 3981 2632 4060 ψηλαφητῇ
2681 3982 2772 4035 καὶ
2822 3977 3173 4057 άψηλαςρήτῳ
3230 3975 3388 4048 οὐσίᾳ
3444 3976 3534 4032 καὶ
3602 3978 3657 4031 ὲν
3716 3976 3891 4051 ὁρατῇ

2233 4071 2324 4127 καὶ
2375 4072 2589 4145 ἀοράτῳ
2636 4068 2889 4147 γνωρίζει
2939 4088 2998 4122 τε
3044 4068 3087 4103 ¹⁵
3131 4064 3222 4121 καί
3265 4071 3383 4129 τοῖς
3434 4065 3633 4127 ἄλλοις
3684 4064 3890 4120 εἰδέναι

2237 4158 2561 4221 διδάσκαλος
2593 4159 2818 4233 γίνεται.
2853 4157 2916 4214 Εἰ
2966 4156 3068 4233 γὰρ
3113 4156 3201 4210 καὶ
3249 4155 3363 4217 ἑνὸς
3413 4156 3715 4228 προσώπου
3760 4156 3891 4210 ἑκά-

2234 4272 2386 4327 τερον
2418 4253 2483 4317 ¹⁶,
2516 4247 2642 4304 ἀλλ’
2676 4245 2851 4309 οὐδεὶς
2882 4245 2943 4302 ἃν
2975 4246 3141 4301 εἰπεῖν
3176 4242 3396 4301 δύναται
3437 4249 3564 4299 νοῦν
3616 4240 3763 4318 ἔχων
3812 4246 3894 4308 ὡς

2235 4343 2269 4409 ἡ
2321 4340 2457 4408 αὐτή
2508 4338 2665 4415 φύσις
2715 4336 3045 4413 ψηλαφητοῦ
3092 4334 3183 4390 καὶ
3229 4333 3599 4411 ἆψηλαφήτου
3630 4333 3719 4388 καί
3753 4335 3891 4405 ὁρα-

2234 4434 2329 4487 τοῦ
2387 4429 2477 4484 καὶ
2529 4429 2783 4501 ἀοράτου.
2842 4426 2999 4483 Οὕτω
3055 4425 3146 4480 καὶ
3202 4434 3264 4480 τὸ
3316 4424 3463 4498 παρὰ
3515 4428 3627 4478 τῶν
3676 4426 3894 4478 πιστῶν

482 4512 823 4583 hypostases
871 4515 1059 4572 252b
1106 4518 1474 4585 divisionem,
1519 4529 1569 4577 et
1620 4539 1732 4578 una
1789 4522 2115 4579 adoratione

2240 4516 2655 4593 λαμϐανόμενον
2706 4518 2747 4553 ⁸⁷
2806 4520 2965 4589 σῶμα
3023 4517 3260 4588 Χριστοῦ
3315 4513 3406 4568 καὶ
3459 4515 3559 4577 τῆς
3612 4509 3896 4580 aia-02311::

484 4617 666 4656 unum
700 4602 886 4659 facere
934 4611 1177 4662 conatus
1224 4615 1333 4664 est.
1377 4611 1450 4665 At
1495 4625 1629 4666 vero
1680 4612 1985 4683 Eutyches,
2018 4613 2119 4669 Dei

481 4709 716 4766 quoque
736 4695 1125 4769 adversarius,
1142 4702 1415 4757 unionem
1442 4703 1867 4773 bypostaticam
1893 4721 2008 4759 non
2032 4710 2123 4761 est

479 4784 799 4855 inliciatus,
840 4793 1017 4859 atque
1061 4791 1427 4846 incarnatum
1468 4808 1496 4847 e
1539 4792 1770 4864 Virgine
1814 4794 2119 4851 Dominum

478 4888 746 4933 nostrum
805 4880 1005 4935 Jesum
1072 4880 1394 4949 Christum,
1452 4900 1709 4939 asserere
1786 4886 2121 4955 poenitentia

478 4966 715 5036 ductus,
739 4969 893 5039 quod
918 4970 1172 5037 nolebat,
1196 4971 1416 5026 didicit.
1444 4972 1552 5028 Sed
1587 4974 1739 5043 quod
1774 4976 1937 5045 prius
1968 4991 2123 5031 asse—

478 5062 674 5113 ruerat
701 5073 731 5111 e
752 5059 894 5114 caelo
926 5058 1203 5116 detulisse
1233 5077 1490 5131 carnem,
1510 5072 1830 5119 asserentes
1859 5080 2121 5120 exsecra-

479 5148 575 5200 tus
624 5154 730 5203 est.
764 5147 1269 5205 Consubstautiale
1317 5167 1453 5207 vero
1505 5152 1829 5220 nobiscum,
1864 5158 1921 5209 et
1967 5169 2121 5225 saepe

483 5249 548 5287 ac
578 5238 835 5293 multum
886 5248 1142 5306 coactus,
1173 5256 1535 5312 nequaquam
1586 5243 1847 5299 conﬁteri
1896 5242 2115 5298 voluit:

481 5336 679 5381 verum
732 5344 903 5384 unum
959 5330 1324 5400 pradicando
1376 5339 1664 5399 naturam,
1706 5350 1836 5389 cum
1884 5349 2118 5389 carnem

478 5412 762 5470 nobiscum
800 5420 1325 5476 consubstantialem
1374 5421 1668 5479 debuisset
1717 5423 1997 5492 conﬁteri,
2031 5440 2121 5479 ex-

2232 4611 2414 4672 οὐσίας
2482 4609 2580 4663 οὐκ
2633 4607 2899 4680 ἒξίσταται
2976 4604 3066 4660 καὶ
3138 4605 3237 4672 τῆς
3305 4604 3504 4673 νοητῆς
3566 4597 3891 4673 ἀδιαίρετον

2236 4703 2381 4773 μένει
2412 4697 2657 4773 χάριτος.
2694 4696 2795 4752 Καὶ
2827 4696 2888 4750 τὸ
2923 4693 3205 4769 βάπτισμα
3229 4690 3288 4747 δὲ
3336 4687 3685 4763 πνευματικὸν
3738 4685 3889 4741 ὅλον

2229 4791 2519 4867 γενόμενον
2572 4789 2660 4843 καὶ
2710 4784 2765 4840 ἓν
2822 4786 3091 4861 ὕπαρχον,
3146 4784 3234 4838 καὶ
3288 4784 3350 4837 τὸ
3387 4779 3520 4837 ἴδιον
3550 4786 3649 4847 τῆς
3680 4776 3895 4847 αἴσθη-

2228 4889 2327 4951 τῆς
2362 4878 2545 4943 οὐσίας
2572 4882 2690 4951 (τοῦ
2721 4874 2914 4939 ὕδατος
2947 4874 3120 4949 λέγω)
3153 4870 3430 4942 διασώζει,
3461 4869 3554 4925 καὶ
3583 4870 3613 4923 ’ὀ
3663 4868 3889 4946 γὲγονεν

2231 4970 2330 5025 οὐκ
2374 4967 2672 5024 ἀπώλεσεν.
2706 4964 2865 5022 ’Λλλ’
2907 4966 2935 5020 6
2985 4958 3253 5033 δυσσεϐὴς
3285 4960 3609 5036 Νεστόριος,
3651 4959 3711 5021 ὃς
3746 4959 3893 5031 πρό-

2232 5083 2391 5136 φασις
2437 5063 2729 5135 θεομαχεῖν
2778 5063 2895 5118 τοῖς
2948 5054 3009 5111 ἐκ
3066 5052 3360 5127 διαμέτρου
3451 5054 3552 5122 τήν
3636 5045 3888 5105 ἀσέϐειαν

2232 5149 2381 5205 δοκεῖ
2426 5150 2693 5225 γίνεσθαι,
2737 5144 2832 5201 δύο
2880 5146 3064 5224 φύσεις
3117 5141 3451 5218 διῇρημένας
3491 5142 3585 5195 καὶ
3629 5136 3895 5194 ἰδιουποο

2231 5242 2454 5301 στάτους
2501 5237 2846 5319 ἐφαντάζετο,
2897 5235 2986 5291 καὶ
3037 5237 3138 5305 τὴν
3185 5238 3292 5288 τῶν
3342 5232 3556 5309 φύσεων
3603 5230 3742 5285 κατά
3787 5228 3895 5288 τὰς

2231 5330 2549 5390 ὑποστάσεις
2600 5324 2857 5401 διαίρεσιν
2908 5327 2977 5398 τῇ
3028 5328 3127 5397 μιᾷ
3174 5322 3543 5397 προσκυνήσει
3616 5320 3897 5374 ἑνοποιεῖν

2230 5419 2528 5496 ἐσοφίζετο.
2587 5417 2647 5475 Ὀ
2707 5413 2764 5471 δὲ
2813 5415 3093 5491 Θεομάχος
3133 5412 3391 5487 Εὐτυχὴς
3448 5411 3550 5479 τὴν
3616 5409 3712 5483 μὶν
3768 5406 3904 5461 καθ’

1841 5549 2070 5607 νΑΒΙίΕ
2110 5546 2521 5605 LECTIONES.

555 5669 601 5705 ιο
630 5669 737 5745 γὰρ,
764 5672 896 5729 add.
931 5677 995 5729 Α.

1075 5676 1117 5711 ¹¹
1149 5674 1211 5727 τὸ
1249 5681 1348 5743 τῆς
1381 5672 1565 5738 οὐσίας
1598 5679 1659 5734 Α.

1740 5678 1781 5711 ¹²
1810 5678 1929 5748 τοῦ]
1961 5677 2060 5745 τὴν
2093 5678 2161 5731 Α.

2239 5674 2283 5709 ⁵³
2316 5668 2873 5751 ὑφαινοντος-¹⁴
2903 5666 3049 5751 δμῇν]
3113 5668 3133 5722 Ῑ
3181 5667 3352 5751 (1032'
3417 5681 3453 5751 ξ’
3511 5663 3565 5718 ί’
3645 5662 3691 5744 ﬂ.

3748 5681 3912 5735 γνω-

480 5739 609 5810 Pis“
643 5730 743 5815 ’κέί
802 5745 1088 5819 γνωρίζειν
1147 5764 1204 5798 τε
1262 5730 1411 5803 θοι-ι’.
1445 5750 1487 5801 Α
1522 5730 1563 5803 τ’
1596 5730 2031 5822 γνωρίζεταί
2094 5730 2154 5783 7“
2219 5730 2383 5819 προά.
2443 5744 2534 5798 καὶ
2578 5730 2724 5797 ttat-2.
2931 5730 2996 5779 ¹’⁷’
3034 5730 3607 5813 ’μεταλαμϐανόμενον
3676 5734 3732 5788 in
3799 5734 3914 5790 lit-
