4138 6228
320 352 435 413 981
1396 348 1949 412 BIBLIOTI-IECA.
1995 382 2071 396 -
2119 348 2292 410 COD.
2340 344 2649 409 CCXXIX.
3608 344 3729 407 982

319 484 613 539 ὑπόστασιν
666 481 856 538 ἕνωσιν
918 484 1017 539 οὐκ
1069 486 1310 559 ἠρνεῖτο,
1372 483 1485 540 οὐδ’
1546 487 1628 541 δτι
1688 486 1970 560 ἰσαρκώθη

2090 485 2610 542 communicationi
2640 485 2946 555 subjectus
2976 489 3082 542 est.
3114 486 3280 543 Hunc
3310 485 3547 558 quidem
3598 499 3726 543 sco-

315 572 376 628 ἐκ
413 580 514 642 τῆς
571 574 840 628 Θεοτόκου
896 574 1164 647 παρθένου
1219 576 1246 630 6
1305 574 1500 649 Κύριος
1549 577 1710 647 ἡμῶν
1767 577 1971 646 Ἰησοῦς

2091 594 2225 647 pum
2260 581 2526 632 assecuta
2560 575 2750 647 prima
2781 576 2984 641 oratio,
3018 575 3238 632 linitur.

315 663 548 737 Χριστὸς
593 666 655 730 ιθ,
715 662 774 719 ἐκ
832 663 1196 737 μεταμελείας
1258 665 1442 737 μαθὼν
1507 663 1684 741 λέγειν
1744 665 1772 719 ὃ
1832 663 1931 719 οὐκ
1988 664 2184 733 ἤθελεν
2243 683 2256 696 ⁸
2320 662 2464 719 ἀλλὰ
2519 665 2609 719 καὶ
2667 663 3064 738 ἆνεθεμάτισεν,
3124 663 3154 719 6'
3218 662 3479 738 πρότερον
3566 660 3727 726 αὓτὸς

317 750 557 829 ἔστεργε,
585 753 714 817 τοὺς
744 751 1008 829 λέγοντας
1035 753 1096 809 ἐκ
1124 759 1219 809 τοῦ
1250 755 1480 830 οὐρανοῦ
1511 755 1933 834 κατενηνοχέναι
1963 757 2061 825 τὴν
2097 758 2287 829 σάρκα.
2320 756 2394 812 Τὸ
2428 753 2485 809 δὲ
2521 757 2657 831 πρὸς
2714 756 2861 829 ἡμᾶς
2920 755 3243 828 ὁμοούσιον,
3301 755 3476 810 καίτοι
3543 752 3730 809 πολλὰ

317 843 408 898 καὶ
467 841 744 907 πολλάκις
807 845 1044 920 βιασθεὶς
1121 842 1378 917 οὐδαμῶς
1445 844 1790 920 ὁμολογῆσαι
1857 845 2144 924 ἠνέσχετο,
2203 844 2352 902 ἀλλᾶ
2420 847 2548 919 μίαν
2626 846 2811 901 οὐσίαν
2887 846 3170 920 κηρύττων
3240 845 3358 902 ἀντὶ
3432 849 3530 900 τοῦ
3595 845 3730 916 ἡμῖν

320 934 618 1006 ὁμοούσιον
686 932 1032 1008 ὁμολογῆσαι
1089 936 1188 1003 τήν
1246 932 1436 1009 σάρκα,
1502 940 1580 1007 τῷ
1637 935 1928 1009 ἀναθὲματι
1992 938 2368 1007 ὑπενήνεκται.
2437 937 2497 993 Ὁ
2561 937 2656 1009 μὶν
2709 935 2802 992 οῦν
2841 939 2892 991 α’
2940 936 3105 1012 λόγος
3144 933 3312 993 ταῦτα
3360 932 3590 992 διελθὼν
3639 934 3730 990 τὸν

318 1023 520 1078 σκοπὸν
551 1022 870 1098 ἐπεράνατο.

389 1114 477 1169 ’Ev
508 1110 566 1168 δὲ
593 1118 672 1186 τῷ
792 1115 941 1190 λόγῳ
963 1116 1002 1170 ε’
1033 1119 1196 1170 τινῶν
1228 1114 1562 1191 κεφαλαίων,
1588 1116 1662 1169 ὧν
1697 1117 1724 1170 ὁ
1756 1115 1968 1191 σχολα-

320 1204 506 1265 στικὸς
558 1202 878 1266 Ἀνατόλιος
930 1207 1028 1274 τήν
1083 1207 1318 1279 μάθησιν
1370 1204 1725 1275 ἐπεζήτησεν,
1783 1205 1971 1262 ἀποδί-

320 1291 459 1348 δωσι
509 1291 696 1368 λόγον,
748 1293 866 1356 ἑνὸς
927 1295 1040 1366 μὲν,
1092 1295 1137 1348 εἰ
1199 1296 1288 1349 καὶ
1347 1298 1437 1348 νῦν
1485 1297 1724 1371 Χριστὸς
1767 1297 1794 1350 6
1842 1297 1972 1359 Θεὸς

315 1382 482 1453 ἡμῶν
525 1381 679 1454 σαρκὶ
733 1383 780 1420 ³9
809 1382 1128 1458 γνωρίζεται
1155 1401 1168 1413 ’
1212 1383 1398 1458 ἑτέρου
1439 1381 1516 1450 δὲ,
1569 1383 1613 1438 εἰ
1658 1385 1909 1448 σύνθετος
1941 1387 1968 1439 6

315 1469 498 1543 ’ᾼδὰμ
531 1471 799 1539 ἐπλάσθη,
839 1476 958 1536 πῶς
988 1473 1252 1534 ἀθάνατος
1285 1473 1504 1543 ἐκτίσθη
1544 1494 1554 1506 '
1586 1479 1772 1548 τρίτου
1806 1477 1852 1512 ³ο
1891 1472 1969 1544 δὲ,

308 1561 477 1616 πόθεν
516 1557 786 1635 δυνάμεθα
817 1565 1186 1637 τεκμήρασθαι
1216 1565 1306 1618 τὸν
1348 1562 1738 1638 εὐαγγελιστήν
1779 1566 1968 1620 Ἰωάν-

308 1670 407 1720 νην
445 1647 521 1704 ἔτι
559 1648 736 1722 μένειν
768 1668 781 1682 ⁸
823 1647 900 1705 ἔτι
929 1648 1008 1722 δὲ,
1039 1651 1088 1706 εἷ
1116 1650 1374 1715 ἀθάνατος
1408 1655 1435 1707 6
1474 1655 1516 1688 ²¹
1565 1650 1746 1726 Ἀδάμ
1796 1653 1966 1710 ἐπλά-

309 1740 437 1810 σθη,
488 1743 607 1800 πῶς
665 1740 728 1794 τὸ
786 1741 1058 1818 συμφέρον
1119 1742 1358 1816 ἠγνόησε
1400 1763 1412 1775 ο
1479 1741 1570 1797 καὶ
1632 1742 1968 1815 τελευταῖον,

2150 1120 2340 1175 Altera
2369 1136 2502 1176 vero
2525 1119 2818 1192 capitibus
2843 1119 3122 1193 quinque,
3146 1134 3396 1191 quorum
3422 1117 3726 1174 scientiam

2079 1207 2374 1265 Anatolius
2405 1208 2789 1266 scholasticus
2813 1208 3142 1280 exquisivit,
3179 1208 3462 1265 rationem
3495 1207 3723 1263 reddit:

2079 1314 2194 1354 uno
2210 1299 2470 1370 quidem,
2496 1315 2567 1354 an
2591 1299 2928 1354 nuncetiam
2944 1297 3228 1354 Dominus
3242 1302 3440 1353 noster
3456 1295 3728 1354 Christus

2078 1388 2135 1442 in
2186 1403 2360 1444 carne
2409 1388 2821 1458 cognoscitur?
2848 1387 3044 1442 Altero
3093 1403 3252 1452 vero,
3283 1387 3332 1442 si
3364 1385 3726 1455 compositus

2078 1476 2256 1532 Adam
2305 1478 2591 1533 formatus
2622 1480 2730 1543 est,
2763 1476 3054 1548 quomodo
3086 1472 3428 1532 immortalis
3457 1479 3548 1530 est
3577 1490 3720 1530 con-

2074 1566 2250 1621 ditus.
2301 1567 2489 1622 Tertio
2539 1566 2834 1638 quomodo
2884 1565 3222 1637 persuaderi
3269 1568 3468 1637 posset
3513 1563 3723 1620 etiam-

2075 1672 2218 1710 num
2248 1655 2536 1712 Joannem
2568 1655 2981 1727 evangelistam
3007 1654 3386 1727 superstitem
3417 1653 3590 1710 esse?
3613 1653 3725 1708 Ad-

2075 1744 2187 1800 huc
2219 1760 2348 1802 vero
2379 1745 2427 1801 si
2462 1743 2810 1801 immortalis
2831 1744 3015 1800 Adam
3046 1749 3137 1800 est
3157 1744 3444 1809 conditus,
3469 1757 3720 1813 quomo-

311 1829 367 1885 τί
415 1829 554 1886 ἐστιν
607 1830 692 1898 τὸ,
746 1827 888 1886 Ἰδοὺ
940 1829 1120 1905 Ἀδὰμ
1165 1831 1373 1907 γέγονεν
1429 1833 1503 1895 ὡς
1547 1834 1626 1897 εἷς
1666 1833 1715 1906 ἐξ
1758 1837 1965 1908 ἡμῶν;

2082 1837 2147 1891 do
2207 1835 2348 1907 quid
2401 1836 2544 1893 utile
2595 1841 2720 1892 erat
2769 1835 3097 1908 ignoravit?
3124 1835 3362 1902 Quinto,
3399 1833 3538 1907 quid
3592 1837 3720 1891 est:

389 2014 519 2084 [796
550 2015 643 2086 11.]
675 2013 744 2068 T6
779 2013 874 2086 μὲν
907 2012 998 2068 οῦν
1037 2019 1084 2069 α’
1115 2014 1408 2090 κεφάλαιον
1445 2014 1532 2072 διὰ
1569 2016 1800 2074 πολλῶν
1832 2025 1961 2094 Γρα-

318 2106 493 2180 ῳικῶν
541 2122 601 2157 τε
647 2104 736 2157 καὶ
801 2108 1085 2176 Πατρικῶν
1125 2109 1319 2181 φωνῶν
1373 2106 1653 2176 συνίστησι
1707 2109 1797 2162 καὶ
1829 2109 1969 2163 ἀπο-

319 2189 572 2248 δεικνύει.
620 2193 722 2248 Καί
773 2197 987 2267 πρῶτον
1041 2195 1135 2267 μὲν
1182 2194 1231 2268 ἐξ
1283 2196 1355 2250 ὧν
1387 2194 1608 2260 Ἠσαίας
1640 2198 1686 2234 ²²
1717 2198 1840 2274 περὶ
1871 2204 1970 2268 τῆς

315 2276 580 2352 ἔνσάρκου
627 2281 872 2354 Χριστοῦ
919 2283 1017 2336 τοῦ
1063 2284 1197 2336 Θεοῦ
1253 2284 1413 2355 ἡμῶν
1454 2278 1762 2347 ἀναϐάσεως
1833 2283 1966 2339 εἴπεο

313 2367 412 2430 Τίς
471 2367 613 2424 ἐστιν
685 2370 841 2432 οὗτος
945 2371 973 2424 6
1075 2367 1509 2446 παραγενόμενος
1609 2371 1660 2443 ἐξ
1760 2370 1970 2446 Ἐδώμ,

311 2458 592 2513 τουτέστιν
623 2458 651 2512 6
681 2460 900 2533 γήϊνος.
951 2458 1048 2513 Καὶ
1091 2459 1118 2514 6
1157 2459 1316 2522 αὐτὸς
1365 2461 1549 2517 πάλιν
1608 2463 1826 2534 ἱμάτιον
1872 2462 1972 2516 αὐ-

313 2551 416 2602 τοῦ
456 2547 515 2602 ἐκ
548 2548 724 2622 Βοσὸρ
775 2567 787 2580 ·
821 2543 1072 2624 Ἑϐραῖοι
1124 2545 1180 2604 δὲ
1231 2550 1293 2605 τὸ
1342 2551 1514 2626 Βοσόρ
1564 2552 1815 2624 σάρκινον
1869 2571 1969 2606 κα-

312 2637 501 2694 λοῦσι.
562 2637 658 2692 Καὶ
708 2637 874 2693 πάλιν
918 2656 930 2670 ·
984 2639 1082 2694 Διᾶ
1125 2641 1176 2694 τί
1228 2637 1426 2715 ἐρυθρά
1476 2661 1572 2696 σου
1621 2642 1690 2696 τὰ
1753 2641 1968 2715 ἱμάτια,

310 2726 408 2781 καὶ
474 2728 538 2781 τὰ
595 2723 866 2800 ἐνδύματα
924 2727 1000 2790 ὡς
1058 2728 1164 2782 ἀπὸ
1222 2733 1467 2800 πατητοῦ
1535 2730 1744 2800 ληνοῦ;
1801 2733 1969 2806 Ὅπερ

310 2817 414 2870 τοῦ
463 2816 670 2878 πάθους
721 2816 854 2889 μετὰ
901 2817 963 2870 τὸ
1001 2817 1173 2878 πάθος
1223 2819 1312 2873 καὶ
1354 2817 1406 2872 ἂν
1438 2821 1508 2892 τῇ
1551 2817 1730 2893 ἀνόδῳ
1781 2819 1971 2893 μηνύει

309 2904 379 2958 τὸ
449 2907 774 2980 μυστήριον.
835 2905 932 2960 Καὶ
988 2905 1154 2962 πάλιν
1207 2905 1390 2984 ἵτερος
1445 2911 1734 2988 προφήτης
1794 2909 1868 2970 ὡς
1913 2907 1972 2965 ἔκ

317 2995 632 3068 προσώπου
687 2999 785 3050 τοῦ
844 2997 1117 3052 Δεσπότου
1166 2999 1348 3077 φησὶν,
1389 2997 1464 3060 ὡς
1509 2996 1669 3068 δῆθεν
1716 3000 1819 3054 ὑπὸ
1861 3004 1970 3055 τῶν

317 3089 525 3156 νοερῶν
576 3086 705 3157 [416
751 3086 842 3157 [1.]
893 3085 1257 3160 ἐρωτωμένου
1307 3085 1611 3161 δυνάμεων.
1662 3087 1809 3151 Τίνες
1840 3091 1886 3126 ³³
1915 3090 1972 3144 αἱ

2072 1925 2220 1994 Quod
2249 1925 2425 1981 Adam
2453 1928 2632 1996 factus
2659 1934 2737 1982 est
2764 1928 2904 1982 sicut
2934 1941 3079 1981 unus
3106 1942 3138 1980 e
3168 1924 3324 1981 nobis
3342 1924 3372 1980 ?

2141 2015 2398 2070 Primum
2423 2016 2660 2087 quidem
2687 2014 2886 2071 multis
2908 2013 3224 2084 Scripturis
3241 2019 3298 2069 et
3314 2013 3551 2070 Patrum
3584 2029 3722 2071 sen-

2075 2105 2276 2161 tentiis
2308 2106 2634 2161 conﬁrmat.
2659 2105 2852 2160 Primo
2871 2102 3050 2160 Isaias
3070 2104 3142 2159 de
3165 2101 3394 2160 Christo
3415 2103 3727 2160 incarnati-

2077 2196 2148 2250 do
2179 2193 2262 2250 sic
2295 2195 2504 2250 habet:
2565 2193 2699 2258 Quis
2728 2203 2810 2251 est
2845 2195 2950 2249 iste
2978 2193 3076 2266 qui
3103 2194 3252 2249 venit
3299 2192 3364 2249 de
3409 2193 3581 2249 Edam
3607 2203 3727 2250 τ-ι.

2078 2283 2196 2340 Ηοο
2245 2287 2350 2352 est,
2399 2288 2706 2340 terrenus:
2739 2287 2798 2340 et
2844 2282 3085 2338 statim:
3133 2281 3330 2338 Iinctis
3379 2280 3618 2338 vestibus
3664 2280 3731 2338 de

2085 2375 2246 2430 Bosra
2291 2389 2354 2430 γε
2404 2371 2631 2429 Ηοῠιιωί
2679 2388 2812 2428 vero
2860 2374 3030 2428 Bosor
3067 2386 3342 2428 carneum
3403 2369 3728 2442 appellant.

2078 2463 2149 2519 Et
2179 2479 2307 2519 mox
2333 2478 2348 2517 :
2381 2463 2573 2532 Quare
2601 2477 2728 2533 ergo
2757 2461 2988 2517 rubrum
3019 2464 3102 2517 est
3130 2458 3522 2516 indumentum
3549 2463 3728 2524 tuum.

2079 2556 2132 2608 et
2177 2553 2498 2608 vestimenta
2534 2554 2631 2606 tua
2676 2550 2820 2607 sicut
2863 2549 3206 2606 caloantium
3265 2549 3322 2603 in
3370 2546 3641 2603 torculari
3667 2548 3734 2600 ⁸9

2079 2643 2196 2698 Hoc
2244 2641 2487 2697 affectus
2529 2645 2661 2712 post
2700 2639 2996 2706 ali‘ectum,
3030 2643 3089 2695 et
3129 2637 3188 2693 in
3231 2636 3386 2693 invio
3436 2634 3732 2708 significat

2081 2731 2442 2801 mysterium.
2468 2731 2538 2786 Et
2567 2746 2800 2786 rursum
2833 2727 2986 2784 alius
3017 2726 3322 2799 propheta,
3345 2729 3404 2782 et
3432 2725 3491 2781 in
3524 2739 3730 2796 pereo-

2080 2839 2152 2876 na
2187 2822 2304 2888 Dei,
2337 2820 2548 2892 inquit,
2581 2825 2856 2890 tanquam
2907 2815 3412 2889 interrogantibus
3459 2811 3724 2885 angelis:

2080 2909 2220 2978 Quid
2245 2918 2374 2965 sunt
2400 2908 2582 2981 plagae
2610 2909 2735 2965 istm
2769 2907 2831 2963 in
2861 2907 3037 2962 medio
3083 2920 3353 2960 manuum
3398 2906 3627 2958 tuarum
3655 2914 3679 2943 ι
3701 2905 3728 2956 .’

2078 3001 2147 3056 Et
2178 2999 2422 3070 subjicit
2451 2998 2752 3055 Salvator:
2786 2999 3052 3066 Plagatus
3101 3011 3223 3051 sum
3252 2993 3313 3050 in
3345 2993 3502 3050 domo
3537 3007 3727 3048 eorum

2078 3091 2178 3162 qui
2213 3089 2519 3160 diligebant
2545 3104 2634 3144 me
2659 3089 2722 3141 ι).
2765 3086 2878 3143 Sed
2921 3091 2979 3142 et
3024 3083 3218 3156 angeli
3257 3083 3316 3139 in
3361 3079 3722 3139 ascensionis

315 3170 535 3247 πληγαὶ
592 3173 748 3230 αὗται
816 3175 871 3229 αἱ
936 3175 1032 3231 ἆνᾶ
1093 3177 1254 3250 μέσον
1309 3178 1356 3213 ﬂ
1410 3182 1520 3232 τῶν
1578 3174 1748 3251 ὤμων
1819 3198 1964 3248 σου;

2082 3185 2334 3252 tempore
2368 3188 2665 3234 astantes:
2696 3178 2900 3244 Veniet,
2932 3174 3233 3246 inquiunt,
3263 3169 3723 3245 quemadmodum

325 3261 679 3337 ἀποκρίνεται
710 3265 814 3339 γὰρ
857 3266 884 3319 6
918 3268 1114 3340 Σωτὴρ
1147 3264 1346 3342 λέγων.
1380 3271 1478 3330 "Ac
1512 3265 1758 3344 ἐπλήγην
1806 3268 1858 3323 ἐν
1895 3273 1974 3341 τῷ

325 3351 474 3424 οἴκῳ
527 3357 628 3407 τοῦ
693 3352 981 3428 ἀγαπητοῦ
1045 3364 1169 3428 μου.
1227 3355 1401 3413 Ἀλλά
1447 3361 1537 3413 καὶ
1588 3357 1641 3412 ἐν
1686 3362 1766 3430 τῷ
1802 3363 1976 3434 καιρῷ

322 3448 429 3510 τῆς
460 3440 788 3516 ἀναλήψεως
837 3445 889 3499 οἱ
935 3450 1274 3516 παρεστῶτες
1325 3444 1550 3522 ἄγγελοι
1599 3448 1744 3503 ὀδτω
1792 3449 1971 3528 φασίν,

324 3528 643 3584 Ἐλεῦσεται
690 3532 756 3601 ²⁵,
813 3532 871 3585 ὃν
931 3531 1134 3606 τρόπον
1194 3531 1474 3588 ἐθεάσασθε
1532 3534 1691 3591 αὐτὸν
1751 3535 1978 3612 πορευό-

324 3637 492 3692 μενον
552 3617 630 3680 εἰς
687 3621 779 3675 τὸν
849 3619 1100 3694 οὐρανόν.
1171 3622 1269 3676 Καὶ
1329 3623 1357 3677 6
1398 3623 1795 3699 πρωτομάρτυς
1844 3624 1976 3680 Στέ-

318 3727 494 3786 φανος
550 3707 605 3762 ἰν
662 3713 742 3781 τῷ
796 3715 971 3784 καιρῷ
1025 3717 1124 3779 τῆς
1190 3712 1510 3787 μαρτυρίας,
1571 3711 1816 3789 ἐπιγνοὺς
1881 3715 1972 3769 τὸν

317 3798 602 3868 Δεσπότην
645 3799 878 3872 Χριστὸν
912 3799 1122 3855 ἑστῶτα
1153 3798 1214 3856 ἐκ
1265 3798 1450 3871 δεξιῶν
1497 3807 1592 3857 τοῦ
1641 3803 1869 3877 Πατρός,
1919 3803 1973 3859 ἐν

315 3884 512 3959 ἒκείνῳ
541 3892 621 3961 τῷ
655 3890 902 3964 σχήματι
935 3888 987 3944 ἐν
1021 3890 1068 3962 ᾧ
1114 3896 1232 3952 τοῖς
1285 3892 1552 3962 μαθηταῖς
1601 3890 1971 3964 συνηυλίζετο,

313 3977 386 4032 τὸ
457 3979 650 4033 σεπτὸν
707 3978 798 4034 καὶ
854 3981 996 4034 θεῖον
1055 3980 1227 4052 θέαμα
1278 3978 1558 4056 παῤῥησίᾳ
1621 3980 1972 4056 ὡμολόγησε.

316 4065 432 4123 Καὶ
482 4069 546 4122 τὸ
597 4073 790 4130 σκεῦος
842 4066 899 4123 δὲ
965 4075 1066 4138 τῆς
1124 4068 1381 4144 ἐκλογῆς,
1447 4072 1973 4146 μυσταγωγούμενος

313 4155 463 4230 πρὸς
521 4157 620 4225 τήν
687 4157 966 4229 ἀλήθειαν,
1026 4157 1076 4230 ἐξ
1136 4159 1371 4234 οὐρανοῦ
1428 4159 1725 4233 κράζοντος
1791 4160 1973 4216 ἀκούει

314 4241 582 4315 Χριστοῦ,
642 4242 850 4313 Σαούλ,
917 4241 1096 4298 Σαούλ
1164 4245 1306 4309 ²δ.³⁰,
1365 4243 1418 4298 τί
1454 4265 1521 4318 με
1579 4243 1834 4314 διώκεις;
1878 4247 1971 4300 Καὶ

311 4331 661 4403 πυθομένου,
692 4330 781 4394 Τίς
813 4332 882 4400 εἴ,
918 4331 1120 4407 Κύριες
1156 4333 1303 4406 Ἐγώ
1332 4334 1469 4407 εἰμι,
1521 4333 1708 4410 φησὶν,
1759 4335 1972 4403 Ἰησοῦς

315 4421 351 4475 ὁ
408 4423 756 4496 Ναζωραῖος,
820 4421 879 4475 ὃν
941 4420 1002 4474 σὺ
1044 4418 1277 4484 διώκεις.
1345 4423 1414 4477 Τὸ
1473 4419 1530 4476 δὲ
1571 4427 1851 4496 Ναζωραῖς
1882 4421 1971 4477 καὶ

2075 3270 2296 3326 vidistis
2339 3285 2465 3326 eum
2511 3272 2733 3324 euntem
2779 3267 2841 3321 in
2887 3265 3080 3320 cretum
3129 3275 3171 3316 ο.
3205 3262 3442 3318 Primus
3491 3275 3721 3333 quoque

2077 3365 2295 3432 martyr
2344 3357 2676 3430 Stephanus
2725 3353 2992 3427 martyrii
3031 3357 3314 3423 tempore,
3349 3347 3724 3422 conspiciens

2078 3449 2258 3505 Deum
2309 3448 2606 3504 Christum
2656 3448 2912 3502 stantem
2946 3460 2981 3499 a
3009 3441 3228 3498 dextris
3266 3440 3314 3507 ἀ,
3361 3454 3480 3511 qua
3528 3438 3723 3494 forma

2079 3555 2211 3594 cum
2245 3536 2555 3609 discipulis
2582 3539 2841 3593 versatus
2871 3537 2976 3600 est,
3001 3531 3158 3602 piam
3183 3547 3248 3586 ac
3269 3529 3525 3585 divinam
3545 3525 3723 3584 visio-

2079 3644 2211 3686 nem
2261 3627 2440 3684 libere
2487 3627 2794 3683 confessus
2845 3631 2950 3680 est.
2983 3621 3176 3679 τωο
3224 3618 3535 3676 Electionis
3582 3616 3723 3672 item

2077 3735 2176 3774 vas
2217 3717 2288 3773 ad
2337 3717 2636 3772 veritatem
2687 3714 2831 3770 bene
2877 3711 3247 3777 informatus,
3285 3705 3474 3761 audiit
3519 3718 3550 3759 e
3578 3702 3723 3759 cmlo

2078 3805 2426 3864 clamantem
2471 3804 2794 3860 Christum:
2822 3801 3008 3868 Saule,
3039 3797 3229 3862 Saule,
3263 3793 3395 3867 quid
3423 3807 3511 3848 me
3545 3806 3726 3862 perse-

2079 3898 2264 3968 queris
2306 3907 2350 3950 ο.
2401 3896 2522 3960 Quo
2570 3891 2791 3960 audito,
2839 3891 2971 3958 Quis
3028 3905 3102 3958 es,
3165 3883 3378 3956 inquit,
3443 3879 3726 3968 Domine?

2079 3966 2184 4056 ligo
2231 4000 2351 4040 sum
2396 3983 2547 4039 Iesus
2603 3982 2920 4037 Nazarenus
2967 3993 3128 4048 quem
3180 3981 3248 4030 tu
3289 3970 3634 4044 persequeris
3684 3966 3724 4026 ί.

2077 4075 2399 4129 Νατανεηιιε
2440 4087 2572 4126 vero
2602 4074 2660 4124 et
2686 4070 2838 4125 Iesus
2884 4082 3016 4124 cum
3067 4063 3230 4130 dicit,
3262 4061 3458 4119 carnis
3504 4058 3728 4116 verita-

2078 4163 2196 4213 tem
2248 4156 2516 4212 ostendit.
2551 4154 2705 4210 Idem
2754 4157 3000 4208 testatur
3052 4148 3366 4218 Gregorius
3415 4144 3722 4201 Nazianze-

2076 4264 2210 4314 nus,
2241 4251 2297 4301 et
2345 4245 2618 4317 Cyrillus,
2663 4243 2864 4299 Contra
2913 4236 3502 4298 Consubstantialistas
3550 4233 3720 4290 libro.

2083 4336 2327 4391 Basilius
2376 4350 2606 4405 quoque
2655 4336 2917 4388 oratione
2947 4331 3018 4386 de
3051 4330 3179 4386 ﬁde.
3214 4327 3362 4395 Quin
3394 4333 3452 4382 et
3479 4323 3726 4398 Cyrillus

2083 4425 2154 4479 ad
2186 4423 2462 4480 Acacium
2494 4421 3037 4495 Scythopolitanum
3068 4418 3409 4491 episcopum
3442 4414 3728 4475 scribens.

313 4511 560 4579 Ἰησοῦς,
599 4507 771 4575 δῆλον
803 4508 887 4565 ὅτι
925 4516 1025 4580 τῆς
1053 4512 1250 4584 σαρκὸς
1281 4512 1451 4566 αὐτοῦ
1489 4511 1682 4585 μηνύει
1712 4515 1812 4582 τήν
1846 4510 1971 4583 ἀλήι

2091 4514 2149 4569 in
2182 4516 2658 4584 interpretatione
2687 4512 2845 4568 vocis
2874 4506 3221 4582 ἀπομπαίου,
3247 4508 3304 4562 id
3330 4511 3419 4562 est
3441 4504 3731 4561 malorum

309 4609 496 4662 eam.
537 4601 637 4657 Καὶ
668 4601 972 4677 Γρηγόριος
1013 4602 1042 4655 6
1091 4606 1394 4671 Ναζιανζοῦ
1441 4603 1507 4657 τὰ
1555 4602 1690 4658 αὐτὰ
1741 4600 1976 4677 διαμαρ-

307 4695 562 4768 τύρεται,
621 4691 711 4746 καὶ
770 4688 1050 4765 Κύριλλος
1114 4689 1166 4746 ἐν
1220 4695 1299 4763 τῷ
1367 4692 1518 4749 Κατὰ
1565 4697 1970 4748 Συνουσιαστῶν

307 4782 500 4859 λόγῳ,
532 4779 622 4835 καὶ
654 4778 941 4842 Βασίλειος
982 4778 1037 4834 ἐν
1083 4777 1164 4852 τῷ
1206 4778 1334 4854 Περί
1364 4779 1617 4843 πίστεως.
1643 4778 1855 4837 Ἀλλοὰ
1881 4782 1972 4837 καὶ

307 4869 597 4944 Κύριλλος
654 4867 820 4924 πάλιν
879 4869 1016 4945 πρὸς
1069 4869 1320 4926 Ἀκάκιον
1378 4869 1772 4933 Σκυθοπόλεως
1850 4869 1976 4926 ἐπίο

306 4981 525 5019 σκοπον
554 4960 795 5037 γράφων,
836 4958 927 5014 καὶ
957 4957 1009 5014 ἐν
1045 4959 1116 5030 τῇ
1155 4957 1416 5034 ἑρμηνείᾳ
1464 4957 1522 5014 6‘s
1571 4965 1670 5015 τοῦ
1715 4959 1974 5036 ἀποπομ-

302 5049 506 5110 παίου.
561 5048 777 5106 Τούτων
805 5049 852 5089 ³⁸
913 5049 1015 5124 γὰρ
1080 5045 1327 5118 ἕκαστος,
1382 5047 1472 5104 καὶ
1544 5049 1726 5125 μυρίοι
1786 5049 1972 5120 ἄλλοι,

308 5141 457 5218 μετᾶ
484 5147 586 5210 τῆς
618 5140 817 5216 σαρκὸς
847 5139 935 5194 καὶ
971 5136 1213 5194 ἀνελθεῖν
1262 5138 1350 5193 καὶ
1403 5136 1680 5213 διαμένειν
1728 5141 1820 5196 καὶ
1869 5161 1971 5196 πα-

303 5229 638 5310 ραγενέσθαι
697 5230 838 5286 κατᾶ
891 5230 994 5300 τήν
1049 5224 1299 5303 δευτέραν
1365 5227 1531 5284 αὐτοῦ
1616 5228 1974 5303 κηρύττουσιν

2085 4604 2430 4674 depulsoria,
2463 4602 2803 4671 Averrunci,
2836 4604 2893 4657 et
2920 4597 3212 4655 innumeri
3242 4595 3343 4652 alii
3387 4610 3522 4651 cum
3555 4604 3730 4650 carne

2082 4696 2312 4751 venisse
2340 4710 2407 4751 ac
2438 4692 2746 4759 mansisse,
2779 4696 2836 4748 et
2866 4691 2951 4746 sic
2982 4703 3111 4746 esse
3140 4687 3213 4744 ad
3245 4685 3570 4742 secundum
3601 4682 3730 4752 ejus

2084 4801 2271 4857 usque
2300 4786 2615 4841 adventum
2648 4784 2876 4840 docent.
2899 4783 3207 4849 Pr0ptcrea
3228 4789 3458 4848 quoque
3479 4769 3732 4827 ccelestis

2084 4891 2151 4932 ac
2177 4881 2468 4938 terrenus,
2493 4873 2744 4929 visibilis
2765 4877 2939 4943 atque
2960 4865 3298 4925 invisibilis.
3323 4859 3583 4919 Visibilis
3605 4857 3732 4930 qui-

2083 4965 2218 5022 dem
2267 4981 2402 5021 cum
2453 4962 2778 5030 divinitate,
2811 4977 2928 5017 non
2976 4956 3304 5014 secundum
3336 4947 3727 5015 divinitatem,

2083 5055 2182 5111 sed
2216 5054 2542 5111 secundum
2574 5067 2823 5124 corpus:
2859 5062 3099 5105 rursum
3130 5058 3366 5117 quoque
3414 5036 3730 5097 invisibilis

2083 5161 2218 5200 cum
2249 5143 2630 5210 humanitate,
2657 5157 2770 5197 non
2794 5137 3120 5196 secundum
3145 5131 3600 5195 humanitatem,
3624 5126 3728 5185 sed

2083 5232 2472 5299 divinitatem,
2488 5235 2714 5287 creatus
2736 5234 2794 5286 et
2813 5228 3131 5292 increatus,
3146 5224 3378 5294 aliaque
3399 5217 3728 5278 secundum

385 5352 466 5384 τοι
494 5343 583 5398 Isa
613 5356 769 5410 Lxm,
805 5343 856 5395 t.
886 5352 914 5394 y
935 5338 1080 5396 Ibid.
1102 5353 1123 5380 ι
1149 5338 1293 5395 Ibid.
1320 5339 1372 5393 2.
1397 5358 1420 5386 ει
1451 5339 1691 5398 Zachar.
1715 5357 1837 5411 xm,
1865 5342 1920 5398 6.
1943 5341 1969 5379 δ
2001 5341 2476 5410 Ibid.°Act.1,tt.
2499 5336 2525 5378 ἀ
2551 5341 2676 5395 Act.
2696 5354 2776 5407 ιι,
2802 5337 2874 5393 56
2904 5351 3023 5406 seq.
3057 5346 3081 5375 ο
3108 5337 3239 5389 Act.
3274 5349 3333 5402 ι,
3357 5331 3410 5387 1.
3452 5327 3472 5371 ί
3505 5326 3730 5384 Ibid.5-

1669 5449 1915 5507 VARIIE
1956 5449 2260 5508 LECTION
2273 5451 2375 5506 ES.

391 5560 434 5597 ¹⁸
465 5557 680 5631 Ἰησοῦς
721 5555 750 5610 6
780 5554 1135 5631 Χριστὸςς.
1216 5555 1261 5631 ξθ
1276 5553 1470 5631 ξαρκί]
1511 5553 1564 5610 ἐν
1594 5557 1750 5631 σαρκὶ
1791 5558 2142 5631 Stephanus.
2223 5557 2270 5592 ²⁰
2297 5553 2486 5631 τρίτου
2541 5573 2690 5631 corr.
2745 5561 2793 5611 Α
2824 5570 2840 5612 :
2873 5549 3095 5631 *τρίτον

3205 5594 3220 5608 .
3297 5549 3343 5587 εί
3403 5545 3432 5602 ὁ
3489 5543 3623 5603 add.
3682 5545 3732 5598 Λ

300 5636 354 5672 ³³
390 5614 921 5704 Ϊῌσαῖαςᾘλιιιξμ
994 5614 1602 5704 ξ’τείνεςλΖεὸιιζξιιι,
1633 5614 1686 5685 6.
1763 5631 1809 5666 ³⁸
1839 5614 2022 5684 ..ϊάνά
2054 5627 2214 5702 μέσον
2250 5631 2286 5685 Α
2331 5614 2343 5684 Ξ
2385 5628 2474 5682 καὶ
2531 5627 2798 5704 ἆνάμεσον
2860 5614 2954 5700 ς.’
3019 5625 3065 5661 ’³
3117 5614 3322 5694 tigrim]
3393 5621 3518 5678 Act.
3565 5634 3606 5686 ι,
3663 5614 3726 5671 11

303 5702 438 5742 εεοθο
468 5698 675 5772 Σαοὺλ]
710 5703 837 5758 Act.
869 5717 950 5772 ιι,
981 5702 1033 5757 4.
1113 5698 1160 5736 ³¹
1190 5698 1406 5757 τοῦτον.
1441 5698 1524 5771 ς’.
