4138 6228
395 389 514 449 983

1593 381 1856 446 PHOTII
1902 381 2434 443 PATRIARCH/E
2477 381 2592 443 GP.

3676 378 3800 438 984

393 522 553 594 piam
587 522 801 578 dictam
835 519 1266 576 distinctionem
1315 519 1775 575 considerantur.
1809 518 2034 573 Etenim

2155 516 2482 592 ἐπιφάνειαν.
2529 515 2620 569 Διὸ
2661 514 2748 569 καὶ
2819 515 2920 568 6³³
2987 512 3147 575 αὐτός
3206 511 3345 567 ἐστιν
3403 511 3655 586 οὐράνιος
3711 514 3802 566 καὶ

393 629 536 670 caro,
559 616 760 667 nostra
801 611 916 666 Deo
963 608 1143 666 Verbo
1193 609 1360 664 unita
1406 608 1795 681 hypostatice,
1829 624 1941 663 non
1977 608 2035 662 in

393 699 779 755 substantiam
823 699 989 754 Verbi
1032 702 1258 753 mutata
1302 703 1411 765 est,
1443 697 1550 753 etsi
1601 697 1695 752 Dei
1727 714 1860 752 caro
1892 697 2040 751 facta

393 793 500 856 est,
535 804 722 859 neque
755 789 1010 844 Verbum
1042 787 1099 842 in
1134 804 1392 854 carnem,
1427 787 1534 842 etsi
1586 787 1881 858 propriam
1927 786 2037 841 sibi

387 876 540 932 hanc
588 877 922 948 sumpserit.
956 877 1067 932 Sed
1115 893 1268 932 unus
1317 877 1590 947 idemque
1638 875 1851 930 dicitur
1879 874 2040 930 Chri-

389 970 549 1022 stus:
580 971 844 1021 servatur
901 981 1034 1021 vero
1082 964 1348 1034 indivise,
1378 972 1428 1018 et
1460 964 1587 1019 sine
1615 965 1951 1031 mutatione,
1984 967 2040 1018 et

389 1056 681 1126 quomodo
712 1056 765 1109 in
799 1055 890 1110 his
920 1060 976 1110 et
1004 1071 1071 1109 ex
1104 1054 1194 1109 his
1226 1053 1597 1124 cognoscitur
1640 1053 1933 1119 Christus,
1968 1069 2038 1107 ex

388 1142 500 1198 alio
532 1144 593 1200 in
623 1143 800 1198 alium
835 1160 948 1199 non
983 1142 1217 1212 mutari,
1250 1145 1346 1198 sed
1403 1147 1466 1196 ut
1509 1158 1918 1212 sapenumeru
1949 1143 2038 1197 di-

389 1237 568 1302 ctum,
595 1249 752 1288 unus
788 1233 1060 1303 idemque
1090 1237 1181 1287 est
1210 1245 1257 1286 s.
1285 1231 1444 1285 Idem
1487 1239 1814 1302 generatur,
1837 1237 2039 1301 estque

390 1321 516 1379 sine
545 1322 880 1394 genealogis
931 1322 1255 1379 secundum
1300 1321 1463 1376 aliud
1514 1327 1684 1390 atque
1733 1322 1912 1377 aliud.
1945 1326 2036 1377 Et-

390 1413 544 1468 enim
578 1429 737 1468 sacra
768 1411 1068 1484 Scriptura
1092 1412 1205 1466 ait:
1237 1416 1410 1468 Homo
1439 1415 1538 1476 est,
1563 1412 1685 1481 quis
1714 1414 1860 1466 nevit
1890 1428 2035 1481 eum,

387 1501 801 1573 generationem
845 1503 964 1572 ejus
1011 1503 1136 1574 quis
1181 1501 1518 1556 enarrabit?
1548 1500 1655 1555 Sed
1700 1507 1756 1555 et
1800 1518 2035 1556 rursum

390 1592 623 1657 clamat,
647 1591 810 1646 Liber
835 1593 1212 1662 generationis
1250 1592 1377 1646 Iesu
1415 1588 1624 1643 Christi
1661 1588 1772 1659 ﬁlii
1797 1591 1967 1646 David
1990 1589 2033 1644 ιι.

390 1681 578 1745 Quare
637 1680 963 1736 secundum
1023 1679 1383 1735 divinitatem
1435 1678 1852 1749 ingenerabilis
1899 1683 2034 1735 est:

389 1770 710 1825 secundum
763 1769 1197 1824 humanitatem
1251 1783 1385 1824 vero
1445 1767 1814 1838 generabilis.
1877 1769 2034 1826 Idem

391 1858 702 1931 pranoscit
731 1859 947 1928 omnia,
971 1863 1062 1913 est
1091 1859 1247 1913 enim
1282 1862 1486 1912 natura
1519 1857 1689 1923 Deus,
1715 1861 1771 1912 et
1800 1874 2036 1914 rursum

391 1947 662 2020 ignorare
710 1948 927 2003 dicitur
964 1949 976 1987 ί
1018 1953 1344 2004 extremum
1377 1946 1528 2001 diem
1553 1961 1654 2014 per
1675 1963 1908 2003 carnem
1936 1966 2040 2005 no-

391 2041 611 2094 stram:
645 2043 699 2092 et
737 2037 920 2109 Neque
969 2053 1056 2092 me
1109 2036 1308 2093 videtis
1358 2052 1530 2108 neque
1588 2041 1812 2094 Patrem
1857 2054 2040 2094 meum

388 2124 584 2180 videtis
621 2128 676 2194 i;
739 2131 796 2182 et
845 2142 1081 2181 rursum
1135 2125 1357 2181 scilicet
1413 2127 1671 2185 humana
1717 2129 2044 2184 conditione

392 2213 553 2271 scitis
593 2215 660 2268 ιε
721 2215 787 2269 Et
856 2214 1000 2270 unde
1046 2214 1155 2270 sim
1196 2217 1370 2271 scitis.
1422 2217 1485 2272 Si
1531 2234 1628 2289 ego
1670 2217 2044 2273 testimonium

389 2302 645 2374 perhibeo
676 2301 742 2358 de
770 2318 856 2356 me
887 2303 1024 2371 ipso,
1048 2305 1447 2359 testimonium
1476 2323 1662 2361 meum
1693 2322 1802 2362 non
1835 2311 1913 2362 est
1940 2323 2041 2362 ve-

403 2408 531 2446 rum
559 2390 592 2461 ι,
629 2391 771 2448 alibi
804 2407 1039 2463 quoque
1064 2409 1076 2448 :
1106 2397 1169 2448 Et
1191 2395 1240 2446 si
1273 2410 1371 2464 ego
1393 2396 1764 2452 testimonium
1781 2396 2042 2468 perhich

397 2478 464 2535 de
490 2495 579 2535 me
607 2481 743 2552 ipso,
792 2497 980 2536 verum
1029 2485 1109 2536 est
1158 2483 1532 2538 testimonium
1593 2502 1774 2540 meum
1820 2497 1880 2541 ω.
1924 2485 2042 2540 Hoc

395 2568 630 2640 quidem
655 2575 918 2640 respectu
944 2570 1301 2625 divinitatis:
1325 2571 1468 2627 illud
1495 2589 1625 2629 vero
1651 2573 2040 2629 humanitatis

398 2664 684 2730 respectu.
719 2657 878 2714 Unus
926 2659 1113 2716 2586
1155 2659 1351 2730 itaque
1399 2663 1670 2733 idemque
1716 2667 1806 2718 est
1855 2662 2036 2718 incir-

397 2749 788 2820 cumscriptus
819 2753 876 2803 et
905 2747 1402 2820 circumscriptus,
1437 2759 1714 2823 tanquam
1756 2753 1904 2808 duas
1937 2768 2037 2823 ge-

395 2839 728 2894 nerationes
775 2837 999 2894 habens
1030 2845 1086 2894 et
1116 2839 1493 2907 substantias,
1531 2859 1683 2897 unus
1731 2847 1948 2898 tamen.
1979 2843 2035 2895 8i

389 2942 524 2983 vero
559 2929 732 2984 unius
763 2931 849 2983 est
888 2929 1230 2984 substantias
1272 2930 1597 2986 secundum
1640 2948 1896 3001 carnem,
1931 2931 2036 2986 hoc

392 3022 593 3072 contra
647 3016 894 3084 Manem,
929 3033 1106 3072 unam
1140 3017 1298 3072 illius
1327 3018 1761 3075 confitebuntur
1790 3035 2037 3091 genera-

2148 604 2410 679 ἐπίγειος,
2462 604 2652 679 ὁρατὸς
2702 605 2792 658 καὶ
2842 603 3092 678 ἀόρατος,
3148 602 3345 676 ὁρατὸς
3393 603 3486 674 μὶν
3537 601 3672 674 μετὰ
3700 607 3803 670 τῆς

2150 694 2429 766 θεότητος,
2471 694 2531 748 οὐ
2562 695 2699 749 κατά
2727 695 2828 762 τὴν
2859 693 3117 764 θεότητα,
3147 691 3296 746 ἀλλά
3325 690 3460 746 κατὰ
3506 691 3569 746 τὸ
3615 696 3801 764 σῶμα,

2152 782 2383 857 ἀόρατος
2434 781 2490 836 δὲ
2541 781 2705 837 πάλιν
2761 781 2895 854 μετᾶ
2943 788 3042 850 τῆς
3084 780 3527 854 ἀνθρωπότητος,
3563 779 3625 833 οὐ
3664 779 3805 833 κατᾶ

2148 871 2244 939 τὴν
2297 869 2714 946 ἂνθρωπότητα,
2756 868 2900 925 ἀλλὰ
2954 869 3092 924 κατὰ
3137 869 3234 936 τὴν
3277 869 3529 938 θεότητα,
3579 868 3801 928 κτιστὸς

2147 963 2236 1014 καὶ
2277 959 2547 1029 ἄκτιστος,
2596 960 2686 1014 καὶ
2733 961 2830 1014 ὅσα
2879 957 3024 1014 ἄλλα
3075 961 3297 1013 τοιαῦτα
3343 958 3480 1013 κατὰ
3517 958 3616 1026 τὴν
3647 957 3803 1030 εἰρη-

2151 1052 2316 1124 μένην
2380 1045 2572 1119 εὐσεϐῆ
2634 1054 2914 1125 θεωρεῖται
2987 1047 3274 1123 διάκρισιν.
3345 1049 3446 1106 Καὶ
3515 1049 3621 1124 γὰρ
3669 1051 3704 1118 ἡ
3747 1049 3798 1120 ἐξ

2147 1141 2307 1210 ἡμῶν
2354 1141 2501 1215 σὰρξ,
2562 1141 2818 1194 ὶνωθεῖσα
2871 1143 2950 1211 τῷ
3000 1143 3116 1212 Θεῷ
3169 1139 3328 1213 Λόγῳ
3381 1139 3501 1192 καθ’
3557 1139 3803 1192 ὑπόστα-

2151 1250 2253 1296 σιν,
2307 1231 2409 1284 οὐκ
2456 1228 2531 1291 εἰς
2578 1231 2675 1299 τὴν
2728 1228 2909 1283 οὐσίαν
2959 1223 3270 1301 μετεϐλήθη
3335 1231 3432 1281 τοῦ
3501 1229 3705 1302 Λόγου,
3753 1227 3800 1282 εἰ

2146 1319 2236 1373 καὶ
2284 1324 2420 1373 Θεοῦ
2469 1319 2658 1395 γέγονε
2707 1319 2835 1392 σάρξ
2871 1338 2884 1350 ·
2931 1314 3056 1372 οὐδὲ
3104 1319 3132 1372 ὁ
3182 1316 3357 1392 Λόγος
3405 1317 3481 1378 εἷς
3526 1317 3724 1391 σάρκα,
3756 1318 3803 1371 εἰ

2147 1408 2238 1463 καὶ
2297 1406 2434 1462 ἰδίαν
2485 1407 2846 1480 οἰκονομικῶς
2897 1408 3195 1478 ἐποιήσατο
3253 1408 3352 1475 τήν
3413 1404 3604 1480 σάρκα’
3671 1403 3804 1460 ἀλλ’

2149 1501 2229 1560 εἷς
2267 1498 2361 1572 μὲν
2393 1497 2734 1572 λέγεταικαὶ
2786 1493 2900 1553 ἔστι
2948 1497 3203 1572 Χριστὸς,
3260 1496 3487 1566 σώζεται
3529 1494 3587 1550 δὶ
3637 1496 3802 1550 ἄκαι-

2147 1590 2470 1661 νοτομητως
2508 1587 2596 1641 καὶ
2654 1587 2978 1663 ἀχωρίστως
3014 1587 3104 1641 καὶ
3149 1586 3216 1641 τὰ
3259 1587 3311 1655 ἓξ
3363 1587 3436 1639 ὧν
3472 1586 3562 1640 καὶ
3616 1585 3668 1639 ἐν
3713 1586 3802 1646 οἷς

2147 1682 2349 1732 νοεῖται
2382 1676 2640 1750 Χριστὸς,
2685 1677 2782 1730 οὐκ
2813 1674 2984 1736 ἄλλος
3015 1675 3105 1730 καὶ
3137 1675 3308 1737 ἄλλος
3343 1697 3355 1708 ·
3392 1677 3466 1748 μὴ
3526 1673 3748 1749 γένοιτο
3785 1693 3799 1707 '

2149 1765 2280 1821 ἀλλ’
2328 1764 2510 1840 ὥσπερ
2557 1764 2829 1828 πολλάκις
2871 1764 3104 1840 ε’ἰρηται,
3157 1766 3233 1827 εἷς
3285 1766 3374 1818 καὶ
3426 1766 3453 1818 6
3505 1764 3692 1826 αὐτός.
3744 1765 3800 1818 Ὀ

2148 1856 2310 1918 αὐτὸς
2361 1856 2762 1932 γενεαλογεῖται
2825 1859 2914 1910 καὶ
2973 1851 3116 1910 ἔστιν
3175 1853 3630 1932 ἀγενεαλόγητος,
3679 1859 3806 1910 κατ’

2147 1945 2289 2001 ἄλλο
2322 1943 2580 2015 δηλονότι
2616 1947 2702 1999 καὶ
2739 1943 2901 2000 ἄλλο.
2938 1944 3039 2002 Καὶ
3071 1945 3174 2020 γὰρ
3205 1944 3270 1999 τὰ
3290 1944 3407 2018 ἱερὰ
3441 1943 3608 2018 Λόγιά
3640 1964 3797 2016 φησι·

2153 2036 2256 2092 Καί
2313 2034 2600 2110 ἄνθρωπός
2667 2037 2712 2072 ³³
2779 2035 2911 2105 ἐστι,
2980 2034 3069 2088 καὶ
3136 2036 3220 2097 τίς
3295 2033 3558 2108 γνώσεται
3615 2032 3798 2101 αὐτὸν,

2150 2128 2237 2181 καὶ
2297 2127 2396 2195 τὴν
2451 2125 2632 2200 γενεὰν
2701 2123 2864 2180 αὐτοῦ
2929 2124 3010 2186 τίς
3068 2121 3424 2200 διηγήσεται;
3492 2121 3638 2178 ἀλλὰ
3704 2125 3794 2177 καὶ

2151 2212 2314 2270 πάλιν
2386 2215 2508 2289 βοᾷ,
2571 2210 2771 2274 Βίϐλος
2839 2216 2884 2251 ⁸⁸
2969 2212 3223 2289 γενέσεως
3287 2215 3466 2281 Ἰησοῦ
3549 2215 3800 2282 Χριστοῦ

2151 2305 2272 2360 υἱοῦ
2314 2300 2502 2359 Δαϐίδ.
2535 2307 2695 2358 ’Ώστε
2724 2303 2859 2359 κατὰ
2901 2304 2997 2377 μὲν
3038 2305 3137 2372 τὴν
3181 2302 3411 2373 θεότητα
3461 2301 3628 2356 αὐτοῦ
3675 2301 3800 2375 ἆγε-

2149 2392 2505 2468 νεαλόγητος,
2550 2394 2687 2448 κατά
2737 2389 2792 2447 δὲ
2840 2394 2939 2461 τήν
2989 2392 3385 2466 ἀνθρωπότητα
3439 2389 3800 2466 γενεαλογού-

2152 2503 2332 2557 μενος.
2370 2487 2425 2536 Ὀ
2474 2482 2634 2543 αὐτὸς
2687 2482 2860 2537 πάντα
2899 2482 3262 2558 προγινώσκει
3310 2480 3442 2552 (ἐστὶ
3491 2480 3594 2555 γὰρ
3643 2479 3800 2557 φύσει

2148 2571 2300 2643 Θεός)
2342 2570 2430 2625 καὶ
2463 2569 2627 2625 πάλιν
2659 2570 2875 2644 ἀγνοεῖν
2913 2571 3012 2639 τὴν
3064 2569 3300 2648 ἐσχάτην
3338 2567 3544 2643 ἡμέραν
3596 2566 3689 2622 διὰ
3738 2570 3801 2623 τὸ

2147 2661 2414 2734 ἡμέτερον
2450 2659 2663 2734 λέγεται
2695 2658 2940 2738 φύραμα.
2977 2660 3083 2715 Καί
3119 2678 3130 2691 ⁸
3163 2656 3303 2716 Οὕτε
3333 2657 3430 2731 ἐμὲ
3462 2655 3645 2712 οἴδατε
3671 2655 3800 2713 οὔτε

2146 2749 2237 2804 τὸν
2276 2751 2486 2824 Πατέρα
2535 2769 2639 2822 μου
2690 2746 2872 2804 οἷ’δατε
2915 2769 2928 2781 ·
2978 2748 3069 2803 καὶ
3115 2746 3303 2816 πάλιν,
3354 2744 3612 2818 δηλονότι
3657 2750 3798 2802 κατᾶ

2143 2840 2204 2894 τὸ
2255 2839 2610 2913 ἀνθρώπινον,
2654 2838 2810 2910 Κάμὲ
2862 2835 3042 2893 οἷ’δατε
3091 2837 3179 2892 καὶ
3229 2838 3392 2892 πόθεν
3445 2837 3556 2910 εἰμὶ
3587 2833 3790 2894 οἴδατε.

2145 2931 2265 2985 Ἔτι
2296 2926 2372 2998 δὲ,
2407 2929 2474 2986 Εἴ
2505 2927 2612 3004 ἐγὼ
2641 2929 2761 2966 ³⁵·³⁶
2795 2932 3054 3004 μαρτυρῶ
3093 2928 3217 3002 περὶ
3266 2927 3529 3000 ἐμαυτοῦ,
3568 2929 3600 2996 ἠ
3648 2946 3789 3001 μαρ-

2146 3017 2303 3094 τυρία
2365 3040 2469 3092 μου
2521 3019 2624 3073 οὐκ
2678 3013 2820 3073 ἔστιν
2862 3015 3100 3087 ἂληθήςο
3161 3019 3280 3090 [797
3335 3018 3429 3089 11.]
3472 3017 3558 3070 καὶ
3617 3013 3794 3070 ἄλλα·

391 3105 634 3172 tionem,
669 3109 725 3161 et
753 3107 963 3161 frustra
994 3105 1172 3160 Filius
1205 3107 1456 3162 hominis
1486 3109 1800 3165 vocabitur.
1836 3110 2029 3166 Hacte-

2148 3113 2274 3184 χοῦ,
2325 3108 2385 3164 Εἰ
2422 3107 2528 3183 ἐγὼ
2577 3112 2836 3182 μαρτυρῶ
2871 3107 2987 3181 περὶ
3019 3105 3275 3179 ἐμαυτοῦ,
3316 3109 3350 3175 ἡ
3388 3105 3652 3181 μαρτυρία
3687 3127 3795 3177 μου

2158 3195 2204 3214 ’ἱ
2264 3198 2289 3214 Λ
2319 3199 2330 3214 1
2405 3195 2427 3214 ἀ
2625 3196 2638 3214 \
2733 3196 2747 3212 κ
2848 3191 2872 3214 δ
2980 3196 3105 3214 ΓΙΙΙὟ
3147 3195 3190 3214 τῖ
3223 3195 3240 3214 Ἰ
3333 3193 3348 3214 Ἇ
3439 3193 3514 3214 n,‘
3617 3192 3663 3214 ’Ἰ
3703 3193 3754 3214 η’

391 3209 500 3247 nus
531 3193 718 3265 capite
749 3194 936 3264 primo
967 3196 1079 3250 ista
1109 3199 1463 3267 exsequitur.

2146 3195 2364 3268 ἀληθής
2404 3195 2534 3251 ἔστι·
2587 3196 2648 3250 τὸ
2693 3196 2786 3268 μὲν
2845 3191 2932 3248 δια
2979 3196 3105 3267 [417
3146 3195 3240 3266 Η.]
3289 3193 3388 3261 τὴν
3439 3193 3585 3247 θεὶαν
3617 3192 3663 3228 ³⁷
3694 3193 3798 3246 αὐ-

387 3283 488 3335 τοῦ
547 3279 726 3359 φύσιν,
782 3283 844 3335 τὸ
903 3279 958 3336 δὲ
1016 3280 1103 3337 διὰ
1157 3285 1258 3352 τήν
1317 3285 1727 3359 ἀνθρωπότητα.
1788 3288 1975 3349 Οὕτως
2007 3286 2202 3341 ³⁸.οῦν
2244 3285 2384 3342 ἐστιν
2417 3289 2445 3341 6
2511 3285 2670 3348 αὐτὸς
2725 3285 3128 3361 ἀπερίγραπτος
3177 3285 3266 3339 καὶ
3296 3283 3688 3359 περίγραπτος,
3720 3284 3798 3344 ὡς

387 3365 484 3424 δύο
509 3368 742 3445 γενέσεις
773 3368 916 3446 ἔχων
945 3372 1031 3425 καὶ
1067 3369 1162 3425 δύο
1196 3373 1378 3436 οὐσίας
1412 3375 1440 3428 6
1473 3377 1569 3432 εἷς.
1615 3377 1674 3430 Ei
1727 3373 1783 3431 δὲ
1845 3381 1971 3449 μιᾶς
2041 3373 2223 3438 οὐσίας
2275 3375 2384 3431 ἐστὶ
2447 3374 2582 3448 μετὰ
2639 3377 2684 3411 ³⁸
2741 3375 2840 3443 τήν
2897 3375 3166 3450 σάρκωσιν
3221 3374 3359 3429 κατὰ
3426 3373 3517 3427 τὸν
3575 3373 3793 3442 Μάνην,

388 3458 514 3531 μίαν
583 3459 750 3514 αὐτοῦ
816 3481 1028 3516 παντως
1089 3460 1504 3540 ὁμολογήσουσι
1565 3465 1654 3519 καὶ
1711 3467 1810 3535 τήν
1863 3467 2134 3541 γέννησιν,
2189 3466 2278 3520 καὶ
2341 3465 2514 3538 μάτην
2577 3465 2700 3527 Υἱὸς
2756 3461 3045 3538 ἀνθρώπου
3111 3463 3394 3534 κέκληται.
3455 3463 3524 3516 Τὸ
3586 3470 3681 3536 μὲν
3729 3460 3792 3516 οὗ

383 3553 604 3622 πρῶτον
635 3546 932 3627 κεφάλαιον
965 3547 1112 3606 οὕτω
1152 3556 1270 3614 πῶς
1299 3551 1552 3622 ἐπῆλθεν.

457 3640 721 3696 Alterum
772 3659 905 3697 vero
937 3644 1020 3698 sic
1051 3643 1327 3698 disserit:
1367 3644 1424 3699 Si
1478 3645 1735 3702 mortalis
1780 3647 1867 3704 vel
1918 3648 2030 3703 im-

387 3731 652 3787 mortalis
675 3733 938 3789 Adamus
963 3733 1128 3788 initio
1160 3735 1430 3790 conditus
1461 3741 1570 3802 est,
1594 3740 1821 3792 constat
1849 3737 2030 3793 Deum

387 3837 504 3876 non
539 3821 744 3878 fecisse
772 3826 1041 3890 mortem,
1074 3839 1265 3894 neque
1313 3824 1614 3880 hominum
1657 3826 1889 3882 interitu
1932 3827 2031 3881 de-

386 3908 624 3966 lectari:
658 3910 873 3966 invidia
924 3912 1209 3968 daemonis
1249 3929 1408 3968 mors
1437 3915 1495 3968 in
1529 3918 1811 3971 mundum
1852 3917 2026 3983 venit,

376 3999 561 4069 jussit
590 4016 723 4056 vero
756 4000 1050 4056 hominem
1093 4001 1430 4074 aliquandiu
1480 4020 1717 4060 manere
1759 4005 2031 4060 incorru-

385 4093 574 4159 ptum,
608 4096 960 4162 praeceptum
1006 4091 1455 4147 custodiendum
1489 4093 1540 4147 ei
1582 4095 1836 4161 tradens,
1872 4095 2024 4166 quod

378 4179 818 4250 transgrediens
843 4196 941 4250 pro
957 4180 1186 4235 incorru
1199 4181 1385 4252 ptibili
1409 4198 1572 4237 corru
1585 4183 1800 4253 ptibilis
1822 4185 2025 4240 evasit.

383 4266 671 4324 Libertate
728 4269 885 4324 enim
945 4269 1166 4324 arbitrii
1229 4271 1475 4326 donatus
1522 4271 1721 4340 homo,
1775 4274 2030 4344 abripuit

380 4361 587 4427 sponte
623 4358 776 4428 quod
811 4358 1066 4413 deterius
1112 4363 1219 4426 est,
1255 4358 1454 4415 relicto
1489 4359 1743 4417 meliore.
1777 4362 1880 4416 Sed
1917 4364 2026 4416 im-

2213 3644 2291 3702 T6
2324 3642 2380 3698 δέ
2493 3646 2637 3699 οὕτω
2669 3642 2928 3699 διευθετεῖ
2961 3665 2974 3677 ·
3023 3643 3148 3701 Εἴτε
3192 3643 3405 3714 θνητὸς,
3456 3643 3639 3722 φησὶν.
3684 3642 3790 3698 εἴτε

2141 3735 2403 3796 ἀθάνατος
2430 3734 2674 3805 ἐπλάσθη
2705 3737 2803 3804 τήν
2833 3735 3013 3810 ἀρχὴν
3047 3735 3074 3789 ὁ
3121 3731 3320 3806 ’Δδάμ,
3370 3731 3653 3808 πρόδηλον
3704 3730 3788 3788 ὅτι

2141 3827 2168 3880 6
2217 3826 2344 3888 Θεὸς
2391 3824 2614 3882 θάνατον
2665 3825 2763 3880 οὐκ
2811 3825 3062 3895 ἐποίησεν
3115 3821 3238 3879 οὐδὲ
3287 3823 3540 3898 τέρπεται
3575 3824 3655 3879 ἐπ’
3687 3823 3789 3879 ἃπ-

2140 3911 2314 3986 ωλείᾳ
2345 3914 2589 3983 ζώντων,
2619 3915 2796 3990 φθόνῳ
2843 3911 2899 3968 δὲ
2949 3909 3211 3969 διαϐόλου
3253 3913 3483 3975 Θάνατος
3534 3913 3788 3982 εἰσῆλθεν

2139 4003 2214 4065 εἷς
2245 4004 2335 4058 τὸν
2368 4004 2596 4077 κόσμον.
2650 4005 2778 4058 Ὑπὸ
2820 4001 2877 4058 δέ
2908 4024 3026 4058 τινα
3067 4003 3241 4076 μένειν
3291 4002 3418 4075 ὅρον
3470 4003 3524 4056 ἒν
3577 4003 3794 4076 ἀφθαρ-

2139 4091 2225 4164 σίᾳ
2248 4095 2338 4147 τὸν
2391 4091 2674 4167 ἄνθρωπον
2726 4090 3123 4162 διεκελεύσατο,
3164 4092 3395 4162 ἐντολὴν
3424 4091 3502 4153 εἷς
3541 4091 3792 4169 φυλακήν

2136 4179 2530 4254 παραθέμενος,
2577 4182 2638 4250 ἣν
2685 4175 3086 4254 παραϐεϐηκὼς
3133 4182 3233 4250 τὴν
3269 4180 3471 4258 φθορὰν
3518 4180 3637 4235 ἀντὶ
3691 4187 3794 4249 τῆς

2137 4271 2430 4347 ἀφθαρσίας
2480 4271 2736 4348 εἰσήγαγε
2769 4275 2884 4342 ’τῷ
2930 4272 3024 4344 μὲν
3081 4273 3180 4346 γὰρ
3228 4269 3562 4343 αὐτεξουσίῳ
3619 4291 3790 4342 τιμη-

2136 4361 2244 4422 θεὶς
2301 4361 2328 4414 6
2382 4357 2660 4434 ἄνθρωπος
2715 4358 2890 4416 εἷ’λετο
2938 4360 3002 4415 τὸ
3051 4365 3264 4438 χεῖρον,
3319 4360 3456 4414 ἑκὼν
3489 4359 3678 4438 φυλὼν
3727 4359 3791 4414 τὸ

379 4447 683 4501 mortalem
736 4445 987 4503 animam
1023 4451 1077 4502 et
1110 4446 1536 4513 intelligibilem
1585 4455 1859 4519 creatam,
1896 4456 2026 4522 post

2146 4448 2378 4522 ἴμεινον.
2440 4448 2616 4506 Ἀλλᾶ
2665 4452 2754 4504 καὶ
2805 4449 2972 4521 αὐτὴν
3024 4451 3122 4518 τήν
3169 4450 3358 4528 ψυχὴν
3409 4448 3668 4504 ἀθάνατον
3698 4449 3792 4502 καὶ

380 4533 610 4606 lapsum
642 4537 864 4591 scimus
897 4537 1066 4591 morti
1101 4537 1406 4592 tradidisse
1432 4555 1445 4593 :
1473 4539 1647 4610 idque
1671 4556 1785 4596 non
1817 4555 2028 4611 corpo-

383 4622 490 4680 rali
542 4625 734 4690 modo,
761 4641 981 4696 verum,
1014 4627 1169 4697 quod
1220 4632 1307 4682 est
1349 4627 1602 4699 gravius,
1646 4629 2023 4700 intelligibili.

383 4713 691 4770 Peccatum
742 4716 899 4770 enim
952 4715 1131 4771 animi
1181 4718 1444 4787 quaedam
1499 4733 1656 4773 mors
1704 4726 1810 4785 est,
1854 4719 2027 4774 veluti

381 4821 611 4876 poenam
646 4808 702 4860 et
731 4805 1145 4876 sempiternam
1191 4811 1615 4875 corruptionem
1657 4805 1741 4861 illi
1775 4823 2023 4879 parans:

384 4897 586 4952 Timete
637 4896 734 4968 qui
785 4900 958 4966 potest
1021 4897 1277 4952 animam
1331 4901 1383 4950 et
1430 4911 1624 4968 corpus
1689 4898 1912 4967 perdere
1966 4897 2027 4952 in

380 4988 694 5058 gehennam
720 4997 767 5040 ιι.
800 4983 1055 5056 Simplex
1095 4984 1275 5055 igitur
1314 4985 1471 5040 solus
1517 4991 1607 5040 est
1654 4985 1806 5041 Deus
1857 4991 2028 5058 atque

378 5075 934 5146 incircumscriptus.
959 5074 1144 5130 Omne
1165 5074 1320 5130 enim
1347 5075 1499 5145 quod
1533 5075 2032 5132 circumscribitur

382 5165 630 5238 simplex
659 5182 773 5222 non
806 5170 916 5237 est,
940 5165 1138 5221 omnia
1169 5165 1323 5220 enim
1353 5168 1558 5237 praeter
1583 5165 1760 5220 Deum
1792 5182 2027 5237 compo-

2137 4542 2340 4610 νοητὴν
2387 4538 2883 4615 δημιουργηθεῖσαν
2952 4538 3011 4595 ἐκ
3066 4534 3424 4614 παραϐάσεως
3482 4537 3637 4611 ἴσμεν
3699 4539 3788 4590 θα-

2136 4628 2283 4702 νάτῳ
2331 4626 2806 4703 παραδεδομένην,
2857 4629 2902 4683 εἷ
2949 4628 3041 4684 καὶ
3093 4629 3170 4702 μὴ
3213 4627 3473 4699 αἰσθητῷ,
3521 4623 3667 4680 ἀλλὰ
3716 4646 3783 4700 γε

2136 4719 2218 4791 (τὸ
2251 4715 2889 4793 χαλεπιῖ›τερον).νοητῷ.
2924 4722 2984 4773 Ἡ
3017 4716 3256 4793 ἁμαρτία
3284 4717 3387 4794 γὰρ
3423 4714 3585 4784 αὐτῆς
3635 4713 3781 4769 ἔστιν

2139 4808 2167 4861 6
2215 4807 2460 4876 θάνατος,
2515 4807 2591 4871 ὥς
2627 4805 2850 4863 κόλασιν
2903 4807 3038 4881 αὐτῇ
3089 4807 3179 4862 καὶ
3211 4806 3416 4883 φθορὰν
3454 4807 3789 4880 προξενοῦσα

2137 4895 2428 4972 ἄφθαρτον.
2474 4891 2765 4968 Φοϐήθητε
2796 4898 2922 4972 γὰρ,
2955 4897 3090 4971 φησὶ
3121 4897 3187 4967 ⁴⁰,
3223 4896 3315 4951 τὸν
3359 4893 3660 4970 δυνάμενον
3700 4895 3786 4948 καὶ

2136 4987 2234 5053 τήν
2304 4988 2493 5060 ψυχὴν
2563 4988 2651 5041 καὶ
2700 4987 2760 5041 τὸ
2829 4989 2988 5060 σῶμα
3045 4983 3097 5039 ἐν
3155 4985 3343 5060 γεέννῃ
3401 4984 3671 5039 ἀπολέσαι
3721 4987 3786 5042 4⁸.

2139 5072 2376 5135 Ἃπλοῦς
2436 5073 2492 5130 δὲ
2547 5075 2708 5149 μόνος
2757 5075 2898 5130 ἐστὶν
2952 5077 2979 5130 6
3025 5075 3179 5144 Θεὸς,
3221 5073 3630 5149 ἀπερίγραπτος
3691 5071 3785 5130 ὥν·

2140 5169 2241 5220 πᾶν
2274 5165 2375 5242 γὰρ
2405 5165 2467 5220 τὸ
2496 5166 2864 5241 περίγραπτον
2894 5166 3005 5240 οὐχ
3044 5164 3274 5224 ἁπλοῦν.
3318 5164 3400 5221 Τὰ
3440 5162 3498 5219 δὲ
3536 5164 3685 5236 παρᾶ
3731 5165 3790 5218 τὸ

454 5290 675 5362 sHebr.
709 5307 803 5345 vn.
830 5291 882 5348 3.
932 5289 958 5330 ιι
1012 5290 1125 5347 lsa.
1165 5307 1279 5359 ωλι,
1323 5292 1377 5346 8.
1416 5291 1428 5331 ί
1470 5291 1671 5347 Matth.
1712 5308 1752 5361 ι,
1788 5291 1870 5347 Li
1912 5291 2033 5348 Mar

2146 5293 2354 5361 :m,32.
2380 5292 2408 5332 ιι
2443 5292 2610 5351 Joan.
2665 5311 2764 5362 vn,
2798 5295 2851 5350 8.
2893 5292 2904 5333 ¹
2942 5295 3110 5352 Joan.
3151 5311 3205 5356 v,
3246 5296 3335 5351 31.
3377 5306 3416 5335 ω
3452 5297 3622 5351 Joan.
3665 5310 3788 5360 vni,

383 5361 468 5416 14.
504 5375 529 5402 η
562 5361 764 5417 Matth.
800 5380 852 5432 ι,
886 5363 989 5432 20.¹

1751 5473 1839 5529 VA
1849 5473 1987 5530 RLE
2031 5473 2432 5530 LECTIONES.

451 5577 498 5612 ⁸³
531 5577 558 5631 6
585 5592 698 5633 om.
735 5592 821 5648 pr.
856 5577 923 5631 A.
1001 5576 1046 5612 ³³
1075 5576 1164 5630 καὶ
1409 5579 1518 5634 Ῑ88..
1551 5595 1606 5646 v,
1640 5581 1693 5637 8.

451 5669 497 5703 .t.
536 5650 622 5703 14.
697 5648 744 5685 ⁸⁷
778 5647 923 5700 θείαν
959 5645 1126 5702 αὐτοῦ
1162 5656 1202 5702 Λ
1239 5667 1251 5703 :
1319 5654 1523 5703 ιιαυτοῦ
1565 5651 1646 5703 ς’.

383 5669 498 5719 νῐίι,
697 5645 750 5723 δῖ
778 5645 1126 5723 0s_ia1a5105
1162 5656 1202 5702 Α
1239 5667 1251 5704 :
1289 5645 1523 5722 ἐμαυτοῦ

383 5717 537 5780 λέσαι
570 5719 622 5777 ὲν
651 5720 844 5801 γεὲννῇ
876 5717 957 5791 ς.

1727 5653 1770 5688 ³⁸
1802 5653 1959 5714 οὗτος

1770 5576 2070 5676 ⁸⁴ρίϐλοΞῙ
2101 5582 2301 5676 Matth.
2338 5599 2376 5668 ξ,

2061 5693 2074 5708 .
2152 5651 2198 5688 3’
2230 5653 2363 5724 μετᾶ
2393 5656 2435 5709 Α
2471 5672 2482 5708 :
2515 5654 2648 5709 κατὰ

2539 5581 2661 5618 ³⁵ο³⁶
2690 5580 2735 5636 εἷ
2777 5580 2905 5688 ἐγώ]
2935 5583 3105 5640 Joan.
3135 5599 3189 5648 v,
3218 5583 3308 5640 3t.
3385 5580 3432 5617 ³⁸
3489 5581 3561 5654 εἰ]
3615 5585 3786 5637 Joan.

2539 5654 2646 5688 mm}.
2691 5654 2751 5688 τ-
2829 5657 2851 5688 o
2881 5650 3034 5688 ,ληᾶη
3066 5654 3244 5688 Μυσοῦ.
3304 5671 3335 5688 ν
3391 5656 3457 5688 09
3561 5653 3606 5688 41
3652 5652 3786 5688 ,ις-η-

2829 5657 2851 5690 ⁰
2881 5650 3034 5731 ᾦοϐο]
3066 5654 3269 5711 Matth.
3303 5671 3359 5725 Χ,
3391 5656 3483 5712 28.
3545 5650 3606 5689 ”⁴¹
3651 5652 3788 5707 ἁπο-
