4138 6228
340 455 460 520 989

1439 452 1978 517 BIBLIOTHECA.
2031 484 2105 496 -—
2151 449 2328 513 COD.
2377 452 2695 516 CCXXIX.

3637 456 3758 517 990

347 607 511 659 μασι.
548 585 736 656 Δῆλον
768 585 826 642 δὲ
855 588 954 657 ὡς,
1000 584 1125 642 ἔνθα
1160 587 1257 659 μία
1283 589 1402 642 καθ’
1451 588 1742 643 ὑπόστασιν
1791 584 2005 654 ἓνωσις,

2123 587 2203 644 ibi
2233 605 2467 644 omnem
2499 590 2805 646 divisionis
2836 590 3169 659 opinionem
3198 607 3560 651 evanescere.
3583 595 3770 651 Nosse

343 682 499 733 πᾶσα
531 674 847 752 διαιρέσεως
881 675 1110 732 ὑπόνοια
1138 677 1188 712 ⁵⁴
1217 675 1566 749 ἀπελήλαται
1601 697 1613 710 ⁸
1644 677 1707 732 τὸ
1738 676 1841 752 γὰρ
1873 698 2009 750 γνω·

345 769 520 842 ρίζείν
579 772 689 823 τῶν
744 768 944 823 οὐσιῶν
1001 768 1062 824 τὸ
1125 765 1382 846 διάφορον
1453 768 1549 823 οὐκ
1608 767 1718 824 ἔστι
1777 765 2003 842 διαιρεῖν

356 856 578 926 ταύτας,
609 859 750 914 κατὰ
795 858 887 913 τὸν
941 857 992 912 ἐν
1035 857 1212 934 ἁγίοις
1265 857 1561 934 Κύριλλον.
1610 861 1728 912 Ὅτι
1778 858 1839 913 τὸ
1878 857 2014 931 πρὸς

353 952 504 1022 ἡμᾶς
553 947 848 1021 ὁμοούσιον
907 953 1006 1004 τοῦ
1062 947 1576 1024 ένανθριυπήσαντος
1635 952 1773 1003 Θεοῦ
1834 947 2010 1022 Λόγου

356 1045 541 1117 σαφῶς
600 1042 635 1108 ἡ
697 1037 923 1104 σύνοδος
989 1039 1299 1115 ἀνεκήρυξε,
1369 1039 1840 1116 δογματιζόμενον
1917 1041 2009 1113 μὲν

355 1127 504 1200 παρᾶ
540 1131 650 1180 τῶν
701 1125 865 1180 ὁσίων
903 1129 1064 1200 ήμῶν
1118 1128 1396 1202 Πατέρων,
1453 1124 1606 1182 οὔπω
1639 1126 1696 1182 δὲ
1740 1133 1840 1196 τῆς
1887 1148 2010 1200 φω-

354 1220 455 1281 νῆς
488 1215 876 1289 οἶκουμενικῆς
925 1213 1154 1271 συνόδου
1204 1217 1522 1290 ψηφίσμασι
1571 1217 1669 1285 τὴν
1717 1211 2007 1291 βεϐαίωσιν

353 1301 662 1375 λαϐούσης,
722 1307 815 1359 Διὸ
873 1303 1088 1367 πάντως
1149 1305 1208 1360 ἃν
1271 1301 1617 1378 ἐξεϐέϐλητο,
1676 1308 1775 1375 τῆς
1831 1302 2014 1360 δυσσε-

355 1389 489 1456 ϐοῦς
552 1395 645 1467 μὶν
703 1391 866 1465 δόξης
924 1394 1203 1469 Εὑτυχοῦς
1264 1395 1315 1450 έν
1353 1399 1422 1469 τῇ
1483 1395 1751 1470 λῃστρικῇ
1803 1393 2045 1468 συνόδῳ,

352 1483 903 1560 παρρησιασαμένης,
961 1484 1048 1560 ὑφ’
1079 1485 1264 1560 ἑτέρας
1323 1482 1380 1539 δὲ
1436 1487 1511 1558 μὴ
1566 1483 2008 1560 κατακριθείσης,

351 1573 608 1629 κάκείνου
654 1574 749 1645 μὲν
801 1580 902 1642 τῆς
949 1571 1159 1636 δικαίας
1215 1573 1576 1648 καθαιρέσεως
1624 1574 2008 1641 ἀπολυθέντος,

356 1662 451 1718 ἐπὶ
503 1658 816 1718 Φλαϐιανὸν
865 1661 922 1718 δὲ
968 1665 1062 1718 τὸν
1111 1661 1384 1737 ἀοίδιμον,
1418 1664 1477 1724 ὃς
1521 1664 1722 1719 ἐκεῖνον
1767 1663 2008 1730 καθεῖλε,

349 1759 457 1822 τῆς
521 1749 679 1823 δίκης
739 1749 944 1816 ἀδίκως
1005 1753 1443 1828 μετενεχθείσης,
1503 1754 1679 1809 καίτοι
1739 1753 2011 1828 λαμπρῶς

357 1842 692 1918 κηρύττοντα
736 1841 860 1915 μίαν
893 1843 986 1916 μὲν
1023 1847 1122 1898 τοῦ
1165 1843 1340 1919 Λόγου
1382 1844 1540 1922 φύσιν
1573 1844 2010 1919 σεσαρκωμένην,

2121 677 2276 732 enim
2309 678 2774 734 substantisrum
2805 677 3216 746 differentiam,
3253 697 3365 736 non
3397 689 3483 737 est
3513 682 3644 738 illas
3674 683 3770 739 di-

2116 767 2313 823 videre
2343 769 2666 823 secundum
2700 768 2936 824 beatum
2967 768 3267 840 Cyrillum,
3294 771 3435 840 quia
3457 771 3768 828 nobiscum

2118 858 2586 914 consubstantiale
2637 859 2921 914 incarnati
2982 859 3078 914 Dei
3131 862 3302 915 Verbi
3361 860 3516 916 clare
3575 861 3769 918 conci-

2119 946 2264 1002 lium
2299 948 2654 1019 praadioavit,
2681 950 2834 1020 quod
2866 953 3032 1005 antea
3063 949 3160 1004 alii
3195 950 3549 1007 sanctissimi
3575 951 3770 1007 Patres

2120 1036 2464 1104 docuerunt,
2496 1053 2790 1108 nusquam
2843 1042 3039 1093 tamen
3079 1054 3216 1094 voce
3254 1039 3627 1096 moumenicm
3670 1057 3768 1111 sy-

2123 1125 2258 1181 nodi
2292 1125 2536 1182 decretis
2569 1127 2932 1194 conﬁrmata,
2963 1127 3179 1184 idcirco
3211 1144 3450 1201 prorsus
3483 1129 3766 1200 rejectum

2120 1223 2224 1274 est.
2278 1219 2464 1290 Impia
2521 1220 2787 1277 doctrina
2845 1220 3122 1293 Eutychis
3170 1222 3228 1277 in
3281 1222 3498 1292 perﬁda
3551 1224 3771 1294 synodo

2121 1309 2420 1374 damnata,
2455 1309 2526 1364 ab
2556 1309 2670 1366 alia
2701 1328 2816 1366 non
2849 1311 3255 1367 condemnata.
3289 1309 3436 1368 Dum
3473 1312 3566 1369 ille
3591 1314 3767 1382 justas

2119 1398 2624 1454 condemnationis
2657 1399 2976 1457 absolvitur
3005 1401 3344 1458 traductain
3377 1402 3770 1457 venerabilem

2121 1487 2460 1543 Flavianum
2511 1487 2613 1559 qui
2663 1487 2858 1559 ipsum
2911 1490 3173 1556 sustulit,
3205 1490 3396 1562 culpa.
3431 1491 3590 1546 Licet
3620 1491 3773 1548 clare

2121 1578 2616 1649 pronuntiantem,
2641 1595 2817 1634 unam
2841 1579 3076 1652 quidem
3094 1580 3266 1636 Verbi
3287 1586 3556 1636 naturam
3580 1581 3769 1638 incar-

2119 1670 2341 1734 natam,
2385 1666 2496 1723 hoc
2544 1671 2635 1723 est
2678 1683 3010 1739 personam,
3061 1669 3361 1740 simulque
3411 1676 3767 1727 asserentem

2119 1756 2681 1812 consubstantialem
2715 1757 2882 1813 nobis
2914 1774 3062 1824 esse,
3101 1758 3262 1824 dicit,
3295 1765 3527 1816 sanctos
3570 1760 3770 1816 Patres

2118 1862 2234 1902 non
2287 1845 2372 1900 uti
2427 1847 2584 1902 nuda
2631 1861 2790 1914 voce,
2841 1855 2895 1903 et
2941 1848 3207 1918 improbe
3253 1847 3623 1921 investigare,
3664 1850 3766 1905 sed

359 1932 633 1986 τουτέστιν
709 1931 1025 2000 ὑπόστασιν,
1083 1933 1619 2007 συνανακηρύττοντα
1685 1931 1743 1987 δὲ
1797 1934 1887 1988 καὶ
1951 1933 2007 1988 τὸ

2123 1939 2376 1991 mentem
2436 1935 2714 1992 adhibere
2760 1936 3030 2008 scriptori
3078 1937 3195 2009 pio,
3248 1943 3306 1994 et
3352 1938 3768 1996 admonitionis

351 2023 494 2093 ἡμῖν
546 2021 861 2094 ὁμοούσιον.
893 2024 1014 2076 ’Ὁτι
1063 2022 1226 2100 φησὶν
1256 2023 1303 2058 ⁵⁵
1355 2023 1405 2077 οἱ
1456 2023 1604 2097 άγιοι
1653 2023 1887 2098 Πατέρες
1931 2024 2007 2096 μὴ

362 2117 574 2189 χρῆναι
629 2112 728 2180 τήν
773 2105 914 2180 λέξιν
966 2113 1181 2186 γυμνὴν
1231 2114 1359 2185 [420
1405 2115 1498 2186 Η.]
1553 2113 1642 2167 καὶ
1691 2112 2010 2188 κακούργως

353 2199 645 2271 ἐξετάζειν,
701 2198 851 2255 ἀλλὰ
893 2205 964 2274 τῇ
1022 2196 1232 2256 εὐσεϐεῖ
1283 2200 1496 2274 διανοίᾳ
1553 2206 1844 2279 προσέχειν
1911 2208 2008 2259 τοῦ

358 2287 680 2366 γράφοντος.
740 2288 841 2342 Καὶ
899 2289 1230 2364 παρατίθησι
1288 2297 1386 2360 τῆς
1444 2293 1811 2365 παραινέσεως
1869 2313 2006 2367 μαρ-

350 2376 544 2452 τυρίας
576 2378 623 2415 ⁵⁸
670 2379 992 2434 Ἀθανασίου
1022 2381 1065 2416 ⁸⁵⁷
1119 2381 1212 2454 μὲν
1266 2379 1324 2436 ἐκ
1369 2386 1466 2436 τοῦ
1497 2383 1541 2419 ⁵⁸
1589 2383 1739 2438 Κατά
1797 2383 2009 2456 Ἀρεια-

351 2473 488 2536 νῶν,
522 2466 800 2543 Κυρίλλου
833 2465 892 2523 δὲ
931 2466 990 2524 ἐκ
1028 2472 1137 2524 τῶν
1183 2470 1490 2544 θησαυρῶν,
1525 2471 1778 2526 Ἰωάννου
1825 2471 1882 2526 δὲ
1910 2474 2006 2524 τοῦ

355 2556 757 2632 Χρυσοστόμου
851 2557 909 2613 ἐκ
990 2561 1408 2635 ’γπομνήματος
1487 2567 1588 2630 τῆς
1670 2561 1806 2634 πρὸς
1900 2566 2005 2614 Γα-

353 2643 528 2710 λάτας
555 2647 910 2717 Ἐπιστολῆς.
941 2650 1060 2703 Ὅτι
1107 2650 1261 2724 φησί,
1298 2651 1360 2704 τὸ
1413 2649 1585 2724 λέγειν
1620 2651 1774 2725 σαρκὶ
1814 2652 2003 2705 παθεῖν

354 2736 449 2790 τὸν
481 2735 609 2791 Θεὸν
641 2736 813 2812 Λόγον
847 2737 1105 2815 φρόνημα
1132 2745 1232 2808 τῆς
1261 2736 1590 2809 Ἐκκλησίας
1624 2739 1788 2808 ἐστὶν,
1821 2738 2002 2815 ὥσπερ

354 2825 447 2880 καὶ
502 2825 830 2904 βλάσφημον
876 2826 968 2882 καὶ
1016 2822 1336 2898 ἀπόϐλητον
1384 2826 1446 2883 τὸ
1495 2828 1782 2901 κηρύττειν
1814 2874 1815 2877 η
1844 2830 2004 2884 αὑτὸν

349 2918 544 2971 παθεῖν
581 2918 651 2988 τῇ
689 2916 843 2995 φύσει
891 2924 994 2987 τῆς
1044 2917 1327 2988 θεότητος.
1363 2917 1465 2974 Καὶ
1514 2919 1744 2993 παράγει
1799 2938 2001 2993 μαρτυ-

351 3005 473 3077 ρίας
517 3001 837 3078 διαφόρους,
878 3004 1160 3080 Κυρίλλου
1190 3006 1237 3042 ³9
1269 3007 1364 3079 μὲν
1407 3005 1464 3060 ἐκ
1490 3011 1598 3061 τῶν
1644 3005 1910 3081 σχολίων,
1945 3006 2004 3062 ἐκ

348 3101 450 3163 τῆς
512 3095 648 3168 πρὸς
716 3093 1008 3150 Ζούκενσον
1079 3096 1124 3169 β’
1183 3094 1502 3167 ἐπιστολῆς,
1562 3095 1621 3152 Ex
1693 3100 1794 3162 τῆς
1865 3097 2002 3172 πρὸς

350 3183 646 3258 Νεστόριον
697 3185 763 3253 α’,
820 3183 879 3239 ἐκ
933 3188 1041 3239 τῶν
1099 3186 1406 3261 θησαυρῶν,
1459 3186 1518 3243 ἐκ
1565 3194 1664 3257 τῆς
1714 3187 2003 3261 ἑρμηνείας

346 3277 446 3327 τοῦ
505 3272 845 3346 ἀπομπαίου,
921 3275 1008 3328 καὶ
1070 3273 1130 3328 ἐκ
1201 3281 1302 3344 τῆς
1380 3275 1702 3351 Ἀπολογίας
1777 3281 1873 3331 τοῦ
1936 3273 2002 3331 ιϐ’

349 3361 818 3436 ἀναθεματισμοῦ,
850 3364 938 3418 καὶ
990 3362 1049 3418 έκ
1088 3370 1188 3433 τῆς
1237 3365 1372 3441 πρὸς
1415 3366 1510 3427 τὰς
1545 3364 1833 3440 βασιλίδας
1884 3365 2002 3423 ἐπι-

347 3450 578 3524 στολῆς,
623 3453 715 3507 καὶ
764 3450 824 3507 ἐκ
868 3459 968 3522 τῆς
1018 3453 1312 3528 ἑρμηνείας
1354 3461 1455 3524 τῆς
1503 3457 1640 3530 πρὸς
1697 3451 2002 3531 Ἐϐραίους,

339 3541 433 3596 καὶ
466 3540 526 3596 ἐκ
554 3544 652 3597 τοῦ
684 3541 758 3604 είς
808 3542 900 3597 τὸν
933 3539 1155 3597 Ἠσαίαν
1205 3543 1628 3618 ὑπομνήματος,
1661 3545 1750 3600 καὶ
1798 3544 1859 3600 ἐκ
1901 3553 2002 3617 τῆς

342 3632 638 3707 ἑρμηνείας
666 3636 764 3687 τοῦ
815 3633 866 3703 η’
897 3630 1146 3708 ψαλμοῦ,
1190 3632 1282 3689 καὶ
1313 3631 1373 3689 ἐκ
1419 3640 1517 3690 τοῦ
1567 3634 1697 3710 Περὶ
1746 3636 2003 3698 ἀπαθειας

346 3721 539 3795 λόγου,
565 3721 652 3775 καὶ
688 3719 747 3776 ἐκ
765 3725 865 3777 τοῦ
896 3723 1025 3799 Περὶ
1046 3721 1252 3784 πάθους
1276 3722 1471 3800 λόγου,
1492 3725 1581 3779 καὶ
1613 3723 1672 3780 ἐκ
1694 3723 1790 3780 τοῦ
1813 3725 1889 3788 εἷς
1908 3727 2002 3781 τὸν

342 3808 744 3887 εύαγγελιστὴν
786 3812 1044 3882 Ἰωάννην
1095 3811 1492 3886 ὑπομνήματος
1549 3808 1773 3888 βιϐλίου
1819 3816 1880 3887 ζ’,
1913 3815 2004 3870 καὶ

343 3899 407 3955 ἔκ
442 3900 542 3955 τοῦ
590 3901 721 3976 Περὶ
777 3901 1236 3976 ἐνανθρωπήσεως
1288 3904 1401 3978 [καὶ
1453 3903 1513 3958 ἐκ
1558 3912 1660 3974 τῆς
1712 3905 2004 3978 ἑρμηνείας

339 3992 447 4058 τῆς
477 3991 614 4065 πρὸς
657 3986 943 4067 Ἐϐραίους
982 3994 1078 4066 ⁶⁰],
1119 3993 1207 4048 καὶ
1242 3992 1301 4048 ἐκ
1329 3998 1426 4049 τοῦ
1479 3995 1878 4067 ὑπομνήματος
1909 3999 2004 4050 τοῦ

345 4078 427 4139 εἷς
471 4080 564 4134 τὸν
613 4080 1002 4158 εὐαγγελιστὴν
1051 4083 1302 4154 Ἰωάννην
1335 4085 1380 4120 οί
1425 4079 1650 4157 βιϐλίου
1705 4085 1770 4158 β’,
1813 4084 1902 4138 καὶ
1947 4082 2006 4138 ἐκ

341 4173 444 4224 τοῦ
488 4171 611 4245 περὶ
641 4173 689 4208 ⁸²
736 4171 1195 4248 ένανθρωπήσεως
1246 4173 1439 4250 λόγου,
1487 4176 1577 4229 καί
1628 4172 1687 4230 ἐκ
1734 4178 1831 4230 τοῦ
1876 4176 2006 4230 ὑπο-

350 4262 646 4334 μνήματος
695 4264 791 4316 τοῦ
847 4261 924 4324 εἷς
983 4263 1076 4318 τὸν
1135 4261 1528 4341 εύαγγελιστήν
1598 4265 1852 4335 Ἰωάννην
1916 4265 2004 4338 βι-

347 4343 519 4404 ϐλίου
547 4351 589 4403 θ’
618 4350 709 4404 καὶ
741 4352 808 4422 η’.
843 4352 1302 4429 Συμπαρατίθησι
1338 4354 1523 4426 μέντοι
1553 4353 1643 4409 καὶ
1677 4353 2005 4428 Γρηγορίου,

2121 2024 2360 2081 adhibet
2388 2030 2605 2082 testes:
2641 2027 2934 2083 Athanasii
2985 2027 3203 2084 librum
3255 2028 3457 2085 Contra
3505 2030 3766 2099 Arianos,

2119 2114 2316 2187 Cyrilli
2362 2116 2718 2185 Thesaurum,
2765 2115 3009 2172 Joannis
3048 2117 3440 2190 Cbrysostomi
3475 2119 3763 2175 Commen-

2119 2206 2324 2260 tarium
2365 2205 2426 2259 in
2473 2205 2773 2272 Epistulam
2819 2205 2888 2260 ad
2933 2205 3203 2262 Galatas:
3225 2207 3318 2262 Ait
3366 2207 3542 2276 enim,
3593 2224 3764 2264 carne

2118 2295 2237 2366 pati
2269 2293 2450 2350 Deum
2485 2295 2714 2362 Filium,
2746 2297 3094 2352 sententiam
3137 2311 3266 2352 esse
3304 2295 3573 2353 Ecclesiae
3602 2313 3616 2352 :
3645 2298 3764 2369 pati

2116 2399 2250 2440 vero
2279 2384 2601 2450 divinitate,
2635 2384 3039 2440 haereticorum
3078 2400 3208 2442 esse
3238 2389 3296 2442 et
3324 2385 3760 2458 blasphemum.

2115 2474 2295 2528 Aiiert
2341 2478 2397 2529 et
2439 2473 2597 2529 varia
2645 2473 2981 2530 testimonia
3027 2489 3096 2530 ex
3142 2473 3340 2546 Cyrilli
3390 2475 3660 2537 Scholiis,
3693 2490 3762 2530 ex

2115 2563 2354 2634 epistola
2387 2564 2645 2620 secunda
2666 2562 2738 2618 ad
2760 2563 3135 2633 Sucoensum,
3157 2580 3228 2620 ex
3249 2563 3437 2636 prima
3457 2564 3528 2620 ad
3550 2564 3756 2619 Nesto-

2115 2654 2291 2723 rium,
2342 2670 2410 2709 ex
2457 2653 2769 2721 thesauris,
2815 2667 2882 2708 ex
2945 2653 3419 2725 interpretatione
3477 2652 3758 2724 Ἀποπομ-

2112 2741 2303 2812 παίου,
2337 2760 2406 2799 ex
2440 2742 2718 2814 Apologia
2766 2741 3099 2798 duodecimi
3142 2743 3655 2809 Anathematismi,
3688 2759 3758 2798 ex

2113 2834 2356 2904 epistola
2399 2848 2629 2904 quoque
2668 2832 2738 2887 ad
2786 2832 3038 2904 reginas,
3068 2835 3128 2888 et
3170 2849 3238 2887 ex
3269 2831 3666 2888 Commentario
3696 2830 3760 2885 in

2111 2921 2416 2992 Epistolam
2462 2920 2533 2976 ad
2581 2921 2846 2988 Hebrzos,
2879 2921 3017 2976 item
3050 2921 3109 2975 in
3142 2921 3375 2990 Isaiam,
3404 2926 3460 2976 et
3489 2921 3548 2977 in
3593 2927 3758 2976 octa-

2111 3026 2251 3066 vum
2305 3009 2616 3082 psalmum,
2667 3017 2721 3065 et
2766 3025 2834 3065 ex
2883 3008 3142 3066 oratione
3192 3011 3266 3065 De
3316 3009 3759 3082 impatibilr‘tate,

2113 3101 2303 3159 Ἡδὺ
2332 3100 2593 3171 itemque
2623 3101 2697 3155 De
2729 3100 3173 3172 perturbatione,
3206 3115 3442 3156 rursum
3491 3116 3560 3156 ex
3605 3099 3764 3156 Com-

2114 3193 2391 3247 mentario
2434 3189 2496 3245 in
2539 3191 2825 3255 Joannem,
2874 3187 2976 3244 lib.
3020 3189 3362 3260 septimum,
3412 3191 3758 3258 secundum,

2115 3284 2382 3337 octavum
2433 3283 2489 3336 et
2535 3296 2758 3336 nonum
2807 3282 2882 3337 De
2919 3281 3336 3348 incarnatione,
3367 3281 3492 3336 loco
3541 3294 3657 3335 uno
3704 3281 3763 3334 et

2113 3369 2254 3426 item
2314 3369 2516 3440 altero,
2576 3386 2646 3427 ex
2699 3372 3154 3443 lnterpretatione
3207 3369 3470 3442 Episton
3523 3369 3598 3424 ad
3651 3369 3763 3424 He—

2116 3459 2310 3518 braeos.
2345 3460 2651 3517 Adduntur
2701 3465 2760 3517 et
2801 3460 3066 3533 Gregorii
3097 3469 3151 3517 et
3181 3459 3382 3516 Basilii
3426 3458 3497 3515 de
3537 3459 3764 3530 gratia-

2114 3566 2240 3606 rum
2275 3549 2498 3606 actione
2530 3549 2887 3618 testimonia,
2921 3551 3063 3606 item
3094 3566 3162 3606 ex
3193 3549 3444 3623 epistola
3483 3549 3552 3604 ad
3589 3548 3765 3605 Soso-

2113 3638 2327 3711 politas
2385 3645 2442 3696 et
2498 3641 2570 3696 ad
2637 3639 3088 3711 Apollinatium.
3144 3639 3291 3702 Quin
3351 3643 3406 3694 et
3459 3637 3766 3693 Athanasii

2113 3728 2341 3784 athletae
2397 3729 2586 3800 magni
2627 3744 2657 3784 e
2705 3728 2949 3784 diversis
3005 3729 3397 3794 sermonibus,
3438 3725 3764 3782 Severianis

2114 3816 2396 3872 haereticis
2419 3815 3226 3884 delirantibus,intelligendo
3249 3814 3488 3870 alteram
3513 3813 3760 3881 speciem

2113 3922 2179 3961 ac
2227 3907 2516 3962 diversam
2567 3912 2842 3962 naturam
2873 3906 2932 3960 in
2968 3905 3241 3960 unionem
3292 3900 3759 3973 inexplicabilem

2115 3994 2477 4063 convenisse,
2527 3997 2907 4050 asserendum
2963 4009 3078 4049 non
3125 4007 3289 4048 esse:
3345 4005 3628 4062 magnum
3680 3990 3767 4046 vir

2115 4084 2245 4156 pius
2275 4084 2459 4140 risum
2493 4087 2704 4151 movet,
2729 4086 2785 4139 et
2806 4087 2940 4138 ante
2961 4083 3121 4138 hunc
3141 4081 3332 4137 virum
3355 4079 3481 4150 ipsa
3503 4094 3765 4135 commu-

2114 4176 2207 4232 nis
2245 4174 2464 4247 opinio,
2495 4182 2549 4230 et
2595 4173 2756 4231 Pauli
2803 4190 2932 4241 vox,
2966 4179 3022 4230 et
3053 4189 3188 4230 cum
3229 4170 3410 4228 dicit:
3440 4168 3610 4226 Corde
3639 4169 3764 4241 qui-

2113 4264 2237 4320 dem
2275 4263 2520 4320 creditur
2555 4262 2626 4320 ad
2655 4264 2962 4335 justitiam,
3019 4279 3116 4320 ore
3161 4266 3347 4318 autem
3392 4259 3657 4330 confessio
3699 4258 3764 4328 ﬁt

2115 4355 2188 4409 ad
2217 4353 2449 4409 salutem
2481 4367 2526 4408 ιι.

343 4441 442 4495 καὶ
495 4441 781 4497 Βασιλείου
829 4440 891 4497 ἐκ
933 4447 1029 4499 τοῦ
1078 4442 1203 4520 περὶ
1263 4443 1613 4520 εὐχαριστίας
1658 4443 1747 4499 καὶ
1808 4441 1866 4498 ἐκ
1912 4450 2012 4514 τῆς
2054 4444 2191 4517 πρὸς
2240 4441 2632 4512 Σωζοπολίτας
2683 4439 2982 4512 ἐπιπολῆς
3027 4439 3116 4497 καὶ
3156 4439 3215 4496 ἐκ
3260 4446 3360 4510 τῆς
3409 4440 3544 4514 πρὸς
3594 4439 3764 4495 Ἀπο-

346 4528 616 4602 λινάριον,
648 4530 734 4586 ναὶ
785 4528 852 4602 δὴ
883 4531 973 4588 καὶ
1015 4532 1338 4590 Ἀθανασίου
1367 4539 1464 4589 τοῦ
1513 4528 1833 4590 πολυάθλου
1879 4531 1940 4589 ἐκ
1986 4530 2260 4611 διαφόρων
2305 4531 2512 4610 λόγων.
2558 4535 2677 4588 ’Ότι
2718 4536 2826 4587 τῶν
2876 4532 2983 4586 ἀπὸ
3033 4525 3278 4606 Σεϐήρου
3325 4527 3642 4602 ληρούντων
3691 4528 3766 4589 ὡς

341 4619 550 4674 ἐννοεῖν
604 4620 700 4692 μὶν
757 4621 870 4696 χρή
921 4621 983 4675 τὸ
1041 4620 1337 4694 ἑτεροειδὲς
1383 4621 1475 4678 καὶ
1528 4622 1810 4700 ἑτεροφυὲς
1855 4628 1964 4678 τῶν
2024 4621 2100 4683 εἷς
2159 4622 2388 4692 ἑνότητα
2448 4619 2713 4696 ἅφρσςτὸν
2770 4618 3243 4691 συνεληλυθότων,
3308 4620 3384 4692 μὴ
3444 4625 3650 4697 χρῆναι
3709 4613 3766 4670 δὲ

342 4707 527 4783 λέγειν
555 4713 745 4781 ταῦτα,
795 4709 1003 4765 πλατὺν
1041 4712 1132 4784 μὲν
1176 4710 1395 4786 γέλωτα
1441 4719 1542 4784 τῆς
1594 4714 1776 4778 ἀνοίας
1806 4713 1982 4768 αὐτῶν
2035 4713 2062 4767 ὁ
2101 4712 2250 4787 ἱερὸς
2293 4711 2432 4787 ἀνὴρ
2481 4717 2716 4787 καταχεῖ
2744 4714 2870 4785 [804
2902 4713 3015 4785 R.],
3047 4711 3094 4748 ⁸³
3139 4711 3231 4766 καὶ
3279 4710 3384 4784 πρό
3437 4729 3502 4784 γε
3541 4711 3639 4763 τοῦ
3667 4706 3767 4760 ἂν·

342 4796 476 4872 δρὸς
536 4797 670 4870 αὐτή
716 4820 781 4874 γε
827 4802 864 4870 ἡ
920 4803 1080 4871 κοινή
1139 4796 1316 4858 ἔννοια
1370 4805 1462 4860 καὶ
1515 4805 1549 4874 ἡ
1607 4802 1829 4859 Παύλου
1892 4803 2046 4881 φωνὴ
2106 4800 2364 4878 λέγουσα.
2427 4799 2636 4877 Καρδίᾳ
2663 4805 2709 4838 ⁸⁸
2767 4803 2861 4876 μὲν
2897 4801 3204 4858 πιστεύεται
3265 4800 3340 4863 εἷς
3391 4795 3767 4865 δικαιοσύνην»

338 4889 584 4962 στόματι
617 4886 676 4944 δὲ
706 4889 1067 4966 ὁμολογεῖται
1097 4893 1172 4955 εἰς
1205 4894 1502 4970 σωτηρίαν.

417 4980 539 5033 Ὅτι
569 4979 758 5054 φησὶν,
788 4979 842 5034 ’ἐν
893 4982 1215 5055 πρόσωπον,
1250 4985 1494 5040 τουτέστι
1531 4982 1658 5058 μίαν
1711 4984 2000 5041 ὑπόστασιν

2184 4984 2412 5043 Asserit
2441 4990 2499 5042 et
2530 5002 2731 5053 unam,
2750 4984 2960 5056 inquit,
2986 4999 3319 5056 personam,
3345 4982 3454 5038 hoc
3476 4982 3564 5037 est
3590 4975 3765 5033 Verbi

332 5071 448 5125 τοῦ
506 5069 690 5145 Λόγου
750 5072 1169 5147 σεσαρκωμένην
1235 5073 1602 5149 κηρύττομεν,
1671 5073 1861 5144 ἒπειδὴ
1917 5075 2008 5129 καὶ

333 5155 558 5220 ἁπλοῦς
590 5160 635 5195 ⁸⁸
666 5161 878 5230 Ἰησοῦς
911 5164 1163 5233 συνετέθη
1203 5164 1344 5220 κατᾶ
1370 5163 1462 5220 τὸν
1493 5164 1544 5220 ἐν
1591 5164 1768 5244 ἁγίοις
1817 5166 2010 5240 ’Δρεο-

331 5246 585 5322 παγίτην
632 5248 930 5308 Διονύσιον.
967 5251 1070 5307 Καὶ
1111 5250 1200 5308 ἐπὶ
1254 5253 1350 5325 μὲν
1400 5259 1502 5326 τῆς
1543 5256 1668 5310 καθ’
1713 5253 2009 5310 ὑπόστασιν

419 5370 450 5398 ιι
479 5358 641 5416 Rom.
672 5375 730 5426 ι,
760 5359 845 5417 10.

2121 5076 2405 5132 incarnati
2465 5075 2824 5148 hypostasim
2884 5074 3348 5148 pronuntiamus,
3400 5065 3766 5142 quandoqui-

2122 5166 2253 5222 dem
2285 5165 2609 5239 simplicem
2646 5163 2806 5235 ponit
2833 5163 3037 5219 Jesum
3068 5168 3138 5218 D.
3171 5159 3487 5233 Dionysius
3515 5160 3766 5228 Areopa-

2121 5256 2261 5328 gila,
2285 5260 2343 5312 et
2363 5255 2434 5312 de
2464 5253 2827 5328 hypostatica
2856 5253 3093 5326 quidem
3127 5253 3362 5322 unione,
3374 5250 3536 5323 justo
3564 5254 3766 5306 contra

1708 5470 1956 5529 νΑΡιυΕ
1995 5470 2409 5528 LECTIONES.

415 5575 464 5611 ⁶⁴
491 5569 755 5651 διαίρεσις
785 5577 1016 5636 ὑπονοία
1059 5585 1119 5636 Δ.
1197 5581 1246 5615 ⁵⁵
1275 5587 1409 5654 post
1439 5582 1600 5659 φησὶν
1635 5585 1801 5640 deest
1829 5583 2205 5656 παραινοῦσιν.
2312 5580 2360 5616 ⁸⁵
2389 5581 2522 5637 libri
2570 5579 2859 5654 μάρτυρας.

415 5669 458 5701 »ν
489 5650 589 5701 τοῦ
620 5656 686 5706 Α.
792 5651 838 5688 ⁸⁸
870 5653 1006 5708 libri
1054 5648 1354 5708 Κύοιλλον.
1465 5653 1629 5708 “xui
1680 5652 1740 5708 ἐκ
1782 5660 1884 5708 τῆς
1939 5653 2065 5708 tau.
2120 5653 2216 5708 τῆς
2263 5652 2405 5708 πρὸς
2458 5647 2606 5708 Ἐϐο.
2659 5669 2775 5708 om.
2813 5654 2859 5707 A

1540 5669 1629 5740 και
1680 5669 1740 5710 εκ
1762 5669 2073 5740 Ατῆςεερμ..
2120 5672 2216 5721 της
2263 5669 2606 5740 προςμῑφρ.
2813 5669 2878 5710 Α.

333 5648 686 5726 τῶνητοῦΛ.
792 5651 838 5688 ⁸⁹
870 5653 1006 5726 libri
1054 5648 1354 5726 Κύριλλᾷν.

333 5719 848 5798 Ἰωάννηνβὺπυμν.

341 5811 428 5867 μα
456 5790 542 5865 ς.
577 5791 652 5849 cf.
689 5790 859 5856 Rom.
890 5790 950 5869 ξ,
982 5798 1071 5856 10.
1144 5797 1194 5834 ⁸⁵
1218 5795 1308 5852 καὶ
1341 5796 1371 5850 ὁ
1402 5790 1612 5862 ἁπλοῦς
1641 5815 1791 5858 corr.
1821 5803 1890 5859 Δ.

1077 5721 1245 5801 “piat
1276 5721 1631 5801 exfcoﬁmspi
1661 5759 1731 5770 -
1761 5727 1808 5781 θ’
1837 5721 1928 5782 καὶ
1966 5721 2028 5796 ἠ’
2057 5724 2116 5782 in
2148 5742 2264 5798 mg.
2309 5721 2472 5799 ponit
2500 5721 2562 5780 Α.

2964 5579 3358 5655 δῖ-’ᾼθανάσιον
3573 5579 3767 5655 ⁸⁸-τοῦ]

2981 5652 3026 5688 ⁶¹
3067 5651 3126 5707 ἐκ
3168 5655 3264 5707 τοῦ
3314 5651 3530 5723 εἰςξτὸν
3578 5651 3766 5723 εὐαγγ.

2677 5725 2724 5762 ⁸³
2753 5728 2988 5799 κατηχεῖ
3214 5726 3260 5762 ⁸⁸
3287 5721 3511 5798 καρδίαν
3539 5754 3608 5765 —-
3638 5720 3768 5774 στό-

2312 5580 2360 5654 ⁶¹ξ
2389 5581 2550 5654 ΙίὶξνὶΔ
2570 5579 2863 5654 μάρτυρας.
