  <div class='ocr_page' id='page_1' title='image "/cluster/home/n/w/nwhite01/storage/ocr_20150623/103/hvd.32044054112495/515.png"; bbox 0 0 4138 6228; ppageno 0'>
   <div class='ocr_carea' id='block_1_1' title="bbox 384 357 498 416">
    <p class='ocr_par' dir='ltr' id='par_1_1' title="bbox 384 357 498 416">
     <span class='ocr_line' id='line_1_1' title="bbox 384 357 498 416; baseline -0.009 0"><span class='ocrx_word' id='word_1_1' title='bbox 384 357 498 416; x_wconf 84' lang='grc'>991</span> 
     </span>
    </p>
   </div>
   <div class='ocr_carea' id='block_1_2' title="bbox 1567 348 2568 414">
    <p class='ocr_par' dir='ltr' id='par_1_2' title="bbox 1567 348 2568 414">
     <span class='ocr_line' id='line_1_2' title="bbox 1567 348 2568 414; baseline -0.001 -3"><span class='ocrx_word' id='word_1_2' title='bbox 1567 349 1833 414; x_wconf 87' lang='lat' dir='ltr'>PHOTII</span> <span class='ocrx_word' id='word_1_3' title='bbox 1880 348 2409 412; x_wconf 65' lang='lat' dir='ltr'>PATRIARCHJE</span> <span class='ocrx_word' id='word_1_4' title='bbox 2450 350 2568 413; x_wconf 80' lang='grc' dir='ltr'>ΟΡ.</span> 
     </span>
    </p>
   </div>
   <div class='ocr_carea' id='block_1_3' title="bbox 3668 356 3785 418">
    <p class='ocr_par' dir='ltr' id='par_1_3' title="bbox 3668 356 3785 418">
     <span class='ocr_line' id='line_1_3' title="bbox 3668 356 3785 418; baseline -0.043 0"><span class='ocrx_word' id='word_1_5' title='bbox 3668 356 3785 418; x_wconf 77' lang='grc'>992</span> 
     </span>
    </p>
   </div>
   <div class='ocr_carea' id='block_1_4' title="bbox 384 483 2038 562">
    <p class='ocr_par' dir='ltr' id='par_1_4' title="bbox 384 485 2027 562">
     <span class='ocr_line' id='line_1_4' title="bbox 384 485 2027 562; baseline -0.001 -18"><span class='ocrx_word' id='word_1_6' title='bbox 384 491 663 562; x_wconf 81' lang='lat' dir='ltr'>pietatem</span> <span class='ocrx_word' id='word_1_7' title='bbox 715 488 1103 560; x_wconf 88' lang='lat' dir='ltr'>compositum</span> <span class='ocrx_word' id='word_1_8' title='bbox 1154 485 1399 542; x_wconf 90' lang='lat' dir='ltr'>dicitur:</span> <span class='ocrx_word' id='word_1_9' title='bbox 1452 488 1835 557; x_wconf 85' lang='lat' dir='ltr'>compositum</span> <span class='ocrx_word' id='word_1_10' title='bbox 1899 504 2027 543; x_wconf 86' lang='lat' dir='ltr'>vero</span> 
     </span>
    </p>
   </div>
   <div class='ocr_carea' id='block_1_5' title="bbox 2146 483 3793 562">
    <p class='ocr_par' dir='ltr' id='par_1_5' title="bbox 2146 483 3793 561">
     <span class='ocr_line' id='line_1_5' title="bbox 2146 483 3793 561; baseline 0.002 -20"><span class='ocrx_word' id='word_1_11' title='bbox 2146 487 2382 549; x_wconf 75' lang='grc' dir='ltr'>ὲνώσεως</span> <span class='ocrx_word' id='word_1_12' title='bbox 2443 485 2666 549; x_wconf 77' lang='grc' dir='ltr'>δικαίως</span> <span class='ocrx_word' id='word_1_13' title='bbox 2725 488 2869 561; x_wconf 75' lang='grc' dir='ltr'>παρὰ</span> <span class='ocrx_word' id='word_1_14' title='bbox 2917 494 3017 557; x_wconf 76' lang='grc' dir='ltr'>τῆς</span> <span class='ocrx_word' id='word_1_15' title='bbox 3073 483 3344 549; x_wconf 74' lang='grc' dir='ltr'>εὑσεὸείας</span> <span class='ocrx_word' id='word_1_16' title='bbox 3410 489 3473 544; x_wconf 84' lang='grc' dir='ltr'>τὸ</span> <span class='ocrx_word' id='word_1_17' title='bbox 3534 491 3793 546; x_wconf 66' lang='grc' dir='ltr'>σύνθετον</span> 
     </span>
    </p>
   </div>
   <div class='ocr_carea' id='block_1_6' title="bbox 387 575 2028 647">
    <p class='ocr_par' dir='ltr' id='par_1_6' title="bbox 387 575 2028 647">
     <span class='ocr_line' id='line_1_6' title="bbox 387 575 2028 647; baseline -0.002 -13"><span class='ocrx_word' id='word_1_18' title='bbox 387 579 579 634; x_wconf 83' lang='lat' dir='ltr'>dicere</span> <span class='ocrx_word' id='word_1_19' title='bbox 627 594 795 634; x_wconf 90' lang='lat' dir='ltr'>nemo</span> <span class='ocrx_word' id='word_1_20' title='bbox 843 577 1055 632; x_wconf 85' lang='lat' dir='ltr'>audeat</span> <span class='ocrx_word' id='word_1_21' title='bbox 1097 583 1299 647; x_wconf 66' lang='lat' dir='ltr'>praeter</span> <span class='ocrx_word' id='word_1_22' title='bbox 1345 575 1788 647; x_wconf 81' lang='lat' dir='ltr'>Apollinarium.</span> <span class='ocrx_word' id='word_1_23' title='bbox 1842 578 2028 632; x_wconf 85' lang='lat' dir='ltr'>Mani-</span> 
     </span>
    </p>
   </div>
   <div class='ocr_carea' id='block_1_7' title="bbox 382 665 2025 737">
    <p class='ocr_par' dir='ltr' id='par_1_7' title="bbox 382 665 2025 737">
     <span class='ocr_line' id='line_1_7' title="bbox 382 665 2025 737; baseline 0.001 -16"><span class='ocrx_word' id='word_1_24' title='bbox 382 666 524 725; x_wconf 78' lang='lat' dir='ltr'>feste</span> <span class='ocrx_word' id='word_1_25' title='bbox 578 671 634 723; x_wconf 88' lang='lat' dir='ltr'>et</span> <span class='ocrx_word' id='word_1_26' title='bbox 688 666 970 732; x_wconf 85' lang='lat' dir='ltr'>Christus,</span> <span class='ocrx_word' id='word_1_27' title='bbox 1033 665 1368 737; x_wconf 80' lang='lat' dir='ltr'>hypostasin</span> <span class='ocrx_word' id='word_1_28' title='bbox 1437 666 1814 737; x_wconf 83' lang='lat' dir='ltr'>compositam</span> <span class='ocrx_word' id='word_1_29' title='bbox 1878 683 2025 733; x_wconf 89' lang='lat' dir='ltr'>esse,</span> 
     </span>
    </p>
   </div>
   <div class='ocr_carea' id='block_1_8' title="bbox 384 755 2028 826">
    <p class='ocr_par' dir='ltr' id='par_1_8' title="bbox 384 755 2028 826">
     <span class='ocr_line' id='line_1_8' title="bbox 384 755 2028 826; baseline -0.001 -13"><span class='ocrx_word' id='word_1_30' title='bbox 384 762 651 813; x_wconf 88' lang='lat' dir='ltr'>naturam</span> <span class='ocrx_word' id='word_1_31' title='bbox 686 772 799 811; x_wconf 91' lang='lat' dir='ltr'>non</span> <span class='ocrx_word' id='word_1_32' title='bbox 852 755 1023 811; x_wconf 85' lang='lat' dir='ltr'>item:</span> <span class='ocrx_word' id='word_1_33' title='bbox 1062 757 1291 809; x_wconf 88' lang='lat' dir='ltr'>Intrans</span> <span class='ocrx_word' id='word_1_34' title='bbox 1342 758 1534 810; x_wconf 89' lang='lat' dir='ltr'>autem</span> <span class='ocrx_word' id='word_1_35' title='bbox 1585 756 1654 811; x_wconf 87' lang='lat' dir='ltr'>ad</span> <span class='ocrx_word' id='word_1_36' title='bbox 1706 755 2028 826; x_wconf 80' lang='lat' dir='ltr'>discipulos</span> 
     </span>
    </p>
   </div>
   <div class='ocr_carea' id='block_1_9' title="bbox 379 844 2029 917">
    <p class='ocr_par' dir='ltr' id='par_1_9' title="bbox 379 844 2029 917">
     <span class='ocr_line' id='line_1_9' title="bbox 379 844 2029 917; baseline -0.001 -15"><span class='ocrx_word' id='word_1_37' title='bbox 379 844 665 902; x_wconf 88' lang='lat' dir='ltr'>obturatis</span> <span class='ocrx_word' id='word_1_38' title='bbox 724 844 925 900; x_wconf 90' lang='lat' dir='ltr'>ostiis:</span> <span class='ocrx_word' id='word_1_39' title='bbox 975 845 1221 913; x_wconf 76' lang='lat' dir='ltr'>Palpate,</span> <span class='ocrx_word' id='word_1_40' title='bbox 1285 845 1490 914; x_wconf 82' lang='lat' dir='ltr'>inquit,</span> <span class='ocrx_word' id='word_1_41' title='bbox 1549 853 1599 899; x_wconf 86' lang='lat' dir='ltr'>et</span> <span class='ocrx_word' id='word_1_42' title='bbox 1656 847 1845 913; x_wconf 80' lang='lat' dir='ltr'>videte,</span> <span class='ocrx_word' id='word_1_43' title='bbox 1898 848 2029 917; x_wconf 87' lang='lat' dir='ltr'>quia</span> 
     </span>
    </p>
   </div>
   <div class='ocr_carea' id='block_1_10' title="bbox 380 932 2029 1007">
    <p class='ocr_par' dir='ltr' id='par_1_10' title="bbox 380 932 2029 1007">
     <span class='ocr_line' id='line_1_10' title="bbox 380 932 2029 1007; baseline 0 -17"><span class='ocrx_word' id='word_1_44' title='bbox 380 935 608 1007; x_wconf 74' lang='lat' dir='ltr'>spiritus</span> <span class='ocrx_word' id='word_1_45' title='bbox 655 950 878 989; x_wconf 86' lang='lat' dir='ltr'>carnem</span> <span class='ocrx_word' id='word_1_46' title='bbox 919 937 967 988; x_wconf 87' lang='lat' dir='ltr'>et</span> <span class='ocrx_word' id='word_1_47' title='bbox 1008 950 1127 988; x_wconf 83' lang='lat' dir='ltr'>ossa</span> <span class='ocrx_word' id='word_1_48' title='bbox 1175 949 1283 988; x_wconf 86' lang='lat' dir='ltr'>non</span> <span class='ocrx_word' id='word_1_49' title='bbox 1320 932 1497 1000; x_wconf 88' lang='lat' dir='ltr'>habet,</span> <span class='ocrx_word' id='word_1_50' title='bbox 1533 933 1672 989; x_wconf 87' lang='lat' dir='ltr'>sicut</span> <span class='ocrx_word' id='word_1_51' title='bbox 1707 950 1793 988; x_wconf 87' lang='lat' dir='ltr'>me</span> <span class='ocrx_word' id='word_1_52' title='bbox 1838 935 2029 991; x_wconf 78' lang='lat' dir='ltr'>videtis</span> 
     </span>
    </p>
   </div>
   <div class='ocr_carea' id='block_1_11' title="bbox 385 1022 2031 1095">
    <p class='ocr_par' dir='ltr' id='par_1_11' title="bbox 385 1022 2031 1095">
     <span class='ocr_line' id='line_1_11' title="bbox 385 1022 2031 1095; baseline 0.001 -16"><span class='ocrx_word' id='word_1_53' title='bbox 385 1024 585 1080; x_wconf 88' lang='lat' dir='ltr'>habere</span> <span class='ocrx_word' id='word_1_54' title='bbox 614 1037 637 1062; x_wconf 74' lang='grc' dir='ltr'>τ</span> <span class='ocrx_word' id='word_1_55' title='bbox 676 1028 782 1084; x_wconf 81' lang='lat' dir='ltr'>:et</span> <span class='ocrx_word' id='word_1_56' title='bbox 830 1023 1004 1078; x_wconf 84' lang='lat' dir='ltr'>alibi:</span> <span class='ocrx_word' id='word_1_57' title='bbox 1052 1022 1296 1094; x_wconf 78' lang='lat' dir='ltr'>Spiritus</span> <span class='ocrx_word' id='word_1_58' title='bbox 1353 1027 1432 1077; x_wconf 83' lang='lat' dir='ltr'>est</span> <span class='ocrx_word' id='word_1_59' title='bbox 1491 1026 1651 1092; x_wconf 89' lang='lat' dir='ltr'>Deus,</span> <span class='ocrx_word' id='word_1_60' title='bbox 1704 1034 1753 1079; x_wconf 88' lang='lat' dir='ltr'>et</span> <span class='ocrx_word' id='word_1_61' title='bbox 1799 1039 1887 1080; x_wconf 85' lang='lat' dir='ltr'>eos</span> <span class='ocrx_word' id='word_1_62' title='bbox 1935 1027 2031 1095; x_wconf 89' lang='lat' dir='ltr'>qui</span> 
     </span>
    </p>
   </div>
   <div class='ocr_carea' id='block_1_12' title="bbox 384 1112 2031 1184">
    <p class='ocr_par' dir='ltr' id='par_1_12' title="bbox 384 1112 2031 1184">
     <span class='ocr_line' id='line_1_12' title="bbox 384 1112 2031 1184; baseline 0.001 -15"><span class='ocrx_word' id='word_1_63' title='bbox 384 1112 620 1169; x_wconf 83' lang='lat' dir='ltr'>adorant</span> <span class='ocrx_word' id='word_1_64' title='bbox 676 1129 821 1177; x_wconf 86' lang='lat' dir='ltr'>eum,</span> <span class='ocrx_word' id='word_1_65' title='bbox 870 1116 929 1167; x_wconf 83' lang='lat' dir='ltr'>in</span> <span class='ocrx_word' id='word_1_66' title='bbox 984 1112 1187 1183; x_wconf 75' lang='lat' dir='ltr'>spiritu</span> <span class='ocrx_word' id='word_1_67' title='bbox 1246 1119 1298 1167; x_wconf 87' lang='lat' dir='ltr'>et</span> <span class='ocrx_word' id='word_1_68' title='bbox 1353 1114 1585 1167; x_wconf 81' lang='lat' dir='ltr'>veritate</span> <span class='ocrx_word' id='word_1_69' title='bbox 1642 1120 1847 1184; x_wconf 81' lang='lat' dir='ltr'>Oportet</span> <span class='ocrx_word' id='word_1_70' title='bbox 1906 1113 2031 1171; x_wconf 82' lang='lat' dir='ltr'>ado-</span> 
     </span>
    </p>
   </div>
   <div class='ocr_carea' id='block_1_13' title="bbox 384 1202 2031 1274">
    <p class='ocr_par' dir='ltr' id='par_1_13' title="bbox 384 1202 2031 1274">
     <span class='ocr_line' id='line_1_13' title="bbox 384 1202 2031 1274; baseline 0 -16"><span class='ocrx_word' id='word_1_71' title='bbox 384 1220 517 1259; x_wconf 84' lang='lat' dir='ltr'>rare</span> <span class='ocrx_word' id='word_1_72' title='bbox 547 1216 591 1257; x_wconf 78' lang='grc' dir='ltr'>ι.</span> <span class='ocrx_word' id='word_1_73' title='bbox 627 1203 924 1268; x_wconf 86' lang='lat' dir='ltr'>Quomodo</span> <span class='ocrx_word' id='word_1_74' title='bbox 958 1202 1078 1257; x_wconf 79' lang='lat' dir='ltr'>haec</span> <span class='ocrx_word' id='word_1_75' title='bbox 1108 1219 1241 1273; x_wconf 84' lang='lat' dir='ltr'>ergo</span> <span class='ocrx_word' id='word_1_76' title='bbox 1276 1220 1388 1257; x_wconf 91' lang='lat' dir='ltr'>non</span> <span class='ocrx_word' id='word_1_77' title='bbox 1426 1204 1742 1274; x_wconf 86' lang='lat' dir='ltr'>pugnant?</span> <span class='ocrx_word' id='word_1_78' title='bbox 1772 1202 1854 1259; x_wconf 88' lang='lat' dir='ltr'>vel</span> <span class='ocrx_word' id='word_1_79' title='bbox 1892 1204 2031 1274; x_wconf 85' lang='lat' dir='ltr'>quia</span> 
     </span>
    </p>
   </div>
   <div class='ocr_carea' id='block_1_14' title="bbox 388 1292 2028 1357">
    <p class='ocr_par' dir='ltr' id='par_1_14' title="bbox 388 1292 2028 1357">
     <span class='ocr_line' id='line_1_14' title="bbox 388 1292 2028 1357; baseline -0.001 -8"><span class='ocrx_word' id='word_1_80' title='bbox 388 1293 710 1349; x_wconf 88' lang='lat' dir='ltr'>secundum</span> <span class='ocrx_word' id='word_1_81' title='bbox 746 1292 1056 1347; x_wconf 80' lang='lat' dir='ltr'>essentiam</span> <span class='ocrx_word' id='word_1_82' title='bbox 1088 1292 1410 1346; x_wconf 80' lang='lat' dir='ltr'>divinitatis</span> <span class='ocrx_word' id='word_1_83' title='bbox 1442 1308 1670 1349; x_wconf 88' lang='lat' dir='ltr'>carnem</span> <span class='ocrx_word' id='word_1_84' title='bbox 1699 1309 1812 1348; x_wconf 90' lang='lat' dir='ltr'>non</span> <span class='ocrx_word' id='word_1_85' title='bbox 1836 1294 2028 1357; x_wconf 83' lang='lat' dir='ltr'>habet,</span> 
     </span>
    </p>
   </div>
   <div class='ocr_carea' id='block_1_15' title="bbox 383 1382 2033 1454">
    <p class='ocr_par' dir='ltr' id='par_1_15' title="bbox 383 1382 2033 1454">
     <span class='ocr_line' id='line_1_15' title="bbox 383 1382 2033 1454; baseline 0.001 -17"><span class='ocrx_word' id='word_1_86' title='bbox 383 1384 617 1454; x_wconf 88' lang='lat' dir='ltr'>quando</span> <span class='ocrx_word' id='word_1_87' title='bbox 649 1382 899 1438; x_wconf 80' lang='lat' dir='ltr'>essentia</span> <span class='ocrx_word' id='word_1_88' title='bbox 932 1382 1254 1453; x_wconf 89' lang='lat' dir='ltr'>composita</span> <span class='ocrx_word' id='word_1_89' title='bbox 1285 1398 1410 1437; x_wconf 90' lang='lat' dir='ltr'>esse</span> <span class='ocrx_word' id='word_1_90' title='bbox 1440 1384 1662 1453; x_wconf 85' lang='lat' dir='ltr'>nequit,</span> <span class='ocrx_word' id='word_1_91' title='bbox 1686 1384 1784 1438; x_wconf 89' lang='lat' dir='ltr'>sed</span> <span class='ocrx_word' id='word_1_92' title='bbox 1817 1398 2033 1439; x_wconf 77' lang='lat' dir='ltr'>secun—</span> 
     </span>
    </p>
   </div>
   <div class='ocr_carea' id='block_1_16' title="bbox 385 1470 2028 1543">
    <p class='ocr_par' dir='ltr' id='par_1_16' title="bbox 385 1470 2028 1543">
     <span class='ocr_line' id='line_1_16' title="bbox 385 1470 2028 1543; baseline -0.001 -15"><span class='ocrx_word' id='word_1_93' title='bbox 385 1474 524 1529; x_wconf 90' lang='lat' dir='ltr'>dum</span> <span class='ocrx_word' id='word_1_94' title='bbox 559 1488 865 1543; x_wconf 85' lang='lat' dir='ltr'>personam</span> <span class='ocrx_word' id='word_1_95' title='bbox 898 1476 955 1526; x_wconf 91' lang='lat' dir='ltr'>et</span> <span class='ocrx_word' id='word_1_96' title='bbox 986 1470 1325 1542; x_wconf 81' lang='lat' dir='ltr'>hypostasin</span> <span class='ocrx_word' id='word_1_97' title='bbox 1356 1488 1591 1527; x_wconf 86' lang='lat' dir='ltr'>carnem</span> <span class='ocrx_word' id='word_1_98' title='bbox 1625 1472 1820 1539; x_wconf 83' lang='lat' dir='ltr'>habet,</span> <span class='ocrx_word' id='word_1_99' title='bbox 1847 1479 1905 1527; x_wconf 87' lang='lat' dir='ltr'>ut</span> <span class='ocrx_word' id='word_1_100' title='bbox 1926 1472 2028 1527; x_wconf 90' lang='lat' dir='ltr'>ha-</span> 
     </span>
    </p>
   </div>
   <div class='ocr_carea' id='block_1_17' title="bbox 384 1560 2033 1631">
    <p class='ocr_par' dir='ltr' id='par_1_17' title="bbox 384 1560 2033 1631">
     <span class='ocr_line' id='line_1_17' title="bbox 384 1560 2033 1631; baseline -0.001 -14"><span class='ocrx_word' id='word_1_101' title='bbox 384 1560 518 1617; x_wconf 88' lang='lat' dir='ltr'>bere</span> <span class='ocrx_word' id='word_1_102' title='bbox 550 1561 831 1626; x_wconf 88' lang='lat' dir='ltr'>cernitur,</span> <span class='ocrx_word' id='word_1_103' title='bbox 864 1563 919 1616; x_wconf 90' lang='lat' dir='ltr'>et</span> <span class='ocrx_word' id='word_1_104' title='bbox 950 1561 1101 1631; x_wconf 91' lang='lat' dir='ltr'>quod</span> <span class='ocrx_word' id='word_1_105' title='bbox 1155 1577 1269 1615; x_wconf 92' lang='lat' dir='ltr'>non</span> <span class='ocrx_word' id='word_1_106' title='bbox 1318 1560 1493 1616; x_wconf 87' lang='lat' dir='ltr'>habet</span> <span class='ocrx_word' id='word_1_107' title='bbox 1522 1562 1843 1617; x_wconf 86' lang='lat' dir='ltr'>secundum</span> <span class='ocrx_word' id='word_1_108' title='bbox 1890 1563 2033 1617; x_wconf 90' lang='lat' dir='ltr'>sub-</span> 
     </span>
    </p>
   </div>
   <div class='ocr_carea' id='block_1_18' title="bbox 386 1649 2033 1721">
    <p class='ocr_par' dir='ltr' id='par_1_18' title="bbox 386 1649 2033 1721">
     <span class='ocr_line' id='line_1_18' title="bbox 386 1649 2033 1721; baseline -0.001 -15"><span class='ocrx_word' id='word_1_109' title='bbox 386 1650 666 1707; x_wconf 84' lang='lat' dir='ltr'>stantiam</span> <span class='ocrx_word' id='word_1_110' title='bbox 703 1653 838 1719; x_wconf 91' lang='lat' dir='ltr'>(non</span> <span class='ocrx_word' id='word_1_111' title='bbox 872 1650 1028 1705; x_wconf 90' lang='lat' dir='ltr'>enim</span> <span class='ocrx_word' id='word_1_112' title='bbox 1059 1650 1420 1721; x_wconf 88' lang='lat' dir='ltr'>compositus</span> <span class='ocrx_word' id='word_1_113' title='bbox 1451 1652 1595 1717; x_wconf 89' lang='lat' dir='ltr'>erat)</span> <span class='ocrx_word' id='word_1_114' title='bbox 1621 1650 1730 1706; x_wconf 92' lang='lat' dir='ltr'>hoc</span> <span class='ocrx_word' id='word_1_115' title='bbox 1760 1649 2033 1721; x_wconf 79' lang='lat' dir='ltr'>hyposta-</span> 
     </span>
    </p>
   </div>
   <div class='ocr_carea' id='block_1_19' title="bbox 382 1740 2037 1811">
    <p class='ocr_par' dir='ltr' id='par_1_19' title="bbox 382 1740 2037 1811">
     <span class='ocr_line' id='line_1_19' title="bbox 382 1740 2037 1811; baseline 0 -17"><span class='ocrx_word' id='word_1_116' title='bbox 382 1742 495 1796; x_wconf 83' lang='lat' dir='ltr'>tice</span> <span class='ocrx_word' id='word_1_117' title='bbox 544 1740 825 1810; x_wconf 85' lang='lat' dir='ltr'>possidet,</span> <span class='ocrx_word' id='word_1_118' title='bbox 878 1740 1206 1811; x_wconf 88' lang='lat' dir='ltr'>bypostasis</span> <span class='ocrx_word' id='word_1_119' title='bbox 1255 1740 1409 1795; x_wconf 91' lang='lat' dir='ltr'>enim</span> <span class='ocrx_word' id='word_1_120' title='bbox 1459 1740 1781 1810; x_wconf 89' lang='lat' dir='ltr'>composita</span> <span class='ocrx_word' id='word_1_121' title='bbox 1829 1748 1936 1805; x_wconf 86' lang='lat' dir='ltr'>est,</span> <span class='ocrx_word' id='word_1_122' title='bbox 1980 1743 2037 1795; x_wconf 89' lang='lat' dir='ltr'>et</span> 
     </span>
    </p>
   </div>
   <div class='ocr_carea' id='block_1_20' title="bbox 2138 574 3795 653">
    <p class='ocr_par' dir='ltr' id='par_1_20' title="bbox 2138 574 3795 653">
     <span class='ocr_line' id='line_1_20' title="bbox 2138 574 3795 653; baseline 0.003 -22"><span class='ocrx_word' id='word_1_123' title='bbox 2138 574 2395 651; x_wconf 84' lang='grc' dir='ltr'>λέγεται·</span> <span class='ocrx_word' id='word_1_124' title='bbox 2450 576 2696 632; x_wconf 81' lang='grc' dir='ltr'>σύνθετον</span> <span class='ocrx_word' id='word_1_125' title='bbox 2742 575 2799 632; x_wconf 81' lang='grc' dir='ltr'>δὲ</span> <span class='ocrx_word' id='word_1_126' title='bbox 2849 576 3032 632; x_wconf 78' lang='grc' dir='ltr'>οὐσίαν</span> <span class='ocrx_word' id='word_1_127' title='bbox 3077 574 3256 641; x_wconf 79' lang='grc' dir='ltr'>οὑδεὶς</span> <span class='ocrx_word' id='word_1_128' title='bbox 3294 577 3461 634; x_wconf 82' lang='grc' dir='ltr'>εἰπεῖν</span> <span class='ocrx_word' id='word_1_129' title='bbox 3512 579 3795 653; x_wconf 83' lang='grc' dir='ltr'>ἐτόλμησε</span> 
     </span>
    </p>
   </div>
   <div class='ocr_carea' id='block_1_21' title="bbox 2134 664 3793 742">
    <p class='ocr_par' dir='ltr' id='par_1_21' title="bbox 2134 664 3793 742">
     <span class='ocr_line' id='line_1_21' title="bbox 2134 664 3793 742; baseline 0.002 -22"><span class='ocrx_word' id='word_1_130' title='bbox 2134 664 2281 734; x_wconf 71' lang='grc' dir='ltr'>πλὴν</span> <span class='ocrx_word' id='word_1_131' title='bbox 2319 666 2731 734; x_wconf 84' lang='grc' dir='ltr'>Ἀπολιναρίου.</span> <span class='ocrx_word' id='word_1_132' title='bbox 2776 666 2970 736; x_wconf 86' lang='grc' dir='ltr'>Δηλῶν</span> <span class='ocrx_word' id='word_1_133' title='bbox 3014 664 3071 721; x_wconf 75' lang='grc' dir='ltr'>δὲ</span> <span class='ocrx_word' id='word_1_134' title='bbox 3107 666 3197 721; x_wconf 75' lang='grc' dir='ltr'>καὶ</span> <span class='ocrx_word' id='word_1_135' title='bbox 3231 669 3258 721; x_wconf 99' lang='lat'>6</span> <span class='ocrx_word' id='word_1_136' title='bbox 3293 669 3495 742; x_wconf 81' lang='grc' dir='ltr'>Κύριος</span> <span class='ocrx_word' id='word_1_137' title='bbox 3546 669 3631 725; x_wconf 78' lang='grc' dir='ltr'>ὅτι</span> <span class='ocrx_word' id='word_1_138' title='bbox 3663 670 3793 723; x_wconf 82' lang='grc' dir='ltr'>σὺν-</span> 
     </span>
    </p>
   </div>
   <div class='ocr_carea' id='block_1_22' title="bbox 2137 756 3789 837">
    <p class='ocr_par' dir='ltr' id='par_1_22' title="bbox 2137 756 3789 837">
     <span class='ocr_line' id='line_1_22' title="bbox 2137 756 3789 837; baseline 0.002 -28"><span class='ocrx_word' id='word_1_139' title='bbox 2137 758 2286 816; x_wconf 88' lang='grc' dir='ltr'>θετος</span> <span class='ocrx_word' id='word_1_140' title='bbox 2322 756 2416 827; x_wconf 71' lang='grc' dir='ltr'>μὲν</span> <span class='ocrx_word' id='word_1_141' title='bbox 2445 757 2613 810; x_wconf 82' lang='grc' dir='ltr'>αὑτοῦ</span> <span class='ocrx_word' id='word_1_142' title='bbox 2652 759 2685 826; x_wconf 75' lang='grc' dir='ltr'>ἡ</span> <span class='ocrx_word' id='word_1_143' title='bbox 2735 757 3051 827; x_wconf 83' lang='grc' dir='ltr'>ὑπόστασις,</span> <span class='ocrx_word' id='word_1_144' title='bbox 3086 756 3263 812; x_wconf 73' lang='grc' dir='ltr'>οὐκετι</span> <span class='ocrx_word' id='word_1_145' title='bbox 3296 756 3352 812; x_wconf 78' lang='grc' dir='ltr'>δὲ</span> <span class='ocrx_word' id='word_1_146' title='bbox 3400 760 3487 813; x_wconf 80' lang='grc' dir='ltr'>καὶ</span> <span class='ocrx_word' id='word_1_147' title='bbox 3604 761 3789 837; x_wconf 64' lang='grc' dir='ltr'>φύσις,</span> 
     </span>
    </p>
   </div>
   <div class='ocr_carea' id='block_1_23' title="bbox 2135 845 3790 921">
    <p class='ocr_par' dir='ltr' id='par_1_23' title="bbox 2135 845 3790 921">
     <span class='ocr_line' id='line_1_23' title="bbox 2135 845 3790 921; baseline 0.004 -24"><span class='ocrx_word' id='word_1_148' title='bbox 2135 850 2243 898; x_wconf 86' lang='grc' dir='ltr'>τῶν</span> <span class='ocrx_word' id='word_1_149' title='bbox 2307 846 2399 916; x_wconf 77' lang='grc' dir='ltr'>μὲν</span> <span class='ocrx_word' id='word_1_150' title='bbox 2462 848 2639 919; x_wconf 87' lang='grc' dir='ltr'>θυρῶν</span> <span class='ocrx_word' id='word_1_151' title='bbox 2697 845 3101 919; x_wconf 72' lang='grc' dir='ltr'>κεκλεισμένων</span> <span class='ocrx_word' id='word_1_152' title='bbox 3158 848 3294 919; x_wconf 77' lang='grc' dir='ltr'>πρὸς</span> <span class='ocrx_word' id='word_1_153' title='bbox 3350 846 3479 911; x_wconf 74' lang='grc' dir='ltr'>τοὺς</span> <span class='ocrx_word' id='word_1_154' title='bbox 3540 850 3790 921; x_wconf 72' lang='grc' dir='ltr'>μαθητὰς</span> 
     </span>
    </p>
   </div>
   <div class='ocr_carea' id='block_1_24' title="bbox 2138 932 3787 1012">
    <p class='ocr_par' dir='ltr' id='par_1_24' title="bbox 2138 932 3787 1012">
     <span class='ocr_line' id='line_1_24' title="bbox 2138 932 3787 1012; baseline 0.004 -26"><span class='ocrx_word' id='word_1_155' title='bbox 2138 932 2394 988; x_wconf 74' lang='grc' dir='ltr'>εἰσελθὼν</span> <span class='ocrx_word' id='word_1_156' title='bbox 2429 952 2441 963; x_wconf 72' lang='grc'>⁸</span> <span class='ocrx_word' id='word_1_157' title='bbox 2492 934 2874 1012; x_wconf 73' lang='grc' dir='ltr'>Ψηλαφήσατέ</span> <span class='ocrx_word' id='word_1_158' title='bbox 2903 937 2947 972; x_wconf 73' lang='grc'>⁸⁸</span> <span class='ocrx_word' id='word_1_159' title='bbox 3010 956 3095 1008; x_wconf 85' lang='grc' dir='ltr'>με,</span> <span class='ocrx_word' id='word_1_160' title='bbox 3148 936 3318 1012; x_wconf 80' lang='grc' dir='ltr'>λέγει,</span> <span class='ocrx_word' id='word_1_161' title='bbox 3376 937 3465 992; x_wconf 85' lang='grc' dir='ltr'>καὶ</span> <span class='ocrx_word' id='word_1_162' title='bbox 3505 935 3653 993; x_wconf 70' lang='grc' dir='ltr'>’ίδετε</span> <span class='ocrx_word' id='word_1_163' title='bbox 3700 940 3787 992; x_wconf 78' lang='grc' dir='ltr'>ὅτι</span> 
     </span>
    </p>
   </div>
   <div class='ocr_carea' id='block_1_25' title="bbox 2137 1023 3789 1101">
    <p class='ocr_par' dir='ltr' id='par_1_25' title="bbox 2137 1023 3789 1101">
     <span class='ocr_line' id='line_1_25' title="bbox 2137 1023 3789 1101; baseline 0.002 -24"><span class='ocrx_word' id='word_1_164' title='bbox 2137 1027 2349 1096; x_wconf 87' lang='grc' dir='ltr'>πνεῦμα</span> <span class='ocrx_word' id='word_1_165' title='bbox 2426 1024 2594 1098; x_wconf 84' lang='grc' dir='ltr'>σάρκα</span> <span class='ocrx_word' id='word_1_166' title='bbox 2669 1025 2756 1079; x_wconf 83' lang='grc' dir='ltr'>καὶ</span> <span class='ocrx_word' id='word_1_167' title='bbox 2837 1024 2991 1079; x_wconf 77' lang='grc' dir='ltr'>ὀστέα</span> <span class='ocrx_word' id='word_1_168' title='bbox 3071 1026 3172 1080; x_wconf 80' lang='grc' dir='ltr'>οὐκ</span> <span class='ocrx_word' id='word_1_169' title='bbox 3246 1023 3362 1101; x_wconf 78' lang='grc' dir='ltr'>ἔχει</span> <span class='ocrx_word' id='word_1_170' title='bbox 3443 1029 3622 1089; x_wconf 89' lang='grc' dir='ltr'>καθὼς</span> <span class='ocrx_word' id='word_1_171' title='bbox 3689 1026 3789 1099; x_wconf 73' lang='grc' dir='ltr'>ἐμὲ</span> 
     </span>
    </p>
   </div>
   <div class='ocr_carea' id='block_1_26' title="bbox 2139 1110 3787 1189">
    <p class='ocr_par' dir='ltr' id='par_1_26' title="bbox 2139 1110 3787 1189">
     <span class='ocr_line' id='line_1_26' title="bbox 2139 1110 3787 1189; baseline 0.002 -24"><span class='ocrx_word' id='word_1_172' title='bbox 2139 1115 2391 1187; x_wconf 78' lang='grc' dir='ltr'>Θεωρεῖτε</span> <span class='ocrx_word' id='word_1_173' title='bbox 2422 1110 2621 1187; x_wconf 80' lang='grc' dir='ltr'>ἔχοντα</span> <span class='ocrx_word' id='word_1_174' title='bbox 2654 1133 2666 1145; x_wconf 70' lang='grc'><strong><em>⁸</em></strong></span> <span class='ocrx_word' id='word_1_175' title='bbox 2702 1110 2958 1189; x_wconf 80' lang='grc' dir='ltr'>ἀλλαχοῦ</span> <span class='ocrx_word' id='word_1_176' title='bbox 2997 1111 3053 1168; x_wconf 81' lang='grc' dir='ltr'>δέ</span> <span class='ocrx_word' id='word_1_177' title='bbox 3088 1132 3099 1143; x_wconf 87' lang='grc'><strong>·</strong></span> <span class='ocrx_word' id='word_1_178' title='bbox 3132 1114 3348 1187; x_wconf 84' lang='grc' dir='ltr'>Πνεῦμα</span> <span class='ocrx_word' id='word_1_179' title='bbox 3379 1118 3421 1151; x_wconf 77' lang='grc'>⁸⁷</span> <span class='ocrx_word' id='word_1_180' title='bbox 3453 1118 3481 1170; x_wconf 98' lang='lat'>6</span> <span class='ocrx_word' id='word_1_181' title='bbox 3532 1117 3661 1177; x_wconf 88' lang='grc' dir='ltr'>Θεὸς</span> <span class='ocrx_word' id='word_1_182' title='bbox 3695 1117 3787 1170; x_wconf 79' lang='grc' dir='ltr'>καὶ</span> 
     </span>
    </p>
   </div>
   <div class='ocr_carea' id='block_1_27' title="bbox 2137 1200 3226 1277">
    <p class='ocr_par' dir='ltr' id='par_1_27' title="bbox 2137 1200 3226 1277">
     <span class='ocr_line' id='line_1_27' title="bbox 2137 1200 3226 1277; baseline 0.003 -23"><span class='ocrx_word' id='word_1_183' title='bbox 2137 1200 2267 1263; x_wconf 81' lang='grc' dir='ltr'>τοὺς</span> <span class='ocrx_word' id='word_1_184' title='bbox 2384 1206 2823 1277; x_wconf 76' lang='grc' dir='ltr'>προσκυνοῦντας</span> <span class='ocrx_word' id='word_1_185' title='bbox 2924 1204 3083 1259; x_wconf 84' lang='grc' dir='ltr'>αὑτὸν</span> <span class='ocrx_word' id='word_1_186' title='bbox 3176 1203 3226 1259; x_wconf 83' lang='grc' dir='ltr'>ἐν</span> 
     </span>
    </p>
   </div>
   <div class='ocr_carea' id='block_1_28' title="bbox 2139 1288 3792 1365">
    <p class='ocr_par' dir='ltr' id='par_1_28' title="bbox 2139 1288 3792 1365">
     <span class='ocr_line' id='line_1_28' title="bbox 2139 1288 3792 1365; baseline 0.004 -22"><span class='ocrx_word' id='word_1_187' title='bbox 2139 1288 2368 1361; x_wconf 80' lang='grc' dir='ltr'>ἀληθείᾳ</span> <span class='ocrx_word' id='word_1_188' title='bbox 2445 1288 2527 1345; x_wconf 84' lang='grc' dir='ltr'>δεῖ</span> <span class='ocrx_word' id='word_1_189' title='bbox 2600 1297 2939 1365; x_wconf 75' lang='grc' dir='ltr'>προσκυνεῖν.</span> <span class='ocrx_word' id='word_1_190' title='bbox 3022 1298 3143 1355; x_wconf 87' lang='grc' dir='ltr'>Πῶς</span> <span class='ocrx_word' id='word_1_191' title='bbox 3228 1291 3318 1347; x_wconf 83' lang='grc' dir='ltr'>οῦν</span> <span class='ocrx_word' id='word_1_192' title='bbox 3403 1293 3500 1348; x_wconf 84' lang='grc' dir='ltr'>οὑκ</span> <span class='ocrx_word' id='word_1_193' title='bbox 3576 1296 3792 1349; x_wconf 75' lang='grc' dir='ltr'>ὲναντία</span> 
     </span>
    </p>
   </div>
   <div class='ocr_carea' id='block_1_29' title="bbox 2137 1378 3792 1453">
    <p class='ocr_par' dir='ltr' id='par_1_29' title="bbox 2137 1378 3792 1453">
     <span class='ocr_line' id='line_1_29' title="bbox 2137 1378 3792 1453; baseline 0.002 -21"><span class='ocrx_word' id='word_1_194' title='bbox 2137 1382 2343 1447; x_wconf 86' lang='grc' dir='ltr'>ταῦτα;</span> <span class='ocrx_word' id='word_1_195' title='bbox 2385 1378 2419 1447; x_wconf 74' lang='grc' dir='ltr'><strong>ἢ</strong></span> <span class='ocrx_word' id='word_1_196' title='bbox 2454 1378 2535 1434; x_wconf 76' lang='grc' dir='ltr'>ὅτι</span> <span class='ocrx_word' id='word_1_197' title='bbox 2567 1380 2701 1434; x_wconf 85' lang='grc' dir='ltr'>κατᾶ</span> <span class='ocrx_word' id='word_1_198' title='bbox 2736 1381 2828 1453; x_wconf 74' lang='grc' dir='ltr'>μὲν</span> <span class='ocrx_word' id='word_1_199' title='bbox 2869 1382 2967 1449; x_wconf 74' lang='grc' dir='ltr'>την</span> <span class='ocrx_word' id='word_1_200' title='bbox 3010 1381 3195 1435; x_wconf 77' lang='grc' dir='ltr'>οὐσίαν</span> <span class='ocrx_word' id='word_1_201' title='bbox 3237 1384 3334 1451; x_wconf 75' lang='grc' dir='ltr'>τῆς</span> <span class='ocrx_word' id='word_1_202' title='bbox 3382 1381 3639 1451; x_wconf 74' lang='grc' dir='ltr'>θεότητος</span> <span class='ocrx_word' id='word_1_203' title='bbox 3690 1380 3792 1436; x_wconf 81' lang='grc' dir='ltr'>οὑκ</span> 
     </span>
    </p>
   </div>
   <div class='ocr_carea' id='block_1_30' title="bbox 2140 1465 3789 1542">
    <p class='ocr_par' dir='ltr' id='par_1_30' title="bbox 2140 1465 3789 1542">
     <span class='ocr_line' id='line_1_30' title="bbox 2140 1465 3789 1542; baseline 0.002 -21"><span class='ocrx_word' id='word_1_204' title='bbox 2140 1465 2257 1542; x_wconf 79' lang='grc' dir='ltr'>ἔχει</span> <span class='ocrx_word' id='word_1_205' title='bbox 2318 1469 2509 1542; x_wconf 73' lang='grc' dir='ltr'>σάρκα,</span> <span class='ocrx_word' id='word_1_206' title='bbox 2561 1467 2747 1539; x_wconf 79' lang='grc' dir='ltr'>ἐπειδὴ</span> <span class='ocrx_word' id='word_1_207' title='bbox 2823 1468 2964 1541; x_wconf 75' lang='grc' dir='ltr'>μηδὲ</span> <span class='ocrx_word' id='word_1_208' title='bbox 2994 1471 3038 1506; x_wconf 75' lang='grc'>⁵⁸</span> <span class='ocrx_word' id='word_1_209' title='bbox 3093 1469 3313 1525; x_wconf 73' lang='grc' dir='ltr'>δύναται</span> <span class='ocrx_word' id='word_1_210' title='bbox 3373 1471 3619 1533; x_wconf 70' lang='grc' dir='ltr'>σύνθετος</span> <span class='ocrx_word' id='word_1_211' title='bbox 3649 1474 3695 1508; x_wconf 83' lang='grc'><strong><em>⁶⁹</em></strong></span> <span class='ocrx_word' id='word_1_212' title='bbox 3760 1475 3789 1539; x_wconf 75' lang='grc' dir='ltr'>ἡ</span> 
     </span>
    </p>
   </div>
   <div class='ocr_carea' id='block_1_31' title="bbox 2142 1555 3794 1633">
    <p class='ocr_par' dir='ltr' id='par_1_31' title="bbox 2142 1555 3794 1633">
     <span class='ocr_line' id='line_1_31' title="bbox 2142 1555 3794 1633; baseline 0.002 -24"><span class='ocrx_word' id='word_1_213' title='bbox 2142 1555 2298 1611; x_wconf 77' lang='grc' dir='ltr'>οὐσία</span> <span class='ocrx_word' id='word_1_214' title='bbox 2329 1556 2484 1623; x_wconf 76' lang='grc' dir='ltr'>εἶναι,</span> <span class='ocrx_word' id='word_1_215' title='bbox 2516 1560 2594 1628; x_wconf 77' lang='grc' dir='ltr'>τῷ</span> <span class='ocrx_word' id='word_1_216' title='bbox 2643 1555 2699 1611; x_wconf 79' lang='grc' dir='ltr'>δὲ</span> <span class='ocrx_word' id='word_1_217' title='bbox 2740 1559 3019 1632; x_wconf 82' lang='grc' dir='ltr'>προσώπῳ</span> <span class='ocrx_word' id='word_1_218' title='bbox 3065 1559 3154 1614; x_wconf 87' lang='grc' dir='ltr'>καὶ</span> <span class='ocrx_word' id='word_1_219' title='bbox 3198 1565 3267 1633; x_wconf 77' lang='grc' dir='ltr'>τῇ</span> <span class='ocrx_word' id='word_1_220' title='bbox 3320 1560 3609 1613; x_wconf 73' lang='grc' dir='ltr'>ὑποστάσει</span> <span class='ocrx_word' id='word_1_221' title='bbox 3648 1556 3794 1633; x_wconf 78' lang='grc' dir='ltr'>ἔχει,</span> 
     </span>
    </p>
   </div>
   <div class='ocr_carea' id='block_1_32' title="bbox 2142 1645 3794 1724">
    <p class='ocr_par' dir='ltr' id='par_1_32' title="bbox 2142 1645 3794 1724">
     <span class='ocr_line' id='line_1_32' title="bbox 2142 1645 3794 1724; baseline 0.001 -25"><span class='ocrx_word' id='word_1_222' title='bbox 2142 1646 2323 1706; x_wconf 83' lang='grc' dir='ltr'>καθὼς</span> <span class='ocrx_word' id='word_1_223' title='bbox 2354 1646 2512 1708; x_wconf 81' lang='grc' dir='ltr'>αὑτὸς</span> <span class='ocrx_word' id='word_1_224' title='bbox 2540 1645 2683 1720; x_wconf 84' lang='grc' dir='ltr'>ἔχων</span> <span class='ocrx_word' id='word_1_225' title='bbox 2719 1646 2999 1720; x_wconf 83' lang='grc' dir='ltr'>ἐθεωρεῖτο</span> <span class='ocrx_word' id='word_1_226' title='bbox 3035 1669 3048 1681; x_wconf 85' lang='grc'><strong>·</strong></span> <span class='ocrx_word' id='word_1_227' title='bbox 3081 1649 3169 1703; x_wconf 83' lang='grc' dir='ltr'>καὶ</span> <span class='ocrx_word' id='word_1_228' title='bbox 3202 1650 3334 1724; x_wconf 82' lang='grc' dir='ltr'>ὅπερ</span> <span class='ocrx_word' id='word_1_229' title='bbox 3366 1649 3465 1704; x_wconf 80' lang='grc' dir='ltr'>οὐκ</span> <span class='ocrx_word' id='word_1_230' title='bbox 3495 1650 3616 1723; x_wconf 74' lang='grc' dir='ltr'>εἶχε</span> <span class='ocrx_word' id='word_1_231' title='bbox 3655 1651 3794 1704; x_wconf 85' lang='grc' dir='ltr'>κατά</span> 
     </span>
    </p>
   </div>
   <div class='ocr_carea' id='block_1_33' title="bbox 2142 1734 3791 1810">
    <p class='ocr_par' dir='ltr' id='par_1_33' title="bbox 2142 1734 3791 1810">
     <span class='ocr_line' id='line_1_33' title="bbox 2142 1734 3791 1810; baseline 0 -21"><span class='ocrx_word' id='word_1_232' title='bbox 2142 1736 2241 1804; x_wconf 74' lang='grc' dir='ltr'>τὴν</span> <span class='ocrx_word' id='word_1_233' title='bbox 2295 1734 2475 1789; x_wconf 82' lang='grc' dir='ltr'>οὑσίαν</span> <span class='ocrx_word' id='word_1_234' title='bbox 2526 1735 2610 1807; x_wconf 86' lang='grc' dir='ltr'>(οὐ</span> <span class='ocrx_word' id='word_1_235' title='bbox 2661 1737 2763 1810; x_wconf 77' lang='grc' dir='ltr'>γὰρ</span> <span class='ocrx_word' id='word_1_236' title='bbox 2813 1739 2880 1805; x_wconf 74' lang='grc' dir='ltr'>ἧν</span> <span class='ocrx_word' id='word_1_237' title='bbox 2931 1736 3224 1810; x_wconf 76' lang='grc' dir='ltr'>σύνθετος),</span> <span class='ocrx_word' id='word_1_238' title='bbox 3281 1742 3439 1793; x_wconf 83' lang='grc' dir='ltr'>τοῦτο</span> <span class='ocrx_word' id='word_1_239' title='bbox 3496 1740 3635 1793; x_wconf 78' lang='grc' dir='ltr'>κατὰ</span> <span class='ocrx_word' id='word_1_240' title='bbox 3690 1740 3791 1805; x_wconf 70' lang='grc' dir='ltr'>τήν</span> 
     </span>
    </p>
   </div>
   <div class='ocr_carea' id='block_1_34' title="bbox 3334 1204 3787 1278">
    <p class='ocr_par' dir='ltr' id='par_1_34' title="bbox 3334 1204 3787 1278">
     <span class='ocr_line' id='line_1_34' title="bbox 3334 1204 3787 1278; baseline -0.007 -18"><span class='ocrx_word' id='word_1_241' title='bbox 3334 1204 3601 1278; x_wconf 79' lang='grc' dir='ltr'>πνεύματι</span> <span class='ocrx_word' id='word_1_242' title='bbox 3694 1208 3787 1259; x_wconf 74' lang='grc' dir='ltr'>καὶ</span> 
     </span>
    </p>
   </div>
   <div class='ocr_carea' id='block_1_35' title="bbox 385 1810 2038 1902">
    <p class='ocr_par' dir='ltr' id='par_1_35' title="bbox 385 1810 2033 1899">
     <span class='ocr_line' id='line_1_35' title="bbox 385 1810 2033 1899; baseline -0.001 -15"><span class='ocrx_word' id='word_1_243' title='bbox 385 1830 706 1884; x_wconf 88' lang='lat' dir='ltr'>secundum</span> <span class='ocrx_word' id='word_1_244' title='bbox 764 1810 1221 1899; x_wconf 17' lang='lat' dir='ltr'>unamiquidem</span> <span class='ocrx_word' id='word_1_245' title='bbox 1278 1828 1663 1883; x_wconf 86' lang='lat' dir='ltr'>substantiam</span> <span class='ocrx_word' id='word_1_246' title='bbox 1713 1846 1826 1883; x_wconf 89' lang='lat' dir='ltr'>non</span> <span class='ocrx_word' id='word_1_247' title='bbox 1857 1828 2033 1883; x_wconf 87' lang='lat' dir='ltr'>habet</span> 
     </span>
    </p>
   </div>
   <div class='ocr_carea' id='block_1_36' title="bbox 2146 1810 3793 1902">
    <p class='ocr_par' dir='ltr' id='par_1_36' title="bbox 2146 1818 3793 1902">
     <span class='ocr_line' id='line_1_36' title="bbox 2146 1818 3793 1902; baseline 0.002 -25"><span class='ocrx_word' id='word_1_248' title='bbox 2146 1824 2438 1878; x_wconf 78' lang='grc' dir='ltr'>ὑπόστασιν</span> <span class='ocrx_word' id='word_1_249' title='bbox 2481 1818 2601 1898; x_wconf 77' lang='grc' dir='ltr'>ἔχει</span> <span class='ocrx_word' id='word_1_250' title='bbox 2633 1825 2909 1895; x_wconf 77' lang='grc' dir='ltr'>(σύνθετος</span> <span class='ocrx_word' id='word_1_251' title='bbox 2942 1828 3059 1898; x_wconf 79' lang='grc'>[421</span> <span class='ocrx_word' id='word_1_252' title='bbox 3123 1832 3215 1900; x_wconf 73' lang='grc' dir='ltr'><strong>Η.]</strong></span> <span class='ocrx_word' id='word_1_253' title='bbox 3248 1828 3350 1902; x_wconf 71' lang='grc' dir='ltr'>γὰρ</span> <span class='ocrx_word' id='word_1_254' title='bbox 3392 1826 3526 1898; x_wconf 75' lang='grc' dir='ltr'>αὕτη</span> <span class='ocrx_word' id='word_1_255' title='bbox 3557 1828 3627 1900; x_wconf 76' lang='grc' dir='ltr'>⁷ο)</span> <span class='ocrx_word' id='word_1_256' title='bbox 3654 1847 3667 1859; x_wconf 74' lang='grc'>⁸</span> <span class='ocrx_word' id='word_1_257' title='bbox 3699 1827 3793 1881; x_wconf 81' lang='grc' dir='ltr'>καὶ</span> 
     </span>
    </p>
   </div>
   <div class='ocr_carea' id='block_1_37' title="bbox 390 1917 2030 1989">
    <p class='ocr_par' dir='ltr' id='par_1_37' title="bbox 390 1917 2030 1989">
     <span class='ocr_line' id='line_1_37' title="bbox 390 1917 2030 1989; baseline -0.001 -15"><span class='ocrx_word' id='word_1_258' title='bbox 390 1920 654 1983; x_wconf 87' lang='lat' dir='ltr'>alteram,</span> <span class='ocrx_word' id='word_1_259' title='bbox 687 1920 787 1973; x_wconf 90' lang='lat' dir='ltr'>sed</span> <span class='ocrx_word' id='word_1_260' title='bbox 823 1918 977 1988; x_wconf 92' lang='lat' dir='ltr'>quod</span> <span class='ocrx_word' id='word_1_261' title='bbox 1020 1919 1088 1972; x_wconf 89' lang='lat' dir='ltr'>ad</span> <span class='ocrx_word' id='word_1_262' title='bbox 1142 1934 1465 1989; x_wconf 82' lang='lat' dir='ltr'>personam,</span> <span class='ocrx_word' id='word_1_263' title='bbox 1499 1922 1807 1987; x_wconf 80' lang='lat' dir='ltr'>utramque</span> <span class='ocrx_word' id='word_1_264' title='bbox 1842 1917 2030 1986; x_wconf 84' lang='lat' dir='ltr'>habet,</span> 
     </span>
    </p>
   </div>
   <div class='ocr_carea' id='block_1_38' title="bbox 389 2006 2032 2078">
    <p class='ocr_par' dir='ltr' id='par_1_38' title="bbox 389 2006 2032 2078">
     <span class='ocr_line' id='line_1_38' title="bbox 389 2006 2032 2078; baseline -0.001 -16"><span class='ocrx_word' id='word_1_265' title='bbox 389 2008 880 2078; x_wconf 89' lang='lat' dir='ltr'>quemadmodum</span> <span class='ocrx_word' id='word_1_266' title='bbox 915 2010 969 2061; x_wconf 90' lang='lat' dir='ltr'>et</span> <span class='ocrx_word' id='word_1_267' title='bbox 1000 2023 1231 2062; x_wconf 87' lang='lat' dir='ltr'>carnem</span> <span class='ocrx_word' id='word_1_268' title='bbox 1266 2006 1439 2062; x_wconf 89' lang='lat' dir='ltr'>habet</span> <span class='ocrx_word' id='word_1_269' title='bbox 1463 2023 1525 2061; x_wconf 89' lang='lat' dir='ltr'>ac</span> <span class='ocrx_word' id='word_1_270' title='bbox 1549 2006 1821 2077; x_wconf 87' lang='lat' dir='ltr'>spiritum</span> <span class='ocrx_word' id='word_1_271' title='bbox 1854 2006 2032 2076; x_wconf 82' lang='lat' dir='ltr'>hypo-</span> 
     </span>
    </p>
   </div>
   <div class='ocr_carea' id='block_1_39' title="bbox 392 2096 2039 2167">
    <p class='ocr_par' dir='ltr' id='par_1_39' title="bbox 392 2096 2039 2167">
     <span class='ocr_line' id='line_1_39' title="bbox 392 2096 2039 2167; baseline -0.001 -15"><span class='ocrx_word' id='word_1_272' title='bbox 392 2098 647 2152; x_wconf 86' lang='lat' dir='ltr'>statice:</span> <span class='ocrx_word' id='word_1_273' title='bbox 698 2096 1165 2151; x_wconf 87' lang='lat' dir='ltr'>substantialiter</span> <span class='ocrx_word' id='word_1_274' title='bbox 1220 2113 1352 2151; x_wconf 87' lang='lat' dir='ltr'>vero</span> <span class='ocrx_word' id='word_1_275' title='bbox 1414 2112 1598 2166; x_wconf 89' lang='lat' dir='ltr'>neque</span> <span class='ocrx_word' id='word_1_276' title='bbox 1656 2096 1893 2167; x_wconf 81' lang='lat' dir='ltr'>spiritus</span> <span class='ocrx_word' id='word_1_277' title='bbox 1948 2099 2039 2150; x_wconf 88' lang='lat' dir='ltr'>est</span> 
     </span>
    </p>
   </div>
   <div class='ocr_carea' id='block_1_40' title="bbox 393 2184 2038 2256">
    <p class='ocr_par' dir='ltr' id='par_1_40' title="bbox 393 2184 2038 2256">
     <span class='ocr_line' id='line_1_40' title="bbox 393 2184 2038 2256; baseline 0.001 -18"><span class='ocrx_word' id='word_1_278' title='bbox 393 2200 545 2254; x_wconf 90' lang='lat' dir='ltr'>caro,</span> <span class='ocrx_word' id='word_1_279' title='bbox 586 2199 772 2255; x_wconf 89' lang='lat' dir='ltr'>neque</span> <span class='ocrx_word' id='word_1_280' title='bbox 804 2200 937 2240; x_wconf 88' lang='lat' dir='ltr'>caro</span> <span class='ocrx_word' id='word_1_281' title='bbox 969 2184 1208 2256; x_wconf 80' lang='lat' dir='ltr'>spiritus</span> <span class='ocrx_word' id='word_1_282' title='bbox 1239 2185 1430 2239; x_wconf 86' lang='lat' dir='ltr'>induit</span> <span class='ocrx_word' id='word_1_283' title='bbox 1463 2191 1748 2240; x_wconf 88' lang='lat' dir='ltr'>naturam.</span> <span class='ocrx_word' id='word_1_284' title='bbox 1784 2189 1902 2240; x_wconf 89' lang='lat' dir='ltr'>Hoc</span> <span class='ocrx_word' id='word_1_285' title='bbox 1934 2202 2038 2240; x_wconf 83' lang='lat' dir='ltr'>ex—</span> 
     </span>
    </p>
   </div>
   <div class='ocr_carea' id='block_1_41' title="bbox 389 2272 2035 2345">
    <p class='ocr_par' dir='ltr' id='par_1_41' title="bbox 389 2272 2035 2345">
     <span class='ocr_line' id='line_1_41' title="bbox 389 2272 2035 2345; baseline 0.001 -18"><span class='ocrx_word' id='word_1_286' title='bbox 389 2272 633 2343; x_wconf 88' lang='lat' dir='ltr'>planans</span> <span class='ocrx_word' id='word_1_287' title='bbox 682 2273 872 2330; x_wconf 70' lang='lat' dir='ltr'>256a</span> <span class='ocrx_word' id='word_1_288' title='bbox 924 2274 1127 2328; x_wconf 90' lang='lat' dir='ltr'>beatus</span> <span class='ocrx_word' id='word_1_289' title='bbox 1179 2273 1466 2345; x_wconf 85' lang='lat' dir='ltr'>Cyrillus:</span> <span class='ocrx_word' id='word_1_290' title='bbox 1501 2274 1559 2329; x_wconf 89' lang='lat' dir='ltr'>Si</span> <span class='ocrx_word' id='word_1_291' title='bbox 1606 2274 1776 2343; x_wconf 84' lang='lat' dir='ltr'>enim,</span> <span class='ocrx_word' id='word_1_292' title='bbox 1821 2274 2035 2345; x_wconf 88' lang='lat' dir='ltr'>inquit,</span> 
     </span>
    </p>
   </div>
   <div class='ocr_carea' id='block_1_42' title="bbox 390 2363 2036 2433">
    <p class='ocr_par' dir='ltr' id='par_1_42' title="bbox 390 2363 2036 2433">
     <span class='ocr_line' id='line_1_42' title="bbox 390 2363 2036 2433; baseline -0.001 -14"><span class='ocrx_word' id='word_1_293' title='bbox 390 2378 519 2419; x_wconf 88' lang='lat' dir='ltr'>caro</span> <span class='ocrx_word' id='word_1_294' title='bbox 560 2378 688 2419; x_wconf 89' lang='lat' dir='ltr'>caro</span> <span class='ocrx_word' id='word_1_295' title='bbox 730 2369 807 2418; x_wconf 87' lang='lat' dir='ltr'>est</span> <span class='ocrx_word' id='word_1_296' title='bbox 849 2371 899 2419; x_wconf 89' lang='lat' dir='ltr'>et</span> <span class='ocrx_word' id='word_1_297' title='bbox 941 2379 1047 2419; x_wconf 79' lang='lat' dir='ltr'>non</span> <span class='ocrx_word' id='word_1_298' title='bbox 1100 2363 1299 2429; x_wconf 83' lang='lat' dir='ltr'>deitas,</span> <span class='ocrx_word' id='word_1_299' title='bbox 1331 2364 1431 2419; x_wconf 80' lang='lat' dir='ltr'>etsi</span> <span class='ocrx_word' id='word_1_300' title='bbox 1468 2366 1565 2419; x_wconf 88' lang='lat' dir='ltr'>Dei</span> <span class='ocrx_word' id='word_1_301' title='bbox 1603 2380 1731 2420; x_wconf 78' lang='lat' dir='ltr'>caro</span> <span class='ocrx_word' id='word_1_302' title='bbox 1763 2366 1912 2431; x_wconf 82' lang='lat' dir='ltr'>facta</span> <span class='ocrx_word' id='word_1_303' title='bbox 1941 2372 2036 2433; x_wconf 85' lang='lat' dir='ltr'>est,</span> 
     </span>
    </p>
   </div>
   <div class='ocr_carea' id='block_1_43' title="bbox 393 2452 2041 2523">
    <p class='ocr_par' dir='ltr' id='par_1_43' title="bbox 393 2452 2041 2523">
     <span class='ocr_line' id='line_1_43' title="bbox 393 2452 2041 2523; baseline -0.001 -15"><span class='ocrx_word' id='word_1_304' title='bbox 393 2452 691 2508; x_wconf 78' lang='lat' dir='ltr'>secundum</span> <span class='ocrx_word' id='word_1_305' title='bbox 747 2454 1119 2508; x_wconf 83' lang='lat' dir='ltr'>substantiam</span> <span class='ocrx_word' id='word_1_306' title='bbox 1186 2453 1573 2523; x_wconf 81' lang='lat' dir='ltr'>diﬂerentiam</span> <span class='ocrx_word' id='word_1_307' title='bbox 1635 2453 1877 2519; x_wconf 85' lang='lat' dir='ltr'>invenio,</span> <span class='ocrx_word' id='word_1_308' title='bbox 1935 2453 2041 2508; x_wconf 83' lang='lat' dir='ltr'>etsi</span> 
     </span>
    </p>
   </div>
   <div class='ocr_carea' id='block_1_44' title="bbox 396 2541 2039 2615">
    <p class='ocr_par' dir='ltr' id='par_1_44' title="bbox 396 2541 2039 2615">
     <span class='ocr_line' id='line_1_44' title="bbox 396 2541 2039 2615; baseline -0.001 -18"><span class='ocrx_word' id='word_1_309' title='bbox 396 2541 607 2599; x_wconf 86' lang='lat' dir='ltr'>Filium</span> <span class='ocrx_word' id='word_1_310' title='bbox 659 2560 835 2600; x_wconf 84' lang='lat' dir='ltr'>unum</span> <span class='ocrx_word' id='word_1_311' title='bbox 882 2560 994 2599; x_wconf 76' lang='lat' dir='ltr'>esse</span> <span class='ocrx_word' id='word_1_312' title='bbox 1040 2545 1316 2615; x_wconf 79' lang='lat' dir='ltr'>conﬁtear.</span> <span class='ocrx_word' id='word_1_313' title='bbox 1348 2544 1562 2599; x_wconf 65' lang='lat' dir='ltr'>Adhaac</span> <span class='ocrx_word' id='word_1_314' title='bbox 1605 2545 1662 2599; x_wconf 90' lang='lat' dir='ltr'>in</span> <span class='ocrx_word' id='word_1_315' title='bbox 1712 2542 2039 2615; x_wconf 85' lang='lat' dir='ltr'>Evangeliis</span> 
     </span>
    </p>
   </div>
   <div class='ocr_carea' id='block_1_45' title="bbox 402 2628 2042 2691">
    <p class='ocr_par' dir='ltr' id='par_1_45' title="bbox 402 2628 2042 2691">
     <span class='ocr_line' id='line_1_45' title="bbox 402 2628 2042 2691; baseline 0.001 -6"><span class='ocrx_word' id='word_1_316' title='bbox 402 2630 666 2687; x_wconf 87' lang='lat' dir='ltr'>Christus</span> <span class='ocrx_word' id='word_1_317' title='bbox 723 2650 857 2687; x_wconf 91' lang='lat' dir='ltr'>cum</span> <span class='ocrx_word' id='word_1_318' title='bbox 915 2628 1092 2689; x_wconf 86' lang='lat' dir='ltr'>dicit:</span> <span class='ocrx_word' id='word_1_319' title='bbox 1150 2635 1212 2691; x_wconf 91' lang='lat' dir='ltr'>Ut</span> <span class='ocrx_word' id='word_1_320' title='bbox 1264 2637 1377 2689; x_wconf 83' lang='lat' dir='ltr'>sint</span> <span class='ocrx_word' id='word_1_321' title='bbox 1433 2650 1603 2688; x_wconf 85' lang='lat' dir='ltr'>unum</span> <span class='ocrx_word' id='word_1_322' title='bbox 1660 2635 1801 2688; x_wconf 84' lang='lat' dir='ltr'>sicut</span> <span class='ocrx_word' id='word_1_323' title='bbox 1847 2637 1899 2687; x_wconf 83' lang='lat' dir='ltr'>et</span> <span class='ocrx_word' id='word_1_324' title='bbox 1945 2648 2042 2688; x_wconf 84' lang='lat' dir='ltr'>nos</span> 
     </span>
    </p>
   </div>
   <div class='ocr_carea' id='block_1_46' title="bbox 398 2723 2043 2795">
    <p class='ocr_par' dir='ltr' id='par_1_46' title="bbox 398 2723 2043 2795">
     <span class='ocr_line' id='line_1_46' title="bbox 398 2723 2043 2795; baseline 0.002 -20"><span class='ocrx_word' id='word_1_325' title='bbox 398 2737 575 2776; x_wconf 84' lang='lat' dir='ltr'>unum</span> <span class='ocrx_word' id='word_1_326' title='bbox 621 2739 834 2789; x_wconf 88' lang='lat' dir='ltr'>sumus,</span> <span class='ocrx_word' id='word_1_327' title='bbox 883 2725 1000 2795; x_wconf 86' lang='lat' dir='ltr'>Ego</span> <span class='ocrx_word' id='word_1_328' title='bbox 1032 2725 1092 2777; x_wconf 84' lang='lat' dir='ltr'>in</span> <span class='ocrx_word' id='word_1_329' title='bbox 1120 2723 1220 2792; x_wconf 84' lang='lat' dir='ltr'>eis,</span> <span class='ocrx_word' id='word_1_330' title='bbox 1252 2726 1300 2778; x_wconf 85' lang='lat' dir='ltr'>et</span> <span class='ocrx_word' id='word_1_331' title='bbox 1329 2730 1389 2777; x_wconf 87' lang='lat' dir='ltr'>tu</span> <span class='ocrx_word' id='word_1_332' title='bbox 1421 2725 1479 2778; x_wconf 88' lang='lat' dir='ltr'>in</span> <span class='ocrx_word' id='word_1_333' title='bbox 1518 2739 1601 2778; x_wconf 88' lang='lat' dir='ltr'>me</span> <span class='ocrx_word' id='word_1_334' title='bbox 1635 2736 1680 2779; x_wconf 69' lang='grc' dir='ltr'><strong>γ.</strong></span> <span class='ocrx_word' id='word_1_335' title='bbox 1730 2723 2043 2791; x_wconf 69' lang='lat' dir='ltr'>Utriusque</span> 
     </span>
    </p>
   </div>
   <div class='ocr_carea' id='block_1_47' title="bbox 399 2811 2039 2869">
    <p class='ocr_par' dir='ltr' id='par_1_47' title="bbox 399 2811 2039 2869">
     <span class='ocr_line' id='line_1_47' title="bbox 399 2811 2039 2869; baseline 0.001 -3"><span class='ocrx_word' id='word_1_336' title='bbox 399 2811 958 2868; x_wconf 85' lang='lat' dir='ltr'>consubstantialem</span> <span class='ocrx_word' id='word_1_337' title='bbox 1018 2819 1238 2867; x_wconf 84' lang='lat' dir='ltr'>naturae</span> <span class='ocrx_word' id='word_1_338' title='bbox 1286 2812 1466 2869; x_wconf 85' lang='lat' dir='ltr'>fuisse</span> <span class='ocrx_word' id='word_1_339' title='bbox 1524 2812 1800 2869; x_wconf 90' lang='lat' dir='ltr'>ostendit.</span> <span class='ocrx_word' id='word_1_340' title='bbox 1848 2812 2039 2867; x_wconf 93' lang='lat' dir='ltr'>Unum</span> 
     </span>
    </p>
   </div>
   <div class='ocr_carea' id='block_1_48' title="bbox 399 2901 2043 2969">
    <p class='ocr_par' dir='ltr' id='par_1_48' title="bbox 399 2901 2043 2969">
     <span class='ocr_line' id='line_1_48' title="bbox 399 2901 2043 2969; baseline -0.001 -13"><span class='ocrx_word' id='word_1_341' title='bbox 399 2902 553 2956; x_wconf 89' lang='lat' dir='ltr'>enim</span> <span class='ocrx_word' id='word_1_342' title='bbox 585 2907 674 2957; x_wconf 91' lang='lat' dir='ltr'>est</span> <span class='ocrx_word' id='word_1_343' title='bbox 701 2901 898 2957; x_wconf 88' lang='lat' dir='ltr'>divina</span> <span class='ocrx_word' id='word_1_344' title='bbox 946 2907 1155 2957; x_wconf 90' lang='lat' dir='ltr'>natura</span> <span class='ocrx_word' id='word_1_345' title='bbox 1184 2918 1317 2958; x_wconf 91' lang='lat' dir='ltr'>cum</span> <span class='ocrx_word' id='word_1_346' title='bbox 1348 2906 1512 2957; x_wconf 86' lang='lat' dir='ltr'>Patre</span> <span class='ocrx_word' id='word_1_347' title='bbox 1544 2901 1643 2957; x_wconf 94' lang='lat' dir='ltr'>Dei</span> <span class='ocrx_word' id='word_1_348' title='bbox 1677 2901 1957 2969; x_wconf 89' lang='lat' dir='ltr'>Verbum,</span> <span class='ocrx_word' id='word_1_349' title='bbox 1986 2906 2043 2955; x_wconf 90' lang='lat' dir='ltr'>et</span> 
     </span>
    </p>
   </div>
   <div class='ocr_carea' id='block_1_49' title="bbox 396 2990 2039 3062">
    <p class='ocr_par' dir='ltr' id='par_1_49' title="bbox 396 2990 2039 3062">
     <span class='ocr_line' id='line_1_49' title="bbox 396 2990 2039 3062; baseline -0.001 -17"><span class='ocrx_word' id='word_1_350' title='bbox 396 3006 580 3045; x_wconf 90' lang='lat' dir='ltr'>unum</span> <span class='ocrx_word' id='word_1_351' title='bbox 633 3006 866 3047; x_wconf 90' lang='lat' dir='ltr'>rursum</span> <span class='ocrx_word' id='word_1_352' title='bbox 902 2990 961 3046; x_wconf 92' lang='lat' dir='ltr'>in</span> <span class='ocrx_word' id='word_1_353' title='bbox 993 2991 1160 3062; x_wconf 89' lang='lat' dir='ltr'>ipsis,</span> <span class='ocrx_word' id='word_1_354' title='bbox 1192 2991 1246 3046; x_wconf 90' lang='lat' dir='ltr'>id</span> <span class='ocrx_word' id='word_1_355' title='bbox 1287 2996 1372 3047; x_wconf 86' lang='lat' dir='ltr'>est</span> <span class='ocrx_word' id='word_1_356' title='bbox 1411 2992 1737 3047; x_wconf 89' lang='lat' dir='ltr'>secundum</span> <span class='ocrx_word' id='word_1_357' title='bbox 1780 2996 2039 3045; x_wconf 89' lang='lat' dir='ltr'>nostram</span> 
     </span>
    </p>
   </div>
   <div class='ocr_carea' id='block_1_50' title="bbox 395 3079 2110 3190">
    <p class='ocr_par' dir='ltr' id='par_1_50' title="bbox 395 3079 2110 3190">
     <span class='ocr_line' id='line_1_50' title="bbox 395 3079 2110 3190; baseline -0.001 -56"><span class='ocrx_word' id='word_1_358' title='bbox 395 3079 726 3135; x_wconf 86' lang='lat' dir='ltr'>essentiam.</span> <span class='ocrx_word' id='word_1_359' title='bbox 778 3080 956 3135; x_wconf 88' lang='lat' dir='ltr'>Dictis</span> <span class='ocrx_word' id='word_1_360' title='bbox 1011 3080 1336 3135; x_wconf 87' lang='lat' dir='ltr'>assentiens</span> <span class='ocrx_word' id='word_1_361' title='bbox 1392 3079 1638 3151; x_wconf 87' lang='lat' dir='ltr'>Cyrillus</span> <span class='ocrx_word' id='word_1_362' title='bbox 1689 3082 1772 3135; x_wconf 90' lang='lat' dir='ltr'>sic</span> <span class='ocrx_word' id='word_1_363' title='bbox 1822 3080 2037 3135; x_wconf 87' lang='lat' dir='ltr'>dictum</span> <span class='ocrx_word' id='word_1_364' title='bbox 2069 3122 2110 3190; x_wconf 62' lang='grc' dir='ltr'>Ο</span> 
     </span>
     <span class='ocr_line' id='line_1_51' title="bbox 400 3168 2035 3190; baseline -0.001 -1"><span class='ocrx_word' id='word_1_365' title='bbox 400 3168 705 3190; x_wconf 63' lang='lat'>-__.___.-</span> <span class='ocrx_word' id='word_1_366' title='bbox 744 3168 1199 3190; x_wconf 45' lang='grc' dir='ltr'>τιμημλωημη-</span> <span class='ocrx_word' id='word_1_367' title='bbox 1257 3169 1445 3190; x_wconf 59' lang='grc' dir='ltr'>ι--.-ει</span> <span class='ocrx_word' id='word_1_368' title='bbox 1520 3185 1602 3190; x_wconf 58' lang='grc' dir='ltr'>,μ</span> <span class='ocrx_word' id='word_1_369' title='bbox 1914 3170 2035 3190; x_wconf 12' lang='grc'><strong>--1.-</strong></span> 
     </span>
    </p>
   </div>
   <div class='ocr_carea' id='block_1_51' title="bbox 396 3168 2039 3240">
    <p class='ocr_par' dir='ltr' id='par_1_51' title="bbox 396 3168 2039 3240">
     <span class='ocr_line' id='line_1_52' title="bbox 396 3168 2039 3240; baseline 0.001 -19"><span class='ocrx_word' id='word_1_370' title='bbox 396 3168 706 3238; x_wconf 84' lang='lat' dir='ltr'>explanat:</span> <span class='ocrx_word' id='word_1_371' title='bbox 741 3168 1223 3236; x_wconf 82' lang='lat' dir='ltr'>Quemadmodum,</span> <span class='ocrx_word' id='word_1_372' title='bbox 1257 3169 1465 3238; x_wconf 88' lang='lat' dir='ltr'>inquit,</span> <span class='ocrx_word' id='word_1_373' title='bbox 1509 3185 1606 3239; x_wconf 86' lang='lat' dir='ltr'>ego</span> <span class='ocrx_word' id='word_1_374' title='bbox 1655 3168 1716 3224; x_wconf 87' lang='lat' dir='ltr'>in</span> <span class='ocrx_word' id='word_1_375' title='bbox 1763 3168 1863 3239; x_wconf 86' lang='lat' dir='ltr'>eis,</span> <span class='ocrx_word' id='word_1_376' title='bbox 1905 3170 2039 3240; x_wconf 86' lang='lat' dir='ltr'>quia</span> 
     </span>
    </p>
   </div>
   <div class='ocr_carea' id='block_1_52' title="bbox 396 3255 2038 3329">
    <p class='ocr_par' dir='ltr' id='par_1_52' title="bbox 396 3255 2038 3329">
     <span class='ocr_line' id='line_1_53' title="bbox 396 3255 2038 3329; baseline 0.002 -19"><span class='ocrx_word' id='word_1_377' title='bbox 396 3271 618 3310; x_wconf 86' lang='lat' dir='ltr'>carnem</span> <span class='ocrx_word' id='word_1_378' title='bbox 665 3255 893 3311; x_wconf 80' lang='lat' dir='ltr'>illorum</span> <span class='ocrx_word' id='word_1_379' title='bbox 940 3262 1133 3327; x_wconf 87' lang='lat' dir='ltr'>gestat,</span> <span class='ocrx_word' id='word_1_380' title='bbox 1165 3261 1218 3311; x_wconf 86' lang='lat' dir='ltr'>et</span> <span class='ocrx_word' id='word_1_381' title='bbox 1266 3260 1322 3311; x_wconf 86' lang='lat' dir='ltr'>ut</span> <span class='ocrx_word' id='word_1_382' title='bbox 1375 3262 1557 3322; x_wconf 85' lang='lat' dir='ltr'>Pater,</span> <span class='ocrx_word' id='word_1_383' title='bbox 1588 3261 1650 3312; x_wconf 87' lang='lat' dir='ltr'>tu</span> <span class='ocrx_word' id='word_1_384' title='bbox 1681 3260 1738 3312; x_wconf 84' lang='lat' dir='ltr'>in</span> <span class='ocrx_word' id='word_1_385' title='bbox 1768 3274 1873 3324; x_wconf 87' lang='lat' dir='ltr'>me,</span> <span class='ocrx_word' id='word_1_386' title='bbox 1905 3260 2038 3329; x_wconf 83' lang='lat' dir='ltr'>quia</span> 
     </span>
    </p>
   </div>
   <div class='ocr_carea' id='block_1_53' title="bbox 396 3344 2039 3418">
    <p class='ocr_par' dir='ltr' id='par_1_53' title="bbox 396 3344 2039 3418">
     <span class='ocr_line' id='line_1_54' title="bbox 396 3344 2039 3418; baseline 0.002 -20"><span class='ocrx_word' id='word_1_387' title='bbox 396 3350 505 3398; x_wconf 73' lang='lat' dir='ltr'>tuae</span> <span class='ocrx_word' id='word_1_388' title='bbox 532 3359 656 3398; x_wconf 86' lang='lat' dir='ltr'>sum</span> <span class='ocrx_word' id='word_1_389' title='bbox 699 3347 967 3401; x_wconf 58' lang='lat' dir='ltr'>essentise.</span> <span class='ocrx_word' id='word_1_390' title='bbox 1000 3346 1089 3401; x_wconf 86' lang='lat' dir='ltr'>Sic</span> <span class='ocrx_word' id='word_1_391' title='bbox 1116 3344 1235 3401; x_wconf 87' lang='lat' dir='ltr'>voto</span> <span class='ocrx_word' id='word_1_392' title='bbox 1265 3351 1326 3400; x_wconf 89' lang='lat' dir='ltr'>ut</span> <span class='ocrx_word' id='word_1_393' title='bbox 1357 3347 1419 3401; x_wconf 87' lang='lat' dir='ltr'>hi</span> <span class='ocrx_word' id='word_1_394' title='bbox 1447 3362 1660 3418; x_wconf 86' lang='lat' dir='ltr'>quoque</span> <span class='ocrx_word' id='word_1_395' title='bbox 1690 3346 1749 3401; x_wconf 86' lang='lat' dir='ltr'>in</span> <span class='ocrx_word' id='word_1_396' title='bbox 1780 3350 2039 3402; x_wconf 85' lang='lat' dir='ltr'>unionem</span> 
     </span>
    </p>
   </div>
   <div class='ocr_carea' id='block_1_54' title="bbox 392 3432 2040 3507">
    <p class='ocr_par' dir='ltr' id='par_1_54' title="bbox 392 3432 2040 3507">
     <span class='ocr_line' id='line_1_55' title="bbox 392 3432 2040 3507; baseline 0.004 -21"><span class='ocrx_word' id='word_1_397' title='bbox 392 3432 619 3487; x_wconf 85' lang='lat' dir='ltr'>adducti</span> <span class='ocrx_word' id='word_1_398' title='bbox 659 3434 1069 3505; x_wconf 84' lang='lat' dir='ltr'>conjungantur</span> <span class='ocrx_word' id='word_1_399' title='bbox 1116 3434 1395 3494; x_wconf 78' lang='lat' dir='ltr'>invicem:</span> <span class='ocrx_word' id='word_1_400' title='bbox 1431 3438 1481 3489; x_wconf 83' lang='lat' dir='ltr'>et</span> <span class='ocrx_word' id='word_1_401' title='bbox 1523 3444 1583 3490; x_wconf 88' lang='lat' dir='ltr'>ut</span> <span class='ocrx_word' id='word_1_402' title='bbox 1630 3452 1798 3491; x_wconf 87' lang='lat' dir='ltr'>unum</span> <span class='ocrx_word' id='word_1_403' title='bbox 1843 3452 2040 3507; x_wconf 75' lang='lat' dir='ltr'>corpus</span> 
     </span>
    </p>
   </div>
   <div class='ocr_carea' id='block_1_55' title="bbox 394 3520 2038 3595">
    <p class='ocr_par' dir='ltr' id='par_1_55' title="bbox 394 3520 2038 3595">
     <span class='ocr_line' id='line_1_56' title="bbox 394 3520 2038 3595; baseline 0.002 -20"><span class='ocrx_word' id='word_1_404' title='bbox 394 3520 458 3575; x_wconf 87' lang='lat' dir='ltr'>in</span> <span class='ocrx_word' id='word_1_405' title='bbox 486 3536 572 3577; x_wconf 86' lang='lat' dir='ltr'>me</span> <span class='ocrx_word' id='word_1_406' title='bbox 603 3537 787 3578; x_wconf 83' lang='lat' dir='ltr'>omnes</span> <span class='ocrx_word' id='word_1_407' title='bbox 816 3522 947 3588; x_wconf 84' lang='lat' dir='ltr'>sint,</span> <span class='ocrx_word' id='word_1_408' title='bbox 978 3522 1121 3578; x_wconf 86' lang='lat' dir='ltr'>sicut</span> <span class='ocrx_word' id='word_1_409' title='bbox 1151 3539 1264 3578; x_wconf 88' lang='lat' dir='ltr'>uno</span> <span class='ocrx_word' id='word_1_410' title='bbox 1294 3523 1780 3595; x_wconf 81' lang='lat' dir='ltr'>comprehendente</span> <span class='ocrx_word' id='word_1_411' title='bbox 1817 3526 2038 3595; x_wconf 84' lang='lat' dir='ltr'>tempto.</span> 
     </span>
    </p>
   </div>
   <div class='ocr_carea' id='block_1_56' title="bbox 395 3611 2042 3670">
    <p class='ocr_par' dir='ltr' id='par_1_56' title="bbox 395 3611 2042 3670">
     <span class='ocr_line' id='line_1_57' title="bbox 395 3611 2042 3670; baseline 0.002 -3"><span class='ocrx_word' id='word_1_412' title='bbox 395 3611 555 3668; x_wconf 92' lang='lat' dir='ltr'>Idem</span> <span class='ocrx_word' id='word_1_413' title='bbox 605 3611 778 3668; x_wconf 89' lang='lat' dir='ltr'>etiam</span> <span class='ocrx_word' id='word_1_414' title='bbox 822 3613 1006 3668; x_wconf 89' lang='lat' dir='ltr'>Isaias</span> <span class='ocrx_word' id='word_1_415' title='bbox 1045 3612 1136 3669; x_wconf 90' lang='lat' dir='ltr'>bis</span> <span class='ocrx_word' id='word_1_416' title='bbox 1168 3613 1357 3669; x_wconf 87' lang='lat' dir='ltr'>verbis</span> <span class='ocrx_word' id='word_1_417' title='bbox 1406 3614 1648 3669; x_wconf 84' lang='lat' dir='ltr'>asserit:</span> <span class='ocrx_word' id='word_1_418' title='bbox 1687 3619 1835 3670; x_wconf 85' lang='lat' dir='ltr'>Puer</span> <span class='ocrx_word' id='word_1_419' title='bbox 1882 3624 2042 3670; x_wconf 82' lang='lat' dir='ltr'>natus</span> 
     </span>
    </p>
   </div>
   <div class='ocr_carea' id='block_1_57' title="bbox 400 3701 2044 3775">
    <p class='ocr_par' dir='ltr' id='par_1_57' title="bbox 400 3701 2044 3775">
     <span class='ocr_line' id='line_1_58' title="bbox 400 3701 2044 3775; baseline 0.001 -17"><span class='ocrx_word' id='word_1_420' title='bbox 400 3704 477 3758; x_wconf 85' lang='lat' dir='ltr'>est</span> <span class='ocrx_word' id='word_1_421' title='bbox 507 3701 662 3757; x_wconf 85' lang='lat' dir='ltr'>nobis</span> <span class='ocrx_word' id='word_1_422' title='bbox 692 3705 741 3757; x_wconf 86' lang='lat' dir='ltr'>et</span> <span class='ocrx_word' id='word_1_423' title='bbox 772 3701 928 3771; x_wconf 82' lang='lat' dir='ltr'>ﬁlius</span> <span class='ocrx_word' id='word_1_424' title='bbox 958 3702 1124 3759; x_wconf 84' lang='lat' dir='ltr'>datus</span> <span class='ocrx_word' id='word_1_425' title='bbox 1153 3712 1232 3759; x_wconf 85' lang='lat' dir='ltr'>est</span> <span class='ocrx_word' id='word_1_426' title='bbox 1260 3704 1486 3767; x_wconf 64' lang='lat' dir='ltr'>nobisz;</span> <span class='ocrx_word' id='word_1_427' title='bbox 1507 3710 1557 3760; x_wconf 87' lang='lat' dir='ltr'>et</span> <span class='ocrx_word' id='word_1_428' title='bbox 1579 3705 1720 3760; x_wconf 83' lang='lat' dir='ltr'>Deus</span> <span class='ocrx_word' id='word_1_429' title='bbox 1749 3708 1827 3761; x_wconf 79' lang='lat' dir='ltr'>est</span> <span class='ocrx_word' id='word_1_430' title='bbox 1850 3708 2044 3775; x_wconf 84' lang='lat' dir='ltr'>potens</span> 
     </span>
    </p>
   </div>
   <div class='ocr_carea' id='block_1_58' title="bbox 398 3790 2043 3866">
    <p class='ocr_par' dir='ltr' id='par_1_58' title="bbox 398 3790 2043 3866">
     <span class='ocr_line' id='line_1_59' title="bbox 398 3790 2043 3866; baseline 0.001 -18"><span class='ocrx_word' id='word_1_431' title='bbox 398 3806 469 3849; x_wconf 88' lang='lat' dir='ltr'>ac</span> <span class='ocrx_word' id='word_1_432' title='bbox 495 3792 673 3861; x_wconf 81' lang='lat' dir='ltr'>fortis.</span> <span class='ocrx_word' id='word_1_433' title='bbox 700 3790 824 3854; x_wconf 82' lang='lat' dir='ltr'>Qua</span> <span class='ocrx_word' id='word_1_434' title='bbox 854 3808 999 3863; x_wconf 89' lang='lat' dir='ltr'>puer</span> <span class='ocrx_word' id='word_1_435' title='bbox 1027 3797 1116 3847; x_wconf 89' lang='lat' dir='ltr'>est</span> <span class='ocrx_word' id='word_1_436' title='bbox 1146 3793 1315 3849; x_wconf 89' lang='lat' dir='ltr'>nobis</span> <span class='ocrx_word' id='word_1_437' title='bbox 1348 3793 1861 3850; x_wconf 82' lang='lat' dir='ltr'>cansubstantialis</span> <span class='ocrx_word' id='word_1_438' title='bbox 1888 3809 1901 3848; x_wconf 88' lang='lat'><strong>:</strong></span> <span class='ocrx_word' id='word_1_439' title='bbox 1927 3810 2043 3866; x_wconf 88' lang='lat' dir='ltr'>qua</span> 
     </span>
    </p>
   </div>
   <div class='ocr_carea' id='block_1_59' title="bbox 395 3879 2040 3952">
    <p class='ocr_par' dir='ltr' id='par_1_59' title="bbox 395 3879 2040 3952">
     <span class='ocr_line' id='line_1_60' title="bbox 395 3879 2040 3952; baseline 0.003 -18"><span class='ocrx_word' id='word_1_440' title='bbox 395 3894 530 3935; x_wconf 86' lang='lat' dir='ltr'>vero</span> <span class='ocrx_word' id='word_1_441' title='bbox 559 3880 724 3949; x_wconf 90' lang='lat' dir='ltr'>Deus,</span> <span class='ocrx_word' id='word_1_442' title='bbox 750 3879 903 3935; x_wconf 88' lang='lat' dir='ltr'>Patri</span> <span class='ocrx_word' id='word_1_443' title='bbox 929 3888 977 3935; x_wconf 88' lang='lat' dir='ltr'>et</span> <span class='ocrx_word' id='word_1_444' title='bbox 1012 3885 1215 3937; x_wconf 89' lang='lat' dir='ltr'>sancto</span> <span class='ocrx_word' id='word_1_445' title='bbox 1238 3881 1477 3952; x_wconf 89' lang='lat' dir='ltr'>Spiritui</span> <span class='ocrx_word' id='word_1_446' title='bbox 1499 3882 2040 3939; x_wconf 85' lang='lat' dir='ltr'>consubstantialis.</span> 
     </span>
    </p>
   </div>
   <div class='ocr_carea' id='block_1_60' title="bbox 397 3968 2039 4042">
    <p class='ocr_par' dir='ltr' id='par_1_60' title="bbox 397 3968 2039 4042">
     <span class='ocr_line' id='line_1_61' title="bbox 397 3968 2039 4042; baseline 0.001 -17"><span class='ocrx_word' id='word_1_447' title='bbox 397 3968 705 4041; x_wconf 85' lang='lat' dir='ltr'>Gregorius</span> <span class='ocrx_word' id='word_1_448' title='bbox 749 3985 976 4041; x_wconf 88' lang='lat' dir='ltr'>quoque</span> <span class='ocrx_word' id='word_1_449' title='bbox 1037 3970 1334 4042; x_wconf 84' lang='lat' dir='ltr'>Nyssenus</span> <span class='ocrx_word' id='word_1_450' title='bbox 1385 3976 1587 4027; x_wconf 91' lang='lat' dir='ltr'>contra</span> <span class='ocrx_word' id='word_1_451' title='bbox 1625 3970 2039 4042; x_wconf 82' lang='lat' dir='ltr'>Apollinarium</span> 
     </span>
    </p>
   </div>
   <div class='ocr_carea' id='block_1_61' title="bbox 388 4058 2043 4132">
    <p class='ocr_par' dir='ltr' id='par_1_61' title="bbox 388 4058 2043 4132">
     <span class='ocr_line' id='line_1_62' title="bbox 388 4058 2043 4132; baseline 0 -17"><span class='ocrx_word' id='word_1_452' title='bbox 388 4058 694 4115; x_wconf 74' lang='lat' dir='ltr'>scribens:</span> <span class='ocrx_word' id='word_1_453' title='bbox 728 4058 793 4113; x_wconf 88' lang='lat' dir='ltr'>Si</span> <span class='ocrx_word' id='word_1_454' title='bbox 820 4061 986 4115; x_wconf 80' lang='lat' dir='ltr'>enim</span> <span class='ocrx_word' id='word_1_455' title='bbox 1036 4061 1098 4115; x_wconf 89' lang='lat' dir='ltr'>in</span> <span class='ocrx_word' id='word_1_456' title='bbox 1148 4060 1459 4127; x_wconf 81' lang='lat' dir='ltr'>contrariis,</span> <span class='ocrx_word' id='word_1_457' title='bbox 1496 4061 1706 4131; x_wconf 90' lang='lat' dir='ltr'>inquit,</span> <span class='ocrx_word' id='word_1_458' title='bbox 1738 4063 2043 4132; x_wconf 82' lang='lat' dir='ltr'>proprieta-</span> 
     </span>
    </p>
   </div>
   <div class='ocr_carea' id='block_1_62' title="bbox 401 4148 2041 4222">
    <p class='ocr_par' dir='ltr' id='par_1_62' title="bbox 401 4148 2041 4222">
     <span class='ocr_line' id='line_1_63' title="bbox 401 4148 2041 4222; baseline 0.001 -18"><span class='ocrx_word' id='word_1_459' title='bbox 401 4148 550 4205; x_wconf 84' lang='lat' dir='ltr'>tibus</span> <span class='ocrx_word' id='word_1_460' title='bbox 587 4150 875 4220; x_wconf 85' lang='lat' dir='ltr'>utriusque</span> <span class='ocrx_word' id='word_1_461' title='bbox 920 4150 1168 4205; x_wconf 86' lang='lat' dir='ltr'>cernitur</span> <span class='ocrx_word' id='word_1_462' title='bbox 1205 4155 1431 4218; x_wconf 83' lang='lat' dir='ltr'>natura,</span> <span class='ocrx_word' id='word_1_463' title='bbox 1464 4152 1669 4219; x_wconf 84' lang='lat' dir='ltr'>carnis,</span> <span class='ocrx_word' id='word_1_464' title='bbox 1713 4154 1958 4222; x_wconf 86' lang='lat' dir='ltr'>inquam,</span> <span class='ocrx_word' id='word_1_465' title='bbox 1992 4156 2041 4207; x_wconf 91' lang='lat' dir='ltr'>et</span> 
     </span>
    </p>
   </div>
   <div class='ocr_carea' id='block_1_63' title="bbox 398 4238 1359 4312">
    <p class='ocr_par' dir='ltr' id='par_1_63' title="bbox 398 4238 1359 4312">
     <span class='ocr_line' id='line_1_64' title="bbox 398 4238 1359 4312; baseline 0.004 -19"><span class='ocrx_word' id='word_1_466' title='bbox 398 4238 732 4304; x_wconf 82' lang='lat' dir='ltr'>divinitatis,</span> <span class='ocrx_word' id='word_1_467' title='bbox 764 4240 1027 4312; x_wconf 86' lang='lat' dir='ltr'>quomodo</span> <span class='ocrx_word' id='word_1_468' title='bbox 1058 4256 1172 4297; x_wconf 84' lang='lat' dir='ltr'>una</span> <span class='ocrx_word' id='word_1_469' title='bbox 1198 4241 1307 4297; x_wconf 90' lang='lat' dir='ltr'>duo</span> <span class='ocrx_word' id='word_1_470' title='bbox 1332 4245 1359 4297; x_wconf 85' lang='lat'><strong><em>?</em></strong></span> 
     </span>
    </p>
   </div>
   <div class='ocr_carea' id='block_1_64' title="bbox 398 4325 2361 4405">
    <p class='ocr_par' dir='ltr' id='par_1_64' title="bbox 398 4325 2361 4405">
     <span class='ocr_line' id='line_1_65' title="bbox 398 4325 2361 4405; baseline 0 -24"><span class='ocrx_word' id='word_1_471' title='bbox 398 4328 427 4381; x_wconf 88' lang='lat'>6</span> <span class='ocrx_word' id='word_1_472' title='bbox 477 4327 695 4396; x_wconf 80' lang='grc' dir='ltr'>Νύσσης</span> <span class='ocrx_word' id='word_1_473' title='bbox 753 4325 808 4382; x_wconf 76' lang='grc' dir='ltr'>δὲ</span> <span class='ocrx_word' id='word_1_474' title='bbox 847 4328 1154 4405; x_wconf 89' lang='grc' dir='ltr'>Γρηγόριος</span> <span class='ocrx_word' id='word_1_475' title='bbox 1211 4328 1263 4382; x_wconf 84' lang='grc' dir='ltr'>ἐν</span> <span class='ocrx_word' id='word_1_476' title='bbox 1318 4333 1396 4401; x_wconf 84' lang='grc' dir='ltr'>τῷ</span> <span class='ocrx_word' id='word_1_477' title='bbox 1443 4329 1578 4384; x_wconf 83' lang='grc' dir='ltr'>κατὰ</span> <span class='ocrx_word' id='word_1_478' title='bbox 1638 4326 2031 4403; x_wconf 80' lang='grc' dir='ltr'>Ἀπολιναρίου</span> <span class='ocrx_word' id='word_1_479' title='bbox 2089 4327 2313 4405; x_wconf 77' lang='grc' dir='ltr'>γράφων</span> <span class='ocrx_word' id='word_1_480' title='bbox 2348 4343 2361 4357; x_wconf 91' lang='grc'><strong>·</strong></span> 
     </span>
    </p>
   </div>
   <div class='ocr_carea' id='block_1_65' title="bbox 2141 1911 3794 1990">
    <p class='ocr_par' dir='ltr' id='par_1_65' title="bbox 2141 1911 3794 1990">
     <span class='ocr_line' id='line_1_66' title="bbox 2141 1911 3794 1990; baseline 0.002 -24"><span class='ocrx_word' id='word_1_481' title='bbox 2141 1914 2260 1966; x_wconf 80' lang='grc' dir='ltr'>καθ’</span> <span class='ocrx_word' id='word_1_482' title='bbox 2289 1913 2469 1986; x_wconf 73' lang='grc' dir='ltr'>ἑτέραν</span> <span class='ocrx_word' id='word_1_483' title='bbox 2521 1914 2614 1986; x_wconf 74' lang='grc' dir='ltr'>μὲν</span> <span class='ocrx_word' id='word_1_484' title='bbox 2649 1912 2834 1968; x_wconf 82' lang='grc' dir='ltr'>οὐσίαν</span> <span class='ocrx_word' id='word_1_485' title='bbox 2889 1914 2989 1969; x_wconf 86' lang='grc' dir='ltr'>οὑκ</span> <span class='ocrx_word' id='word_1_486' title='bbox 3018 1911 3135 1990; x_wconf 78' lang='grc' dir='ltr'>ἔχει</span> <span class='ocrx_word' id='word_1_487' title='bbox 3182 1918 3279 1984; x_wconf 69' lang='grc' dir='ltr'>τὴν</span> <span class='ocrx_word' id='word_1_488' title='bbox 3332 1916 3533 1990; x_wconf 72' lang='grc' dir='ltr'>ἑτέραν,</span> <span class='ocrx_word' id='word_1_489' title='bbox 3565 1916 3703 1970; x_wconf 78' lang='grc' dir='ltr'>κατᾶ</span> <span class='ocrx_word' id='word_1_490' title='bbox 3736 1913 3794 1970; x_wconf 72' lang='grc' dir='ltr'>δὲ</span> 
     </span>
    </p>
   </div>
   <div class='ocr_carea' id='block_1_66' title="bbox 2142 2000 3790 2081">
    <p class='ocr_par' dir='ltr' id='par_1_66' title="bbox 2142 2000 3790 2081">
     <span class='ocr_line' id='line_1_67' title="bbox 2142 2000 3790 2081; baseline 0.001 -26"><span class='ocrx_word' id='word_1_491' title='bbox 2142 2002 2242 2070; x_wconf 73' lang='grc' dir='ltr'>τήν</span> <span class='ocrx_word' id='word_1_492' title='bbox 2277 2000 2569 2055; x_wconf 70' lang='grc' dir='ltr'>ὑπόστασιν</span> <span class='ocrx_word' id='word_1_493' title='bbox 2629 2001 2879 2077; x_wconf 66' lang='grc' dir='ltr'>ἑκατέραν</span> <span class='ocrx_word' id='word_1_494' title='bbox 2933 2000 3071 2081; x_wconf 78' lang='grc' dir='ltr'>ἔχει.</span> <span class='ocrx_word' id='word_1_495' title='bbox 3104 2006 3267 2058; x_wconf 78' lang='grc' dir='ltr'>’Ὥστε</span> <span class='ocrx_word' id='word_1_496' title='bbox 3314 2005 3400 2059; x_wconf 79' lang='grc' dir='ltr'>καὶ</span> <span class='ocrx_word' id='word_1_497' title='bbox 3453 2005 3625 2077; x_wconf 74' lang='grc' dir='ltr'>σάρκα</span> <span class='ocrx_word' id='word_1_498' title='bbox 3670 2000 3790 2077; x_wconf 81' lang='grc' dir='ltr'>ἔχει</span> 
     </span>
    </p>
   </div>
   <div class='ocr_carea' id='block_1_67' title="bbox 2144 2090 3788 2163">
    <p class='ocr_par' dir='ltr' id='par_1_67' title="bbox 2144 2090 3788 2163">
     <span class='ocr_line' id='line_1_68' title="bbox 2144 2090 3788 2163; baseline 0.001 -19"><span class='ocrx_word' id='word_1_499' title='bbox 2144 2090 2234 2144; x_wconf 81' lang='grc' dir='ltr'>καὶ</span> <span class='ocrx_word' id='word_1_500' title='bbox 2265 2094 2477 2163; x_wconf 85' lang='grc' dir='ltr'>πνεῦμα</span> <span class='ocrx_word' id='word_1_501' title='bbox 2507 2092 2641 2146; x_wconf 84' lang='grc' dir='ltr'>κατὰ</span> <span class='ocrx_word' id='word_1_502' title='bbox 2671 2093 2771 2160; x_wconf 79' lang='grc' dir='ltr'>τήν</span> <span class='ocrx_word' id='word_1_503' title='bbox 2819 2092 3109 2148; x_wconf 79' lang='grc' dir='ltr'>ὑπόστασιν</span> <span class='ocrx_word' id='word_1_504' title='bbox 3148 2112 3160 2125; x_wconf 76' lang='grc'><strong>⁸</strong></span> <span class='ocrx_word' id='word_1_505' title='bbox 3209 2094 3345 2148; x_wconf 73' lang='grc' dir='ltr'>κατὰ</span> <span class='ocrx_word' id='word_1_506' title='bbox 3384 2091 3441 2148; x_wconf 77' lang='grc' dir='ltr'>δὲ</span> <span class='ocrx_word' id='word_1_507' title='bbox 3476 2095 3573 2163; x_wconf 78' lang='grc' dir='ltr'>τήν</span> <span class='ocrx_word' id='word_1_508' title='bbox 3604 2094 3788 2148; x_wconf 79' lang='grc' dir='ltr'>οὐσίαν</span> 
     </span>
    </p>
   </div>
   <div class='ocr_carea' id='block_1_68' title="bbox 2147 2175 3789 2257">
    <p class='ocr_par' dir='ltr' id='par_1_68' title="bbox 2147 2175 3789 2257">
     <span class='ocr_line' id='line_1_69' title="bbox 2147 2175 3789 2257; baseline 0.003 -26"><span class='ocrx_word' id='word_1_509' title='bbox 2147 2175 2267 2232; x_wconf 64' lang='grc' dir='ltr'>οὔτε</span> <span class='ocrx_word' id='word_1_510' title='bbox 2326 2180 2387 2233; x_wconf 85' lang='grc' dir='ltr'>τὸ</span> <span class='ocrx_word' id='word_1_511' title='bbox 2442 2185 2659 2253; x_wconf 83' lang='grc' dir='ltr'>πνεῦμα</span> <span class='ocrx_word' id='word_1_512' title='bbox 2708 2179 2821 2235; x_wconf 77' lang='grc' dir='ltr'>ἔστι</span> <span class='ocrx_word' id='word_1_513' title='bbox 2870 2182 3019 2255; x_wconf 74' lang='grc' dir='ltr'>σὰρξ,</span> <span class='ocrx_word' id='word_1_514' title='bbox 3071 2177 3196 2237; x_wconf 67' lang='grc' dir='ltr'>οὔτε</span> <span class='ocrx_word' id='word_1_515' title='bbox 3252 2186 3286 2252; x_wconf 75' lang='grc' dir='ltr'>ἡ</span> <span class='ocrx_word' id='word_1_516' title='bbox 3349 2184 3473 2257; x_wconf 74' lang='grc' dir='ltr'>σὰρξ</span> <span class='ocrx_word' id='word_1_517' title='bbox 3538 2183 3631 2251; x_wconf 73' lang='grc' dir='ltr'>τὴν</span> <span class='ocrx_word' id='word_1_518' title='bbox 3685 2180 3789 2236; x_wconf 82' lang='grc' dir='ltr'>τοῦ</span> 
     </span>
    </p>
   </div>
   <div class='ocr_carea' id='block_1_69' title="bbox 2144 2267 3795 2347">
    <p class='ocr_par' dir='ltr' id='par_1_69' title="bbox 2144 2267 3795 2347">
     <span class='ocr_line' id='line_1_70' title="bbox 2144 2267 3795 2347; baseline 0.001 -24"><span class='ocrx_word' id='word_1_519' title='bbox 2144 2267 2453 2339; x_wconf 73' lang='grc' dir='ltr'>πνεύματος</span> <span class='ocrx_word' id='word_1_520' title='bbox 2487 2268 2641 2343; x_wconf 73' lang='grc' dir='ltr'>φύσιν</span> <span class='ocrx_word' id='word_1_521' title='bbox 2698 2270 2926 2339; x_wconf 84' lang='grc' dir='ltr'>ὑπῆλθε.</span> <span class='ocrx_word' id='word_1_522' title='bbox 2977 2276 3144 2326; x_wconf 87' lang='grc' dir='ltr'>Τοῦτο</span> <span class='ocrx_word' id='word_1_523' title='bbox 3190 2270 3247 2327; x_wconf 73' lang='grc' dir='ltr'>δὲ</span> <span class='ocrx_word' id='word_1_524' title='bbox 3288 2271 3594 2347; x_wconf 67' lang='grc' dir='ltr'>ἑρμηνεύων</span> <span class='ocrx_word' id='word_1_525' title='bbox 3640 2270 3733 2325; x_wconf 75' lang='grc' dir='ltr'>καὶ</span> <span class='ocrx_word' id='word_1_526' title='bbox 3767 2273 3795 2325; x_wconf 82' lang='lat'>6</span> 
     </span>
    </p>
   </div>
   <div class='ocr_carea' id='block_1_70' title="bbox 2145 2357 3797 2439">
    <p class='ocr_par' dir='ltr' id='par_1_70' title="bbox 2145 2357 3797 2439">
     <span class='ocr_line' id='line_1_71' title="bbox 2145 2357 3797 2439; baseline 0.004 -30"><span class='ocrx_word' id='word_1_527' title='bbox 2145 2357 2291 2431; x_wconf 74' lang='grc' dir='ltr'>ἱερὸς</span> <span class='ocrx_word' id='word_1_528' title='bbox 2326 2357 2619 2433; x_wconf 81' lang='grc' dir='ltr'>Κὺριλλος,</span> <span class='ocrx_word' id='word_1_529' title='bbox 2651 2360 2715 2415; x_wconf 84' lang='grc' dir='ltr'>Ἡ</span> <span class='ocrx_word' id='word_1_530' title='bbox 2745 2362 2846 2435; x_wconf 75' lang='grc' dir='ltr'>γὰρ</span> <span class='ocrx_word' id='word_1_531' title='bbox 2888 2361 3036 2435; x_wconf 77' lang='grc' dir='ltr'>σὰρξ,</span> <span class='ocrx_word' id='word_1_532' title='bbox 3080 2363 3235 2439; x_wconf 81' lang='grc' dir='ltr'>φησί,</span> <span class='ocrx_word' id='word_1_533' title='bbox 3279 2362 3403 2437; x_wconf 76' lang='grc' dir='ltr'>σάρξ</span> <span class='ocrx_word' id='word_1_534' title='bbox 3438 2360 3572 2429; x_wconf 82' lang='grc' dir='ltr'>ἐστι,</span> <span class='ocrx_word' id='word_1_535' title='bbox 3607 2362 3700 2416; x_wconf 83' lang='grc' dir='ltr'>καὶ</span> <span class='ocrx_word' id='word_1_536' title='bbox 3731 2363 3797 2416; x_wconf 80' lang='grc' dir='ltr'>οὑ</span> 
     </span>
    </p>
   </div>
   <div class='ocr_carea' id='block_1_71' title="bbox 2148 2445 3798 2525">
    <p class='ocr_par' dir='ltr' id='par_1_71' title="bbox 2148 2445 3798 2525">
     <span class='ocr_line' id='line_1_72' title="bbox 2148 2445 3798 2525; baseline 0.002 -25"><span class='ocrx_word' id='word_1_537' title='bbox 2148 2445 2360 2519; x_wconf 81' lang='grc' dir='ltr'>θεότης,</span> <span class='ocrx_word' id='word_1_538' title='bbox 2413 2448 2457 2502; x_wconf 86' lang='grc' dir='ltr'>εί</span> <span class='ocrx_word' id='word_1_539' title='bbox 2508 2450 2598 2503; x_wconf 86' lang='grc' dir='ltr'>καὶ</span> <span class='ocrx_word' id='word_1_540' title='bbox 2643 2454 2777 2504; x_wconf 87' lang='grc' dir='ltr'>Θεοῦ</span> <span class='ocrx_word' id='word_1_541' title='bbox 2824 2449 3015 2525; x_wconf 75' lang='grc' dir='ltr'>γέγονε</span> <span class='ocrx_word' id='word_1_542' title='bbox 3067 2452 3240 2525; x_wconf 77' lang='grc' dir='ltr'>σάρξ·</span> <span class='ocrx_word' id='word_1_543' title='bbox 3292 2453 3389 2520; x_wconf 76' lang='grc' dir='ltr'>την</span> <span class='ocrx_word' id='word_1_544' title='bbox 3440 2453 3556 2507; x_wconf 78' lang='grc' dir='ltr'>κατ’</span> <span class='ocrx_word' id='word_1_545' title='bbox 3614 2450 3798 2506; x_wconf 74' lang='grc' dir='ltr'>οὐσίαν</span> 
     </span>
    </p>
   </div>
   <div class='ocr_carea' id='block_1_72' title="bbox 2146 2536 3800 2615">
    <p class='ocr_par' dir='ltr' id='par_1_72' title="bbox 2146 2536 3800 2615">
     <span class='ocr_line' id='line_1_73' title="bbox 2146 2536 3800 2615; baseline 0.004 -26"><span class='ocrx_word' id='word_1_546' title='bbox 2146 2536 2269 2609; x_wconf 82' lang='grc' dir='ltr'>γὰρ,</span> <span class='ocrx_word' id='word_1_547' title='bbox 2304 2540 2488 2613; x_wconf 78' lang='grc' dir='ltr'>φησὶν,</span> <span class='ocrx_word' id='word_1_548' title='bbox 2547 2538 2776 2612; x_wconf 79' lang='grc' dir='ltr'>εὑρίσκω</span> <span class='ocrx_word' id='word_1_549' title='bbox 2816 2537 3097 2615; x_wconf 72' lang='grc' dir='ltr'>διαφορὰν,</span> <span class='ocrx_word' id='word_1_550' title='bbox 3142 2538 3238 2594; x_wconf 75' lang='grc' dir='ltr'>κᾶν</span> <span class='ocrx_word' id='word_1_551' title='bbox 3289 2541 3349 2597; x_wconf 88' lang='grc' dir='ltr'>τὸ</span> <span class='ocrx_word' id='word_1_552' title='bbox 3393 2548 3493 2611; x_wconf 76' lang='grc' dir='ltr'>τῆς</span> <span class='ocrx_word' id='word_1_553' title='bbox 3534 2542 3800 2611; x_wconf 72' lang='grc' dir='ltr'>υἱότητος</span> 
     </span>
    </p>
   </div>
   <div class='ocr_carea' id='block_1_73' title="bbox 2153 2627 3798 2707">
    <p class='ocr_par' dir='ltr' id='par_1_73' title="bbox 2153 2627 3798 2707">
     <span class='ocr_line' id='line_1_74' title="bbox 2153 2627 3798 2707; baseline 0.001 -23"><span class='ocrx_word' id='word_1_554' title='bbox 2153 2627 2448 2703; x_wconf 72' lang='grc' dir='ltr'>μοναδικόν</span> <span class='ocrx_word' id='word_1_555' title='bbox 2500 2628 2782 2705; x_wconf 85' lang='grc' dir='ltr'>ὁμολογῶ.</span> <span class='ocrx_word' id='word_1_556' title='bbox 2822 2630 2918 2684; x_wconf 82' lang='grc' dir='ltr'>Καὶ</span> <span class='ocrx_word' id='word_1_557' title='bbox 2966 2630 3017 2685; x_wconf 81' lang='grc' dir='ltr'>ἐν</span> <span class='ocrx_word' id='word_1_558' title='bbox 3054 2630 3407 2707; x_wconf 80' lang='grc' dir='ltr'>Εὐαγγελίοις</span> <span class='ocrx_word' id='word_1_559' title='bbox 3456 2629 3512 2686; x_wconf 71' lang='grc' dir='ltr'>δὲ</span> <span class='ocrx_word' id='word_1_560' title='bbox 3552 2631 3728 2707; x_wconf 83' lang='grc' dir='ltr'>λέγων</span> <span class='ocrx_word' id='word_1_561' title='bbox 3772 2634 3798 2686; x_wconf 84' lang='grc' dir='ltr'><strong>ὁ</strong></span> 
     </span>
    </p>
   </div>
   <div class='ocr_carea' id='block_1_74' title="bbox 2150 2717 3799 2794">
    <p class='ocr_par' dir='ltr' id='par_1_74' title="bbox 2150 2717 3799 2794">
     <span class='ocr_line' id='line_1_75' title="bbox 2150 2717 3799 2794; baseline 0.001 -21"><span class='ocrx_word' id='word_1_562' title='bbox 2150 2718 2345 2794; x_wconf 82' lang='grc' dir='ltr'>Κύριος</span> <span class='ocrx_word' id='word_1_563' title='bbox 2394 2737 2406 2749; x_wconf 83' lang='grc'><em>’</em></span> <span class='ocrx_word' id='word_1_564' title='bbox 2458 2720 2572 2773; x_wconf 83' lang='grc' dir='ltr'>Ἵνα</span> <span class='ocrx_word' id='word_1_565' title='bbox 2634 2720 2677 2756; x_wconf 76' lang='lat'>7&#39;</span> <span class='ocrx_word' id='word_1_566' title='bbox 2740 2718 2869 2773; x_wconf 85' lang='grc' dir='ltr'>ὦσιν</span> <span class='ocrx_word' id='word_1_567' title='bbox 2913 2719 2992 2790; x_wconf 77' lang='grc' dir='ltr'>ἓν,</span> <span class='ocrx_word' id='word_1_568' title='bbox 3056 2721 3236 2783; x_wconf 83' lang='grc' dir='ltr'>καθὼς</span> <span class='ocrx_word' id='word_1_569' title='bbox 3285 2722 3449 2792; x_wconf 73' lang='grc' dir='ltr'>ἡμεῖς</span> <span class='ocrx_word' id='word_1_570' title='bbox 3496 2717 3549 2774; x_wconf 75' lang='grc' dir='ltr'>ἓν</span> <span class='ocrx_word' id='word_1_571' title='bbox 3608 2720 3799 2793; x_wconf 77' lang='grc' dir='ltr'>ἐσμεν,</span> 
     </span>
    </p>
   </div>
   <div class='ocr_carea' id='block_1_75' title="bbox 2148 2806 3798 2883">
    <p class='ocr_par' dir='ltr' id='par_1_75' title="bbox 2148 2806 3798 2883">
     <span class='ocr_line' id='line_1_76' title="bbox 2148 2806 3798 2883; baseline 0.002 -21"><span class='ocrx_word' id='word_1_572' title='bbox 2148 2808 2296 2883; x_wconf 80' lang='grc' dir='ltr'>κάγὼ</span> <span class='ocrx_word' id='word_1_573' title='bbox 2348 2806 2399 2863; x_wconf 82' lang='grc' dir='ltr'>ἐν</span> <span class='ocrx_word' id='word_1_574' title='bbox 2438 2807 2641 2875; x_wconf 82' lang='grc' dir='ltr'>αὐτοῖς,</span> <span class='ocrx_word' id='word_1_575' title='bbox 2692 2807 2781 2863; x_wconf 82' lang='grc' dir='ltr'>καὶ</span> <span class='ocrx_word' id='word_1_576' title='bbox 2830 2809 2892 2863; x_wconf 81' lang='grc' dir='ltr'>σὺ</span> <span class='ocrx_word' id='word_1_577' title='bbox 2937 2806 2988 2863; x_wconf 77' lang='grc' dir='ltr'>ἐν</span> <span class='ocrx_word' id='word_1_578' title='bbox 3042 2808 3166 2881; x_wconf 80' lang='grc' dir='ltr'>ἐμοὶ</span> <span class='ocrx_word' id='word_1_579' title='bbox 3214 2810 3275 2864; x_wconf 87' lang='grc' dir='ltr'>τὸ</span> <span class='ocrx_word' id='word_1_580' title='bbox 3320 2810 3612 2883; x_wconf 81' lang='grc' dir='ltr'>ὁμοούσιον</span> <span class='ocrx_word' id='word_1_581' title='bbox 3666 2811 3798 2865; x_wconf 72' lang='grc' dir='ltr'>ἑκα-</span> 
     </span>
    </p>
   </div>
   <div class='ocr_carea' id='block_1_76' title="bbox 2149 2894 3792 2976">
    <p class='ocr_par' dir='ltr' id='par_1_76' title="bbox 2149 2894 3792 2976">
     <span class='ocr_line' id='line_1_77' title="bbox 2149 2894 3792 2976; baseline -0.001 -24"><span class='ocrx_word' id='word_1_582' title='bbox 2149 2899 2305 2971; x_wconf 68' lang='grc' dir='ltr'>τέρας</span> <span class='ocrx_word' id='word_1_583' title='bbox 2357 2894 2603 2967; x_wconf 77' lang='grc' dir='ltr'>ἐδήλωσε</span> <span class='ocrx_word' id='word_1_584' title='bbox 2649 2898 2857 2976; x_wconf 73' lang='grc' dir='ltr'>φύσεως</span> <span class='ocrx_word' id='word_1_585' title='bbox 2892 2916 2904 2928; x_wconf 72' lang='grc'><strong>⁸</strong></span> <span class='ocrx_word' id='word_1_586' title='bbox 2954 2896 3010 2953; x_wconf 77' lang='grc' dir='ltr'>ἓν</span> <span class='ocrx_word' id='word_1_587' title='bbox 3041 2899 3145 2973; x_wconf 85' lang='grc' dir='ltr'>γάρ</span> <span class='ocrx_word' id='word_1_588' title='bbox 3195 2898 3305 2953; x_wconf 74' lang='grc' dir='ltr'>ἐστι</span> <span class='ocrx_word' id='word_1_589' title='bbox 3336 2902 3406 2972; x_wconf 78' lang='grc' dir='ltr'>τῇ</span> <span class='ocrx_word' id='word_1_590' title='bbox 3438 2900 3587 2971; x_wconf 78' lang='grc' dir='ltr'>θεϊκῇ</span> <span class='ocrx_word' id='word_1_591' title='bbox 3632 2898 3792 2969; x_wconf 76' lang='grc' dir='ltr'>οὐσίᾳ</span> 
     </span>
    </p>
   </div>
   <div class='ocr_carea' id='block_1_77' title="bbox 2151 2983 3790 3060">
    <p class='ocr_par' dir='ltr' id='par_1_77' title="bbox 2151 2983 3790 3060">
     <span class='ocr_line' id='line_1_78' title="bbox 2151 2983 3790 3060; baseline -0.001 -21"><span class='ocrx_word' id='word_1_592' title='bbox 2151 2984 2204 3039; x_wconf 77' lang='grc' dir='ltr'>ἐν</span> <span class='ocrx_word' id='word_1_593' title='bbox 2235 2989 2312 3056; x_wconf 78' lang='grc' dir='ltr'>τῷ</span> <span class='ocrx_word' id='word_1_594' title='bbox 2363 2986 2533 3060; x_wconf 81' lang='grc' dir='ltr'>Πατρὶ</span> <span class='ocrx_word' id='word_1_595' title='bbox 2565 2985 2593 3039; x_wconf 90' lang='lat'>6</span> <span class='ocrx_word' id='word_1_596' title='bbox 2642 2986 2721 3046; x_wconf 74' lang='grc' dir='ltr'>εἷς</span> <span class='ocrx_word' id='word_1_597' title='bbox 2754 2985 2881 3047; x_wconf 87' lang='grc' dir='ltr'>Θεὸς</span> <span class='ocrx_word' id='word_1_598' title='bbox 2931 2986 3127 3058; x_wconf 80' lang='grc' dir='ltr'>Λόγος,</span> <span class='ocrx_word' id='word_1_599' title='bbox 3158 2985 3247 3039; x_wconf 89' lang='grc' dir='ltr'>καὶ</span> <span class='ocrx_word' id='word_1_600' title='bbox 3296 2984 3351 3039; x_wconf 76' lang='grc' dir='ltr'>’ὲν</span> <span class='ocrx_word' id='word_1_601' title='bbox 3379 2985 3543 3039; x_wconf 80' lang='grc' dir='ltr'>πάλιν</span> <span class='ocrx_word' id='word_1_602' title='bbox 3591 2985 3641 3039; x_wconf 78' lang='grc' dir='ltr'>ἐν</span> <span class='ocrx_word' id='word_1_603' title='bbox 3689 2983 3790 3038; x_wconf 81' lang='grc' dir='ltr'>αὑ-</span> 
     </span>
    </p>
   </div>
   <div class='ocr_carea' id='block_1_78' title="bbox 2149 3071 3795 3148">
    <p class='ocr_par' dir='ltr' id='par_1_78' title="bbox 2149 3071 3795 3148">
     <span class='ocr_line' id='line_1_79' title="bbox 2149 3071 3795 3148; baseline -0.001 -19"><span class='ocrx_word' id='word_1_604' title='bbox 2149 3080 2285 3145; x_wconf 84' lang='grc' dir='ltr'>τοῖς,</span> <span class='ocrx_word' id='word_1_605' title='bbox 2318 3076 2591 3129; x_wconf 80' lang='grc' dir='ltr'>τουτέστιν</span> <span class='ocrx_word' id='word_1_606' title='bbox 2623 3078 2691 3148; x_wconf 78' lang='grc' dir='ltr'>τῇ</span> <span class='ocrx_word' id='word_1_607' title='bbox 2722 3075 2840 3129; x_wconf 88' lang='grc' dir='ltr'>καθ’</span> <span class='ocrx_word' id='word_1_608' title='bbox 2872 3076 3018 3147; x_wconf 77' lang='grc' dir='ltr'>ἡμᾶς</span> <span class='ocrx_word' id='word_1_609' title='bbox 3058 3073 3231 3144; x_wconf 79' lang='grc' dir='ltr'>οὐσίᾳ.</span> <span class='ocrx_word' id='word_1_610' title='bbox 3274 3075 3549 3147; x_wconf 73' lang='grc' dir='ltr'>Ὀμονοῶν</span> <span class='ocrx_word' id='word_1_611' title='bbox 3582 3071 3637 3128; x_wconf 68' lang='grc' dir='ltr'>δὲ</span> <span class='ocrx_word' id='word_1_612' title='bbox 3673 3094 3795 3135; x_wconf 82' lang='grc' dir='ltr'>τοις</span> 
     </span>
    </p>
   </div>
   <div class='ocr_carea' id='block_1_79' title="bbox 2149 3163 3795 3239">
    <p class='ocr_par' dir='ltr' id='par_1_79' title="bbox 2149 3163 3795 3239">
     <span class='ocr_line' id='line_1_80' title="bbox 2149 3163 3795 3239; baseline 0 -22"><span class='ocrx_word' id='word_1_613' title='bbox 2149 3163 2460 3237; x_wconf 79' lang='grc' dir='ltr'>είρημὲνοις</span> <span class='ocrx_word' id='word_1_614' title='bbox 2494 3166 2520 3219; x_wconf 91' lang='lat'>6</span> <span class='ocrx_word' id='word_1_615' title='bbox 2570 3163 2847 3239; x_wconf 80' lang='grc' dir='ltr'>Κύριλλος</span> <span class='ocrx_word' id='word_1_616' title='bbox 2879 3163 3023 3219; x_wconf 74' lang='grc' dir='ltr'>οὕτω</span> <span class='ocrx_word' id='word_1_617' title='bbox 3070 3164 3161 3218; x_wconf 82' lang='grc' dir='ltr'>καὶ</span> <span class='ocrx_word' id='word_1_618' title='bbox 3212 3163 3369 3227; x_wconf 77' lang='grc' dir='ltr'>αὐτὸς</span> <span class='ocrx_word' id='word_1_619' title='bbox 3407 3163 3690 3239; x_wconf 80' lang='grc' dir='ltr'>ἐρμηνεὺει</span> <span class='ocrx_word' id='word_1_620' title='bbox 3732 3164 3795 3219; x_wconf 85' lang='grc' dir='ltr'>τὸ</span> 
     </span>
    </p>
   </div>
   <div class='ocr_carea' id='block_1_80' title="bbox 2152 3250 3796 3333">
    <p class='ocr_par' dir='ltr' id='par_1_80' title="bbox 2152 3250 3796 3333">
     <span class='ocr_line' id='line_1_81' title="bbox 2152 3250 3796 3333; baseline 0 -26"><span class='ocrx_word' id='word_1_621' title='bbox 2152 3252 2337 3329; x_wconf 71' lang='grc' dir='ltr'>ῥητὸνο</span> <span class='ocrx_word' id='word_1_622' title='bbox 2371 3257 2594 3328; x_wconf 79' lang='grc' dir='ltr'>Ὥσπερ,</span> <span class='ocrx_word' id='word_1_623' title='bbox 2628 3255 2811 3333; x_wconf 68' lang='grc' dir='ltr'>φησὶν,</span> <span class='ocrx_word' id='word_1_624' title='bbox 2846 3253 2952 3327; x_wconf 82' lang='grc' dir='ltr'>ἐγώ</span> <span class='ocrx_word' id='word_1_625' title='bbox 2985 3254 3097 3325; x_wconf 82' lang='grc' dir='ltr'>εἰμι</span> <span class='ocrx_word' id='word_1_626' title='bbox 3132 3253 3182 3309; x_wconf 84' lang='grc' dir='ltr'>ἐν</span> <span class='ocrx_word' id='word_1_627' title='bbox 3222 3253 3429 3318; x_wconf 78' lang='grc' dir='ltr'>αὐτοῖς,</span> <span class='ocrx_word' id='word_1_628' title='bbox 3476 3250 3564 3307; x_wconf 72' lang='grc' dir='ltr'>διὰ</span> <span class='ocrx_word' id='word_1_629' title='bbox 3590 3255 3653 3307; x_wconf 85' lang='grc' dir='ltr'>τὸ</span> <span class='ocrx_word' id='word_1_630' title='bbox 3694 3255 3796 3321; x_wconf 74' lang='grc' dir='ltr'>τὴν</span> 
     </span>
    </p>
   </div>
   <div class='ocr_carea' id='block_1_81' title="bbox 2148 3342 3800 3421">
    <p class='ocr_par' dir='ltr' id='par_1_81' title="bbox 2148 3342 3800 3421">
     <span class='ocr_line' id='line_1_82' title="bbox 2148 3342 3800 3421; baseline 0.001 -25"><span class='ocrx_word' id='word_1_631' title='bbox 2148 3343 2315 3411; x_wconf 74' lang='grc' dir='ltr'>αὐτὴν</span> <span class='ocrx_word' id='word_1_632' title='bbox 2364 3344 2549 3405; x_wconf 80' lang='grc' dir='ltr'>αὐτοῖς</span> <span class='ocrx_word' id='word_1_633' title='bbox 2598 3343 2820 3421; x_wconf 73' lang='grc' dir='ltr'>φορέσαι</span> <span class='ocrx_word' id='word_1_634' title='bbox 2884 3343 3073 3419; x_wconf 80' lang='grc' dir='ltr'>σάρκα,</span> <span class='ocrx_word' id='word_1_635' title='bbox 3125 3343 3213 3399; x_wconf 74' lang='grc' dir='ltr'>καὶ</span> <span class='ocrx_word' id='word_1_636' title='bbox 3266 3342 3348 3415; x_wconf 77' lang='grc' dir='ltr'>σὺ,</span> <span class='ocrx_word' id='word_1_637' title='bbox 3407 3343 3453 3396; x_wconf 82' lang='grc' dir='ltr'><strong>ὦ</strong></span> <span class='ocrx_word' id='word_1_638' title='bbox 3520 3346 3693 3417; x_wconf 74' lang='grc' dir='ltr'>Πάτερ</span> <span class='ocrx_word' id='word_1_639' title='bbox 3729 3343 3800 3412; x_wconf 74' lang='grc'>⁷³,</span> 
     </span>
    </p>
   </div>
   <div class='ocr_carea' id='block_1_82' title="bbox 2150 3431 3797 3507">
    <p class='ocr_par' dir='ltr' id='par_1_82' title="bbox 2150 3431 3797 3507">
     <span class='ocr_line' id='line_1_83' title="bbox 2150 3431 3797 3507; baseline 0.001 -20"><span class='ocrx_word' id='word_1_640' title='bbox 2150 3433 2199 3488; x_wconf 79' lang='grc' dir='ltr'>ἐν</span> <span class='ocrx_word' id='word_1_641' title='bbox 2258 3431 2405 3506; x_wconf 82' lang='grc' dir='ltr'>ἐμοὶ,</span> <span class='ocrx_word' id='word_1_642' title='bbox 2466 3433 2555 3488; x_wconf 82' lang='grc' dir='ltr'>διὰ</span> <span class='ocrx_word' id='word_1_643' title='bbox 2607 3434 2668 3489; x_wconf 88' lang='grc' dir='ltr'>τὸ</span> <span class='ocrx_word' id='word_1_644' title='bbox 2728 3435 2859 3489; x_wconf 77' lang='grc' dir='ltr'>εἶναι</span> <span class='ocrx_word' id='word_1_645' title='bbox 2923 3455 2990 3507; x_wconf 86' lang='grc' dir='ltr'>με</span> <span class='ocrx_word' id='word_1_646' title='bbox 3044 3441 3145 3503; x_wconf 86' lang='grc' dir='ltr'>τῆς</span> <span class='ocrx_word' id='word_1_647' title='bbox 3222 3441 3323 3504; x_wconf 85' lang='grc' dir='ltr'>σῆς</span> <span class='ocrx_word' id='word_1_648' title='bbox 3380 3433 3589 3506; x_wconf 74' lang='grc' dir='ltr'>οὐσίας,</span> <span class='ocrx_word' id='word_1_649' title='bbox 3644 3433 3797 3489; x_wconf 70' lang='grc' dir='ltr'>οὕτω</span> 
     </span>
    </p>
   </div>
   <div class='ocr_carea' id='block_1_83' title="bbox 2150 3517 3798 3596">
    <p class='ocr_par' dir='ltr' id='par_1_83' title="bbox 2150 3517 3798 3596">
     <span class='ocr_line' id='line_1_84' title="bbox 2150 3517 3798 3596; baseline 0.001 -20"><span class='ocrx_word' id='word_1_650' title='bbox 2150 3517 2424 3596; x_wconf 72' lang='grc' dir='ltr'>ϐούλομαι</span> <span class='ocrx_word' id='word_1_651' title='bbox 2487 3521 2579 3577; x_wconf 59' lang='grc' dir='ltr'>ἵνα</span> <span class='ocrx_word' id='word_1_652' title='bbox 2646 3523 2735 3578; x_wconf 76' lang='grc' dir='ltr'>καὶ</span> <span class='ocrx_word' id='word_1_653' title='bbox 2801 3523 2955 3578; x_wconf 83' lang='grc' dir='ltr'>αὐτοὶ</span> <span class='ocrx_word' id='word_1_654' title='bbox 3035 3524 3110 3586; x_wconf 79' lang='grc' dir='ltr'>εἷς</span> <span class='ocrx_word' id='word_1_655' title='bbox 3167 3524 3396 3594; x_wconf 72' lang='grc' dir='ltr'>ἑνότητά</span> <span class='ocrx_word' id='word_1_656' title='bbox 3468 3543 3589 3577; x_wconf 85' lang='grc' dir='ltr'>τινα</span> <span class='ocrx_word' id='word_1_657' title='bbox 3660 3543 3798 3577; x_wconf 79' lang='grc' dir='ltr'>συν-</span> 
     </span>
    </p>
   </div>
   <div class='ocr_carea' id='block_1_84' title="bbox 2150 3611 3801 3687">
    <p class='ocr_par' dir='ltr' id='par_1_84' title="bbox 2150 3611 3801 3687">
     <span class='ocr_line' id='line_1_85' title="bbox 2150 3611 3801 3687; baseline 0 -20"><span class='ocrx_word' id='word_1_658' title='bbox 2150 3611 2406 3687; x_wconf 75' lang='grc' dir='ltr'>αχθέντες</span> <span class='ocrx_word' id='word_1_659' title='bbox 2455 3611 2729 3683; x_wconf 73' lang='grc' dir='ltr'>ἀλληλοις</span> <span class='ocrx_word' id='word_1_660' title='bbox 2780 3614 3121 3687; x_wconf 78' lang='grc' dir='ltr'>ἀνακραθῶσι</span> <span class='ocrx_word' id='word_1_661' title='bbox 3171 3613 3261 3667; x_wconf 87' lang='grc' dir='ltr'>καὶ</span> <span class='ocrx_word' id='word_1_662' title='bbox 3310 3612 3492 3687; x_wconf 82' lang='grc' dir='ltr'>ὥσπερ</span> <span class='ocrx_word' id='word_1_663' title='bbox 3537 3612 3593 3666; x_wconf 81' lang='grc' dir='ltr'>ἓν</span> <span class='ocrx_word' id='word_1_664' title='bbox 3637 3616 3801 3685; x_wconf 74' lang='grc' dir='ltr'>σῶμα</span> 
     </span>
    </p>
   </div>
   <div class='ocr_carea' id='block_1_85' title="bbox 2151 3700 3809 3779">
    <p class='ocr_par' dir='ltr' id='par_1_85' title="bbox 2151 3700 3809 3779">
     <span class='ocr_line' id='line_1_86' title="bbox 2151 3700 3809 3779; baseline 0 -23"><span class='ocrx_word' id='word_1_665' title='bbox 2151 3704 2437 3779; x_wconf 86' lang='grc' dir='ltr'>γενόμενοι</span> <span class='ocrx_word' id='word_1_666' title='bbox 2478 3704 2522 3738; x_wconf 83' lang='grc'>⁷³</span> <span class='ocrx_word' id='word_1_667' title='bbox 2574 3701 2625 3755; x_wconf 84' lang='grc' dir='ltr'>ἐν</span> <span class='ocrx_word' id='word_1_668' title='bbox 2676 3701 2799 3775; x_wconf 75' lang='grc' dir='ltr'>ἐμοὶ</span> <span class='ocrx_word' id='word_1_669' title='bbox 2858 3702 3053 3763; x_wconf 83' lang='grc' dir='ltr'>πάντες</span> <span class='ocrx_word' id='word_1_670' title='bbox 3106 3700 3255 3771; x_wconf 79' lang='grc' dir='ltr'>ὦσιν,</span> <span class='ocrx_word' id='word_1_671' title='bbox 3311 3702 3385 3765; x_wconf 84' lang='grc' dir='ltr'>ὡς</span> <span class='ocrx_word' id='word_1_672' title='bbox 3441 3704 3641 3764; x_wconf 78' lang='grc' dir='ltr'>πάντας</span> <span class='ocrx_word' id='word_1_673' title='bbox 3706 3723 3809 3777; x_wconf 71' lang='grc' dir='ltr'>φο-</span> 
     </span>
    </p>
   </div>
   <div class='ocr_carea' id='block_1_86' title="bbox 2152 3788 3805 3867">
    <p class='ocr_par' dir='ltr' id='par_1_86' title="bbox 2152 3788 3805 3867">
     <span class='ocr_line' id='line_1_87' title="bbox 2152 3788 3805 3867; baseline -0.001 -21"><span class='ocrx_word' id='word_1_674' title='bbox 2152 3795 2333 3865; x_wconf 83' lang='grc' dir='ltr'>ροῦντι</span> <span class='ocrx_word' id='word_1_675' title='bbox 2413 3788 2504 3845; x_wconf 77' lang='grc' dir='ltr'>διὰ</span> <span class='ocrx_word' id='word_1_676' title='bbox 2579 3794 2675 3846; x_wconf 86' lang='grc' dir='ltr'>τοῦ</span> <span class='ocrx_word' id='word_1_677' title='bbox 2756 3792 2871 3853; x_wconf 71' lang='grc' dir='ltr'>ἑνὸς</span> <span class='ocrx_word' id='word_1_678' title='bbox 2951 3790 3356 3867; x_wconf 71' lang='grc' dir='ltr'>ἀναληφθέντος</span> <span class='ocrx_word' id='word_1_679' title='bbox 3409 3794 3561 3848; x_wconf 87' lang='grc' dir='ltr'>ναοῦ.</span> <span class='ocrx_word' id='word_1_680' title='bbox 3630 3794 3805 3845; x_wconf 81' lang='grc' dir='ltr'>Ταῦτα</span> 
     </span>
    </p>
   </div>
   <div class='ocr_carea' id='block_1_87' title="bbox 2152 3878 3801 3956">
    <p class='ocr_par' dir='ltr' id='par_1_87' title="bbox 2152 3878 3801 3956">
     <span class='ocr_line' id='line_1_88' title="bbox 2152 3878 3801 3956; baseline 0 -21"><span class='ocrx_word' id='word_1_681' title='bbox 2152 3878 2209 3935; x_wconf 72' lang='grc' dir='ltr'>δὲ</span> <span class='ocrx_word' id='word_1_682' title='bbox 2239 3880 2327 3935; x_wconf 86' lang='grc' dir='ltr'>καὶ</span> <span class='ocrx_word' id='word_1_683' title='bbox 2362 3882 2389 3935; x_wconf 88' lang='grc' dir='ltr'>ὁ</span> <span class='ocrx_word' id='word_1_684' title='bbox 2419 3883 2464 3919; x_wconf 74' lang='grc'>’⁷⁸</span> <span class='ocrx_word' id='word_1_685' title='bbox 2518 3882 2808 3956; x_wconf 74' lang='grc' dir='ltr'>προφήτης</span> <span class='ocrx_word' id='word_1_686' title='bbox 2838 3880 3061 3941; x_wconf 73' lang='grc' dir='ltr'>Ἠσαίας</span> <span class='ocrx_word' id='word_1_687' title='bbox 3090 3880 3137 3916; x_wconf 79' lang='grc'>’³⁵</span> <span class='ocrx_word' id='word_1_688' title='bbox 3184 3880 3348 3956; x_wconf 69' lang='grc' dir='ltr'>φησὶν</span> <span class='ocrx_word' id='word_1_689' title='bbox 3380 3880 3430 3935; x_wconf 80' lang='grc' dir='ltr'>ἐν</span> <span class='ocrx_word' id='word_1_690' title='bbox 3473 3885 3553 3953; x_wconf 78' lang='grc' dir='ltr'>τῷ</span> <span class='ocrx_word' id='word_1_691' title='bbox 3602 3880 3801 3956; x_wconf 73' lang='grc' dir='ltr'>λέγειν’</span> 
     </span>
    </p>
   </div>
   <div class='ocr_carea' id='block_1_88' title="bbox 2151 3967 3806 4043">
    <p class='ocr_par' dir='ltr' id='par_1_88' title="bbox 2151 3967 3806 4043">
     <span class='ocr_line' id='line_1_89' title="bbox 2151 3967 3806 4043; baseline -0.001 -18"><span class='ocrx_word' id='word_1_692' title='bbox 2151 3967 2373 4026; x_wconf 76' lang='grc' dir='ltr'>Παιδίον</span> <span class='ocrx_word' id='word_1_693' title='bbox 2426 3969 2681 4043; x_wconf 70' lang='grc' dir='ltr'>ἐγεννήθη</span> <span class='ocrx_word' id='word_1_694' title='bbox 2739 3972 2895 4042; x_wconf 75' lang='grc' dir='ltr'>ἡμῖν,</span> <span class='ocrx_word' id='word_1_695' title='bbox 2950 3969 3073 4031; x_wconf 68' lang='grc' dir='ltr'>Υἱὸς</span> <span class='ocrx_word' id='word_1_696' title='bbox 3132 3970 3222 4031; x_wconf 80' lang='grc' dir='ltr'>καὶ</span> <span class='ocrx_word' id='word_1_697' title='bbox 3275 3967 3434 4039; x_wconf 80' lang='grc' dir='ltr'>ἐδόθη</span> <span class='ocrx_word' id='word_1_698' title='bbox 3495 3972 3651 4042; x_wconf 79' lang='grc' dir='ltr'>ἡμῖν,</span> <span class='ocrx_word' id='word_1_699' title='bbox 3713 3975 3806 4027; x_wconf 74' lang='grc' dir='ltr'>καὶ</span> 
     </span>
    </p>
   </div>
   <div class='ocr_carea' id='block_1_89' title="bbox 2151 4056 3807 4134">
    <p class='ocr_par' dir='ltr' id='par_1_89' title="bbox 2151 4056 3807 4134">
     <span class='ocr_line' id='line_1_90' title="bbox 2151 4056 3807 4134; baseline -0.001 -19"><span class='ocrx_word' id='word_1_700' title='bbox 2151 4060 2279 4122; x_wconf 83' lang='grc' dir='ltr'>Θεός</span> <span class='ocrx_word' id='word_1_701' title='bbox 2322 4060 2462 4114; x_wconf 82' lang='grc' dir='ltr'>ἐστιν</span> <span class='ocrx_word' id='word_1_702' title='bbox 2509 4058 2879 4128; x_wconf 77' lang='grc' dir='ltr'>ἐξουσιαστής,</span> <span class='ocrx_word' id='word_1_703' title='bbox 2931 4058 3161 4134; x_wconf 73' lang='grc' dir='ltr'>ἰσχυρός</span> <span class='ocrx_word' id='word_1_704' title='bbox 3198 4079 3209 4091; x_wconf 91' lang='grc'><strong>·</strong></span> <span class='ocrx_word' id='word_1_705' title='bbox 3265 4056 3353 4113; x_wconf 70' lang='grc' dir='ltr'>διὰ</span> <span class='ocrx_word' id='word_1_706' title='bbox 3405 4060 3498 4131; x_wconf 78' lang='grc' dir='ltr'>μὲν</span> <span class='ocrx_word' id='word_1_707' title='bbox 3549 4061 3654 4134; x_wconf 71' lang='grc' dir='ltr'>γὰρ</span> <span class='ocrx_word' id='word_1_708' title='bbox 3706 4065 3807 4114; x_wconf 87' lang='grc' dir='ltr'>τοῦ</span> 
     </span>
    </p>
   </div>
   <div class='ocr_carea' id='block_1_90' title="bbox 2148 4144 3807 4224">
    <p class='ocr_par' dir='ltr' id='par_1_90' title="bbox 2148 4144 3807 4224">
     <span class='ocr_line' id='line_1_91' title="bbox 2148 4144 3807 4224; baseline -0.001 -21"><span class='ocrx_word' id='word_1_709' title='bbox 2148 4146 2367 4203; x_wconf 83' lang='grc' dir='ltr'>παιδίον</span> <span class='ocrx_word' id='word_1_710' title='bbox 2397 4147 2458 4201; x_wconf 86' lang='grc' dir='ltr'>τὸ</span> <span class='ocrx_word' id='word_1_711' title='bbox 2489 4149 2623 4222; x_wconf 83' lang='grc' dir='ltr'>ἡμῖν</span> <span class='ocrx_word' id='word_1_712' title='bbox 2673 4148 2988 4221; x_wconf 85' lang='grc' dir='ltr'>ὁμοοὺσιον,</span> <span class='ocrx_word' id='word_1_713' title='bbox 3023 4145 3113 4202; x_wconf 80' lang='grc' dir='ltr'>διὰ</span> <span class='ocrx_word' id='word_1_714' title='bbox 3142 4144 3200 4201; x_wconf 74' lang='grc' dir='ltr'>δὲ</span> <span class='ocrx_word' id='word_1_715' title='bbox 3244 4151 3341 4202; x_wconf 90' lang='grc' dir='ltr'>τοῦ</span> <span class='ocrx_word' id='word_1_716' title='bbox 3374 4147 3504 4209; x_wconf 84' lang='grc' dir='ltr'>Θεὸς</span> <span class='ocrx_word' id='word_1_717' title='bbox 3555 4149 3617 4202; x_wconf 83' lang='grc' dir='ltr'>τὸ</span> <span class='ocrx_word' id='word_1_718' title='bbox 3664 4149 3807 4224; x_wconf 73' lang='grc' dir='ltr'>πρὸς</span> 
     </span>
    </p>
   </div>
   <div class='ocr_carea' id='block_1_91' title="bbox 2149 4235 3807 4313">
    <p class='ocr_par' dir='ltr' id='par_1_91' title="bbox 2149 4235 3807 4313">
     <span class='ocr_line' id='line_1_92' title="bbox 2149 4235 3807 4313; baseline -0.001 -20"><span class='ocrx_word' id='word_1_719' title='bbox 2149 4238 2238 4293; x_wconf 84' lang='grc' dir='ltr'>τὸν</span> <span class='ocrx_word' id='word_1_720' title='bbox 2282 4239 2494 4312; x_wconf 79' lang='grc' dir='ltr'>Πατὲρα</span> <span class='ocrx_word' id='word_1_721' title='bbox 2540 4235 2629 4292; x_wconf 79' lang='grc' dir='ltr'>καί</span> <span class='ocrx_word' id='word_1_722' title='bbox 2657 4237 2718 4292; x_wconf 89' lang='grc' dir='ltr'>τὸ</span> <span class='ocrx_word' id='word_1_723' title='bbox 2765 4241 2980 4310; x_wconf 79' lang='grc' dir='ltr'>Πνεῦμα</span> <span class='ocrx_word' id='word_1_724' title='bbox 3031 4236 3282 4313; x_wconf 74' lang='grc' dir='ltr'>ἐκήρυξεν</span> <span class='ocrx_word' id='word_1_725' title='bbox 3334 4236 3655 4310; x_wconf 80' lang='grc' dir='ltr'>ὁμοοὺσιον.</span> <span class='ocrx_word' id='word_1_726' title='bbox 3702 4240 3807 4294; x_wconf 77' lang='grc' dir='ltr'>Καὶ</span> 
     </span>
    </p>
   </div>
   <div class='ocr_carea' id='block_1_92' title="bbox 2424 4323 3803 4401">
    <p class='ocr_par' dir='ltr' id='par_1_92' title="bbox 2424 4323 3803 4401">
     <span class='ocr_line' id='line_1_93' title="bbox 2424 4323 3803 4401; baseline -0.001 -21"><span class='ocrx_word' id='word_1_727' title='bbox 2424 4326 2485 4380; x_wconf 82' lang='grc' dir='ltr'>Εἰ</span> <span class='ocrx_word' id='word_1_728' title='bbox 2542 4323 2592 4380; x_wconf 82' lang='grc' dir='ltr'>ἐν</span> <span class='ocrx_word' id='word_1_729' title='bbox 2651 4331 2768 4389; x_wconf 89' lang='grc' dir='ltr'>τοῖς</span> <span class='ocrx_word' id='word_1_730' title='bbox 2827 4323 3117 4394; x_wconf 77' lang='grc' dir='ltr'>ἐναντίοις,</span> <span class='ocrx_word' id='word_1_731' title='bbox 3177 4324 3361 4401; x_wconf 74' lang='grc' dir='ltr'>φησὶν,</span> <span class='ocrx_word' id='word_1_732' title='bbox 3424 4323 3713 4399; x_wconf 79' lang='grc' dir='ltr'>ἱδιώμασιν</span> <span class='ocrx_word' id='word_1_733' title='bbox 3766 4329 3803 4396; x_wconf 73' lang='grc' dir='ltr'><strong>ἡ</strong></span> 
     </span>
    </p>
   </div>
   <div class='ocr_carea' id='block_1_93' title="bbox 395 4413 3009 4496">
    <p class='ocr_par' dir='ltr' id='par_1_93' title="bbox 395 4413 3009 4496">
     <span class='ocr_line' id='line_1_94' title="bbox 395 4413 3009 4496; baseline -0.001 -25"><span class='ocrx_word' id='word_1_734' title='bbox 395 4416 856 4491; x_wconf 70' lang='grc' dir='ltr'>θατέρου¹το5των</span> <span class='ocrx_word' id='word_1_735' title='bbox 890 4420 1169 4493; x_wconf 82' lang='grc' dir='ltr'>θεωρεῖται</span> <span class='ocrx_word' id='word_1_736' title='bbox 1201 4418 1378 4496; x_wconf 76' lang='grc' dir='ltr'>φύσις,</span> <span class='ocrx_word' id='word_1_737' title='bbox 1410 4424 1512 4489; x_wconf 84' lang='grc' dir='ltr'>τῆς</span> <span class='ocrx_word' id='word_1_738' title='bbox 1544 4420 1741 4495; x_wconf 88' lang='grc' dir='ltr'>σαρκὸς</span> <span class='ocrx_word' id='word_1_739' title='bbox 1774 4415 1916 4493; x_wconf 79' lang='grc' dir='ltr'>λέγω</span> <span class='ocrx_word' id='word_1_740' title='bbox 1947 4417 2036 4474; x_wconf 86' lang='grc' dir='ltr'>καὶ</span> <span class='ocrx_word' id='word_1_741' title='bbox 2073 4424 2173 4489; x_wconf 82' lang='grc' dir='ltr'>τῆς</span> <span class='ocrx_word' id='word_1_742' title='bbox 2204 4418 2483 4487; x_wconf 82' lang='grc' dir='ltr'>θεότητος,</span> <span class='ocrx_word' id='word_1_743' title='bbox 2516 4420 2632 4477; x_wconf 88' lang='grc' dir='ltr'>πῶς</span> <span class='ocrx_word' id='word_1_744' title='bbox 2667 4416 2764 4488; x_wconf 89' lang='grc' dir='ltr'>μία</span> <span class='ocrx_word' id='word_1_745' title='bbox 2791 4416 2846 4470; x_wconf 80' lang='grc' dir='ltr'>αἱ</span> <span class='ocrx_word' id='word_1_746' title='bbox 2873 4413 2968 4470; x_wconf 80' lang='grc' dir='ltr'>δύο</span> <span class='ocrx_word' id='word_1_747' title='bbox 2997 4461 3009 4483; x_wconf 92' lang='grc'>,</span> 
     </span>
    </p>
   </div>
   <div class='ocr_carea' id='block_1_94' title="bbox 469 4500 2038 4582">
    <p class='ocr_par' dir='ltr' id='par_1_94' title="bbox 469 4505 2038 4581">
     <span class='ocr_line' id='line_1_95' title="bbox 469 4505 2038 4581; baseline 0.003 -20"><span class='ocrx_word' id='word_1_748' title='bbox 469 4505 599 4565; x_wconf 67' lang='lat' dir='ltr'>Haec</span> <span class='ocrx_word' id='word_1_749' title='bbox 647 4524 809 4565; x_wconf 90' lang='lat' dir='ltr'>sacer</span> <span class='ocrx_word' id='word_1_750' title='bbox 852 4509 1216 4581; x_wconf 66' lang='lat' dir='ltr'>Ephraemius</span> <span class='ocrx_word' id='word_1_751' title='bbox 1265 4526 1599 4580; x_wconf 83' lang='lat' dir='ltr'>congerens,</span> <span class='ocrx_word' id='word_1_752' title='bbox 1634 4509 1812 4581; x_wconf 89' lang='lat' dir='ltr'>impie</span> <span class='ocrx_word' id='word_1_753' title='bbox 1861 4510 2038 4566; x_wconf 90' lang='lat' dir='ltr'>inter-</span> 
     </span>
    </p>
   </div>
   <div class='ocr_carea' id='block_1_95' title="bbox 2146 4500 3813 4582">
    <p class='ocr_par' dir='ltr' id='par_1_95' title="bbox 2226 4500 3813 4582">
     <span class='ocr_line' id='line_1_96' title="bbox 2226 4500 3813 4582; baseline -0.002 -21"><span class='ocrx_word' id='word_1_754' title='bbox 2226 4510 2399 4561; x_wconf 88' lang='grc' dir='ltr'>Ταῦτα</span> <span class='ocrx_word' id='word_1_755' title='bbox 2438 4505 2602 4560; x_wconf 80' lang='grc' dir='ltr'>εἰπὼν</span> <span class='ocrx_word' id='word_1_756' title='bbox 2653 4506 2680 4559; x_wconf 90' lang='lat'>6</span> <span class='ocrx_word' id='word_1_757' title='bbox 2726 4505 2872 4580; x_wconf 70' lang='grc' dir='ltr'>ἱερὸς</span> <span class='ocrx_word' id='word_1_758' title='bbox 2922 4505 3244 4582; x_wconf 78' lang='grc' dir='ltr'>Ἐφραίμος,</span> <span class='ocrx_word' id='word_1_759' title='bbox 3306 4500 3581 4568; x_wconf 77' lang='grc' dir='ltr'>δυσσεϐῶς</span> <span class='ocrx_word' id='word_1_760' title='bbox 3628 4506 3813 4578; x_wconf 73' lang='grc' dir='ltr'>ἑρμη-</span> 
     </span>
    </p>
   </div>
   <div class='ocr_carea' id='block_1_96' title="bbox 397 4597 2047 4669">
    <p class='ocr_par' dir='ltr' id='par_1_96' title="bbox 397 4597 2047 4669">
     <span class='ocr_line' id='line_1_97' title="bbox 397 4597 2047 4669; baseline 0.002 -18"><span class='ocrx_word' id='word_1_761' title='bbox 397 4597 764 4669; x_wconf 86' lang='lat' dir='ltr'>pretantibus</span> <span class='ocrx_word' id='word_1_762' title='bbox 810 4600 1042 4656; x_wconf 89' lang='lat' dir='ltr'>Domini</span> <span class='ocrx_word' id='word_1_763' title='bbox 1095 4599 1270 4656; x_wconf 87' lang='lat' dir='ltr'>sociis</span> <span class='ocrx_word' id='word_1_764' title='bbox 1317 4598 1501 4655; x_wconf 82' lang='lat' dir='ltr'>illud:</span> <span class='ocrx_word' id='word_1_765' title='bbox 1546 4601 1613 4653; x_wconf 81' lang='lat' dir='ltr'>Et</span> <span class='ocrx_word' id='word_1_766' title='bbox 1662 4598 1932 4655; x_wconf 84' lang='lat' dir='ltr'>habitavit</span> <span class='ocrx_word' id='word_1_767' title='bbox 1985 4601 2047 4655; x_wconf 85' lang='lat' dir='ltr'>in</span> 
     </span>
    </p>
   </div>
   <div class='ocr_carea' id='block_1_97' title="bbox 397 4685 2044 4761">
    <p class='ocr_par' dir='ltr' id='par_1_97' title="bbox 397 4685 2044 4761">
     <span class='ocr_line' id='line_1_98' title="bbox 397 4685 2044 4761; baseline 0.001 -20"><span class='ocrx_word' id='word_1_768' title='bbox 397 4685 559 4743; x_wconf 81' lang='lat' dir='ltr'>nobis</span> <span class='ocrx_word' id='word_1_769' title='bbox 586 4686 652 4741; x_wconf 75' lang='grc' dir='ltr'>ι’.</span> <span class='ocrx_word' id='word_1_770' title='bbox 688 4686 824 4744; x_wconf 91' lang='lat' dir='ltr'>Illos</span> <span class='ocrx_word' id='word_1_771' title='bbox 868 4689 1022 4744; x_wconf 87' lang='lat' dir='ltr'>enim</span> <span class='ocrx_word' id='word_1_772' title='bbox 1055 4687 1431 4761; x_wconf 89' lang='lat' dir='ltr'>reprehendit</span> <span class='ocrx_word' id='word_1_773' title='bbox 1459 4704 1472 4742; x_wconf 94' lang='lat'>:</span> <span class='ocrx_word' id='word_1_774' title='bbox 1504 4687 1646 4743; x_wconf 88' lang='lat' dir='ltr'>Nam</span> <span class='ocrx_word' id='word_1_775' title='bbox 1680 4704 1783 4760; x_wconf 90' lang='lat' dir='ltr'>pro</span> <span class='ocrx_word' id='word_1_776' title='bbox 1814 4687 1915 4743; x_wconf 90' lang='lat' dir='ltr'>illo</span> <span class='ocrx_word' id='word_1_777' title='bbox 1940 4704 1953 4743; x_wconf 92' lang='lat'>:</span> <span class='ocrx_word' id='word_1_778' title='bbox 1983 4690 2044 4744; x_wconf 83' lang='lat' dir='ltr'>In</span> 
     </span>
    </p>
   </div>
   <div class='ocr_carea' id='block_1_98' title="bbox 397 4776 2043 4839">
    <p class='ocr_par' dir='ltr' id='par_1_98' title="bbox 397 4776 2043 4839">
     <span class='ocr_line' id='line_1_99' title="bbox 397 4776 2043 4839; baseline -0.001 -5"><span class='ocrx_word' id='word_1_779' title='bbox 397 4783 547 4834; x_wconf 84' lang='lat' dir='ltr'>terra</span> <span class='ocrx_word' id='word_1_780' title='bbox 577 4776 726 4834; x_wconf 82' lang='lat' dir='ltr'>visus</span> <span class='ocrx_word' id='word_1_781' title='bbox 756 4784 854 4839; x_wconf 89' lang='lat' dir='ltr'>est,</span> <span class='ocrx_word' id='word_1_782' title='bbox 885 4781 937 4834; x_wconf 87' lang='lat' dir='ltr'>et</span> <span class='ocrx_word' id='word_1_783' title='bbox 966 4794 1089 4834; x_wconf 87' lang='lat' dir='ltr'>cum</span> <span class='ocrx_word' id='word_1_784' title='bbox 1120 4776 1435 4833; x_wconf 80' lang='lat' dir='ltr'>hominibus</span> <span class='ocrx_word' id='word_1_785' title='bbox 1475 4782 1827 4834; x_wconf 80' lang='lat' dir='ltr'>conversatus</span> <span class='ocrx_word' id='word_1_786' title='bbox 1864 4780 1941 4833; x_wconf 87' lang='lat' dir='ltr'>est</span> <span class='ocrx_word' id='word_1_787' title='bbox 1971 4794 2043 4833; x_wconf 88' lang='lat' dir='ltr'>a:</span> 
     </span>
    </p>
   </div>
   <div class='ocr_carea' id='block_1_99' title="bbox 394 4864 2043 4940">
    <p class='ocr_par' dir='ltr' id='par_1_99' title="bbox 394 4864 2043 4940">
     <span class='ocr_line' id='line_1_100' title="bbox 394 4864 2043 4940; baseline -0.001 -18"><span class='ocrx_word' id='word_1_788' title='bbox 394 4882 593 4924; x_wconf 91' lang='lat' dir='ltr'>vocem</span> <span class='ocrx_word' id='word_1_789' title='bbox 654 4882 928 4940; x_wconf 87' lang='lat' dir='ltr'>perverse</span> <span class='ocrx_word' id='word_1_790' title='bbox 996 4866 1299 4937; x_wconf 82' lang='lat' dir='ltr'>intellexit,</span> <span class='ocrx_word' id='word_1_791' title='bbox 1358 4865 1506 4921; x_wconf 86' lang='lat' dir='ltr'>hanc</span> <span class='ocrx_word' id='word_1_792' title='bbox 1564 4864 1651 4920; x_wconf 90' lang='lat' dir='ltr'>illi</span> <span class='ocrx_word' id='word_1_793' title='bbox 1706 4867 2043 4938; x_wconf 58' lang='lat' dir='ltr'>aequando:</span> 
     </span>
    </p>
   </div>
   <div class='ocr_carea' id='block_1_100' title="bbox 394 4954 2043 5029">
    <p class='ocr_par' dir='ltr' id='par_1_100' title="bbox 394 4954 2043 5029">
     <span class='ocr_line' id='line_1_101' title="bbox 394 4954 2043 5029; baseline -0.002 -17"><span class='ocrx_word' id='word_1_794' title='bbox 394 4956 494 5013; x_wconf 86' lang='lat' dir='ltr'>Lot</span> <span class='ocrx_word' id='word_1_795' title='bbox 531 4957 812 5015; x_wconf 85' lang='lat' dir='ltr'>habitavit</span> <span class='ocrx_word' id='word_1_796' title='bbox 850 4958 913 5013; x_wconf 86' lang='lat' dir='ltr'>in</span> <span class='ocrx_word' id='word_1_797' title='bbox 944 4955 1164 5029; x_wconf 81' lang='lat' dir='ltr'>oppidis</span> <span class='ocrx_word' id='word_1_798' title='bbox 1204 4958 1359 5012; x_wconf 84' lang='lat' dir='ltr'>circa</span> <span class='ocrx_word' id='word_1_799' title='bbox 1392 4956 1704 5019; x_wconf 73' lang='lat' dir='ltr'>Iordanem,</span> <span class='ocrx_word' id='word_1_800' title='bbox 1737 4958 1788 5011; x_wconf 79' lang='lat' dir='ltr'>et</span> <span class='ocrx_word' id='word_1_801' title='bbox 1825 4954 2043 5010; x_wconf 86' lang='lat' dir='ltr'>habita-</span> 
     </span>
    </p>
   </div>
   <div class='ocr_carea' id='block_1_101' title="bbox 396 5044 2044 5118">
    <p class='ocr_par' dir='ltr' id='par_1_101' title="bbox 396 5044 2044 5118">
     <span class='ocr_line' id='line_1_102' title="bbox 396 5044 2044 5118; baseline -0.001 -17"><span class='ocrx_word' id='word_1_802' title='bbox 396 5048 474 5103; x_wconf 79' lang='lat' dir='ltr'>vit</span> <span class='ocrx_word' id='word_1_803' title='bbox 504 5049 562 5103; x_wconf 86' lang='lat' dir='ltr'>in</span> <span class='ocrx_word' id='word_1_804' title='bbox 605 5048 854 5105; x_wconf 85' lang='lat' dir='ltr'>Sodomis</span> <span class='ocrx_word' id='word_1_805' title='bbox 880 5049 944 5117; x_wconf 82' lang='grc' dir='ltr'>ι’,</span> <span class='ocrx_word' id='word_1_806' title='bbox 975 5052 1182 5104; x_wconf 84' lang='lat' dir='ltr'>taxans</span> <span class='ocrx_word' id='word_1_807' title='bbox 1246 5047 1502 5118; x_wconf 89' lang='lat' dir='ltr'>ineptam</span> <span class='ocrx_word' id='word_1_808' title='bbox 1552 5044 2044 5116; x_wconf 87' lang='lat' dir='ltr'>consecutionem,</span> 
     </span>
    </p>
   </div>
   <div class='ocr_carea' id='block_1_102' title="bbox 397 5134 2047 5210">
    <p class='ocr_par' dir='ltr' id='par_1_102' title="bbox 397 5134 2047 5210">
     <span class='ocr_line' id='line_1_103' title="bbox 397 5134 2047 5210; baseline -0.001 -19"><span class='ocrx_word' id='word_1_809' title='bbox 397 5138 635 5195; x_wconf 82' lang='lat' dir='ltr'>verbum</span> <span class='ocrx_word' id='word_1_810' title='bbox 686 5139 833 5195; x_wconf 89' lang='lat' dir='ltr'>illud</span> <span class='ocrx_word' id='word_1_811' title='bbox 883 5138 1183 5208; x_wconf 82' lang='lat' dir='ltr'>Habitavit,</span> <span class='ocrx_word' id='word_1_812' title='bbox 1231 5135 1525 5210; x_wconf 86' lang='lat' dir='ltr'>explanat,</span> <span class='ocrx_word' id='word_1_813' title='bbox 1567 5134 2047 5207; x_wconf 83' lang='lat' dir='ltr'>interpretamen-</span> 
     </span>
    </p>
   </div>
   <div class='ocr_carea' id='block_1_103' title="bbox 468 5267 1019 5332">
    <p class='ocr_par' dir='ltr' id='par_1_103' title="bbox 468 5267 1019 5332">
     <span class='ocr_line' id='line_1_104' title="bbox 468 5267 1019 5332; baseline 0.011 -15"><span class='ocrx_word' id='word_1_814' title='bbox 468 5267 654 5320; x_wconf 71' lang='lat' dir='ltr'>VLuc.</span> <span class='ocrx_word' id='word_1_815' title='bbox 720 5283 869 5332; x_wconf 81' lang='lat' dir='ltr'>xxw,</span> <span class='ocrx_word' id='word_1_816' title='bbox 930 5268 1019 5323; x_wconf 91' lang='lat'>39.</span> 
     </span>
    </p>
   </div>
   <div class='ocr_carea' id='block_1_104' title="bbox 1096 5264 1582 5336">
    <p class='ocr_par' dir='ltr' id='par_1_104' title="bbox 1096 5264 1582 5336">
     <span class='ocr_line' id='line_1_105' title="bbox 1096 5264 1582 5336; baseline -0.01 -12"><span class='ocrx_word' id='word_1_817' title='bbox 1096 5280 1119 5306; x_wconf 75' lang='grc' dir='ltr'><em>ι</em></span> <span class='ocrx_word' id='word_1_818' title='bbox 1148 5266 1315 5323; x_wconf 85' lang='lat' dir='ltr'>Joan.</span> <span class='ocrx_word' id='word_1_819' title='bbox 1370 5282 1445 5336; x_wconf 80' lang='grc' dir='ltr'>ιν,</span> <span class='ocrx_word' id='word_1_820' title='bbox 1492 5264 1582 5319; x_wconf 73' lang='grc'>24.</span> 
     </span>
    </p>
   </div>
   <div class='ocr_carea' id='block_1_105' title="bbox 400 5332 891 5405">
    <p class='ocr_par' dir='ltr' id='par_1_105' title="bbox 400 5332 891 5405">
     <span class='ocr_line' id='line_1_106' title="bbox 400 5332 891 5405; baseline 0.008 -16"><span class='ocrx_word' id='word_1_821' title='bbox 400 5332 449 5374; x_wconf 75' lang='grc' dir='ltr'>ι’</span> <span class='ocrx_word' id='word_1_822' title='bbox 480 5333 620 5391; x_wconf 89' lang='lat' dir='ltr'>Gen.</span> <span class='ocrx_word' id='word_1_823' title='bbox 655 5353 775 5405; x_wconf 85' lang='lat' dir='ltr'>xm,</span> <span class='ocrx_word' id='word_1_824' title='bbox 804 5338 891 5393; x_wconf 89' lang='grc'>12.</span> 
     </span>
    </p>
   </div>
   <div class='ocr_carea' id='block_1_106' title="bbox 1658 5261 2675 5336">
    <p class='ocr_par' dir='ltr' id='par_1_106' title="bbox 1658 5261 2675 5336">
     <span class='ocr_line' id='line_1_107' title="bbox 1658 5261 2675 5336; baseline -0.001 -18"><span class='ocrx_word' id='word_1_825' title='bbox 1658 5264 1879 5321; x_wconf 78' lang='lat' dir='ltr'>yJoan.</span> <span class='ocrx_word' id='word_1_826' title='bbox 1929 5278 2067 5336; x_wconf 82' lang='lat' dir='ltr'>xvu,</span> <span class='ocrx_word' id='word_1_827' title='bbox 2116 5261 2205 5317; x_wconf 86' lang='lat'>21.</span> <span class='ocrx_word' id='word_1_828' title='bbox 2280 5275 2305 5302; x_wconf 73' lang='grc' dir='ltr'><strong>ι</strong></span> <span class='ocrx_word' id='word_1_829' title='bbox 2340 5264 2453 5320; x_wconf 88' lang='lat' dir='ltr'>Isa.</span> <span class='ocrx_word' id='word_1_830' title='bbox 2502 5278 2578 5331; x_wconf 72' lang='grc' dir='ltr'>ιιι,</span> <span class='ocrx_word' id='word_1_831' title='bbox 2620 5261 2675 5317; x_wconf 88' lang='lat'>6.</span> 
     </span>
    </p>
   </div>
   <div class='ocr_carea' id='block_1_107' title="bbox 2156 4592 3807 4667">
    <p class='ocr_par' dir='ltr' id='par_1_107' title="bbox 2156 4592 3807 4667">
     <span class='ocr_line' id='line_1_108' title="bbox 2156 4592 3807 4667; baseline -0.003 -17"><span class='ocrx_word' id='word_1_832' title='bbox 2156 4595 2419 4650; x_wconf 80' lang='grc' dir='ltr'>νευόντων</span> <span class='ocrx_word' id='word_1_833' title='bbox 2477 4598 2586 4649; x_wconf 84' lang='grc' dir='ltr'>τῶν</span> <span class='ocrx_word' id='word_1_834' title='bbox 2657 4595 2780 4667; x_wconf 81' lang='grc' dir='ltr'>περὶ</span> <span class='ocrx_word' id='word_1_835' title='bbox 2858 4594 3067 4667; x_wconf 90' lang='grc' dir='ltr'>Δόμνον</span> <span class='ocrx_word' id='word_1_836' title='bbox 3147 4596 3209 4650; x_wconf 84' lang='grc' dir='ltr'>τὸ</span> <span class='ocrx_word' id='word_1_837' title='bbox 3288 4596 3614 4664; x_wconf 70' lang='grc' dir='ltr'>Ἐσκηνωσεν</span> <span class='ocrx_word' id='word_1_838' title='bbox 3647 4594 3693 4626; x_wconf 65' lang='lat'>7&#39;5</span> <span class='ocrx_word' id='word_1_839' title='bbox 3748 4592 3807 4646; x_wconf 82' lang='grc' dir='ltr'>ἐν</span> 
     </span>
    </p>
   </div>
   <div class='ocr_carea' id='block_1_108' title="bbox 2156 4681 3804 4759">
    <p class='ocr_par' dir='ltr' id='par_1_108' title="bbox 2156 4681 3804 4759">
     <span class='ocr_line' id='line_1_109' title="bbox 2156 4681 3804 4759; baseline -0.002 -21"><span class='ocrx_word' id='word_1_840' title='bbox 2156 4686 2313 4757; x_wconf 77' lang='grc' dir='ltr'>ἡμῖν,</span> <span class='ocrx_word' id='word_1_841' title='bbox 2364 4681 2709 4759; x_wconf 68' lang='grc' dir='ltr'>ἐπιρραπίζει</span> <span class='ocrx_word' id='word_1_842' title='bbox 2770 4684 2863 4756; x_wconf 79' lang='grc' dir='ltr'>μὲν</span> <span class='ocrx_word' id='word_1_843' title='bbox 2913 4683 3141 4745; x_wconf 80' lang='grc' dir='ltr'>τούτους</span> <span class='ocrx_word' id='word_1_844' title='bbox 3175 4700 3188 4714; x_wconf 75' lang='grc'><strong>⁸</strong></span> <span class='ocrx_word' id='word_1_845' title='bbox 3240 4682 3330 4738; x_wconf 82' lang='grc' dir='ltr'>καὶ</span> <span class='ocrx_word' id='word_1_846' title='bbox 3379 4685 3475 4758; x_wconf 72' lang='grc' dir='ltr'>γὰρ</span> <span class='ocrx_word' id='word_1_847' title='bbox 3532 4682 3643 4735; x_wconf 81' lang='grc' dir='ltr'>ἀντὶ</span> <span class='ocrx_word' id='word_1_848' title='bbox 3700 4685 3804 4735; x_wconf 85' lang='grc' dir='ltr'>τοῦ</span> 
     </span>
    </p>
   </div>
   <div class='ocr_carea' id='block_1_109' title="bbox 2155 4767 3808 4852">
    <p class='ocr_par' dir='ltr' id='par_1_109' title="bbox 2155 4767 3808 4852">
     <span class='ocr_line' id='line_1_110' title="bbox 2155 4767 3808 4852; baseline -0.002 -23"><span class='ocrx_word' id='word_1_849' title='bbox 2155 4775 2273 4829; x_wconf 83' lang='grc' dir='ltr'>Ἐπὶ</span> <span class='ocrx_word' id='word_1_850' title='bbox 2308 4779 2412 4849; x_wconf 81' lang='grc' dir='ltr'>γῆς</span> <span class='ocrx_word' id='word_1_851' title='bbox 2437 4773 2483 4807; x_wconf 72' lang='grc'>⁷⁷</span> <span class='ocrx_word' id='word_1_852' title='bbox 2532 4767 2687 4852; x_wconf 71' lang='grc' dir='ltr'>ὤφθη</span> <span class='ocrx_word' id='word_1_853' title='bbox 2730 4773 2818 4828; x_wconf 80' lang='grc' dir='ltr'>καὶ</span> <span class='ocrx_word' id='word_1_854' title='bbox 2870 4778 2987 4836; x_wconf 85' lang='grc' dir='ltr'>τοῖς</span> <span class='ocrx_word' id='word_1_855' title='bbox 3037 4773 3349 4848; x_wconf 81' lang='grc' dir='ltr'>ἀνθρώποις</span> <span class='ocrx_word' id='word_1_856' title='bbox 3398 4772 3808 4849; x_wconf 59' lang='grc' dir='ltr'>συνανεστράτξη</span> 
     </span>
    </p>
   </div>
   <div class='ocr_carea' id='block_1_110' title="bbox 2153 4861 3810 4941">
    <p class='ocr_par' dir='ltr' id='par_1_110' title="bbox 2153 4861 3810 4941">
     <span class='ocr_line' id='line_1_111' title="bbox 2153 4861 3810 4941; baseline -0.001 -24"><span class='ocrx_word' id='word_1_857' title='bbox 2153 4864 2495 4938; x_wconf 77' lang='grc' dir='ltr'>παρενόησᾶν</span> <span class='ocrx_word' id='word_1_858' title='bbox 2549 4863 2648 4932; x_wconf 72' lang='grc' dir='ltr'>τὴν</span> <span class='ocrx_word' id='word_1_859' title='bbox 2688 4863 2896 4941; x_wconf 74' lang='grc' dir='ltr'>φωνὴν,</span> <span class='ocrx_word' id='word_1_860' title='bbox 2944 4861 2997 4918; x_wconf 78' lang='grc' dir='ltr'>ἐν</span> <span class='ocrx_word' id='word_1_861' title='bbox 3060 4862 3164 4939; x_wconf 61' lang='grc' dir='ltr'>ἴσῳ</span> <span class='ocrx_word' id='word_1_862' title='bbox 3223 4864 3423 4933; x_wconf 70' lang='grc' dir='ltr'>ταύτην</span> <span class='ocrx_word' id='word_1_863' title='bbox 3483 4862 3810 4935; x_wconf 77' lang='grc' dir='ltr'>νομίσαντες</span> 
     </span>
    </p>
   </div>
   <div class='ocr_carea' id='block_1_111' title="bbox 2156 4950 3813 5029">
    <p class='ocr_par' dir='ltr' id='par_1_111' title="bbox 2156 4950 3813 5029">
     <span class='ocr_line' id='line_1_112' title="bbox 2156 4950 3813 5029; baseline -0.003 -21"><span class='ocrx_word' id='word_1_864' title='bbox 2156 4960 2257 5023; x_wconf 80' lang='grc' dir='ltr'>τῆς</span> <span class='ocrx_word' id='word_1_865' title='bbox 2319 4952 2585 5029; x_wconf 77' lang='grc' dir='ltr'>λέγουσης</span> <span class='ocrx_word' id='word_1_866' title='bbox 2645 4973 2656 4986; x_wconf 72' lang='grc' dir='ltr'><strong>ο</strong></span> <span class='ocrx_word' id='word_1_867' title='bbox 2724 4952 2851 5007; x_wconf 89' lang='grc' dir='ltr'>Λὼτ</span> <span class='ocrx_word' id='word_1_868' title='bbox 2910 4954 2952 4989; x_wconf 78' lang='grc'>’⁷⁸</span> <span class='ocrx_word' id='word_1_869' title='bbox 3017 4951 3315 5026; x_wconf 75' lang='grc' dir='ltr'>ἐσκήνωσεν</span> <span class='ocrx_word' id='word_1_870' title='bbox 3377 4952 3429 5007; x_wconf 78' lang='grc' dir='ltr'>ἐν</span> <span class='ocrx_word' id='word_1_871' title='bbox 3484 4950 3646 5007; x_wconf 83' lang='grc' dir='ltr'>πόλει</span> <span class='ocrx_word' id='word_1_872' title='bbox 3705 4956 3813 5007; x_wconf 82' lang='grc' dir='ltr'>τῶν</span> 
     </span>
    </p>
   </div>
   <div class='ocr_carea' id='block_1_112' title="bbox 2158 5038 3812 5116">
    <p class='ocr_par' dir='ltr' id='par_1_112' title="bbox 2158 5038 3812 5116">
     <span class='ocr_line' id='line_1_113' title="bbox 2158 5038 3812 5116; baseline -0.001 -19"><span class='ocrx_word' id='word_1_873' title='bbox 2158 5043 2490 5116; x_wconf 80' lang='grc' dir='ltr'>περιχώρων</span> <span class='ocrx_word' id='word_1_874' title='bbox 2526 5059 2538 5073; x_wconf 96' lang='grc'><strong>·</strong></span> <span class='ocrx_word' id='word_1_875' title='bbox 2590 5041 2683 5095; x_wconf 85' lang='grc' dir='ltr'>καὶ</span> <span class='ocrx_word' id='word_1_876' title='bbox 2742 5039 2907 5097; x_wconf 79' lang='grc' dir='ltr'>πάλιν</span> <span class='ocrx_word' id='word_1_877' title='bbox 2941 5059 2954 5074; x_wconf 79' lang='grc'><strong><em>⁸</em></strong></span> <span class='ocrx_word' id='word_1_878' title='bbox 3011 5043 3347 5113; x_wconf 75' lang='grc' dir='ltr'>Ἐσκήνωσεν</span> <span class='ocrx_word' id='word_1_879' title='bbox 3398 5039 3451 5094; x_wconf 76' lang='grc' dir='ltr'>ἐν</span> <span class='ocrx_word' id='word_1_880' title='bbox 3503 5038 3812 5115; x_wconf 79' lang='grc' dir='ltr'>Σοδόμοις.</span> 
     </span>
    </p>
   </div>
   <div class='ocr_carea' id='block_1_113' title="bbox 2161 5127 3817 5209">
    <p class='ocr_par' dir='ltr' id='par_1_113' title="bbox 2161 5127 3817 5209">
     <span class='ocr_line' id='line_1_114' title="bbox 2161 5127 3817 5209; baseline -0.001 -23"><span class='ocrx_word' id='word_1_881' title='bbox 2161 5131 2546 5209; x_wconf 79' lang='grc' dir='ltr'>Επιῤῥαπίζων</span> <span class='ocrx_word' id='word_1_882' title='bbox 2578 5127 2635 5185; x_wconf 75' lang='grc' dir='ltr'>δὲ</span> <span class='ocrx_word' id='word_1_883' title='bbox 2681 5130 2770 5185; x_wconf 81' lang='grc' dir='ltr'>καὶ</span> <span class='ocrx_word' id='word_1_884' title='bbox 2800 5131 2861 5185; x_wconf 86' lang='grc' dir='ltr'>τὸ</span> <span class='ocrx_word' id='word_1_885' title='bbox 2909 5131 3139 5201; x_wconf 81' lang='grc' dir='ltr'>ἀνόητον</span> <span class='ocrx_word' id='word_1_886' title='bbox 3190 5138 3288 5201; x_wconf 83' lang='grc' dir='ltr'>τῆς</span> <span class='ocrx_word' id='word_1_887' title='bbox 3339 5127 3607 5205; x_wconf 77' lang='grc' dir='ltr'>ὲκδοχῆς,</span> <span class='ocrx_word' id='word_1_888' title='bbox 3653 5130 3817 5191; x_wconf 80' lang='grc' dir='ltr'>αὐτὸς</span> 
     </span>
    </p>
   </div>
   <div class='ocr_carea' id='block_1_114' title="bbox 2779 5259 3817 5334">
    <p class='ocr_par' dir='ltr' id='par_1_114' title="bbox 2779 5259 3817 5334">
     <span class='ocr_line' id='line_1_115' title="bbox 2779 5259 3817 5334; baseline -0.002 -16"><span class='ocrx_word' id='word_1_889' title='bbox 2779 5259 2989 5319; x_wconf 87' lang='lat' dir='ltr'>&#39;Joan.</span> <span class='ocrx_word' id='word_1_890' title='bbox 3016 5278 3057 5334; x_wconf 86' lang='grc' dir='ltr'>ι,</span> <span class='ocrx_word' id='word_1_891' title='bbox 3118 5262 3204 5319; x_wconf 77' lang='grc'><strong>14.</strong></span> <span class='ocrx_word' id='word_1_892' title='bbox 3279 5275 3303 5303; x_wconf 79' lang='grc' dir='ltr'>ι</span> <span class='ocrx_word' id='word_1_893' title='bbox 3336 5260 3584 5317; x_wconf 83' lang='lat' dir='ltr'>Baruch.</span> <span class='ocrx_word' id='word_1_894' title='bbox 3627 5278 3712 5329; x_wconf 85' lang='grc' dir='ltr'>ιιι,</span> <span class='ocrx_word' id='word_1_895' title='bbox 3746 5261 3817 5316; x_wconf 88' lang='lat'>38</span> 
     </span>
    </p>
   </div>
   <div class='ocr_carea' id='block_1_115' title="bbox 1768 5446 2439 5504">
    <p class='ocr_par' dir='ltr' id='par_1_115' title="bbox 1768 5446 2439 5504">
     <span class='ocr_line' id='line_1_116' title="bbox 1768 5446 2439 5504; baseline 0.001 -4"><span class='ocrx_word' id='word_1_896' title='bbox 1768 5446 2007 5504; x_wconf 65' lang='lat' dir='ltr'>VARI/8</span> <span class='ocrx_word' id='word_1_897' title='bbox 2044 5446 2439 5504; x_wconf 87' lang='lat' dir='ltr'>LECTIONES</span> 
     </span>
    </p>
   </div>
   <div class='ocr_carea' id='block_1_116' title="bbox 471 5559 1205 5634">
    <p class='ocr_par' dir='ltr' id='par_1_116' title="bbox 471 5559 1205 5634">
     <span class='ocr_line' id='line_1_117' title="bbox 471 5559 1205 5634; baseline 0.008 -18"><span class='ocrx_word' id='word_1_898' title='bbox 471 5561 518 5597; x_wconf 73' lang='grc'>⁸⁸</span> <span class='ocrx_word' id='word_1_899' title='bbox 547 5559 711 5634; x_wconf 57' lang='grc' dir='ltr'>ψηλε]</span> <span class='ocrx_word' id='word_1_900' title='bbox 745 5564 878 5619; x_wconf 89' lang='lat' dir='ltr'>Luc.</span> <span class='ocrx_word' id='word_1_901' title='bbox 931 5581 1083 5631; x_wconf 74' lang='lat' dir='ltr'>xxrv,</span> <span class='ocrx_word' id='word_1_902' title='bbox 1115 5566 1205 5623; x_wconf 88' lang='lat'>39.</span> 
     </span>
    </p>
   </div>
   <div class='ocr_carea' id='block_1_117' title="bbox 581 5631 811 5688">
    <p class='ocr_par' dir='ltr' id='par_1_117' title="bbox 581 5631 811 5688">
     <span class='ocr_line' id='line_1_118' title="bbox 581 5631 811 5688; baseline 0 0"><span class='ocrx_word' id='word_1_903' title='bbox 581 5632 636 5688; x_wconf 61' lang='lat' dir='ltr'>‘zo</span> <span class='ocrx_word' id='word_1_904' title='bbox 669 5631 811 5688; x_wconf 73' lang='grc' dir='ltr'>ἐστιν</span> 
     </span>
    </p>
   </div>
   <div class='ocr_carea' id='block_1_118' title="bbox 409 5640 603 5721">
    <p class='ocr_par' dir='ltr' id='par_1_118' title="bbox 409 5640 603 5721">
     <span class='ocr_line' id='line_1_119' title="bbox 409 5640 603 5721; baseline -0.021 -28"><span class='ocrx_word' id='word_1_905' title='bbox 409 5640 603 5721; x_wconf 56' lang='grc' dir='ltr'>Δέγὰ</span> 
     </span>
    </p>
   </div>
   <div class='ocr_carea' id='block_1_119' title="bbox 1306 5565 1952 5638">
    <p class='ocr_par' dir='ltr' id='par_1_119' title="bbox 1306 5565 1952 5638">
     <span class='ocr_line' id='line_1_120' title="bbox 1306 5565 1952 5638; baseline 0 -17"><span class='ocrx_word' id='word_1_906' title='bbox 1306 5566 1353 5603; x_wconf 75' lang='lat'><strong>‘7</strong></span> <span class='ocrx_word' id='word_1_907' title='bbox 1383 5566 1621 5638; x_wconf 86' lang='grc' dir='ltr'>πνεῦμα]</span> <span class='ocrx_word' id='word_1_908' title='bbox 1652 5565 1725 5622; x_wconf 91' lang='lat' dir='ltr'>lo.</span> <span class='ocrx_word' id='word_1_909' title='bbox 1768 5568 1821 5638; x_wconf 71' lang='grc'>4,</span> <span class='ocrx_word' id='word_1_910' title='bbox 1863 5567 1952 5622; x_wconf 79' lang='grc'>24.</span> 
     </span>
    </p>
   </div>
   <div class='ocr_carea' id='block_1_120' title="bbox 409 5635 1255 5781">
    <p class='ocr_par' dir='ltr' id='par_1_120' title="bbox 409 5635 1255 5781">
     <span class='ocr_line' id='line_1_121' title="bbox 409 5635 1255 5765; baseline 0 -72"><span class='ocrx_word' id='word_1_911' title='bbox 409 5640 506 5721; x_wconf 57' lang='grc' dir='ltr'>Δὶ</span> <span class='ocrx_word' id='word_1_912' title='bbox 536 5635 811 5765; x_wconf 56' lang='grc' dir='ltr'>γὰέἒὶστιν</span> <span class='ocrx_word' id='word_1_913' title='bbox 854 5635 942 5743; x_wconf 38' lang='grc' dir='ltr'>ς,</span> <span class='ocrx_word' id='word_1_914' title='bbox 1013 5636 1055 5670; x_wconf 67' lang='grc' dir='ltr'>τί</span> <span class='ocrx_word' id='word_1_915' title='bbox 1084 5635 1201 5712; x_wconf 64' lang='grc' dir='ltr'>ἵνα]</span> <span class='ocrx_word' id='word_1_916' title='bbox 1240 5640 1255 5693; x_wconf 84' lang='grc'>.1</span> 
     </span>
     <span class='ocr_line' id='line_1_122' title="bbox 409 5705 1255 5781; baseline 0 -17"><span class='ocrx_word' id='word_1_917' title='bbox 409 5726 574 5764; x_wconf 86' lang='grc' dir='ltr'>τουτο</span> <span class='ocrx_word' id='word_1_918' title='bbox 882 5709 901 5744; x_wconf 78' lang='grc'>⁵</span> <span class='ocrx_word' id='word_1_919' title='bbox 948 5711 1070 5778; x_wconf 89' lang='grc' dir='ltr'>Ησ.]</span> <span class='ocrx_word' id='word_1_920' title='bbox 1106 5709 1161 5777; x_wconf 89' lang='lat'>9,</span> <span class='ocrx_word' id='word_1_921' title='bbox 1200 5710 1255 5764; x_wconf 88' lang='grc'><strong>6.</strong></span> 
     </span>
    </p>
   </div>
   <div class='ocr_carea' id='block_1_121' title="bbox 2064 5560 2899 5637">
    <p class='ocr_par' dir='ltr' id='par_1_121' title="bbox 2064 5560 2899 5637">
     <span class='ocr_line' id='line_1_123' title="bbox 2064 5560 2899 5637; baseline 0 0"><span class='ocrx_word' id='word_1_922' title='bbox 2064 5561 2295 5637; x_wconf 47' lang='lat' dir='ltr'>“una?</span> <span class='ocrx_word' id='word_1_923' title='bbox 2334 5561 2681 5637; x_wconf 50' lang='lat' dir='ltr'>Antig;</span> <span class='ocrx_word' id='word_1_924' title='bbox 2771 5560 2899 5637; x_wconf 72' lang='grc' dir='ltr'>⁶⁹.ἥ</span> 
     </span>
    </p>
   </div>
   <div class='ocr_carea' id='block_1_122' title="bbox 922 5633 2552 5712">
    <p class='ocr_par' dir='ltr' id='par_1_122' title="bbox 922 5633 2552 5712">
     <span class='ocr_line' id='line_1_124' title="bbox 922 5633 2552 5712; baseline -0.002 -21"><span class='ocrx_word' id='word_1_925' title='bbox 922 5677 941 5712; x_wconf 48' lang='grc' dir='ltr'><strong><em>τ</em></strong></span> <span class='ocrx_word' id='word_1_926' title='bbox 1013 5636 1055 5670; x_wconf 81' lang='grc'>⁷¹</span> <span class='ocrx_word' id='word_1_927' title='bbox 1084 5633 1580 5712; x_wconf 25' lang='grc' dir='ltr'>’ίνα]Α.ΙΟδ-ι;.-χνιι,</span> <span class='ocrx_word' id='word_1_928' title='bbox 1603 5633 1701 5694; x_wconf 65' lang='grc'><strong>21.</strong></span> <span class='ocrx_word' id='word_1_929' title='bbox 1737 5711 1743 5712; x_wconf 16' lang='grc' dir='ltr'><em>γ</em></span> <span class='ocrx_word' id='word_1_930' title='bbox 1778 5637 1826 5673; x_wconf 73' lang='grc'>⁷⁸</span> <span class='ocrx_word' id='word_1_931' title='bbox 1925 5633 2095 5712; x_wconf 65' lang='grc' dir='ltr'>ςπᾴτερ</span> <span class='ocrx_word' id='word_1_932' title='bbox 2257 5633 2437 5707; x_wconf 79' lang='grc' dir='ltr'>ὥσπερ</span> 
     </span>
    </p>
   </div>
   <div class='ocr_carea' id='block_1_123' title="bbox 2946 5561 3505 5648">
    <p class='ocr_par' dir='ltr' id='par_1_123' title="bbox 2946 5561 3505 5648">
     <span class='ocr_line' id='line_1_125' title="bbox 2946 5561 3505 5648; baseline 0 -31"><span class='ocrx_word' id='word_1_933' title='bbox 2946 5561 3101 5648; x_wconf 46' lang='grc' dir='ltr'>οὑσὲι</span> <span class='ocrx_word' id='word_1_934' title='bbox 3141 5561 3390 5648; x_wconf 57' lang='grc' dir='ltr'>σύνθετος</span> <span class='ocrx_word' id='word_1_935' title='bbox 3423 5562 3505 5647; x_wconf 57' lang='grc' dir='ltr'>ς’.</span> 
     </span>
    </p>
   </div>
   <div class='ocr_carea' id='block_1_124' title="bbox 3624 5563 3813 5638">
    <p class='ocr_par' dir='ltr' id='par_1_124' title="bbox 3624 5563 3813 5638">
     <span class='ocr_line' id='line_1_126' title="bbox 3624 5563 3813 5638; baseline 0 0"><span class='ocrx_word' id='word_1_936' title='bbox 3624 5563 3676 5638; x_wconf 68' lang='lat'>‘°_</span> <span class='ocrx_word' id='word_1_937' title='bbox 3702 5565 3813 5638; x_wconf 74' lang='grc' dir='ltr'>Γάρ</span> 
     </span>
    </p>
   </div>
   <div class='ocr_carea' id='block_1_125' title="bbox 2639 5633 3112 5710">
    <p class='ocr_par' dir='ltr' id='par_1_125' title="bbox 2639 5633 3112 5710">
     <span class='ocr_line' id='line_1_127' title="bbox 2639 5633 3112 5710; baseline 0.008 -22"><span class='ocrx_word' id='word_1_938' title='bbox 2712 5634 3000 5710; x_wconf 59' lang='grc' dir='ltr'>χενόμενον</span> <span class='ocrx_word' id='word_1_939' title='bbox 3032 5635 3112 5710; x_wconf 94' lang='grc'>.</span> 
     </span>
    </p>
   </div>
   <div class='ocr_carea' id='block_1_126' title="bbox 3216 5631 3811 5694">
    <p class='ocr_par' dir='ltr' id='par_1_126' title="bbox 3216 5631 3811 5694">
     <span class='ocr_line' id='line_1_128' title="bbox 3216 5631 3811 5694; baseline 0.01 -5"><span class='ocrx_word' id='word_1_940' title='bbox 3216 5634 3263 5670; x_wconf 77' lang='lat'>7‘</span> <span class='ocrx_word' id='word_1_941' title='bbox 3291 5631 3465 5690; x_wconf 81' lang='grc' dir='ltr'>ταῦτᾶ</span> <span class='ocrx_word' id='word_1_942' title='bbox 3497 5631 3556 5688; x_wconf 73' lang='grc' dir='ltr'>δὲ</span> <span class='ocrx_word' id='word_1_943' title='bbox 3589 5635 3681 5690; x_wconf 74' lang='grc' dir='ltr'>καὶ</span> <span class='ocrx_word' id='word_1_944' title='bbox 3715 5631 3811 5694; x_wconf 53' lang='grc' dir='ltr'>ΑΞ</span> 
     </span>
    </p>
   </div>
   <div class='ocr_carea' id='block_1_127' title="bbox 1331 5705 3124 5787">
    <p class='ocr_par' dir='ltr' id='par_1_127' title="bbox 1331 5705 3124 5787">
     <span class='ocr_line' id='line_1_129' title="bbox 1331 5705 3124 5787; baseline 0.001 -24"><span class='ocrx_word' id='word_1_945' title='bbox 1331 5710 1376 5746; x_wconf 73' lang='grc'>⁷⁸</span> <span class='ocrx_word' id='word_1_946' title='bbox 1404 5705 1579 5768; x_wconf 73' lang='lat' dir='ltr'>Joan.</span> <span class='ocrx_word' id='word_1_947' title='bbox 1615 5726 1655 5780; x_wconf 87' lang='grc' dir='ltr'>ι,</span> <span class='ocrx_word' id='word_1_948' title='bbox 1688 5711 1772 5767; x_wconf 78' lang='grc'><strong>14.</strong></span> <span class='ocrx_word' id='word_1_949' title='bbox 1853 5711 1895 5746; x_wconf 76' lang='grc'>’⁷⁷</span> <span class='ocrx_word' id='word_1_950' title='bbox 1920 5706 2007 5764; x_wconf 79' lang='grc' dir='ltr'>ἐπὶ</span> <span class='ocrx_word' id='word_1_951' title='bbox 2038 5709 2164 5787; x_wconf 81' lang='grc' dir='ltr'>γῆς]</span> <span class='ocrx_word' id='word_1_952' title='bbox 2190 5709 2321 5767; x_wconf 87' lang='lat' dir='ltr'>Bar.</span> <span class='ocrx_word' id='word_1_953' title='bbox 2352 5705 2438 5779; x_wconf 79' lang='grc' dir='ltr'>ιιι,</span> <span class='ocrx_word' id='word_1_954' title='bbox 2468 5705 2557 5763; x_wconf 82' lang='grc'>38.</span> <span class='ocrx_word' id='word_1_955' title='bbox 2633 5705 2682 5745; x_wconf 78' lang='grc'>’⁸⁸</span> <span class='ocrx_word' id='word_1_956' title='bbox 2710 5705 2852 5764; x_wconf 63' lang='lat' dir='ltr'>Gen;</span> <span class='ocrx_word' id='word_1_957' title='bbox 2883 5724 3005 5777; x_wconf 80' lang='lat' dir='ltr'>vni,</span> <span class='ocrx_word' id='word_1_958' title='bbox 3040 5705 3124 5765; x_wconf 72' lang='grc'><strong>12.</strong></span> 
     </span>
    </p>
   </div>
  </div>
