4138 6228
368 372 485 435 993

1448 371 1996 435 BIBLIOTHECA.
2047 406 2122 419 —
2166 375 2345 438 COD.
2389 377 2697 442 CCXXIX.

3660 378 3777 453 994

368 522 457 593 τὸ,
505 520 836 592 ἐσκήνωσεν,
880 520 1206 577 ἀναπτύσσει
1263 524 1556 599 σαφήνειαν
1623 524 1763 579 εἶναι
1810 526 1907 578 τοῦ
1961 525 2020 579 Ὀ

2136 517 2259 570 tum
2301 527 2429 569 esse
2471 515 2639 585 ejus:
2676 516 2919 573 Verbum
2956 534 3082 574 caro
3122 522 3334 591 factum
3365 531 3463 590 est,
3497 528 3555 580 et
3583 539 3782 597 repre-

369 611 547 686 Λόγος
598 609 726 684 σὰρξ
783 608 1009 686 ἐγένετο,
1051 608 1142 664 καὶ
1192 607 1425 686 ἔλεγχον
1480 616 1587 668 τῶν
1633 613 1845 687 τροπήν
1905 630 2024 667 τινα

368 700 458 755 καὶ
516 698 821 756 ἀλλοίωσιν
875 703 973 754 τοῦ
1033 700 1210 775 Λόγου
1272 698 1593 773 μελλόντων
1663 704 2019 779 κατηγορεῖν.

369 790 499 862 [805
542 790 636 861 Η.]
688 789 782 842 Καὶ
843 786 943 863 γὰρ
1004 786 1170 843 εἰπὼν
1211 788 1239 843 ὁ
1288 788 1696 865 εὐαγγελιστὴς·
1747 791 1809 847 Ὀ
1849 789 2018 864 λόγος

369 876 497 951 σὰρξ
556 876 785 951 ἐγένετο,
854 876 1009 941 εὐθὺς
1073 880 1295 950 συνῆψε,
1384 879 1484 935 Καὶ
1578 877 1881 951 ἐσκήνωσεν
1964 876 2018 933 ἐν

367 963 528 1039 ἡμὶν,
596 967 698 1035 τήν
750 985 810 1019 τε
856 963 932 1027 εἷς
986 963 1111 1037 μίαν
1168 966 1461 1022 ὑπόστασιν
1520 965 1745 1022 σύνοδον
1799 966 1890 1021 καὶ
1956 966 2019 1021 τὸ

368 1048 754 1126 ἀμετάϐλητον
804 1061 904 1123 τῆς
952 1055 1001 1091 ’³9
1057 1056 1309 1131 ἑκατέρας
1361 1056 1571 1133 φύσεως
1639 1055 1709 1111 δι’
1766 1054 2019 1131 ἑκατέρας

368 1141 735 1199 ἔκοδιδασκων
786 1150 993 1222 φωνῆς.
1045 1142 1200 1200 eam
1241 1146 1305 1200 τὸ
1345 1146 1547 1221 Λόγιον
1580 1147 1884 1218 θεωρήσας,
1923 1142 2016 1199 τόν

2133 602 2470 661 hensionem
2486 606 2866 665 mutationem
2884 613 3056 680 atque
3072 609 3474 671 alterationem
3484 615 3658 671 Verbi
3680 633 3775 675 ac-

2131 693 2444 750 ousaturis.
2478 694 2629 752 Dicit
2668 697 2824 753 enim
2858 698 3249 770 evangelista:
3282 702 3511 759 Verbum
3539 719 3665 762 caro
3693 709 3778 777 la-

2128 788 2274 837 etum
2288 791 2385 853 est,
2400 784 2596 841 statim
2619 785 2838 854 subdit,
2854 786 3205 843 Ethabz'tavt't
3224 791 3284 844 in
3304 790 3460 846 nobis
3471 811 3491 858 ;
3509 792 3568 847 in
3596 809 3773 850 unam

2132 886 2439 942 personam
2469 880 2838 944 conventum,
2864 880 2918 932 et
2941 876 3075 932 inde
3100 870 3439 935 mutabilem
3474 884 3782 953 utramque

2129 968 2399 1015 naturam
2451 966 2693 1032 utraque
2740 963 3037 1034 explicans
3067 981 3222 1023 voce.
3279 966 3375 1024 Sic
3406 967 3770 1040 Scripturam

2129 1049 3071 1120 contemplatus,Ghrysostomum
3089 1058 3292 1111 testem
3308 1056 3623 1124 adhibet,et
3640 1076 3781 1130 pras-

2132 1147 2283 1196 terea
2293 1137 2591 1210 Cyrillum,
2607 1141 3016 1209 Athanasium,
3031 1142 3375 1215 Gregorium
3390 1146 3751 1220 Theologum
3768 1191 3782 1207 .

367 1254 426 1290 τε
477 1233 878 1308 Χρυσόστομου
949 1231 1192 1307 μάρτυρα
1256 1231 1415 1289 καλεῖ
1477 1235 1566 1288 καὶ
1632 1232 1723 1288 σὺν
1799 1232 1947 1306 αὑτῷ
1987 1226 2266 1304 Κύριλλον
2334 1224 2422 1280 καὶ
2485 1225 2800 1284 ’Δθανάσιον
2836 1227 2927 1283 καὶ
2984 1229 3077 1283 τὸν
3134 1230 3400 1305 Θεολόγον
3442 1233 3777 1308 Γρηγόριον,

369 1320 770 1399 παραπλησίως
798 1322 862 1377 τὸ
889 1320 1053 1398 ῥητὸν
1088 1321 1465 1393 ἐννοήσαντας.

445 1415 693 1472 Κάκεῖθεν
762 1411 927 1469 πάλιν
982 1414 1217 1491 παράγει
1270 1415 1430 1490 ῥητὰ,
1490 1417 1562 1471 ὧν
1641 1416 1853 1489 Δόμνος
1927 1412 2016 1469 καὶ

369 1505 630 1574 Ἰωάννης
658 1505 993 1580 γεννήτορες,
1026 1503 1115 1558 καὶ
1147 1501 1413 1559 δείκνυσιν
1446 1505 1642 1570 αὑτοὺς
1696 1504 1769 1562 δι’
1815 1507 2017 1561 ἑαυτῶν

366 1593 456 1649 καὶ
502 1595 728 1653 ἄκοντας
772 1590 1067 1669 ὁμολογεῖν
1127 1591 1177 1647 ἐν
1225 1593 1341 1655 τοὶς
1386 1592 1667 1657 πλείστοις
1706 1595 1738 1651 ἃ
1776 1595 1865 1651 καὶ
1896 1596 1931 1665 ἡ
1959 1595 2013 1650 ὶν

367 1679 692 1758 Καλχηδόνι
721 1679 938 1752 ἐδόξασε
969 1679 1214 1753 συνόδος,
1244 1683 1335 1738 καὶ
1370 1684 1547 1758 μάτην
1577 1685 1773 1748 αὐτοὺς
1810 1685 2014 1756 ταύτην

366 1772 733 1847 ἐκτρέπεσθαι.
785 1772 861 1829 Τὸ
913 1767 1098 1845 μέντοι
1152 1769 1328 1848 λέγειν
1372 1772 1430 1828 ὲκ
1478 1771 1574 1828 δύο
1627 1775 1835 1852 φύσεων
1878 1778 2012 1829 εἶναι

367 1860 458 1915 τὸν
491 1860 687 1936 Κύριον
720 1862 880 1934 ἡμῶν
913 1862 1123 1931 Ἰησοῦν
1158 1863 1289 1936 [422
1465 1863 1698 1937 Χριστὸν
1748 1864 1854 1938 πρὸ
1910 1870 2010 1933 τῆς

366 1950 610 2012 ἐνώσεως
663 1948 947 2013 παντελῶς
1013 1948 1233 2026 ἒλὲγχει
1288 1952 1421 2026 μετὰ
1473 1959 1575 2021 τῆς
1631 1949 1878 2015 ἀσεϐείας
1924 1955 2015 2009 καὶ

364 2039 587 2118 ἄλογον.
620 2040 682 2095 ’Π
737 2039 831 2114 μὲν
876 2039 983 2114 γὰρ
1032 2043 1129 2094 τοῦ
1178 2041 1360 2117 Λόγου
1410 2040 1566 2117 φύσις
1614 2041 1718 2112 ἀεὶ,
1761 2044 1899 2097 καθά
1925 2044 2016 2098 καὶ

369 2131 505 2203 μετὰ
560 2129 661 2197 τήν
708 2128 1118 2203 ἑνανθρώπησιν
1149 2129 1220 2196 ⁸ο,
1270 2126 1537 2192 συναΐδιος
1583 2129 1673 2186 καὶ
1715 2131 2015 2205 ὁμοούσιος

368 2219 587 2295 ὑπῆρχε
611 2223 690 2292 τῷ
730 2217 902 2294 Πατρί
936 2237 949 2250 ·
984 2220 1019 2288 ἡ
1074 2215 1133 2273 δὲ
1176 2219 1307 2294 σὰρξ
1349 2216 1502 2274 οὔπω
1549 2218 1628 2293 τῷ
1684 2220 1850 2296 Λόγῳ
1899 2242 2021 2277 συν-

369 2310 594 2383 αφθεῖσα
624 2304 752 2364 οὐδὲ
788 2328 897 2363 των
932 2307 1292 2383 ὑπαρχόντων
1335 2306 1481 2371 ὅλως
1521 2310 1609 2378 ἦν.
1663 2313 1789 2373 Πῶς
1827 2307 1919 2365 οὖν
1971 2310 2016 2365 εἰ

371 2398 450 2470 μή
498 2418 579 2459 τις
626 2390 810 2453 ἕλοιτο
856 2396 1136 2471 Χεστορίῳ
1189 2393 1519 2466 συνασεϐεῖν,
1570 2398 1629 2453 ἐκ
1677 2396 1774 2453 δύο
1805 2399 2016 2476 φύσεων

366 2489 461 2542 τὸν
502 2487 706 2561 Κύριον
752 2487 860 2563 πρὸ
905 2492 1007 2557 τῆς
1056 2484 1519 2562 ἐνανθρωπήσεως
1561 2488 1597 2558 ἢ
1648 2493 1790 2544 νοεῖν
1834 2488 1869 2557 ἢ
1920 2487 2020 2545 λέ-

365 2599 478 2653 γειν
525 2574 786 2646 δυνατόν;
834 2576 897 2631 τὸ
949 2577 1132 2649 μέντοι
1180 2598 1238 2651 γε
1285 2578 1421 2651 μετὰ
1474 2577 1574 2645 τὴν
1606 2576 1794 2633 ἕνωσιν
1840 2576 2020 2653 λέγειν

368 2665 427 2721 ἑκ
484 2663 580 2720 δύο
637 2665 871 2742 φύσεων,
932 2663 1113 2739 ὥσπερ
1178 2663 1268 2720 καὶ
1335 2664 1388 2720 ἐν
1439 2663 1580 2735 δυσὶ,
1633 2667 1725 2721 τὸν
1783 2668 2018 2741 Χριστὸν

370 2758 590 2830 θεωρεῖν
642 2748 857 2818 εὐσεϐὲς
912 2775 971 2810 τε
1025 2754 1262 2809 καὶτῶν
1312 2752 1618 2829 όρθοδόξων
1664 2755 1937 2831 φρόνημα,
1986 2756 2016 2810 ’ὁ

368 2844 459 2898 καὶ
484 2845 519 2912 ἠ
562 2842 613 2897 ἐν
650 2839 965 2913 Χαλκηδόνι
999 2837 1322 2916 ἐπρέσϐευσε
1360 2840 1587 2906 σύνοδος
1630 2864 1642 2877 ·
1698 2844 1750 2898 ἐν
1802 2844 2019 2916 θεότητι

365 2933 470 3008 γὰρ
508 2930 718 2987 τέλειον
763 2931 852 2986 τὸν
901 2933 1134 3001 Χριστὸν
1175 2931 1266 2986 καὶ
1314 2932 1442 2986 Θεὸν
1496 2934 1655 3004 ἡμῶν
1698 2933 1785 2987 καὶ
1833 2932 1884 2986 ἐν
1924 2932 2016 2988 ἂν·

368 3020 686 3096 θρωπότητι
743 3027 953 3096 τρανῶς
1015 3021 1361 3096 ἀνεκήρυξεν.
1420 3021 1487 3078 Εἰ
1547 3018 1604 3077 δέ
1664 3042 1748 3085 τις
1825 3021 2020 3097 μέρους

368 3117 477 3167 τῶν
525 3111 633 3166 ἀπὸ
687 3105 936 3184 Σεϐήρου
996 3111 1129 3188 φαίη
1181 3111 1256 3172 ὡς
1316 3110 1436 3164 εἰει
1487 3109 1583 3166 δύο
1633 3113 1819 3190 φύσεις
1857 3110 1910 3166 ἐν
1942 3116 2020 3184 τῷ

2199 1410 2346 1466 Hinc
2375 1425 2606 1466 rursum
2634 1409 2789 1466 dicta
2815 1409 3000 1479 aﬂ‘ert,
3030 1429 3277 1485 quorum
3313 1417 3581 1472 auctores
3596 1415 3777 1474 Dom-

2125 1516 2239 1556 nus
2265 1504 2321 1556 et
2357 1498 2546 1556 2501)
2590 1500 2868 1565 Joannes,
2900 1505 2958 1557 et
3004 1503 3258 1559 ostendit
3313 1504 3474 1576 ipsos
3533 1522 3636 1576 per
3691 1523 3777 1577 se,

2125 1588 2300 1645 etiam
2349 1588 2586 1655 invitos,
2639 1590 2804 1644 fateri
2853 1588 3008 1645 inter
3057 1590 3293 1662 multos,
3326 1610 3453 1664 quzs
3498 1594 3558 1649 in
3608 1612 3779 1652 sacra

2124 1677 2582 1734 Chalcedonensi
2612 1678 2832 1751 synodo
2868 1680 3093 1735 decreta
3122 1686 3280 1747 sunt,
3318 1689 3373 1737 et
3403 1687 3621 1740 temere
3652 1684 3775 1743 haec

2123 1768 2281 1838 ipsos
2307 1764 2617 1823 invertere.
2640 1764 2791 1822 Illud
2814 1767 3052 1839 quidem
3084 1784 3366 1840 asserere,
3389 1772 3581 1827 Jesum
3607 1772 3773 1829 Chri-

2123 1860 2278 1911 stum
2309 1870 2341 1910 e
2371 1855 2597 1910 duabus
2646 1855 2871 1912 naturis
2921 1866 3183 1913 constare
3230 1858 3399 1914 etiam
3441 1868 3573 1917 ante
3604 1861 3773 1918 unio-

2126 1958 2282 2013 nem,
2314 1941 2564 2014 impium
2619 1944 2855 2015 penitus
2884 1950 2943 2000 et
2971 1945 3295 2002 absurdum
3333 1962 3461 2004 esse
3491 1950 3772 2009 declarat.

2127 2035 2369 2105 Semper
2410 2036 2565 2090 enim
2597 2037 2774 2092 Verbi
2807 2040 3019 2093 natura
3047 2042 3105 2094 et
3131 2039 3311 2095 veluti
3342 2045 3473 2111 post
3502 2042 3776 2099 incarna-

2126 2123 2345 2180 tionem
2376 2128 2663 2181 coeterna
2692 2125 2849 2180 Patri
2880 2129 2939 2182 et
2967 2127 3483 2184 consubstantialis
3513 2130 3642 2187 fuit.
3666 2131 3775 2188 Sed

2129 2228 2431 2285 nunquam
2470 2228 2602 2269 caro
2649 2212 2840 2270 Verbo
2870 2213 3054 2281 unita,
3087 2231 3271 2287 neque
3319 2217 3776 2275 subsistentium

2127 2302 2348 2375 integre
2378 2304 2518 2358 erat.
2553 2304 2849 2370 Quomodo
2880 2302 3077 2375 igitur,
3109 2305 3224 2361 nisi
3255 2305 3389 2377 quis
3414 2322 3548 2363 cum
3576 2309 3780 2365 Nesto-

2129 2391 2214 2446 rio
2244 2390 2478 2459 sentiat,
2506 2391 2626 2448 ﬁeri
2651 2395 2845 2462 potest
2866 2408 2897 2447 e
2918 2393 3149 2449 duabus
3180 2394 3425 2463 naturis,
3455 2400 3772 2468 antequam

2130 2481 2546 2550 incarnaretur,
2580 2479 2892 2536 Dominum
2943 2481 3197 2553 cogitare
3227 2482 3311 2538 vel
3344 2483 3574 2540 dicere:
3609 2486 3772 2556 pium

2130 2569 2368 2641 quidem
2400 2572 2555 2625 estet
2573 2569 2958 2625 orthodoxam
2979 2574 3109 2641 post
3133 2570 3407 2627 unionem
3423 2572 3550 2641 jam
3573 2588 3605 2627 e
3625 2573 3773 2628 dua-

2133 2657 2238 2713 bus
2291 2656 2519 2712 naturis
2563 2656 2777 2712 factum
2829 2657 3041 2725 dicere,
3092 2660 3588 2729 quemadmodum
3638 2675 3773 2716 eum

2131 2746 2406 2801 vidimus.
2427 2745 2543 2800 Hoc
2564 2750 2623 2801 et
2644 2751 3081 2802 sacrosanctum
3114 2747 3428 2803 concilium
3459 2748 3772 2805 Chalcedo-

2134 2851 2312 2890 nense
2350 2834 2679 2903 conﬁrmat,
2713 2835 2866 2891 clare
2907 2840 2963 2891 et
3004 2836 3300 2891 evidenter
3345 2836 3682 2902 ostendens,
3713 2837 3775 2894 in

2131 2923 2428 2980 divinitate
2458 2924 2776 2995 perfectum
2807 2923 3100 2980 Christum
3133 2932 3185 2980 et
3217 2925 3274 2980 in
3304 2924 3679 2982 humanitate.
3711 2925 3772 2982 Si

2133 3012 2265 3084 quis
2323 3028 2492 3084 porro
2540 3011 2889 3069 Severianus
2949 3012 3159 3068 dixerit
3210 3014 3354 3069 duas
3415 3018 3656 3069 naturas
3708 3013 3769 3069 in

2130 3101 2357 3156 Christo
2388 3101 2537 3157 duas
2580 3117 2861 3174 personas
2911 3101 3285 3167 constituere,
3320 3108 3375 3157 et
3405 3101 3773 3174 hypostases,

367 3203 620 3276 Χριστῷ,
670 3201 757 3255 καὶ
810 3200 1076 3275 πρόσωπα
1117 3198 1214 3255 δύο
1262 3197 1411 3255 ἔσται
1466 3203 1511 3238 ⁸³
1565 3201 1657 3256 καὶ
1701 3201 2020 3266 ὑποστάσεις

2134 3199 2338 3247 natura
2366 3190 2523 3246 enim
2555 3192 2678 3246 sine
2708 3204 2956 3262 persona
2985 3206 3102 3246 non
3132 3196 3240 3257 est,
3264 3205 3451 3261 neque
3480 3206 3597 3246 non
3638 3190 3775 3245 sub-

369 3289 552 3368 (φύσις
584 3289 688 3365 γὰρ
719 3288 820 3343 οὑκ
860 3284 1001 3344 ἔστιν
1061 3288 1390 3363 διπρόσωπος
1434 3286 1562 3346 οὑδὲ
1610 3289 2019 3365 ἀνυπόστατος),

370 3378 602 3435 ἴστωσαν
655 3378 737 3434 ὅτι
789 3383 884 3434 τοῦ
932 3379 1142 3456 Πατρὸς
1205 3379 1382 3435 αὐτῶν
1438 3381 1537 3449 τήν
1616 3380 2020 3456 ἀσχημοσύνην

367 3469 834 3531 ἀνακαλύπτοντες
883 3468 984 3523 οὑκ
1036 3467 1380 3524 αἲσθάνονται
1433 3487 1446 3499 ·
1508 3470 1596 3525 καὶ
1647 3470 1748 3546 γὰρ
1795 3469 1884 3525 καὶ
1914 3478 2014 3525 Σε-

370 3558 547 3636 ϐἧρος
594 3560 656 3615 τὸ
704 3559 764 3614 ἐκ
814 3556 909 3614 δύο
962 3558 1172 3638 φύσεων
1224 3557 1427 3635 λέγων·
1462 3560 1521 3616 ἐκ
1570 3558 1666 3614 δύο
1706 3561 2015 3636 προσώπων

368 3650 460 3704 καὶ
508 3645 605 3703 δύο
656 3648 1003 3703 ὑποστάσεων
1050 3650 1141 3703 τὸν
1182 3650 1413 3723 Χριστὸν
1472 3648 1571 3704 οὐκ
1627 3648 1845 3724 ἐρυθριᾷ
1893 3670 2019 3703 συν-

367 3739 578 3792 τιθέναι
622 3738 711 3792 καὶ
764 3736 1170 3814 ἀποφαίνεσθαι.
1216 3736 1369 3806 Πλήν
1419 3734 1615 3793 εἰδέναι
1667 3759 1730 3814 γε
1776 3740 1888 3814 χρή
1942 3738 2016 3801 ὡς

369 3824 563 3882 πολλά
628 3830 737 3881 τῶν
792 3825 844 3880 ἐν
894 3830 1011 3888 τοῖς
1063 3823 1182 3880 οὖσι
1229 3825 1389 3902 φύσις
1445 3826 1542 3899 μευ
1620 3826 1860 3901 λέγεται,
1922 3826 2021 3882 οὐκ

372 3915 423 3989 ἐξ
489 3914 734 3990 ἀνάγκης
793 3912 850 3969 δὲ
932 3916 1231 3991 συνεισάγει
1288 3914 1377 3970 καὶ
1434 3913 1751 3989 πρόσωπον,
1838 3914 2019 3992 ὥσπερ

370 4002 530 4082 φύσις
588 4001 781 4066 ὕδατος
838 4002 926 4059 καὶ
986 4005 1141 4080 φύσις
1191 4004 1359 4079 ὀργῆς
1408 4004 1496 4059 καὶ
1554 4002 1711 4083 φύσις
1768 4004 2019 4078 πολέμου

368 4093 464 4148 καὶ
499 4095 684 4169 μάχης
719 4115 731 4125 '
765 4097 870 4149 ποῦ
898 4095 1001 4170 γάρ
1031 4114 1114 4156 τις
1142 4097 1253 4149 τῶν
1285 4093 1585 4169 εἰρημένων
1638 4094 1786 4162 ποτὲ,
1839 4092 2020 4171 ὥσπερ

375 4182 492 4237 εἶπε
548 4180 728 4261 φύσιν,
788 4181 935 4238 οὕτω
992 4185 1078 4238 καὶ
1140 4184 1448 4258 πρώσωπον
1510 4181 1864 4255 ἀπελήρησε;
1932 4183 2022 4238 καὶ

370 4271 541 4326 πάλιν
590 4271 743 4347 φύσιν
797 4272 892 4345 μὲι
947 4275 1133 4348 ψυχῆς
1181 4271 1271 4327 καὶ
1321 4271 1477 4350 φύσιν
1514 4293 1771 4346 σωματος
1798 4271 2020 4329 ἕκαστον

372 4365 485 4416 τῶν
514 4360 817 4436 ἀνθρώπων
849 4359 996 4441 ἔχειν
1028 4360 1264 4438 λε’(ομεν
1300 4379 1312 4393 ·
1348 4361 1641 4437 πρόσωπον
1674 4360 1732 4417 δὲ
1761 4365 1946 4437 ψυχῆς
1986 4362 2021 4432 ἢ

373 4450 672 4526 πρόρῶπον
731 4451 1006 4524 σώματος,
1050 4451 1086 4521 ἢ
1143 4453 1329 4526 ψυχῆς
1390 4452 1680 4507 ὑπόστασιν
1740 4450 1777 4520 ἢ
1836 4451 2028 4526 σώμα-

368 4559 468 4602 τος
500 4536 616 4593 οὐδ’
652 4542 812 4611 μῦθοι
838 4538 1235 4595 ἀνεπλάσαντο.

448 4630 549 4686 Οτι
583 4627 640 4684 δὲ
669 4625 765 4684 δύο
802 4630 1011 4706 φύσεων
1045 4628 1233 4684 ἕνωσιν
1282 4627 1372 4683 καί
1416 4630 1540 4700 μίαν
1594 4630 1884 4684 ὑπόστασιν
1934 4629 2025 4685 καὶ

373 4719 676 4793 πρόσωπον
702 4718 758 4773 ἓν
792 4717 1095 4796 ὁμολογεῖν
1118 4722 1215 4773 τοῦ
1238 4718 1405 4794 ὀρθοῦ
1428 4718 1780 4797 φρονήματός
1800 4717 1912 4775 ἐστι
1935 4722 2027 4776 καὶ

370 4813 485 4862 τῶν
539 4809 790 4881 Πατὲρων
842 4809 1123 4883 κηρύγμα,
1173 4808 1427 4877 Ἰωάννης
1480 4810 1574 4881 μὲν
1631 4809 1659 4863 ὁ
1716 4809 2029 4883 Χρυσόστο-

377 4917 510 4972 μσς,
560 4897 624 4952 τὸ
681 4898 816 4952 κατὰ
868 4897 1120 4967 Ἰωάννην
1167 4897 1511 4952 ἐναπτύσσων
1571 4896 1931 4975 Εύαγγέλιον,
1977 4898 2029 4954 ἐν

371 4982 632 5059 ἑνδεκάτῃ
678 4984 874 5060 ὁμιλίᾳ
926 4992 1210 5062 μαρτυρεῖ,
1271 4985 1467 5062 λέγων.
1537 4988 1758 5044 Ἐνώσει
1816 4988 1907 5042 καὶ
1958 4992 2027 5061 τῇ

372 5074 640 5150 συναφεῖᾳ
665 5071 720 5131 ἓν
744 5074 885 5131 ἐστιν
918 5077 947 5131 ὁ
977 5076 1106 5139 Θεὸς
1141 5075 1318 5153 Λόγος
1359 5076 1452 5131 λαὶ
1503 5077 1537 5146 ἡ
1589 5076 1738 5151 σὰρξ,
1784 5077 1852 5131 οὐ
1905 5097 2027 5151 συγ-

372 5165 600 5242 χύσεως
676 5163 977 5240 γενομένης
1071 5161 1195 5219 οὐδὲ
1260 5165 1567 5242 ἀφανισμοῦ
1621 5168 1727 5219 τῶν
1807 5164 2026 5219 οὐσιῶν.

368 5252 487 5312 Καὶ
516 5251 792 5327 Κύριλλος
824 5250 882 5307 δὲ
920 5252 972 5307 ἐν
1004 5255 1073 5326 τῇ
1121 5253 1258 5324 πρὸς
1307 5253 1695 5314 Ἀνατολικοὺς
1743 5251 2029 5327 ἐπιστολῇ.

373 5344 482 5403 Εἷς
527 5341 628 5417 γάρ
674 5341 874 5417 Κύριος
920 5343 1129 5414 Ἰησοῦς
1176 5343 1425 5417 Χριστὸς,
1475 5342 1571 5397 κᾶν
1614 5345 1649 5412 ἡ
1679 5347 1786 5397 τῶν
1817 5340 2029 5416 φύσεων

378 5433 462 5507 μή
497 5430 759 5508 ἀγνοῆται
790 5427 1046 5507 διαφορά.
1078 5431 1182 5490 Καὶ
1225 5428 1558 5509 Ἀμῦρόσιος
1608 5432 1636 5487 ὁ
1675 5426 2033 5490 Μιδιολάνων

372 5523 431 5579 ἰν
466 5524 550 5592 τῷ
589 5518 641 5576 ἐν
673 5520 802 5596 Περὶ
832 5520 1238 5595 ἀνύρωπήσεως
1270 5520 1443 5601 λόγῳ·
1479 5522 1626 5584 Τοὺς
1668 5517 1726 5577 δὲ
1768 5520 1845 5595 μὴ
1896 5521 2031 5594 ὁμο-

2133 3280 2347 3337 sistens
2373 3296 2387 3334 :
2411 3279 2599 3336 sciant
2619 3280 2809 3335 Patris
2841 3279 2932 3335 sui
2962 3277 3392 3351 impudentiam
3416 3279 3779 3335 absconden—

2130 3374 2239 3435 tes,
2263 3384 2377 3425 non
2411 3376 2601 3425 tamen
2633 3384 2859 3440 sapere.
2882 3369 3102 3425 Etenim
3124 3372 3366 3425 Severus
3399 3383 3515 3425 non
3545 3367 3779 3425 erubuit

2123 3473 2410 3530 exponere
2440 3462 2498 3513 et
2528 3458 2945 3527 demonstrare,
2971 3472 3001 3514 e
3033 3458 3261 3513 duabus
3292 3458 3538 3529 naturis,
3571 3473 3778 3529 perso-

2125 3550 2238 3614 nis,
2256 3547 2782 3620 hypostasibusque
2794 3547 3328 3604 duabusChristum
3343 3548 3633 3618 componi.
3648 3545 3773 3601 Nisi

2127 3639 2281 3711 quod
2315 3639 2616 3694 sciendum
2641 3639 2738 3703 sit,
2762 3637 3053 3710 sapiusin
3079 3638 3311 3692 entibus
3340 3642 3610 3693 naturam
3633 3635 3769 3703 dici,

2128 3744 2245 3785 non
2295 3727 2622 3784 necessario
2663 3731 2859 3782 tamen
2900 3726 3111 3781 adduci
3143 3732 3200 3781 et
3232 3740 3563 3796 personam,
3594 3722 3773 3779 veluti

2128 3834 2291 3888 aquas
2324 3824 2555 3884 natura,
2578 3816 2697 3882 iraa,
2727 3814 2885 3884 belli,
2911 3829 3247 3885 pugnaeque.
3274 3812 3405 3878 Ubi,
3429 3826 3641 3882 quaeso,
3666 3810 3772 3865 ali-

2130 3906 2261 3977 quis
2290 3920 2320 3961 e
2352 3904 2640 3976 praedictis
2687 3907 2752 3959 ut
2795 3890 3063 3958 naturam
3095 3902 3176 3957 ita
3210 3915 3513 3973 personam
3563 3904 3778 3954 temere

2130 3992 2486 4066 appellavit?
2513 3997 2572 4048 et
2607 4007 2863 4059 rursum,
2897 3991 3150 4047 dicimus
3199 3987 3459 4061 singulos
3506 3986 3777 4044 homines

2130 4082 2336 4138 animas
2369 4086 2660 4149 naturam,
2694 4089 2748 4137 et
2780 4084 3050 4136 naturam
3079 4078 3335 4150 corporis
3370 4077 3617 4133 habere:
3651 4074 3781 4133 ani-

2133 4188 2238 4227 mae
2289 4175 2487 4227 autem
2540 4184 2845 4242 personam
2880 4174 2938 4223 et
2964 4167 3247 4240 corporis,
3280 4166 3364 4222 vel
3394 4166 3605 4221 anima:
3637 4164 3778 4221 sub-

2133 4261 2480 4328 sistentiam,
2514 4258 2601 4315 vel
2634 4258 2891 4331 corporis
2931 4256 3166 4323 habere,
3203 4272 3273 4311 ne
3305 4254 3515 4310 tabula:
3542 4252 3780 4324 quidem

2134 4351 2443 4406 ﬁnxerunt.

2210 4619 2316 4676 Sed
2344 4619 2593 4675 duarum
2622 4620 2961 4673 naturarum
2990 4613 3289 4682 unionem,
3311 4629 3490 4670 unam
3515 4614 3791 4686 hyposta-

2140 4709 2254 4775 sin,
2286 4722 2584 4779 unamque
2614 4722 2920 4779 personam
2954 4704 3240 4771 conﬁteri,
3273 4704 3445 4775 idque
3482 4704 3641 4773 pium
3674 4706 3783 4769 est,

2138 4812 2300 4869 (eque
2332 4801 2667 4853 sanctorum
2700 4794 2931 4852 Patrum
2966 4794 3274 4850 sententia.
3305 4793 3566 4848 Joannes
3609 4790 3788 4862 Chry-

2140 4892 2431 4943 sostomus
2480 4886 2716 4958 quidem
2760 4886 3000 4941 Joannis
3052 4881 3417 4953 evangelium
3469 4895 3786 4952 exponens,

2142 4976 2451 5033 undecima
2481 4974 2718 5031 homilia
2750 4974 2834 5031 sic
2867 4974 3069 5030 habet:
3102 4971 3309 5030 Unione
3328 4977 3381 5026 et
3406 4969 3789 5040 conjunctione

2143 5068 2282 5122 Dens
2319 5066 2539 5119 Verbum
2570 5069 2621 5119 et
2652 5080 2779 5120 caro
2810 5079 2981 5119 unum
3023 5065 3173 5129 sunt,
3208 5060 3368 5114 nulla
3412 5062 3561 5129 facta
3590 5060 3789 5129 con/u-
3884 5134 3895 5141 ι

2139 5158 2313 5220 sione,
2369 5154 2633 5225 nullaque
2684 5153 3127 5208 substantiarum
3184 5151 3551 5219 corruptione.
3612 5147 3789 5218 quue

2142 5251 2388 5302 testatur
2435 5244 2493 5298 in
2537 5243 2785 5314 epistola
2827 5243 2893 5297 ad
2953 5238 3276 5296 Orientales
3320 5237 3608 5312 Cyrillus:
3647 5236 3787 5306 Etsi,

2142 5338 2658 5410 inquit,diversitas
2673 5335 2741 5390 sit
2762 5339 3095 5389 naturarum
3118 5332 3322 5403 ignota,
3343 5344 3487 5384 unus
3509 5333 3691 5384 tamen
3712 5336 3790 5384 est

2145 5428 2409 5485 Christus.
2438 5428 2502 5484 Et
2523 5423 2830 5482 Mediolani
2854 5424 2949 5481 25
2963 5424 3046 5479 ’τα
3067 5420 3276 5495 praesul
3296 5417 3644 5477 Ambrosius
3664 5434 3789 5474 ora-

2145 5518 2303 5575 tione
2335 5518 2412 5574 De
2440 5515 2874 5574 incarnatione:
2912 5515 3011 5570 Eos
3042 5517 3220 5570 autem
3254 5508 3787 5567 excommunicatio-

1736 5630 1979 5689 νΑῆῐῶ
2018 5625 2320 5686 LECTION
2326 5627 2429 5683 ES.

462 5725 511 5760 τ’
537 5725 639 5789 τῆς
681 5739 796 5781 om.
829 5726 900 5780 A.
978 5725 1023 5760 ⁸ο
1051 5721 1400 5800 ἀνθρώπησιν
1586 5723 1630 5761 δι
1663 5722 1709 5778 εἰ
1738 5724 1787 5782 Α
1823 5736 1837 5781 :
1875 5719 1928 5775 αἰ
2119 5716 2169 5754 δε
2196 5709 2339 5772 ἔσται
