4154 6218
442 281 559 342 995

1661 273 1930 334 ΡΗΟΤΙΙ
1973 273 2498 335 PATRIARCILE
2539 274 2658 337 GP.

3736 280 3848 344 996

444 415 535 472 nis
593 412 814 468 vinculo
867 409 1095 477 stringit
1153 407 1390 462 Ecclesia
1447 406 1764 477 apostolica,
1804 408 1906 476 qui
1951 405 2085 462 duas

2208 403 2509 479 λογοῦντας
2556 406 2650 460 τὸν
2706 406 2902 480 Κύριον
2963 407 3125 478 ἡμῶν
3190 407 3406 477 Ἰησοῦν
3468 409 3704 482 Χριστὸν
3758 409 3848 467 δύο

443 510 679 560 naturas
711 501 910 556 habere
939 496 1248 566 incon/use,
1281 511 1558 566 unamque
1585 510 1874 568 personam
1897 510 2093 549 εισυη-

446 596 578 651 dum
607 609 771 666 quam
800 605 943 646 unus
974 586 1222 642 Christus
1250 591 1302 642 et
1325 602 1467 641 unus
1494 591 1572 641 est
1603 587 1776 642 Filius
1801 586 1924 640 ausi
1965 589 2092 639 sunt

444 680 712 752 inﬁciari.
736 679 816 733 Ad
845 681 959 732 haec
981 683 1036 730 et
1056 673 1617 744 Hierosolymitanus
1638 674 1908 744 Cyrillus,
1933 674 2094 728 Inco-

447 770 528 826 nii
557 765 1016 840 Amphilochius,
1047 763 1290 820 Proclus
1339 762 1922 831 Constantinopoleos
1970 761 2092 833 epi-

445 859 628 930 scapi,
662 857 758 928 qui
792 857 852 911 in
885 853 1408 924 Quadragesimam
1440 853 1524 908 sic
1561 853 1858 925 loquitur:
1894 851 2094 907 Divina

444 957 657 1005 natura
688 949 952 1011 inereata,
977 952 1027 999 et
1045 953 1243 998 nostra:
1272 943 1458 996 carnis
1476 941 1738 1014 legitima
1766 940 2090 1012 assumptio,

446 1042 497 1094 et
537 1052 680 1090 unus
709 1043 788 1090 est
818 1034 1018 1097 Filius,
1039 1034 1284 1102 personis
1300 1046 1406 1085 non
1427 1032 1720 1102 separatis,
1737 1029 1826 1085 sed
1845 1029 2093 1084 mirabili

444 1125 684 1198 quadam
700 1121 1102 1194 dispensatione
1133 1121 1268 1175 duas
1296 1125 1523 1175 naturas
1553 1122 1612 1175 in
1642 1136 1813 1174 unam
1843 1118 2092 1190 hyposta-

443 1219 533 1274 εἰη
579 1215 972 1287 conjungente.
1009 1212 1118 1267 Sed
1154 1217 1210 1267 et
1238 1211 1448 1267 Paulus
1477 1210 1817 1267 Emissenus
1861 1213 2087 1278 episco-

446 1321 576 1378 pus,
604 1302 970 1374 praesentiam
996 1301 1226 1356 Domini
1257 1300 1580 1366 declarans,
1603 1298 2087 1369 vehementerque

442 1396 772 1459 illustrans,
804 1391 890 1446 sic
920 1391 1038 1446 ait:
1073 1390 1271 1444 statim
1304 1389 1578 1460 princeps
1614 1392 1671 1443 et
1706 1387 1904 1455 lingua
1945 1404 2084 1457 apo-

444 1483 726 1541 stolorum
757 1479 937 1536 dixit:
966 1481 1040 1534 Tu
1069 1493 1124 1534 es
1156 1477 1406 1534 Christus
1453 1478 1628 1532 Filius
1661 1477 1760 1532 Dei
1789 1476 1902 1532 viui
1929 1475 1977 1527 δ.
2015 1477 2084 1530 Τιι

443 1590 498 1632 es
527 1572 822 1637 Christus,
853 1568 1066 1640 duplex
1114 1571 1326 1622 natura
1367 1566 1592 1622 scilicet
1626 1566 1674 1623 δ.
1709 1567 1780 1620 Tu
1816 1581 1872 1621 es
1918 1565 2082 1621 Chri-

445 1667 591 1733 stus,
623 1669 677 1718 et
702 1676 817 1716 non
853 1659 998 1713 dixit
1043 1657 1245 1724 Filius,
1273 1657 1372 1711 sed
1430 1655 1610 1711 Filius
1657 1654 1757 1710 Dei
1808 1655 1940 1722 vivi,
1975 1670 2082 1726 quo

2204 493 2337 548 εἶναι
2387 493 2569 556 οὐσίας
2618 494 2944 570 ἆσυγχύτως
2990 497 3062 562 ⁸³,
3107 497 3160 550 ’ἐν
3214 493 3273 550 δὲ
3330 495 3656 571 πρόσώπον,
3725 503 3852 556 καθὸ

2205 585 2284 646 εἷς
2344 585 2574 655 Χριστὸς
2623 586 2704 648 εἷς
2749 585 2886 654 υίὸς,
2933 583 3158 646 τούτους
3207 585 3594 659 ἀναθεματίζει
3645 591 3681 657 ἡ
3729 593 3853 644 καθ-

2205 673 2372 743 ολική
2423 675 2513 729 καὶ
2555 674 2896 744 ἀποστολικὴ
2944 674 3267 746 Ἐκκλησία.
3328 678 3455 734 Ἐπὶ
3497 679 3718 742 τούτοις
3770 683 3853 736 καὶ

2203 765 2230 817 6
2261 767 2366 818 τῶν
2397 763 2792 838 Ἰεροσολύμων
2831 764 3107 840 Κύριλλος
3144 767 3236 820 καὶ
3266 763 3650 842 Ἀμφιλόχιος
3683 770 3712 823 6
3761 775 3852 825 τοῦ

2201 852 2428 908 Ἰκονίου
2456 853 2544 908 καὶ
2587 854 2833 927 Πρόκλος
2879 855 2906 907 6
2948 857 3606 924 Κωνσταντινουπόλεως,
3661 860 3723 920 ’ὸς
3769 863 3854 914 καὶ

2200 963 2361 1018 φησιν
2405 941 2456 995 ἐν
2507 948 2575 1016 τῇ
2626 943 3052 1018 τεσσαρακοστῇ.
3111 946 3180 1000 Ἠ
3226 944 3344 1000 θεία
3393 946 3556 1024 φύσις
3587 947 3851 1021 ἇκτιστος,

2198 1033 2232 1097 ἡ
2288 1031 2338 1100 ἐξ
2398 1030 2533 1104 ἐμοῦ
2589 1030 2907 1105 πρόσληψις
2963 1032 3277 1096 ἆνόθευτος·
3354 1035 3446 1090 καὶ

2198 1119 2342 1184 Υἱὸς,
2401 1116 2462 1172 οὔ
2523 1119 2686 1191 μόνον
2735 1123 2844 1173 τῶν
2906 1118 3114 1198 φύσεων
3179 1121 3256 1182 εἰς

3541 1032 3691 1090 ἔστιν
3778 1040 3852 1100 εἷς

3339 1119 3436 1177 δύο
3507 1123 3851 1193 ὑποστάσεις,

2198 1205 2616 1281 διαιρουμένων,
2678 1207 2822 1263 ἀλλὰ
2888 1215 2988 1277 τῆς
3043 1213 3274 1285 φρικτῇς
3332 1211 3670 1284 οἰκονομίας
3763 1214 3850 1276 τὰς

2197 1294 2292 1350 δύο
2395 1297 2583 1372 φύσεις
2696 1296 2772 1358 εἷς
2877 1297 3002 1369 μίαν
3125 1298 3418 1353 ὑπόστασιν
3547 1301 3850 1372 ἒνωσάσης.

2198 1388 2324 1458 [808
2357 1389 2444 1457 3.]
2479 1387 2577 1442 Καὶ
2624 1387 2841 1450 Παῦλος
2872 1383 2928 1441 δὲ
2976 1388 3004 1440 6
3060 1387 3295 1460 Ἐμίσης
3349 1387 3678 1458 ἐπίσκοπος,
3732 1413 3854 1447 κατ·

2196 1480 2428 1528 ενώπιον
2477 1475 2752 1544 ὁπιλὴσας
2786 1473 3062 1550 Κυρίλλου
3093 1476 3142 1512 ⁸⁸
3182 1477 3274 1531 καὶ
3322 1475 3445 1532 λίαν
3495 1477 3850 1557 ἀποδεχθεὶς,

2194 1565 2337 1618 οὕτω
2368 1563 2548 1642 φησὶν,
2577 1565 2777 1625 εύθὲως
2810 1565 2837 1618 6
2867 1571 3194 1642 κορυφαῖος,
3233 1569 3296 1620 τὸ
3338 1569 3517 1639 στόμα
3549 1574 3666 1623 τῶν
3723 1571 3851 1626 ἄπο·

2194 1651 2426 1722 στόλων,
2481 1651 2601 1732 ἔφη·
2652 1653 2726 1707 iis
2765 1656 2810 1690 ⁸⁵
2841 1654 2888 1707 εί
2914 1655 2961 1690 ⁸⁸
3008 1655 3036 1708 6
3087 1657 3328 1728 Χριστὸς
3357 1658 3384 1711 6
3429 1658 3556 1718 Υἱὸς
3586 1663 3693 1713 τοῦ
3726 1665 3853 1716 Θεοῦ

445 1768 620 1810 unam
667 1764 971 1821 personam
1021 1747 1524 1803 commonstravit.
1559 1743 1706 1808 Quin
1739 1750 1793 1799 et
1832 1743 2085 1799 Hilarius

2196 1747 2286 1797 τοῦ
2348 1747 2565 1812 ζῶντος.
2629 1745 2698 1798 Σὺ
2766 1744 2811 1798 εἰ
2871 1745 2898 1798 6
2956 1745 3220 1819 Χριστὸς,
3282 1748 3407 1818 [423
3462 1749 3556 1821 Η.]
3611 1751 3652 1816 ἡ
3700 1746 3848 1819 διττή

438 1841 835 1898 Gabalitarum
892 1836 1191 1893 confessor
1248 1840 1305 1890 et
1353 1834 1661 1906 episcopus
1718 1833 1866 1890 libro
1916 1851 1970 1888 ιν
2013 1835 2084 1889 De

442 1933 548 2003 ﬁde
574 1935 627 1987 et
657 1930 890 1996 unitate,
917 1926 1040 1981 haec
1071 1925 1396 1993 denuntiat,
1422 1924 1699 1994 Cyriacus
1732 1939 1963 1995 quoque
1987 1927 2088 1979 Pa-

442 2022 564 2095 phi,
598 2035 750 2074 unus
789 2017 860 2072 de
907 2015 1184 2070 trecentis
1215 2013 1331 2069 illis
1361 2018 1418 2069 et
1447 2018 1575 2070 octo
1616 2013 1904 2068 Patribus.
1941 2014 2000 2068 Id
2031 2019 2088 2070 et

443 2111 501 2166 in
533 2109 684 2164 libro
705 2122 876 2176 quem
901 2104 1165 2159 Gratiano
1188 2104 1398 2159 Caesari
1425 2102 1727 2173 inscripsit
1747 2103 2088 2158 Ambrosius

446 2199 754 2271 episcOpus
807 2193 1272 2262 Mediolanensis,
1304 2196 1362 2248 et
1407 2191 1466 2246 in
1519 2192 1663 2248 libro
1694 2193 1768 2247 De
1796 2191 2088 2264 Apollina-

446 2291 555 2353 rio,
578 2296 628 2343 et
651 2286 718 2341 de
738 2284 1143 2340 incarnatione.
1168 2281 1277 2336 Sed
1302 2286 1357 2336 et
1379 2285 1588 2336 Petrus
1614 2286 1832 2353 martyr
1850 2280 2090 2336 Alexan-

452 2378 594 2434 dria
643 2374 878 2448 praesul,
912 2372 1162 2428 Basilius
1208 2375 1476 2427 Caesarea:
1525 2371 1923 2444 Cappadociae,
1949 2377 2085 2428 Gre-

441 2466 638 2536 gorius
686 2463 1016 2534 Theologus
1047 2461 1104 2515 in
1149 2461 1322 2516 natali
1374 2460 1626 2530 Domini,
1657 2469 1708 2516 et
1759 2460 1906 2517 libro
1937 2479 1979 2516 ιι
2013 2465 2088 2518 De

439 2555 602 2622 Filio,
627 2561 683 2609 et
705 2551 953 2625 epistola
982 2550 1237 2606 secunda
1264 2549 1333 2603 ad
1368 2548 1734 2616 Cledonium,
1758 2549 2085 2620 locupletis—

443 2645 584 2701 sime
616 2643 736 2698 haec
767 2641 893 2713 ipsa
923 2645 1229 2706 testantur,
1262 2646 1312 2694 et
1345 2637 1792 2710 Amphilochius
1839 2638 2084 2708 epistola

441 2733 511 2789 ad
545 2732 874 2796 Seleucum,
897 2736 954 2786 et
975 2728 1421 2800 Chrysostomus
1451 2728 1510 2783 in
1543 2728 1794 2799 primam
1820 2728 1980 2783 Pauli
2013 2730 2084 2784 ad

438 2823 831 2886 Timotheum,
851 2818 1092 2875 Proclus
1114 2833 1340 2888 quoque
1362 2818 1714 2886 Bysantinus
1735 2817 1793 2872 in
1817 2833 2084 2874 sermone

437 2913 509 2968 de
537 2911 838 2968 nativitate
859 2907 1110 2964 Domini.
1137 2906 1496 2962 Athanasius
1523 2907 1696 2962 etiam
1728 2906 2081 2962 Alexandria:

427 3003 742 3074 episcopus
782 2997 841 3053 in
882 2995 1128 3068 epistola
1161 2997 1232 3050 ad
1269 2995 1546 3066 virgines,
1579 3001 1638 3051 et
1666 2995 1918 3068 Cyrillus
1949 2996 2080 3068 epi-

429 3090 576 3147 stola
609 3089 798 3158 prima
827 3091 882 3142 et
913 3085 1171 3140 secunda
1200 3085 1266 3139 ad
1295 3084 1676 3149 Succensum,
1700 3093 1752 3138 et
1784 3085 1853 3139 ad
1887 3085 2082 3140 Orien-

430 3181 601 3245 tales,
635 3179 704 3233 ad
756 3175 1033 3232 Acacium
1090 3173 1425 3244 episcopum
1476 3173 1797 3244 Melitencs,
1831 3173 1977 3231 libro
2009 3175 2082 3230 De

435 3267 845 3333 incarnatione,
879 3269 936 3320 et
964 3263 1205 3336 epistola
1237 3265 1306 3318 ad
1340 3263 1646 3336 Eulogium
1699 3266 2079 3335 sacerdotem,

435 3363 494 3415 et
514 3359 573 3412 in
597 3356 908 3422 thesauris,
929 3355 1176 3425 aliisque
1197 3354 1373 3409 variis
1398 3354 1581 3411 libris.
1606 3354 1720 3410 Has
1741 3364 2078 3410 sanctorum

438 3446 678 3502 Patrum
728 3443 1048 3501 sententias
1080 3459 1248 3498 sacra
1278 3441 1765 3499 Chalcedonensis
1819 3443 2079 3513 synodus

437 3550 806 3601 coacervans,
842 3531 1176 3604 religionem
1227 3532 1605 3588 orthodoxam
1638 3533 1828 3590 οισι)
1871 3533 2080 3588 confir-

431 3623 631 3679 mavit.
656 3623 837 3687 Quare
858 3627 1060 3677 contra
1091 3621 1240 3677 hanc
1271 3621 1571 3693 disputare
1593 3627 1682 3677 est
1704 3625 1935 3678 sanctos
1964 3623 2072 3677 Pa-

433 3718 551 3770 tres
583 3722 858 3784 tanquam
893 3711 1178 3766 invidiose
1209 3727 1568 3783 oppugnare.

2625 1833 2653 1886 6
2701 1833 2929 1905 Χριστὸς
2983 1833 3093 1887 ’καὶ
3130 1833 3230 1888 ούκ
3267 1836 3438 1903 εἶπεν,
3472 1837 3625 1903 Υἱὸς,
3659 1837 3786 1892 ἀλλ’
3824 1841 3850 1892 6

2198 1925 2318 1984 Υἱὸς
2349 1927 2445 1977 τοῦ
2477 1927 2610 1978 Θεοῦ
2640 1928 2736 1978 τοῦ
2771 1928 2991 1992 ζῶντος.
3028 1922 3275 2001 Ἑπέγνω
3307 1927 3397 1980 καὶ
3429 1927 3492 1981 τὸ
3551 1925 3849 2000 μοναδικόν

2196 2013 2510 2087 πρόσωπον.
2556 2014 2667 2080 Ἐφ’
2717 2015 2805 2076 οἷς
2855 2015 2943 2068 κσὶ
2993 2015 3021 2068 6
3071 2015 3308 2088 Ἰλάριος
3360 2016 3738 2090 ὁμολογητῆς
3767 2018 3851 2072 καὶ

2198 2101 2491 2164 ἐπίσκοπος
2524 2100 2786 2158 Γαϐἀλων
2818 2103 2867 2158 ἐν
2897 2107 2976 2174 τῷ
3009 2101 3053 2157 δ’
3098 2104 3229 2179 Περὶ
3279 2103 3518 2168 πίστεως
3571 2106 3726 2184 λόγῳ
3762 2110 3849 2162 καὶ

2197 2192 2250 2247 ἐν
2297 2197 2375 2264 τῷ
2416 2191 2546 2267 Ηιρὶ
2588 2193 2834 2257 ἐνώσεως
2877 2196 3046 2248 ταῦτα
3088 2194 3372 2267 κηρύσσει,
3433 2196 3526 2249 καὶ
3585 2199 3849 2266 Κυριακὸς

2195 1831 2372 1906 φύσις·
2423 1834 2482 1886 οῦ
2532 1832 2578 1886 εἶ

2197 2283 2491 2346 ἐπίσκοπος
2543 2284 2749 2363 Πάφου,
2798 2287 2876 2346 εἷς
2921 2290 3028 2339 τῶν
3089 2287 3196 2354 τιη’
3227 2285 3396 2361 ἁγίων
3442 2287 3726 2362 Πατέρων,
3765 2291 3850 2343 καὶ

2198 2368 2532 2448 Ἀμϐρόσιος
2578 2372 2873 2436 ἐπίσκοπος
2927 2371 3284 2430 Μεδιολάνων
3332 2375 3381 2430 ἐν
3443 2381 3524 2449 τῷ
3584 2376 3749 2452 λόγῳ
3797 2380 3850 2433 ὃν

2196 2461 2467 2537 ἐπέγραψε
2505 2467 2782 2538 Γρατιανῷ
2813 2466 2890 2534 τῷ
2923 2463 3164 2536 βασιλεῖ,
3190 2463 3281 2518 καὶ
3311 2463 3361 2518 ἐν
3403 2469 3480 2536 τῷ
3507 2469 3641 2539 περί
3687 2468 3851 2522 Ἀπο-

2197 2551 2468 2626 λιναρίου,
2518 2555 2608 2607 καὶ
2650 2551 2700 2606 ἐν
2742 2556 2820 2623 τῷ
2869 2553 2994 2626 περὶ
3042 2553 3512 2626 ὲνανθρωπήσεως
3572 2553 3732 2629 λόγῳ
3788 2556 3851 2613 ⁸⁷.

2197 2639 2369 2696 Ἀλλὰ
2417 2642 2504 2695 καὶ
2559 2642 2759 2716 Πέτρος
2811 2641 2838 2694 6
2883 2637 3291 2715 Ἀλεξανδρείας
3332 2643 3423 2696 καὶ
3487 2642 3726 2716 μάρτυς,
3770 2645 3852 2700 καὶ

2194 2729 2479 2792 Βασίλειος
2538 2732 2566 2784 6
2625 2729 2944 2804 Καισαρείας
2999 2736 3099 2798 τῆς
3164 2729 3218 2784 ἐν
3305 2729 3695 2804 Καππαδοκίᾳ,
3770 2733 3851 2788 καὶ

2197 2819 2495 2894 Γρηγόριος
2541 2820 2568 2873 6
2614 2817 2883 2894 Θεολόγος
2934 2817 2986 2873 ἐν
3028 2824 3146 2880 τοῖς
3191 2819 3495 2895 γενεθλίοις
3539 2823 3638 2876 καὶ
3695 2822 3744 2878 ἐν
3778 2828 3851 2894 τῷ

2194 2908 2313 2983 περὶ
2345 2909 2471 2962 Υἱοῦ
2507 2909 2554 2982 β’
2595 2906 2742 2982 λόγῳ
2771 2909 2860 2962 καὶ
2894 2906 2945 2962 ἐν
2979 2910 3050 2979 τῇ
3092 2908 3229 2981 πρὸς
3277 2906 3583 2978 Κληδόνιον
3651 2913 3699 2984 β’
3742 2910 3850 2965 ἐπι-

2194 2997 2366 3071 στολῇ
2397 2998 2463 3051 τὰ
2493 2996 2661 3069 ὅμοια
2694 3001 2978 3071 μαρτυρεῖ,
3025 2996 3114 3050 καὶ
3163 2997 3538 3075 Ἀμφιλόχιος
3579 2996 3646 3054 δὲ
3690 3001 3743 3054 ἒν

2193 3087 2326 3161 πρὸς
2385 3084 2651 3140 Σέλευκον
2708 3082 2996 3158 ἐπιστολῇ,
3055 3083 3145 3138 καὶ
3206 3086 3233 3139 6
3307 3087 3709 3160 Χρυσόστομος
3760 3090 3853 3155 τήν

2193 3177 2328 3250 πρὸς
2388 3174 2649 3249 Τιμόθεον
2718 3175 2945 3249 πρώτην
2999 3173 3318 3248 ἑρμηνεύων
3376 3175 3710 3247 ἐπιστολήν,
3767 3179 3850 3232 καὶ

2193 3263 2442 3336 Πρόκλος
2488 3262 2516 3316 6
2548 3259 3175 3323 Κωνσταντινουπόλεως
3226 3257 3277 3316 ἕν
3325 3283 3383 3317 τε
3435 3263 3516 3335 τῷ
3560 3263 3642 3327 εἷς
3670 3265 3733 3318 τὸ
3763 3285 3848 3340 γε·

2189 3348 2403 3405 νέθλιον
2461 3348 2610 3424 λόγῳ
2653 3348 2741 3403 κιί
2801 3346 2853 3402 ἐν
2901 3346 3098 3410 ἄλλοις
3152 3345 3463 3424 διαφόροις,
3535 3353 3850 3413 Ἀθανάσιος

2191 3441 2218 3494 6
2259 3435 2675 3513 Ἀλεξανδρείας
2708 3435 2759 3492 ἐν
2792 3440 2860 3510 τῇ
2894 3438 3030 3512 πρὸς
3073 3436 3169 3500 τὰς
3211 3438 3508 3511 παρθένους
3560 3439 3848 3513 ἐπιστολῇ,

2189 3529 2281 3584 καὶ
2306 3525 2584 3602 Κύριλλος
2618 3525 2668 3580 ἐν
2700 3529 2769 3599 τῇ
2802 3526 2937 3599 πρὸς
2978 3527 3278 3581 Σούκενσον
3311 3527 3362 3562 ⁸⁸
3390 3532 3464 3595 α’,
3496 3530 3587 3583 καὶ
3626 3531 3734 3602 μην
3766 3529 3850 3584 καὶ

2189 3618 2242 3675 ἐν
2270 3623 2338 3692 τῇ
2375 3619 2444 3692 β’,
2475 3618 2562 3671 καὶ
2598 3615 2648 3670 ἐν
2679 3620 2746 3689 τῇ
2787 3617 2922 3690 πρὸς
2951 3617 3080 3678 τοὺς
3105 3617 3151 3652 ⁸⁸
3193 3615 3608 3687 Ἀνατολικοῦς,
3661 3618 3748 3673 καὶ
3797 3616 3844 3671 ἑν

2187 3712 2255 3781 τῇ
2284 3708 2420 3782 πρὸς
2455 3705 2707 3763 Ἀκιὶκιον
2747 3707 2837 3761 τὸν
2879 3703 3171 3761 ἐπίσκοπον
3219 3713 3319 3775 τῆς
3371 3705 3716 3779 Μελιτηνῆς,
3762 3707 3846 3762 καὶ

429 3801 480 3858 ἐν
550 3806 628 3874 τῷ
693 3800 818 3874 περὶ
886 3798 1341 3874 ἐνανθρωπήσεως
1410 3799 1580 3874 λόγῳ,
1653 3801 1740 3854 καὶ
1811 3799 1864 3854 ἐν
1911 3803 1980 3874 τῇ
2023 3801 2160 3876 πρὸς
2226 3798 2493 3873 Εύλόγιον
2547 3798 2638 3852 τὸν
2711 3792 3071 3871 πρεσϐύτερον
3121 3795 3412 3871 ἐπιστολῇ,
3468 3799 3560 3853 καὶ
3629 3798 3687 3855 ἐκ
3741 3804 3841 3853 τῶν

434 3893 740 3965 θησαυρῶν,
810 3891 901 3944 καὶ
961 3889 1011 3944 ἐν
1073 3887 1266 3950 ἄλλοις
1328 3888 1488 3943 αὐτοῦ
1549 3887 1831 3968 διαφόροις
1903 3889 2118 3966 λόγοίς·
2161 3887 2377 3946 Τούτων
2433 3891 2540 3941 τῶν
2599 3887 2873 3964 θεοφόρων
2933 3889 3098 3960 ἡμῶν
3153 3887 3406 3959 Πατέρων
3462 3890 3498 3957 ἡ
3541 3887 3595 3943 ἐν
3627 3887 3844 3959 Χαλκηο

434 3979 543 4036 δόνι
603 3979 730 4054 ἁγία
798 3975 1023 4039 σύνοδος
1082 3979 1178 4039 τὰς
1235 3978 1458 4053 γνώμας
1533 3977 1941 4052 ἐκμελετήσασα
1995 3982 2094 4050 τήν
2156 3973 2426 4033 εὐσέϐειαν
2483 3975 2842 4051 ἐπεκύρωσεν,
2913 3975 3052 4031 ὥστε
3107 3977 3168 4030 τὸ
3215 3979 3328 4031 κατ’
3365 3975 3576 4048 ἐκείνης
3611 3977 3844 4033 σπουδά·

437 4076 544 4140 ζειν
576 4071 710 4125 κατὰ
740 4067 949 4124 τούτων
988 4067 1128 4122 ἐστὶν
1162 4066 1237 4129 εἰς
1269 4063 1421 4142 ὕϐριν
1457 4068 1797 4139 ὁπλίζεσθαι.

503 4163 800 4234 Siquidem
861 4159 1132 4214 Christus
1190 4175 1364 4216 verus
1424 4161 1577 4216 Deus
1635 4167 1853 4228 noster,
1908 4177 2096 4234 neque

435 4251 855 4325 proprietatem
889 4248 1232 4313 divinitatis,
1268 4263 1456 4320 neque
1487 4249 1913 4307 humanitatem
1946 4251 2092 4305 divi-

434 4339 533 4406 sit,
553 4339 652 4394 sed
667 4336 867 4393 omnia
889 4337 1105 4391 unione
1132 4352 1515 4406 personarum
1538 4338 1660 4410 ipse
1683 4354 1832 4394 unus
1847 4337 2089 4406 etidem,

2268 4160 2393 4214 "Ott
2433 4177 2496 4232 γε
2538 4156 2644 4228 μὴν
2677 4157 2932 4230 Χριστὸς,
2967 4156 2994 4210 6
3027 4153 3291 4226 ἀληθινὸς
3332 4157 3462 4219 Θεὸς
3491 4159 3680 4231 ἡμῶν,
3729 4157 3847 4213 οἵτε

2201 4243 2266 4299 τὰ
2295 4251 2395 4313 τῆς
2434 4243 2690 4313 θεότητος
2720 4239 2834 4297 ἴδια
2862 4239 2986 4298 οὔτε
3015 4242 3082 4297 τὰ
3130 4239 3239 4297 ἴδια
3276 4250 3376 4313 τῆς
3425 4244 3846 4320 ἀνθρωπότητος

2194 4333 2544 4410 διῇρημένως
2594 4331 2876 4407 ἔπραττεν,
2929 4333 3116 4388 ἐνώσει
3162 4330 3218 4388 δὲ
3265 4339 3334 4408 τῇ
3383 4337 3499 4389 καθ’
3552 4336 3841 4391 ὑπόστασιν

432 4432 552 4483 tam
614 4425 877 4481 humana
935 4441 1112 4497 quam
1169 4424 1368 4480 divina
1425 4425 1699 4497 perfecit:
1758 4427 2083 4497 iterumque

2196 4422 2399 4480 ἅπαντα
2439 4426 2465 4479 6
2517 4426 2597 4485 εἷς
2638 4423 2727 4478 καὶ
2775 4425 2803 4478 6
2843 4422 3006 4484 αὐτὸς
3053 4424 3118 4478 τά
3165 4444 3224 4478 τε
3265 4425 3379 4479 θεῖα
3408 4425 3498 4479 καὶ
3529 4428 3596 4480 τὰ
3626 4425 3841 4497 ἀνθρώ-

434 4515 668 4573 eosdem
701 4519 958 4580 sanctos,
993 4516 1186 4571 Patres
1217 4515 1276 4570 in
1307 4519 1488 4572 testes
1515 4517 1691 4572 citat:
1715 4517 1935 4573 Julium
1972 4518 2082 4574 Ro-

436 4621 675 4662 manum
728 4603 1074 4670 antistitem,
1102 4621 1131 4661 e
1165 4604 1313 4660 libro
1343 4607 1421 4660 De
1449 4605 1657 4661 unione
1685 4607 2002 4662 divinitatis
2031 4615 2082 4662 et

433 4694 620 4752 carnis
647 4693 702 4748 in
740 4691 969 4749 Christo
1015 4693 1155 4748 Jesu
1185 4713 1200 4762 ;
1234 4700 1285 4749 et
1330 4693 1723 4750 Athanasium
1773 4696 2082 4767 praesulem

430 4783 918 4849 Alexandrinum,
956 4797 1025 4838 ex
1072 4781 1318 4852 epistola
1349 4783 1418 4839 ad
1454 4782 1776 4840 Maximum
1823 4784 2080 4855 philoso-

429 4875 636 4948 phum,
670 4872 916 4944 aliisque
965 4871 1290 4944 opusculis.
1323 4872 1585 4928 Tertium
1637 4874 1814 4930 etiam
1863 4873 2080 4930 librum

428 4966 630 5024 Contra
677 4961 1014 5031 Eunonium,
1046 4966 1104 5018 et
1149 4963 1220 5019 De
1270 4961 1533 5019 doctrina
1581 4962 1896 5020 Christiana
1944 4965 2084 5021 Gre-

435 5055 579 5128 gorii
612 5053 881 5127 Nysseni,
915 5060 967 5108 et
998 5051 1305 5123 epistolam
1340 5051 1536 5108 Basilii
1569 5052 1840 5110 Ctesarets
1873 5056 1939 5111 ad
1971 5055 2084 5111 So-

433 5144 727 5216 sopolitas,
758 5141 1039 5216 Cyrillum
1084 5158 1318 5215 quoque
1362 5143 1594 5199 doctum
1628 5143 1688 5198 in
1719 5142 1868 5200 libro
1899 5146 1972 5201 De
2001 5145 2083 5201 in-

510 5261 536 5299 ι)
563 5259 760 5316 Matth.
793 5275 908 5327 xvx,
943 5260 1029 5315 15.

2192 4535 2316 4569 πινα
2356 4513 2618 4582 ἐπετέλει,
2665 4512 2794 4575 τοὺς
2833 4511 3126 4592 θεοφόρους
3177 4515 3341 4586 ἡμῶν
3393 4515 3630 4589 ἰιατέρας
3677 4515 3844 4571 πάλιν

2190 4603 2421 4676 παράγει
2485 4601 2787 4676 μάρτυρας,
2836 4599 3067 4657 Ἰούλιον
3113 4601 3204 4654 τὸν
3272 4598 3561 4656 ἐπίσκοπον
3613 4601 3840 4672 Ῥώμης

2191 4692 2252 4748 ἐκ
2303 4695 2399 4746 τοῦ
2461 4692 2593 4765 Περὶ
2641 4697 2740 4758 τῆς
2790 4689 2841 4744 ἐν
2892 4690 3107 4764 Χριστῷ
3154 4690 3399 4752 ἐνώσεως
3446 4695 3542 4746 τοῦ
3583 4690 3840 4761 σώματος

2190 4783 2325 4858 πρὸς
2383 4781 2482 4849 τὴν
2541 4778 2790 4849 θεότητα,
2857 4778 2949 4832 καὶ
3029 4778 3342 4833 Ἀθανάσιον
3428 4779 3520 4834 τὸν
3586 4777 3842 4848 Ἀλεξαν-

2193 4871 2368 4948 δρείας
2417 4869 2478 4925 ἐκ
2522 4877 2620 4940 τῆς
2658 4870 2795 4943 πρὸς
2839 4867 3088 4942 Μάξιμον
3133 4868 3227 4924 τὸν
3274 4867 3574 4948 φιλόσοφον
3625 4869 3844 4924 ἐπιστοο

2189 4964 2299 5031 λῆς
2359 4959 2448 5016 καί
2494 4959 2543 5030 ἐξ
2599 4958 2797 5033 ετὲρων
2851 4955 3124 5032 διαφόρων
3171 4955 3376 5034 λόγων,
3436 4958 3739 5034 Γρηγόριόν
3788 4979 3844 5013 τε

2189 5053 2283 5108 τὸν
2333 5049 2547 5121 Νύσσης
2596 5047 2656 5104 ἐκ
2692 5052 2789 5104 τοῦ
2838 5049 2886 5122 γ’
2945 5046 3113 5122 λόγου
3164 5049 3283 5102 κατ’
3341 5047 3623 5122 Εὐνομίου
3672 5048 3844 5103 καὶἐκ

2189 5146 2286 5198 τοῦ
2334 5141 2741 5216 κατηχητικοῦ,
2789 5143 2879 5192 καί
2921 5136 3207 5194 Βασίλειον
3264 5139 3355 5194 τὸν
3416 5138 3740 5213 Καισαρείας
3791 5137 3846 5191 ἐκ

1808 5369 2050 5427 VARI/E
2091 5368 2477 5427 LECTIONES

499 5478 546 5554 3f
585 5477 932 5554 ἀσυγχύτους
960 5479 1019 5532 Α.
1096 5478 1142 5554 Ρδ
1174 5476 1533 5554 ὁμολογήσας
1567 5477 1769 5554 Κυρίορ
1958 5480 2006 5516 ⁸⁵
2035 5480 2123 5552 σὺ]
2156 5479 2513 5554 Ma_tth._xv1_,
2540 5477 2635 5554 _16.
2685 5474 2757 5554 _“
2787 5472 3200 5554 etsecundum‘
3231 5474 3556 5554 et_terti_um
3586 5491 3722 5554 om.
3746 5477 3839 5554 HA.

429 5552 473 5589 ⁸⁷
506 5543 932 5626 ἐνανθρῗᾈόγου
965 5553 1143 5626 ριχᾼ.
1176 5543 1278 5626 τῖς
1307 5543 1513 5624 ἐνᾶινθρ.
1544 5543 1850 5626 τοῦΛόγοῦ
1880 5569 2027 5610 corr.
2062 5569 2074 5608 :
2107 5543 2206 5620 τῆς
2237 5550 2446 5623 ἐνανθρ.
2488 5547 2643 5624 λόγῳ
2837 5545 2885 5580 ⁸⁸
2940 5551 2998 5602 el.
3046 5545 3074 5600 ί)
3135 5545 3200 5602 17
3254 5550 3314 5602 et
3369 5547 3473 5601 258
3525 5548 3556 5601 b
3586 5547 3673 5614 26,
3708 5543 3841 5601 οῦκο

435 5644 583 5682 ινσον
617 5619 683 5680 Αζ
763 5620 811 5656 ⁸9
838 5619 982 5680 τοὺς
997 5620 1130 5678 add.
1165 5624 1229 5680 Α.
