4138 6228
380 300 498 360 997

1459 295 2004 360 BlBLlOTHEGA.
2050 327 2124 340 —
2171 295 2345 357 COD.
2392 294 2696 356 CCXXIX.

3669 287 3788 348 998

379 439 478 504 τῆς
509 433 644 509 πρὸς
687 430 1076 500 Σωζοπολίτας
1138 430 1456 502 ἐπιπολῆς,
1507 429 1787 506 Κύριλλὸν
1840 451 1900 486 τε
1937 430 2030 484 τὸν

2146 432 2491 492 carnatione,
2534 445 2564 486 e
2623 429 2932 498 Thesauris,
2991 427 3351 500 epistolaque
3408 425 3666 483 secunda
3719 425 3790 480 ad

379 523 544 600 σοφὸν
607 519 668 576 ἐκ
709 526 805 576 τοῦ
869 521 1000 596 Περὶ
1056 521 1522 596 ἐνανθριυπήσεως
1587 520 1764 598 λόγου
1823 519 1914 576 καὶ
1975 519 2035 574 ἐκ

377 616 488 666 τῶν
543 612 828 684 θησαυρῶν
880 611 974 664 καὶ
1039 607 1100 664 ἐκ
1139 616 1242 679 τῆς
1289 610 1426 684 πρὸς
1473 609 1779 665 Σοῦκενσον
1834 611 1880 686 β’
1911 609 2030 664 ἐπι-

379 699 583 770 στολῆς
633 699 724 752 καὶ
776 695 835 752 ἐκ
881 705 982 768 τῆς
1029 699 1166 772 πρὸς
1213 693 1497 774 Ἑϐραίους
1530 697 1824 774 ἑρμηνείας
1851 699 1942 753 καὶ
1973 697 2032 752 ἐκ

377 790 488 843 τῶν
523 785 804 863 Σχολίων.

450 879 631 934 Ταῦτα
662 873 719 931 δὲ
749 873 978 932 διελθὼν
1013 877 1041 930 6
1071 878 1372 953 συγγαφεὺς
1413 877 1552 952 ῥητὰ
1599 881 1696 932 106
1745 875 1796 932 ἐν
1851 875 2028 952 ἁγίοις

377 967 532 1022 πάπα
591 965 820 1026 Λέοντος
882 965 1229 1040 προκομίζει,
1289 967 1320 1020 ἂ
1378 966 1470 1021 καί
1529 989 1661 1041 φησι
1719 967 1854 1022 κατᾶ
1922 971 2030 1021 τῶν

379 1049 652 1110 δυσσεϐὦν
685 1054 1062 1112 Οὐαλοντίνου
1103 1057 1192 1110 καὶ
1225 1055 1550 1130 Μαρκίωνος
1594 1057 1681 1110 καὶ
1732 1057 1886 1124 Μάνη
1935 1056 2026 1110 καί

377 1142 769 1218 ’Λπολιναρίου
823 1145 914 1198 καὶ
967 1143 1256 1219 Εὐτυχέως
1287 1147 1330 1181 ³ο
1385 1145 1476 1199 καὶ
1524 1149 1636 1199 τῶο
1677 1143 1850 1218 ὁμίων
1880 1145 2026 1218 αἱρε-

377 1237 546 1286 τικῶν
577 1233 1028 1307 παρατάττεσθαι,
1062 1233 1150 1288 καὶ
1197 1231 1286 1288 διὰ
1331 1237 1492 1288 τοῦτο
1541 1235 1689 1308 παρὰ
1733 1237 1839 1288 τῶν
1891 1233 2026 1305 ὁμο-

381 1321 594 1398 φρόνῶν
643 1321 1055 1397 ἐπηρεάζεσθαι.
1117 1322 1220 1378 Καὶ
1269 1342 1484 1398 πρωτον
1543 1324 1635 1396 μὲν
1665 1327 1866 1378 τοῦτο·
1897 1323 2027 1376 Ὥσ-

380 1430 484 1485 περ
541 1413 666 1483 [424
721 1412 814 1484 Η.]
873 1409 924 1465 ἐν
983 1415 1060 1483 τῷ
1117 1409 1287 1466 ἐλεεῖν
1338 1413 1381 1448 ⁹¹
1418 1413 1445 1466 6
1495 1413 1624 1474 Θεὸς
1676 1413 1886 1485 τροπήν
1920 1409 2028 1486 οὐχ

380 1499 690 1576 ὑφίσταται,
775 1497 948 1561 οὓτως
1008 1502 1035 1554 6
1101 1501 1386 1575 ἅνθρωπος
1471 1505 1550 1572 τῷ
1628 1502 1840 1578 μεγὲθει
1925 1507 2024 1570 τῆς

379 1588 526 1650 θείας
583 1587 730 1658 ἀξίας
785 1589 830 1625 ⁸³
887 1589 988 1644 οὐκ
1041 1587 1411 1658 ἀναλίσκεται,
1480 1587 1731 1665 δεύτερον
1784 1591 1848 1645 τὸ
1904 1591 2028 1646 Ἐν-

378 1681 526 1750 εργεῖ
578 1676 679 1752 γὰρ
739 1677 963 1753 ἑκατέρα
1025 1679 1210 1752 μορφή
1275 1681 1408 1752 μετά
1465 1686 1564 1748 τῆς
1623 1677 1848 1754 θατέρου
1903 1700 2024 1734 κοι-

2141 525 2523 586 Suocensum,
2553 519 2624 577 de
2667 519 3141 590 interpretatione
3189 519 3260 573 ad
3313 516 3601 582 Hebraaos,
3635 517 3692 570 et
3721 529 3788 570 ex

2143 608 2413 666 Scholiis.

2210 882 2312 938 His
2386 880 2598 950 allatis,
2661 880 2906 936 Leonem
2963 894 3196 950 quoque
3245 893 3452 950 papam
3497 877 3786 949 producit,

2140 978 2338 1027 contra
2363 969 2573 1040 impio
2605 968 2740 1024 illos
2773 967 3094 1034 haereticos,
3117 966 3514 1036 Valentinum,
3543 967 3786 1023 Marcio-

2139 1075 2292 1126 nem,
2322 1061 2576 1126 Manem,
2599 1057 3048 1130 Apollinarium,
3071 1057 3386 1129 Eutycbem
3422 1055 3684 1128 aliosque
3715 1057 3785 1111 si-

2139 1147 2307 1204 miles
2329 1147 2834 1220 digladiantem,et
2855 1147 2983 1201 ideo
3007 1147 3077 1201 ab
3099 1145 3422 1216 conjuratis
3444 1145 3562 1200 illis
3585 1161 3780 1215 repra-

2137 1237 2386 1293 hensum
2438 1240 2494 1291 et
2551 1239 2975 1308 oppugnatum.
3033 1239 3147 1290 Hoc
3205 1235 3442 1306 quidem
3503 1235 3781 1306 primum.

2138 1324 2608 1394 Quemadmodum
2655 1326 2808 1380 enim
2844 1339 2970 1379 cum
3015 1324 3312 1379 miseretur
3339 1325 3480 1379 Deus
3525 1321 3780 1379 mutatio-

2135 1431 2260 1472 nem
2291 1431 2400 1471 non
2428 1417 2580 1470 subit
2609 1415 2760 1486 ('71):
2808 1415 2889 1469 sic
2935 1415 3095 1470 homo
3147 1413 3535 1484 magnitudine
3581 1412 3783 1469 divine

2133 1505 2336 1576 gloria:
2392 1520 2500 1560 non
2555 1504 2914 1560 consumitur.
2972 1503 3279 1560 Secundo:
3317 1504 3554 1573 Utraque
3599 1505 3784 1573 forma

2134 1609 2260 1648 cum
2290 1603 2524 1666 utraque
2551 1595 2936 1648 communione
2981 1599 3318 1664 cooperatur.
3353 1592 3570 1647 Asseril
3624 1591 3781 1646 enim

2137 1681 2392 1750 haeresis,
2419 1684 2564 1738 duos
2597 1682 2702 1738 hos
2729 1681 3008 1737 articulos
3039 1681 3323 1753 praefixos,
3347 1683 3490 1737 Deus
3519 1689 3572 1736 et
3599 1685 3780 1750 homo,

373 1764 591 1827 νωνίας.
625 1767 784 1840 Λὲγει
814 1767 920 1842 γὰρ
953 1769 986 1837 ἡ
1021 1766 1229 1843 α’ίρεσις
1274 1769 1350 1831 ὡς
1407 1767 1472 1824 τὰ
1525 1766 1620 1824 δύο
1663 1773 1770 1824 τῶν
1817 1767 2028 1844 ἄρθρων

2134 1773 2280 1827 duas
2313 1787 2594 1843 personas
2623 1785 2772 1837 esse,
2795 1775 2852 1825 et
2879 1769 3230 1842 hypostases
3260 1769 3430 1825 binas
3461 1785 3782 1842 repraesen-

377 1855 736 1928 προτακτικὰ,
761 1857 788 1911 6
821 1856 950 1919 Θεὸς
983 1857 1072 1912 καὶ
1105 1859 1132 1912 6
1163 1856 1470 1932 ἅνθρωπος,
1504 1855 1599 1913 δύο
1630 1859 1942 1934 προσώπων
1972 1859 2021 1894 93

377 1943 478 1998 είσί
519 1943 608 1998 καὶ
653 1945 996 2001 ὓποστάσεων
1037 1967 1430 2022 παραστατικα,
1487 1948 1578 2002 καὶ
1638 1949 1823 2026 σχέσει
1877 1952 2018 2023 μονῇ

370 2035 470 2104 τήν
503 2030 694 2088 ἕνωσιν
725 2034 1177 2110 σχηματίζουσιν.
1210 2039 1337 2110 [809
1371 2038 1464 2110 R.]
1492 2035 1665 2094 Ἀλλὰ
1694 2038 1755 2090 τὸ
1805 2035 2018 2097 ἀναιδὲς

371 2121 580 2178 τούτων
632 2124 942 2186 ’Δθανάσιός
987 2145 1046 2180 τε
1093 2123 1184 2180 καί
1231 2127 1282 2180 οἱ
1333 2127 1630 2202 Γρηγόριοι
1671 2126 1761 2181 καὶ
1793 2127 2018 2202 Ἐπιφά-

369 2232 484 2274 νιος
523 2212 612 2266 καὶ
643 2213 672 2266 6
701 2212 1085 2287 Χρυσόπομος
1114 2214 1202 2268 καὶ
1235 2215 1396 2278 αὐτὸς
1430 2215 1457 2270 6
1487 2216 1688 2290 Κύριος
1719 2217 2016 2294 καταισχύ-

372 2322 580 2371 νουσιν,
613 2299 754 2364 ἴσαις
785 2309 990 2370 φωναῖς
1015 2304 1105 2359 καὶ
1137 2303 1354 2378 ὁμοίαις
1383 2306 1472 2360 καὶ
1523 2306 1675 2360 αὐτοὶ
1725 2306 2018 2382 πολλαχοῦ

374 2392 854 2466 χρησάμενοι,καὶ
887 2390 1186 2462 δηλοῦντες
1226 2391 1312 2448 διὰ
1356 2402 1456 2464 τῆς
1501 2397 1760 2467 τοιαύτης
1809 2417 2020 2472 προτα-

375 2487 482 2558 γῆς
536 2485 642 2536 τῶν
703 2482 916 2558 ἄρθρων
961 2485 1022 2538 οὐ
1079 2485 1172 2539 τόν
1224 2506 1342 2540 τινα
1386 2483 1670 2560 ἄνθρωπον
1733 2486 1878 2542 ἀλλὰ
1924 2487 2016 2542 τὸν

371 2570 586 2640 ὁλικὸν,
620 2569 744 2626 οὐδὲ
772 2574 872 2642 τὴν
897 2578 994 2628 106
1027 2575 1236 2650 Πατρὸς
1277 2576 1312 2646 ἢ
1345 2577 1444 2645 τήν
1471 2581 1569 2630 106
1600 2577 1730 2631 Υἱοῦ
1781 2577 2014 2632 ὑπόστα-

368 2681 452 2714 σιν
485 2658 634 2715 ἀλλᾶ
662 2663 762 2731 τὴν
791 2664 982 2734 κοινήν
1014 2662 1192 2739 φύσιν,
1233 2664 1324 2718 καὶ
1374 2663 1436 2720 οὐ
1481 2666 1598 2720 κατ’
1647 2667 1858 2721 εὐθεῖαν
1915 2667 2018 2740 μό-

373 2769 463 2803 νον
489 2750 557 2804 τᾶ
595 2749 764 2824 ἄρθρα
807 2749 954 2806 ἀλλὰ
996 2753 1088 2806 καὶ
1135 2753 1270 2808 κατὰ
1309 2754 1406 2816 τὰς
1457 2755 1692 2817 πτώσεις
1739 2761 1855 2816 τοῖς
1905 2755 2020 2811 ὀνό-

371 2857 502 2910 μασι
549 2836 1052 2902 συνδιαπλέκοντες.
1105 2841 1308 2896 Αὐτίκα
1353 2844 1648 2904 Ματθαῖος·
1703 2847 1798 2908 "Oc
1845 2846 1892 2882 ⁹⁴
1931 2843 2018 2900 ἐὰν

363 2923 492 3001 εἷ’πῃ
553 2924 748 3002 λόγον,
805 2929 962 3008 φησί,
1023 2931 1162 2985 κατά
1219 2935 1316 2986 106
1373 2932 1502 2986 Υἱοῦ
1557 2935 1656 2986 106
1703 2933 2015 3008 ἀνθρώπου,

361 3013 690 3088 ἀφεθήσεται
729 3017 896 3091 αὐτῷ·
945 3021 1032 3074 καὶ
1084 3017 1274 3074 πάλιν·
1325 3018 1536 3076 Μέλλει
1593 3021 1642 3056 9⁵
1699 3024 1726 3076 ὁ
1766 3025 1891 3084 Υιὸς
1921 3029 2016 3079 106

363 3104 655 3180 ἀνθρώπου
709 3102 964 3181 ἔρχεσθαι
1033 3107 1085 3162 ἐν
1152 3107 1220 3184 τῇ
1277 3106 1404 3184 δόξῃ
1460 3114 1558 3166 τοῦ
1626 3111 1836 3187 Πατρὸς
1921 3113 2016 3168 αὐ-

361 3199 481 3264 106,
536 3195 626 3249 mi
678 3195 868 3269 πάλιν,
927 3195 1140 3268 Μηδενὶ
1170 3199 1218 3234 9°
1273 3199 1460 3272 εἷ’πητε
1515 3201 1576 3255 τὸ
1634 3203 1836 3277 ὅραμα,
1913 3200 2017 3265 ἓως

361 3281 420 3338 ἂν
481 3285 510 3338 6
569 3285 692 3346 Υἱὸς
750 3291 846 3340 106
892 3287 1182 3363 ἀνθρώπου
1241 3287 1302 3343 ἐκ
1351 3288 1554 3366 νέκρων
1635 3291 1860 3366 ἀναστῇ.
1915 3292 2014 3347 Καὶ

363 3373 390 3426 ὁ
450 3373 730 3435 θεσπέσιος
791 3373 1028 3446 Παῦλος,
1071 3375 1134 3433 Εἰ
1186 3378 1232 3414 9⁷
1271 3379 1376 3452 γὰρ
1433 3383 1512 3450 τῷ
1541 3383 1636 3434 τοῦ
1693 3380 1811 3442 ἑνὸς
1847 3401 2016 3457 παρα-

357 3461 620 3534 πτώματι
678 3463 730 3516 οἱ
788 3461 998 3520 πολλοὶ
1050 3465 1332 3536 ἀπέθανον,
1393 3467 1592 3542 πολλῷ
1652 3467 1867 3542 μᾶλλον
1943 3474 2012 3544 τῇ

359 3549 550 3624 χάριτι
607 3555 704 3605 106
755 3557 888 3607 9506
937 3552 1028 3608 καὶ
1075 3558 1144 3628 τῇ
1198 3552 1374 3630 δωρεᾷ
1421 3555 1472 3610 ἐν
1523 3557 1708 3635 χάριτι
1757 3563 1854 3613 106
1896 3559 2012 3622 ἑνὸς

361 3639 648 3714 ἀνθρώπου
709 3641 890 3711 Ἰησοῦ
949 3647 1186 3718 Χριστοῦ
1244 3643 1322 3706 εἷς
1388 3645 1514 3706 τοὺς
1583 3646 1832 3712 πολλοὺς
1917 3670 2011 3704 πει

363 3730 666 3802 ριὲσσευσεν
696 3731 761 3788 9'.
796 3731 882 3788 Ἑν
925 3733 1028 3807 γὰρ
1064 3734 1280 3796 τούτοις
1329 3733 1522 3790 ἅπασιν
1573 3739 1606 3805 ’ἦ
1657 3741 1753 3791 τοῦ
1801 3739 2013 3812 ἀνθρώ-

361 3839 468 3873 που
523 3823 716 3892 μνήμη
773 3823 906 3891 μετά
947 3821 1044 3876 τοὺ
1094 3824 1312 3900 γενικοὺ
1359 3824 1704 3900 προαγομὲνη
1739 3829 1784 3863 ⁹⁹
1809 3827 2012 3903 ἄρθρου

363 3905 628 3982 οὐδαμῶς
660 3906 830 3964 διεῖλε
853 3911 942 3966 τὸν
976 3905 1064 3965 ἕνα
1102 3915 1114 3948 ¹
1149 3913 1345 3984 Κύριον
1397 3917 1556 3986 ἡμῶν
1617 3916 1826 3985 Ἰησοῦν
1875 3917 2012 3992 Χρμ

361 3998 488 4052 στὸν
541 3997 618 4060 εἷς
671 3995 932 4077 διαφοράν
983 4001 1352 4062 ὑποστάσεων.
1403 4005 1505 4060 Καὶ
1557 4005 1584 4058 6
1645 4006 1904 4082 θεοφόρος
1957 4003 2013 4060 δὲ

358 4088 626 4163 Ἰγνάτιος
727 4091 818 4144 καὶ
925 4091 1151 4164 μάρτυς,
1237 4093 1572 4168 Σμυρναίοις
1648 4092 2010 4163 ἐπιστέλλων,

363 4175 575 4248 ὁμοίως
625 4177 892 4252 κέχρηται
939 4185 1020 4252 τῷ
1065 4180 1271 4254 ἆρθρῳ,
1315 4183 1414 4236 Καὶ
1466 4184 1492 4236 6
1525 4185 1745 4256 Ῥώμης
1779 4181 2011 4246 Ἰούλιος

2134 1864 2284 1926 tare,
2307 1869 2360 1916 et
2391 1859 2516 1916 sola
2545 1859 2906 1916 connexione
2935 1858 3213 1914 unionem
3245 1859 3542 1915 denotare.
3565 1859 3780 1916 Verum

2130 1949 2280 2004 hanc
2303 1948 2722 2020 impudentiam
2745 1947 3125 2018 Athanasius,
3143 1947 3400 2018 Gregorii
3425 1949 3620 2017 ambo,
3643 1949 3782 2020 Epi-

2131 2037 2402 2110 phanius,
2435 2037 2914 2110 Chrysostomus,
2946 2043 3002 2094 et
3032 2037 3275 2108 ipsemet
3317 2037 3600 2094 Dominus
3645 2055 3780 2096 con-

2129 2127 2340 2196 futant,
2391 2127 2686 2184 similibus
2741 2143 2886 2199 pene
2929 2132 2988 2184 et
3033 2127 3358 2198 aequalibus
3415 2128 3632 2200 ubique
3683 2129 3770 2184 usi

2126 2217 2390 2272 vocibus.
2429 2219 2557 2273 Haec
2587 2215 2918 2288 prasﬁxione
2947 2215 3330 2272 articulorum
3380 2221 3766 2286 ostentantes,

2129 2323 2242 2362 non
2292 2305 2546 2377 aliquem
2594 2311 2821 2362 certum
2872 2305 3196 2370 hominem,
3228 2306 3330 2361 sed
3361 2305 3764 2375 universalem,

2128 2411 2313 2467 neque
2359 2395 2546 2451 Patris
2596 2398 2696 2450 aut
2742 2393 2872 2448 Filii
2919 2393 3286 2466 hypostasin,
3333 2393 3434 2450 sed
3495 2399 3768 2452 naturam

2129 2501 2502 2541 communem
2549 2482 2868 2554 designari,
2902 2491 2954 2538 et
2985 2500 3100 2538 non
3131 2483 3190 2537 in
3225 2487 3380 2538 recto
3425 2498 3566 2538 casu
3599 2484 3770 2539 modo

2129 2573 2430 2641 articulos,
2455 2571 2556 2627 sed
2579 2575 2636 2627 et
2659 2571 2891 2626 casibus
2911 2569 3042 2626 aliis
3073 2572 3246 2626 verbo
3278 2570 3562 2626 declinato
3593 2572 3768 2626 sumi.

2128 2661 2334 2718 Statim
2367 2661 2676 2716 Mattheus
2703 2676 2716 2715 :
2753 2659 3072 2731 Quicunque
3101 2658 3310 2714 dixerit
3339 2659 3564 2714 verbum
3584 2667 3775 2716 contra

2129 2751 2337 2806 Filium
2378 2751 2640 2818 hominis,
2674 2749 2978 2804 remittitur
3007 2749 3058 2804 ei
3085 2747 3130 2802 δ.
3170 2748 3239 2802 Et
3289 2747 3542 2802 iterum:
3600 2747 3772 2804 Filius

2130 2840 2368 2895 hominis
2397 2837 2587 2895 258a
2615 2843 2884 2893 venturus
2923 2845 3003 2892 est
3050 2837 3112 2890 in
3140 2837 3320 2904 gloria
3349 2836 3541 2891 Patris
3578 2837 3670 2891 sui
3725 2849 3766 2891 ο.

2129 2929 2196 2984 Ει
2227 2927 2463 2984 subdit:
2497 2929 2714 2983 Nemini
2771 2925 3028 2982 dixeritis
3071 2923 3342 2980 visionem
3387 2925 3551 2995 hanc,
3601 2927 3773 2982 donec

2125 3017 2308 3073 Filius
2341 3016 2582 3073 hominis
2611 3033 2644 3071 a
2676 3014 2910 3071 mortuis
2941 3019 3196 3084 resurgat
3224 3011 3269 3067 ἀ.
3321 3013 3392 3068 Ει
3419 3017 3474 3068 S.
3509 3014 3768 3072 Paulus:

2123 3109 2189 3164 Si
2215 3108 2363 3163 enim
2395 3106 2562 3162 unius
2591 3105 2785 3161 delicto
2815 3105 2976 3159 multi
3005 3103 3215 3160 mortui
3237 3103 3574 3168 sunt,multo
3593 3105 3773 3172 magis

2123 3197 2184 3252 in
2239 3197 2434 3268 gratia
2467 3194 2592 3263 Dei,
2624 3199 2674 3252 et
2705 3193 2912 3248 donum
2961 3192 3022 3248 in
3064 3191 3258 3262 gratia
3313 3191 3480 3246 unius
3533 3191 3774 3249 hominis

2119 3293 2253 3346 Jesu
2287 3285 2496 3342 Christi
2523 3287 2582 3340 in
2623 3285 2810 3356 plures
2851 3283 3156 3338 abundavit
3181 3295 3224 3337 ο.
3259 3285 3322 3336 In
3357 3281 3446 3336 bis
3493 3281 3770 3338 omnibus

2123 3375 2343 3432 mentio
2377 3375 2443 3429 ﬁt
2471 3373 2724 3430 hominis
2751 3373 2808 3428 in
2852 3371 3128 3443 gignendi
3174 3387 3330 3440 casu,
3363 3387 3469 3426 nec
3513 3387 3765 3442 usquam

2122 3465 2340 3522 Christi
2382 3463 2521 3520 Jesu
2583 3477 2890 3534 personam
2949 3459 3167 3516 divisit.
3202 3459 3476 3516 Scribens
3533 3477 3768 3532 quoque

2120 3556 2431 3629 Smyrnaeis
2487 3554 2657 3610 divus
2713 3552 2996 3626 Ignatius,
3041 3551 3318 3607 similiter
3369 3550 3476 3607 hoc
3525 3549 3768 3606 articulo

2122 3647 2326 3701 utitur.
2361 3643 2427 3698 Et
2455 3642 2644 3698 Julius
2677 3642 2934 3712 pontifex
2979 3643 3277 3694 Romanus
3306 3638 3366 3692 in
3400 3639 3648 3711 epistola
3697 3639 3766 3692 ad

2123 3733 2384 3798 Decium,
2417 3731 2575 3786 hunc
2605 3745 2734 3784 esse
2757 3731 2926 3800 jubet
2953 3728 3288 3796 anathema,
3321 3725 3418 3796 qui
3451 3726 3632 3781 Deum
3673 3725 3767 3781 in-

2121 3827 2425 3880 carnatum
2457 3837 2488 3876 e
2515 3819 2695 3875 Maria
2725 3817 3022 3874 hominem
3079 3833 3194 3872 non
3239 3815 3410 3870 fuerit
3441 3815 3767 3870 confessus.

2123 3912 2336 3966 Eadem
2368 3925 2398 3964 e
2428 3914 2708 3965 strenuus
2755 3905 3118 3962 Athanasius
3165 3905 3226 3958 in
3277 3903 3423 3959 libro
3459 3905 3529 3958 De
3556 3903 3681 3973 ﬁde,
3713 3907 3770 3959 et

2124 3999 2428 4070 Gregorius
2463 3995 2792 4068 Theologus
2821 3995 2880 4050 in
2913 3993 3159 4066 epistola
3187 3993 3256 4047 ad
3289 3991 3633 4048 Cledonium
3671 4007 3764 4048 se—

2123 4091 2333 4161 cunda,
2367 4089 2539 4144 etiam
2586 4086 2760 4142 variis
2801 4085 2950 4141 locis
2997 4084 3306 4154 Gregorius
3357 4082 3676 4152 Nyssenus,
3708 4088 3768 4140 et

2121 4195 2286 4236 sacer
2333 4177 2584 4234 Basilius
2633 4177 2692 4231 in
2741 4175 2998 4232 oratione
3025 4175 3100 4230 De
3127 4173 3251 4244 ﬁde,
3285 4177 3341 4228 et
3371 4173 3427 4228 in
3461 4173 3560 4227 lib.
3595 4189 3658 4241 ιι,
3693 4174 3766 4229 De

400 4237 412 4248 ‘
689 4237 798 4252 ’ω’
993 4237 1004 4252 ι
1103 4237 1271 4254 ιιιι
1548 4237 1561 4239 ν
1639 4237 1744 4256 ι..
1796 4237 1840 4239 -γ
1918 4237 2009 4246 νη,

355 4261 412 4318 ἐν
437 4267 506 4338 τῇ
539 4266 673 4338 πρὸς
707 4266 898 4321 Δόκιον
932 4267 1194 4344 ἐπιστολῇ
1237 4293 1400 4349 φησιν
1454 4271 1591 4326 ὥστε
1635 4273 1727 4327 καὶ
1771 4271 2012 4346 ἀνάθεμα

2129 4270 2324 4327 haeresi
2353 4266 2754 4340 Epiphanius;
2789 4266 2890 4321 sed
2922 4267 2978 4320 et
3011 4237 3248 4319 Atticus,
3276 4237 3762 4332 Constantinopo-

357 4350 504 4406 ἔστω
543 4358 646 4416 πᾶς
677 4355 704 4409 6
735 4355 824 4410 τὸν
875 4355 934 4411 ἐκ
977 4359 1185 4434 Μαρίας
1233 4357 1518 4435 ἄνθρωπον
1567 4359 1674 4434 οὐχ
1721 4359 2010 4436 ὁμολογῶν

359 4441 502 4496 έῖναι
560 4439 816 4518 ἔνσαρκον
871 4447 1018 4502 Θεόν.
1077 4447 1160 4504 Τὰ
1205 4449 1342 4503 αὐτὰ
1399 4447 1455 4504 δὲ
1502 4448 1591 4503 καὶ
1634 4451 1662 4504 6
1699 4448 2014 4513 πολὺαθλος

357 4531 676 4596 Ἀθανάσιος
731 4531 786 4586 ἐν
843 4538 922 4606 τῷ
973 4536 1102 4610 Περὶ
1152 4537 1388 4600 πίστεως
1439 4536 1610 4614 λόγῳ,
1658 4539 1748 4592 καὶ
1810 4539 1837 4593 6
1883 4545 2011 4594 Θεο-

358 4617 536 4693 λόγος
567 4623 874 4696 Γρηγόριος
907 4621 960 4677 ἐν
986 4628 1054 4698 τῇ
1087 4625 1222 4700 πρὸς
1266 4625 1576 4698 Κληδόνων
1725 4625 2012 4702 ἐπιστολῇ,

353 4708 442 4762 ναὶ
479 4709 588 4782 μην
617 4709 702 4764 καὶ
737 4713 765 4766 6
797 4713 1010 4784 Νύσσης
1053 4715 1357 4791 Γρηγόριος
1389 4716 1440 4770 ἐν
1476 4714 1760 4794 διαφόροις
1799 4716 2012 4794 λόγοις,

355 4799 452 4853 καὶ
487 4800 768 4866 Βασίλειος
801 4804 828 4857 6
861 4805 1140 4870 θεσπέσιος
1173 4805 1223 4862 ἐν
1259 4811 1336 4880 τῷ
1377 4809 1506 4884 Περὶ
1559 4807 1790 4870 πίστεως
1833 4807 2010 4884 λόγῳ,

433 4951 458 4992 ιι
509 4951 712 5008 Matth.
744 4969 847 5019 xu,
879 4953 968 5010 32.

2127 4359 2246 4416 leos
2276 4358 2336 4414 in
2367 4356 2616 4428 epistola
2645 4356 2715 4411 ad
2749 4353 3185 4427 Empsychium,
3216 4357 3272 4408 et
3299 4351 3552 4407 Joannes
3582 4351 3768 4422 Chry-

2124 4451 2424 4504 sostomus
2457 4445 2697 4502 homilia
2725 4445 2758 4500 3
2787 4443 2846 4498 in
2877 4442 3060 4515 Epist.
3093 4439 3256 4496 Pauli
3285 4443 3356 4496 ad
3401 4440 3679 4513 Ephesios
3711 4443 3768 4496 et

2123 4537 2183 4594 in
2241 4537 2522 4593 Thesauris
2575 4533 2844 4607 Cyrillus,
2903 4537 2960 4587 et
3015 4529 3412 4602 Eaplicatione
3469 4529 3764 4586 Malachiaa

2123 4628 2416 4701 propheta:
2445 4633 2500 4681 et
2529 4623 2772 4682 Joannis
2803 4619 3195 4693 evangelista,
3229 4625 3284 4674 et
3315 4619 3374 4674 in
3401 4618 3547 4676 libro
3583 4636 3641 4675 ix
3687 4621 3766 4673 De

2121 4719 2445 4774 adoratione
2475 4717 2534 4770 in
2565 4713 2777 4787 Spiritu
2823 4717 2874 4768 et
2917 4713 3152 4767 veritate
3193 4709 3326 4780 (72).
3381 4709 3564 4765 Habet
3611 4710 3766 4764 enim

2123 4811 2240 4866 ita:
2273 4809 2500 4864 Natura
2537 4805 2687 4860 enim
2731 4815 2988 4872 superne
3035 4799 3422 4855 habitaculum
3471 4798 3768 4870 locupletat

1030 4969 1050 4994 ε
1085 4955 1289 5012 Matth.
1317 4972 1430 5023 xvx,
1463 4957 1550 5010 27.
1605 4955 1630 4997 ἀ
1662 4955 1868 5013 Matth.
1901 4973 2018 5011 xvn
2047 4955 2102 5012 8.
2135 4967 2160 4996 ο
2213 4953 2378 5009 Rom.
2413 4967 2465 5017 ν,
2501 4949 2585 5003 15.

1721 5093 1962 5150 VARUE
2004 5090 2408 5148 LEGTIONES.

427 5205 476 5278 ⁸9
505 5201 762 5278 εὗτυχῷς

347 5276 738 5351 «statere?-

353 5345 448 5406 15.
525 5347 572 5384 ⁹⁶
601 5345 994 5422 ἐπερίσσευσεν.

957 5209 1261 5294 ἓίιρεὲδδ
1292 5210 1321 5265 θ
1350 5211 1466 5294 29-.
1517 5205 1786 5294 "3655321
1817 5205 2014 5294 λέγειν.
2037 5211 2102 5264 Α·
2179 5203 2454 5294 "nam;

844 5280 866 5314 ‘
897 5277 976 5352 ὅς]
1011 5276 1225 5337 Matth.
1265 5297 1368 5348 xu,
1400 5283 1488 5339 32.
1564 5281 1610 5318 ’5
1643 5276 1856 5354 μέλλει]
1895 5276 2038 5336 ibid.
2071 5296 2187 5348 xw,
2217 5279 2306 5332 27.

844 5369 994 5406 υσεν.
1077 5351 1122 5387 θ’
1150 5351 1536 5426 προσαγομένη
1745 5355 1762 5389 ί
1788 5347 1882 5405 ἓνα
1911 5352 2046 5408 add.
2079 5353 2144 5406 A.

2665 5195 2826 5270 δόξης
3013 5197 3058 5232 ⁵³
3113 5193 3604 5270 προσώπονηορη.
3661 5193 3758 5250 A:

2406 5263 2454 5308 9⁸
2489 5268 2705 5346 μηδενὶ]
2739 5263 2946 5326 ΜΒΝ,ὴῖ
2981 5285 3120 5336 XVII,
3149 5263 3203 5321 8.
3281 5263 3326 5300 97
3371 5263 3438 5336 εἰ]
3483 5267 3649 5322 Rom.
3697 5281 3756 5336 ν,

1967 5473 2185 5532 NOTAE

429 5579 548 5659 (71)
579 5584 653 5637 Ut
681 5581 1108 5654 incarnatione,
1132 5586 1286 5659 quod
1311 5585 1630 5644 maximum
1660 5589 1752 5644 est
1781 5585 2008 5646 miseri-

351 5651 568 5712 cordia
598 5669 765 5725 opus.

2192 5581 2302 5652 (72)
2333 5577 2516 5652 Hodie
2546 5575 2817 5633 tredecim
2848 5577 3076 5632 exstant
3106 5571 3300 5647 Cyrilli
3331 5572 3403 5628 De
3435 5569 3759 5630 adoratione

2120 5649 2315 5710 Romae.
2345 5649 2507 5707 editi.
