  <div class='ocr_page' id='page_1' title='image "/cluster/home/n/w/nwhite01/storage/ocr_20150623/103/hvd.32044054112495/519.png"; bbox 0 0 4154 6218; ppageno 0'>
   <div class='ocr_carea' id='block_1_1' title="bbox 479 333 596 394">
    <p class='ocr_par' dir='ltr' id='par_1_1' title="bbox 479 333 596 394">
     <span class='ocr_line' id='line_1_1' title="bbox 479 333 596 394; baseline 0 -2"><span class='ocrx_word' id='word_1_1' title='bbox 479 333 596 394; x_wconf 87' lang='grc'><strong>999</strong></span> 
     </span>
    </p>
   </div>
   <div class='ocr_carea' id='block_1_2' title="bbox 1675 324 2675 390">
    <p class='ocr_par' dir='ltr' id='par_1_2' title="bbox 1675 324 2675 390">
     <span class='ocr_line' id='line_1_2' title="bbox 1675 324 2675 390; baseline -0.004 -2"><span class='ocrx_word' id='word_1_2' title='bbox 1675 329 1943 390; x_wconf 87' lang='lat' dir='ltr'>PHOTlI</span> <span class='ocrx_word' id='word_1_3' title='bbox 1984 325 2517 389; x_wconf 66' lang='lat' dir='ltr'>PATRIARCHE</span> <span class='ocrx_word' id='word_1_4' title='bbox 2559 324 2675 385; x_wconf 80' lang='grc' dir='ltr'>ΟΡ.</span> 
     </span>
    </p>
   </div>
   <div class='ocr_carea' id='block_1_3' title="bbox 3730 329 3892 392">
    <p class='ocr_par' dir='ltr' id='par_1_3' title="bbox 3730 329 3892 392">
     <span class='ocr_line' id='line_1_3' title="bbox 3730 329 3892 392; baseline 0.025 -3"><span class='ocrx_word' id='word_1_5' title='bbox 3730 329 3892 392; x_wconf 75' lang='grc'>1000</span> 
     </span>
    </p>
   </div>
   <div class='ocr_carea' id='block_1_4' title="bbox 479 461 2108 541">
    <p class='ocr_par' dir='ltr' id='par_1_4' title="bbox 479 463 2100 541">
     <span class='ocr_line' id='line_1_4' title="bbox 479 463 2100 541; baseline -0.001 -19"><span class='ocrx_word' id='word_1_6' title='bbox 479 471 758 541; x_wconf 77' lang='lat' dir='ltr'>virginale</span> <span class='ocrx_word' id='word_1_7' title='bbox 793 469 1076 539; x_wconf 81' lang='lat' dir='ltr'>templum.</span> <span class='ocrx_word' id='word_1_8' title='bbox 1112 467 1241 522; x_wconf 65' lang='lat' dir='ltr'>Huic</span> <span class='ocrx_word' id='word_1_9' title='bbox 1271 466 1468 521; x_wconf 82' lang='lat' dir='ltr'>omnia</span> <span class='ocrx_word' id='word_1_10' title='bbox 1499 470 1556 521; x_wconf 89' lang='lat' dir='ltr'>et</span> <span class='ocrx_word' id='word_1_11' title='bbox 1587 481 1719 521; x_wconf 91' lang='lat' dir='ltr'>cum</span> <span class='ocrx_word' id='word_1_12' title='bbox 1767 463 2030 521; x_wconf 81' lang='lat' dir='ltr'>articulis</span> <span class='ocrx_word' id='word_1_13' title='bbox 2070 480 2100 520; x_wconf 89' lang='lat' dir='ltr'>e</span> 
     </span>
    </p>
   </div>
   <div class='ocr_carea' id='block_1_5' title="bbox 2221 461 3891 541">
    <p class='ocr_par' dir='ltr' id='par_1_5' title="bbox 2233 461 3891 541">
     <span class='ocr_line' id='line_1_5' title="bbox 2233 461 3891 541; baseline 0.003 -25"><span class='ocrx_word' id='word_1_14' title='bbox 2233 461 2323 516; x_wconf 85' lang='lat' dir='ltr'>xui</span> <span class='ocrx_word' id='word_1_15' title='bbox 2382 463 2410 515; x_wconf 99' lang='lat'>6</span> <span class='ocrx_word' id='word_1_16' title='bbox 2461 462 2769 534; x_wconf 89' lang='grc' dir='ltr'>θαυμαστὸς</span> <span class='ocrx_word' id='word_1_17' title='bbox 2818 461 3136 541; x_wconf 75' lang='grc' dir='ltr'>Ἐπιφάνιος</span> <span class='ocrx_word' id='word_1_18' title='bbox 3183 462 3238 518; x_wconf 83' lang='grc' dir='ltr'>ἐν</span> <span class='ocrx_word' id='word_1_19' title='bbox 3286 469 3366 536; x_wconf 80' lang='grc' dir='ltr'>τῷ</span> <span class='ocrx_word' id='word_1_20' title='bbox 3425 466 3554 539; x_wconf 81' lang='grc' dir='ltr'>Περὶ</span> <span class='ocrx_word' id='word_1_21' title='bbox 3624 467 3891 541; x_wconf 74' lang='grc' dir='ltr'>αἱρέσεως</span> 
     </span>
    </p>
   </div>
   <div class='ocr_carea' id='block_1_6' title="bbox 480 555 2127 627">
    <p class='ocr_par' dir='ltr' id='par_1_6' title="bbox 480 555 2127 627">
     <span class='ocr_line' id='line_1_6' title="bbox 480 555 2127 627; baseline -0.002 -14"><span class='ocrx_word' id='word_1_22' title='bbox 480 557 736 614; x_wconf 82' lang='lat' dir='ltr'>divinam</span> <span class='ocrx_word' id='word_1_23' title='bbox 770 563 827 613; x_wconf 88' lang='lat' dir='ltr'>et</span> <span class='ocrx_word' id='word_1_24' title='bbox 857 557 1174 612; x_wconf 78' lang='lat' dir='ltr'>humanam</span> <span class='ocrx_word' id='word_1_25' title='bbox 1207 560 1477 610; x_wconf 87' lang='lat' dir='ltr'>naturam</span> <span class='ocrx_word' id='word_1_26' title='bbox 1511 555 1801 627; x_wconf 84' lang='lat' dir='ltr'>designat.</span> <span class='ocrx_word' id='word_1_27' title='bbox 1833 555 1941 609; x_wconf 89' lang='lat' dir='ltr'>Sed</span> <span class='ocrx_word' id='word_1_28' title='bbox 1974 570 2127 625; x_wconf 91' lang='lat' dir='ltr'>quo-</span> 
     </span>
    </p>
   </div>
   <div class='ocr_carea' id='block_1_7' title="bbox 479 645 2122 716">
    <p class='ocr_par' dir='ltr' id='par_1_7' title="bbox 479 645 2122 716">
     <span class='ocr_line' id='line_1_7' title="bbox 479 645 2122 716; baseline -0.002 -12"><span class='ocrx_word' id='word_1_29' title='bbox 479 651 651 704; x_wconf 89' lang='lat' dir='ltr'>modo</span> <span class='ocrx_word' id='word_1_30' title='bbox 705 647 800 703; x_wconf 90' lang='lat' dir='ltr'>hic</span> <span class='ocrx_word' id='word_1_31' title='bbox 848 651 1117 703; x_wconf 87' lang='lat' dir='ltr'>sanctum</span> <span class='ocrx_word' id='word_1_32' title='bbox 1175 647 1426 701; x_wconf 87' lang='lat' dir='ltr'>Leonem</span> <span class='ocrx_word' id='word_1_33' title='bbox 1481 645 1540 701; x_wconf 91' lang='lat' dir='ltr'>in</span> <span class='ocrx_word' id='word_1_34' title='bbox 1592 645 1973 716; x_wconf 82' lang='lat' dir='ltr'>productione</span> <span class='ocrx_word' id='word_1_35' title='bbox 2031 661 2122 700; x_wconf 87' lang='lat' dir='ltr'>ar-</span> 
     </span>
    </p>
   </div>
   <div class='ocr_carea' id='block_1_8' title="bbox 477 733 2126 802">
    <p class='ocr_par' dir='ltr' id='par_1_8' title="bbox 477 733 2126 802">
     <span class='ocr_line' id='line_1_8' title="bbox 477 733 2126 802; baseline -0.001 -12"><span class='ocrx_word' id='word_1_36' title='bbox 477 737 782 792; x_wconf 85' lang='lat' dir='ltr'>ticulorum</span> <span class='ocrx_word' id='word_1_37' title='bbox 841 745 1096 802; x_wconf 86' lang='lat' dir='ltr'>accusat,</span> <span class='ocrx_word' id='word_1_38' title='bbox 1142 741 1201 790; x_wconf 85' lang='lat' dir='ltr'>et</span> <span class='ocrx_word' id='word_1_39' title='bbox 1248 739 1488 790; x_wconf 59' lang='lat' dir='ltr'>caeteros</span> <span class='ocrx_word' id='word_1_40' title='bbox 1545 735 1744 790; x_wconf 79' lang='lat' dir='ltr'>Patres</span> <span class='ocrx_word' id='word_1_41' title='bbox 1805 751 1918 790; x_wconf 88' lang='lat' dir='ltr'>non</span> <span class='ocrx_word' id='word_1_42' title='bbox 1978 733 2126 789; x_wconf 85' lang='lat' dir='ltr'>alla—</span> 
     </span>
    </p>
   </div>
   <div class='ocr_carea' id='block_1_9' title="bbox 476 827 610 880">
    <p class='ocr_par' dir='ltr' id='par_1_9' title="bbox 476 827 610 880">
     <span class='ocr_line' id='line_1_9' title="bbox 476 827 610 880; baseline 0.007 -1"><span class='ocrx_word' id='word_1_43' title='bbox 476 827 610 880; x_wconf 87' lang='lat' dir='ltr'>trat.</span> 
     </span>
    </p>
   </div>
   <div class='ocr_carea' id='block_1_10' title="bbox 2233 545 3892 626">
    <p class='ocr_par' dir='ltr' id='par_1_10' title="bbox 2233 545 3892 626">
     <span class='ocr_line' id='line_1_10' title="bbox 2233 545 3892 626; baseline 0.003 -20"><span class='ocrx_word' id='word_1_44' title='bbox 2233 553 2437 626; x_wconf 78' lang='grc' dir='ltr'>πρώτῳ</span> <span class='ocrx_word' id='word_1_45' title='bbox 2499 545 2722 624; x_wconf 73' lang='grc' dir='ltr'>βιϐλίῳ,</span> <span class='ocrx_word' id='word_1_46' title='bbox 2779 549 2926 607; x_wconf 80' lang='grc' dir='ltr'>ἀλλὰ</span> <span class='ocrx_word' id='word_1_47' title='bbox 2971 551 3062 606; x_wconf 85' lang='grc' dir='ltr'>καὶ</span> <span class='ocrx_word' id='word_1_48' title='bbox 3145 553 3173 606; x_wconf 89' lang='lat'>6</span> <span class='ocrx_word' id='word_1_49' title='bbox 3261 555 3892 618; x_wconf 79' lang='grc' dir='ltr'>Κωνσταντινουπόλεως</span> 
     </span>
    </p>
   </div>
   <div class='ocr_carea' id='block_1_11' title="bbox 2234 639 3892 717">
    <p class='ocr_par' dir='ltr' id='par_1_11' title="bbox 2234 639 3892 717">
     <span class='ocr_line' id='line_1_11' title="bbox 2234 639 3892 717; baseline 0.001 -20"><span class='ocrx_word' id='word_1_50' title='bbox 2234 640 2477 701; x_wconf 85' lang='grc' dir='ltr'>Ἀττικὸς</span> <span class='ocrx_word' id='word_1_51' title='bbox 2511 639 2560 694; x_wconf 82' lang='grc' dir='ltr'>ἐν</span> <span class='ocrx_word' id='word_1_52' title='bbox 2596 643 2664 713; x_wconf 82' lang='grc' dir='ltr'>τῇ</span> <span class='ocrx_word' id='word_1_53' title='bbox 2697 641 2831 714; x_wconf 87' lang='grc' dir='ltr'>πρὸς</span> <span class='ocrx_word' id='word_1_54' title='bbox 2865 639 3144 716; x_wconf 81' lang='grc' dir='ltr'>Εὐψύχιον</span> <span class='ocrx_word' id='word_1_55' title='bbox 3183 640 3473 716; x_wconf 80' lang='grc' dir='ltr'>ἐπιστολῇ,</span> <span class='ocrx_word' id='word_1_56' title='bbox 3524 642 3616 698; x_wconf 84' lang='lat' dir='ltr'>xui</span> <span class='ocrx_word' id='word_1_57' title='bbox 3668 645 3696 699; x_wconf 87' lang='lat'>6</span> <span class='ocrx_word' id='word_1_58' title='bbox 3739 646 3892 717; x_wconf 80' lang='grc' dir='ltr'>Χρυ·</span> 
     </span>
    </p>
   </div>
   <div class='ocr_carea' id='block_1_12' title="bbox 2233 727 3889 807">
    <p class='ocr_par' dir='ltr' id='par_1_12' title="bbox 2233 727 3889 807">
     <span class='ocr_line' id='line_1_12' title="bbox 2233 727 3889 807; baseline 0.003 -24"><span class='ocrx_word' id='word_1_59' title='bbox 2233 728 2503 801; x_wconf 87' lang='grc' dir='ltr'>σόστομος</span> <span class='ocrx_word' id='word_1_60' title='bbox 2551 727 2605 782; x_wconf 88' lang='grc' dir='ltr'>ἐν</span> <span class='ocrx_word' id='word_1_61' title='bbox 2651 728 2916 802; x_wconf 76' lang='grc' dir='ltr'>ἑρμηνείᾳ</span> <span class='ocrx_word' id='word_1_62' title='bbox 2961 736 3061 798; x_wconf 87' lang='grc' dir='ltr'>τῆς</span> <span class='ocrx_word' id='word_1_63' title='bbox 3091 730 3197 804; x_wconf 89' lang='grc' dir='ltr'>πρὸ</span> <span class='ocrx_word' id='word_1_64' title='bbox 3241 731 3526 807; x_wconf 77' lang='grc' dir='ltr'>Ἐφεσίους</span> <span class='ocrx_word' id='word_1_65' title='bbox 3560 730 3889 802; x_wconf 70' lang='grc' dir='ltr'>ἐπιστολῆς,</span> 
     </span>
    </p>
   </div>
   <div class='ocr_carea' id='block_1_13' title="bbox 2231 815 3892 894">
    <p class='ocr_par' dir='ltr' id='par_1_13' title="bbox 2231 815 3892 894">
     <span class='ocr_line' id='line_1_13' title="bbox 2231 815 3892 894; baseline 0.002 -22"><span class='ocrx_word' id='word_1_66' title='bbox 2231 816 2421 891; x_wconf 71' lang='grc' dir='ltr'>τρίτης</span> <span class='ocrx_word' id='word_1_67' title='bbox 2469 815 2718 890; x_wconf 84' lang='grc' dir='ltr'>ὁμιλίας,</span> <span class='ocrx_word' id='word_1_68' title='bbox 2766 817 2855 870; x_wconf 86' lang='grc' dir='ltr'>καὶ</span> <span class='ocrx_word' id='word_1_69' title='bbox 2905 815 3178 891; x_wconf 74' lang='grc' dir='ltr'>Κύριλλος</span> <span class='ocrx_word' id='word_1_70' title='bbox 3227 816 3285 872; x_wconf 79' lang='grc' dir='ltr'>δὲ</span> <span class='ocrx_word' id='word_1_71' title='bbox 3338 817 3387 872; x_wconf 83' lang='grc' dir='ltr'>ἐν</span> <span class='ocrx_word' id='word_1_72' title='bbox 3436 825 3553 882; x_wconf 84' lang='grc' dir='ltr'>τοῖς</span> <span class='ocrx_word' id='word_1_73' title='bbox 3587 822 3892 894; x_wconf 80' lang='grc' dir='ltr'>θησαυροῖς</span> 
     </span>
    </p>
   </div>
   <div class='ocr_carea' id='block_1_14' title="bbox 473 904 3890 989">
    <p class='ocr_par' dir='ltr' id='par_1_14' title="bbox 473 904 3890 989">
     <span class='ocr_line' id='line_1_14' title="bbox 473 904 3890 989; baseline -0 -22"><span class='ocrx_word' id='word_1_74' title='bbox 473 913 562 967; x_wconf 81' lang='grc' dir='ltr'>καὶ</span> <span class='ocrx_word' id='word_1_75' title='bbox 595 911 648 967; x_wconf 87' lang='grc' dir='ltr'>ἐν</span> <span class='ocrx_word' id='word_1_76' title='bbox 678 916 744 985; x_wconf 80' lang='grc' dir='ltr'>τῇ</span> <span class='ocrx_word' id='word_1_77' title='bbox 778 911 1036 988; x_wconf 72' lang='grc' dir='ltr'>ἑρμηνείᾳ</span> <span class='ocrx_word' id='word_1_78' title='bbox 1064 912 1161 967; x_wconf 71' lang='grc' dir='ltr'>τοῦ</span> <span class='ocrx_word' id='word_1_79' title='bbox 1191 914 1479 989; x_wconf 55' lang='grc' dir='ltr'>προρήτου</span> <span class='ocrx_word' id='word_1_80' title='bbox 1509 911 1803 989; x_wconf 83' lang='grc' dir='ltr'>Μαλαχίου</span> <span class='ocrx_word' id='word_1_81' title='bbox 1833 912 1920 966; x_wconf 88' lang='grc' dir='ltr'>καὶ</span> <span class='ocrx_word' id='word_1_82' title='bbox 1953 910 2005 965; x_wconf 87' lang='grc' dir='ltr'>ἐν</span> <span class='ocrx_word' id='word_1_83' title='bbox 2047 914 2115 982; x_wconf 82' lang='grc' dir='ltr'>τῇ</span> <span class='ocrx_word' id='word_1_84' title='bbox 2173 905 2436 981; x_wconf 73' lang='grc' dir='ltr'>ἑρμηνείᾳ</span> <span class='ocrx_word' id='word_1_85' title='bbox 2473 910 2568 960; x_wconf 79' lang='grc' dir='ltr'>τοῦ</span> <span class='ocrx_word' id='word_1_86' title='bbox 2627 907 2763 960; x_wconf 71' lang='grc' dir='ltr'>κατὰ</span> <span class='ocrx_word' id='word_1_87' title='bbox 2818 906 3080 976; x_wconf 77' lang='grc' dir='ltr'>Ἰωάννην</span> <span class='ocrx_word' id='word_1_88' title='bbox 3134 904 3480 984; x_wconf 70' lang='grc' dir='ltr'>Εὔαγγελίου</span> <span class='ocrx_word' id='word_1_89' title='bbox 3548 909 3636 963; x_wconf 79' lang='grc' dir='ltr'>καὶ</span> <span class='ocrx_word' id='word_1_90' title='bbox 3697 910 3750 964; x_wconf 86' lang='grc' dir='ltr'>ἐν</span> <span class='ocrx_word' id='word_1_91' title='bbox 3810 915 3890 982; x_wconf 82' lang='grc' dir='ltr'>τῷ</span> 
     </span>
    </p>
   </div>
   <div class='ocr_carea' id='block_1_15' title="bbox 474 993 3892 1076">
    <p class='ocr_par' dir='ltr' id='par_1_15' title="bbox 474 993 3892 1076">
     <span class='ocr_line' id='line_1_15' title="bbox 474 993 3892 1076; baseline -0 -19"><span class='ocrx_word' id='word_1_92' title='bbox 474 1003 603 1076; x_wconf 73' lang='grc' dir='ltr'>Περὶ</span> <span class='ocrx_word' id='word_1_93' title='bbox 659 1008 758 1071; x_wconf 84' lang='grc' dir='ltr'>τῆς</span> <span class='ocrx_word' id='word_1_94' title='bbox 816 1001 870 1055; x_wconf 81' lang='grc' dir='ltr'>ἐν</span> <span class='ocrx_word' id='word_1_95' title='bbox 923 1002 1193 1074; x_wconf 71' lang='grc' dir='ltr'>πνεύματι</span> <span class='ocrx_word' id='word_1_96' title='bbox 1234 1000 1487 1076; x_wconf 87' lang='grc' dir='ltr'>λατρείας</span> <span class='ocrx_word' id='word_1_97' title='bbox 1552 1000 1719 1072; x_wconf 86' lang='grc' dir='ltr'>ἐνάτῳ</span> <span class='ocrx_word' id='word_1_98' title='bbox 1785 996 1990 1074; x_wconf 81' lang='grc' dir='ltr'>βιϐλίῳ</span> <span class='ocrx_word' id='word_1_99' title='bbox 2025 1018 2036 1030; x_wconf 85' lang='grc'><strong>·</strong></span> <span class='ocrx_word' id='word_1_100' title='bbox 2073 998 2220 1070; x_wconf 81' lang='grc' dir='ltr'>λέγει</span> <span class='ocrx_word' id='word_1_101' title='bbox 2281 996 2384 1072; x_wconf 74' lang='grc' dir='ltr'>γὰρ</span> <span class='ocrx_word' id='word_1_102' title='bbox 2440 993 2654 1056; x_wconf 73' lang='grc' dir='ltr'>οὕτως·</span> <span class='ocrx_word' id='word_1_103' title='bbox 2720 995 2942 1056; x_wconf 69' lang='grc' dir='ltr'>Φῦσεως</span> <span class='ocrx_word' id='word_1_104' title='bbox 2972 996 3074 1070; x_wconf 83' lang='grc' dir='ltr'>γὰρ</span> <span class='ocrx_word' id='word_1_105' title='bbox 3097 1002 3196 1064; x_wconf 78' lang='grc' dir='ltr'>τῆς</span> <span class='ocrx_word' id='word_1_106' title='bbox 3228 996 3485 1052; x_wconf 71' lang='grc' dir='ltr'>ἀνωτάτω</span> <span class='ocrx_word' id='word_1_107' title='bbox 3517 999 3892 1055; x_wconf 75' lang='grc' dir='ltr'>καταπλουτεῖ</span> 
     </span>
    </p>
   </div>
   <div class='ocr_carea' id='block_1_16' title="bbox 471 1081 3890 1164">
    <p class='ocr_par' dir='ltr' id='par_1_16' title="bbox 471 1081 3890 1164">
     <span class='ocr_line' id='line_1_16' title="bbox 471 1081 3890 1164; baseline -0.001 -19"><span class='ocrx_word' id='word_1_108' title='bbox 471 1092 564 1146; x_wconf 90' lang='grc' dir='ltr'>τὸν</span> <span class='ocrx_word' id='word_1_109' title='bbox 623 1088 949 1162; x_wconf 82' lang='grc' dir='ltr'>ἐναυλισμὸν</span> <span class='ocrx_word' id='word_1_110' title='bbox 1016 1092 1043 1144; x_wconf 98' lang='lat'>6</span> <span class='ocrx_word' id='word_1_111' title='bbox 1111 1088 1169 1144; x_wconf 77' lang='grc' dir='ltr'>ἐκ</span> <span class='ocrx_word' id='word_1_112' title='bbox 1234 1089 1502 1163; x_wconf 87' lang='grc' dir='ltr'>παρθένου</span> <span class='ocrx_word' id='word_1_113' title='bbox 1569 1089 1716 1150; x_wconf 86' lang='grc' dir='ltr'>ναός.</span> <span class='ocrx_word' id='word_1_114' title='bbox 1786 1087 2006 1144; x_wconf 80' lang='grc' dir='ltr'>Τοότων</span> <span class='ocrx_word' id='word_1_115' title='bbox 2078 1084 2323 1140; x_wconf 81' lang='grc' dir='ltr'>ἁπάντων</span> <span class='ocrx_word' id='word_1_116' title='bbox 2386 1085 2520 1156; x_wconf 74' lang='grc' dir='ltr'>μετὰ</span> <span class='ocrx_word' id='word_1_117' title='bbox 2574 1088 2680 1138; x_wconf 82' lang='grc' dir='ltr'>τῶν</span> <span class='ocrx_word' id='word_1_118' title='bbox 2741 1081 2953 1157; x_wconf 84' lang='grc' dir='ltr'>ἄρθρων</span> <span class='ocrx_word' id='word_1_119' title='bbox 3024 1086 3122 1154; x_wconf 79' lang='grc' dir='ltr'>τήν</span> <span class='ocrx_word' id='word_1_120' title='bbox 3195 1106 3254 1140; x_wconf 90' lang='grc' dir='ltr'>τε</span> <span class='ocrx_word' id='word_1_121' title='bbox 3331 1086 3476 1140; x_wconf 88' lang='grc' dir='ltr'>θείαν</span> <span class='ocrx_word' id='word_1_122' title='bbox 3559 1085 3718 1164; x_wconf 73' lang='grc' dir='ltr'>φύσιν</span> <span class='ocrx_word' id='word_1_123' title='bbox 3798 1089 3890 1142; x_wconf 81' lang='grc' dir='ltr'>καὶ</span> 
     </span>
    </p>
   </div>
   <div class='ocr_carea' id='block_1_17' title="bbox 471 1169 3888 1254">
    <p class='ocr_par' dir='ltr' id='par_1_17' title="bbox 471 1169 3888 1254">
     <span class='ocr_line' id='line_1_17' title="bbox 471 1169 3888 1254; baseline -0.001 -20"><span class='ocrx_word' id='word_1_124' title='bbox 471 1182 569 1249; x_wconf 83' lang='grc' dir='ltr'>τήν</span> <span class='ocrx_word' id='word_1_125' title='bbox 603 1179 946 1253; x_wconf 80' lang='grc' dir='ltr'>ἀνθρωπίνην</span> <span class='ocrx_word' id='word_1_126' title='bbox 986 1179 1571 1254; x_wconf 84' lang='grc' dir='ltr'>προαγόντων,πῶςὸ</span> <span class='ocrx_word' id='word_1_127' title='bbox 1629 1177 1716 1231; x_wconf 86' lang='grc' dir='ltr'>τὸν</span> <span class='ocrx_word' id='word_1_128' title='bbox 1778 1176 1828 1231; x_wconf 84' lang='grc' dir='ltr'>ἐν</span> <span class='ocrx_word' id='word_1_129' title='bbox 1885 1177 2064 1250; x_wconf 84' lang='grc' dir='ltr'>ἁγίοις</span> <span class='ocrx_word' id='word_1_130' title='bbox 2123 1175 2326 1228; x_wconf 82' lang='grc' dir='ltr'>Λέοντα</span> <span class='ocrx_word' id='word_1_131' title='bbox 2387 1171 2713 1244; x_wconf 80' lang='grc' dir='ltr'>αἰτιώμενος</span> <span class='ocrx_word' id='word_1_132' title='bbox 2780 1169 2868 1225; x_wconf 82' lang='grc' dir='ltr'>διὰ</span> <span class='ocrx_word' id='word_1_133' title='bbox 2924 1173 3022 1240; x_wconf 77' lang='grc' dir='ltr'>τὴν</span> <span class='ocrx_word' id='word_1_134' title='bbox 3083 1178 3194 1228; x_wconf 76' lang='grc' dir='ltr'>τῶν</span> <span class='ocrx_word' id='word_1_135' title='bbox 3261 1173 3472 1248; x_wconf 80' lang='grc' dir='ltr'>ἄρθρων</span> <span class='ocrx_word' id='word_1_136' title='bbox 3535 1172 3888 1248; x_wconf 78' lang='grc' dir='ltr'>προκομιδήν</span> 
     </span>
    </p>
   </div>
   <div class='ocr_carea' id='block_1_18' title="bbox 473 1266 2238 1345">
    <p class='ocr_par' dir='ltr' id='par_1_18' title="bbox 473 1266 2238 1345">
     <span class='ocr_line' id='line_1_18' title="bbox 473 1266 2238 1345; baseline -0.004 -21"><span class='ocrx_word' id='word_1_137' title='bbox 473 1269 600 1345; x_wconf 78' lang='grc' dir='ltr'>οὐχὶ</span> <span class='ocrx_word' id='word_1_138' title='bbox 630 1270 768 1324; x_wconf 85' lang='grc' dir='ltr'>κατὰ</span> <span class='ocrx_word' id='word_1_139' title='bbox 797 1269 1008 1323; x_wconf 87' lang='grc' dir='ltr'>πάντων</span> <span class='ocrx_word' id='word_1_140' title='bbox 1050 1271 1208 1341; x_wconf 71' lang='grc' dir='ltr'>ἡμῶν</span> <span class='ocrx_word' id='word_1_141' title='bbox 1241 1273 1347 1322; x_wconf 82' lang='grc' dir='ltr'>τῶν</span> <span class='ocrx_word' id='word_1_142' title='bbox 1381 1268 1657 1344; x_wconf 73' lang='grc' dir='ltr'>θεοφόρων</span> <span class='ocrx_word' id='word_1_143' title='bbox 1688 1267 1942 1338; x_wconf 84' lang='grc' dir='ltr'>Πατέρων</span> <span class='ocrx_word' id='word_1_144' title='bbox 1977 1266 2238 1333; x_wconf 84' lang='grc' dir='ltr'>ὑλακτεῖ;</span> 
     </span>
    </p>
   </div>
   <div class='ocr_carea' id='block_1_19' title="bbox 543 1360 2122 1431">
    <p class='ocr_par' dir='ltr' id='par_1_19' title="bbox 543 1360 2122 1431">
     <span class='ocr_line' id='line_1_19' title="bbox 543 1360 2122 1431; baseline -0.003 -14"><span class='ocrx_word' id='word_1_145' title='bbox 543 1363 651 1418; x_wconf 89' lang='lat' dir='ltr'>Sed</span> <span class='ocrx_word' id='word_1_146' title='bbox 682 1361 827 1417; x_wconf 87' lang='lat' dir='ltr'>illud</span> <span class='ocrx_word' id='word_1_147' title='bbox 857 1362 1034 1417; x_wconf 88' lang='lat' dir='ltr'>etiam</span> <span class='ocrx_word' id='word_1_148' title='bbox 1059 1362 1389 1416; x_wconf 81' lang='lat' dir='ltr'>videamus:</span> <span class='ocrx_word' id='word_1_149' title='bbox 1417 1360 1693 1431; x_wconf 89' lang='lat' dir='ltr'>Operatur</span> <span class='ocrx_word' id='word_1_150' title='bbox 1713 1361 1857 1414; x_wconf 87' lang='lat' dir='ltr'>enim</span> <span class='ocrx_word' id='word_1_151' title='bbox 1880 1369 2122 1430; x_wconf 89' lang='lat' dir='ltr'>utraque</span> 
     </span>
    </p>
   </div>
   <div class='ocr_carea' id='block_1_20' title="bbox 467 1449 2120 1524">
    <p class='ocr_par' dir='ltr' id='par_1_20' title="bbox 467 1449 2120 1524">
     <span class='ocr_line' id='line_1_20' title="bbox 467 1449 2120 1524; baseline -0.003 -17"><span class='ocrx_word' id='word_1_152' title='bbox 467 1456 654 1524; x_wconf 82' lang='lat' dir='ltr'>forma</span> <span class='ocrx_word' id='word_1_153' title='bbox 683 1467 808 1507; x_wconf 87' lang='lat' dir='ltr'>cum</span> <span class='ocrx_word' id='word_1_154' title='bbox 851 1453 1140 1521; x_wconf 88' lang='lat' dir='ltr'>utriusque</span> <span class='ocrx_word' id='word_1_155' title='bbox 1186 1451 1569 1520; x_wconf 78' lang='lat' dir='ltr'>coniunctione</span> <span class='ocrx_word' id='word_1_156' title='bbox 1611 1449 1916 1505; x_wconf 77' lang='lat' dir='ltr'>secundum</span> <span class='ocrx_word' id='word_1_157' title='bbox 1960 1466 2120 1503; x_wconf 86' lang='lat' dir='ltr'>suam</span> 
     </span>
    </p>
   </div>
   <div class='ocr_carea' id='block_1_21' title="bbox 467 1538 2122 1614">
    <p class='ocr_par' dir='ltr' id='par_1_21' title="bbox 467 1538 2122 1614">
     <span class='ocr_line' id='line_1_21' title="bbox 467 1538 2122 1614; baseline -0.003 -16"><span class='ocrx_word' id='word_1_158' title='bbox 467 1544 888 1614; x_wconf 88' lang='lat' dir='ltr'>pr0prietatem.</span> <span class='ocrx_word' id='word_1_159' title='bbox 946 1543 1052 1596; x_wconf 82' lang='lat' dir='ltr'>Hoc</span> <span class='ocrx_word' id='word_1_160' title='bbox 1106 1539 1326 1611; x_wconf 85' lang='lat' dir='ltr'>quidem</span> <span class='ocrx_word' id='word_1_161' title='bbox 1401 1544 1663 1610; x_wconf 80' lang='lat' dir='ltr'>operante</span> <span class='ocrx_word' id='word_1_162' title='bbox 1744 1539 1929 1604; x_wconf 82' lang='lat' dir='ltr'>Verbo,</span> <span class='ocrx_word' id='word_1_163' title='bbox 1979 1538 2122 1610; x_wconf 82' lang='lat' dir='ltr'>quod</span> 
     </span>
    </p>
   </div>
   <div class='ocr_carea' id='block_1_22' title="bbox 478 1629 2121 1701">
    <p class='ocr_par' dir='ltr' id='par_1_22' title="bbox 478 1629 2121 1701">
     <span class='ocr_line' id='line_1_22' title="bbox 478 1629 2121 1701; baseline -0.002 -14"><span class='ocrx_word' id='word_1_164' title='bbox 478 1632 648 1688; x_wconf 86' lang='lat' dir='ltr'>Verbi</span> <span class='ocrx_word' id='word_1_165' title='bbox 678 1641 792 1688; x_wconf 86' lang='lat' dir='ltr'>est:</span> <span class='ocrx_word' id='word_1_166' title='bbox 823 1646 1053 1701; x_wconf 87' lang='lat' dir='ltr'>corpore</span> <span class='ocrx_word' id='word_1_167' title='bbox 1097 1646 1221 1685; x_wconf 84' lang='lat' dir='ltr'>vero</span> <span class='ocrx_word' id='word_1_168' title='bbox 1260 1645 1326 1685; x_wconf 86' lang='lat' dir='ltr'>ea</span> <span class='ocrx_word' id='word_1_169' title='bbox 1368 1629 1659 1698; x_wconf 82' lang='lat' dir='ltr'>e/ﬁciente,</span> <span class='ocrx_word' id='word_1_170' title='bbox 1710 1644 1830 1699; x_wconf 76' lang='lat' dir='ltr'>quae</span> <span class='ocrx_word' id='word_1_171' title='bbox 1875 1632 2121 1699; x_wconf 83' lang='lat' dir='ltr'>corporis</span> 
     </span>
    </p>
   </div>
   <div class='ocr_carea' id='block_1_23' title="bbox 469 1719 2120 1778">
    <p class='ocr_par' dir='ltr' id='par_1_23' title="bbox 469 1719 2120 1778">
     <span class='ocr_line' id='line_1_23' title="bbox 469 1719 2120 1778; baseline -0.001 -3"><span class='ocrx_word' id='word_1_172' title='bbox 469 1728 614 1778; x_wconf 83' lang='lat' dir='ltr'>sunt.</span> <span class='ocrx_word' id='word_1_173' title='bbox 653 1721 719 1776; x_wconf 84' lang='lat' dir='ltr'>Et</span> <span class='ocrx_word' id='word_1_174' title='bbox 748 1720 806 1775; x_wconf 91' lang='lat' dir='ltr'>in</span> <span class='ocrx_word' id='word_1_175' title='bbox 834 1719 924 1775; x_wconf 88' lang='lat' dir='ltr'>his</span> <span class='ocrx_word' id='word_1_176' title='bbox 958 1736 1090 1774; x_wconf 89' lang='lat' dir='ltr'>cum</span> <span class='ocrx_word' id='word_1_177' title='bbox 1123 1721 1341 1774; x_wconf 89' lang='lat' dir='ltr'>sanctis</span> <span class='ocrx_word' id='word_1_178' title='bbox 1390 1719 1664 1774; x_wconf 86' lang='lat' dir='ltr'>Patribus</span> <span class='ocrx_word' id='word_1_179' title='bbox 1705 1719 2033 1774; x_wconf 88' lang='lat' dir='ltr'>consentire</span> <span class='ocrx_word' id='word_1_180' title='bbox 2063 1723 2120 1773; x_wconf 89' lang='lat' dir='ltr'>et</span> 
     </span>
    </p>
   </div>
   <div class='ocr_carea' id='block_1_24' title="bbox 470 1793 2108 1876">
    <p class='ocr_par' dir='ltr' id='par_1_24' title="bbox 470 1807 2108 1874">
     <span class='ocr_line' id='line_1_24' title="bbox 470 1807 2108 1874; baseline -0.003 -8"><span class='ocrx_word' id='word_1_181' title='bbox 470 1808 780 1866; x_wconf 88' lang='lat' dir='ltr'>convenire</span> <span class='ocrx_word' id='word_1_182' title='bbox 809 1808 1135 1864; x_wconf 72' lang='lat' dir='ltr'>videbitur:</span> <span class='ocrx_word' id='word_1_183' title='bbox 1170 1823 1372 1862; x_wconf 86' lang='lat' dir='ltr'>omnes</span> <span class='ocrx_word' id='word_1_184' title='bbox 1401 1807 1555 1862; x_wconf 90' lang='lat' dir='ltr'>enim</span> <span class='ocrx_word' id='word_1_185' title='bbox 1581 1807 1839 1862; x_wconf 86' lang='lat' dir='ltr'>humana</span> <span class='ocrx_word' id='word_1_186' title='bbox 1874 1807 2108 1874; x_wconf 65' lang='lat' dir='ltr'>homini,</span> 
     </span>
    </p>
   </div>
   <div class='ocr_carea' id='block_1_25' title="bbox 2221 1793 3625 1876">
    <p class='ocr_par' dir='ltr' id='par_1_25' title="bbox 2226 1795 3625 1876">
     <span class='ocr_line' id='line_1_25' title="bbox 2226 1795 3625 1876; baseline 0.003 -25"><span class='ocrx_word' id='word_1_187' title='bbox 2226 1795 2497 1852; x_wconf 62' lang='grc' dir='ltr'>κάνταῦθα</span> <span class='ocrx_word' id='word_1_188' title='bbox 2555 1795 2824 1870; x_wconf 80' lang='grc' dir='ltr'>ὁμόδοξός</span> <span class='ocrx_word' id='word_1_189' title='bbox 2882 1819 2941 1852; x_wconf 87' lang='grc' dir='ltr'>τε</span> <span class='ocrx_word' id='word_1_190' title='bbox 2997 1799 3087 1851; x_wconf 88' lang='lat' dir='ltr'>xui</span> <span class='ocrx_word' id='word_1_191' title='bbox 3156 1798 3450 1876; x_wconf 72' lang='grc' dir='ltr'>ὁμόφωνος</span> <span class='ocrx_word' id='word_1_192' title='bbox 3508 1807 3625 1861; x_wconf 86' lang='grc' dir='ltr'>τοῖς</span> 
     </span>
    </p>
   </div>
   <div class='ocr_carea' id='block_1_26' title="bbox 470 1895 2117 1962">
    <p class='ocr_par' dir='ltr' id='par_1_26' title="bbox 470 1895 2117 1962">
     <span class='ocr_line' id='line_1_26' title="bbox 470 1895 2117 1962; baseline -0.002 -9"><span class='ocrx_word' id='word_1_193' title='bbox 470 1897 666 1954; x_wconf 91' lang='lat' dir='ltr'>divina</span> <span class='ocrx_word' id='word_1_194' title='bbox 720 1897 836 1953; x_wconf 91' lang='lat' dir='ltr'>Deo</span> <span class='ocrx_word' id='word_1_195' title='bbox 885 1898 1172 1952; x_wconf 86' lang='lat' dir='ltr'>tribuunt.</span> <span class='ocrx_word' id='word_1_196' title='bbox 1208 1895 1709 1962; x_wconf 80' lang='lat' dir='ltr'>Quemadmodum</span> <span class='ocrx_word' id='word_1_197' title='bbox 1762 1896 1970 1952; x_wconf 88' lang='lat' dir='ltr'>doctus</span> <span class='ocrx_word' id='word_1_198' title='bbox 2019 1895 2117 1951; x_wconf 86' lang='lat' dir='ltr'>ille</span> 
     </span>
    </p>
   </div>
   <div class='ocr_carea' id='block_1_27' title="bbox 466 1983 2114 2059">
    <p class='ocr_par' dir='ltr' id='par_1_27' title="bbox 466 1983 2114 2059">
     <span class='ocr_line' id='line_1_27' title="bbox 466 1983 2114 2059; baseline -0.002 -17"><span class='ocrx_word' id='word_1_199' title='bbox 466 1985 712 2059; x_wconf 82' lang='lat' dir='ltr'>Cyrillus</span> <span class='ocrx_word' id='word_1_200' title='bbox 742 1985 802 2040; x_wconf 93' lang='lat' dir='ltr'>in</span> <span class='ocrx_word' id='word_1_201' title='bbox 833 1986 1264 2041; x_wconf 83' lang='lat' dir='ltr'>Commentario</span> <span class='ocrx_word' id='word_1_202' title='bbox 1309 1985 1379 2040; x_wconf 89' lang='lat' dir='ltr'>ad</span> <span class='ocrx_word' id='word_1_203' title='bbox 1431 1985 1756 2040; x_wconf 81' lang='lat' dir='ltr'>Joannem:</span> <span class='ocrx_word' id='word_1_204' title='bbox 1790 1985 1871 2052; x_wconf 82' lang='lat' dir='ltr'>Si,</span> <span class='ocrx_word' id='word_1_205' title='bbox 1905 1983 2114 2054; x_wconf 86' lang='lat' dir='ltr'>inquit,</span> 
     </span>
    </p>
   </div>
   <div class='ocr_carea' id='block_1_28' title="bbox 469 2072 2119 2145">
    <p class='ocr_par' dir='ltr' id='par_1_28' title="bbox 469 2072 2119 2145">
     <span class='ocr_line' id='line_1_28' title="bbox 469 2072 2119 2145; baseline -0.001 -15"><span class='ocrx_word' id='word_1_206' title='bbox 469 2076 595 2130; x_wconf 87' lang='lat' dir='ltr'>Jes-u</span> <span class='ocrx_word' id='word_1_207' title='bbox 636 2077 898 2145; x_wconf 82' lang='lat' dir='ltr'>proﬁcere</span> <span class='ocrx_word' id='word_1_208' title='bbox 938 2075 1235 2130; x_wconf 73' lang='lat' dir='ltr'>dicebatur</span> <span class='ocrx_word' id='word_1_209' title='bbox 1262 2073 1537 2145; x_wconf 80' lang='lat' dir='ltr'>sapientia</span> <span class='ocrx_word' id='word_1_210' title='bbox 1566 2078 1618 2128; x_wconf 90' lang='lat' dir='ltr'>et</span> <span class='ocrx_word' id='word_1_211' title='bbox 1647 2079 1810 2130; x_wconf 71' lang='lat' dir='ltr'>aetate</span> <span class='ocrx_word' id='word_1_212' title='bbox 1839 2072 1882 2138; x_wconf 68' lang='grc' dir='ltr'>ε,</span> <span class='ocrx_word' id='word_1_213' title='bbox 1913 2078 1963 2129; x_wconf 87' lang='lat' dir='ltr'>et</span> <span class='ocrx_word' id='word_1_214' title='bbox 1995 2091 2119 2142; x_wconf 87' lang='lat' dir='ltr'>gra-</span> 
     </span>
    </p>
   </div>
   <div class='ocr_carea' id='block_1_29' title="bbox 471 2162 2120 2230">
    <p class='ocr_par' dir='ltr' id='par_1_29' title="bbox 471 2162 2120 2230">
     <span class='ocr_line' id='line_1_29' title="bbox 471 2162 2120 2230; baseline 0.001 -13"><span class='ocrx_word' id='word_1_215' title='bbox 471 2165 568 2230; x_wconf 83' lang='lat' dir='ltr'>tia,</span> <span class='ocrx_word' id='word_1_216' title='bbox 641 2163 830 2219; x_wconf 76' lang='lat'><strong>2586</strong></span> <span class='ocrx_word' id='word_1_217' title='bbox 907 2162 1313 2219; x_wconf 74' lang='lat' dir='ltr'>incarnationis</span> <span class='ocrx_word' id='word_1_218' title='bbox 1391 2179 1522 2227; x_wconf 86' lang='lat' dir='ltr'>opus</span> <span class='ocrx_word' id='word_1_219' title='bbox 1589 2167 1689 2217; x_wconf 85' lang='lat' dir='ltr'>est.</span> <span class='ocrx_word' id='word_1_220' title='bbox 1764 2163 2120 2219; x_wconf 87' lang='lat' dir='ltr'>Permittebat</span> 
     </span>
    </p>
   </div>
   <div class='ocr_carea' id='block_1_30' title="bbox 471 2252 2118 2324">
    <p class='ocr_par' dir='ltr' id='par_1_30' title="bbox 471 2252 2118 2324">
     <span class='ocr_line' id='line_1_30' title="bbox 471 2252 2118 2324; baseline 0.001 -18"><span class='ocrx_word' id='word_1_221' title='bbox 471 2254 619 2307; x_wconf 87' lang='lat' dir='ltr'>enim</span> <span class='ocrx_word' id='word_1_222' title='bbox 653 2253 746 2307; x_wconf 70' lang='lat' dir='ltr'>De:</span> <span class='ocrx_word' id='word_1_223' title='bbox 782 2252 1008 2308; x_wconf 84' lang='lat' dir='ltr'>Verbum</span> <span class='ocrx_word' id='word_1_224' title='bbox 1057 2252 1457 2308; x_wconf 79' lang='lat' dir='ltr'>humanitatem</span> <span class='ocrx_word' id='word_1_225' title='bbox 1502 2254 1617 2307; x_wconf 81' lang='lat' dir='ltr'>suis</span> <span class='ocrx_word' id='word_1_226' title='bbox 1659 2252 1934 2324; x_wconf 79' lang='lat' dir='ltr'>moptibus</span> <span class='ocrx_word' id='word_1_227' title='bbox 1975 2254 2118 2324; x_wconf 78' lang='lat' dir='ltr'>ferri</span> 
     </span>
    </p>
   </div>
   <div class='ocr_carea' id='block_1_31' title="bbox 471 2341 2112 2414">
    <p class='ocr_par' dir='ltr' id='par_1_31' title="bbox 471 2341 2112 2414">
     <span class='ocr_line' id='line_1_31' title="bbox 471 2341 2112 2414; baseline 0 -18"><span class='ocrx_word' id='word_1_228' title='bbox 471 2349 524 2396; x_wconf 87' lang='lat' dir='ltr'>et</span> <span class='ocrx_word' id='word_1_229' title='bbox 556 2343 614 2396; x_wconf 89' lang='lat' dir='ltr'>in</span> <span class='ocrx_word' id='word_1_230' title='bbox 647 2341 920 2398; x_wconf 80' lang='lat' dir='ltr'>Oratione</span> <span class='ocrx_word' id='word_1_231' title='bbox 952 2342 1234 2398; x_wconf 80' lang='lat' dir='ltr'>adversus</span> <span class='ocrx_word' id='word_1_232' title='bbox 1263 2342 1586 2396; x_wconf 88' lang='lat' dir='ltr'>Nestorium</span> <span class='ocrx_word' id='word_1_233' title='bbox 1615 2359 1628 2397; x_wconf 87' lang='lat'>:</span> <span class='ocrx_word' id='word_1_234' title='bbox 1662 2343 1868 2413; x_wconf 80' lang='lat' dir='ltr'>Aspice,</span> <span class='ocrx_word' id='word_1_235' title='bbox 1903 2341 2112 2414; x_wconf 85' lang='lat' dir='ltr'>inquit,</span> 
     </span>
    </p>
   </div>
   <div class='ocr_carea' id='block_1_32' title="bbox 469 2430 2118 2502">
    <p class='ocr_par' dir='ltr' id='par_1_32' title="bbox 469 2430 2118 2502">
     <span class='ocr_line' id='line_1_32' title="bbox 469 2430 2118 2502; baseline 0.002 -19"><span class='ocrx_word' id='word_1_236' title='bbox 469 2434 530 2484; x_wconf 89' lang='lat' dir='ltr'>ut</span> <span class='ocrx_word' id='word_1_237' title='bbox 562 2431 675 2501; x_wconf 84' lang='lat' dir='ltr'>ipse</span> <span class='ocrx_word' id='word_1_238' title='bbox 704 2430 861 2486; x_wconf 78' lang='lat' dir='ltr'>nihil</span> <span class='ocrx_word' id='word_1_239' title='bbox 892 2432 1173 2485; x_wconf 81' lang='lat' dir='ltr'>remittens</span> <span class='ocrx_word' id='word_1_240' title='bbox 1203 2447 1290 2498; x_wconf 73' lang='lat' dir='ltr'>ne,</span> <span class='ocrx_word' id='word_1_241' title='bbox 1321 2447 1442 2485; x_wconf 87' lang='lat' dir='ltr'>cum</span> <span class='ocrx_word' id='word_1_242' title='bbox 1471 2436 1770 2502; x_wconf 84' lang='lat' dir='ltr'>pateretur,</span> <span class='ocrx_word' id='word_1_243' title='bbox 1802 2431 2118 2502; x_wconf 81' lang='lat' dir='ltr'>permiserit</span> 
     </span>
    </p>
   </div>
   <div class='ocr_carea' id='block_1_33' title="bbox 466 2519 2115 2590">
    <p class='ocr_par' dir='ltr' id='par_1_33' title="bbox 466 2519 2115 2590">
     <span class='ocr_line' id='line_1_33' title="bbox 466 2519 2115 2590; baseline 0.002 -19"><span class='ocrx_word' id='word_1_244' title='bbox 466 2519 636 2572; x_wconf 87' lang='lat' dir='ltr'>carni</span> <span class='ocrx_word' id='word_1_245' title='bbox 663 2519 721 2571; x_wconf 80' lang='lat' dir='ltr'>in</span> <span class='ocrx_word' id='word_1_246' title='bbox 750 2520 1034 2589; x_wconf 82' lang='lat' dir='ltr'>propriam</span> <span class='ocrx_word' id='word_1_247' title='bbox 1067 2527 1330 2573; x_wconf 86' lang='lat' dir='ltr'>naturam</span> <span class='ocrx_word' id='word_1_248' title='bbox 1376 2535 1578 2589; x_wconf 84' lang='lat' dir='ltr'>parum</span> <span class='ocrx_word' id='word_1_249' title='bbox 1624 2534 1798 2588; x_wconf 83' lang='lat' dir='ltr'>posse,</span> <span class='ocrx_word' id='word_1_250' title='bbox 1844 2520 1946 2574; x_wconf 87' lang='lat' dir='ltr'>etsi</span> <span class='ocrx_word' id='word_1_251' title='bbox 1983 2535 2115 2590; x_wconf 89' lang='lat' dir='ltr'>pro-</span> 
     </span>
    </p>
   </div>
   <div class='ocr_carea' id='block_1_34' title="bbox 463 2606 2115 2679">
    <p class='ocr_par' dir='ltr' id='par_1_34' title="bbox 463 2606 2115 2679">
     <span class='ocr_line' id='line_1_34' title="bbox 463 2606 2115 2679; baseline 0.002 -19"><span class='ocrx_word' id='word_1_252' title='bbox 463 2607 593 2677; x_wconf 85' lang='lat' dir='ltr'>pria</span> <span class='ocrx_word' id='word_1_253' title='bbox 626 2607 737 2677; x_wconf 82' lang='lat' dir='ltr'>tege</span> <span class='ocrx_word' id='word_1_254' title='bbox 765 2611 1030 2678; x_wconf 77' lang='lat' dir='ltr'>ferretur,</span> <span class='ocrx_word' id='word_1_255' title='bbox 1059 2617 1111 2663; x_wconf 88' lang='lat' dir='ltr'>et</span> <span class='ocrx_word' id='word_1_256' title='bbox 1141 2606 1315 2678; x_wconf 78' lang='lat' dir='ltr'>ipsius</span> <span class='ocrx_word' id='word_1_257' title='bbox 1345 2625 1432 2663; x_wconf 85' lang='lat' dir='ltr'>res</span> <span class='ocrx_word' id='word_1_258' title='bbox 1462 2608 1687 2675; x_wconf 81' lang='lat' dir='ltr'>dicitur,</span> <span class='ocrx_word' id='word_1_259' title='bbox 1717 2624 1778 2664; x_wconf 91' lang='lat' dir='ltr'>eo</span> <span class='ocrx_word' id='word_1_260' title='bbox 1807 2608 1947 2679; x_wconf 88' lang='lat' dir='ltr'>quod</span> <span class='ocrx_word' id='word_1_261' title='bbox 1975 2624 2115 2679; x_wconf 87' lang='lat' dir='ltr'>pro—</span> 
     </span>
    </p>
   </div>
   <div class='ocr_carea' id='block_1_35' title="bbox 462 2695 2114 2768">
    <p class='ocr_par' dir='ltr' id='par_1_35' title="bbox 462 2695 2114 2768">
     <span class='ocr_line' id='line_1_35' title="bbox 462 2695 2114 2768; baseline 0.002 -19"><span class='ocrx_word' id='word_1_262' title='bbox 462 2695 652 2767; x_wconf 81' lang='lat' dir='ltr'>prium</span> <span class='ocrx_word' id='word_1_263' title='bbox 700 2695 772 2751; x_wconf 85' lang='lat' dir='ltr'>sit</span> <span class='ocrx_word' id='word_1_264' title='bbox 828 2697 946 2767; x_wconf 88' lang='lat' dir='ltr'>ejus</span> <span class='ocrx_word' id='word_1_265' title='bbox 1001 2712 1232 2768; x_wconf 78' lang='lat' dir='ltr'>corpus:</span> <span class='ocrx_word' id='word_1_266' title='bbox 1280 2701 1337 2752; x_wconf 90' lang='lat' dir='ltr'>et</span> <span class='ocrx_word' id='word_1_267' title='bbox 1393 2697 1451 2751; x_wconf 90' lang='lat' dir='ltr'>in</span> <span class='ocrx_word' id='word_1_268' title='bbox 1513 2696 1843 2752; x_wconf 82' lang='lat' dir='ltr'>Thesauris:</span> <span class='ocrx_word' id='word_1_269' title='bbox 1880 2697 2114 2752; x_wconf 87' lang='lat' dir='ltr'>Turbari</span> 
     </span>
    </p>
   </div>
   <div class='ocr_carea' id='block_1_36' title="bbox 463 2785 2113 2858">
    <p class='ocr_par' dir='ltr' id='par_1_36' title="bbox 463 2785 2113 2858">
     <span class='ocr_line' id='line_1_36' title="bbox 463 2785 2113 2858; baseline 0 -18"><span class='ocrx_word' id='word_1_270' title='bbox 463 2801 590 2840; x_wconf 90' lang='lat' dir='ltr'>vero</span> <span class='ocrx_word' id='word_1_271' title='bbox 643 2787 935 2857; x_wconf 88' lang='lat' dir='ltr'>proprium</span> <span class='ocrx_word' id='word_1_272' title='bbox 987 2785 1175 2841; x_wconf 87' lang='lat' dir='ltr'>carnis</span> <span class='ocrx_word' id='word_1_273' title='bbox 1221 2795 1335 2842; x_wconf 87' lang='lat' dir='ltr'>est:</span> <span class='ocrx_word' id='word_1_274' title='bbox 1363 2791 1682 2858; x_wconf 85' lang='lat' dir='ltr'>potestatem</span> <span class='ocrx_word' id='word_1_275' title='bbox 1737 2801 1861 2842; x_wconf 87' lang='lat' dir='ltr'>vero</span> <span class='ocrx_word' id='word_1_276' title='bbox 1916 2787 2113 2842; x_wconf 86' lang='lat' dir='ltr'>habere</span> 
     </span>
    </p>
   </div>
   <div class='ocr_carea' id='block_1_37' title="bbox 461 2874 2111 2946">
    <p class='ocr_par' dir='ltr' id='par_1_37' title="bbox 461 2874 2111 2946">
     <span class='ocr_line' id='line_1_37' title="bbox 461 2874 2111 2946; baseline -0.001 -16"><span class='ocrx_word' id='word_1_277' title='bbox 461 2874 720 2946; x_wconf 83' lang='lat' dir='ltr'>ponendi,</span> <span class='ocrx_word' id='word_1_278' title='bbox 752 2881 805 2930; x_wconf 85' lang='lat' dir='ltr'>et</span> <span class='ocrx_word' id='word_1_279' title='bbox 830 2877 1030 2931; x_wconf 84' lang='lat' dir='ltr'>iterum</span> <span class='ocrx_word' id='word_1_280' title='bbox 1060 2875 1374 2931; x_wconf 86' lang='lat' dir='ltr'>resumendi</span> <span class='ocrx_word' id='word_1_281' title='bbox 1419 2877 1691 2944; x_wconf 86' lang='lat' dir='ltr'>animam,</span> <span class='ocrx_word' id='word_1_282' title='bbox 1723 2891 1856 2946; x_wconf 77' lang='lat' dir='ltr'>Opus</span> <span class='ocrx_word' id='word_1_283' title='bbox 1901 2878 1981 2930; x_wconf 86' lang='lat' dir='ltr'>est</span> <span class='ocrx_word' id='word_1_284' title='bbox 2014 2893 2111 2946; x_wconf 91' lang='lat' dir='ltr'>po-</span> 
     </span>
    </p>
   </div>
   <div class='ocr_carea' id='block_1_38' title="bbox 463 2965 2109 3037">
    <p class='ocr_par' dir='ltr' id='par_1_38' title="bbox 463 2965 2109 3037">
     <span class='ocr_line' id='line_1_38' title="bbox 463 2965 2109 3037; baseline 0.001 -18"><span class='ocrx_word' id='word_1_285' title='bbox 463 2967 658 3022; x_wconf 70' lang='lat' dir='ltr'>tentiae</span> <span class='ocrx_word' id='word_1_286' title='bbox 701 2965 876 3020; x_wconf 85' lang='lat' dir='ltr'>Verbi.</span> <span class='ocrx_word' id='word_1_287' title='bbox 917 2965 984 3020; x_wconf 88' lang='lat' dir='ltr'>Et</span> <span class='ocrx_word' id='word_1_288' title='bbox 1034 2970 1304 3020; x_wconf 84' lang='lat' dir='ltr'>sexcenta</span> <span class='ocrx_word' id='word_1_289' title='bbox 1349 2965 1462 3020; x_wconf 88' lang='lat' dir='ltr'>alia</span> <span class='ocrx_word' id='word_1_290' title='bbox 1505 2965 1554 3021; x_wconf 87' lang='lat' dir='ltr'>si</span> <span class='ocrx_word' id='word_1_291' title='bbox 1605 2965 1737 3037; x_wconf 87' lang='lat' dir='ltr'>quis</span> <span class='ocrx_word' id='word_1_292' title='bbox 1786 2965 2033 3021; x_wconf 86' lang='lat' dir='ltr'>voluerit</span> <span class='ocrx_word' id='word_1_293' title='bbox 2079 2982 2109 3020; x_wconf 90' lang='lat' dir='ltr'>e</span> 
     </span>
    </p>
   </div>
   <div class='ocr_carea' id='block_1_39' title="bbox 465 3053 2106 3126">
    <p class='ocr_par' dir='ltr' id='par_1_39' title="bbox 465 3053 2106 3126">
     <span class='ocr_line' id='line_1_39' title="bbox 465 3053 2106 3126; baseline 0 -16"><span class='ocrx_word' id='word_1_294' title='bbox 465 3062 664 3110; x_wconf 83' lang='lat' dir='ltr'>sancto</span> <span class='ocrx_word' id='word_1_295' title='bbox 694 3053 970 3125; x_wconf 86' lang='lat' dir='ltr'>colligere</span> <span class='ocrx_word' id='word_1_296' title='bbox 1000 3053 1361 3126; x_wconf 86' lang='lat' dir='ltr'>reliquisque</span> <span class='ocrx_word' id='word_1_297' title='bbox 1383 3055 1652 3110; x_wconf 88' lang='lat' dir='ltr'>Patribus</span> <span class='ocrx_word' id='word_1_298' title='bbox 1677 3055 1948 3119; x_wconf 89' lang='lat' dir='ltr'>inveniel,</span> <span class='ocrx_word' id='word_1_299' title='bbox 1975 3054 2106 3110; x_wconf 88' lang='lat' dir='ltr'>Gre-</span> 
     </span>
    </p>
   </div>
   <div class='ocr_carea' id='block_1_40' title="bbox 462 3142 2104 3214">
    <p class='ocr_par' dir='ltr' id='par_1_40' title="bbox 462 3142 2104 3214">
     <span class='ocr_line' id='line_1_40' title="bbox 462 3142 2104 3214; baseline 0.001 -17"><span class='ocrx_word' id='word_1_300' title='bbox 462 3143 660 3212; x_wconf 85' lang='lat' dir='ltr'>gorius</span> <span class='ocrx_word' id='word_1_301' title='bbox 703 3142 881 3207; x_wconf 89' lang='lat' dir='ltr'>enim,</span> <span class='ocrx_word' id='word_1_302' title='bbox 930 3143 1313 3211; x_wconf 85' lang='lat' dir='ltr'>Athanasius,</span> <span class='ocrx_word' id='word_1_303' title='bbox 1359 3142 1823 3214; x_wconf 82' lang='lat' dir='ltr'>Amphilochius,</span> <span class='ocrx_word' id='word_1_304' title='bbox 1857 3143 2104 3212; x_wconf 76' lang='lat' dir='ltr'>Chryso-</span> 
     </span>
    </p>
   </div>
   <div class='ocr_carea' id='block_1_41' title="bbox 463 3231 2102 3304">
    <p class='ocr_par' dir='ltr' id='par_1_41' title="bbox 463 3231 2102 3304">
     <span class='ocr_line' id='line_1_41' title="bbox 463 3231 2102 3304; baseline -0.001 -15"><span class='ocrx_word' id='word_1_305' title='bbox 463 3238 711 3301; x_wconf 86' lang='lat' dir='ltr'>stomus,</span> <span class='ocrx_word' id='word_1_306' title='bbox 744 3231 1110 3300; x_wconf 89' lang='lat' dir='ltr'>Ambrosius,</span> <span class='ocrx_word' id='word_1_307' title='bbox 1144 3233 1519 3304; x_wconf 87' lang='lat' dir='ltr'>reliquusque</span> <span class='ocrx_word' id='word_1_308' title='bbox 1549 3237 1887 3289; x_wconf 85' lang='lat' dir='ltr'>sanctorum</span> <span class='ocrx_word' id='word_1_309' title='bbox 1918 3239 2102 3288; x_wconf 72' lang='lat' dir='ltr'>cmtus</span> 
     </span>
    </p>
   </div>
   <div class='ocr_carea' id='block_1_42' title="bbox 462 3320 1112 3392">
    <p class='ocr_par' dir='ltr' id='par_1_42' title="bbox 462 3320 1112 3392">
     <span class='ocr_line' id='line_1_42' title="bbox 462 3320 1112 3392; baseline -0.002 -15"><span class='ocrx_word' id='word_1_310' title='bbox 462 3321 619 3377; x_wconf 87' lang='lat' dir='ltr'>idem</span> <span class='ocrx_word' id='word_1_311' title='bbox 653 3320 1112 3392; x_wconf 80' lang='lat' dir='ltr'>promulgarunt.</span> 
     </span>
    </p>
   </div>
   <div class='ocr_carea' id='block_1_43' title="bbox 2299 1351 3896 1431">
    <p class='ocr_par' dir='ltr' id='par_1_43' title="bbox 2299 1351 3896 1431">
     <span class='ocr_line' id='line_1_43' title="bbox 2299 1351 3896 1431; baseline 0.001 -23"><span class='ocrx_word' id='word_1_312' title='bbox 2299 1353 2457 1427; x_wconf 81' lang='grc' dir='ltr'>³Αλγ’</span> <span class='ocrx_word' id='word_1_313' title='bbox 2515 1351 2720 1425; x_wconf 60' lang='grc' dir='ltr'>ἴδωμεν</span> <span class='ocrx_word' id='word_1_314' title='bbox 2788 1352 2877 1406; x_wconf 89' lang='lat' dir='ltr'>xui</span> <span class='ocrx_word' id='word_1_315' title='bbox 2945 1351 3005 1407; x_wconf 89' lang='grc' dir='ltr'>νό</span> <span class='ocrx_word' id='word_1_316' title='bbox 3083 1371 3097 1385; x_wconf 92' lang='grc'><strong>·</strong></span> <span class='ocrx_word' id='word_1_317' title='bbox 3178 1355 3417 1429; x_wconf 85' lang='grc' dir='ltr'>Ἐνεργεῖ</span> <span class='ocrx_word' id='word_1_318' title='bbox 3478 1355 3581 1431; x_wconf 76' lang='grc' dir='ltr'>γάρ</span> <span class='ocrx_word' id='word_1_319' title='bbox 3659 1356 3896 1431; x_wconf 71' lang='grc' dir='ltr'>ἑκατέρα</span> 
     </span>
    </p>
   </div>
   <div class='ocr_carea' id='block_1_44' title="bbox 2233 1441 3889 1518">
    <p class='ocr_par' dir='ltr' id='par_1_44' title="bbox 2233 1441 3889 1518">
     <span class='ocr_line' id='line_1_44' title="bbox 2233 1441 3889 1518; baseline 0.002 -22"><span class='ocrx_word' id='word_1_320' title='bbox 2233 1444 2417 1517; x_wconf 63' lang='grc' dir='ltr'>μορφή</span> <span class='ocrx_word' id='word_1_321' title='bbox 2519 1444 2652 1513; x_wconf 85' lang='grc' dir='ltr'>μετὰ</span> <span class='ocrx_word' id='word_1_322' title='bbox 2721 1448 2820 1510; x_wconf 85' lang='grc' dir='ltr'>τῆς</span> <span class='ocrx_word' id='word_1_323' title='bbox 2891 1441 3116 1516; x_wconf 88' lang='grc' dir='ltr'>θατέρου</span> <span class='ocrx_word' id='word_1_324' title='bbox 3185 1443 3474 1506; x_wconf 81' lang='grc' dir='ltr'>κοινωνίας</span> <span class='ocrx_word' id='word_1_325' title='bbox 3541 1446 3674 1518; x_wconf 73' lang='grc' dir='ltr'>ὅπερ</span> <span class='ocrx_word' id='word_1_326' title='bbox 3745 1444 3889 1500; x_wconf 71' lang='grc' dir='ltr'>ἴδιον</span> 
     </span>
    </p>
   </div>
   <div class='ocr_carea' id='block_1_45' title="bbox 2229 1528 3893 1608">
    <p class='ocr_par' dir='ltr' id='par_1_45' title="bbox 2229 1528 3893 1608">
     <span class='ocr_line' id='line_1_45' title="bbox 2229 1528 3893 1608; baseline 0.002 -22"><span class='ocrx_word' id='word_1_327' title='bbox 2229 1529 2453 1606; x_wconf 81' lang='grc' dir='ltr'>ἔσχηκε,</span> <span class='ocrx_word' id='word_1_328' title='bbox 2521 1535 2618 1584; x_wconf 73' lang='grc' dir='ltr'>τοῦ</span> <span class='ocrx_word' id='word_1_329' title='bbox 2696 1531 2788 1603; x_wconf 77' lang='grc' dir='ltr'>μὲν</span> <span class='ocrx_word' id='word_1_330' title='bbox 2884 1528 3053 1604; x_wconf 85' lang='grc' dir='ltr'>λόγου</span> <span class='ocrx_word' id='word_1_331' title='bbox 3148 1535 3625 1608; x_wconf 69' lang='grc' dir='ltr'>κατεργαζομένου</span> <span class='ocrx_word' id='word_1_332' title='bbox 3720 1539 3893 1590; x_wconf 82' lang='grc' dir='ltr'>τοῦτο</span> 
     </span>
    </p>
   </div>
   <div class='ocr_carea' id='block_1_46' title="bbox 2230 1618 3898 1695">
    <p class='ocr_par' dir='ltr' id='par_1_46' title="bbox 2230 1618 3898 1695">
     <span class='ocr_line' id='line_1_46' title="bbox 2230 1618 3898 1695; baseline 0.002 -20"><span class='ocrx_word' id='word_1_333' title='bbox 2230 1621 2360 1694; x_wconf 77' lang='grc' dir='ltr'>ὅπερ</span> <span class='ocrx_word' id='word_1_334' title='bbox 2431 1619 2541 1674; x_wconf 75' lang='grc' dir='ltr'>ἐστὶ</span> <span class='ocrx_word' id='word_1_335' title='bbox 2607 1624 2703 1674; x_wconf 70' lang='grc' dir='ltr'>τοῦ</span> <span class='ocrx_word' id='word_1_336' title='bbox 2773 1620 2969 1695; x_wconf 81' lang='grc' dir='ltr'>Λόγου,</span> <span class='ocrx_word' id='word_1_337' title='bbox 3038 1625 3136 1675; x_wconf 81' lang='grc' dir='ltr'>τοῦ</span> <span class='ocrx_word' id='word_1_338' title='bbox 3195 1618 3252 1675; x_wconf 76' lang='grc' dir='ltr'>δὲ</span> <span class='ocrx_word' id='word_1_339' title='bbox 3302 1623 3560 1695; x_wconf 85' lang='grc' dir='ltr'>σώματος</span> <span class='ocrx_word' id='word_1_340' title='bbox 3593 1623 3898 1679; x_wconf 74' lang='grc' dir='ltr'>ἐκτελοῦν-</span> 
     </span>
    </p>
   </div>
   <div class='ocr_carea' id='block_1_47' title="bbox 2228 1708 3892 1788">
    <p class='ocr_par' dir='ltr' id='par_1_47' title="bbox 2228 1708 3892 1788">
     <span class='ocr_line' id='line_1_47' title="bbox 2228 1708 3892 1788; baseline 0.004 -26"><span class='ocrx_word' id='word_1_341' title='bbox 2228 1730 2319 1770; x_wconf 83' lang='grc' dir='ltr'>τος</span> <span class='ocrx_word' id='word_1_342' title='bbox 2379 1712 2506 1784; x_wconf 71' lang='grc'>[425</span> <span class='ocrx_word' id='word_1_343' title='bbox 2574 1711 2660 1778; x_wconf 84' lang='grc' dir='ltr'>Η.]</span> <span class='ocrx_word' id='word_1_344' title='bbox 2732 1709 2866 1782; x_wconf 83' lang='grc' dir='ltr'>ἅπερ</span> <span class='ocrx_word' id='word_1_345' title='bbox 2937 1708 3048 1764; x_wconf 80' lang='grc' dir='ltr'>ἐστὶ</span> <span class='ocrx_word' id='word_1_346' title='bbox 3113 1714 3214 1763; x_wconf 80' lang='grc' dir='ltr'>τοῦ</span> <span class='ocrx_word' id='word_1_347' title='bbox 3282 1710 3559 1783; x_wconf 79' lang='grc' dir='ltr'>σώματος.</span> <span class='ocrx_word' id='word_1_348' title='bbox 3632 1713 3730 1767; x_wconf 75' lang='grc' dir='ltr'>Καὶ</span> <span class='ocrx_word' id='word_1_349' title='bbox 3786 1714 3892 1788; x_wconf 72' lang='grc' dir='ltr'>γὰρ</span> 
     </span>
    </p>
   </div>
   <div class='ocr_carea' id='block_1_48' title="bbox 3711 1801 3896 1876">
    <p class='ocr_par' dir='ltr' id='par_1_48' title="bbox 3711 1801 3896 1876">
     <span class='ocr_line' id='line_1_48' title="bbox 3711 1801 3896 1876; baseline 0.005 -21"><span class='ocrx_word' id='word_1_350' title='bbox 3711 1801 3896 1876; x_wconf 75' lang='grc' dir='ltr'>ίεροις</span> 
     </span>
    </p>
   </div>
   <div class='ocr_carea' id='block_1_49' title="bbox 2225 1882 3894 1964">
    <p class='ocr_par' dir='ltr' id='par_1_49' title="bbox 2225 1882 3894 1964">
     <span class='ocr_line' id='line_1_49' title="bbox 2225 1882 3894 1964; baseline 0.005 -25"><span class='ocrx_word' id='word_1_351' title='bbox 2225 1888 2385 1957; x_wconf 79' lang='grc' dir='ltr'>ἡμῶν</span> <span class='ocrx_word' id='word_1_352' title='bbox 2420 1882 2872 1960; x_wconf 73' lang='grc' dir='ltr'>ἀναδειχθήσεται</span> <span class='ocrx_word' id='word_1_353' title='bbox 2925 1887 3171 1961; x_wconf 81' lang='grc' dir='ltr'>Πατράσι</span> <span class='ocrx_word' id='word_1_354' title='bbox 3213 1904 3225 1920; x_wconf 88' lang='grc'><strong>·</strong></span> <span class='ocrx_word' id='word_1_355' title='bbox 3273 1889 3471 1951; x_wconf 80' lang='grc' dir='ltr'>πάντες</span> <span class='ocrx_word' id='word_1_356' title='bbox 3518 1891 3618 1964; x_wconf 78' lang='grc' dir='ltr'>γάρ</span> <span class='ocrx_word' id='word_1_357' title='bbox 3670 1893 3739 1944; x_wconf 72' lang='grc' dir='ltr'>τά</span> <span class='ocrx_word' id='word_1_358' title='bbox 3796 1894 3894 1964; x_wconf 79' lang='grc' dir='ltr'>μὲν</span> 
     </span>
    </p>
   </div>
   <div class='ocr_carea' id='block_1_50' title="bbox 2228 1974 3893 2050">
    <p class='ocr_par' dir='ltr' id='par_1_50' title="bbox 2228 1974 3893 2050">
     <span class='ocr_line' id='line_1_50' title="bbox 2228 1974 3893 2050; baseline 0.005 -23"><span class='ocrx_word' id='word_1_359' title='bbox 2228 1975 2541 2048; x_wconf 75' lang='grc' dir='ltr'>ἂνθρώπινα</span> <span class='ocrx_word' id='word_1_360' title='bbox 2588 1979 2668 2046; x_wconf 80' lang='grc' dir='ltr'>τῷ</span> <span class='ocrx_word' id='word_1_361' title='bbox 2712 1974 2978 2048; x_wconf 78' lang='grc' dir='ltr'>ἀνθρώπῳ</span> <span class='ocrx_word' id='word_1_362' title='bbox 3024 1975 3356 2047; x_wconf 69' lang='grc' dir='ltr'>ἀνατιθέασι,</span> <span class='ocrx_word' id='word_1_363' title='bbox 3413 1982 3493 2049; x_wconf 77' lang='grc' dir='ltr'>τῷ</span> <span class='ocrx_word' id='word_1_364' title='bbox 3541 1983 3659 2050; x_wconf 85' lang='grc' dir='ltr'>Θεῷ</span> <span class='ocrx_word' id='word_1_365' title='bbox 3709 1977 3768 2034; x_wconf 78' lang='grc' dir='ltr'>δὲ</span> <span class='ocrx_word' id='word_1_366' title='bbox 3823 1984 3893 2036; x_wconf 73' lang='grc' dir='ltr'>τά</span> 
     </span>
    </p>
   </div>
   <div class='ocr_carea' id='block_1_51' title="bbox 2229 2064 3894 2144">
    <p class='ocr_par' dir='ltr' id='par_1_51' title="bbox 2229 2064 3894 2144">
     <span class='ocr_line' id='line_1_51' title="bbox 2229 2064 3894 2144; baseline 0.004 -26"><span class='ocrx_word' id='word_1_367' title='bbox 2229 2067 2365 2131; x_wconf 85' lang='grc' dir='ltr'>θεῖα,</span> <span class='ocrx_word' id='word_1_368' title='bbox 2418 2064 2599 2138; x_wconf 83' lang='grc' dir='ltr'>ὥσπερ</span> <span class='ocrx_word' id='word_1_369' title='bbox 2649 2065 2740 2119; x_wconf 81' lang='grc' dir='ltr'>καὶ</span> <span class='ocrx_word' id='word_1_370' title='bbox 2791 2066 2817 2118; x_wconf 86' lang='grc' dir='ltr'>ὁ</span> <span class='ocrx_word' id='word_1_371' title='bbox 2869 2065 3036 2142; x_wconf 72' lang='grc' dir='ltr'>σοφὸς</span> <span class='ocrx_word' id='word_1_372' title='bbox 3087 2064 3371 2141; x_wconf 86' lang='grc' dir='ltr'>Κόριλλος</span> <span class='ocrx_word' id='word_1_373' title='bbox 3423 2065 3474 2121; x_wconf 80' lang='grc' dir='ltr'>ἐν</span> <span class='ocrx_word' id='word_1_374' title='bbox 3526 2072 3594 2141; x_wconf 83' lang='grc' dir='ltr'>τῇ</span> <span class='ocrx_word' id='word_1_375' title='bbox 3621 2070 3894 2144; x_wconf 73' lang='grc' dir='ltr'>ἑρμηνείᾳ</span> 
     </span>
    </p>
   </div>
   <div class='ocr_carea' id='block_1_52' title="bbox 2223 2153 3374 2231">
    <p class='ocr_par' dir='ltr' id='par_1_52' title="bbox 2223 2153 3374 2231">
     <span class='ocr_line' id='line_1_52' title="bbox 2223 2153 3374 2231; baseline 0 -21"><span class='ocrx_word' id='word_1_376' title='bbox 2223 2159 2320 2210; x_wconf 78' lang='grc' dir='ltr'>τοῦ</span> <span class='ocrx_word' id='word_1_377' title='bbox 2377 2155 2509 2208; x_wconf 83' lang='grc' dir='ltr'>κατά</span> <span class='ocrx_word' id='word_1_378' title='bbox 2570 2153 2822 2225; x_wconf 78' lang='grc' dir='ltr'>Ἰωάννην</span> <span class='ocrx_word' id='word_1_379' title='bbox 2886 2153 3221 2231; x_wconf 77' lang='grc' dir='ltr'>Εὗαγγελίου</span> <span class='ocrx_word' id='word_1_380' title='bbox 3256 2173 3269 2186; x_wconf 89' lang='grc'><strong>·</strong></span> <span class='ocrx_word' id='word_1_381' title='bbox 3315 2157 3374 2213; x_wconf 85' lang='lat' dir='ltr'>Ei</span> 
     </span>
    </p>
   </div>
   <div class='ocr_carea' id='block_1_53' title="bbox 2226 2242 3890 2322">
    <p class='ocr_par' dir='ltr' id='par_1_53' title="bbox 2226 2242 3890 2322">
     <span class='ocr_line' id='line_1_53' title="bbox 2226 2242 3890 2322; baseline 0.003 -24"><span class='ocrx_word' id='word_1_382' title='bbox 2226 2243 2444 2318; x_wconf 87' lang='grc' dir='ltr'>λέγοιτο</span> <span class='ocrx_word' id='word_1_383' title='bbox 2520 2242 2849 2317; x_wconf 85' lang='grc' dir='ltr'>προκόπτειν</span> <span class='ocrx_word' id='word_1_384' title='bbox 2923 2245 2950 2298; x_wconf 89' lang='grc' dir='ltr'>ὁ</span> <span class='ocrx_word' id='word_1_385' title='bbox 3017 2245 3230 2314; x_wconf 75' lang='grc' dir='ltr'>Ἰησοῦς</span> <span class='ocrx_word' id='word_1_386' title='bbox 3299 2245 3492 2318; x_wconf 72' lang='grc' dir='ltr'>ἡλικίᾳ</span> <span class='ocrx_word' id='word_1_387' title='bbox 3558 2249 3646 2302; x_wconf 84' lang='grc' dir='ltr'>καὶ</span> <span class='ocrx_word' id='word_1_388' title='bbox 3713 2250 3890 2322; x_wconf 72' lang='grc' dir='ltr'>σοφίᾳ</span> 
     </span>
    </p>
   </div>
   <div class='ocr_carea' id='block_1_54' title="bbox 2224 2332 3702 2412">
    <p class='ocr_par' dir='ltr' id='par_1_54' title="bbox 2224 2332 3702 2412">
     <span class='ocr_line' id='line_1_54' title="bbox 2224 2332 3702 2412; baseline 0.02 -31"><span class='ocrx_word' id='word_1_389' title='bbox 2224 2334 2312 2388; x_wconf 72' lang='grc' dir='ltr'>καὶ</span> <span class='ocrx_word' id='word_1_390' title='bbox 2356 2334 2568 2408; x_wconf 77' lang='grc' dir='ltr'>χάριτι,</span> <span class='ocrx_word' id='word_1_391' title='bbox 2625 2337 2723 2398; x_wconf 83' lang='grc' dir='ltr'>τῆς</span> <span class='ocrx_word' id='word_1_392' title='bbox 2784 2333 3096 2407; x_wconf 78' lang='grc' dir='ltr'>οἰκονομίας</span> <span class='ocrx_word' id='word_1_393' title='bbox 3151 2332 3299 2389; x_wconf 79' lang='grc' dir='ltr'>ἔσται</span> <span class='ocrx_word' id='word_1_394' title='bbox 3348 2337 3409 2390; x_wconf 79' lang='grc' dir='ltr'><strong>τὸ</strong></span> <span class='ocrx_word' id='word_1_395' title='bbox 3457 2344 3656 2412; x_wconf 77' lang='grc' dir='ltr'>χρῆμα</span> <span class='ocrx_word' id='word_1_396' title='bbox 3690 2358 3702 2368; x_wconf 91' lang='grc'><strong>’</strong></span> 
     </span>
    </p>
   </div>
   <div class='ocr_carea' id='block_1_55' title="bbox 2224 2420 3886 2499">
    <p class='ocr_par' dir='ltr' id='par_1_55' title="bbox 2224 2420 3886 2499">
     <span class='ocr_line' id='line_1_55' title="bbox 2224 2420 3886 2499; baseline 0.004 -24"><span class='ocrx_word' id='word_1_397' title='bbox 2224 2422 2424 2499; x_wconf 86' lang='grc' dir='ltr'>εχώρει</span> <span class='ocrx_word' id='word_1_398' title='bbox 2485 2422 2586 2496; x_wconf 82' lang='grc' dir='ltr'>γὰρ</span> <span class='ocrx_word' id='word_1_399' title='bbox 2647 2424 2674 2477; x_wconf 90' lang='lat'>6</span> <span class='ocrx_word' id='word_1_400' title='bbox 2721 2420 2818 2477; x_wconf 78' lang='grc' dir='ltr'>τοῦ</span> <span class='ocrx_word' id='word_1_401' title='bbox 2868 2427 3002 2478; x_wconf 77' lang='grc' dir='ltr'>Θεοῦ</span> <span class='ocrx_word' id='word_1_402' title='bbox 3053 2422 3220 2498; x_wconf 83' lang='grc' dir='ltr'>λόγος</span> <span class='ocrx_word' id='word_1_403' title='bbox 3270 2421 3359 2479; x_wconf 72' lang='grc' dir='ltr'>διὰ</span> <span class='ocrx_word' id='word_1_404' title='bbox 3406 2430 3511 2480; x_wconf 77' lang='grc' dir='ltr'>τῶν</span> <span class='ocrx_word' id='word_1_405' title='bbox 3570 2435 3674 2496; x_wconf 80' lang='grc' dir='ltr'>τῆς</span> <span class='ocrx_word' id='word_1_406' title='bbox 3737 2426 3886 2489; x_wconf 66' lang='grc' dir='ltr'>ἰδίας</span> 
     </span>
    </p>
   </div>
   <div class='ocr_carea' id='block_1_56' title="bbox 2223 2511 3890 2588">
    <p class='ocr_par' dir='ltr' id='par_1_56' title="bbox 2223 2511 3890 2588">
     <span class='ocr_line' id='line_1_56' title="bbox 2223 2511 3890 2588; baseline 0.005 -25"><span class='ocrx_word' id='word_1_407' title='bbox 2223 2511 2433 2588; x_wconf 78' lang='grc' dir='ltr'>φύσεως</span> <span class='ocrx_word' id='word_1_408' title='bbox 2482 2512 2612 2566; x_wconf 79' lang='grc' dir='ltr'>ἐθῶν</span> <span class='ocrx_word' id='word_1_409' title='bbox 2663 2511 2798 2566; x_wconf 82' lang='grc' dir='ltr'>ἰέναι</span> <span class='ocrx_word' id='word_1_410' title='bbox 2851 2513 2913 2567; x_wconf 90' lang='grc' dir='ltr'>τὸ</span> <span class='ocrx_word' id='word_1_411' title='bbox 2961 2512 3322 2587; x_wconf 81' lang='grc' dir='ltr'>ἀνθρώπινον.</span> <span class='ocrx_word' id='word_1_412' title='bbox 3371 2514 3478 2570; x_wconf 69' lang='grc' dir='ltr'>Καὶ</span> <span class='ocrx_word' id='word_1_413' title='bbox 3527 2515 3580 2570; x_wconf 81' lang='grc' dir='ltr'>ἐν</span> <span class='ocrx_word' id='word_1_414' title='bbox 3626 2521 3709 2588; x_wconf 77' lang='grc' dir='ltr'>τῷ</span> <span class='ocrx_word' id='word_1_415' title='bbox 3743 2520 3890 2574; x_wconf 79' lang='grc' dir='ltr'>κατά</span> 
     </span>
    </p>
   </div>
   <div class='ocr_carea' id='block_1_57' title="bbox 2223 2599 3887 2680">
    <p class='ocr_par' dir='ltr' id='par_1_57' title="bbox 2223 2599 3887 2680">
     <span class='ocr_line' id='line_1_57' title="bbox 2223 2599 3887 2680; baseline 0.003 -26"><span class='ocrx_word' id='word_1_416' title='bbox 2223 2600 2514 2673; x_wconf 80' lang='grc' dir='ltr'>Νεστορίου</span> <span class='ocrx_word' id='word_1_417' title='bbox 2573 2600 2749 2678; x_wconf 72' lang='grc' dir='ltr'>λόγῳ,</span> <span class='ocrx_word' id='word_1_418' title='bbox 2829 2604 3014 2675; x_wconf 75' lang='grc' dir='ltr'>Ἅθρει</span> <span class='ocrx_word' id='word_1_419' title='bbox 3084 2599 3176 2670; x_wconf 79' lang='grc' dir='ltr'>δὴ,</span> <span class='ocrx_word' id='word_1_420' title='bbox 3244 2607 3430 2680; x_wconf 77' lang='grc' dir='ltr'>φησὶν,</span> <span class='ocrx_word' id='word_1_421' title='bbox 3500 2604 3649 2667; x_wconf 73' lang='grc' dir='ltr'>ὅπως</span> <span class='ocrx_word' id='word_1_422' title='bbox 3720 2605 3887 2662; x_wconf 66' lang='grc' dir='ltr'>οὐδὲν</span> 
     </span>
    </p>
   </div>
   <div class='ocr_carea' id='block_1_58' title="bbox 2220 2689 3888 2771">
    <p class='ocr_par' dir='ltr' id='par_1_58' title="bbox 2220 2689 3888 2771">
     <span class='ocr_line' id='line_1_58' title="bbox 2220 2689 3888 2771; baseline 0.005 -27"><span class='ocrx_word' id='word_1_423' title='bbox 2220 2691 2474 2764; x_wconf 81' lang='grc' dir='ltr'>καθυφεὶς</span> <span class='ocrx_word' id='word_1_424' title='bbox 2544 2691 2728 2760; x_wconf 77' lang='grc' dir='ltr'>αὐτὸς,</span> <span class='ocrx_word' id='word_1_425' title='bbox 2797 2689 2920 2746; x_wconf 71' lang='grc' dir='ltr'>οὔτε</span> <span class='ocrx_word' id='word_1_426' title='bbox 2988 2693 3095 2764; x_wconf 78' lang='grc' dir='ltr'>μην</span> <span class='ocrx_word' id='word_1_427' title='bbox 3161 2691 3237 2755; x_wconf 80' lang='grc' dir='ltr'>ἐίς</span> <span class='ocrx_word' id='word_1_428' title='bbox 3334 2691 3475 2748; x_wconf 83' lang='grc' dir='ltr'>ἰδίαν</span> <span class='ocrx_word' id='word_1_429' title='bbox 3563 2695 3719 2771; x_wconf 60' lang='grc' dir='ltr'>φύσιν</span> <span class='ocrx_word' id='word_1_430' title='bbox 3818 2699 3888 2752; x_wconf 83' lang='grc' dir='ltr'>τὸ</span> 
     </span>
    </p>
   </div>
   <div class='ocr_carea' id='block_1_59' title="bbox 2219 2779 3438 2857">
    <p class='ocr_par' dir='ltr' id='par_1_59' title="bbox 2219 2779 3438 2857">
     <span class='ocr_line' id='line_1_59' title="bbox 2219 2779 3438 2857; baseline 0.003 -23"><span class='ocrx_word' id='word_1_431' title='bbox 2219 2779 2503 2848; x_wconf 80' lang='grc' dir='ltr'>ἀσθενῆσαι</span> <span class='ocrx_word' id='word_1_432' title='bbox 2592 2783 2802 2849; x_wconf 86' lang='grc' dir='ltr'>παθὼν,</span> <span class='ocrx_word' id='word_1_433' title='bbox 2902 2783 3292 2857; x_wconf 87' lang='grc' dir='ltr'>συγκεχώρηκε</span> <span class='ocrx_word' id='word_1_434' title='bbox 3370 2789 3438 2857; x_wconf 84' lang='grc' dir='ltr'>τῇ</span> 
     </span>
    </p>
   </div>
   <div class='ocr_carea' id='block_1_60' title="bbox 2221 2867 3886 2950">
    <p class='ocr_par' dir='ltr' id='par_1_60' title="bbox 2221 2867 3886 2950">
     <span class='ocr_line' id='line_1_60' title="bbox 2221 2867 3886 2950; baseline 0.004 -26"><span class='ocrx_word' id='word_1_435' title='bbox 2221 2867 2310 2925; x_wconf 73' lang='grc' dir='ltr'>διὰ</span> <span class='ocrx_word' id='word_1_436' title='bbox 2351 2876 2458 2926; x_wconf 83' lang='grc' dir='ltr'>τῶν</span> <span class='ocrx_word' id='word_1_437' title='bbox 2517 2868 2666 2926; x_wconf 85' lang='grc' dir='ltr'>ἰδίων</span> <span class='ocrx_word' id='word_1_438' title='bbox 2722 2870 2856 2926; x_wconf 85' lang='grc' dir='ltr'>ἱέναι</span> <span class='ocrx_word' id='word_1_439' title='bbox 2903 2873 3108 2946; x_wconf 85' lang='grc' dir='ltr'>νόμων·</span> <span class='ocrx_word' id='word_1_440' title='bbox 3170 2873 3259 2927; x_wconf 84' lang='lat' dir='ltr'>xui</span> <span class='ocrx_word' id='word_1_441' title='bbox 3319 2873 3485 2928; x_wconf 69' lang='grc' dir='ltr'>αὐτοῦ</span> <span class='ocrx_word' id='word_1_442' title='bbox 3547 2875 3611 2929; x_wconf 89' lang='grc' dir='ltr'>τὸ</span> <span class='ocrx_word' id='word_1_443' title='bbox 3673 2882 3886 2950; x_wconf 73' lang='grc' dir='ltr'>χρῆμα</span> 
     </span>
    </p>
   </div>
   <div class='ocr_carea' id='block_1_61' title="bbox 2219 2957 3890 3035">
    <p class='ocr_par' dir='ltr' id='par_1_61' title="bbox 2219 2957 3890 3035">
     <span class='ocr_line' id='line_1_61' title="bbox 2219 2957 3890 3035; baseline 0.001 -21"><span class='ocrx_word' id='word_1_444' title='bbox 2219 2957 2428 3035; x_wconf 88' lang='grc' dir='ltr'>λέγεται</span> <span class='ocrx_word' id='word_1_445' title='bbox 2483 2958 2572 3014; x_wconf 82' lang='grc' dir='ltr'>διὰ</span> <span class='ocrx_word' id='word_1_446' title='bbox 2622 2960 2685 3015; x_wconf 87' lang='grc' dir='ltr'>τὸ</span> <span class='ocrx_word' id='word_1_447' title='bbox 2733 2958 2871 3015; x_wconf 66' lang='grc' dir='ltr'>ἴδιον</span> <span class='ocrx_word' id='word_1_448' title='bbox 2924 2963 3060 3016; x_wconf 85' lang='grc' dir='ltr'>εἴναι</span> <span class='ocrx_word' id='word_1_449' title='bbox 3110 2963 3172 3016; x_wconf 85' lang='grc' dir='ltr'>τὸ</span> <span class='ocrx_word' id='word_1_450' title='bbox 3226 2966 3386 3034; x_wconf 82' lang='grc' dir='ltr'>σῶμα</span> <span class='ocrx_word' id='word_1_451' title='bbox 3437 2963 3625 3020; x_wconf 79' lang='grc' dir='ltr'>αὐτοῦ.</span> <span class='ocrx_word' id='word_1_452' title='bbox 3665 2966 3764 3020; x_wconf 80' lang='grc' dir='ltr'>Καὶ</span> <span class='ocrx_word' id='word_1_453' title='bbox 3827 2963 3890 3019; x_wconf 76' lang='grc' dir='ltr'>ὲν</span> 
     </span>
    </p>
   </div>
   <div class='ocr_carea' id='block_1_62' title="bbox 2216 3052 3889 3129">
    <p class='ocr_par' dir='ltr' id='par_1_62' title="bbox 2216 3052 3889 3129">
     <span class='ocr_line' id='line_1_62' title="bbox 2216 3052 3889 3129; baseline 0.002 -25"><span class='ocrx_word' id='word_1_454' title='bbox 2216 3055 2334 3112; x_wconf 81' lang='grc' dir='ltr'>τοῖς</span> <span class='ocrx_word' id='word_1_455' title='bbox 2393 3055 2720 3125; x_wconf 81' lang='grc' dir='ltr'>Θησαυροῖς,</span> <span class='ocrx_word' id='word_1_456' title='bbox 2787 3052 2855 3104; x_wconf 88' lang='grc' dir='ltr'>Τὸ</span> <span class='ocrx_word' id='word_1_457' title='bbox 2916 3053 3012 3124; x_wconf 73' lang='grc' dir='ltr'>μὲν</span> <span class='ocrx_word' id='word_1_458' title='bbox 3067 3052 3419 3126; x_wconf 77' lang='grc' dir='ltr'>ταράττεσθαι</span> <span class='ocrx_word' id='word_1_459' title='bbox 3493 3059 3592 3121; x_wconf 79' lang='grc' dir='ltr'>τῆς</span> <span class='ocrx_word' id='word_1_460' title='bbox 3671 3055 3889 3129; x_wconf 82' lang='grc' dir='ltr'>σαρκὸς</span> 
     </span>
    </p>
   </div>
   <div class='ocr_carea' id='block_1_63' title="bbox 2221 3135 3886 3215">
    <p class='ocr_par' dir='ltr' id='par_1_63' title="bbox 2221 3135 3886 3215">
     <span class='ocr_line' id='line_1_63' title="bbox 2221 3135 3886 3215; baseline 0.003 -23"><span class='ocrx_word' id='word_1_461' title='bbox 2221 3138 2360 3194; x_wconf 63' lang='grc' dir='ltr'>ἴδιον</span> <span class='ocrx_word' id='word_1_462' title='bbox 2427 3137 2621 3208; x_wconf 83' lang='grc' dir='ltr'>πάθος,</span> <span class='ocrx_word' id='word_1_463' title='bbox 2689 3141 2749 3194; x_wconf 87' lang='grc' dir='ltr'>τὸ</span> <span class='ocrx_word' id='word_1_464' title='bbox 2818 3137 2875 3194; x_wconf 75' lang='grc' dir='ltr'>δὲ</span> <span class='ocrx_word' id='word_1_465' title='bbox 2942 3139 3178 3210; x_wconf 78' lang='grc' dir='ltr'>ἐξουσίαν</span> <span class='ocrx_word' id='word_1_466' title='bbox 3244 3135 3394 3215; x_wconf 80' lang='grc' dir='ltr'>ἔχειν</span> <span class='ocrx_word' id='word_1_467' title='bbox 3463 3143 3629 3195; x_wconf 81' lang='grc' dir='ltr'>θεῖναι</span> <span class='ocrx_word' id='word_1_468' title='bbox 3679 3148 3740 3196; x_wconf 83' lang='grc' dir='ltr'>τέ</span> <span class='ocrx_word' id='word_1_469' title='bbox 3783 3145 3886 3197; x_wconf 83' lang='lat' dir='ltr'>xui</span> 
     </span>
    </p>
   </div>
   <div class='ocr_carea' id='block_1_64' title="bbox 2213 3223 3882 3306">
    <p class='ocr_par' dir='ltr' id='par_1_64' title="bbox 2213 3223 3882 3306">
     <span class='ocr_line' id='line_1_64' title="bbox 2213 3223 3882 3306; baseline 0.002 -23"><span class='ocrx_word' id='word_1_470' title='bbox 2213 3227 2380 3283; x_wconf 77' lang='grc' dir='ltr'>πάλιν</span> <span class='ocrx_word' id='word_1_471' title='bbox 2448 3223 2632 3283; x_wconf 76' lang='grc' dir='ltr'>λαϐεῖν</span> <span class='ocrx_word' id='word_1_472' title='bbox 2699 3231 2798 3298; x_wconf 75' lang='grc' dir='ltr'>την</span> <span class='ocrx_word' id='word_1_473' title='bbox 2869 3231 3054 3304; x_wconf 77' lang='grc' dir='ltr'>ψυχὴν</span> <span class='ocrx_word' id='word_1_474' title='bbox 3116 3232 3214 3300; x_wconf 77' lang='grc' dir='ltr'>τήν</span> <span class='ocrx_word' id='word_1_475' title='bbox 3281 3234 3378 3285; x_wconf 79' lang='grc' dir='ltr'>τοῦ</span> <span class='ocrx_word' id='word_1_476' title='bbox 3445 3230 3620 3306; x_wconf 76' lang='grc' dir='ltr'>Λόγου</span> <span class='ocrx_word' id='word_1_477' title='bbox 3705 3229 3882 3286; x_wconf 72' lang='grc' dir='ltr'>δυνά-</span> 
     </span>
    </p>
   </div>
   <div class='ocr_carea' id='block_1_65' title="bbox 2216 3316 3882 3397">
    <p class='ocr_par' dir='ltr' id='par_1_65' title="bbox 2216 3316 3882 3397">
     <span class='ocr_line' id='line_1_65' title="bbox 2216 3316 3882 3397; baseline 0.001 -24"><span class='ocrx_word' id='word_1_478' title='bbox 2216 3340 2359 3392; x_wconf 85' lang='grc' dir='ltr'>μεως</span> <span class='ocrx_word' id='word_1_479' title='bbox 2389 3316 2564 3393; x_wconf 65' lang='grc' dir='ltr'>ἔργον.</span> <span class='ocrx_word' id='word_1_480' title='bbox 2599 3319 2700 3376; x_wconf 82' lang='grc' dir='ltr'>Καὶ</span> <span class='ocrx_word' id='word_1_481' title='bbox 2736 3318 2901 3394; x_wconf 86' lang='grc' dir='ltr'>μυρία</span> <span class='ocrx_word' id='word_1_482' title='bbox 2940 3320 2998 3374; x_wconf 80' lang='grc' dir='ltr'>ἄν</span> <span class='ocrx_word' id='word_1_483' title='bbox 3048 3341 3130 3381; x_wconf 89' lang='grc' dir='ltr'>τις</span> <span class='ocrx_word' id='word_1_484' title='bbox 3182 3318 3524 3393; x_wconf 85' lang='grc' dir='ltr'>βουλόμενος</span> <span class='ocrx_word' id='word_1_485' title='bbox 3576 3318 3882 3397; x_wconf 79' lang='grc' dir='ltr'>συλλέγειν</span> 
     </span>
    </p>
   </div>
   <div class='ocr_carea' id='block_1_66' title="bbox 3449 2154 3890 2238">
    <p class='ocr_par' dir='ltr' id='par_1_66' title="bbox 3449 2154 3890 2238">
     <span class='ocr_line' id='line_1_66' title="bbox 3449 2154 3890 2238; baseline 0.005 -26"><span class='ocrx_word' id='word_1_486' title='bbox 3449 2154 3506 2213; x_wconf 75' lang='grc' dir='ltr'><em>δὲ</em></span> <span class='ocrx_word' id='word_1_487' title='bbox 3560 2155 3649 2226; x_wconf 76' lang='grc' dir='ltr'>δὴ,</span> <span class='ocrx_word' id='word_1_488' title='bbox 3717 2162 3890 2238; x_wconf 68' lang='grc' dir='ltr'>φησί,</span> 
     </span>
    </p>
   </div>
   <div class='ocr_carea' id='block_1_67' title="bbox 3754 2360 3890 2392">
    <p class='ocr_par' dir='ltr' id='par_1_67' title="bbox 3754 2360 3890 2392">
     <span class='ocr_line' id='line_1_67' title="bbox 3754 2360 3890 2392; baseline -0.007 0"><span class='ocrx_word' id='word_1_489' title='bbox 3754 2360 3851 2392; x_wconf 79' lang='grc' dir='ltr'>συν</span> <span class='ocrx_word' id='word_1_490' title='bbox 3865 2371 3890 2381; x_wconf 84' lang='grc'><strong><em>-</em></strong></span> 
     </span>
    </p>
   </div>
   <div class='ocr_carea' id='block_1_68' title="bbox 3531 2784 3882 2860">
    <p class='ocr_par' dir='ltr' id='par_1_68' title="bbox 3531 2784 3882 2860">
     <span class='ocr_line' id='line_1_68' title="bbox 3531 2784 3882 2860; baseline 0.009 -22"><span class='ocrx_word' id='word_1_491' title='bbox 3531 2784 3689 2860; x_wconf 83' lang='grc' dir='ltr'>σαρκὶ</span> <span class='ocrx_word' id='word_1_492' title='bbox 3789 2789 3882 2841; x_wconf 82' lang='grc' dir='ltr'>καὶ</span> 
     </span>
    </p>
   </div>
   <div class='ocr_carea' id='block_1_69' title="bbox 459 3406 3879 3488">
    <p class='ocr_par' dir='ltr' id='par_1_69' title="bbox 459 3406 3879 3488">
     <span class='ocr_line' id='line_1_69' title="bbox 459 3406 3879 3488; baseline 0.001 -23"><span class='ocrx_word' id='word_1_493' title='bbox 459 3406 520 3465; x_wconf 58' lang='lat' dir='ltr'>ix</span> <span class='ocrx_word' id='word_1_494' title='bbox 556 3431 613 3464; x_wconf 89' lang='grc' dir='ltr'>τε</span> <span class='ocrx_word' id='word_1_495' title='bbox 642 3409 837 3464; x_wconf 82' lang='grc' dir='ltr'>τούτου</span> <span class='ocrx_word' id='word_1_496' title='bbox 869 3411 889 3446; x_wconf 86' lang='grc'>²</span> <span class='ocrx_word' id='word_1_497' title='bbox 919 3414 1017 3464; x_wconf 75' lang='grc' dir='ltr'>τοῦ</span> <span class='ocrx_word' id='word_1_498' title='bbox 1051 3409 1199 3465; x_wconf 89' lang='grc' dir='ltr'>θείου</span> <span class='ocrx_word' id='word_1_499' title='bbox 1238 3409 1430 3484; x_wconf 82' lang='grc' dir='ltr'>ἀνδρὸς</span> <span class='ocrx_word' id='word_1_500' title='bbox 1461 3411 1551 3465; x_wconf 84' lang='grc' dir='ltr'>καὶ</span> <span class='ocrx_word' id='word_1_501' title='bbox 1582 3411 1642 3465; x_wconf 85' lang='grc' dir='ltr'>ἐκ</span> <span class='ocrx_word' id='word_1_502' title='bbox 1671 3415 1778 3466; x_wconf 83' lang='grc' dir='ltr'>τῶν</span> <span class='ocrx_word' id='word_1_503' title='bbox 1810 3410 2018 3466; x_wconf 83' lang='grc' dir='ltr'>λοιπῶν</span> <span class='ocrx_word' id='word_1_504' title='bbox 2053 3414 2212 3484; x_wconf 77' lang='grc' dir='ltr'>ἡμῶν</span> <span class='ocrx_word' id='word_1_505' title='bbox 2256 3410 2506 3483; x_wconf 84' lang='grc' dir='ltr'>Ιιατέρων</span> <span class='ocrx_word' id='word_1_506' title='bbox 2557 3408 2656 3464; x_wconf 79' lang='grc' dir='ltr'>οὐκ</span> <span class='ocrx_word' id='word_1_507' title='bbox 2701 3409 2763 3464; x_wconf 78' lang='grc' dir='ltr'>ἃν</span> <span class='ocrx_word' id='word_1_508' title='bbox 2814 3410 3068 3485; x_wconf 77' lang='grc' dir='ltr'>ἀπορήσῇ</span> <span class='ocrx_word' id='word_1_509' title='bbox 3101 3413 3142 3466; x_wconf 83' lang='grc'>³.</span> <span class='ocrx_word' id='word_1_510' title='bbox 3204 3412 3331 3483; x_wconf 85' lang='grc'>[812</span> <span class='ocrx_word' id='word_1_511' title='bbox 3388 3413 3481 3484; x_wconf 64' lang='grc'>3.]</span> <span class='ocrx_word' id='word_1_512' title='bbox 3539 3409 3592 3465; x_wconf 68' lang='grc' dir='ltr'>ο⁹ί</span> <span class='ocrx_word' id='word_1_513' title='bbox 3652 3431 3706 3466; x_wconf 82' lang='grc' dir='ltr'>τε</span> <span class='ocrx_word' id='word_1_514' title='bbox 3767 3415 3879 3488; x_wconf 66' lang='grc' dir='ltr'>γὰρ</span> 
     </span>
    </p>
   </div>
   <div class='ocr_carea' id='block_1_70' title="bbox 461 3493 3877 3576">
    <p class='ocr_par' dir='ltr' id='par_1_70' title="bbox 461 3493 3877 3576">
     <span class='ocr_line' id='line_1_70' title="bbox 461 3493 3877 3576; baseline 0.001 -22"><span class='ocrx_word' id='word_1_515' title='bbox 461 3500 754 3574; x_wconf 88' lang='grc' dir='ltr'>Γρηγόριοι</span> <span class='ocrx_word' id='word_1_516' title='bbox 806 3499 894 3553; x_wconf 82' lang='grc' dir='ltr'>καὶ</span> <span class='ocrx_word' id='word_1_517' title='bbox 952 3499 1266 3563; x_wconf 85' lang='grc' dir='ltr'>Ἀθανάσιος</span> <span class='ocrx_word' id='word_1_518' title='bbox 1318 3498 1688 3576; x_wconf 76' lang='grc' dir='ltr'>Ἀμφιλόχιός</span> <span class='ocrx_word' id='word_1_519' title='bbox 1748 3521 1802 3553; x_wconf 90' lang='grc' dir='ltr'>τε</span> <span class='ocrx_word' id='word_1_520' title='bbox 1859 3499 1948 3554; x_wconf 85' lang='grc' dir='ltr'>καὶ</span> <span class='ocrx_word' id='word_1_521' title='bbox 1999 3500 2025 3554; x_wconf 94' lang='lat'>6</span> <span class='ocrx_word' id='word_1_522' title='bbox 2083 3498 2470 3574; x_wconf 81' lang='grc' dir='ltr'>Χρυσόστομος</span> <span class='ocrx_word' id='word_1_523' title='bbox 2527 3500 2616 3553; x_wconf 85' lang='lat' dir='ltr'>xui</span> <span class='ocrx_word' id='word_1_524' title='bbox 2667 3493 3001 3574; x_wconf 74' lang='grc' dir='ltr'>Ἀμϐρόσιος</span> <span class='ocrx_word' id='word_1_525' title='bbox 3033 3498 3119 3553; x_wconf 81' lang='lat' dir='ltr'>xui</span> <span class='ocrx_word' id='word_1_526' title='bbox 3153 3499 3179 3554; x_wconf 86' lang='lat'>6</span> <span class='ocrx_word' id='word_1_527' title='bbox 3212 3497 3386 3561; x_wconf 73' lang='grc' dir='ltr'>ἄλλος</span> <span class='ocrx_word' id='word_1_528' title='bbox 3417 3503 3523 3553; x_wconf 79' lang='grc' dir='ltr'>τῶν</span> <span class='ocrx_word' id='word_1_529' title='bbox 3556 3499 3734 3574; x_wconf 83' lang='grc' dir='ltr'>ἆγίων</span> <span class='ocrx_word' id='word_1_530' title='bbox 3772 3521 3877 3576; x_wconf 76' lang='grc' dir='ltr'>χο·</span> 
     </span>
    </p>
   </div>
   <div class='ocr_carea' id='block_1_71' title="bbox 459 3585 1252 3664">
    <p class='ocr_par' dir='ltr' id='par_1_71' title="bbox 459 3585 1252 3664">
     <span class='ocr_line' id='line_1_71' title="bbox 459 3585 1252 3664; baseline 0.003 -20"><span class='ocrx_word' id='word_1_531' title='bbox 459 3589 552 3662; x_wconf 83' lang='grc' dir='ltr'>ρὸς</span> <span class='ocrx_word' id='word_1_532' title='bbox 580 3589 648 3644; x_wconf 81' lang='grc' dir='ltr'>τὰ</span> <span class='ocrx_word' id='word_1_533' title='bbox 676 3589 810 3644; x_wconf 66' lang='grc' dir='ltr'>αὐτὰ</span> <span class='ocrx_word' id='word_1_534' title='bbox 849 3585 1252 3664; x_wconf 85' lang='grc' dir='ltr'>διακεκράγασι.</span> 
     </span>
    </p>
   </div>
   <div class='ocr_carea' id='block_1_72' title="bbox 528 3681 2102 3752">
    <p class='ocr_par' dir='ltr' id='par_1_72' title="bbox 528 3681 2102 3752">
     <span class='ocr_line' id='line_1_72' title="bbox 528 3681 2102 3752; baseline 0.001 -17"><span class='ocrx_word' id='word_1_535' title='bbox 528 3681 842 3752; x_wconf 85' lang='lat' dir='ltr'>Postquam</span> <span class='ocrx_word' id='word_1_536' title='bbox 873 3695 1007 3737; x_wconf 85' lang='lat' dir='ltr'>vero</span> <span class='ocrx_word' id='word_1_537' title='bbox 1037 3685 1467 3750; x_wconf 86' lang='lat' dir='ltr'>proposuerunt</span> <span class='ocrx_word' id='word_1_538' title='bbox 1510 3681 1601 3752; x_wconf 87' lang='lat' dir='ltr'>qui</span> <span class='ocrx_word' id='word_1_539' title='bbox 1650 3685 2001 3752; x_wconf 83' lang='lat' dir='ltr'>repugnant,</span> <span class='ocrx_word' id='word_1_540' title='bbox 2038 3687 2102 3736; x_wconf 91' lang='lat' dir='ltr'>ut</span> 
     </span>
    </p>
   </div>
   <div class='ocr_carea' id='block_1_73' title="bbox 454 3769 2101 3843">
    <p class='ocr_par' dir='ltr' id='par_1_73' title="bbox 454 3769 2101 3843">
     <span class='ocr_line' id='line_1_73' title="bbox 454 3769 2101 3843; baseline 0.001 -19"><span class='ocrx_word' id='word_1_541' title='bbox 454 3769 769 3840; x_wconf 76' lang='lat' dir='ltr'>Gregorius</span> <span class='ocrx_word' id='word_1_542' title='bbox 800 3769 1303 3840; x_wconf 65' lang='lat' dir='ltr'>Neocaesariensis,</span> <span class='ocrx_word' id='word_1_543' title='bbox 1336 3770 1718 3838; x_wconf 86' lang='lat' dir='ltr'>Athanasius,</span> <span class='ocrx_word' id='word_1_544' title='bbox 1751 3770 1967 3834; x_wconf 88' lang='lat' dir='ltr'>Julius,</span> <span class='ocrx_word' id='word_1_545' title='bbox 2001 3772 2101 3843; x_wconf 80' lang='lat' dir='ltr'>Cy-</span> 
     </span>
    </p>
   </div>
   <div class='ocr_carea' id='block_1_74' title="bbox 460 3857 2097 3928">
    <p class='ocr_par' dir='ltr' id='par_1_74' title="bbox 460 3857 2097 3928">
     <span class='ocr_line' id='line_1_74' title="bbox 460 3857 2097 3928; baseline 0.001 -16"><span class='ocrx_word' id='word_1_546' title='bbox 460 3857 648 3928; x_wconf 90' lang='lat' dir='ltr'>rillus,</span> <span class='ocrx_word' id='word_1_547' title='bbox 689 3857 1052 3922; x_wconf 86' lang='lat' dir='ltr'>Erechthius,</span> <span class='ocrx_word' id='word_1_548' title='bbox 1098 3875 1272 3913; x_wconf 86' lang='lat' dir='ltr'>unam</span> <span class='ocrx_word' id='word_1_549' title='bbox 1304 3859 1401 3914; x_wconf 92' lang='lat' dir='ltr'>Dei</span> <span class='ocrx_word' id='word_1_550' title='bbox 1439 3867 1703 3914; x_wconf 90' lang='lat' dir='ltr'>naturam</span> <span class='ocrx_word' id='word_1_551' title='bbox 1738 3861 2097 3915; x_wconf 85' lang='lat' dir='ltr'>incarnatam</span> 
     </span>
    </p>
   </div>
   <div class='ocr_carea' id='block_1_75' title="bbox 458 3946 2096 4020">
    <p class='ocr_par' dir='ltr' id='par_1_75' title="bbox 458 3946 2096 4020">
     <span class='ocr_line' id='line_1_75' title="bbox 458 3946 2096 4020; baseline 0 -17"><span class='ocrx_word' id='word_1_552' title='bbox 458 3948 737 4003; x_wconf 87' lang='lat' dir='ltr'>sentiunt.</span> <span class='ocrx_word' id='word_1_553' title='bbox 763 3947 928 4001; x_wconf 88' lang='lat' dir='ltr'>Clare</span> <span class='ocrx_word' id='word_1_554' title='bbox 949 3946 1104 4002; x_wconf 84' lang='lat' dir='ltr'>enim</span> <span class='ocrx_word' id='word_1_555' title='bbox 1137 3948 1293 4004; x_wconf 89' lang='lat' dir='ltr'>vocis</span> <span class='ocrx_word' id='word_1_556' title='bbox 1324 3965 1563 4003; x_wconf 88' lang='lat' dir='ltr'>sensum</span> <span class='ocrx_word' id='word_1_557' title='bbox 1597 3947 1843 4020; x_wconf 85' lang='lat' dir='ltr'>explicat</span> <span class='ocrx_word' id='word_1_558' title='bbox 1875 3949 2096 4016; x_wconf 90' lang='lat' dir='ltr'>dicens,</span> 
     </span>
    </p>
   </div>
   <div class='ocr_carea' id='block_1_76' title="bbox 457 4036 2095 4108">
    <p class='ocr_par' dir='ltr' id='par_1_76' title="bbox 457 4036 2095 4108">
     <span class='ocr_line' id='line_1_76' title="bbox 457 4036 2095 4108; baseline 0.002 -18"><span class='ocrx_word' id='word_1_559' title='bbox 457 4041 522 4092; x_wconf 93' lang='lat' dir='ltr'>ut</span> <span class='ocrx_word' id='word_1_560' title='bbox 551 4036 678 4108; x_wconf 89' lang='lat' dir='ltr'>ipsa</span> <span class='ocrx_word' id='word_1_561' title='bbox 711 4036 1097 4092; x_wconf 69' lang='lat' dir='ltr'>diti‘erentiam</span> <span class='ocrx_word' id='word_1_562' title='bbox 1132 4036 1430 4092; x_wconf 86' lang='lat' dir='ltr'>unitarum</span> <span class='ocrx_word' id='word_1_563' title='bbox 1464 4044 1804 4094; x_wconf 78' lang='lat' dir='ltr'>naturarum</span> <span class='ocrx_word' id='word_1_564' title='bbox 1837 4040 2095 4095; x_wconf 83' lang='lat' dir='ltr'>edoceat.</span> 
     </span>
    </p>
   </div>
   <div class='ocr_carea' id='block_1_77' title="bbox 455 4125 2096 4195">
    <p class='ocr_par' dir='ltr' id='par_1_77' title="bbox 455 4125 2096 4195">
     <span class='ocr_line' id='line_1_77' title="bbox 455 4125 2096 4195; baseline 0.001 -14"><span class='ocrx_word' id='word_1_565' title='bbox 455 4125 579 4181; x_wconf 88' lang='lat' dir='ltr'>Nisi</span> <span class='ocrx_word' id='word_1_566' title='bbox 627 4126 782 4180; x_wconf 87' lang='lat' dir='ltr'>enim</span> <span class='ocrx_word' id='word_1_567' title='bbox 830 4125 1090 4180; x_wconf 84' lang='lat' dir='ltr'>humana</span> <span class='ocrx_word' id='word_1_568' title='bbox 1121 4130 1330 4181; x_wconf 87' lang='lat' dir='ltr'>natura</span> <span class='ocrx_word' id='word_1_569' title='bbox 1357 4130 1413 4181; x_wconf 91' lang='lat' dir='ltr'>et</span> <span class='ocrx_word' id='word_1_570' title='bbox 1442 4126 1640 4182; x_wconf 90' lang='lat' dir='ltr'>divina</span> <span class='ocrx_word' id='word_1_571' title='bbox 1688 4127 1978 4195; x_wconf 75' lang='lat' dir='ltr'>differant,</span> <span class='ocrx_word' id='word_1_572' title='bbox 2012 4128 2096 4184; x_wconf 87' lang='lat' dir='ltr'>vel</span> 
     </span>
    </p>
   </div>
   <div class='ocr_carea' id='block_1_78' title="bbox 454 4212 2095 4287">
    <p class='ocr_par' dir='ltr' id='par_1_78' title="bbox 454 4212 2095 4287">
     <span class='ocr_line' id='line_1_78' title="bbox 454 4212 2095 4287; baseline 0.002 -18"><span class='ocrx_word' id='word_1_573' title='bbox 454 4214 691 4269; x_wconf 88' lang='lat' dir='ltr'>omnino</span> <span class='ocrx_word' id='word_1_574' title='bbox 721 4212 914 4268; x_wconf 86' lang='lat' dir='ltr'>carnis</span> <span class='ocrx_word' id='word_1_575' title='bbox 942 4212 1002 4268; x_wconf 92' lang='lat' dir='ltr'>in</span> <span class='ocrx_word' id='word_1_576' title='bbox 1034 4212 1359 4270; x_wconf 87' lang='lat' dir='ltr'>divinitatis</span> <span class='ocrx_word' id='word_1_577' title='bbox 1389 4214 1706 4270; x_wconf 87' lang='lat' dir='ltr'>essentiam</span> <span class='ocrx_word' id='word_1_578' title='bbox 1755 4215 2095 4287; x_wconf 87' lang='lat' dir='ltr'>invertatur,</span> 
     </span>
    </p>
   </div>
   <div class='ocr_carea' id='block_1_79' title="bbox 453 4301 2097 4377">
    <p class='ocr_par' dir='ltr' id='par_1_79' title="bbox 453 4301 2097 4377">
     <span class='ocr_line' id='line_1_79' title="bbox 453 4301 2097 4377; baseline 0.004 -22"><span class='ocrx_word' id='word_1_579' title='bbox 453 4302 542 4358; x_wconf 89' lang='lat' dir='ltr'>vel</span> <span class='ocrx_word' id='word_1_580' title='bbox 574 4303 633 4357; x_wconf 91' lang='lat' dir='ltr'>in</span> <span class='ocrx_word' id='word_1_581' title='bbox 667 4318 901 4357; x_wconf 87' lang='lat' dir='ltr'>carnem</span> <span class='ocrx_word' id='word_1_582' title='bbox 948 4301 1244 4370; x_wconf 85' lang='lat' dir='ltr'>divinitas,</span> <span class='ocrx_word' id='word_1_583' title='bbox 1278 4307 1334 4358; x_wconf 86' lang='lat' dir='ltr'>et</span> <span class='ocrx_word' id='word_1_584' title='bbox 1363 4303 1448 4358; x_wconf 88' lang='lat' dir='ltr'>sic</span> <span class='ocrx_word' id='word_1_585' title='bbox 1477 4321 1588 4359; x_wconf 90' lang='lat' dir='ltr'>una</span> <span class='ocrx_word' id='word_1_586' title='bbox 1637 4305 1774 4362; x_wconf 79' lang='lat' dir='ltr'>ﬁat:</span> <span class='ocrx_word' id='word_1_587' title='bbox 1809 4307 1963 4377; x_wconf 90' lang='lat' dir='ltr'>quod</span> <span class='ocrx_word' id='word_1_588' title='bbox 2011 4313 2097 4363; x_wconf 87' lang='lat' dir='ltr'>est</span> 
     </span>
    </p>
   </div>
   <div class='ocr_carea' id='block_1_80' title="bbox 452 4389 2099 4464">
    <p class='ocr_par' dir='ltr' id='par_1_80' title="bbox 452 4389 2099 4464">
     <span class='ocr_line' id='line_1_80' title="bbox 452 4389 2099 4464; baseline 0.004 -20"><span class='ocrx_word' id='word_1_589' title='bbox 452 4389 793 4460; x_wconf 85' lang='lat' dir='ltr'>Apollinarii</span> <span class='ocrx_word' id='word_1_590' title='bbox 840 4394 897 4445; x_wconf 88' lang='lat' dir='ltr'>et</span> <span class='ocrx_word' id='word_1_591' title='bbox 954 4389 1238 4445; x_wconf 88' lang='lat' dir='ltr'>similium</span> <span class='ocrx_word' id='word_1_592' title='bbox 1291 4391 1688 4448; x_wconf 68' lang='lat' dir='ltr'>haereticorum</span> <span class='ocrx_word' id='word_1_593' title='bbox 1749 4393 1926 4464; x_wconf 90' lang='lat' dir='ltr'>impia</span> <span class='ocrx_word' id='word_1_594' title='bbox 1984 4394 2099 4450; x_wconf 87' lang='lat' dir='ltr'>bla-</span> 
     </span>
    </p>
   </div>
   <div class='ocr_carea' id='block_1_81' title="bbox 2281 3675 3877 3755">
    <p class='ocr_par' dir='ltr' id='par_1_81' title="bbox 2281 3675 3877 3755">
     <span class='ocr_line' id='line_1_81' title="bbox 2281 3675 3877 3755; baseline 0.001 -23"><span class='ocrx_word' id='word_1_595' title='bbox 2281 3678 2432 3732; x_wconf 78' lang='grc' dir='ltr'>Ἐπεὶ</span> <span class='ocrx_word' id='word_1_596' title='bbox 2474 3675 2529 3732; x_wconf 79' lang='grc' dir='ltr'>δὲ</span> <span class='ocrx_word' id='word_1_597' title='bbox 2590 3678 2898 3752; x_wconf 81' lang='grc' dir='ltr'>προέτειναν</span> <span class='ocrx_word' id='word_1_598' title='bbox 2959 3679 3010 3731; x_wconf 79' lang='grc' dir='ltr'>οὶ</span> <span class='ocrx_word' id='word_1_599' title='bbox 3061 3675 3130 3732; x_wconf 82' lang='grc' dir='ltr'>δι’</span> <span class='ocrx_word' id='word_1_600' title='bbox 3179 3677 3420 3740; x_wconf 82' lang='grc' dir='ltr'>ἐναντίας</span> <span class='ocrx_word' id='word_1_601' title='bbox 3454 3679 3527 3740; x_wconf 83' lang='grc' dir='ltr'>ὡς</span> <span class='ocrx_word' id='word_1_602' title='bbox 3561 3681 3877 3755; x_wconf 82' lang='grc' dir='ltr'>Γρηγόριος</span> 
     </span>
    </p>
   </div>
   <div class='ocr_carea' id='block_1_82' title="bbox 2211 3766 3869 3841">
    <p class='ocr_par' dir='ltr' id='par_1_82' title="bbox 2211 3766 3869 3841">
     <span class='ocr_line' id='line_1_82' title="bbox 2211 3766 3869 3841; baseline 0.001 -20"><span class='ocrx_word' id='word_1_603' title='bbox 2211 3768 2238 3821; x_wconf 87' lang='lat'>6</span> <span class='ocrx_word' id='word_1_604' title='bbox 2296 3768 2713 3841; x_wconf 74' lang='grc' dir='ltr'>Νεοκαισαρείας</span> <span class='ocrx_word' id='word_1_605' title='bbox 2772 3767 2861 3821; x_wconf 88' lang='grc' dir='ltr'>καὶ</span> <span class='ocrx_word' id='word_1_606' title='bbox 2919 3766 3237 3829; x_wconf 82' lang='grc' dir='ltr'>Ἀθανάσιος</span> <span class='ocrx_word' id='word_1_607' title='bbox 3296 3769 3387 3822; x_wconf 86' lang='lat' dir='ltr'>xui</span> <span class='ocrx_word' id='word_1_608' title='bbox 3453 3767 3684 3828; x_wconf 64' lang='grc' dir='ltr'>Ἰούλιος</span> <span class='ocrx_word' id='word_1_609' title='bbox 3773 3770 3869 3823; x_wconf 78' lang='grc' dir='ltr'>καὶ</span> 
     </span>
    </p>
   </div>
   <div class='ocr_carea' id='block_1_83' title="bbox 2214 3854 3869 3934">
    <p class='ocr_par' dir='ltr' id='par_1_83' title="bbox 2214 3854 3869 3934">
     <span class='ocr_line' id='line_1_83' title="bbox 2214 3854 3869 3934; baseline 0.001 -23"><span class='ocrx_word' id='word_1_610' title='bbox 2214 3855 2484 3931; x_wconf 73' lang='grc' dir='ltr'>Κῦριλλος</span> <span class='ocrx_word' id='word_1_611' title='bbox 2516 3857 2604 3910; x_wconf 84' lang='lat' dir='ltr'>xui</span> <span class='ocrx_word' id='word_1_612' title='bbox 2637 3854 2918 3934; x_wconf 84' lang='grc' dir='ltr'>Ἐρέχθιος</span> <span class='ocrx_word' id='word_1_613' title='bbox 2956 3857 3082 3930; x_wconf 90' lang='grc' dir='ltr'>μίαν</span> <span class='ocrx_word' id='word_1_614' title='bbox 3137 3856 3294 3934; x_wconf 72' lang='grc' dir='ltr'>φύσιν</span> <span class='ocrx_word' id='word_1_615' title='bbox 3353 3861 3450 3911; x_wconf 85' lang='grc' dir='ltr'>τοῦ</span> <span class='ocrx_word' id='word_1_616' title='bbox 3499 3861 3632 3913; x_wconf 77' lang='grc' dir='ltr'>Θεοῦ</span> <span class='ocrx_word' id='word_1_617' title='bbox 3676 3858 3869 3932; x_wconf 75' lang='grc' dir='ltr'>Λόγου</span> 
     </span>
    </p>
   </div>
   <div class='ocr_carea' id='block_1_84' title="bbox 2211 3943 3870 4025">
    <p class='ocr_par' dir='ltr' id='par_1_84' title="bbox 2211 3943 3870 4025">
     <span class='ocr_line' id='line_1_84' title="bbox 2211 3943 3870 4025; baseline 0.001 -25"><span class='ocrx_word' id='word_1_618' title='bbox 2211 3943 2492 4016; x_wconf 78' lang='grc' dir='ltr'>δοξάζουσι</span> <span class='ocrx_word' id='word_1_619' title='bbox 2543 3947 2980 4020; x_wconf 81' lang='grc' dir='ltr'>σεσαρκωμένην,</span> <span class='ocrx_word' id='word_1_620' title='bbox 3041 3944 3287 4025; x_wconf 77' lang='grc' dir='ltr'>διασάφει</span> <span class='ocrx_word' id='word_1_621' title='bbox 3359 3949 3453 4022; x_wconf 74' lang='grc' dir='ltr'>μὲν</span> <span class='ocrx_word' id='word_1_622' title='bbox 3512 3955 3615 4018; x_wconf 81' lang='grc' dir='ltr'>τῆς</span> <span class='ocrx_word' id='word_1_623' title='bbox 3672 3956 3870 4020; x_wconf 62' lang='grc' dir='ltr'>φωνῆς</span> 
     </span>
    </p>
   </div>
   <div class='ocr_carea' id='block_1_85' title="bbox 2206 4034 3870 4116">
    <p class='ocr_par' dir='ltr' id='par_1_85' title="bbox 2206 4034 3870 4116">
     <span class='ocr_line' id='line_1_85' title="bbox 2206 4034 3870 4116; baseline -0.001 -26"><span class='ocrx_word' id='word_1_624' title='bbox 2206 4039 2305 4104; x_wconf 84' lang='grc' dir='ltr'>τὴν</span> <span class='ocrx_word' id='word_1_625' title='bbox 2362 4034 2621 4106; x_wconf 85' lang='grc' dir='ltr'>διάνοιαν,</span> <span class='ocrx_word' id='word_1_626' title='bbox 2686 4034 2862 4111; x_wconf 80' lang='grc' dir='ltr'>λέγων</span> <span class='ocrx_word' id='word_1_627' title='bbox 2927 4037 3000 4098; x_wconf 86' lang='grc' dir='ltr'>ὡς</span> <span class='ocrx_word' id='word_1_628' title='bbox 3048 4037 3138 4092; x_wconf 84' lang='lat' dir='ltr'>xui</span> <span class='ocrx_word' id='word_1_629' title='bbox 3192 4037 3326 4108; x_wconf 81' lang='grc' dir='ltr'>αὕτη</span> <span class='ocrx_word' id='word_1_630' title='bbox 3375 4038 3437 4092; x_wconf 85' lang='grc' dir='ltr'>τὸ</span> <span class='ocrx_word' id='word_1_631' title='bbox 3466 4035 3727 4116; x_wconf 70' lang='grc' dir='ltr'>διάφορον</span> <span class='ocrx_word' id='word_1_632' title='bbox 3759 4043 3870 4093; x_wconf 80' lang='grc' dir='ltr'>τῶν</span> 
     </span>
    </p>
   </div>
   <div class='ocr_carea' id='block_1_86' title="bbox 2209 4123 3868 4204">
    <p class='ocr_par' dir='ltr' id='par_1_86' title="bbox 2209 4123 3868 4204">
     <span class='ocr_line' id='line_1_86' title="bbox 2209 4123 3868 4204; baseline 0.002 -24"><span class='ocrx_word' id='word_1_633' title='bbox 2209 4125 2509 4181; x_wconf 67' lang='grc' dir='ltr'>ἑνωθέντων</span> <span class='ocrx_word' id='word_1_634' title='bbox 2560 4123 2862 4182; x_wconf 74' lang='grc' dir='ltr'>ἐκδιδάσκει</span> <span class='ocrx_word' id='word_1_635' title='bbox 2911 4127 3136 4204; x_wconf 63' lang='grc' dir='ltr'>φύσεων.</span> <span class='ocrx_word' id='word_1_636' title='bbox 3185 4127 3244 4181; x_wconf 87' lang='lat' dir='ltr'>Ei</span> <span class='ocrx_word' id='word_1_637' title='bbox 3276 4128 3381 4203; x_wconf 82' lang='grc' dir='ltr'>γάρ</span> <span class='ocrx_word' id='word_1_638' title='bbox 3436 4129 3515 4200; x_wconf 86' lang='grc' dir='ltr'>μή</span> <span class='ocrx_word' id='word_1_639' title='bbox 3565 4129 3599 4194; x_wconf 79' lang='grc' dir='ltr'><strong>ἡ</strong></span> <span class='ocrx_word' id='word_1_640' title='bbox 3653 4127 3868 4201; x_wconf 76' lang='grc' dir='ltr'>ἀνθρω-</span> 
     </span>
    </p>
   </div>
   <div class='ocr_carea' id='block_1_87' title="bbox 2207 4212 3870 4292">
    <p class='ocr_par' dir='ltr' id='par_1_87' title="bbox 2207 4212 3870 4292">
     <span class='ocr_line' id='line_1_87' title="bbox 2207 4212 3870 4292; baseline 0.001 -24"><span class='ocrx_word' id='word_1_641' title='bbox 2207 4216 2337 4284; x_wconf 85' lang='grc' dir='ltr'>πίνη</span> <span class='ocrx_word' id='word_1_642' title='bbox 2399 4214 2555 4290; x_wconf 71' lang='grc' dir='ltr'>φόσις</span> <span class='ocrx_word' id='word_1_643' title='bbox 2613 4215 2703 4270; x_wconf 80' lang='grc' dir='ltr'>καὶ</span> <span class='ocrx_word' id='word_1_644' title='bbox 2743 4219 2776 4284; x_wconf 68' lang='grc' dir='ltr'>ἡ</span> <span class='ocrx_word' id='word_1_645' title='bbox 2834 4214 2949 4270; x_wconf 89' lang='grc' dir='ltr'>θεία</span> <span class='ocrx_word' id='word_1_646' title='bbox 3006 4212 3290 4292; x_wconf 73' lang='grc' dir='ltr'>διάφορος,</span> <span class='ocrx_word' id='word_1_647' title='bbox 3351 4236 3568 4278; x_wconf 84' lang='grc' dir='ltr'>παντως</span> <span class='ocrx_word' id='word_1_648' title='bbox 3630 4237 3690 4292; x_wconf 89' lang='grc' dir='ltr'>γε</span> <span class='ocrx_word' id='word_1_649' title='bbox 3729 4217 3762 4284; x_wconf 66' lang='grc' dir='ltr'>ἦ</span> <span class='ocrx_word' id='word_1_650' title='bbox 3797 4217 3870 4270; x_wconf 74' lang='grc' dir='ltr'>τά</span> 
     </span>
    </p>
   </div>
   <div class='ocr_carea' id='block_1_88' title="bbox 2204 4303 3866 4382">
    <p class='ocr_par' dir='ltr' id='par_1_88' title="bbox 2204 4303 3866 4382">
     <span class='ocr_line' id='line_1_88' title="bbox 2204 4303 3866 4382; baseline 0 -23"><span class='ocrx_word' id='word_1_651' title='bbox 2204 4311 2304 4374; x_wconf 83' lang='grc' dir='ltr'>τῆς</span> <span class='ocrx_word' id='word_1_652' title='bbox 2336 4305 2359 4338; x_wconf 78' lang='grc'><strong>⁴</strong></span> <span class='ocrx_word' id='word_1_653' title='bbox 2389 4305 2584 4377; x_wconf 83' lang='grc' dir='ltr'>σαρκὸς</span> <span class='ocrx_word' id='word_1_654' title='bbox 2618 4305 2692 4367; x_wconf 81' lang='grc' dir='ltr'>εἰς</span> <span class='ocrx_word' id='word_1_655' title='bbox 2723 4306 2821 4374; x_wconf 76' lang='grc' dir='ltr'>τήν</span> <span class='ocrx_word' id='word_1_656' title='bbox 2868 4311 2968 4373; x_wconf 79' lang='grc' dir='ltr'>τῆς</span> <span class='ocrx_word' id='word_1_657' title='bbox 3019 4303 3278 4375; x_wconf 87' lang='grc' dir='ltr'>θεότητος</span> <span class='ocrx_word' id='word_1_658' title='bbox 3317 4305 3504 4360; x_wconf 86' lang='grc' dir='ltr'>οὐσίαν</span> <span class='ocrx_word' id='word_1_659' title='bbox 3553 4306 3781 4382; x_wconf 80' lang='grc' dir='ltr'>ἐτράπη,</span> <span class='ocrx_word' id='word_1_660' title='bbox 3829 4307 3866 4374; x_wconf 67' lang='grc' dir='ltr'><strong>ἢ</strong></span> 
     </span>
    </p>
   </div>
   <div class='ocr_carea' id='block_1_89' title="bbox 2208 4391 3865 4469">
    <p class='ocr_par' dir='ltr' id='par_1_89' title="bbox 2208 4391 3865 4469">
     <span class='ocr_line' id='line_1_89' title="bbox 2208 4391 3865 4469; baseline 0 -21"><span class='ocrx_word' id='word_1_661' title='bbox 2208 4395 2282 4456; x_wconf 84' lang='grc' dir='ltr'>εἷς</span> <span class='ocrx_word' id='word_1_662' title='bbox 2315 4395 2414 4462; x_wconf 75' lang='grc' dir='ltr'>τὴν</span> <span class='ocrx_word' id='word_1_663' title='bbox 2445 4401 2548 4463; x_wconf 75' lang='grc' dir='ltr'>τῆς</span> <span class='ocrx_word' id='word_1_664' title='bbox 2579 4395 2774 4468; x_wconf 85' lang='grc' dir='ltr'>σαρκὸς</span> <span class='ocrx_word' id='word_1_665' title='bbox 2873 4395 3090 4465; x_wconf 87' lang='grc' dir='ltr'>θεότης,</span> <span class='ocrx_word' id='word_1_666' title='bbox 3121 4394 3212 4449; x_wconf 86' lang='grc' dir='ltr'>καὶ</span> <span class='ocrx_word' id='word_1_667' title='bbox 3259 4394 3401 4449; x_wconf 74' lang='grc' dir='ltr'>οὕτω</span> <span class='ocrx_word' id='word_1_668' title='bbox 3459 4391 3654 4469; x_wconf 84' lang='grc' dir='ltr'>γέγονε</span> <span class='ocrx_word' id='word_1_669' title='bbox 3713 4394 3815 4466; x_wconf 82' lang='grc' dir='ltr'>μία</span> <span class='ocrx_word' id='word_1_670' title='bbox 3851 4410 3865 4424; x_wconf 89' lang='grc'>⁶</span> 
     </span>
    </p>
   </div>
   <div class='ocr_carea' id='block_1_90' title="bbox 451 4477 2108 4558">
    <p class='ocr_par' dir='ltr' id='par_1_90' title="bbox 451 4477 2098 4556">
     <span class='ocr_line' id='line_1_90' title="bbox 451 4477 2098 4556; baseline 0.004 -23"><span class='ocrx_word' id='word_1_671' title='bbox 451 4477 732 4548; x_wconf 87' lang='lat' dir='ltr'>sphemia.</span> <span class='ocrx_word' id='word_1_672' title='bbox 753 4483 815 4533; x_wconf 86' lang='lat' dir='ltr'>Et</span> <span class='ocrx_word' id='word_1_673' title='bbox 837 4479 1084 4550; x_wconf 83' lang='lat' dir='ltr'>Cyrillus</span> <span class='ocrx_word' id='word_1_674' title='bbox 1104 4481 1162 4534; x_wconf 91' lang='lat' dir='ltr'>in</span> <span class='ocrx_word' id='word_1_675' title='bbox 1197 4482 1454 4536; x_wconf 90' lang='lat' dir='ltr'>secunda</span> <span class='ocrx_word' id='word_1_676' title='bbox 1471 4483 1539 4536; x_wconf 91' lang='lat' dir='ltr'>ad</span> <span class='ocrx_word' id='word_1_677' title='bbox 1567 4487 1923 4538; x_wconf 88' lang='lat' dir='ltr'>Succensum</span> <span class='ocrx_word' id='word_1_678' title='bbox 1945 4485 2098 4556; x_wconf 89' lang='lat' dir='ltr'>epis-</span> 
     </span>
    </p>
   </div>
   <div class='ocr_carea' id='block_1_91' title="bbox 2221 4477 3872 4558">
    <p class='ocr_par' dir='ltr' id='par_1_91' title="bbox 2221 4480 3872 4558">
     <span class='ocr_line' id='line_1_91' title="bbox 2221 4480 3872 4558; baseline -0.002 -21"><span class='ocrx_word' id='word_1_679' title='bbox 2221 4483 2340 4554; x_wconf 54' lang='grc' dir='ltr'>ὅπερ</span> <span class='ocrx_word' id='word_1_680' title='bbox 2394 4480 2782 4556; x_wconf 83' lang='grc' dir='ltr'>Ἀπολιναρίου</span> <span class='ocrx_word' id='word_1_681' title='bbox 2832 4482 2921 4537; x_wconf 85' lang='grc' dir='ltr'>καὶ</span> <span class='ocrx_word' id='word_1_682' title='bbox 2973 4487 3082 4537; x_wconf 78' lang='grc' dir='ltr'>τῶν</span> <span class='ocrx_word' id='word_1_683' title='bbox 3138 4483 3491 4558; x_wconf 80' lang='grc' dir='ltr'>ὁμοστοίχων</span> <span class='ocrx_word' id='word_1_684' title='bbox 3572 4483 3872 4554; x_wconf 74' lang='grc' dir='ltr'>αἱρετικῶν</span> 
     </span>
    </p>
   </div>
   <div class='ocr_carea' id='block_1_92' title="bbox 449 4566 2101 4641">
    <p class='ocr_par' dir='ltr' id='par_1_92' title="bbox 449 4566 2101 4641">
     <span class='ocr_line' id='line_1_92' title="bbox 449 4566 2101 4641; baseline 0.003 -19"><span class='ocrx_word' id='word_1_685' title='bbox 449 4566 591 4634; x_wconf 86' lang='lat' dir='ltr'>tola,</span> <span class='ocrx_word' id='word_1_686' title='bbox 641 4573 864 4623; x_wconf 68' lang='lat' dir='ltr'>naturae</span> <span class='ocrx_word' id='word_1_687' title='bbox 911 4568 1321 4638; x_wconf 71' lang='lat' dir='ltr'>differentiam,</span> <span class='ocrx_word' id='word_1_688' title='bbox 1344 4579 1398 4625; x_wconf 90' lang='lat' dir='ltr'>et</span> <span class='ocrx_word' id='word_1_689' title='bbox 1429 4587 1528 4641; x_wconf 89' lang='lat' dir='ltr'>per</span> <span class='ocrx_word' id='word_1_690' title='bbox 1559 4571 1708 4626; x_wconf 89' lang='lat' dir='ltr'>hanc</span> <span class='ocrx_word' id='word_1_691' title='bbox 1735 4588 1934 4627; x_wconf 85' lang='lat' dir='ltr'>vocem</span> <span class='ocrx_word' id='word_1_692' title='bbox 1965 4573 2101 4628; x_wconf 80' lang='lat' dir='ltr'>inti-</span> 
     </span>
    </p>
   </div>
   <div class='ocr_carea' id='block_1_93' title="bbox 453 4653 2101 4722">
    <p class='ocr_par' dir='ltr' id='par_1_93' title="bbox 453 4653 2101 4722">
     <span class='ocr_line' id='line_1_93' title="bbox 453 4653 2101 4722; baseline 0.004 -14"><span class='ocrx_word' id='word_1_693' title='bbox 453 4653 590 4709; x_wconf 88' lang='lat' dir='ltr'>ciari</span> <span class='ocrx_word' id='word_1_694' title='bbox 625 4654 1028 4722; x_wconf 86' lang='lat' dir='ltr'>manifestum,</span> <span class='ocrx_word' id='word_1_695' title='bbox 1053 4672 1188 4712; x_wconf 89' lang='lat' dir='ltr'>cum</span> <span class='ocrx_word' id='word_1_696' title='bbox 1220 4657 1362 4712; x_wconf 88' lang='lat' dir='ltr'>dicit</span> <span class='ocrx_word' id='word_1_697' title='bbox 1395 4674 1572 4713; x_wconf 90' lang='lat' dir='ltr'>unam</span> <span class='ocrx_word' id='word_1_698' title='bbox 1601 4657 1700 4714; x_wconf 89' lang='lat' dir='ltr'>Dei</span> <span class='ocrx_word' id='word_1_699' title='bbox 1729 4658 1901 4715; x_wconf 89' lang='lat' dir='ltr'>Verbi</span> <span class='ocrx_word' id='word_1_700' title='bbox 1935 4665 2101 4715; x_wconf 86' lang='lat' dir='ltr'>natu-</span> 
     </span>
    </p>
   </div>
   <div class='ocr_carea' id='block_1_94' title="bbox 448 4744 2098 4818">
    <p class='ocr_par' dir='ltr' id='par_1_94' title="bbox 448 4744 2098 4818">
     <span class='ocr_line' id='line_1_94' title="bbox 448 4744 2098 4818; baseline 0.005 -20"><span class='ocrx_word' id='word_1_701' title='bbox 448 4759 572 4800; x_wconf 89' lang='lat' dir='ltr'>ram</span> <span class='ocrx_word' id='word_1_702' title='bbox 604 4744 991 4812; x_wconf 89' lang='lat' dir='ltr'>incarnatam,</span> <span class='ocrx_word' id='word_1_703' title='bbox 1013 4746 1233 4802; x_wconf 88' lang='lat' dir='ltr'>attulit.</span> <span class='ocrx_word' id='word_1_704' title='bbox 1253 4748 1312 4802; x_wconf 88' lang='lat' dir='ltr'>Si</span> <span class='ocrx_word' id='word_1_705' title='bbox 1343 4762 1486 4813; x_wconf 89' lang='lat' dir='ltr'>vero,</span> <span class='ocrx_word' id='word_1_706' title='bbox 1507 4749 1730 4818; x_wconf 81' lang='lat' dir='ltr'>utdixi,</span> <span class='ocrx_word' id='word_1_707' title='bbox 1758 4747 2098 4806; x_wconf 87' lang='lat' dir='ltr'>incarnatio-</span> 
     </span>
    </p>
   </div>
   <div class='ocr_carea' id='block_1_95' title="bbox 445 4833 2098 4908">
    <p class='ocr_par' dir='ltr' id='par_1_95' title="bbox 445 4833 2098 4908">
     <span class='ocr_line' id='line_1_95' title="bbox 445 4833 2098 4908; baseline 0.005 -21"><span class='ocrx_word' id='word_1_708' title='bbox 445 4849 513 4890; x_wconf 90' lang='lat' dir='ltr'>ne</span> <span class='ocrx_word' id='word_1_709' title='bbox 543 4833 707 4889; x_wconf 82' lang='lat' dir='ltr'>illum</span> <span class='ocrx_word' id='word_1_710' title='bbox 737 4834 940 4901; x_wconf 81' lang='lat' dir='ltr'>dicere,</span> <span class='ocrx_word' id='word_1_711' title='bbox 972 4836 1127 4890; x_wconf 82' lang='lat' dir='ltr'>clara</span> <span class='ocrx_word' id='word_1_712' title='bbox 1158 4844 1238 4891; x_wconf 89' lang='lat' dir='ltr'>est</span> <span class='ocrx_word' id='word_1_713' title='bbox 1268 4852 1378 4892; x_wconf 89' lang='lat' dir='ltr'>non</span> <span class='ocrx_word' id='word_1_714' title='bbox 1408 4837 1586 4892; x_wconf 84' lang='lat' dir='ltr'>dubia</span> <span class='ocrx_word' id='word_1_715' title='bbox 1619 4837 1784 4908; x_wconf 79' lang='lat' dir='ltr'>hujus</span> <span class='ocrx_word' id='word_1_716' title='bbox 1807 4839 2098 4908; x_wconf 80' lang='lat' dir='ltr'>confessio,</span> 
     </span>
    </p>
   </div>
   <div class='ocr_carea' id='block_1_96' title="bbox 444 4924 2100 4999">
    <p class='ocr_par' dir='ltr' id='par_1_96' title="bbox 444 4924 2100 4999">
     <span class='ocr_line' id='line_1_96' title="bbox 444 4924 2100 4999; baseline 0.003 -20"><span class='ocrx_word' id='word_1_717' title='bbox 444 4927 654 4992; x_wconf 76' lang='lat' dir='ltr'>factum</span> <span class='ocrx_word' id='word_1_718' title='bbox 683 4939 796 4980; x_wconf 85' lang='lat' dir='ltr'>esse</span> <span class='ocrx_word' id='word_1_719' title='bbox 827 4924 1126 4992; x_wconf 85' lang='lat' dir='ltr'>hominem,</span> <span class='ocrx_word' id='word_1_720' title='bbox 1160 4925 1308 4981; x_wconf 78' lang='lat' dir='ltr'>nihil</span> <span class='ocrx_word' id='word_1_721' title='bbox 1338 4935 1482 4983; x_wconf 82' lang='lat' dir='ltr'>vetat</span> <span class='ocrx_word' id='word_1_722' title='bbox 1512 4928 1739 4997; x_wconf 81' lang='lat' dir='ltr'>sentire,</span> <span class='ocrx_word' id='word_1_723' title='bbox 1771 4929 1914 4999; x_wconf 86' lang='lat' dir='ltr'>quod</span> <span class='ocrx_word' id='word_1_724' title='bbox 1959 4945 2100 4984; x_wconf 87' lang='lat' dir='ltr'>unus</span> 
     </span>
    </p>
   </div>
   <div class='ocr_carea' id='block_1_97' title="bbox 443 5015 2101 5088">
    <p class='ocr_par' dir='ltr' id='par_1_97' title="bbox 443 5015 2101 5088">
     <span class='ocr_line' id='line_1_97' title="bbox 443 5015 2101 5088; baseline 0.005 -23"><span class='ocrx_word' id='word_1_725' title='bbox 443 5016 728 5081; x_wconf 73' lang='lat' dir='ltr'>exsistens,</span> <span class='ocrx_word' id='word_1_726' title='bbox 781 5023 833 5068; x_wconf 89' lang='lat' dir='ltr'>et</span> <span class='ocrx_word' id='word_1_727' title='bbox 887 5015 1088 5069; x_wconf 87' lang='lat' dir='ltr'>unicus</span> <span class='ocrx_word' id='word_1_728' title='bbox 1127 5017 1298 5071; x_wconf 83' lang='lat' dir='ltr'>Filius</span> <span class='ocrx_word' id='word_1_729' title='bbox 1350 5015 1619 5085; x_wconf 83' lang='lat' dir='ltr'>Christus,</span> <span class='ocrx_word' id='word_1_730' title='bbox 1646 5017 1743 5088; x_wconf 89' lang='lat' dir='ltr'>qui</span> <span class='ocrx_word' id='word_1_731' title='bbox 1785 5016 1930 5073; x_wconf 87' lang='lat' dir='ltr'>idem</span> <span class='ocrx_word' id='word_1_732' title='bbox 1960 5018 2101 5073; x_wconf 82' lang='lat' dir='ltr'>Deus</span> 
     </span>
    </p>
   </div>
   <div class='ocr_carea' id='block_1_98' title="bbox 446 5103 2097 5177">
    <p class='ocr_par' dir='ltr' id='par_1_98' title="bbox 446 5103 2097 5177">
     <span class='ocr_line' id='line_1_98' title="bbox 446 5103 2097 5177; baseline 0.004 -23"><span class='ocrx_word' id='word_1_733' title='bbox 446 5107 495 5154; x_wconf 86' lang='lat' dir='ltr'>et</span> <span class='ocrx_word' id='word_1_734' title='bbox 531 5103 689 5158; x_wconf 87' lang='lat' dir='ltr'>homo</span> <span class='ocrx_word' id='word_1_735' title='bbox 717 5107 818 5172; x_wconf 84' lang='lat' dir='ltr'>est,</span> <span class='ocrx_word' id='word_1_736' title='bbox 851 5107 907 5159; x_wconf 87' lang='lat' dir='ltr'>ut</span> <span class='ocrx_word' id='word_1_737' title='bbox 940 5105 998 5158; x_wconf 89' lang='lat' dir='ltr'>in</span> <span class='ocrx_word' id='word_1_738' title='bbox 1029 5104 1329 5161; x_wconf 83' lang='lat' dir='ltr'>divinitate</span> <span class='ocrx_word' id='word_1_739' title='bbox 1370 5108 1669 5177; x_wconf 79' lang='lat' dir='ltr'>perfectus,</span> <span class='ocrx_word' id='word_1_740' title='bbox 1707 5108 1784 5160; x_wconf 88' lang='lat' dir='ltr'>sic</span> <span class='ocrx_word' id='word_1_741' title='bbox 1823 5115 1874 5161; x_wconf 88' lang='lat' dir='ltr'>et</span> <span class='ocrx_word' id='word_1_742' title='bbox 1907 5108 1965 5161; x_wconf 88' lang='lat' dir='ltr'>in</span> <span class='ocrx_word' id='word_1_743' title='bbox 1996 5106 2097 5161; x_wconf 87' lang='lat' dir='ltr'>hu-</span> 
     </span>
    </p>
   </div>
   <div class='ocr_carea' id='block_1_99' title="bbox 445 5193 2099 5266">
    <p class='ocr_par' dir='ltr' id='par_1_99' title="bbox 445 5193 2099 5266">
     <span class='ocr_line' id='line_1_99' title="bbox 445 5193 2099 5266; baseline 0.005 -23"><span class='ocrx_word' id='word_1_744' title='bbox 445 5205 618 5247; x_wconf 86' lang='lat' dir='ltr'>mana</span> <span class='ocrx_word' id='word_1_745' title='bbox 649 5193 982 5249; x_wconf 82' lang='lat' dir='ltr'>conditione.</span> <span class='ocrx_word' id='word_1_746' title='bbox 1008 5197 1150 5249; x_wconf 85' lang='lat' dir='ltr'>Ecce</span> <span class='ocrx_word' id='word_1_747' title='bbox 1175 5195 1480 5266; x_wconf 86' lang='lat' dir='ltr'>perspicue</span> <span class='ocrx_word' id='word_1_748' title='bbox 1502 5194 1780 5262; x_wconf 86' lang='lat' dir='ltr'>declarat,</span> <span class='ocrx_word' id='word_1_749' title='bbox 1805 5196 2099 5266; x_wconf 90' lang='lat' dir='ltr'>quomodo</span> 
     </span>
    </p>
   </div>
   <div class='ocr_carea' id='block_1_100' title="bbox 444 5276 2099 5340">
    <p class='ocr_par' dir='ltr' id='par_1_100' title="bbox 444 5276 2099 5340">
     <span class='ocr_line' id='line_1_100' title="bbox 444 5276 2099 5340; baseline 0.005 -8"><span class='ocrx_word' id='word_1_750' title='bbox 444 5276 514 5333; x_wconf 85' lang='lat' dir='ltr'>ab</span> <span class='ocrx_word' id='word_1_751' title='bbox 544 5296 608 5334; x_wconf 88' lang='lat' dir='ltr'>eo</span> <span class='ocrx_word' id='word_1_752' title='bbox 642 5281 866 5337; x_wconf 87' lang='lat' dir='ltr'>dictum</span> <span class='ocrx_word' id='word_1_753' title='bbox 905 5283 1231 5339; x_wconf 85' lang='lat' dir='ltr'>consentiat</span> <span class='ocrx_word' id='word_1_754' title='bbox 1281 5300 1411 5339; x_wconf 90' lang='lat' dir='ltr'>cum</span> <span class='ocrx_word' id='word_1_755' title='bbox 1464 5285 1738 5340; x_wconf 88' lang='lat' dir='ltr'>Patribus</span> <span class='ocrx_word' id='word_1_756' title='bbox 1771 5284 1949 5340; x_wconf 90' lang='lat' dir='ltr'>illud:</span> <span class='ocrx_word' id='word_1_757' title='bbox 1987 5286 2099 5340; x_wconf 85' lang='lat' dir='ltr'>Una</span> 
     </span>
    </p>
   </div>
   <div class='ocr_carea' id='block_1_101' title="bbox 520 5382 924 5452">
    <p class='ocr_par' dir='ltr' id='par_1_101' title="bbox 520 5382 924 5452">
     <span class='ocr_line' id='line_1_101' title="bbox 520 5382 924 5452; baseline 0.002 -14"><span class='ocrx_word' id='word_1_758' title='bbox 520 5382 537 5423; x_wconf 68' lang='grc' dir='ltr'><strong><em>ἲ</em></strong></span> <span class='ocrx_word' id='word_1_759' title='bbox 566 5384 704 5439; x_wconf 90' lang='lat' dir='ltr'>Luc.</span> <span class='ocrx_word' id='word_1_760' title='bbox 737 5402 804 5452; x_wconf 87' lang='lat' dir='ltr'>Il,</span> <span class='ocrx_word' id='word_1_761' title='bbox 835 5386 924 5441; x_wconf 88' lang='lat'>53.</span> 
     </span>
    </p>
   </div>
   <div class='ocr_carea' id='block_1_102' title="bbox 2212 4569 3875 4647">
    <p class='ocr_par' dir='ltr' id='par_1_102' title="bbox 2212 4569 3875 4647">
     <span class='ocr_line' id='line_1_102' title="bbox 2212 4569 3875 4647; baseline -0.001 -22"><span class='ocrx_word' id='word_1_762' title='bbox 2212 4569 2364 4626; x_wconf 78' lang='grc' dir='ltr'>ἄθεον</span> <span class='ocrx_word' id='word_1_763' title='bbox 2397 4572 2674 4647; x_wconf 76' lang='grc' dir='ltr'>φρόνημα.</span> <span class='ocrx_word' id='word_1_764' title='bbox 2720 4573 2779 4629; x_wconf 85' lang='grc' dir='ltr'><strong>Ὀ</strong></span> <span class='ocrx_word' id='word_1_765' title='bbox 2813 4570 2999 4643; x_wconf 79' lang='grc' dir='ltr'>μέντοι</span> <span class='ocrx_word' id='word_1_766' title='bbox 3030 4592 3088 4646; x_wconf 88' lang='grc' dir='ltr'>γε</span> <span class='ocrx_word' id='word_1_767' title='bbox 3120 4570 3397 4647; x_wconf 74' lang='grc' dir='ltr'>Κόριλλος</span> <span class='ocrx_word' id='word_1_768' title='bbox 3428 4570 3481 4626; x_wconf 86' lang='grc' dir='ltr'>ἐν</span> <span class='ocrx_word' id='word_1_769' title='bbox 3509 4575 3574 4644; x_wconf 84' lang='grc' dir='ltr'>τῇ</span> <span class='ocrx_word' id='word_1_770' title='bbox 3635 4569 3875 4643; x_wconf 72' lang='grc' dir='ltr'>δευτέρᾳ</span> 
     </span>
    </p>
   </div>
   <div class='ocr_carea' id='block_1_103' title="bbox 2209 4657 3870 4738">
    <p class='ocr_par' dir='ltr' id='par_1_103' title="bbox 2209 4657 3870 4738">
     <span class='ocr_line' id='line_1_103' title="bbox 2209 4657 3870 4738; baseline -0.001 -24"><span class='ocrx_word' id='word_1_771' title='bbox 2209 4661 2344 4734; x_wconf 86' lang='grc' dir='ltr'>πρὸς</span> <span class='ocrx_word' id='word_1_772' title='bbox 2405 4661 2697 4715; x_wconf 79' lang='grc' dir='ltr'>Σοόκενσον</span> <span class='ocrx_word' id='word_1_773' title='bbox 2753 4659 3020 4734; x_wconf 84' lang='grc' dir='ltr'>ἐπιστολῇ</span> <span class='ocrx_word' id='word_1_774' title='bbox 3077 4660 3140 4715; x_wconf 86' lang='grc' dir='ltr'>τὸ</span> <span class='ocrx_word' id='word_1_775' title='bbox 3199 4659 3462 4738; x_wconf 67' lang='grc' dir='ltr'>διάφορον</span> <span class='ocrx_word' id='word_1_776' title='bbox 3501 4660 3604 4714; x_wconf 80' lang='grc' dir='ltr'>τῶν</span> <span class='ocrx_word' id='word_1_777' title='bbox 3638 4657 3870 4732; x_wconf 69' lang='grc' dir='ltr'>οόσεων</span> 
     </span>
    </p>
   </div>
   <div class='ocr_carea' id='block_1_104' title="bbox 2209 4744 3872 4826">
    <p class='ocr_par' dir='ltr' id='par_1_104' title="bbox 2209 4744 3872 4826">
     <span class='ocr_line' id='line_1_104' title="bbox 2209 4744 3872 4826; baseline -0.001 -22"><span class='ocrx_word' id='word_1_778' title='bbox 2209 4750 2294 4804; x_wconf 84' lang='grc' dir='ltr'>καὶ</span> <span class='ocrx_word' id='word_1_779' title='bbox 2359 4747 2447 4803; x_wconf 73' lang='grc' dir='ltr'>διὰ</span> <span class='ocrx_word' id='word_1_780' title='bbox 2503 4748 2699 4815; x_wconf 83' lang='grc' dir='ltr'>ταύτης</span> <span class='ocrx_word' id='word_1_781' title='bbox 2760 4756 2861 4819; x_wconf 85' lang='grc' dir='ltr'>τῆς</span> <span class='ocrx_word' id='word_1_782' title='bbox 2925 4757 3110 4826; x_wconf 75' lang='grc' dir='ltr'>φωνῆς</span> <span class='ocrx_word' id='word_1_783' title='bbox 3152 4748 3607 4823; x_wconf 83' lang='grc' dir='ltr'>ἀνομολογεῖσθαι</span> <span class='ocrx_word' id='word_1_784' title='bbox 3639 4744 3872 4821; x_wconf 75' lang='grc' dir='ltr'>δηλῶν,</span> 
     </span>
    </p>
   </div>
   <div class='ocr_carea' id='block_1_105' title="bbox 2213 4837 3872 4917">
    <p class='ocr_par' dir='ltr' id='par_1_105' title="bbox 2213 4837 3872 4917">
     <span class='ocr_line' id='line_1_105' title="bbox 2213 4837 3872 4917; baseline -0.001 -23"><span class='ocrx_word' id='word_1_785' title='bbox 2213 4838 2346 4913; x_wconf 78' lang='grc' dir='ltr'>μετὰ</span> <span class='ocrx_word' id='word_1_786' title='bbox 2402 4839 2464 4893; x_wconf 85' lang='grc' dir='ltr'>τὸ</span> <span class='ocrx_word' id='word_1_787' title='bbox 2525 4840 2693 4894; x_wconf 69' lang='grc' dir='ltr'>εἰπεῖν</span> <span class='ocrx_word' id='word_1_788' title='bbox 2755 4840 2912 4895; x_wconf 73' lang='grc' dir='ltr'>αὐτὸν</span> <span class='ocrx_word' id='word_1_789' title='bbox 2979 4840 3103 4914; x_wconf 85' lang='grc' dir='ltr'>μίαν</span> <span class='ocrx_word' id='word_1_790' title='bbox 3151 4839 3306 4917; x_wconf 78' lang='grc' dir='ltr'>φύσιν</span> <span class='ocrx_word' id='word_1_791' title='bbox 3361 4842 3459 4895; x_wconf 76' lang='grc' dir='ltr'>τοῦ</span> <span class='ocrx_word' id='word_1_792' title='bbox 3515 4837 3872 4913; x_wconf 68' lang='grc' dir='ltr'>ΘεοῦΛόγου</span> 
     </span>
    </p>
   </div>
   <div class='ocr_carea' id='block_1_106' title="bbox 2209 4924 3874 5007">
    <p class='ocr_par' dir='ltr' id='par_1_106' title="bbox 2209 4924 3874 5007">
     <span class='ocr_line' id='line_1_106' title="bbox 2209 4924 3874 5007; baseline -0.002 -24"><span class='ocrx_word' id='word_1_793' title='bbox 2209 4929 2650 5003; x_wconf 84' lang='grc' dir='ltr'>σεσαρκωμένην,</span> <span class='ocrx_word' id='word_1_794' title='bbox 2689 4928 2980 5003; x_wconf 77' lang='grc' dir='ltr'>ἐπήνεγκεν</span> <span class='ocrx_word' id='word_1_795' title='bbox 3017 4948 3030 4960; x_wconf 89' lang='grc'><strong>·</strong></span> <span class='ocrx_word' id='word_1_796' title='bbox 3075 4928 3134 4985; x_wconf 82' lang='lat' dir='ltr'>Ei</span> <span class='ocrx_word' id='word_1_797' title='bbox 3197 4925 3274 4998; x_wconf 76' lang='grc' dir='ltr'>δὲ,</span> <span class='ocrx_word' id='word_1_798' title='bbox 3335 4929 3409 4989; x_wconf 83' lang='grc' dir='ltr'>ὡς</span> <span class='ocrx_word' id='word_1_799' title='bbox 3466 4924 3628 5007; x_wconf 69' lang='grc' dir='ltr'>ἔφην,</span> <span class='ocrx_word' id='word_1_800' title='bbox 3687 4926 3735 4982; x_wconf 75' lang='grc' dir='ltr'>ἐν</span> <span class='ocrx_word' id='word_1_801' title='bbox 3791 4932 3874 4998; x_wconf 79' lang='grc' dir='ltr'>τῷ</span> 
     </span>
    </p>
   </div>
   <div class='ocr_carea' id='block_1_107' title="bbox 2209 5015 3872 5094">
    <p class='ocr_par' dir='ltr' id='par_1_107' title="bbox 2209 5015 3872 5094">
     <span class='ocr_line' id='line_1_107' title="bbox 2209 5015 3872 5094; baseline 0 -24"><span class='ocrx_word' id='word_1_802' title='bbox 2209 5019 2578 5092; x_wconf 84' lang='grc' dir='ltr'>σεσαρκῶσθαι</span> <span class='ocrx_word' id='word_1_803' title='bbox 2653 5016 2828 5093; x_wconf 85' lang='grc' dir='ltr'>λέγειν</span> <span class='ocrx_word' id='word_1_804' title='bbox 2891 5016 3050 5072; x_wconf 79' lang='grc' dir='ltr'>αὐτὸν</span> <span class='ocrx_word' id='word_1_805' title='bbox 3089 5020 3264 5094; x_wconf 74' lang='grc' dir='ltr'>σαφής</span> <span class='ocrx_word' id='word_1_806' title='bbox 3304 5019 3418 5072; x_wconf 57' lang='grc' dir='ltr'>ἔστι</span> <span class='ocrx_word' id='word_1_807' title='bbox 3473 5016 3564 5071; x_wconf 85' lang='grc' dir='ltr'>καὶ</span> <span class='ocrx_word' id='word_1_808' title='bbox 3626 5015 3872 5089; x_wconf 71' lang='grc' dir='ltr'>ἀναμφί-</span> 
     </span>
    </p>
   </div>
   <div class='ocr_carea' id='block_1_108' title="bbox 2210 5103 3874 5181">
    <p class='ocr_par' dir='ltr' id='par_1_108' title="bbox 2210 5103 3874 5181">
     <span class='ocr_line' id='line_1_108' title="bbox 2210 5103 3874 5181; baseline -0.001 -21"><span class='ocrx_word' id='word_1_809' title='bbox 2210 5103 2377 5181; x_wconf 90' lang='grc' dir='ltr'>λογος</span> <span class='ocrx_word' id='word_1_810' title='bbox 2467 5108 2488 5142; x_wconf 77' lang='grc'><strong><em>⁵</em></strong></span> <span class='ocrx_word' id='word_1_811' title='bbox 2546 5103 2819 5180; x_wconf 83' lang='grc' dir='ltr'>ὁμολογία</span> <span class='ocrx_word' id='word_1_812' title='bbox 2867 5110 2984 5174; x_wconf 77' lang='grc' dir='ltr'>τοῦ,</span> <span class='ocrx_word' id='word_1_813' title='bbox 3051 5104 3136 5161; x_wconf 83' lang='grc' dir='ltr'>ὅτι</span> <span class='ocrx_word' id='word_1_814' title='bbox 3193 5109 3214 5142; x_wconf 85' lang='grc'><strong><em>⁶</em></strong></span> <span class='ocrx_word' id='word_1_815' title='bbox 3270 5106 3493 5181; x_wconf 86' lang='grc' dir='ltr'>γέγονεν</span> <span class='ocrx_word' id='word_1_816' title='bbox 3548 5103 3874 5177; x_wconf 76' lang='grc' dir='ltr'>ἅνθρωπος,</span> 
     </span>
    </p>
   </div>
   <div class='ocr_carea' id='block_1_109' title="bbox 2209 5192 3877 5270">
    <p class='ocr_par' dir='ltr' id='par_1_109' title="bbox 2209 5192 3877 5270">
     <span class='ocr_line' id='line_1_109' title="bbox 2209 5192 3877 5270; baseline -0.001 -21"><span class='ocrx_word' id='word_1_817' title='bbox 2209 5192 2386 5252; x_wconf 74' lang='grc' dir='ltr'>οὐδέν.</span> <span class='ocrx_word' id='word_1_818' title='bbox 2448 5199 2568 5251; x_wconf 85' lang='grc' dir='ltr'>Ἔτι</span> <span class='ocrx_word' id='word_1_819' title='bbox 2627 5195 2835 5251; x_wconf 83' lang='grc' dir='ltr'>κωλύει</span> <span class='ocrx_word' id='word_1_820' title='bbox 2893 5201 3037 5250; x_wconf 85' lang='grc' dir='ltr'>νοεῖν</span> <span class='ocrx_word' id='word_1_821' title='bbox 3094 5196 3168 5259; x_wconf 83' lang='grc' dir='ltr'>ὡς</span> <span class='ocrx_word' id='word_1_822' title='bbox 3219 5196 3295 5257; x_wconf 79' lang='grc' dir='ltr'>εἱς</span> <span class='ocrx_word' id='word_1_823' title='bbox 3333 5195 3604 5270; x_wconf 82' lang='grc' dir='ltr'>ὑπάρχων</span> <span class='ocrx_word' id='word_1_824' title='bbox 3633 5193 3722 5250; x_wconf 85' lang='lat' dir='ltr'>xui</span> <span class='ocrx_word' id='word_1_825' title='bbox 3764 5193 3877 5265; x_wconf 84' lang='grc' dir='ltr'>μό-</span> 
     </span>
    </p>
   </div>
   <div class='ocr_carea' id='block_1_110' title="bbox 2205 5280 3877 5358">
    <p class='ocr_par' dir='ltr' id='par_1_110' title="bbox 2205 5280 3877 5358">
     <span class='ocr_line' id='line_1_110' title="bbox 2205 5280 3877 5358; baseline -0.001 -20"><span class='ocrx_word' id='word_1_826' title='bbox 2205 5305 2299 5345; x_wconf 90' lang='grc' dir='ltr'>νος</span> <span class='ocrx_word' id='word_1_827' title='bbox 2331 5285 2456 5346; x_wconf 78' lang='grc' dir='ltr'>Υἱὸς</span> <span class='ocrx_word' id='word_1_828' title='bbox 2487 5286 2513 5339; x_wconf 89' lang='grc' dir='ltr'><strong>ὁ</strong></span> <span class='ocrx_word' id='word_1_829' title='bbox 2545 5287 2565 5321; x_wconf 84' lang='grc'>⁷</span> <span class='ocrx_word' id='word_1_830' title='bbox 2597 5285 2828 5358; x_wconf 81' lang='grc' dir='ltr'>Χριστὸς</span> <span class='ocrx_word' id='word_1_831' title='bbox 2872 5286 2899 5339; x_wconf 85' lang='grc' dir='ltr'>ὁ</span> <span class='ocrx_word' id='word_1_832' title='bbox 2947 5280 3108 5347; x_wconf 81' lang='grc' dir='ltr'>αὐτός</span> <span class='ocrx_word' id='word_1_833' title='bbox 3151 5282 3280 5346; x_wconf 88' lang='grc' dir='ltr'>Θεός</span> <span class='ocrx_word' id='word_1_834' title='bbox 3342 5282 3453 5338; x_wconf 82' lang='grc' dir='ltr'>ἐστι</span> <span class='ocrx_word' id='word_1_835' title='bbox 3510 5281 3601 5337; x_wconf 82' lang='grc' dir='ltr'>καὶ</span> <span class='ocrx_word' id='word_1_836' title='bbox 3660 5283 3877 5357; x_wconf 78' lang='grc' dir='ltr'>ἄνθρω-</span> 
     </span>
    </p>
   </div>
   <div class='ocr_carea' id='block_1_111' title="bbox 1810 5481 2492 5540">
    <p class='ocr_par' dir='ltr' id='par_1_111' title="bbox 1810 5481 2492 5540">
     <span class='ocr_line' id='line_1_111' title="bbox 1810 5481 2492 5540; baseline 0.003 -4"><span class='ocrx_word' id='word_1_837' title='bbox 1810 5481 2042 5538; x_wconf 67' lang='grc' dir='ltr'>ἾΑΒΙίΕ</span> <span class='ocrx_word' id='word_1_838' title='bbox 2082 5481 2492 5540; x_wconf 88' lang='lat' dir='ltr'>LECTIONES.</span> 
     </span>
    </p>
   </div>
   <div class='ocr_carea' id='block_1_112' title="bbox 519 5579 1112 5642">
    <p class='ocr_par' dir='ltr' id='par_1_112' title="bbox 519 5579 1112 5642">
     <span class='ocr_line' id='line_1_112' title="bbox 519 5579 1112 5642; baseline 0.015 -9"><span class='ocrx_word' id='word_1_839' title='bbox 519 5579 784 5634; x_wconf 74' lang='grc' dir='ltr'>²τούτων</span> <span class='ocrx_word' id='word_1_840' title='bbox 852 5585 986 5640; x_wconf 83' lang='lat' dir='ltr'>add.</span> <span class='ocrx_word' id='word_1_841' title='bbox 1048 5589 1112 5642; x_wconf 83' lang='grc' dir='ltr'>Α.</span> 
     </span>
    </p>
   </div>
   <div class='ocr_carea' id='block_1_113' title="bbox 451 5653 832 5724">
    <p class='ocr_par' dir='ltr' id='par_1_113' title="bbox 451 5653 832 5724">
     <span class='ocr_line' id='line_1_113' title="bbox 451 5653 832 5724; baseline -0.003 -16"><span class='ocrx_word' id='word_1_842' title='bbox 451 5654 554 5724; x_wconf 86' lang='grc' dir='ltr'>Χρ.</span> <span class='ocrx_word' id='word_1_843' title='bbox 599 5653 733 5708; x_wconf 85' lang='lat' dir='ltr'>add.</span> <span class='ocrx_word' id='word_1_844' title='bbox 767 5662 832 5709; x_wconf 79' lang='grc' dir='ltr'>Α.</span> 
     </span>
    </p>
   </div>
   <div class='ocr_carea' id='block_1_114' title="bbox 1192 5587 1654 5663">
    <p class='ocr_par' dir='ltr' id='par_1_114' title="bbox 1192 5587 1654 5663">
     <span class='ocr_line' id='line_1_114' title="bbox 1192 5587 1654 5663; baseline 0.009 -21"><span class='ocrx_word' id='word_1_845' title='bbox 1192 5587 1212 5622; x_wconf 86' lang='grc'><strong>³</strong></span> <span class='ocrx_word' id='word_1_846' title='bbox 1243 5588 1509 5663; x_wconf 79' lang='grc' dir='ltr'>ἀπορήσει</span> 
     </span>
    </p>
   </div>
   <div class='ocr_carea' id='block_1_115' title="bbox 1737 5585 3888 5668">
    <p class='ocr_par' dir='ltr' id='par_1_115' title="bbox 1737 5585 3888 5668">
     <span class='ocr_line' id='line_1_115' title="bbox 1737 5585 3888 5668; baseline 0.002 -23"><span class='ocrx_word' id='word_1_847' title='bbox 1737 5593 1755 5625; x_wconf 73' lang='grc'><strong>⁸</strong></span> <span class='ocrx_word' id='word_1_848' title='bbox 1785 5597 1885 5658; x_wconf 80' lang='grc' dir='ltr'>τῆς</span> <span class='ocrx_word' id='word_1_849' title='bbox 1931 5590 2097 5646; x_wconf 87' lang='lat' dir='ltr'>libris</span> <span class='ocrx_word' id='word_1_850' title='bbox 2155 5591 2338 5647; x_wconf 87' lang='lat' dir='ltr'>deest.</span> <span class='ocrx_word' id='word_1_851' title='bbox 2413 5592 2434 5626; x_wconf 79' lang='grc'>⁸</span> <span class='ocrx_word' id='word_1_852' title='bbox 2493 5585 2874 5668; x_wconf 76' lang='grc' dir='ltr'>ἀναμφίόολος</span> <span class='ocrx_word' id='word_1_853' title='bbox 2906 5592 2988 5665; x_wconf 78' lang='grc' dir='ltr'>ς.</span> <span class='ocrx_word' id='word_1_854' title='bbox 3064 5589 3194 5646; x_wconf 69' lang='grc' dir='ltr'>σὸτι</span> <span class='ocrx_word' id='word_1_855' title='bbox 3256 5592 3389 5648; x_wconf 91' lang='lat' dir='ltr'>libri</span> <span class='ocrx_word' id='word_1_856' title='bbox 3419 5586 3527 5643; x_wconf 72' lang='grc' dir='ltr'>ὅτι·</span> <span class='ocrx_word' id='word_1_857' title='bbox 3605 5589 3624 5621; x_wconf 83' lang='grc'><em>’³</em></span> <span class='ocrx_word' id='word_1_858' title='bbox 3665 5586 3692 5640; x_wconf 77' lang='grc' dir='ltr'>ὁ</span> <span class='ocrx_word' id='word_1_859' title='bbox 3730 5596 3888 5648; x_wconf 78' lang='lat' dir='ltr'>ante</span> 
     </span>
    </p>
   </div>
  </div>
