4154 6218
333 346 484 406 1001

331 496 448 546 πις,
519 474 700 550 ὥσπερ
779 472 832 529 ἐν
917 474 1132 543 θεότητι
1221 471 1448 542 τέλειος,
1535 473 1678 529 οὕτω
1757 473 1847 528 καὶ

333 565 744 639 ἀνθρωπότητι.
806 559 947 617 Ἰδοὺ
1005 566 1246 639 φανερῶς
1315 559 1508 635 ἔδειξεν
1567 565 1717 626 ὅπως
1775 561 1986 639 εἷ’ρηται

335 653 486 728 αύτῷ
523 674 580 708 τε
609 653 698 708 καὶ
729 656 848 714 τοῖς
879 647 1078 713 ἄλλοις
1109 652 1272 723 ἡμῶν
1307 652 1542 727 Πατράσι
1569 651 1654 722 τὸ,
1687 650 1796 708 Μία
1829 651 1987 726 φύσις

333 749 430 800 τοῦ
481 744 660 819 Λόγου
709 742 1124 816 σεσαρκωμένη.
1161 742 1268 810 Τὴν
1323 741 1418 815 μὲν
1461 745 1566 796 τῶν
1609 741 1817 820 φύσεων
1869 740 1988 796 δια-

333 835 504 912 ιρορᾶν
539 836 723 910 σαφῶς
755 835 774 869 ⁸
815 834 850 902 ἡ
884 831 1040 910 φωνὴ
1091 827 1353 900 διδάσκει,
1387 835 1621 908 παριστᾷ
1661 828 1717 886 δὲ
1763 833 1852 886 καὶ
1885 847 1984 901 την

331 921 496 994 ἄκραν
531 926 620 978 καὶ
675 918 1040 978 ἀδιάσπαστον
1090 917 1282 974 ’ἐνωσιν
1329 922 1426 974 τοῦ
1479 923 1612 975 Θεοῦ
1661 921 1843 994 Λόγου
1895 920 1986 974 καὶ

327 1021 428 1084 τῆς
470 1013 692 1087 σαρκὸς,
741 1013 830 1066 καὶ
893 1011 969 1073 ὡς
1022 1012 1099 1072 εἷς
1143 1007 1377 1084 ὑπάρχει
1426 1009 1516 1063 καὶ
1571 1007 1733 1082 μόνος
1783 1009 1907 1071 Υἱὸς
1959 1009 1986 1062 6

336 1103 616 1178 Χριστὸςθ
666 1099 1100 1176 σεσαρκωμὲνος,
1151 1099 1238 1154 καὶ
1291 1099 1356 1153 οὐ
1407 1095 1502 1154 δύο
1561 1099 1693 1166 υἱοὶ,
1745 1099 1818 1161 ὡς
1875 1105 1984 1154 Νε-

330 1192 548 1266 στόριος
581 1187 908 1269 ὲδυσιρτςμει,
941 1189 1076 1244 καθὸ
1107 1187 1198 1243 καὶ
1230 1189 1368 1259 αὐτή
1409 1183 1789 1264 προϐέϐληται
1837 1189 1986 1259 αὑτῷ

331 1283 366 1352 ἡ
409 1283 565 1356 φωνή
601 1298 614 1313 ·
647 1280 697 1336 τί
728 1279 830 1356 γὰρ
863 1278 921 1334 ἂν
953 1276 1096 1334 ἄλλο
1135 1278 1223 1333 καὶ
1268 1283 1502 1352 σημανεῖ
1535 1281 1574 1315 ¹⁰
1611 1278 1694 1346 τὸ,
1729 1279 1784 1332 '0
1824 1277 1986 1338 αὐτός

270 1392 272 1394 '
330 1370 448 1426 ἐστι
507 1370 635 1434 Θεὸς
689 1369 778 1423 καὶ
835 1365 1144 1442 ἅνθρωπος,
1204 1366 1238 1436 ἢ
1296 1364 1392 1422 δύο
1450 1365 1636 1446 φύσεις
1695 1365 1981 1438 ἡνωμένας

330 1457 386 1512 ἐν
423 1457 710 1513 ὑποστάσει
745 1461 841 1531 μιᾷ
877 1459 1126 1531 ;“Ὠσπερ
1169 1455 1260 1510 καὶ
1293 1456 1320 1510 6
1351 1455 1627 1530 Θεολόγος
1677 1455 1982 1530 Γρηγόρνος

331 1545 524 1618 εἰπὼν,
603 1546 706 1602 Δύο
783 1545 970 1625 φύσεις
1055 1547 1184 1608 Θεὸς
1265 1545 1353 1600 καὶ
1428 1541 1735 1619 ἄνθρωπος,
1803 1543 1982 1618 ἑρμη-

326 1637 497 1692 νεύων
558 1636 746 1691 ἑαυτὸν
802 1636 966 1705 εἶπεν,
1019 1637 1180 1690 Ὥστε
1234 1636 1262 1688 6
1331 1632 1504 1711 λέγων
1579 1635 1671 1689 τὸν
1750 1633 1977 1708 Χριστὸν

329 1725 534 1782 056v“
593 1725 684 1779 καὶ
749 1721 1034 1799 ἄνθρωπον
1104 1721 1198 1778 δύο
1268 1723 1454 1800 ιρύσεις
1512 1721 1796 1783 ἓνωθείσας
1855 1723 1974 1777 καθ’

779 472 832 529 ἐν
917 474 1132 543 θεότητι

1417 343 1961 406 BlBLlOTHECA.
2013 376 2082 390 ι·-
2130 343 2302 406 COD.
2349 346 2659 409 CCXXIX.

3588 351 3751 414 1002

1937 473 1988 528 ἐν
2019 477 2070 544 Α
2108 477 2270 533 Verbi
2315 483 2526 536 natura
2573 479 2892 537 incuruata.
2945 481 3292 537 Naturarum
3352 484 3736 542 differentiam

2099 565 2219 621 haec
2242 583 2346 623 vox
2369 568 2625 626 dilucide
2646 570 2921 641 ostendit,
2937 574 3297 627 etsummam
3323 577 3375 628 et
3395 574 3736 631 continuam

2099 657 2376 713 unionem
2412 658 2509 714 Dei
2539 658 2712 716 Verbi
2744 665 2800 715 et
2829 661 3024 716 carnis
3055 661 3332 728 declarat,
3367 667 3546 734 utque
3585 682 3734 721 unus

2096 745 2338 802 exsistat
2358 748 3181 818 JesusChristusincarnatus,
3199 757 3381 808 etnon
3398 753 3512 808 duo
3537 754 3662 821 ﬁlii,
3681 761 3742 809 ut

2098 834 2349 892 Nestorii
2383 854 2560 908 prava
2590 845 2708 894 erat
2739 839 2953 909 opinio,
2986 842 3306 896 secundum
3341 841 3496 913 quod
3537 851 3590 897 et
3621 842 3742 898 haec

2094 923 2166 978 ab
2197 938 2262 978 eo
2293 941 2400 979 vox
2433 926 2690 996 proiecta
2723 931 2829 982 est.
2857 928 3004 991 Quid
3036 929 3192 984 enim
3225 929 3383 984 aliud
3417 929 3524 984 hoc
3557 929 3742 1001 signi-

2095 1009 2262 1068 ﬁcat:
2299 1013 2490 1069 259a
2535 1014 2678 1070 Idem
2729 1025 2806 1072 est
2855 1017 2995 1072 Deus
3043 1025 3093 1072 et
3141 1018 3318 1084 homo,
3368 1033 3542 1089 quam
3594 1021 3740 1074 duas

2096 1106 2337 1157 naturas
2386 1102 2583 1158 unitas
2631 1103 2692 1159 in
2735 1120 2850 1160 una
2897 1103 3218 1177 hypostasi,
3252 1110 3316 1162 ut
3347 1111 3403 1163 et
3434 1108 3744 1178 Gregorius

2096 1190 2427 1264 Theologus
2472 1191 2712 1249 dicens:
2747 1193 2899 1250 Duas
2947 1199 3198 1264 naturas,
3247 1197 3417 1252 Deum
3466 1201 3514 1252 et
3561 1197 3742 1254 homi—

2093 1295 2236 1347 nem,
2271 1280 2684 1351 interpretatus
2719 1283 2979 1353 seipsum
3023 1283 3186 1352 dicit,
3219 1285 3360 1356 quod
3397 1285 3492 1359 qui
3543 1290 3742 1342 asserit

2094 1367 2374 1425 Christum
2417 1371 2592 1426 Deum
2638 1380 2691 1428 et
2736 1373 3032 1441 hominem,
3081 1373 3220 1429 duas
3267 1383 3496 1430 naturas
3551 1379 3738 1431 unitas

2087 1457 2461 1528 personaliter
2483 1461 2829 1532 proﬁteatur.
2850 1462 2916 1516 Et
2937 1467 3178 1518 sanctus
3199 1463 3446 1534 Cyrillus
3477 1466 3735 1538 addensI:

2091 1547 2558 1615 Quemadmodum
2587 1549 2644 1605 in
2678 1549 2978 1607 divinitate
3003 1553 3328 1624 perfectum,
3359 1555 3440 1609 sic
3467 1561 3518 1610 et
3549 1557 3608 1609 in
3641 1555 3741 1611 hu-

2087 1638 2382 1706 manitate,
2433 1637 2494 1694 in
2543 1639 2774 1696 duabus
2824 1641 3054 1696 naturis
3101 1641 3373 1712 cognosci
3421 1644 3736 1700 Dominum

2085 1727 2360 1785 ostendit.
2395 1731 2584 1794 Quare
2615 1729 2807 1788 dicere
2854 1731 3052 1801 ipsum
3103 1748 3281 1787 unam
3333 1737 3600 1789 naturam
3647 1734 3738 1790 in-

331 1813 621 1869 ὑπόστασιν
675 1797 966 1888 ὁμολογεῖ.
1017 1811 1115 1867 Καὶ
1180 1813 1207 1866 6
1266 1797 1411 1885 ἱερὸς
1463 1809 1518 1866 δὲ
1566 1813 1695 1885 [426
1745 1812 1836 1882 Η.]
1890 1809 1977 1867 K6-

2092 1820 2417 1886 carnatam,
2451 1835 2566 1875 non
2600 1819 2659 1874 in
2691 1819 2986 1877 ablatione
3033 1820 3386 1892 cognitionis
3437 1823 3736 1879 nnitorum

331 1903 526 1979 ριλλος
601 1902 908 1980 ἐπαγαγὼν,
989 1903 1192 1978 Ὥσπερ
1290 1900 1342 1956 ἐν
1447 1903 1664 1972 θεότητι
1741 1901 1974 1973 τέλειος,

331 1995 474 2050 οὕτω
522 1991 612 2048 καὶ
660 1991 714 2048 ὲν
766 1991 1170 2067 ἀνθρωπότητι,
1219 1993 1281 2047 τὸ
1315 1990 1365 2047 ἐν
1418 1989 1514 2046 δύο
1559 1991 1748 2066 φύσεσι
1779 1991 1978 2067 γνωρί-

331 2085 506 2154 ζεσθαι
543 2083 634 2138 τὸν
678 2081 878 2157 Κύριον
929 2079 1256 2151 ἐκδιδάσκει,
1291 2079 1428 2136 ὥστε
1473 2081 1535 2136 τὸ
1584 2079 1762 2156 λέγειν
1812 2081 1974 2136 αὐτὸν

331 2173 458 2246 μίαν
502 2175 656 2250 φύσιν
706 2175 804 2226 τοῦ
853 2169 1036 2248 Λόγου
1079 2172 1494 2245 σεσαρκωμένην
1545 2169 1642 2225 οὐκ
1687 2169 1769 2224 ἐπ’
1827 2169 1976 2224 ἀναιο

328 2263 471 2338 ρέσει
518 2267 616 2318 τοῦ
663 2263 1024 2338 γνωρίζεσθαι
1071 2262 1138 2317 τὰ
1193 2262 1452 2318 ὲνιυθέντα
1507 2261 1624 2315 καθ’
1685 2259 1974 2315 ὑπόστασιν

329 2349 566 2428 εἴρηται,
599 2351 726 2407 ἀλλ’
758 2350 832 2414 εἷς
879 2353 1210 2425 παράστασιν
1256 2355 1353 2407 τοῦ
1399 2349 1718 2424 ἀδιαιρετως
1758 2349 1978 2426 ἄνθρω-

320 2463 428 2497 πον
477 2443 718 2518 γενέσθαι
762 2443 854 2496 τὸν
915 2441 1044 2497 Θεὸν
1093 2439 1272 2518 Λόγον
1313 2441 1402 2496 καὶ
1461 2439 1558 2496 οὐκ
1607 2440 1657 2495 ἐν
1705 2439 1975 2516 ἀνθρώπῳ

319 2533 394 2594 ὡς
436 2531 510 2587 ivi
548 2533 592 2568 "v’
650 2537 758 2586 τῶν
814 2534 1114 2608 προφητῶν
1166 2531 1560 2604 κατῳκηκέναι.
1633 2526 1732 2584 Καὶ
1789 2527 1978 2585 πολλᾶ

311 2643 396 2684 τις
432 2623 476 2660 1³
512 2621 658 2678 ἄλλα
697 2620 750 2677 ἐν
783 2626 852 2696 τῇ
883 2621 1020 2696 αὐτῇ
1061 2619 1208 2696 εὕροι
1240 2619 1529 2695 ἐπιστολῇ,
1563 2618 1632 2675 δι’
1663 2621 1738 2675 ὤν
1770 2621 1804 2690 ἠ
1838 2620 1972 2694 όμο-

323 2710 493 2789 λογία
537 2711 632 2786 μὲν
663 2712 770 2767 τῶν
806 2707 901 2766 δύο
933 2710 1144 2790 φύσεων
1192 2709 1280 2766 ἐπὶ
1319 2715 1418 2767 τοῦ
1448 2713 1687 2785 Χριστοῦ
1729 2705 1976 2785 βεϐαιοῦ-

325 2820 436 2872 ται,
492 2799 655 2874 μόνον
687 2797 743 2855 δὲ
781 2798 844 2854 τό
875 2799 971 2854 ἀνά
1017 2798 1185 2873 μέρος
1230 2797 1429 2855 τιθέναι
1459 2798 1554 2862 τὰς
1601 2797 1787 2872 φύσεις
1836 2798 1978 2872 αἱρε-

325 2894 482 2945 τικοῦ
539 2891 894 2966 φρονήματος
951 2887 1338 2965 ἀπελέγχεται.
1397 2889 1472 2944 Τὸ
1531 2885 1588 2943 δὲ
1631 2885 1755 2962 μίαν
1815 2887 1972 2966 φύσιν

320 2984 418 3036 τοῦ
471 2980 658 3056 Λόγου
708 2979 1129 3053 σεσαρκωμὲνην
1175 2977 1312 3033 κατὰ
1376 2976 1672 3051 Νεστοριού
1725 2977 1976 3054 προάγων

323 3069 386 3124 ού
437 3073 544 3126 τῶν
604 3067 816 3146 φύσεων
880 3071 981 3139 τήν
1041 3065 1302 3148 διαφορὰν
1361 3067 1588 3144 ἀναιρεῖ,
1662 3066 1809 3122 ἀλλά
1874 3067 1974 3136 τήν

322 3155 492 3214 δυάδα
547 3162 654 3214 τῶν
715 3157 1064 3213 ὑποστάσεων
1130 3161 1452 3233 φανεροῖίί.
1521 3157 1814 3232 Νεστόριος
1868 3155 1972 3232 γάρ

321 3246 384 3303 οὗ
428 3243 518 3303 διὰ
563 3248 626 3302 τὸ
672 3246 956 3323 γνωρίζειν
1003 3248 1098 3309 τὰς
1129 3244 1225 3302 δύο
1270 3248 1456 3326 φύσεις
1493 3247 1537 3285 ¹⁵
1585 3243 1673 3302 ἐπὶ
1717 3249 1976 3321 Χριστοῦ,

322 3334 473 3392 ἀλλὰ
512 3334 600 3392 διὰ
632 3338 676 3373 ¹⁶
703 3336 768 3392 τὸ
800 3333 1026 3412 διαιρεῖν
1067 3337 1162 3391 τὸν
1193 3333 1502 3412 ἀδιαίρετον
1533 3335 1613 3400 εἷς
1660 3335 1981 3398 ὑποστάσεις

322 3423 422 3482 δύο
453 3435 554 3498 τῆς
588 3425 917 3498 Ἐκκλησίας
967 3426 1384 3502 ἐξωστράκισται
1419 3446 1434 3461 ο
1485 3426 1623 3482 ὥστε
1664 3427 1700 3496 ἡ
1737 3425 1835 3501 μία
1885 3425 1982 3505 φύ-

323 3537 408 3579 σις
459 3519 556 3572 τοῦ
606 3517 790 3593 Λόγου
841 3513 1223 3591 σεσαρκωμένη
1270 3516 1360 3571 τὸν
1411 3516 1706 3592 Νεστόριον
1764 3513 1980 3592 διελέγ-

325 3625 524 3682 χουσα,
558 3603 714 3662 οὐδὲν
761 3603 950 3682 ἕτερον
1001 3604 1168 3677 δηλοῖ
1195 3603 1230 3675 ἢ
1263 3606 1346 3662 ὅτι
1383 3605 1508 3680 μίαν
1540 3605 1832 3662 ὑπόστασιν
1863 3607 1974 3680 χρὴ

321 3701 422 3752 τοῦ
482 3699 616 3751 Θεοῦ
673 3697 858 3774 Λόγου
915 3694 1202 3769 κηρύττειν
1269 3695 1710 3770 σεσαρκωμένην,
1769 3695 1900 3768 ὅπερ
1935 3695 1976 3731 ¹⁷

321 3784 574 3860 σρόνημα
638 3791 739 3854 τῆς
788 3779 1064 3849 εὐσεϐείας
1121 3783 1234 3840 ἐστὶ
1285 3784 1377 3840 καὶ
1433 3786 1469 3854 ἡ
1539 3783 1592 3838 ἐν
1655 3781 1973 3859 Καλχηδόνι

319 3872 548 3937 σύνοδος
588 3871 968 3952 ἐδογμάτισεν.
1019 3874 1202 3932 Εἰπὼν
1251 3875 1532 3948 μέντοιγε
1585 3873 1612 3928 6
1653 3871 1973 3938 πολύαθλος

313 3962 636 4026 Ἀθανάσιος
677 3964 834 4038 φύσιν
867 3963 991 4038 μίαν
1025 3967 1130 4019 τοῦ
1171 3967 1304 4018 Θεοῦ
1337 3963 1516 4040 Λόγου
1555 3963 1974 4037 σεσαρκωμὲνην

315 4055 421 4110 οὐκ
449 4054 526 4117 εἷς
577 4053 848 4128 ἀναίρεσιν
883 4051 984 4131 ἔφη
1033 4057 1132 4109 τοῦ
1179 4054 1536 4128 γνωρίζεσθαι
1567 4054 1668 4124 τὴν
1712 4050 1970 4130 διαφοράν

311 4147 424 4199 τῶν
457 4143 692 4221 φύσεων,
742 4143 799 4197 αἳ
857 4143 958 4211 τήν
997 4143 1116 4198 καθ’
1166 4142 1458 4198 ὑπόστασιν
1509 4141 1786 4216 ἐπλήρουν
1835 4137 1976 4198 ἕνω-

319 4255 426 4303 σιν,
457 4232 604 4289 ἄλλα
632 4231 724 4288 καὶ
755 4231 915 4293 αὐτὸς
948 4228 1112 4306 δεῖξαι
1157 4230 1498 4307 βουλόμενος
1535 4235 1657 4306 [813
1691 4234 1786 4306 R.]
1824 4233 1898 4294 ὡς
1929 4234 1976 4270 ¹⁸

315 4326 396 4388 εἷς
429 4326 472 4361 ¹⁹
511 4322 652 4378 ἐστιν
703 4323 732 4377 6
762 4323 808 4358 ²⁰
858 4322 983 4384 Υἱὸς
1029 4322 1444 4396 σεσαρκωμένος
1487 4321 1576 4376 καὶ
1625 4320 1970 4396 ἐνανθρωπή-

310 4433 432 4483 σας,
491 4413 582 4468 καὶ
642 4411 882 4486 μάλιστα
937 4411 1073 4467 κατᾶ
1131 4409 1350 4467 Παύλου
1419 4415 1514 4467 τοῦ
1585 4409 1964 4486 Σαμωσατέως
1997 4441 2050 4506 D

315 4503 743 4579 ἀγωνιζόμενος,
773 4503 833 4564 ’ὸς
865 4499 1038 4558 ἄλλον
1071 4501 1168 4575 μὲν
1199 4501 1289 4556 τὸν
1322 4501 1362 4537 ²¹
1415 4500 1523 4576 πρὸ
1572 4501 1785 4556 αἰώνων
1815 4499 1964 4572 Υἷὸν,

307 4587 499 4666 ἓτερον
542 4588 600 4646 δὲ
629 4592 722 4646 τὸν
756 4589 838 4646 ἐπ’
889 4589 1136 4666 ἐσχάτων
1175 4584 1574 4670 φρενοϐλαϐὤς
1621 4587 1966 4666 ἐδογμάτιζε.

314 4683 418 4742 Καὶ
469 4685 498 4739 ὁ
549 4683 604 4738 ἐν
655 4681 828 4758 ἁγίοις
877 4679 933 4737 δὲ
975 4681 1213 4745 Ἰούλιος
1265 4679 1353 4737 διὰ
1400 4688 1500 4754 τῆς
1545 4680 1713 4752 αὐτῆς
1769 4680 1976 4745 ἐννοίας

329 4769 501 4828 ὥδευε
533 4791 545 4804 ·
579 4773 718 4828 κατὰ
751 4769 970 4828 Παύλου
1009 4773 1110 4848 γάρ
1141 4771 1232 4826 καὶ
1263 4769 1426 4834 αὐτὸς
1458 4775 1556 4826 τοῦ
1597 4769 1976 4846 Σαμωσατὲως

315 4861 410 4917 καὶ
459 4867 566 4918 τῶν
618 4860 826 4936 ὁμοίων
874 4858 966 4917 διὰ
1007 4866 1110 4930 τῆς
1156 4861 1330 4931 αὐτῆς
1387 4867 1572 4940 φωνῆς
1621 4858 1972 4931 ἐξωπλίζετο.

310 4953 372 5007 Ὃ
407 4949 592 5026 μέντοι
624 4971 688 5025 γε
735 4949 1045 5026 Ἒρέχθιοις
1084 4948 1130 5004 εἷ
1166 4951 1262 5026 μὲν
1302 4950 1376 5013 ὡς
1429 4949 1742 5013 Ἀθανάσιός
1789 4970 1846 5004 τε
1883 4947 1972 5004 καὶ

315 5039 592 5116 Κύριλλος
622 5039 712 5095 καὶ
762 5037 1000 5103 Ἰούλιος
1043 5039 1143 5110 τὴν
1187 5039 1371 5118 φωνήν
1423 5034 1774 5114 ἐκλαμϐάνει,
1813 5043 1974 5094 τοῦτο

309 5128 374 5185 ἂν
405 5125 492 5202 εἷή
549 5128 797 5202 ἄμεινον,
832 5130 876 5184 εἰ
929 5127 986 5183 δὲ
1016 5130 1162 5204 παρᾶ
1209 5129 1309 5198 τὴν
1363 5127 1581 5184 ἐκείνων
1631 5125 1812 5202 δόξαν,
1853 5131 1976 5184 θαυ-

311 5219 520 5293 μαστὸν
553 5215 708 5274 οὐδὲν
743 5237 758 5254 ·
794 5217 868 5282 εἷς
904 5221 948 5255 ²²
977 5215 1081 5294 γάρ
1107 5218 1209 5288 τὴν
1251 5217 1531 5297 Εὖτυχοῦς
1563 5217 1719 5273 νόσον
1769 5214 1974 5272 πολλοὶ

394 5324 422 5365 s
453 5311 588 5368 Luc.
624 5329 668 5381 ι,
691 5311 781 5366 42.

2005 3120 2048 3188 C

2089 1908 2414 1963 secundum
2461 1925 2766 1979 personam
2818 1910 3040 1966 dictum
3091 1916 3200 1978 est,
3231 1913 3330 1968 sed
3364 1917 3428 1968 ut
3458 1921 3738 1985 appareat

2084 1995 2522 2052 indivisihiliter
2551 1996 2844 2054 hominem
2879 1999 3000 2053 fieri
3027 1999 3122 2055 Dei
3145 1999 3424 2068 Verbum,
3449 2009 3503 2056 et
3533 2019 3646 2058 non
3673 2003 3730 2057 in

2086 2083 2346 2154 homine,
2370 2085 2516 2141 utin
2548 2101 2660 2142 uno
2683 2085 3100 2158 prophetarum
3135 2087 3452 2144 habitasse.
3477 2090 3546 2144 Et
3567 2091 3731 2145 simi-

2087 2175 2162 2230 lia
2184 2176 2242 2231 in
2266 2175 2375 2232 hac
2397 2175 2530 2248 quis
2557 2177 2810 2248 reperiat
2841 2176 3104 2249 epistola,
3124 2178 3340 2249 quibus
3361 2179 3485 2234 dua:
3510 2187 3728 2236 naturai

2085 2261 2295 2320 Christi
2346 2265 2785 2321 conﬁrmantur.
2822 2265 3022 2322 Solum
3053 2283 3188 2323 vero
3231 2267 3460 2323 divisim
3516 2285 3732 2339 ponere

2085 2357 2348 2420 naturas,
2381 2353 2718 2410 haereticum
2752 2357 2860 2410 est.
2885 2353 3072 2410 Unam
3103 2371 3237 2411 vero
3270 2359 3533 2412 naturam
3563 2356 3732 2412 Verbi

2089 2443 2451 2500 incarnatam
2485 2448 2687 2500 contra
2716 2443 3052 2500 Nestorium
3084 2445 3406 2512 adducens,
3431 2463 3544 2502 non
3575 2446 3730 2501 tollit

2085 2533 2426 2590 divisionem
2451 2538 2810 2599 naturarum,
2829 2535 2928 2590 sed
2954 2533 3297 2590 dualitatem
3323 2534 3732 2604 hypostaseon.

2088 2621 2388 2679 Nestorius
2419 2622 2576 2679 enim
2610 2639 2725 2678 non
2750 2623 2888 2694 quia
2910 2626 3227 2694 cognoscat
3258 2623 3402 2678 duas
3425 2621 3482 2678 in
3506 2623 3735 2679 Christo

2083 2716 2348 2776 naturas,
2373 2713 2472 2766 sed
2497 2711 2808 2768 dividendo
2831 2710 3188 2767 indivisibile
3208 2711 3270 2766 in
3292 2712 3438 2766 duas
3459 2727 3738 2782 personas

2087 2799 2158 2855 ab
2191 2797 2442 2854 Ecclesia
2472 2798 2803 2874 expellitur.
2823 2800 3012 2864 Quare
3043 2815 3161 2854 una
3194 2803 3406 2855 natura
3435 2799 3739 2856 incuruata

2083 2889 2412 2947 Nestorium
2437 2889 3052 2961 reprehendens,nihil
3077 2890 3235 2946 aliud
3257 2891 3530 2960 ostendit,
3555 2907 3735 2962 quam

2084 2997 2264 3037 unam
2318 2996 2623 3052 personam
2671 2980 2772 3036 Dei
2821 2979 2992 3037 Verbi
3044 2985 3312 3052 oportere
3373 2982 3736 3038 incarnatam

2088 3071 2414 3144 praedicare.
2445 3071 2578 3136 Qua:
2603 3069 2894 3126 sententia
2926 3073 3016 3126 est
3048 3069 3180 3126 ﬁdei
3211 3073 3420 3126 nostrae
3443 3075 3501 3126 et
3530 3069 3736 3140 synodi

2087 3157 2596 3215 Chalcedonensis.
2648 3158 2962 3214 Confessor
3017 3159 3176 3215 enim
3236 3158 3601 3216 Athanasius
3653 3158 3738 3215 ait

2090 3263 2268 3302 unam
2302 3251 2528 3303 tantum
2561 3250 2835 3302 naturam
2869 3246 2965 3302 Dei
3000 3245 3172 3303 Verbi
3199 3245 3591 3316 incarnatam,
3616 3263 3735 3304 non

2088 3337 2160 3392 ad
2194 3335 2506 3393 tollendam
2539 3339 2879 3392 naturarum
2903 3335 3314 3399 differentiam,
3340 3337 3438 3404 ait,
3466 3335 3736 3408 cognosci

2089 3429 2431 3482 naturarum
2463 3424 2804 3495 discrimen,
2838 3441 2967 3497 quas
3008 3424 3437 3497 hypostaticam
3493 3424 3739 3498 implent

2089 3515 2382 3584 unionem,
2413 3515 2511 3571 sed
2543 3519 2601 3570 et
2628 3514 2754 3587 ipse
2784 3515 2982 3571 volens
3026 3515 3333 3570 ostendere
3380 3531 3570 3572 unum
3614 3531 3740 3572 esse

2086 3603 2295 3660 Filium
2319 3604 2716 3673 incarnatum,
2740 3609 2946 3661 etcum
2965 3603 3144 3660 Paulo
3166 3604 3568 3661 Samosatensi
3601 3622 3742 3676 prae-

2086 3693 2251 3764 cipue
2283 3701 2519 3766 pugnat,
2551 3693 2650 3766 qui
2684 3694 2866 3749 alium
2898 3701 3030 3751 ante
3077 3693 3294 3749 saacula
3323 3693 3554 3761 Filium,
3601 3693 3742 3749 alte-

2085 3801 2216 3840 rum
2245 3800 2384 3840 vero
2433 3789 2638 3855 postea
2669 3799 2905 3840 summa
2957 3782 3249 3840 dementia
3294 3781 3556 3837 asseruit.
3590 3782 3740 3836 San-

2085 3880 2180 3931 tus
2208 3891 2442 3946 quoque
2483 3873 2680 3930 Julius
2732 3874 2932 3929 eadem
2982 3873 3248 3944 graditur
3277 3873 3368 3928 via
3399 3875 3739 3944 pugnatque

2083 3965 2238 4020 idem
2288 3980 2418 4020 cum
2469 3963 2674 4019 eodem
2727 3962 2900 4019 Paulo
2953 3961 3348 4018 Samosatensi
3386 3967 3443 4016 et
3487 3959 3616 4016 aliis
3667 3959 3738 4016 de

2083 4053 2194 4109 hac
2240 4069 2397 4108 voce.
2451 4051 2817 4118 Erechthius,
2862 4051 2913 4106 si
2963 4051 3202 4122 quidem
3251 4053 3314 4105 ut
3361 4049 3736 4115 Athanasius,

2085 4141 2352 4214 Cyrillus,
2379 4145 2434 4197 et
2455 4141 2666 4209 Julius,
2690 4140 2843 4197 hanc
2865 4156 3061 4196 vocem
3089 4139 3292 4208 sumit,
3317 4138 3424 4194 hoc
3458 4143 3736 4210 praestan-

2085 4230 2201 4286 tius
2233 4229 2438 4284 fuerit:
2477 4228 2527 4284 si
2557 4243 2690 4283 vero
2722 4231 2932 4300 praeter
2959 4243 3160 4283 eorum
3195 4227 3557 4299 opinionem,
3591 4225 3737 4280 nihil

2084 4320 2518 4378 admirandum.
2543 4320 2694 4376 Eum
2722 4317 2874 4376 enim
2909 4319 3186 4392 Eutychis
3218 4318 3422 4375 morbo
3453 4317 3738 4374 amictum

2084 4410 2250 4468 multi
2298 4409 2484 4467 sancti
2532 4409 2641 4465 viri
2686 4409 3216 4481 deprehenderunt,
3259 4408 3448 4465 ποθι
3479 4423 3652 4480 quem
3684 4412 3742 4462 et

2081 4503 2207 4574 ipse
2243 4500 2454 4574 prodit,
2481 4500 2566 4556 sic
2590 4500 2822 4558 dicens:
2851 4499 2912 4556 Si
2931 4501 3154 4572 quidem
3171 4515 3241 4556 ex
3259 4499 3502 4555 humano
3531 4499 3740 4554 semine

2085 4593 2338 4649 Christus
2365 4592 2502 4660 fuit,
2531 4590 2824 4648 concedam
2849 4592 3097 4661 fructum
3144 4604 3256 4645 esse
3301 4588 3605 4644 secundum
3647 4603 3739 4641 ναί

2080 4682 2254 4738 dicem
2282 4697 2300 4736 :
2329 4682 2378 4738 si
2407 4697 2536 4738 vero
2567 4695 2596 4737 e
2623 4687 2817 4737 sancta
2862 4679 3098 4752 Spiritu,
3144 4677 3446 4735 secundum
3493 4675 3738 4732 archan-

2081 4773 2194 4840 geli
2247 4769 2528 4827 Gabrielis
2601 4783 2778 4826 vocem
2850 4768 2993 4825 Deus
3066 4767 3286 4838 genitus
3343 4771 3442 4834 est,
3498 4764 3740 4838 quando-

2082 4860 2298 4931 quidem
2331 4876 2366 4915 α
2395 4861 2502 4916 Deo
2530 4862 2826 4931 generatus
2855 4857 2950 4912 sit.
2977 4856 3072 4912 Sic
3096 4857 3332 4929 quidem
3367 4851 3734 4920 Erechthius,

2085 4965 2256 5022 quem
2305 4949 2622 5006 verisimile
2651 4953 2884 5006 estnon
2915 4946 3271 5003 intellexisse
3319 4945 3495 5000 verba
3547 4941 3738 4997 Elisa-

2083 5039 2246 5108 beth,
2280 5056 2406 5112 quae
2438 5039 2628 5094 Maria:
2660 5037 2920 5110 Deiparm
2953 5035 3329 5102 benedicens,
3363 5031 3736 5090 exclamavit:

2087 5127 2380 5185 Benedicta
2432 5137 2492 5184 tu
2539 5127 2600 5183 in
2649 5126 3002 5196 mulieribus,
3049 5129 3100 5182 et
3155 5123 3464 5181 benedictus
3519 5124 3736 5194 [ructus

2086 5220 2294 5275 ventris
2326 5217 2412 5274 tui
2442 5231 2487 5272 ε.
2521 5218 2632 5274 Sed
2685 5231 2874 5288 neque
2925 5215 3135 5272 lsaiam
3184 5211 3577 5271 intellexisse:
3618 5213 3741 5268 Erit

1691 5381 1924 5440 VARI/f3
1966 5381 2378 5438 LECTIONES.

377 5473 640 5550 δσαφῖρς]
703 5475 884 5550 sese:
926 5473 980 5550 ﬂ
1042 5473 1278 5550 sese:

297 5547 346 5583 ¹¹
383 5543 735 5620 Χριστὸνίκαὶ
758 5543 886 5620 Θερν
916 5543 1000 5620 ς,
1037 5543 1126 5620 _"j°'
1156 5543 1314 5620 ciseév
1333 5544 1410 5620 ἑνὶ

301 5611 542 5692 Χριστου
575 5615 762 5692 ερύσεις
931 5611 1124 5692 ἶίδέιᾶ
1145 5617 1277 5676 add.
1313 5619 1379 5674 A.

299 5686 417 5745 τῶν
454 5696 516 5746 Δ.
587 5686 642 5726 ⁷³³
671 5687 750 5752 εἷς
783 5686 832 5743 Χ
865 5703 880 5745 2
912 5686 962 5742 εἴ

635 5792 900 5852 ΡΑτιιοι.
948 5791 1060 5851 GR.
1109 5789 1261 5852 CIlI.

1605 5544 1650 5580 ‘3
1677 5544 1928 5618 ttq‘post

1390 5473 1412 5558 ξ’
1446 5471 1574 5560 Εὸς
1605 5471 1662 5560 m6
1721 5471 1954 5546 Χριστὸς
1987 5489 2106 5560 Haec
2169 5473 2217 5527 A
2250 5487 2276 5556 τ.
2329 5471 2553 5560 ’ἐξισοῦῇ
2599 5467 2831 5555 Χριστός
2891 5465 2919 5522 6
2960 5485 3052 5560 σεε⁹

1958 5563 2014 5598 ευ

1461 5615 1502 5654 ῖτ
1535 5615 1668 5691 ἅπερ
1692 5620 1736 5674 Α
1771 5615 1848 5672 58
1876 5635 1927 5672 τι

3288 5465 3332 5502 ¹⁰
3364 5485 3430 5534 or,
3483 5460 3618 5522 αίνει

3288 5541 3376 5613 [ὧν
3413 5484 3496 5613 ξ.
3558 5537 3621 5613 1⁵
3647 5535 3736 5613 es

2509 5541 2556 5617 '_‘
2587 5535 2812 5617 quivepoi
2841 5556 2990 5599 corr.
3013 5541 3060 5596 A
3083 5535 3496 5617 fungum.
3555 5537 3621 5617 -ξδ

2055 5563 2106 5596 οι
2139 5542 2308 5652 ponit
2509 5541 2556 5578 ¹⁴
2587 5541 2812 5616 φανεροῖ
2841 5556 2990 5599 corr.
3013 5541 3060 5596 A
3083 5541 3376 5617 ῐφανερῶν
3413 5541 3475 5613 ς’

2128 5613 2344 5677 ίώςΑ
2373 5631 2386 5669 :
2417 5613 2444 5667 ὁ
2479 5613 2561 5686 ς.
2642 5613 2688 5651 ¹⁹
2719 5613 2934 5672 cirum.
2961 5617 3139 5686 pr.A.
3218 5611 3478 5669 'oéadd.

2217 5613 2561 5687 ὒςΑῗὸς.

3329 5785 3405 5844 32

3821 27 3964 74 ’πὶ-μη
3993 67 3998 70 _
