4138 6228
254 361 407 422 1005

1339 357 1885 419 BIBLIOTHECA.
1932 391 2006 402 --
2053 361 2226 420 COD.
2271 361 2580 422 CCXXIX.

3508 368 3534 426 1
3546 363 3662 424 006

249 491 455 552 ταύαας
490 487 780 561 ἡνωμένας
807 485 861 541 έν
919 489 988 559 τῇ
1037 489 1154 541 καθ’
1209 487 1500 543 ὑπόστασιν
1542 489 1729 544 ένώσει
1787 492 1883 544 τοῦ
1931 487 2106 562 Λόγου
2138 490 2204 559 ³⁸³,
2263 491 2339 552 ὡς
2370 493 2404 562 ἡ
2441 490 2722 562 Εκκλησία
2775 512 2834 546 τε
2881 491 2970 546 καὶ
3027 494 3062 561 ἡ
3113 493 3242 566 ἁγία
3298 492 3517 558 σύνοδος
3575 497 3666 552 καὶ

254 581 282 634 ὁ
313 580 494 640 πάπας
546 577 698 632 Λέων
747 569 1062 651 ἐπρέσϐευεν
1117 573 1292 632 Ἀλλά
1321 579 1365 613 *³
1420 577 1509 632 καὶ
1561 577 1724 652 μυρία
1773 575 1922 648 ἄλλη
1975 573 2208 657 διαφορά
2259 580 2456 654 μεταξὺ
2502 583 2602 648 τῆς
2653 577 2900 642 ἀσεϐείας
2951 580 3040 634 καὶ
3091 587 3189 652 τῆς
3241 578 3536 652 εὐσεϐείας,
3576 586 3666 640 καὶ

255 668 356 733 δση
387 670 484 721 τοῦ
513 665 696 744 φωτὸς
726 665 862 739 πρὸς
893 685 958 720 το
990 662 1206 726 σκότος.

323 759 446 814 Ὅτι
495 751 710 810 ἐπειδᾶν
770 754 824 808 o't
869 753 976 808 ἀπὸ
1031 749 1274 830 Ζεϐήρου
1332 751 1730 830 διελέγχωνται
1777 759 1894 817 ταῖς

2078 758 2222 823 Quia
2257 763 2564 832 postquam
2607 760 2902 818 Severiani
2947 761 3276 818 refutantur
3323 773 3664 820 sanctorum

256 851 364 902 τῶν
397 843 673 922 θεοφόρων
704 845 865 916 ἡμῶν
914 841 1166 917 Πατέρων
1201 848 1428 919 φωναῖς,
1463 843 1514 898 οἲ
1566 843 1672 919 πρὸ
1713 852 1814 913 τῆς
1861 843 1912 898 ἐν

259 931 580 1010 Καλχηδόνι
624 930 848 988 συνόδου
881 929 1184 1007 διέλαμψαν
1233 931 1326 988 καὶ
1354 933 1452 996 τὰς
1503 930 1598 988 δύο
1631 933 1814 1011 φύσεις
1855 932 1907 989 έν

255 1029 323 1098 τῇ
371 1025 490 1078 καθ’
547 1021 842 1078 ὑπόστασιν
877 1020 1066 1076 ὲνώσει
1107 1025 1208 1077 τοῦ
1259 1021 1437 1098 Λόγου
1490 1022 1777 1096 ἐκήρυξαν,
1831 1022 1908 1084 είς

259 1107 522 1182 διαϐολήν
571 1111 750 1168 αὐτῶν
781 1113 828 1147 ⁴⁴
877 1109 1034 1174 εὐθὺς
1080 1110 1392 1186 τρέπονται,
1445 1109 1637 1186 σχῆμα
1685 1111 1800 1184 μὲν,
1834 1111 1910 1174 ὡς

258 1199 530 1270 δοκοῦσιν,
590 1199 948 1274 εὐπρόσωπον
1017 1203 1084 1273 τῇ
1154 1193 1394 1273 διαϐολῇ
1459 1199 1814 1272 περιτιθέντες
1841 1201 1910 1272 ⁴⁵,

263 1293 556 1370 βαθύτερον
590 1289 648 1346 δὲ
695 1295 802 1346 τῶν
855 1291 1218 1366 ὰπροσώπους
1251 1289 1446 1353 αὐτοὺς
1476 1292 1526 1326 4³
1577 1287 1906 1366 ὑϐριζόντων

261 1379 772 1455 διακωμιρδοῦντες,
828 1381 964 1435 Φασὶ
1015 1381 1116 1456 γὰρ
1175 1382 1250 1442 ὡς
1303 1377 1518 1454 εἷ’ρηται
1578 1381 1670 1454 μὶν
1725 1381 1908 1442 αὐτοῖς

259 1475 372 1528 τῶν
421 1469 628 1544 φύσεων
684 1470 746 1524 τὸ
791 1467 1066 1538 δυαδικὸν,
1115 1469 1218 1524 ούκ
1263 1468 1369 1524 ἀπὸ
1418 1470 1644 1544 γνώμης
1691 1467 1748 1524 δὲ
1797 1465 1910 1524 οὐδ’

262 1560 531 1622 ἑκουσίως
565 1557 692 1614 οὐδὲ
739 1560 875 1614 κατά
917 1557 1151 1614 πίστεως
1202 1557 1530 1634 ὁμολογίαν,
1563 1557 1694 1629 ἀλλ,
1737 1559 1812 1622 ὡς
1859 1557 1910 1613 έν

260 1649 522 1706 ἀντιθέσει
553 1655 654 1718 τῆς
694 1645 1052 1722 ψευδωνύμου
1101 1651 1352 1724 γνώσεως
1398 1648 1486 1704 καὶ
1538 1651 1656 1703 κατ’
1687 1652 1727 1684 ⁵⁷
1761 1647 1912 1702 οἱκο-

261 1738 458 1812 νομίαν
501 1737 594 1794 καὶ
624 1736 712 1792 ἐπὶ
762 1741 960 1813 καιροῦ
991 1737 1080 1792 καὶ
1117 1737 1218 1793 ὑπό
1266 1758 1408 1800 τινος
1441 1739 1714 1812 αἱρετικῆς
1754 1738 1916 1814 ἀναγ-

265 1850 370 1900 κης
420 1822 854 1902 έκϐιαζομένοις.
890 1829 990 1882 Καὶ
1029 1827 1082 1884 τί
1112 1825 1172 1882 ἂν
1221 1825 1306 1898 εἷή
1337 1831 1499 1882 τοῦτο
1540 1827 1574 1897 ἢ
1607 1826 1734 1890 τοὺς
1765 1823 1915 1882 διδα-

265 1915 505 1980 σκάλους
549 1917 847 1990 ὑποκριτὰς
879 1917 1201 1994 ἀποφαίνειν
1231 1917 1282 1952 ⁴⁸
1320 1914 1537 1980 δειλούς
1572 1919 1698 1990 [428
1731 1919 1822 1991 Η.]
1861 1935 1918 1970 τε

267 2008 356 2061 καὶ
403 2013 504 2075 τῆς
563 2003 823 2076 ἀληθείας
873 2003 1168 2078 προδότας,
1216 2005 1306 2060 καὶ
1354 2012 1454 2075 τῆς
1501 2003 1710 2060 οἷ’κοθεν
1759 2005 1920 2060 εὐσε-

271 2091 422 2158 ϐείας
452 2097 516 2150 τὸ
551 2093 844 2168 ἀλλότριον
878 2095 968 2149 καὶ
994 2095 1262 2168 αἱρετικὸν
1297 2091 1477 2170 δόγμα
1515 2099 1922 2169 προτιμῶντας,

269 2187 360 2242 καὶ
412 2183 776 2246 ὲλκυσθέντας
821 2183 1037 2258 μᾶλλον
1085 2186 1223 2260 πρὸς
1269 2185 1330 2239 τὸ
1389 2183 1603 2240 ἐκείνων
1655 2185 1923 2260 βάραθρον

271 2273 310 2344 ἢ
370 2271 568 2329 ἐκεῖθέν
633 2293 779 2334 τινας
835 2271 1267 2346 ἀνελκύσαντας;
1327 2276 1441 2330 Ποῦ
1489 2272 1590 2350 γὰρ
1631 2271 1760 2328 ’ἔστι
1805 2277 1922 2334 τοῖς

272 2363 558 2424 τοιούτοις
593 2361 728 2434 μετά
777 2359 994 2417 Παύλου
1045 2359 1242 2437 λέγειν,
1275 2363 1349 2424 ὡς
1385 2365 1444 2419 Ὁ
1483 2361 1651 2437 λόγος
1701 2363 1862 2435 ἡμῶν
1897 2362 1925 2415 ὁ

273 2453 414 2528 πρὸς
467 2452 608 2525 ὑμᾶς
664 2449 764 2506 ούκ
808 2449 1020 2524 ἐγένετο
1067 2451 1152 2506 ναί
1218 2451 1306 2506 καὶ
1363 2450 1450 2522 οὓ,
1508 2447 1656 2506 ἀλλά
1709 2449 1794 2504 ναὶ
1874 2449 1923 2506 έν

275 2545 426 2616 αύτῷ
469 2544 686 2622 γέγονε,
733 2541 926 2617 μυρίας
977 2542 1178 2617 τροπὰς
1225 2543 1358 2616 πρὸς
1407 2543 1498 2596 τὸν
1563 2541 1678 2618 βίον
1713 2543 1759 2579 ‘9
1805 2563 1924 2617 τρε-

276 2631 538 2706 πομένοις
571 2633 660 2687 καὶ
691 2629 784 2693 τὰς
817 2633 862 2668 ⁶⁰
905 2627 1129 2706 εύρίπου
1163 2627 1471 2706 μεταϐολὰς
1526 2633 1923 2705 μιμουμένοις;

278 2721 456 2781 Ἀλλᾶ
510 2719 558 2776 τί
617 2719 784 2776 πάλιν
845 2720 1006 2800 φησὶν
1061 2723 1096 2792 ἡ
1155 2718 1396 2795 α’ίρεσις;
1454 2719 1762 2798 Συγγνώμη
1809 2725 1926 2782 τοῖς

279 2812 553 2887 Πατράσιν
587 2830 601 2844 ο
644 2813 680 2881 ἡ
711 2809 811 2886 γὰρ
846 2810 940 2885 βία
975 2817 1075 2880 τῆς
1118 2811 1349 2884 γνώμης
1381 2809 1693 2884 ἐκράτησεν,
1745 2807 1926 2884 ὥσπερ

279 2901 520 2972 ἐξουσίαν
554 2895 796 2956 λαϐοῦσα
841 2897 1114 2973 λοιδορεῖν
1143 2898 1231 2955 καὶ
1280 2900 1620 2975 κατακρίνειν
1667 2898 1756 2956 ὅτε
1799 2899 1926 2975 βού-

281 2990 436 3046 λεται
468 2989 558 3044 καὶ
609 2988 774 3045 πάλιν
815 2987 1030 3066 ἀφιέναι
1075 2989 1138 3044 τὸ
1167 2990 1212 3027 ⁵¹
1266 2989 1588 3063 ἁμάρτημα,
1619 2989 1708 3044 καὶ
1761 2987 1926 3064 μόνον

285 3081 414 3157 οὐχὶ
465 3083 692 3156 βοῶσαν
734 3079 810 3134 Τὰ
859 3077 1026 3154 χείλη
1078 3081 1240 3154 ἡμῶν
1273 3081 1400 3154 παρ’
1448 3082 1584 3152 ἡμῖν
1633 3077 1748 3136 ἐστι
1779 3097 1792 3112 ο
1843 3080 1928 3143 τίς

283 3173 446 3241 ἡμῶν
494 3168 693 3243 Κύριός
735 3165 888 3238 ἐστι,
943 3167 1096 3238 Πλὴν
1149 3167 1194 3222 εἰ
1244 3165 1384 3224 διότι
1431 3169 1566 3244 πρὸς
1615 3167 1846 3244 αἱρέσεις
1875 3167 1926 3222 οἱ

277 3259 518 3332 Πατέρες
559 3255 857 3332 ἐμάχοντο,
901 3253 996 3312 κᾶν
1037 3263 1136 3327 τῆς
1176 3251 1450 3320 εὐσεϐείας
1492 3257 1796 3330 ἐξέπιπτον,
1838 3255 1928 3312 διά

277 3351 442 3402 τοῦτο
468 3347 804 3422 συγγνώμης
855 3343 1086 3417 ἐπάξιοι,
1117 3350 1235 3407 πῶς
1273 3350 1375 3414 τῆς
1425 3342 1546 3416 ἴσης
1594 3344 1930 3418 συμπαθείας

2019 851 2254 903 Patrum
2331 849 2710 920 testimoniis,
2771 851 2873 923 qui
2945 855 3078 908 ante
3135 851 3668 909 Chalcedonensem

2020 939 2310 1010 synodum
2342 939 2684 1008 ﬂoruerunt,
2708 945 2766 996 et
2785 941 2934 996 duas
2957 944 3196 998 naturas
3225 941 3285 998 in
3317 941 3530 998 unione
3563 941 3668 1015 hy-

2021 1025 2304 1095 postatica
2335 1029 2806 1100 promulgarunt,
2833 1029 2902 1085 ad
2929 1029 3442 1102 reprehensionem
3467 1046 3668 1087 eorum

2021 1130 2148 1170 sese
2177 1121 2539 1184 convertunt,
2562 1121 2904 1188 praetextum
2931 1118 3186 1188 quidem,
3213 1127 3272 1174 ut
3294 1123 3556 1191 apparet,
3583 1137 3674 1176 ca-

2020 1201 2258 1258 lumniae
2273 1205 2538 1275 speciosa
2551 1222 2600 1260 m
2621 1211 3000 1278 prietexentes
3017 1225 3030 1263 :
3047 1207 3282 1280 gravius
3296 1225 3426 1264 vero
3443 1207 3676 1264 nemine

2023 1291 2344 1360 nominato,
2376 1293 2534 1366 ipsos
2555 1295 2768 1351 veteris
2787 1296 3082 1352 comoedias
3113 1297 3224 1352 ritu
3257 1297 3676 1354 conviciantes.

2021 1381 2269 1452 Etenim,
2296 1388 2358 1438 ut
2389 1383 2663 1450 diximus,
2685 1383 2772 1439 illi
2797 1385 3142 1443 dualitatem
3167 1391 3536 1452 naturarum,
3559 1404 3676 1443 non

2023 1487 2088 1527 ex
2119 1473 2430 1540 sententia,
2465 1489 2652 1545 neque
2683 1473 2950 1542 libenter,
2985 1492 3180 1547 neque
3210 1493 3278 1531 ex
3311 1475 3425 1532 fide
3455 1477 3677 1532 confes-

2025 1561 2204 1618 sionis
2254 1567 2565 1618 asserunt:
2621 1579 2820 1620 verum
2885 1569 2949 1619 ut
2995 1565 3056 1620 in
3083 1565 3480 1636 contraposita
3513 1565 3673 1620 falsae

2026 1651 2376 1722 cognitionis
2399 1651 2748 1723 cognitione,
2769 1654 2866 1708 sed
2893 1655 3220 1710 secundum
3245 1653 3675 1710 ordinationem

2025 1741 2530 1813 occasionemque,
2561 1746 2618 1798 et
2649 1742 2720 1799 ab
2749 1743 3016 1800 haeretica
3046 1745 3295 1815 quadam
3331 1745 3680 1801 necessitate

2027 1831 2333 1902 compulsi.
2357 1831 2426 1887 Et
2455 1832 2596 1904 quid
2621 1833 2730 1890 hoc
2753 1833 2916 1889 aliud
2935 1833 3110 1890 fuerit
3137 1833 3250 1890 nisi
3281 1833 3522 1890 eximios
3557 1851 3678 1890 ma-

2027 1919 2240 1991 gistros
2271 1922 2568 1978 ostendere
2600 1921 2920 1994 improbos,
2955 1927 3011 1978 et
3039 1922 3298 1980 veritatis
3331 1924 3679 1995 proditores,

2028 2015 2083 2064 et
2113 2007 2356 2080 propriae
2387 2009 2588 2082 pietati
2619 2010 2863 2066 alienam
2901 2017 2954 2066 et
2983 2011 3318 2068 haereticam
3345 2012 3681 2082 opinionem

2033 2101 2471 2168 anteponentes,
2505 2105 2564 2154 et
2593 2101 2664 2154 ad
2697 2099 2934 2156 illorum
2967 2101 3308 2156 barathrum
3345 2100 3537 2170 potius
3565 2107 3685 2156 tra—

2036 2191 2158 2242 ctos
2191 2203 2368 2260 quam
2402 2187 2534 2244 inde
2565 2189 2794 2260 aliquos
2840 2191 3155 2246 trahentes.
3191 2189 3492 2254 Quomodo
3525 2190 3684 2244 enim

2037 2277 2178 2332 talia
2217 2293 2352 2334 cum
2399 2277 2579 2335 Paulo
2637 2280 2827 2336 dicere
2879 2280 3070 2349 liceat,
3105 2281 3248 2349 Quia
3275 2295 3454 2338 sermo
3483 2285 3685 2346 noster,

2035 2369 2131 2440 qui
2183 2367 2296 2438 fuit
2351 2367 2498 2441 apud
2529 2385 2634 2436 vos,
2665 2385 2778 2424 non
2805 2377 2882 2425 eu
2927 2370 2987 2424 in
3039 2369 3138 2426 illo
3183 2370 3286 2424 Est
3315 2375 3372 2424 et
3402 2369 3517 2424 Non
3543 2385 3563 2424 :
3594 2365 3689 2423 sed

2035 2459 2124 2514 Est
2171 2457 2226 2512 in
2281 2460 2400 2528 ipso
2449 2459 2656 2528 factum
2683 2466 2760 2514 est
2791 2458 2826 2526 ί,
2859 2457 3199 2514 innumeras
3225 2457 3286 2514 in
3329 2456 3450 2512 vita
3501 2456 3688 2511 varia-

2033 2547 2224 2602 tiones
2281 2547 2726 2602 admittentibus
2774 2551 2834 2602 et
2881 2546 3078 2618 Euripi
3131 2547 3488 2602 mutationes
3544 2545 3686 2599 lmi—

2035 2635 2297 2691 tantibus
2319 2636 2345 2690 ‘I
2375 2635 2484 2690 Sed
2527 2635 2668 2707 quid
2701 2651 2932 2690 rursum
2967 2635 3176 2692 asserit
3205 2632 3490 2690 haeresis?
3523 2633 3682 2690 Venia

2037 2725 2292 2780 Patribus
2321 2725 2537 2781 danda.
2564 2725 2750 2782 200b
2769 2724 2827 2780 Si
2850 2725 3004 2780 enim
3031 2725 3082 2779 vi
3105 2724 3357 2795 quadam
3382 2722 3680 2778 sententias

2037 2814 2338 2885 pervincit,
2361 2819 2636 2885 tanquam
2655 2817 3000 2885 potestatem
3025 2816 3199 2870 nacta
3219 2811 3604 2878 conviciandi,
3625 2815 3683 2866 et

2037 2902 2468 2960 condemnandi
2499 2902 2654 2975 quod
2675 2902 2875 2972 libeat,
2901 2905 2958 2958 et
2977 2917 3216 2958 rursum
3233 2901 3527 2956 dimittere
3549 2915 3684 2970 pec-

2033 3001 2225 3050 catum
2257 2997 2316 3048 et
2345 2997 2572 3049 tantum
2605 3008 2722 3050 non
2740 2991 2826 3048 sic
2847 2991 3186 3048 exclamans
3211 3007 3225 3046 :
3253 2990 3431 3046 Labia
3445 2994 3630 3046 nostra
3647 3003 3684 3046 a

2034 3081 2190 3140 nobis
2216 3084 2368 3148 sunt,
2397 3082 2518 3154 quis
2553 3089 2738 3138 noster
2783 3081 3050 3138 Dominus
3085 3082 3168 3136 est
3191 3080 3256 3133 i?
3287 3079 3682 3150 Prmterquam

2035 3171 2190 3244 quod
2223 3185 2354 3226 cum
2378 3169 2664 3228 hureticis
2683 3172 2884 3226 Patres
2910 3173 3267 3243 pugnarunt,
3287 3169 3394 3224 etsi
3419 3185 3452 3224 a
3475 3169 3688 3240 pietate

2034 3261 2392 3327 exciderunt,
2412 3263 2719 3332 propterea
2735 3259 2905 3316 venia
2925 3259 3110 3332 digni,
3133 3258 3426 3330 quomodo
3447 3255 3689 3328 aequalis

2039 3350 2342 3406 nobiscum
2367 3349 2712 3416 adeotionis,
2747 3353 2804 3406 et
2832 3349 2880 3404 si
2913 3349 3056 3420 quid
3087 3347 3420 3404 adulterare
3450 3347 3690 3402 videan-

281 3437 438 3510 ὑμῶν
463 3411 610 3506 ⁵²,ἐί
657 3411 831 3491 καί-τι
876 3411 1564 3510 παραχαράσσειν-ἕδοξαν,
1599 3411 1674 3489 οἱ·
1697 3434 1750 3490 έν
1790 3433 1925 3490 Κάλ-

2040 3449 2150 3508 tur,
2181 3440 2284 3512 qui
2315 3411 2774 3496 Chalcedonensi
2803 3411 3022 3512 synddo
3053 3455 3170 3494 non
3199 3436 3614 3501 interfuerunt,
3637 3439 3694 3492 et

281 3527 482 3605 χηδόνι
533 3525 632 3584 οὐκ
673 3527 1042 3600 ἀπήλαυσαν;
1097 3527 1196 3582 Καὶ
1228 3529 1362 3602 πρὸς
1415 3525 1511 3582 δύο
1558 3528 1660 3604 γὰρ
1700 3529 1932 3602 αἱρέσεις

275 3619 368 3674 καὶ
419 3619 574 3677 οὗτοι
624 3614 1113 3694 διαμαχεσάμενοι,
1143 3619 1242 3686 τήν
1288 3617 1581 3692 Νεστορίου
1630 3617 1720 3673 καὶ
1769 3616 1934 3674 Εύτυ-

283 3711 442 3783 χοῦς,
479 3705 862 3783 ἐδογμάτισαν.
887 3704 1041 3762 Ἀλλ’
1073 3705 1247 3768 οὕτως
1280 3705 1392 3760 ἐστὶ
1422 3709 1702 3784 πανταχοῦ
1729 3703 1935 3786 τυφλόν

282 3797 372 3852 καὶ
427 3797 610 3876 κωφὸν
659 3798 694 3866 ἡ
745 3790 984 3868 ἀσέϐεια,
1033 3795 1123 3850 καὶ
1175 3793 1300 3851 οὔτε
1349 3793 1566 3871 βλέπειν
1624 3793 1762 3852 οἶδεν
1812 3795 1936 3851 οὔτε

285 3885 530 3958 ἀκούειν,
565 3883 679 3941 οὐδ’
729 3886 864 3960 ἅπερ
906 3885 1046 3956 αύτή
1096 3884 1274 3956 ἐκείνη
1323 3879 1721 3960 προϐάλλεται.
1769 3885 1834 3942 Ἦ
1879 3882 1936 3941 δὲ

282 3975 337 4032 έν
374 3973 698 4051 Καλχηδόνι
751 3973 974 4038 σύνοδος
1018 3975 1173 4036 εὐθὺς
1226 3975 1319 4048 μὶν
1369 3974 1680 4054 ἀρχομένη,
1731 3974 1764 4028 ἃ
1801 3976 1938 4030 κατά

283 4065 580 4141 Νεστορίου
633 4064 910 4141 Κύριλλυς
969 4065 1022 4120 έν
1076 4064 1284 4141 Ἐφέσῳ
1330 4062 1670 4140 διεπράξατο,
1717 4067 1934 4127 τούτοις

280 4157 346 4211 τὸ
385 4161 552 4229 κῦρος
594 4153 836 4224 ἐπέθετο,
869 4153 960 4209 καὶ
1009 4154 1104 4217 τὰς
1145 4154 1250 4228 πρὸ
1289 4154 1492 4224 ταύτης
1536 4151 1630 4209 δύο
1681 4151 1939 4218 συνόδους

281 4245 362 4308 εἰς
403 4247 530 4321 ὅρον
568 4243 781 4318 ἐδέξατο
833 4243 1092 4314 πίστεως,
1131 4244 1220 4300 καὶ
1265 4246 1484 4318 ’Ἄρειον
1524 4241 1581 4299 δὲ
1628 4243 1718 4300 καὶ
1759 4252 1936 4302 Max:-

279 4332 470 4390 δόνιον
517 4333 608 4389 καὶ
649 4335 940 4409 Νεστόριον
993 4333 1070 4407 τῷ
1110 4333 1256 4406 αὖτῷ
1298 4329 1584 4404 συνέδησεν
1623 4331 1936 4406 ἀναθέματι,

282 4426 376 4480 καὶ
416 4421 546 4486 τοὺς
578 4422 652 4486 είς
698 4423 830 4479 υἱῶν
860 4420 1030 4480 δυάδα
1065 4423 1127 4478 τὸ
1165 4428 1266 4492 τῆς
1305 4421 1622 4494 οἰκονομίας
1659 4420 1942 4478 διασπῶν-

279 4536 384 4577 τας
420 4515 742 4588 μυστήριον,
772 4511 958 4588 ὥσπερ
995 4512 1085 4568 καὶ
1113 4511 1242 4576 τοὺς
1283 4513 1532 4584 παθητὴν
1562 4515 1658 4566 τοῦ
1689 4519 1940 4589 Μονογε-

283 4607 416 4666 νοῦς
445 4601 766 4676 τολμῶντας
816 4601 994 4676 λέγειν
1037 4603 1136 4674 τήν
1185 4600 1438 4677 θεότῃτα,
1482 4597 1832 4673 καταδικάζει
1871 4597 1942 4656 δι’

2043 3529 2116 3586 ad
2149 3529 2295 3586 duas
2327 3527 2748 3595 haereses,ethi
2773 3531 3179 3600 oppugnantes
3202 3525 3696 3596 Nestoriiopinio-

2045 3633 2177 3676 nem
2197 3623 2256 3676 et
2277 3617 2572 3690 Eutyobis,
2595 3617 2979 3672 tradiderunt.
3003 3617 3110 3671 Sed
3134 3616 3354 3687 ubique
3381 3615 3522 3670 adeo
3544 3629 3698 3670 caeca

2044 3712 2134 3764 est
2163 3724 2228 3764 ac
2257 3708 2436 3764 surda
2465 3707 2754 3779 impieta,
2784 3710 2842 3760 et
2873 3721 3062 3777 neque
3104 3719 3341 3760 cernere
3369 3702 3692 3771 quidquam

2045 3797 2224 3864 novit,
2257 3810 2446 3866 neque
2476 3794 2700 3860 audire,
2724 3807 2913 3864 neque
2943 3808 3070 3864 qua
3103 3790 3204 3846 illa
3233 3789 3360 3862 ipsa
3393 3786 3686 3860 proponit.

2042 3883 2516 3941 Chalcedonense
2545 3880 2854 3938 concilium
2887 3881 3090 3938 statim
3123 3878 3314 3947 initio,
3339 3893 3466 3948 quae
3487 3879 3691 3933 contra

2046 3971 2376 4030 Nestorium
2405 3971 2611 4028 beatus
2636 3969 2892 4042 Cyrillus
2921 3967 3136 4040 Ephesi
3167 3967 3458 4032 tractavit,
3489 3967 3560 4020 iis
3593 3965 3690 4020 de-

2045 4065 2262 4120 cretam
2297 4061 2698 4118 auctoritatem
2747 4057 2991 4124 addidit,
3024 4063 3082 4113 et
3109 4063 3244 4112 ante
3273 4057 3377 4112 hoc
3409 4056 3555 4110 duas
3587 4055 3690 4108 ba.

2047 4153 2198 4210 bitas
2229 4151 2482 4222 synodos
2513 4155 2794 4220 tanquam
2818 4147 2948 4204 fidei
2984 4145 3348 4204 delinitrioes
3379 4143 3614 4215 recepit,
3635 4149 3693 4200 et

2045 4241 2274 4308 Arium,
2305 4239 2730 4304 Macedonium,
2762 4237 3096 4294 Nestorium
3139 4235 3344 4292 eodem
3398 4232 3696 4288 damnavit

2047 4329 2423 4388 anathemate
2447 4344 2462 4384 :
2487 4335 2540 4384 et
2561 4326 2746 4399 quiin
2769 4325 3022 4382 ﬁliorum
3055 4323 3398 4380 dualitatem
3431 4321 3698 4378 incarna-

2048 4419 2226 4478 tionis
2255 4422 2456 4475 secant
2487 4415 2854 4488 mysterium,
2887 4413 3386 4489 quemadmodum
3419 4411 3700 4468 audentes

2050 4513 2240 4570 dicere
2262 4509 2554 4584 Unigeniti
2577 4507 2940 4566 divinitatem
2975 4503 3300 4579 patibilem,
3323 4503 3540 4577 pariter
3557 4519 3700 4560 con-

2051 4602 2353 4671 demnant,
2375 4601 2455 4656 ita
2479 4605 2540 4656 et
2566 4599 2710 4655 duas
2740 4605 2874 4654 ante
2905 4595 3184 4653 unionem
3209 4593 3440 4650 Domini
3463 4599 3702 4650 naturas

285 4691 570 4764 ἰσότητος.
605 4693 704 4748 Ναὶ
742 4689 808 4762 δὴ
843 4693 932 4746 καὶ
969 4692 1096 4754 τοὺς
1131 4687 1226 4746 δύο
1273 4693 1367 4764 μὶν
1405 4691 1512 4766 πρὸ
1550 4697 1650 4762 τῆς
1691 4691 1925 4753 ὲνώσεωι

2047 4691 2666 4764 conﬁngentes,unam
2689 4691 2817 4758 post
2838 4686 3112 4742 unionem
3138 4685 3478 4752 formantes,
3496 4682 3699 4738 eadem

285 4783 480 4862 φύσεις
527 4787 628 4838 τοῦ
689 4780 888 4858 Κυρίου
934 4782 1291 4856 μυθεύοντας,
1345 4781 1470 4855 μίαν
1513 4778 1572 4836 δὶ
1639 4783 1772 4855 μετὰ
1834 4783 1934 4850 τήν

281 4871 484 4930 ’ἕνωσιν
538 4871 986 4936 ἀναπλάττοντας
1037 4877 1155 4934 τοῖς
1213 4871 1404 4934 αὐτοῖς
1447 4869 1759 4950 συνέσφιγξε
1812 4873 1936 4947 βρό-

285 4983 422 5040 χοις
445 4965 547 5018 τοῦ
575 4961 932 5035 ἃναθὲματος.
955 4964 1144 5036 ’Ὠρισε
1173 4959 1250 5031 δὲ,
1273 4962 1514 5038 καθάπερ
1541 4963 1630 5018 καὶ
1669 4964 1725 5017 αἱ
1754 4963 1803 4998 ⁵³
1833 4963 1938 5038 πρὸ

283 5053 484 5122 αὐτῆς,
561 5048 769 5122 Μηδενὶ
847 5049 1042 5122 ἐξεῖναι
1116 5050 1299 5108 πίστιν
1374 5051 1558 5126 ἑτέραν
1627 5053 1935 5128 προφέρειν,

281 5141 464 5218 ἤγουν
527 5141 855 5218 συγγράφειν
895 5139 930 5210 ἢ
991 5141 1292 5196 συντιθέναι
1331 5141 1366 5210 ἢ
1426 5147 1640 5218 φρονεῖν
1701 5146 1824 5215 παρ’
1879 5142 1940 5212 ἢν

277 5227 614 5306 παρέδωκαν
653 5227 688 5302 ἤ
746 5251 804 5286 τε
845 5231 1038 5306 πρώτη
1079 5229 1168 5284 καὶ
1227 5233 1262 5300 ἡ
1321 5226 1542 5307 δευτέρα
1588 5229 1942 5304 οἰκουμενικὴ

353 5352 368 5392 i
409 5347 460 5404 Il
491 5349 622 5406 Cor.
658 5364 700 5418 ι,
735 5347 820 5404 18.
893 5347 914 5404 i
957 5345 1110 5405 Psai.
1143 5361 1222 5416 ιχ,
1253 5349 1308 5402 5.

2049 4781 2326 4853 compede
2355 4776 2726 4849 constringit.
2757 4774 3034 4834 Deﬁnivit
3081 4781 3294 4838 autem,
3327 4769 3704 4845 quemadmo-

2045 4876 2187 4931 dum
2245 4890 2374 4946 quas
2430 4876 2564 4928 ante
2619 4870 2772 4928 hanc
2829 4869 3144 4942 synodum,
3187 4869 3400 4924 nemini
3446 4867 3536 4936 fas
3583 4877 3700 4920 esse

2047 4965 2222 5022 aliam
2241 4963 2488 5036 proﬁteri
2511 4961 2696 5033 ﬁdem,
2727 4960 2838 5016 hoc
2865 4965 2957 5016 est
3001 4958 3390 5024 conscribere,
3419 4954 3506 5012 vel
3535 4969 3695 5010 com«

2051 5069 2284 5126 ponere,
2315 5051 2406 5110 vel
2433 5051 2672 5118 sentire,
2707 5053 2912 5122 praeter
2941 5063 3122 5120 quam
3151 5045 3395 5104 tradidit
3426 5043 3619 5116 prima
3639 5049 3697 5098 et

2053 5143 2310 5200 secunda
2337 5141 2600 5213 synodus
2630 5137 2937 5210 generalis.
2963 5135 3072 5202 Qui
3096 5151 3230 5193 vero
3260 5134 3510 5191 audeant
3537 5131 3696 5190 aliud

2053 5231 2359 5306 symbolon
2381 5234 2592 5304 prater
2613 5229 2722 5286 hoc
2743 5228 3000 5286 scribere
3019 5225 3108 5283 vel
3131 5225 3359 5294 docere,
3383 5222 3483 5297 qui
3503 5222 3702 5280 volunt

1653 5471 1894 5530 νΑιιυε
1923 5470 2227 5530 LECTION
2235 5469 2332 5528 ES.

352 5573 404 5609 ⁸³
435 5573 539 5628 τοῦ
571 5567 744 5678 λόὲγου
778 5571 970 5626 ἒυώσει
1001 5570 1085 5666 ς’.
1161 5569 1208 5607 ⁴³
1239 5565 1412 5638 ἄλλη]
1438 5565 1566 5624 ἀλλ’
1595 5569 1630 5638 ἡ
1661 5572 1728 5627 Α.
1807 5573 1852 5607 ⁴⁴
1882 5572 2086 5628 ἑαυτῶν
2129 5569 2212 5646 ς’.
2289 5568 2338 5604 ⁴⁵
2365 5565 2674 5643 περιθέντες
2711 5565 2774 5642 ς·
2781 5612 2795 5626 .
2871 5567 2919 5605 ⁴⁶
2947 5563 3110 5627 αύτάς
3141 5565 3417 5638 Scaliger.
3495 5563 3540 5598 ⁵⁷
3569 5560 3710 5618 καὶὸ

353 5645 412 5678 ...ν
443 5643 508 5678 r-
610 5644 632 5678 4
689 5644 986 5678 ...μυλωέη
1019 5639 1332 5678 ..-ΜΛ-...υ
1364 5639 1426 5678 Γ·
1523 5642 1568 5678 u
1595 5642 1694 5678 με..
1727 5641 1845 5678 οι...
1889 5643 2247 5678 mummium
2305 5639 2422 5678 at...
2453 5638 2544 5678 νηδ
2587 5638 2648 5678 m’.
2677 5657 2744 5678 φη
2801 5641 2864 5678 Γ·
2959 5637 3007 5676 50
3034 5635 3152 5678 ..ηιμ-Ἰ
3182 5635 3276 5678 ante
3313 5635 3398 5678 vi":
3439 5633 3518 5678 6",
3599 5635 3645 5672 δι
3679 5633 3709 5678 8

271 5643 572 5718 κατ-ἔζη,

269 5715 452 5773 τις.

381 5711 482 5792 :1-
533 5715 580 5750 ⁵³
610 5711 776 5787 ἡμῶν
967 5717 1012 5752 ⁵⁸
1043 5715 1122 5787 αἱ]
1143 5711 1182 5767 ’ὅ
1215 5731 1300 5787 pr.
1334 5711 1402 5770 ΑῙ

533 5715 580 5750 ⁵³
610 5717 645 5784 ἡ
655 5715 776 5787 μῶν

689 5633 1448 5792 τεροξειτάξῇτῖγφόαινιινξυ
1523 5642 1568 5678 ⁴⁹
1595 5633 1694 5710 έῆν
1727 5641 1845 5718 βίαν
1888 5633 2268 5703 Ηωεοὴθῆυε.
2305 5639 2422 5718 βίον
2437 5633 2546 5694 ’καὶ
2587 5638 2648 5695 οὐ
2677 5633 2767 5696 τό.
2801 5641 2882 5717 ς’.
2959 5637 3007 5676 ⁵ο
3034 5635 3152 5710 τὰς]
3182 5635 3276 5696 τὰς
3298 5633 3401 5691 Ὲιαὶ
3439 5633 3522 5710 ς’.
3599 5635 3645 5672 5|
3679 5633 3709 5686 ὅ

689 5735 776 5770 μων
875 5757 890 5772 .
1043 5735 1076 5769 α
1215 5731 1300 5787 pr.
1391 5755 1402 5768 .
