4154 6218
492 381 646 440 1007

1702 376 1966 436 PHOTII
2014 374 2553 435 PATRIARCH/E
2597 375 2715 434 ΟΡ.

3736 377 3898 436 1008

487 517 741 569 converti
773 529 838 568 ex
868 511 1174 567 Judaismo
1223 515 1280 567 et
1308 509 1676 576 cthnicismo,
1710 510 2132 580 cujuscumque

2250 504 2375 579 ἁγία
2405 501 2629 564 σύνοδος
2666 521 2678 535 ·
2713 502 2840 565 τοῦς
2871 501 2927 558 δὲ
2955 501 3278 577 τολμῶντας
3307 501 3505 580 ’έτερων
3552 508 3683 580 παρ’
3721 505 3902 561 έκεῖνο

485 602 718 657 tandem
743 607 933 667 secta,
956 599 1167 670 privari
1184 597 1486 671 episcopos
1505 599 1744 669 quidem
1771 603 1873 654 aut
1892 597 2132 655 clericos

483 690 786 760 dignitate,
803 687 1120 744 monachos
1139 704 1275 744 vero
1295 692 1395 744 aut
1417 686 1594 743 laicos
1616 685 2131 743 excommunicari.

2243 589 2524 668 σύμϐολον
2576 594 2900 672 συγγράφειν
2946 594 2982 664 ἦ
3038 589 3308 648 διδάσκειν
3372 593 3500 656 τοὺς
3531 595 3578 630 ⁵⁴
3636 595 3901 657 θέλοντας

2244 681 2579 761 ἐπιστρέφειν
2612 682 2662 754 ἐξ
2710 679 3062 755 Ἰουδαϊσμοῦ
3101 680 3136 750 ἦ
3198 680 3575 757 Ἑλληνισμοῦ
3619 680 3794 760 ἤγουν
3849 683 3902 754 ἑξ

480 779 742 850 αἱρέσεως
789 774 1216 848 οἱασδηποτοῦν,
1257 775 1594 838 ἐπισκόπους
1645 776 1738 848 μὲν
1767 773 1803 844 ἢ
1851 772 2157 849 κληρικοῦς
2193 769 2351 835 ὄντας
2400 771 2826 846 ἀλλοτριοῦσθαι
2875 777 2973 828 τοῦ
3017 772 3351 845 ἀξιώματος,
3403 775 3530 844 [817
3578 775 3679 846 R.]
3730 777 3908 847 μονά-

482 873 672 937 ζοντας
703 863 761 922 δὶ
798 865 832 935 ἢ
866 862 1093 927 λα’ίκοῦς
1123 865 1628 938 ἀναθεματίζεσθαι.

552 958 684 1014 Hec
716 958 829 1014 fere
859 974 894 1013 a
925 956 1114 1014 Leone
1144 957 1419 1030 pontiﬁce
1449 956 1602 1012 dicta
1628 960 1770 1013 sunt
1797 955 1855 1011 in
1887 955 2134 1028 epistola

480 1049 550 1104 ad
579 1046 923 1103 Flavianum
953 1045 1568 1118 Constantinopoleos,
1595 1046 1806 1118 quibus
1827 1045 1979 1100 clare
2007 1044 2133 1116 ejus

479 1138 667 1210 pietas
698 1135 996 1204 elucescit,
1018 1140 1076 1192 et
1104 1135 1320 1192 ibidem
1351 1135 1758 1190 adhortatione
1787 1139 1963 1207 atque
1992 1150 2133 1190 con-

479 1227 612 1283 silio
629 1240 958 1282 sermonem
980 1223 1222 1291 claudit,
1237 1241 1335 1281 eos
1353 1225 1453 1296 qui
1475 1223 1783 1296 epistolam
1804 1222 2129 1293 suscepturi

479 1321 639 1382 sunt,
672 1315 992 1373 adhortans
1041 1319 1107 1370 ut
1153 1330 1403 1372 errorem
1455 1313 1774 1386 deponant,
1802 1317 1859 1368 et
1901 1311 2131 1384 piorum

479 1404 836 1462 sententiam
887 1403 1337 1478 amplectantur.
1370 1401 1461 1459 Sic
1494 1403 1729 1473 quidem
1761 1401 1911 1457 libro
1941 1401 2127 1457 tertio.

549 1675 832 1740 Quartum
865 1685 996 1728 vero
1027 1672 1098 1727 ad
1127 1669 1382 1727 Orientis
1425 1666 1745 1724 monachos
1793 1664 2130 1731 elaboravit,

2314 955 2484 1006 Ταῦτα
2531 952 2694 1007 εἰπὼν
2745 952 2834 1007 καὶ
2894 954 2996 1026 ῥητ
3055 953 3187 1022 ἁτῆς
3239 950 3533 1020 ἐπιστολῆς
3585 955 3684 1008 τοῦ
3740 953 3897 1008 πάπα

2244 1038 2470 1101 Λέοντος
2509 1045 2610 1108 τῆς
2668 1040 2807 1113 πρὸς
2861 1035 3180 1095 Φλαειανὸν
3235 1040 3329 1094 τὸν
3385 1042 3900 1096 Κωνσταντινουπόο

2241 1126 2385 1190 λεως
2431 1127 2810 1202 παρατίθησιν,
2857 1126 2909 1182 έν
2962 1131 3046 1191 οἷς
3097 1127 3263 1183 αὐτοῦ
3314 1126 3545 1204 λαμπρᾶ
3593 1125 3899 1202 διαλάμπει

2241 1217 2276 1284 ἡ
2320 1211 2585 1276 εὐσέϐεια.
2638 1219 2888 1272 Κᾶκεῖθεν
2939 1216 3016 1279 εἰς
3064 1219 3375 1291 παραίνεσιν
3426 1217 3515 1270 καὶ
3565 1214 3896 1291 συμϐουλήν

2242 1303 2517 1380 συγκλείει
2570 1307 2662 1361 τὸν
2722 1306 2911 1382 λόγον,
2973 1309 3294 1379 μεταθέσθαι
3341 1313 3444 1376 τῆς
3501 1305 3720 1378 πλάνης
3769 1307 3902 1371 τοῦς

2239 1390 2570 1468 δεχομένους
2621 1395 2719 1462 τήν
2777 1393 3072 1463 ἐπιστολὴν
3122 1392 3461 1471 παρακαλῶν
3519 1396 3611 1450 καὶ
3670 1397 3754 1466 τῷ
3804 1403 3904 1465 τῆς

2240 1477 2519 1544 εὐσεϐείας
2571 1484 2902 1560 συναφθῆναι
2953 1484 3286 1558 φρονήματι.
3320 1484 3481 1540 Οὕτω
3532 1483 3628 1557 μὶν
3658 1483 3750 1538 καὶ
3792 1485 3822 1539 ὁ
3854 1487 3904 1559 γ’

2241 1568 2430 1644 λόγος.

2311 1661 2464 1714 Ἔστι
2513 1657 2570 1715 δὲ
2612 1660 2702 1716 καὶ
2753 1661 2782 1714 ὁ
2831 1657 2878 1714 δ’
2926 1659 3077 1732 αὐτῷ
3128 1660 3507 1731 πεπονημένος
3552 1662 3692 1738 πρός
3747 1681 3900 1723 τινας

481 1761 949 1832 Deopassitarum
969 1758 1172 1815 haresi
1196 1758 1460 1824 infectos,
1477 1771 1724 1828 quorum
1750 1770 1955 1823 unum,
1971 1753 2132 1810 facile

2245 1748 2608 1814 ἀνατολικους
2643 1751 2946 1828 μοναχοῦς,
2983 1753 3107 1820 [429
3136 1753 3231 1824 H.j
3262 1755 3330 1827 τῇ
3362 1752 3501 1827 αὐτῇ
3529 1758 3638 1808 τῶν
3680 1760 3903 1810 6201:1-

477 1849 658 1906 falsas
685 1848 1127 1905 criminationes
1158 1847 1494 1915 ostendens,
1516 1845 1762 1901 crimine
1788 1861 1847 1900 se
1876 1847 2127 1915 purgat;

474 1955 623 2011 quos
641 1938 715 1994 ab
740 1937 1008 1994 haeretica
1027 1936 1301 2009 opinione
1323 1938 1570 1991 conatur
1590 1939 1865 1999 avertere,
1880 1932 1952 1988 de
1973 1935 2131 1988 recta

477 2029 591 2084 ﬁde
621 2026 919 2098 proferens
947 2024 1306 2093 testimonia,
1330 2023 1545 2095 quibus
1577 2030 1630 2077 et
1658 2022 1852 2078 261a
1880 2020 1939 2076 in
1972 2020 2128 2092 prio-

476 2117 638 2172 ribus
689 2132 831 2172 usus
885 2119 991 2177 est,
1040 2113 1364 2181 Athanasii,
1397 2111 1706 2182 Ambrosii,
1735 2110 1956 2184 (lyrilli,
1987 2109 2130 2166 alio-

477 2221 728 2276 rumque
757 2205 1020 2271 Patrum,
1044 2203 1258 2275 quibus
1281 2202 1598 2257 Dominum
1631 2205 1899 2257 nostrum
1930 2200 2131 2256 lesum

487 2295 784 2352 Christum
810 2297 869 2350 in
891 2293 1194 2350 divinitate
1220 2301 1275 2348 et
1295 2291 1660 2348 humanitate
1683 2291 1995 2362 perfectum
2024 2289 2134 2344 cla-

487 2383 718 2440 rissime
747 2382 1020 2449 ostendit,
1039 2397 1290 2454 quorum
1316 2395 1500 2436 unum
1523 2385 1608 2436 est
1638 2377 1824 2436 sancti
1844 2376 2133 2434 Ambrosii

488 2472 835 2529 confessoris
865 2469 1174 2528 Mediolani
1203 2469 1479 2541 episcOpi,
1500 2469 1648 2541 quod
1673 2467 1732 2523 in
1755 2465 1902 2523 libro
1935 2465 2133 2523 Contra

489 2561 903 2634 Apollinarium
933 2561 1206 2633 produxit
1239 2561 1344 2616 hoc
1375 2559 1544 2614 modo
1571 2575 1582 2612 :
1618 2557 1718 2613 Sed
1748 2557 1808 2612 in
1847 2560 2132 2629 quantum,

485 2652 693 2724 inquit,
725 2651 820 2708 hos
848 2667 1187 2716 accusamus,
1217 2648 1545 2722 prodierunt
1575 2647 1682 2702 alii
1710 2646 1977 2702 dicentes:
1999 2647 2132 2702 Cor-

482 2759 586 2815 pus
618 2741 834 2798 Domini
859 2749 912 2797 et
941 2739 1312 2806 divinitatem,
1344 2737 1510 2794 unius
1541 2745 1776 2794 naturae.
1803 2737 1848 2792 0
1875 2734 2131 2808 blasphe-

484 2830 658 2884 miam
687 2844 760 2884 ex
789 2829 1013 2884 Tartaro
1043 2830 1388 2884 cruciatam!
1421 2827 1618 2880 Ariani
1645 2827 1796 2880 enim
1823 2823 1989 2896 paulo
2018 2840 2132 2878 ma-

484 2917 568 2988 gis
597 2916 823 2990 ferendi
851 2925 999 2985 sunt,
1031 2933 1263 2987 quorum
1307 2930 1468 2971 error
1505 2929 1606 2983 per
1633 2913 1727 2968 hos
1755 2913 2128 2983 conﬁrmatur,

484 3009 733 3076 Patrem,
789 3009 1010 3074 Filium,
1056 3010 1108 3062 et
1159 3006 1430 3076 Spiritum
1483 3012 1757 3070 sanctum,
1809 3019 1920 3058 nan
1963 2999 2134 3058 unius

481 3103 702 3151 naturae
731 3101 1049 3152 asserentes.
1075 3093 1530 3166 Quandoquidem
1556 3093 1764 3149 Christi
1779 3091 2132 3148 divinitatem

480 3193 535 3240 et
575 3200 822 3253 carnem,
868 3200 1039 3239 unam
1081 3183 1290 3238 dicunt.
1335 3182 1521 3254 Hujus
1579 3181 1766 3238 sancti
1808 3181 1915 3238 viri
1959 3180 2133 3237 verba

480 3273 660 3328 etiam
693 3277 1078 3343 perstrenuus
1097 3271 1344 3344 Cyrillus
1365 3275 1569 3328 contra
1585 3270 1921 3329 Nestorium
1955 3269 2134 3325 addu-

480 3361 579 3430 cit,
609 3360 824 3432 quibus
846 3361 1094 3432 dignum
1125 3376 1258 3416 eum
1294 3360 1405 3416 ﬁde
1426 3367 1478 3416 et
1509 3359 1921 3416 admirandum
1951 3359 2130 3415 ducit.

484 3452 634 3508 Dicit
666 3467 800 3507 vero
830 3457 888 3507 et
915 3451 1068 3507 idem
1101 3451 1352 3524 Cyrillus
1382 3450 1586 3507 multis
1627 3451 1818 3507 modis
1862 3449 2131 3521 pietatem

484 3541 868 3597 corroborans
898 3540 959 3596 in
991 3540 1138 3597 libro
1186 3541 1259 3597 De
1303 3539 1410 3612 ﬁde
1429 3558 1448 3595 :
1472 3541 1730 3597 Solutum
1760 3545 1838 3596 est
1869 3540 2134 3611 templum

482 3639 721 3702 tempore
741 3630 1022 3688 triduana:
1049 3631 1353 3702 sepulturae
1382 3631 1483 3688 illo
1516 3630 1748 3686 volente.
1780 3629 1849 3685 Et
1878 3628 2091 3684 iterum
2115 3643 2130 3683 :

451 3723 829 3788 :Besurresrit,
868 3732 921 3778 et
967 3721 1190 3778 unitum
1237 3725 1314 3777 est
1368 3723 1476 3793 ipsi
1529 3721 1697 3776 Verbo
1750 3719 2131 3792 ineﬂ‘abiliter,

479 3815 658 3870 tribus
677 3813 870 3870 diebus
898 3829 1010 3870 non
1038 3814 1101 3869 in
1124 3814 1225 3870 illo
1256 3814 1510 3884 mistum,
1540 3813 1625 3869 uel
1653 3827 1820 3867 carne
1850 3811 2131 3883 indutum,

479 3904 572 3960 sed
621 3906 680 3960 in
710 3920 768 3960 se
797 3919 1020 3960 servans
1065 3903 1416 3975 incon/usam
1464 3904 1854 3975 proprietatem
1898 3911 2134 3960 natura-

481 4009 628 4061 rum,
661 4009 780 4065 quz
829 3992 1058 4049 diversa
1097 3996 1256 4048 erant
1303 3993 1568 4049 essentia.
1601 3992 1672 4048 Et
1701 4009 1936 4049 rursum
1983 4007 2134 4049 com-

487 4084 768 4139 mentario
799 4083 860 4138 in
891 4082 1231 4139 Mattbaaum
1265 4081 1416 4138 libro
1446 4082 1468 4138 Ι
1493 4099 1507 4138 :
1540 4082 1663 4141 Nisi
1689 4084 1936 4140 sciuisset
1966 4100 2000 4139 a
2029 4083 2133 4140 Deo

488 4173 678 4244 infusa
722 4172 1031 4244 Scriptura,
1062 4171 1339 4228 hominem
1368 4181 1418 4228 et
1446 4173 1637 4242 Deum,
1672 4172 1948 4230 Christum
1995 4188 2134 4244 esse,

487 4261 595 4318 etsi
618 4278 763 4318 unus
796 4266 846 4317 et
874 4263 1026 4317 idem
1051 4261 1474 4332 intelligeretur.
1498 4261 1709 4318 Tribuit
1727 4261 2136 4334 igitursanctus

485 4350 822 4421 evangelista
840 4353 1104 4422 tanquam
1125 4350 1428 4423 unicuique
1445 4354 1594 4424 parti
1614 4353 1899 4420 decorum,
1922 4352 2136 4408 clarum

481 4441 530 4493 et
561 4439 921 4511 incon/usum
949 4441 1205 4512 mysterii
1226 4455 1534 4496 sermonem
1562 4456 1811 4497 servans.
1842 4441 1980 4496 Nam
2021 4440 2136 4496 haec

483 4525 703 4599 quidem
729 4529 954 4601 propria
981 4545 1094 4587 esse
1122 4529 1306 4598 scivit,
1328 4537 1380 4586 et
1409 4531 1795 4586 convenientia
1824 4529 2136 4587 humanita-

481 4617 553 4672 tis
581 4617 871 4674 terminis:
901 4619 1002 4674 illa
1030 4634 1156 4675 vero
1184 4619 1532 4676 excellentiae
1560 4618 1864 4690 ine/rabilis
1892 4618 2132 4677 deitatis.

485 4705 632 4778 Ergo
665 4722 779 4762 non
811 4706 1003 4764 solum
1036 4709 1183 4764 duas
1229 4713 1492 4775 naturas,
1524 4707 1626 4764 sed
1657 4713 1715 4763 et
1745 4708 1889 4762 duas
1931 4724 2134 4780 opera-

478 4795 670 4852 tiones
701 4794 948 4870 Cyrillus
976 4797 1308 4865 conﬁtetur,
1335 4802 1398 4853 ut
1419 4797 1480 4853 in
1515 4796 1809 4853 Thesauri:
1835 4797 2132 4870 loquitur;

481 4886 597 4942 Non
629 4888 779 4942 enim
818 4886 1298 4943 incommutabiles
1344 4889 1580 4944 virtutes
1607 4891 1659 4944 et
1684 4889 2024 4958 operationes
2064 4887 2136 4943 ad

481 4991 545 5031 ea
575 4992 696 5049 quas
723 4977 956 5032 alterius
994 4975 1376 5047 generationis
1403 4980 1456 5032 et
1483 4979 1736 5034 essentia:
1763 4977 2034 5050 producit.
2067 4978 2137 5034 Et

477 5081 746 5120 rursum:
781 5064 1246 5135 Quemadmodum
1294 5070 1610 5136 separatam
1653 5066 1852 5124 habent
1879 5069 2136 5125 essentia

478 5153 567 5208 uel
595 5155 880 5226 qualitatis
909 5157 1211 5224 rationem,
1242 5157 1322 5211 sic
1349 5163 1402 5211 et
1443 5155 1722 5212 diversam
1766 5157 2138 5230 operationem

478 5246 720 5299 servant.
755 5243 822 5299 Et
850 5242 1099 5300 iterum:
1133 5249 1254 5302 Non
1286 5244 1435 5301 enim
1468 5261 1640 5302 unam
1669 5262 1800 5304 sane
1840 5263 1950 5304 esse
1977 5257 2138 5304 natu-

481 5329 655 5386 ralem
685 5331 1064 5403 operationem
1092 5332 1352 5390 dabimus
1375 5335 1475 5390 Dei
1492 5339 1542 5391 et
1572 5339 1857 5402 creaturae,
1877 5339 1940 5394 ut
1967 5353 2140 5410 neque

2241 1843 2448 1913 σχιτῶν
2475 1839 2886 1919 κατεχομένους
2917 1838 3144 1916 αἱρέσει.
3176 1846 3270 1897 Ὧν
3313 1840 3724 1917 έγκαλεσάντων
3757 1843 3903 1913 τενᾶ,

2241 1926 2442 2001 ῥᾳδίως
2490 1931 2587 2002 μὲν
2619 1931 2715 1992 τὰς
2763 1928 3054 2005 έγκλήσεις
3105 1929 3325 2006 ψευδεῖς
3372 1929 3643 2002 ἐπιδείξας
3688 1933 3754 1988 τὸ
3808 1930 3898 2008 ἔγ-

2239 2015 2436 2090 κλημα
2492 2017 2790 2075 ἀπολύεται
2823 2021 2890 2090 ⁵⁵,
2921 2024 3174 2094 πάραινεῖ
3229 2017 3286 2075 δὲ
3333 2021 3426 2076 καὶ
3481 2021 3681 2082 αὐτοὺς
3732 2043 3900 2096 μετα-

2241 2105 2420 2161 θέσθαι
2456 2112 2559 2176 τῆς
2615 2109 2894 2183 αἱρετικῆς
2937 2105 3118 2180 δόξης,
3167 2107 3344 2187 φέρων
3408 2110 3539 2184 ὑπὲρ
3593 2115 3692 2165 τοῦ
3734 2111 3901 2184 ὀρθοῦ

2243 2192 2515 2268 δῦγματος
2577 2198 2874 2274 μαρτυρίας
2925 2201 3017 2262 αἷς
3071 2199 3161 2254 καὶ
3219 2199 3272 2254 έν
3320 2204 3400 2273 τῷ
3455 2199 3689 2276 πρόσθεν
3746 2199 3901 2274 λόγῳ

2242 2286 2543 2362 ἐχρήσατο,
2591 2289 2909 2346 Ἀθανασίου
2963 2289 3020 2345 τέ
3068 2311 3212 2367 φημι
3278 2291 3367 2345 καὶ
3417 2286 3759 2366 Ἀμϐροσίου
3809 2291 3902 2346 καὶ

2247 2377 2528 2453 Κυρίλλου
2555 2381 2648 2436 καὶ
2694 2384 2806 2437 τῶν
2838 2381 3000 2456 ἁγίων
3056 2382 3333 2457 Πατέρων,
3365 2379 3434 2437 δι’
3463 2383 3538 2436 ὧν
3565 2382 3659 2437 τὸν
3698 2383 3899 2460 Κύριον

2242 2467 2406 2540 ἡμῶν
2435 2470 2645 2541 Ἰησοῦν
2691 2471 2918 2545 Χριστὸν
2967 2471 3018 2526 έν
3055 2472 3270 2543 θεότητι
3317 2471 3524 2527 τέλειον
3573 2473 3664 2528 καὶ
3721 2471 3776 2528 έν
3817 2473 3906 2528 ἀν·

2244 2557 2558 2630 θρωπότητι
2587 2559 2798 2616 τέλειον
2843 2557 3136 2635 διαπρυσίᾳ
3166 2564 3236 2635 τῇ
3279 2564 3434 2636 φωνῇ
3464 2561 3801 2636 ἆνεκήρυξαν
3837 2564 3902 2620 ⁵⁸.

2241 2648 2346 2706 Ὧν
2376 2646 2488 2702 ἐστι
2524 2649 2624 2720 μία
2673 2646 2764 2702 καὶ
2794 2649 2830 2718 ἡ
2887 2651 2984 2703 τοῦ
3041 2647 3093 2703 ἐν
3126 2649 3301 2723 ἁγίοις
3376 2645 3740 2725 Ἀμόροσίου,
3775 2649 3884 2706 έπι-

2242 2738 2449 2793 σκόπου
2479 2733 2828 2792 Μεδιολάνων
2874 2737 2965 2792 καὶ
2999 2735 3376 2812 ὁμολογητοῦ,
3414 2740 3475 2807 ἣν
3525 2737 3578 2793 έν
3627 2743 3710 2812 τῷ
3760 2740 3899 2795 κατᾶ

2241 2826 2631 2903 Ἀπολιναρίου
2671 2823 2827 2904 λόγῳ
2874 2827 3157 2903 παρέθετο,
3205 2823 3410 2904 ἔχουσα
3452 2828 3631 2892 οὕτως
3662 2846 3680 2862 ⁸
3730 2829 3902 2887 Ἀλλ’

2241 2917 2294 2974 έν
2351 2919 2482 2992 ὅσῳ,
2557 2917 2712 2992 φησὶ,
2793 2917 3022 2979 τούτους
3078 2919 3121 2955 ⁸⁷
3200 2916 3524 2994 ἐλέγχομεν,
3585 2919 3896 2998 ἀνεφύησαν

2239 3003 2414 3084 ἕτεροι
2474 3005 2726 3082 λέγοντες
2777 3007 2840 3061 τό
2895 3027 2954 3062 τε
3017 3011 3176 3082 σῶμα
3233 3011 3328 3064 τοῦ
3386 3006 3588 3079 Κυρίου
3645 3008 3736 3062 καὶ
3791 3012 3899 3079 τήν

2162 3067 2204 3136 C
2242 3095 2474 3166 θεότητα
2526 3099 2652 3170 μιᾶς
2706 3093 2937 3176 φύσεως.
3003 3100 3173 3158 Ποῖος
3229 3094 3404 3168 ’ᾍδης
3459 3097 3561 3167 τήν
3615 3097 3893 3169 τοσαύτην

2240 3186 2501 3261 ἠρεύξατο
2578 3182 2985 3264 βλασφημίανς
3064 3185 3334 3261 Ἀρειανοὶ
3389 3187 3494 3262 γαρ
3568 3184 3680 3257 ἤδη
3758 3209 3899 3266 τυγ-

2241 3275 2507 3351 χάνουσιν
2565 3270 2932 3350 ἆνεκτότεροι,
2991 3275 3066 3329 ὧν
3121 3276 3157 3345 ἡ
3224 3274 3445 3331 ἀπιστία
3516 3273 3606 3330 διὰ
3661 3275 3897 3337 τούτους

2240 3365 2555 3442 κρατύνεται
2621 3363 2825 3438 μείζονι
2857 3367 2900 3402 ⁵³
2957 3363 3265 3444 φιλονεικίᾳ
3335 3364 3547 3442 Πατέρα
3621 3367 3711 3421 καὶ
3770 3367 3900 3423 my

2239 3454 2330 3509 καὶ
2389 3456 2540 3530 ἅγιον
2597 3459 2818 3529 Πνεῦμα
2879 3461 3007 3528 μιᾶς
3075 3453 3260 3518 οὐσίας
3331 3455 3406 3529 μὴ
3475 3455 3682 3533 λέγειν,
3745 3454 3898 3513 ἐπει-

2243 3540 2417 3618 δήπερ
2483 3543 2633 3599 οὗτοι
2701 3545 2800 3614 τήν
2875 3542 3107 3615 θεότητα
3197 3547 3293 3599 τοῦ
3353 3543 3554 3619 Κυρίου
3619 3545 3714 3600 καὶ
3793 3550 3896 3616 τὴν

2243 3633 2414 3709 σάρκα
2456 3633 2584 3707 μίαν
2642 3631 2926 3709 ἐκήρυξαν.
2957 3637 3062 3689 Τοῦ
3119 3629 3177 3687 δὲ
3233 3633 3380 3707 ἱεροῦ
3438 3632 3643 3689 τούτου
3698 3633 3902 3710 ἀνδρὸς

2243 3729 2446 3798 χρῆσιν
2495 3722 2524 3776 ὁ
2571 3723 2872 3798 νικηφόρος
2904 3721 3181 3797 Κύρι).λος
3229 3723 3364 3776 κατὰ
3415 3721 3716 3797 Νεστορίου
3755 3745 3899 3798 προ-

2241 3815 2490 3890 ήνεγκεν,
2521 3812 2571 3884 έξ
2601 3814 2650 3851 ⁵⁸
2688 3814 2760 3868 ὧν
2793 3813 2958 3868 αὐτοῦ
2985 3813 3050 3868 τὸ
3098 3813 3407 3886 ἀξιόπιστον
3452 3813 3544 3869 καὶ
3587 3817 3902 3889 θαυμαστὸν

2242 3899 2628 3961 ἐπιδείκνυται.
2679 3901 2832 3979 Λέγει
2866 3899 2923 3958 δὲ
2968 3903 3059 3958 καὶ
3109 3904 3275 3966 αὐτὸς
3327 3903 3357 3958 ὅ
3405 3905 3562 3979 ἅγιος
3613 3904 3900 3980 Κύριλλος

2242 3990 2389 4048 ἄλλα
2415 4012 2475 4048 τε
2519 3990 2706 4048 πολλᾶ
2745 3991 3025 4064 κρατύνων
3072 3993 3172 4062 τήν
3225 3987 3520 4061 εὐσέϐειαν,
3571 3995 3663 4049 καὶ
3713 3993 3768 4050 ἒν
3818 4001 3902 4068 τῷ

2243 4083 2371 4158 Περὶ
2431 4081 2668 4146 πίστεως
2725 4079 2928 4157 λόγῳ·
2982 4079 3216 4137 Λέλυται
3279 4082 3376 4154 μέν
3434 4083 3462 4136 ὁ
3517 4085 3645 4146 ναὸς
3709 4105 3763 4140 εν
3821 4089 3904 4156 τῷ

2241 4174 2416 4246 καιρῷ
2473 4178 2576 4242 τῆς
2645 4169 2951 4247 τριημέρυυ
3023 4176 3198 4241 ταφῆς
3280 4169 3621 4246 βουλομένου
3710 4173 3904 4246 αὑτοῦ,

2241 4259 2333 4315 καὶ
2386 4259 2552 4316 πάλιν
2610 4258 2884 4331 ἀνέστησε,
2961 4259 3051 4315 καὶ
3119 4259 3304 4332 ἡνώθη
3373 4258 3521 4333 αύτῷ
3592 4261 3823 4339 ἀρρήτῳ
3854 4263 3906 4298 ⁸ο

2243 4347 2418 4426 λόγῷ,
2503 4354 2571 4424 τῇ
2628 4349 2918 4426 τριημέρῳ
2978 4347 3040 4403 οὗ
3107 4344 3443 4423 κεκραμένος
3516 4347 3570 4404 ἒν
3651 4349 3799 4424 αὖτῷ
3865 4353 3904 4420 ἢ

2245 4437 2787 4514 ἀποσεσαρκωμένος,
2869 4435 3017 4494 ἀλλὰ
3112 4439 3300 4508 σώζων
3389 4437 3442 4494 έν
3533 4439 3715 4512 ἑαυτῷ
3795 4445 3910 4496 τῶν

2246 4526 2341 4585 δύο
2437 4528 2645 4607 φύσεων
2731 4533 2840 4584 τῶν
2936 4526 3287 4604 έτεροουσίων
3389 4527 3698 4608 ἆσύγχυτον
3799 4533 3914 4602 τήν

2243 4616 2514 4690 ἲδιότητα.
2557 4619 2656 4674 Καὶ
2705 4618 2872 4673 πάλιν
2919 4615 2971 4672 έν
3016 4621 3096 4690 τῷ
3141 4617 3280 4674 κατὰ
3327 4619 3600 4676 Ματθαῖον
3641 4618 3917 4691 ὑπομνή-

2247 4727 2398 4781 ματι,
2434 4701 2641 4783 βιϐλίῳ
2685 4707 2732 4762 α’
2759 4725 2775 4741 ⁶
2827 4707 2980 4776 Πλὴν
3021 4704 3166 4762 οἶδεν
3199 4707 3227 4762 ὁ
3278 4704 3445 4784 λόγος
3489 4712 3583 4775 τῆς
3627 4708 3916 4763 θεοπνεύ-

2245 4817 2373 4852 στου
2435 4801 2653 4874 Γραφῆς
2711 4795 2996 4873 ἄνθρωπον
3059 4795 3185 4851 ὄντα
3241 4796 3333 4851 καὶ
3401 4796 3530 4852 Θεὸν
3587 4796 3679 4852 τὸν
3753 4804 3842 4866 Χρ
3862 4821 3912 4853 ι-

2245 4885 2392 4955 στὸν,
2443 4884 2488 4942 εἶ
2545 4885 2638 4941 καὶ
2697 4887 2780 4948 εἷς
2833 4890 3022 4942 νοοῖτο
3097 4884 3188 4941 καὶ
3247 4885 3276 4940 ὁ
3346 4884 3533 4949 αὐτός.
3609 4887 3913 4963 Ἀπονέμει

2242 4979 2527 5051 τοιγαροῦν
2582 4975 2612 5030 ὁ
2671 4975 2940 5049 μακάριος
2999 4971 3386 5051 εὖαγγελιστὴς
3441 4976 3506 5030 τὸ
3566 4976 3740 5032 οἱονεί
3795 4983 3909 5034 τῶν

2245 5069 2426 5141 μερῶν
2501 5064 2736 5140 ἑκατέρῳ
2808 5065 3038 5140 πρέπον,
3117 5063 3335 5134 ἀπλανῆ
3415 5065 3505 5120 καὶ
3587 5063 3914 5146 ἂσύγχυτον

2245 5159 2341 5212 τοῦ
2419 5155 2724 5230 μυστηρίου
2803 5151 3143 5230 διατηρήσας
3213 5154 3306 5210 τὸν
3383 5150 3572 5231 λόγον.
3651 5157 3731 5211 Τᾶ
3817 5160 3922 5232 μὶν

2243 5245 2346 5321 γὰρ
2404 5241 2593 5309 ἱδικῶς
2654 5241 2796 5300 οἶδεν
2852 5239 2982 5299 ὄντα
3036 5263 3096 5299 τε
3151 5243 3242 5300 καὶ
3297 5242 3570 5319 πρέποντα
3625 5250 3750 5307 τοῖς
3813 5255 3927 5320 τῆς

2249 5332 2668 5412 ἆνθρωπότητος
2730 5331 2972 5409 μέτροις,
3020 5333 3088 5388 τιὶ
3145 5329 3203 5389 δὲ
3257 5337 3376 5396 ταῖς
3437 5333 3749 5410 ὑπεροχαῖς
3815 5345 3929 5409 τῆς

1843 5491 2079 5550 VARI/ii
2120 5489 2538 5549 LECTIONES.

557 5639 600 5672 ⁸⁵
640 5637 767 5709 τοὺς
798 5639 888 5709 A_:
931 5635 1058 5709 τοὺς
1090 5633 1150 5690 δὲ

1360 5639 1415 5712 δεῖ
1438 5636 1575 5712 libri
1606 5633 1899 5712 ᾲποδύεται
1931 5639 2097 5712 cf._p.
2273 5655 2322 5712 ti
2345 5637 2435 5712 24.

2548 5637 2594 5712 ξε
2625 5634 2940 5708 ἀνεκήρυξε»
2975 5635 3056 5712 ς’,
3159 5633 3206 5669 57
3239 5631 3454 5695 τούτοις
3694 5636 3748 5673 ⁸⁸
3786 5637 3940 5700 libri

481 5730 637 5784 κρατ.
673 5707 747 5768 ὡς
783 5705 992 5780 μείζονι
1024 5707 1061 5764 f.
1096 5725 1153 5781 p.
1183 5705 1283 5763 251
1329 5709 1364 5763 h
1395 5711 1450 5763 7.
1525 5709 1576 5742 ⁵9
1607 5706 1658 5778 ἐξ
1692 5712 1735 5767 Α
1771 5726 1784 5764 :
1821 5708 1955 5763 εἶναι
1981 5705 2063 5784 ςῗ
2139 5709 2188 5745 ⁶⁰
2224 5708 2480 5786 ἀρρήτως
2511 5709 2594 5784 ς’.
