4138 6228
276 386 430 446 1009

1358 384 1897 446 BIBLIOTl-lE-CA.
1947 418 2018 428 —
2067 385 2238 446 COD.
2288 385 2598 447 CCXXIX.

3523 389 3682 482 ιοιο

275 518 556 597 ἂφράστου
605 518 882 587 θεότητος.
923 515 996 572 Ού
1045 517 1207 590 μόνον
1254 513 1310 572 δὲ
1367 514 1464 572 δύο
1515 517 1700 591 φύσεις
1749 519 1776 572 6
1829 515 1930 574 Κύ-

2043 521 2258 591 aliquid
2302 529 2547 575 creatum
2582 519 2653 575 ad
2685 519 2931 575 divinam
2979 520 3270 577 essentiam
3320 520 3508 578 26lb
3549 523 3688 590 refe-

274 604 469 678 ριλλος
501 606 646 662 ἀλλά
691 613 780 659 καί
813 601 910 660 δύο
961 602 1234 681 ἐνεργείας
1281 604 1560 679 κηρύττει,
1596 606 1671 670 ὡς
1717 605 1770 661 ἐν
1814 612 1932 668 τοῖς

272 700 565 769 θνσαυροῖς
627 693 824 769 λέγει’
883 691 1054 752 Οὐδὲν
1104 693 1208 770 γάρ
1273 695 1384 749 τῶν
1453 690 1623 750 ὅντων
1680 697 1818 768 πρὸς
1869 697 1933 751 τὸ

274 785 578 862 ἓτερογενῗες
657 785 747 840 καὶ
818 783 1159 861 ἱτερουύσιον
1231 786 1328 846 τὰς
1428 786 1593 848 αὐτὰς
1671 785 2129 861 ἀπαραλλάκτους
2208 789 2436 865 φορήσει
2530 784 2784 862 δυνάμεις
2875 809 2934 842 τε
3027 789 3116 843 καὶ
3202 786 3492 866 ἐνεργείας.

573 875 778 949 Ὥσπερ
850 873 1340 951 ἀπεσχοινισμένον
1429 872 1618 951 ἔχουσι
1702 883 1805 947 τῆς
1879 875 2064 939 οὐσίας
2141 877 2268 946 ἤτοι
2342 883 2442 948 τῆς
2528 878 2828 949 ποιότητος
2909 879 3005 934 τὸν
3088 876 3284 955 λόγον,

1613 967 1704 1021 καὶ
1764 966 1932 1022 πάλιν
1965 985 1979 998 ο

277 874 388 931 πάλ
400 896 443 929 ιν
478 893 494 908 ⁹

275 961 538 1042 διάφορον
593 963 942 1034 ἀποσώζουσι
1027 965 1128 1035 τήν
1212 962 1478 1042 ένέργείαν
1516 983 1531 1001 ⁶

2041 624 2249 674 ramus,
2273 623 2446 681 neque
2463 606 2668 664 divinae
2697 611 2920 666 natura?
2949 608 3334 678 prmstantiam
3365 611 3444 667 ad
3472 610 3690 666 modum

2043 698 2405 753 humanitatis
2435 697 2777 755 reducamus.

3590 789 3692 844 Καὶ

3369 877 3510 934 οὕτω
3595 880 3686 934 καὶ

2041 967 2116 1022 Οὐ
2175 969 2279 1044 γάρ
2347 965 2525 1039 δήπου
2595 966 2721 1042 μίαν
2780 968 2919 1024 εἶναι
2974 969 3205 1048 φυσικὴν
3257 968 3360 1036 τὴν
3417 965 3688 1045 ἐνέργειαν

276 1052 535 1127 δώσομεν
603 1056 736 1109 Θεοῦ
804 1055 896 1109 καὶ
960 1056 1302 1128 ποιήματος,
1366 1052 1459 1110 ’ίνα
1541 1057 1682 1129 μήτε
1744 1056 1806 1111 τὸ
1878 1057 2104 1128 ποιηθὲν
2165 1055 2243 1119 εἷς
2321 1057 2422 1127 τήν
2480 1055 2623 1113 θείαν
2683 1056 3034 1135 ἀναγάγωμεν
3108 1056 3315 1130 οὐσίαν,
3378 1057 3519 1130 μήτε
3580 1059 3692 1131 μὴν

271 1150 372 1216 τῆς
406 1144 554 1208 θείοις
581 1143 795 1219 φύσεως
822 1145 886 1200 τὸ
917 1142 1187 1220 ἐξαίρετον
1220 1146 1297 1210 εἰς
1322 1146 1414 1201 τὸν
1440 1150 1559 1208 τοῖς
1587 1151 1868 1222 γεννητοῖς
1896 1147 2176 1223 πρέποντα
2205 1148 2250 1183 ⁶¹
2281 1147 2677 1224 καταγάγωμεν
2704 1148 2925 1222 τρόπον.

343 1231 564 1304 Ἐπειδή
617 1231 674 1290 δὲ
723 1235 775 1289 οἱ
834 1234 972 1309 πρὸς
1021 1234 1114 1297 οὓς
1160 1233 1389 1313 ἔργαφεν
1440 1234 1707 1306 ἐζήτησαν
1749 1234 1929 1311 ψιλῶς

269 1324 374 1392 τὴν
406 1322 550 1394 λέξιν
581 1323 684 1393 τήν
719 1320 945 1398 ὶκατέρα
983 1323 1131 1399 παρὰ
1172 1325 1314 1381 τίσιν
1354 1323 1567 1400 εἷ’ρηται
1598 1329 1706 1380 τῶν
1757 1324 1926 1380 Πατέ-

277 1432 409 1489 ρων,
449 1414 578 1486 1820
625 1415 712 1482 8.,
767 1415 872 1472 430
911 1413 1006 1488 IL]
1052 1415 1382 1489 προκομίζει
1421 1421 1621 1490 χρῆσιν
1667 1413 1924 1489 κειμένην

271 1501 325 1556 ἐν
375 1505 442 1576 τῇ
502 1501 638 1577 πρὸς
686 1497 986 1577 Ἐϐραίους
1028 1501 1308 1571 Κυρίλλου
1372 1502 1650 1578 ἑρμηνείᾳ,
1695 1502 1928 1579 ἔχουσαν

272 1588 468 1653 οὕτως⁸
500 1591 614 1646 Ούκ
659 1591 923 1670 ἀνάχυσίν
969 1611 1086 1646 τινα
1135 1594 1259 1666 [τῆς
1285 1593 1354 1667 δ’]
1397 1591 1473 1655 εἰς
1523 1590 1778 1665 ἀλλήλας
1817 1597 1924 1648 τῶν

272 1679 485 1758 φύσεων
564 1682 860 1759 πεπρᾶχθα
935 1701 1110 1758 φαμεν
1143 1701 1158 1715 ’
1239 1681 1508 1756 μενούσης
1575 1679 1631 1737 δὲ
1709 1679 1923 1755 μᾶλλον

272 1767 525 1842 ἑκατέρας
589 1770 740 1824 τοῦθ’
795 1768 928 1844 ὅπερ
984 1769 1152 1843 ἐστὶν,
1205 1772 1449 1840 ἡνῶσθαι
1527 1771 1688 1846 σαρκὶ
1763 1775 1927 1828 νοοῦ-

277 1879 373 1933 μεν
401 1859 493 1915 τὸν
544 1858 885 1934 Λόγον..Καὶ
927 1859 1093 1916 πάλιν
1119 1863 1217 1917 τοῦ
1265 1859 1430 1918 αὐτοῦ
1461 1860 1522 1917 ἐκ
1565 1867 1672 1917 τῶν
1725 1861 1922 1918 αὐτῶνθ

277 1947 377 2004 Καὶ
437 1947 500 2004 ού
568 1945 750 2019 δήπου
803 1949 976 2029 φαμὲν
1035 1949 1298 2028 ἀνάχυσιν
1358 1951 1539 2026 ὥσπερ
1613 1952 1734 2007 τινὰ
1792 1973 1927 2026 συμ-

2109 1238 2255 1296 Cum
2300 1254 2435 1296 vero
2466 1239 2550 1295 illi
2577 1240 2651 1296 ad
2683 1255 2828 1312 quos
2857 1239 3066 1312 scripsi
3093 1239 3490 1312 quaesiverunt
3525 1241 3692 1298 tenui

2036 1328 2457 1403 dictione,quaa
2489 1329 2561 1386 ab
2591 1328 2890 1402 aliquibus
2919 1329 3192 1386 Patribus
3220 1330 3379 1388 dicta
3409 1335 3568 1399 sunt,
3600 1348 3692 1388 os-

2035 1420 2226 1476 tendit
2263 1435 2432 1476 usum
2477 1420 2574 1493 qui
2617 1423 2706 1478 est
2749 1420 2810 1478 in
2854 1421 3333 1492 interpretatione
3371 1421 3568 1495 Cyrilli
3613 1423 3685 1479 ad

2035 1508 2306 1565 Hebraeos
2336 1508 2448 1565 hoc
2484 1509 2653 1567 modo
2679 1525 2693 1564 :
2725 1514 2846 1567 Non
2877 1509 3213 1582 refusionem
3243 1512 3492 1585 aliquam
3518 1516 3692 1567 natu-

2033 1613 2230 1653 rarum
2260 1599 2321 1654 in
2340 1613 2398 1654 se
2424 1603 2621 1655 mutuo
2647 1601 2852 1669 factam
2883 1615 3000 1656 esse
3027 1599 3288 1666 dicimus,
3320 1604 3576 1658 manente
3591 1616 3690 1673 po-

2033 1687 2144 1743 tius
2172 1693 2428 1760 utraque,
2459 1689 2576 1760 hoc,
2609 1689 2761 1760 quod
2788 1693 2885 1757 est,
2927 1689 3092 1746 uniri
3130 1689 3291 1746 carni
3323 1689 3690 1761 intelligimus

2041 1776 2288 1833 Verbum.
2313 1777 2378 1832 Et
2409 1793 2644 1833 rursum
2676 1777 2832 1834 idem
2865 1777 2922 1834 in
2955 1779 3157 1836 eadem
3192 1794 3287 1836 re:
3323 1780 3384 1834 Et
3414 1795 3521 1836 non
3553 1778 3688 1834 dici-

2030 1882 2171 1934 mus,
2205 1867 2354 1922 velut
2398 1866 2696 1939 quamdam
2741 1869 3080 1940 refusionem
3111 1871 3170 1925 in
3200 1870 3427 1925 naturis
3472 1871 3684 1940 factum

2031 1969 2165 2022 esse,
2188 1961 2250 2010 ut
2269 1954 2432 2011 sitam
2470 1956 2627 2012 Verbi
2652 1961 2920 2012 naturam
2948 1957 3012 2013 in
3032 1957 3294 2027 hominis,
3317 1957 3471 2015 uerbi
3500 1973 3688 2025 causa,

273 2032 436 2107 ϐῆναι
503 2037 626 2112 περὶ
694 2039 788 2102 τὰς
864 2038 1068 2119 φύσεις,
1135 2041 1213 2102 ὡς
1273 2047 1465 2111 στῆναι
1519 2043 1564 2079 ⁸³
1645 2042 1746 2110 τὴν
1825 2045 1923 2098 τοῦ

2043 2043 2376 2114 tenuitatem,
2426 2044 2516 2100 sed
2561 2060 2736 2116 neque
2791 2061 3011 2101 rursum
3049 2047 3360 2102 humanam
3391 2048 3456 2102 in
3511 2048 3692 2118 ipsam

272 2126 452 2201 Λόγου
512 2126 668 2203 φύσιν
729 2127 804 2190 εἰς
853 2129 954 2198 τὴν
1001 2133 1102 2185 τοῦ
1169 2130 1459 2204 ἀνθρώπου
1512 2131 1682 2206 τυχόν
1717 2148 1732 2164 ο
1793 2129 1922 2185 ἀλλ’

274 2212 386 2271 οὐδ’
464 2213 530 2269 αὖ
596 2214 761 2271 πάλιν
828 2218 928 2287 τὴν
1013 2216 1358 2292 ἀνθρωπίνην
1440 2216 1516 2279 εἷς
1588 2217 1687 2286 τήν
1755 2217 1925 2273 αύτοῦ

269 2308 371 2359 τοῦ
400 2305 447 2342 ⁶⁴
489 2303 668 2381 Λόγου
700 2323 714 2339 ο
761 2306 1068 2380 ’νοουμένης
1118 2303 1174 2361 δὶ
1235 2304 1450 2380 μᾶλλον
1507 2305 1597 2362 καὶ
1651 2306 1928 2381 ὑπαρχού-

274 2415 378 2466 σης
430 2395 683 2470 ἑκατέρας
732 2394 786 2452 ἐν
834 2399 916 2468 τῷ
955 2401 1055 2465 τῆς
1109 2393 1247 2458 ἰδίας
1305 2395 1515 2475 φύσεως
1557 2396 1670 2470 ὅρῳ
1718 2401 1929 2471 πεπρᾶ-

274 2485 408 2560 χθαί
475 2507 648 2563 φαμεν
709 2487 810 2556 τήν
867 2481 1084 2554 ἕνωσιν,
1153 2483 1534 2557 ένοικήσαντος
1588 2489 1686 2541 τοῦ
1746 2486 1928 2562 Λόγου

274 2579 604 2649 σωματικῶς
660 2580 743 2648 τῷ
799 2575 859 2630 ἐκ
908 2582 1009 2646 τῆς
1042 2575 1200 2650 ἁγίας
1266 2575 1538 2652 Παρθένου
1593 2574 1724 2649 ναῷ.
1795 2579 1926 2630 Ὠσ-

275 2664 454 2727 αύτως
483 2661 540 2720 δὲ
571 2664 720 2741 λέγει
759 2665 850 2720 καί
883 2664 1168 2728 Βασίλειος
1212 2665 1241 2718 6
1274 2663 1598 2739 Καισαρείας
1628 2671 1729 2735 τῆς
1779 2673 1930 2721 Καπ-

2031 2132 2166 2190 Dei:
2189 2133 2470 2192 intellecta
2489 2137 2668 2206 potius
2687 2138 2740 2190 et
2761 2135 3090 2191 subsistente
3109 2145 3338 2206 utraque
3357 2135 3418 2190 in
3435 2136 3688 2205 propriae

2035 2225 2252 2277 natum
2273 2221 2531 2292 termino,
2554 2225 2761 2294 factam
2774 2224 3036 2279 unionem
3051 2223 3310 2292 dicimus,
3332 2221 3692 2278 inhabitante

2036 2311 2394 2384 corporaliter
2442 2312 2603 2369 Verbo
2633 2313 2697 2369 in
2724 2313 2944 2384 templo,
2983 2312 3127 2384 quod
3155 2329 3226 2369 ea:
3256 2313 3413 2369 beata
3471 2311 3691 2382 Virgine

2036 2403 2291 2470 sumpsit.
2323 2401 2414 2457 Sic
2439 2405 2497 2457 et
2528 2401 2780 2458 Basilius
2829 2401 3103 2458 Caesareae
3152 2400 3532 2474 Cappadocia:
3563 2400 3690 2472 epi-

2038 2506 2251 2561 scopus
2281 2490 2430 2546 libro
2453 2490 2657 2546 Contra
2676 2492 3008 2546 Eunomium
3024 2508 3044 2545 :
3066 2491 3362 2562 Propterea
3383 2489 3537 2545 omni
3565 2504 3690 2544 con-

2037 2581 2280 2635 tentione
2308 2583 2360 2634 et
2387 2580 2647 2636 cautione
2691 2579 3148 2636 considerandum
3187 2590 3286 2648 est,
3319 2580 3598 2650 quomodo
3628 2576 3690 2631 in

2038 2684 2148 2724 uno
2177 2669 2467 2740 eodemque
2496 2669 2787 2740 utriusque
2812 2677 3033 2725 natura!
3063 2667 3386 2724 ostendatur
3411 2665 3640 2723 veritas.

272 2752 543 2816 παόοκίας
595 2753 648 2809 ἐν
697 2759 778 2826 τῷ
829 2760 942 2810 κατ’
1007 2755 1297 2828 Εὐνομίου
1337 2753 1492 2831 λόγῳ
1525 2772 1539 2787 ⁸
1597 2755 1700 2815 Διὸ
1761 2756 1896 2828 μετὰ
1952 2756 2133 2826 πάσης
2186 2755 2420 2832 ἀγωνίας
2476 2777 2534 2811 τε
2590 2757 2677 2812 καὶ
2739 2750 3025 2818 εὐλαϐείας
3085 2753 3167 2810 δεῖ
3230 2758 3476 2830 συνορᾷν,
3536 2754 3686 2814 ὅπως

278 2845 342 2900 ἃν
375 2843 428 2899 ἐν
469 2849 547 2917 τῷ
577 2845 654 2900 ἑνὶ
694 2844 785 2899 καὶ
814 2849 892 2917 τῷ
921 2845 1069 2916 αύτῷ
1101 2844 1353 2919 ἑκατέρας
1385 2844 1594 2921 φύσεως
1626 2843 1935 2924 ἀποδειχθῇ
1967 2848 2002 2916 ἡ
2043 2846 2292 2918 ἀλήθεια.

356 2938 480 2992 ’Ότι
525 2932 709 3008 μέντοι
750 2954 812 3011 γε
853 2931 914 2989 0‘6
959 2933 1086 3008 μίαν
1131 2935 1184 2989 oi.
1215 2935 1448 3008 Πατέρες
1491 2936 1652 3007 ἡμῶν
1683 2930 1772 2988 ἐπὶ
1803 2941 1937 3009 Χρι-

279 3026 412 3078 στοῦ
459 3021 610 3078 ἀλλά
656 3020 752 3078 δύο
800 3021 984 3101 φύσεις
1031 3021 1084 3078 ἐν
1130 3027 1199 3098 τῇ
1243 3025 1366 3079 καθ’
1408 3022 1696 3078 ὑπόστασιν
1748 3023 1936 3078 ἑνώσει

277 3112 660 3188 κηρύττουσιν,
720 3111 934 3186 εἴρηται
994 3112 1090 3185 μὲν
1147 3112 1238 3166 καὶ
1315 3111 1603 3188 πρότερον,
1663 3109 1819 3168 οὐδὲν
1881 3109 1938 3166 δὲ

275 3199 484 3258 κωλύει
533 3201 624 3258 καὶ
674 3199 764 3256 νῦν
810 3208 1177 3274 παραστῆσαι.
1226 3202 1383 3276 Λέγει
1438 3203 1542 3279 γὰρ
1589 3202 1616 3256 ὁ
1659 3200 1712 3257 ἐν
1756 3201 1938 3277 ἁγίοις

273 3290 577 3368 Γρηγόριος
609 3292 658 3327 ⁸⁵
705 3292 734 3347 6
766 3297 983 3361 Νύσσης
1015 3289 1068 3347 έν
1113 3294 1192 3365 τῷ
1220 3292 1356 3348 κατὰ
1408 3288 1800 3366 ’Δπολιναρίου
1833 3289 1933 3346 λο·

2120 2938 2404 3004 Quoniam
2448 2939 2646 2995 Patres
2694 2937 2929 3011 quidem
2978 2954 3096 2994 non
3141 2953 3316 2994 unam
3347 2935 3407 2992 in
3438 2936 3690 3004 Christo,

2047 3028 2148 3084 sed
2199 3028 2346 3084 duas
2390 3035 2630 3084 naturas
2660 3027 2721 3084 in
2753 3025 3044 3099 personali
3077 3025 3292 3082 unione
3321 3025 3692 3082 confitentur.

2047 3116 2210 3182 Quod
2237 3119 2293 3173 et
2322 3121 2491 3172 antea
2519 3116 2738 3172 dictum
2772 3119 2880 3185 est,
2915 3131 3072 3170 nunc
3117 3130 3244 3170 vero
3290 3115 3444 3170 idem
3491 3129 3697 3170 recen-

2047 3220 2175 3260 sere
2205 3203 2348 3260 nihil
2381 3204 2668 3277 prohibet.
2694 3203 2846 3260 Dicit
2875 3204 3028 3260 enim
3054 3202 3370 3275 Gregorius
3397 3202 3699 3276 Nyssenus

2045 3293 2106 3350 in
2163 3292 2312 3350 libro
2365 3296 2582 3350 Contra
2626 3292 3076 3364 Apollinarium:
3108 3293 3200 3348 Sic
3254 3291 3432 3362 igitur
3469 3292 3534 3348 in
3561 3308 3698 3347 con-

271 3401 360 3456 γῳ
393 3399 406 3415 ³
459 3381 521 3436 Εἰ
579 3379 672 3435 οὖν
727 3383 785 3436 ’ev
824 3385 940 3445 τοῖς
998 3379 1262 3442 ἐναντίοις
1322 3377 1612 3454 ίδιώμασιν
1681 3382 1716 3450 ἡ
1778 3377 1930 3435 θατέ-

2045 3382 2242 3439 trariis
2269 3382 2700 3456 proprietatibus
2731 3391 2961 3455 utraque
2976 3382 3184 3439 harum
3205 3387 3565 3451 cognoscatur
3591 3398 3695 3437 na-

274 3489 373 3544 ρου
428 3468 638 3526 τούτων
689 3472 973 3540 θεωρεῖται
1023 3468 1202 3548 φύσις,
1248 3475 1350 3539 τῆς
1417 3465 1614 3544 σαρκός
1665 3489 1724 3525 τε
1781 3467 1931 3546 λέγω

273 3559 495 3629 καὶτῆς
548 3560 834 3632 θεότητος,
864 3563 984 3621 πῶς
1019 3559 1116 3632 μία
1162 3560 1219 3614 αἱ
1250 3555 1394 3627 δύο;
1443 3559 1544 3614 Καὶ
1587 3559 1616 3614 6
1665 3558 1716 3614 έν
1759 3558 1938 3632 ἁγίοις

277 3649 336 3706 δὲ
389 3653 630 3729 Ἐφραὶμ
680 3650 732 3706 έν
777 3656 858 3724 τῷ
897 3651 1028 3727 Περὶ
1079 3650 1537 3727 ένανθρωπήσεως
1576 3649 1668 3706 καὶ
1701 3651 1793 3711 Εἰς
1841 3650 1934 3705 τὸν

283 3739 620 3815 μαργαρίτην
658 3760 670 3774 ο
751 3739 874 3818 Ούχ
939 3740 1178 3811 ἡττήθη,
1238 3739 1395 3817 φησὶ,
1451 3743 1520 3813 τῇ
1587 3735 1773 3811 πλοκῇ
1834 3743 1934 3807 τῆς

276 3827 672 3904 προσλήψεως,
718 3826 810 3883 ’ίνα
865 3826 1114 3902 ἀπολέσῃ
1156 3829 1186 3883 ’ὀ
1243 3825 1395 3907 ἔσχε,
1457 3828 1545 3883 καί
1603 3827 1632 3881 '6
1685 3827 1761 3899 μὴ
1807 3821 1936 3901 ἔσχε

273 3916 517 3992 γένηται,
584 3915 810 3973 Τέλειον
865 3911 983 3991 ἔχει
1056 3916 1087 3970 '6
1143 3917 1232 3986 ἦν,
1286 3915 1379 3971 καὶ
1453 3913 1668 3970 τέλειον
1728 3907 1848 3991 ἔχει
1905 3913 1934 3968 ὃ

275 4002 605 4080 προσέλαϐε.
658 4005 758 4061 Καὶ
809 4004 1086 4077 Κύριλλος
1136 4003 1196 4060 δὲ
1243 4004 1297 4061 έν
1341 4010 1410 4074 τῇ
1461 4003 1601 4079 πρὸς
1660 4001 1932 4078 Εύλόγιον

275 4093 570 4169 ἐπιστολῇ,
601 4092 748 4150 ἀλλά
791 4093 882 4150 καὶ
915 4092 969 4150 ἐν
1015 4097 1085 4168 τῇ
1123 4094 1265 4170 πρὸς
1313 4095 1616 4150 Σούκενσον
1647 4093 1694 4130 ⁸⁸
1741 4089 1932 4168 πρώτῃ

273 4183 369 4241 καὶ
409 4183 464 4239 ἐν
512 4188 593 4256 τῷ
639 4183 766 4259 Περὶ
814 4183 1050 4246 πίστεως
1095 4184 1248 4260 λόγῳ
1295 4183 1383 4239 καὶ
1417 4181 1470 4238 έν
1521 4186 1603 4256 τῷ
1651 4181 1796 4238 Κατά
1835 4184 1934 4238 τοῦ

275 4265 580 4334 δυσσεϐοῦς
632 4270 929 4347 Νεστορίου
960 4272 1050 4327 καὶ
1098 4271 1151 4327 ἐν
1180 4275 1299 4334 τοῖς
1350 4275 1663 4346 Θησαυροῖς
1697 4271 1764 4326 τὰ
1794 4271 1934 4326 αύτά

273 4362 454 4440 λέγει.
501 4360 770 4425 Ὡσαύτως
821 4359 879 4418 δὲ
921 4361 1011 4416 καὶ
1071 4361 1122 4417 έν
1174 4365 1253 4434 τῷ
1297 4361 1426 4437 Περὶ
1476 4360 1935 4437 ένανθρωπήσεως

275 4451 439 4527 λόγῳ
472 4493 485 4508 .
535 4451 668 4532 φησί
711 4452 836 4528 γάρ.
870 4449 1027 4507 Ἀλλ’
1066 4449 1142 4515 εἰς
1169 4450 1224 4506 ’ἐν
1275 4451 1442 4528 ἄμφω
1471 4448 1756 4527 συλλέγων
1797 4450 1932 4504 κατὰ

275 4535 550 4613 σύμϐασιν
623 4539 983 4614 οἰκονομικὴν
1056 4540 1124 4594 τὰ
1195 4543 1303 4596 τῶν
1368 4539 1580 4617 φύσεων
1658 4535 1933 4612 ἰδιώματα

274 4628 368 4684 διὰ
430 4629 640 4704 μυρίων
699 4624 839 4684 ὅσων
906 4631 1041 4703 ἡμῖν
1123 4629 1312 4704 ὁρᾶται
1372 4627 1574 4706 λόγων.
1636 4628 1736 4684 Καὶ
1816 4629 1932 4703 μεθ’

2047 3479 2192 3543 tura,
2220 3473 2429 3540 carnis,
2463 3475 2710 3546 inquam,
2733 3481 2789 3529 et
2815 3472 2935 3542 Dei,
2954 3471 3219 3546 quomodo
3249 3487 3362 3527 una
3391 3477 3519 3528 sunt
3546 3471 3693 3527 duae.

2045 3562 2116 3616 Et
2159 3570 2398 3618 sanctus
2443 3561 2710 3632 Ephrtnm
2743 3561 2800 3617 in
2836 3560 2981 3616 libro
3023 3562 3095 3617 De
3137 3561 3521 3616 incarnatione
3551 3563 3693 3614 etin

2044 3649 2410 3720 Margaretam
2431 3667 2451 3705 :
2479 3651 2606 3706 Non
2649 3650 2869 3706 minuta
2915 3655 3015 3716 est,
3049 3650 3263 3720 inquit,
3295 3647 3574 3703 connexio
3605 3664 3696 3701 as-

2044 3740 2392 3811 sumptionis.
2433 3746 2495 3794 ut
2533 3737 2834 3810 perdiderit
2867 3737 3010 3810 quod
3054 3737 3278 3797 habuit;
3309 3743 3360 3791 et
3402 3735 3542 3808 quod
3581 3749 3690 3789 non

2044 3829 2258 3892 habuit,
2289 3827 2487 3899 adepta
2513 3826 2609 3883 sit.
2642 3826 2745 3883 Sed
2772 3829 3072 3898 perfectum
3100 3827 3344 3895 estquod
3374 3824 3692 3894 assumpsit,

2043 3924 2095 3975 et
2123 3915 2264 3989 quod
2292 3916 2488 3988 adepta
2508 3920 2608 3973 est.
2635 3916 2698 3972 Et
2718 3914 2967 3988 Cyrillus
2995 3913 3242 3987 epistola
3263 3913 3336 3970 ad
3360 3912 3688 3984 Eulogium,

2044 4010 2103 4063 et
2133 4008 2322 4079 prima
2352 4006 2422 4062 ad
2455 4006 2834 4073 Succensum,
2867 4008 2924 4060 et
2955 4003 3013 4060 in
3066 4003 3340 4059 Oratione
3368 4003 3438 4058 de
3469 4001 3603 4069 ﬁde,
3635 4006 3694 4057 et

2043 4095 2193 4151 libro
2252 4093 2454 4150 Contra
2508 4092 2758 4164 impium
2810 4094 3147 4159 Nestorium,
3199 4099 3252 4147 et
3301 4092 3360 4146 ln
3407 4089 3694 4145 Thesauris

2044 4184 2242 4240 eadem
2292 4181 2453 4252 dicit,
2485 4181 2756 4238 similiter
2784 4186 2842 4238 et
2869 4180 3018 4237 libro
3050 4180 3123 4235 De
3166 4179 3577 4246 incarnatione,
3611 4178 3694 4234 sic

2044 4271 2257 4328 habet:
2291 4269 2395 4326 Sed
2437 4269 2499 4325 in
2541 4285 2709 4326 unam
2753 4273 3014 4340 utrasque
3062 4266 3345 4339 collegisse
3389 4267 3695 4323 secundum

2041 4361 2485 4433 conjunctionem
2512 4361 2904 4418 economicam
2931 4363 3268 4415 naturarum
3298 4356 3690 4429 proprietates,

2043 4451 2240 4507 multis
2278 4450 2625 4507 sermonibus
2664 4449 2826 4506 nobis
2871 4447 3195 4506 ostenditur.
3245 4447 3314 4503 Et
3362 4451 3498 4520 post
3539 4445 3687 4502 alia:

2043 4539 2335 4595 Contendit
2363 4541 2412 4596 et
2437 4541 2606 4596 certat
2636 4540 2882 4596 oratione
2899 4555 2922 4602 ;
2952 4553 3140 4594 verum
3175 4544 3228 4593 et
3254 4537 3477 4608 sapiens
3523 4536 3692 4592 Joan-

2039 4644 2136 4685 nes
2192 4631 2410 4686 tantum
2459 4644 2572 4686 non
2620 4635 2949 4686 connectens
2990 4627 3180 4684 262a
3223 4629 3542 4699 potestatem
3572 4640 3698 4697 pro-

274 4721 436 4794 ἒτερα
469 4738 482 4750 ³
539 4719 954 4796 Ἐπαγωνιεῖται
1022 4715 1080 4775 δὲ
1161 4716 1227 4774 αὖ
1300 4718 1390 4775 καὶ
1467 4717 1789 4791 συναθλήσει
1857 4722 1930 4792 τῷ

2043 4718 2347 4791 prietatum
2375 4718 2739 4775 accidentium
2769 4719 2990 4790 utrique
3021 4722 3261 4772 natura.
3292 4716 3402 4772 Sed
3434 4732 3465 4770 e
3495 4713 3698 4771 multis

272 4808 436 4884 λόγῳ
490 4808 580 4864 καὶ
639 4810 668 4864 6
721 4809 887 4886 σοφὸς
945 4807 1220 4880 Ἰωάννης,
1294 4807 1592 4884 μονονουχὶ
1647 4808 1737 4863 καὶ
1803 4829 1925 4862 aov-

273 4898 513 4974 αγείρων
597 4899 694 4961 τὰς
762 4899 972 4976 φύσεις,
1049 4899 1140 4953 καὶ
1227 4895 1463 4954 συνδέων
1548 4899 1669 4971 [τήν
1750 4895 1930 4976 φύσιν]

269 4992 388 5044 τῶν
449 4987 672 5062 ἑκατέρᾳ
703 4987 751 5022 ⁷⁸
821 4987 1138 5062 προσόντων
1203 4985 1523 5060 ἲόιωμάτων
1601 4987 1700 5056 τὴν
1773 4983 1930 5041 δύνα-

533 5073 548 5092 ε
603 5074 617 5092 .
983 5073 1009 5094 ν
1502 5075 1515 5095 ,
1593 5077 1619 5090 ..
1717 5075 1732 5092 κ
1842 5075 1856 5093 ν
1909 5074 1922 5092 ς

272 5095 398 5150 μιν.
452 5080 550 5129 Και
599 5093 661 5130 εκ
720 5075 929 5152 μυρίων
979 5073 1170 5130 αλλων
1221 5073 1401 5152 λόγων
1455 5094 1623 5130 αυτου
1674 5095 1742 5130 τα
1795 5095 1932 5129 αυτα

264 5162 393 5222 ἔστι
426 5158 635 5219 λαϐεῖν.
687 5163 1034 5240 Ἑρμηνεύων
1068 5163 1125 5220 δὲ
1173 5165 1266 5220 τὸν
1314 5165 1605 5244 προφήτην
1658 5162 1928 5240 Ζαχαρίαν

265 5253 424 5311 οὕτω
484 5251 645 5329 φησίν
683 5273 696 5286 ·
752 5256 813 5312 ⁴Ο
855 5251 912 5309 δέ
967 5274 1030 5330 γε
1087 5254 1367 5316 θεσπέσιος
1417 5253 1681 5324 Ἰεζεκιήλ
1711 5254 1759 5290 ⁸⁸
1805 5251 1930 5326 θρό-

338 5386 366 5426 k
409 5383 611 5443 Ezech.
642 5401 702 5455 ι,
736 5385 820 5442 18.

2039 4805 2170 4863 aliis
2221 4807 2363 4864 locis
2413 4807 2533 4862 hac
2583 4808 2670 4863 tas
2717 4812 2804 4863 est
2851 4805 3140 4878 colligere.
3186 4807 3488 4875 Exponens
3537 4803 3692 4858 enim

2042 4897 2379 4970 prophetam
2440 4895 2772 4952 Zachariam
2827 4896 2914 4952 sic
2983 4896 3109 4952 ait:
3161 4894 3392 4949 Sanctus
3447 4892 3696 4948 Ezechiel

2041 4989 2301 5042 thronum
2321 4985 2520 5042 vidisse
2539 5001 2597 5042 se
2613 4985 2756 5041 dixit
2769 5003 2787 5041 :
2812 5007 2838 5034 ‹‹
2858 4986 2920 5041 In
2941 4985 3311 5040 firmamento
3329 4998 3506 5053 super
3521 4985 3695 5052 caput

2040 5075 2352 5132 Cherubim
2394 5075 2444 5131 k:
2479 5095 2507 5125 »
2540 5073 2693 5130 Dixit
2721 5089 2780 5130 se
2808 5076 2866 5130 in
2906 5073 3102 5130 throno
3159 5071 3360 5128 vidisse
3412 5070 3685 5128 sedentem

2039 5165 2328 5236 quemdam
2357 5164 2591 5237 duplicis
2617 5166 2858 5221 naturae.
2886 5164 2957 5219 Et
2985 5178 3241 5229 rursum,
3263 5159 3692 5218 Commentario

2039 5255 2098 5311 in
2121 5254 2408 5312 Joannem
2433 5253 2582 5310 libro
2604 5253 2861 5310 secundo
2884 5252 3084 5309 habet:
3111 5252 3244 5308 Cum
3267 5249 3482 5322 aliquid
3500 5249 3689 5321 facies,

1615 5507 1851 5565 VARIE
1890 5507 2190 5565 LECTION
2197 5510 2302 5566 ES.

336 5650 393 5685 ⁸⁸
421 5645 703 5721 ,τρέποντα
724 5647 826 5721 ς.
930 5647 978 5684 ⁸³
1005 5652 1119 5721 τῆς,
1137 5646 1414 5721 expungit
1440 5645 1715 5721 Scaliger.

336 5650 393 5685 ⁸⁸
413 5645 703 5732 ,τρέποντα
744 5647 826 5721 ς.
930 5647 978 5684 ⁸³
1005 5646 1414 5738 τῆςεκρυηεὶι
1440 5645 1716 5733 Scaliger:
1831 5643 1878 5680 ⁸³
1910 5646 2123 5751 στῆναιέ

256 5719 445 5778 αὗτου
636 5717 684 5754 ⁸⁸
714 5718 743 5772 ὁ
773 5724 906 5792 post
933 5724 1241 5795 Γρηγοριος
1271 5718 1406 5775 add.
1437 5720 1504 5774 Α.
1578 5715 1627 5754 ⁸⁸
1656 5715 1904 5771 οὓκενσον
1931 5719 1998 5774 Α.
2073 5716 2094 5750 ⁶

2173 5643 2774 5720 fortasse_legeudum
2829 5649 3180 5720 μεταστῆναι.
3285 5643 3332 5679 ⁶⁴
3359 5641 3550 5713 αὖτοῦ]
3590 5643 3690 5694 τοῦ

2148 5714 2371 5790 ἑκάτερα
2523 5714 2608 5754 “⁶⁸
2638 5718 2786 5791 Ἰεζ.]
2827 5714 2885 5787 i,
2920 5719 3004 5776 18.
