  <div class='ocr_page' id='page_1' title='image "/cluster/home/n/w/nwhite01/storage/ocr_20150623/103/hvd.32044054112495/527.png"; bbox 0 0 4138 6228; ppageno 0'>
   <div class='ocr_carea' id='block_1_1' title="bbox 380 402 531 461">
    <p class='ocr_par' dir='ltr' id='par_1_1' title="bbox 380 402 531 461">
     <span class='ocr_line' id='line_1_1' title="bbox 380 402 531 461; baseline 0.007 -1"><span class='ocrx_word' id='word_1_1' title='bbox 380 402 531 461; x_wconf 75' lang='grc'>1015</span> 
     </span>
    </p>
   </div>
   <div class='ocr_carea' id='block_1_2' title="bbox 374 522 2383 604">
    <p class='ocr_par' dir='ltr' id='par_1_2' title="bbox 374 522 2383 604">
     <span class='ocr_line' id='line_1_2' title="bbox 374 522 2383 604; baseline -0.006 -17"><span class='ocrx_word' id='word_1_2' title='bbox 374 536 679 604; x_wconf 62' lang='grc' dir='ltr'>[ῑινὶσηίέΙιιιε</span> <span class='ocrx_word' id='word_1_3' title='bbox 730 534 881 587; x_wconf 79' lang='lat' dir='ltr'>nobis</span> <span class='ocrx_word' id='word_1_4' title='bbox 935 546 1101 583; x_wconf 85' lang='lat' dir='ltr'>unum</span> <span class='ocrx_word' id='word_1_5' title='bbox 1157 530 1467 592; x_wconf 17' lang='lat' dir='ltr'>Dii-minam,</span> <span class='ocrx_word' id='word_1_6' title='bbox 1500 525 1735 593; x_wconf 80' lang='lat' dir='ltr'>Filium,</span> <span class='ocrx_word' id='word_1_7' title='bbox 1770 528 1817 580; x_wconf 81' lang='lat' dir='ltr'><strong><em>et</em></strong></span> <span class='ocrx_word' id='word_1_8' title='bbox 1857 524 2019 581; x_wconf 85' lang='lat' dir='ltr'>Cttri—</span> <span class='ocrx_word' id='word_1_9' title='bbox 2053 527 2100 592; x_wconf 79' lang='grc' dir='ltr'><strong>Α</strong></span> <span class='ocrx_word' id='word_1_10' title='bbox 2137 522 2209 583; x_wconf 83' lang='grc' dir='ltr'>ὡς</span> <span class='ocrx_word' id='word_1_11' title='bbox 2282 528 2383 589; x_wconf 77' lang='grc' dir='ltr'>τῆς</span> 
     </span>
    </p>
   </div>
   <div class='ocr_carea' id='block_1_3' title="bbox 373 614 2022 688">
    <p class='ocr_par' dir='ltr' id='par_1_3' title="bbox 373 614 2022 688">
     <span class='ocr_line' id='line_1_3' title="bbox 373 614 2022 688; baseline -0.007 -11"><span class='ocrx_word' id='word_1_12' title='bbox 373 633 537 688; x_wconf 88' lang='lat' dir='ltr'>stum,</span> <span class='ocrx_word' id='word_1_13' title='bbox 573 622 861 676; x_wconf 80' lang='lat' dir='ltr'>divinitate</span> <span class='ocrx_word' id='word_1_14' title='bbox 909 628 958 673; x_wconf 89' lang='lat' dir='ltr'>et</span> <span class='ocrx_word' id='word_1_15' title='bbox 1005 618 1371 684; x_wconf 77' lang='lat' dir='ltr'>humanitate,</span> <span class='ocrx_word' id='word_1_16' title='bbox 1400 632 1497 687; x_wconf 88' lang='lat' dir='ltr'>per</span> <span class='ocrx_word' id='word_1_17' title='bbox 1528 614 1866 686; x_wconf 69' lang='lat' dir='ltr'>ineffabilem</span> <span class='ocrx_word' id='word_1_18' title='bbox 1892 628 2022 669; x_wconf 87' lang='lat' dir='ltr'>con-</span> 
     </span>
    </p>
   </div>
   <div class='ocr_carea' id='block_1_4' title="bbox 371 703 2024 768">
    <p class='ocr_par' dir='ltr' id='par_1_4' title="bbox 371 703 2024 768">
     <span class='ocr_line' id='line_1_4' title="bbox 371 703 2024 768; baseline -0.006 -1"><span class='ocrx_word' id='word_1_19' title='bbox 371 714 683 768; x_wconf 86' lang='lat' dir='ltr'>sensionem</span> <span class='ocrx_word' id='word_1_20' title='bbox 729 709 955 764; x_wconf 87' lang='lat' dir='ltr'>unione.</span> <span class='ocrx_word' id='word_1_21' title='bbox 1004 707 1073 761; x_wconf 87' lang='lat' dir='ltr'>Et</span> <span class='ocrx_word' id='word_1_22' title='bbox 1120 722 1356 761; x_wconf 81' lang='lat' dir='ltr'>rursum</span> <span class='ocrx_word' id='word_1_23' title='bbox 1400 706 1458 761; x_wconf 91' lang='lat' dir='ltr'>in</span> <span class='ocrx_word' id='word_1_24' title='bbox 1498 704 1788 761; x_wconf 81' lang='lat' dir='ltr'>Scholiis:</span> <span class='ocrx_word' id='word_1_25' title='bbox 1822 703 2024 758; x_wconf 82' lang='lat' dir='ltr'>Aderat</span> 
     </span>
    </p>
   </div>
   <div class='ocr_carea' id='block_1_5' title="bbox 372 793 2025 872">
    <p class='ocr_par' dir='ltr' id='par_1_5' title="bbox 372 793 2025 872">
     <span class='ocr_line' id='line_1_5' title="bbox 372 793 2025 872; baseline -0.004 -19"><span class='ocrx_word' id='word_1_26' title='bbox 372 801 611 872; x_wconf 79' lang='lat' dir='ltr'>quidem,</span> <span class='ocrx_word' id='word_1_27' title='bbox 645 807 703 853; x_wconf 88' lang='lat' dir='ltr'>ut</span> <span class='ocrx_word' id='word_1_28' title='bbox 732 796 1072 851; x_wconf 82' lang='lat' dir='ltr'>adorandum</span> <span class='ocrx_word' id='word_1_29' title='bbox 1112 799 1373 849; x_wconf 88' lang='lat' dir='ltr'>naturam</span> <span class='ocrx_word' id='word_1_30' title='bbox 1402 796 1643 864; x_wconf 80' lang='lat' dir='ltr'>rapiens,</span> <span class='ocrx_word' id='word_1_31' title='bbox 1676 802 1729 848; x_wconf 88' lang='lat' dir='ltr'><strong><em>et</em></strong></span> <span class='ocrx_word' id='word_1_32' title='bbox 1758 793 2025 848; x_wconf 88' lang='lat' dir='ltr'>adoratur</span> 
     </span>
    </p>
   </div>
   <div class='ocr_carea' id='block_1_6' title="bbox 372 883 2023 957">
    <p class='ocr_par' dir='ltr' id='par_1_6' title="bbox 372 883 2023 957">
     <span class='ocr_line' id='line_1_6' title="bbox 372 883 2023 957; baseline -0.005 -13"><span class='ocrx_word' id='word_1_33' title='bbox 372 890 575 944; x_wconf 80' lang='lat' dir='ltr'>iterum</span> <span class='ocrx_word' id='word_1_34' title='bbox 632 887 797 953; x_wconf 85' lang='lat' dir='ltr'>idem,</span> <span class='ocrx_word' id='word_1_35' title='bbox 846 890 1109 957; x_wconf 88' lang='lat' dir='ltr'>tanquam</span> <span class='ocrx_word' id='word_1_36' title='bbox 1166 883 1467 940; x_wconf 58' lang='lat' dir='ltr'>adoranda</span> <span class='ocrx_word' id='word_1_37' title='bbox 1523 884 1755 938; x_wconf 83' lang='lat' dir='ltr'>ulterius</span> <span class='ocrx_word' id='word_1_38' title='bbox 1810 892 2023 936; x_wconf 68' lang='lat' dir='ltr'>natura:</span> 
     </span>
    </p>
   </div>
   <div class='ocr_carea' id='block_1_7' title="bbox 370 972 2023 1047">
    <p class='ocr_par' dir='ltr' id='par_1_7' title="bbox 370 972 2023 1047">
     <span class='ocr_line' id='line_1_7' title="bbox 370 972 2023 1047; baseline -0.005 -14"><span class='ocrx_word' id='word_1_39' title='bbox 370 982 657 1043; x_wconf 73' lang='lat' dir='ltr'>exsistens,</span> <span class='ocrx_word' id='word_1_40' title='bbox 689 980 957 1047; x_wconf 78' lang='lat' dir='ltr'>quatenus</span> <span class='ocrx_word' id='word_1_41' title='bbox 992 976 1299 1044; x_wconf 77' lang='lat' dir='ltr'>percipitur</span> <span class='ocrx_word' id='word_1_42' title='bbox 1326 974 1485 1028; x_wconf 86' lang='lat' dir='ltr'>Deus.</span> <span class='ocrx_word' id='word_1_43' title='bbox 1506 972 1575 1027; x_wconf 87' lang='lat' dir='ltr'>Et</span> <span class='ocrx_word' id='word_1_44' title='bbox 1596 972 1824 1039; x_wconf 85' lang='lat' dir='ltr'>vide,ut</span> <span class='ocrx_word' id='word_1_45' title='bbox 1840 986 2023 1040; x_wconf 88' lang='lat' dir='ltr'>neque</span> 
     </span>
    </p>
   </div>
   <div class='ocr_carea' id='block_1_8' title="bbox 372 1060 2023 1132">
    <p class='ocr_par' dir='ltr' id='par_1_8' title="bbox 372 1060 2023 1132">
     <span class='ocr_line' id='line_1_8' title="bbox 372 1060 2023 1132; baseline -0.005 -9"><span class='ocrx_word' id='word_1_46' title='bbox 372 1067 696 1123; x_wconf 86' lang='lat' dir='ltr'>secundum</span> <span class='ocrx_word' id='word_1_47' title='bbox 719 1069 934 1119; x_wconf 90' lang='lat' dir='ltr'>rectum</span> <span class='ocrx_word' id='word_1_48' title='bbox 952 1080 1173 1127; x_wconf 86' lang='lat' dir='ltr'>casum,</span> <span class='ocrx_word' id='word_1_49' title='bbox 1191 1079 1380 1132; x_wconf 87' lang='lat' dir='ltr'>neque</span> <span class='ocrx_word' id='word_1_50' title='bbox 1394 1062 1715 1117; x_wconf 84' lang='lat' dir='ltr'>secundum</span> <span class='ocrx_word' id='word_1_51' title='bbox 1739 1060 2023 1116; x_wconf 87' lang='lat' dir='ltr'>accusati-</span> 
     </span>
    </p>
   </div>
   <div class='ocr_carea' id='block_1_9' title="bbox 368 1150 2024 1225">
    <p class='ocr_par' dir='ltr' id='par_1_9' title="bbox 368 1150 2024 1225">
     <span class='ocr_line' id='line_1_9' title="bbox 368 1150 2024 1225; baseline -0.003 -14"><span class='ocrx_word' id='word_1_52' title='bbox 368 1172 506 1211; x_wconf 87' lang='lat' dir='ltr'>vum</span> <span class='ocrx_word' id='word_1_53' title='bbox 532 1156 766 1209; x_wconf 83' lang='lat' dir='ltr'>adducit</span> <span class='ocrx_word' id='word_1_54' title='bbox 788 1154 1037 1225; x_wconf 80' lang='lat' dir='ltr'>Cyrillus</span> <span class='ocrx_word' id='word_1_55' title='bbox 1058 1154 1401 1207; x_wconf 84' lang='lat' dir='ltr'>divisionem</span> <span class='ocrx_word' id='word_1_56' title='bbox 1429 1152 1605 1207; x_wconf 90' lang='lat' dir='ltr'>unius</span> <span class='ocrx_word' id='word_1_57' title='bbox 1628 1150 1859 1206; x_wconf 91' lang='lat' dir='ltr'>Christi.</span> <span class='ocrx_word' id='word_1_58' title='bbox 1882 1150 2024 1206; x_wconf 84' lang='lat' dir='ltr'>Rur-</span> 
     </span>
    </p>
   </div>
   <div class='ocr_carea' id='block_1_10' title="bbox 370 1240 2027 1314">
    <p class='ocr_par' dir='ltr' id='par_1_10' title="bbox 370 1240 2027 1314">
     <span class='ocr_line' id='line_1_10' title="bbox 370 1240 2027 1314; baseline -0.005 -13"><span class='ocrx_word' id='word_1_59' title='bbox 370 1262 500 1301; x_wconf 93' lang='lat' dir='ltr'>sum</span> <span class='ocrx_word' id='word_1_60' title='bbox 537 1244 663 1314; x_wconf 92' lang='lat' dir='ltr'>ipse</span> <span class='ocrx_word' id='word_1_61' title='bbox 682 1243 741 1298; x_wconf 86' lang='lat' dir='ltr'>in</span> <span class='ocrx_word' id='word_1_62' title='bbox 764 1242 1009 1298; x_wconf 86' lang='lat' dir='ltr'>Scholiis</span> <span class='ocrx_word' id='word_1_63' title='bbox 1031 1241 1324 1313; x_wconf 80' lang='lat' dir='ltr'>loquitur:</span> <span class='ocrx_word' id='word_1_64' title='bbox 1349 1240 1465 1297; x_wconf 88' lang='lat' dir='ltr'>Non</span> <span class='ocrx_word' id='word_1_65' title='bbox 1485 1240 1819 1295; x_wconf 75' lang='lat' dir='ltr'>dividendus</span> <span class='ocrx_word' id='word_1_66' title='bbox 1850 1242 2027 1307; x_wconf 85' lang='lat' dir='ltr'>igitur</span> 
     </span>
    </p>
   </div>
   <div class='ocr_carea' id='block_1_11' title="bbox 370 1326 2026 1399">
    <p class='ocr_par' dir='ltr' id='par_1_11' title="bbox 370 1326 2026 1399">
     <span class='ocr_line' id='line_1_11' title="bbox 370 1326 2026 1399; baseline -0.004 -12"><span class='ocrx_word' id='word_1_67' title='bbox 370 1348 512 1387; x_wconf 84' lang='lat' dir='ltr'>unus</span> <span class='ocrx_word' id='word_1_68' title='bbox 548 1330 810 1385; x_wconf 85' lang='lat' dir='ltr'>Dominus</span> <span class='ocrx_word' id='word_1_69' title='bbox 838 1332 989 1385; x_wconf 75' lang='lat' dir='ltr'>Jesus</span> <span class='ocrx_word' id='word_1_70' title='bbox 1039 1329 1287 1383; x_wconf 86' lang='lat' dir='ltr'>Christus</span> <span class='ocrx_word' id='word_1_71' title='bbox 1326 1329 1587 1399; x_wconf 79' lang='lat' dir='ltr'>proprie:</span> <span class='ocrx_word' id='word_1_72' title='bbox 1618 1326 1711 1383; x_wconf 88' lang='lat' dir='ltr'>sed</span> <span class='ocrx_word' id='word_1_73' title='bbox 1754 1343 1926 1381; x_wconf 89' lang='lat' dir='ltr'>unum</span> <span class='ocrx_word' id='word_1_74' title='bbox 1975 1333 2026 1381; x_wconf 89' lang='lat' dir='ltr'>et</span> 
     </span>
    </p>
   </div>
   <div class='ocr_carea' id='block_1_12' title="bbox 369 1416 2023 1489">
    <p class='ocr_par' dir='ltr' id='par_1_12' title="bbox 369 1416 2023 1489">
     <span class='ocr_line' id='line_1_12' title="bbox 369 1416 2023 1489; baseline -0.004 -12"><span class='ocrx_word' id='word_1_75' title='bbox 369 1420 621 1477; x_wconf 87' lang='lat' dir='ltr'>eumdem</span> <span class='ocrx_word' id='word_1_76' title='bbox 653 1422 831 1475; x_wconf 86' lang='lat' dir='ltr'>Jesum</span> <span class='ocrx_word' id='word_1_77' title='bbox 868 1418 1146 1473; x_wconf 79' lang='lat' dir='ltr'>Christum</span> <span class='ocrx_word' id='word_1_78' title='bbox 1175 1426 1381 1489; x_wconf 76' lang='lat' dir='ltr'>oportet</span> <span class='ocrx_word' id='word_1_79' title='bbox 1428 1416 1652 1485; x_wconf 90' lang='lat' dir='ltr'>sentire,</span> <span class='ocrx_word' id='word_1_80' title='bbox 1685 1425 2023 1471; x_wconf 84' lang='lat' dir='ltr'>naturarum</span> 
     </span>
    </p>
   </div>
   <div class='ocr_carea' id='block_1_13' title="bbox 369 1504 2023 1579">
    <p class='ocr_par' dir='ltr' id='par_1_13' title="bbox 369 1504 2023 1579">
     <span class='ocr_line' id='line_1_13' title="bbox 369 1504 2023 1579; baseline -0.004 -14"><span class='ocrx_word' id='word_1_81' title='bbox 369 1510 606 1565; x_wconf 75' lang='lat' dir='ltr'>dicimus</span> <span class='ocrx_word' id='word_1_82' title='bbox 655 1506 1053 1579; x_wconf 67' lang='lat' dir='ltr'>iii/ferentium,</span> <span class='ocrx_word' id='word_1_83' title='bbox 1086 1514 1139 1562; x_wconf 89' lang='lat' dir='ltr'>et</span> <span class='ocrx_word' id='word_1_84' title='bbox 1188 1510 1472 1577; x_wconf 83' lang='lat' dir='ltr'>incon/use</span> <span class='ocrx_word' id='word_1_85' title='bbox 1524 1505 1759 1561; x_wconf 84' lang='lat' dir='ltr'>invicem</span> <span class='ocrx_word' id='word_1_86' title='bbox 1805 1504 2023 1560; x_wconf 88' lang='lat' dir='ltr'>easdem</span> 
     </span>
    </p>
   </div>
   <div class='ocr_carea' id='block_1_14' title="bbox 370 1592 2023 1666">
    <p class='ocr_par' dir='ltr' id='par_1_14' title="bbox 370 1592 2023 1666">
     <span class='ocr_line' id='line_1_14' title="bbox 370 1592 2023 1666; baseline -0.003 -13"><span class='ocrx_word' id='word_1_87' title='bbox 370 1608 669 1656; x_wconf 85' lang='lat' dir='ltr'>servantes.</span> <span class='ocrx_word' id='word_1_88' title='bbox 702 1598 767 1652; x_wconf 87' lang='lat' dir='ltr'>Et</span> <span class='ocrx_word' id='word_1_89' title='bbox 816 1599 873 1651; x_wconf 90' lang='lat' dir='ltr'>in</span> <span class='ocrx_word' id='word_1_90' title='bbox 927 1598 1257 1653; x_wconf 79' lang='lat' dir='ltr'>Thesauris:</span> <span class='ocrx_word' id='word_1_91' title='bbox 1288 1627 1354 1635; x_wconf 93' lang='lat'><strong>—</strong></span> <span class='ocrx_word' id='word_1_92' title='bbox 1403 1597 1642 1666; x_wconf 81' lang='lat' dir='ltr'>Denique</span> <span class='ocrx_word' id='word_1_93' title='bbox 1686 1594 1817 1665; x_wconf 88' lang='lat' dir='ltr'>quid</span> <span class='ocrx_word' id='word_1_94' title='bbox 1864 1592 2023 1648; x_wconf 89' lang='lat' dir='ltr'>aliud</span> 
     </span>
    </p>
   </div>
   <div class='ocr_carea' id='block_1_15' title="bbox 367 1682 2022 1761">
    <p class='ocr_par' dir='ltr' id='par_1_15' title="bbox 367 1682 2022 1761">
     <span class='ocr_line' id='line_1_15' title="bbox 367 1682 2022 1761; baseline -0.003 -17"><span class='ocrx_word' id='word_1_95' title='bbox 367 1690 462 1755; x_wconf 89' lang='lat' dir='ltr'>sit,</span> <span class='ocrx_word' id='word_1_96' title='bbox 495 1706 658 1761; x_wconf 87' lang='lat' dir='ltr'>quam</span> <span class='ocrx_word' id='word_1_97' title='bbox 692 1686 1065 1758; x_wconf 84' lang='lat' dir='ltr'>ignorantiam</span> <span class='ocrx_word' id='word_1_98' title='bbox 1114 1686 1265 1743; x_wconf 74' lang='lat' dir='ltr'>dixit</span> <span class='ocrx_word' id='word_1_99' title='bbox 1314 1684 1656 1753; x_wconf 75' lang='lat' dir='ltr'>oeconomice,</span> <span class='ocrx_word' id='word_1_100' title='bbox 1690 1685 1878 1740; x_wconf 73' lang='lat' dir='ltr'>268b</span> <span class='ocrx_word' id='word_1_101' title='bbox 1910 1682 2022 1739; x_wconf 87' lang='lat' dir='ltr'>nisi</span> 
     </span>
    </p>
   </div>
   <div class='ocr_carea' id='block_1_16' title="bbox 1576 390 2574 454">
    <p class='ocr_par' dir='ltr' id='par_1_16' title="bbox 1576 390 2574 454">
     <span class='ocr_line' id='line_1_16' title="bbox 1576 390 2574 454; baseline -0.004 -2"><span class='ocrx_word' id='word_1_102' title='bbox 1576 393 1844 453; x_wconf 86' lang='lat' dir='ltr'>PllO&#39;l‘lI</span> <span class='ocrx_word' id='word_1_103' title='bbox 1889 391 2415 454; x_wconf 69' lang='lat' dir='ltr'>PATRIARCIL‘E</span> <span class='ocrx_word' id='word_1_104' title='bbox 2458 390 2574 449; x_wconf 78' lang='grc' dir='ltr'>ΟΡ.</span> 
     </span>
    </p>
   </div>
   <div class='ocr_carea' id='block_1_17' title="bbox 3624 386 3785 445">
    <p class='ocr_par' dir='ltr' id='par_1_17' title="bbox 3624 386 3785 445">
     <span class='ocr_line' id='line_1_17' title="bbox 3624 386 3785 445; baseline -0.012 0"><span class='ocrx_word' id='word_1_105' title='bbox 3624 386 3785 445; x_wconf 72' lang='grc'>1016</span> 
     </span>
    </p>
   </div>
   <div class='ocr_carea' id='block_1_18' title="bbox 2468 518 3791 597">
    <p class='ocr_par' dir='ltr' id='par_1_18' title="bbox 2468 518 3791 597">
     <span class='ocr_line' id='line_1_18' title="bbox 2468 518 3791 597; baseline 0.002 -24"><span class='ocrx_word' id='word_1_106' title='bbox 2468 525 2575 574; x_wconf 80' lang='grc' dir='ltr'>τῶν</span> <span class='ocrx_word' id='word_1_107' title='bbox 2654 519 2861 597; x_wconf 63' lang='grc' dir='ltr'>φύσεων</span> <span class='ocrx_word' id='word_1_108' title='bbox 2944 518 3207 595; x_wconf 65' lang='grc' dir='ltr'>διαφοράς</span> <span class='ocrx_word' id='word_1_109' title='bbox 3276 520 3627 595; x_wconf 73' lang='grc' dir='ltr'>ἀνῃρημένης</span> <span class='ocrx_word' id='word_1_110' title='bbox 3694 518 3791 575; x_wconf 68' lang='grc' dir='ltr'>διὰ</span> 
     </span>
    </p>
   </div>
   <div class='ocr_carea' id='block_1_19' title="bbox 2131 608 3790 683">
    <p class='ocr_par' dir='ltr' id='par_1_19' title="bbox 2131 608 3790 683">
     <span class='ocr_line' id='line_1_19' title="bbox 2131 608 3790 683; baseline 0.001 -19"><span class='ocrx_word' id='word_1_111' title='bbox 2131 614 2229 680; x_wconf 75' lang='grc' dir='ltr'>τὴν</span> <span class='ocrx_word' id='word_1_112' title='bbox 2304 608 2515 677; x_wconf 74' lang='grc' dir='ltr'>ἕνωσιν,</span> <span class='ocrx_word' id='word_1_113' title='bbox 2592 610 3002 665; x_wconf 81' lang='grc' dir='ltr'>ἀποτελεσασῶν</span> <span class='ocrx_word' id='word_1_114' title='bbox 3068 608 3125 664; x_wconf 76' lang='grc' dir='ltr'>δὲ</span> <span class='ocrx_word' id='word_1_115' title='bbox 3202 608 3414 682; x_wconf 75' lang='grc' dir='ltr'>μᾶλλον</span> <span class='ocrx_word' id='word_1_116' title='bbox 3486 612 3622 683; x_wconf 78' lang='grc' dir='ltr'>ἡμῖν</span> <span class='ocrx_word' id='word_1_117' title='bbox 3690 611 3790 665; x_wconf 78' lang='grc' dir='ltr'>τὸν</span> 
     </span>
    </p>
   </div>
   <div class='ocr_carea' id='block_1_20' title="bbox 2129 698 3789 775">
    <p class='ocr_par' dir='ltr' id='par_1_20' title="bbox 2129 698 3789 775">
     <span class='ocr_line' id='line_1_20' title="bbox 2129 698 3789 775; baseline -0.001 -20"><span class='ocrx_word' id='word_1_118' title='bbox 2129 698 2222 756; x_wconf 75' lang='grc' dir='ltr'>ἕνα</span> <span class='ocrx_word' id='word_1_119' title='bbox 2271 700 2468 775; x_wconf 70' lang='grc' dir='ltr'>Κύριον</span> <span class='ocrx_word' id='word_1_120' title='bbox 2515 702 2601 756; x_wconf 84' lang='grc' dir='ltr'>καὶ</span> <span class='ocrx_word' id='word_1_121' title='bbox 2637 702 2761 756; x_wconf 80' lang='grc' dir='ltr'>Υἱὸν</span> <span class='ocrx_word' id='word_1_122' title='bbox 2821 700 2911 756; x_wconf 83' lang='grc' dir='ltr'>καὶ</span> <span class='ocrx_word' id='word_1_123' title='bbox 2968 700 3205 773; x_wconf 85' lang='grc' dir='ltr'>Χριστὸν</span> <span class='ocrx_word' id='word_1_124' title='bbox 3262 700 3520 771; x_wconf 85' lang='grc' dir='ltr'>θεότητός</span> <span class='ocrx_word' id='word_1_125' title='bbox 3572 721 3634 755; x_wconf 86' lang='grc' dir='ltr'>τε</span> <span class='ocrx_word' id='word_1_126' title='bbox 3691 701 3789 754; x_wconf 87' lang='grc' dir='ltr'>καί</span> 
     </span>
    </p>
   </div>
   <div class='ocr_carea' id='block_1_21' title="bbox 2132 787 3787 866">
    <p class='ocr_par' dir='ltr' id='par_1_21' title="bbox 2132 787 3787 866">
     <span class='ocr_line' id='line_1_21' title="bbox 2132 787 3787 866; baseline -0.001 -22"><span class='ocrx_word' id='word_1_127' title='bbox 2132 789 2553 864; x_wconf 81' lang='grc' dir='ltr'>ἀνθρωπότητος</span> <span class='ocrx_word' id='word_1_128' title='bbox 2612 788 2701 845; x_wconf 71' lang='grc' dir='ltr'>δια</span> <span class='ocrx_word' id='word_1_129' title='bbox 2774 797 2874 861; x_wconf 79' lang='grc' dir='ltr'>τῆς</span> <span class='ocrx_word' id='word_1_130' title='bbox 2949 791 3224 866; x_wconf 78' lang='grc' dir='ltr'>ἀφράστου</span> <span class='ocrx_word' id='word_1_131' title='bbox 3292 789 3385 843; x_wconf 83' lang='grc' dir='ltr'>καί</span> <span class='ocrx_word' id='word_1_132' title='bbox 3460 787 3787 863; x_wconf 62' lang='grc' dir='ltr'>ἀπορρήτου</span> 
     </span>
    </p>
   </div>
   <div class='ocr_carea' id='block_1_22' title="bbox 2131 879 3785 956">
    <p class='ocr_par' dir='ltr' id='par_1_22' title="bbox 2131 879 3785 956">
     <span class='ocr_line' id='line_1_22' title="bbox 2131 879 3785 956; baseline -0.001 -21"><span class='ocrx_word' id='word_1_133' title='bbox 2131 882 2267 955; x_wconf 84' lang='grc' dir='ltr'>πρὸς</span> <span class='ocrx_word' id='word_1_134' title='bbox 2300 879 2845 956; x_wconf 75' lang='grc' dir='ltr'>ἑνότητασυνδρομῆς</span> <span class='ocrx_word' id='word_1_135' title='bbox 2878 900 2891 914; x_wconf 83' lang='grc'><em>’</em></span> <span class='ocrx_word' id='word_1_136' title='bbox 2926 883 3015 935; x_wconf 87' lang='grc' dir='ltr'>καί</span> <span class='ocrx_word' id='word_1_137' title='bbox 3047 881 3211 937; x_wconf 87' lang='grc' dir='ltr'>πάλιν</span> <span class='ocrx_word' id='word_1_138' title='bbox 3242 880 3293 934; x_wconf 86' lang='grc' dir='ltr'>ἐν</span> <span class='ocrx_word' id='word_1_139' title='bbox 3339 885 3457 941; x_wconf 90' lang='grc' dir='ltr'>τοῖς</span> <span class='ocrx_word' id='word_1_140' title='bbox 3489 879 3785 954; x_wconf 79' lang='grc' dir='ltr'>Σχολίοις⁶</span> 
     </span>
    </p>
   </div>
   <div class='ocr_carea' id='block_1_23' title="bbox 2134 970 3792 1048">
    <p class='ocr_par' dir='ltr' id='par_1_23' title="bbox 2134 970 3792 1048">
     <span class='ocr_line' id='line_1_23' title="bbox 2134 970 3792 1048; baseline -0.001 -23"><span class='ocrx_word' id='word_1_141' title='bbox 2134 976 2436 1045; x_wconf 60' lang='grc' dir='ltr'>Προοοιυνεῖ</span> <span class='ocrx_word' id='word_1_142' title='bbox 2506 971 2600 1045; x_wconf 70' lang='grc' dir='ltr'>μὲν</span> <span class='ocrx_word' id='word_1_143' title='bbox 2678 971 2782 1045; x_wconf 81' lang='grc' dir='ltr'>γὰρ</span> <span class='ocrx_word' id='word_1_144' title='bbox 2854 971 2929 1033; x_wconf 83' lang='grc' dir='ltr'>ὡς</span> <span class='ocrx_word' id='word_1_145' title='bbox 3003 972 3104 1039; x_wconf 72' lang='grc' dir='ltr'>τήν</span> <span class='ocrx_word' id='word_1_146' title='bbox 3188 974 3593 1043; x_wconf 85' lang='grc' dir='ltr'>προσκυνοῦσαν</span> <span class='ocrx_word' id='word_1_147' title='bbox 3677 970 3792 1048; x_wconf 58' lang='grc' dir='ltr'>φῦ-</span> 
     </span>
    </p>
   </div>
   <div class='ocr_carea' id='block_1_24' title="bbox 2133 1055 3792 1133">
    <p class='ocr_par' dir='ltr' id='par_1_24' title="bbox 2133 1055 3792 1133">
     <span class='ocr_line' id='line_1_24' title="bbox 2133 1055 3792 1133; baseline -0.002 -18"><span class='ocrx_word' id='word_1_148' title='bbox 2133 1082 2213 1115; x_wconf 94' lang='grc' dir='ltr'>σιν</span> <span class='ocrx_word' id='word_1_149' title='bbox 2285 1055 2495 1128; x_wconf 78' lang='grc' dir='ltr'>λαϐὼν,</span> <span class='ocrx_word' id='word_1_150' title='bbox 2563 1065 2944 1133; x_wconf 76' lang='grc' dir='ltr'>προσκυνεῖται</span> <span class='ocrx_word' id='word_1_151' title='bbox 3023 1056 3079 1113; x_wconf 76' lang='grc' dir='ltr'>δὲ</span> <span class='ocrx_word' id='word_1_152' title='bbox 3136 1057 3301 1113; x_wconf 90' lang='grc' dir='ltr'>πάλιν</span> <span class='ocrx_word' id='word_1_153' title='bbox 3379 1059 3407 1112; x_wconf 99' lang='lat'>6</span> <span class='ocrx_word' id='word_1_154' title='bbox 3489 1057 3653 1120; x_wconf 81' lang='grc' dir='ltr'>αὐτος</span> <span class='ocrx_word' id='word_1_155' title='bbox 3710 1060 3792 1120; x_wconf 84' lang='grc' dir='ltr'>ὡς</span> 
     </span>
    </p>
   </div>
   <div class='ocr_carea' id='block_1_25' title="bbox 2131 1146 3785 1226">
    <p class='ocr_par' dir='ltr' id='par_1_25' title="bbox 2131 1146 3785 1226">
     <span class='ocr_line' id='line_1_25' title="bbox 2131 1146 3785 1226; baseline -0.002 -22"><span class='ocrx_word' id='word_1_156' title='bbox 2131 1157 2232 1219; x_wconf 76' lang='grc' dir='ltr'>τῆς</span> <span class='ocrx_word' id='word_1_157' title='bbox 2302 1150 2787 1226; x_wconf 75' lang='grc' dir='ltr'>προσκυνοῡμὲνης</span> <span class='ocrx_word' id='word_1_158' title='bbox 2862 1148 3076 1225; x_wconf 75' lang='grc' dir='ltr'>φύσεως</span> <span class='ocrx_word' id='word_1_159' title='bbox 3162 1148 3423 1222; x_wconf 76' lang='grc' dir='ltr'>ὑπάρχων</span> <span class='ocrx_word' id='word_1_160' title='bbox 3511 1146 3785 1218; x_wconf 69' lang='grc' dir='ltr'>ἐπέκεινα,</span> 
     </span>
    </p>
   </div>
   <div class='ocr_carea' id='block_1_26' title="bbox 2131 1234 3780 1309">
    <p class='ocr_par' dir='ltr' id='par_1_26' title="bbox 2131 1234 3780 1309">
     <span class='ocr_line' id='line_1_26' title="bbox 2131 1234 3780 1273; baseline -0.003 -13"><span class='ocrx_word' id='word_1_161' title='bbox 2131 1261 2144 1271; x_wconf 65' lang='lat'><em>.</em></span> <span class='ocrx_word' id='word_1_162' title='bbox 2237 1241 2250 1261; x_wconf 66' lang='grc' dir='ltr'>ἱ</span> <span class='ocrx_word' id='word_1_163' title='bbox 2297 1240 2317 1257; x_wconf 66' lang='grc' dir='ltr'>σε</span> <span class='ocrx_word' id='word_1_164' title='bbox 2474 1245 2495 1255; x_wconf 61' lang='grc' dir='ltr'><em>υ</em></span> <span class='ocrx_word' id='word_1_165' title='bbox 2680 1260 2697 1270; x_wconf 66' lang='grc'>-</span> <span class='ocrx_word' id='word_1_166' title='bbox 2926 1239 2940 1257; x_wconf 61' lang='grc' dir='ltr'><strong>ς</strong></span> <span class='ocrx_word' id='word_1_167' title='bbox 3072 1238 3128 1273; x_wconf 67' lang='grc' dir='ltr'>Ι-</span> <span class='ocrx_word' id='word_1_168' title='bbox 3241 1238 3255 1257; x_wconf 60' lang='grc' dir='ltr'><strong>Ω</strong></span> <span class='ocrx_word' id='word_1_169' title='bbox 3394 1234 3419 1255; x_wconf 63' lang='grc' dir='ltr'><strong><em>ν</em></strong></span> <span class='ocrx_word' id='word_1_170' title='bbox 3580 1238 3592 1250; x_wconf 66' lang='grc'><strong><em>⁵</em></strong></span> <span class='ocrx_word' id='word_1_171' title='bbox 3765 1239 3780 1267; x_wconf 63' lang='grc' dir='ltr'>γ</span> 
     </span>
     <span class='ocr_line' id='line_1_27' title="bbox 2135 1240 3764 1309; baseline -0.002 -15"><span class='ocrx_word' id='word_1_172' title='bbox 2135 1242 2230 1294; x_wconf 74' lang='grc' dir='ltr'>καί)</span> <span class='ocrx_word' id='word_1_173' title='bbox 2297 1262 2325 1294; x_wconf 95' lang='grc' dir='ltr'>ο</span> <span class='ocrx_word' id='word_1_174' title='bbox 2380 1260 2582 1295; x_wconf 85' lang='grc' dir='ltr'>νοειται</span> <span class='ocrx_word' id='word_1_175' title='bbox 2632 1240 2782 1309; x_wconf 69' lang='grc' dir='ltr'>Θεός,</span> <span class='ocrx_word' id='word_1_176' title='bbox 2844 1246 2942 1293; x_wconf 81' lang='grc' dir='ltr'>Και</span> <span class='ocrx_word' id='word_1_177' title='bbox 2990 1259 3176 1293; x_wconf 81' lang='grc' dir='ltr'>σκο-.ει</span> <span class='ocrx_word' id='word_1_178' title='bbox 3227 1258 3302 1299; x_wconf 90' lang='grc' dir='ltr'>ως</span> <span class='ocrx_word' id='word_1_179' title='bbox 3356 1258 3483 1291; x_wconf 90' lang='grc' dir='ltr'>ουτε</span> <span class='ocrx_word' id='word_1_180' title='bbox 3540 1258 3606 1291; x_wconf 89' lang='grc' dir='ltr'>τα</span> <span class='ocrx_word' id='word_1_181' title='bbox 3662 1257 3764 1290; x_wconf 78' lang='grc' dir='ltr'>κατ</span> 
     </span>
    </p>
   </div>
   <div class='ocr_carea' id='block_1_27' title="bbox 2135 1326 3790 1403">
    <p class='ocr_par' dir='ltr' id='par_1_27' title="bbox 2135 1326 3790 1403">
     <span class='ocr_line' id='line_1_28' title="bbox 2135 1326 3790 1403; baseline -0.002 -19"><span class='ocrx_word' id='word_1_182' title='bbox 2135 1329 2338 1385; x_wconf 82' lang='grc' dir='ltr'>εὐθεῖαν</span> <span class='ocrx_word' id='word_1_183' title='bbox 2398 1328 2574 1403; x_wconf 75' lang='grc' dir='ltr'>ἄρθρα</span> <span class='ocrx_word' id='word_1_184' title='bbox 2640 1326 2764 1383; x_wconf 76' lang='grc' dir='ltr'>οὕτε</span> <span class='ocrx_word' id='word_1_185' title='bbox 2820 1328 2887 1383; x_wconf 83' lang='grc' dir='ltr'>τὰ</span> <span class='ocrx_word' id='word_1_186' title='bbox 2959 1328 3076 1383; x_wconf 88' lang='grc' dir='ltr'>κατ’</span> <span class='ocrx_word' id='word_1_187' title='bbox 3142 1328 3448 1395; x_wconf 68' lang='grc' dir='ltr'>αἰτιατικὴν</span> <span class='ocrx_word' id='word_1_188' title='bbox 3514 1327 3790 1400; x_wconf 82' lang='grc' dir='ltr'>μερισμὸν</span> 
     </span>
    </p>
   </div>
   <div class='ocr_carea' id='block_1_28' title="bbox 2134 1412 3791 1495">
    <p class='ocr_par' dir='ltr' id='par_1_28' title="bbox 2134 1412 3791 1495">
     <span class='ocr_line' id='line_1_29' title="bbox 2134 1412 3791 1495; baseline -0.003 -22"><span class='ocrx_word' id='word_1_189' title='bbox 2134 1419 2330 1495; x_wconf 79' lang='grc' dir='ltr'>εἰσάγει</span> <span class='ocrx_word' id='word_1_190' title='bbox 2360 1422 2439 1490; x_wconf 76' lang='grc' dir='ltr'>τῷ</span> <span class='ocrx_word' id='word_1_191' title='bbox 2477 1420 2609 1494; x_wconf 80' lang='grc' dir='ltr'>ἰερῷ</span> <span class='ocrx_word' id='word_1_192' title='bbox 2638 1415 2900 1493; x_wconf 80' lang='grc' dir='ltr'>Κυρίλλῳ</span> <span class='ocrx_word' id='word_1_193' title='bbox 2928 1422 3026 1473; x_wconf 85' lang='grc' dir='ltr'>τοῦ</span> <span class='ocrx_word' id='word_1_194' title='bbox 3066 1417 3185 1471; x_wconf 73' lang='grc' dir='ltr'>ἑνὸς</span> <span class='ocrx_word' id='word_1_195' title='bbox 3225 1420 3482 1490; x_wconf 75' lang='grc' dir='ltr'>Χριστοῦ.</span> <span class='ocrx_word' id='word_1_196' title='bbox 3517 1415 3692 1472; x_wconf 80' lang='grc' dir='ltr'>Πάλιν</span> <span class='ocrx_word' id='word_1_197' title='bbox 3729 1412 3791 1469; x_wconf 75' lang='grc' dir='ltr'>δὲ</span> 
     </span>
    </p>
   </div>
   <div class='ocr_carea' id='block_1_29' title="bbox 2133 1502 3791 1582">
    <p class='ocr_par' dir='ltr' id='par_1_29' title="bbox 2133 1502 3791 1582">
     <span class='ocr_line' id='line_1_30' title="bbox 2133 1502 3791 1582; baseline -0.002 -20"><span class='ocrx_word' id='word_1_198' title='bbox 2133 1509 2160 1562; x_wconf 89' lang='lat'>6</span> <span class='ocrx_word' id='word_1_199' title='bbox 2209 1508 2371 1569; x_wconf 76' lang='grc' dir='ltr'>αὐτὸς</span> <span class='ocrx_word' id='word_1_200' title='bbox 2421 1508 2471 1562; x_wconf 82' lang='grc' dir='ltr'>ἐν</span> <span class='ocrx_word' id='word_1_201' title='bbox 2522 1513 2637 1570; x_wconf 79' lang='grc' dir='ltr'>τοῖς</span> <span class='ocrx_word' id='word_1_202' title='bbox 2686 1507 2872 1569; x_wconf 84' lang='grc' dir='ltr'>αὐτοῖς</span> <span class='ocrx_word' id='word_1_203' title='bbox 2927 1505 3191 1582; x_wconf 82' lang='grc' dir='ltr'>Σχολίοις</span> <span class='ocrx_word' id='word_1_204' title='bbox 3243 1506 3429 1580; x_wconf 76' lang='grc' dir='ltr'>φησίν,</span> <span class='ocrx_word' id='word_1_205' title='bbox 3479 1504 3553 1563; x_wconf 78' lang='grc' dir='ltr'>Οὐ</span> <span class='ocrx_word' id='word_1_206' title='bbox 3606 1502 3791 1579; x_wconf 85' lang='grc' dir='ltr'>διορι-</span> 
     </span>
    </p>
   </div>
   <div class='ocr_carea' id='block_1_30' title="bbox 2134 1594 3791 1671">
    <p class='ocr_par' dir='ltr' id='par_1_30' title="bbox 2134 1594 3791 1671">
     <span class='ocr_line' id='line_1_31' title="bbox 2134 1594 3791 1671; baseline 0 -20"><span class='ocrx_word' id='word_1_207' title='bbox 2134 1596 2281 1653; x_wconf 75' lang='grc' dir='ltr'>στέον</span> <span class='ocrx_word' id='word_1_208' title='bbox 2364 1595 2464 1671; x_wconf 75' lang='grc' dir='ltr'>ἄρα</span> <span class='ocrx_word' id='word_1_209' title='bbox 2546 1598 2639 1652; x_wconf 86' lang='grc' dir='ltr'>τὸν</span> <span class='ocrx_word' id='word_1_210' title='bbox 2723 1594 2815 1651; x_wconf 70' lang='grc' dir='ltr'>’ἐνα</span> <span class='ocrx_word' id='word_1_211' title='bbox 2895 1595 3094 1670; x_wconf 75' lang='grc' dir='ltr'>Κύριον</span> <span class='ocrx_word' id='word_1_212' title='bbox 3198 1599 3409 1665; x_wconf 86' lang='grc' dir='ltr'>Ἰησοῦν</span> <span class='ocrx_word' id='word_1_213' title='bbox 3492 1596 3619 1668; x_wconf 77' lang='grc'>[433</span> <span class='ocrx_word' id='word_1_214' title='bbox 3692 1596 3791 1666; x_wconf 84' lang='grc' dir='ltr'>Η.]</span> 
     </span>
    </p>
   </div>
   <div class='ocr_carea' id='block_1_31' title="bbox 2132 1682 3789 1758">
    <p class='ocr_par' dir='ltr' id='par_1_31' title="bbox 2132 1682 3789 1758">
     <span class='ocr_line' id='line_1_32' title="bbox 2132 1682 3789 1758; baseline -0.003 -16"><span class='ocrx_word' id='word_1_215' title='bbox 2132 1687 2361 1758; x_wconf 81' lang='grc' dir='ltr'>Χριστὸν</span> <span class='ocrx_word' id='word_1_216' title='bbox 2421 1684 2611 1749; x_wconf 82' lang='grc' dir='ltr'>ἷδικὼς</span> <span class='ocrx_word' id='word_1_217' title='bbox 2663 1688 2751 1741; x_wconf 88' lang='grc' dir='ltr'>καί</span> <span class='ocrx_word' id='word_1_218' title='bbox 2812 1685 2889 1749; x_wconf 81' lang='grc' dir='ltr'>εἷς</span> <span class='ocrx_word' id='word_1_219' title='bbox 2945 1686 3074 1740; x_wconf 83' lang='grc' dir='ltr'>Θεὸν</span> <span class='ocrx_word' id='word_1_220' title='bbox 3135 1683 3348 1753; x_wconf 76' lang='grc' dir='ltr'>ἷδικῶς,</span> <span class='ocrx_word' id='word_1_221' title='bbox 3409 1682 3535 1739; x_wconf 82' lang='grc' dir='ltr'>ἀλλ’</span> <span class='ocrx_word' id='word_1_222' title='bbox 3566 1682 3664 1738; x_wconf 74' lang='grc' dir='ltr'>ἕνα</span> <span class='ocrx_word' id='word_1_223' title='bbox 3696 1685 3789 1737; x_wconf 81' lang='grc' dir='ltr'>καὶ</span> 
     </span>
    </p>
   </div>
   <div class='ocr_carea' id='block_1_32' title="bbox 367 1773 2016 1857">
    <p class='ocr_par' dir='ltr' id='par_1_32' title="bbox 367 1775 2016 1835">
     <span class='ocr_line' id='line_1_33' title="bbox 367 1775 2016 1835; baseline -0.005 -1"><span class='ocrx_word' id='word_1_224' title='bbox 367 1781 572 1835; x_wconf 84' lang='lat' dir='ltr'><strong><em>iterum</em></strong></span> <span class='ocrx_word' id='word_1_225' title='bbox 618 1794 838 1834; x_wconf 85' lang='lat' dir='ltr'>servare</span> <span class='ocrx_word' id='word_1_226' title='bbox 884 1779 1228 1833; x_wconf 85' lang='lat' dir='ltr'>humanitati</span> <span class='ocrx_word' id='word_1_227' title='bbox 1274 1776 1684 1833; x_wconf 85' lang='lat' dir='ltr'>convenientem</span> <span class='ocrx_word' id='word_1_228' title='bbox 1730 1775 2016 1830; x_wconf 78' lang='lat' dir='ltr'>ordinem?</span> 
     </span>
    </p>
   </div>
   <div class='ocr_carea' id='block_1_33' title="bbox 2130 1773 3787 1857">
    <p class='ocr_par' dir='ltr' id='par_1_33' title="bbox 2130 1773 3787 1852">
     <span class='ocr_line' id='line_1_34' title="bbox 2130 1773 3787 1852; baseline -0.004 -21"><span class='ocrx_word' id='word_1_229' title='bbox 2130 1777 2219 1831; x_wconf 87' lang='grc' dir='ltr'>τὸν</span> <span class='ocrx_word' id='word_1_230' title='bbox 2274 1776 2432 1831; x_wconf 81' lang='grc' dir='ltr'>αὐτὸν</span> <span class='ocrx_word' id='word_1_231' title='bbox 2491 1778 2705 1846; x_wconf 87' lang='grc' dir='ltr'>Ἰησοῦν</span> <span class='ocrx_word' id='word_1_232' title='bbox 2774 1774 3007 1850; x_wconf 80' lang='grc' dir='ltr'>Χριστόν</span> <span class='ocrx_word' id='word_1_233' title='bbox 3068 1773 3151 1829; x_wconf 89' lang='grc' dir='ltr'>δεῖ</span> <span class='ocrx_word' id='word_1_234' title='bbox 3215 1779 3427 1852; x_wconf 75' lang='grc' dir='ltr'>φρονεῖν</span> <span class='ocrx_word' id='word_1_235' title='bbox 3479 1779 3601 1835; x_wconf 87' lang='grc' dir='ltr'>τοῖς</span> <span class='ocrx_word' id='word_1_236' title='bbox 3674 1778 3787 1827; x_wconf 79' lang='grc' dir='ltr'>τῶν</span> 
     </span>
    </p>
   </div>
   <div class='ocr_carea' id='block_1_34' title="bbox 367 1861 2019 1939">
    <p class='ocr_par' dir='ltr' id='par_1_34' title="bbox 367 1861 2019 1939">
     <span class='ocr_line' id='line_1_35' title="bbox 367 1861 2019 1939; baseline -0.004 -16"><span class='ocrx_word' id='word_1_237' title='bbox 367 1866 741 1923; x_wconf 76' lang='lat' dir='ltr'>Humanitatis</span> <span class='ocrx_word' id='word_1_238' title='bbox 788 1870 936 1923; x_wconf 87' lang='lat' dir='ltr'>enim</span> <span class='ocrx_word' id='word_1_239' title='bbox 966 1866 1277 1939; x_wconf 87' lang='lat' dir='ltr'>proprium,</span> <span class='ocrx_word' id='word_1_240' title='bbox 1308 1881 1416 1921; x_wconf 86' lang='lat' dir='ltr'>non</span> <span class='ocrx_word' id='word_1_241' title='bbox 1448 1868 1588 1920; x_wconf 84' lang='lat' dir='ltr'>scire</span> <span class='ocrx_word' id='word_1_242' title='bbox 1615 1866 1830 1935; x_wconf 75' lang='lat' dir='ltr'>futura.</span> <span class='ocrx_word' id='word_1_243' title='bbox 1866 1862 1929 1917; x_wconf 84' lang='lat' dir='ltr'>Et</span> <span class='ocrx_word' id='word_1_244' title='bbox 1962 1861 2019 1917; x_wconf 90' lang='lat' dir='ltr'>in</span> 
     </span>
    </p>
   </div>
   <div class='ocr_carea' id='block_1_35' title="bbox 367 1951 2021 2027">
    <p class='ocr_par' dir='ltr' id='par_1_35' title="bbox 367 1951 2021 2027">
     <span class='ocr_line' id='line_1_36' title="bbox 367 1951 2021 2027; baseline -0.004 -15"><span class='ocrx_word' id='word_1_245' title='bbox 367 1959 619 2012; x_wconf 88' lang='lat' dir='ltr'>secunda</span> <span class='ocrx_word' id='word_1_246' title='bbox 642 1956 887 2027; x_wconf 87' lang='lat' dir='ltr'>epistola</span> <span class='ocrx_word' id='word_1_247' title='bbox 916 1958 983 2011; x_wconf 82' lang='lat' dir='ltr'>ad</span> <span class='ocrx_word' id='word_1_248' title='bbox 1009 1956 1402 2012; x_wconf 84' lang='lat' dir='ltr'>Succensum:</span> <span class='ocrx_word' id='word_1_249' title='bbox 1431 1954 1490 2010; x_wconf 87' lang='lat' dir='ltr'>Si</span> <span class='ocrx_word' id='word_1_250' title='bbox 1511 1957 1661 2010; x_wconf 89' lang='lat' dir='ltr'>enim</span> <span class='ocrx_word' id='word_1_251' title='bbox 1690 1958 1744 2009; x_wconf 84' lang='lat' dir='ltr'>et</span> <span class='ocrx_word' id='word_1_252' title='bbox 1775 1968 1918 2007; x_wconf 88' lang='lat' dir='ltr'>unus</span> <span class='ocrx_word' id='word_1_253' title='bbox 1937 1951 2021 2006; x_wconf 84' lang='lat' dir='ltr'>di-</span> 
     </span>
    </p>
   </div>
   <div class='ocr_carea' id='block_1_36' title="bbox 365 2045 2023 2116">
    <p class='ocr_par' dir='ltr' id='par_1_36' title="bbox 365 2045 2023 2116">
     <span class='ocr_line' id='line_1_37' title="bbox 365 2045 2023 2116; baseline -0.001 -16"><span class='ocrx_word' id='word_1_254' title='bbox 365 2054 524 2102; x_wconf 84' lang='lat' dir='ltr'>catur</span> <span class='ocrx_word' id='word_1_255' title='bbox 552 2062 649 2116; x_wconf 90' lang='lat' dir='ltr'>pro</span> <span class='ocrx_word' id='word_1_256' title='bbox 678 2047 832 2101; x_wconf 88' lang='lat' dir='ltr'>nobis</span> <span class='ocrx_word' id='word_1_257' title='bbox 861 2048 1036 2101; x_wconf 84' lang='lat' dir='ltr'>Filius</span> <span class='ocrx_word' id='word_1_258' title='bbox 1068 2045 1165 2101; x_wconf 90' lang='lat' dir='ltr'>Dei</span> <span class='ocrx_word' id='word_1_259' title='bbox 1195 2048 1542 2111; x_wconf 82' lang='lat' dir='ltr'>incarnatus,</span> <span class='ocrx_word' id='word_1_260' title='bbox 1574 2058 1686 2099; x_wconf 87' lang='lat' dir='ltr'>non</span> <span class='ocrx_word' id='word_1_261' title='bbox 1728 2046 2023 2114; x_wconf 65' lang='lat' dir='ltr'>permistu‘</span> 
     </span>
    </p>
   </div>
   <div class='ocr_carea' id='block_1_37' title="bbox 366 2134 2022 2205">
    <p class='ocr_par' dir='ltr' id='par_1_37' title="bbox 366 2134 2022 2205">
     <span class='ocr_line' id='line_1_38' title="bbox 366 2134 2022 2205; baseline 0.001 -17"><span class='ocrx_word' id='word_1_262' title='bbox 366 2135 486 2189; x_wconf 88' lang='lat' dir='ltr'>ideo</span> <span class='ocrx_word' id='word_1_263' title='bbox 516 2135 755 2190; x_wconf 85' lang='lat' dir='ltr'>invicem</span> <span class='ocrx_word' id='word_1_264' title='bbox 788 2134 983 2202; x_wconf 89' lang='lat' dir='ltr'>videri,</span> <span class='ocrx_word' id='word_1_265' title='bbox 1006 2150 1185 2205; x_wconf 85' lang='lat' dir='ltr'>neque</span> <span class='ocrx_word' id='word_1_266' title='bbox 1214 2135 1273 2189; x_wconf 89' lang='lat' dir='ltr'>in</span> <span class='ocrx_word' id='word_1_267' title='bbox 1303 2136 1487 2190; x_wconf 88' lang='lat' dir='ltr'>carnis</span> <span class='ocrx_word' id='word_1_268' title='bbox 1516 2137 1777 2189; x_wconf 89' lang='lat' dir='ltr'>naturam</span> <span class='ocrx_word' id='word_1_269' title='bbox 1807 2138 2022 2189; x_wconf 87' lang='lat' dir='ltr'>mutata</span> 
     </span>
    </p>
   </div>
   <div class='ocr_carea' id='block_1_38' title="bbox 366 2222 2022 2295">
    <p class='ocr_par' dir='ltr' id='par_1_38' title="bbox 366 2222 2022 2295">
     <span class='ocr_line' id='line_1_39' title="bbox 366 2222 2022 2295; baseline 0 -17"><span class='ocrx_word' id='word_1_270' title='bbox 366 2228 445 2278; x_wconf 90' lang='lat' dir='ltr'>est</span> <span class='ocrx_word' id='word_1_271' title='bbox 484 2223 637 2279; x_wconf 83' lang='lat' dir='ltr'><strong><em>Verbi</em></strong></span> <span class='ocrx_word' id='word_1_272' title='bbox 666 2227 909 2278; x_wconf 85' lang='lat' dir='ltr'>natura:</span> <span class='ocrx_word' id='word_1_273' title='bbox 943 2224 1033 2279; x_wconf 90' lang='lat' dir='ltr'>sed</span> <span class='ocrx_word' id='word_1_274' title='bbox 1075 2240 1247 2295; x_wconf 76' lang='lat' dir='ltr'>neque</span> <span class='ocrx_word' id='word_1_275' title='bbox 1289 2226 1473 2279; x_wconf 85' lang='lat' dir='ltr'>carnis</span> <span class='ocrx_word' id='word_1_276' title='bbox 1522 2225 1581 2279; x_wconf 89' lang='lat' dir='ltr'>in</span> <span class='ocrx_word' id='word_1_277' title='bbox 1630 2222 1802 2291; x_wconf 84' lang='lat' dir='ltr'><strong><em>Verbi,</em></strong></span> <span class='ocrx_word' id='word_1_278' title='bbox 1836 2225 1930 2280; x_wconf 87' lang='lat' dir='ltr'>sed</span> <span class='ocrx_word' id='word_1_279' title='bbox 1960 2225 2022 2280; x_wconf 86' lang='lat' dir='ltr'>in</span> 
     </span>
    </p>
   </div>
   <div class='ocr_carea' id='block_1_39' title="bbox 360 2310 2017 2383">
    <p class='ocr_par' dir='ltr' id='par_1_39' title="bbox 360 2310 2017 2383">
     <span class='ocr_line' id='line_1_40' title="bbox 360 2310 2017 2383; baseline 0.002 -20"><span class='ocrx_word' id='word_1_280' title='bbox 360 2311 700 2380; x_wconf 84' lang='lat' dir='ltr'><strong><em>proprietate</em></strong></span> <span class='ocrx_word' id='word_1_281' title='bbox 744 2310 1005 2365; x_wconf 85' lang='lat' dir='ltr'>naturali</span> <span class='ocrx_word' id='word_1_282' title='bbox 1051 2319 1283 2383; x_wconf 89' lang='lat' dir='ltr'>utraque</span> <span class='ocrx_word' id='word_1_283' title='bbox 1329 2318 1586 2367; x_wconf 85' lang='lat' dir='ltr'>manente</span> <span class='ocrx_word' id='word_1_284' title='bbox 1624 2317 1673 2367; x_wconf 84' lang='lat' dir='ltr'>et</span> <span class='ocrx_word' id='word_1_285' title='bbox 1714 2312 2017 2368; x_wconf 84' lang='lat' dir='ltr'>intellecta.</span> 
     </span>
    </p>
   </div>
   <div class='ocr_carea' id='block_1_40' title="bbox 366 2398 2017 2473">
    <p class='ocr_par' dir='ltr' id='par_1_40' title="bbox 366 2398 2017 2473">
     <span class='ocr_line' id='line_1_41' title="bbox 366 2398 2017 2473; baseline 0.004 -22"><span class='ocrx_word' id='word_1_286' title='bbox 366 2399 485 2452; x_wconf 66' lang='lat' dir='ltr'>Haec</span> <span class='ocrx_word' id='word_1_287' title='bbox 516 2398 644 2468; x_wconf 82' lang='lat' dir='ltr'>ipsa</span> <span class='ocrx_word' id='word_1_288' title='bbox 673 2400 753 2454; x_wconf 87' lang='lat' dir='ltr'>sic</span> <span class='ocrx_word' id='word_1_289' title='bbox 785 2399 1058 2470; x_wconf 84' lang='lat' dir='ltr'>recipiens</span> <span class='ocrx_word' id='word_1_290' title='bbox 1078 2399 1243 2456; x_wconf 88' lang='lat' dir='ltr'>solvit</span> <span class='ocrx_word' id='word_1_291' title='bbox 1270 2400 1625 2470; x_wconf 84' lang='lat' dir='ltr'>scandalum,</span> <span class='ocrx_word' id='word_1_292' title='bbox 1648 2402 1737 2457; x_wconf 85' lang='lat' dir='ltr'>sed</span> <span class='ocrx_word' id='word_1_293' title='bbox 1767 2404 1863 2473; x_wconf 89' lang='lat' dir='ltr'>qui</span> <span class='ocrx_word' id='word_1_294' title='bbox 1891 2417 2017 2457; x_wconf 84' lang='lat' dir='ltr'>con-</span> 
     </span>
    </p>
   </div>
   <div class='ocr_carea' id='block_1_41' title="bbox 364 2488 2019 2559">
    <p class='ocr_par' dir='ltr' id='par_1_41' title="bbox 364 2488 2019 2559">
     <span class='ocr_line' id='line_1_42' title="bbox 364 2488 2019 2559; baseline 0.005 -19"><span class='ocrx_word' id='word_1_295' title='bbox 364 2489 548 2542; x_wconf 89' lang='lat' dir='ltr'>traria</span> <span class='ocrx_word' id='word_1_296' title='bbox 578 2490 797 2554; x_wconf 83' lang='lat' dir='ltr'>asserit,</span> <span class='ocrx_word' id='word_1_297' title='bbox 829 2488 1125 2559; x_wconf 87' lang='lat' dir='ltr'>subjicitur</span> <span class='ocrx_word' id='word_1_298' title='bbox 1153 2490 1398 2545; x_wconf 88' lang='lat' dir='ltr'>terribili</span> <span class='ocrx_word' id='word_1_299' title='bbox 1426 2490 1606 2547; x_wconf 88' lang='lat' dir='ltr'>edicto</span> <span class='ocrx_word' id='word_1_300' title='bbox 1641 2492 2019 2548; x_wconf 68' lang='lat' dir='ltr'>immaculata?</span> 
     </span>
    </p>
   </div>
   <div class='ocr_carea' id='block_1_42' title="bbox 363 2575 2017 2651">
    <p class='ocr_par' dir='ltr' id='par_1_42' title="bbox 363 2575 2017 2651">
     <span class='ocr_line' id='line_1_43' title="bbox 363 2575 2017 2651; baseline 0.004 -22"><span class='ocrx_word' id='word_1_301' title='bbox 363 2577 506 2631; x_wconf 86' lang='lat' dir='ltr'>vocis</span> <span class='ocrx_word' id='word_1_302' title='bbox 556 2575 768 2631; x_wconf 87' lang='lat' dir='ltr'>dicente</span> <span class='ocrx_word' id='word_1_303' title='bbox 800 2578 860 2631; x_wconf 89' lang='lat' dir='ltr'>in</span> <span class='ocrx_word' id='word_1_304' title='bbox 892 2578 1223 2646; x_wconf 79' lang='lat' dir='ltr'>euangelicis</span> <span class='ocrx_word' id='word_1_305' title='bbox 1246 2597 1265 2634; x_wconf 93' lang='lat'><em>:</em></span> <span class='ocrx_word' id='word_1_306' title='bbox 1299 2600 1327 2628; x_wconf 86' lang='lat'><strong><em>«</em></strong></span> <span class='ocrx_word' id='word_1_307' title='bbox 1364 2578 1452 2637; x_wconf 70' lang='lat' dir='ltr'>Vae</span> <span class='ocrx_word' id='word_1_308' title='bbox 1494 2579 1705 2635; x_wconf 83' lang='lat' dir='ltr'>homini</span> <span class='ocrx_word' id='word_1_309' title='bbox 1733 2596 1830 2650; x_wconf 90' lang='lat' dir='ltr'><strong><em>per</em></strong></span> <span class='ocrx_word' id='word_1_310' title='bbox 1858 2596 2017 2651; x_wconf 86' lang='lat' dir='ltr'>quem</span> 
     </span>
    </p>
   </div>
   <div class='ocr_carea' id='block_1_43' title="bbox 362 2664 2015 2738">
    <p class='ocr_par' dir='ltr' id='par_1_43' title="bbox 362 2664 2015 2738">
     <span class='ocr_line' id='line_1_44' title="bbox 362 2664 2015 2738; baseline 0.005 -22"><span class='ocrx_word' id='word_1_311' title='bbox 362 2665 509 2717; x_wconf 86' lang='lat' dir='ltr'>venit</span> <span class='ocrx_word' id='word_1_312' title='bbox 530 2664 849 2720; x_wconf 87' lang='lat' dir='ltr'>scandalum</span> <span class='ocrx_word' id='word_1_313' title='bbox 867 2678 911 2722; x_wconf 88' lang='grc' dir='ltr'><strong>ο.</strong></span> <span class='ocrx_word' id='word_1_314' title='bbox 940 2687 967 2714; x_wconf 87' lang='grc'><strong>››</strong></span> <span class='ocrx_word' id='word_1_315' title='bbox 992 2666 1086 2722; x_wconf 90' lang='lat' dir='ltr'>Sic</span> <span class='ocrx_word' id='word_1_316' title='bbox 1109 2667 1416 2723; x_wconf 86' lang='lat' dir='ltr'>concilium</span> <span class='ocrx_word' id='word_1_317' title='bbox 1442 2671 1499 2723; x_wconf 89' lang='lat' dir='ltr'>et</span> <span class='ocrx_word' id='word_1_318' title='bbox 1519 2666 1789 2738; x_wconf 85' lang='lat' dir='ltr'>Cyrillus.</span> <span class='ocrx_word' id='word_1_319' title='bbox 1816 2669 1879 2722; x_wconf 86' lang='lat' dir='ltr'>Et</span> <span class='ocrx_word' id='word_1_320' title='bbox 1901 2684 2015 2724; x_wconf 89' lang='lat' dir='ltr'>non</span> 
     </span>
    </p>
   </div>
   <div class='ocr_carea' id='block_1_44' title="bbox 363 2751 2015 2825">
    <p class='ocr_par' dir='ltr' id='par_1_44' title="bbox 363 2751 2015 2825">
     <span class='ocr_line' id='line_1_45' title="bbox 363 2751 2015 2825; baseline 0.005 -19"><span class='ocrx_word' id='word_1_321' title='bbox 363 2751 557 2807; x_wconf 86' lang='lat' dir='ltr'>solum</span> <span class='ocrx_word' id='word_1_322' title='bbox 591 2752 863 2824; x_wconf 79' lang='lat' dir='ltr'>Cyrillus,</span> <span class='ocrx_word' id='word_1_323' title='bbox 888 2756 986 2810; x_wconf 90' lang='lat' dir='ltr'>sed</span> <span class='ocrx_word' id='word_1_324' title='bbox 1012 2764 1062 2809; x_wconf 89' lang='lat' dir='ltr'>et</span> <span class='ocrx_word' id='word_1_325' title='bbox 1096 2754 1193 2810; x_wconf 85' lang='lat' dir='ltr'>alii</span> <span class='ocrx_word' id='word_1_326' title='bbox 1225 2756 1407 2811; x_wconf 86' lang='lat' dir='ltr'>sancti</span> <span class='ocrx_word' id='word_1_327' title='bbox 1440 2758 1658 2825; x_wconf 82' lang='lat' dir='ltr'>Patres,</span> <span class='ocrx_word' id='word_1_328' title='bbox 1684 2762 1747 2811; x_wconf 87' lang='lat' dir='ltr'>ut</span> <span class='ocrx_word' id='word_1_329' title='bbox 1777 2774 2015 2814; x_wconf 86' lang='lat' dir='ltr'>consen-</span> 
     </span>
    </p>
   </div>
   <div class='ocr_carea' id='block_1_45' title="bbox 361 2840 2008 2917">
    <p class='ocr_par' dir='ltr' id='par_1_45' title="bbox 361 2840 2008 2917">
     <span class='ocr_line' id='line_1_46' title="bbox 361 2840 2008 2917; baseline 0.004 -22"><span class='ocrx_word' id='word_1_330' title='bbox 361 2840 573 2896; x_wconf 89' lang='lat' dir='ltr'>tientes</span> <span class='ocrx_word' id='word_1_331' title='bbox 596 2841 653 2895; x_wconf 88' lang='lat' dir='ltr'>in</span> <span class='ocrx_word' id='word_1_332' title='bbox 688 2841 825 2907; x_wconf 80' lang='lat' dir='ltr'>fide,</span> <span class='ocrx_word' id='word_1_333' title='bbox 848 2844 932 2898; x_wconf 86' lang='lat' dir='ltr'>ita</span> <span class='ocrx_word' id='word_1_334' title='bbox 952 2848 1007 2899; x_wconf 91' lang='lat' dir='ltr'>et</span> <span class='ocrx_word' id='word_1_335' title='bbox 1034 2846 1209 2900; x_wconf 92' lang='lat' dir='ltr'>unius</span> <span class='ocrx_word' id='word_1_336' title='bbox 1232 2846 1529 2901; x_wconf 70' lang='lat' dir='ltr'>sententiis</span> <span class='ocrx_word' id='word_1_337' title='bbox 1554 2852 2008 2917; x_wconf 85' lang='lat' dir='ltr'>cognoscuntur.</span> 
     </span>
    </p>
   </div>
   <div class='ocr_carea' id='block_1_46' title="bbox 363 2928 606 2985">
    <p class='ocr_par' dir='ltr' id='par_1_46' title="bbox 363 2928 606 2985">
     <span class='ocr_line' id='line_1_47' title="bbox 363 2928 606 2985; baseline 0.004 -3"><span class='ocrx_word' id='word_1_338' title='bbox 363 2928 488 2985; x_wconf 74' lang='grc' dir='ltr'>ἀλλ’</span> <span class='ocrx_word' id='word_1_339' title='bbox 555 2929 606 2984; x_wconf 83' lang='grc' dir='ltr'>ἐν</span> 
     </span>
    </p>
   </div>
   <div class='ocr_carea' id='block_1_47' title="bbox 362 3015 1057 3076">
    <p class='ocr_par' dir='ltr' id='par_1_47' title="bbox 362 3015 1057 3076">
     <span class='ocr_line' id='line_1_48' title="bbox 362 3015 1057 3076; baseline 0.007 -5"><span class='ocrx_word' id='word_1_340' title='bbox 362 3015 482 3071; x_wconf 75' lang='grc' dir='ltr'>λύει</span> <span class='ocrx_word' id='word_1_341' title='bbox 566 3020 628 3073; x_wconf 88' lang='grc' dir='ltr'>τὸ</span> <span class='ocrx_word' id='word_1_342' title='bbox 716 3020 1057 3076; x_wconf 82' lang='grc' dir='ltr'>σκάνδαλον⁸</span> 
     </span>
    </p>
   </div>
   <div class='ocr_carea' id='block_1_48' title="bbox 2136 1860 3788 1944">
    <p class='ocr_par' dir='ltr' id='par_1_48' title="bbox 2136 1860 3788 1944">
     <span class='ocr_line' id='line_1_49' title="bbox 2136 1860 3788 1944; baseline -0.002 -26"><span class='ocrx_word' id='word_1_343' title='bbox 2136 1864 2346 1944; x_wconf 73' lang='grc' dir='ltr'>φύσεων</span> <span class='ocrx_word' id='word_1_344' title='bbox 2401 1865 2596 1941; x_wconf 70' lang='grc' dir='ltr'>φαμὲν.</span> <span class='ocrx_word' id='word_1_345' title='bbox 2649 1860 2816 1919; x_wconf 85' lang='grc' dir='ltr'>εἰδόσι</span> <span class='ocrx_word' id='word_1_346' title='bbox 2881 1865 2980 1932; x_wconf 77' lang='grc' dir='ltr'>τήν</span> <span class='ocrx_word' id='word_1_347' title='bbox 3037 1860 3301 1939; x_wconf 74' lang='grc' dir='ltr'>διαφοράν</span> <span class='ocrx_word' id='word_1_348' title='bbox 3378 1862 3467 1917; x_wconf 82' lang='grc' dir='ltr'>καὶ</span> <span class='ocrx_word' id='word_1_349' title='bbox 3533 1862 3788 1937; x_wconf 71' lang='grc' dir='ltr'>ἀσυγχύ-</span> 
     </span>
    </p>
   </div>
   <div class='ocr_carea' id='block_1_49' title="bbox 2134 1950 3789 2027">
    <p class='ocr_par' dir='ltr' id='par_1_49' title="bbox 2134 1950 3789 2027">
     <span class='ocr_line' id='line_1_50' title="bbox 2134 1950 3789 2027; baseline -0.001 -20"><span class='ocrx_word' id='word_1_350' title='bbox 2134 1973 2242 2015; x_wconf 88' lang='grc' dir='ltr'>τως</span> <span class='ocrx_word' id='word_1_351' title='bbox 2290 1953 2568 2025; x_wconf 78' lang='grc' dir='ltr'>ἀλλήλαις</span> <span class='ocrx_word' id='word_1_352' title='bbox 2617 1958 2876 2027; x_wconf 73' lang='grc' dir='ltr'>τηροῦσιν</span> <span class='ocrx_word' id='word_1_353' title='bbox 2904 1954 2951 1990; x_wconf 77' lang='grc'>⁸³</span> <span class='ocrx_word' id='word_1_354' title='bbox 2999 1953 3182 2014; x_wconf 83' lang='grc' dir='ltr'>αὐτάς.</span> <span class='ocrx_word' id='word_1_355' title='bbox 3235 1951 3335 2007; x_wconf 76' lang='grc' dir='ltr'>Καὶ</span> <span class='ocrx_word' id='word_1_356' title='bbox 3394 1950 3447 2007; x_wconf 76' lang='grc' dir='ltr'>ἐν</span> <span class='ocrx_word' id='word_1_357' title='bbox 3498 1956 3617 2012; x_wconf 79' lang='grc' dir='ltr'>τοῖς</span> <span class='ocrx_word' id='word_1_358' title='bbox 3665 1957 3789 2021; x_wconf 79' lang='grc' dir='ltr'>Θη-</span> 
     </span>
    </p>
   </div>
   <div class='ocr_carea' id='block_1_50' title="bbox 2135 2041 3778 2121">
    <p class='ocr_par' dir='ltr' id='par_1_50' title="bbox 2135 2041 3778 2121">
     <span class='ocr_line' id='line_1_51' title="bbox 2135 2041 3778 2121; baseline -0.002 -22"><span class='ocrx_word' id='word_1_359' title='bbox 2135 2050 2353 2121; x_wconf 84' lang='grc' dir='ltr'>σαυροῖς</span> <span class='ocrx_word' id='word_1_360' title='bbox 2388 2062 2402 2077; x_wconf 77' lang='grc'><strong><em>⁸</em></strong></span> <span class='ocrx_word' id='word_1_361' title='bbox 2461 2043 2626 2107; x_wconf 81' lang='grc' dir='ltr'>Τὲλος</span> <span class='ocrx_word' id='word_1_362' title='bbox 2687 2043 2743 2100; x_wconf 76' lang='grc' dir='ltr'>δὲ</span> <span class='ocrx_word' id='word_1_363' title='bbox 2805 2044 2859 2099; x_wconf 92' lang='grc' dir='ltr'>τί</span> <span class='ocrx_word' id='word_1_364' title='bbox 2927 2044 2987 2098; x_wconf 79' lang='grc' dir='ltr'>ἃν</span> <span class='ocrx_word' id='word_1_365' title='bbox 3053 2042 3236 2119; x_wconf 73' lang='grc' dir='ltr'>ἕτερον</span> <span class='ocrx_word' id='word_1_366' title='bbox 3305 2041 3389 2113; x_wconf 70' lang='grc' dir='ltr'>εἴη</span> <span class='ocrx_word' id='word_1_367' title='bbox 3433 2044 3499 2113; x_wconf 74' lang='grc' dir='ltr'>ἢν</span> <span class='ocrx_word' id='word_1_368' title='bbox 3558 2043 3778 2117; x_wconf 81' lang='grc' dir='ltr'>ἄγνοιαν</span> 
     </span>
    </p>
   </div>
   <div class='ocr_carea' id='block_1_51' title="bbox 2134 2131 3778 2211">
    <p class='ocr_par' dir='ltr' id='par_1_51' title="bbox 2134 2131 3778 2211">
     <span class='ocr_line' id='line_1_52' title="bbox 2134 2131 3778 2211; baseline -0.003 -23"><span class='ocrx_word' id='word_1_369' title='bbox 2134 2138 2332 2211; x_wconf 74' lang='grc' dir='ltr'>ἆφησεν</span> <span class='ocrx_word' id='word_1_370' title='bbox 2370 2136 2415 2171; x_wconf 78' lang='grc'>⁸³</span> <span class='ocrx_word' id='word_1_371' title='bbox 2499 2133 2886 2208; x_wconf 72' lang='grc' dir='ltr'>οἰκονομικῶς,</span> <span class='ocrx_word' id='word_1_372' title='bbox 2962 2134 2997 2203; x_wconf 71' lang='grc' dir='ltr'><strong>ἢ</strong></span> <span class='ocrx_word' id='word_1_373' title='bbox 3072 2135 3375 2203; x_wconf 84' lang='grc' dir='ltr'>ἀποσώζειν</span> <span class='ocrx_word' id='word_1_374' title='bbox 3458 2131 3620 2188; x_wconf 84' lang='grc' dir='ltr'>πάλιν</span> 
     </span>
    </p>
   </div>
   <div class='ocr_carea' id='block_1_52' title="bbox 2132 2220 3795 2297">
    <p class='ocr_par' dir='ltr' id='par_1_52' title="bbox 2132 2220 3795 2297">
     <span class='ocr_line' id='line_1_53' title="bbox 2132 2220 3795 2297; baseline -0.001 -22"><span class='ocrx_word' id='word_1_375' title='bbox 2132 2221 2509 2297; x_wconf 80' lang='grc' dir='ltr'>ἀνθρωπότητι</span> <span class='ocrx_word' id='word_1_376' title='bbox 2586 2223 2684 2291; x_wconf 74' lang='grc' dir='ltr'>τὴν</span> <span class='ocrx_word' id='word_1_377' title='bbox 2743 2222 2880 2296; x_wconf 78' lang='grc' dir='ltr'>αὐτῇ</span> <span class='ocrx_word' id='word_1_378' title='bbox 2945 2222 3254 2297; x_wconf 80' lang='grc' dir='ltr'>πρέπουσαν</span> <span class='ocrx_word' id='word_1_379' title='bbox 3328 2220 3513 2291; x_wconf 76' lang='grc' dir='ltr'>τάξινς</span> <span class='ocrx_word' id='word_1_380' title='bbox 3585 2220 3795 2294; x_wconf 75' lang='grc' dir='ltr'>ἂνθρω-</span> 
     </span>
    </p>
   </div>
   <div class='ocr_carea' id='block_1_53' title="bbox 2130 2309 3791 2387">
    <p class='ocr_par' dir='ltr' id='par_1_53' title="bbox 2130 2309 3791 2387">
     <span class='ocr_line' id='line_1_54' title="bbox 2130 2309 3791 2387; baseline 0.001 -22"><span class='ocrx_word' id='word_1_381' title='bbox 2130 2310 2368 2382; x_wconf 86' lang='grc' dir='ltr'>πότητος</span> <span class='ocrx_word' id='word_1_382' title='bbox 2440 2313 2539 2387; x_wconf 69' lang='grc' dir='ltr'>γὰρ</span> <span class='ocrx_word' id='word_1_383' title='bbox 2618 2310 2757 2367; x_wconf 67' lang='grc' dir='ltr'>ἴδιον</span> <span class='ocrx_word' id='word_1_384' title='bbox 2816 2313 2881 2366; x_wconf 89' lang='grc' dir='ltr'>τὸ</span> <span class='ocrx_word' id='word_1_385' title='bbox 2943 2312 3019 2384; x_wconf 83' lang='grc' dir='ltr'>μή</span> <span class='ocrx_word' id='word_1_386' title='bbox 3098 2310 3290 2367; x_wconf 75' lang='grc' dir='ltr'>εἰδέναι</span> <span class='ocrx_word' id='word_1_387' title='bbox 3360 2311 3428 2365; x_wconf 75' lang='grc' dir='ltr'>τα</span> <span class='ocrx_word' id='word_1_388' title='bbox 3487 2309 3791 2383; x_wconf 68' lang='grc' dir='ltr'>μέλλοντα.</span> 
     </span>
    </p>
   </div>
   <div class='ocr_carea' id='block_1_54' title="bbox 2133 2397 3792 2476">
    <p class='ocr_par' dir='ltr' id='par_1_54' title="bbox 2133 2397 3792 2476">
     <span class='ocr_line' id='line_1_55' title="bbox 2133 2397 3792 2476; baseline -0.002 -21"><span class='ocrx_word' id='word_1_389' title='bbox 2133 2401 2233 2455; x_wconf 79' lang='grc' dir='ltr'>Καὶ</span> <span class='ocrx_word' id='word_1_390' title='bbox 2264 2400 2315 2456; x_wconf 76' lang='grc' dir='ltr'>ἐν</span> <span class='ocrx_word' id='word_1_391' title='bbox 2342 2404 2410 2475; x_wconf 75' lang='grc' dir='ltr'>τῇ</span> <span class='ocrx_word' id='word_1_392' title='bbox 2450 2402 2585 2476; x_wconf 85' lang='grc' dir='ltr'>πρὸς</span> <span class='ocrx_word' id='word_1_393' title='bbox 2621 2400 2916 2456; x_wconf 73' lang='grc' dir='ltr'>Σοῦκενσον</span> <span class='ocrx_word' id='word_1_394' title='bbox 2957 2398 3182 2476; x_wconf 71' lang='grc' dir='ltr'>δευτέρᾳ</span> <span class='ocrx_word' id='word_1_395' title='bbox 3212 2397 3483 2473; x_wconf 73' lang='grc' dir='ltr'>ἐπιστολῇ</span> <span class='ocrx_word' id='word_1_396' title='bbox 3516 2419 3530 2433; x_wconf 84' lang='grc'><em>’</em></span> <span class='ocrx_word' id='word_1_397' title='bbox 3584 2398 3646 2454; x_wconf 79' lang='grc' dir='ltr'>Εἰ</span> <span class='ocrx_word' id='word_1_398' title='bbox 3687 2400 3792 2473; x_wconf 71' lang='grc' dir='ltr'>γάρ</span> 
     </span>
    </p>
   </div>
   <div class='ocr_carea' id='block_1_55' title="bbox 2128 2490 3792 2569">
    <p class='ocr_par' dir='ltr' id='par_1_55' title="bbox 2128 2490 3792 2569">
     <span class='ocr_line' id='line_1_56' title="bbox 2128 2490 3792 2569; baseline -0.002 -24"><span class='ocrx_word' id='word_1_399' title='bbox 2128 2490 2218 2545; x_wconf 88' lang='grc' dir='ltr'>καί</span> <span class='ocrx_word' id='word_1_400' title='bbox 2279 2492 2358 2552; x_wconf 77' lang='grc' dir='ltr'>εἷς</span> <span class='ocrx_word' id='word_1_401' title='bbox 2417 2490 2638 2565; x_wconf 74' lang='grc' dir='ltr'>λέγοιτο</span> <span class='ocrx_word' id='word_1_402' title='bbox 2697 2491 2832 2569; x_wconf 87' lang='grc' dir='ltr'>πρὸς</span> <span class='ocrx_word' id='word_1_403' title='bbox 2872 2493 3034 2563; x_wconf 76' lang='grc' dir='ltr'>ἡμῶν</span> <span class='ocrx_word' id='word_1_404' title='bbox 3103 2490 3131 2544; x_wconf 91' lang='lat'>6</span> <span class='ocrx_word' id='word_1_405' title='bbox 3193 2490 3489 2564; x_wconf 80' lang='grc' dir='ltr'>μονογενὴς</span> <span class='ocrx_word' id='word_1_406' title='bbox 3532 2490 3659 2550; x_wconf 72' lang='grc' dir='ltr'>Υἱὸς</span> <span class='ocrx_word' id='word_1_407' title='bbox 3690 2492 3792 2543; x_wconf 89' lang='grc' dir='ltr'>τοῦ</span> 
     </span>
    </p>
   </div>
   <div class='ocr_carea' id='block_1_56' title="bbox 2128 2577 3793 2653">
    <p class='ocr_par' dir='ltr' id='par_1_56' title="bbox 2128 2577 3793 2653">
     <span class='ocr_line' id='line_1_57' title="bbox 2128 2577 3793 2653; baseline -0.001 -20"><span class='ocrx_word' id='word_1_408' title='bbox 2128 2583 2262 2635; x_wconf 87' lang='grc' dir='ltr'>Θεοῦ</span> <span class='ocrx_word' id='word_1_409' title='bbox 2346 2580 2755 2653; x_wconf 78' lang='grc' dir='ltr'>σεσαρκωμὲνος</span> <span class='ocrx_word' id='word_1_410' title='bbox 2828 2581 2917 2634; x_wconf 87' lang='grc' dir='ltr'>καί</span> <span class='ocrx_word' id='word_1_411' title='bbox 3006 2578 3449 2653; x_wconf 73' lang='grc' dir='ltr'>ἆνανθρωπήσας,</span> <span class='ocrx_word' id='word_1_412' title='bbox 3537 2578 3601 2632; x_wconf 73' lang='grc' dir='ltr'>οὐ</span> <span class='ocrx_word' id='word_1_413' title='bbox 3683 2577 3793 2631; x_wconf 84' lang='grc' dir='ltr'>πέ-</span> 
     </span>
    </p>
   </div>
   <div class='ocr_carea' id='block_1_57' title="bbox 2127 2665 3785 2745">
    <p class='ocr_par' dir='ltr' id='par_1_57' title="bbox 2127 2665 3785 2745">
     <span class='ocr_line' id='line_1_58' title="bbox 2127 2665 3785 2745; baseline -0.003 -23"><span class='ocrx_word' id='word_1_414' title='bbox 2127 2688 2319 2745; x_wconf 77' lang='grc' dir='ltr'>φυρται</span> <span class='ocrx_word' id='word_1_415' title='bbox 2382 2666 2471 2724; x_wconf 69' lang='grc' dir='ltr'>διὰ</span> <span class='ocrx_word' id='word_1_416' title='bbox 2526 2668 2587 2723; x_wconf 82' lang='grc' dir='ltr'>τὸ</span> <span class='ocrx_word' id='word_1_417' title='bbox 2645 2667 2873 2729; x_wconf 71' lang='grc' dir='ltr'>ἐκείνοις</span> <span class='ocrx_word' id='word_1_418' title='bbox 2914 2665 3137 2737; x_wconf 84' lang='grc' dir='ltr'>δοκοῦν,</span> <span class='ocrx_word' id='word_1_419' title='bbox 3191 2666 3319 2723; x_wconf 70' lang='grc' dir='ltr'>οὔτε</span> <span class='ocrx_word' id='word_1_420' title='bbox 3370 2668 3480 2741; x_wconf 75' lang='grc' dir='ltr'>μὴν</span> <span class='ocrx_word' id='word_1_421' title='bbox 3532 2667 3631 2732; x_wconf 79' lang='grc' dir='ltr'>εἰς,</span> <span class='ocrx_word' id='word_1_422' title='bbox 3682 2667 3785 2733; x_wconf 70' lang='grc' dir='ltr'>τῆν</span> 
     </span>
    </p>
   </div>
   <div class='ocr_carea' id='block_1_58' title="bbox 2122 2756 3781 2834">
    <p class='ocr_par' dir='ltr' id='par_1_58' title="bbox 2122 2756 3781 2834">
     <span class='ocr_line' id='line_1_59' title="bbox 2122 2756 3781 2834; baseline -0.002 -23"><span class='ocrx_word' id='word_1_423' title='bbox 2122 2764 2223 2827; x_wconf 80' lang='grc' dir='ltr'>τῆς</span> <span class='ocrx_word' id='word_1_424' title='bbox 2298 2758 2493 2831; x_wconf 79' lang='grc' dir='ltr'>σαρκὸς</span> <span class='ocrx_word' id='word_1_425' title='bbox 2558 2758 2712 2834; x_wconf 71' lang='grc' dir='ltr'>φύσιν</span> <span class='ocrx_word' id='word_1_426' title='bbox 2782 2758 3245 2833; x_wconf 70' lang='grc' dir='ltr'>μεταπεφοίτηκεν</span> <span class='ocrx_word' id='word_1_427' title='bbox 3310 2759 3345 2825; x_wconf 79' lang='grc' dir='ltr'>ἡ</span> <span class='ocrx_word' id='word_1_428' title='bbox 3416 2760 3514 2811; x_wconf 84' lang='grc' dir='ltr'>τοῦ</span> <span class='ocrx_word' id='word_1_429' title='bbox 3600 2756 3781 2831; x_wconf 74' lang='grc' dir='ltr'>Λόγου</span> 
     </span>
    </p>
   </div>
   <div class='ocr_carea' id='block_1_59' title="bbox 2124 2842 3775 2925">
    <p class='ocr_par' dir='ltr' id='par_1_59' title="bbox 2124 2842 3775 2925">
     <span class='ocr_line' id='line_1_60' title="bbox 2124 2842 3775 2925; baseline -0.003 -23"><span class='ocrx_word' id='word_1_430' title='bbox 2124 2848 2300 2925; x_wconf 75' lang='grc' dir='ltr'>φύσις,</span> <span class='ocrx_word' id='word_1_431' title='bbox 2360 2846 2488 2902; x_wconf 84' lang='grc' dir='ltr'>ἀλλ’</span> <span class='ocrx_word' id='word_1_432' title='bbox 2567 2844 2691 2901; x_wconf 73' lang='grc' dir='ltr'>οὐδὲ</span> <span class='ocrx_word' id='word_1_433' title='bbox 2756 2850 2790 2915; x_wconf 84' lang='grc' dir='ltr'>ἡ</span> <span class='ocrx_word' id='word_1_434' title='bbox 2859 2854 2959 2916; x_wconf 81' lang='grc' dir='ltr'>τῆς</span> <span class='ocrx_word' id='word_1_435' title='bbox 3017 2847 3215 2921; x_wconf 88' lang='grc' dir='ltr'>σαρκὸς</span> <span class='ocrx_word' id='word_1_436' title='bbox 3291 2846 3367 2907; x_wconf 89' lang='grc' dir='ltr'>εἰς</span> <span class='ocrx_word' id='word_1_437' title='bbox 3424 2848 3527 2915; x_wconf 77' lang='grc' dir='ltr'>τὴν</span> <span class='ocrx_word' id='word_1_438' title='bbox 3585 2842 3775 2914; x_wconf 71' lang='grc' dir='ltr'>αὐτοῦ,</span> 
     </span>
    </p>
   </div>
   <div class='ocr_carea' id='block_1_60' title="bbox 694 2929 3775 3013">
    <p class='ocr_par' dir='ltr' id='par_1_60' title="bbox 694 2929 3775 3013">
     <span class='ocr_line' id='line_1_61' title="bbox 694 2929 3775 3013; baseline 0.001 -28"><span class='ocrx_word' id='word_1_439' title='bbox 694 2929 930 3001; x_wconf 73' lang='grc' dir='ltr'>ἰδιότητι</span> <span class='ocrx_word' id='word_1_440' title='bbox 1004 2938 1073 3007; x_wconf 78' lang='grc' dir='ltr'>τῇ</span> <span class='ocrx_word' id='word_1_441' title='bbox 1150 2934 1284 2988; x_wconf 84' lang='grc' dir='ltr'>κατά</span> <span class='ocrx_word' id='word_1_442' title='bbox 1362 2932 1520 3013; x_wconf 70' lang='grc' dir='ltr'>φύσιν</span> <span class='ocrx_word' id='word_1_443' title='bbox 1601 2935 1855 3011; x_wconf 70' lang='grc' dir='ltr'>ἑκατέρου</span> <span class='ocrx_word' id='word_1_444' title='bbox 1925 2936 2180 3009; x_wconf 80' lang='grc' dir='ltr'>μένοντός</span> <span class='ocrx_word' id='word_1_445' title='bbox 2243 2958 2295 2992; x_wconf 87' lang='grc' dir='ltr'>τε</span> <span class='ocrx_word' id='word_1_446' title='bbox 2372 2938 2459 2992; x_wconf 87' lang='grc' dir='ltr'>καί</span> <span class='ocrx_word' id='word_1_447' title='bbox 2528 2937 2842 3011; x_wconf 73' lang='grc' dir='ltr'>νοουμένου.</span> <span class='ocrx_word' id='word_1_448' title='bbox 2911 2942 2969 2994; x_wconf 75' lang='grc' dir='ltr'>Ὀ</span> <span class='ocrx_word' id='word_1_449' title='bbox 3042 2941 3212 2993; x_wconf 82' lang='grc' dir='ltr'>ταῦτα</span> <span class='ocrx_word' id='word_1_450' title='bbox 3270 2936 3413 2992; x_wconf 60' lang='grc' dir='ltr'>οὕτω</span> <span class='ocrx_word' id='word_1_451' title='bbox 3482 2934 3775 3010; x_wconf 81' lang='grc' dir='ltr'>δεχόμενος</span> 
     </span>
    </p>
   </div>
   <div class='ocr_carea' id='block_1_61' title="bbox 1149 3020 2045 3102">
    <p class='ocr_par' dir='ltr' id='par_1_61' title="bbox 1149 3020 2045 3102">
     <span class='ocr_line' id='line_1_62' title="bbox 1149 3020 2045 3102; baseline 0.004 -26"><span class='ocrx_word' id='word_1_452' title='bbox 1149 3024 1175 3076; x_wconf 87' lang='grc' dir='ltr'><strong>ὁ</strong></span> <span class='ocrx_word' id='word_1_453' title='bbox 1263 3020 1317 3077; x_wconf 78' lang='grc' dir='ltr'>δὲ</span> <span class='ocrx_word' id='word_1_454' title='bbox 1405 3022 1661 3084; x_wconf 80' lang='grc' dir='ltr'>ἐναντίως</span> <span class='ocrx_word' id='word_1_455' title='bbox 1747 3023 2045 3102; x_wconf 67' lang='grc' dir='ltr'>φερόμενος</span> 
     </span>
    </p>
   </div>
   <div class='ocr_carea' id='block_1_62' title="bbox 2963 3023 3777 3100">
    <p class='ocr_par' dir='ltr' id='par_1_62' title="bbox 2963 3023 3777 3100">
     <span class='ocr_line' id='line_1_63' title="bbox 2963 3023 3777 3100; baseline -0.004 -20"><span class='ocrx_word' id='word_1_456' title='bbox 2963 3026 3234 3100; x_wconf 70' lang='grc' dir='ltr'>ἀποφάσει</span> <span class='ocrx_word' id='word_1_457' title='bbox 3317 3032 3416 3094; x_wconf 79' lang='grc' dir='ltr'>τῆς</span> <span class='ocrx_word' id='word_1_458' title='bbox 3500 3023 3777 3098; x_wconf 75' lang='grc' dir='ltr'>ἀρχάν-του</span> 
     </span>
    </p>
   </div>
   <div class='ocr_carea' id='block_1_63' title="bbox 2135 3020 2862 3099">
    <p class='ocr_par' dir='ltr' id='par_1_63' title="bbox 2135 3020 2862 3099">
     <span class='ocr_line' id='line_1_64' title="bbox 2135 3020 2862 3099; baseline -0.001 -19"><span class='ocrx_word' id='word_1_459' title='bbox 2135 3026 2415 3081; x_wconf 86' lang='grc' dir='ltr'>ὑπόκειται</span> <span class='ocrx_word' id='word_1_460' title='bbox 2506 3029 2575 3099; x_wconf 78' lang='grc' dir='ltr'>τῇ</span> <span class='ocrx_word' id='word_1_461' title='bbox 2657 3020 2862 3099; x_wconf 79' lang='grc' dir='ltr'>φοϐερᾷ</span> 
     </span>
    </p>
   </div>
   <div class='ocr_carea' id='block_1_64' title="bbox 362 3108 3780 3191">
    <p class='ocr_par' dir='ltr' id='par_1_64' title="bbox 362 3108 3780 3191">
     <span class='ocr_line' id='line_1_65' title="bbox 362 3108 3780 3191; baseline 0.001 -29"><span class='ocrx_word' id='word_1_462' title='bbox 362 3116 566 3183; x_wconf 77' lang='grc' dir='ltr'>φωνῆς,</span> <span class='ocrx_word' id='word_1_463' title='bbox 631 3108 897 3184; x_wconf 81' lang='grc' dir='ltr'>λεγούσης</span> <span class='ocrx_word' id='word_1_464' title='bbox 952 3111 1003 3165; x_wconf 83' lang='grc' dir='ltr'>ἐν</span> <span class='ocrx_word' id='word_1_465' title='bbox 1058 3117 1174 3173; x_wconf 87' lang='grc' dir='ltr'>τοῖς</span> <span class='ocrx_word' id='word_1_466' title='bbox 1244 3112 1618 3189; x_wconf 75' lang='grc' dir='ltr'>Εὐαγγελίοις,</span> <span class='ocrx_word' id='word_1_467' title='bbox 1687 3114 1821 3171; x_wconf 79' lang='grc' dir='ltr'>Οὐαὶ</span> <span class='ocrx_word' id='word_1_468' title='bbox 1891 3112 1959 3170; x_wconf 87' lang='grc' dir='ltr'>δι’</span> <span class='ocrx_word' id='word_1_469' title='bbox 2028 3111 2088 3169; x_wconf 71' lang='grc' dir='ltr'>οὕ</span> <span class='ocrx_word' id='word_1_470' title='bbox 2144 3114 2362 3191; x_wconf 81' lang='grc' dir='ltr'>ἔρχεται</span> <span class='ocrx_word' id='word_1_471' title='bbox 2433 3117 2493 3170; x_wconf 88' lang='grc' dir='ltr'>τὸ</span> <span class='ocrx_word' id='word_1_472' title='bbox 2573 3113 2895 3172; x_wconf 81' lang='grc' dir='ltr'>σκάνδαλον.</span> <span class='ocrx_word' id='word_1_473' title='bbox 2954 3115 3144 3177; x_wconf 70' lang='grc' dir='ltr'>Οὕτως</span> <span class='ocrx_word' id='word_1_474' title='bbox 3316 3111 3541 3175; x_wconf 71' lang='grc' dir='ltr'>σύνοδος</span> <span class='ocrx_word' id='word_1_475' title='bbox 3592 3115 3685 3167; x_wconf 80' lang='grc' dir='ltr'>καί</span> <span class='ocrx_word' id='word_1_476' title='bbox 3752 3115 3780 3167; x_wconf 88' lang='lat'>6</span> 
     </span>
    </p>
   </div>
   <div class='ocr_carea' id='block_1_65' title="bbox 366 3197 3778 3281">
    <p class='ocr_par' dir='ltr' id='par_1_65' title="bbox 366 3197 3778 3281">
     <span class='ocr_line' id='line_1_66' title="bbox 366 3197 3778 3281; baseline 0.001 -28"><span class='ocrx_word' id='word_1_477' title='bbox 366 3197 640 3271; x_wconf 71' lang='grc' dir='ltr'>Κύριλλος</span> <span class='ocrx_word' id='word_1_478' title='bbox 672 3218 685 3231; x_wconf 93' lang='grc'><strong>·</strong></span> <span class='ocrx_word' id='word_1_479' title='bbox 736 3202 824 3255; x_wconf 80' lang='grc' dir='ltr'>καί</span> <span class='ocrx_word' id='word_1_480' title='bbox 858 3201 968 3276; x_wconf 76' lang='grc' dir='ltr'>οὐχ</span> <span class='ocrx_word' id='word_1_481' title='bbox 1016 3203 1043 3256; x_wconf 97' lang='lat'>6</span> <span class='ocrx_word' id='word_1_482' title='bbox 1095 3200 1368 3275; x_wconf 65' lang='grc' dir='ltr'>Κεεριλλος</span> <span class='ocrx_word' id='word_1_483' title='bbox 1405 3204 1593 3275; x_wconf 84' lang='grc' dir='ltr'>μόνον,</span> <span class='ocrx_word' id='word_1_484' title='bbox 1640 3202 1783 3259; x_wconf 89' lang='grc' dir='ltr'>ἀλλὰ</span> <span class='ocrx_word' id='word_1_485' title='bbox 1814 3203 1903 3259; x_wconf 86' lang='grc' dir='ltr'>καὶ</span> <span class='ocrx_word' id='word_1_486' title='bbox 1952 3210 2056 3269; x_wconf 76' lang='grc' dir='ltr'>πᾶς</span> <span class='ocrx_word' id='word_1_487' title='bbox 2106 3206 2133 3259; x_wconf 88' lang='lat'>6</span> <span class='ocrx_word' id='word_1_488' title='bbox 2176 3203 2347 3266; x_wconf 83' lang='grc' dir='ltr'>ἄλλος</span> <span class='ocrx_word' id='word_1_489' title='bbox 2394 3210 2501 3261; x_wconf 80' lang='grc' dir='ltr'>τῶν</span> <span class='ocrx_word' id='word_1_490' title='bbox 2536 3207 2695 3279; x_wconf 69' lang='grc' dir='ltr'>ἰερῶν</span> <span class='ocrx_word' id='word_1_491' title='bbox 2727 3202 2935 3281; x_wconf 75' lang='grc' dir='ltr'>ἀνδρῶν</span> <span class='ocrx_word' id='word_1_492' title='bbox 2994 3206 3185 3280; x_wconf 80' lang='grc' dir='ltr'>χορὸς,</span> <span class='ocrx_word' id='word_1_493' title='bbox 3219 3203 3400 3279; x_wconf 77' lang='grc' dir='ltr'>ὥσπερ</span> <span class='ocrx_word' id='word_1_494' title='bbox 3448 3203 3778 3281; x_wconf 68' lang='grc' dir='ltr'>ὁμόφρονες.</span> 
     </span>
    </p>
   </div>
   <div class='ocr_carea' id='block_1_66' title="bbox 365 3286 1350 3369">
    <p class='ocr_par' dir='ltr' id='par_1_66' title="bbox 365 3286 1350 3369">
     <span class='ocr_line' id='line_1_67' title="bbox 365 3286 1350 3369; baseline 0.007 -28"><span class='ocrx_word' id='word_1_495' title='bbox 365 3286 508 3342; x_wconf 70' lang='grc' dir='ltr'>οὕτω</span> <span class='ocrx_word' id='word_1_496' title='bbox 534 3291 895 3364; x_wconf 81' lang='grc' dir='ltr'>γνωρίζονται</span> <span class='ocrx_word' id='word_1_497' title='bbox 922 3290 1009 3345; x_wconf 88' lang='grc' dir='ltr'>καί</span> <span class='ocrx_word' id='word_1_498' title='bbox 1044 3291 1350 3369; x_wconf 68' lang='grc' dir='ltr'>ὁμόφωνοι.</span> 
     </span>
    </p>
   </div>
   <div class='ocr_carea' id='block_1_67' title="bbox 435 3380 2089 3459">
    <p class='ocr_par' dir='ltr' id='par_1_67' title="bbox 435 3380 2089 3459">
     <span class='ocr_line' id='line_1_68' title="bbox 435 3380 2089 3459; baseline 0.004 -24"><span class='ocrx_word' id='word_1_499' title='bbox 435 3380 545 3435; x_wconf 87' lang='lat' dir='ltr'>Sed</span> <span class='ocrx_word' id='word_1_500' title='bbox 591 3380 783 3436; x_wconf 88' lang='lat' dir='ltr'>adhuc</span> <span class='ocrx_word' id='word_1_501' title='bbox 816 3382 943 3437; x_wconf 83' lang='lat' dir='ltr'>vide</span> <span class='ocrx_word' id='word_1_502' title='bbox 974 3382 1260 3439; x_wconf 62' lang='lat' dir='ltr'>haereseos</span> <span class='ocrx_word' id='word_1_503' title='bbox 1314 3383 1757 3455; x_wconf 87' lang='lat' dir='ltr'>impudentiam.</span> <span class='ocrx_word' id='word_1_504' title='bbox 1795 3386 2012 3457; x_wconf 86' lang='lat' dir='ltr'>Repre-</span> <span class='ocrx_word' id='word_1_505' title='bbox 2048 3394 2089 3459; x_wconf 66' lang='grc' dir='ltr'>(ς</span> 
     </span>
    </p>
   </div>
   <div class='ocr_carea' id='block_1_68' title="bbox 364 3469 2014 3543">
    <p class='ocr_par' dir='ltr' id='par_1_68' title="bbox 364 3469 2014 3543">
     <span class='ocr_line' id='line_1_69' title="bbox 364 3469 2014 3543; baseline 0.004 -20"><span class='ocrx_word' id='word_1_506' title='bbox 364 3469 566 3524; x_wconf 88' lang='lat' dir='ltr'>hendit</span> <span class='ocrx_word' id='word_1_507' title='bbox 595 3470 750 3525; x_wconf 89' lang='lat' dir='ltr'>enim</span> <span class='ocrx_word' id='word_1_508' title='bbox 785 3486 938 3538; x_wconf 91' lang='lat' dir='ltr'>eum,</span> <span class='ocrx_word' id='word_1_509' title='bbox 966 3473 1063 3542; x_wconf 90' lang='lat' dir='ltr'>qui</span> <span class='ocrx_word' id='word_1_510' title='bbox 1096 3471 1406 3543; x_wconf 79' lang='lat' dir='ltr'>epistolam</span> <span class='ocrx_word' id='word_1_511' title='bbox 1440 3489 1607 3528; x_wconf 88' lang='lat' dir='ltr'>suam</span> <span class='ocrx_word' id='word_1_512' title='bbox 1638 3474 1883 3530; x_wconf 89' lang='lat' dir='ltr'>Tomum</span> <span class='ocrx_word' id='word_1_513' title='bbox 1916 3491 2014 3530; x_wconf 84' lang='lat' dir='ltr'>vo-</span> 
     </span>
    </p>
   </div>
   <div class='ocr_carea' id='block_1_69' title="bbox 365 3560 2013 3634">
    <p class='ocr_par' dir='ltr' id='par_1_69' title="bbox 365 3560 2013 3634">
     <span class='ocr_line' id='line_1_70' title="bbox 365 3560 2013 3634; baseline 0.003 -20"><span class='ocrx_word' id='word_1_514' title='bbox 365 3563 613 3625; x_wconf 82' lang='lat' dir='ltr'>caverat,</span> <span class='ocrx_word' id='word_1_515' title='bbox 646 3560 970 3615; x_wconf 86' lang='lat' dir='ltr'>nescientes</span> <span class='ocrx_word' id='word_1_516' title='bbox 1006 3560 1200 3629; x_wconf 84' lang='lat' dir='ltr'>rudes,</span> <span class='ocrx_word' id='word_1_517' title='bbox 1233 3563 1527 3632; x_wconf 88' lang='lat' dir='ltr'>quomodo</span> <span class='ocrx_word' id='word_1_518' title='bbox 1567 3562 1721 3617; x_wconf 91' lang='lat' dir='ltr'>idem</span> <span class='ocrx_word' id='word_1_519' title='bbox 1764 3562 2013 3634; x_wconf 86' lang='lat' dir='ltr'>Cyrillus</span> 
     </span>
    </p>
   </div>
   <div class='ocr_carea' id='block_1_70' title="bbox 365 3648 2012 3723">
    <p class='ocr_par' dir='ltr' id='par_1_70' title="bbox 365 3648 2012 3723">
     <span class='ocr_line' id='line_1_71' title="bbox 365 3648 2012 3723; baseline 0.003 -19"><span class='ocrx_word' id='word_1_520' title='bbox 365 3656 421 3704; x_wconf 86' lang='lat' dir='ltr'>et</span> <span class='ocrx_word' id='word_1_521' title='bbox 450 3654 729 3705; x_wconf 85' lang='lat' dir='ltr'>strenuus</span> <span class='ocrx_word' id='word_1_522' title='bbox 758 3648 1131 3716; x_wconf 82' lang='lat' dir='ltr'>Athanasius,</span> <span class='ocrx_word' id='word_1_523' title='bbox 1154 3649 1520 3723; x_wconf 89' lang='lat' dir='ltr'>aliorumque</span> <span class='ocrx_word' id='word_1_524' title='bbox 1549 3652 1778 3708; x_wconf 84' lang='lat' dir='ltr'>Patrum</span> <span class='ocrx_word' id='word_1_525' title='bbox 1805 3659 2012 3722; x_wconf 66' lang='lat' dir='ltr'>costus,</span> 
     </span>
    </p>
   </div>
   <div class='ocr_carea' id='block_1_71' title="bbox 367 3738 2009 3807">
    <p class='ocr_par' dir='ltr' id='par_1_71' title="bbox 367 3738 2009 3807">
     <span class='ocr_line' id='line_1_72' title="bbox 367 3738 2009 3807; baseline 0.002 -13"><span class='ocrx_word' id='word_1_526' title='bbox 367 3738 493 3807; x_wconf 88' lang='lat' dir='ltr'>pios</span> <span class='ocrx_word' id='word_1_527' title='bbox 552 3738 781 3795; x_wconf 83' lang='lat' dir='ltr'>labores</span> <span class='ocrx_word' id='word_1_528' title='bbox 839 3744 1030 3796; x_wconf 82' lang='lat' dir='ltr'>tomos</span> <span class='ocrx_word' id='word_1_529' title='bbox 1076 3746 1300 3797; x_wconf 86' lang='lat' dir='ltr'>vocent.</span> <span class='ocrx_word' id='word_1_530' title='bbox 1352 3742 1537 3806; x_wconf 84' lang='lat' dir='ltr'>Quare</span> <span class='ocrx_word' id='word_1_531' title='bbox 1586 3742 1797 3799; x_wconf 79' lang='lat' dir='ltr'>frustra</span> <span class='ocrx_word' id='word_1_532' title='bbox 1842 3743 2009 3798; x_wconf 92' lang='lat' dir='ltr'>Tomi</span> 
     </span>
    </p>
   </div>
   <div class='ocr_carea' id='block_1_72' title="bbox 367 3826 1765 3900">
    <p class='ocr_par' dir='ltr' id='par_1_72' title="bbox 367 3826 1765 3900">
     <span class='ocr_line' id='line_1_73' title="bbox 367 3826 1765 3900; baseline 0.003 -17"><span class='ocrx_word' id='word_1_533' title='bbox 367 3844 579 3885; x_wconf 83' lang='lat' dir='ltr'>nomen</span> <span class='ocrx_word' id='word_1_534' title='bbox 614 3826 744 3884; x_wconf 90' lang='lat' dir='ltr'>illos</span> <span class='ocrx_word' id='word_1_535' title='bbox 778 3829 1020 3900; x_wconf 81' lang='lat' dir='ltr'>decepit,</span> <span class='ocrx_word' id='word_1_536' title='bbox 1052 3834 1109 3886; x_wconf 85' lang='lat' dir='ltr'>et</span> <span class='ocrx_word' id='word_1_537' title='bbox 1134 3830 1193 3885; x_wconf 91' lang='lat' dir='ltr'>in</span> <span class='ocrx_word' id='word_1_538' title='bbox 1225 3830 1487 3887; x_wconf 67' lang='lat' dir='ltr'>haeresim</span> <span class='ocrx_word' id='word_1_539' title='bbox 1522 3831 1765 3887; x_wconf 83' lang='lat' dir='ltr'>induxit.</span> 
     </span>
    </p>
   </div>
   <div class='ocr_carea' id='block_1_73' title="bbox 433 4100 2006 4175">
    <p class='ocr_par' dir='ltr' id='par_1_73' title="bbox 433 4100 2006 4175">
     <span class='ocr_line' id='line_1_74' title="bbox 433 4100 2006 4175; baseline 0.005 -22"><span class='ocrx_word' id='word_1_540' title='bbox 433 4102 540 4156; x_wconf 86' lang='lat' dir='ltr'>Sed</span> <span class='ocrx_word' id='word_1_541' title='bbox 574 4118 689 4158; x_wconf 89' lang='lat' dir='ltr'>non</span> <span class='ocrx_word' id='word_1_542' title='bbox 740 4100 1079 4174; x_wconf 89' lang='lat' dir='ltr'>relinquunt</span> <span class='ocrx_word' id='word_1_543' title='bbox 1126 4102 1379 4159; x_wconf 66' lang='lat' dir='ltr'>haeretici</span> <span class='ocrx_word' id='word_1_544' title='bbox 1429 4104 1801 4175; x_wconf 88' lang='lat' dir='ltr'>impudentes</span> <span class='ocrx_word' id='word_1_545' title='bbox 1832 4109 1887 4159; x_wconf 89' lang='lat' dir='ltr'>et</span> <span class='ocrx_word' id='word_1_546' title='bbox 1920 4104 2006 4161; x_wconf 86' lang='lat' dir='ltr'>iu-</span> 
     </span>
    </p>
   </div>
   <div class='ocr_carea' id='block_1_74' title="bbox 360 4189 2003 4265">
    <p class='ocr_par' dir='ltr' id='par_1_74' title="bbox 360 4189 2003 4265">
     <span class='ocr_line' id='line_1_75' title="bbox 360 4189 2003 4265; baseline 0.002 -20"><span class='ocrx_word' id='word_1_547' title='bbox 360 4189 688 4259; x_wconf 86' lang='lat' dir='ltr'>verecundi,</span> <span class='ocrx_word' id='word_1_548' title='bbox 721 4190 851 4258; x_wconf 90' lang='lat' dir='ltr'>hoc,</span> <span class='ocrx_word' id='word_1_549' title='bbox 885 4194 945 4247; x_wconf 87' lang='lat' dir='ltr'>in</span> <span class='ocrx_word' id='word_1_550' title='bbox 984 4205 1087 4263; x_wconf 86' lang='lat' dir='ltr'>quo</span> <span class='ocrx_word' id='word_1_551' title='bbox 1125 4193 1494 4260; x_wconf 83' lang='lat' dir='ltr'>consentiunt,</span> <span class='ocrx_word' id='word_1_552' title='bbox 1533 4197 1593 4248; x_wconf 87' lang='lat' dir='ltr'>ut</span> <span class='ocrx_word' id='word_1_553' title='bbox 1625 4194 2003 4265; x_wconf 88' lang='lat' dir='ltr'>temporalem</span> 
     </span>
    </p>
   </div>
   <div class='ocr_carea' id='block_1_75' title="bbox 359 4281 2004 4353">
    <p class='ocr_par' dir='ltr' id='par_1_75' title="bbox 359 4281 2004 4353">
     <span class='ocr_line' id='line_1_76' title="bbox 359 4281 2004 4353; baseline 0.003 -20"><span class='ocrx_word' id='word_1_554' title='bbox 359 4285 414 4333; x_wconf 89' lang='lat' dir='ltr'>et</span> <span class='ocrx_word' id='word_1_555' title='bbox 472 4284 859 4351; x_wconf 86' lang='lat' dir='ltr'>opportunam</span> <span class='ocrx_word' id='word_1_556' title='bbox 921 4281 1280 4336; x_wconf 83' lang='lat' dir='ltr'>annuntians</span> <span class='ocrx_word' id='word_1_557' title='bbox 1347 4282 1841 4353; x_wconf 84' lang='lat' dir='ltr'>conjunctionem,</span> <span class='ocrx_word' id='word_1_558' title='bbox 1896 4283 2004 4339; x_wconf 91' lang='lat' dir='ltr'>hoc</span> 
     </span>
    </p>
   </div>
   <div class='ocr_carea' id='block_1_76' title="bbox 358 4370 2001 4444">
    <p class='ocr_par' dir='ltr' id='par_1_76' title="bbox 358 4370 2001 4444">
     <span class='ocr_line' id='line_1_77' title="bbox 358 4370 2001 4444; baseline 0.002 -20"><span class='ocrx_word' id='word_1_559' title='bbox 358 4384 515 4434; x_wconf 85' lang='lat' dir='ltr'>vero,</span> <span class='ocrx_word' id='word_1_560' title='bbox 550 4371 607 4423; x_wconf 91' lang='lat' dir='ltr'>in</span> <span class='ocrx_word' id='word_1_561' title='bbox 639 4374 928 4439; x_wconf 86' lang='lat' dir='ltr'>quantum,</span> <span class='ocrx_word' id='word_1_562' title='bbox 962 4386 1064 4442; x_wconf 89' lang='lat' dir='ltr'>pro</span> <span class='ocrx_word' id='word_1_563' title='bbox 1112 4370 1277 4426; x_wconf 89' lang='lat' dir='ltr'>donec</span> <span class='ocrx_word' id='word_1_564' title='bbox 1324 4373 1487 4444; x_wconf 90' lang='lat' dir='ltr'>capi;</span> <span class='ocrx_word' id='word_1_565' title='bbox 1523 4374 1622 4427; x_wconf 90' lang='lat' dir='ltr'>sed</span> <span class='ocrx_word' id='word_1_566' title='bbox 1675 4389 1839 4428; x_wconf 87' lang='lat' dir='ltr'>sacer</span> <span class='ocrx_word' id='word_1_567' title='bbox 1878 4374 2001 4444; x_wconf 89' lang='lat' dir='ltr'>qui-</span> 
     </span>
    </p>
   </div>
   <div class='ocr_carea' id='block_1_77' title="bbox 356 4457 1998 4530">
    <p class='ocr_par' dir='ltr' id='par_1_77' title="bbox 356 4457 1998 4530">
     <span class='ocr_line' id='line_1_78' title="bbox 356 4457 1998 4530; baseline 0.004 -18"><span class='ocrx_word' id='word_1_568' title='bbox 356 4459 485 4512; x_wconf 86' lang='lat' dir='ltr'>dem</span> <span class='ocrx_word' id='word_1_569' title='bbox 519 4457 772 4528; x_wconf 82' lang='lat' dir='ltr'>scriptor</span> <span class='ocrx_word' id='word_1_570' title='bbox 802 4460 1058 4515; x_wconf 87' lang='lat' dir='ltr'>ostendit</span> <span class='ocrx_word' id='word_1_571' title='bbox 1090 4460 1425 4517; x_wconf 86' lang='lat' dir='ltr'>adverbium</span> <span class='ocrx_word' id='word_1_572' title='bbox 1452 4462 1510 4515; x_wconf 88' lang='lat' dir='ltr'>in</span> <span class='ocrx_word' id='word_1_573' title='bbox 1536 4461 1714 4517; x_wconf 88' lang='lat' dir='ltr'>sacris</span> <span class='ocrx_word' id='word_1_574' title='bbox 1747 4461 1998 4530; x_wconf 87' lang='lat' dir='ltr'>Litteris,</span> 
     </span>
    </p>
   </div>
   <div class='ocr_carea' id='block_1_78' title="bbox 358 4543 2005 4622">
    <p class='ocr_par' dir='ltr' id='par_1_78' title="bbox 358 4543 2005 4622">
     <span class='ocr_line' id='line_1_79' title="bbox 358 4543 2005 4622; baseline 0.004 -23"><span class='ocrx_word' id='word_1_575' title='bbox 358 4562 474 4600; x_wconf 86' lang='lat' dir='ltr'>non</span> <span class='ocrx_word' id='word_1_576' title='bbox 524 4543 716 4600; x_wconf 89' lang='lat' dir='ltr'>solum</span> <span class='ocrx_word' id='word_1_577' title='bbox 770 4548 1145 4617; x_wconf 84' lang='lat' dir='ltr'>temporalem</span> <span class='ocrx_word' id='word_1_578' title='bbox 1180 4566 1419 4606; x_wconf 86' lang='lat' dir='ltr'>sensum</span> <span class='ocrx_word' id='word_1_579' title='bbox 1453 4550 1783 4622; x_wconf 79' lang='lat' dir='ltr'>signiﬁcare</span> <span class='ocrx_word' id='word_1_580' title='bbox 1814 4551 1913 4607; x_wconf 87' lang='lat' dir='ltr'>sed</span> <span class='ocrx_word' id='word_1_581' title='bbox 1948 4552 2005 4606; x_wconf 92' lang='lat' dir='ltr'>in</span> 
     </span>
    </p>
   </div>
   <div class='ocr_carea' id='block_1_79' title="bbox 359 4632 2005 4711">
    <p class='ocr_par' dir='ltr' id='par_1_79' title="bbox 359 4632 2005 4711">
     <span class='ocr_line' id='line_1_80' title="bbox 359 4632 2005 4711; baseline 0.005 -24"><span class='ocrx_word' id='word_1_582' title='bbox 359 4632 561 4688; x_wconf 89' lang='lat' dir='ltr'>multis</span> <span class='ocrx_word' id='word_1_583' title='bbox 582 4649 733 4705; x_wconf 69' lang='lat' dir='ltr'>saepe</span> <span class='ocrx_word' id='word_1_584' title='bbox 751 4638 807 4689; x_wconf 87' lang='lat' dir='ltr'>et</span> <span class='ocrx_word' id='word_1_585' title='bbox 825 4635 1146 4693; x_wconf 84' lang='lat' dir='ltr'>infinitum.</span> <span class='ocrx_word' id='word_1_586' title='bbox 1167 4638 1276 4695; x_wconf 86' lang='lat' dir='ltr'>Sed</span> <span class='ocrx_word' id='word_1_587' title='bbox 1303 4640 1443 4693; x_wconf 90' lang='lat' dir='ltr'>mihi</span> <span class='ocrx_word' id='word_1_588' title='bbox 1476 4640 1720 4705; x_wconf 81' lang='lat' dir='ltr'>videtur,</span> <span class='ocrx_word' id='word_1_589' title='bbox 1748 4639 1805 4694; x_wconf 88' lang='lat' dir='ltr'>in</span> <span class='ocrx_word' id='word_1_590' title='bbox 1830 4656 2005 4711; x_wconf 87' lang='lat' dir='ltr'>quan-</span> 
     </span>
    </p>
   </div>
   <div class='ocr_carea' id='block_1_80' title="bbox 2202 3382 3776 3460">
    <p class='ocr_par' dir='ltr' id='par_1_80' title="bbox 2202 3382 3776 3460">
     <span class='ocr_line' id='line_1_81' title="bbox 2202 3382 3776 3460; baseline -0.002 -21"><span class='ocrx_word' id='word_1_591' title='bbox 2202 3383 2362 3439; x_wconf 76' lang='grc' dir='ltr'>Ἀλλ’</span> <span class='ocrx_word' id='word_1_592' title='bbox 2411 3383 2487 3439; x_wconf 82' lang='grc' dir='ltr'>ἔτι</span> <span class='ocrx_word' id='word_1_593' title='bbox 2545 3384 2732 3439; x_wconf 90' lang='grc' dir='ltr'>σκόπει</span> <span class='ocrx_word' id='word_1_594' title='bbox 2789 3385 2849 3439; x_wconf 85' lang='grc' dir='ltr'>τὸ</span> <span class='ocrx_word' id='word_1_595' title='bbox 2907 3382 3257 3460; x_wconf 79' lang='grc' dir='ltr'>ἀναίσχυντον</span> <span class='ocrx_word' id='word_1_596' title='bbox 3316 3390 3415 3453; x_wconf 81' lang='grc' dir='ltr'>τῆς</span> <span class='ocrx_word' id='word_1_597' title='bbox 3476 3383 3776 3458; x_wconf 67' lang='grc' dir='ltr'>αἱρέσεως·</span> 
     </span>
    </p>
   </div>
   <div class='ocr_carea' id='block_1_81' title="bbox 2125 3471 3778 3549">
    <p class='ocr_par' dir='ltr' id='par_1_81' title="bbox 2125 3471 3778 3549">
     <span class='ocr_line' id='line_1_82' title="bbox 2125 3471 3778 3549; baseline -0.001 -21"><span class='ocrx_word' id='word_1_598' title='bbox 2125 3471 2376 3528; x_wconf 82' lang='grc' dir='ltr'>ἐπικαλεῖ</span> <span class='ocrx_word' id='word_1_599' title='bbox 2402 3473 2502 3549; x_wconf 74' lang='grc' dir='ltr'>γάρ</span> <span class='ocrx_word' id='word_1_600' title='bbox 2537 3476 2684 3545; x_wconf 80' lang='grc' dir='ltr'>αὐτῷ</span> <span class='ocrx_word' id='word_1_601' title='bbox 2712 3474 2811 3542; x_wconf 80' lang='grc' dir='ltr'>τὴν</span> <span class='ocrx_word' id='word_1_602' title='bbox 2846 3471 3143 3541; x_wconf 72' lang='grc' dir='ltr'>ἐπιστολήν</span> <span class='ocrx_word' id='word_1_603' title='bbox 3171 3472 3343 3545; x_wconf 87' lang='grc' dir='ltr'>τόμον</span> <span class='ocrx_word' id='word_1_604' title='bbox 3375 3472 3421 3509; x_wconf 68' lang='grc'>⁸³</span> <span class='ocrx_word' id='word_1_605' title='bbox 3459 3472 3778 3543; x_wconf 78' lang='grc' dir='ltr'>καλέσαντι,</span> 
     </span>
    </p>
   </div>
   <div class='ocr_carea' id='block_1_82' title="bbox 2124 3560 3779 3639">
    <p class='ocr_par' dir='ltr' id='par_1_82' title="bbox 2124 3560 3779 3639">
     <span class='ocr_line' id='line_1_83' title="bbox 2124 3560 3779 3639; baseline -0.001 -23"><span class='ocrx_word' id='word_1_606' title='bbox 2124 3562 2447 3639; x_wconf 84' lang='grc' dir='ltr'>ἀγνοοῦντες</span> <span class='ocrx_word' id='word_1_607' title='bbox 2501 3564 2553 3617; x_wconf 71' lang='grc' dir='ltr'>οἱ</span> <span class='ocrx_word' id='word_1_608' title='bbox 2611 3560 2967 3637; x_wconf 80' lang='grc' dir='ltr'>παράπλῆγες</span> <span class='ocrx_word' id='word_1_609' title='bbox 3022 3563 3099 3624; x_wconf 80' lang='grc' dir='ltr'>ὡς</span> <span class='ocrx_word' id='word_1_610' title='bbox 3156 3561 3317 3626; x_wconf 83' lang='grc' dir='ltr'>αὐτός</span> <span class='ocrx_word' id='word_1_611' title='bbox 3370 3582 3429 3615; x_wconf 84' lang='grc' dir='ltr'>τε</span> <span class='ocrx_word' id='word_1_612' title='bbox 3498 3560 3779 3637; x_wconf 70' lang='grc' dir='ltr'>Κύριλλος</span> 
     </span>
    </p>
   </div>
   <div class='ocr_carea' id='block_1_83' title="bbox 2121 3650 3777 3726">
    <p class='ocr_par' dir='ltr' id='par_1_83' title="bbox 2121 3650 3777 3726">
     <span class='ocr_line' id='line_1_84' title="bbox 2121 3650 3777 3726; baseline -0.001 -19"><span class='ocrx_word' id='word_1_613' title='bbox 2121 3653 2210 3707; x_wconf 87' lang='grc' dir='ltr'>καὶ</span> <span class='ocrx_word' id='word_1_614' title='bbox 2271 3653 2298 3706; x_wconf 89' lang='lat'>6</span> <span class='ocrx_word' id='word_1_615' title='bbox 2358 3651 2677 3714; x_wconf 70' lang='grc' dir='ltr'>πολύαθλος</span> <span class='ocrx_word' id='word_1_616' title='bbox 2733 3652 3057 3713; x_wconf 84' lang='grc' dir='ltr'>Ἀθανάσιος</span> <span class='ocrx_word' id='word_1_617' title='bbox 3116 3652 3239 3726; x_wconf 83' lang='grc'>[825</span> <span class='ocrx_word' id='word_1_618' title='bbox 3296 3652 3412 3723; x_wconf 73' lang='grc' dir='ltr'>Η.],</span> <span class='ocrx_word' id='word_1_619' title='bbox 3446 3651 3536 3703; x_wconf 80' lang='grc' dir='ltr'>καί</span> <span class='ocrx_word' id='word_1_620' title='bbox 3595 3650 3777 3715; x_wconf 67' lang='grc' dir='ltr'>πολὺς</span> 
     </span>
    </p>
   </div>
   <div class='ocr_carea' id='block_1_84' title="bbox 2122 3735 3771 3817">
    <p class='ocr_par' dir='ltr' id='par_1_84' title="bbox 2122 3735 3771 3817">
     <span class='ocr_line' id='line_1_85' title="bbox 2122 3735 3771 3817; baseline -0.001 -22"><span class='ocrx_word' id='word_1_621' title='bbox 2122 3739 2294 3803; x_wconf 77' lang='grc' dir='ltr'>ἄλλος</span> <span class='ocrx_word' id='word_1_622' title='bbox 2326 3745 2433 3796; x_wconf 81' lang='grc' dir='ltr'>τῶν</span> <span class='ocrx_word' id='word_1_623' title='bbox 2466 3741 2634 3817; x_wconf 76' lang='grc' dir='ltr'>ἁγίων</span> <span class='ocrx_word' id='word_1_624' title='bbox 2685 3738 2887 3815; x_wconf 80' lang='grc' dir='ltr'>ὅμιλος</span> <span class='ocrx_word' id='word_1_625' title='bbox 2917 3739 3045 3803; x_wconf 74' lang='grc' dir='ltr'>τοὺς</span> <span class='ocrx_word' id='word_1_626' title='bbox 3095 3736 3268 3797; x_wconf 72' lang='grc' dir='ltr'>ἰδίους</span> <span class='ocrx_word' id='word_1_627' title='bbox 3322 3741 3455 3816; x_wconf 74' lang='grc' dir='ltr'>ὑπὲρ</span> <span class='ocrx_word' id='word_1_628' title='bbox 3496 3735 3771 3802; x_wconf 74' lang='grc' dir='ltr'>εὐσεῦεἰας</span> 
     </span>
    </p>
   </div>
   <div class='ocr_carea' id='block_1_85' title="bbox 2120 3829 3775 3903">
    <p class='ocr_par' dir='ltr' id='par_1_85' title="bbox 2120 3829 3775 3903">
     <span class='ocr_line' id='line_1_86' title="bbox 2120 3829 3775 3903; baseline -0.001 -18"><span class='ocrx_word' id='word_1_629' title='bbox 2120 3831 2322 3893; x_wconf 83' lang='grc' dir='ltr'>πόνους</span> <span class='ocrx_word' id='word_1_630' title='bbox 2360 3830 2565 3903; x_wconf 83' lang='grc' dir='ltr'>τόμους</span> <span class='ocrx_word' id='word_1_631' title='bbox 2616 3829 2892 3898; x_wconf 81' lang='grc' dir='ltr'>ἐκάλεσαν,</span> <span class='ocrx_word' id='word_1_632' title='bbox 2927 3830 3063 3885; x_wconf 80' lang='grc' dir='ltr'>ὥστε</span> <span class='ocrx_word' id='word_1_633' title='bbox 3115 3829 3291 3902; x_wconf 80' lang='grc' dir='ltr'>μάτην</span> <span class='ocrx_word' id='word_1_634' title='bbox 3342 3830 3528 3892; x_wconf 76' lang='grc' dir='ltr'>αὐτοῖς</span> <span class='ocrx_word' id='word_1_635' title='bbox 3560 3831 3623 3884; x_wconf 82' lang='grc' dir='ltr'>τὸ</span> <span class='ocrx_word' id='word_1_636' title='bbox 3671 3834 3775 3884; x_wconf 84' lang='grc' dir='ltr'>τοῦ</span> 
     </span>
    </p>
   </div>
   <div class='ocr_carea' id='block_1_86' title="bbox 2118 3916 3777 3994">
    <p class='ocr_par' dir='ltr' id='par_1_86' title="bbox 2118 3916 3777 3994">
     <span class='ocr_line' id='line_1_87' title="bbox 2118 3916 3777 3994; baseline 0.001 -20"><span class='ocrx_word' id='word_1_637' title='bbox 2118 3923 2302 3994; x_wconf 84' lang='grc' dir='ltr'>Τόμου</span> <span class='ocrx_word' id='word_1_638' title='bbox 2361 3919 2533 3994; x_wconf 76' lang='grc' dir='ltr'>ὄνομα</span> <span class='ocrx_word' id='word_1_639' title='bbox 2606 3921 2705 3989; x_wconf 71' lang='grc' dir='ltr'>τὴν</span> <span class='ocrx_word' id='word_1_640' title='bbox 2784 3921 2964 3992; x_wconf 75' lang='grc' dir='ltr'>τομὴν</span> <span class='ocrx_word' id='word_1_641' title='bbox 3041 3916 3304 3994; x_wconf 80' lang='grc' dir='ltr'>ἐφάντασε</span> <span class='ocrx_word' id='word_1_642' title='bbox 3388 3917 3481 3973; x_wconf 87' lang='grc' dir='ltr'>καί</span> <span class='ocrx_word' id='word_1_643' title='bbox 3563 3917 3777 3992; x_wconf 69' lang='grc' dir='ltr'>διαίρεο</span> 
     </span>
    </p>
   </div>
   <div class='ocr_carea' id='block_1_87' title="bbox 2119 4031 2221 4067">
    <p class='ocr_par' dir='ltr' id='par_1_87' title="bbox 2119 4031 2221 4067">
     <span class='ocr_line' id='line_1_88' title="bbox 2119 4031 2221 4067; baseline 0.02 -2"><span class='ocrx_word' id='word_1_644' title='bbox 2119 4031 2221 4067; x_wconf 86' lang='grc' dir='ltr'>σιν.</span> 
     </span>
    </p>
   </div>
   <div class='ocr_carea' id='block_1_88' title="bbox 2189 4094 3773 4173">
    <p class='ocr_par' dir='ltr' id='par_1_88' title="bbox 2189 4094 3773 4173">
     <span class='ocr_line' id='line_1_89' title="bbox 2189 4094 3773 4173; baseline -0.003 -18"><span class='ocrx_word' id='word_1_645' title='bbox 2189 4097 2344 4156; x_wconf 63' lang='grc' dir='ltr'>⁸Λλλ’</span> <span class='ocrx_word' id='word_1_646' title='bbox 2393 4099 2491 4154; x_wconf 83' lang='grc' dir='ltr'>οὐκ</span> <span class='ocrx_word' id='word_1_647' title='bbox 2540 4098 2913 4154; x_wconf 84' lang='grc' dir='ltr'>ἐπιλείπουσιν</span> <span class='ocrx_word' id='word_1_648' title='bbox 2961 4100 3013 4153; x_wconf 78' lang='grc' dir='ltr'>οἱ</span> <span class='ocrx_word' id='word_1_649' title='bbox 3067 4105 3166 4168; x_wconf 83' lang='grc' dir='ltr'>τῆς</span> <span class='ocrx_word' id='word_1_650' title='bbox 3236 4094 3491 4173; x_wconf 71' lang='grc' dir='ltr'>αἱρέσεως</span> <span class='ocrx_word' id='word_1_651' title='bbox 3550 4100 3773 4172; x_wconf 77' lang='grc' dir='ltr'>ερασταέ</span> 
     </span>
    </p>
   </div>
   <div class='ocr_carea' id='block_1_89' title="bbox 2115 4184 3776 4267">
    <p class='ocr_par' dir='ltr' id='par_1_89' title="bbox 2115 4184 3776 4267">
     <span class='ocr_line' id='line_1_90' title="bbox 2115 4184 3776 4267; baseline -0.001 -24"><span class='ocrx_word' id='word_1_652' title='bbox 2115 4190 2613 4267; x_wconf 85' lang='grc' dir='ltr'>καταισχυνὸμενοι</span> <span class='ocrx_word' id='word_1_653' title='bbox 2672 4189 2761 4243; x_wconf 88' lang='grc' dir='ltr'>καὶ</span> <span class='ocrx_word' id='word_1_654' title='bbox 2809 4184 3223 4261; x_wconf 86' lang='grc' dir='ltr'>ἀναιδευόμενοι</span> <span class='ocrx_word' id='word_1_655' title='bbox 3274 4186 3360 4258; x_wconf 82' lang='grc' dir='ltr'>τὸ,</span> <span class='ocrx_word' id='word_1_656' title='bbox 3404 4187 3490 4241; x_wconf 87' lang='grc' dir='ltr'>Ἐν</span> <span class='ocrx_word' id='word_1_657' title='bbox 3535 4187 3650 4259; x_wconf 78' lang='grc' dir='ltr'>ὅσῳ</span> <span class='ocrx_word' id='word_1_658' title='bbox 3706 4186 3776 4242; x_wconf 77' lang='grc' dir='ltr'>τά</span> 
     </span>
    </p>
   </div>
   <div class='ocr_carea' id='block_1_90' title="bbox 2116 4276 3768 4356">
    <p class='ocr_par' dir='ltr' id='par_1_90' title="bbox 2116 4276 3768 4356">
     <span class='ocr_line' id='line_1_91' title="bbox 2116 4276 3768 4356; baseline -0.001 -25"><span class='ocrx_word' id='word_1_659' title='bbox 2116 4279 2494 4356; x_wconf 68' lang='grc' dir='ltr'>συναμφότερα</span> <span class='ocrx_word' id='word_1_660' title='bbox 2576 4278 2691 4351; x_wconf 82' lang='grc' dir='ltr'>μετ’</span> <span class='ocrx_word' id='word_1_661' title='bbox 2768 4276 3034 4348; x_wconf 71' lang='grc' dir='ltr'>ἀλλήλων</span> <span class='ocrx_word' id='word_1_662' title='bbox 3113 4276 3279 4345; x_wconf 78' lang='grc' dir='ltr'>ἐστὶν,</span> <span class='ocrx_word' id='word_1_663' title='bbox 3346 4276 3423 4345; x_wconf 81' lang='grc' dir='ltr'>ᾡς</span> <span class='ocrx_word' id='word_1_664' title='bbox 3499 4278 3768 4351; x_wconf 72' lang='grc' dir='ltr'>χρονικήν</span> 
     </span>
    </p>
   </div>
   <div class='ocr_carea' id='block_1_91' title="bbox 2113 4365 3769 4443">
    <p class='ocr_par' dir='ltr' id='par_1_91' title="bbox 2113 4365 3769 4443">
     <span class='ocr_line' id='line_1_92' title="bbox 2113 4365 3769 4443; baseline -0.002 -20"><span class='ocrx_word' id='word_1_665' title='bbox 2113 4369 2201 4423; x_wconf 87' lang='grc' dir='ltr'>καί</span> <span class='ocrx_word' id='word_1_666' title='bbox 2258 4368 2587 4443; x_wconf 68' lang='grc' dir='ltr'>πρόσκαιρον</span> <span class='ocrx_word' id='word_1_667' title='bbox 2650 4365 3092 4441; x_wconf 83' lang='grc' dir='ltr'>ἐπαγελλόμενον</span> <span class='ocrx_word' id='word_1_668' title='bbox 3154 4368 3254 4435; x_wconf 77' lang='grc' dir='ltr'>τήν</span> <span class='ocrx_word' id='word_1_669' title='bbox 3315 4384 3645 4430; x_wconf 73' lang='grc' dir='ltr'>συναφειανο</span> <span class='ocrx_word' id='word_1_670' title='bbox 3706 4366 3769 4419; x_wconf 87' lang='grc' dir='ltr'>τὸ</span> 
     </span>
    </p>
   </div>
   <div class='ocr_carea' id='block_1_92' title="bbox 2109 4452 3767 4534">
    <p class='ocr_par' dir='ltr' id='par_1_92' title="bbox 2109 4452 3767 4534">
     <span class='ocr_line' id='line_1_93' title="bbox 2109 4452 3767 4534; baseline -0.002 -22"><span class='ocrx_word' id='word_1_671' title='bbox 2109 4460 2210 4534; x_wconf 81' lang='grc' dir='ltr'>γάρ</span> <span class='ocrx_word' id='word_1_672' title='bbox 2262 4458 2311 4513; x_wconf 75' lang='grc' dir='ltr'>ἰν</span> <span class='ocrx_word' id='word_1_673' title='bbox 2348 4460 2458 4530; x_wconf 81' lang='grc' dir='ltr'>ὅσῳ</span> <span class='ocrx_word' id='word_1_674' title='bbox 2506 4457 2621 4512; x_wconf 80' lang='grc' dir='ltr'>ἀντὶ</span> <span class='ocrx_word' id='word_1_675' title='bbox 2668 4461 2764 4512; x_wconf 84' lang='grc' dir='ltr'>τοῦ</span> <span class='ocrx_word' id='word_1_676' title='bbox 2811 4454 2914 4519; x_wconf 73' lang='grc' dir='ltr'>ἕως</span> <span class='ocrx_word' id='word_1_677' title='bbox 2962 4452 3356 4529; x_wconf 75' lang='grc' dir='ltr'>λαμϐάνεσθαι.</span> <span class='ocrx_word' id='word_1_678' title='bbox 3390 4452 3543 4512; x_wconf 82' lang='grc' dir='ltr'>Ἀλλ’</span> <span class='ocrx_word' id='word_1_679' title='bbox 3586 4456 3614 4508; x_wconf 90' lang='lat'>6</span> <span class='ocrx_word' id='word_1_680' title='bbox 3667 4457 3767 4526; x_wconf 73' lang='grc' dir='ltr'>μὶν</span> 
     </span>
    </p>
   </div>
   <div class='ocr_carea' id='block_1_93' title="bbox 2116 4541 3761 4624">
    <p class='ocr_par' dir='ltr' id='par_1_93' title="bbox 2116 4541 3761 4624">
     <span class='ocr_line' id='line_1_94' title="bbox 2116 4541 3761 4624; baseline -0.005 -23"><span class='ocrx_word' id='word_1_681' title='bbox 2116 4547 2261 4621; x_wconf 70' lang='grc' dir='ltr'>ἱερὸς</span> <span class='ocrx_word' id='word_1_682' title='bbox 2320 4547 2659 4624; x_wconf 67' lang='grc' dir='ltr'>συγγραφεὺς</span> <span class='ocrx_word' id='word_1_683' title='bbox 2718 4543 2952 4600; x_wconf 85' lang='grc' dir='ltr'>δείκνυσι</span> <span class='ocrx_word' id='word_1_684' title='bbox 3008 4546 3069 4599; x_wconf 88' lang='grc' dir='ltr'>τὸ</span> <span class='ocrx_word' id='word_1_685' title='bbox 3126 4542 3409 4618; x_wconf 67' lang='grc' dir='ltr'>ἐπίρρημα</span> <span class='ocrx_word' id='word_1_686' title='bbox 3454 4541 3594 4615; x_wconf 79' lang='grc' dir='ltr'>παρά</span> <span class='ocrx_word' id='word_1_687' title='bbox 3637 4546 3761 4601; x_wconf 85' lang='grc' dir='ltr'>τοῖς</span> 
     </span>
    </p>
   </div>
   <div class='ocr_carea' id='block_1_94' title="bbox 2116 4630 3755 4711">
    <p class='ocr_par' dir='ltr' id='par_1_94' title="bbox 2116 4630 3755 4711">
     <span class='ocr_line' id='line_1_95' title="bbox 2116 4630 3755 4711; baseline -0.006 -20"><span class='ocrx_word' id='word_1_688' title='bbox 2116 4639 2284 4711; x_wconf 69' lang='grc' dir='ltr'>ἱεροῖς</span> <span class='ocrx_word' id='word_1_689' title='bbox 2315 4634 2539 4710; x_wconf 48' lang='grc' dir='ltr'>,λογίοις</span> <span class='ocrx_word' id='word_1_690' title='bbox 2569 4635 2629 4689; x_wconf 77' lang='grc' dir='ltr'>οὐ</span> <span class='ocrx_word' id='word_1_691' title='bbox 2682 4635 2950 4709; x_wconf 75' lang='grc' dir='ltr'>χρονικὴν</span> <span class='ocrx_word' id='word_1_692' title='bbox 2983 4634 3144 4706; x_wconf 90' lang='grc' dir='ltr'>μόνον</span> <span class='ocrx_word' id='word_1_693' title='bbox 3188 4630 3424 4687; x_wconf 84' lang='grc' dir='ltr'>διάνοιαν</span> <span class='ocrx_word' id='word_1_694' title='bbox 3450 4632 3494 4667; x_wconf 76' lang='grc'>⁸⁸</span> <span class='ocrx_word' id='word_1_695' title='bbox 3539 4630 3755 4698; x_wconf 75' lang='grc' dir='ltr'>ὑποση-</span> 
     </span>
    </p>
   </div>
   <div class='ocr_carea' id='block_1_95' title="bbox 358 4722 2016 4803">
    <p class='ocr_par' dir='ltr' id='par_1_95' title="bbox 358 4724 2001 4803">
     <span class='ocr_line' id='line_1_96' title="bbox 358 4724 2001 4803; baseline 0.004 -24"><span class='ocrx_word' id='word_1_696' title='bbox 358 4736 495 4789; x_wconf 84' lang='lat' dir='ltr'>tum,</span> <span class='ocrx_word' id='word_1_697' title='bbox 529 4724 622 4779; x_wconf 91' lang='lat' dir='ltr'>hic</span> <span class='ocrx_word' id='word_1_698' title='bbox 654 4742 767 4781; x_wconf 91' lang='lat' dir='ltr'>non</span> <span class='ocrx_word' id='word_1_699' title='bbox 799 4726 965 4783; x_wconf 90' lang='lat' dir='ltr'>donec</span> <span class='ocrx_word' id='word_1_700' title='bbox 996 4728 1344 4799; x_wconf 77' lang='lat' dir='ltr'>significare,</span> <span class='ocrx_word' id='word_1_701' title='bbox 1380 4732 1476 4786; x_wconf 91' lang='lat' dir='ltr'>sed</span> <span class='ocrx_word' id='word_1_702' title='bbox 1513 4731 1703 4803; x_wconf 85' lang='lat' dir='ltr'>potius</span> <span class='ocrx_word' id='word_1_703' title='bbox 1737 4748 1837 4801; x_wconf 88' lang='lat' dir='ltr'>pro</span> <span class='ocrx_word' id='word_1_704' title='bbox 1869 4748 2001 4803; x_wconf 82' lang='lat' dir='ltr'>qua-</span> 
     </span>
    </p>
   </div>
   <div class='ocr_carea' id='block_1_96' title="bbox 2130 4722 3749 4803">
    <p class='ocr_par' dir='ltr' id='par_1_96' title="bbox 2130 4722 3749 4798">
     <span class='ocr_line' id='line_1_97' title="bbox 2130 4722 3749 4798; baseline -0.006 -16"><span class='ocrx_word' id='word_1_705' title='bbox 2130 4733 2329 4797; x_wconf 68' lang='lat' dir='ltr'>u‘ivov,</span> <span class='ocrx_word' id='word_1_706' title='bbox 2364 4726 2491 4782; x_wconf 86' lang='grc' dir='ltr'>ἀλλ’</span> <span class='ocrx_word' id='word_1_707' title='bbox 2521 4725 2572 4781; x_wconf 81' lang='grc' dir='ltr'>ἓν</span> <span class='ocrx_word' id='word_1_708' title='bbox 2611 4724 2846 4788; x_wconf 88' lang='grc' dir='ltr'>πολλοῖς</span> <span class='ocrx_word' id='word_1_709' title='bbox 2886 4723 3159 4786; x_wconf 86' lang='grc' dir='ltr'>πολλάκις</span> <span class='ocrx_word' id='word_1_710' title='bbox 3187 4725 3280 4779; x_wconf 87' lang='grc' dir='ltr'>καί</span> <span class='ocrx_word' id='word_1_711' title='bbox 3319 4724 3380 4779; x_wconf 86' lang='grc' dir='ltr'>τὸ</span> <span class='ocrx_word' id='word_1_712' title='bbox 3408 4722 3700 4798; x_wconf 64' lang='grc' dir='ltr'>ἀπέραντον</span> <span class='ocrx_word' id='word_1_713' title='bbox 3736 4739 3749 4751; x_wconf 90' lang='grc'><strong>·</strong></span> 
     </span>
    </p>
   </div>
   <div class='ocr_carea' id='block_1_97' title="bbox 354 4814 2005 4892">
    <p class='ocr_par' dir='ltr' id='par_1_97' title="bbox 354 4814 2005 4892">
     <span class='ocr_line' id='line_1_98' title="bbox 354 4814 2005 4892; baseline 0.005 -23"><span class='ocrx_word' id='word_1_714' title='bbox 354 4818 512 4870; x_wconf 85' lang='lat' dir='ltr'>tenus</span> <span class='ocrx_word' id='word_1_715' title='bbox 538 4814 743 4887; x_wconf 90' lang='lat' dir='ltr'>accipi.</span> <span class='ocrx_word' id='word_1_716' title='bbox 777 4816 900 4872; x_wconf 91' lang='lat' dir='ltr'>Nisi</span> <span class='ocrx_word' id='word_1_717' title='bbox 957 4817 1111 4888; x_wconf 89' lang='lat' dir='ltr'>quod</span> <span class='ocrx_word' id='word_1_718' title='bbox 1150 4820 1354 4874; x_wconf 88' lang='lat' dir='ltr'>beatus</span> <span class='ocrx_word' id='word_1_719' title='bbox 1403 4820 1713 4892; x_wconf 82' lang='lat' dir='ltr'>Gregorius</span> <span class='ocrx_word' id='word_1_720' title='bbox 1762 4820 2005 4877; x_wconf 87' lang='lat' dir='ltr'>Theolo-</span> 
     </span>
    </p>
   </div>
   <div class='ocr_carea' id='block_1_98' title="bbox 353 4905 2004 4980">
    <p class='ocr_par' dir='ltr' id='par_1_98' title="bbox 353 4905 2004 4980">
     <span class='ocr_line' id='line_1_99' title="bbox 353 4905 2004 4980; baseline 0.004 -21"><span class='ocrx_word' id='word_1_721' title='bbox 353 4921 461 4975; x_wconf 85' lang='lat' dir='ltr'>gus</span> <span class='ocrx_word' id='word_1_722' title='bbox 494 4905 726 4962; x_wconf 87' lang='lat' dir='ltr'>easdem</span> <span class='ocrx_word' id='word_1_723' title='bbox 777 4922 947 4963; x_wconf 89' lang='lat' dir='ltr'>voces</span> <span class='ocrx_word' id='word_1_724' title='bbox 990 4907 1295 4979; x_wconf 66' lang='lat' dir='ltr'>praedixit;</span> <span class='ocrx_word' id='word_1_725' title='bbox 1328 4925 1501 4980; x_wconf 88' lang='lat' dir='ltr'>quem</span> <span class='ocrx_word' id='word_1_726' title='bbox 1553 4910 1663 4965; x_wconf 90' lang='lat' dir='ltr'>Leo</span> <span class='ocrx_word' id='word_1_727' title='bbox 1713 4910 2004 4980; x_wconf 86' lang='lat' dir='ltr'>sequitur.</span> 
     </span>
    </p>
   </div>
   <div class='ocr_carea' id='block_1_99' title="bbox 2118 4809 3763 4892">
    <p class='ocr_par' dir='ltr' id='par_1_99' title="bbox 2118 4809 3763 4892">
     <span class='ocr_line' id='line_1_100' title="bbox 2118 4809 3763 4892; baseline -0.004 -19"><span class='ocrx_word' id='word_1_728' title='bbox 2118 4818 2242 4892; x_wconf 80' lang='grc' dir='ltr'>ἐμοὶ</span> <span class='ocrx_word' id='word_1_729' title='bbox 2274 4816 2330 4872; x_wconf 75' lang='grc' dir='ltr'>δὲ</span> <span class='ocrx_word' id='word_1_730' title='bbox 2361 4814 2510 4872; x_wconf 83' lang='grc' dir='ltr'>δοκεῖ</span> <span class='ocrx_word' id='word_1_731' title='bbox 2538 4817 2599 4871; x_wconf 85' lang='grc' dir='ltr'>τὸ</span> <span class='ocrx_word' id='word_1_732' title='bbox 2632 4814 2681 4871; x_wconf 82' lang='grc' dir='ltr'>ἐν</span> <span class='ocrx_word' id='word_1_733' title='bbox 2717 4814 2829 4888; x_wconf 79' lang='grc' dir='ltr'>ὅσῳ</span> <span class='ocrx_word' id='word_1_734' title='bbox 2878 4813 3105 4870; x_wconf 80' lang='grc' dir='ltr'>ἐνταῦθα</span> <span class='ocrx_word' id='word_1_735' title='bbox 3136 4811 3261 4869; x_wconf 73' lang='grc' dir='ltr'>οὐδὲ</span> <span class='ocrx_word' id='word_1_736' title='bbox 3291 4816 3389 4885; x_wconf 79' lang='grc' dir='ltr'>τὴν</span> <span class='ocrx_word' id='word_1_737' title='bbox 3436 4809 3539 4874; x_wconf 72' lang='grc' dir='ltr'>ἕως</span> <span class='ocrx_word' id='word_1_738' title='bbox 3587 4809 3763 4867; x_wconf 70' lang='grc' dir='ltr'>δῦνα-</span> 
     </span>
    </p>
   </div>
   <div class='ocr_carea' id='block_1_100' title="bbox 2123 4899 3761 4986">
    <p class='ocr_par' dir='ltr' id='par_1_100' title="bbox 2123 4899 3761 4986">
     <span class='ocr_line' id='line_1_101' title="bbox 2123 4899 3761 4986; baseline -0.005 -23"><span class='ocrx_word' id='word_1_739' title='bbox 2123 4931 2211 4982; x_wconf 86' lang='grc' dir='ltr'>μιν</span> <span class='ocrx_word' id='word_1_740' title='bbox 2245 4906 2412 4986; x_wconf 75' lang='grc' dir='ltr'>ἔχειν,</span> <span class='ocrx_word' id='word_1_741' title='bbox 2447 4906 2573 4961; x_wconf 87' lang='grc' dir='ltr'>ἀλλ’</span> <span class='ocrx_word' id='word_1_742' title='bbox 2623 4902 2741 4960; x_wconf 80' lang='grc' dir='ltr'>ἂντί</span> <span class='ocrx_word' id='word_1_743' title='bbox 2778 4909 2876 4959; x_wconf 87' lang='grc' dir='ltr'>τοῦ</span> <span class='ocrx_word' id='word_1_744' title='bbox 2923 4905 3059 4959; x_wconf 83' lang='grc' dir='ltr'>καθὸ</span> <span class='ocrx_word' id='word_1_745' title='bbox 3096 4904 3467 4979; x_wconf 79' lang='grc' dir='ltr'>παρειλῆφθαι</span> <span class='ocrx_word' id='word_1_746' title='bbox 3524 4899 3761 4975; x_wconf 72' lang='grc' dir='ltr'>μᾶλλον,</span> 
     </span>
    </p>
   </div>
   <div class='ocr_carea' id='block_1_101' title="bbox 356 4991 3763 5073">
    <p class='ocr_par' dir='ltr' id='par_1_101' title="bbox 356 4991 3763 5073">
     <span class='ocr_line' id='line_1_102' title="bbox 356 4991 3763 5073; baseline 0.001 -28"><span class='ocrx_word' id='word_1_747' title='bbox 356 4991 504 5062; x_wconf 72' lang='grc' dir='ltr'>Πλὴν</span> <span class='ocrx_word' id='word_1_748' title='bbox 564 4992 711 5049; x_wconf 83' lang='grc' dir='ltr'>ἀλλά</span> <span class='ocrx_word' id='word_1_749' title='bbox 764 4994 865 5069; x_wconf 86' lang='grc' dir='ltr'>γάρ</span> <span class='ocrx_word' id='word_1_750' title='bbox 906 4994 996 5053; x_wconf 83' lang='grc' dir='ltr'>καί</span> <span class='ocrx_word' id='word_1_751' title='bbox 1038 4996 1065 5049; x_wconf 90' lang='lat'>6</span> <span class='ocrx_word' id='word_1_752' title='bbox 1124 4995 1398 5071; x_wconf 79' lang='grc' dir='ltr'>Θεολόγος</span> <span class='ocrx_word' id='word_1_753' title='bbox 1455 4997 1753 5073; x_wconf 82' lang='grc' dir='ltr'>Γρηγόριος</span> <span class='ocrx_word' id='word_1_754' title='bbox 1808 4998 1904 5060; x_wconf 83' lang='grc' dir='ltr'>τὰς</span> <span class='ocrx_word' id='word_1_755' title='bbox 1936 4996 2101 5058; x_wconf 77' lang='grc' dir='ltr'>αὐτὰς</span> <span class='ocrx_word' id='word_1_756' title='bbox 2157 5003 2385 5073; x_wconf 83' lang='grc' dir='ltr'>προεῖπε</span> <span class='ocrx_word' id='word_1_757' title='bbox 2417 4996 2616 5073; x_wconf 79' lang='grc' dir='ltr'>φωνὰς,</span> <span class='ocrx_word' id='word_1_758' title='bbox 2655 4997 2736 5057; x_wconf 81' lang='grc' dir='ltr'>οἷς</span> <span class='ocrx_word' id='word_1_759' title='bbox 2770 4994 2798 5049; x_wconf 88' lang='lat'>6</span> <span class='ocrx_word' id='word_1_760' title='bbox 2856 4992 2908 5048; x_wconf 83' lang='grc' dir='ltr'>ἐν</span> <span class='ocrx_word' id='word_1_761' title='bbox 2948 4992 3125 5069; x_wconf 80' lang='grc' dir='ltr'>ἁγίοις</span> <span class='ocrx_word' id='word_1_762' title='bbox 3175 4992 3324 5047; x_wconf 83' lang='grc' dir='ltr'>Λέων</span> <span class='ocrx_word' id='word_1_763' title='bbox 3357 4991 3763 5062; x_wconf 73' lang='grc' dir='ltr'>ἠκολούθησεν.</span> 
     </span>
    </p>
   </div>
   <div class='ocr_carea' id='block_1_102' title="bbox 424 5084 2001 5162">
    <p class='ocr_par' dir='ltr' id='par_1_102' title="bbox 424 5084 2001 5162">
     <span class='ocr_line' id='line_1_103' title="bbox 424 5084 2001 5162; baseline 0.004 -25"><span class='ocrx_word' id='word_1_764' title='bbox 424 5084 678 5141; x_wconf 83' lang='lat' dir='ltr'>Rursum</span> <span class='ocrx_word' id='word_1_765' title='bbox 702 5102 839 5143; x_wconf 89' lang='lat' dir='ltr'>vero</span> <span class='ocrx_word' id='word_1_766' title='bbox 863 5088 1103 5143; x_wconf 63' lang='lat' dir='ltr'>haeresis</span> <span class='ocrx_word' id='word_1_767' title='bbox 1130 5090 1371 5144; x_wconf 83' lang='lat' dir='ltr'>Leonem</span> <span class='ocrx_word' id='word_1_768' title='bbox 1405 5089 1819 5156; x_wconf 85' lang='lat' dir='ltr'>calumniatur,</span> <span class='ocrx_word' id='word_1_769' title='bbox 1843 5089 2001 5162; x_wconf 89' lang='lat' dir='ltr'>quia,</span> 
     </span>
    </p>
   </div>
   <div class='ocr_carea' id='block_1_103' title="bbox 352 5170 2007 5248">
    <p class='ocr_par' dir='ltr' id='par_1_103' title="bbox 352 5170 2007 5248">
     <span class='ocr_line' id='line_1_104' title="bbox 352 5170 2007 5248; baseline 0.008 -25"><span class='ocrx_word' id='word_1_770' title='bbox 352 5170 561 5242; x_wconf 85' lang='lat' dir='ltr'>inquit,</span> <span class='ocrx_word' id='word_1_771' title='bbox 598 5177 764 5244; x_wconf 81' lang='lat' dir='ltr'>dixit,</span> <span class='ocrx_word' id='word_1_772' title='bbox 800 5177 974 5233; x_wconf 90' lang='lat' dir='ltr'>unius</span> <span class='ocrx_word' id='word_1_773' title='bbox 1006 5182 1062 5232; x_wconf 91' lang='lat' dir='ltr'>et</span> <span class='ocrx_word' id='word_1_774' title='bbox 1091 5178 1353 5248; x_wconf 89' lang='lat' dir='ltr'>ejusdem</span> <span class='ocrx_word' id='word_1_775' title='bbox 1390 5178 1516 5247; x_wconf 92' lang='lat' dir='ltr'>hoc,</span> <span class='ocrx_word' id='word_1_776' title='bbox 1540 5178 1846 5235; x_wconf 87' lang='lat' dir='ltr'>humilitas</span> <span class='ocrx_word' id='word_1_777' title='bbox 1873 5196 2007 5236; x_wconf 88' lang='lat' dir='ltr'>car-</span> 
     </span>
    </p>
   </div>
   <div class='ocr_carea' id='block_1_104' title="bbox 350 5256 2004 5340">
    <p class='ocr_par' dir='ltr' id='par_1_104' title="bbox 350 5256 2004 5340">
     <span class='ocr_line' id='line_1_105' title="bbox 350 5256 2004 5340; baseline 0.008 -31"><span class='ocrx_word' id='word_1_778' title='bbox 350 5256 439 5312; x_wconf 87' lang='lat' dir='ltr'>nis</span> <span class='ocrx_word' id='word_1_779' title='bbox 471 5264 526 5313; x_wconf 87' lang='lat' dir='ltr'>et</span> <span class='ocrx_word' id='word_1_780' title='bbox 555 5264 902 5333; x_wconf 85' lang='lat' dir='ltr'>magnitudo</span> <span class='ocrx_word' id='word_1_781' title='bbox 953 5265 1273 5323; x_wconf 87' lang='lat' dir='ltr'>divinitatis</span> <span class='ocrx_word' id='word_1_782' title='bbox 1301 5284 1313 5334; x_wconf 89' lang='lat'><strong>;</strong></span> <span class='ocrx_word' id='word_1_783' title='bbox 1348 5276 1399 5323; x_wconf 85' lang='lat' dir='ltr'>et</span> <span class='ocrx_word' id='word_1_784' title='bbox 1441 5276 1591 5324; x_wconf 89' lang='lat' dir='ltr'>certe</span> <span class='ocrx_word' id='word_1_785' title='bbox 1622 5267 1672 5325; x_wconf 90' lang='lat' dir='ltr'>si</span> <span class='ocrx_word' id='word_1_786' title='bbox 1706 5284 1822 5325; x_wconf 90' lang='lat' dir='ltr'>non</span> <span class='ocrx_word' id='word_1_787' title='bbox 1855 5284 2004 5340; x_wconf 77' lang='lat' dir='ltr'>prte-</span> 
     </span>
    </p>
   </div>
   <div class='ocr_carea' id='block_1_105' title="bbox 419 5394 853 5461">
    <p class='ocr_par' dir='ltr' id='par_1_105' title="bbox 419 5394 853 5461">
     <span class='ocr_line' id='line_1_106' title="bbox 419 5394 853 5461; baseline 0.009 -14"><span class='ocrx_word' id='word_1_788' title='bbox 419 5407 453 5446; x_wconf 90' lang='grc' dir='ltr'>ο</span> <span class='ocrx_word' id='word_1_789' title='bbox 482 5394 677 5449; x_wconf 87' lang='lat' dir='ltr'>Matth.</span> <span class='ocrx_word' id='word_1_790' title='bbox 712 5412 766 5461; x_wconf 84' lang='lat' dir='ltr'>x,</span> <span class='ocrx_word' id='word_1_791' title='bbox 798 5397 853 5452; x_wconf 91' lang='lat'>7.</span> 
     </span>
    </p>
   </div>
   <div class='ocr_carea' id='block_1_106' title="bbox 2187 5079 3769 5162">
    <p class='ocr_par' dir='ltr' id='par_1_106' title="bbox 2187 5079 3769 5162">
     <span class='ocr_line' id='line_1_107' title="bbox 2187 5079 3769 5162; baseline -0.004 -19"><span class='ocrx_word' id='word_1_792' title='bbox 2187 5087 2359 5143; x_wconf 88' lang='grc' dir='ltr'>Πάλιν</span> <span class='ocrx_word' id='word_1_793' title='bbox 2412 5084 2468 5143; x_wconf 80' lang='grc' dir='ltr'>δὲ</span> <span class='ocrx_word' id='word_1_794' title='bbox 2516 5089 2550 5157; x_wconf 70' lang='grc' dir='ltr'><strong>ἡ</strong></span> <span class='ocrx_word' id='word_1_795' title='bbox 2602 5084 2805 5162; x_wconf 87' lang='grc' dir='ltr'>α’ίρεσις</span> <span class='ocrx_word' id='word_1_796' title='bbox 2849 5079 3137 5140; x_wconf 77' lang='grc' dir='ltr'>διαϐάλλει</span> <span class='ocrx_word' id='word_1_797' title='bbox 3184 5086 3276 5138; x_wconf 82' lang='grc' dir='ltr'>τὸν</span> <span class='ocrx_word' id='word_1_798' title='bbox 3328 5084 3477 5137; x_wconf 75' lang='grc' dir='ltr'>ὅσιον</span> <span class='ocrx_word' id='word_1_799' title='bbox 3539 5083 3769 5153; x_wconf 72' lang='grc' dir='ltr'>Αὲοντα,</span> 
     </span>
    </p>
   </div>
   <div class='ocr_carea' id='block_1_107' title="bbox 2115 5168 3771 5251">
    <p class='ocr_par' dir='ltr' id='par_1_107' title="bbox 2115 5168 3771 5251">
     <span class='ocr_line' id='line_1_108' title="bbox 2115 5168 3771 5251; baseline -0.004 -20"><span class='ocrx_word' id='word_1_800' title='bbox 2115 5174 2278 5247; x_wconf 89' lang='grc' dir='ltr'>διότι,</span> <span class='ocrx_word' id='word_1_801' title='bbox 2311 5176 2497 5251; x_wconf 77' lang='grc' dir='ltr'>φησὶν,</span> <span class='ocrx_word' id='word_1_802' title='bbox 2531 5176 2647 5231; x_wconf 70' lang='grc' dir='ltr'>εἶπε</span> <span class='ocrx_word' id='word_1_803' title='bbox 2691 5178 2793 5229; x_wconf 86' lang='grc' dir='ltr'>τοῦ</span> <span class='ocrx_word' id='word_1_804' title='bbox 2839 5174 2957 5235; x_wconf 73' lang='grc' dir='ltr'>ἒνὸς</span> <span class='ocrx_word' id='word_1_805' title='bbox 2986 5173 3076 5229; x_wconf 85' lang='grc' dir='ltr'>καὶ</span> <span class='ocrx_word' id='word_1_806' title='bbox 3123 5176 3219 5228; x_wconf 88' lang='grc' dir='ltr'>τοῦ</span> <span class='ocrx_word' id='word_1_807' title='bbox 3261 5171 3427 5227; x_wconf 73' lang='grc' dir='ltr'>αὐτοῦ</span> <span class='ocrx_word' id='word_1_808' title='bbox 3472 5168 3539 5228; x_wconf 76' lang='grc' dir='ltr'>τό</span> <span class='ocrx_word' id='word_1_809' title='bbox 3568 5192 3625 5226; x_wconf 78' lang='grc' dir='ltr'>τε</span> <span class='ocrx_word' id='word_1_810' title='bbox 3674 5192 3771 5225; x_wconf 74' lang='grc' dir='ltr'>ταο</span> 
     </span>
    </p>
   </div>
   <div class='ocr_carea' id='block_1_108' title="bbox 2114 5261 3766 5339">
    <p class='ocr_par' dir='ltr' id='par_1_108' title="bbox 2114 5261 3766 5339">
     <span class='ocr_line' id='line_1_109' title="bbox 2114 5261 3766 5339; baseline -0.002 -19"><span class='ocrx_word' id='word_1_811' title='bbox 2114 5266 2292 5321; x_wconf 78' lang='grc' dir='ltr'>πεινόν</span> <span class='ocrx_word' id='word_1_812' title='bbox 2344 5272 2445 5334; x_wconf 78' lang='grc' dir='ltr'>τῆς</span> <span class='ocrx_word' id='word_1_813' title='bbox 2494 5264 2691 5338; x_wconf 82' lang='grc' dir='ltr'>σαρκὸς</span> <span class='ocrx_word' id='word_1_814' title='bbox 2737 5264 2827 5319; x_wconf 84' lang='grc' dir='ltr'>καὶ</span> <span class='ocrx_word' id='word_1_815' title='bbox 2895 5262 2957 5317; x_wconf 82' lang='grc' dir='ltr'>τὸ</span> <span class='ocrx_word' id='word_1_816' title='bbox 3020 5261 3249 5339; x_wconf 71' lang='grc' dir='ltr'>μέγεθος</span> <span class='ocrx_word' id='word_1_817' title='bbox 3303 5267 3406 5330; x_wconf 79' lang='grc' dir='ltr'>τῆς</span> <span class='ocrx_word' id='word_1_818' title='bbox 3484 5261 3766 5333; x_wconf 80' lang='grc' dir='ltr'>θεότητος.</span> 
     </span>
    </p>
   </div>
   <div class='ocr_carea' id='block_1_109' title="bbox 1713 5535 2403 5595">
    <p class='ocr_par' dir='ltr' id='par_1_109' title="bbox 1713 5535 2403 5595">
     <span class='ocr_line' id='line_1_110' title="bbox 1713 5535 2403 5595; baseline -0.006 -2"><span class='ocrx_word' id='word_1_819' title='bbox 1713 5540 1951 5595; x_wconf 64' lang='lat' dir='ltr'>VARUS</span> <span class='ocrx_word' id='word_1_820' title='bbox 1990 5535 2403 5593; x_wconf 79' lang='lat' dir='ltr'>LECTIONES.</span> 
     </span>
    </p>
   </div>
   <div class='ocr_carea' id='block_1_110' title="bbox 422 5645 1326 5727">
    <p class='ocr_par' dir='ltr' id='par_1_110' title="bbox 422 5645 1326 5727">
     <span class='ocr_line' id='line_1_111' title="bbox 422 5645 1326 5727; baseline 0.018 -31"><span class='ocrx_word' id='word_1_821' title='bbox 422 5645 468 5727; x_wconf 53' lang='grc' dir='ltr'>ξ’</span> <span class='ocrx_word' id='word_1_822' title='bbox 498 5649 771 5727; x_wconf 37' lang='grc' dir='ltr'>τηροῦσιν,</span> <span class='ocrx_word' id='word_1_823' title='bbox 797 5654 839 5705; x_wconf 85' lang='grc' dir='ltr'><strong>Α</strong></span> <span class='ocrx_word' id='word_1_824' title='bbox 877 5655 1209 5727; x_wconf 57' lang='grc' dir='ltr'>εξηροῦντες</span> 
     </span>
    </p>
   </div>
   <div class='ocr_carea' id='block_1_111' title="bbox 1440 5652 1744 5728">
    <p class='ocr_par' dir='ltr' id='par_1_111' title="bbox 1440 5652 1744 5728">
     <span class='ocr_line' id='line_1_112' title="bbox 1440 5652 1744 5728; baseline 0 -1"><span class='ocrx_word' id='word_1_825' title='bbox 1440 5652 1620 5728; x_wconf 74' lang='grc' dir='ltr'>⁸³ἔφη</span> <span class='ocrx_word' id='word_1_826' title='bbox 1664 5656 1744 5728; x_wconf 77' lang='grc' dir='ltr'>ς.</span> 
     </span>
    </p>
   </div>
   <div class='ocr_carea' id='block_1_112' title="bbox 351 5714 1568 5795">
    <p class='ocr_par' dir='ltr' id='par_1_112' title="bbox 351 5714 1568 5795">
     <span class='ocr_line' id='line_1_113' title="bbox 351 5714 1568 5795; baseline 0.003 -23"><span class='ocrx_word' id='word_1_827' title='bbox 351 5718 395 5751; x_wconf 61' lang='grc'><strong>⁸⁵</strong></span> <span class='ocrx_word' id='word_1_828' title='bbox 426 5714 665 5774; x_wconf 71' lang='grc' dir='ltr'>διάνοιαν</span> <span class='ocrx_word' id='word_1_829' title='bbox 697 5718 857 5793; x_wconf 77' lang='grc' dir='ltr'>μόνον</span> <span class='ocrx_word' id='word_1_830' title='bbox 1200 5714 1205 5715; x_wconf 19' lang='grc'><strong><em>⁷</em></strong></span> <span class='ocrx_word' id='word_1_831' title='bbox 1262 5716 1283 5727; x_wconf 72' lang='grc'><em>”</em></span> <span class='ocrx_word' id='word_1_832' title='bbox 1559 5720 1568 5734; x_wconf 66' lang='grc'><strong>⁸</strong></span> 
     </span>
    </p>
   </div>
   <div class='ocr_carea' id='block_1_113' title="bbox 1856 5643 3764 5723">
    <p class='ocr_par' dir='ltr' id='par_1_113' title="bbox 1856 5643 3764 5723">
     <span class='ocr_line' id='line_1_114' title="bbox 1856 5643 3764 5723; baseline -0.003 -15"><span class='ocrx_word' id='word_1_833' title='bbox 1856 5655 1903 5689; x_wconf 76' lang='grc'>⁸⁴</span> <span class='ocrx_word' id='word_1_834' title='bbox 1934 5654 2084 5723; x_wconf 82' lang='grc' dir='ltr'>αὐτῷ</span> <span class='ocrx_word' id='word_1_835' title='bbox 2123 5653 2220 5719; x_wconf 73' lang='grc' dir='ltr'>τὴν</span> <span class='ocrx_word' id='word_1_836' title='bbox 2269 5650 2563 5719; x_wconf 76' lang='grc' dir='ltr'>ἐπιστολὴν</span> <span class='ocrx_word' id='word_1_837' title='bbox 2600 5651 2769 5722; x_wconf 79' lang='grc' dir='ltr'>τόμον</span> <span class='ocrx_word' id='word_1_838' title='bbox 2828 5651 2872 5704; x_wconf 83' lang='grc' dir='ltr'>Α</span> <span class='ocrx_word' id='word_1_839' title='bbox 2906 5666 2919 5705; x_wconf 88' lang='lat'>:</span> <span class='ocrx_word' id='word_1_840' title='bbox 2971 5649 3068 5717; x_wconf 68' lang='grc' dir='ltr'>τὴν</span> <span class='ocrx_word' id='word_1_841' title='bbox 3118 5643 3416 5715; x_wconf 72' lang='grc' dir='ltr'>ἐπιστολὴν</span> <span class='ocrx_word' id='word_1_842' title='bbox 3466 5648 3635 5702; x_wconf 72' lang='grc' dir='ltr'>αὑτοῦ</span> 
     </span>
    </p>
   </div>
  </div>
