4138 6228
324 376 476 435 101³7

1409 371 1954 434 BIBLIOTHECA.
2002 403 2075 419 -
2122 371 2291 434 COD.
2342 372 2645 433 CCXXIX.

3573 385 3729 446 1018

325 508 514 567 Καίτοι
573 529 632 583 γε
691 509 736 562 εἰ
789 508 881 581 μέν
943 507 1018 579 μὴ
1070 509 1345 581 προειπὼν
1395 511 1492 562 τοῦ
1539 508 1656 568 ἑνὸς
1714 507 1802 562 καὶ
1873 528 1934 562 τό

2084 508 2332 564 dixisset
2380 512 2548 566 unius
2585 512 2634 566 et
2673 510 2938 578 eiusdem,
2981 515 3093 570 cito
3139 514 3424 575 haereticis
3473 523 3732 580 occasio-

317 598 504 668 αὑτοῦ,
536 597 683 676 τάχα
725 595 784 651 ἃν
815 601 931 656 τοῖς
963 594 1159 674 ἄφροσι
1208 600 1432 670 παρεῖχε
1477 591 1654 664 λαϐῆς
1709 595 1968 651 ὑπόνοιαν

316 687 391 749 ὡς
422 686 524 741 ἀνὰ
552 687 722 759 μέρος
751 685 932 755 τίθησι
970 687 1071 754 τῆν
1113 685 1284 758 σάρκα
1329 685 1419 740 καὶ
1467 686 1568 755 τήν
1617 686 1872 755 θεότητα,
1919 683 1964 740 εί

312 778 400 834 καὶ
440 773 581 850 μηδὲ
606 780 769 831 τοῦτο
815 778 849 846 ἠ
896 775 1042 846 λέξις
1089 772 1229 848 μηδὲ
1277 775 1400 830 τότε
1445 772 1650 844 ἐδήλου
1684 793 1696 806 ·
1741 773 1854 829 ἐπεὶ
1906 773 1964 829 δὲ

2080 613 2212 654 nem
2237 598 2520 655 haereseos
2540 600 2818 666 dedisset,
2839 603 2989 670 quod
3015 601 3140 670 ipse
3164 605 3392 662 divisim
3415 619 3589 682 ponat
3610 629 3733 668 car-

2078 703 2210 743 nem
2241 692 2298 742 et
2327 687 2708 744 divinitatem.
2740 690 2862 745 Etsi
2893 707 3001 746 vox
3033 691 3141 748 hoc
3193 698 3330 752 tunc
3363 713 3476 753 non
3509 701 3729 772 signiti-

2075 777 2264 833 cabat.
2315 777 2557 844 Quando
2613 794 2747 834 vero
2804 779 2946 834 dixit
3002 783 3168 837 unius
3219 796 3269 839 et
3314 786 3579 856 ejusdem,
3626 790 3731 844 ad-

311 866 614 943 προειπὼν,
664 869 769 920 Τοῦ
819 865 936 927 ἒνὸς
981 865 1068 919 καὶ
1115 868 1212 919 τοῦ
1259 865 1449 933 αὑτοῦ,
1509 863 1772 940 ἐπήγαγε,
1816 863 1877 917 τό
1909 884 1935 918 τ

2064 865 2286 938 junxit,
2321 865 2603 922 humilitas
2623 869 2809 923 carnis
2832 870 3021 926 264a
3050 876 3102 926 et
3123 875 3443 944 magnitudo
3465 875 3732 934 divinita-

311 956 562 1014 ταπεινὸν
595 961 696 1025 τῆς
749 954 948 1030 σαρκὸς
993 954 1084 1008 καὶ
1133 953 1194 1009 τὸ
1251 953 1481 1030 μέγεθος
1530 953 1630 1022 τῆς
1678 951 1960 1022 θεότητος,

309 1050 428 1109 πῶς
479 1044 578 1100 οὑκ
626 1044 864 1119 ἐσχάτης
914 1041 1025 1098 ἐστῗ
1083 1039 1275 1116 μανίας
1325 1042 1375 1096 ἐν
1425 1040 1624 1103 αἰτίαις
1665 1045 1840 1096 ποιεῖν
1870 1040 1960 1095 τὸν

309 1135 593 1204 ἀναίτιον;
652 1132 736 1190 ὅτι
795 1131 852 1188 δὲ
925 1132 1014 1188 καὶ
1073 1137 1178 1187 τῶν
1238 1132 1398 1206 ἱερῶν
1466 1133 1626 1204 ἡμῶν
1705 1131 1960 1204 Πατέρῶν

307 1227 468 1302 γέμει
523 1226 588 1281 τὰ
642 1225 943 1300 γράμματα
999 1224 1094 1283 τὰς
1139 1221 1389 1284 τοιαύτας
1447 1221 1650 1300 φωνᾶς,
1705 1221 1954 1295 περιττὸν

311 1314 470 1388 οἶμαι
501 1315 843 1386 παριστάνειν
879 1315 948 1387 τῇ
980 1311 1268 1387 παραθέσει
1300 1315 1407 1366 τῶν
1440 1311 1696 1390 χρήσεων
1725 1312 1788 1367 ⁸⁸.
1825 1310 1956 1364 Καί-

306 1425 395 1460 τοι
426 1405 513 1458 καὶ
556 1403 606 1458 εἷ’
633 1425 687 1459 τι
727 1406 976 1458 τοιοῦτον
1025 1401 1334 1456 ὑπονοεῖται
1381 1404 1498 1462 τοῖς
1545 1404 1641 1454 τοῦ
1685 1403 1956 1474 μακαρίου

305 1491 539 1554 Λέοντος
577 1494 704 1566 [434
735 1493 777 1548 H
810 1493 827 1565 ]
861 1490 1123 1566 ῥήμασιν,
1157 1489 1328 1567 ἐχρῆν
1359 1488 1496 1544 κατὰ
1535 1489 1628 1544 τὸν
1676 1488 1727 1544 ἐν
1773 1489 1953 1565 ἁγίοις

303 1581 610 1658 Γρηγόριον
642 1583 704 1637 τὸ
735 1575 1047 1660 ἀμφίϐολον
1079 1580 1217 1654 πρὸς
1259 1579 1322 1634 τὸ
1369 1573 1743 1653 εὐσεϐέστερον
1791 1577 1951 1634 εὐλαο

2072 955 2164 1011 tis.
2185 955 2482 1019 Quomodo
2508 972 2620 1012 non
2646 956 2863 1013 ultimae
2881 958 2956 1014 sit
2978 960 3284 1018 dementiae
3310 963 3613 1021 innoxium
3637 983 3730 1024 ac-

2071 1061 2296 1100 cusare.
2329 1044 2472 1110 Quia
2521 1050 2861 1101 sanctorum
2911 1049 3147 1105 Patrum
3192 1050 3324 1108 libri
3358 1052 3450 1109 his
3481 1055 3722 1113 vocibus

2069 1139 2317 1201 scatent,
2371 1151 2869 1207 supervacaneum
2919 1137 3189 1195 existimo
3237 1141 3442 1198 afferre
3487 1145 3718 1215 cepiam

2068 1223 2488 1294 exemplorum,
2521 1229 2578 1280 et
2607 1224 2656 1279 si
2689 1224 2829 1294 quid
2875 1225 3064 1282 simile
3095 1227 3152 1283 in
3193 1228 3288 1284 his
3333 1231 3522 1287 verbis
3567 1233 3722 1290 beati

2069 1313 2278 1370 Leonis
2310 1312 2675 1385 intelligitur,
2699 1315 2973 1386 oportuit,
3000 1319 3319 1374 secundum
3355 1321 3720 1394 Gregorium,

2066 1403 2310 1459 dubium
2331 1404 2396 1458 ad
2426 1403 2700 1475 pietatem
2723 1410 2893 1461 caute
2911 1406 3157 1476 trahere,
3181 1410 3280 1464 sed
3303 1426 3414 1465 non
3440 1411 3722 1469 audacter

2063 1493 2138 1549 ad
2170 1493 2530 1563 impietatem
2563 1499 2918 1551 convertere.
2944 1496 3003 1551 Si
3029 1496 3085 1550 in
3113 1495 3273 1554 nullo
3296 1497 3444 1555 libro
3475 1500 3723 1558 Theolo-

2065 1599 2172 1653 gus
2212 1582 2526 1654 Gregorius
2573 1581 2706 1638 illos
2751 1585 3095 1652 contundat,
3129 1595 3366 1643 sanctus
3399 1588 3617 1645 Paulus
3649 1589 3714 1646 id

305 1666 415 1735 ϐὧς
448 1669 671 1726 ἑλκῦσαι
701 1667 845 1726 ἀλλὰ
881 1671 958 1743 μή
1011 1668 1252 1744 θρασέως
1296 1667 1440 1723 οὕτω
1491 1669 1627 1739 πρὸς
1671 1670 1773 1738 τήν
1824 1669 1935 1723 ἆσέ·

2060 1671 2234 1730 facit:
2267 1675 2335 1728 In
2362 1671 2738 1742 captivitatem
2780 1673 3080 1746 redigentes
3121 1692 3336 1733 omnem
3373 1678 3716 1735 intellectum

303 1756 448 1818 ϐειαν
509 1757 876 1820 ἐκϐιάσασθαι.
938 1759 984 1814 εἰ
1043 1755 1100 1815 δὶ
1146 1756 1198 1815 ἐν
1246 1755 1422 1814 οὐδενί
1475 1756 1630 1832 λόγῳ
1679 1757 1862 1820 αὐτοῖς
1920 1759 1948 1812 6

2061 1760 2122 1816 in
2151 1761 2469 1833 obsequium
2504 1761 2714 1818 Christi
2739 1776 2782 1817 P.

303 1850 578 1928 Θεολόγος
616 1848 1226 1927 Γρηγόριος,ἆλλόῦν
1284 1869 1343 1924 γε
1385 1845 1778 1920 δυσῶπηθῆναι
1836 1849 1928 1904 τὸν
1988 1847 2298 1906 ἀπόστολον
2361 1848 2577 1906 Παῦλον
2638 1848 2883 1928 λέγοντα,
2945 1854 3547 1936 Αἰχμαλωτίζοντες⁸7
3604 1864 3710 1914 πᾶν

299 1943 484 2016 νόημα
512 1942 588 2003 εἷς
619 1943 720 2011 τῆν
751 1941 996 2008 ὑπακοήν
1025 1944 1122 1995 τοῦ
1156 1941 1422 2014 Χριστοῦ.

369 2033 436 2090 Οἱ
477 2029 535 2087 δὲ
565 2029 733 2087 πάλιν
764 2027 1073 2101 ἐπιπηδῶσι
1111 2035 1228 2092 τοῖς
1257 2033 1355 2085 τοῦ
1383 2027 1573 2105 ἀνδρὸς
1688 2052 1846 2104 μασιν
1897 2029 1948 2087 ἐν

297 2123 380 2184 οἷς
431 2143 618 2196 φησιν.
671 2121 910 2196 Ἐνεργιῖ
958 2121 1059 2196 γὰρ
1109 2118 1161 2175 ἐν
1205 2122 1251 2157 ⁸⁸
1298 2119 1520 2194 ἑκατέρᾳ
1567 2119 1754 2200 μορφῇ
1816 2119 1952 2194 μετᾶ

300 2217 401 2280 τῆς
429 2211 657 2285 θατέρου
685 2208 968 2272 κοινωνίας
999 2208 1131 2284 ὅπερ
1181 2207 1320 2265 ἴδιόν
1364 2207 1496 2279 ἐστι,
1543 2213 1642 2264 τοῦ
1691 2209 1787 2282 μέν
1842 2210 1944 2265 Λό-

302 2321 430 2374 γου,
488 2300 958 2374 κατεργαζομένου
1022 2299 1170 2354 τοῦθ’
1227 2299 1360 2374 ὅπερ
1417 2296 1530 2354 ἒστὶ
1586 2301 1682 2353 τοῦ
1739 2300 1943 2375 Λόγου,

295 2393 391 2444 τοῦ
459 2387 518 2444 δὲ
585 2389 841 2462 σώματος
900 2385 1252 2450 ἐκτελοῦντος
1309 2389 1442 2456 ἅπερ
1502 2385 1616 2443 ἐστὶ
1671 2391 1768 2442 τοῦ
1834 2389 1944 2442 σώς-

295 2498 483 2552 ματος.
530 2475 694 2548 Ἰδοὺ,
749 2477 898 2556 φασὶ,
942 2475 1038 2533 δύο
1085 2476 1354 2552 πρόσωπα
1402 2475 1636 2552 εἴρηκεν,
1696 2475 1783 2532 καὶ
1835 2473 1944 2549 ἰδίᾳ

286 2567 384 2631 τὰς
449 2564 714 2642 ἐνεργείας
772 2565 1018 2640 ἐκήρυξε.
1079 2567 1269 2621 Καίτοι
1336 2585 1398 2643 γε
1456 2563 1607 2621 οὐδὲν
1692 2562 1937 2621 τοιοῦτον

289 2652 415 2711 οὔτε
447 2657 482 2724 ἡ
514 2654 658 2726 λέξις
690 2651 813 2710 οὔτε
851 2657 886 2724 ἡ
919 2653 1217 2710 ἀκολουθία
1247 2654 1464 2710 ἀπαιτεῖ
1501 2655 1598 2709 τοῦ
1633 2655 1936 2728 νοήματος.

289 2745 409 2801 Ποῦ
437 2745 540 2818 γὰρ
573 2744 718 2800 εἶπεν
753 2744 827 2806 ὡς
859 2744 958 2798 ἀνὰ
992 2744 1158 2819 μέρος
1199 2741 1312 2816 [καί
1361 2741 1459 2798 ἀνὰ
1514 2743 1698 2816 μέρος]
1751 2744 1934 2820 μορφή

291 2832 518 2907 ἑκατέρα
573 2831 816 2908 ἐνεργεῖ;
874 2833 910 2904 ἢ
977 2835 1083 2888 ποῦ
1135 2829 1481 2903 παρέλιπε⁸⁹
1535 2833 1600 2886 τὸ
1660 2831 1792 2905 μετᾶ
1839 2839 1940 2902 τῆς

295 2921 524 2996 θατέρου
552 2921 858 2992 κοινωνίας,
897 2923 1176 2978 τουτέστιν
1209 2921 1261 2977 ἐν
1309 2919 1380 2995 τῇ
1429 2921 1616 2976 ὲνώσει
1661 2926 1770 2976 τῶν
1835 2922 1934 3000 φύε

288 3029 464 3079 σιων;
515 3009 579 3069 Εἰ
629 3009 676 3066 δ’
723 3012 881 3074 οὗτος
932 3014 1102 3067 ταῦτα
1147 3009 1314 3066 εἰπὼν
1350 3011 1435 3065 ὑπ’
1473 3009 1670 3080 αίτίαν,
1703 3011 1790 3066 καὶ
1825 3011 1932 3067 Κό-

2132 2032 2243 2088 Sed
2297 2049 2534 2088 rursum
2583 2033 2642 2090 in
2691 2033 2853 2091 illius
2901 2036 3073 2091 verba
3122 2036 3426 2108 invadunt,
3471 2041 3530 2095 in
3579 2041 3712 2113 qui-

2058 2121 2169 2177 bus
2227 2120 2356 2183 ait:
2414 2121 2742 2194 Cooperatur
2797 2133 3027 2196 utraque
3076 2128 3259 2196 forma
3305 2144 3429 2183 cum
3478 2133 3719 2201 utraque

2056 2212 2459 2280 communione,
2537 2212 2679 2285 quod
2752 2215 3031 2286 praprium
3103 2220 3204 2274 est.
3266 2218 3428 2274 Verbo
3494 2219 3714 2290 quidem

2056 2309 2312 2372 operante
2353 2301 2450 2358 hoc
2497 2301 2639 2373 quod
2693 2309 2771 2358 est
2824 2303 3000 2372 Verbi,
3048 2312 3099 2360 et
3144 2321 3366 2377 corpore
3406 2324 3533 2381 quae
3583 2318 3717 2366 sunt

2054 2388 2316 2460 corporis.
2370 2393 2532 2459 Ecce,
2591 2390 2886 2462 inquiunt,
2941 2393 3090 2450 duas
3147 2411 3430 2466 personas
3488 2398 3708 2469 posuit,

2055 2481 2112 2534 et
2156 2478 2384 2552 propria
2427 2495 2604 2551 opera
2641 2479 2929 2540 attribuit.
2963 2486 3029 2538 Et
3067 2499 3208 2539 sane
3257 2485 3403 2540 nihil
3448 2485 3563 2542 tale
3601 2504 3706 2542 ne-

2053 2583 2168 2639 que
2195 2583 2302 2623 vox
2342 2583 2529 2640 neque
2569 2571 2987 2641 consequentia
3038 2588 3241 2628 sensus
3287 2572 3564 2644 postulat.
3599 2574 3705 2631 Ubi

2051 2657 2207 2712 enim
2253 2656 2420 2724 dixit,
2473 2661 2536 2712 ut
2583 2656 2816 2713 divisim
2867 2666 3110 2732 utraque
3157 2666 3365 2717 natura
3415 2666 3702 2732 operetur,

2050 2745 2138 2802 vel
2174 2744 2273 2800 ubi
2307 2744 2558 2816 reliquit,
2591 2760 2723 2801 cum
2771 2746 3079 2819 utriusque
3123 2750 3554 2820 conjunctione,
3585 2749 3696 2806 hoc

2049 2837 2157 2901 est,
2184 2832 2396 2889 unione
2428 2841 2770 2890 naturarum
2792 2835 2893 2890 ‘tSi
2916 2851 3050 2892 vero
3082 2838 3207 2909 ipse
3239 2838 3339 2910 qui
3369 2838 3488 2894 hac
3521 2839 3689 2907 dixit,

2047 2927 2373 2993 accusatur,
2417 2923 2670 2997 Cyrillus
2720 2941 2834 2981 non
2880 2925 2994 2982 alia
3037 2925 3236 2982 dicens
3265 2926 3326 2984 in
3357 2926 3522 2984 libris
3554 2929 3698 2984 Con-

2045 3021 2131 3070 tra
2160 3015 2498 3082 Nestorium,
2530 3013 2700 3070 etiam
2732 3018 3058 3072 accusetur.
3092 3015 3240 3072 Dicit
3269 3017 3457 3072 enim:
3492 3017 3697 3090 Corpus

288 3099 482 3176 ριλλος
515 3099 617 3157 οὐκ
644 3099 789 3156 ἄλλα
819 3099 994 3177 λέγων
1032 3098 1087 3156 ἐν
1137 3104 1254 3163 τοῖς
1304 3099 1439 3156 κατᾶ
1483 3099 1785 3176 Νεπορίου
1839 3098 1932 3156 λό-

2050 3105 2294 3176 propriae
2347 3108 2570 3161 naturae
2615 3103 2744 3176 [uti]
2790 3103 3020 3174 legibus,
3070 3110 3124 3161 et
3167 3113 3398 3162 mortem
3446 3116 3698 3176 gustasse

275 3211 394 3267 γοις
442 3193 543 3261 τῆς
589 3191 762 3260 αὐτῆς
811 3185 1014 3270 ἔνοχος
1059 3188 1322 3265 μέμψεῶς
1371 3211 1385 3224 ·
1438 3191 1759 3267 Παρεχώρει
1831 3192 1926 3264 μέν

276 3280 381 3356 γὰρ
431 3281 494 3336 τὸ
545 3287 726 3354 σῶμα,
772 3281 928 3358 φησὶ,
959 3282 1008 3318 9°
1052 3286 1171 3342 τοῖς
1212 3287 1312 3350 τῆς
1366 3278 1506 3343 ῒδίας
1555 3281 1790 3358 χρᾶσθαι
1835 3281 1932 3357 φύ-

277 3387 416 3429 σεως
472 3365 687 3440 νόμοις,
745 3368 834 3422 καὶ
892 3369 992 3435 τήν
1039 3372 1138 3423 τοῦ
1195 3367 1425 3423 θανάτου
1483 3372 1665 3443 γεῦσιν
1731 3365 1927 3442 ἐδέχε-

271 3476 358 3523 το,
426 3456 516 3511 καὶ
563 3460 724 3512 τοῦτο
767 3457 954 3512 παθεῖν
1005 3453 1226 3532 ἐφέντος
1271 3455 1418 3528 αὑτῷ
1466 3457 1764 3535 χρησίμως
1830 3459 1928 3512 τοῦ

268 3546 564 3608 ἱνωθέντος
633 3547 837 3621 Λόγου.
895 3545 992 3600 Καὶ
1051 3545 1215 3601 πάλιν
1274 3543 1327 3600 ἐν
1416 3551 1531 3608 τοῖς
1601 3549 1926 3622 Θησαυροῖς,

2036 3192 2305 3260 concedit,
2339 3197 2388 3248 et
2429 3192 2533 3248 hoc
2583 3209 2813 3264 passum
2855 3209 2969 3250 esse
3023 3193 3279 3264 adjuncto
3328 3195 3426 3251 illi
3473 3196 3690 3251 utiliter

2039 3281 2194 3336 unita
2257 3280 2438 3336 Verbo.
2499 3281 2568 3336 Et
2624 3297 2861 3336 rursum
2920 3281 2979 3337 in
3040 3282 3368 3338 Thesauris:
3415 3283 3690 3339 Permittit

2037 3369 2254 3440 corpori
2300 3373 2353 3425 et
2396 3369 2740 3426 humanitati
2785 3386 2846 3426 ea
2891 3385 3016 3442 quae
3065 3371 3182 3426 illis
3224 3374 3592 3434 conveniunt:
3641 3377 3692 3429 et

2037 3459 2466 3516 declarationem
2496 3473 2684 3515 ueram
2711 3475 2936 3515 carnem
2971 3459 3166 3528 fuisse,
3199 3464 3248 3516 et
3276 3460 3554 3518 hominem
3597 3463 3690 3531 la-

2035 3557 2182 3604 etum
2211 3546 2512 3604 secundum
2541 3547 2878 3619 Scripturas.
2913 3549 3023 3604 Sed
3056 3548 3176 3603 haec
3209 3565 3386 3605 nunc.

266 3634 584 3708 Ἐπιτρέπει
637 3632 695 3690 δὲ
751 3639 830 3707 τῷ
899 3635 1110 3707 σώματι
1168 3633 1257 3689 καὶ
1315 3639 1384 3709 τῇ
1442 3633 1827 3709 ἀνθρωπότητι
1892 3634 1960 3691 τὰ
2017 3635 2201 3698 αὑτοῖς
2233 3638 2283 3674 ⁹¹
2345 3634 2498 3712 φύσει
2557 3635 2846 3709 προσόντα,
2905 3635 2980 3696 εἰς
3041 3633 3313 3705 ἀπόδειξιν
3371 3641 3467 3690 τσῦ
3514 3635 3686 3697 ὅντως

266 3723 364 3777 καὶ
393 3723 530 3778 κατὰ
559 3722 819 3796 ἀλήθειαν
849 3730 1083 3801 φορῆσαι
1117 3721 1286 3798 σάρκα
1315 3723 1404 3778 καὶ
1435 3720 1718 3798 ἄνθρωπον
1747 3725 1998 3800 γενέσθαι
2033 3724 2170 3780 κατᾶ
2197 3723 2292 3787 τὰς
2323 3727 2560 3803 Γραφάς.
2602 3722 2776 3779 Ἀλλὰ
2806 3727 2971 3778 ταῦτα
3007 3723 3102 3795 μὶν
3131 3722 3324 3797 ταύτῃ.

345 3815 469 3870 ’Ὁτι
502 3811 559 3869 δὲ
588 3816 623 3884 ἠ
659 3815 842 3893 μορφὴ
877 3813 986 3888 οὐχ
1017 3814 1308 3876 ὑπόστασις
1337 3811 1372 3882 ἢ
1395 3813 1688 3888 πρόσωπον
1712 3814 1758 3850 ⁸³
1789 3819 1926 3868 νοεῖ-

264 3923 360 3959 ται
391 3900 518 3957 αλλ’
551 3902 725 3972 οὑσία,
760 3902 1044 3965 Βασίλειος
1080 3903 1176 3976 μὲν
1209 3903 1238 3958 ὁ
1269 3902 1521 3977 λαμπρὸς
1550 3902 1649 3972 τῆς
1680 3900 1919 3973 Ἐκκλη-

263 3991 390 4054 σίας
446 3995 615 4068 κῆρυξ
661 3991 712 4047 ἂν
765 3996 842 4065 τῷ
887 3993 1005 4048 κατ’
1064 3990 1335 4065 Εὑνομίου
1382 3992 1428 4028 9³
1489 3989 1642 4067 λόγῳ
1711 3995 1920 4065 τρανῶς

239 4070 536 4152 διδάσκει,
567 4083 656 4138 καὶ
690 4081 966 4158 Κύριλλος
1001 4080 1047 4137 δ’
1086 4084 1140 4138 ὲν
1191 4088 1309 4146 τοῖς
1361 4087 1665 4156 Θησαυροῖς
1713 4079 1918 4157 λέγων,

260 4171 374 4229 "HV
449 4165 610 4226 ἔλαϐε
681 4171 895 4249 μορφὴν
966 4171 994 4226 6
1063 4170 1113 4226 έν
1179 4175 1364 4250 μορφῇ
1441 4173 1573 4225 Θεοῦ
1632 4171 1919 4246 ὑπάρχων,

262 4259 538 4333 ὑμοουσία
603 4263 764 4333 ἡμων
813 4261 861 4297 9‘
907 4259 1074 4329 ἔστιν,
1126 4261 1210 4316 ὅτι
1265 4261 1352 4315 καὶ
1415 4258 1466 4331 ἐξ
1530 4261 1715 4332 ἡμῶν.
1762 4262 1916 4315 Ἔστι

259 4347 324 4405 δὲ
382 4352 522 4404 Θεοῦ
583 4351 769 4424 μορφὴ
830 4350 858 4404 6
931 4350 1076 4412 Υἱός⁸
1165 4348 1460 4422 ὁμοοόσιος
1536 4347 1640 4423 ἄρα
1712 4347 1917 4403 ἐκείνου

257 4439 329 4494 οὗ
387 4438 478 4491 καὶ
524 4435 666 4492 ἐστιν
718 4437 769 4493 ἐν
825 4441 1034 4518 μορφῇ.
1083 4437 1188 4496 Καὶ
1236 4437 1342 4512 πρὸ
1392 4437 1605 4492 τούτων
1665 4436 1694 4490 6
1753 4437 1917 4510 μέγας

2104 3816 2251 3881 Quia
2277 3816 2464 3872 forma
2495 3832 2611 3871 non
2634 3814 2969 3886 bypostasis
2994 3814 3077 3868 vel
3102 3829 3350 3884 persona
3373 3831 3579 3869 rursus
3599 3813 3683 3870 in-

2030 3902 2330 3974 telligitur,
2345 3903 2447 3959 sed
2466 3903 2734 3959 essentia.
2751 3901 3029 3974 Egregius
3046 3917 3279 3973 quoque
3297 3901 3568 3958 Ecclesia:
3586 3901 3680 3958 do-

2029 3997 2153 4049 ctor
2183 3991 2432 4048 Basilius
2455 3991 2512 4047 in
2538 3992 2683 4046 libro
2706 3990 2906 4047 Contra
2933 3989 3287 4058 Eunomium,
3312 3991 3464 4046 clara
3486 3989 3676 4059 docet,

2029 4085 2086 4137 et
2114 4079 2362 4153 Cyrillus
2392 4081 2452 4135 in
2481 4081 2786 4146 Thesauris,
2811 4079 3072 4136 dicentes
3096 4096 3109 4133 :
3131 4080 3306 4149 Quam
3328 4080 3534 4150 accepit
3559 4081 3680 4150 [or-

2028 4186 2178 4226 mam
2208 4171 2271 4226 in
2298 4170 2480 4240 forma
2510 4169 2606 4224 Dei
2634 4169 2928 4238 exsistens,
2949 4168 3102 4224 nobis
3129 4175 3210 4223 est
3238 4169 3679 4224 consubstantia-

2033 4259 2126 4325 lis,
2156 4267 2206 4316 et
2234 4277 2263 4317 e
2295 4259 2453 4316 nobis
2480 4263 2578 4316 est.
2605 4260 2694 4314 Est
2723 4274 2845 4315 vero
2875 4260 2970 4315 Dei
2996 4263 3184 4330 [arma
3214 4256 3398 4314 Filius
3419 4274 3439 4319 ;
3469 4256 3677 4313 similis

2029 4350 2203 4421 igitur
2248 4347 2349 4405 illi
2383 4349 2540 4417 cuius
2588 4350 2755 4404 etiam
2801 4347 2865 4404 in
2908 4350 3092 4418 forma
3131 4353 3230 4404 est.
3273 4350 3342 4403 Et
3387 4354 3518 4403 ante
3568 4346 3674 4403 hos

2029 4455 2281 4510 magnus
2329 4436 2425 4494 ille
2475 4436 2730 4493 Paulus:
2764 4437 3024 4507 Quicum
3065 4439 3120 4492 in
3160 4439 3339 4506 [arma
3381 4436 3482 4493 Dei
3515 4441 3674 4508 esset,

257 4526 506 4594 Παῦλος,
566 4528 629 4583 '0
687 4525 738 4582 ἐν
797 4529 841 4563 ⁸⁸
903 4529 1088 4605 μορφῇ
1145 4531 1278 4582 Θεοῦ
1341 4525 1603 4602 ὑπάρχων
1659 4527 1788 4599 [828
1820 4527 1910 4599 8.]

2050 4543 2130 4584 ton
2161 4529 2417 4599 rapinam
2443 4526 2754 4583 arbitratus
2784 4533 2867 4582 est
2896 4543 3008 4583 esse
3036 4542 3094 4582 se
3125 4527 3396 4599 aqualem
3427 4526 3552 4594 Deo,
3583 4525 3674 4581 sed

255 4616 375 4690 οὑχ
422 4616 711 4691 ἁρπαγμὸν
771 4618 1022 4691 ἡγήσατο
1075 4617 1138 4671 τὸ
1201 4615 1336 4672 εἶναι
1394 4615 1485 4671 ἴσα
1565 4619 1702 4688 Θεῷ,
1789 4615 1916 4672 ἀλλ’

251 4706 451 4763 ἑαυτὸν
540 4703 770 4761 ἐκένωσε
851 4706 1067 4781 μορφὴν
1155 4703 1358 4761 δούλον
1446 4700 1656 4762 λαϐών.
1738 4703 1916 4774 Δῆλον

250 4795 372 4872 γὰρ
428 4794 553 4870 οὖχὶ
614 4796 907 4869 πρόσωπον
966 4795 1210 4870 ὑπῆρχεν
1250 4795 1277 4850 6
1335 4796 1459 4858 Υἱὸς
1515 4798 1612 4849 τοῦ
1683 4795 1912 4870 Πατρὸς,

249 4881 390 4942 οὗδέ
425 4891 524 4954 τῆς
552 4885 721 4956 αὐτῆς
764 4885 1127 4956 ὑποστάσεως,
1178 4883 1326 4941 ἀλλᾶ
1371 4893 1471 4956 τῆς
1523 4885 1689 4956 αὑτῆς
1729 4885 1912 4948 οὐσίας

247 4976 307 5032 ἐν
413 4975 503 5029 καὶ
536 4974 671 5030 εἶναι
703 4974 938 5052 λέγεται.
973 4973 1145 5031 Πάλιν
1179 4973 1236 5031 δὲ
1269 4975 1297 5030 6
1330 4974 1382 5031 ἐν
1413 4976 1586 5050 ἁγίοις
1628 4975 1911 5038 Βασίλειος

243 5065 304 5122 ἐν
335 5067 419 5136 τῷ
439 5065 558 5120 κατ’
587 5063 864 5138 Εὑνομίου
896 5066 940 5102 ⁸⁸
972 5063 1151 5142 λόγῳ,
1179 5064 1234 5120 ‘sv
1265 5070 1344 5138 τῷ
1373 5066 1577 5140 πρώτῳ
1607 5063 1910 5144 κεφαλαίῳ,

243 5152 405 5212 οὕτω
461 5155 618 5232 φησὶ,
686 5156 756 5209 Τὸ
805 5153 856 5209 ἐν
911 5157 1097 5233 μορφῇ
1143 5154 1195 5210 ἐν
1248 5151 1403 5228 οὑσίᾳ
1439 5153 1551 5212 ἐστὶ
1612 5155 1769 5212 Θεοῦ.
1829 5155 1908 5212 Οὐ

327 5298 356 5338 P
389 5283 409 5338 Ι
442 5282 570 5340 Cor.
602 5301 658 5349 x,
691 5286 742 5338 5.
820 5296 846 5339 ς
876 5281 1132 5357 Philipp.
1165 5300 1228 5349 ιι,
1255 5283 1311 5349 5,
1341 5285 1396 5340 6.

2026 4634 2085 4674 se
2114 4619 2296 4688 ipsum
2326 4617 2515 4674 264b
2544 4616 2861 4672 exinanivit
2889 4618 3128 4686 formam
3152 4615 3297 4671 servi
3326 4615 3595 4687 accipiens
3622 4626 3669 4670 (ι.

2025 4706 2258 4764 Clarum
2291 4710 2380 4764 est
2402 4707 2526 4777 jam
2577 4707 2868 4778 quomodo
2917 4721 3031 4761 non
3082 4721 3330 4776 persona
3371 4704 3448 4760 sit
3487 4704 3674 4760 Patris

2026 4795 2231 4860 Filius,
2255 4811 2359 4851 nec
2381 4796 2640 4866 ejusdem
2664 4811 2945 4865 personae,
2969 4794 3066 4849 sed
3093 4793 3358 4863 ejusdem
3384 4792 3670 4861 essentia,

2023 4890 2081 4942 et
2114 4885 2172 4940 in
2204 4901 2320 4956 qua
2351 4884 2527 4940 etiam
2558 4889 2666 4941 est.
2693 4884 2943 4940 Rursum
2977 4888 3218 4938 sanctus
3244 4881 3493 4937 Basilius
3523 4879 3671 4935 libro

2025 4976 2224 5030 Contra
2255 4976 2605 5042 Eunomium,
2637 4975 2824 5046 capite
2854 4973 3042 5044 primo
3073 4971 3156 5027 sic
3179 4970 3384 5026 habet:
3408 4972 3468 5025 In
3492 4972 3672 5039 forma

2023 5067 2084 5120 in
2114 5065 2346 5120 essentia
2370 5064 2466 5119 Dei
2486 5082 2508 5128 ;
2527 5079 2637 5120 non
2657 5061 2808 5117 enim
2833 5060 2995 5117 aliud
3022 5068 3225 5130 forma,
3247 5065 3300 5115 et
3319 5057 3476 5114 aliud
3495 5073 3673 5114 essen-

2021 5155 2099 5210 tia
2132 5152 2227 5210 Dei
2254 5157 2354 5219 est,
2385 5167 2453 5208 ne
2495 5149 2793 5221 composita
2823 5149 2913 5217 sit,
2945 5149 3042 5221 qui
3087 5147 3388 5205 secundum
3428 5147 3669 5219 formam

1620 5430 1861 5487 VARUE
1902 5426 2205 5487 LECTION
2213 5427 2315 5483 ES.

321 5563 659 5650 “.1935er
693 5568 741 5650 ιι
774 5564 1128 5650 impiae
1163 5563 1244 5650 ςῗ·
1321 5563 1854 5650 "elice-1.1102?
1897 5566 2038 5650 195.-
2076 5559 2249 5650 ,⁸⁸εν
2279 5561 2516 5650 ρωοοβκ
2575 5558 2622 5646 ῗ⁹
2660 5555 2976 5650 εαρίέξιῑτε,
3002 5563 3106 5650 tu.
3132 5557 3206 5650 7"?
3249 5554 3570 5650 r??:‘_“d.d-
3606 5560 3665 5650 ἑ

241 5637 290 5674 θι
331 5631 522 5696 aesar:
553 5637 645 5691 A:
685 5631 967 5704 αὐτῆξς.

245 5715 342 5766 est
377 5707 629 5780 Philipp.
665 5723 727 5776 ιι,
759 5708 812 5763 6.
890 5707 936 5744 κ
965 5707 1220 5782 εὐνόμιον
1253 5716 1320 5766 Α.

1044 5613 1280 5710 esse.
1314 5613 1854 5710 excusari:
1898 5613 2240 5708 ranam;
2263 5613 2626 5703 siam
2659 5613 2756 5704 ς.·
2901 5629 2928 5684 δ
2959 5613 3143 5702 eis;
3187 5626 3237 5682 έν
3261 5613 3435 5686 'c'm.
3487 5613 3561 5684 Α.
3606 5635 3666 5683 ut
