4138 6228
334 345 480 406 1021

1413 337 1950 402 BlBlJOTHECA.
1998 372 2075 382 -—
2119 339 2288 400 COD.
2351 341 2648 402 CCXXIX.

3577 353 3732 412 1022

327 481 524 540 Καίτοι
585 480 610 538 ὁ
669 478 720 534 ἐν
773 475 945 540 ὁσίοις
999 475 1146 532 Λέων
1189 480 1304 538 τοῖς
1353 473 1666 550 εἰρημένοις
1711 471 1972 552 ἐπιφέρει,

2100 475 2263 532 Filius
2295 478 2549 538 hominis.
2582 482 2728 551 quod
2759 499 2944 540 oznnes
2974 485 3110 542 vires
3145 487 3446 558 impiorum
3477 489 3732 548 iznbettes

325 571 427 630 Εἷς
481 569 586 644 γὰρ
631 567 720 622 καὶ
769 567 796 622 ὁ
841 566 1008 627 αὐτὸς
1055 564 1284 634 ἀληθῶς
1331 562 1456 624 Υἱός
1504 583 1563 620 τε
1618 565 1751 618 Θεοῦ
1785 563 1831 600 ¹⁰
1887 563 1976 619 καὶ

327 657 549 730 ἀληθῶς
609 660 732 722 Υἱὸς
789 657 1084 730 ἀνθρώπου
1144 656 1401 730 ὑπάρχει.
1470 656 1540 712 ’Ὀ
1596 657 1765 710 πᾶσαν
1853 654 1976 712 ἀσε-

327 743 574 806 ϐούντων
607 747 766 823 ἰσχὺν
799 746 1020 822 ἄμαχον
1061 743 1176 820 ἔχει
1209 745 1568 819 καταισχῦναι
1600 743 1912 804 κακόνοιαν.

399 837 528 910 [829
559 837 652 910 8.]
681 839 856 890 Ταῦτα
889 837 982 910 μὲν
1020 833 1112 890 οὖν
1143 835 1290 908 παρὰ
1337 837 1445 888 τῶν
1497 833 1779 907 αἱρετικῶν
1830 851 1976 904 προ..

324 926 614 998 τεινόμενα
664 924 800 1000 πρὸς
857 919 1038 992 λαϐὴν
1071 926 1111 961 ¹¹
1160 929 1260 992 τῆς
1309 916 1580 984 εὐσεϐείας
1635 921 1891 994 γενναίως
1949 921 1978 976 ὁ

327 1014 380 1072 ἐν
411 1015 592 1089 ἁγίοις
623 1013 944 1092 Ἐφραίμιος
975 1011 1303 1068 ἀπελύσατο.
1335 1012 1532 1082 Τίθησι
1575 1007 1631 1066 δὲ
1677 1010 1767 1066 καὶ
1819 1009 1978 1074 αὐτὸς

327 1101 540 1160 οἴκοθεν
568 1107 666 1158 τοῦ
697 1101 860 1159 αὐτού
897 1098 1076 1172 τὸμου
1121 1102 1359 1175 ῥήματα,
1412 1099 1462 1154 ἐν
1513 1101 1599 1160 οἷς
1649 1104 1746 1154 τοῦ
1791 1100 1978 1174 ἀρχιε-

328 1191 466 1268 ρέως
513 1192 683 1250 αὐτού
728 1198 829 1262 τῆς
879 1185 1147 1251 εὐσεϐείας
1203 1187 1548 1262 ἐξαστράπτει
1597 1188 1660 1244 τὸ
1698 1189 1977 1262 κήρυγμα,

327 1281 420 1337 καὶ
468 1279 584 1336 οὐδ’
631 1282 666 1352 ἠ
718 1280 1073 1356 ἀναίσχυντος
1123 1283 1232 1336 τῶν
1285 1281 1408 1348 [436
1475 1279 1566 1350 H.]
1640 1272 1978 1332 ἀσεϐούντων

328 1369 513 1444 τόλμα
561 1366 910 1426 ἐπιλαϐέσθαι
955 1370 1100 1430 τινὸς
1147 1369 1353 1424 τούτων
1409 1367 1676 1431 οὐμενοῦν
1720 1365 1980 1441 οὐδαμῶς

329 1460 860 1536 ἀπηναισχύντησεν.
919 1463 1014 1514 Ὧν
1045 1458 1105 1514 ἐκ
1133 1455 1361 1514 πολλῶν
1395 1457 1536 1514 ἐστὶν
1566 1456 1623 1512 ἓν
1662 1457 1752 1512 καὶ
1789 1458 1874 1524 τὸ,
1917 1457 1978 1514 Ὁ

329 1550 543 1618 ἆπαθής
648 1550 778 1612 Θεὸς
864 1549 963 1606 οὐκ
1049 1547 1326 1620 ἀπηξίωσε
1408 1547 1650 1618 παθητὸς
1735 1547 1978 1621 γενέσθαι

327 1639 636 1712 ἄνθρωπος,
713 1638 806 1694 καὶ
892 1639 919 1694 ὁ
1011 1637 1272 1700 ἀθάνατος
1364 1637 1558 1710 νόμοις
1661 1636 1974 1692 ὑποκεῖσθαι

329 1729 580 1784 θανάτου.
644 1725 1056 1800 Ἀναθεματίζει
1105 1725 1162 1782 δὲ
1215 1729 1424 1802 τρανῶς
1477 1727 1510 1794 ἡ
1585 1722 1810 1786 σύνοδος
1883 1725 1974 1780 καὶ

2084 570 2254 638 potest
2283 569 2632 638 confundere.

2165 832 2289 888 Haec
2331 833 2568 904 quidem
2619 839 2814 894 contra
2865 836 3160 894 haereticos
3215 839 3483 911 pietatem
3535 843 3733 908 defen-

2089 922 2232 980 dens
2281 923 2645 996 Ephraemius
2693 929 2962 994 adducit;
2999 931 3158 1002 ponit
3204 936 3260 986 et
3307 931 3460 988 idem
3515 935 3734 1004 proprii

2087 1011 2220 1067 libri
2254 1013 2448 1081 verba,
2481 1016 2536 1070 in
2572 1015 2780 1084 quibus
2830 1019 3248 1090 archiepiscopi
3294 1020 3458 1078 illius
3506 1023 3735 1094 pietatis

2089 1102 2339 1160 illustrat
2371 1105 2746 1174 praeconium,
2777 1113 2834 1162 et
2863 1124 3049 1177 neque
3079 1109 3390 1180 impudens
3423 1111 3736 1183 impiorum

2089 1194 2334 1248 audacia
2393 1192 2612 1265 aliquid
2665 1197 2873 1252 borum
2932 1197 3362 1268 apprehendere
3421 1202 3735 1268 erubescit,

2091 1297 2336 1350 quorum
2369 1299 2398 1336 e
2431 1283 2634 1340 multis
2677 1285 2786 1340 hoc
2833 1302 3028 1342 verum
3062 1293 3170 1356 est,
3205 1289 3344 1344 Deus
3375 1291 3738 1362 impassibitis

2087 1370 2242 1426 homo
2273 1371 2558 1440 passibitis
2605 1374 2731 1443 ﬁeri
2777 1391 2888 1430 non
2937 1375 3264 1448 dedignatus
3301 1387 3398 1445 est,
3431 1389 3479 1434 et
3510 1381 3736 1436 immor-

2089 1459 2218 1514 talis
2249 1461 2514 1530 subjicere
2533 1479 2588 1518 se
2609 1467 2801 1518 mortis
2824 1464 3058 1532 legibus.
3083 1467 3396 1523 Excommu
3411 1468 3564 1524 nicat
3585 1470 3736 1525 clare

2088 1565 2190 1619 per
2235 1550 2486 1606 Leonem
2543 1557 2810 1608 sanctum
2865 1556 3176 1611 concilium
3237 1558 3564 1613 Nestorium
3627 1559 3734 1614 hoc

2086 1637 2294 1696 modo:
2329 1639 2648 1696 Exsecratus
2676 1641 2750 1698 sit
2787 1643 3091 1706 NestOrius,
3141 1645 3239 1715 qui
3283 1661 3502 1702 sacram
3553 1645 3734 1714 Virgi-

2083 1743 2210 1782 nem
2240 1745 2346 1784 non
2379 1731 2501 1798 Dei,
2532 1732 2624 1788 sed
2653 1731 2893 1788 hominis
2925 1733 3077 1790 modo
3107 1743 3346 1790 matrem
3373 1751 3484 1794 esse
3513 1745 3738 1792 canten-

326 1818 618 1888 Νεστόριον
672 1813 761 1872 διὰ
815 1819 912 1872 τοῦ
967 1813 1130 1871 αὑτοῦ
1199 1815 1456 1887 Λέοντος,
1516 1813 1658 1869 οὕτω
1718 1812 1972 1889 λέγουσα,

2100 1816 2206 1874 iit:
2255 1827 2316 1876 ut
2370 1823 2556 1876 carnis
2607 1822 2800 1892 aliam,
2841 1823 3015 1880 aliam
3072 1824 3388 1880 divinitatis
3439 1841 3733 1896 personam

329 1907 828 1980 Ἀναθεματιζέσθω
885 1905 1179 1981 Νεστόριος
1241 1906 1268 1960 ὁ
1325 1905 1424 1974 τήν
1499 1903 1764 1976 μακαρίαν
1845 1903 1972 1980 οὐχί

327 1999 423 2051 τοῦ
484 2000 640 2062 Θεοῦ,
706 1995 994 2070 ἀνθρώπου
1080 1992 1136 2050 δὲ
1223 1995 1384 2067 μόνον
1477 1991 1745 2048 πιστεύων
1839 1992 1972 2050 εἶναι

2083 1911 2307 1964 statuat.
2341 1910 2636 1976 Quomodo
2684 1912 2857 1980 igitur
2899 1929 3032 1970 cum
3077 1913 3340 1970 Nestorio
3371 1917 3564 1982 sentit,
3598 1929 3730 1970 cum

2081 1997 2210 2067 ejus
2241 1999 2518 2070 dogmata
2547 2001 2943 2058 condemnet?

331 2084 561 2160 μητέρα,
625 2083 713 2140 ’ίνα
775 2092 875 2154 τῆς
956 2086 1051 2158 μὲν
1118 2085 1313 2158 σαρκὸς
1379 2080 1525 2140 ἄλλο
1592 2084 1688 2152 τῆς
1755 2079 1810 2138 δὲ
1877 2081 2132 2154 θεότητος
2197 2083 2340 2142 ἄλλο
2407 2087 2700 2162 πρόσωπον
2769 2088 3136 2165 ἀπεργάσηται
3180 2091 3244 2145 ¹².
3315 2094 3440 2150 Πῶς
3506 2089 3598 2144 οὖν
3663 2091 3728 2148 τὰ

327 2174 622 2250 Νεστορίου
654 2181 840 2251 φρονεῖ
871 2176 899 2229 ὁ
938 2177 1232 2250 Νεστόριον
1263 2175 1354 2230 καὶ
1380 2173 1448 2228 τὰ
1475 2171 1641 2228 αὐτοῦ
1674 2169 1918 2248 δόγματα
1949 2173 2097 2228 οὕτω
2126 2174 2498 2248 καταδικάζων
2527 2196 2539 2246 ;

397 2263 570 2320 Πάλιν
621 2262 679 2320 δὲ
725 2263 1114 2338 ἐπηρεάζουσιν
1163 2264 1214 2318 οἱ
1274 2263 1538 2338 αἱρετικοὶ
1596 2265 1692 2334 τήν
1750 2261 1794 2318 δ’
1854 2265 1974 2318 σύν-

328 2351 476 2424 οδον,
513 2354 766 2431 λέγοντες
797 2355 872 2418 ὡς
912 2353 1238 2432 ἐδογμάτισε
1290 2351 1484 2428 μηδενὶ
1533 2352 1724 2424 ἐξεῖναι
1763 2354 1974 2433 προφέ-

331 2463 442 2517 ρειν
501 2442 674 2518 ἤγουν
731 2444 1058 2523 συγγράφειν
1118 2443 1154 2514 ἢ
1211 2444 1512 2502 συντιθέναι
1567 2445 1600 2514 ἢ
1653 2442 1866 2520 φρονείν
1893 2445 1979 2500 πί-

330 2555 439 2590 στιν
487 2533 671 2602 ὶτέραν
722 2539 850 2608 παρ’
899 2534 964 2604 ἣν
1011 2532 1215 2605 ἐξέθετο
1267 2532 1426 2604 αὐτή.
1477 2533 1668 2592 Καίτοι
1718 2533 1778 2588 οὐ
1815 2537 1976 2590 τοῦτο

325 2624 360 2692 ἡ
405 2619 628 2686 σύνοδος
674 2621 994 2697 διωρίσατο,
1043 2621 1140 2678 κᾶν
1189 2621 1563 2697 ἀναισχύντως
1614 2622 1764 2678 οὗτοι
1810 2643 1976 2678 κατα-

325 2713 628 2790 ψεύδωνται
652 2719 716 2774 ’³.
746 2715 890 2774 ἄλλᾶ
920 2717 1021 2786 τὴν
1051 2714 1229 2772 πίστιν
1261 2717 1330 2784 ἣν
1372 2716 1422 2772 οἳ
1453 2716 1520 2770 τί
1549 2717 1639 2772 καὶ
1671 2717 1724 2786 η’
1758 2717 1802 2750 Ν
1829 2717 1977 2792 ἅγιοι

329 2805 560 2880 [πατέρες
627 2805 864 2877 ἐξέθεντο
919 2807 1138 2878 τιμῶσα
1196 2826 1253 2862 τε
1317 2803 1406 2860 καὶ
1465 2805 1774 2872 θειάζουσα,
1833 2807 1982 2878 παρὰ

325 2893 528 2966 ταύτην
589 2889 754 2972 ἔφησε
813 2892 1006 2967 μηδενὶ
1063 2893 1257 2964 ἐξεῖναι
1313 2891 1601 2971 προφέρειν
1661 2893 1843 2967 ἑτέραν
1897 2893 1982 2948 πί-

330 3005 466 3055 στιν,
510 2985 598 3040 καὶ
651 2986 720 3040 τὰ
766 2982 1064 3042 ὑπόλοιπα.
1125 2982 1306 3052 Δῆλον
1357 2979 1414 3038 δὲ
1452 2981 1594 3038 ἐστιν
1647 2980 1698 3052 ἐξ
1731 2982 1905 3038 αὐτῶν
1941 2984 1984 3020 η

2153 2267 2296 2326 Ecce
2327 2271 2536 2326 iterum
2583 2281 2840 2342 quartam
2884 2273 3172 2344 synodum
3207 2271 3460 2330 haeretici
3501 2271 3723 2328 calum-

2085 2357 2340 2431 niantur,
2391 2361 2646 2420 dicentes
2693 2379 2820 2418 eam
2867 2364 3138 2420 docuisse
3197 2379 3310 2418 non
3369 2361 3540 2418 licere
3597 2379 3728 2434 pro-

2085 2451 2252 2515 ferre,
2277 2451 2362 2505 vel
2394 2452 2670 2516 scribere,
2692 2453 2778 2506 vel
2807 2468 3172 2520 componere,
3199 2453 3282 2506 vel
3313 2453 3524 2506 sentire
3555 2451 3728 2507 aliam

2087 2539 2283 2606 ﬁdem,
2319 2549 2520 2610 praeter
2549 2557 2676 2596 eam
2711 2557 2887 2612 quam
2919 2557 2982 2594 ea
3017 2541 3310 2610 reposuit;
3346 2543 3402 2596 et
3442 2545 3636 2593 tamen
3671 2539 3728 2591 id

2087 2633 2342 2702 synodus
2374 2649 2490 2686 non
2523 2632 2796 2696 decrevit,
2827 2631 3088 2700 quamvis
3137 2628 3641 2700 impudentissime
3673 2628 3730 2682 id

2092 2720 2342 2776 haeretici
2394 2719 2793 2776 mentiantur:
2828 2720 2925 2776 sed
2961 2719 3150 2776 265b
3183 2734 3307 2772 eam
3341 2717 3514 2772 tidem
3557 2733 3730 2786 quam

2087 2809 2330 2866 trecenti
2377 2810 2698 2866 octodecim
2751 2813 2946 2864 Patres
2993 2813 3366 2864 asseruerunt
3415 2809 3732 2863 observans

2089 2905 2145 2955 et
2175 2899 2552 2968 conﬁrmans,
2587 2908 2968 2970 prasterquam
3019 2899 3170 2968 quod
3221 2897 3364 2954 dixit
3414 2896 3632 2952 nemini
3667 2898 3733 2952 li-

2091 3005 2216 3046 cere
2265 2989 2440 3046 aliam
2475 2988 2640 3046 [idem
2689 2989 2963 3059 proferre,
2997 2991 3056 3042 et
3104 3003 3227 3056 quas
3278 2989 3622 3056 sequuntur.
3656 2985 3732 3040 Ex

333 3071 567 3146 μάλιστα
615 3076 724 3128 τῶν
773 3069 1068 3132 συναδικῶν
1117 3075 1336 3149 φωνῶν,
1389 3072 1463 3126 ὧν
1523 3071 1613 3126 καὶ
1658 3072 1823 3142 μόνον
1858 3071 1980 3126 ἀνα·

2100 3079 2188 3135 his
2237 3079 2512 3136 omnibus
2551 3079 2756 3151 synodi
2805 3077 3042 3134 vocibus
3093 3093 3237 3148 quas
3281 3076 3470 3131 solum
3515 3079 3740 3146 oportet

330 3162 756 3236 γινωσκομένων
786 3160 1044 3235 οὐδεμιᾶς
1091 3159 1270 3230 ἄλλης
1321 3158 1524 3216 δεῖσθαι
1557 3160 1604 3196 ¹⁶
1649 3165 1984 3230 κατασκευῆς

333 3249 705 3320 ἢσυστάσεως
737 3248 1102 3326 έπιδειχθεῖσα
1132 3253 1168 3320 ἡ
1211 3249 1462 3320 ἀλήθεια.
1515 3248 1612 3304 Καὶ
1665 3251 1774 3324 οὐχ
1819 3246 1984 3323 ὥρισε

334 3347 428 3419 μὲν
457 3348 647 3412 τοῦτο,
679 3339 874 3416 ἔπραξε
906 3339 964 3395 at
1006 3338 1218 3410 ἄλλως,
1266 3337 1392 3394 ἀλλ’
1443 3339 1517 3402 ὡς
1571 3337 1787 3413 ὥρισεν,
1842 3336 1984 3394 οὓτω

330 3435 613 3508 πανταχοῖ)
671 3431 760 3486 καὶ
827 3426 1263 3503 διαπραττομένη
1316 3425 1679 3504 γνωρίζεται·
1739 3425 1829 3482 καὶ
1880 3427 1984 3504 γὰρ

329 3522 458 3584 τοὺς
506 3524 576 3594 τῇ
635 3514 883 3589 εὐσεϐεια
939 3517 1266 3592 προσιόντας
1328 3517 1428 3572 οὐκ
1480 3513 1620 3572 ἄλλο
1679 3511 1983 3588 σύμϐολον,

330 3609 478 3668 ἄλλα
505 3614 616 3666 τῶν
643 3611 754 3678 τιη¹
789 3607 958 3681 ἁγίων
1017 3605 1270 3680 Πατέρων
1318 3602 1624 3662 ἐκδιδάσκει
1671 3605 1762 3660 καὶ
1811 3623 1987 3680 παρα-

332 3697 580 3758 δίδωσιν.

403 3787 628 3844 Γέλωτα
677 3785 732 3843 δὲ
786 3784 1001 3860 μᾶλλον
1057 3783 1177 3840 καθ’
1234 3783 1438 3840 ἑαυτῶν
1487 3782 1522 3850 ἢ
1579 3777 1844 3850 διαϐολὴν
1885 3788 1985 3852 τῆς

337 3875 566 3932 συνόδου
643 3874 1027 3950 καταχέουσιν,
1067 3871 1120 3928 ἄν
1174 3875 1257 3936 οἷς
1315 3892 1472 3950 φασιν
1533 3871 1701 3942 αὐτὴν
1758 3868 1984 3926 πολλῶν

336 3965 702 4041 διασύρεσθαι.
755 3965 926 4019 Πόσαι
972 3963 1076 4040 γὰρ
1124 3964 1226 4032 τῆς
1273 3961 1500 4035 πρώτης
1545 3961 1638 4014 καὶ
1672 3959 1991 4032 οἷκουμένι-

333 4061 438 4124 κῆς
468 4053 626 4130 ἁγίας
655 4049 886 4108 συνόδου
915 4055 1170 4108 κατεῖπον
1203 4045 1444 4120 σύνοδοι,
1485 4047 1574 4104 καὶ
1624 4047 1747 4104 τότε
1795 4048 1988 4122 ἀρχιε-

339 4145 478 4216 ρέων
511 4141 666 4196 οὖσαι
695 4137 981 4213 πλήρωμα
1007 4156 1020 4207 ;
1050 4139 1152 4207 τήν
1185 4135 1243 4192 δὲ
1289 4141 1396 4190 τῶν
1449 4137 1520 4211 ρν¹
1569 4134 1682 4190 οὐδ’
1713 4135 1757 4191 εἷ
1804 4136 1993 4211 γέγονε

335 4232 480 4292 τινες
523 4235 632 4286 τῶν
673 4227 983 4304 Αἰγυπτίων
1033 4225 1224 4284 εἰδέναι
1269 4225 1566 4298 ἠθέλησαν.
1613 4223 1774 4284 Ἀλλ’
1821 4224 1993 4280 ἐάσω-

341 4341 440 4394 μεν
470 4322 514 4358 1⁷
543 4321 604 4376 τὸ
634 4318 952 4395 ἀλόγιστον.

2093 3168 2301 3238 legere,
2358 3167 2604 3224 maxime
2652 3165 3042 3234 manifestum,
3103 3181 3217 3222 non
3275 3164 3390 3220 alia
3447 3179 3740 3235 praepara-

2095 3259 2248 3313 tione
2279 3257 2362 3314 vel
2397 3257 2736 3330 probatione
2785 3257 3084 3313 veritatem
3128 3262 3414 3325 receptam
3455 3253 3736 3324 indigere,

2095 3363 2200 3406 nec
2231 3347 2390 3406 aliud
2423 3348 2687 3416 deﬁnire,
2711 3347 2866 3404 aliud
2906 3349 3122 3414 facere;
3153 3345 3252 3402 sed
3279 3348 3344 3400 ut
3377 3342 3629 3399 decrevit
3655 3343 3742 3397 sic

2097 3438 2311 3509 ubique
2367 3443 2424 3494 et
2483 3439 2687 3494 fecisse
2737 3437 3128 3508 cognocitur,
3179 3450 3318 3490 neve
3376 3432 3552 3488 etiam
3611 3430 3740 3500 pios

2097 3527 2252 3584 aliud
2285 3528 2618 3598 symbolum
2665 3526 2936 3597 proﬁteri,
2965 3541 3140 3596 quam
3172 3523 3276 3580 3l8
3308 3527 3502 3580 Patre
3535 3521 3742 3576 docue—

2097 3622 2236 3674 runt
2265 3623 2321 3674 et
2353 3617 2738 3674 tradiderunt.

2165 3784 2273 3838 Sed
2333 3783 2520 3838 rident
2577 3799 2674 3838 eos
2729 3782 3001 3848 haeretici,
3053 3781 3150 3836 ubi
3203 3781 3404 3835 dicunt
3457 3779 3609 3833 hanc
3668 3779 3739 3832 ab

2101 3871 2374 3927 omnibus
2407 3871 2688 3928 infestari.
2722 3873 2872 3935 Quot
2919 3870 3072 3924 enim
3123 3867 3330 3940 synodi
3379 3871 3580 3922 contra
3629 3867 3744 3937 pri-

2101 3979 2258 4017 mam
2318 3961 2644 4032 generalom
2703 3960 3200 4026 contradixerunt,
3249 3973 3380 4028 quae
3437 3960 3492 4011 et
3547 3955 3738 4010 archi-

2102 4053 2404 4122 episcopos
2437 4051 2802 4118 habuerunt;
2837 4049 2994 4106 illam
3039 4063 3174 4106 vero
3221 4051 3454 4104 centum
3489 4049 3544 4100 et
3571 4046 3742 4116 quin-

2103 4142 2380 4214 quaginta
2441 4143 2701 4204 Patrum,
2751 4139 2800 4194 si
2857 4155 2972 4196 non
3033 4137 3161 4203 fuit,
3212 4137 3443 4208 quidam
3497 4131 3746 4205 Egyptii

2103 4231 2256 4288 scire
2285 4229 2612 4298 voluerunt,
2647 4231 2744 4284 sed
2777 4229 3153 4301 permittatur
3181 4226 3301 4282 illis
3331 4225 3664 4297 stupiditas.

413 4408 564 4464 Ἐπεὶ
595 4405 654 4466 δὲ
685 4385 884 4484 χρῆσίν
911 4426 1032 4462 τινα
1069 4409 1166 4462 τοῦ
1215 4402 1451 4462 Ἰουλίου
1495 4404 1716 4476 Ῥώμης
1758 4405 1810 4460 o't
1858 4404 1982 4476 πρὸι

2178 4397 2322 4450 Cum
2377 4411 2508 4452 vero
2559 4393 2796 4463 aliquod
2842 4392 3082 4448 verbum
3131 4387 3274 4446 Julii
3315 4385 3628 4486 pontiﬁcis,
3675 4385 3747 4440 ad

339 4501 434 4562 οὓς
487 4497 710 4574 ἔγραφεν
765 4497 897 4572 ὑπὲρ
939 4499 982 4536 ⁸³
1023 4502 1123 4566 τῆς
1174 4493 1318 4558 ἰδίας
1366 4488 1676 4558 δυσσεϐείας
1720 4494 1817 4567 (ὡς
1872 4491 1992 4550 ἐνό-

344 4588 532 4662 μιζον)
562 4587 934 4662 προεκόμισαν
969 4586 1037 4654 η,
1067 4585 1166 4654 τήν
1198 4583 1292 4658 μὲν
1323 4589 1523 4658 χρῆσιν
1569 4582 1596 4635 ὁ
1647 4582 1814 4654 σοφὸς
1861 4603 1995 4658 συγ-

341 4674 582 4756 γραφεὺς
631 4671 940 4747 ἐπεδείξατο
988 4672 1124 4730 κατά
1171 4693 1230 4730 τε
1274 4675 1370 4730 τοῦ
1418 4672 1794 4746 Σαμωσατέως
1855 4670 1996 4726 Παύ·

343 4765 448 4821 λου
498 4765 590 4820 καί
637 4771 737 4833 τῆς
791 4765 1167 4838 Νεστοριανῆς
1211 4759 1462 4836 δευτέρας
1518 4761 1776 4835 αἱρέσεως
1847 4761 1997 4837 εἰρῆ-

345 4857 490 4926 σθαι,
550 4855 641 4912 καὶ
700 4852 932 4912 κωλύειν
983 4855 1080 4915 τὰς
1133 4850 1228 4908 δύο
1279 4851 1464 4930 φύσεις
1513 4849 1703 4913 ίδικῶς
1752 4851 1844 4908 καὶ
1904 4851 2000 4906 ἆνά

349 4944 514 5020 μέρος
547 4944 788 5020 φρονεῖν,
821 4943 1004 5017 ὥσπερ
1032 4943 1122 4998 καὶ
1163 4937 1258 4996 δύο
1312 4941 1634 5004 ὑποστάσεις
1690 4939 1778 4996 καὶ
1829 4941 2000 5013 πρόσ-

347 5055 471 5090 ωπα
521 5035 611 5092 καὶ
673 5031 844 5096 υἱούς.
905 5032 1008 5090 Καὶ
1058 5032 1160 5105 γὰρ
1215 5033 1252 5101 ἡ
1301 5030 1400 5105 μία
1443 5030 1599 5109 φύσις
1643 5029 1731 5084 ἐπὶ
1766 5033 1999 5102 Χριστοῦ

341 5127 426 5194 τῷ
456 5121 680 5194 Ἰουλίῳ
730 5121 954 5178 ένταῦθα
1002 5120 1118 5178 ἀντὶ
1167 5125 1266 5188 τῆς
1322 5120 1668 5181 ὑποστάσεως
1717 5117 2000 5188 εἴληπται,

345 5212 438 5270 καὶ
471 5209 624 5269 οὐδὲν
661 5209 786 5266 οὔτε
811 5213 880 5283 τῇ
913 5209 1144 5280 ἀληθείᾳ
1175 5207 1300 5266 οὔτε
1328 5215 1446 5272 τοῖς
1477 5207 1672 5274 ἄλλοις
1713 5207 2003 5282 θεοφόροις

343 5305 509 5374 ἡμῶν
543 5301 810 5374 Πατράσιν
839 5299 1208 5374 ἀπομάχεται.
1261 5299 1362 5354 Καὶ
1421 5297 1587 5367 δῆλον
1639 5303 1804 5354 τοῦτο
1851 5300 2001 5352 ποιεῖ

2107 4502 2252 4558 quos
2283 4486 2354 4542 de
2388 4483 2616 4556 propria
2667 4481 2964 4552 impietate
3011 4480 3343 4550 scripserat,
3377 4481 3442 4534 ut
3471 4474 3752 4547 putabant

2107 4577 2396 4650 prolatum
2424 4591 2436 4630 :
2463 4575 2697 4646 sapiens
2729 4572 2822 4626 ille
2853 4570 2938 4626 vir
2965 4570 3020 4626 id
3055 4573 3256 4626 contra
3283 4567 3524 4624 Paulum
3551 4565 3750 4622 Samo-

2108 4673 2420 4732 satensem,
2472 4663 2902 4734 secundamque
2949 4658 3192 4716 Nestorii
3243 4657 3507 4714 haeresim
3559 4652 3748 4725 prola-

2107 4763 2231 4814 tum
2283 4773 2412 4812 esse
2459 4753 2791 4820 declaravit,
2823 4755 2879 4806 et
2922 4751 3068 4806 duas
3119 4753 3356 4804 naturas
3403 4745 3643 4802 seorsim
3695 4747 3753 4796 ct

2109 4847 2339 4904 divisim
2373 4844 2636 4904 conﬁteri
2670 4840 2995 4914 prohibere,
3031 4845 3096 4894 ut
3126 4843 3182 4892 et
3211 4837 3358 4892 duas
3393 4836 3751 4906 bypostases,

2110 4931 2372 5008 duasque.
2420 4951 2694 5008 personas
2743 4939 2800 4990 et
2852 4931 3020 4986 ﬁlios.
3065 4927 3190 4984 Una
3236 4927 3390 4982 enim
3444 4928 3650 4978 natura
3697 4922 3755 4978 in

2109 5027 2340 5084 Christo
2391 5043 2492 5098 pro
2541 5024 2838 5096 hypostasi
2869 5039 2902 5078 a
2931 5019 3085 5078 Julio
3137 5017 3340 5073 relicta
3387 5020 3494 5082 est,
3527 5027 3757 5068 verum-

2116 5122 2308 5174 tamen
2343 5131 2530 5188 neque
2553 5114 2800 5180 veritati,
2835 5126 3024 5182 neque
3064 5107 3287 5164 sanctis
3321 5103 3582 5162 Patribus
3623 5116 3759 5156 con-

2113 5206 2368 5264 tradicit.
2391 5205 2554 5264 Clare
2586 5203 2741 5260 idem
2764 5199 3020 5258 ostendit
3047 5197 3238 5254 Julius
3270 5193 3524 5267 pontifex
3553 5195 3758 5248 contra

2117 5296 2493 5360 Marcicnem,
2550 5291 2936 5358 Valentinum,
2987 5285 3434 5359 Apollinarium,
3482 5285 3538 5337 et
3589 5279 3760 5351 Euty-

1715 5421 1956 5480 νΑΗΙΑι
1997 5419 2409 5478 LECTIONES.

423 5538 468 5574 1°
513 5553 576 5590 τε
619 5535 718 5588 τοῦ
775 5535 908 5590 Θεοῦ
1140 5537 1178 5570 ³³
1213 5531 1348 5606 πρὸς
1401 5526 1578 5600 λαϐὴν
1611 5537 1656 5586 Α
1685 5547 1698 5588 :
1732 5521 2064 5605 προσλαϐὼν
2267 5527 2314 5562 η
2341 5524 2424 5580 ἀπε

423 5608 436 5660 ί
479 5605 530 5660 η’
561 5609 606 5660 Δ
641 5605 788 5660 ετιη¹
816 5603 906 5660 καὶ
939 5624 966 5658 ο
1029 5603 1111 5660 ε’.
1191 5603 1238 5640 ¹⁵
1271 5601 1510 5660 μάλιστα
1541 5599 1592 5660 ἒξ
1625 5601 1800 5658 αὐτῶν
1832 5601 1913 5660 ς’.
1996 5601 2038 5636 ¹⁸
2069 5596 2240 5654 δεῖται
2275 5599 2424 5658 Scali

939 5596 988 5660 οἷ
1191 5596 1510 5677 ¹⁵’μάλιστα
1535 5596 1592 5672 EE
1625 5596 1800 5658 αὐτῶν
1996 5601 2038 5636 ¹⁸
2069 5596 2240 5654 δεῖται
2275 5596 2552 5670 Scaliger.

343 5608 436 5666 καὶ
479 5605 530 5676 η’
561 5609 606 5662 Α
641 5623 654 5660 :
680 5605 788 5677 τιη¹
816 5603 906 5660 καὶ
939 5599 988 5660 οἷ
1191 5599 1510 5677 ¹⁵’μάλιστα
1536 5599 1592 5672 ἒξ
1625 5599 1800 5658 αὐτῶν

345 5681 481 5740 libri
504 5675 646 5734 ὑπό.
725 5675 772 5711 ¹⁹
803 5675 1202 5750 προσεκόμισαν
1236 5675 1305 5734 Α.

2267 5527 2314 5562 η
2341 5523 2824 5598 ιίιπεργιπί.ζητςιιᾳς,”’ἒ
2901 5521 2944 5558 ¹³
2965 5515 3519 5598 -καταψὲὃδονταιιςῖ,
3601 5517 3646 5554 ¹⁴
3681 5538 3756 5574 τι.

2447 5543 2712 5600 ργαςηται
2738 5543 2778 5598 5
2807 5565 2818 5580 .
2901 5543 2944 5558 ’ν
2981 5543 3408 5594 καταψευοονται
3438 5543 3478 5591 5
3507 5559 3519 5572 .
3601 5543 3646 5554 "
3681 5543 3756 5574 τι.

2447 5614 2552 5668 ger.
2634 5594 2677 5632 ‘7
2708 5594 2881 5650 ἐάσθω
2925 5593 3018 5666 μὲν
3053 5592 3115 5647 τὸ
3316 5591 3358 5626 ⁸⁸
3410 5589 3541 5664 ὑπὲρ
3591 5605 3702 5662 mg.
3744 5608 3756 5645 :
