4154 6218
337 349 492 410 1025

342 571 476 642 ὑπὲρ
532 569 606 622 ὧν
653 564 854 640 ᾐτιάθη
907 558 1112 630 διδοὺς,
1172 565 1388 636 πρῶτον
1449 561 1544 632 μὲν
1602 555 1986 635 περιειλῆςιθαι

335 660 510 714 πάντα
543 655 706 734 φησὶν
739 651 829 708 ἐπὶ
877 649 1188 728 κεφαλαίων
1237 654 1354 712 τοῖς
1409 645 1713 709 συνοδικοῖς
1759 646 1792 701 ἃ
1837 643 1989 714 ἔδοξε

337 733 796 822 παραλελεῖφθαι,
857 737 1004 809 πλην
1059 736 1398 814 πλατύτερον
1457 737 1548 792 καὶ
1633 741 1722 790 νῦν
1820 733 1988 790 εἷπεῖν

336 821 464 912 περὶ
495 821 675 890 αὐτῶν
736 828 945 905 μηδὲνα
997 823 1188 884 λαϐεῖν
1249 825 1430 894 ὄκνον,
1489 830 1665 882 Τοῦτο
1726 821 1782 880 δὲ
1823 844 1987 879 σπου·

339 923 508 988 δαίως
537 925 582 962 ⁸⁸
620 943 680 978 τε
726 919 816 976 καὶ
867 919 1178 998 θεοφρόνως
1225 915 1489 973 ἐπιτελῶν
1532 915 1610 978 εἰς
1661 915 1724 970 τὸ
1773 913 1988 987 ἄριστόν

341 1037 400 1073 τε
426 1015 518 1071 καὶ
547 1011 882 1071 τελεώτατον
914 1010 982 1064 τά
1011 1029 1070 1064 τε
1099 1007 1244 1064 ἄλλα
1288 1007 1380 1062 καὶ
1426 1007 1527 1075 τήν
1577 1005 1698 1078 περὶ
1747 1005 1849 1074 τῆς
1899 1004 1992 1058 πί-

343 1125 508 1168 στεως
537 1103 688 1176 ἱερὰν
710 1103 870 1175 ἡμῶν
897 1097 1207 1174 ὁμολογίαν
1228 1094 1556 1166 διατίθησιν,
1581 1092 1988 1174 ἐμφιλοχωρῶν

349 1191 590 1268 μάλιστα
619 1195 688 1265 τῇ
719 1188 858 1245 κατά
881 1189 981 1256 τὴν
1014 1185 1328 1260 οἰκονομίαν
1359 1183 1662 1260 ἱερολογίᾳ,
1712 1181 1762 1236 ἐν
1803 1184 1840 1250 ἦ
1885 1185 1990 1234 τῶν

344 1266 404 1340 τε
435 1282 532 1339 δύο
565 1281 772 1362 φύσεων
811 1277 1117 1351 ἀδιαίρετόν
1147 1298 1206 1332 τε
1243 1277 1332 1332 καὶ
1366 1275 1676 1350 ἆσύγχυτον
1724 1274 1824 1342 τὴν
1873 1266 1994 1326 καθ’

349 1373 642 1429 ὑπόστασιν
697 1367 889 1426 Ιἕνωσιν
947 1368 1127 1442 ὑμνεῖ,
1185 1365 1274 1422 καὶ
1327 1365 1422 1427 τὰς
1475 1363 1800 1438 ἑκατέρωθεν
1855 1362 1996 1436 αἶρε·

345 1463 502 1526 τικὰς
529 1456 884 1538 παραφυάδας
913 1461 982 1532 τῇ
1032 1455 1278 1532 μαχαίρᾳ
1335 1455 1516 1528 τὲμνει
1565 1458 1664 1522 τῆς
1710 1449 1994 1538 ἀληθείας.

345 1535 628 1626 Κέχρηται
669 1535 726 1602 δὲ
754 1547 846 1602 καὶ
883 1551 953 1621 τῇ
986 1545 1127 1616 λέξει
1151 1551 1252 1615 τῆς
1291 1545 1533 1618 κράσεως
1585 1535 1819 1602 εὐσεϐῶς
1883 1539 1998 1614 μὶν,

345 1640 492 1712 πλὴν
525 1641 818 1716 κέχρηται,
855 1639 930 1712 μή
973 1636 1110 1692 κατά
1155 1636 1246 1692 τὸν
1296 1633 1458 1690 ἄνουν
1495 1629 1880 1708 Ἀπολινάριον
1929 1633 1998 1704 τῇ

348 1735 504 1814 φωνῇ
569 1729 876 1805 κεχρῆσθαι
951 1725 1485 1802 διαμαρτυρόμενος,
1549 1723 1626 1797 μὴ
1701 1721 1886 1795 μέντοι
1941 1739 2002 1796 γε

1421 334 1964 396 BlBLIO’l‘HECA.
2013 367 2086 376 —
2131 335 2307 396 COD.
2351 335 2664 396 CCXXIX.

336 481 554 554 ᾐτιᾶτο,
579 479 746 532 ταῦτα
783 475 872 542 ἦν·
907 472 936 526 ὅ
979 469 1162 544 μέντοι
1215 490 1278 547 γε
1323 467 1583 546 θεοφιλῆς
1630 467 1770 542 ἀνὴρ
1816 465 1982 542 λόγον

2115 466 2324 540 :ipiens
2373 469 2676 525 accusabat

3594 338 3750 396 1026

2735 485 2748 524 :
2803 473 3041 526 sanctus
3087 485 3220 526 vero
3277 471 3367 526 vir
3423 485 3623 529 eorum
3683 472 3754 528 de

2099 557 2312 629 quibus
2343 559 2750 628 accusabatur,
2782 561 3068 616 rationem
3099 560 3370 628 reddens,
3402 561 3588 634 primo
3619 561 3758 634 qui-

2097 645 2230 703 dem
2264 647 2683 718 comprehensa
2723 663 2849 705 esse
2892 648 3180 720 capitibus
3227 649 3426 706 omnia
3455 651 3752 722 synodali-

2099 733 2212 790 bus
2269 734 2370 804 ait,
2421 751 2572 807 quas,
2623 741 2684 792 ut
2741 736 3118 809 recipiantur,
3181 738 3360 806 digna
3415 738 3539 794 visa
3591 747 3749 793 sunt.

2099 821 2312 878 Verum
2346 823 2418 878 de
2455 823 2547 880 his
2592 824 2856 893 pluribus
2891 841 3060 898 agere
3107 841 3222 882 non
3257 825 3429 898 piget.
3465 826 3580 882 Hoc
3621 842 3753 882 vero

2101 912 2366 969 studiose
2425 918 2481 970 et
2531 915 2625 986 pie
2671 915 2740 972 ad
2793 918 3080 988 optimum
3141 933 3208 972 ac
3265 915 3756 988 perfectissimum

2103 999 2322 1057 exitum
2374 1002 2670 1060 adducens
2722 1023 2737 1066 :
2799 1019 2933 1060 cum
2967 1005 3100 1073 alia,
3158 1013 3281 1061 tum
3341 1021 3566 1062 sacram
3623 1005 3758 1061 ﬁdei

2104 1093 2316 1146 nostrae
2345 1089 2506 1146 addit
2536 1091 2985 1164 confessionem,
3019 1095 3283 1150 maximas
3317 1095 3606 1152 inhaerens
3629 1111 3760 1151 sen-

2103 1179 2296 1236 tentia:
2345 1181 2415 1236 de
2464 1180 2866 1238 incarnatione
2893 1183 3148 1242 Domini.
3181 1185 3246 1240 In
3289 1199 3406 1256 qua
3447 1183 3756 1240 indirisam

2105 1283 2164 1335 et
2205 1279 2634 1352 impcrmistam
2684 1282 3062 1354 hypostaseos
3111 1283 3358 1340 duarum
3408 1289 3752 1340 naturarum

2107 1369 2384 1426 unionem
2445 1371 2766 1441 profitetur,
2820 1376 2878 1428 et
2957 1372 3229 1445 utrinque
3284 1377 3454 1429 natas
3514 1371 3763 1430 haereses

2107 1458 2300 1532 gladio
2321 1460 2574 1517 dissecat
2595 1461 2868 1518 veritatis.
2899 1461 3088 1518 Utitur
3111 1467 3306 1519 autem
3341 1463 3512 1520 verbo
3535 1461 3760 1521 mistio-

2111 1551 2201 1606 nis
2242 1549 2332 1620 pie
2381 1550 2644 1622 quidem,
2677 1550 2778 1606 sed
2829 1567 2946 1608 non
2994 1551 3179 1608 utitur
3224 1552 3546 1608 secundum
3601 1553 3762 1609 insa-

2111 1657 2252 1697 num
2279 1641 2728 1714 Apollinarium,
2751 1645 3041 1715 quomodo
3073 1644 3181 1701 hac
3201 1661 3337 1702 voce
3369 1645 3445 1701 sit
3477 1646 3758 1701 utendum

2113 1735 2378 1796 testatus,
2402 1747 2592 1803 neque
2622 1734 2945 1790 secundum
2981 1734 3260 1790 audacem
3293 1734 3634 1807 Eutychem,
3657 1737 3756 1790 sed

353 1799 493 1898 μηδὲ
529 1821 666 1877 κατὰ
694 1819 785 1875 τὸν
820 1811 1052 1888 δυσσεϐῆ
1085 1816 1330 1892 Εὐτυχῆ,
1364 1812 1491 1870 ἀλλ’
1542 1814 1616 1874 ὡς
1676 1814 1704 1868 ὁ
1755 1814 1852 1880 τῆς
1911 1809 1994 1864 εύ-

2115 1823 2170 1874 ut
2201 1818 2290 1875 lex
2320 1799 2552 1890 pietatis
2569 1821 2886 1892 permittit:
2912 1826 2976 1878 ut
2997 1823 3092 1894 qui
3113 1828 3309 1879 nosset
3331 1799 3514 1879 unum
3541 1799 3752 1879 Filium

351 1906 560 1973 σεϐείας
613 1907 784 1982 νόμος
845 1904 1124 1982 βούλεται,
1185 1905 1276 1960 ἅτε
1343 1901 1408 1974 δὴ
1467 1901 1562 1958 ἕνα
1612 1902 1705 1957 τὸν
1744 1903 1872 1973 [438
1901 1900 1994 1972 Η.]

349 2003 548 2077 Κύριον
607 2001 769 2072 ἡμῶν
837 1997 1046 2068 Ἰησοῦν
1106 1997 1338 2073 Χριστὸν
1400 1991 1752 2069 τρανολογεῖν
1811 1987 1862 2045 ἐν
1903 1986 1998 2043 δύο

353 2091 574 2172 ρύσεσιν
641 2084 970 2161 ἀδιαιρέτοις
1026 2105 1086 2140 τε
1139 2083 1230 2140 καὶ
1289 2081 1622 2161 ἀσυγχύτοις
1697 2077 1878 2148 εἰδὼς,
1945 2076 1998 2134 ἐν

351 2169 534 2251 τελείᾳ
605 2179 822 2248 θεότητι
877 2176 968 2231 καὶ
1024 2171 1208 2247 τελείᾳ
1265 2173 1664 2247 ἂνθρωπότητι,
1723 2169 1846 2224 οὔτε
1898 2173 1998 2237 τῆς

355 2272 600 2345 κράσεως
631 2265 895 2342 σύγχυσιν
946 2264 1093 2336 αὖτῷ
1142 2261 1445 2334 δηλούσης,
1489 2258 1611 2317 οὕτε
1652 2263 1752 2325 τῆς
1801 2258 1852 2312 ἐν
1905 2253 2000 2310 δύο

358 2341 544 2434 φωνῆς
577 2341 834 2431 διαίρεσιν
863 2353 1316 2430 παρεισαγούσης.
1370 2352 1496 2426 [833
1528 2351 1632 2422 Βη]
1674 2346 1898 2409 Τούτοις
1947 2341 2002 2398 δὲ

355 2433 446 2503 καὶ
477 2445 790 2502 Ἀθανάσιον
818 2447 908 2498 καὶ
957 2439 1238 2516 Κύριλλον
1287 2434 1600 2514 συμϐαίνειν
1655 2433 2000 2512 ὑπαγορεύει,

358 2538 444 2599 οἷς
477 2535 566 2592 καὶ
595 2535 640 2573 ³⁷
669 2534 824 2590 αὐτοὶ
865 2531 1292 2608 ὂιωμολόγησαν
1338 2529 1462 2604 μίαν
1486 2529 1641 2607 φύσιν
1669 2531 1766 2582 τοῦ
1792 2528 1926 2581 Θεοῦ
1956 2525 2004 2560 ³⁸

359 2628 526 2703 Λόγον
584 2621 1022 2700 σεσαρκωμένην·
1093 2619 1145 2677 ἐν
1233 2623 1280 2693 ᾧ
1342 2619 1442 2696 γὰρ
1529 2617 1732 2696 ἔφησαν
1819 2626 2004 2688 σεσαρο

358 2713 636 2788 κωμένην,
721 2715 819 2783 τήν
884 2710 1328 2786 προσληφθεῖσαν
1412 2707 1738 2782 ἀνεκήρυξαν
1822 2703 2001 2782 φύσιν.

359 2807 537 2860 Ταῦτα
590 2800 842 2872 διελθὼν,
883 2799 972 2856 καὶ
1021 2803 1096 2860 ὡς
1143 2797 1234 2854 καὶ
1274 2797 1324 2851 ἐν
1376 2792 1571 2858 ἄλλοις
1621 2793 1787 2849 αὐτοῦ
1818 2790 2002 2852 πόνοις

359 2893 620 2972 γυμνάζει
673 2892 774 2960 τήν
841 2891 1208 2966 προκειμένην
1267 2889 1447 2965 φωνήν
1500 2883 2002 2956 ἐπισημηνάμενος,

359 2983 564 3056 τριπλῇ
627 3001 760 3060 φησι
823 2979 1133 3053 μερίζεσθαι
1187 2978 1232 3013 ³³
1290 2973 1501 3045 διανοίᾳ
1557 2972 1656 3040 τήν
1726 2973 2002 3045 παροῦσαν

360 3076 563 3149 χρῆσιν
591 3057 660 3129 4°.
727 3067 832 3127 Καὶ
880 3068 984 3144 γὰρ
1042 3068 1104 3123 τὸ
1163 3061 1544 3141 σεσαρκωμὲνη
1705 3057 1818 3116 ἀντὶ
1881 3058 2000 3127 τοῦ,

363 3147 518 3238 σαρκὶ
551 3159 1002 3236 ἐσχηματισμένη
1033 3155 1124 3212 καὶ
1181 3157 1300 3211 οἷον
1342 3151 1764 3223 εἷδοποιηθεῖσα,
1821 3147 2000 3222 ὥσπερ

365 3252 392 3306 ὃ
431 3235 674 3330 χαλκοῦς
713 3253 783 3323 τῇ
827 3250 1011 3325 μορφῇ
1057 3250 1155 3302 τοῦ
1210 3242 1546 3321 ἀνδριάντος,
1590 3239 1886 3314 ἐκληφθείη
1921 3235 2004 3298 ἄν.

365 3341 400 3408 ἢ
461 3328 543 3395 δτι
594 3339 670 3403 εἷς
721 3340 892 3414 σάρκα
937 3343 1035 3406 τῆς
1082 3339 1180 3392 τοῦ
1219 3334 1399 3413 Λόγου
1445 3333 1654 3408 φύσεως
1713 3328 2006 3405 τραπείσης

364 3431 458 3486 καὶ
486 3431 600 3484 οἷον
633 3427 1112 3504 ἀποσαρκωθείσης
1164 3423 1260 3498 μία
1307 3421 1582 3500 προῆλθεν
1627 3423 1662 3492 ἡ
1715 3419 1870 3499 φύσις
1905 3439 1917 3451 ’
1971 3419 2005 3488 ἢ

368 3519 452 3574 ὅτι
483 3518 580 3592 μία
611 3517 743 3572 οὖσα
773 3519 808 3586 ἡ
847 3519 944 3571 τοῦ
975 3513 1149 3590 Λόγου
1180 3513 1335 3592 φύσις
1377 3512 1514 3568 κατᾶ
1555 3513 1652 3581 τὴν
1693 3507 2006 3582 οῗκονομίαν

370 3608 550 3664 οὐκετι
613 3605 709 3680 μία
777 3605 912 3678 μόνη
984 3601 1130 3658 ἀλλᾶ
1191 3601 1282 3657 καὶ
1352 3601 1486 3675 μετὰ
1553 3598 1748 3674 σαρκὸς
1793 3599 2008 3672 θεωρεῖ-

365 3719 480 3764 ται,
535 3697 598 3752 re
645 3692 906 3768 ἄτρεπτον
959 3693 1050 3748 καὶ
1087 3689 1464 3748 ἀναλλοίωτον
1513 3690 1678 3762 ἑαυτῇ
1724 3708 1782 3743 τε
1811 3687 1901 3742 καὶ
1939 3689 2008 3758 τῇ

361 3783 780 3864 προσληφθείσῇ
811 3781 968 3860 σαρκὶ
1008 3779 1370 3851 διασώζουσα.
1405 3779 1470 3836 Al
1504 3779 1598 3852 μὲν
1659 3775 1750 3832 οὗν
1797 3779 2008 3852 πρῶται

358 3874 454 3931 δύο
497 3871 804 3948 ὑπολήψεις
861 3871 1244 3946 Ἀπολινᾶριον
1295 3868 1439 3925 ἴσασι
1491 3869 1581 3924 καὶ
1633 3866 1918 3942 Εὖτυχέα·
1971 3867 2007 3935 ἡ

358 3959 420 4018 δὲ,
448 3961 608 4036 τρίτη
651 3958 780 4032 δόξα
807 3963 904 4015 τοῦ
933 3957 1288 4034 κηρύγματός
1341 3955 1452 4012 ἐστι
1498 3958 1606 4012 τῶν
1660 3950 2008 4018 ἀποστόλων,

355 4051 424 4121 ἢν
478 4050 570 4106 καὶ
628 4051 656 4105 ὁ
707 4051 814 4106 τῶν
871 4049 1150 4124 μακαρίων
1217 4051 1381 4121 ἡμῶν
1445 4043 1778 4122 Πατέρων⁴¹
1840 4041 2010 4118 χορὸς

355 4141 560 4197 ἐκεῖθεν
617 4140 800 4214 μαθὼν
860 4141 1238 4213 συνετήρησεν.
1307 4135 1410 4194 Καὶ
1470 4133 1640 4206 δῆλον
1701 4133 1797 4202 ὡς,
1854 4131 2012 4194 εἷ’τις

361 4225 604 4286 εὐσεϐεῖν
633 4227 812 4285 ἐθέλοι
843 4229 889 4264 ⁴²
921 4227 972 4282 ἐν
1002 4231 1082 4300 τῷ
1111 4225 1288 4302 λέγειν
1319 4225 1446 4300 μίαν
1485 4222 1642 4302 φύσιν
1693 4226 1790 4278 τοῦ
1833 4219 2010 4296 Λόγου

359 4317 806 4394 σεσαρκωμένην,
852 4319 916 4374 τὸ
963 4316 1093 4373 αὐτὸ
1143 4321 1353 4394 φρονεῖν
1403 4313 1463 4369 ἃν
1522 4311 1856 4389 χαριτωθείη
1894 4317 2012 4372 τοῖς

363 4407 462 4466 δύο
519 4409 702 4484 φύσεις
754 4405 1091 4482 ἀδιαιρέτους
1147 4405 1236 4460 καὶ
1295 4403 1641 4480 ἀσυγχύτους
1700 4401 1752 4457 ἐν
1808 4405 1887 4474 τῖξ)
1935 4401 2008 4455 ὶνῖ
2047 4438 2094 4504 D

361 4499 456 4554 καὶ
493 4501 572 4570 τῷ
603 4498 748 4570 αύτῷ
789 4501 1012 4572 Χριστῷ
1071 4497 1332 4570 θεωροῦσι
1378 4514 1436 4550 τε
1483 4493 1574 4548 καὶ
1623 4489 1944 4564 δοξάζουσιν
1995 4510 2008 4525 ·

363 4587 412 4646 εἰ
446 4585 502 4644 δὲ
555 4593 658 4661 μή,
707 4587 842 4662 πρὸς
878 4583 1266 4660 Ἀπολινάριον
1327 4583 1362 4654 ἢ
1413 4586 1460 4620 ⁸³³
1509 4581 1754 4658 Εύτυχέα
1800 4581 2018 4642 παντως

367 4675 676 4753 δραμεῖται.
709 4677 805 4732 Καὶ
846 4677 950 4752 γὰρ
981 4675 1203 4732 ἐνταῦθα
1230 4675 1328 4745 τήν
1366 4672 1488 4748 μίαν
1540 4672 1634 4747 μὲν
1689 4672 1843 4748 φύσιν
1899 4671 2012 4726 ἀντι

366 4773 470 4836 τῆς
502 4765 846 4830 ὑποστάσεως
889 4765 1158 4840 εἰρῆσθαι,
1213 4765 1276 4820 τὸ
1327 4759 1384 4818 δὲ
1431 4759 1850 4838 σεσαρκωμὲνην
1897 4760 2016 4816 ἀντὶ

369 4857 474 4921 τῆς
513 4855 862 4930 ἀνθρωπίνης
905 4854 1138 4932 φύσεως,
1206 4853 1280 4916 ὡς
1352 4849 1520 4926 μηδὲν
1591 4848 1882 4930 διαφωνεῖν
1925 4851 2016 4905 τὸν

369 4943 604 5020 λέγοντα
645 4945 772 5019 μίαν
807 4943 962 5022 φύσιν
992 4947 1090 5000 τοῦ
1121 4943 1300 5018 Λόγου
1351 4941 1768 5018 σεσαρκωμένην
1819 4941 1854 5011 ἧ
1893 4940 2018 5014 μίαν

368 5031 664 5088 ῦπόστασιν
716 5035 812 5088 τοῦ
859 5032 1038 5109 Λόγου
1105 5031 1452 5108 ἀνθρωπίνην
1510 5032 1666 5112 φύσιν
1721 5027 2022 5090 ἂναλαὸοῦ·

370 5141 466 5176 σαν
502 5139 514 5154 ·
559 5119 644 5177 διὸ
694 5123 784 5176 καὶ
833 5123 884 5177 οἱ
939 5123 1172 5197 Ιῐατὲρες
1225 5123 1384 5196 ἡμῶν
1433 5119 1854 5198 ἐπεξηγούμενοι
1921 5123 2019 5192 τὴν

377 5213 564 5290 φωνην
627 5209 944 5287 ἐπάγουσιν,
1003 5210 1117 5270 Οὗκ
1173 5207 1520 5286 ἀνῃρημένης
1577 5217 1676 5281 τῆς
1752 5215 1858 5266 τῶν
1921 5212 2018 5290 φύ.

379 5321 514 5356 σεων
584 5297 846 5380 διαφορᾶς
911 5297 1001 5356 διὰ
1047 5301 1094 5337 ⁴⁴
1147 5301 1245 5370 τήν
1301 5297 1516 5370 ἕνωσιν,
1576 5300 1890 5374 σωζομένης
1969 5297 2026 5356 δὲ

2109 1909 2416 1964 Dominum
2447 1915 2706 1966 nostrum
2727 1913 2931 1966 Jesum
2955 1912 3248 1968 Christum
3281 1913 3595 1980 declarare,
3621 1914 3758 1968 dua-

2108 2009 2220 2064 bus
2277 2007 2498 2064 naturis
2555 2009 2820 2066 indivisis
2879 2018 2936 2066 et
2993 2011 3315 2068 inconfusis
3369 2016 3638 2070 constare
3695 2012 3754 2068 in

2107 2097 2358 2168 perfecta
2413 2096 2776 2154 humanitate
2844 2101 2902 2154 et
2959 2099 3212 2171 perfecta
3266 2099 3566 2156 divinitate
3625 2116 3640 2158 :
3695 2106 3762 2155 ut

2109 2185 2410 2256 permistio
2439 2187 2762 2242 secundum
2793 2186 2962 2243 illum
2994 2189 3394 2246 confusionem
3427 2205 3540 2246 non
3573 2189 3757 2260 signi-

2110 2274 2262 2345 ticet,
2295 2291 2481 2348 neque
2511 2275 2752 2332 inducat
2781 2275 3122 2334 divisionem
3152 2277 3310 2334 vocis
3333 2274 3384 2330 ἐν
3411 2273 3758 2336 δύο.Εαὰθω

2109 2379 2304 2430 autem
2345 2375 2562 2431 sentire
2613 2375 2996 2432 Athanasium
3049 2383 3104 2431 et
3157 2377 3430 2450 Cyrillum
3463 2378 3756 2450 praedicat,

2113 2464 2212 2538 qui
2245 2479 2422 2520 uuam
2445 2464 2606 2521 verbi
2636 2469 2902 2520 naturam
2937 2465 3296 2522 incarnatam
3317 2467 3561 2523 confessi
3595 2470 3755 2522 sunt.

2113 2553 2255 2610 Cum
2281 2553 2438 2609 enim
2479 2553 2832 2610 incantatam
2859 2555 3153 2623 dixerunt,
3181 2561 3537 2627 assumptam
3571 2559 3752 2612 natu-

2109 2659 2236 2698 ram
2269 2641 2680 2714 praedicarunt.
2702 2643 2764 2697 In
2787 2641 2882 2699 his
2913 2657 3178 2714 pergens,
3213 2647 3278 2698 ut
3305 2648 3363 2700 et
3391 2644 3448 2698 in
3480 2643 3612 2700 aliis
3633 2644 3758 2715 ejus

2111 2731 2342 2804 scriptis
2373 2732 2677 2788 contendit
2705 2749 2879 2804 uper
2911 2734 3016 2790 hac
3048 2749 3206 2799 voce,
3232 2733 3418 2790 tribus
3450 2735 3764 2792 ostendens

2113 2821 2304 2878 modis
2354 2821 2482 2894 capi
2533 2837 2704 2893 posse
2757 2839 2952 2879 vocem
3006 2826 3372 2879 incarnatam.
3409 2823 3630 2880 Etenim
3669 2825 3764 2879 in-

2110 2918 2361 2984 cantata,
2397 2929 2500 2986 pro
2532 2929 2766 2969 carnem
2813 2913 3040 2980 induta,
3073 2917 3128 2970 et
3173 2913 3356 2970 veluti
3389 2914 3580 2986 efﬁgie
3623 2931 3760 2970 con-

2111 3010 2905 3083 formata,qummadmodum
2931 3011 3119 3067 20711
3140 3027 3216 3068 aes
3233 3011 3534 3068 simulacri
3553 3011 3761 3077 forma,

2033 3118 2076 3186 ρ
2114 3101 2267 3157 sumi
2299 3101 2531 3174 possit;
2587 3099 2674 3156 vol
2723 3100 2880 3173 quod
2927 3117 3206 3159 conversa
3236 3101 3392 3158 verbi
3450 3107 3658 3159 natura
3705 3103 3761 3158 in

2119 3205 2374 3256 carnem,
2419 3195 2476 3247 et
2518 3190 2682 3261 quasi
2727 3191 3026 3247 incuruata
3075 3205 3190 3246 una
3243 3191 3456 3262 prodiit
3504 3196 3760 3248 natura:

2115 3279 2202 3336 vel
2256 3279 2411 3351 quod
2463 3296 2581 3336 una
2627 3279 2914 3336 exsistens
2963 3280 3136 3337 Verbi
3185 3283 3414 3352 natura,
3446 3281 3762 3338 secundum

2117 3366 2579 3424 incarnationem
2605 3384 2715 3424 non
2741 3367 2992 3440 amplius
3015 3385 3134 3425 una
3163 3367 3417 3436 sola,sed
3440 3386 3572 3426 cum
3597 3386 3769 3426 carne

2119 3462 2448 3531 spectetur;
2483 3459 3136 3515 iucommutabilitatem
3166 3463 3342 3522 atque
3374 3460 3770 3532 integritatem

2120 3547 2228 3604 sibi
2245 3555 2297 3604 et
2312 3555 2626 3620 assumpta:
2640 3548 2800 3604 carni
2815 3563 3186 3605 conservans.
3203 3547 3410 3604 Primae
3427 3550 3622 3621 itaque
3639 3549 3766 3604 duae

2119 3647 2576 3721 signiﬁcationes
2606 3645 2946 3719 Apollinarii
2991 3651 3048 3706 et
3093 3647 3386 3720 Eutychis,
3421 3648 3592 3704 tertia
3629 3663 3763 3704 vero

2119 3754 2188 3795 ex
2237 3745 2426 3794 mente
2485 3735 2874 3810 apostolorum
2933 3741 3041 3804 est,
3066 3753 3240 3807 quam
3299 3741 3356 3792 et
3419 3741 3762 3794 sanctorum

2119 3828 2351 3883 Patrum
2405 3831 2739 3882 nostrorum
2773 3829 2956 3881 castus
3003 3824 3136 3880 inde
3177 3827 3476 3881 mutuatus
3507 3825 3767 3881 retinuit.

2121 3923 2353 3980 Clarum
2399 3939 2532 3980 vero
2563 3927 2670 3994 est,
2700 3923 2750 3979 si
2781 3923 2912 3996 quis
2961 3923 3052 3995 pie
3083 3921 3302 3980 sentire
3337 3921 3494 3991 velit,
3529 3921 3772 3980 dicendo

2123 4029 2294 4069 unam
2326 4011 2494 4068 Verbi
2529 4017 2791 4068 naturam
2825 4013 3207 4082 incarnatam,
3241 4012 3486 4085 gratiam
3523 4013 3768 4084 adeptu-

2121 4127 2276 4178 rum,
2299 4111 2602 4168 sentiendo
2622 4125 2756 4166 eum
2779 4111 2848 4166 iis
2874 4111 2972 4183 qui
3003 4111 3147 4169 duas
3178 4114 3416 4167 naturas
3441 4111 3778 4167 inconfusus

2122 4203 2294 4272 atque
2343 4198 2738 4272 impermistas
2777 4199 2832 4254 in
2875 4214 2986 4255 uno
3035 4205 3093 4256 et
3140 4199 3340 4255 eodem
3373 4197 3600 4254 Christo
3649 4213 3776 4254 esse

2123 4293 2179 4345 et
2200 4291 2958 4362 cognoscunt,etstatuunt.
3002 4287 3232 4359 Alioqui
3263 4303 3394 4344 cum
3419 4285 3777 4360 Apollinario

2126 4383 2183 4436 et
2232 4377 2486 4451 Eutyche
2519 4377 2714 4434 sentit.
2745 4378 2971 4434 Etenim
3008 4394 3185 4434 unam
3229 4377 3324 4435 hic
3369 4381 3639 4434 naturam
3677 4393 3774 4447 pro

2127 4484 2377 4543 persona
2403 4468 2616 4526 dictam
2639 4483 2789 4534 esse,
2823 4467 3192 4524 lncarnatam
3215 4483 3351 4524 vero
3384 4483 3486 4539 pro
3517 4466 3778 4522 humana

2127 4573 2338 4626 natura
2372 4586 2385 4625 :
2420 4573 2480 4626 ut
2510 4569 2658 4626 nihil
2701 4570 2933 4626 intersit
2965 4569 3154 4625 dicere
3193 4583 3368 4624 unam
3399 4567 3574 4625 Verbi
3605 4572 3774 4624 natu-

2129 4677 2252 4717 ram
2283 4660 2672 4731 incarnatam,
2702 4659 2788 4718 vel
2818 4676 2990 4716 unum
3023 4659 3196 4715 Verbi
3228 4673 3535 4732 personam
3569 4657 3778 4714 humu-

2127 4765 2266 4805 nam
2335 4747 2730 4821 assumpsisse
2787 4755 3072 4804 naturam.
3134 4745 3523 4812 Quamobrem
3583 4745 3782 4801 Patres

2130 4839 2314 4896 nostri
2361 4839 2512 4896 hanc
2559 4855 2756 4896 vocem
2814 4838 3193 4910 explanantes
3251 4837 3550 4894 adducunt
3606 4851 3620 4890 :
3663 4834 3780 4891 Non

2130 4929 2356 4986 sublata
2385 4933 2714 4986 naturarum
2744 4928 3056 5002 differentia
3101 4944 3199 5000 per
3245 4926 3532 4994 unionem,
3563 4924 3659 4982 sed
3685 4940 3783 4997 po-

2133 5028 2244 5085 tius
2275 5031 2506 5102 utraque
2547 5037 2865 5086 conservata
2915 5029 2973 5084 in
3025 5029 3249 5100 proprio
3278 5035 3498 5084 naturae
3554 5025 3783 5083 termino

2133 5119 2182 5176 et
2213 5118 2394 5186 verbo,
2427 5119 2484 5174 in
2529 5135 2636 5175 uno
2674 5119 2965 5189 eodemque
2997 5116 3212 5173 Christo
3257 5116 3386 5172 Iesu
3431 5117 3535 5172 Deo
3573 5119 3786 5170 nostro.

2135 5215 2320 5280 Quare
2351 5216 2398 5272 si
2448 5221 2790 5274 conservata
2819 5219 3266 5288 cognoscantur,
3293 5214 3528 5286 cognita
3576 5212 3783 5285 praedi-

2137 5311 2362 5370 centur,
2379 5309 2436 5362 et
2455 5321 2581 5377 qum
2604 5305 3016 5377 praedicantur,
3041 5311 3094 5361 et
3115 5306 3502 5360 numerentur
3523 5319 3538 5358 :
3563 5299 3786 5375 perspi-

1731 5407 1974 5467 VARl/E
2016 5409 2430 5470 LEGTIONES.

452 5519 500 5558 ³⁸
531 5515 588 5575 δὲ
623 5515 930 5595 σπουδαίως
958 5540 1015 5575 τε
1047 5521 1134 5595 A_:
1175 5539 1232 5574 τε
1257 5515 1568 5595 σπουδαίως
1603 5519 1686 5595 ς’.
1761 5519 1806 5558 ⁸⁸³
1834 5517 1926 5595 καὶ
1955 5524 2088 5595 post
2117 5521 2222 5595 οἷς.
2299 5521 2342 5595 δέ
2374 5523 2510 5576 Θεοῦ
2527 5529 2596 5595 et
2627 5537 2760 5595 mox
2790 5521 3034 5595 καὶεάςὶ.
3061 5525 3128 5579 Α.
3179 5521 3253 5595 ⁸³9
3274 5517 3788 5595 διαμερίζεσθαιμς.

375 5595 423 5631 ⁴⁸
451 5593 762 5682 χρῆσινλτὸ
792 5591 1212 5682 σεραρκωιμένην
1246 5593 1412 5651 addit
1437 5609 1556 5667 mg.
1589 5589 1641 5650 εἱ
1667 5609 1796 5652 cum
1955 5589 2022 5629 Ἷί
2047 5591 2296 5668 πατέρων
2317 5593 2484 5665 ἡμῶν
2665 5595 2710 5629 ⁴²
2729 5592 2910 5648 ἐθέλει
3094 5591 3192 5662 "‘l‘}
3219 5597 3262 5651 Α
3287 5611 3300 5649 :
3325 5589 3416 5648 κάξ
3601 5593 3648 5628 ⁴⁴
3675 5589 3793 5645 8ιᾶ-

379 5663 573 5737 καῗλ,
611 5663 700 5719 κάξ
739 5665 872 5740 μετά
913 5663 989 5726 fc.
1023 5663 1090 5722 Ᾱ.
