4154 6218
402 365 551 426 1027

399 597 618 655 natam,
643 595 700 645 et
731 589 898 658 illud,
923 589 1061 642 rluas
1094 590 1328 640 naturas
1353 585 1409 640 in
1435 585 1649 640 unione
1682 583 2044 654 hypostatica

398 680 699 747 indivisas,
754 675 974 732 nullam
1018 675 1403 729 differentiam
1451 673 1561 744 piis
1594 673 1818 729 afferre.
1855 673 1953 728 His
1981 686 2046 726 ac

394 767 688 824 similibus
721 767 907 838 prima
938 762 1257 820 absolvitur
1287 763 1489 818 oratio.

1602 361 1862 420 PHU'l‘Il
1911 357 2433 420 PA'l‘RlARCH/E
2474 360 2590 420 GP.

395 519 566 559 cuum
600 505 687 559 est
720 501 811 571 pie
851 497 1091 554 dicendo
1126 511 1300 550 unam
1332 495 1504 551 Verbi
1541 499 1806 550 naturam
1842 493 2034 548 incar-
2065 517 2114 582 Α

3638 366 3789 426 lL28

2151 490 2363 566 μᾶλλον
2419 494 2671 568 ἑκατέρας
2731 493 2784 547 ἐν
2842 499 2924 565 τῷ
2977 491 3098 567 ῗδίῳ
3155 505 3254 566 τῆς
3310 498 3523 574 φύσεως
3566 499 3679 572 ὅρῳ
3729 520 3787 554 τε

2153 583 2243 636 καὶ
2302 583 2472 658 λόγῳ,
2525 579 2576 637 ἐν
2638 586 2718 654 τῷ
2759 583 2908 654 αὐτῷ
2957 583 3046 638 καὶ
3105 585 3182 640 ἑνὶ
3241 586 3460 660 Χριστῷ
3527 591 3605 658 τῷ
3684 590 3808 658 Θεῷ

2155 673 2337 745 ἡμῶν.
2371 673 2527 726 Ὥστε
2566 671 2612 727 εἰ
2640 671 2709 726 τὰ
2737 673 3022 746 σωζόμενα
3075 674 3170 746 μὲν
3212 677 3516 750 θεωρεῖται,
3555 697 3620 730 τα
3669 674 3729 731 δὲ
3763 678 3811 712 ⁸⁵

2157 758 2502 835 θεωρούμενα
2534 757 2915 833 ὀχλολολεῖται,
2951 761 2982 815 ἃ
3028 758 3084 816 δὲ
3132 762 3509 840 ὁμολογεῖται,
3557 765 3646 819 καί
3688 765 3810 838 ἀρι-

394 858 634 927 θμεῖται,
694 855 922 930 φανερὸν
981 851 1165 906 ὅτιτὸ
1208 849 1386 925 λέγειν
1444 846 1677 912 εὐσεϐῶς
1737 848 1862 919 μίαν
1922 849 2078 926 φύσιν
2139 853 2236 902 τοῦ
2296 849 2470 923 Λόγου
2512 849 2948 923 σεσαρκωμένην,
3009 852 3097 905 καὶ
3155 853 3216 906 τὸ
3275 849 3369 908 δύο
3402 855 3584 931 φύσεις
3623 850 3809 908 ἀδιαι-

391 983 417 1019 ,ι

391 1041 616 1092 τοιαῦτα
651 1031 808 1108 ἕτερα
840 1035 1004 1088 εἰπὼν
1034 1037 1260 1107 περατοῖ
1288 1031 1379 1086 τὸν
1413 1033 1457 1085 α’
1491 1029 1678 1104 λόγον.

464 1130 732 1188 Secunda
761 1127 1070 1197 dogmatica
1101 1123 1465 1191 inscribitur,
1491 1138 1618 1196 quae
1650 1122 1781 1178 fidei
1810 1123 2039 1193 exposi-

397 1222 610 1277 tionem
661 1216 942 1280 continet,
992 1231 1117 1285 quae
1167 1214 1258 1284 pie
1309 1217 1364 1266 et
1413 1212 1637 1267 sincere
1688 1211 1757 1264 de.
1805 1209 2042 1265 veritate

389 1309 589 1373 sentit,
641 1310 697 1363 et
743 1306 864 1360 hac
919 1303 988 1359 de
1038 1304 1340 1358 incarnato
1372 1299 1598 1356 Christo
1631 1301 1833 1355 eodem
1872 1300 2042 1355 modo

392 1397 786 1471 prosequitur,
811 1391 1281 1465 compendiosius
1314 1390 1434 1444 haec
1467 1406 1639 1460 quam
1675 1406 1852 1460 supra
1881 1404 2042 1444 exse-

391 1503 600 1559 quens,
643 1483 786 1541 nihil
843 1489 1032 1538 tamen
1075 1479 1462 1536 accurationis
1506 1480 1802 1546 omittens,
1835 1482 1891 1534 et
1921 1478 2042 1533 haec

395 1591 737 1651 percurrens
767 1573 828 1629 in
861 1572 1316 1628 admonitionem
1350 1568 1584 1636 desinit,
1616 1573 1672 1623 et
1703 1584 1801 1623 eos
1836 1567 1935 1640 qui
1968 1567 2038 1622 ab

391 1666 644 1722 Ecclesia
675 1680 736 1720 se
767 1665 1166 1734 segregarunt,
1199 1661 1268 1715 ad
1301 1673 1672 1714 communem
1706 1658 2041 1712 consensio-

392 1773 524 1814 nem
578 1769 842 1810 revocare
888 1757 1152 1807 conatur.
1203 1749 1319 1804 Hoc
1351 1748 1500 1802 libro
1535 1747 1636 1815 ait,
1679 1762 1875 1800 earum
1913 1762 2039 1817 quae

387 1847 444 1901 in
479 1843 732 1900 Ecclesia
764 1847 902 1898 sunt
933 1858 965 1897 a
1010 1839 1182 1895 Verbi
1238 1836 1519 1894 ministris
1565 1837 1789 1892 traditae
1821 1837 2037 1891 doctri-

389 1951 499 2003 nm,
533 1932 795 2006 quaedam
847 1931 1118 2003 dogmata
1160 1931 1319 1993 sunt,
1366 1925 1628 1996 quaedam
1676 1923 1958 1994 praeconia
1989 1931 2043 1977 et

393 2022 717 2080 differentia
769 2038 782 2076 :
831 2023 1103 2092 dogmata
1143 2017 1343 2075 268a
1375 2031 1509 2071 cum
1559 2014 1942 2070 occultatione
1985 2017 2042 2068 et

391 2112 680 2184 sapientia
730 2109 1117 2170 declarantur,
1168 2114 1224 2162 et
1271 2105 1616 2162 obscurirati
1657 2120 1806 2176 saepe
1846 2105 1916 2159 de
1948 2105 2038 2158 in-

391 2202 612 2259 dustri-1
645 2199 1035 2266 involvuntur,
1069 2213 1141 2252 ne
1183 2195 1442 2268 profanis
1479 2193 1593 2249 sint
1624 2197 1826 2249 sancta
1860 2208 2040 2264 expo-

388 2295 520 2359 sita,
572 2296 630 2349 et
678 2291 998 2361 margaritas
1048 2288 1239 2360 porcis
1297 2285 1685 2355 objicientur:
1753 2284 2036 2354 praeconia

386 2383 513 2440 sine
546 2383 662 2438 ulla
682 2381 1034 2438 obscuritate
1063 2380 1354 2446 dicuntur,
1380 2381 1436 2432 et
1465 2392 1532 2431 ea
1564 2374 1884 2447 praesertim
1911 2390 2034 2445 quae

390 2475 460 2528 de
491 2479 906 2544 praeceptorum
943 2474 998 2524 et
1026 2467 1235 2523 divinae
1266 2464 1600 2521 reverentiae
1632 2463 2033 2520 observatione

389 2566 661 2618 tractant.
696 2565 835 2616 Esse
874 2563 1150 2630 preterea
1181 2557 1452 2628 dogmata
1499 2554 1766 2626 quaedam
1815 2551 1992 2607 obscu
2018 2581 2033 2590 -

390 2655 564 2718 riora,
593 2668 719 2723 quae
755 2651 1018 2718 omnino,
1066 2654 1130 2703 ut
1159 2648 1240 2704 ita
1288 2644 1552 2712 dixerim,
1595 2647 1889 2699 tacentur:
1939 2659 2032 2698 so-

394 2743 464 2798 lis
498 2758 630 2798 vero
677 2741 793 2795 illis
842 2740 1085 2812 mystice
1132 2736 1366 2804 tradita,
1420 2735 1521 2807 qui
1573 2733 1769 2789 ﬁdeles
1818 2733 2036 2787 habent

392 2831 754 2904 spiritualem
799 2829 1145 2900 sapientiam
1201 2843 1300 2897 per
1346 2825 1598 2880 Verbum
1632 2821 1844 2877 vivum.
1878 2821 2037 2876 Prae-

393 2932 544 2977 terea
573 2919 997 2975 distinctionem
1039 2932 1259 2984 eorum,
1303 2931 1433 2986 qius
1460 2917 1528 2969 de
1562 2913 1790 2967 Christo
1827 2911 2034 2965 dicun-

392 3016 508 3077 tur,
533 3009 688 3077 facit,
714 3010 979 3080 quas-Jam
1006 3021 1201 3062 revera
1222 3011 1278 3060 et
1311 3003 1538 3076 proprie
1562 3002 1710 3058 dicta
1734 3015 2030 3056 asserens:

394 947 575 1019 ρέτους
635 941 686 999 ἐν
740 964 807 1018 τῃ
851 943 969 998 καθ’
1029 943 1317 997 ὑπόστασιν
1359 943 1566 1007 ένώσεε,
1627 937 1888 1017 διαφορὰν
1951 935 2207 1011 οὐδεμίαν
2251 937 2326 1000 εἷς
2382 940 2472 993 τὸν
2527 946 2626 1008 τῆς
2688 934 2961 1002 εὒσεεείας
3020 941 3242 1014 ἐμποιεῖ
3273 941 3452 1020 λόγον.
3499 947 3680 1002 Ταῦτα
3709 943 3806 999 καί

2223 1121 2285 1178 Ὀ
2336 1117 2393 1174 δὲ
2532 1118 2886 1198 ἐπιγράφεται
2933 1120 3028 1195 μὲν
3076 1119 3434 1197 δογματικὸς,
3481 1119 3688 1180 ἔκθεσιν
3751 1124 3815 1182 δὲ

2152 1208 2241 1263 καὶ
2274 1209 2434 1271 οὗτος
2467 1207 2806 1285 ἀπαγγέλλει
2845 1208 3098 1274 πίστεως·
3153 1213 3204 1266 ἐν
3337 1214 3436 1282 τήν
3482 1235 3540 1269 τε
3599 1213 3820 1289 Τριάδα

2153 1295 2563 1375 εύσεϐοφρόνως
2614 1298 2862 1372 θεολογεῖ
2909 1301 2998 1355 καὶ
3049 1301 3116 1357 τά
3165 1303 3285 1376 περὶ
3335 1302 3437 1371 τὴν
3486 1303 3815 1378 οἶκονομίαν

2151 1388 2360 1460 ὁμοίως
2414 1386 2650 1459 διέξεισι,
2717 1391 3187 1465 συνοπτικώτερον
3247 1391 3342 1465 μὲν
3399 1393 3434 1462 ἧ
3475 1392 3636 1466 ἐντῷ
3667 1417 3820 1470 προ-

2149 1476 2460 1552 τεταγμένῳ
2518 1482 2684 1533 ταῦτα
2741 1475 2974 1550 διεξιὼν,
3037 1477 3190 1534 οὐδὲν
3256 1481 3438 1552 μέντοι
3497 1489 3596 1551 τῆς
3652 1482 3816 1559 ἀκριο

2151 1562 2297 1628 ϐείας
2347 1568 2651 1644 καθυφιείς.
2705 1567 2805 1624 Και
2857 1573 3025 1624 ταῦτα
3075 1565 3389 1644 διαδραμὼν
3436 1568 3511 1632 εἷς
3543 1571 3817 1646 παραίνε-

2153 1677 2229 1710 σιν
2283 1658 2524 1730 περαίνει
2570 1657 2669 1726 τήν
2714 1656 2981 1728 σπουδήν,
3035 1655 3105 1713 δι’
3162 1661 3228 1728 ἧς
3273 1660 3404 1720 τοὺς
3441 1662 3542 1725 τῆς
3572 1662 3817 1733 Ἐκκληο

2151 1745 2266 1807 σίας
2318 1748 2446 1820 [439
2501 1750 2590 1820 H].
2652 1747 3064 1819 ἀποφοιτῶντας
3119 1750 3219 1819 τήν
3275 1751 3466 1819 κοινὴν
3538 1752 3811 1824 ὁμόνοιαν

2153 1835 2490 1890 ἀσπάσασθαι
2540 1837 2868 1912 παρακαλτῖ.
2924 1839 3007 1892 Ἐν
3055 1839 3234 1910 τούτῳ
3293 1844 3373 1911 τῷ
3425 1837 3579 1915 λόγῳ
3639 1843 3823 1919 φησὶν

2153 1927 2228 1987 ὡς
2275 1930 2381 1980 τῶν
2433 1925 2486 1981 ἐν
2533 1931 2601 2000 τῇ
2651 1927 2955 1997 Ἐκκλησιᾳ
2999 1925 3449 2003 παραδιδομένων
3482 1930 3659 1986 ωὑπὸ
3701 1955 3821 1988 των

2153 2015 2437 2090 ὑπηρετῶν
2462 2022 2558 2071 τοῦ
2588 2018 2766 2091 Λόγου
2795 2015 3140 2096 διδαγμάτων
3174 2019 3239 2075 τὰ
3283 2019 3379 2094 μέν
3432 2019 3547 2075 ἐστι
3591 2018 3823 2096 δόγμα-

2149 2127 2234 2174 τα,
2293 2107 2359 2159 τά
2417 2102 2474 2159 δὲ
2521 2108 2872 2184 κηρύγματα.
2926 2108 3026 2164 Καὶ
3076 2109 3110 2178 ἡ
3163 2106 3418 2186 διαφορὰ,
3470 2111 3538 2165 τὰ
3587 2110 3681 2184 μὲν
3716 2107 3817 2166 δό-

2149 2217 2332 2273 γματα
2393 2198 2509 2269 μετ’
2564 2197 2903 2272 ἐπικρύψεως
2959 2197 3051 2252 καὶ
3111 2200 3302 2276 σοφίας
3367 2199 3818 2276 ἀπαγγέλλεται,

2145 2285 2235 2340 καὶ
2282 2288 2383 2356 τὴν
2434 2286 2688 2364 ἀσάφειαν
2735 2284 3012 2350 πολλάκις
3045 2285 3353 2360 ἐξεπίτηδες
3382 2285 3821 2363 περιϐάλλεται,

2145 2374 2219 2438 ὡς
2251 2377 2308 2430 ἂν
2343 2377 2420 2449 μή
2458 2370 2720 2451 βεϐήλοις
2766 2378 2870 2432 εἶεν
2899 2377 2966 2433 τά
3000 2377 3126 2453 ἅγια
3173 2372 3358 2434 ἔκθετα
3412 2380 3502 2433 καὶ
3554 2381 3608 2434 οἱ
3663 2401 3820 2456 μαρ-

2140 2469 2356 2540 γαρῖται
2403 2470 2521 2528 τοῖς
2571 2464 2789 2540 χοίροις
2835 2466 3204 2541 προκείμενοι,
3242 2467 3309 2523 τὰ
3364 2463 3420 2523 δὶ
3472 2468 3817 2543 κηρύγματα

2146 2552 2317 2628 χωρίς
2368 2575 2515 2615 τινος
2565 2552 2907 2629 ἐπικρύψεως
2961 2554 3385 2630 ἀπαγγέλλεται,
3435 2559 3523 2611 καὶ
3556 2557 3812 2630 μάλιστα

2141 2642 2241 2697 ὅσα
2285 2641 2361 2705 εἷς
2402 2642 2568 2720 λόγον
2617 2643 2852 2700 ἐντολῶν
2901 2645 2992 2700 καὶ
3042 2647 3186 2701 θείου
3237 2641 3408 2725 φόϐου
3460 2651 3806 2723 συντήρησιν

2144 2733 2478 2810 ἀναφέρεται.
2513 2735 2662 2791 Εἶναι
2697 2732 2753 2790 δὲ
2782 2736 2871 2790 καὶ
2903 2741 3010 2790 τῶν
3042 2733 3335 2814 δογμάτων
3387 2732 3466 2793 ἔτι
3515 2739 3639 2792 τινά
3691 2761 3810 2811 μυ-

2144 2825 2462 2899 στικώτερα,
2495 2823 2526 2878 ἃ
2555 2823 2834 2887 παντελῶς
2877 2827 2952 2888 ὡς
2991 2828 3052 2881 τὸ
3095 2823 3225 2888 ’ἐπος
3281 2827 3443 2906 φάναι
3488 2827 3800 2902 σεσίγηται,

2143 2911 2366 2974 ἐκείνοις
2406 2911 2463 2967 δὲ
2519 2913 2705 2986 μόνοις
2756 2919 3032 2988 μυστικῶς
3082 2911 3468 2989 παραδέδοται,
3524 2916 3578 2971 οἳ
3607 2915 3653 2950 ⁸⁷
3701 2912 3804 2971 διὰ

2146 3003 2322 3075 Λόγου
2369 3007 2568 3072 ζῶντος
2616 2998 2805 3077 ἔχουσι
2857 3007 3230 3078 πνευματικὴν
3291 3007 3484 3082 σοφίαν
3509 3006 3812 3067 πιστοῖς⁴³

389 3101 502 3155 alia
525 3117 623 3172 per
649 3098 1197 3168 transumptioncm.
1233 3093 1556 3165 Capiuntur
1593 3091 1748 3146 enim
1781 3107 1814 3144 a
1845 3090 2034 3153 nobis,

2148 3095 2313 3146 ταῦτα
2362 3093 2744 3167 παρατίθεσθαι
2778 3095 2845 3148 ⁴⁹.
2897 3096 3017 3150 Ἔτι
3068 3091 3125 3148 δὲ
3185 3091 3478 3163 διαστολὴν
3538 3099 3646 3150 τῶν
3711 3094 3814 3150 ἐπὶ

391 3187 882 3260 quemadmodum
907 3185 1028 3255 ipse
1053 3187 1229 3254 caput
1249 3182 1325 3236 sit
1351 3180 1633 3247 omnium,
1659 3195 1784 3249 qua:
1808 3195 1840 3232 a
1870 3177 2038 3232 nobis

389 3280 684 3344 dicuntur,
720 3283 1041 3347 peccatum,
1076 3270 1472 3336 maledictum,
1496 3274 1551 3324 et
1583 3268 1626 3323 si
1663 3285 1773 3338 qua
1801 3265 2035 3322 similia.

387 3369 477 3423 Ait
508 3367 663 3422 enim
697 3363 1036 3437 Apostolus:
1084 3363 1187 3429 Qui
1215 3375 1324 3416 non
1354 3366 1582 3414 noverat
1606 3364 1903 3427 peccatum,
1931 3370 2036 3424 pro

386 3458 545 3512 nobis
567 3461 847 3526 peccatum
875 3455 1006 3522 fecit
1042 3465 1078 3504 τ.
1113 3452 1181 3506 Et
1211 3451 1447 3504 iterum:
1475 3447 1732 3503 Christus
1761 3460 1857 3500 nos
1878 3444 2032 3500 rede-

387 3548 488 3601 mit
520 3564 554 3600 a
582 3545 874 3601 maledicto
906 3545 1063 3612 legis,
1085 3543 1267 3612 factus
1294 3555 1397 3611 pro
1419 3537 1578 3594 nobis
1605 3535 1966 3591 maledictum
1989 3546 2028 3590 ι.

384 3637 479 3691 Sic
508 3640 563 3689 et
596 3633 1052 3690 inobedientiam
1101 3640 1351 3687 nostram
1404 3632 1460 3683 et
1507 3624 1920 3698 ignorantiam,
1966 3628 2032 3680 ut

385 3735 554 3798 caput
594 3725 799 3797 integri
850 3723 1106 3796 corporis
1156 3721 1497 3791 suscepisse.
1553 3719 1614 3774 Et
1670 3717 1838 3784 illud,
1888 3718 2029 3772 Deus

382 3833 556 3884 meus,
593 3816 727 3870 Deus
759 3831 929 3878 meus,
979 3812 1167 3885 utquid
1196 3809 1544 3881 deretiquisti
1580 3808 1708 3863 me?
1752 3823 1847 3878 per
1880 3806 2024 3862 incf.

377 3905 613 3960 fabilem
649 3921 928 3971 amorem,
983 3909 1176 3958 nostra
1220 3907 1498 3971 tanquam
1542 3916 1650 3954 sua
1687 3898 2022 3965 assumpsit.

2149 3183 2392 3254 Χριστοῦ
2449 3180 2752 3255 λεγομένων
2808 3188 3067 3251 ποιεῖται,
3129 3184 3195 3238 τά
3270 3184 3364 3257 μὲν
3419 3181 3648 3252 ἀληθῶς
3715 3185 3818 3240 καὶ

2146 3270 2348 3344 κυρίως
2412 3271 2798 3345 ὑποτιθέμενος
2861 3271 3135 3348 λέγεσθαι,
3184 3273 3250 3327 τά
3299 3269 3356 3327 δὲ
3401 3274 3539 3328 κατά
3600 3275 3816 3350 ἀναιρο-

2147 3357 2264 3433 ράν.
2297 3358 2643 3438 Ἀναφέρεται
2681 3361 2786 3437 γὰρ
2813 3360 2903 3438 ἀφ’
2936 3363 3119 3433 ἡμῶν,
3171 3362 3244 3424 ὡς
3293 3359 3539 3440 κεφαλῆς
3591 3361 3812 3419 ἐκείνου

2143 3447 2354 3502 πάντων
2396 3449 2555 3522 ἡμῶν
2587 3449 2971 3527 ἀνασχομένου
3008 3451 3139 3523 [836
3192 3452 3283 3523 8.]
3337 3451 3605 3526 γενέσθαι,
3657 3453 3692 3521 ἥ
3739 3473 3806 3508 τε

2140 3535 2380 3612 ἁμαρτία
2435 3538 2525 3593 καὶ
2575 3541 2610 3608 ἡ
2654 3539 2861 3612 κατάρα
2916 3539 3004 3593 καὶ
3061 3540 3160 3594 ὅσα
3207 3539 3591 3615 παραπλήσια.
3636 3542 3807 3616 Λέγει

2138 3627 2242 3704 γὰρ
2275 3628 2302 3681 ὁ
2331 3625 2690 3700 Ἀπόστολος,
2739 3629 2841 3683 Τὸν
2899 3627 2975 3702 μή
3004 3630 3051 3666 ⁵ο
3089 3625 3290 3703 γνόντα
3336 3629 3605 3705 ἁμαρτίαν
3662 3632 3805 3707 ὑπὲρ

2137 3720 2298 3790 ἡμῶν
2354 3715 2622 3790 ἁμαρτίαν
2700 3715 2927 3788 ἐποίησε
2987 3735 3000 3748 ⁸
3061 3720 3150 3773 καὶ
3209 3715 3399 3788 πάλιν,
3450 3721 3689 3794 Χριστὸς
3753 3725 3802 3760 εί

2136 3808 2283 3877 ἡμᾶς
2363 3804 2683 3882 ἐξηγόρασεν
2769 3806 2828 3862 ἐκ
2903 3813 3002 3876 τῆς
3089 3808 3323 3882 κατᾶρας
3409 3812 3506 3862 τοῦ
3591 3809 3802 3882 νόμου,

2135 3894 2423 3970 γενόμενος
2485 3897 2616 3971 ὑπὲρ
2676 3897 2833 3969 ἡμῶν
2891 3897 3114 3970 κατάρα.
3173 3895 3332 3954 Οὕτω
3416 3893 3474 3951 δὲ
3556 3899 3652 3954 καὶ
3741 3900 3809 3955 τὸ

375 3993 737 4049 ἀνυπότακτον
794 3995 956 4065 ἡμῶν
1014 3993 1102 4046 καὶ
1159 3992 1257 4061 τὴν
1314 3989 1552 4067 ἄγνοιαν,
1615 3988 1690 4052 ὡς
1743 3987 1986 4064 κεφαλὴν
2021 3992 2119 4042 τοῦ
2175 3985 2310 4041 ὅλου
2361 3987 2638 4060 σώματος,
2691 3984 3069 4062 ἀναδέχεσθαι,
3119 3986 3336 4057 καὶτὸ,
3391 3987 3483 4044 Θεέ
3539 4010 3674 4063 μου,
3707 3990 3812 4046 Θεέ

381 4082 612 4156 μον,’ίνα
640 4105 692 4138 τι
728 4105 794 4156 με
826 4081 1173 4157 ἐγκατέλιπες
1201 4101 1214 4150 ;
1249 4083 1328 4135 Δι’
1358 4079 1557 4159 ἄφατον
1592 4076 2000 4158 ιριλανθρωπίαν
2035 4078 2109 4139 ὡς
2148 4075 2360 4131 ἑαυτοῦ
2392 4076 2461 4130 τά
2501 4075 2742 4152 ἡμέτερα
2772 4073 3170 4149 οἰκειούμενον.

453 4176 643 4230 Tertia
673 4176 856 4230 oratio
889 4176 1171 4229 adversus
1209 4171 1637 4227 calumniantes
1663 4175 1896 4225 sanctos
1926 4169 2030 4225 Pa-

383 4270 499 4320 tres
542 4271 596 4319 et
645 4264 953 4320 concilium
1000 4260 1468 4319 Chalcedonense
1519 4261 1788 4316 decertat.
1838 4259 2027 4315 Primo

383 4370 514 4409 vero
547 4353 824 4425 epistolas
870 4353 941 4406 ad
991 4355 1347 4405 Succensum
1382 4366 1414 4403 a
1447 4349 1612 4404 beato
1644 4348 1854 4420 Cyrillo
1887 4365 2024 4404 con-

377 4441 652 4512 scriptas,
683 4445 739 4495 et
771 4457 898 4510 quae
939 4438 1051 4494 huc
1091 4439 1374 4508 pertinere
1414 4437 1681 4493 videntur
1723 4437 2026 4508 dijudicat.

375 4528 599 4584 Etenim
632 4527 951 4583 adversarii
1001 4529 1070 4582 ab
1103 4526 1441 4598 bujusmodi
1475 4526 1712 4581 vocibus
1742 4531 2024 4597 tanquam

2208 4167 2270 4222 '0
2303 4162 2358 4220 δὲ
2390 4165 2440 4240 γ’
2498 4164 2661 4241 λόγος
2717 4164 2853 4220 κατά
2910 4169 3016 4221 τῶν
3087 4167 3613 4243 συκοφαντησάντων
3671 4171 3809 4228 τοὺς

2138 4253 2327 4328 ἁγίους
2373 4250 2613 4328 Πατέρας
2646 4254 2736 4309 καὶ
2764 4255 2864 4324 τὴν
2895 4253 2944 4308 έν
3004 4251 3324 4333 Καλχηδόνι
3377 4252 3599 4310 σύνοδον
3651 4256 3808 4334 ἀγω-

2137 4343 2357 4413 νίζεται.
2425 4343 2530 4399 Καὶ
2584 4349 2801 4419 πρῶτον
2857 4344 2950 4418 μὲν
3000 4343 3095 4406 τὰς
3144 4345 3280 4419 πρὸς
3340 4343 3642 4401 Σούκενσον
3683 4346 3810 4402 ἐπι-

2139 4432 2363 4504 στολάς,
2407 4433 2460 4488 αἳ
2492 4437 2576 4507 τῷ
2610 4434 2862 4510 μακαρῖῳ
2895 4432 3156 4509 Κυρίλλῷ
3185 4432 3522 4514 ἐγράφησαν,
3562 4436 3653 4491 καὶ
3700 4436 3809 4492 ὅσα

2139 4522 2285 4578 ἅλλά
2316 4523 2541 4585 ταύταις
2573 4522 2884 4598 συντρέχειν
2916 4521 3159 4595 δοκοῦσι,
3191 4519 3484 4599 διευκρινεῖ
3533 4527 3647 4599 (καί
3693 4527 3804 4599 γάρ

377 4638 410 4675 a
442 4624 602 4673 turre
634 4619 884 4689 quadam
931 4617 1204 4673 adversus
1252 4615 1526 4688 dogmata
1571 4613 1802 4685 pietatis
1833 4617 2026 4672 incur-

2148 4614 2193 4669 οἱ
2225 4610 2293 4668 δι’
2326 4611 2565 4675 ἐναντίας
2600 4613 2703 4668 ἀπὸ
2733 4618 2842 4669 τῶν
2871 4617 3135 4669 τοιοῦτων
3186 4618 3399 4692 φωνῶν,
3452 4611 3628 4684 ὥσπερ
3679 4613 3795 4668 ἀπό

381 4710 538 4761 runt.
571 4706 718 4760 Hinc
748 4710 806 4760 et
836 4704 978 4760 alias
1009 4702 1332 4760 calumnias
1364 4702 1592 4758 refellit.
1628 4705 1772 4758 Nam
1808 4702 2029 4759 haereti-

379 4813 575 4852 corum
599 4794 928 4866 Opinionem
949 4793 1201 4865 primum
1230 4793 1466 4864 quidem
1484 4791 1755 4865 proponit
1777 4795 2030 4850 secunda

379 4885 623 4957 epistola
656 4886 726 4940 ad
759 4884 1144 4952 Succensum,
1188 4900 1316 4954 quae
1357 4883 1462 4952 ait,
1495 4883 1688 4938 dicere
1728 4883 1871 4940 duas
1903 4901 2029 4940 esse

383 4978 615 5031 naturas
648 4974 928 5030 indivisas
974 4977 1104 5045 post
1149 4971 1448 5039 unionem,
1493 4971 1852 5028 contrarium
1903 4989 2031 5029 esse

381 5062 450 5118 iis
483 5065 580 5134 qui
625 5079 800 5119 unam
860 5063 1025 5118 Verbi
1075 5066 1343 5118 naturam
1395 5062 1757 5117 incarnatam
1806 5061 2026 5119 colunt.

384 5155 592 5206 Contra
650 5170 796 5223 quos
855 5151 1109 5208 veritatis
1167 5158 1442 5222 patronus
1499 5149 1752 5216 disserit,
1815 5160 1871 5206 ut
1930 5153 2026 5224 qui

457 5327 475 5354 τ
514 5315 560 5370 ll
593 5315 718 5372 Cor.
751 5332 804 5383 v,
835 5317 923 5370 2t.
1003 5328 1021 5356 ι
1053 5315 1238 5374 Galat.
1275 5333 1360 5385 ιιι,
1405 5320 1489 5373 t3.

2141 4723 2284 4766 τινος
2338 4701 2719 4779 ἀκροπόλεως,
2775 4704 3132 4780 κατατρέχειν
3191 4707 3298 4760 τῶν
3363 4706 3466 4769 τῆς
3523 4697 3801 4767 εὐσεϐείας

2143 4792 2428 4869 δογμάτων
2486 4794 2887 4869 φρυάττονται),
2947 4791 3132 4851 ἔπειτα
3207 4792 3262 4850 δὲ
3319 4796 3405 4851 καὶ
3464 4797 3562 4856 τὰς
3620 4793 3811 4858 ἄλλας

2141 4884 2504 4961 συκοφαντίας
2558 4884 3000 4955 ἀποσκευάζεται.
3055 4884 3124 4939 Τὸ
3195 4885 3290 4957 μὶν
3370 4883 3463 4939 οὖν
3520 4884 3813 4958 αἱρετικὸν

2140 4973 2399 5048 φρόνημα
2465 4977 2680 5049 πρῶτον
2741 4973 2835 5047 μὲν
2883 4974 3154 5049 προτείνει
3209 4978 3309 5042 τῆς
3370 4969 3623 5045 δευτέρας
3665 4974 3816 5049 πρὸς

2143 5061 2442 5118 Σούκενσον
2496 5061 2790 5132 ἐπιστολῆς
2839 5065 3038 5138 χρῆσιν
3071 5064 3138 5132 ⁵³,
3194 5064 3311 5130 ἣτις
3357 5062 3418 5117 τὸ
3472 5059 3570 5118 δύο
3625 5061 3818 5139 λέγειν

2143 5149 2325 5229 φύσεις
2378 5149 2721 5228 ἀδιαιρέτους
2775 5152 2910 5225 μετά
2953 5153 3051 5220 τήν
3111 5148 3302 5207 ἕνωσιν
3364 5149 3603 5206 ἐναντίον
3667 5153 3822 5225 εἷναί

1573 5323 1588 5358 ι
1632 5317 1781 5374 Psal.
1815 5333 1933 5384 xxx,
1970 5318 2027 5384 1;
2062 5317 2266 5374 Matth.
2302 5335 2451 5376 xxvx.
2485 5321 2573 5377 46.

1731 5482 1983 5539 VARUE
2024 5482 2436 5544 LECTIONES.

455 5613 504 5648 ιδ
532 5607 592 5668 δὲ
618 5613 751 5670 add.
785 5618 851 5669 A.

932 5613 977 5686 ἢ
1008 5610 1464 5686 παραδεδομένων
1496 5619 1560 5672 Α.

1637 5616 1684 5651 ⁴⁷
1714 5616 1791 5688 o't]
1822 5615 1908 5677 οἷς
1948 5633 2097 5688 corr.
2131 5621 2198 5673 A.

2277 5617 2537 5695 “arterei
2568 5621 2650 5676 C:
2685 5620 2935 5679 fortasse
2961 5622 3268 5695 legendum
3299 5625 3526 5683 πιστῶς.
3604 5623 3648 5661 ⁸⁸
3687 5643 3815 5682 πα-

390 5685 665 5757 ρατιθιται
691 5689 758 5740 Α.
838 5684 883 5718 ⁸ο
913 5683 1003 5736 τὸν
1051 5683 1153 5755 μῆ]
1184 5686 1230 5741 Il
1262 5683 1393 5742 Cor.
1430 5704 1482 5753 ν,
1513 5689 1604 5742 21.
1682 5689 1719 5723 ⁸¹
1761 5683 2020 5759 Χριστὸς]
2054 5689 2176 5745 Gal.
2210 5705 2292 5760 1n,
2330 5690 2414 5747 13.
2490 5691 2538 5727 ⁵³
2570 5696 2767 5766 χρῆσιν
2811 5696 2900 5750 AC
2933 5711 2945 5750 :
2980 5683 3179 5767 χρῆσις
