4138 6228
310 362 468 422 1οΞ9

1406 359 1944 424 BlBLlOTHECA.
1993 400 2070 408 —
2115 368 2289 428 COD.
2339 372 2615 432 CCXXX.

3558 390 3714 455 1030

305 511 439 565 φησι
477 493 596 551 τοῖς
628 486 752 562 μίαν
784 480 1141 563 πρεσϐεύουσι
1193 493 1290 544 τοῦ
1326 492 1501 566 Λόγου
1555 490 1711 569 φύσιν
1763 511 1949 567 σεραρ·

2066 513 2242 553 unam
2290 498 2466 556 Verbi
2526 508 2785 560 naturam
2849 506 3207 566 incarnatam
3271 515 3499 584 docent,
3557 519 3712 578 clara

304 580 586 652 κωμένην.
650 580 743 640 Οἷς
800 577 1188 657 ἁνθυποφερων
1228 580 1255 633 6
1305 582 1609 657 συνήγορος
1653 582 1805 658 λέγει
1851 590 1953 653 τῆς

308 670 589 741 ἀληθείας,
623 670 697 729 ὡς
730 668 781 722 οἱ
816 667 939 740 μίαν
971 672 1067 722 τοῦ
1116 666 1297 742 Λόγου
1331 669 1487 747 φύσιν
1540 671 1958 746 σεσαρκωμένην

307 759 621 830 δοξάζοντες
653 760 796 833 σαφῇ
831 757 923 830 μὲν
961 755 1256 832 βούλονται
1291 756 1378 813 διὰ
1418 766 1516 829 τῆς
1552 763 1737 837 φωνῆς
1779 761 1954 816 ποιεῖν

306 850 406 918 τὴν
464 848 583 903 καθ’
639 846 931 902 ὑπόστασιν
975 842 1166 902 ἕνωσιν
1200 847 1269 918 ⁵³,
1320 847 1406 902 καὶ
1452 849 1527 912 ὡς
1574 850 1601 903 6
1641 850 1818 926 Λόγος
1860 852 1958 907 οὐκ

308 941 592 1012 ἄνθρωπον
644 934 1061 1010 προϋποστάντα
1107 932 1444 1012 προσέλαϐεν
1505 936 1649 993 ἀλλὰ
1710 940 1836 1012 σὰρξ
1878 941 1954 1003 ὡς

308 1027 530 1097 ἀληθῶς
577 1025 797 1102 γέγονεν
830 1043 843 1055 ·
886 1027 920 1094 ἡ
972 1022 1029 1080 δὶ
1078 1026 1181 1081 οὑκ
1228 1024 1438 1101 ἐξαρκεῖ
1482 1032 1579 1082 τοῦ
1651 1030 1955 1103 μυστηρίου

309 1115 475 1186 δεῖξαι
518 1118 582 1169 τὸ
628 1114 861 1170 τέλειον.
914 1119 1025 1169 Ποῦ
1073 1116 1179 1191 γὰρ
1231 1112 1343 1171 ἔστι
1399 1114 1486 1172 διὰ
1515 1122 1615 1184 τῆς
1644 1126 1826 1198 φωνῆς
1859 1119 1951 1174 λα-

309 1203 419 1262 ϐεῖν
454 1204 560 1261 εἶ’τε
590 1203 845 1279 ἔμψυχος
871 1205 938 1272 ἦν
965 1206 1000 1273 ἡ
1036 1204 1408 1281 ἀιαληφθεῖσα
1459 1205 1584 1280 σὰρξ
1634 1207 1668 1275 ἢ
1725 1208 1823 1281 μὴ,
1865 1209 1954 1263 καὶ

309 1295 759 1370 εἰέσχημάτιστο
796 1292 957 1365 μόνον
1004 1298 1071 1367 τῇ
1124 1294 1279 1369 σαρκὶ
1336 1293 1371 1364 ἢ
1432 1293 1652 1365 ἀληθῶς
1703 1295 1955 1372 ἐπεῴκει

310 1387 477 1458 eripi;
526 1383 685 1437 πόθεν
739 1378 784 1436 δ’
834 1381 917 1436 ὅτι
962 1381 1143 1438 τέλεια
1187 1382 1223 1452 ἢ
1274 1382 1355 1439 ὅτι
1399 1384 1681 1461 ἀσέγχυτα
1718 1387 1785 1440 τὰ
1830 1408 1953 1441 συν-

309 1475 536 1531 ελθόντα
596 1476 999 1548 μεμενήκασιν;
1061 1471 1213 1529 οὑδὲν
1281 1475 1385 1551 γὰρ
1452 1476 1657 1532 τούτων
1716 1473 1951 1552 διευκρι-

306 1567 539 1639 νημένον
605 1564 744 1620 ἔστιν
794 1563 843 1638 ἐξ
893 1563 1059 1630 αὐτῆς
1108 1565 1295 1640 εὑρεῖν.
1350 1565 1446 1621 Διὰ
1491 1564 1651 1622 τοῦτο
1702 1567 1805 1643 γάρ
1864 1569 1951 1623 καὶ

308 1655 679 1730 Ἀπολιναρίῳ
708 1655 797 1710 καὶ
832 1653 1064 1728 Εὑτυχεῖ
1093 1655 1154 1708 τὸ
1195 1655 1551 1729 προκείμενον
1586 1656 1793 1732 χωρίον
1849 1679 1949 1713 πε·

307 1745 678 1819 ριπτύσσεται,
718 1747 798 1815 τῷ
842 1742 935 1816 μὲν
969 1744 1257 1819 συγχέοντι
1287 1745 1353 1799 τὰ
1392 1745 1740 1815 συνελθόντα,
1773 1753 1952 1803 Ἀπο-

2062 600 2194 642 voce
2224 585 2429 644 volunt
2458 591 2861 650 demonstrare
2910 611 3038 652 eam
3089 614 3215 670 quae
3247 607 3335 657 est
3392 622 3493 675 per
3524 607 3710 681 hypo-

2062 674 2304 732 stasim:
2338 682 2390 733 et
2428 681 2579 751 quod
2606 680 2854 737 Verbum
2890 684 3187 743 hominem
3220 674 3708 759 praeasistentem

2064 779 2177 819 non
2213 769 2618 838 assumpseril,
2648 772 2747 826 sed
2790 790 2988 830 revera
3018 792 3151 832 caro
3186 778 3404 836 factum
3455 785 3550 840 sit.
3582 786 3711 844 Haec

2062 862 2254 908 autem
2291 870 2397 911 vox
2427 873 2544 913 non
2577 860 2721 915 satis
2752 862 3116 921 demonstrat
3138 871 3400 940 mysterii
3418 872 3713 943 perfectio-

2066 958 2221 996 nem.
2256 943 2364 999 Ubi
2415 947 2569 1002 enim
2604 948 2741 1005 licet
2786 951 3045 1023 accipere
3078 972 3181 1026 per
3208 974 3429 1025 vocem,
3465 962 3713 1024 fueritne

2064 1030 2322 1087 animata
2381 1041 2686 1107 assumpta
2716 1055 2872 1107 caro,
2909 1058 3090 1099 necne
3118 1046 3147 1100 ?
3198 1047 3385 1104 2681)
3416 1054 3472 1106 et
3503 1069 3576 1107 an
3610 1071 3707 1111 so-

2061 1116 2182 1175 lum
2240 1137 2413 1177 carne
2461 1122 2757 1195 indutum,
2791 1128 2877 1184 vel
2938 1147 3138 1189 revera
3186 1143 3385 1193 natum
3416 1139 3493 1194 sit
3525 1145 3712 1201 caro?

2063 1209 2224 1266 Unde
2257 1230 2427 1283 porro
2461 1221 2613 1288 quod
2650 1220 2901 1291 perlecta
2923 1228 2981 1279 et
3004 1223 3329 1297 inconfusa,
3364 1248 3712 1292 concurren-

2062 1301 2141 1355 tia
2169 1307 2637 1373 permanserint!
2676 1309 2821 1366 nihil
2855 1312 3010 1369 enim
3048 1313 3250 1372 horum
3285 1318 3501 1377 clarum
3544 1341 3612 1379 ex
3641 1342 3711 1382 ea

2063 1392 2334 1461 reperies.
2374 1395 2681 1466 Propterea
2729 1401 2883 1455 enim
2934 1406 2990 1458 et
3021 1403 3376 1475 Apollinario
3431 1415 3487 1466 et
3530 1416 3706 1485 Euty-

2058 1477 2151 1532 chi
2182 1483 2512 1552 prepositus
2544 1485 2707 1544 locus
2737 1493 3025 1561 convenit,
3052 1493 3187 1550 huic
3208 1496 3443 1566 quidem
3470 1503 3710 1575 conjun-

2058 1571 2151 1622 cta
2182 1570 2586 1642 contundenti,
2622 1578 2984 1649 Apollinario
3046 1598 3176 1639 vero
3224 1585 3541 1645 animatam
3573 1570 3707 1647 ear-

2065 1671 2193 1710 nem
2226 1657 2587 1731 imaginanti.
2641 1665 2789 1731 Quin
2839 1673 2895 1723 et
2944 1669 3064 1726 hac
3096 1688 3200 1728 vox
3248 1674 3436 1746 placet
3466 1678 3704 1750 Maneti,

2064 1744 2472 1820 imaginariam
2506 1759 2562 1808 et
2618 1755 3033 1816 adumbratam
3083 1744 3322 1834 ﬁngenti
3353 1766 3705 1827 incarnatio-

309 1811 539 1910 λιναρίῳ
593 1811 675 1889 δὲ’
717 1811 929 1911 ἄψυχον
1151 1831 1321 1908 σάρκα
1381 1836 1509 1907 [440
1560 1838 1649 1909 [1.]
1690 1811 1952 1915 φανταζο-

2187 1811 2218 1820 _
2808 1811 3033 1816 τμη*
3083 1811 3322 1834 "nam.-.
3353 1811 3704 1827 ...-...........—

2068 1852 2219 1891 nem.
2279 1839 2384 1903 Qui
2417 1858 2550 1898 vero
2583 1843 2729 1900 duas
2778 1846 3117 1907 inconfusus
3147 1861 3414 1911 asserunt
3444 1867 3704 1931 naturas,

312 1925 478 1998 μένῳ.
532 1922 705 1982 Ἀλλᾶ
752 1921 841 1978 καὶ
893 1922 1125 1979 Μάνεντι
1174 1923 1334 1999 φίλον
1387 1927 1420 1994 ἡ
1464 1925 1642 2002 φωνὴ,
1704 1930 1952 2001 σχήματι

305 2016 393 2071 καὶ
443 2014 706 2090 φαντασίᾳ
747 2014 845 2083 τήν
906 2010 1312 2088 ένανθρώπησιν
1354 2013 1673 2074 πλάττοντι,
1724 2017 1786 2070 0i.
1830 2016 1955 2090 μέν-

304 2078 477 2179 τοιγέ
524 2107 569 2141 εδ
636 2101 887 2179 λέγοντες
930 2097 1024 2155 δύο
1076 2102 1258 2178 φύσεις
1303 2100 1639 2178 ἀδιαιρέτους
1679 2104 1957 2183 ἀσῦγχυτα

304 2195 402 2269 μὲν
454 2196 521 2251 τὰ
572 2191 898 2250 συνελθόντα
946 2191 1338 2270 φυλάττουσιν,
1395 2191 1509 2248 οὐδ’
1561 2193 1710 2249 οὗτοι
1771 2195 1952 2266 μέντοι

303 2284 394 2340 διὰ
447 2288 555 2340 τῶν
600 2284 779 2339 αὐτῶν
827 2287 1021 2361 φωνῶν
1073 2283 1173 2353 τὴν
1229 2284 1349 2337 καθ’
1403 2283 1693 2339 ὑπόστασιν
1748 2281 1954 2357 κηρύτ-

297 2395 483 2431 τουσιν
513 2370 727 2430 ἕνωσιν.
770 2374 1000 2429 Δυνατὸν
1040 2373 1144 2447 γάρ
1195 2372 1363 2428 πάλιν
1408 2371 1731 2447 κακούργως
1763 2373 1812 2408 ⁵⁵
1852 2371 1954 2427 λα-

301 2459 417 2537 ϐηεῖν
464 2465 527 2520 τὸ
570 2461 873 2537 ἡνωμένον,
925 2464 1000 2525 ὡς
1049 2463 1361 2534 Νεστόριος,
1409 2465 1547 2536 τιμῇ
1581 2461 1669 2517 καὶ
1703 2459 1832 2537 δόξῇ
1866 2464 1954 2517 καὶ

302 2559 421 2615 τοῖς
450 2552 653 2615 ἄλλοις
686 2554 980 2628 αἱρετικοῖς
1012 2550 1497 2631 ἐπιτεχνάσμασιν.
1543 2552 1639 2607 Διὰ
1668 2556 1834 2607 τοῦτο
1866 2551 1955 2607 καὶ

305 2644 332 2699 6
364 2644 507 2705 θεῖος
542 2639 823 2716 Κύριλλος
853 2642 990 2697 κατᾶ
1017 2643 1079 2697 τὸ
1119 2641 1287 2716 πέρας
1334 2644 1435 2715 τῇς
1485 2639 1781 2718 εἰρημένης
1833 2640 1952 2696 ἐπι-

302 2732 534 2803 στολῆς,
593 2733 671 2790 Τὸ
722 2729 779 2787 δὲ
834 2728 1158 2806 ἀδιαίρετον,
1190 2730 1236 2768 ⁸⁸
1283 2726 1408 2810 ἔφη,
1459 2732 1747 2805 προστεθὲν
1805 2727 1955 2786 δοκεῖ

305 2819 404 2895 μέν
464 2841 583 2882 πως
634 2819 760 2895 παρ’
827 2822 964 2889 ἡμῖν
1033 2821 1200 2895 ὀρθῆς
1270 2816 1432 2890 δόξης
1491 2819 1626 2874 εἶναι
1686 2840 1952 2893 σημαντι-

296 2912 414 2979 κὸν,
462 2908 615 2964 αύτοῖ
668 2904 725 2964 δὲ
774 2906 880 2984 οὐχ
928 2907 1070 2964 οὕτω
1109 2913 1315 2964 νοοῦσι.
1367 2908 1435 2963 Τὸ
1485 2909 1588 2984 γὰρ
1645 2905 1950 2982 ἀδιαίρετον

295 3001 422 3074 παρ’
484 2999 668 3061 αὐτοῖς
726 3000 862 3054 κατᾶ
917 2998 1010 3062 τὰς
1076 3000 1375 3073 Νεστορίου
1432 2997 1758 3076 κενοφωνίας
1834 2999 1949 3053 καθ’

290 3088 478 3163 ἕτερον
537 3084 875 3162 λαμϐάνεται
922 3088 1145 3165 τρόπον·
1192 3109 1321 3164 φασι
1358 3089 1458 3164 γὰρ
1506 3086 1588 3143 ὅτι
1646 3091 1714 3161 τῇ
1775 3087 1944 3142 ἰσοτι-

295 3181 418 3252 μίᾳ,
462 3181 530 3253 τῇ
563 3172 953 3250 ταυτοϐουλῖᾳ,
985 3180 1053 3252 τῇ
1087 3175 1330 3248 αὑθεντίᾳ
1362 3174 1664 3252 ἀδιαίρετός
1706 3175 1816 3231 ἐστι
1849 3180 1947 3231 τοῦ

291 3273 427 3324 Θεοῦ
486 3268 667 3343 Λόγου
708 3270 737 3323 6
794 3266 845 3322 ἐν
913 3271 958 3340 ᾧ
1020 3271 1331 3340 κατῷκησεν
1391 3266 1701 3340 ἄνθρωπος.
1788 3267 1949 3321 Ὥστε

291 3357 474 3414 διττὸν
507 3360 596 3412 καὶ
637 3357 664 3412 6
702 3358 873 3433 μέγας
916 3354 1192 3429 Κύριλλος
1245 3353 1354 3411 οἶδε
1401 3355 1463 3411 τὸ
1515 3351 1843 3430 ἀδιαίρετον,
1885 3356 1947 3411 τὸ

299 3448 398 3522 μὲν
433 3448 711 3520 αἱρετικῆς
743 3443 927 3517 δόξης,
959 3446 1021 3501 τὸ
1072 3442 1127 3501 δὲ
1168 3444 1372 3500 οἰκεῖόν
1410 3465 1468 3500 τε
1516 3445 1606 3499 καὶ
1656 3442 1948 3520 όρθοδόξου

296 3538 676 3614 φρονήματος,
713 3537 865 3610 Διχῆ
895 3531 951 3590 δὲ
980 3538 1076 3590 τού
1124 3531 1436 3608 ἀδιαιρέτου
1486 3532 1809 3610 λεγομένου,
1858 3532 1949 3589 εὑ-

296 3624 483 3701 λόγως
516 3619 681 3702 ἔφησε
715 3627 983 3703 μάχεσθαι
1013 3625 1074 3680 τὸ
1108 3621 1284 3699 λέγειν
1317 3622 1442 3698 μίαν
1484 3620 1578 3678 τοῖ’)
1628 3624 1804 3700 Λόγου
1848 3622 1949 3702 φύ-

297 3736 382 3770 σιν
444 3711 864 3789 σεσαρκωμένην
925 3719 1040 3776 τοῖς
1115 3713 1251 3768 κατὰ
1316 3713 1615 3786 Νεστόριον
1685 3714 1946 3791 φάσκουσι

298 3803 397 3859 δύο
448 3803 634 3880 φύσεις
684 3801 1040 3878 ἅδιαιρέτους.
1092 3804 1220 3877 [837
1266 3803 1360 3874 ἢ]
1410 3802 1551 3857 Αὐτὸ
1601 3798 1658 3856 δέ
1694 3806 1855 3857 τοῦτο
1888 3803 1950 3858 τὸ

296 3895 469 3971 ῥητὸν
530 3890 699 3969 ὀρθῆς
748 3891 953 3968 γίνεται
998 3889 1180 3965 δόξης,
1233 3890 1591 3966 ἀπομερισθὲν
1644 3896 1743 3960 τῆς
1801 3890 1950 3964 ὁμω-

296 3983 517 4056 νυμίας.
569 3982 983 4057 Ἀπομερίζεται
1028 3979 1085 4036 δὲ
1131 3980 1247 4036 κατ’
1296 3978 1502 4042 ἄλλους
1551 3975 1813 4055 τρόπους,
1849 3980 1950 4054 μαι

301 4074 468 4130 λιστα
530 4068 585 4127 δὲ
630 4070 681 4127 ἐν
726 4075 805 4145 τῷ
847 4072 948 4144 τήν
989 4071 1035 4108 ⁸⁷
1093 4070 1210 4126 καθ’
1271 4069 1561 4126 ὑπόστασιν
1620 4064 1953 4145 προσλαϐεῖν

299 4162 520 4219 ἕνωσιν·
571 4159 706 4233 αὕτη
756 4163 858 4239 γὰρ
908 4164 942 4231 ἡ
993 4161 1277 4236 προσθήκη
1320 4159 1383 4215 τὸ
1413 4153 1632 4234 ἀκριϐὲς
1664 4156 1954 4234 πληροῦσα

296 4251 517 4309 καὶτὸν
551 4249 714 4308 δόλον
767 4250 978 4308 ἐλαύνει
1030 4249 1326 4325 Νεπορίου
1373 4250 1463 4305 καὶ
1512 4248 1637 4311 τοὺς
1680 4250 1961 4324 συκοφάν-

298 4362 396 4405 τας
457 4348 557 4413 τῆς
614 4335 884 4405 ἐὺσεϐείας
950 4341 1323 4416 καταισχύνει.
1393 4337 1623 4407 Ἀτελής
1683 4337 1774 4393 οὖν
1834 4338 1955 4393 ἑκα-

2066 1924 2375 1983 ineonfusa
2406 1930 2641 2000 quidem
2674 1940 3080 1995 concurrentia
3120 1953 3480 2012 conservant,
3524 1965 3710 2019 neque

2065 2012 2123 2067 hi
2157 2030 2257 2086 per
2277 2018 2511 2075 easdem
2534 2037 2701 2078 voces
2731 2025 3006 2082 unionem
3040 2027 3464 2101 hypostaticam
3498 2012 3706 2107 praedi-

2064 2107 2217 2159 cant.
2250 2105 2396 2161 Fieri
2432 2108 2583 2165 enim
2617 2116 2828 2184 potest,
2862 2119 2928 2171 ut
2957 2122 3162 2174 contra
3191 2119 3455 2192 improbe
3477 2105 3708 2193 capiant

2063 2193 2216 2282 quod
2251 2196 2480 2253 unitum
2513 2203 2601 2256 est
2622 2200 2707 2270 (ut
2730 2201 3051 2277 Nestorius)
3083 2205 3303 2264 honore
3335 2209 3595 2282 etgloria
3618 2216 3710 2279 ;et

2063 2281 2194 2337 aliis
2227 2282 2627 2344 haereticorum
2659 2291 2928 2349 inventis.
2964 2294 3100 2351 Ideo
3131 2300 3190 2352 et
3221 2281 3433 2355 beatus
3458 2299 3706 2373 Cyrillns

2062 2370 2118 2425 in
2154 2369 2267 2428 ﬁne
2337 2373 2515 2446 hujus
2561 2378 2841 2451 epistolae,
2902 2383 3226 2455 indivisum,
3275 2388 3376 2456 ait,
3437 2369 3705 2463 additum,

2057 2459 2277 2516 videtur
2305 2473 2506 2520 nostra
2536 2476 2694 2523 rectae
2715 2470 2844 2540 ﬁdei
2872 2486 2990 2528 esse
3008 2476 3228 2544 signum
3259 2492 3272 2531 :
3310 2476 3401 2531 illi
3440 2494 3565 2534 vero
3594 2496 3707 2535 non

2058 2548 2139 2603 ita
2166 2553 2431 2608 sentiunt.
2467 2553 2791 2614 Indivisum
2824 2560 2980 2615 enim
3013 2562 3341 2634 apudillos,
3377 2567 3703 2623 secundum

2058 2650 2237 2692 novas
2285 2638 2532 2697 Nestorii
2581 2659 2771 2716 voces,
2832 2647 2945 2705 alio
3001 2652 3172 2706 modo
3217 2653 3493 2710 sumitur.
3554 2656 3707 2714 Dicit

2060 2724 2215 2781 enim
2250 2725 2490 2786 honoris
2523 2732 2786 2803 paritale,
2821 2738 2878 2791 et
2919 2737 3235 2796 voluntatis
3257 2745 3314 2797 et
3334 2744 3703 2803 auctoritatis

2059 2812 2377 2871 indivisum
2410 2817 2709 2878 hominem
2731 2839 2879 2894 esse,
2921 2825 2980 2883 in
3011 2844 3123 2898 quo
3156 2829 3256 2885 Dei
3281 2830 3525 2888 verbum
3553 2833 3709 2892 babi-

2061 2902 2223 2961 tavit.
2257 2907 2446 2969 Quars
2489 2908 2801 2982 dupliciter
2847 2929 3101 2987 magnus
3132 2916 3231 2973 ille
3262 2918 3509 2991 Cyrillus
3550 2921 3706 2979 iudi-

2061 2991 2250 3048 visum
2283 2995 2591 3072 intelligit:
2627 3000 2782 3058 aliud
2808 3005 3044 3075 quidem
3077 3005 3540 3078 heretics,aliud
3569 3030 3703 3072 vero

2062 3082 2257 3155 prapie
2286 3088 2343 3140 et
2373 3088 2708 3145 orthodoxe.
2743 3091 2986 3150 Duobus
3035 3101 3229 3152 autem
3264 3099 3455 3156 modis
3489 3101 3701 3158 indivi-

2057 3186 2189 3226 sum
2227 3178 2586 3248 usurpando,
2636 3196 2766 3237 vere
2824 3181 3014 3241 dixit:
3051 3184 3242 3243 dicere
3294 3205 3470 3245 unam
3527 3190 3703 3250 Verbi

2054 3263 2322 3316 naturam
2358 3263 2718 3323 incarnatam
2774 3285 3031 3340 pugnare
3082 3277 3287 3331 contra
3326 3275 3704 3337 Nestorianos

2052 3355 2373 3407 asserentes
2396 3353 2540 3410 duas
2557 3358 3118 3417 naturasindivisas.
3140 3363 3301 3420 Idem
3328 3371 3525 3423 autem
3552 3370 3709 3440 quod

2054 3439 2277 3497 dictum
2309 3448 2422 3513 est,
2455 3447 2718 3505 Ecclesiae
2745 3455 2835 3506 est
2866 3454 3229 3525 orthodoxae,
3253 3457 3301 3513 si
3328 3460 3709 3531 aaquivocatio

2054 3531 2316 3589 tollatur.
2350 3534 2601 3593 Tollitur
2639 3544 2834 3597 autem
2893 3554 2949 3598 et
3007 3542 3141 3600 aliis
3194 3547 3405 3618 modis,
3458 3551 3715 3606 maxime

2056 3635 2211 3691 vero,
2235 3621 2294 3677 in
2318 3627 2671 3682 assumendo
2704 3629 2979 3686 unionem
3014 3630 3467 3705 bypostaticam.
3495 3639 3711 3696 Eadem

2059 3709 2211 3763 enim
2245 3708 2367 3766 hinc
2408 3711 2626 3769 additio
2656 3721 2923 3772 accurate
2991 3718 3321 3791 adimplens
3361 3727 3419 3778 et
3448 3724 3712 3780 fraudem

2059 3797 2312 3855 Nestorii
2342 3802 2598 3874 discutit,
2630 3812 2682 3860 et
2714 3805 3015 3864 haereticos
3072 3810 3397 3868 confundit.
3438 3814 3716 3885 imperfev

2060 3893 2155 3944 cla
2187 3904 2320 3962 ergo
2353 3895 2442 3946 est
2500 3898 2747 3965 utraque
2804 3912 2932 3964 vox,
2967 3901 3030 3952 ut
3084 3915 3153 3954 ex
3210 3899 3504 3970 prioribus
3553 3906 3713 3974 patet

2063 3992 2177 4035 non
2210 3980 2452 4036 alteram
2495 3982 2849 4055 arripienda.
2902 3986 3104 4059 Itaque
3150 3990 3412 4061 intelligo
3442 4007 3572 4047 eam
3609 4010 3710 4049 vo-

2061 4082 2186 4121 cem
2220 4084 2345 4139 qua:
2404 4070 2546 4127 dicit
2579 4088 2753 4129 unam
2797 4075 2970 4130 Verbi
3015 4081 3288 4134 naturam
3323 4079 3709 4151 incarnatam,

2059 4165 2112 4212 et
2144 4156 2304 4214 illam
2338 4175 2464 4231 qua:
2489 4161 2627 4216 dicit
2659 4163 2802 4219 duas
2837 4170 3079 4222 naturas
3110 4167 3474 4240 inconfusas,
3498 4175 3711 4228 utram-

2069 4262 2179 4315 que
2201 4249 2479 4320 perticere
2510 4251 2662 4307 inter
2690 4268 2751 4309 se
2789 4255 3147 4327 copulatam.
3194 4256 3371 4314 Verbi
3416 4260 3573 4317 enim
3607 4278 3709 4318 na—

2066 4339 2199 4393 tura
2238 4337 2541 4396 incarnata
2571 4341 2848 4399 unionem
2880 4342 3311 4418 hypostaticam
3363 4349 3714 4422 simpliciter

295 4434 432 4505 τέρα
484 4433 663 4511 φωνὴ,
706 4432 779 4495 ὡς
840 4429 899 4487 ἐκ
950 4435 1058 4487 τῶν
1119 4429 1421 4505 εἰρημένων
1475 4425 1646 4498 δῆλον
1698 4430 1952 4499 κατέστη,

2071 4428 2306 4497 profert,
2341 4429 2440 4502 qui
2488 4446 2619 4487 vero
2668 4433 2812 4489 duas
2847 4436 3054 4491 asserit
3102 4436 3386 4495 indivisas
3445 4443 3703 4510 naturas,

297 4524 381 4596 μή
416 4514 807 4596 προσλαϐοῦσα
837 4522 935 4591 τὴν
966 4521 1169 4597 ἑτέραν,
1202 4518 1352 4595 λέγω
1393 4517 1459 4590 δὴ
1517 4517 1606 4573 καὶ
1646 4520 1681 4588 ἡ
1722 4515 1958 4593 λέγουσα

300 4611 431 4687 μίαν
484 4609 640 4692 φύσιν
692 4614 793 4667 τοῦ
840 4611 1017 4688 Λόγου
1066 4608 1480 4686 σεσαρκωμένην
1532 4607 1621 4663 καὶ
1652 4608 1687 4677 ἡ
1731 4605 1826 4663 δύο
1859 4606 1956 4685 φύ-

296 4722 414 4764 σεις
460 4698 801 4778 ἇδιαιρέτους
837 4744 849 4758 .
907 4697 1214 4756 τελείοῦται
1260 4695 1317 4754 δὲ
1366 4698 1591 4773 ἑκατέρα
1637 4697 1959 4774 συμπλεκο-

295 4789 440 4866 μένη
475 4794 542 4865 τῇ
578 4790 735 4867 ἑτέρᾳ
762 4792 808 4828 ⁵⁸
843 4812 854 4824 ⁸
888 4792 922 4862 ἡ
960 4791 1054 4865 μὶν
1086 4791 1191 4867 γὰρ
1228 4793 1326 4845 τοῦ
1356 4789 1540 4865 Λόγου
1579 4786 1737 4866 φύσις
1767 4808 1955 4861 σεσαρο

291 4883 524 4953 κωμένη
585 4882 686 4951 τήν
733 4881 849 4936 καθ’
901 4881 1194 4936 ὑπόστασιν
1246 4878 1439 4942 ἁπλῶς
1483 4876 1677 4934 ἷένωσιν
1728 4878 1953 4954 εἰσάγει,

292 4974 326 5027 ὁ
385 4968 443 5025 δὲ
488 4972 587 5033 τὰς
635 4968 731 5026 δύο
777 4969 959 5050 φύσεις
1008 4967 1183 5046 λέγων
1232 4967 1572 5044 ἀδιαιρέτους
1617 4967 1681 5024 τὸ
1725 4968 1956 5048 ἅφυρτόν

286 5082 357 5117 τε
408 5059 500 5115 καὶ
554 5059 863 5136 ἆσύγχυτον
899 5060 1007 5115 τῶν
1059 5057 1425 5114 συνελθόντων
1480 5057 1694 5132 μηνύει.
1749 5055 1956 5115 Οὑκοῦν

282 5151 732 5225 ἆπομερισθεῖσα
788 5150 938 5229 φωνὴ
1008 5147 1232 5226 θατέρας
1291 5149 1325 5218 ἡ
1367 5142 1521 5222 ἒτέρα
1563 5144 1652 5202 καὶ
1709 5165 1955 5223 σοφιστιο

275 5246 410 5301 κῶς
467 5240 825 5315 προαγομένη
884 5236 1231 5310 δικαιοτάτην
1305 5235 1366 5292 ἂν
1435 5238 1534 5306 τὴν
1612 5234 1953 5312 κατάγνωσιν

278 5327 537 5406 ἐνέγκοι.
585 5331 749 5384 ’Ὠστε
802 5325 1029 5391 δικαίως
1065 5328 1155 5384 καὶ
1210 5328 1239 5383 ὁ
1289 5326 1434 5401 ἱερὸς
1501 5323 1774 5402 Κύριλλος
1820 5324 1958 5398 πρὸς

282 5418 602 5492 Νεπόριον
657 5418 1074 5491 ἀποτεινόμενος
1142 5417 1216 5480 ὡς
1275 5413 1442 5485 ἀτελῆ
1518 5416 1616 5486 τήν
1689 5412 1956 5490 λέγουσαν

2068 4514 2395 4575 immistum
2417 4529 2469 4575 et
2493 4520 2869 4581 inconfusum
2894 4540 3097 4580 eorum
3123 4543 3251 4598 quas
3271 4528 3713 4602 conjunguntur

2068 4606 2375 4680 significat.
2412 4609 2594 4681 Igitur
2625 4611 2812 4668 divisa
2842 4629 2953 4669 vox
2983 4612 3165 4671 altera
3198 4617 3268 4672 ab
3300 4617 3505 4685 altera,
3538 4628 3591 4674 et
3618 4636 3711 4676 ca-

2068 4698 2255 4768 ptiose
2285 4698 2943 4771 adductajustissimam
2976 4705 3490 4775 reprehensionem
3522 4708 3714 4766 209a

2068 4794 2344 4843 meretur.
2364 4790 2552 4853 Quare
2584 4795 2735 4846 recte
2764 4800 2997 4848 sanctus
3016 4793 3262 4865 Cyrillus
3295 4797 3356 4853 in
3378 4795 3708 4856 Nestorium

2067 4876 2354 4944 invectus,
2388 4884 2450 4932 ut
2478 4878 2878 4951 imperfectam
2912 4898 3111 4939 vocem
3138 4883 3427 4942 dicentem
3460 4886 3713 4944 duasin-

2067 4965 2283 5022 divisas
2314 4969 2573 5036 naturas,
2606 4974 2659 5024 et
2693 4985 2808 5025 non
2850 4969 3136 5027 valentem
3181 4972 3584 5031 haereticorum
3619 4991 3711 5032 se-

2067 5059 2219 5111 ctam
2276 5056 2551 5125 refutare,
2592 5061 2849 5128 accusat,
2881 5064 2941 5115 et
2971 5075 3235 5132 pugnare
3285 5062 3411 5136 [ait]
3443 5079 3579 5119 cum
3611 5062 3714 5122 illa

2066 5160 2193 5215 qua
2223 5142 2364 5201 dicit
2398 5161 2571 5202 unam
2605 5150 2876 5203 naturam
2926 5147 3309 5206 incarnatam.
3345 5153 3486 5208 Cum
3515 5169 3631 5225 qua
3660 5153 3712 5211 si

2066 5233 2383 5305 composita
2416 5236 2625 5303 veniat,
2649 5234 2938 5293 sinceram
2961 5236 3238 5310 pietatem
3270 5243 3543 5311 ostendit,
3561 5244 3710 5301 duas

2066 5322 2350 5379 indivisas
2382 5327 2623 5381 naturas
2653 5324 2714 5380 in
2736 5325 2950 5384 unione
2989 5326 3357 5400 hypostatica
3385 5330 3536 5388 clara
3566 5347 3709 5405 pras-

2067 5410 2292 5468 dicans.
2325 5411 2420 5468 Sic
2468 5417 2622 5470 certe
2653 5412 2789 5471 licet
2844 5416 2978 5487 quis
3038 5433 3156 5474 una
3210 5417 3386 5477 Verbi
3437 5429 3704 5481 naturam

1678 5541 1918 5598 VARIIE
1948 5538 2355 5598 LECTIONES.

359 5644 414 5682 ⁵³
438 5639 633 5701 ἕνωσιν
664 5645 799 5702 add.
831 5645 894 5701 C.

998 5643 1044 5679 “
1076 5664 1138 5719 γε
1175 5644 1308 5701 add.
1342 5644 1407 5698 A.

275 5715 530 5790 ὶκατιρᾳ
557 5716 642 5791 ς.

1513 5642 1561 5678 ⁵⁸
1588 5638 1920 5718 κακούργοις
1952 5638 2034 5713 ς.

2136 5636 2186 5673 ⁵⁸
2214 5633 2537 5711 ἀδιαιρέτως
2565 5641 2629 5696 Α.
2734 5639 2779 5675 ⁸⁷
2810 5640 2908 5710 τὴν
2944 5659 3061 5702 om.
3104 5647 3170 5702 A.
3276 5646 3326 5684 ⁵⁸
3398 5647 3552 5725 ἑτέρᾳ
3612 5653 3648 5709 Α
3691 5669 3707 5714 3
