4154 6218
321 465 469 542 φημὶ
535 462 890 534 διδασκάλου,
973 465 1032 526 ὃς
1097 463 1188 518 καὶ

325 552 650 630 δᾳδουχίαις
744 551 1238 629 λελαμπρυσμένος
1329 555 1378 591 7°
1461 554 1782 631 διεσάφησεν
1845 559 1978 630 ἡμῖν

322 645 384 699 τὸ
463 645 606 718 μέγα
678 641 768 698 καὶ
844 644 1038 698 σεπτὸν
1103 648 1201 698 τοῦ
1287 651 1552 719 Σωτῆρος
1651 648 1973 720 μυστήριον.

323 731 484 790 Οὕτω
512 733 602 788 τὸν
632 732 780 806 ἱερὸν
830 732 1110 802 Ἰωάννην,
1160 731 1256 788 δύο
1301 734 1486 813 φύσεις
1535 733 1644 789 ἄνω
1687 735 1778 790 καὶ
1827 735 1976 790 κάτω

323 823 639 896 πρέιροντα,
672 822 700 876 ὁ
730 827 832 890 τῆς
864 819 1122 892 ἀληθείας
1168 823 1368 896 θερμὸς
1414 822 1644 897 ἐραστὴς
1695 823 1976 899 Κύριλλος

320 912 504 985 πηγήν
565 910 660 984 μὶν
716 909 868 983 ἁγίαν
921 908 1212 982 ἀποκαλεῖ,
1272 917 1372 980 τῆς
1433 907 1492 966 δὲ
1549 915 1646 967 τοῦ⁹
1712 911 1974 984 παναγίου

321 999 638 1073 Πνεύματος
695 1000 1047 1078 φωτοχυσίας
1111 997 1368 1074 ἔμπλεων
1434 1000 1478 1036 ⁷¹
1565 1000 1654 1055 καὶ
1721 999 1976 1075 λαμπρὸν

323 1090 608 1168 ὑποφήτην
663 1091 762 1144 τοῦ
819 1089 954 1144 κατά
1011 1093 1250 1164 Χριστὸν
1315 1094 1516 1146 σεπτοῦ
1571 1090 1660 1144 καὶ
1732 1090 1972 1167 μεγάλου

325 1177 648 1254 μυστηρίου.
681 1178 760 1236 Οὐ
794 1177 958 1252 μόνον
993 1175 1070 1250 δὲ,
1103 1177 1251 1234 ἀλλᾶ
1289 1180 1378 1234 καὶ
1427 1179 1552 1255 περὶ
1599 1183 1695 1234 τοῦ
1751 1201 1975 1253 μνημο-

319 1269 596 1330 νευθέντος
652 1267 957 1346 ἀρχιερέως
1014 1267 1262 1340 Παύλου,
1345 1269 1481 1344 πρὸς
1555 1270 1647 1325 τὸν
1712 1268 1872 1325 αὐτόν
1917 1269 1968 1324 ἐν

319 1357 504 1433 ἀγίοις
536 1357 802 1432 Ἰωάνμην
835 1359 1204 1436 ἀντιγράφων,
1238 1355 1346 1414 ὤδέ
1395 1380 1558 1438 φησιν
1609 1357 1697 1414 ἐπὶ
1751 1357 1966 1432 λέξεως·

320 1446 680 1523 Ἀφικομένου
763 1447 942 1502 τοίνυν
1033 1445 1110 1512 εἰς
1199 1448 1298 1517 τήν
1391 1445 1804 1523 Ἀλεξάνδρειαν
1869 1454 1968 1504 τοῦ

320 1534 512 1609 κυρίου
578 1536 668 1592 καὶ
754 1533 1172 1592 θεοσεϐεστάτου
1237 1538 1284 1574 ⁷³
1349 1535 1588 1618 ἀδελφοῦ
1670 1539 1762 1594 καὶ
1839 1537 1970 1595 συλ-

321 1625 645 1701 λειτουργὸῦ
704 1625 923 1682 Παύλου
1000 1629 1130 1700 [442
1195 1630 1292 1701 Η.]
1351 1625 1622 1702 Θυμηδίας
1679 1627 1971 1704 ἐμπεπλή-

321 1716 510 1789 σμεθα,
579 1714 670 1770 καὶ
738 1713 944 1795 σφόδρα
1011 1716 1256 1786 εἰκότως,
1327 1717 1402 1778 ὡς
1467 1714 1662 1792 ἀνδρὸς
1717 1717 1968 1774 τοιούτου

322 1802 721 1878 μεσιτεύοντος.
785 1805 884 1860 Καὶ
941 1804 1126 1860 πάλιν*
1185 1808 1308 1864 Ὅτι
1369 1803 1426 1860 δὲ
1482 1809 1708 1880 περιττή
1769 1827 1968 1862 παντε-

321 1890 435 1955 λῶς
528 1894 615 1948 καὶ
723 1892 824 1948 οὐκ
923 1893 1234 1972 εὐάφορμος
1319 1901 1428 1951 τῶν
1510 1895 1854 1966 Ἐκκλησιῶν
1931 1896 1967 1967 ἡ

317 1978 642 2057 διχοστασία
743 1983 960 2059 γέγονε,
1052 1985 1164 2038 νυνὶ
1282 1983 1524 2057 μάλιστα
1616 1983 1972 2062 πεπληροφοο

318 2073 552 2146 ρήμεθα,
619 2076 717 2128 τοῦ
782 2073 972 2146 κυρίου
1065 2077 1162 2128 τοῦ
1256 2068 1670 2129 Θεοσεϐεστάτου
1747 2071 1966 2130 Παυλου

315 2159 616 2216 ἐπισκόπου
707 2163 919 2238 χάρτην
1011 2161 1474 2238 προσκομίσαντες
1550 2163 1598 2198 ’³³
1689 2159 1968 2234 ἀδιάϐλη-

314 2270 408 2306 τον
472 2243 670 2325 ἕχοντα
731 2257 832 2320 τῆς
901 2250 1136 2316 πίστεως
1225 2253 1326 2321 τήν
1389 2251 1720 2327 ὁμολογίαν.
1807 2251 1964 2310 Οὕτω

318 2340 414 2413 μὲν
445 2341 604 2403 οὗτος
640 2341 682 2378 7⁵
711 2342 799 2396 καὶ
853 2342 944 2396 τὸν
994 2340 1254 2417 ἀρχιερέα
1299 2343 1516 2398 Παῦλον
1561 2339 1830 2416 θυμηδίας
1880 2341 1968 2397 αἶ’-

316 2451 434 2486 τιον
502 2430 552 2466 ⁷⁵
612 2430 852 2508 γενέσθαι
919 2431 1009 2486 καὶ
1067 2433 1168 2501 τὴν
1238 2435 1732 2508 προσκομισθεῖσαν
1808 2434 1854 2470 ’³⁸
1894 2431 1966 2488 δι’

319 2519 486 2575 αὐτοῦ
513 2523 622 2575 τῶν
657 2519 996 2576 ἀνατολικῶν
1052 2520 1252 2589 πίστιν,
1301 2521 1364 2576 τὸ
1415 2517 1751 2592 ἀδιάϐλητον
1799 2515 1961 2596 ἔχου-

316 2629 436 2680 σαν,
466 2609 912 2686 ἀνακηρύττειττ,
943 2610 1066 2664 Ἐπῖ
1107 2607 1165 2664 δὲ
1206 2611 1420 2672 τούτοις
1465 2607 1674 2673 δεικνύς
1724 2610 1961 2686 ἐναργῶς

315 2698 396 2776 ἐφ’
431 2701 513 2761 οἷς
559 2703 676 2764 τοῖς
729 2697 1072 2762 ἀνατολικοῖς
1123 2695 1406 2773 συμϐαίνει
1447 2701 1538 2756 καὶ
1570 2695 1602 2754 ἀ
1631 2703 1784 2774 κοινῇ
1832 2719 1963 2775 πρε-

316 2783 622 2857 σϐεύουσιν,
662 2788 750 2845 ἳνα
799 2789 877 2863 μὴ
928 2790 990 2844 τὸ
1042 2787 1354 2866 φιλόνεικον
1406 2788 1722 2864 μεταφέρειν
1781 2786 1960 2844 ἄδειαν

315 2873 478 2934 λάϐοι
509 2878 648 2952 πρὸς
683 2879 714 2934 ’ὸ
747 2876 1004 2953 βούλοιτο
1035 2880 1134 2948 τήν
1167 2875 1448 2952 εἷρηνικήν
1480 2877 1744 2952 ὁμόνοιάν
1784 2900 1842 2934 τε
1871 2879 1960 2934 καὶ

312 2968 660 3037 κατάστασιν,
721 2966 906 3032 αὐτοῖς
989 2965 1196 3044 ῥήμασι
1279 2966 1576 3045 κεφάλαιον
1645 2967 1960 3024 τελευταῖον

307 3060 478 3112 ταῦτα
541 3062 799 3113 ποιεῖται’
858 3057 968 3118 Τάς
1027 3055 1084 3112 δὲ
1140 3055 1497 3134 εύαγγελικάς
1566 3059 1654 3113 καὶ
1733 3057 1962 3113 ἀποστο-

311 3145 469 3210 λικάς
528 3148 650 3222 περὶ
709 3151 808 3201 τοῦ
864 3144 1066 3222 Κυρίου
1123 3145 1306 3224 φωνὰς
1355 3144 1512 3221 ί¹σμεν
1565 3149 1692 3209 τοὺς
1775 3146 1960 3202 θεολόο

309 3255 443 3310 γους
510 3231 702 3311 ἄνδρας
769 3235 816 3272 78
870 3235 967 3297 τὰς
1039 3236 1132 3308 μὲν
1223 3239 1670 3300 κοινοποιοῦντας
1738 3236 1812 3297 ὡς
1879 3233 1959 3307 ἐφ’

307 3323 428 3388 ἐνὸς
485 3325 807 3400 προσώπου,
874 3325 970 3388 τάς
1039 3321 1094 3380 δὲ
1152 3321 1494 3401 διαιροῦντας
1563 3326 1636 3389 ὡς
1695 3323 1783 3380 ἐπὶ
1861 3323 1956 3381 δύο

317 3414 548 3493 φύσεων,
605 3417 700 3470 καί
765 3415 862 3476 τάς
933 3413 1029 3488 μὲν
1091 3416 1409 3490 Θεοπρεπεῖς
1471 3416 1608 3470 κατά
1681 3415 1780 3484 τήν
1841 3413 1958 3471 θεό-

306 3525 450 3574 τητα
476 3507 576 3559 τοῦ
627 3509 892 3580 Χριστοῦ,
946 3505 1043 3566 τάς
1099 3501 1156 3559 δὲ
1212 3505 1466 3566 ταπεινὰς
1519 3505 1658 3560 κατά
1705 3505 1804 3572 τήν
1865 3505 1959 3560 ἀν-

305 3594 636 3670 Θρωπότητα
701 3589 1124 3669 παραδιδόντας·
1214 3594 1316 3654 Οἷς
1409 3591 1648 3672 ἐπιφέρει
1713 3593 1804 3648 καὶ
1859 3594 1958 3664 τήν

307 3681 518 3739 οἷᾏιοθεν
547 3682 754 3758 κρίσιν,
795 3683 991 3759 λέγων’
1042 3683 1276 3746 Ταύταις
1345 3682 1499 3756 ὑμῶν
1544 3685 1590 3720 7°
1643 3681 1960 3758 ἐντυχόντες

307 3778 428 3836 ταῖς
474 3775 646 3842 ἱεραῖς
703 3777 932 3854 Ῠωναϊς,
991 3772 1136 3830 οὕτω
1191 3793 1250 3828 τε
1305 3773 1396 3828 καὶ
1446 3770 1642 3835 αὐτοὺς
1699 3777 1962 3848 φρονοῦν-

306 3883 404 3925 τας
464 3862 798 3938 εὖρίσκοντες
857 3863 960 3936 (εἷς
1016 3863 1122 3938 γὰρ
1199 3863 1246 3900 ⁸ο
1304 3861 1530 3938 Κύριος,
1592 3861 1688 3936 μία
1760 3862 1958 3933 πίστις,

308 3951 364 4008 ἕν
430 3953 734 4030 βάπτισμα)
791 3949 1118 4027 ἐδοξάσαμεν
1177 3953 1268 4008 τὸν
1323 3956 1433 4008 τῶν
1507 3949 1655 4008 ὅλων
1725 3955 1960 4027 Σωτῆρα

309 4043 462 4110 Θεὸν,
537 4039 815 4113 ἀλλήλοις
907 4041 1296 4118 συγχαίροντες
1391 4040 1474 4096 ὅτι
1539 4045 1657 4104 ταῖς
1715 4041 1962 4096 Θεοπνεύ-

309 4151 458 4194 στοις
524 4133 568 4170 ⁸¹
638 4135 873 4208 Γραφαῖς
939 4130 1032 4185 καὶ
1097 4135 1166 4206 τῇ
1251 4128 1549 4205 παραδόσει
1621 4135 1728 4186 τῶν
1787 4128 1959 4208 ἀγίων

307 4221 562 4297 Ηατὲρων
619 4215 1021 4294 συμϐαίνουσαν
1089 4215 1280 4299 ἔχουσι
1356 4221 1540 4278 πίστιν
1600 4217 1654 4275 α’ί
1719 4239 1778 4275 τε
1833 4219 1960 4294 παρ’

1052 1985 1164 2038 νυνὶ

1418 333 1968 396 BlBLlOTllECA.
2015 365 2088 380 -
2133 335 2309 397 con.
2355 319 2648 396 ccxxx?

3585 335 3738 396 1034

1270 471 1390 528 ταῖς
1479 471 1574 522 τοῦ
1659 465 1965 540 Πνεύματος

2088 477 2245 525 clum
2273 470 2562 528 Joannem
2594 471 2740 526 duas
2769 472 3008 526 naturas
3040 485 3274 525 sursum
3309 469 3580 526 deorsum
3611 485 3738 526 ver-

2087 563 2322 630 tentem,
2373 558 2626 614 fervidus
2684 557 2784 615 ille
2831 560 3090 615 veritatis
3140 558 3444 614 adamator
3486 557 3736 630 Cyriltus

2086 663 2316 704 sacrum
2369 649 2586 704 fontem
2645 647 2920 720 appellat,
2970 647 3192 702 lumine
3251 647 3436 702 sancti
3485 647 3736 718 Spiritus

2086 737 2350 810 plenum,
2404 743 2461 794 et
2507 739 2732 796 clarum
2791 740 3232 811 prmdicatorem
3287 754 3631 808 magnorum
3683 742 3737 793 et

2085 835 2424 885 sanctorum
2455 828 2669 884 Christi
2703 831 3132 901 mysteriorum.
3191 827 3387 899 Neque
3436 827 3594 884 hunc
3641 843 3732 882 so-

2084 915 2228 982 lum,
2261 917 2364 973 sed
2395 919 2466 972 de
2507 923 2967 974 commemorato
3009 923 3180 973 antea
3211 916 3390 972 Paulo
3435 918 3501 972 ad
3555 917 3733 973 Joan-

2084 1021 2218 1062 nem
2289 1008 2572 1074 scribens,
2624 1008 2722 1080 qui
2775 1009 2844 1064 de
2891 1023 3026 1064 voce
3078 1009 3268 1064 dixit:
3325 1008 3588 1063 Veniente
3617 1007 3740 1063 Alc-

2079 1091 2380 1147 xandriam
2426 1095 2714 1161 confratre
2770 1102 2821 1149 et
2881 1094 3098 1148 domino
3153 1092 3266 1164 pio,
3315 1099 3366 1148 et
3412 1093 3586 1148 sacris
3637 1091 3734 1146 iis-

2080 1181 2201 1238 dem
2258 1181 2502 1248 initiata,
2564 1181 2750 1238 animi
2803 1183 3082 1252 voluptate
3133 1181 3356 1253 impleti
3407 1197 3622 1251 sumus,
3685 1189 3738 1237 et

2079 1269 2240 1325 valde
2267 1269 2651 1341 probabiliter,
2687 1275 2746 1326 ut
2774 1272 2887 1327 viri
2917 1271 2998 1326 ita
3027 1273 3344 1328 mediantis.
3379 1271 3449 1326 Et
3479 1272 3731 1327 iterum:

2077 1360 2288 1416 Modum
2309 1361 2594 1430 excedens,
2615 1366 2666 1418 et
2699 1377 2812 1417 non
2852 1363 3019 1434 facile
3048 1361 3425 1419 excusandum
3461 1364 3730 1420 Ecclesia-

2076 1467 2200 1506 rum
2231 1449 2532 1508 dissidium
2574 1453 2828 1524 contigit,
2879 1467 3028 1508 nunc
3067 1452 3312 1508 maxime
3349 1451 3580 1508 Domino
3624 1455 3730 1508 im-

2074 1540 2213 1612 pleti
2249 1557 2460 1612 sumus,
2509 1543 2822 1613 proferente
2875 1542 3163 1611 epistolam
3209 1541 3360 1598 beato
3398 1543 3579 1598 Paulo
3611 1543 3732 1612 epi-

2079 1645 2257 1700 scopo,
2288 1629 2840 1704 irreprehensibilem
2893 1630 3094 1688 habens
3143 1631 3272 1701 ﬁdei
3303 1632 3728 1703 professionem.

2081 1718 2176 1774 Sic
2224 1719 2458 1791 quidem
2513 1721 2878 1791 jucunditate
2927 1719 3172 1792 dignum
3228 1720 3473 1776 Paulum
3523 1720 3727 1789 fuisse,

1997 1793 2130 1863 Bet
2185 1807 2423 1864 allatam
2482 1808 2865 1865 Orientalium
2923 1808 3100 1865 fidem
3155 1809 3727 1880 irreprehensibilem

2079 1897 2414 1967 praedicare.
2443 1897 2531 1952 Ad
2561 1897 2682 1954 haec
2723 1903 2991 1954 accurate
3039 1897 3372 1966 ostendens,
3417 1898 3476 1953 in
3514 1898 3728 1970 quibus

2076 2000 2205 2040 cum
2255 1986 2650 2043 Orientalibus
2700 1989 3048 2052 consentiat,
3094 1991 3152 2042 et
3181 2005 3306 2059 quae
3339 1988 3727 2043 communiter

2076 2075 2267 2132 270a
2323 2075 2598 2148 allegant,
2645 2092 2717 2132 ne
2757 2077 3181 2133 contentiosam
3211 2077 3524 2132 transferre
3554 2092 3722 2132 secu-

2076 2163 2328 2234 ritatem,
2389 2163 2636 2236 accipiat
2683 2165 2754 2220 ad
2805 2165 2959 2236 quod
3009 2164 3182 2232 volet,
3233 2165 3536 2234 paciﬁcam
3586 2181 3724 2220 con-

2063 2243 2430 2322 lsensionem,
2455 2259 2511 2310 et
2531 2255 3017 2310 constitutionem
3041 2254 3231 2309 verbis
3249 2253 3398 2326 ipsis
3419 2263 3592 2326 caput
3619 2255 3724 2310 hoc

2075 2346 2438 2414 postremum
2491 2343 2666 2400 facit:
2716 2345 2930 2399 Scimus
2976 2344 3123 2399 viros
3165 2342 3380 2399 divinos
3423 2343 3725 2414 Scriptor-re

2067 2431 2274 2504 peritos
2322 2449 2458 2504 quas
2504 2433 2568 2488 de
2621 2433 2852 2489 Domino
2905 2448 3056 2488 voces
3097 2433 3457 2504 protulerint,
3505 2435 3720 2505 partim.

2071 2521 2204 2577 dum
2249 2524 2394 2578 velut
2443 2521 2544 2578 uni
2577 2537 2826 2594 persona
2873 2523 3004 2578 illa:
3063 2521 3474 2579 communicant
3517 2521 3724 2592 partim

2071 2611 2200 2666 dum
2243 2612 2414 2668 veluti
2441 2611 2501 2666 in
2545 2611 2682 2667 duas
2711 2611 3076 2680 distribuunt,
3115 2621 3166 2668 et
3194 2612 3456 2683 quasdam
3497 2613 3604 2668 Deo
3635 2611 3724 2666 di-

2068 2717 2206 2772 gnas
2237 2709 2478 2772 respectu
2525 2701 2852 2757 divinitatis
2901 2701 3127 2770 Christi,
3177 2701 3443 2772 quasdam
3485 2701 3722 2770 abiectas

2072 2795 2322 2858 respectu
2362 2789 2730 2847 humanitatis
2775 2790 3027 2846 tradunt.
3078 2789 3301 2856 Quibus
3349 2790 3618 2862 adjungit
3665 2793 3723 2844 et

2070 2895 2238 2934 suum
2279 2878 2614 2950 judicium:
2666 2880 2801 2948 Quae
2851 2896 2977 2934 cum
3021 2881 3222 2935 nostris
3268 2879 3486 2935 vocibus
3533 2895 3725 2935 conve-

2069 2970 2254 3036 niunt,
2281 2971 2362 3024 sic
2389 2977 2441 3025 et
2470 2969 2596 3025 illos
2627 2971 2920 3026 sentientes
2952 2971 3294 3041 reperimus;
3330 2991 3350 3018 ι
3391 2969 3537 3026 Unus
3575 2970 3724 3024 enim

2070 3061 2358 3126 Dominus,
2418 3075 2528 3115 ana
2578 3059 2732 3131 ﬁdes,
2781 3076 2954 3115 unum
3003 3059 3276 3131 baptisma
3309 3071 3410 3115 κ.»
3440 3057 3723 3116 Sensimus

2071 3150 2456 3206 universorum
2485 3149 2835 3206 Salvatorem
2867 3150 3037 3206 Deum
3065 3150 3196 3206 aliis
3226 3150 3460 3205 invicem
3487 3164 3724 3218 congau-

2069 3237 2275 3306 dentes,
2308 3238 2440 3311 quia
2467 3238 2678 3296 divinae
2715 3238 3046 3311 Scriptura,
3082 3248 3133 3295 et
3179 3237 3468 3294 traditioni
3496 3242 3723 3294 sancto-

2071 3345 2196 3384 rum
2223 3332 2466 3384 Patrum
2491 3328 2660 3399 ﬁdem
2703 3329 2904 3384 habent
2949 3329 3401 3398 consentientem,
3435 3345 3550 3400 quae
3577 3327 3725 3400 apud

2071 3434 2160 3475 vos
2189 3421 2244 3476 et
2271 3433 2370 3474 nos
2396 3425 2524 3474 sunt
2571 3419 2850 3476 Ecclesiae.
2901 3417 2965 3474 Et
3005 3418 3141 3490 quis
3181 3417 3333 3474 alius
3376 3419 3453 3474 sit
3479 3433 3724 3486 genero-

2070 3508 2190 3566 sior
2245 3513 2301 3565 et
2351 3509 2465 3566 fide
2526 3508 2737 3582 Cyrillo
2787 3507 3040 3582 dignior,
3090 3509 3162 3566 ad
3213 3508 3490 3582 Cyrillum
3541 3509 3724 3564 inter-

2071 3599 2446 3670 pretandum,
2492 3601 2549 3654 et
2595 3598 2856 3670 ejusdem
2907 3599 3248 3654 sententiam
3283 3614 3488 3669 puram
3521 3601 3578 3653 et
3605 3596 3721 3653 bte-

2073 3687 2268 3744 reticis
2318 3687 2585 3743 misturis
2649 3703 2764 3743 non
2814 3687 3183 3758 inquinatam
3234 3687 3609 3754 constituere,
3661 3687 3722 3740 in

2072 3775 2285 3848 quibus
2346 3775 2743 3833 indili‘erenter
2789 3775 3014 3846 opinari
3062 3791 3123 3832 se
3173 3780 3229 3832 et
3280 3774 3597 3830 Orientales
3653 3775 3723 3829 de

2071 3864 2282 3936 pietate
2329 3866 2778 3921 renuntiarunt?
2820 3865 3088 3921 Ostendit
3137 3863 3287 3921 clare
3335 3880 3451 3919 non
3492 3862 3722 3918 ditl'erre

2070 3955 2128 4008 et
2187 3951 2311 4018 hoc,
2371 3952 2432 4007 in
2491 3969 2609 4008 una
2666 3968 2930 4024 persona.
2990 3951 3076 4008 vel
3128 3952 3188 4008 in
3248 3969 3366 4008 una
3421 3950 3722 4023 hypostasi

2071 4040 2216 4096 duas
2271 4044 2509 4096 naturas
2579 4040 2860 4096 indivisas
2917 4041 3200 4108 confiteri,
3244 4049 3298 4096 et
3356 4040 3484 4105 hoc,
3543 4055 3722 4094 unam

2069 4127 2246 4184 Verbi
2279 4135 2550 4186 naturam
2581 4129 2946 4186 incarnalam
2996 4130 3194 4186 anima
3242 4128 3516 4186 rationali
3545 4133 3602 4184 et
3629 4127 3720 4183 in-

2071 4217 2384 4291 telligibili.

311 4311 444 4386 ὑμῖν
501 4311 594 4366 καὶ
652 4311 708 4364 αἱ
772 4311 899 4386 παρ’
964 4312 1100 4384 ἡμῖν
1165 4309 1508 4383 Έκκλησίαι.
1568 4308 1672 4367 Καὶ
1729 4311 1812 4371 τίς
1861 4307 1921 4364 ἄν
1954 4307 2130 4373 ἄλλος
2197 4307 2282 4379 εἴη
2345 4304 2864 4387 μεγαλοφωνότερος
2922 4311 2958 4380 ἤ
3015 4309 3454 4384 ἀξιοπιστότερος
3521 4306 3725 4382 Κορίλ-

310 4397 420 4454 λου
477 4395 750 4473 Κύριλλον
807 4399 1136 4475 ἑρμηνεῦσαι
1186 4399 1278 4456 καὶ
1337 4399 1400 4456 τὸ
1466 4399 1631 4454 αὐτοῦ
1689 4397 1944 4477 φρόνημα
1996 4397 2230 4473 καθαρὸν
2296 4398 2387 4452 καὶ
2453 4395 2832 4469 ἀκαπήλευτον
2915 4405 3194 4474 αιρετικῆς
3277 4396 3551 4471 ἐπιμιξίας
3607 4416 3720 4452 πα-

311 4495 577 4566 ραστῆσαι
604 4505 620 4558 ;
649 4487 702 4560 ἐξ
743 4490 816 4543 ὧν
859 4487 952 4544 οὖν
1001 4488 1328 4566 ἀδιαφόρους
1398 4485 1642 4562 δοξάζειν
1705 4487 1864 4544 αὐτόν
1922 4507 1981 4544 τε

2035 4487 2127 4543 καὶ
2177 4487 2307 4549 τοὺς
2357 4487 2714 4550 ἀνατολικοὺς
2769 4489 2871 4558 τὴν
2929 4483 3200 4544 εὐσέϐειαν
3257 4487 3488 4558 ἀνεῖπεν,
3533 4482 3700 4558 ἔδειξε

308 4579 620 4658 περιφανῶς
676 4575 971 4656 ἀδιάφορον
1033 4578 1173 4634 εἶναι
1222 4578 1314 4635 καὶ
1367 4579 1428 4635 τὸ
1500 4577 1581 4658 ἐφ’
1635 4578 1750 4642 ἑνὸς
1796 4579 2100 4654 προσώπου
2157 4577 2284 4648 ἤτοι
2354 4581 2480 4652 μιᾶς
2537 4577 2880 4642 ὑποστάσεως
2945 4575 3041 4634 δύο
3089 4578 3186 4642 τὰς
3243 4577 3426 4656 φύσεις
3483 4575 3723 4652 ἀδιαιρὲ-

306 4690 437 4731 τους
469 4666 789 4744 ὁμολογεῖν,
820 4667 910 4724 καὶ
941 4669 1002 4724 τὸ
1048 4667 1174 4743 μίαν
1205 4672 1303 4723 τοῦ
1335 4668 1512 4745 Λόγου
1541 4667 1954 4745 σεσαρκωμὲνην
1989 4671 2142 4744 ψυχῇ
2175 4667 2376 4746 λογικῇ
2409 4688 2467 4724 τε
2495 4667 2586 4724 καὶ
2613 4673 2794 4743 νοερᾷ.

386 4758 462 4816 Οὐ
497 4757 666 4831 μόνον
700 4755 758 4813 δὲ
795 4758 929 4834 πρὸς
986 4757 1113 4821 τοὺς
1160 4765 1260 4829 τῆς
1311 4757 1580 4828 ἀνατολῆς
1627 4759 1846 4836 γράφων
1895 4759 1959 4814 τὸ

2139 4759 2262 4816 Non
2294 4762 2364 4816 ad
2413 4759 2734 4817 Orientales
2782 4759 2954 4818 modo
2986 4761 3265 4828 scribens,
3309 4759 3562 4817 similem
3595 4757 3710 4814 illis

311 4845 580 4922 ὁμόδοξον
618 4847 806 4910 αὐτοῖς
841 4853 1122 4923 μαρτυρεῖ,
1171 4850 1288 4922 [841
1329 4850 1423 4921 R.]
1473 4845 1618 4904 ἀλλά
1661 4848 1752 4903 καί
1797 4869 1957 4903 τινων

309 4936 693 5015 ἰγκαλούντων
726 4937 870 5011 αὐτῷ
901 4939 984 4994 ὅτι
1033 4939 1130 5004 τὰς
1169 4936 1264 4995 δύο
1322 4937 1506 5018 φύσεις
1551 4938 1960 5016 ὁμολογοῦντας

305 5029 440 5090 τοὺς
479 5026 841 5091 ἀνατολικους
898 5024 1133 5102 ἐδέξατο,
1191 5029 1353 5090 αὐτὸς
1409 5029 1548 5104 πρὸς
1596 5025 1958 5103 Οὐαλεριανὸν

307 5115 402 5172 τὸν
469 5116 700 5174 Ἰκονίου
767 5115 1060 5174 ἐπίσκοπον
1133 5117 1268 5192 ὖπὶρ
1353 5116 1526 5173 αὐτῶν
1609 5118 1825 5195 γράφει,
1887 5117 1960 5178 ὡς

389 5255 416 5286 ι
447 5242 655 5316 Ephes.
687 5260 766 5311 tv,
795 5247 848 5302 5.

2073 4855 2320 4908 testatur
2367 4850 2724 4924 opinionem,
2777 4853 2876 4908 sed
2928 4852 3346 4908 accusantibus
3399 4847 3724 4917 nonnullis,

2073 4941 2227 5012 quod
2259 4941 2404 4998 duas
2435 4945 2676 4998 naturas
2719 4942 3064 4997 confitentes
3094 4938 3418 4998 Orientales
3445 4937 3726 5009 suscepit,

2072 5031 2196 5100 ipse
2220 5029 2290 5086 ad
2317 5029 2686 5088 Valerianum
2709 5031 2886 5087 Iconii
2911 5031 3250 5103 episcopum
3274 5028 3500 5097 scribit,
3527 5025 3726 5084 Orien-

2075 5118 2220 5175 tales
2250 5117 2584 5176 Nestorium
2634 5121 2966 5190 damnasse,
3017 5128 3068 5176 et
3100 5123 3435 5176 sanctorum
3490 5117 3720 5173 Patrum

1668 5389 1760 5448 VA
1769 5389 1912 5448 itle
1951 5388 2249 5448 LECTION
2255 5389 2336 5447 ES
2359 5433 2372 5445 .

1112 5533 1168 5607 "fi
1183 5605 1192 5607 _
1207 5528 1446 5607 ἔμπλεον
1491 5535 1556 5592 Α.

389 5533 432 5570 ⁷ο
459 5531 920 5610 λελαμπρυμένος
969 5536 1034 5592 Α.
1112 5533 1154 5571 ⁷¹
1207 5531 1446 5607 ἔμπλεον
1491 5535 1556 5592 Α.
1663 5532 1708 5572 ⁷³
1755 5533 1800 5589 Oi

389 5601 564 5682 αἴτιον
590 5612 646 5682 Α
671 5623 685 5665 :
718 5603 876 5682 ἀξιον
893 5604 1001 5682 g._
1043 5677 1063 5682 _
1083 5603 1137 5682 7f
1156 5605 1292 5682 libri
1315 5605 1800 5682 προκρμισρεἷσαν.

307 5609 358 5682 ἓξ
385 5601 564 5682 αἴτιον
671 5601 698 5665 ς’
718 5601 876 5682 ἀξιον
893 5604 978 5682 ς’.

307 5677 360 5715 το
391 5679 556 5750 ἡμῶν
577 5675 661 5754 ς.
736 5675 784 5715 ⁸ο
822 5675 1064 5755 εἶς⁷γάρ]
1097 5676 1307 5754 Ephes.
1341 5675 1420 5749 ιν,
1451 5675 1505 5734 5ζ

638 5777 915 5845 ΡΑτιοι.
965 5779 1074 5841 Gn.
1121 5777 1270 5841 Olli.

1663 5532 1708 5611 ξ’
1755 5525 2108 5611 Θεοσεξάσςτου
2159 5532 2221 5610 ς’
2225 5574 2242 5611 _.
2319 5531 2367 5568 ⁷³
2414 5530 2855 5611 προκομίσαντος
2888 5534 2972 5611 ς.
3019 5535 3092 5611 ῌ⁷⁴
3141 5535 3326 5611 circae]
3374 5535 3506 5594 libri
3545 5531 3722 5611 pii-cy

1907 5552 2108 5590 Όαστου
2159 5552 2199 5610 5
2227 5574 2242 5592 ο
2325 5552 2367 5568 ⁸⁸³
2414 5553 2454 5588 π
2493 5554 2500 5586 1

1907 5605 1950 5643 ⁷⁷
1993 5603 2384 5684 ἀρκηρύττειν
2437 5552 2500 5682 ἐ

1603 5675 1646 5715 θι
1682 5674 1987 5739 θεοπίστοις

2623 5607 2668 5645 ⁷⁸
2711 5601 2928 5684 ἄνδρας⁷
2959 5609 3066 5663 τῶν
3111 5601 3464 5683 γράμμᾶτων·
3495 5603 3592 5668 τάς
3639 5605 3726 5680 ς’.

3331 5779 3408 5840 33
