4138 6228
475 380 630 441 1035

1670 373 1931 434 PHO'l‘ll
1981 373 2511 433 ΡΑἸἪΙΑΙὶΟΗιΕ
2553 371 2669 431 CP.

3723 364 3880 425 1036

476 509 920 568 consensionem
970 506 1256 562 sinceram
1317 521 1566 570 servare,
1617 513 1877 561 sanctam
1932 506 2110 577 Virgi-

2245 507 2522 578 lenépzov
2564 505 2658 577 μὲν
2709 505 2758 557 οἱ
2820 501 3133 556 ἀνατολικοὶ
3190 499 3600 576 κατακρίνουσι,
3649 500 3738 553 καὶ
3788 502 3888 568 τὴν

476 617 609 657 nem
674 597 773 654 Dei
862 594 1207 651 Genitricem
1278 594 1580 649 nobiscum
1641 595 2003 660 conﬁtentes,
2064 600 2119 650 et

477 704 659 744 unum
705 700 829 740 esse
878 683 1198 750 Christum,
1249 682 1456 736 Filium
1507 688 1562 737 et
1592 683 1903 738 Dominum
1938 700 1971 739 a
2005 684 2116 740 Deo

477 779 641 833 Patre
670 774 930 846 genitum
965 773 1143 828 Deum
1181 771 1452 840 Verbum,
1487 777 1543 828 et
1586 771 1808 828 ultimis
1850 772 2119 844 tempori-

477 867 584 922 bus
652 881 681 920 e
741 863 983 919 muliere
1041 863 1096 916 in
1166 878 1338 917 carne
1398 871 1621 929 natum,
1689 866 1744 916 et
1799 863 2115 934 perfectum

478 974 611 1013 eum
669 970 797 1011 esse
845 954 904 1008 in
963 953 1284 1021 divinitate,
1335 958 1391 1007 et
1442 953 1748 1024 perfectum
1799 953 1856 1007 in
1908 953 2118 1008 buma-

481 1047 677 1112 nitate,
751 1061 864 1100 non
928 1044 983 1099 in
1054 1045 1201 1099 duos
1259 1042 1411 1098 ﬁlios
1469 1047 1526 1098 et
1580 1043 1835 1098 Christus
1892 1047 1948 1097 et
2009 1043 2119 1097 Do-

478 1136 674 1191 minos
730 1137 1084 1205 separantes,
1136 1136 1192 1188 et
1252 1131 1370 1188 haec
1429 1148 1764 1203 oppugnare
1820 1132 2118 1197 audentes,

481 1231 546 1282 ut
576 1225 887 1280 mendaces
930 1228 986 1276 et
1017 1221 1412 1276 fraudulentos
1462 1227 1518 1274 et
1568 1221 1854 1277 mendacii
1900 1221 1986 1275 sui
2023 1238 2122 1292 pa-

481 1322 628 1371 trem
679 1319 1079 1385 praetexentes,
1135 1311 1410 1366 detestari
1457 1311 1715 1366 hortatur
1748 1328 1813 1366 ac
1846 1311 2121 1380 refugere,

481 1406 587 1461 Sed
620 1408 677 1458 et
705 1403 765 1457 iu
796 1419 883 1470 ea,
936 1418 1061 1472 quae
1093 1401 1163 1455 ad
1213 1401 1489 1456 Acacium
1544 1400 1965 1456 Melitinensem
1999 1401 2123 1472 epi-

483 1509 748 1566 scOpum,
773 1493 841 1547 de
865 1491 957 1545 his
978 1489 1364 1545 Orientalibus
1389 1491 1474 1546 sic
1497 1490 1703 1547 habet:
1729 1492 1851 1546 Non
1881 1490 2127 1545 dividere

481 1603 575 1639 eos
645 1582 832 1639 2701)
921 1597 1091 1635 unum
1150 1579 1357 1634 Filium
1415 1585 1464 1635 et
1525 1579 1827 1648 Christum,
1887 1596 2046 1651 quem
2101 1594 2129 1635 e

485 1677 654 1728 Patre
711 1674 908 1726 dicunt
967 1678 1025 1724 ut
1084 1673 1268 1735 Deum,
1327 1679 1376 1724 et
1433 1685 1502 1724 ea:
1554 1669 1786 1726 muliere
1832 1679 2025 1723 natum
2069 1669 2128 1722 in

485 1780 654 1817 carne
685 1765 743 1815 ut
773 1759 1071 1826 hominem,
1111 1765 1161 1814 et
1192 1758 1458 1830 quomodo
1501 1775 1607 1813 non
1658 1759 2015 1829 intelligatur
2043 1773 2126 1813 sc-

2226 599 2333 649 τῶν
2377 594 2630 669 Πατέρων
2681 591 2988 668 ὁμολογίαν
3051 593 3324 666 ἂκήρατον
3385 587 3736 657 διασώζουσι,
3787 591 3888 657 τήν

2230 683 2376 756 ἁγίαν
2408 685 2678 757 Παρθένον
2712 682 2978 738 Θεοτόκον
3027 682 3143 754 μεθ’
3174 683 3336 754 ἡμῶν
3389 675 3891 752 ἂνομολογοῦντες,

2227 773 2317 827 καὶ
2355 771 2448 828 ἕνα
2495 776 2632 828 εἶναι
2675 774 2911 846 Χριστὸν
2961 773 3051 828 καὶ
3097 771 3220 826 Υἱὸν
3272 770 3362 826 καί
3418 771 3644 844 Κύριον,
3694 769 3788 823 τὸν
3832 768 3894 823 ἐκ

2230 866 2362 917 Θεοῦ
2411 863 2506 935 μὶν
2555 861 2766 936 Πατρὸς
2822 862 3136 938 γεννηθέντα
3183 861 3314 916 Θεὸν
3353 858 3556 934 Δόγον,
3606 857 3690 913 ἐπ’
3732 857 3896 932 ἐσχά.

2227 975 2333 1008 των
2366 950 2418 1006 δὲ
2450 953 2538 1006 τὸν
2573 951 2731 1006 αὐτὸν
2775 951 2834 1006 ἐκ
2879 951 3133 1028 γυναικὸς
3192 951 3330 1005 κατᾶ
3380 950 3550 1022 σάρκα
3597 949 3891 1024 τεχθέντα,

2228 1043 2319 1095 καὶ
2369 1041 2576 1097 τὲλειον
2638 1042 2775 1096 εἷοαι
2820 1042 2910 1096 τὸν
2963 1040 3122 1095 αὑτὸν
3170 1040 3220 1094 ἐν
3265 1039 3478 1109 θεότητι
3537 1036 3629 1092 καί
3679 1035 3893 1092 τέλειον

2232 1130 2282 1184 ἐν
2339 1131 2737 1204 ἀνθρωπότητι,
2801 1130 2861 1185 οὐ
2924 1128 3260 1204 διαιροῦντες
3341 1128 3418 1190 εἷς
3487 1125 3581 1182 δύο
3645 1127 3800 1189 υἱοὺς

2235 1221 2507 1295 χριστοὺς
2539 1221 2574 1288 ἢ
2618 1221 2866 1293 Κυρίουςο
2921 1218 3011 1273 καὶ
3060 1220 3189 1280 τοὺς
3238 1217 3567 1288 τολμῶντας
3612 1236 3668 1269 τι
3711 1213 3892 1292 λέγειν

2234 1309 2350 1363 κατ’
2384 1309 2564 1364 αὐτῶν
2593 1309 2667 1370 ὡς
2726 1309 2962 1382 ψεύστας
3019 1307 3110 1362 καὶ
3155 1307 3466 1368 ἀπατεῶνας
3514 1304 3604 1359 καὶ
3652 1307 3750 1359 τὸν
3801 1309 3898 1358 τοῦ

2237 1395 2465 1472 ψεύδους
2533 1400 2734 1453 ἑαυτῶν
2803 1393 3300 1472 προϐαλλομένους
3359 1395 3560 1470 πατέρα
3625 1397 3900 1467 μυσαττε-

2237 1489 2357 1542 σθαέ
2420 1509 2480 1542 τε
2546 1493 2798 1563 παραινεῖ
2864 1487 2953 1542 καὶ
3044 1485 3477 1558 ἀποπέμπεσθαι.
3550 1484 3724 1539 Ἀλλὰ
3788 1485 3897 1556 μήν

2238 1578 2329 1631 καὶ
2379 1577 2428 1631 ἐν
2480 1583 2548 1651 τῇ
2600 1578 2737 1651 πρός
2776 1578 3028 1634 Ἀκοὶκιον
3091 1579 3221 1648 [443
3279 1577 3372 1648 Η.]
3423 1575 3514 1628 τὸν
3572 1573 3902 1642 Μελιτηνῆς

2241 1665 2534 1721 ἐπίσκοπον
2596 1667 2720 1740 περὶ
2777 1671 2885 1722 τῶν
2951 1666 3293 1722 ἀνατολικῶν
3376 1665 3518 1719 οὕτω
3577 1663 3764 1740 φησίν.
3823 1663 3904 1720 Οὐ

2241 1753 2539 1830 διαιροῦσιν
2597 1755 2674 1818 εἰς
2734 1753 2830 1810 δύο
2889 1758 2935 1792 ⁸³
2992 1755 3088 1810 τὸν
3163 1752 3256 1810 ἕνα
3315 1753 3437 1808 Υἶὸν
3497 1754 3586 1807 καὶ
3644 1753 3902 1826 Χριστὸν,

487 1851 728 1907 cundum
769 1851 1165 1904 humanitatem
1197 1851 1369 1904 nostri
1405 1848 1629 1915 similis,
1659 1864 1837 1920 neque
1865 1850 2024 1904 Patri
2051 1863 2133 1902 se-

2246 1846 2338 1900 τὸν
2392 1844 2553 1901 αὑτὸν
2611 1843 2670 1900 δὶ
2728 1844 2864 1900 εἶναί
2921 1865 3048 1922 φασι
3087 1845 3180 1899 τὸν
3240 1843 3300 1900 ἐκ
3357 1841 3492 1898 Θεοῦ
3552 1841 3764 1914 Πατρὸς
3827 1842 3904 1902 ὡς

487 1941 728 1998 cundum
762 1938 1132 2007 divinitatem,
1170 1939 1286 1992 nisi
1330 1939 1679 2008 intelligatur
1723 1938 1890 1993 simul
1921 1941 1969 1992 et
2001 1939 2136 1993 Deus

490 2035 544 2085 et
601 2032 760 2083 homo
815 2028 980 2083 idem.
1033 2027 1183 2095 Quod
1234 2029 1518 2082 Nestorius
1575 2029 1818 2098 negavit.
1871 2029 1962 2082 Sic
2020 2044 2136 2082 non

495 2116 680 2171 solum
732 2117 879 2169 duas
929 2121 1167 2170 naturas
1207 2114 1527 2170 Orientales
1565 2120 1886 2170 asserentes
1918 2115 2133 2170 salvat:

497 2206 596 2260 sed
633 2204 857 2258 tametsi
893 2204 1023 2274 quis
1048 2207 1298 2269 accuset,
1322 2211 1718 2274 propugnator
1769 2205 1855 2271 fit,
1901 2213 1952 2257 et
1987 2204 2135 2273 quod

497 2293 713 2347 mirum
763 2293 1044 2358 videatur,
1096 2291 1200 2345 etsi
1248 2309 1360 2346 non
1407 2301 1702 2362 apponant
1732 2293 1987 2358 indivise,
2022 2308 2137 2347 non

495 2383 638 2436 dicit
666 2381 828 2451 ipsos
877 2386 1110 2435 naturas
1141 2381 1421 2436 dividere.
1465 2382 1639 2436 Scivit
1679 2384 1833 2437 enim
1867 2388 1923 2438 et
1954 2397 2138 2437 unum

495 2471 814 2534 Christum.
867 2487 1040 2524 unam
1083 2487 1412 2539 personam,
1459 2476 1516 2525 et
1560 2487 1734 2526 unam
1777 2470 2137 2543 hypostasin,

493 2560 593 2630 qui
626 2561 767 2614 dicit
796 2561 1064 2615 eumdem
1090 2560 1272 2614 Deum
1304 2564 1359 2615 et
1391 2560 1712 2627 hominem,
1744 2567 1802 2617 et
1832 2561 2137 2630 Deiparam

494 2646 814 2717 Virginem,
881 2647 1268 2703 nihilominus
1335 2649 1564 2704 etiamsi
1625 2650 1800 2703 addat
1853 2650 2138 2716 inrlz'visos,

499 2742 562 2792 ut
591 2737 877 2792 conﬁtens
922 2753 990 2792 ex
1037 2736 1208 2792 dictis
1255 2737 1527 2793 unionem
1579 2738 2025 2808 hypostaticam,
2061 2740 2141 2795 si-

496 2827 616 2882 mul
648 2832 704 2882 et
737 2827 842 2882 hoc
873 2825 1181 2881 indivisum
1205 2843 1336 2882 vere
1367 2828 1623 2883 adducit.
1648 2827 1792 2893 Quid
1828 2827 1978 2884 idem
2009 2833 2140 2882 tuta:

491 2921 547 2971 et
576 2915 784 2971 divinas
835 2915 1137 2970 adamalor
1184 2916 1461 2972 doctrinae
1514 2916 1722 2972 iterum
1755 2917 1824 2973 ad
1868 2917 2138 2972 Acacium

490 3006 785 3062 scribens:
851 3003 1018 3072 Licet,
1079 3004 1290 3076 inquit,
1339 3005 1477 3061 duas
1517 3011 1746 3062 naturas
1796 3005 1999 3076 dicere,
2039 3021 2138 3062 nec

484 3094 813 3152 divisionem
865 3105 1193 3150 naturarum
1241 3095 1361 3150 ullo
1411 3095 1566 3151 modo
1627 3096 1963 3168 intelligere,
2013 3112 2137 3151 cum

487 3186 612 3256 quis
657 3184 920 3255 adjungat
964 3183 1243 3255 praedictis
1291 3187 1552 3240 unionem
1599 3161 2016 3257 [typostaticam
2070 3185 2133 3241 Et
2165 3161 2206 3228 (ἶ

486 3275 560 3329 ad
600 3274 908 3346 Eulogium
954 3274 1236 3339 scribens,
1278 3276 1736 3330 consentientem
1785 3273 2134 3331 existimavit

488 3383 710 3436 secum,
744 3383 923 3422 unam
957 3367 1131 3422 Verbi
1169 3373 1439 3422 naturam
1489 3368 1851 3423 incarnatam
1895 3369 2134 3424 creden-

491 3461 627 3524 tem,
673 3472 805 3511 cum
852 3455 996 3512 duas
1045 3465 1276 3512 naturas
1324 3456 1602 3512 indivisas
1654 3457 1710 3511 in
1766 3458 1980 3513 unione
2030 3457 2133 3529 by-

490 3545 781 3616 postatica
811 3545 1184 3601 confitentur.

2247 1934 2376 1989 Θεὸν
2435 1935 2524 1990 καὶ
2587 1932 2647 1990 ἐκ
2710 1934 2965 2008 γυναικὸς
3027 1933 3165 1988 κατᾶ
3228 1934 3400 2006 σάρκα
3458 1931 3533 1994 ὡς
3589 1930 3905 2005 ἄνθρωπον,

2244 2025 2332 2079 καὶ
2393 2025 2468 2080 ὡς
2527 2023 2626 2079 οὐκ
2677 2022 2738 2078 ἄν
2801 2029 2986 2078 νοοῖτο
3064 2021 3363 2097 ὁμοοὺσιος
3419 2023 3556 2094 ἡμῖν
3608 2020 3742 2074 κατᾶ
3793 2021 3901 2088 τήν

2248 2112 2646 2188 ἀνθρωπότητα
2703 2110 2828 2168 οὐδὲ
2892 2117 2970 2184 τῷ
3029 2112 3196 2186 [turpi
3256 2113 3392 2167 κατᾶ
3461 2112 3562 2179 τήν
3645 2109 3906 2179 θεότητα,

2251 2203 2295 2258 εἰ
2330 2204 2405 2276 μή
2453 2208 2635 2258 νοοῖτο
2693 2201 2823 2266 Θεός
2873 2222 2932 2258 τε
2988 2203 3131 2274 ὁμοῦ
3185 2202 3277 2256 καὶ
3326 2198 3663 2275 ἅνθρωποςὸ
3714 2199 3907 2266 αὐτὸς,

2248 2294 2276 2347 ὃ
2334 2294 2631 2368 Νεστόριος
2686 2293 2789 2347 οὐκ
2847 2293 3118 2367 ἀνείχετο.
3195 2290 3354 2350 Οὕτω
3435 2291 3501 2344 οὐ
3562 2289 3732 2362 μόνον
3813 2286 3908 2342 δύο

2248 2383 2507 2457 λέγοντας
2573 2382 2756 2460 φύσεις
2831 2381 2960 2444 τοὺς
3045 2379 3407 2442 ἀνατολικοῦς
3478 2380 3908 2446 κατασπάζεται,

2251 2471 2396 2528 ἀλλὰ
2459 2471 2556 2526 κᾶν
2607 2470 2895 2548 κατηγορῇ
2952 2491 3065 2540 τις,
3130 2471 3451 2545 ὑπὲρμαχος
3525 2475 3758 2544 γίνεται,
3819 2467 3909 2520 καὶ

2248 2563 2331 2634 (τὸ
2363 2559 2691 2634 παράδοξον)
2729 2559 2823 2616 κᾶν
2878 2562 2955 2634 μή
3014 2562 3294 2637 προσθῶσι
3343 2560 3404 2614 τὸ
3449 2556 3796 2632 ἀδιαιρέτως,
3849 2554 3905 2611 οὑ

2251 2651 2393 2724 λίγει
2447 2649 2671 2724 διαιρεῖν
2719 2649 2916 2712 αὐτοὺς
2966 2652 3061 2713 τὰς
3113 2649 3319 2725 φύσεις.
3381 2646 3505 2706 Οἶδε
3563 2650 3670 2723 γὰρ
3734 2648 3811 2707 ὡς
3869 2648 3908 2684 ⁸³

2247 2738 2339 2794 ἕνα
2361 2741 2613 2814 Χριστὸν,
2642 2740 2700 2795 ’ὲν
2731 2741 3045 2814 πρόσωπον,
3104 2739 3231 2812 μίαν
3283 2738 3573 2794 ὑπόστασιν
3628 2738 3654 2791 ὁ
3704 2735 3904 2812 λέγων,

2248 2830 2340 2885 τὸν
2391 2829 2551 2884 αὐτὸν
2611 2829 2743 2886 Θεὸν
2807 2830 2894 2884 καὶ
2974 2829 3281 2902 ἄνθρωπον,
3333 2829 3424 2884 καὶ
3479 2827 3749 2883 Θεοτόκον
3806 2827 3908 2893 τήν

2252 2918 2541 2994 Παρθένον,
2574 2915 2725 2974 οὑδὶν
2757 2921 2946 2988 ἧττον,
2990 2916 3086 2973 κᾶν
3147 2921 3224 2992 μὴ
3285 2919 3504 2993 προσθῇ
3553 2917 3614 2971 τὸ
3656 2912 3911 2989 ἀδιαιρέ-

2244 3030 2393 3077 τους,
2442 3009 2516 3072 ὡς
2575 3007 2872 3084 ὁμολογῶν
2939 3008 2998 3063 ἐκ
3052 3013 3162 3064 τῶν
3240 3008 3548 3083 εἶρημὲνσιν
3624 3008 3722 3074 τήν
3781 3006 3905 3059 καθ’

2248 3098 2535 3153 ὑπόστασιν
2566 3095 2781 3165 ἕνωσιν,
2812 3099 3116 3172 συνεισάγει
3146 3098 3235 3152 καὶ
3278 3098 3338 3154 τὸ
3383 3096 3612 3166 ἀληθῶς
3659 3093 3908 3168 ἀδιαέρε-

2244 3208 2354 3244 τον.
2388 3188 2448 3244 Ὁ
2477 3186 2636 3251 αὐτὸς
2681 3185 2739 3242 δὶ
2781 3193 2881 3256 τῆς
2922 3185 3201 3264 ἀσφαλοῦς
3249 3185 3341 3242 καὶ
3392 3185 3533 3246 θείας
3583 3184 3814 3259 εἰρήνης
3863 3185 3910 3220 ⁸⁴

2243 3275 2414 3332 ὅντως
2445 3275 2674 3351 ἆραστῆς
2714 3275 2880 3332 πάλιν
2912 3278 3050 3351 πρὸς
3083 3275 3338 3334 ’Δκάκιον
3370 3275 3615 3353 γράφων,
3668 3276 3906 3340 "Enni,

2243 3365 2401 3441 φησὶ,
2458 3365 2550 3420 καὶ
2599 3363 2694 3420 δύο
2763 3366 2952 3445 φύσεις
3010 3366 3177 3421 εἰπεῖν
3239 3366 3309 3434 ⁸⁵,
3351 3363 3440 3419 καὶ
3504 3365 3582 3438 μὴ
3639 3360 3908 3434 διαίρεσιν

2243 3460 2348 3509 τῶν
2417 3454 2624 3532 φύσεων
2691 3453 2894 3510 ἐννοεῖν
2979 3475 3121 3520 πως,
3207 3451 3426 3510 ἑπειδᾶν
3509 3473 3594 3516 τις
3675 3451 3908 3525 cottidie:

2243 3550 2360 3606 τοῖς
2448 3543 2762 3618 εἰρημένοις
2860 3545 2960 3613 τὴν
3063 3545 3182 3600 καθ’
3286 3543 3580 3599 ὑπόστασιν
3683 3538 3906 3596 ’ἑνωσινν

495 3631 598 3688 Καὶ
660 3633 766 3705 μὴν
828 3630 1163 3689 ἐπιστέλλων
1221 3633 1309 3687 καὶ
1377 3635 1510 3708 πρὸς
1568 3633 1838 3709 Εὑλόγιον
1900 3631 2163 3706 ὁμόδοξον
2219 3637 2438 3710 ἡγεῖται
2495 3635 2586 3689 τὸν
2676 3633 2802 3708 μίαν
2878 3632 3033 3711 φύσιν
3109 3632 3338 3708 λέγοντα
3415 3634 3511 3688 τοῦ
3567 3632 3748 3706 Λόγου
3815 3650 3906 3684 σι-

492 3722 956 3802 σαρκωμένηνέᾧ
987 3722 1082 3779 δύο
1113 3724 1298 3796 φύσεις
1329 3721 1669 3797 ἀδιαιρέτους
1703 3724 1754 3778 ἐν
1785 3730 1852 3798 τῇ
1885 3726 2008 3779 καθ’
2040 3726 2332 3780 ὑπόστασιν
2369 3725 2557 3779 ὲνώσει
2591 3723 3073 3798 συνομολογοῦντι.

564 3816 1012 3887 Reprehendunt
1034 3815 1270 3887 quidam
1293 3816 1707 3887 expositionem
1733 3833 1905 3887 quam
1925 3817 2140 3873 faciunt

489 3907 831 3972 Orientales,
867 3911 921 3960 et
952 3907 1148 3962 aiunt:
1197 3908 1375 3974 Quare
1406 3905 1546 3978 ipsos
1578 3907 1723 3962 duas
1752 3911 1988 3962 naturas
2015 3923 2138 3964 con-

488 3997 728 4068 ﬁtentes,
804 3997 954 4063 tulit,
1022 4000 1071 4051 et
1135 3998 1344 4068 praesul
1411 3998 1663 4054 laudavit
1737 3999 2139 4055 Alexandriae?

488 4087 814 4145 Nestoriani
865 4091 1133 4143 asserunt
1182 4087 1344 4143 illum
1385 4105 1618 4160 quoque
1658 4089 1742 4145 sie
1773 4089 2004 4154 sentire,
2039 4106 2136 4146 eos

489 4178 866 4241 involventes,
899 4177 1000 4248 qui
1033 4176 1177 4231 nihil
1216 4186 1484 4234 accurate
1514 4179 1717 4234 sciant.
1755 4181 1994 4247 Oportet
2033 4197 2135 4234 au-

491 4273 602 4322 tem
636 4265 1193 4338 reprehendentibus
1238 4265 1357 4322 haec
1391 4268 1762 4338 respondere,
1798 4285 1911 4322 non
1943 4268 2137 4323 omnia

489 4373 618 4427 quae
649 4358 928 4410 astruunt
957 4354 1209 4418 seclarii,
1237 4354 1405 4409 vitari
1438 4364 1490 4410 et
1523 4356 1867 4425 reprehendi
1893 4358 2134 4411 debere:

488 4459 669 4514 quare
691 4442 1015 4498 Orientales
1037 4444 1178 4498 duas
1203 4447 1446 4498 naturas
1468 4443 1814 4498 confitentes
1840 4445 2129 4512 admittit;

2322 3811 2824 3888 Ἐπιλαμὸἀνονταί
2861 3835 3006 3878 τινες
3037 3821 3137 3883 τῆς
3169 3812 3430 3876 ἒκθέσεως
3465 3817 3526 3883 ἧς
3575 3813 3906 3883 πεποίηνται

2249 3906 2299 3959 οῖ
2333 3903 2672 3974 ἀνατολικοὶ,
2705 3905 2795 3960 καί
2839 3924 2992 3983 φασιο
3053 3905 3151 3960 Διὰ
3199 3905 3248 3959 τί
3305 3903 3400 3960 δύο
3455 3905 3644 3982 φύσεις
3695 3903 3908 3976 ὄνομα·

2249 3995 2451 4064 ζόντων
2533 3995 2707 4050 αὐτῶν
2808 3995 3073 4070 ἠνέσχετο
3161 3995 3250 4049 καὶ
3345 3993 3602 4068 ἐπῄνεσεν
3691 3995 3719 4048 ὁ
3806 4001 3910 4062 τῆς

2247 4082 2698 4160 Ἀλεξανδρείαςς
2769 4085 2834 4142 Οἱ
2923 4083 2979 4139 δὲ
3043 4086 3109 4139 τὰ
3195 4085 3492 4160 Νεστορὲου
3579 4088 3913 4158 φρονοῦντες

2249 4173 2469 4249 λέγουσι
2500 4174 2748 4229 κάκεῖνον
2795 4173 2940 4230 οὕτω
2991 4179 3232 4251 φρονεῖν,
3284 4174 3722 4249 συναρπάζοντες
3776 4175 3911 4233 τοὺς

2247 4263 2345 4319 οὑκ
2375 4264 2582 4326 εἰδότας
2633 4265 2694 4318 τὸ
2748 4259 2988 4339 ἀκριϐὲς.
3047 4266 3162 4338 Χρή
3226 4261 3283 4318 δὲ
3337 4269 3453 4318 τοῖς
3526 4264 3912 4341 μεμφομένοις

2246 4355 2422 4410 ἐκεῖνα
2453 4354 2626 4431 λέγειν
2673 4353 2755 4410 ὅτι
2796 4355 2858 4411 οὐ
2901 4355 3094 4420 πάντα,
3136 4353 3234 4409 ὅσα
3285 4353 3536 4428 λέγουσιν
3586 4355 3639 4408 οἱ
3695 4355 3910 4427 etput-

2244 4446 2360 4512 κοῒ,
2397 4443 2605 4521 φεύγειν
2643 4446 2732 4498 καὶ
2781 4446 3157 4518 παραιτεῖσθαι
3210 4445 3347 4520 χρή·
3401 4441 3539 4497 ὥστε
3581 4440 3677 4497 δύο
3718 4441 3912 4520 φύσεις

489 4534 580 4603 pie
598 4533 755 4588 enim
781 4531 862 4586 illi
895 4542 1166 4588 asserunt
1192 4551 1204 4599 ;
1230 4531 1556 4589 Nestorium
1585 4534 1844 4603 damnat,
1870 4551 1983 4590 non
2008 4534 2133 4606 quia

2247 4519 2508 4609 λέγοντας
2537 4533 2668 4596 τοὺς
2720 4535 2815 4608 μὲν
2858 4533 3217 4595 ἀνατολικοὺς
3265 4530 3598 4610 ἀποδέχεται
3638 4519 3912 4605 (εὐσεϐῶς

490 4625 638 4678 duas
663 4627 900 4678 naturas
925 4622 1090 4686 dixit,
1117 4625 1213 4678 sed
1237 4623 1396 4694 quia,
1423 4625 1568 4678 duas
1585 4640 1851 4680 asserens
1875 4630 2136 4690 naturas,

491 4714 763 4768 unionem
787 4712 1211 4784 hypostaticam
1239 4731 1349 4768 non
1377 4714 1614 4784 recipit:
1641 4714 2137 4785 quemadmodum

488 4821 602 4861 non
654 4819 831 4859 unam
882 4803 1051 4858 Verbi
1104 4808 1369 4857 naturam
1419 4819 1541 4858 esse
1586 4803 1974 4860 incarnatam.
2009 4803 2158 4868 Mox_

487 4894 644 4951 enim
678 4892 922 4949 subdit:
949 4893 1192 4948 Tametsi
1221 4892 1355 4948 duas
1387 4897 1627 4948 naturas
1658 4893 1940 4948 Nestorius
1971 4894 2140 4963 dicat,

486 4983 858 5057 differentiam
877 4983 1064 5037 carnis
1082 4985 1131 5037 et
1151 4981 1246 5037 Dei
1269 4981 1421 5037 Verbi
1439 4981 1879 5053 signiﬁcans,sed
1900 4983 2142 5040 nondum

486 5074 745 5131 unionem
775 5073 1176 5144 hypostaticam
1213 5071 1496 5127 nobiscum
1527 5073 1839 5142 conﬁtetur.
1868 5073 1970 5128 Nos
1992 5075 2140 5129 enim

489 5163 606 5220 haec
661 5163 1071 5233 conjungentes,
1124 5177 1294 5217 unum
1355 5160 1653 5229 Christum,
1709 5179 1883 5218 unum
1913 5163 2137 5218 Filium.

491 5265 658 5303 unum
683 5251 976 5306 Dominum
1001 5252 1342 5319 conﬁtemur.
1369 5251 1485 5307 Hoc
1513 5251 1843 5306 communis
1872 5251 2058 5322 ipsius
2088 5255 2143 5308 et

491 5337 869 5394 Orientalium
885 5340 1190 5396 confessio.
1207 5339 1422 5398 Deinde
1437 5358 1671 5397 rursum
1687 5343 1949 5397 adducit:
1970 5343 2143 5398 Unam

498 5427 671 5482 Verbi
697 5431 957 5485 naturam
1001 5430 1363 5488 incarnatam
1393 5433 1756 5504 conﬁtemur;
1790 5432 1957 5506 quasi
1988 5431 2142 5490 dice-

2249 4625 2353 4698 γὰρ
2387 4624 2539 4679 οὗτοί
2589 4625 2761 4701 φασι),
2815 4623 3102 4698 Νεστόριον
3147 4621 3203 4678 δὲ
3260 4623 3583 4697 κατακρίνει,
3640 4616 3744 4693 οὑχ
3811 4619 3908 4674 ὅτι

2250 4712 2344 4769 δύο
2377 4714 2564 4792 φύσεις
2607 4712 2816 4791 ἔλεγεν,
2867 4714 2996 4770 ἀλλ’
3037 4713 3120 4769 ὅτι
3183 4711 3279 4768 δύο
3340 4715 3516 4788 φύσεις
3571 4709 3746 4786 λέγων
3797 4710 3916 4777 τὴν

2247 4807 2365 4859 καθ’
2411 4805 2703 4860 ὑπόστασιν
2761 4802 2956 4859 ἕνωσιν
2990 4805 3050 4859 οὗ
3101 4803 3380 4880 προσίετο,
3427 4801 3604 4875 ὥσπερ
3665 4796 3796 4855 οὑδὲ
3846 4800 3914 4854 τὸ

2252 4893 2376 4966 μίαν
2436 4893 2590 4967 φύσιν
2651 4899 2747 4949 τοῦ
2806 4895 2988 4968 Λόγου
3044 4893 3482 4967 σεσαρκωμένην.
3545 4894 3680 4948 Μετ’
3740 4889 3916 4964 ὀλίγα

2247 4987 2347 5061 γὰρ
2398 4982 2660 5063 ἐπιφέρει,
2708 4985 2782 5044 ὡς
2842 4983 2950 5042 Κᾶν
3002 4982 3098 5039 δύο
3158 4982 3288 5061 λέγῃ
3351 4983 3538 5059 φύσεις
3593 4983 3642 5018 ⁸⁸
3699 4981 3919 5036 Νεστός

2251 5092 2387 5147 ριος,
2429 5075 2530 5142 τὴν
2585 5072 2842 5152 διαφορὰν
2896 5074 3179 5146 σημαίνων
3235 5079 3335 5142 τῆς
3395 5069 3597 5139 σαρκὸς
3659 5071 3748 5125 καὶ
3817 5073 3918 5123 τοῦ

2252 5164 2384 5218 Θεοῦ
2450 5164 2654 5236 Λόγου,
2723 5161 2851 5216 αλλ’
2918 5161 3095 5218 οὖκὲτι
3176 5162 3276 5229 τήν
3361 5157 3555 5215 ἕνωσιν
3633 5158 3924 5232 ὁμολογεῖ

2255 5253 2370 5324 μεθ’
2416 5253 2596 5325 ἡμῶν*
2656 5253 2819 5325 ἡμεῖς
2878 5252 2981 5328 γὰρ
3040 5250 3332 5313 ἑνώσαντες
3400 5249 3561 5314 αὐτὰ,
3624 5245 3720 5304 ἕνα
3786 5249 3930 5323 Χρι-

2251 5342 2397 5408 στὸν,
2473 5338 2564 5396 ἕνα
2657 5341 2808 5409 Υἱὸν,
2870 5337 2963 5395 ἕνα
3055 5339 3254 5414 Κύριον
3347 5338 3778 5412 ὁμολογοῦμεν,
3853 5341 3928 5395 ’Ὁ

2251 5431 2432 5486 κοινὸν
2459 5430 2598 5486 ἐστιν
2643 5429 2978 5506 ὁμολόγημα
3026 5427 3191 5484 αὐτοῦ
3226 5449 3283 5484 τε
3331 5429 3420 5482 καὶ
3470 5430 3581 5482 τῶν
3638 5427 3928 5484 ἆνατολι·

1856 5549 1947 5606 νΑ
1957 5551 2097 5608 RM".
2136 5549 2558 5609 LECTIONES.

563 5639 609 5674 δ’
632 5625 714 5702 ἐις
747 5619 843 5698 διεδ
875 5623 1014 5706 add.
1040 5651 1104 5708 Α.

937 5645 1104 5722 td_.s.
1230 5645 1664 5722 ιδὼςΑεδς.

493 5711 542 5794 δέ
563 5709 748 5790 φύσεις
783 5711 918 5792 λέγῃ
937 5714 1037 5790 ς’.

1770 5647 1818 5685 ⁸⁴
1845 5646 2071 5724 εῖρήνης
2116 5649 2251 5708 add.
2283 5651 2327 5705 A
2370 5653 2428 5706 et
2459 5664 2577 5722 mg.
2610 5647 2672 5703 C.

2794 5647 3046 5703 δδείπιῖν
3086 5645 3174 5702 καὶ
3230 5641 3326 5703 δὺο
3387 5644 3572 5722 φύσεις
3637 5648 3792 5724 φησί
