4138 6228
504 344 658 404 1039

1711 336 1972 398 PHOTII
2017 336 2539 398 PATRIARCHJE
2583 337 2700 399 ΟΡ.

3747 341 3904 404 1040

499 485 800 548 utrumque
819 491 980 540 unus,
1005 482 1056 530 et
1077 488 1218 528 unus
1238 473 1300 528 in
1320 478 1568 544 utroque,
1593 474 1691 528 hoc
1718 476 1822 540 est,
1847 473 1905 528 in
1934 470 2130 528 divini-

2253 489 2341 545 ρια
2396 466 2790 546 προσελάϐετο,
2845 470 2907 526 οὐ
2961 469 3317 546 διῃρημένος,
3378 471 3506 528 ἀλλ’
3566 475 3666 540 εἷς,
3713 470 3906 542 ἐπειδὴ

499 575 616 624 tale
635 577 684 622 et
699 566 1062 620 humanitate.
1081 563 1306 618 Rursus
1334 562 1486 618 idem
1510 561 1619 617 alio
1641 560 1810 626 libro,
1835 561 1988 616 unde
2012 578 2137 617 mu-

493 661 692 712 tuatus
713 659 801 710 est
829 653 1035 708 doetus
1056 651 1532 724 Cyrilluscontra
1562 649 1915 716 Nestorium,
1935 653 2019 707 sic
2040 651 2137 706 bo-

494 761 606 801 nus
645 743 838 814 inquit
869 741 1248 797 Ambrosius:
1285 742 1430 798 Unus
1463 741 1561 795 Dei
1599 740 1792 795 Filius
1821 739 1882 795 in
1908 748 2142 813 utraque

488 835 663 906 specie
681 832 844 888 verba
864 833 1020 903 facit,
1037 829 1254 902 quando
1271 841 1504 902 utraque
1517 831 1794 902 ρνωιιίιιιε
1811 833 2018 885 natura
2038 833 2138 885 est.

487 928 608 980 Hoc
637 939 768 978 vero
800 921 1016 978 dictum
1047 921 1307 993 corrupit
1327 920 1593 989 Severus,
1618 919 1763 976 nihil
1787 918 2137 991 injuriarum

488 1015 788 1069 omittens.
830 1011 1011 1067 Vertit
1040 1011 1194 1066 enim
1240 1026 1417 1066 unam
1449 1025 1647 1066 vocem
1687 1009 1744 1063 in
1777 1008 2040 1078 alteram,
2076 1011 2139 1063 ut

484 1102 836 1175 persuadeat
856 1116 1134 1173 apparere
1154 1115 1286 1156 voce
1305 1117 1417 1156 non
1440 1107 1724 1165 naturam,
1741 1098 1840 1153 sed
1866 1096 2135 1169 loquendi

487 1190 824 1258 formulam,
840 1191 992 1262 quod
1010 1189 1200 1261 ipsum
1224 1188 1565 1260 reprehendi
1592 1187 1796 1244 merito
1815 1186 2006 1242 debet.
2025 1186 2134 1242 Ve-

486 1286 818 1337 rumtamen
854 1278 1134 1335 refellitur
1169 1279 1242 1334 ob
1265 1294 1434 1333 usum
1457 1278 1614 1333 vocis
1637 1276 1973 1347 praedictum
1999 1291 2132 1331 eum

487 1371 628 1426 dicit
652 1370 712 1426 in
735 1375 982 1440 utroque
1021 1368 1174 1424 idem
1207 1367 1528 1439 designare.
1566 1365 1712 1432 Quid
1739 1366 1851 1421 sibi
1873 1364 1995 1420 vult
2027 1364 2133 1420 hoc

483 1461 672 1516 eodem
704 1475 806 1531 pro
835 1460 898 1514 in
932 1461 1174 1530 utroque,
1205 1457 1315 1513 hoc
1337 1460 1425 1512 est
1445 1455 1812 1526 conjungens
1844 1452 2132 1510 divinitati

483 1555 540 1606 et
561 1548 930 1618 humanitati,
967 1564 1147 1620 quare
1176 1547 1222 1604 si
1255 1548 1319 1602 in
1353 1553 1586 1617 utraque
1613 1545 1788 1609 dicat,
1824 1547 1885 1600 ut
1909 1543 2133 1600 sincere

481 1638 701 1695 habent
730 1639 904 1694 verba
932 1635 1246 1706 Ambrosii,
1280 1635 1399 1691 sive
1430 1634 1489 1689 in
1535 1643 1784 1707 utroque,
1827 1637 1891 1688 ut
1918 1632 2133 1703 impro-

484 1728 592 1785 bus
623 1727 720 1785 ille
749 1727 1015 1800 sophista
1043 1741 1242 1783 vocem
1265 1726 1558 1796 depravat,
1592 1723 1974 1780 nihilominus
2004 1723 2130 1777 duae

2243 561 2307 616 τὸ
2337 560 2587 635 ἑκάτερον
2630 561 2706 623 εἷς
2755 561 2845 616 καὶ
2898 560 2925 615 6
2977 563 3053 622 εἷς
3100 559 3152 614 έν
3199 559 3460 636 ἑκατέρῳ,
3516 561 3766 618 τουτέστι
3817 565 3906 618 καὶ

2247 648 2464 718 θεότητι
2502 669 2593 703 και
2625 649 2862 722 σώματι.
2905 646 3078 703 Πάλιν
3110 644 3164 703 δὲ
3210 647 3262 703 ἐν
3315 647 3476 722 ἄλλῳ
3517 649 3690 727 λόγῳ,
3741 650 3792 720 ἐξ
3845 650 3906 705 οὗ

2245 738 2335 794 καὶ
2375 739 2402 792 ὁ
2435 739 2600 815 σοφὸς
2651 737 2931 812 Κύριλλος
2982 740 3181 817 χρῆσιν
3233 739 3371 794 κατά
3419 741 3716 814 Νεστορίου
3766 761 3904 816 προ-

2248 828 2488 904 ⁴νςνεγκεν,
2547 826 2719 890 οὕτως
2776 829 2804 882 6
2863 827 3108 902 χρηστὸς
3159 822 3493 902 ’Δμόρόσιός
3553 849 3739 907 φησιν’
3798 832 3902 892 Εἷς

2247 921 2380 972 Θεοῦ
2445 917 2568 979 Υἱὸς
2632 916 2682 971 ἐν
2749 918 2974 993 ἑκατέρᾳ
3042 915 3221 985 λαλεῖ,
3290 916 3583 992 ἐπειδήπερ
3670 919 3905 994 ἑκατέρα

2247 1004 2402 1082 φύσις
2433 1004 2676 1079 έναύτῷ.
2723 1010 2897 1064 Τοῦτο
2947 1003 3004 1061 δὲ
3051 1007 3112 1060 τὸ
3169 1006 3332 1082 ῥητὸν
3384 1004 3750 1082 ἐκακούργησε
3804 1011 3903 1082 μὶν

2247 1090 2516 1171 Σεϐἧρος,
2551 1093 2703 1150 οὐδὲν
2756 1092 2812 1150 δὲ
2869 1102 2973 1165 τῆς
3016 1095 3345 1171 κακουργίας
3404 1097 3676 1152 ἀπώνατο.
3729 1101 3904 1154 Μετα-

2243 1184 2455 1260 στρέφει
2529 1185 2621 1258 μέν
2689 1184 2791 1259 γὰρ
2845 1184 2921 1246 εἰς
2979 1183 3044 1240 τὸ
3110 1185 3347 1260 ἑκατέρῳ
3403 1187 3499 1256 τὴν
3560 1187 3790 1262 ἑκατέρᾳ
3855 1190 3902 1225 ³⁸³

2241 1275 2451 1350 φωνὴν,
2480 1272 2570 1329 ’ἱνα
2596 1275 2756 1348 πείσῃ
2793 1270 3097 1345 δηλοῦσθαι
3152 1271 3238 1328 διὰ
3295 1281 3394 1344 τῆς
3436 1281 3625 1349 φωνῆς
3668 1277 3746 1348 μή
3797 1277 3901 1346 τὴν

2240 1361 2420 1442 φύσιν,
2452 1361 2598 1418 ἀλλά
2625 1364 2715 1418 τὸν
2743 1362 2945 1438 τρόπον
2973 1369 3073 1432 τῆς
3115 1361 3338 1432 λαλιᾶς,
3385 1366 3507 1419 οἷον
3552 1362 3602 1419 έν
3657 1365 3904 1439 ἑκατέρῳ

2236 1453 2426 1527 τρόπῳ
2451 1452 2578 1525 θείῳ
2606 1474 2665 1509 τε
2693 1453 2785 1508 καὶ
2826 1452 3149 1529 ἀνθρωπίνῳ
3208 1452 3388 1512 λαλεῖ.
3443 1457 3618 1530 ’Ὀπερ
3666 1456 3899 1512 αὐτόθεν

2243 1542 2339 1617 μὶν
2373 1537 2487 1616 ἔχει
2520 1543 2613 1597 τὸν
2647 1539 2907 1618 ἔλεγχον,
2943 1543 3006 1598 οὐ
3045 1545 3152 1616 μὴν
3179 1541 3326 1599 ἀλλὰ
3353 1544 3445 1599 καὶ
3475 1541 3564 1599 διὰ
3611 1550 3716 1614 τῆς
3759 1565 3908 1619 προ-

2241 1630 2537 1705 ειρημένης
2582 1629 2998 1708 ἑπιρῥαπίζεται
3045 1635 3322 1706 χρήσεως
3373 1631 3424 1688 έν
3474 1629 3612 1707 αὐτῇ
3660 1633 3766 1708 γάρ
3819 1632 3902 1689 εί-

2238 1720 2354 1774 πὼν
2384 1719 2550 1790 αὐτὴν
2579 1720 2678 1789 τὴν
2711 1718 2853 1792 λέξιν
2894 1721 2947 1775 ἐν
2989 1721 3226 1798 ἑκατέρῳ
3274 1721 3324 1757 9⁸
3370 1721 3531 1785 αὐτὸς
3577 1723 3901 1798 ἡρμήνευσε

483 1820 859 1877 attenduntur
876 1821 1115 1874 naturas.
1142 1816 1464 1883 Idcirco,ut
1485 1814 1760 1883 diximus,
1781 1811 2128 1868 Ambrosius

2241 1812 2369 1886 [845
2401 1811 2492 1884 R.]
2524 1810 2575 1866 τί
2611 1808 2866 1880 βούλεται
2899 1810 3045 1884 αὐτῷ
3068 1812 3131 1867 τὸ
3159 1810 3211 1866 ἐν
3257 1814 3386 1883 [445
3415 1813 3509 1885 Η.]
3557 1811 3797 1886 ἑκατέρῳ
3827 1817 3901 1886 ⁸⁸,

483 1909 639 1982 quod
671 1911 730 1965 in
770 1912 1001 1979 utroque
1029 1910 1120 1962 est
1158 1906 1377 1972 dicens,
1411 1903 1518 1960 hoc
1557 1907 1646 1959 est
1694 1904 1756 1958 in
1785 1910 2019 1973 utraque
2047 1916 2128 1970 re,

483 1999 554 2054 ad
579 1997 940 2054 divinitatem
961 2000 1018 2052 et
1043 2011 1278 2066 corpus,
1303 2009 1496 2050 vocem
1532 1991 1861 2049 traduxisse
1880 1991 2130 2047 videtur.

483 2089 554 2142 Et
583 2087 740 2142 idem
772 2087 844 2140 ad
872 2083 1149 2141 Albinum
1174 2083 1433 2138 scribens
1460 2098 1472 2135 :
1501 2083 1562 2138 Ut
1591 2083 1884 2152 perfectus,
1919 2079 2133 2151 inquit,

485 2178 546 2231 in
577 2180 814 2246 utraque
836 2183 1045 2229 natura
1075 2172 1167 2229 sit.
1201 2172 1308 2227 Sed
1340 2171 1622 2227 hactenus
1648 2172 1718 2226 de
1749 2169 1861 2224 his.

2239 1901 2517 1956 τουτέστιν
2549 1899 2880 1974 ἐπισυνάψας
2908 1899 2999 1956 καὶ
3031 1899 3248 1971 θεότητι
3296 1901 3386 1955 καὶ
3444 1902 3679 1974 σώματι.
3731 1904 3905 1960 ’Ὡστε

2244 1987 2351 2045 εἷ’τε
2383 1986 2434 2043 έν
2468 1989 2691 2063 ἑκατέρᾳ
2715 1989 2900 2058 λαλεῖ,
2943 1989 3018 2050 ὡς
3059 1986 3176 2064 ἔχει
3213 1991 3274 2044 τὸ
3323 1989 3738 2066 ἀκακούργητον
3783 1996 3899 2046 τῶν

2243 2073 2580 2152 Ἀμϐροσίου
2642 2077 2926 2152 ῥημάτων,
3011 2077 3119 2134 εἷ’τε
3177 2077 3229 2133 ἐν
3299 2078 3559 2154 ἑκατέρῳ,
3611 2079 3682 2142 ὡς
3716 2082 3743 2135 6
3786 2087 3898 2150 τῆς

2240 2166 2430 2228 κακίας
2469 2172 2734 2242 σοφιστής
2773 2169 2870 2238 τὴν
2917 2169 3101 2246 φωνήν
3151 2165 3484 2246 διαφθείρει,
3538 2166 3691 2224 οὐδὲν
3728 2173 3897 2240 ἦττον

487 2265 543 2320 αἱ
577 2261 672 2319 δὺο
705 2265 891 2341 φύσεις
932 2259 1247 2333 δηλοῦνται,
1299 2258 1440 2315 διότι
1500 2260 1527 2313 6
1575 2259 1738 2322 αὐτὸς
1790 2253 2148 2332 Ἀμϐρόσιος,
2194 2258 2269 2320 ὡς
2321 2254 2558 2332 εἴρηται,
2603 2259 2666 2313 τὸ
2714 2255 2768 2312 ἐν
2817 2256 3054 2333 ἑκατέρῳ
3095 2258 3286 2332 εἰπὼν,
3336 2261 3614 2315 τουτέστιν
3664 2259 3718 2315 ἐν
3776 2262 3902 2317 ἑκα-

483 2354 626 2428 τέρῳ
655 2354 957 2429 πράγματι,
989 2351 1125 2427 πρὸς
1175 2351 1274 2419 τὴν
1326 2351 1557 2421 θεότητα
1603 2350 1693 2404 καὶ
1753 2349 1815 2404 τὸ
1863 2349 2022 2420 σῶμα
2059 2349 2158 2417 τήν
2213 2348 2398 2427 φωνήν
2450 2344 2792 2403 ἀποδέδωκεν
2847 2345 3224 2426 ἀναφέρεσθαι.
3289 2350 3395 2405 Καὶ
3451 2350 3591 2424 πρὸς
3639 2346 3900 2408 ’Δλὸἶνον

487 2441 544 2498 δὶ
569 2448 788 2519 γράφων
819 2444 846 2496 6
886 2440 1070 2511 αὐτὸς,
1101 2441 1236 2510 Ἵνα,
1269 2438 1424 2514 φησὶ,
1459 2439 1668 2501 τέλειος
1708 2436 1760 2493 ἐν
1791 2436 2007 2512 ἒκαῖέρᾳ
2036 2437 2189 2515 φύσει
2218 2437 2487 2513 τυγχάνῃ.
2522 2433 2696 2493 Ἀλλά
2724 2439 2891 2492 ταῦτα
2923 2436 3018 2510 μὲν
3051 2435 3139 2492 ἐπὶ
3177 2441 3459 2496 τοσοῦτον.

2314 2569 2377 2627 El
2411 2567 2469 2626 δὲ’
2496 2591 2577 2634 τις
2619 2572 2758 2644 ἡμῖν
2801 2572 3122 2630 ’Δθανοὶσιον
3161 2571 3212 2627 έν
3262 2577 3340 2646 τῷ
3382 2574 3509 2646 Περὶ
3559 2577 3899 2648 σαρκώσεοις

2241 2658 2565 2732 προκομίζει
2615 2656 2788 2734 λόγω,
2837 2659 2927 2714 καὶ
2976 2661 3068 2715 τὸν
3119 2658 3539 2737 Νεοκάισαρείας
3590 2666 3896 2737 Γρηγὸριον

2239 2747 2291 2804 ἐν
2341 2754 2420 2822 τῷ
2473 2751 2607 2825 Ηερὶ
2651 2758 2750 2821 τῆς
2810 2752 2944 2807 κατὰ
3005 2751 3168 2828 μέρος
3217 2752 3471 2826 πίστεως,
3540 2751 3637 2809 δόο
3716 2752 3892 2829 λέγειν

2237 2837 2552 2903 κωλύοντας
2581 2839 2668 2895 ἐπὶ
2698 2845 2795 2896 τοῦ
2837 2846 2851 2878 ¹
2886 2843 3116 2916 Χριστοῦ
3163 2843 3259 2905 τάς
3309 2843 3518 2920 φύσεις,
3571 2845 3892 2916 μανθανέτω

2237 2930 2394 2992 οὗτος
2427 2931 2511 2985 ὃτι
2550 2931 2809 3005 (καθάπερ
2843 2928 3056 3007 εἴρηται
3085 2930 3378 3003 πολλάκις)
3431 2929 3549 2988 σύδ⁹
3590 2932 3638 2987 οἱ
3692 2929 3893 2988 λοιποὶ

2233 3016 2470 3091 Πατέρες
2501 3020 2562 3074 τὸ
2594 3017 2689 3074 δύο
2721 3019 2896 3096 λέγειν
2925 3020 3110 3098 φύσεις
3141 3017 3266 3076 οὔτε
3287 3025 3308 3058 ³
3327 3018 3520 3083 ἁπλῶς
3548 3021 3891 3092 ἠσπάσαντο,

2235 3106 2381 3163 ἀλλά
2417 3105 2507 3163 καὶ
2566 3107 2839 3172 πολλάκις
2887 3109 3198 3178 ἀπώσαντο,
3253 3114 3387 3184 μετᾶ
3436 3111 3624 3183 μέντοι
3681 3131 3746 3186 γε
3788 3114 3894 3166 τοῦ

482 3203 682 3273 plexos
702 3217 853 3267 esse,
879 3213 1067 3270 neque
1091 3199 1412 3271 improvide
1433 3198 1598 3255 illum
1627 3199 1970 3271 explanasse
1991 3216 2007 3269 ;
2032 3213 2129 3254 ne-

2240 3194 2540 3273 Ξιδιαιρέτου
2607 3196 2978 3271 προελθοῦσαν
3029 3198 3132 3268 τήν
3181 3200 3364 3277 φωνὴν
3415 3197 3538 3255 οὕτε
3588 3206 3887 3275 προπετῶς

481 3307 594 3362 que
622 3288 779 3344 enim
833 3292 1214 3360 sumpserunt
1265 3288 1688 3344 inordinatum.
1735 3288 2126 3344 Conveniente

2240 3288 2572 3343 ἀσπάσασθαι
2632 3289 2656 3323 3
2713 3284 2836 3343 οὔτε
2892 3283 3265 3354 ἀϐασανίστως
3301 3291 3508 3361 ταύτην
3555 3291 3895 3365 περιπτύξα-

478 3353 612 3435 vero
630 3393 762 3432 cum
786 3353 1072 3450 praedietis
1095 3374 1311 3433 unione
1332 3375 1711 3449 hypostatiea,
1730 3391 1900 3432 nemo
1924 3377 2124 3433 212a

2240 3379 2356 3432 σθαι
2415 3376 2680 3451 οὐμενοῦν
2731 3377 2831 3433 οὐκ
2887 3373 3194 3452 ἐλάμϐανον
3251 3380 3314 3434 τὸ
3366 3377 3710 3435 ἀδίστακτονο
3769 3401 3894 3435 συνο

478 3468 613 3540 pius
642 3467 803 3523 visus
833 3471 922 3522 est
953 3465 1050 3538 qui
1081 3466 1232 3522 banc
1281 3482 1478 3522 vocem
1529 3465 1694 3522 Valde
1740 3465 2118 3523 adamaverit.

2240 3463 2680 3544 ομολογηθείσης
2711 3464 2768 3524 δὲ
2804 3472 2923 3531 τοῖς
2973 3467 3217 3543 λεχθεῖσι
3267 3471 3367 3535 τῆς
3415 3470 3536 3524 καθ’
3589 3470 3889 3526 ὑπόστασιν

478 3555 661 3614 Nemo
684 3556 862 3629 igitur
882 3555 1055 3626 dicat,
1087 3555 1232 3611 nihil
1260 3553 1416 3612 enim
1437 3555 1543 3611 hoc
1570 3554 1640 3612 ad
1667 3554 1960 3627 pietatem,
1981 3560 2043 3610 ut
2062 3555 2121 3610 in

2240 3557 2493 3629 ινώσεως,
2553 3555 2816 3631 οὐμενοῦν
2873 3555 3053 3621 οὐδεὶς
3112 3558 3271 3640 ὤφθη
3321 3565 3428 3615 τῶν
3505 3555 3735 3615 εὐσεϐῶν
3805 3563 3886 3635 μή

477 3646 706 3703 Christo
732 3647 882 3702 diras
905 3649 1145 3702 naturas
1175 3645 1367 3701 dicere
1397 3645 1592 3702 Patres
1627 3643 1998 3717 prohibeant;
2020 3645 2119 3701 sed

2240 3645 2347 3701 λίαν
2378 3648 2480 3716 τήν
2521 3648 2709 3722 φωνὴν
2760 3647 3159 3722 ἀσπαζόμενος.
3220 3650 3312 3720 Μή
3375 3648 3468 3704 οὗν
3529 3648 3737 3725 λεγέτω
3796 3670 3886 3710 τις

477 3736 764 3804 ostendat,
790 3735 1018 3806 quando
1037 3739 1138 3790 aut
1163 3735 1262 3791 ubi
1283 3734 1623 3792 conﬁtentes
1647 3734 1918 3790 unionem
1942 3733 2122 3807 hypo-

2240 3732 2404 3806 ίούδὲν
2428 3735 2531 3811 γάρ
2553 3740 2717 3792 τοῦτο
2747 3738 2885 3809 πρὸς
2909 3737 3009 3806 τὴν
3039 3733 3341 3812 εὐσέϐειαν)
3370 3739 3446 3801 ὡς
3501 3737 3588 3794 ἐπὶ
3635 3738 3886 3814 Χριστοῦ

480 3826 752 3882 staticam
783 3826 931 3880 duas
956 3824 1148 3882 dicere
1171 3833 1406 3881 naturas
1429 3823 1679 3881 indivise
1701 3823 2122 3896 prohibebant?

2240 3822 2322 3878 ἲύο
2364 3824 2550 3903 φύσεις
2585 3825 2763 3903 λέγειν
2813 3827 2864 3881 οἱ
2925 3826 3154 3901 Ηατέρες
3209 3825 3510 3884 ἐκώλυσανο
3571 3827 3718 3883 ἀλλά
3774 3826 3895 3884 δει-

472 3915 698 3971 Etenim
722 3919 779 3970 et
800 3914 882 3970 sic
904 3915 1032 3970 vide
1072 3915 1366 3986 quomodo
1400 3913 1552 3970 dicat
1585 3913 1970 3970 Athanasius:
2003 3913 2122 3969 Non

2240 3913 2397 3971 ινίτω
2453 3915 2586 3971 πότε
2620 3915 2656 3984 ἢ
2701 3920 2808 3971 ποῦ
2862 3916 2991 3979 τοὺς
3045 3915 3554 3995 συνομολογοῦντας
3595 3920 3696 3989 τήν
3756 3923 3891 3974 καθ’

469 4005 609 4060 duas
638 4011 876 4060 natura:
921 4004 1290 4076 praedicamus
1328 4020 1502 4060 unum
1538 4003 1766 4072 Filium,
1811 4020 1982 4059 unam
2020 4002 2118 4059 ad-

2240 4005 2515 4060 Βπόστασιν
2545 4001 2736 4061 ἕνωσιν
2767 4003 3084 4084 δύο’λέγειν
3129 4005 3317 4086 φύσεις
3360 4006 3689 4082 ἀδιαιρέτως
3735 4007 3886 4066 ἐκώ-

470 4104 686 4150 oratam
713 4097 763 4150 et
793 4109 965 4150 unam
989 4109 1097 4150 non
1119 4092 1427 4150 adoratam.
1452 4096 1518 4147 Et
1540 4092 1672 4164 quis
1702 4091 1957 4165 ignorat,
1987 4090 2124 4147 ado-

2240 4104 2406 4152 \uaav.
2439 4093 2539 4153 Καὶ
2568 4096 2671 4170 γάρ
2719 4095 2990 4152 κάνταῦθα
3037 4097 3137 4173 δρα
3183 4101 3300 4160 πῶς
3351 4119 3513 4179 φησιν
3563 4100 3591 4154 6
3641 4100 3889 4155 Ἀθανά-

470 4189 661 4240 ratum
693 4187 752 4239 et
781 4200 897 4240 non
921 4183 1226 4240 adoratum
1256 4182 1316 4238 in
1338 4182 1486 4238 duas
1517 4181 1754 4254 quidem
1776 4181 2118 4254 hypostases

2240 4182 2358 4244 ιίοςο
2416 4185 2497 4242 Οὐ
2556 4181 2651 4240 δύο
2709 4183 2893 4264 φύσεις
2959 4184 3342 4263 ὁμολογοῦμεν
3413 4187 3505 4243 τὸν
3577 4186 3669 4244 ἕνα
3723 4189 3886 4257 Υἱὸν,

469 4273 735 4358 dividunt
765 4288 970 4340 unum,
1005 4272 1426 4344 hypostaticam
1461 4271 1732 4358 unionem
1767 4271 2118 4341 praedicant?

2240 4270 2348 4327 ιίαν
2451 4275 2833 4349 προσκυνητὴν
2940 4276 3029 4330 καὶ
3172 4274 3298 4350 μίαν
3426 4277 3851 4353 ἂπροσκύνητον
3864 4317 3882 4334 .

488 4358 715 4420 Ακούεις
745 4363 862 4420 πῶς
902 4359 1020 4414 εἶπε
1076 4358 1452 4434 προσκυνητήν
1503 4357 1593 4412 καὶ
1643 4357 2076 4431 ἂπροσκύνητον.
2125 4358 2224 4414 Καὶ
2271 4361 2356 4424 τίς
2395 4360 2495 4417 οὐκ
2559 4359 2702 4418 οἶδεν
2769 4362 2853 4418 ὅτι
2908 4365 2971 4419 τὸ
3022 4367 3393 4437 προσκυνητὸν
3442 4366 3533 4420 καὶ
3589 4363 3881 4441 ἀπροσκῦ-

469 4469 628 4518 νητον
657 4451 680 4483 ⁴
710 4446 786 4512 εἷς
816 4445 910 4504 δύο
937 4449 1030 4522 μὲν
1064 4448 1381 4513 ὑποστάσεις
1406 4446 1665 4522 τέμνουσι
1693 4447 1784 4504 τὸν
1811 4444 1923 4521 ἕνα,
1953 4447 2052 4518 την
2084 4449 2205 4503 καθ’
2235 4448 2525 4508 ὑπόστασιν
2557 4449 2614 4508 δὲ
2641 4448 2832 4509 ἕνωσιν
2862 4452 3288 4530 ἐκκηρύττουσιν
3324 4474 3338 4527 ;

557 2578 618 2635 Si
647 2592 783 2634 vero
814 2577 942 2648 quis
976 2575 1146 2632 nobis
1176 2573 1566 2632 Athanasium
1601 2575 1856 2648 proferat
1887 2573 2035 2631 libro
2066 2575 2139 2630 De

489 2667 895 2733 incarnatione,
929 2665 1270 2738 Gregorium
1299 2664 1436 2720 item
1458 2664 1960 2736 Thaumaturgum
1988 2663 2046 2720 in
2069 2662 2138 2719 li.

489 2760 594 2815 bro
627 2759 703 2814 De
730 2757 837 2828 ﬁde
858 2753 1218 2829 particulari,
1245 2753 1621 2825 prohibentes
1653 2753 1798 2809 duas
1827 2751 1886 2809 in
1909 2752 2134 2809 Christo

488 2863 745 2905 asserere
782 2854 1054 2902 naturas:
1088 2844 1232 2901 sciat
1261 2843 1360 2900 ille
1403 2844 1487 2914 (ut
1520 2859 1671 2916 saepe
1702 2843 1828 2914 jam
1861 2841 2134 2930 diximus)

486 2953 673 3008 neque
695 2934 949 3007 reliquos
981 2935 1174 2990 Patres
1193 2933 1340 2989 duas
1369 2938 1609 2989 naturas
1633 2947 1910 2996 asserere,
1943 2945 2133 3003 neque

486 3042 664 3084 unam
697 3023 1026 3094 complecti,
1071 3024 1169 3079 sed
1202 3027 1260 3078 et
1306 3022 1637 3094 frequenter
1666 3021 1964 3092 rejecisse;
2000 3024 2133 3092 post

482 3115 640 3170 enim
671 3114 983 3168 adductam
1015 3110 1245 3167 indivisi
1275 3126 1492 3171 vocem,
1540 3125 1725 3182 neque
1758 3118 1972 3166 temere
2003 3125 2130 3166 am-

539 4587 652 4646 Sed
684 4587 877 4656 magni
897 4589 1200 4646 Athanasii
1230 4605 1440 4646 sensus
1470 4585 1664 4645 clarus
1690 4591 1799 4644 est.
1829 4587 2113 4645 Testimo-
2147 4591 2193 4658 Β

471 4679 633 4736 nium
655 4675 1506 4750 quodGregoriiThaumaturgi
1533 4674 2109 4747 nominesubjicitur,

468 4769 630 4826 illius
666 4767 903 4840 quidem
928 4783 1052 4823 esse
1083 4766 1320 4834 dicitur,
1349 4767 1445 4822 sed
1480 4764 1823 4836 Apollinarii
1856 4783 1981 4822 esse
2010 4767 2109 4823 ab-

469 4858 724 4917 surditas
754 4856 853 4914 illa
880 4857 1186 4913 manifeste
1219 4855 1492 4914 declarat.
1518 4855 1702 4912 Habet
1721 4855 1908 4913 enim:
1944 4859 2005 4914 Et
2032 4863 2114 4914 est

467 4967 628 5007 verus
669 4949 809 5005 Deus
855 4946 976 5003 sine
1015 4963 1180 5003 carne
1209 4949 1270 5002 in
1316 4961 1481 5002 carne
1526 4947 1701 5011 visus,
1738 4947 2011 5018 perfectus
2056 4949 2114 5002 in

467 5055 598 5094 vera
628 5047 680 5094 et
719 5037 906 5092 divina
936 5037 1294 5108 perfectione,
1344 5051 1455 5090 non
1491 5034 1613 5090 dum
1642 5049 1903 5105 personas,
1946 5050 2116 5107 neque

467 5127 594 5184 dua:
620 5133 862 5185 naturae.
913 5127 1096 5199 Neque
1125 5129 1274 5182 enim
1323 5129 1558 5198 quatuor
1602 5123 1833 5180 adorare
1854 5123 2110 5181 dicimus.

472 5215 639 5270 Vides
657 5217 946 5287 quomodo
977 5220 1170 5288 pateat
1194 5215 1486 5287 impietas.
1509 5214 1654 5272 Nam
1683 5214 1996 5286 perfectum
2021 5214 2116 5270 di-

472 5303 682 5359 censin
706 5304 1028 5374 divinitate,
1054 5305 1476 5362 humanitatem
1491 5305 1819 5372 reticuit;et
1841 5303 2112 5375 adjicere,

2294 4585 2456 4645 Ἀλλ’
2485 4591 2519 4661 ἡ
2554 4591 2649 4664 μὲν
2687 4594 2784 4646 τοῦ
2816 4591 3061 4669 μεγάλου
3092 4593 3415 4652 Ἀθανασίου
3439 4592 3640 4650 διάνοια
3692 4589 3889 4664 δήληο

2219 4679 2254 4747 ἡ
2283 4674 2340 4732 δὲ
2357 4679 2448 4734 τὸν
2477 4679 2891 4756 θαυματουργὸν
2926 4681 3234 4760 Γρηγόριον
3260 4678 3676 4752 ὑποϐαλλομένη
3715 4688 3892 4756 χρῆ..

2223 4787 2305 4830 σις
2335 4764 2568 4842 (λέγεται
2618 4769 2712 4842 μὲν
2771 4771 2875 4846 γὰρ
2922 4769 3149 4845 ἐκείνου,
3203 4774 3295 4829 τὸν
3343 4771 3400 4829 δὲ
3448 4768 3892 4848 ’Δπολλινάριον

2223 4857 2547 4932 εἰσκομίζει)
2605 4859 2926 4934 κατάφωρον
2975 4861 2999 4897 ⁴
3046 4857 3425 4936 προϐάλλεται
3475 4861 3578 4931 τὴν
3623 4860 3894 4920 ἀτοπίαν.

2225 4945 2378 5020 Λέγει
2441 4949 2563 5024 γάρ’
2625 4949 2725 5004 Καὶ
2783 4945 2896 5006 ἔστι
2953 4952 3085 5014 Θεὸς
3142 4950 3402 5025 ἀληθινὸς
3459 4953 3487 5007 6
3536 4949 3782 5028 ἄσαρκος
3841 4951 3900 5008 ἒν

2223 5036 2381 5111 σαρκὶ
2440 5038 2788 5114 φανερωθεὶς,
2871 5039 3083 5104 τέλειος
3167 5045 3236 5116 τῇ
3321 5040 3557 5116 ἀληθινῇ
3617 5042 3711 5098 καὶ
3767 5044 3902 5115 θείᾳ

2223 5122 2550 5198 τελειότητι,
2633 5126 2693 5182 οὐ
2771 5126 2865 5185 δύο
2949 5130 3220 5205 πρόσωπα
3294 5129 3420 5186 οὐδὲ
3478 5128 3577 5185 δύο
3666 5130 3896 5211 φύσεις·

2224 5211 2353 5270 οὐδὲ
2432 5215 2531 5292 γάρ
2614 5214 2876 5293 τέσσαρας
2977 5225 3290 5296 προσκυνεῖν
3393 5217 3654 5297 λέγομεν.
3717 5222 3910 5300 Ὁρᾷς

2224 5302 2376 5369 ὅπως
2406 5306 2693 5386 προφανής
2736 5309 2771 5379 ἠ
2806 5303 3128 5382 δυσσέϐειας
3176 5311 3244 5367 T6
3292 5309 3500 5369 τέλειον
3560 5311 3672 5388 γὰρ
3715 5311 3912 5369 εέπὼν

1841 5462 2076 5520 VARle
2113 5462 2416 5524 LECTION
2421 5466 2505 5524 ES

541 5602 590 5686 93
621 5602 1040 5686 ἑ.κ‹ιιτέρσι..ίιοι·ι“λ
1059 5609 1147 5686 AA:
1178 5676 1191 5686 ‘
1217 5608 1468 5686 ἑκατέραν
1502 5609 1565 5686 ς’
1572 5651 1587 5668 .
1665 5611 1741 5686 __°'
1771 5607 1997 5686 ἑκατέρᾳ
2026 5628 2173 5686 corr.
2207 5616 2280 5686 Α.

541 5609 589 5638 ⁹⁷
621 5609 850 5678 ἑκατέρα
879 5621 1025 5662 corr.
1059 5609 1103 5665 Α
1133 5624 1147 5663 :
1217 5609 1468 5683 ἑκατέραν
1572 5651 1587 5668 .

471 5679 492 5711 ²
525 5670 670 5748 οὔτε]
704 5693 778 5736 an
811 5673 987 5738 οὕτως
1012 5677 1042 5732 ?
1112 5676 1138 5712 ³
1166 5609 1684 5754 ἀσπάσασθαιῖιῃει

1692 5613 1741 5695 ξε
1771 5613 1997 5700 ἑκατέρᾳ
2026 5628 2173 5670 corr.
2207 5616 2280 5671 Α.
2380 5613 2447 5702 '99
2475 5613 2631 5674 ἑκατέ
2666 5639 2713 5692 ῳ
2741 5621 2818 5679 A:
2849 5623 2929 5693 τῷ
2966 5616 3200 5698 ἑκατέρῳ
3230 5618 3314 5698 ς’.
3423 5627 3438 5664 ¹
3491 5627 3591 5680 τοῦ
3645 5628 3806 5689 add.
3849 5639 3924 5692 Δ.

1690 5699 1768 5744 1m
1797 5684 2133 5742 απωσασθαι.
2212 5684 2234 5720 ⁸
2260 5703 2572 5767 καταφορον
2610 5636 2698 5767 ξ.
