4138 6228
287 349 434 408 1οι1

1420 344 1961 407 BIBLIOTHECA.
2013 376 2085 385 —
2129 343 2300 402 COD.
2351 341 2624 402 CCXXX.

3556 343 3706 404 1042

287 483 425 538 κατὰ
453 483 552 551 την
585 475 832 551 θεότητα,
861 479 952 535 τῦν
1009 480 1410 555 ἀνορωπότητα
1449 477 1734 541 παντελῶς
1780 477 1925 532 ἐσιώ-

2053 479 2172 532 sine
2197 491 2371 532 carne
2399 479 2458 531 in
2487 492 2653 532 carne
2697 492 3011 547 apparens,
3050 477 3240 549 impias
3279 477 3521 534 cultura:
3555 495 3719 536 acer-

284 592 450 642 πησε.
509 570 612 626 Καὶ
671 570 734 624 τὸ
801 574 1083 643 προειπεῖν
1154 567 1236 641 δὲ,
1295 571 1324 624 ὁ
1383 569 1618 643 ἄσαρκος
1675 567 1728 622 ἐν
1788 567 1948 640 σαρκὶ

286 659 646 736 φανερωθεξς,
699 665 797 728 si;
843 657 1237 733 Ἀπολιναρίου
1301 651 1714 732 φρενοϐλαϐοὖς
1771 674 1953 730 γεωρ·

283 748 406 827 γίας
429 749 625 821 πικρόν
658 746 769 803 ἐστι
803 745 1121 823 βλᾶστημα.

358 834 541 894 ’Λλλᾶ
567 837 671 914 γὰρ
700 836 789 892 καὶ
906 843 1131 912 χρῆσις,
1161 839 1228 908 ἢν
1277 839 1312 907 ἡ
1353 833 1563 910 α’ίρεσις
1607 833 1946 911 προκομίζει

285 922 346 982 ἒκ
369 932 472 996 τῆς
501 926 640 1001 πρὸς
663 926 944 982 Διονύσιον
977 924 1276 992 ἐπιπολῆς
1294 929 1394 983 τοῦ
1424 922 1665 982 Ἰουλίου
1705 924 1946 1011 Ῥώμης,

284 1013 662 1096 ἀναμφίϐολον
714 1017 808 1090 μὲν
858 1015 958 1072 οὐκ
987 1012 1109 1092 ἔχει
1158 1016 1221 1072 τὸ
1260 1017 1487 1094 γνήσιον
1519 1044 1530 1058 ο
1574 1016 1603 1071 ὁ
1653 1016 1758 1090 γὰρ
1796 1015 1945 1090 ἱερὸς

285 1104 582 1180 Κόριλλος,
634 1104 687 1161 ἐν
735 1109 804 1180 τῇ
846 1106 965 1161 κατ’
1018 1113 1249 1180 Ἔφεσον
1301 1103 1514 1180 συνόδῳ
1563 1105 1622 1162 ἐκ
1666 1113 1766 1176 τῆς
1810 1106 1946 1181 πρὸς

283 1197 475 1252 Δόκιον
554 1193 854 1266 ἐπιστολῆς
929 1195 1096 1251 αὐτοῦ
1156 1197 1344 1275 χρείαν
1429 1197 1786 1273 προενεγκὼν,
1845 1195 1945 1252 οὐκ

282 1286 511 1355 ἠξίωσεν
545 1284 621 1348 εἷς
663 1287 890 1359 μνήμην
917 1284 1122 1357 ταύτης
1153 1285 1353 1345 ἐλθεῖν.
1385 1288 1483 1342 ’Ὴν
1526 1283 1584 1342 δὲ
1619 1290 1688 1361 τῇ
1730 1283 1942 1358 συνόδῳ

284 1372 697 1452 προανέγνωσεν
727 1377 773 1447 ⁵,
833 1375 981 1431 οὕτω
1047 1381 1168 1441 τοῖς
1227 1377 1469 1451 ῥήμασιν
1519 1371 1636 1454 ἔχει
1671 1393 1685 1407 ⁶
1745 1381 1802 1430 Ὁ
1843 1381 1940 1432 τοῦ

285 1469 422 1523 Θεοῦ
485 1466 608 1528 Υἱὸς
669 1466 950 1537 σκηνώσας
1020 1465 1072 1521 ἐν
1147 1465 1476 1542 ἀνθρώποις,
1545 1465 1645 1522 οὐκ
1717 1465 1769 1521 ἐν
1846 1467 1939 1521 ἀν-

284 1557 492 1631 θρώπῳ
548 1555 859 1632 ἐνεργήσας,
918 1555 1130 1618 τὲλειος
1184 1556 1317 1620 Θεὸς
1373 1554 1426 1611 ἐν
1489 1557 1670 1631 σαρκὶ,
1728 1555 1937 1619 τέλειος

282 1647 572 1722 ἄνθρωπος
614 1642 669 1700 ἐν
711 1644 988 1719 Πνεύματι
1023 1662 1038 1677 ⁸
1090 1645 1155 1702 οὐ
1202 1643 1298 1702 δύο
1339 1645 1471 1716 υἱοὶ,
1521 1649 1598 1709 εἷς
1650 1646 1747 1718 μὶν
1797 1647 1937 1723 γνή-

280 1754 398 1796 σιος
449 1735 575 1798 Υἱὸς
618 1729 912 1791 ἀναλαϐὼν
959 1735 1266 1810 ἄνθρωπον,
1317 1737 1449 1809 [446
1504 1736 1596 1807 Η.]
1644 1732 1828 1810 ἕτερος
1877 1732 1934 1790 δὲ

2072 567 2214 622 bum
2241 570 2332 622 est
2361 582 2628 639 germen.

2128 847 2238 903 Sed
2286 847 2442 903 enim
2483 846 2879 904 testimonium
2932 847 3088 919 quod
3136 845 3376 904 haeresis
3427 847 3590 904 atl‘ert
3636 865 3704 904 ex

2057 935 2298 1007 epistola
2341 935 2483 992 Julii
2513 936 2757 992 Romani
2809 937 2880 992 ad
2929 935 3292 1008 Dionysium,
3345 936 3485 993 baut
3526 937 3702 993 dubie

2057 1040 2174 1080 non
2231 1028 2321 1080 est
2372 1025 2720 1097 genuinum.
2779 1024 3006 1081 Etenim
3056 1029 3297 1081 sanctus
3343 1024 3596 1096 Cyrillus
3643 1026 3704 1082 in

2055 1111 2276 1184 synodo
2307 1111 2599 1184 Ephesina
2623 1128 2693 1168 ex
2722 1112 2960 1184 epistola
2991 1113 3062 1168 ad
3098 1112 3333 1169 Decium
3365 1112 3519 1184 [/0rt.
3545 1112 3709 1169 Deci-

2054 1199 2240 1271 mum]
2287 1200 2418 1272 ejus
2451 1216 2621 1256 usum
2673 1200 2990 1270 adducens,
3035 1217 3149 1256 non
3189 1200 3465 1272 dignatus
3509 1207 3599 1256 est
3646 1201 3708 1257 in

2051 1289 2393 1346 memoriam
2421 1288 2607 1359 huius
2637 1289 2854 1356 venire,
2890 1305 3064 1362 quam
3095 1289 3154 1345 in
3187 1291 3404 1361 synodo
3436 1291 3706 1363 cognovit

2050 1377 2143 1436 bis
2171 1379 2400 1436 verbis:
2434 1379 2610 1435 Filius
2655 1380 2754 1435 Dei
2800 1378 3060 1436 habitans
3097 1381 3160 1435 in
3205 1377 3538 1446 hominibus,
3586 1395 3700 1436 non

2047 1471 2106 1524 in
2141 1469 2360 1526 homine
2387 1485 2642 1541 operam,
2665 1470 2938 1540 perfectus
2958 1471 3095 1525 Deus
3115 1470 3173 1524 in
3195 1483 3384 1536 carne,
3421 1471 3695 1540 perlectus

2046 1558 2202 1614 homo
2231 1560 2287 1614 in
2333 1559 2570 1630 Spiritu,
2600 1573 2708 1613 non
2749 1557 2855 1615 duo
2882 1558 3013 1629 ﬁlii,
3046 1574 3191 1614 unus
3230 1558 3448 1629 quidem
3475 1561 3698 1627 genitus

2044 1645 2219 1702 Filius
2249 1661 2480 1703 carnem
2511 1662 2813 1713 assumens,
2857 1648 3004 1702 alter
3031 1662 3160 1704 vero
3191 1646 3351 1702 homo
3399 1649 3568 1703 morti
3597 1647 3697 1703 ob-

2041 1737 2264 1803 noxius,
2315 1745 2623 1807 assumptus
2659 1753 2694 1792 a
2742 1737 2881 1793 Deo:
2931 1736 3025 1792 sed
3067 1753 3209 1792 unus
3255 1735 3582 1806 unigenilus
3631 1738 3690 1790 in

282 1823 482 1894 θνητὸς
542 1822 828 1897 ἄνθρωπος
884 1824 1221 1904 ἀναληφθεὶς
1279 1825 1382 1880 ὑπὸ
1439 1828 1537 1879 τοῦ
1595 1827 1752 1892 Θεοῦ,
1808 1823 1925 1880 ἀλλ

2043 1825 2196 1894 casto,
2230 1805 2554 1895 unigenitus
2583 1827 2644 1882 in
2686 1830 2841 1882 terra
2877 1827 3036 1883 Deus.
3077 1825 3221 1882 Julii
3253 1805 3413 1898 papa
3447 1825 3686 1896 quidem

282 1915 364 1975 εἷς
444 1911 497 1968 ἐν
584 1912 797 1988 οὐρανῷ
857 1915 1188 1990 μονογενὴς,
1277 1913 1578 1989 μονογενής
1665 1912 1750 1969 ἐπὶ
1831 1920 1936 1990 γῆς

282 2001 435 2064 Θεός.
469 2002 533 2057 Ἠ
586 2003 682 2075 μὶν
731 2005 826 2056 τοῦ
873 2001 1107 2058 Ἰουλίου
1154 2003 1315 2077 ῥῆσις
1359 2005 1394 2072 ἡ
1443 2007 1512 2076 τῇ
1564 1999 1776 2076 συνόδῳ
1824 2000 1934 2057 διαο

279 2093 589 2168 γνωσθεῖσα
618 2092 641 2128 ⁸
668 2091 918 2163 τοιαύτη²
954 2092 997 2148 εἰ
1026 2091 1084 2148 δὶ
1115 2090 1338 2170 γνησίαν
1377 2089 1496 2166 ᾔδει
1527 2093 1627 2162 τήν
1659 2093 1842 2169 φωνην
1869 2093 1933 2160 ἣν

278 2178 337 2235 ἐκ
381 2186 485 2250 τῆς
547 2180 684 2255 πρὸς
733 2179 1014 2236 Διονύσιον
1069 2181 1430 2258 προφέρουσιν
1490 2179 1786 2251 ἐπιπολῆς
1839 2180 1930 2236 καὶ

280 2269 519 2344 μάλιστα
569 2271 864 2345 Νεστόριον
911 2271 1362 2346 κατακρίνουσαν,
1411 2269 1509 2325 οὐκ
1565 2269 1626 2324 ἂν
1687 2267 1929 2346 ὑπερεῖδε

275 2361 500 2434 ταύτην.

348 2453 464 2508 Ἔτι
505 2448 564 2506 δὲ
592 2453 807 2508 κάκεῖνο
839 2449 922 2508 δεῖ
967 2449 1220 2522 συνιδεῖν,
1253 2453 1326 2513 ὡς
1373 2453 1402 2506 ὁ
1447 2452 1615 2532 σοφὸς
1651 2451 1924 2528 Κύριλλος

270 2543 366 2598 τὸν
424 2539 709 2617 ἄνθρωπον
762 2541 838 2604 είς
887 2538 1258 2618 παράδειγμα,
1304 2541 1410 2618 οὐχ
1456 2539 1552 2596 ’ίνα
1601 2539 1747 2614 δείξῃ
1796 2542 1924 2616 μίαν

269 2633 431 2712 φύσιν
467 2631 552 2687 ἒπῖ
584 2635 682 2687 τοῦ
715 2635 971 2707 Χριστοῦ,
1021 2627 1462 2706 παραλαμϐάνει,
1494 2634 1620 2706 [848
1653 2633 1744 2704 3.]
1794 2630 1923 2688 ἀλλ’

269 2723 350 2784 ὡς
403 2722 461 2775 ἂν
514 2719 584 2776 δι’
625 2721 793 2778 αὐτοῦ
839 2722 940 2791 τὴν
1000 2723 1122 2776 καθ’
1176 2721 1469 2778 ὑπόστασιν
1516 2719 1705 2777 ἕνωσιν
1746 2742 1924 2796 παρα-

271 2812 472 2886 στήσῃ.
508 2810 604 2866 Καὶ
652 2810 753 2887 γάρ
787 2810 874 2866 ἐπὶ
923 2810 1017 2884 μὲν
1053 2815 1152 2866 τοῦ
1190 2812 1308 2866 καθ’
1357 2813 1504 2885 ἡμᾶς
1551 2812 1922 2889 συγκρίματος

269 2896 546 2974 ἑτεροειδῆ
598 2901 833 2977 φάμενος
862 2900 925 2954 τὸ
975 2903 1133 2973 σῶμα
1171 2900 1260 2954 καὶ
1305 2901 1406 2970 τὴν
1458 2901 1670 2977 ψυχὴν,
1707 2901 1796 2956 καὶ
1844 2900 1922 2965 ὡς

268 2990 531 3044 ἒνωθὲντα
591 2989 716 3061 μίαν
792 2989 1077 3065 ἀνθρώπου
1142 2986 1465 3045 ἀπετέλεσαν
1497 2993 1517 3026 ⁷
1583 2990 1764 3067 φύσιν,
1821 2991 1924 3047 οὐκ

266 3075 537 3153 ἐπήγαγεν
582 3073 705 3133 οὔτε
753 3078 1229 3152 σεσωματωμένην
1279 3075 1402 3134 οὗτε
1463 3078 1830 3157 ἐψυχωμένην
1868 3079 1910 3116 ⁸·

267 3165 353 3222 ἒπὶ
401 3164 457 3221 δὲ
487 3171 584 3222 τοῦ
623 3167 804 3244 Λόγου
857 3167 981 3242 μίαν
1028 3168 1184 3246 φύσιν
1237 3167 1404 3224 εἰπὼν
1453 3169 1610 3233 εὐθὺς
1657 3169 1910 3225 συνάπτει

265 3259 329 3317 τὸ
381 3257 822 3332 σεσαρκωμὲνην.
873 3260 948 3316 Τὸ
987 3258 1090 3334 γὰρ
1139 3257 1420 3321 σπανιάκις
1466 3258 1634 3328 αὖτὴν
1679 3259 1918 3314 ἀποσιω-

263 3354 437 3418 πῆσαι
490 3347 590 3403 οὐκ
634 3346 980 3420 ἐναντιότητα
1027 3354 1127 3418 τῆς
1177 3347 1342 3404 αὐτοῦ
1387 3350 1634 3426 γνώμης,
1686 3343 1917 3424 βεϐαίω-

266 3459 350 3494 σιν
380 3435 438 3492 δὲ
472 3435 687 3513 μᾶλλον
723 3443 988 3513 μαρτυρεῖ
1021 3457 1036 3471 ο
1064 3435 1337 3502 πολλάκις
1363 3438 1486 3514 γὰρ,
1519 3439 1651 3515 ὅπερ
1679 3460 1764 3504 τις
1793 3459 1915 3494 συν-

263 3532 415 3603 εχῶς
446 3522 651 3598 ἀναϐοᾷ
679 3528 770 3582 καὶ
804 3522 1027 3602 βεϐαίαν
1058 3529 1157 3598 τήν
1204 3528 1327 3603 περὶ
1362 3527 1525 3584 αὖτοῦ
1557 3527 1712 3600 δόξαν
1757 3532 1915 3583 πᾶσιν

261 3615 546 3690 ἐνιδρύσας
597 3615 759 3688 οἶδεν,
792 3617 868 3678 ὡς
915 3615 1360 3692 ὁμολογούμενον
1405 3618 1493 3672 καὶ
1534 3614 1706 3686 δῆλον
1747 3616 1916 3673 ἐνίοτε

263 3707 584 3776 ἀποσιωπᾷ,
617 3703 707 3761 διὰ
739 3712 837 3776 τῆς
867 3712 1029 3782 σιγῆς
1059 3704 1159 3760 οὐκ
1197 3705 1400 3762 ἀθετῶν
1433 3707 1463 3762 ’ὁ
1493 3705 1766 3770 πολλάκις
1811 3705 1913 3761 ἀν-

265 3795 524 3870 εκήρυξεν
558 3797 598 3867 ³,
631 3793 777 3850 ἀλλὰ
828 3791 1032 3857 δεικνὺς
1063 3792 1206 3850 οὕτω
1260 3789 1479 3871 βέεαιον
1510 3793 1644 3850 εἶναι
1693 3795 1784 3849 καὶ
1814 3815 1914 3849 πε-

261 3885 510 3964 ριφανὲς,
568 3883 644 3946 ὡς
704 3882 898 3958 μηκέτι
958 3889 1142 3962 ῳωνῆς
1200 3881 1342 3958 μηδὲ
1402 3884 1628 3957 μνήμης
1686 3879 1912 3940 δεῖσθαι.

261 3975 424 4029 Οῧτω
460 3972 640 4028 τοίνυν
696 3971 788 4028 καὶ
829 3972 856 4026 ὁ
905 3973 1072 4050 σοφὸς
1118 3972 1207 4028 καὶ
1249 3969 1566 4033 ἁδίστακτος
1615 3972 1714 4041 τήν
1765 3972 1913 4026 εὐσε-

263 4059 419 4118 ϐειαν
471 4061 743 4136 Κόριλλος
788 4061 850 4117 τό
901 4061 1026 4136 μίαν
1079 4059 1317 4135 δοξάζειν
1367 4061 1522 4139 φύσιν
1566 4063 1664 4116 τοῦ
1709 4060 1912 4136 Λόγου,

261 4154 354 4208 καὶ
410 4151 612 4221 ταύτην
665 4151 1106 4228 σεσαρκωμένην,
1155 4151 1245 4207 καὶ
1312 4148 1436 4206 οὐδὲ
1489 4155 1655 4206 τοῦτο
1724 4148 1915 4212 ἁπλῶς

262 4241 415 4298 ἀλλά
445 4243 600 4317 ψυχῇ
620 4247 781 4316 νοερᾷ
807 4263 865 4297 τε
889 4243 934 4280 ¹⁰
963 4243 1053 4296 καὶ
1077 4239 1296 4318 λογικῇ,
1318 4243 1480 4296 τοῦτο
1510 4237 1576 4310 δὴ
1595 4243 1757 4296 τοῦτο
1779 4259 1914 4315 προ-

263 4325 598 4388 καταϐαλὼν
627 4333 668 4367 ¹¹
729 4331 818 4386 καὶ
877 4329 1326 4406 προθεμελιώσας
1384 4329 1436 4385 ἐν
1496 4334 1616 4391 ταῖς
1673 4329 1919 4385 ἁπάντων

1943 3128 1985 3195 C

2045 1913 2219 1970 verba
2250 1913 2308 1969 in
2340 1915 2562 1988 synodo
2609 1913 2756 1972 lecta
2788 1916 2912 1972 haec
2955 1916 3091 1983 fere,
3142 1914 3262 1970 sive
3302 1931 3498 1969 veram
3526 1919 3698 1970 sonat

2043 2019 2266 2072 vocem,
2297 2019 2472 2076 quam
2501 2019 2570 2060 ex
2599 2005 2843 2078 epistola
2882 2006 2954 2060 ad
2998 2005 3340 2074 Dionysium
3370 2003 3694 2074 adducunt,

2041 2097 2099 2149 et
2129 2093 2382 2148 maxime
2411 2093 2744 2151 Nestorium
2777 2094 3064 2151 damnans
3094 2094 3248 2150 hanc
3277 2109 3394 2148 non
3425 2098 3686 2149 contem-

2041 2183 2176 2255 psit.

2106 2462 2188 2517 Ad
2208 2461 2328 2517 haec
2349 2464 2406 2516 et
2425 2459 2567 2516 illud
2587 2461 2917 2528 sciendum,
2937 2458 3174 2514 beatum
3196 2454 3474 2527 Cyrillum
3495 2453 3683 2509 homi-

2035 2566 2168 2606 nem
2203 2565 2414 2622 pouere
2437 2565 2538 2620 pro
2559 2548 2843 2620 exemplo,
2867 2562 2982 2601 non
3007 2549 3072 2600 ut
3091 2543 3357 2599 ostendat
3379 2557 3558 2596 unam
3582 2557 3682 2594 na-

2033 2644 2230 2695 turam
2263 2639 2323 2693 in
2366 2637 2601 2695 Christo
2645 2651 2872 2708 capere,
2905 2633 3005 2690 sed
3047 2639 3114 2688 ut
3159 2631 3348 2688 2721)
3420 2644 3522 2700 per
3569 2627 3680 2682 hoc

2031 2727 2307 2785 unionem
2340 2727 2660 2783 constituat
2679 2721 3128 2796 bypostaticam.
3152 2720 3379 2775 Etenim
3405 2718 3464 2773 in
3496 2715 3682 2772 nostri

2031 2814 2485 2888 comparatione,
2530 2814 2770 2870 diverse
2801 2813 2998 2868 formae
3039 2825 3251 2881 corpus
3294 2811 3352 2864 et
3391 2806 3677 2873 animam,

2033 2915 2094 2962 ut
2138 2905 2299 2961 unita
2341 2919 2518 2959 unam
2558 2902 2870 2974 perfectam
2911 2899 3169 2956 hominis
3212 2903 3512 2966 naturam,
3561 2911 3676 2951 non

2031 2994 2246 3066 adjecit
2282 2999 2626 3064 eorporatam
2673 2999 2725 3048 et
2772 2992 3108 3057 animatam;
3161 2987 3220 3042 in
3271 2985 3455 3042 Verbo
3495 3000 3674 3040 unam

2032 3091 2296 3140 naturam
2317 3083 2536 3150 dicens,
2561 3081 2755 3138 statim
2785 3080 3056 3150 adjungit
3075 3079 3444 3133 inearnatam.
3466 3072 3676 3130 Rarius

2023 3175 2179 3230 enim
2198 3173 2355 3228 illam
2371 3167 3216 3241 tacuisse,nonrepugnantiam
3231 3165 3672 3231 sententiarum,

2024 3263 2123 3319 sed
2156 3261 2343 3332 magis
2389 3261 2893 3317 conﬁrmationem
2942 3261 3211 3312 testatur.
3259 3256 3668 3326 Sepenumero

2024 3351 2176 3407 enim
2202 3351 2351 3423 quod
2375 3351 2508 3422 quis
2530 3350 2767 3407 assiduo
2790 3347 3030 3413 clamat,
3048 3351 3107 3402 et
3125 3343 3375 3400 validam
3399 3343 3525 3413 ejus
3549 3341 3672 3414 opi-

2024 3443 2258 3501 nionem
2287 3443 2565 3500 omnibus
2604 3439 2930 3505 inculcans,
2962 3439 3121 3496 novit
3151 3442 3216 3494 ut
3253 3437 3584 3494 confessum
3615 3438 3673 3492 et

2025 3533 2272 3603 clarum,
2305 3533 2602 3590 interdum
2640 3531 2908 3597 tacendo,
2940 3528 3172 3584 silentio
3206 3543 3320 3583 non
3353 3525 3674 3582 contemnit

2024 3625 2173 3698 quod
2205 3624 2420 3696 saepius
2443 3622 2620 3678 dixit:
2648 3621 2750 3678 sed
2783 3616 3201 3676 ostendensila
3230 3617 3464 3671 tirmum
3500 3624 3673 3684 atque

2024 3718 2293 3786 apertum
2321 3729 2471 3781 esse,
2505 3720 2562 3767 ut
2601 3727 2707 3768 nec
2740 3709 2951 3776 verbis,
2987 3723 3091 3762 nec
3123 3703 3673 3760 commemoratione

2025 3805 2268 3876 amlilius
2297 3803 2576 3874 indigeat.
2610 3801 2706 3857 Sic
2735 3799 2918 3872 igitur
2947 3797 3152 3852 doctus
3181 3798 3238 3849 et
3267 3793 3398 3864 pius
3429 3791 3673 3846 minime

2027 3893 2306 3949 vacillans
2353 3889 2599 3964 Cyrillus
2651 3903 2830 3944 unum
2880 3886 3046 3942 docet
3086 3882 3253 3938 Verbi
3289 3885 3583 3944 naturam,
3617 3882 3674 3932 et

2024 3981 2185 4039 illam
2211 3981 2600 4048 incarnatam;
2625 3976 2809 4033 ethoc
2833 3991 2949 4030 non
2971 3969 3446 4045 simpliciter,sed
3472 3967 3675 4023 anima

2024 4070 2297 4128 rationali
2318 4073 2375 4126 et
2398 4065 2775 4139 intelligibili,
2793 4064 2916 4121 haec
2931 4065 3337 4130 assumens,et
3357 4065 3524 4114 antea
3548 4059 3676 4112 tun-

2025 4156 2175 4212 dans
2205 4155 2264 4211 in
2297 4153 2560 4212 omnium
2613 4149 2824 4207 animis
2867 4163 2970 4221 per
2998 4146 3416 4219 cognitionem,
3457 4147 3516 4198 et
3559 4158 3673 4197 non

2029 4244 2546 4314 dubitationem,et
2569 4245 2788 4296 naturai
2823 4235 3404 4310 comprehensionem
3428 4248 3496 4287 ex
3521 4238 3675 4303 parte

2029 4351 2319 4398 asserens,
2353 4333 2550 4390 omisit
2585 4331 2872 4402 reliquum
2909 4326 3096 4384 etl'erri
3119 4333 3173 4382 et
3198 4324 3400 4381 audire
3425 4338 3438 4376 :
3462 4321 3675 4377 etenim

265 4424 500 4495 ψυχαῖς,
535 4416 623 4473 διά
659 4440 719 4474 τε
749 4419 812 4475 τὸ
860 4420 1141 4496 γνώριμον
1170 4420 1259 4475 καὶ
1310 4414 1794 4499 ἀναμφισϐήτητον
1828 4419 1916 4475 καὶ

2037 4424 2216 4480 multa
2245 4423 2484 4496 cogitat,
2507 4437 2620 4478 non
2643 4419 2835 4476 verbis
2861 4424 2918 4474 et
2937 4415 3272 4474 nominibus
3294 4427 3533 4469 sensum
3553 4425 3676 4466 cre-

2243 4513 2258 4524 .
2435 4518 2444 4524 .
2638 4510 2650 4524 .
2797 4514 2806 4524 .
3158 4504 3452 4524 A__._____
3502 4505 3675 4524 _._..-

263 4511 328 4564 τὸ
358 4508 628 4582 σύντομον
655 4511 754 4574 τῆς
804 4511 988 4586 φωνῆς
1025 4507 1133 4563 ἀπὸ
1179 4509 1379 4584 μέρους
1429 4507 1598 4564 εἲπὼν
1635 4507 1808 4586 ἀφῆκε
1854 4510 1916 4565 τὸ

266 4597 466 4653 λοιπὸν
520 4599 970 4671 συνεκφωνεῖσθαι
1010 4596 1102 4652 καὶ
1152 4595 1612 4672 συνεξακούεσθαι.
1664 4597 1763 4654 Καὶ
1812 4599 1918 4674 γὰρ

266 4687 414 4744 ἐστιν
449 4689 606 4750 οὗτος
639 4690 667 4743 ὁ
709 4687 886 4752 πολὺς
917 4687 969 4743 ἐν
1021 4685 1252 4760 διανοίᾳ,
1302 4687 1363 4744 οὐ
1402 4693 1520 4751 τοῖς
1569 4688 1779 4764 ῥήμασι
1826 4689 1916 4745 καὶ

263 4782 383 4840 τοῖς
443 4774 698 4852 ὀνόμασιν
745 4777 828 4833 ἀεὶ
885 4778 976 4834 τὸν
1031 4781 1152 4833 νοῦν
1203 4777 1630 4847 καταπιστεῦων,
1685 4783 1802 4842 τοῖς
1861 4775 1917 4832 δὲ

263 4870 506 4941 νοήμασι
541 4869 629 4924 καὶ
663 4869 730 4924 τά
777 4869 998 4941 ῥήματα
1035 4868 1124 4923 καὶ
1171 4869 1238 4922 τά
1285 4868 1528 4942 ὀνόματα
1565 4866 1920 4948 συμμεταφέ-

265 4977 379 5034 ρων
405 4976 466 5011 τε
513 4956 606 5012 καὶ
655 4958 1162 5032 μεθαρμοζόμενος.
1196 4958 1400 5014 ’Ἄκουε
1446 4957 1548 5033 γὰρ
1594 4959 1646 5013 τί
1716 4960 1812 5033 μὲν
1863 4957 1915 5013 ἐν

264 5068 352 5118 τῳ
381 5047 588 5120 πρώτῳ
625 5052 734 5102 τῶν
785 5050 1072 5124 θησαυρῶν
1102 5045 1274 5126 λέγει,
1319 5048 1372 5104 τί
1419 5045 1476 5103 δὲ
1525 5047 1578 5104 ἐν
1615 5053 1735 5110 ταῖς
1785 5049 1920 5123 app;

262 5134 572 5192 Σοόκενσον
618 5135 960 5200 ἐπιστολαῖς.
998 5138 1088 5195 Ἐν
1127 5136 1320 5211 ἰκείνῳ
1362 5138 1457 5212 μὶν
1487 5136 1590 5214 γάρ
1641 5159 1774 5218 φησι
1825 5139 1916 5193 τὸν

261 5223 398 5282 Θεὸν
425 5225 470 5262 η
508 5223 707 5303 Λόγον,
744 5225 877 5300 ὑπὲρ
917 5228 1081 5300 ἡμῶν
1113 5226 1373 5304 ἀρχιερέα
1418 5225 1704 5302 γεγονότα,
1737 5225 1917 5300 ὥσπερ

255 5317 386 5373 τινὰ
443 5313 665 5392 ποδήρη
715 5316 805 5372 τὸν
865 5314 926 5372 ἐκ
971 5315 1180 5392 Μαρίας
1230 5315 1514 5393 ἄνθρωπον
1569 5315 1604 5388 ἢ
1647 5317 1741 5372 τὸν
1792 5317 1916 5372 ναὸν

2027 4513 2130 4584 dit,
2163 4513 2261 4568 sed
2295 4518 2488 4569 mente
2537 4510 2711 4566 verba
2758 4514 2816 4565 et
2860 4507 3099 4563 nomina
3151 4504 3456 4560 conferens
3500 4505 3678 4571 atque

2029 4600 2745 4660 accommodans.Attende
2759 4597 2898 4670 quid
2919 4597 3065 4652 libro
3082 4592 3676 4667 primoThesaurorum

2029 4691 2207 4761 dicat,
2238 4697 2297 4747 et
2326 4691 2466 4763 quid
2501 4691 2561 4745 in
2592 4687 2854 4762 epistolis
2884 4686 2953 4740 ad
2987 4684 3367 4740 Succensum.
3405 4680 3485 4736 Ibi
3517 4678 3674 4734 enim

2028 4780 2198 4838 dicit:
2234 4782 2397 4837 Deum
2454 4779 2683 4836 Verbum
2725 4792 2832 4849 pro
2870 4775 3030 4830 nobis
3060 4788 3338 4828 summum
3365 4768 3678 4841 pontiﬁcem

2025 4874 2256 4942 factum,
2279 4879 2542 4942 tanquam
2573 4873 2768 4925 vestem
2790 4867 3058 4938 aliquam,
3081 4879 3149 4920 ea:
3179 4861 3348 4916 Maria
3373 4860 3676 4922 hominem,

2029 4962 2113 5018 vel
2159 4963 2424 5033 templum
2456 4973 2748 5016 resumere.
2795 4957 2900 5011 Hic
2931 4968 3101 5010 vero:
3150 4951 3269 5006 Non
3315 4949 3471 5003 homo
3503 4947 3680 5014 igitur

2025 5056 2202 5124 [actus
2249 5055 2346 5122 est,
2394 5066 2503 5108 non
2541 5054 2727 5106 autem
2774 5047 3052 5103 hominem
3095 5042 3347 5098 assumit.
3381 5037 3679 5104 Quomodo

2028 5156 2165 5214 ergo
2188 5141 2266 5198 ibi
2289 5141 2552 5213 quidem,
2572 5154 2680 5194 non
2712 5134 3023 5203 assumpsit,
3054 5133 3148 5188 hic
3181 5146 3316 5186 vero
3345 5127 3682 5198 assumpsit?

2029 5231 2296 5301 Seipsum
2341 5228 2646 5302 eXplanat;
2695 5225 2932 5284 adducit
2976 5224 3130 5280 enim
3175 5219 3439 5278 Nestorio
3470 5216 3676 5274 videri.

2029 5320 2175 5387 Quid
2199 5321 2308 5376 hoc
2330 5319 2488 5377 aliud
2509 5321 2598 5374 ost
2615 5317 2723 5373 nisi
2747 5315 2941 5372 verbis
2963 5327 3204 5371 sensum
3231 5308 3484 5373 credere,
3509 5302 3681 5361 verba

1611 5472 1702 5530 VA
1711 5473 1851 5530 RI/E
1898 5473 2312 5532 LECTIONES.

331 5635 358 5670 ⁵
394 5631 770 5708 ἐπανὲγνωσεν
813 5631 877 5707 ς’
881 5672 896 5689 .
971 5633 993 5669 ⁸
1023 5628 1480 5706 διαναγνωσθεῖσα
1511 5627 1593 5756 ἷ.

343 5709 507 5756 νοιοᾶ
545 5724 604 5756 τε
635 5709 680 5756 Δ
713 5721 729 5756 :
758 5705 829 5756 τῆ
859 5707 1019 5756 νοεοᾶ
1049 5702 1132 5756 ς’.
1210 5702 1253 5741 ¹¹
1283 5719 1525 5756 ποοκατα
1568 5720 1593 5752 a

1681 5631 1702 5666 ⁷
1728 5627 2050 5702 ἀπετέλεσαν
2081 5626 2356 5702 ἀνθρώπῳ
2396 5626 2477 5702 ς.

2584 5625 2609 5659 ⁸
2637 5622 3044 5702 ἐμψυχωμίνην
3078 5623 3142 5698 ς’
3147 5665 3160 5680 .
3255 5622 3280 5657 ⁹
3309 5616 3560 5693 ἒκήρυξεν
3592 5617 3678 5692 ς’.

260 5709 312 5749 ίο
343 5709 507 5781 νοερᾷ
545 5694 604 5760 τὶ
635 5709 680 5761 Δ
713 5721 729 5761 :
758 5694 1019 5780 τῇ’νοερᾷ
1049 5702 1132 5778 ς’.
1191 5694 1253 5741 ’ίί
1283 5694 1718 5775 προκαταλαϐὼν
1753 5701 1836 5776 ς.
1916 5703 1962 5740 ¹²
1991 5702 2125 5760 libri
2156 5694 2319 5759 θεῖον.
