4154 6218
354 350 512 412 1045

1477 349 2016 410 BIBLlOTHECA.
2063 379 2136 390 —
2181 347 2356 406 CUD.
2403 347 2682 406 CCXXX.

3599 345 3622 402 l
3635 343 3754 402 046

351 480 478 543 τοὺς
511 481 740 556 ὀχετοὺς
769 485 866 549 τῆς
917 475 1224 544 δυσσεϐείας
1256 481 1306 535 οἱ
1359 479 1474 554 μετ’
1505 477 1708 535 ἐκεῖνον
1759 477 1996 552 ἡρύσαν-

2116 481 2220 536 ait:
2255 479 2509 534 Gulilwos
2537 479 2682 533 duas
2727 479 2782 533 in
2817 477 3028 532 Christo
3058 485 3287 531 naturas
3334 475 3591 543 dicentes,
3635 473 3752 530 risu

353 591 436 626 το.
491 569 568 624 Σὺ
614 567 668 624 δέ
711 589 806 642 μοι
854 567 943 624 καὶ
999 568 1092 624 τὸν
1141 568 1504 647 ἀρχαιότερον
1553 567 1654 643 ὅρα
1704 563 1998 644 βόρϐορον,

352 658 708 720 Οὗάλεντῖνος
738 659 842 732 γὰρ
890 658 1026 711 κατὰ
1077 656 1218 728 λέξιν
1251 659 1398 712 οὕτω
1449 657 1618 732 λέγει’
1664 659 1784 715 Τῶν
1835 655 1998 712 Γαλι-

355 745 524 801 λαίων
581 744 668 800 ἐπὶ
729 749 967 820 Χριστοῦ
1029 742 1124 800 δύο
1195 744 1378 824 φύσεις
1453 743 1730 821 λεγόντων
1789 741 1998 800 πλατὺν

353 837 692 910 καταχέομεν
744 833 960 912 γέλωτα
997 852 1010 866 ·
1069 836 1234 908 ἡμεῖς
1292 837 1394 910 γὰρ
1479 839 1576 890 τοῦ
1655 835 1854 908 ὁρατοῦ
1911 834 2000 890 καὶ

353 925 588 999 ἀοράτου
621 924 750 994 μίαν
795 925 926 980 εἶναι
976 924 1074 992 τὴν
1117 922 1271 1003 φύσιν
1327 925 1526 1000 φαμὲν.
1573 925 1671 978 Ναὶ
1721 921 1788 992 δὴ
1830 925 1876 960 λθ
1911 925 2001 978 καὶ

355 1017 382 1070 ὁ
415 1020 726 1090 Μανιχαῖος
783 1015 920 1090 πρὸς
979 1013 1275 1068 Σκυοιανὸν
1333 1012 1696 1080 ἐπιστέλλων,
1752 1013 1842 1068 καὶ
1901 1014 2003 1068 ὑπὸ

358 1103 595 1178 μέμψεις
645 1107 822 1158 ποιῶν
874 1101 1005 1164 τοὺς
1067 1099 1162 1157 δύο
1221 1101 1478 1176 λέγοντας
1531 1103 1736 1180 φύσεις,
1779 1102 2006 1158 τοιαῦτά

609 1193 667 1245 Ὀ
716 1189 772 1246 δὲ
813 1196 914 1246 τοῦ
964 1187 1142 1246 ἀϊδίου
1187 1193 1366 1268 φωτὸς
1397 1193 1520 1254 Υἱὸς
1577 1194 1678 1262 τήν
1714 1189 1850 1246 ἰδίαν
1907 1191 2002 1246 ού-

361 1281 478 1335 σίαν
537 1280 588 1335 ἐν
645 1285 724 1352 τῷ
773 1280 886 1354 ὅρει
945 1279 1298 1354 ἐφανέρωσεν,
1340 1280 1402 1335 οὐ
1449 1279 1544 1336 δύο
1595 1281 1778 1357 φύσεις
1831 1277 2001 1355 ἔχων,

359 1369 504 1425 ἀλλά
535 1369 660 1442 μίαν
721 1366 772 1424 ἒν
822 1370 1002 1444 ὁρατῷ
1054 1389 1114 1424 τε
1165 1370 1254 1424 καὶ
1312 1367 1551 1442 ἀοράτῳ.
1589 1370 1688 1424 Καὶ
1735 1369 2003 1444 Πολέμων

359 1457 416 1514 δὲ
447 1460 562 1532 (τὸν
591 1457 978 1534 Ἀπολινάριον
1010 1456 1065 1514 δὲ
1115 1455 1439 1515 διδάσκαλον
1487 1460 1644 1521 οὗτος
1677 1461 1722 1496 ²⁰
1769 1461 2004 1537 ἀνευφή-

359 1549 466 1620 μει)
491 1549 534 1584 ²¹
569 1547 698 1610 τοὺς
729 1546 908 1622 ἱεροὺς
942 1550 1102 1622 ἡμῶν
1131 1545 1370 1622 Πατὲρας
1399 1549 1723 1622 αἰτιώμενος
1757 1550 1788 1604 ἃ
1808 1549 1934 1611 τοὺς
1956 1551 2002 1586 ²²

355 1637 406 1690 ὲν
443 1633 762 1712 Καλχηδόνι
792 1637 844 1690 οἱ
875 1637 982 1692 ἀπὸ
1023 1639 1152 1712 [448
1185 1639 1278 1712 Η.]
1310 1633 1574 1714 Ζεϐήρου,
1609 1640 1707 1712 ὅρα
1733 1639 1784 1694 τί
1815 1660 1998 1713 φησιν·

355 1722 516 1780 Οὐδὲν
581 1731 772 1800 χεῖρον
829 1725 1074 1795 ἐννοῆσαι
1129 1726 1368 1783 κάκεῖνο.
1439 1729 1566 1783 Θεὸν
1626 1729 1730 1804 γὰρ
1807 1727 2002 1803 λέγον-

358 1214 518 1269 φησιν
550 1211 562 1224 °

355 1835 440 1878 τες
489 1815 582 1870 καὶ
634 1814 920 1890 ἄνθρωπον
977 1816 1070 1870 τὸν
1127 1815 1288 1872 αὐτὸν
1330 1817 1430 1872 οὐκ
1485 1817 1840 1892 αἰσχύνονται
1881 1819 2006 1891 μίαν
2037 1803 2084 1868 Β

360 1903 514 1984 φύσιν
600 1907 697 1958 τοῦ
783 1905 966 1980 Λόγου
1056 1905 1497 1980 σεσαρκωμένην,
1563 1906 1802 1981 καθάπερ
1883 1907 2006 1980 μίαν

359 1993 628 2062 σύνθετον,
688 1991 1118 2070 ὁμολογοῦντες.
1179 1994 1240 2052 Εἰ
1301 1996 1406 2072 γὰρ
1465 1995 1594 2058 Θεὸς
1651 1996 1860 2060 τέλειος
1918 1997 2006 2052 καὶ

359 2083 644 2156 ἄνθρωπος
711 2079 922 2146 τέλειος
982 2085 1010 2138 ὁ
1065 2083 1250 2152 αὐτὸς,
1313 2083 1408 2139 δύο
1457 2084 1640 2160 φύσεις
1697 2083 1800 2162 ἄρα
1839 2086 1866 2142 ὁ
1923 2085 2013 2141 αύ-

363 2171 478 2241 τὸς,
538 2173 776 2246 καθάπερ
834 2175 870 2242 ἡ
928 2177 1038 2228 τῶν
1101 2171 1480 2230 Καππαδοκῶν
1537 2174 1836 2249 εἰσηγεῖται
1891 2195 2010 2230 και-

363 2261 598 2334 νοτομία
627 2261 715 2316 καὶ
773 2262 1108 2318 ἈΟανασίου
1145 2265 1180 2332 ἡ
1236 2261 1416 2332 οἷήσις
1467 2263 1693 2319 καὶτῶν
1755 2264 1806 2318 ἐν
1862 2265 2012 2321 Ἰτα-

363 2349 460 2424 λίᾳ
515 2354 542 2407 ὁ
599 2353 786 2432 τύφος.
851 2352 952 2410 Καὶ
1033 2355 1469 2428 σχηματίζονται
1531 2355 1651 2428 μὲν,
1719 2355 1792 2417 ὡς
1849 2353 2006 2424 δῆθεν

359 2445 620 2520 ἡμέτεροι
655 2445 874 2522 φρονεῖν
921 2446 987 2500 τὰ
1031 2451 1128 2501 τοῦ
1175 2447 1332 2522 ἁγίου
1383 2449 1592 2522 Πατρὸς
1635 2451 1795 2522 ἡμῶν
1839 2449 2004 2504 Ἀπο-

362 2533 636 2609 λιναρίου,
685 2533 1020 2610 κηρύττουσι
1069 2533 1126 2590 δὲ
1182 2537 1418 2612 καθάπερ
1466 2538 1516 2591 οἱ
1569 2538 1861 2612 Γρηγόριοι
1907 2539 2007 2606 τήν

363 2629 470 2678 τῶν
523 2625 736 2702 φύσεων
787 2620 978 2680 δυάδα.
1029 2628 1152 2688 Πῶς
1203 2623 1296 2680 οὖν
1341 2624 1464 2694 ἐνῆν
1497 2625 1777 2700 Εὗτυχοῦς
1807 2645 1866 2680 τε
1915 2626 2004 2680 καὶ

363 2709 779 2788 Ἀπολιναρίου,
813 2710 1170 2770 Οὐαλεντίνου
1201 2733 1258 2768 τε
1287 2714 1378 2768 καὶ
1417 2713 1726 2788 Μανιχσίου
1752 2715 1852 2783 τὴν
1875 2733 2006 2770 τοσ-

365 2801 534 2871 αύτην
579 2807 679 2870 τῆς
729 2797 972 2861 ἀσεϐείας
1023 2801 1200 2877 ῥύμην
1245 2801 1514 2878 ἐπισχεῖν,
1557 2804 1648 2858 καὶ
1685 2805 1784 2872 τήν
1828 2805 2002 2876 νομὴν

371 2890 544 2954 οὕτως
572 2889 864 2964 ἓρπουσαν,
895 2892 985 2946 καὶ
1013 2891 1108 2952 τὰς
1139 2897 1246 2948 τῶν
1279 2894 1579 2969 ἀνθρώπων
1623 2893 1803 2968 ψυχὰς
1841 2913 2004 2950 κατα-

364 2975 705 3053 ϐοσκομένην
753 2980 1088 3050 ἀναστεῖλαι,
1127 2981 1174 3036 εἰ
1216 2983 1292 3056 μή
1341 2989 1442 3050 τῆς
1487 2981 1635 3054 ἱερᾶς
1673 2981 1726 3036 ἐν
1777 2981 2006 3061 Καλχη-

366 3067 482 3124 δόνι
515 3069 844 3144 ὁμηγύρεως
885 3071 912 3124 ὁ
943 3071 1085 3132 Θεῖος
1119 3070 1287 3139 ζῆλος
1319 3068 1415 3126 δύο
1447 3072 1630 3148 φύσεις
1670 3069 2007 3147 ἀδιαιρέτους

361 3154 416 3210 ἐν
457 3157 528 3228 τῇ
581 3157 696 3210 καθ’
758 3157 1051 3212 ῦπόστασιν
1107 3157 1289 3212 ἱνώσει
1336 3161 1434 3212 τοῦ
1489 3163 1725 3232 Χριστοῦ
1777 3157 2008 3230 διαπρυ-

367 3245 498 3306 σίως
527 3265 588 3299 τε
625 3245 714 3299 καὶ
755 3246 1060 3322 θεοφρόνως
1099 3245 1390 3320 ἀνεκήρυξε
1421 3247 1468 3283 ³³
1499 3265 1514 3317 ;
1548 3252 1658 3316 Τῆς
1705 3247 1809 3323 γὰρ
1857 3250 2008 3324 αἱρε-

365 3341 520 3404 τικῆς
571 3340 740 3408 φορᾶς
788 3333 932 3388 οὕτω
983 3335 1342 3409 μαινομένης,
1419 3337 1548 3410 εἶμή
1587 3344 1688 3407 τῆς
1739 3334 2009 3401 εὐσεϐείας

363 3424 392 3478 ὁ
423 3421 630 3496 πύργος
662 3421 912 3497 ἀνέτρεψε
939 3424 1003 3478 τὸ
1047 3423 1240 3498 ῥεῦμα,
1274 3421 1426 3480 οὐδὲν
1477 3425 1714 3482 ἐκώλυεν
1765 3424 2008 3502 ὑποϐρυ-

367 3513 528 3588 χίους
568 3511 818 3574 πολλοὺς
847 3515 916 3586 τῇ
963 3511 1144 3588 πλάνῃ
1195 3513 1462 3590 γενέσθαι.
1495 3518 1654 3572 Ὥστε
1685 3515 1736 3572 si
1779 3519 1855 3590 μὴ
1895 3523 2012 3580 τοῖς

359 3600 670 3676 ἔμπροσθεν
705 3601 973 3676 Πατράσιν
1034 3605 1206 3674 ἡτῶν
1269 3599 1363 3660 δύο
1414 3603 1623 3680 φύσεων
1683 3604 2009 3682 ἐγνωρίζετο

362 3691 546 3770 φωνὴ,
578 3711 640 3744 το
669 3690 962 3765 ἀναγκαῖον
1011 3691 1158 3766 εἶχεν
1194 3693 1229 3761 ἢ
1277 3689 1500 3754 σύνοδος
1531 3691 1620 3748 διὰ
1666 3697 1764 3766 τήν
1794 3695 2012 3752 ἐκείνων

361 3779 564 3836 λύσσαν
615 3777 820 3850 ταύτην
868 3781 1108 3852 ἀνευρεῖν
1154 3801 1214 3836 τε
1258 3781 1349 3837 καὶ
1395 3779 1744 3858 ἀνακηρῦξαι.
1797 3791 2012 3860 Μικροῦ

367 3866 424 3924 δὲ
452 3875 583 3924 πᾶσι
643 3875 760 3932 τοῖς
817 3869 986 3945 ἱεροῖς
1043 3868 1298 3944 ἀνδράσιν
1355 3871 1716 3948 ἐγνωσμένης,
1751 3881 1866 3936 πῶς
1915 3875 2012 3931 οὐκ

365 3959 738 4032 ἀπαραίτητον
779 3959 844 4028 ἦν
889 3960 1026 4015 κατά
1055 3963 1204 4016 πτῶν
1227 3959 1524 4034 πολεμίων
1549 3961 1750 4034 ταύτην
1797 3961 2012 4036 πανδή-

371 4068 494 4120 μοις
527 4049 730 4125 ψήφοις
757 4047 1142 4118 ἀναστηλώσαι
1171 4069 1185 4118 ς
1215 4053 1342 4122 [852
1373 4052 1464 4122 R.]
1496 4055 1698 4126 Ὥσπερ
1727 4053 1828 4128 γὰρ
1877 4054 2012 4126 πρὸς

363 4137 459 4192 τὸν
490 4133 720 4206 δυσσεϐῆ
767 4139 1006 4212 Ἄρειον,
1040 4138 1224 4210 ἑτέραν
1277 4138 1458 4195 οὐσίαν
1501 4142 1704 4216 Πατρὸς
1751 4141 1838 4196 καὶ
1883 4144 2010 4200 Υῖοῦ

367 4224 540 4304 δυσφη
554 4231 774 4298 μοῦντα,
803 4229 836 4298 ἡ
869 4226 922 4283 ἐν
957 4229 1154 4300 Nimia
1181 4227 1408 4296 σύνοδος
1435 4232 1496 4286 τὸ
1547 4232 1840 4306 ὁμοούσιον
1887 4233 2010 4290 ἀντ-

2107 569 2318 638 copioso
2363 568 2710 638 excipimus:
2755 581 2850 620 nos
2893 581 3019 620 vero
3067 563 3306 620 visibilis
3355 567 3406 618 et
3447 561 3754 618 invisibilis

2111 674 2280 712 unam
2309 661 2570 712 naturam
2603 672 2716 711 esse
2744 655 2999 711 dicimus.
3033 655 3104 709 Et
3131 669 3264 708 vero
3297 653 3648 708 Manicbaaus
3679 653 3752 708 ad

2107 746 2488 819 Scythianum
2513 747 2778 802 scribens
2799 749 2854 801 et
2879 761 2980 802 eos
3009 743 3464 815 reprehendens,
3485 743 3587 812 qui
3611 743 3760 798 duas

2111 837 2314 892 dicunt
2343 839 2604 900 naturas,
2631 835 2749 890 haec
2771 835 2942 890 dicit:
2969 833 3307 905 Sempiterni
3327 831 3556 888 luminis
3585 830 3765 886 Filius

2111 927 2396 998 propriam
2413 927 2474 980 in
2493 935 2675 982 monte
2709 925 2916 980 Thabor
2935 925 3196 980 naturam
3227 923 3478 990 ostendit,
3496 937 3605 978 non
3627 920 3764 982 duas

2111 1017 2317 1074 habens
2353 1024 2604 1084 naturas,
2633 1015 2726 1070 sed
2754 1015 2978 1072 unicam
3007 1017 3068 1070 in
3107 1014 3319 1070 visibiti
3356 1022 3516 1086 atque
3553 1012 3764 1068 invisi—

2111 1108 2234 1164 bili.
2267 1105 2544 1162 Polemon
2573 1121 2798 1175 quoque
2821 1107 3234 1175 praceptorem
3267 1121 3436 1160 suum
3471 1101 3764 1174 Apolline.

2113 1196 2262 1250 rium
2287 1195 2566 1264 laudavit,
2591 1194 2776 1250 sacris
2799 1193 3016 1250 nostris
3039 1193 3307 1248 Patribus
3329 1194 3475 1248 dans
3503 1191 3759 1258 crimini,

2113 1301 2240 1356 quae
2273 1283 2548 1340 Patribus
2577 1283 2638 1340 in
2679 1283 3138 1340 Chalcedonensi
3183 1283 3405 1354 synodo
3438 1281 3756 1350 Severiani,

2113 1375 2240 1430 vide
2269 1374 2408 1444 quid
2457 1373 2654 1428 dicat:
2687 1375 2810 1428 Non
2840 1373 2992 1443 peius
3023 1372 3116 1426 hic
3145 1372 3453 1442 intelligere
3497 1371 3666 1426 Deum
3707 1377 3760 1426 et

2111 1464 2388 1520 hominem
2443 1462 2692 1520 eumdem
2749 1461 3011 1528 dicentes,
3058 1477 3166 1518 non
3217 1461 3534 1516 erubescunt
3583 1475 3757 1516 unam

2121 1551 2290 1608 Verbi
2334 1557 2594 1608 naturam
2651 1553 3022 1618 incantatam,
3079 1550 3538 1621 quemadmodum
3585 1565 3760 1604 unum

2109 1643 2470 1713 compositum
2515 1641 2852 1710 conﬁtentes.
2913 1639 2976 1696 Si
3019 1641 3176 1696 enim
3211 1641 3480 1710 perfectus
3529 1640 3670 1694 Deus
3709 1644 3762 1694 et

2109 1733 2380 1803 perfectus
2407 1731 2570 1788 homo
2599 1731 2764 1800 idem,
2791 1729 2922 1786 duae
2949 1739 3162 1786 natura
3183 1731 3358 1800 igitur
3375 1745 3542 1792 unus,
3569 1743 3762 1799 quem-

2113 1822 2408 1878 admodum
2435 1839 2582 1877 uova
2611 1820 2988 1893 Cappadocum
3017 1819 3152 1876 dicit
3183 1819 3381 1876 divisio
3421 1829 3471 1876 et
3497 1819 3768 1874 Athana-

2115 1912 2194 1968 sii
2231 1913 2440 1984 opinio,
2483 1921 2532 1968 et
2561 1912 2832 1968 Italorum
2875 1913 3088 1982 fumus,
3137 1916 3188 1967 et
3217 1911 3486 1966 simulant
3513 1910 3761 1984 quidem,

2117 2001 2277 2073 quasi
2319 1999 2514 2067 nostri,
2561 2017 2619 2056 se
2663 2001 2879 2056 sentire
2919 2015 3037 2072 qua:
3089 2004 3314 2056 sanctus
3359 2010 3542 2056 noster
3599 2001 3766 2054 Pater

2117 2089 2537 2158 Apottinarius;
2593 2089 2684 2146 sed
2742 2089 3070 2160 praedicant,
3140 2089 3595 2160 quemadmodum
3656 2089 3764 2144 duo

2119 2179 2384 2251 Gregorii,
2409 2184 2738 2236 naturarum
2759 2179 3104 2234 duatitatem.
3129 2179 3430 2244 Quomodo
3455 2195 3570 2233 non
3603 2177 3764 2232 licuit

2115 2269 2416 2342 Eutychis,
2465 2269 2824 2341 Apollinarii,
2876 2268 3188 2335 Valentini,
3241 2267 3560 2336 Manichei,
3611 2266 3758 2322 hanc

2117 2359 2430 2429 impietatis
2449 2359 2566 2414 vim
2599 2363 2912 2424 sustinere,
2933 2363 2992 2414 et
3013 2359 3282 2412 morbum
3315 2357 3402 2414 sic
3431 2362 3756 2428 repentem,

2115 2457 2168 2504 et
2183 2448 2474 2504 humanas
2487 2449 3132 2519 animasdepascentem
3149 2445 3462 2514 remisisse,
3483 2445 3592 2500 nisi
3609 2445 3758 2500 sacri

2113 2539 2600 2596 Chalcedonensis
2619 2543 2940 2596 conventus
2967 2537 3198 2592 divinus
3219 2535 3392 2604 zelus,
3419 2537 3566 2590 duas
3589 2539 3759 2590 natu-

2115 2647 2210 2686 ras
2239 2629 2522 2686 indivisas
2551 2629 2764 2684 Christi
2806 2629 2864 2682 in
2897 2627 3114 2683 unione
3155 2623 3534 2697 hypostatica,
3569 2625 3661 2696 pie
3701 2626 3759 2678 et

2113 2711 3760 2788 convenienterpradicasset?Hssreticissicdelirantibus,

2114 2807 2228 2864 nisi
2261 2806 2493 2877 pietatis
2539 2805 2718 2860 turris
2751 2805 2998 2860 ﬂuctum
3037 2803 3224 2872 sistat,
3259 2799 3404 2857 nihil
3437 2805 3588 2854 vetat
3617 2799 3760 2854 sub-

2117 2913 2334 2952 mersos
2363 2895 2580 2952 multos
2611 2895 2670 2949 in
2700 2893 2874 2965 plano
2901 2907 3051 2948 esse.
3085 2892 3274 2954 Quare
3309 2889 3420 2946 nisi
3451 2889 3760 2944 antedictis

2115 2984 2388 3042 Patribus
2431 2983 2678 3039 duarum
2721 2987 3064 3038 naturarum
3108 2979 3338 3052 cognita
3383 2978 3589 3034 luisset
3629 2993 3759 3047 vox,

2117 3073 2518 3130 necessitatem
2541 3072 2781 3128 haberet
2801 3071 3060 3142 synodus
3075 3073 3310 3141 propter
3323 3067 3554 3124 illorum
3569 3081 3762 3122 amen-

2119 3162 2252 3218 tiam
2294 3162 2443 3217 hanc
2483 3161 2739 3216 invenire
2782 3175 2848 3214 ac
2879 3159 3211 3230 praedicare.
3259 3157 3468 3212 Parum
3515 3170 3649 3212 vero
3689 3155 3761 3209 ab

2117 3252 2392 3308 omnibus
2423 3250 2642 3306 sanctis
2663 3249 2778 3305 illis
2801 3247 3050 3319 cognita,
3073 3249 3367 3319 quomodo
3389 3245 3614 3301 exorari
3645 3259 3764 3299 non

2115 3345 2342 3414 poterat
2385 3345 2585 3394 contra
2631 3339 2828 3394 hostes
2877 3337 3024 3394 hanc
3075 3335 3328 3408 publicis
3377 3333 3626 3392 decretis
3667 3347 3762 3387 re-

2119 3428 2524 3502 prehendere?
2583 3425 3086 3492 Qusmadmodum
3153 3425 3310 3482 enim
3379 3425 3450 3480 ad
3511 3423 3762 3494 impium

2117 3520 2339 3586 Arium,
2372 3517 2546 3576 aliam
2578 3519 2968 3574 substantiam
3011 3517 3196 3572 Patris
3227 3521 3282 3571 et
3311 3514 3436 3570 Filii
3470 3513 3760 3569 blateran-

2118 3613 2254 3675 tem,
2275 3609 2502 3664 Nicena
2523 3605 2784 3679 synodus
2805 3603 3472 3664 consubstantialitatem
3489 3602 3764 3668 decrevit,

2115 3704 2174 3756 et
2203 3715 2496 3770 nusquam
2523 3697 2632 3754 hac
2671 3713 2806 3753 voce
2827 3696 2984 3766 apud
3011 3699 3210 3750 Patres
3243 3696 3530 3760 exstante,
3563 3695 3766 3746 contra

2119 3805 2250 3846 vero
2281 3787 2640 3860 prohibente,
2665 3803 2698 3842 a
2720 3785 2936 3856 quibus
2957 3784 3176 3840 Paulus
3197 3781 3626 3838 Samosatensis
3647 3779 3762 3833 be-

2121 3877 2330 3934 reticus
2359 3875 2690 3932 declaratus
2719 3880 2842 3941 est;
2883 3875 2967 3932 sic
2997 3873 3173 3929 etiam
3215 3869 3518 3943 praedictos
3547 3865 3762 3938 impios

2119 3985 2286 4024 sacra
2315 3968 2593 4038 synodus,
2625 3981 2756 4022 cum
2791 3967 2936 4022 duas
2965 3963 3022 4019 in
3054 3963 3280 4021 Christo
3313 3965 3552 4016 naturas
3584 3973 3764 4029 agno-

2119 4057 2248 4126 scit,
2269 4057 2358 4114 27
2373 4059 2422 4112 4
2440 4071 2474 4110 a
2493 4055 2880 4127 oppugnavit:
2909 4069 3024 4110 non
3043 4053 3172 4124 ipsa
3191 4053 3378 4123 prima
3401 4047 3610 4120 impias
3631 4045 3764 4104 illas

2119 4161 2288 4202 voces
2317 4144 2634 4217 reperiens,
2659 4144 2758 4199 sed
2797 4141 3114 4200 multorum
3147 4145 3314 4198 antea
3347 4141 3766 4210 praceptorum

2123 4235 2528 4292 auctoritatem
2560 4236 2780 4290 secuta.

366 4317 608 4386 ετάξατο,
639 4317 814 4372 καίτοι
869 4325 970 4388 τῆς
1019 4319 1216 4389 λέξεως
1265 4319 1420 4376 οῦπω
1469 4327 1586 4386 τοῖς
1645 4325 1914 4396 Πατράσιν
1947 4323 2416 4394 ἐπιπολαζούσης,
2471 4321 2780 4378 τούναντίον
2831 4319 2888 4376 δὲ
2941 4320 3030 4376 καὶ
3087 4318 3502 4390 κεκωλυμένης,
3551 4315 3639 4393 ὑφ’
3695 4315 3768 4370 ὧν

369 4407 398 4460 ὁ
457 4408 820 4480 Σαμωσατεὺς
887 4409 1100 4471 Παῦλος
1166 4413 1547 4485 καθαιρετικὴν
1607 4413 1878 4486 ἀπόφασιν
1946 4412 2198 4490 ἤνεγκεν,
2259 4412 2402 4468 οὕτω
2462 4413 2526 4482 δὴ
2569 4411 2658 4468 καὶ
2724 4409 2860 4466 κατά
2887 4413 2996 4466 τῶν
3049 4409 3349 4484 εἰρημένων
3411 4399 3680 4462 δυσσεὸὦν
3734 4406 3770 4472 ἡ

367 4495 496 4570 ἀγίπι
536 4493 758 4558 σύνοδος
815 4493 904 4550 διὰ
951 4501 1048 4552 τοῦ
1107 4495 1202 4554 δύο
1237 4499 1422 4576 φύσεις
1481 4497 1660 4576 λέγειν
1721 4503 1806 4558 ἐπὶ
1865 4487 2098 4579 Χριστοῦ
2149 4501 2548 4570 ἀνθωπλίσατο,
2609 4501 2706 4556 οὐκ
2763 4500 2899 4568 αὐτὴ
2959 4499 3152 4572 πρώτη
3202 4497 3298 4560 τάς
3349 4494 3444 4562 τῆς
3503 4487 3773 4554 εὐσεϐείας

363 4587 542 4664 φωνὰς
573 4585 886 4662 ἀνευροῦσα,
919 4584 1068 4642 ἀλλὰ
1096 4589 1186 4643 καὶ
1219 4587 1469 4654 πολλοὺς
1502 4584 1706 4666 ἔχουσα
1743 4593 1850 4668 πρὸ
1882 4593 2050 4664 αὐτῆς
2082 4593 2288 4648 τούτων
2319 4588 2699 4652 διδασκάλους.

439 4677 500 4734 Εἰ
530 4675 586 4732 δὲ
615 4699 698 4741 τις
729 4677 1072 4756 φιλονεικοίη
1106 4679 1194 4734 τὸν
1228 4677 1460 4736 Ἰούλιον
1503 4681 1590 4736 ἐπὶ
1623 4687 1854 4756 Χριστοῦ
1888 4683 2007 4758 μίαν

2199 4685 2254 4740 Si
2285 4701 2416 4740 vero
2465 4684 2597 4755 quis
2626 4685 2936 4740 contendat
2977 4680 3200 4737 Julium
3233 4679 3294 4734 in
3327 4677 3560 4734 Christo
3593 4690 3768 4730 unam

369 4769 538 4822 εἰπεῖν
587 4768 766 4845 φύσιν,
815 4771 1034 4842 πρῶτον
1074 4768 1170 4842 μὶν
1213 4765 1366 4824 οὔπω
1407 4767 1578 4840 δῆλον
1625 4771 1670 4826 εἰ
1719 4775 1937 4845 γνήσιος
1983 4775 2010 4827 ὁ

371 4855 566 4931 λόγος,
609 4854 856 4932 δεύτερον
907 4854 964 4912 δὲ
1007 4860 1272 4933 προσήκει
1324 4861 1604 4934 γινώσκειν
1657 4862 1730 4922 ὡς
1781 4861 2017 4919 Ἰουλίου

371 4942 594 5020 ὕστερον
625 4947 772 5018 παρά
820 4945 1120 5020 Ῥωμαίοις
1146 4948 1207 5002 τὸ
1255 4953 1356 5018 τῆς
1397 4949 1606 5026 φύσεώς
1657 4971 1712 5006 τε
1759 4951 1850 5006 καὶ
1893 4951 2020 5008 ὁπο-

369 5035 610 5098 στάσεως
669 5033 1072 5112 ἐφυλοκρινήθη
1125 5059 1182 5093 τε
1237 5038 1327 5092 καὶ
1388 5037 1632 5114 διεκρίθη
1685 5039 1880 5114 ὄνομα,
1929 5041 2018 5096 καὶ

2123 4779 2390 4830 naturam
2423 4773 2636 4840 dicere,
2659 4772 2910 4844 primum
2935 4771 3167 4842 quidem
3191 4783 3488 4838 nunquam
3521 4765 3767 4830 clarum,

2128 4864 2174 4918 si
2207 4861 2502 4935 genuinus
2537 4862 2632 4916 hic
2680 4877 2904 4928 sermo;
2947 4860 3272 4916 secundum
3305 4873 3402 4926 par
3433 4859 3522 4910 est
3554 4867 3770 4924 cogno—

2127 4971 2310 5020 scere,
2345 4961 2404 5010 ut
2437 4953 2726 5026 posterius
2749 4953 2930 5020 Julio,
2955 4953 3108 5023 apud
3135 4949 3447 5014 Romanos,
3473 4949 3694 5001 naturas
3715 4947 3772 5000 et

2129 5043 2506 5117 hypostaseos
2541 5043 2800 5100 studiose
2845 5057 3054 5097 nomen
3105 5037 3404 5102 indicavit,
3449 5039 3508 5091 et
3557 5033 3772 5090 frustra

373 5124 552 5198 μάτην
579 5124 648 5179 τὰ
696 5125 940 5198 αἱρετικά
982 5129 1188 5196 ζιζάνια
1213 5129 1312 5198 τήν
1361 5130 1564 5204 σπορὰν
1593 5127 1796 5185 ἐκεῖθεν
1847 5150 2007 5186 σπου-

2129 5133 2399 5190 haeretica
2426 5133 2646 5188 zizania
2690 5147 2888 5188 semen
2938 5129 3156 5186 ibidem
3201 5127 3433 5184 student
3463 5124 3770 5180 suﬂ'ocars.

370 5211 520 5283 δάζει
568 5213 934 5290 συλαγωγεῖν,
979 5213 1328 5292 Ἀδιακρίτων
1376 5219 1481 5294 γὰρ
1533 5215 1608 5273 ἔτι
1661 5223 1767 5273 τῶν
1825 5223 2018 5295 φωνῶν

373 5309 660 5377 μενουσῶν
688 5307 810 5346 ²⁶·²⁶
843 5302 994 5360 οὐδὲν
1025 5306 1233 5376 ἀπαντᾷ
1264 5303 1548 5383 δυσχερὲς,
1593 5305 1806 5380 μᾶλλον
1842 5305 1900 5363 δὲ
1930 5309 2019 5364 καὶ

2132 5222 2478 5294 Injudicatis
2510 5221 2666 5278 enim
2699 5221 2938 5276 vocibus
2969 5217 3366 5286 manentibus,
3399 5231 3513 5270 non
3547 5213 3774 5270 obviam

2132 5311 2234 5366 ivit
2263 5311 2558 5384 impietas,
2587 5310 2776 5380 potius
2799 5305 2964 5364 valde
2987 5321 3348 5378 consequens
3375 5321 3478 5378 pro
3509 5303 3774 5376 hyposta-

1703 5461 1943 5518 νΑΗῐΑε
1985 5461 2388 5522 LECTIONES.

443 5607 488 5644 '9
510 5605 603 5684 νναῖ
815 5627 828 5666 :
870 5610 959 5664 καὶ
993 5609 1107 5684 μήν

372 5683 456 5754 ξεν
487 5683 556 5738 Α.
635 5679 758 5716 ²⁴³²⁵
788 5679 1059 5754 μενουσῶν
1087 5679 1173 5738 BE
1211 5679 1474 5756 μενόντων
1501 5683 1608 5740 AC.

1296 5609 1344 5690 "3
1375 5605 1432 5664 δὶ
1463 5605 1790 5690 διδέσκαλον
1831 5613 2006 5676 οὕτως
2200 5613 2244 5648 ²¹
2278 5613 2579 5690 ἀνευφημεῖ
2609 5613 2672 5670 Β.

2773 5613 2819 5650 ³⁸
2845 5609 2994 5684 τοὺς]
3025 5613 3156 5670 libri
3186 5615 3328 5670 τοῖς.
3431 5607 3478 5644 ³³
3508 5607 3777 5682 ἀνεκήρυ-
