4138 6228
385 335 537 394 1047

1586 328 1851 391 ΡΗΟἸῚΙ
1895 333 2423 396 PATRIARCH/E
2468 337 2582 398 ΟΡ.

3633 333 3801 393 1048

384 486 510 525 seos
544 484 677 523 voce
712 471 929 523 natura:
983 466 1085 521 uti.
1134 467 1242 522 Sed
1278 466 1417 521 illud
1473 468 1543 523 de
1583 467 1737 524 Julio
1770 468 1905 525 licet
1940 469 2031 524 di-

2164 482 2266 523 ιιαν
2322 470 2640 539 ἀκόλουθον,
2690 470 2809 525 ἀντὶ
2855 476 2954 537 τῆς
3010 469 3354 528 ὑποστάσεως
3400 466 3471 541 τῇ
3503 465 3647 536 λέξει
3700 470 3804 534 τῆς

384 575 533 615 ΕΒΓΘ.

455 743 543 797 Ad
577 741 697 795 haec
727 739 999 794 haeretica
1019 739 1326 811 impudens
1348 739 1637 795 sententia
1654 739 1822 796 dicit:
1847 742 2039 805 Quare

387 848 503 887 non
535 828 1029 901 quemadmodum
1055 844 1123 882 ex
1144 828 1371 883 duabus
1398 827 1623 884 naturis
1644 830 1901 884 dicentes
1935 829 2037 884 ho-

389 922 633 983 minem,
663 918 874 973 deinde
910 922 1037 989 post
1072 917 1346 973 unionem
1373 920 1428 973 et
1461 934 1634 973 unam
1659 917 1846 988 ipsius
1870 923 2042 974 natu-

388 1008 767 1078 ram?Neque
789 1008 961 1062 etiam
985 1006 1331 1063 Cbristume
1352 1006 1580 1062 duabus
1595 1006 1821 1062 naturis
1847 1007 2040 1063 dicen-

387 1102 497 1163 tes,
524 1114 699 1152 unam
739 1097 1006 1167 ejusdem
1045 1101 1309 1150 naturam
1338 1101 1469 1166 post
1490 1096 1763 1151 unionem
1790 1096 2039 1151 conﬁte-

391 1187 573 1242 mur?
604 1185 786 1241 Unam
820 1186 1054 1257 quidem
1089 1193 1355 1241 naturam
1380 1185 1600 1241 scimus
1632 1184 2042 1257 compositum,

392 1294 457 1333 ac
490 1277 836 1333 resolutoria
875 1278 965 1332 usi
993 1276 1307 1342 schemate,
1339 1277 1478 1331 duas
1507 1275 1903 1331 coincidentes
1936 1292 2045 1347 ag-

393 1367 708 1423 noscimus.
763 1367 875 1421 Sed
925 1365 1046 1421 haac
1095 1365 1300 1436 quaerit
1348 1364 1617 1421 haeretica
1655 1364 2042 1436 impudentia,

393 1456 631 1511 Discant
662 1455 941 1526 imperiti,
986 1456 1092 1510 hoc
1132 1455 1525 1525 compositum
1562 1470 1737 1510 unam
1772 1459 2044 1511 naturam

394 1546 520 1602 sine
549 1544 970 1615 impedimento
1011 1545 1147 1611 dici,
1181 1546 1416 1617 quando
1470 1561 1573 1600 nec
1609 1545 1836 1617 prOprie
1863 1545 1919 1599 in
1953 1561 2048 1602 eo-

395 1635 526 1690 dem
561 1634 873 1704 simplicia,
907 1650 975 1690 ex
1024 1635 1238 1706 quibus
1269 1636 1632 1704 compositus
1664 1640 1773 1705 est,
1811 1635 2048 1691 nomina

393 1722 682 1781 dicantur.
725 1725 889 1779 Velut
942 1723 1239 1781 hominem
1297 1724 1496 1780 nullus
1546 1742 1755 1797 corpus
1796 1724 2046 1796 proprie,

396 1829 584 1883 neque
608 1815 864 1869 animam
892 1816 1118 1886 proprie
1152 1814 1481 1887 appellabit.
1523 1816 1717 1886 Neque
1739 1815 1894 1870 enim
1918 1831 2042 1870 cor-
2075 1797 2121 1862 Β

397 1905 557 1973 poris
604 1919 794 1973 neque
843 1904 1054 1960 animae
1104 1905 1351 1959 termino
1396 1904 1734 1959 includitur.
1794 1902 2046 1960 Abusive

399 1993 635 2061 quidem
661 2008 808 2062 sape
830 1998 888 2046 et
906 1992 1106 2046 leniter
1126 1992 1432 2047 familiaris
1453 2008 1640 2048 sermo
1660 2007 1859 2061 parum
1882 1991 2048 2047 lima-

400 2083 520 2146 tus,
560 2086 617 2134 et
647 2096 821 2135 sacris
865 2081 1174 2150 Scriptum
1221 2082 1459 2151 spiritus
1488 2098 1633 2136 usus
1664 2080 1946 2149 libertate,
1978 2097 2047 2137 ex

400 2180 564 2236 parte
587 2172 773 2222 totum
796 2170 1092 2223 hominem
1115 2170 1526 2226 denominant:
1554 2170 1825 2225 nolumus
1848 2172 2047 2227 subire

399 2258 611 2328 jugum
646 2259 947 2313 servitutis
979 2258 1289 2314 dialectica:
1318 2259 1613 2315 vanitatis.
1638 2262 1877 2325 Quando
1908 2261 2047 2316 inet”-

401 2346 595 2401 fabitis
608 2352 783 2417 atque
796 2347 1402 2417 incomprehensibilis
1420 2350 1649 2405 unionis
1663 2366 1849 2420 neque
1870 2366 2046 2406 exem-

408 2436 538 2505 plar
568 2435 754 2507 magis
786 2437 1079 2508 proprium
1123 2454 1353 2493 sumere
1382 2438 1513 2509 quis
1547 2439 1767 2510 possit;
1800 2444 1857 2494 et
1887 2455 2046 2495 asse-

406 2533 597 2579 rentes
628 2524 923 2580 Christum
972 2543 1041 2582 ex
1072 2526 1437 2582 humanitate
1477 2532 1535 2583 et
1565 2528 1868 2583 divinitate
1898 2544 2044 2585 con-

405 2619 585 2678 stare,
617 2614 869 2669 dicimus
890 2617 1160 2671 eumdem
1187 2617 1458 2672 similiter
1477 2622 1534 2671 et
1569 2618 1745 2673 Deum
1779 2619 2047 2673 eumdem

405 2708 461 2758 et
492 2702 809 2760 hominem.
863 2706 1223 2776 Quapropter
1270 2704 1499 2778 proprie
1547 2722 1613 2761 ac
1651 2722 1781 2761 vere
1821 2722 2049 2778 semper

405 2793 582 2865 Virgo
627 2793 805 2849 Maria
837 2795 1073 2865 Deipara
1121 2794 1354 2850 dicitur.
1386 2798 1744 2868 Quapropter
1790 2796 2047 2852 hominis

404 2882 701 2954 exemplar
729 2887 946 2938 temere
969 2884 1040 2939 ab
1064 2883 1537 2954 imprudentibus
1558 2887 1616 2939 in
1649 2883 2047 2940 calumniandi

408 2973 771 3029 occasionem
803 2974 993 3039 vertit,
1017 2978 1074 3028 et
1103 2974 1424 3030 evertendas
1458 2973 1691 3030 unionis
1723 2975 2047 3030 secundum

407 3061 748 3134 hypostasin
766 3061 1067 3117 inconfuse
1082 3070 1136 3117 et
1152 3062 1466 3119 indiscrete
1479 3065 1731 3120 duarum
1746 3064 1803 3118 in
1818 3064 2049 3120 Christo

407 3156 775 3206 naturarum.

480 3332 626 3397 Quia
654 3331 921 3388 Christus
948 3338 1096 3389 Deus
1128 3340 1316 3389 noster
1340 3342 1656 3407 utrumque
1690 3341 1782 3391 est
1802 3336 2055 3407 proprie,

409 3422 597 3478 27-117
652 3420 807 3475 unde
855 3425 962 3488 est,
996 3426 1053 3477 et
1100 3422 1313 3477 dicitur
1359 3422 1541 3479 veluti
1574 3425 1726 3480 Deus
1758 3430 1814 3480 et
1844 3426 2055 3484 homo:

409 3510 506 3565 alii
540 3510 710 3565 multi
742 3510 1019 3576 clamant,
1053 3516 1111 3566 et
1157 3520 1392 3568 sanctus
1432 3512 1682 3584 Cyrillus
1718 3514 1775 3568 in
1808 3515 2057 3585 epistola

410 3601 476 3654 ad
510 3598 892 3667 Succensum,
940 3615 1119 3657 unum
1150 3606 1208 3656 et
1236 3602 1509 3658 eumdem
1543 3602 1651 3658 hoc
1682 3608 1737 3659 et
1763 3603 1903 3659 illud
1928 3620 2058 3661 esse

408 3688 568 3745 dicit.
604 3689 672 3744 Et
712 3688 982 3745 similiter
1010 3690 1079 3745 ad
1115 3691 1479 3747 Valerianum
1514 3691 1691 3748 lconii
1721 3692 2058 3764 episcopum

409 3779 645 3836 scribit:
679 3784 863 3851 Quare
906 3783 1233 3851 conﬁtemur
1279 3783 1421 3853 quod
1451 3801 1484 3838 a
1512 3799 1681 3839 carne
1707 3784 1926 3855 quidem
1955 3788 2053 3854 est,

408 3886 636 3925 carnem
667 3886 800 3937 esse,
833 3871 978 3942 quod
1018 3889 1051 3926 a
1080 3873 1184 3931 Deo
1218 3874 1384 3929 Deum
1415 3888 1552 3940 esse,
1584 3875 1882 3930 secundum
1912 3875 2060 3930 idem

409 3964 646 4031 utraque
681 3959 944 4030 Christus,
989 3977 1136 4017 unus
1178 3962 1373 4031 Filius,
1423 3979 1566 4017 unus
1598 3964 1883 4032 Dominus,
1934 3980 2059 4019 cum

409 4051 644 4121 propria
673 4066 777 4105 sua
804 4065 989 4105 carne.
1028 4054 1281 4123 Utraque
1310 4050 1463 4107 enim
1496 4052 1634 4123 quid
1666 4051 1820 4107 aliud
1848 4053 2058 4108 contir-

414 4145 554 4206 mat,
589 4156 765 4211 quam
799 4141 1070 4196 eumdem
1105 4156 1234 4197 esse
1264 4141 1445 4197 Deum
1491 4149 1546 4197 et
1592 4141 1914 4200 hominem.
1946 4142 2060 4198 Sed

409 4228 545 4286 licet
576 4231 697 4286 haec
725 4229 1076 4285 vociferetur
1099 4230 1363 4301 Cyrillus,
1396 4239 1581 4286 tamen
1613 4231 1881 4288 allatrare
1912 4248 2055 4288 non-

411 4317 555 4372 nulli
591 4318 711 4373 ausi
757 4324 917 4387 sunt,
949 4319 1117 4391 quasi
1160 4319 1428 4375 Christus
1458 4336 1526 4375 ex
1556 4320 1859 4377 divinitate
1890 4326 2061 4392 atque

410 4404 799 4509 humanitate,
853 4423 1037 4478 neque
1065 4407 1258 4507 .homo
1310 4424 1497 4479 neque
1537 4408 1691 4464 Deus
1732 4410 1830 4464 sit.
1864 4410 2061 4480 Neque
2093 4445 2139 4509 Β

411 4495 578 4549 Pauli
600 4493 742 4550 illud
767 4495 1044 4552 divinitus
1062 4495 1412 4569 inspiratum
1432 4502 1490 4552 et
1511 4496 1661 4553 elata
1686 4512 1816 4553 voce
1839 4498 2058 4553 dictum

413 4590 769 4655 reverentur,
798 4587 892 4657 qui
920 4586 1152 4643 clamat:
1183 4589 1339 4644 Iesus
1378 4588 1623 4644 Christus
1651 4589 1772 4643 heri
1799 4593 1849 4644 et
1880 4586 2059 4654 hodie,

413 4677 530 4748 ipse
549 4684 599 4732 et
619 4678 673 4731 in
706 4680 905 4733 saecula
924 4689 969 4733 γ.
1005 4676 1109 4734 Per
1137 4677 1282 4733 illud
1308 4695 1321 4734 :
1348 4679 1468 4734 heri
1488 4682 1539 4734 et
1570 4676 1748 4745 hodie,
1786 4679 2055 4733 eumdem

412 4767 710 4823 hominem
749 4769 1086 4835 confessus;
1128 4784 1231 4840 per
1272 4769 1401 4837 hoc,
1443 4768 1503 4823 in
1534 4768 1758 4837 saecula,
1790 4767 2059 4824 eumdem

418 4856 594 4912 Deum
658 4854 944 4927 praedicat.
1004 4856 1072 4911 Et
1118 4854 1363 4911 iterum:
1418 4857 1564 4912 Unus
1614 4859 1780 4923 Deus,
1831 4872 1971 4911 unus
2014 4864 2065 4912 et

418 4947 691 5005 mediator
737 4947 840 5003 Dei
894 4955 942 5002 et
989 4945 1274 5002 hominum
1322 4946 1477 5002 homo
1522 4947 1675 5001 Iesus
1735 4944 1986 5001 Christus
2026 4960 2065 5001 κ.

423 5037 607 5099 Quare
626 5034 856 5107 proprie
869 5034 1132 5089 Christus
1154 5038 1211 5091 et
1225 5038 1374 5089 Deus
1391 5038 1447 5090 et
1468 5036 1664 5089 homo.
1681 5036 1869 5104 Atque
1891 5033 2071 5090 Atha-

418 5125 646 5197 nasius,
680 5141 1018 5195 germanum
1052 5140 1116 5182 se
1146 5124 1309 5181 Pauli
1339 5123 1692 5198 discipulum
1725 5124 2062 5187 ostendens,

486 5279 509 5319 γ
536 5269 708 5325 Hebr.
743 5286 866 5337 xm,
899 5272 952 5326 8.
986 5284 1005 5311 ι
1040 5272 1056 5327 Ι
1086 5271 1233 5328 Tim.
1268 5286 1331 5340 ιι,
1362 5272 1416 5326 5.

2143 559 2352 635 φύσεως
2402 561 2733 635 χρήσασθαι.
2770 556 2948 615 Ἀλλὰ
2999 561 3164 612 ταῦτα
3214 558 3311 629 μὲν
3370 556 3503 630 ὑπὲρ
3561 554 3807 611 Ἰουλίου

2142 645 2255 705 ἔστι
2287 651 2471 729 φάναι.

2217 739 2334 794 Ἔτι
2392 737 2448 794 δὲ
2504 739 2567 795 τὸ
2620 740 2891 815 αἱρετικὸν
2944 739 3293 812 ἀναισχυντεῖ
3367 737 3652 815 φρόνημα,
3712 736 3809 792 καὶ

2148 847 2303 906 φησι’
2340 827 2446 886 Διά
2471 826 2526 884 τί
2560 830 2660 901 μή,
2689 827 2928 903 καθάπερ
2959 826 3021 883 ἐκ
3050 824 3147 881 δύο
3180 826 3391 903 φύσεων
3424 823 3679 902 λέγοντες
3707 827 3808 881 τὸν

2148 914 2454 991 ἄνθρωπον,
2487 918 2601 972 εἶτα
2660 917 2794 990 μετά
2830 918 2928 985 τήν
2978 913 3171 970 ἕνωσιν
3196 915 3287 970 καὶ
3323 914 3448 988 μίαν
3498 914 3667 970 αὑτοῦ
3697 917 3806 984 τὴν

2150 1007 2443 1083 φύσιν,μὴ
2489 1008 2580 1062 καὶ
2626 1008 2717 1063 τὸν
2766 1007 2997 1082 Χριστὸν
3032 1004 3091 1061 ἐκ
3141 1004 3238 1060 δύο
3286 1006 3495 1083 φύσεων
3547 1002 3810 1080 λέγοντες

2155 1097 2281 1169 μίαν
2312 1098 2479 1152 αὐτοῦ
2526 1098 2627 1165 τὴν
2666 1097 2821 1173 φύσιν
2861 1098 2996 1170 μετᾶ
3042 1096 3140 1164 τὴν
3186 1092 3377 1150 ἕνωσιν
3420 1093 3813 1168 ἀνομολογοῦ-

2157 1207 2250 1259 μεν
2284 1207 2297 1249 ;
2341 1186 2479 1242 Μίαν
2515 1188 2609 1259 μὶν
2637 1187 2739 1262 γὰρ
2790 1184 2946 1259 ἴσμεν
2977 1185 3135 1263 φύσιν
3164 1186 3227 1240 τὸ
3277 1184 3550 1252 σύνθετον,
3600 1182 3807 1238 ἀναλυ-

2150 1279 2289 1346 τικῷ
2328 1272 2385 1329 δὲ
2411 1276 2747 1350 κεχρημένοι
2777 1276 2966 1350 τρόπῳ
2997 1271 3091 1329 δύο
3130 1274 3227 1335 τὰς
3260 1272 3623 1335 συνελθούσας
3651 1294 3813 1347 γνω-

2156 1366 2399 1439 ρίζομεν’
2443 1365 2599 1421 Ἀλλ’
2638 1367 2673 1436 ἡ
2724 1366 2817 1438 μὲν
2868 1366 3117 1441 αἱρετικὴ
3149 1364 3502 1440 ἀναισχυντία
3548 1366 3682 1437 [449
3711 1366 3811 1438 Η.]

2155 1456 2402 1526 ἐπιζητεῖ
2431 1459 2477 1494 ³⁸
2521 1460 2709 1512 ταῦτα.
2744 1454 3167 1512 Μανθανέτωσαν
3220 1453 3278 1510 δὲ
3325 1456 3377 1509 οἱ
3416 1455 3667 1510 ἆσύνετοι
3720 1458 3812 1511 ὅτι

2153 1547 2277 1602 τότε
2334 1546 2396 1601 τὸ
2437 1544 2683 1600 σύνθετον
2759 1545 2855 1619 μία
2907 1544 3068 1624 φύσις
3126 1544 3421 1605 ἀκωλύτως
3458 1544 3503 1579 ³⁷
3560 1542 3811 1617 λέγεται,

2156 1636 2321 1706 ἡνίκα
2351 1636 2428 1707 μὴ
2485 1634 2689 1710 κυρίως
2748 1634 2829 1690 ἐπ’
2867 1638 3032 1689 αὐτοῦ
3086 1633 3153 1689 τὰ
3192 1636 3303 1689 τῶν
3356 1632 3571 1701 ἁπλῶν,
3618 1632 3673 1703 ἐξ
3729 1633 3811 1687 ὧν

2160 1726 2432 1795 συνετέθη,
2467 1723 2708 1796 ὀνόματα
2757 1723 2989 1800 λέγεται.
3024 1725 3159 1781 Οἷον
3208 1723 3298 1778 τὸν
3352 1720 3650 1796 ἅνθρωπων
3683 1719 3813 1776 οὔτε

2152 1818 2313 1884 σῶμα
2343 1814 2402 1867 ἄν
2431 1834 2512 1875 τις
2548 1815 2592 1850 ³⁸
2636 1814 2839 1888 κυρίως
2874 1813 2998 1868 οὔτε
3048 1813 3232 1887 ψυχὴν
3267 1810 3411 1867 εἴποι
3456 1854 3468 1869 .
3522 1808 3648 1865 οὐδὲ
3698 1810 3809 1887 γὰρ

2154 1900 2269 1959 οὐδ’
2319 1900 2621 1975 ἐπιδέξαιτο
2673 1903 2731 1957 ἃν
2783 1898 2905 1958 οὔτε
2950 1902 3042 1957 τὸν
3088 1906 3185 1957 τοῦ
3231 1901 3485 1972 σώματος
3534 1898 3656 1954 οὔτε
3709 1901 3809 1953 τὸν

2149 2001 2252 2064 τῆς
2292 1996 2475 2069 ψυχῆς
2507 1993 2631 2066 ὅρον
2663 2010 2677 2023 ⁸
2720 1995 3177 2067 καταχρηστικῶς
3222 1990 3409 2064 μέντοι
3450 1987 3722 2051 πολλάκις
3762 1988 3804 2058 ἤ

2152 2105 2211 2139 τε
2250 2085 2346 2138 ἆνὰ
2393 2089 2554 2158 χεῖρα
2601 2080 2797 2155 ὁμιλία
2839 2083 2902 2136 τὸ
2951 2075 3173 2157 ἀκριϐὲς
3220 2080 3657 2153 παρατρέχουσα,
3708 2077 3806 2132 καὶ

2152 2172 2220 2227 τὰ
2249 2173 2366 2247 ἱερὰ
2416 2171 2582 2246 λόγια
2627 2174 2695 2245 τῇ
2728 2169 3008 2245 ἐλευθερίᾳ
3055 2168 3372 2245 κεχρημένα
3409 2172 3506 2223 τοῦ
3556 2168 3814 2241 πνεύμα-

2154 2282 2267 2329 τος,
2317 2263 2380 2316 ἒκ
2438 2260 2637 2335 μέρους
2694 2260 2785 2315 τὸν
2845 2258 2975 2314 ὅλον
3035 2257 3320 2331 ἄνθρωπον
3380 2256 3813 2330 ἐπονομάζουσι,

2160 2355 2306 2425 ζυγῷ
2338 2346 2586 2412 δουλείας
2613 2355 2714 2418 τῆς
2758 2346 3108 2417 διαλεκτικῆς
3159 2346 3526 2420 ματαιότητος
3570 2345 3820 2401 ὑπείκειν

2158 2440 2257 2495 οὐκ
2285 2438 2584 2514 ἀνεχόμενα
2613 2439 2681 2493 ίθ.
2715 2439 2833 2493 Ἐπὶ
2869 2435 2926 2492 δέ
2968 2457 3029 2513 γε
3058 2443 3158 2505 τῆς
3211 2436 3451 2511 ἀρρήτου
3482 2435 3573 2489 καὶ
3624 2435 3816 2490 ἆνεπιυ

2155 2532 2357 2600 νοητου
2415 2529 2659 2590 ὲνώσεως
2718 2525 2843 2583 οὔτε
2895 2524 3242 2601 παράδειγμα
3297 2520 3485 2580 λαϐεῖν
3546 2525 3815 2580 οἰκειότε-

2158 2639 2247 2693 ρον
2280 2620 2326 2654 ³ο
2374 2615 2577 2672 δύναιτ’
2618 2618 2676 2671 ἄν
2736 2638 2840 2685 τις,
2874 2616 2959 2671 καὶ
3004 2614 3259 2692 λέγοντες
3309 2615 3402 2668 τὸν
3460 2614 3695 2677 Χριστὸν
3754 2612 3817 2669 ἐκ

2156 2707 2412 2779 θεότητος
2441 2705 2529 2760 καὶ
2581 2705 3026 2782 ἀνθρωπότητος,
3071 2704 3245 2779 φαμὲν
3274 2703 3435 2759 αὑτὸν
3473 2702 3691 2776 ὁμοίως
3718 2704 3812 2757 καὶ

2157 2798 2284 2853 Θεὸν
2342 2797 2435 2852 τὸν
2478 2795 2638 2851 αὐτὸν
2685 2796 2778 2851 καὶ
2823 2794 3109 2871 ἄνθρωπον
3141 2813 3156 2828 ’
3211 2792 3296 2848 διὸ
3323 2793 3416 2847 καὶ
3464 2792 3668 2865 κυρίως
3712 2793 3805 2847 καί

2157 2886 2445 2956 ἀληθῶς-δ
2503 2883 2737 2961 παναγία
2782 2884 3048 2959 Παρθὲνος
3107 2880 3371 2944 Θεοτόκος
3428 2876 3814 2953 πρεσϐεύεται.

2158 2980 2319 3031 Ὥστε
2353 2975 2529 3049 μάτην
2561 2971 2943 3048 ἒκακουργήθη
2987 2978 3105 3035 τοῖς
3138 2971 3415 3033 ἀσυνὲτοις
3467 2973 3527 3026 τὸ
3555 2971 3693 3025 κατᾶ
3722 2973 3821 3026 τὸν

2161 3066 2444 3139 ἄνθρωπον
2496 3059 2839 3138 παράδειγμα
2896 3063 2971 3124 εἰς
3031 3057 3297 3130 διαϐολὴν
3354 3061 3445 3115 καὶ
3502 3060 3825 3135 ἀνατροπὴν

2086 3124 2133 3191 c
2162 3162 2262 3224 τῆς
2294 3152 2606 3229 ἄσυγχύτου
2655 3152 2744 3207 καὶ
2794 3149 3102 3227 ἀδιαιρέτου
3151 3154 3261 3206 τῶν
3307 3147 3400 3205 δύο
3455 3154 3551 3205 τοῦ
3581 3155 3828 3223 Χριστοῦ

2166 3243 2374 3323 φύσεων
2402 3245 2519 3299 καθ’
2556 3244 2848 3299 ὑπόστασιν
2882 3241 3148 3303 ἑνώσεως.

2234 3336 2359 3391 ’Ότι
2408 3331 2467 3388 δὲ
2514 3333 2745 3407 Χριστὸς
2793 3333 2820 3386 6
2866 3332 2995 3392 Θεὸς
3043 3333 3204 3405 ἡμῶν
3254 3330 3459 3404 κύρίως
3504 3324 3817 3405 ἀμφότερα,

2166 3423 2217 3492 ἐξ
2248 3422 2321 3477 ὦν
2356 3422 2457 3496 [τέ]
2488 3421 2621 3489 ἐστι,
2674 3419 2890 3495 λέγεται
2921 3421 2989 3489 ³³,
3042 3420 3162 3474 οἷον
3194 3419 3325 3481 Θεὸς
3372 3419 3464 3473 καὶ
3516 3419 3832 3488 ἅνθρωπος,

2165 3509 2333 3567 ἄλλοι
2358 3531 2416 3565 τε
2444 3509 2651 3566 πολλοὶ
2686 3509 2988 3586 βοῶσι,καὶ
3023 3510 3052 3563 6
3088 3511 3234 3569 θεῖος
3267 3504 3323 3562 δὲ
3355 3504 3635 3582 Κύριλλος
3677 3505 3729 3562 ἑν

2164 3602 2300 3676 πρὸς
2363 3599 2660 3655 Σούκενσον
2716 3598 2980 3673 ἐπιστολῇ
3031 3594 3127 3652 ἕνα
3186 3596 3321 3674 φησί
3378 3596 3594 3652 καὶτὸν
3658 3598 3829 3651 αὐτόν

2164 3694 2325 3745 τοῦτο
2381 3688 2597 3743 κακεῖνο
2640 3688 2923 3763 ὑπάρχειν.
2985 3688 3085 3743 Καὶ
3148 3686 3284 3762 πρὸς
3332 3685 3707 3759 Οὐαλεριανὸν
3768 3684 3825 3739 δὲ

2167 3781 2256 3836 τὸν
2307 3781 2354 3817 ³³
2412 3780 2641 3835 Ἰκονίου
2681 3777 2976 3834 ἐπίσκοπον
3034 3776 3244 3849 ὁμοίως
3304 3775 3498 3851 γράφει
3532 3796 3546 3811 ι
3606 3775 3824 3832 Οὐκοῦν

2168 3869 2552 3945 δμολογοῦμεν
2587 3869 2633 3905 ³³
2690 3868 2765 3928 ὡς
2799 3868 2893 3940 μὲν
2950 3867 3013 3922 τὸ
3070 3866 3177 3921 ἀπὸ
3238 3865 3433 3940 σαρκὸς
3492 3864 3621 3938 σάρξ
3684 3862 3826 3936 ἐστι,

2166 3960 2228 4014 τὸ
2288 3956 2345 4013 δὲ
2400 3957 2459 4013 ὲκ
2524 3962 2656 4014 Θεοῦ
2714 3953 2844 4019 Θεὸς
2902 3955 3035 4026 ἐστι,
3094 3956 3230 4010 κατᾶ
3283 3954 3479 4009 ταύτὸν
3535 3955 3827 4033 ἀμφότερα

2168 4055 2419 4123 Χριστος,
2480 4050 2557 4109 εἷς
2607 4046 2680 4101 ὢν
2740 4047 2885 4114 Υἱὸς,
2944 4048 3023 4106 εἷς
3066 4044 3260 4119 Κύριος
3322 4044 3457 4116 μετὰ
3512 4049 3618 4113 τῆς
3678 4041 3829 4103 ἰδίας

2168 4138 2336 4192 αὑτοῦ
2376 4135 2591 4213 σαρκός.
2624 4137 2698 4193 Τὸ
2748 4138 2851 4213 γὰρ
2908 4135 3192 4209 ἀμφότερα
3228 4134 3279 4188 τί
3329 4130 3471 4187 ἄλλο
3510 4133 3547 4201 ἢ
3581 4133 3666 4187 ὅτι
3716 4133 3743 4185 6
3778 4131 3830 4168 3‘

2172 4225 2336 4287 αὐτός
2367 4224 2478 4281 ἐστι
2535 4225 2622 4280 καὶ
2656 4225 2786 4287 Θεὸς
2843 4224 2936 4279 καὶ
2974 4222 3260 4299 ἅνθρωπος
3319 4216 3584 4297 Caedici;
3642 4219 3830 4275 Ἀλλᾶ

2171 4317 2350 4370 καίτοι
2382 4319 2548 4369 ταῦτα
2573 4316 2813 4390 βοῶντος
2834 4310 3139 4383 Κυρίλλου,
3170 4310 3323 4385 ὅμως
3353 4308 3666 4382 ἐτόλμησάν
3687 4328 3831 4368 τινες

2173 4402 2424 4460 ὑλακτεῖν
2450 4405 2523 4466 ὡς
2550 4405 2576 4458 ὁ
2610 4403 2841 4477 Χριστὸς
2866 4402 2925 4457 ἐκ
2954 4402 3210 4471 θεότητος
3240 4401 3337 4474 μὲν
3369 4398 3482 4455 ἐστι
3502 4400 3593 4453 καί
3622 4399 3840 4471 ἂνθρω-

2169 4494 2430 4565 πότητος,
2457 4490 2579 4548 οὔτε
2598 4490 2654 4548 δὲ
2675 4491 2955 4566 ἅνθρωπος
2980 4488 3103 4547 οὔτε
3126 4492 3279 4557 Θεὸς,
3300 4491 3428 4561 {853
3452 4489 3545 4561 Η.)
3566 4509 3640 4560 μη
3652 4484 3705 4540 δὲ
3725 4490 3835 4539 τοῦ

2172 4584 2393 4639 Παύλου
2422 4584 2485 4638 τὸ
2518 4583 2872 4637 θεόπνευστον
2909 4582 2999 4635 καὶ
3043 4579 3434 4656 μεγαλόφωνον
3456 4572 3828 4631 καταιδεσθένε-

2170 4695 2280 4743 τες,
2320 4673 2380 4737 ὃς
2423 4674 2706 4747 κέκραγεν·
2741 4673 2954 4740 Ἰησοῦς
2986 4672 3029 4707 ³⁵
3078 4670 3309 4744 Χριστὸς
3341 4669 3466 4743 χθὲς
3514 4662 3603 4720 καὶ
3636 4663 3822 4735 σήμε-

2179 4784 2293 4838 ρον,
2333 4764 2361 4817 ὁ
2393 4760 2551 4824 αὐτὸς
2600 4762 2689 4816 καὶ
2722 4760 2798 4823 εἷς
2838 4761 2963 4822 τοὺς
3008 4760 3232 4826 αἰῶνας,
3276 4756 3365 4812 δια
3416 4756 3507 4829 μὲν
3552 4757 3652 4809 τοῦ
3687 4752 3837 4828 ’χθὲς

2176 4853 2267 4908 καὶ
2298 4853 2536 4928 σήμερον
2566 4851 2847 4924 ἄνθρωπον
2871 4850 2985 4924 [τὸν
3013 4850 3082 4921 36]
3109 4846 3269 4903 αὐτὸν
3298 4842 3616 4919 ὁμολογῶν,
3647 4841 3735 4897 διὰ
3770 4840 3835 4897 δὲ

2178 4946 2275 4998 τοῦ
2305 4943 2349 4978 ⁸⁷
2397 4941 2487 4997 καὶ
2539 4941 2612 5002 εἷς
2652 4940 2779 5002 τοὺς
2831 4939 3031 5000 αἰώνας
3081 4938 3171 4992 τὸν
3223 4937 3385 4991 αὑτὸν
3437 4932 3833 5008 ἀνακηρύττων

2184 5032 2330 5087 Θεόν.
2360 5032 2460 5086 Καὶ
2516 5030 2679 5086 πάλιν
2710 5030 2738 5085 6
2791 5029 2953 5091 αὐτός
2980 5047 2995 5063 ·
3056 5028 3155 5090 Εἷς
3186 5027 3316 5087 Θεὸς
3350 5025 3416 5095 ³⁸,
3464 5025 3547 5088 εἷς
3592 5022 3685 5077 καὶ
3728 5043 3838 5095 με·

2186 5120 2340 5190 σίτης
2425 5123 2559 5175 Θεοῦ
2647 5118 2735 5174 καὶ
2804 5117 3130 5193 ανθρώπων,
3224 5114 3513 5188 ἄνθρωπος
3594 5110 3842 5186 Χριστὸς

1742 5416 1986 5472 VARI/E
2026 5414 2319 5473 LECTION
2328 5416 2429 5472 ES.

910 5544 950 5577 ³⁷
984 5541 1275 5605 ἀπολύτως
1308 5547 1372 5600 Α.

841 5613 888 5647 ss
916 5613 1007 5647 φλ..
1042 5616 1143 5647 MA
1213 5619 1235 5647 Α

916 5616 1007 5667 τὸν
1041 5616 1166 5671 aed.
1202 5619 1267 5671 A.
1316 5688 1329 5695 _
1372 5616 1415 5650 ³⁸
1450 5616 1777 5741 ὄμολογοῦἑι

952 5688 1017 5741 Α.
1096 5685 1140 5719 ³⁸
1172 5686 1331 5755 Ἰησ.]
1367 5687 1536 5743 Hebr.
1570 5704 1694 5754 xm,
1766 5728 1779 5744 .

490 5541 537 5575 ss
569 5545 725 5614 ζητὲ

418 5608 631 5686 λέγεται
663 5610 746 5719 ς’.

419 5684 554 5719 νινε-,ι
654 5684 676 5718 3
731 5684 746 5719 ,ι

419 5684 574 5738 κατά.
654 5684 701 5719 3‘
730 5684 758 5737 6
800 5700 913 5741 om.
952 5688 1017 5741 A.

1451 5545 1494 5618 ξδ
1526 5544 1684 5618 σῶμά
1724 5541 1977 5618 τι

1451 5545 1494 5580 ³⁸
1526 5544 1684 5616 σῶμά
1724 5563 1774 5596 τι
1808 5541 1865 5597 ἄν
2056 5545 2101 5581 ³⁸
2129 5541 2437 5616 ἀνεχόμεθα
2628 5540 2678 5574 3°
2707 5540 3039 5593 οἰκειότατον
3072 5540 3151 5618 Α.⁹
3240 5540 3285 5569 ³²
3322 5540 3661 5613 λέγεταιθΛυ
3695 5544 3711 5584 :
3743 5540 3849 5585 καὶ

1372 5616 1415 5650 ³⁸
1450 5613 1730 5691 ὁμολογοῖ»
1780 5635 1830 5669 εν
1862 5614 1957 5681 ὡς]
1988 5615 2136 5673 inira
2162 5616 2242 5687 (p.
2276 5613 2342 5672 Β.
2374 5614 2524 5679 857.)
2556 5608 3040 5683 ὀμολογουμὲνως.
3074 5605 3291 5663 Ibidem
3326 5601 3384 5657 δὲ
3418 5599 3654 5657 additur
3685 5610 3849 5661 ante

1372 5687 1536 5741 Hebr.
1570 5704 1694 5741 xm.
1857 5687 1903 5722 ³⁸
1939 5687 2029 5741 τὸν
2064 5704 2179 5741 om.
2212 5688 2279 5741 A.
2357 5685 2401 5721 ³⁷
2428 5688 2525 5739 τοῦ
2560 5685 2694 5741 add.
2730 5686 2789 5738 Β.
2866 5680 2913 5716 ³⁸
2942 5680 3021 5741 εἷς
3048 5678 3135 5741 Θα]
3167 5677 3187 5733 Ι
3220 5678 3373 5733 Tim.
3421 5689 3483 5740 ῐι,
3514 5672 3568 5727 5-

1939 5704 2029 5741 τον
2064 5704 2179 5746 om.
2212 5704 2279 5742 Α.

2628 5538 2678 5574 3°
2707 5536 3039 5593 οἰκειότατον
3072 5536 3137 5593 Α.
3240 5533 3285 5569 ³²
3322 5528 3661 5603 λέγεταιΑϐ
3695 5544 3711 5584 :
3743 5532 3849 5585 καὶ

2357 5685 2401 5721 ³⁷
2428 5672 2525 5739 τοὺ
2560 5672 2694 5741 αὖά.
2730 5672 2789 5738 Β.
2848 5672 2913 5716 ’³⁸
2942 5680 3021 5742 εἷς
3048 5678 3135 5748 Θ.]
3167 5677 3187 5733 Ι
3220 5678 3373 5733 Tim.
3421 5689 3483 5740 Il,
3514 5672 3568 5727 5.
