4138 6228
313 361 468 423 1049

1433 348 1974 414 BlBLIOTHECA.
2022 383 2098 393 —-
2141 349 2313 411 COD.
2355 350 2630 412 CCXXX.

3562 354 3717 415 1050

316 495 550 563 Ἰησοῦς,
610 489 746 546 ὥστε
802 489 1004 566 κυρίως
1064 488 1354 562 ὁΧριστὸς
1411 485 1502 543 καὶ
1543 485 1828 562 ἄνθρωπος
1877 485 1956 541 καῖ

2083 487 2164 542 sic
2199 487 2314 542 ait:
2377 488 2519 543 Cum
2580 487 2830 545 Christus
2882 491 3052 546 etiam
3115 492 3247 546 Deus
3277 493 3370 549 sit.
3430 493 3625 550 Basilii
3661 497 3716 550 et

314 583 470 644 Θεός.
507 581 605 636 Καὶ
637 578 952 640 ’Δθανάσιος
985 575 1043 633 δὲ
1089 577 1312 653 γνήσιον
1359 577 1548 633 ἑαυτὸν
1595 579 1692 632 τοῦ
1739 575 1961 632 Παύλου

315 670 526 733 δεικνὺς
576 669 824 743 μαθητὴν
875 668 1018 723 οὸτω
1066 665 1231 744 φησίν
1261 683 1274 698 ⁶
1326 665 1480 722 Ἐπεὶ
1525 665 1616 721 καὶ
1658 667 1788 722 Θεὸς
1817 664 1959 721 ἐστιν

312 761 341 816 ὁ
371 759 622 831 Χριστός.
677 754 970 814 Βασίλείου
1023 752 1081 810 δὲ
1127 755 1220 810 καὶ
1264 757 1373 810 τῶν
1423 754 1584 830 ἱερῶν
1641 756 1960 832 Γρηγορίων

311 849 402 903 καὶ
431 852 542 903 τῶν
583 844 773 902 ἄλλων
805 844 968 900 ὁσίων
998 842 1279 917 Πατέρων,
1307 841 1360 898 εἴ
1392 864 1478 906 τις
1508 842 1795 917 συλλέγειν
1843 863 1962 899 πει-

314 935 523 1014 ραθείη,
575 935 652 999 εἷς
690 935 752 989 τὸ
792 930 1014 1008 ὄίπειρον
1043 932 1104 987 ’ἀν
1155 933 1213 987 αἳ
1264 933 1554 1008 μαρτυρίαι
1605 935 1962 1007 παρατετοῦσι

308 1029 401 1085 τὸν
443 1028 636 1103 λόγον.
669 1026 726 1081 '0
763 1025 945 1097 μέντοι
974 1044 1039 1098 γε
1068 1024 1234 1101 σοφὸς
1286 1022 1562 1097 Κύριλλος
1602 1023 1694 1078 τὸν
1729 1029 1831 1092 τῆς
1881 1022 1965 1077 οἷσ-

307 1116 582 1191 κουμένης
628 1111 951 1169 διδάσκαλον
1003 1111 1218 1168 Παῦλον
1270 1111 1515 1188 μάρτυρα
1571 1109 1776 1180 καλῶν,
1813 1112 1964 1169 Κατὰ

311 1211 422 1262 τῶν
525 1205 602 1278 μὴ
697 1201 1054 1278 βουλομένων
1142 1200 1435 1275 ὁμολογεῖν
1521 1203 1784 1257 Θεοτόκον
1863 1201 1963 1270 τήν

309 1294 462 1371 ἆγίαν
505 1293 770 1366 Παρθένον
803 1290 972 1362 (οὕτω
1000 1291 1104 1366 γὰρ
1133 1287 1414 1369 ἐπιγράφει
1463 1291 1552 1344 καὶ
1620 1291 1710 1344 τὸν
1771 1287 1962 1365 λόγον)

309 1384 414 1458 δρα
461 1383 512 1438 τί
554 1397 735 1459 φησιν’
777 1382 887 1438 Νῦν
939 1375 995 1435 δὲ
1041 1382 1140 1449 τήν
1193 1380 1380 1456 φωνὴν
1430 1380 1524 1452 μέν
1577 1381 1676 1438 οὐκ
1723 1377 1960 1454 εἴρηκεν,

309 1471 440 1543 ἤτοι
497 1473 596 1541 τήν
633 1495 655 1522 ι
717 1470 1004 1537 Θεοτόκος,
1046 1491 1075 1521 ››
1147 1473 1276 1524 Θεὸν
1334 1467 1391 1523 δὲ
1447 1469 1538 1524 τὸν
1590 1470 1830 1542 Χριστὸν
1873 1466 1961 1523 ἐπὶ

307 1564 528 1618 πάντων
577 1556 893 1630 ἀνεϐόησεν.
948 1559 1056 1614 Καὶ
1105 1556 1294 1613 πάλιν⁸
1347 1557 1408 1614 Ei.
1462 1559 1539 1631 μὴ
1591 1559 1720 1613 Θέὸν
1767 1559 1880 1630 ἅμα
1917 1557 1964 1594 ⁸⁸

306 1651 397 1707 καὶ
467 1648 754 1726 ἃνθρωπον
822 1647 1092 1719 ἠπίστατο
1147 1647 1238 1702 τὸν
1304 1647 1564 1722 Χριστὸν,
1621 1646 1722 1702 ούκ
1777 1647 1837 1702 ἂν
1867 1646 1963 1702 ἐπ-

305 1742 463 1816 έφερε
496 1765 524 1793 ‹‹
556 1739 695 1794 κατᾶ
719 1737 914 1810 σάρκα·
948 1760 977 1790 ι)
1008 1740 1169 1792 τοῦτο
1200 1737 1305 1811 γὰρ
1337 1741 1582 1814 φανερῶς
1614 1736 1702 1792 ἐπὶ
1743 1740 1840 1792 τοῦ
1881 1737 1958 1810 μή

2072 582 2412 633 sanctorum
2471 578 2903 650 Gregoriorum,
2953 585 3009 634 et
3082 582 3326 637 aliorum
3377 589 3715 640 sanctorum

2074 666 2331 732 Patrum,
2352 667 2401 722 si
2423 667 2558 738 quis
2587 667 2788 724 omnia
2816 667 3088 740 colligere
3119 670 3453 727 testimonia
3472 674 3713 741 studeat,

2072 755 2132 810 in
2162 755 2462 812 inﬁnitum
2497 755 2973 814 trabeturoratio.
2999 758 3238 828 Sapiens
3259 760 3414 816 enim
3447 760 3715 833 Cyrillus,

2073 844 2234 900 orbis
2263 847 2560 902 doctorem
2602 851 2810 902 testem
2859 846 3103 903 Paulum
3162 848 3482 917 adducens,
3515 849 3717 906 Contra

2072 935 2320 991 nolentes
2353 935 2631 1006 Virginem
2661 938 2835 1007 fateri
2864 937 3161 1008 Deiparam
3195 954 3209 993 :
3242 938 3326 994 sic
3358 938 3513 994 enim
3549 940 3721 995 habet

2072 1024 2349 1080 orationis
2381 1023 2588 1080 titulus
2622 1043 2635 1093 ;
2677 1027 2808 1081 vide
2849 1027 2990 1098 quid
3042 1027 3198 1082 dicat
3227 1044 3241 1083 :
3279 1029 3471 1084 Vocem
3501 1029 3719 1099 quidem

2069 1129 2182 1170 non
2211 1114 2616 1184 pronuntiavit,
2667 1115 2878 1171 scilicet
2908 1118 3050 1173 hanc
3083 1139 3110 1167 ‹‹
3167 1118 3402 1189 Deipara
3434 1135 3499 1174 ε»
3543 1119 3714 1173 Deum

2071 1209 2262 1260 autem
2277 1203 2564 1258 Christum
2575 1219 2743 1273 super
2756 1209 2947 1262 omnia
2959 1207 3284 1277 prudieavit
3310 1220 3354 1262 ι.
3369 1207 3714 1264 Etrursum:

2072 1293 2193 1349 Nisi
2253 1295 2422 1350 Deum
2470 1298 2523 1348 et
2579 1293 2856 1350 hominem
2901 1297 3199 1352 crediderit
3237 1301 3283 1363 ι),
3342 1313 3451 1352 non
3482 1296 3718 1364 addidit,

2071 1403 2103 1434 ‹‹
2133 1383 2433 1439 secundum
2481 1399 2725 1439 carnem.
2763 1405 2792 1434 »
2849 1386 3106 1441 Hocenim
3161 1385 3445 1456 praecipue
3481 1385 3547 1440 de
3605 1401 3716 1441 non

2066 1473 2245 1528 solum
2266 1472 2508 1538 homine,
2527 1473 2622 1529 sed
2651 1474 2814 1530 aliud
2851 1474 2985 1547 quid
3015 1477 3316 1532 secundum
3339 1476 3711 1532 substantiam

2071 1564 2371 1618 exsistente
2386 1562 2616 1619 dicitur.
2638 1564 2798 1620 Idem
2829 1564 3007 1622 homo
3030 1567 3266 1623 divinus
3289 1566 3345 1622 in
3381 1565 3561 1622 altero
3584 1582 3718 1622 ana-

2069 1655 2447 1710 thematismo
2498 1653 2700 1710 eadem
2756 1656 3155 1711 vociferatur:
3205 1657 3271 1712 Si
3325 1659 3450 1726 quis
3484 1655 3717 1711 minime

2069 1743 2404 1812 conﬁteatur
2433 1741 2778 1814 hypostatice
2803 1747 2963 1799 carni
2991 1760 3064 1800 ea:
3112 1746 3277 1800 Patre
3329 1746 3431 1800 Deo
3492 1745 3720 1800 Verbum

312 1830 476 1906 μόνον
516 1831 646 1903 [450
699 1829 791 1901 Η.]
835 1826 1152 1896 ἀνθρώπου,
1200 1824 1348 1881 ἀλλὰ
1391 1825 1483 1880 καὶ
1534 1822 1714 1902 ἕτερόν
1763 1846 1814 1881 τι
1853 1827 1953 1894 τὴν

2067 1833 2310 1900 unitum,
2331 1842 2382 1889 et
2401 1849 2516 1889 esse
2536 1849 2710 1890 unum
2731 1833 3010 1891 Christum
3032 1852 3156 1891 cum
3169 1838 3397 1908 propria
3428 1852 3528 1891 sua
3549 1851 3716 1891 carne

305 1918 495 1976 οὐσίαν
554 1917 898 1993 ὑπάρχοντος
957 1913 1197 1990 λέγεται.
1254 1917 1314 1972 Ὁ
1373 1911 1432 1969 δὲ
1489 1914 1654 1977 αὐτὸς
1701 1915 1962 1992 θεοφόρος

305 2013 444 2087 ἀνὴρ
503 2011 600 2066 κάν
645 2015 724 2082 τῷ
773 2006 1008 2083 δευτέρῳ
1055 2008 1480 2082 ἆναθεματισμῷ
1515 2006 1583 2063 τὰ
1631 2007 1764 2063 αὐτὰ
1807 2010 1953 2082 βοᾷ·

303 2100 372 2158 Ei'
423 2121 510 2163 τις
567 2099 680 2174 οὐχ
736 2099 1003 2172 ὁμολογεῖ
1065 2097 1182 2152 καθ’
1240 2097 1529 2153 ὑπόστασιν
1585 2097 1740 2173 σαρκὶ
1807 2100 1955 2168 ἡνῶ-

304 2192 426 2246 σθαι
485 2191 578 2244 τὸν
630 2187 690 2244 ἐκ
746 2192 880 2244 Θεοῦ
939 2186 1150 2260 Πατρὸς
1206 2185 1398 2260 Λόγον,
1453 2183 1549 2241 ἕνα
1603 2208 1662 2242 τε
1714 2188 1954 2262 Χριστὸν

301 2279 440 2342 ,εἶναι
503 2277 638 2354 μετᾶ
702 2283 802 2346 τῆς
860 2273 1000 2339 ἰδίας
1050 2276 1270 2349 σαρκὸς,
1317 2277 1408 2330 τὸν
1478 2274 1639 2331 αὐτὸν
1693 2272 1950 2346 δηλονότι

305 2369 434 2424 Θεόν
489 2388 549 2423 τε
585 2367 675 2422 καὶ
732 2363 1037 2439 ἄνθρωπον,
1097 2364 1332 2439 ἀνάθεμα
1370 2358 1530 2420 ἔστω.
1589 2364 1694 2420 Καὶ
1761 2363 1814 2420 ἐν
1870 2370 1952 2438 τῷ

306 2458 450 2532 Πρὸς
497 2458 595 2520 τὰς
628 2452 918 2531 βασιλίδας
976 2457 1418 2529 προσφωνητικῷ
1457 2452 1688 2527 ὁμοίως,
1744 2452 1836 2509 ἕνα
1893 2475 1951 2510 τε

300 2551 438 2620 ἡμῖν
526 2545 698 2608 οὕτως
780 2542 1172 2620 ἀναδειχθῆναι
1255 2543 1512 2618 Χριστὸν,
1614 2544 1706 2598 τὸν
1788 2544 1948 2599 αὐτὸν

2069 1922 2316 1978 eumdem
2350 1923 2620 1979 nimirum
2653 1924 2825 1979 Deum
2865 1928 2914 1980 et
2945 1925 3244 1990 hominem,
3293 1927 3590 1982 anathema
3619 1927 3709 1982 sit.

2065 2011 2131 2067 Et
2161 2011 2431 2069 similiter
2475 2013 2533 2069 in
2592 2014 2854 2071 oratione
2904 2031 3074 2087 quam
3126 2015 3352 2085 Reginis
3389 2015 3708 2087 inscripsit,

2065 2101 2243 2159 Unum
2305 2103 2464 2157 nobis
2516 2104 2598 2158 sic
2667 2103 2980 2160 exhibitum
3041 2120 3155 2160 esse
3202 2104 3484 2160 Christum
3537 2103 3709 2159 simul

2059 2191 2298 2246 Deumet
2308 2191 2580 2248 hominem
2591 2192 2950 2249 eminentem
2966 2211 2988 2258 ;
3002 2192 3233 2266 aliaque
3251 2192 3710 2249 innumerabilia.

2061 2278 2227 2336 Patet
2256 2281 2450 2338 275a
2505 2281 2690 2353 igitur
2721 2298 2993 2355 magnam
3021 2287 3079 2339 et
3110 2283 3400 2338 inﬁnitam
3438 2283 3710 2338 ditl‘eren-

2060 2369 2201 2426 tiam
2251 2385 2382 2426 esse
2422 2371 2480 2426 in
2515 2373 2814 2444 mysteriis
2844 2373 3058 2428 Christi
3095 2377 3147 2428 et
3181 2372 3442 2428 humana
3472 2372 3659 2427 forma
3690 2388 3703 2427 :

2058 2458 2408 2532 quiquidem
2423 2475 2492 2516 ex
2513 2461 2729 2532 quibus
2749 2467 2975 2517 estnon
2998 2461 3214 2516 dicitur
3243 2461 3390 2528 haec;
3413 2477 3480 2517 ex
3494 2461 3709 2531 quibus

2059 2563 2194 2605 vero
2227 2551 2460 2619 prodiit,
2494 2550 2797 2620 perspicue
2828 2550 2948 2605 haec
2979 2550 3335 2605 nominatur.

303 2639 446 2710 ὁμοῦ
501 2636 630 2691 θεὸν
682 2630 807 2690 ὄντα
859 2633 950 2688 καὶ
1007 2631 1316 2708 ἄνθρωπον.
1365 2631 1466 2687 Καὶ
1548 2631 1715 2708 μυρία
1771 2631 1936 2692 ἄλλα.
1970 2632 2291 2706 Κατάδηλον
2325 2637 2416 2690 06v
2459 2638 2533 2691 ὡς
2573 2633 2762 2705 πολλὴ
2803 2637 2893 2692 καὶ
2952 2635 3172 2710 ἄπειρος
3214 2638 3248 2705 ἡ
3318 2633 3551 2712 διαφορᾶ
3605 2635 3704 2691 τού

300 2727 441 2782 κατᾶ
496 2727 584 2780 τὸν
653 2723 884 2800 Χριστὸν
948 2722 1252 2799 μυστηρίου
1312 2729 1403 2778 καί
1456 2728 1555 2779 τοῦ
1611 2724 1747 2778 κατὰ
1793 2723 1882 2779 τὸν
1955 2721 2237 2799 ἄνθρωπον
2304 2724 2762 2801 παραδείγματος·
2832 2727 2860 2779 ὁ
2922 2727 3016 2798 μὲν
3073 2726 3176 2800 γὰρ
3232 2727 3280 2794 ἐξ
3334 2725 3406 2778 ὧν
3438 2724 3604 2794 ἐστὶν,
3639 2729 3702 2779 οῦ

304 2812 528 2889 λέγεται
555 2817 743 2880 ταῦτα,
785 2814 813 2868 ὁ
846 2810 902 2868 δὲ
932 2811 983 2884 ἐξ
1014 2814 1092 2867 ὧυ
1123 2811 1391 2888 προῆλθε,
1421 2810 1510 2867 καὶ
1543 2809 1876 2887 διαπρυσίως
1904 2816 2071 2868 ταῦτα
2110 2814 2460 2887 ὀνομάζεται.

373 2902 550 2960 Ἀλλὰ
580 2903 684 2980 γὰρ
715 2911 815 2974 τῆς
845 2903 1102 2978 αἱρέσεως
1142 2902 1306 2960 πάλιν
1355 2904 1391 2973 ἡ
1433 2904 1665 2958 ἀπόνοια
1715 2903 1816 2973 τὴν
1862 2925 1952 2958 τε·

294 2995 505 3069 τάρτην
533 2995 580 3030 “
613 2994 882 3074 μέμφεται
920 2989 1142 3048 σύνοδον
1189 2993 1264 3056 ὡς
1315 2993 1440 3068 ὅρον
1477 2991 1789 3067 ἐκθεμένην,
1842 2991 1954 3048 διαο

293 3081 586 3157 τειναμένη
650 3084 748 3153 τὴν
799 3082 1058 3153 τοιαύτην
1115 3079 1459 3157 ἐπιχείρησιν
1520 3083 1624 3138 ὐπὸ
1676 3089 1778 3152 τῆς
1815 3083 1952 3138 κατᾶ

297 3175 402 3243 τὴν
463 3174 692 3248 Ἔφεσον
743 3172 971 3247 πρώτης
1029 3169 1256 3228 συνόδου
1321 3171 1606 3234 παντελῶς
1669 3173 1949 3228 ἀποκεχω-

2131 2907 2240 2964 Sed
2259 2907 2662 2964 haereticorum
2686 2909 2923 2964 vesania
2941 2913 3213 2980 quartam
3247 2909 3534 2980 synodum
3555 2907 3703 2963 vitu-

2062 3002 2246 3069 perat,
2280 2997 2436 3069 quod
2476 2996 2773 3054 decretum
2823 3000 3104 3068 posuerit,
3138 2999 3557 3070 contenditque
3587 2997 3702 3052 tale

2061 3087 2426 3158 propositum
2458 3103 2491 3142 a
2524 3086 2712 3159 prima
2741 3088 2963 3157 synodo
2995 3086 3209 3158 Ephesi
3236 3086 3432 3142 habita
3462 3085 3702 3143 omnino

2063 3173 2418 3247 prohibitum
2444 3175 2636 3232 fuisse.
2653 3176 2930 3242 Quamvis
2945 3176 2990 3231 si
3013 3177 3332 3233 secundum
3356 3175 3589 3231 illorum
3613 3175 3709 3231 de-

296 3263 518 3320 λῦσθαι.
569 3261 767 3318 Καίτοι
821 3281 884 3337 γε
931 3261 977 3317 εἰ
1016 3261 1154 3317 κατὰ
1199 3261 1292 3317 τὸν
1321 3259 1494 3335 λῆρον
1537 3262 1718 3317 αὐτῶν
1767 3262 1952 3336 ἀπεῖρ-

2067 3264 2263 3320 lirium
2295 3265 2554 3337 synodus
2595 3264 2752 3322 aliud
2785 3267 3084 3322 decretum
3115 3266 3353 3322 omnino
3384 3265 3703 3336 producere

292 3373 395 3431 γεν
427 3354 462 3422 ἡ
500 3348 720 3413 σύνοδος
749 3347 932 3425 ἓτερον
966 3351 1092 3425 δρον
1124 3346 1256 3424 μηδ’
1295 3348 1442 3412 ὅλως
1492 3351 1767 3427 προάγειν,
1815 3349 1951 3420 αύτή

289 3444 418 3501 καθ’
478 3443 677 3512 ἑαυτῆς
735 3443 841 3517 πρὸ
897 3445 1005 3498 τῶν
1065 3440 1256 3497 ἄλλων
1307 3444 1408 3513 τὴν
1491 3439 1952 3512 καταδικάζουσαν

290 3534 554 3608 ἐξήνεγκε
612 3536 816 3610 ψῆφον⁹
873 3530 1044 3607 ὁρίζει
1097 3531 1199 3606 γὰρ
1252 3531 1386 3586 αὐτὸ
1443 3535 1605 3587 τοῦτο
1689 3535 1950 3601 τυποῦσα,

284 3622 323 3679 ἃ
380 3619 657 3697 μηδετέρα
695 3625 804 3678 τῶν
856 3621 963 3693 πρὸ
1013 3618 1180 3686 αὐτῆς
1231 3617 1548 3695 διωρίσατο.
1592 3619 1769 3676 Ἀλλὰ
1794 3619 1886 3675 καὶ
1916 3623 1950 3691 ἡ

283 3713 420 3769 καθ’
483 3711 774 3767 ὑπόστασιν
827 3707 1021 3774 ἓνωσις
1071 3709 1244 3779 αὐτῆς
1296 3707 1438 3764 ἐστιν
1495 3707 1646 3784 ὅρος,
1733 3710 1761 3764 ὃ
1836 3714 1955 3772 ταῖς

283 3795 688 3876 πρισϐυτέραις
745 3803 852 3856 τῶν
912 3796 1152 3855 συνόδων
1203 3800 1268 3854 οὗ
1331 3796 1643 3875 διώρισται.
1701 3799 1806 3857 Ναὶ
1884 3796 1950 3868 δὴ

284 3892 389 3946 καὶ
420 3892 522 3960 τήν
553 3888 607 3945 ἐν
649 3888 1220 3946 Κωνσταντινουπόλει
1271 3891 1382 3944 τῶν
1430 3889 1505 3963 ρν’
1561 3886 1732 3962 ἁγίων
1791 3888 1959 3944 Πατέ-

284 4000 434 4054 ρων,
464 3977 516 4048 ἐξ
556 3981 631 4034 ὧν
662 3979 815 4034 αὐτοὶ
848 3979 1104 4053 ληροῦσι,
1139 3978 1548 4056 παραγράφεται
1582 3996 1596 4011 °
1647 3978 1741 4032 τὸν
1792 3982 1953 4032 Πνευ-

285 4070 642 4144 ματομάχον
700 4071 802 4144 γάρ
845 4069 980 4139 αὕτη
1027 4067 1353 4138 καθελοῦσα,
1409 4071 1488 4140 τῷ
1534 4068 1673 4123 κατὰ
1717 4069 1816 4137 τὴν
1854 4067 1956 4123 Νί-

2063 3355 2265 3420 vetuit,
2320 3355 2441 3410 haec
2497 3359 2632 3412 ante
2661 3354 2808 3411 alias
2849 3359 3050 3411 contra
3081 3371 3144 3411 se
3200 3352 3705 3410 condemnationis

2061 3444 2410 3500 sententiam
2445 3444 2700 3517 protulit.
2733 3443 2946 3501 Delinit
2975 3444 3130 3500 enim
3165 3443 3274 3500 hoc
3321 3443 3701 3511 adumbrans,

2061 3531 2256 3605 qualia
2288 3549 2475 3605 neque
2507 3534 2620 3590 alia
2651 3539 2787 3590 ante
2814 3532 3004 3605 ipsum
3037 3532 3321 3588 deﬁnivit.
3374 3532 3480 3588 Sed
3516 3531 3705 3604 hypo-

2061 3622 2264 3678 statica
2321 3623 2460 3680 unio
2491 3622 2668 3693 hujus
2698 3629 2786 3678 est
2816 3621 3099 3691 definitio,
3134 3637 3262 3693 quae
3321 3622 3395 3676 ab
3447 3619 3710 3689 antiquis

2060 3713 2324 3770 conciliis
2356 3729 2470 3768 non
2511 3719 2731 3768 statuta
2759 3716 2868 3768 est.
2901 3713 3068 3768 Certe
3095 3716 3150 3768 et
3169 3708 3710 3780 Constantinopoli-

2057 3806 2258 3860 tanam
2319 3803 2420 3858 150
2449 3804 2706 3867 Patrum,
2760 3817 2828 3857 ex
2856 3801 3071 3873 quibus
3129 3799 3379 3856 delirant
3407 3798 3544 3870 ipsi,
3576 3813 3710 3852 con-

2061 3891 2319 3956 demnat,
2335 3904 2606 3960 quaecum
2632 3888 2850 3961 Spiritu
2871 3895 3228 3960 pugnantem
3250 3884 3704 3959 [Macedoniam]

2061 3977 2292 4046 tollens,
2323 3993 2354 4032 e
2385 3978 2616 4033 Nicmna
2646 3977 2867 4050 synodo
2909 3977 3214 4032 declaratis
3254 3973 3602 4039 deﬁnitioni,
3637 3973 3707 4028 de

2061 4066 2282 4138 Spiritu
2327 4075 2528 4121 sancto
2555 4066 2883 4121 doctrinam
2923 4065 3335 4121 convenienter
3363 4063 3610 4119 addidit.
3646 4060 3707 4117 Si

2063 4155 2219 4212 enim
2246 4157 2631 4227 praecedentes
2661 4155 3004 4226 apponendo
3027 4153 3540 4222 reprehensionem
3567 4151 3708 4207 effu-

2063 4246 2250 4318 giunt,
2280 4259 2470 4314 neque
2499 4242 2631 4300 illas
2663 4251 2871 4300 secutae
2901 4243 2960 4298 in
3001 4242 3298 4298 similibus
3341 4240 3711 4296 dissimiliter

274 4181 456 4216 καιαν
509 4157 878 4232 ἐκφωνηθέντι
936 4157 1052 4233 ὅρῳ
1093 4159 1192 4228 τήν
1242 4157 1367 4232 περὶ
1429 4161 1525 4212 τοῦ
1583 4156 1736 4234 ἁγίου
1789 4161 1955 4213 Πνεύ-

276 4269 478 4325 ματος
537 4245 819 4324 θεολογίαν
869 4250 1165 4321 προσθεῖσα
1224 4248 1582 4321 συνήρμοσεν.
1628 4247 1692 4303 Ei
1738 4247 1843 4323 γὰρ
1901 4248 1955 4302 ai.

271 4332 680 4414 προλαϐοῦσαι
738 4340 1110 4410 προστιθεῖσαι
1165 4337 1258 4392 τὸν
1318 4341 1514 4410 μῶμον
1587 4335 1953 4414 ἐκφεύγουσιν,

2067 4334 2516 4390 damnabuntur.
2551 4333 2648 4389 Sic
2691 4333 2939 4388 stultum
2997 4331 3236 4388 omnino
3283 4331 3623 4387 commiscet
3651 4334 3709 4385 et

271 4421 416 4480 οὐδ’
448 4426 500 4478 αἱ
537 4425 652 4496 μετ’
683 4423 849 4487 αὐτὰς
880 4423 933 4479 ἐν
992 4428 1110 4484 τοῖς
1178 4423 1397 4496 ὁμοίοις
1453 4423 1731 4497 ἀνομοίως
1774 4421 1954 4494 ’ἕξουσι

2067 4426 2369 4484 convertit.
2397 4424 2686 4496 Ephesina
2724 4422 2938 4479 etenim
2971 4422 3230 4496 synodus
3260 4421 3434 4477 ﬁdem
3467 4419 3705 4492 quidem

269 4515 394 4584 τήν
454 4513 816 4588 κατάγνωσιν.
876 4513 1036 4571 Οὕτω
1080 4514 1144 4568 τὸ
1172 4516 1214 4552 ιι
1273 4514 1525 4570 ἀσύνετον
1584 4513 1758 4570 πάντα
1799 4515 1953 4588 φύρει

2067 4517 2265 4585 aliam,
2325 4515 2497 4586 cujus
2553 4514 2833 4586 dogmata
2905 4511 3198 4570 contraria
3262 4510 3508 4566 Nicena
3593 4512 3708 4565 sint

265 4603 380 4661 καὶ
419 4599 749 4683 διαστρέφει.
786 4602 884 4658 Καὶ
913 4604 1018 4679 γάρ
1049 4605 1083 4674 ἡ
1135 4602 1189 4658 ἐν
1239 4605 1448 4681 Ἐφέσῳ
1498 4601 1720 4666 σύνοδος
1771 4603 1949 4660 πίστιν

2067 4605 2563 4679 synodo,omnino
2586 4601 2793 4676 exponi
2823 4602 3029 4658 vetuit.
3063 4601 3318 4658 Sinceris
3348 4615 3480 4656 vero
3511 4599 3568 4655 in
3601 4597 3708 4655 bac

269 4695 393 4767 μὲν
460 4692 667 4767 ἑτέραν,
726 4695 792 4762 ἧς
859 4691 1072 4748 ἐναντία
1125 4693 1194 4748 τὰ
1245 4689 1490 4767 δόγματα
1544 4694 1681 4769 πρὸς
1734 4695 1834 4764 τὴν
1905 4691 1956 4749 ἒν

2067 4695 2332 4755 servatis.
2356 4710 2483 4765 qua?
2502 4693 2726 4750 occasio
2757 4692 3033 4764 postulat,
3061 4706 3353 4763 apponere
3374 4689 3536 4745 illius
3561 4703 3710 4759 opus

263 4778 507 4850 Νίκαίᾳ
586 4780 886 4851 καθέστηκε
960 4776 1204 4849 σύνοδον,
1291 4777 1575 4842 παντελῶς
1653 4778 1954 4836 έκτιθεσθαι

2067 4784 2193 4854 fuit,
2224 4787 2282 4839 et
2313 4799 2504 4839 rerum
2552 4787 2778 4850 natura,
2812 4786 2869 4837 et
2898 4779 3166 4836 Ecclesiae
3197 4778 3432 4835 traditio
3478 4777 3710 4832 videtur

261 4867 633 4928 διεκώλυσεν
665 4887 680 4901 ·
716 4869 1003 4945 ἀκηράτων
1038 4866 1094 4924 δὲ
1132 4873 1241 4925 τῶν
1302 4869 1354 4924 ἐν
1401 4868 1538 4944 αὐτῇ
1598 4871 1953 4944 σωζομένων,

2067 4889 2295 4946 semper
2325 4873 2437 4928 hoc
2469 4872 2796 4927 adamasse.
2831 4872 3018 4937 Quare
3058 4874 3115 4924 et
3159 4866 3538 4930 Alexandriae,
3571 4881 3712 4921 non-

258 4963 438 5034 ἆπερ
483 4960 511 5013 ὁ
565 4959 756 5034 καιρὸς
803 4958 1022 5013 ἀπαιτεῖ
1077 4956 1422 5033 προστιθέναι
1466 4958 1632 5024 αὐτῆς
1682 4980 1740 5014 τε
1803 4958 1956 5035 γέγο-

2067 4964 2208 5018 dum
2267 4961 2625 5017 mcumenica
2684 4961 2906 5033 synodo
2955 4963 3175 5028 coacta,
3222 4956 3477 5012 delectos
3530 4953 3589 5010 in
3647 4970 3710 5010 ea

253 5073 364 5108 νεν
406 5045 606 5125 ἔργον,
637 5047 730 5104 καὶ
759 5051 870 5103 τῶν
901 5049 1240 5122 πραγμάτων
1271 5050 1306 5117 ἡ
1340 5046 1496 5124 φύσις
1519 5045 1848 5110 διδάσκαλος
1881 5049 1952 5117 ⁴²,

2067 5051 2398 5108 sacerdotes
2449 5051 2651 5106 beatus
2707 5048 2956 5119 Cyrillus
3015 5061 3397 5118 congregans,
3447 5047 3504 5099 et
3534 5043 3708 5099 ﬁdem

249 5141 374 5200 καὶ
449 5144 552 5208 τῆς
607 5136 936 5209 Ἐκκλησίας
992 5137 1183 5212 ὁρᾶται
1233 5140 1397 5192 τοῦτο
1483 5137 1780 5214 στέργουσα
1866 5135 1954 5192 διὰ

2067 5142 2347 5211 scriptam
2381 5139 2722 5208 disponens,
2745 5137 2818 5192 ad
2849 5135 3180 5193 Nestorium
3204 5131 3388 5189 misit.

248 5227 500 5290 παντὸς
555 5226 945 5304 ἧπαράδοσις.
997 5226 1091 5282 Διὸ
1129 5226 1219 5281 καὶ
1269 5229 1406 5282 κατά
1441 5233 1540 5297 τῆν
1599 5223 2030 5301 Ἀλεξάνδρειαν,
2089 5224 2242 5282 οὔπω
2298 5229 2401 5292 τῆς
2459 5225 2846 5299 οἰκουμενικῆς
2909 5225 3038 5296 [856
3103 5227 3193 5298 R.]
3249 5219 3709 5294 συγκροτηθείσης

249 5313 556 5388 συνόδου,
585 5317 714 5378 τοὺς
757 5316 811 5372 ἐν
841 5315 978 5392 αὐτῇ
1010 5317 1056 5352 ⁴³
1102 5319 1212 5372 τῶν
1240 5315 1428 5390 ἱερέων
1482 5312 1722 5392 λογάδας
1779 5317 1808 5370 ὁ
1866 5316 2148 5381 θεσπέσιος
2206 5315 2600 5391 ἀθροισάμενος
2640 5311 2943 5387 Κύριλλος,
3001 5313 3089 5367 καὶ
3147 5311 3327 5369 πίστιν
3397 5308 3709 5384 διαθέμενος

245 5412 596 5489 ἔγγραφον,
627 5411 706 5480 τῷ
734 5408 1021 5483 Νιστορίῳ
1052 5405 1413 5481 διεπέμψατο.

339 5516 373 5543 ι
403 5499 580 5556 Rom.
607 5515 686 5563 ιι,
717 5501 770 5556 5.
844 5500 871 5541 ι)
892 5499 1057 5557 Rom.
1089 5517 1129 5569 ι,
1152 5499 1207 5556 3.

1658 5570 1894 5628 VARI/E
1933 5569 2348 5628 LECTIONES.

339 5663 407 5700 3'3
451 5659 568 5732 ἅμα
591 5665 630 5714 Δ
674 5677 688 5718 :
722 5679 778 5715 τε
965 5662 1010 5698 ⁸ο
1036 5661 1134 5731 τήν
1174 5679 1232 5715 τε
1261 5679 1369 5720 τετ.
1561 5660 1604 5695 ⁴¹
1639 5655 1701 5717 τό
1735 5665 1775 5714 Δ
1805 5676 1819 5715 :
1849 5660 1942 5716 τόν
2136 5659 2183 5695 ⁴²
2213 5654 2541 5719 διδᾶσκαλος
2573 5656 2706 5714 add.
2743 5660 2808 5712 A.
2886 5656 2933 5691 ⁴³
2962 5654 3098 5729 αὐτῇ
3131 5661 3171 5711 Α
3205 5673 3218 5712 :
3254 5656 3404 5727 αὐτῷ
