4138 6228
447 346 596 407 1051
1642 340 1901 399 ΡΗΟῬΙῙ
1952 338 2081 398 PA'l

2223 335 2474 395 tRCH/E
2519 334 2636 395 ΟΡ.
3698 336 3857 394 105Ξ

2798 466 2821 483 Υ

520 481 615 537 Sic
646 483 885 552 quidem
916 480 1114 543 effugit
1162 479 1406 547 injUstas
1446 475 1848 530 accusationes
1882 476 2082 545 pietas.
2114 496 2154 559 Α

2272 468 2550 549 Ἐκφεύγει
2612 470 2705 540 μὲν
2766 466 2853 521 οὖν
2892 468 2935 502 ⁴¹
2989 470 3133 522 οὕτω
3192 468 3285 528 τὰς
3348 466 3569 527 αδίκους
3606 465 3780 530 λαῧᾶς
3815 472 3846 539 ἡ

448 572 693 627 Haeresis
712 572 839 625 aliis
874 567 1425 638 reprehensionibus
1453 565 1727 620 insultare
1751 581 1861 619 non
1882 566 2082 619 erube-

2221 556 2444 615 ,ὐσὲϐεια
2479 603 2491 615 .
2522 560 2584 613 τὸ
2621 558 2894 632 αἱρετικὸν
2930 553 2988 611 δὲ
3018 557 3183 613 πέλιν
3216 558 3421 631 ἑτέροις
3457 557 3677 629 μώμοις
3726 557 3855 613 ἐπι-

450 663 580 725 scit,
612 662 807 713 dicens
837 658 1365 712 Chalcedonensem
1415 656 1702 725 synodum
1736 670 1863 707 eum
1898 653 2084 723 Cyrilli

2224 646 2377 719 ιηδᾷν
2409 649 2507 702 οὐκ
2538 646 2876 721 αἶσχύνεται,
2920 644 3009 700 καί
3040 668 3204 725 φησιν
3246 648 3319 707 ὡς
3359 649 3392 716 ἡ
3422 648 3557 701 κατὰ
3616 648 3858 723 Καλχη-

448 750 639 803 verbis
658 763 933 819 pugnare.
972 749 1068 799 Hie
1092 746 1245 799 enim
1267 744 1324 799 in
1350 745 1610 813 epistolis
1642 745 1708 797 ad
1732 749 2082 798 Succensum

2223 740 2329 794 ἰόνα
2358 740 2402 775 ⁴⁸
2431 734 2649 797 σύνοδος
2688 742 2805 797 τοῖς
2841 734 3126 809 Κυρίλλου
3177 734 3414 811 δόγμασι
3477 736 3738 815 μάχεται.
3799 744 3857 794 '0

449 842 505 891 et
535 836 669 890 alibi
702 836 999 890 Christum
1031 851 1061 888 e
1087 835 1319 887 duabus
1362 834 1587 887 naturis
1611 832 1796 898 docet,
1830 832 1931 887 illa
1960 848 2083 888 vero

2226 830 2301 883 ιέν
2339 829 2440 902 γὰρ
2500 825 2551 881 ἓν
2588 848 2645 881 τε
2690 831 2813 889 ταῖς
2858 827 2995 899 πρὸς
3054 824 3353 880 Σούκενσον
3408 825 3725 887 ἐπιστολαῖς
3765 828 3860 881 καὶ

451 926 602 981 hanc
633 941 829 980 vocem
858 923 1153 994 expellens
1176 924 1320 977 duas
1354 929 1591 976 naturae
1616 922 1894 976 indivisas
1919 921 2085 975 vicis-

2224 917 2455 991 ιλλαχοῦ
2487 914 2542 970 δὲ
2569 916 2658 970 τὸν
2688 919 2927 991 Χριστὸν
2960 912 3281 991 δογματίζει
3313 916 3358 950 ⁴⁶
3390 914 3449 969 ἐκ
3489 913 3584 969 δύο
3619 916 3858 990 φύσεων,

452 1016 562 1070 sim
596 1014 925 1069 constituit.
960 1014 1118 1068 Adeo
1166 1011 1514 1066 calumniari
1568 1028 1740 1081 quam
1792 1011 2086 1065 veritatem

2231 1004 2333 1075 ,δὲ
2362 1009 2459 1075 τὴν
2527 1005 2786 1075 τοιαύτην
2838 1005 3022 1081 φωνὴν
3084 1005 3480 1077 ὀστρακίζουσα
3520 1002 3618 1059 δύο
3673 1004 3865 1082 φύσεις

451 1106 662 1160 sectari
693 1104 889 1157 studio
908 1104 1097 1173 magis
1124 1107 1207 1155 est
1231 1102 1536 1156 haereticis.
1565 1100 1902 1155 tiioscorum
1930 1116 2085 1155 nam-

2227 1095 2542 1170 ιδιαιρέτους
2599 1095 3110 1170 ἀντεχειροτόνησεν
3170 1113 3182 1126 ⁸
3249 1095 3392 1148 οὕτω
3457 1096 3521 1149 τὸ
3581 1116 3861 1172 συκοφαν-

454 1211 562 1266 que
594 1196 649 1249 id
675 1195 828 1264 quod
864 1194 1051 1249 2751)
1082 1208 1149 1246 ex
1180 1192 1405 1246 duabus
1441 1191 1667 1245 naturis
1698 1192 2088 1261 compositum

2229 1192 2311 1241 εῖν
2346 1190 2443 1240 τοῦ
2502 1185 2787 1255 ἀληθεύειν
2825 1184 2969 1239 πολὺ
3026 1189 3094 1257 τῇ
3155 1184 3355 1257 αἱρέσει
3413 1182 3863 1259 σπουδαιότερον.

454 1290 576 1338 erat
605 1283 1035 1345 admittentem,
1071 1282 1215 1335 duas
1247 1297 1378 1334 vero
1420 1289 1657 1335 naturas
1707 1287 2088 1347 recusantem,

2230 1276 2303 1332 ίαί
2334 1276 2437 1350 γὰρ
2470 1274 2760 1347 Διόσκορον
2794 1276 2827 1343 ἡ
2861 1270 3109 1341 σύνοδος,
3140 1274 3200 1327 τὸ
3251 1271 3311 1327 ἐκ
3350 1270 3444 1327 δύο
3498 1274 3593 1345 μὶν
3646 1275 3864 1351 φύσεων

454 1376 604 1444 quod
626 1372 1044 1443 Eutychianam
1082 1379 1304 1440 saperet
1328 1370 1594 1433 haeresin,
1628 1370 1887 1440 synodus
1921 1386 2088 1440 repu-

2231 1366 2525 1439 ῐεχόμενον,
2555 1367 2675 1437 [451
2715 1365 2806 1435 Η.]
2838 1364 2900 1419 τὸ
2940 1362 3036 1417 δύο
3068 1361 3124 1417 δὲ
3155 1364 3338 1442 φύσεις
3388 1363 3487 1417 ούκ
3525 1364 3865 1439 ἀνεχόμενον

454 1462 650 1517 diavit.
686 1462 881 1532 Neque
913 1460 1263 1531 simpliciter
1280 1461 1579 1514 damnavit
1609 1458 1751 1513 illud
1777 1477 1843 1514 ex
1867 1460 2088 1514 duabus

2230 1451 2477 1523 ἱέξασοαι,
2543 1455 2621 1515 ὡς
2666 1455 2733 1508 τὰ
2778 1457 2873 1507 τοῦ
2924 1453 3210 1526 Εὐτυχοῦς
3260 1457 3518 1507 νοσοῦντα
3559 1450 3804 1509 διώσατο
3848 1473 3864 1489 ·

458 1552 678 1607 naturis
700 1552 991 1605 Christum
1024 1556 1302 1615 astruere,
1329 1550 1429 1603 sed
1459 1549 1649 1604 dicere
1671 1564 1806 1604 cum
1840 1548 2092 1619 Eutyche

2231 1544 2295 1597 Lati
2328 1542 2431 1617 οὐχ
2481 1543 2672 1603 ἁπλῶς
2723 1542 3001 1615 ἐξεκήρυξε
3048 1544 3110 1596 τὸ
3157 1540 3215 1597 ἐκ
3268 1540 3364 1595 δύο
3417 1540 3596 1614 λέγειν
3646 1544 3865 1617 φύσεων

458 1646 512 1696 et
549 1641 963 1695 Dioscoro.Per
986 1640 1174 1693 dicere
1204 1640 1352 1693 duas
1385 1642 1620 1692 naturas
1651 1638 1931 1692 indivisas
1961 1654 2092 1693 cum

2240 1634 2295 1687 ὸν
2333 1633 2592 1705 Χριστὸν,
2626 1630 2771 1686 ἀλλὰ
2793 1632 2856 1686 τὸ
2890 1630 3063 1707 λέγειν
3109 1633 3229 1686 κατ’
3283 1631 3528 1706 Εὖτυχάα
3584 1632 3677 1685 καὶ
3739 1633 3869 1687 Διό-

460 1728 553 1799 pio
585 1744 784 1796 sensu,
837 1726 993 1780 illam
1024 1726 1199 1781 etiam
1258 1743 1325 1780 ex
1354 1726 1582 1780 duabus
1638 1726 1883 1791 naturis,
1917 1724 2094 1779 simul

2240 1744 2422 1798 κορον.
2477 1724 2573 1776 Διά
2627 1718 2811 1794 μέντοι
2852 1726 2948 1777 τοῦ
2997 1720 3093 1776 δύο
3126 1722 3309 1801 φύσεις
3342 1720 3683 1794 ἀδιαιρέτους
3728 1725 3870 1795 μετά

458 1817 796 1872 introduxit.
831 1816 973 1879 Quia
1020 1815 1303 1886 Eutyches
1335 1832 1364 1869 e
1410 1816 1637 1870 duabus
1671 1816 1817 1868 dixit
1849 1816 2092 1883 naturis,

2232 1820 2305 1881 τῆς
2361 1807 2610 1873 εὐσεϐοῦς
2662 1810 2899 1873 διανοίας
2960 1811 3137 1885 λέγειν
3190 1812 3357 1881 αὐτὴν
3405 1811 3495 1867 καὶ
3551 1812 3615 1867 τὸ
3654 1809 3716 1866 ἐκ
3765 1810 3866 1867 δύο

460 1906 638 1978 impie
658 1924 813 1973 vero,
838 1911 1081 1962 constat.
1107 1906 1231 1961 Non
1257 1906 1435 1973 igitur
1455 1911 1676 1967 gratam
1712 1904 1969 1974 aliquam
1996 1905 2094 1976 Cy-

2236 1902 2417 1956 ιύσεων
2462 1903 2865 1975 συνεισήγαγεν.
2898 1903 3018 1954 Ὅτι
3061 1901 3163 1974 γὰρ
3202 1900 3462 1975 Εύτυχὴς
3509 1900 3567 1955 ἐκ
3615 1898 3713 1955 δύο
3766 1904 3870 1973 μὲν

460 1995 589 2051 rillo
608 2012 827 2057 vocem,
862 1996 959 2049 sed
996 1995 1232 2064 impiam
1265 1994 1534 2064 Eutychis
1558 2002 1901 2048 sententiam
1928 2010 2094 2063 syno-

2233 1992 2361 2067 λεγε
2393 1993 2621 2068 φύσεων,
2655 1988 2923 2052 δυσσεϐῶς
2957 1988 3035 2056 δὲ,
3066 1989 3370 2061 πρόδηλον.
3414 1992 3489 2049 Οὐ
3538 1992 3717 2045 τοίνυν
3757 1994 3867 2061 τήν

464 2086 802 2155 dusrejecit.
828 2086 1053 2140 Etenim
1076 2086 1393 2139 secundum
1415 2086 1666 2140 medium
1687 2101 1883 2141 earum
1910 2102 2098 2141 rerum

2233 2081 2490 2156 (υρίλλου
2532 2082 2699 2154 φίλην
2750 2083 2959 2158 φωνὴν,
3010 2079 3156 2136 ἀλλὰ
3206 2083 3306 2150 τήν
3357 2079 3630 2155 Εὗτυχοῧς
3674 2078 3867 2137 δυσσέ·

467 2174 965 2246 quaeChaleettone
982 2181 1146 2245 gesta
1165 2181 1323 2238 sunt,
1342 2175 1484 2228 lecta
1499 2175 1607 2229 fide
1620 2176 1804 2229 sancti
1826 2175 2101 2244 Flaviani,

2236 2168 2360 2226 ἷειαν
2394 2174 2427 2239 ἡ
2462 2168 2683 2232 σύνοδος
2736 2170 3111 2243 ἀπεπέμψατο.
3156 2172 3250 2225 Καὶ
3300 2172 3401 2247 γὰρ
3450 2173 3537 2225 καὶ
3586 2172 3697 2224 κατ’
3760 2170 3870 2225 αὖ·

467 2265 524 2319 iu
549 2281 665 2335 qua
687 2264 1006 2333 scriptum:
1037 2265 1165 2317 Post
1194 2265 1636 2319 incarnatiOnem
1662 2280 1689 2318 ε
1710 2264 1921 2319 duabus
1942 2275 2101 2319 natu-

2244 2264 2271 2317 ὸ
2328 2264 2389 2316 τὸ
2451 2262 2612 2334 μέσον
2682 2267 2789 2316 τῶν
2820 2262 2870 2317 ἐν
2928 2259 3244 2339 Καλχηδόνι
3300 2262 3699 2337 πεπραγμένων
3768 2268 3874 2331 τῆς

468 2356 550 2410 ris
580 2362 829 2409 constare
855 2354 1177 2421 conﬁtemur
1209 2352 1508 2419 Christum,
1548 2355 1603 2407 in
1655 2370 1765 2407 una
1796 2356 2102 2425 hypostasi,

2234 2353 2444 2413 πίστεως
2483 2355 2578 2405 τοῦ
2632 2350 2683 2405 ἐν
2740 2350 2919 2425 ἁγίοις
2962 2345 3282 2405 Φλαϐιανοῦ
3331 2350 3868 2425 ἂναγινωσκομὲνης,

468 2458 686 2513 unaque
712 2458 963 2513 persona,
996 2459 1166 2496 unum
1201 2442 1495 2512 Christum,
1529 2460 1701 2497 unum
1732 2445 1941 2499 Filium
1970 2460 2102 2499 con-

2241 2463 2267 2496 ν
2324 2444 2359 2509 ἦ
2427 2439 2744 2516 ἐγέγραπτο,
2832 2441 2927 2494 Ἐκ
3027 2438 3123 2494 δύο
3209 2440 3414 2514 φύσεων
3476 2440 3870 2515 ὁμολογοῦμεν

468 2533 705 2601 Ῑξιεηίεε,
735 2531 1077 2586 exclamavit
1125 2532 1402 2603 synodus,
1457 2532 1610 2602 ipsos
1641 2532 1725 2587 sic
1784 2534 2016 2598 sentire,
2049 2537 2102 2587 et

2238 2531 2345 2584 ἶναι
2404 2531 2496 2583 τὸν
2567 2530 2797 2602 Χριστὸν
2884 2531 3017 2602 μετᾶ
3097 2531 3196 2597 τὴν
3292 2528 3730 2601 ὲνανθρώπησιν,
3822 2529 3872 2585 ἐν

468 2626 705 2677 Patrum
744 2622 917 2675 ﬁdem
944 2621 1093 2676 hanc
1116 2638 1243 2675 esse
1266 2638 1631 2691 cognoscere.
1652 2623 1949 2685 Quomodo
1967 2640 2102 2695 ergo

2238 2624 2314 2689 ιιᾷ
2377 2618 2683 2686 ὑποστάσει,
2744 2617 2797 2673 ἐν
2883 2620 2961 2673 ἑνὶ
3053 2619 3352 2693 προσώπῳ,
3432 2616 3525 2673 ἕνα
3612 2621 3872 2693 Χριστὸν,

466 2711 589 2767 11ωο
619 2711 840 2776 dicens,
874 2708 960 2765 vel
992 2727 1124 2763 cum
1158 2710 1370 2781 Cyrillo
1397 2716 1637 2781 pugnat,
1670 2712 1754 2766 vel
1779 2718 2100 2769 asserentes

2241 2731 2303 2763 να
2362 2710 2484 2763 Υἱὸν
2545 2708 2971 2781 ὁμολογοῦντες,
3032 2711 3065 2777 ἡ
3127 2706 3355 2769 σύνοδος
3422 2704 3707 2780 ἐξεϐόησεν
3778 2711 3873 2764 αὒ-

470 2802 561 2870 pie
587 2816 614 2854 e
649 2800 880 2854 duabus
912 2800 1138 2855 naturis
1177 2806 1474 2854 aversatur
1511 2804 1538 2853 ’2
1566 2804 1697 2853 ΗίΒο
1751 2818 2104 2873 persequens

2234 2799 2339 2859 εούς
2388 2819 2446 2853 τε
2494 2797 2637 2852 οὕτω
2684 2802 2898 2873 φρονεῖν
2952 2797 3043 2851 καὶ
3090 2817 3196 2851 των
3234 2799 3486 2870 [Ιατὲρῶν
3516 2797 3698 2851 πίστιν
3728 2798 3868 2851 εἶναι

462 2890 772 2960 episcopus
803 2890 1084 2960 Eulogius
1116 2895 1172 2943 et
1203 2889 1662 2945 admonitionem
1688 2891 1975 2961 praedictis
2010 2893 2096 2946 acl-

2236 2887 2406 2954 ταύτην
2450 2887 2784 2943 ἐπίστασθαι.
2820 2892 2943 2949 Πῶς
2976 2885 3068 2941 οὖν
3112 2890 3145 2955 ἠ
3187 2891 3355 2941 ταῦτα
3404 2886 3632 2962 λέγουσα
3670 2886 3704 2952 ἢ
3754 2890 3870 2942 Κυ-

462 2980 623 3043 dens,
652 2980 723 3033 ad
755 2979 1026 3033 unionem
1061 2978 1324 3033 Ecclesiae
1358 2979 1682 3035 desertores
1716 2988 2096 3049 revocantem,

2247 2977 2391 3048 ίλλῷ
2454 2978 2709 3055 μάχεται,
2862 2977 2988 3036 τοὺς
3049 2974 3307 3048 λέγοντας
3370 2972 3600 3036 εὐσεϐῶς
3655 2974 3716 3029 ἐκ
3764 2972 3872 3030 δύο

461 3067 716 3124 sermoni
753 3067 926 3122 tinem
960 3066 1233 3136 imponit.

2236 3066 2418 3122 δύσεων
2468 3064 2901 3141 ἀποστρέφεται;
2949 3068 3136 3121 Ταῦτα
3185 3063 3475 3135 διεξελθὼν
3511 3068 3551 3102 ⁸⁷
3603 3066 3631 3120 ὁ
3673 3066 3870 3139 ἱερᾶρ-

459 3172 566 3227 χης
628 3152 920 3227 Εύλόγιος,
978 3152 1068 3207 καὶ
1127 3152 1438 3225 παραίνεσιν
1495 3155 1630 3228 πρὸς
1698 3152 1888 3210 ἕνωσιν
1946 3152 2410 3225 ἓκκλησιαστικήν
2475 3154 2603 3216 τοὺς
2664 3153 2955 3217 διεστῶτας
3014 3156 3435 3229 παρακαλοῦσαν
3512 3160 3633 3217 τοῖς
3718 3156 3874 3227 εἴρη-

463 3242 645 3315 μὲνοις
680 3243 903 3313 ἐπιθεὶς,
934 3250 1161 3309 περατοῖ
1188 3244 1279 3298 τὸν
1312 3247 1356 3279 ⁴⁸
1385 3244 1571 3319 λόγον.

533 3333 801 3387 Proxima
859 3350 1092 3404 quoque
1148 3336 1331 3390 oratio
1380 3342 1583 3391 contra
1648 3336 2101 3393 calumniatores
2134 3339 2167 3404 C

2289 3335 2388 3391 Καὶ
2437 3336 2464 3389 ὁ
2517 3336 2704 3413 ἑφεξῆς
2756 3332 2814 3389 δὲ
2865 3334 3032 3409 λόγος
3073 3337 3207 3389 κειτά
3243 3340 3350 3390 τῶν
3383 3341 3740 3413 συκοφαντῶν
3772 3339 3875 3403 τίς

462 3422 951 3477 Chalcedonensis
972 3422 1179 3492 synodi
1203 3425 1352 3478 serio
1376 3426 1530 3495 agit;
1567 3426 1745 3479 utitur
1766 3443 1895 3482 vero
1927 3427 2096 3482 etiam

2242 3450 2266 3480 ν
2312 3423 2626 3501 Καλχηδόνι
2676 3424 2901 3480 συνόδου
2950 3433 3051 3495 τῆν
3102 3424 3347 3493 σπουδὴν
3396 3424 3534 3501 ἔχει.
3604 3428 3874 3498 Γυμνάζει

460 3512 552 3567 hic
583 3512 845 3581 exemplo
898 3511 1173 3577 hominis,
1209 3528 1323 3581 quo
1375 3514 1467 3583 pie
1510 3532 1652 3569 usus
1696 3523 1781 3571 est
1829 3516 2094 3588 Cyrillus,

2245 3517 2270 3571 ὲ
2326 3515 2594 3570 κάνταῦθα
2649 3516 2711 3569 τὸ
2769 3516 2904 3570 κατὰ
2960 3514 3053 3570 τὸν
3103 3514 3384 3588 ἄνθρωπον
3418 3512 3796 3590 παράδειγμα,
3830 3516 3876 3585 ᾧ

459 3600 636 3671 impie
660 3617 788 3655 vero
816 3618 1027 3655 novum
1053 3603 1188 3672 quid
1218 3602 1451 3671 profert.
1478 3606 1701 3659 Asserit
1734 3622 1910 3660 unam
1937 3612 2093 3663 natu-

2244 3604 2477 3679 éxpmat
2531 3605 2622 3676 μὲν
2674 3603 2955 3677 Κύριλλος
3013 3600 3269 3676 εὐσεϐῶς,
3322 3606 3582 3683 προφέρει
3641 3603 3701 3659 δὲ
3743 3604 3878 3660 δυσ-

460 3708 585 3746 ram
618 3692 688 3745 de
720 3690 968 3760 Christo,
1004 3693 1495 3762 quemadmodum
1523 3700 1576 3748 et
1602 3696 1672 3749 de
1705 3694 1942 3751 homine
1963 3697 2094 3753 dici.

2250 3694 2386 3757 εϐῶς
2432 3698 2493 3751 τὸ
2552 3695 2893 3773 ἀλλόφυλον’
2954 3697 3215 3773 προφέρει
3259 3698 3361 3773 γὰρ
3404 3697 3497 3752 ’ίνα
3551 3701 3683 3770 μίαν
3717 3699 3878 3774 φύσιν

461 3782 581 3838 Nisi
604 3787 897 3854 quatenus
926 3799 1024 3852 pro
1058 3783 1269 3851 pietate
1287 3785 1427 3854 agit,
1463 3790 1663 3839 contra
1696 3785 1881 3856 ipsam
1920 3790 2095 3857 magis

2245 3787 2303 3840 πὶ
2363 3790 2617 3859 Χριστοῦ,
2660 3784 2839 3854 ὥσπερ
2898 3787 2984 3841 καὶ
3047 3784 3134 3841 ἐπὶ
3188 3791 3283 3841 τοῦ
3350 3788 3669 3861 ανθρώπου,
3723 3787 3878 3863 λέγει

464 3880 703 3944 pugnat,
731 3871 865 3927 licet
897 3889 1008 3927 non
1035 3873 1263 3927 sentiat.
1299 3875 1523 3928 Asserit
1554 3874 1708 3929 enim
1753 3878 1820 3930 de
1855 3876 2098 3932 dissimi-

2244 3878 2339 3930 τΘαι
2399 3874 2731 3950 δογματίσῇ.
2786 3874 2939 3945 Πλήν
2989 3875 3038 3947 ἐξ
3092 3877 3163 3929 ὧν
3222 3877 3353 3951 ὑπὲρ
3402 3884 3505 3944 τῆς
3546 3872 3800 3937 ἀσεϐείας
3832 3876 3878 3911 ⁸⁸³

462 3961 617 4016 libus
642 3962 1126 4032 partibus,totum
1154 3964 1404 4029 partium
1433 3964 1767 4019 nominibus
1793 3982 1904 4019 non
1933 3967 2096 4021 nomir

2247 3962 2533 4033 ’πουδάζει,
2566 3966 2684 4019 κατ’
2724 3964 2893 4033 αὐτῆς
2928 3964 3166 4037 μᾶλλον,
3214 3966 3309 4019 κᾶν
3344 3966 3445 4020 οὐκ
3491 3960 3596 4039 ἔχῃ
3642 3967 3742 4033 τὴν
3792 3964 3881 4019 αἶ’-

464 4052 610 4117 nari,
645 4052 745 4105 sed
781 4052 1013 4122 propria
1036 4050 1424 4121 appellatione
1452 4054 1707 4124 agnosci.
1734 4054 1791 4110 Si
1826 4071 1954 4111 vero
1983 4057 2098 4123 hoc,

2246 4056 2432 4123 ’Θησιν,
2492 4053 2853 4123 ἐξοπλίζεται.
2924 4054 3079 4127 Λέγει
3138 4054 3241 4129 γὰρ
3302 4055 3379 4116 ὡς
3433 4054 3519 4109 ἐπὶ
3610 4060 3723 4110 τῶν
3786 4056 3880 4109 ἂν·

468 4141 637 4196 unius
669 4156 796 4195 esse
818 4147 1204 4211 cognoscetur
1237 4149 1478 4206 naturis,
1516 4143 1753 4197 haeresis
1784 4143 1869 4199 sic
1892 4148 2102 4215 captio-

2259 4148 2570 4217 μοιομερῶν
2621 4144 2681 4197 τὸ
2732 4143 2861 4198 ὅλον
2908 4149 3027 4207 ταῖς
3076 4148 3185 4197 τῶν
3241 4148 3416 4216 μερῶν
3469 4146 3884 4218 προσηγορίαις

469 4248 602 4286 nem
655 4230 849 4286 nectit.
907 4231 1007 4285 Hic
1048 4248 1178 4286 vero
1224 4231 1397 4286 Verbi
1454 4232 1776 4303 discipulus
1834 4234 2103 4305 Eulogius

2247 4234 2320 4287 6x
2378 4233 2725 4304 ὀνομάζεται,
2777 4230 2902 4286 ἀλλ’
2945 4231 3227 4307 ίδιαζούσῃ
3279 4233 3477 4303 κλήσει
3508 4234 3833 4308 γνωρίζεται
3862 4250 3881 4266 ο

469 4320 962 4391 vaniloquentiam
995 4318 1155 4374 illius
1189 4320 1546 4390 redarguens
1580 4323 1808 4378 Patrum
1843 4325 2103 4379 testimo-

2249 4322 2265 4376 ἰ
2321 4319 2363 4341 M
2490 4326 2512 4337 ει
2730 4321 2743 4339 κ
2866 4329 2928 4355 η.
3152 4324 3165 4339 ι
3412 4322 3421 4338 ο
3468 4344 3487 4354 Α
3581 4343 3595 4355 .
3658 4328 3671 4346 ο

2316 4338 2374 4377 οε
2420 4343 2604 4389 τουτο,
2655 4342 2746 4376 και
2798 4343 2926 4393 μια,
2958 4324 3325 4396 γνωσθησεται
3358 4344 3571 4400 φυσιως
3678 4328 3717 4380 ﬂ
3775 4322 3880 4394 μὶν

472 4408 607 4474 niis,
629 4409 879 4463 ostendit
897 4411 1126 4479 proprie
1145 4412 1202 4463 et
1220 4424 1350 4464 vere
1366 4425 1545 4464 unum
1583 4410 1890 4465 Dominum
1915 4412 2106 4469 Jesum

2250 4409 2423 4479 Γίρεσις
2457 4410 2599 4464 οὕτω
2631 4408 2931 4481 συμπλίῑκει
2962 4411 3024 4465 τὸ
3058 4412 3321 4488 σόφισμα,
3375 4412 3403 4464 ὁ
3445 4408 3501 4465 δὲ
3552 4416 3650 4465 τοῦ
3696 4411 3884 4483 Λόγου

469 4498 760 4551 Christum
794 4502 849 4551 et
878 4498 1059 4551 Deum
1094 4498 1371 4567 appellari
1404 4503 1458 4553 et
1492 4498 1811 4555 hominem.
1845 4501 2031 4565 Quare
2062 4504 2103 4557 si

2245 4502 2475 4569 ιαθητὴς
2510 4497 2773 4572 Εύλόγιος
2824 4499 2886 4553 τὸ
2939 4499 3312 4575 ματαιολόγον
3354 4499 3521 4567 αὐτῆς
3572 4497 3879 4572 ἐξελέγξας,

470 4586 528 4639 in
549 4584 767 4656 quibus
789 4591 976 4641 totum
1008 4587 1262 4657 partium
1284 4586 1523 4642 nomina
1546 4604 1659 4642 non
1686 4590 1906 4659 recipit,
1925 4607 2104 4662 neque

2244 4594 2507 4663 πατρικαῖς
2568 4586 2891 4643 ἐπιδείκνυσι
2955 4588 3277 4663 μαρτυρίαις
3356 4590 3554 4662 κυρίως
3635 4607 3691 4640 τε
3772 4586 3878 4639 καὶ

469 4654 584 4730 una
615 4675 928 4741 inducitur,
955 4654 1254 4747 inquibus
1278 4682 1459 4731 totum
1487 4678 1739 4745 partium
1774 4654 2103 4749 appellatio-

2248 4678 2447 4747 ιληΟῶς
2506 4678 2597 4731 τὸν
2651 4674 2741 4732 ἕνα
2800 4677 2996 4751 Κύριον
3057 4680 3266 4747 Ἰησοῦν
3329 4679 3554 4752 Χριστὸν
3592 4675 3681 4729 καὶ
3733 4676 3882 4730 Θεὸν

468 4784 569 4822 nes
602 4766 831 4837 proprie
870 4766 1119 4837 suscipit
1153 4790 1167 4832 ;
1214 4766 1272 4821 in
1312 4766 1397 4821 his
1430 4768 1582 4822 enim
1640 4773 1694 4822 et
1731 4785 1846 4823 una
1904 4778 2102 4825 natura

2256 4768 2502 4823 αλεῖσθαι
2552 4767 2640 4823 καὶ
2680 4768 2985 4843 ἄνθρωπον,
3038 4766 3176 4823 ὥστε
3225 4767 3270 4822 εἰ
3310 4767 3391 4846 ἐφ’
3424 4770 3495 4822 ῶν
3520 4766 3582 4821 τό
3613 4765 3746 4821 ὅλον
3778 4765 3888 4827 τὰς

467 4860 862 4926 cognoscatur.

2257 4864 2326 4912 ῶν
2358 4860 2403 4893 ⁵ο
2467 4864 2644 4931 μερῶν
2701 4858 3073 4932 προσηγορίας
3128 4857 3188 4912 οὐ
3247 4856 3485 4934 δέχεται,
3550 4856 3663 4913 οὐδ’
3705 4859 3738 4926 ἡ
3781 4861 3891 4930 μία

466 4946 859 5019 συνεισάγεται,
920 4943 999 5022 ἐφ’
1058 4945 1133 4997 ὧν
1191 4945 1251 4997 τὸ
1308 4942 1438 4999 ὅλον
1481 4946 1523 4980 5‘
1585 4948 1689 4999 τῶν
1764 4950 1942 5020 μερῶν
2012 4947 2105 5008 τὰς
2164 4946 2388 5018 κλήσεις
2443 4949 2647 5022 κυρίως
2704 4945 3047 5023 ἀναδέχεται,
3107 4946 3188 5002 ἐπ’
3244 4947 3461 5002 ἐκείνων
3492 4949 3540 4983 ⁸³
3588 4950 3675 5002 καὶ
3711 4951 3744 5017 ἡ
3788 4949 3895 5019 μία

469 5038 623 5115 φύσις
666 5038 1192 5110 συνθεωρηθήσεται.

536 5131 722 5193 Quare
782 5132 1015 5200 sapiens
1066 5142 1265 5185 auctor
1296 5129 1535 5185 adducit
1594 5129 1791 5183 divum
1827 5129 2109 5201 Cyrillum

2295 5135 2349 5185 Ὀ
2386 5130 2571 5203 μέντοι
2610 5150 2669 5205 γε
2720 5130 2886 5205 σοφὸς
2936 5131 3277 5205 συγγραφεὺς
3323 5128 3553 5203 παράγει
3600 5132 3693 5183 τὸν
3736 5131 3900 5204 ἱερὸν

467 5218 726 5285 seipsum
788 5220 1198 5287 elucidantem,
1257 5220 1551 5291 quomodo
1625 5221 1815 5275 276a
1905 5226 1960 5275 et
2008 5238 2101 5276 cui

2276 5220 2502 5295 ύριλλον
2551 5219 2920 5291 ἑομηνεύοντα
2969 5219 3183 5288 ἑαυτὸν,
3235 5216 3383 5277 ὅπως
3434 5219 3523 5271 καὶ
3574 5216 3659 5294 ἐφ’
3816 5224 3900 5291 τῷ

467 5307 731 5377 exemplo
764 5308 1020 5366 hominis
1054 5326 1195 5367 usus
1227 5311 1319 5366 sit.
1356 5312 1657 5367 Theodoro
1680 5311 2101 5382 enimMopsue-

2270 5310 2357 5365 κτὰ
2414 5309 2504 5365 τὸν
2564 5307 2846 5381 ἄνθρωπον
2904 5305 3183 5385 ἐχήρσατο
3239 5302 3668 5381 παραδείγματι.
3763 5314 3904 5363 Θεο-

1824 5466 2070 5521 VARl/E
2110 5466 2523 5524 LECTIONES.

540 5591 587 5626 ‘“
617 5590 740 5676 .pt‘év
789 5595 925 5676 add.
978 5600 1042 5653 Α.
1122 5601 1271 5676 "_5_et
1317 5602 1513 5676 ipfr§._
1542 5600 1716 5658 Χαλκ.
1750 5608 1807 5676 Β,
1886 5600 1933 5635 4⁸
1982 5600 2039 5656 ἐκ
2085 5597 2208 5676 δύο⁸
2240 5596 2677 5676 δογματίζει-ς.
2713 5600 2804 5676 _“"_
2847 5604 3013 5676 ταῦτα
3052 5597 3108 5676 δξ
3154 5597 3422 5676 6:25;;
3495 5601 3538 5636 ⁸⁸
3596 5601 3693 5654 τὸν
3756 5604 3913 5661 add.

471 5664 533 5717 Α·
612 5664 659 5697 ⁴ί⁹
689 5662 935 5726 ἀσεϐείας
969 5686 1067 5741 mg
1101 5687 1112 5726 :
1146 5672 1280 5727 libri
1307 5667 1599 5733 εὐσεϐείας.
1677 5675 1721 5710 ⁸ο
1751 5672 1846 5734 τὰς
1878 5677 2007 5729 τῶν.
2084 5672 2128 5709 ⁸1
2158 5670 2221 5727 τὸ
2252 5662 2382 5725 ὅλον
2425 5662 2541 5727 om.
2577 5662 2635 5729 B'.
2712 5672 2757 5708 “
2790 5670 3004 5726 ἐκείνων
3039 5671 3141 5747 γὰρ
3170 5662 3258 5725 καί
3293 5672 3326 5738 ἡ
