4154 6218
340 331 494 391 1053

1414 335 1930 398 BIBLIOTHECA
1975 367 2050 382 ——
2093 337 2264 400 COD.
2313 337 2599 400 CCXXX.

3591 336 3744 396 1034

335 463 516 538 δώρου
557 464 658 538 γὰρ
699 468 793 518 τοῦ
847 467 1224 538 λιοψουεστίας
1277 468 1339 522 τὸ
1389 468 1522 522 κατὰ
1569 469 1660 524 τὸν
1697 469 1978 542 ἄνθρωπον

2105 471 2222 526 aliae
2245 471 2566 526 humanum
2588 469 2914 542 exemplum
2939 470 3362 534 calumniante,
3389 473 3584 524 utnon
3613 484 3748 522 con-

336 550 791 615 ἐνδιαϐάλλοντος
855 552 1200 630 παράδειγμα
1265 557 1342 620 ὡς
1398 558 1645 633 ὑπάρχον
1710 563 1792 630 τῷ
1850 560 1985 614 κατὰ

341 643 570 716 Χριστὸν
627 645 912 716 μυστηρίῳ
968 643 1333 718 ἂνὰρμοστον,
1385 645 1556 708 οὕτως
1606 646 1656 700 ἐν
1699 651 1778 718 τῷ
1822 645 1988 723 λεγο-

346 733 492 804 μένῳ
555 733 764 804 πρώτῳ
809 731 968 804 τόμῳ
1013 733 1368 812 ἀνθυποφέρει
1427 737 1456 790 ὁ
1498 735 1796 810 Κόριλλος·
1859 738 1996 794 Ἕνα

341 821 430 876 καὶ
487 820 580 876 τὸν
661 819 826 878 αὑτὸν
892 821 1016 878 ὅντα
1095 825 1432 896 γινώσκομεν
1527 827 1614 880 καὶ
1711 825 1770 882 ἐκ
1853 829 1994 882 Θεοῦ

347 909 556 984 Πατρὸς
623 911 818 973 θεϊκῶς
877 913 1002 984 [857
1073 915 1164 985 1%.]
1238 915 1326 970 καὶ
1377 913 1436 970 ὲκ
1523 916 1772 992 γυναικὸς
1859 917 1994 972 κατὰ

347 1001 516 1074 σάρκα
575 1019 590 1034 ·
663 1003 986 1078 κεχρήμεθα
1087 1000 1144 1057 δὲ
1231 1009 1302 1078 τῇ
1384 1009 1482 1060 τοῦ
1560 1003 1996 1080 παραδείγματος

345 1088 526 1166 χρείᾳ,
583 1094 880 1164 τηροῦντες
937 1097 1218 1167 πανταχοῦ
1274 1097 1342 1166 τῇ
1428 1093 1616 1148 ἒοώσει
1699 1095 1762 1150 τὸ
1847 1093 1996 1150 ἀδιά-

343 1199 596 1250 σπαστον,
728 1180 820 1234 καὶ
947 1182 1044 1249 τήν
1177 1179 1286 1238 διαί
1293 1203 1433 1256 ρεσιν
1555 1185 1991 1258 παρωθούμενοι.

341 1267 584 1330 Ἀκούεις
641 1267 721 1344 ἐφ’
761 1269 808 1340 ᾧ
856 1271 899 1306 ⁵³
949 1269 1220 1344 Κύριλλος
1261 1267 1676 1344 παραλαμϐάνει
1715 1273 1778 1328 τὸ
1809 1275 1992 1348 παρά-

343 1353 562 1428 δειγμα·
626 1356 688 1411 οὺ
751 1359 854 1431 γὰρ
905 1355 998 1414 ’ίνα
1053 1361 1116 1414 σὺ
1189 1361 1314 1430 μίαν
1369 1364 1466 1416 τοῦ
1532 1363 1767 1435 Χριστοῦ
1835 1363 1990 1437 φύσιν

343 1449 470 1518 [452
519 1447 612 1518 Η.]
662 1445 1088 1522 καινολογήσῃς,
1133 1447 1264 1504 ἀλλ’
1309 1448 1402 1504 ’ίνα
1443 1447 1724 1524 Θεόδωρος
1751 1452 1844 1506 καὶ
1885 1453 1994 1508 Νει-

343 1535 566 1610 στόριος
595 1539 1036 1610 καταισχυνθῶσι
1067 1537 1136 1612 τῇ
1167 1543 1264 1594 τοῦ
1305 1537 1749 1614 παραδείγματος
1805 1542 1988 1618 χρείᾳ,

343 1629 640 1702 τηροῦντος
689 1627 785 1682 τοῦ
836 1627 983 1702 ἱεροῦ
1039 1627 1315 1704 Κυρίλλου
1365 1635 1428 1705 τῇ
1481 1632 1670 1686 ἑνώσει
1717 1632 1778 1688 τό
1820 1632 1990 1706 ἄτμη-

341 1715 432 1770 τόν
481 1737 540 1771 τε
576 1716 668 1770 καὶ
723 1713 1113 1774 ἀδιάσπαστον.
1167 1721 1241 1774 Σὺ
1275 1716 1320 1773 δ’
1390 1719 1518 1782 ἴσως
1561 1719 1876 1778 ἀκολουθῶν
1907 1729 1986 1797 τῷ

2097 561 2337 616 veniens
2369 561 2584 616 Christi
2611 561 2907 632 mysterio,
2941 561 3020 614 sic
3051 567 3108 614 et
3137 560 3195 614 in
3227 561 3383 615 dicto
3415 565 3572 614 tomo
3606 561 3744 614 Ire-

2098 656 2318 720 pugnat
2343 649 2594 718 Cyrillus
2621 667 2632 703 :
2658 651 2836 706 Unum
2855 659 2907 705 et
2934 649 3184 704 eumdem
3206 664 3318 704 esse
3345 650 3740 720 cognoscimus,

2103 743 2154 794 et
2183 755 2211 794 ε
2246 739 2350 794 Deo
2381 744 2547 794 Patre
2576 739 2764 796 divine
2794 749 2844 794 et
2871 755 2901 794 ε
2922 739 3154 794 muliere
3171 738 3468 794 secundum
3489 753 3743 792 carnem.

2109 829 2325 884 Utimur
2355 833 2544 884 autem
2575 829 2842 898 exemplo,
2873 833 3156 882 servantes
3197 827 3406 896 ubique
3437 828 3642 881 unione
3663 828 3750 878 iu-

2105 917 2402 984 divuisum,
2421 919 2748 974 divisionem
2769 919 3080 988 reﬁciente:
3097 921 3158 972 .A
3171 919 3299 972 udis
3325 919 3478 973 unde
3498 917 3746 988 Cyrillus

2105 1005 2428 1077 exemplum
2461 1011 2692 1062 sumat:
2715 1023 2828 1062 non
2861 1007 3016 1062 enim
3053 1013 3116 1061 ut
3137 1012 3200 1061 tu
3235 1023 3408 1062 unam
3433 1007 3491 1061 in
3511 1006 3743 1061 Christo

2107 1101 2370 1150 naturam
2397 1113 2540 1150 nove
2565 1097 2772 1168 ﬁngas,
2797 1111 2992 1150 verum
3019 1100 3082 1150 ut
3102 1095 3444 1151 Theodorus
3467 1101 3523 1150 et
3542 1095 3746 1150 Nesto-

2105 1186 2226 1240 rius
2261 1185 2560 1255 pudeﬁant
2589 1185 2838 1254 exempli
2887 1202 2986 1240 usu
3022 1191 3290 1240 serVante
3335 1186 3504 1240 beato
3535 1183 3747 1256 Cyrillo

2105 1275 2320 1330 unione
2365 1274 2640 1330 sectionis
2695 1289 2896 1342 expers
2955 1279 3010 1328 et
3063 1273 3440 1328 indivulsum.
3489 1274 3572 1328 Tu
3614 1290 3748 1330 vero

2103 1363 2344 1418 forsitan
2379 1364 2708 1434 exemplum
2734 1369 2990 1427 secutus,
3019 1380 3206 1434 neque
3229 1365 3408 1418 Deum
3437 1380 3620 1435 neque
3645 1363 3749 1420 ho-

2104 1452 2318 1508 minem
2345 1454 2575 1524 proprie
2591 1453 2780 1510 dicere
2803 1455 3096 1508 sustineas
3115 1454 3386 1508 eumdem
3412 1453 3706 1508 Christum
3723 1454 3752 1509 ?

2103 1543 2248 1608 Quia
2269 1559 2453 1613 neque
2477 1543 2650 1598 homo
2673 1543 3024 1614 exemplum,
3042 1559 3228 1614 neque
3257 1558 3468 1614 corpus
3493 1542 3744 1612 proprie,

2103 1647 2289 1702 neque
2339 1632 2556 1701 animo,
2615 1633 2664 1688 si
2719 1649 2888 1704 cogas
2919 1633 3040 1690 hac
3089 1633 3327 1688 dicere:
3365 1632 3746 1704 quandoqui-

2101 1722 2228 1776 dem
2253 1721 2324 1776 de
2355 1723 2568 1778 unione
2599 1721 2880 1778 ineffabili
2901 1723 2959 1778 in
2992 1723 3244 1788 Christo,
3278 1721 3431 1778 unde
3461 1722 3582 1792 ipse
3605 1739 3742 1776 con-

344 1801 744 1881 παραδείγματι
795 1803 921 1863 οὺδὶ
976 1807 1105 1862 Θεὸν
1165 1806 1289 1864 οὐδὲ
1337 1809 1622 1884 ἄνθρωπον
1677 1811 1878 1886 κυρίως
1913 1813 1990 1868 εἰ-

2105 1815 2236 1878 stat,
2271 1812 2504 1883 proprie
2537 1811 2656 1868 haec
2687 1813 2980 1868 dicuntur.
3025 1811 3150 1868 Non
3181 1786 3360 1882 igitur
3389 1786 3520 1867 licet
3570 1811 3744 1868 homo

347 1899 464 1950 πεῖν
497 1894 758 1970 ἂνᾶσχοιο
791 1895 850 1949 ἂν
881 1894 975 1952 τόν
1029 1899 1285 1972 Χριστὸν,
1335 1895 1477 1954 διότι
1526 1898 1652 1956 οὐδὲ
1691 1903 1718 1958 ὁ
1775 1902 1996 1979 ἅνθρω-

341 2003 466 2050 πος,
507 1983 570 2036 τὸ
601 1981 972 2057 παράδειγμα,
1006 1983 1130 2039 οὔτε
1161 1990 1321 2058 σῶμα
1359 1989 1564 2060 κυρίως
1624 1985 1746 2044 οὕτε
1811 1992 1990 2067 ψυχή,

344 2069 392 2125 εἴ
419 2074 466 2108 ⁵⁵
507 2066 734 2144 iustior]
765 2077 934 2128 ταῦτα
967 2071 1146 2149 λέγειν
1177 2073 1358 2142 αὑτὸν,
1403 2073 1542 2130 διότι
1573 2075 1658 2132 ἐπὶ
1709 2080 1811 2147 τῆς
1859 2066 1994 2136 κατά

341 2161 580 2236 Χριστὸν
609 2159 928 2236 ἀπορῥτξτου
959 2163 1224 2234 ὲνώσεως,
1267 2161 1318 2233 ἒξ
1359 2166 1434 2218 ὧν
1483 2166 1648 2228 αὐτὸς
1693 2166 1990 2243 σύγκειται,

339 2255 508 2306 ταῦτα
567 2251 768 2325 κυρίως
819 2251 1056 2328 λέγεται.
1101 2253 1180 2310 Oi»
1227 2255 1428 2325 τοίνυν,
1479 2253 1574 2310 κᾶν
1632 2259 1660 2312 ὀ
1711 2259 1994 2331 ἄνθρωπος

347 2345 472 2411 μιᾶς
519 2340 741 2413 λέγοιτο
795 2341 1028 2418 φύσεως,
1089 2341 1266 2400 οὐδεὶς
1311 2343 1634 2408 ἀκολουθίας
1703 2348 1993 2418 ἂπαίτήσει

347 2427 510 2502 λόγος
567 2431 654 2486 καὶ
713 2432 805 2486 τὸν
870 2433 1106 2505 Χριστὸν
1173 2439 1298 2506 μιᾶς
1358 2434 1622 2510 ὑπάρχειν
1693 2433 1782 2491 διὰ
1830 2441 1992 2494 τοῦτο

348 2518 577 2592 φύσεως.
611 2520 706 2574 Διὸ
737 2521 828 2576 καὶ
871 2519 1146 2594 Κύριλλον
1177 2522 1226 2558 ⁵⁵
1271 2523 1364 2577 τὸν
1396 2525 1694 2598 θαυμάσιον
1734 2525 1857 2599 μίαν
1899 2529 1994 2600 μὲν

347 2609 438 2662 τὸν
497 2607 784 2677 ἄνθρωπον
841 2608 1000 2687 φύσιν
1068 2611 1318 2684 εὑρήσεις
1391 2611 1642 2688 λέγοντα,
1731 2614 1856 2688 μίαν
1936 2613 1994 2671 δί

349 2695 505 2772 φύσιν
564 2695 780 2752 εἰπόντα
835 2701 933 2752 τοῦ
981 2699 1216 2770 Χριστοῦ
1265 2699 1364 2756 οὐκ
1411 2701 1472 2756 ἂν
1527 2703 1808 2780 φωράσῃς.
1843 2705 1904 2761 Εἰ
1937 2703 1994 2760 δέ

349 2806 433 2848 τις
474 2784 572 2842 δύο
603 2788 782 2864 φύσεις
813 2785 1056 2844 δέδοικεν
1096 2787 1292 2854 εἷπεῖν,
1321 2788 1406 2846 ἶνα
1439 2794 1515 2865 μὴ
1569 2791 1828 2868 διαίρεσιν
1875 2815 1998 2850 συν·

343 2877 547 2950 εισὰξῃ,
589 2881 808 2949 πρῶτον
844 2879 936 2950 μὲν
981 2876 1151 2940 οὕτως
1203 2879 1396 2944 ἁπλῶς
1447 2879 1588 2954 μηδὲ
1633 2881 1844 2958 λεγέτω
1895 2881 1991 2940 δύο

337 2966 546 3044 φύσεις,
575 2966 912 3042 προστιθέτω
946 2965 1004 3023 δὲ
1031 2967 1094 3022 τὸ
1144 2965 1470 3044 ἀδιαίρετον,
1529 2973 1642 3028 εἶτα
1682 2971 1994 3046 συνομολο·

337 3055 498 3128 γιίτω
563 3055 652 3110 καὶ
700 3055 756 3110 ’ἐν
787 3057 833 3092 δδ
881 3058 1000 3112 καθ’
1051 3059 1342 3114 ὑπόστασιν
1391 3061 1688 3135 πρόσωπον
1727 3061 1814 3116 καὶ
1869 3061 1992 3134 μίαν

347 3144 660 3209 ὑπόστασιν,
700 3145 738 3214 ἢ
767 3143 882 3199 ἀντ’
911 3145 1116 3215 αὐτῶν,
1166 3147 1210 3202 εἰ
1272 3147 1460 3222 βούλει
1491 3150 1560 3218 ⁵⁷,
1607 3151 1670 3206 τὸ
1724 3151 1849 3224 μίαν
1895 3157 1992 3208 τοῦ

345 3235 518 3308 Λόγου
577 3234 736 3313 φύσιν
797 3236 1238 3310 σεσαρκωμένην.
1298 3243 1476 3296 Ταῦτα
1535 3241 1638 3316 γὰρ
1708 3242 1736 3296 ὁ
1830 3239 2002 3314 λέγων

347 3324 481 3378 κατὰ
536 3324 626 3378 τὸν
689 3325 950 3398 γνώμονα
1001 3331 1101 3393 τῆς
1151 3321 1430 3399 ἀκριϐείας
1492 3327 1764 3403 Κύριλλον
1800 3330 1900 3386 οὐκ
1935 3327 2000 3386 ἂν

355 3409 482 3468 οὐδὲ
521 3413 882 3489 συκοφάνταις
941 3415 1220 3490 παράσχοι
1275 3417 1322 3452 ⁵⁸
1379 3412 1554 3486 λαϐὴν
1613 3419 1688 3480 ὡς
1746 3417 2004 3493 διαίρεσιν

361 3499 696 3576 δογματίσας
723 3507 828 3558 τῶν
872 3501 1110 3582 φύσεων.
1147 3503 1244 3560 Καὶ
1275 3505 1378 3580 γὰρ
1425 3506 1516 3561 καὶ
1564 3511 1671 3563 τῶν
1714 3509 1760 3546 ‘9
1806 3511 2004 3566 ανατο-

361 3589 528 3646 λικῶν
582 3587 677 3646 δύο
717 3591 902 3669 φύσεις
956 3591 1241 3664 εἰπόντων,
1288 3594 1378 3648 καὶ
1419 3603 1768 3675 συκοφαντεῖν
1806 3597 2000 3662 αὐτοὺς

361 3681 434 3742 ὡς
476 3678 817 3756 διαιροῦντας
875 3681 1072 3756 ἑτέρων
1135 3683 1478 3752 κινηθέντων,
1536 3685 1672 3759 πρὸς
1747 3687 2002 3744 Ἀκάκιον

353 3769 597 3842 γράφων,
643 3767 832 3840 ἐπειδή
891 3771 1024 3843 μετὰ
1070 3775 1167 3826 τοῦ
1207 3770 1376 3828 εἰπεῖν
1428 3772 1524 3828 δύο
1573 3775 1758 3854 φύσεις
1807 3777 1898 3830 καὶ
1937 3777 2000 3832 τὸ

352 3857 653 3933 ἀδιαίρετον
703 3861 944 3932 συνῆψαν
991 3861 1082 3916 καὶ
1127 3862 1178 3916 ἐν
1229 3862 1308 3916 ἒνί
1347 3861 1436 3918 καὶ
1487 3867 1564 3934 τῷ
1603 3862 1754 3936 αὐτῷ
1783 3867 2000 3938 Χριστῷ

345 3947 442 4010 τὰς
487 3947 583 4002 δύο
643 3949 832 4025 φύσεις
879 3950 1008 4023 ὁρᾷν
1067 3949 1460 4024 ὡμολόγησαν,
1506 3951 1665 4008 τέκνα
1725 3953 1820 4026 μὲν
1881 3951 2002 4010 διας

347 4031 516 4092 ϐόλου
541 4038 670 4098 τοὺς
717 4041 1048 4115 συκοφάντας
1104 4039 1412 4118 ἀποφαίνει,
1459 4041 1588 4104 τοὺς
1637 4040 1694 4098 δὲ
1733 4041 1996 4108 διομολο-

345 4131 576 4200 γοῦντας
623 4128 760 4182 κατὰ
807 4127 869 4180 τὸ
919 4127 1179 4204 φρόνημα
1222 4135 1332 4185 τῶν
1369 4129 1708 4186 ἀνατολικῶν
1737 4129 1999 4190 ἀδύνατόν

345 4236 478 4271 ποτε
543 4213 803 4290 διαίρεσιν
860 4215 1115 4291 εἰσάγειν.
1185 4219 1325 4292 "Ope:
1382 4217 1440 4276 δὲ
1505 4224 1594 4276 καί
1661 4221 1998 4292 Ἀθανάσιον,

350 4305 442 4360 οἷα
473 4305 724 4379 περὶτῆς
757 4304 1219 4379 ἐνανθρωπήσεως
1258 4313 1356 4364 τοῦ
1389 4310 1566 4384 Λόγου
1597 4310 1818 4390 γράφων
1865 4313 2000 4368 κατὰ

2102 1902 2274 1956 unius
2321 1901 2544 1956 dicatur
2614 1905 2858 1970 natura,
2929 1901 3047 1956 ulla
3105 1901 3534 1972 consequentia
3595 1901 3743 1956 ratio

2100 1991 2310 2062 exiget,
2343 1995 2400 2046 et
2425 1991 2722 2048 Christum
2755 1992 2926 2048 unius
2955 2007 3086 2048 esse
3115 1992 3242 2047 ideo
3275 1997 3514 2047 naturae.
3551 1993 3738 2058 Quare

2099 2080 2572 2136 etadmirandum
2593 2079 2758 2136 illum
2781 2080 3074 2151 Cyrillum,
3101 2097 3272 2136 unam
3297 2081 3534 2148 quidem
3559 2081 3746 2135 homi-

2100 2185 2230 2224 nem
2253 2175 2608 2224 asserentem
2643 2174 2908 2224 naturam
2941 2169 3222 2237 invenies,
3269 2185 3446 2224 unam
3478 2185 3614 2224 vero
3648 2169 3745 2224 di-

2098 2267 2320 2315 centem
2353 2259 2566 2314 Christi
2601 2275 2711 2314 non
2745 2259 3162 2328 deprehendes.
3195 2260 3254 2314 Si
3287 2275 3416 2314 vero
3439 2259 3579 2314 duas
3611 2259 3746 2330 quis

2099 2352 2340 2402 naturas
2367 2353 2588 2404 metuat
2617 2347 2830 2416 dicere,
2865 2363 2934 2404 ne
2963 2347 3310 2404 divisionem
3335 2348 3570 2402 inducat
3595 2363 3608 2402 :
3635 2347 3746 2418 pri-

2102 2453 2262 2492 mum
2297 2437 2532 2508 quidem
2569 2436 2710 2492 adeo
2743 2436 3106 2506 simpliciter,
3159 2453 3348 2508 neque
3397 2437 3550 2492 dicat
3605 2437 3746 2492 duas

2101 2533 2359 2590 naturas,
2393 2535 2642 2596 apponat
2689 2543 2823 2580 vero
2857 2526 3162 2592 indiwsas,
3215 2527 3424 2581 deinde
3461 2527 3739 2581 confitea-

2101 2623 2192 2670 tur
2213 2620 2266 2669 et
2291 2631 2464 2670 unam
2499 2615 2924 2686 hypostaticam
2949 2631 3278 2686 personam,
3295 2621 3352 2671 et
3373 2630 3548 2670 unam
3571 2615 3750 2686 hypo-

2103 2705 2322 2760 stasin:
2359 2709 2458 2759 aut
2491 2704 2724 2760 illorum
2759 2705 2904 2766 loco,
2930 2707 2976 2759 si
3001 2704 3134 2775 quis
3165 2705 3336 2770 volet,
3371 2721 3547 2760 unam
3573 2705 3750 2761 Verbi

2101 2797 2370 2848 naturam
2391 2793 2769 2848 incarnatam.
2789 2797 2902 2848 Hoc
2927 2793 3184 2863 igiturad
3201 2801 3525 2848 accuratam
3543 2809 3749 2848 amus-

2104 2884 2215 2938 sim
2239 2883 2414 2948 dicto,
2449 2882 2696 2954 Cyrillus
2727 2899 2916 2954 neque
2939 2881 3380 2938 accusatoribus
3413 2882 3628 2952 praebet
3649 2898 3746 2938 oc-

2103 2973 2398 3030 casionem
2431 2973 2602 3044 quasi
2659 2973 2876 3030 divisas
2925 2973 3144 3030 docens
3204 2978 3468 3030 naturas.
3520 2973 3745 3028 Etenim

2108 3061 2504 3118 Orientalibus
2533 3065 2680 3118 duas
2717 3069 2954 3118 naturas
2993 3062 3340 3130 dicentibus,
3373 3071 3426 3118 et
3457 3062 3588 3118 aliis
3619 3061 3752 3118 illos

2111 3152 2524 3208 accusantibus
2555 3153 2724 3223 quasi
2757 3152 2995 3208 alteram
3027 3152 3099 3206 ab
3143 3151 3324 3208 altera
3362 3151 3648 3218 dividant,
3681 3151 3754 3206 ad

2109 3241 2386 3296 Acacium
2419 3243 2642 3298 scribit.
2675 3243 2914 3307 Quando
2943 3243 3092 3296 duas
3124 3247 3364 3298 naturus
3404 3243 3667 3309 dicendo,
3699 3243 3756 3295 et

2112 3331 2479 3388 individuum
2511 3331 2848 3400 adjunxere,
2877 3337 2932 3386 et
2955 3331 3012 3386 in
3037 3347 3150 3386 uno
3177 3331 3498 3402 eodemque
3519 3331 3752 3386 Christo

2109 3423 2256 3476 duas
2289 3429 2526 3476 naturas
2557 3437 2620 3476 se
2643 3421 2832 3476 videre
2867 3421 3054 3476 testati
3079 3429 3249 3476 sunt:
3284 3419 3752 3476 contradicentes

2111 3509 2362 3566 ﬁliorum
2397 3511 2612 3566 diaboli
2635 3509 2760 3566 loco
2789 3513 2962 3566 tenet.
2996 3509 3100 3575 Qui
3137 3525 3271 3564 vero
3303 3509 3456 3564 idem
3489 3509 3752 3563 sentiunt

2111 3601 2261 3671 quod
2296 3600 2634 3667 Orientales,
2659 3599 3024 3670 impossibile
3055 3605 3142 3654 est
3167 3599 3480 3670 aliquando
3512 3598 3750 3652 divisio-

2111 3707 2242 3746 nem
2301 3691 2593 3746 indncere.
2653 3688 2794 3744 Vide
2837 3689 3010 3744 etiam
3041 3687 3450 3754 Athanasium,
3507 3703 3634 3756 quae
3685 3686 3757 3742 de

2110 3779 2512 3834 incarnatione
2543 3778 2716 3834 Verbi
2747 3779 3011 3832 scribens
3051 3783 3254 3832 contra
3303 3773 3754 3846 Apollinaristas

2110 3869 2360 3936 exponit.
2394 3871 2534 3924 Cum
2567 3867 2720 3926 enim
2755 3867 2897 3922 dicit
2929 3883 3027 3937 per
3057 3867 3245 3921 2766
3280 3869 3546 3934 utraque,
3579 3877 3748 3918 nemo

2109 3957 2569 4012 Christianorum
2589 3955 2922 4026 suspicatus
2936 3960 3021 4008 Bst
3039 3971 3138 4025 per
3159 3953 3495 4008 dualitalem
3517 3951 3755 4006 divisio-

2113 4059 2243 4098 nem
2277 4044 2419 4098 fieri.
2455 4043 2602 4098 Dicit
2631 4060 2766 4098 vero
2799 4057 2812 4096 :
2839 4043 2941 4098 Sed
2962 4042 3158 4112 quiest
3181 4048 3385 4096 nalura
3412 4041 3571 4106 Deus,
3594 4053 3757 4108 gena-

2110 4137 2268 4188 ratur
2296 4137 2473 4200 homo,
2497 4143 2556 4188 ut
2577 4137 2811 4202 utraque
2830 4132 2944 4188 sint
2967 4149 3109 4188 unus
3129 4133 3420 4200 per/crtus,
3441 4145 3537 4200 per
3557 4129 3753 4184 omnia

2112 4224 2254 4278 idem
2285 4223 2446 4288 Deus,
2478 4228 2532 4278 et
2561 4229 2734 4278 homo.
2783 4222 2894 4278 Sed
2945 4233 2996 4278 et
3027 4219 3340 4292 Gregorius
3371 4221 3756 4290 cognomento

2110 4312 2438 4383 Theologus
2465 4313 2522 4368 in
2555 4315 2905 4382 Apologetico
2936 4311 3017 4366 ait
3051 4327 3064 4366 :
3097 4313 3210 4366 Hoc
3237 4311 3526 4364 exinanita
3555 4307 3756 4374 deiter,

355 4397 464 4448 τῶν
520 4395 588 4450 τὰ
652 4393 1050 4470 Ἀπολιναρίου
1106 4398 1414 4453 νοσούντων
1473 4398 1759 4456 ἐκτίθεται.
1811 4400 1995 4477 Λέγων

355 4483 444 4505 ,__‘._
507 4479 530 4505 Β
569 4483 588 4505 δ,
639 4504 656 4505 η
699 4487 725 4498 υ
777 4485 794 4505 ι
1092 4487 1104 4504 \
1168 4483 1222 4505 '5!
1404 4489 1418 4505 9
1500 4485 1554 4505 ἐἴ
1623 4489 1636 4504 ς
1748 4493 1772 4504 ειν
1883 4490 1893 4505 ς

2109 4402 2208 4458 hoc
2234 4414 2522 4473 assumpta
2552 4417 2699 4470 caro,
2734 4403 2833 4458 hoc
2883 4417 3025 4456 nova
3055 4402 3266 4466 misiio,
3325 4400 3467 4454 Deus
3496 4408 3546 4454 et
3577 4398 3758 4464 homo,

348 4483 452 4558 γὰρ
503 4479 593 4537 διᾶ
632 4487 728 4537 τοῦ
777 4485 1002 4558 ὲκατερα
1051 4487 1114 4541 τὸ
1164 4483 1260 4542 δύο
1292 4489 1418 4560 παρ’
1457 4485 1675 4551 οὐδενὸς
1705 4493 1812 4544 τῶν
1845 4490 1997 4545 εὐσε-

349 4565 464 4626 ϐῶν
516 4571 752 4648 εἲσέγειν
787 4575 1068 4646 ὑπκνοήθη
1123 4572 1408 4650 διαίρεσιν.
1463 4576 1620 4652 Λέγει
1671 4576 1746 4634 δὲ·
1783 4578 1938 4636 Ἀλλ’
1968 4581 1998 4636 ὁ

347 4659 421 4714 ὢν
489 4660 646 4740 φύσει
704 4663 834 4724 Θεὸς
889 4667 1134 4737 γεννᾶται
1201 4661 1512 4736 ἅνθρωπος,
1576 4665 1670 4722 ’ίνα
1727 4669 1801 4731 εἷς
1858 4671 1892 4741 ᾗ
1933 4668 1999 4724 τὰ

346 4751 572 4826 ἑκάτερα
625 4749 861 4822 τέλειος,
923 4754 1062 4808 κατὰ
1118 4753 1294 4809 πάντα
1349 4757 1478 4818 Θεὸς
1543 4757 1630 4811 καὶ
1713 4755 1996 4832 ἄνθρωπος

345 4841 374 4894 ὁ
403 4841 586 4904 αὑτός.
623 4842 723 4898 Καὶ
757 4845 784 4898 ὸ
831 4843 1100 4919 Θεολόγσς
1156 4843 1212 4900 δὲ
1264 4847 1562 4920 Γρηγόριος
1611 4845 1662 4900 ἐν
1695 4852 1776 4920 τῷ
1833 4848 2000 4904 Ἀπο-

343 4927 632 5004 λογητικῷ
693 4952 848 5004 φησι·
903 4936 1080 4990 Τοῦτο
1131 4937 1166 5004 ἡ
1218 4937 1514 4990 κενωθεῖσά
1569 4935 1782 5008 Θεότης,
1832 4943 1996 4992 τοῦτο

341 5021 376 5087 ἡ
445 5021 856 5100 προσληφθεῖσα
957 5023 1110 5098 σὰρξ,
1203 5029 1367 5080 τοῦτο
1433 5027 1466 5095 ἡ
1563 5027 1722 5096 καινή
1831 5029 1996 5100 μίξις,

341 5110 472 5172 Θεὸς
551 5111 642 5164 καὶ
719 5112 1026 5188 ἄνθρωπος,
1103 5110 1156 5168 ἓν
1233 5111 1292 5168 ἐκ
1358 5110 1529 5184 δνοῖν,
1589 5115 1680 5170 καὶ
1747 5113 1816 5170 δι’
1883 5117 1998 5178 ἐνὸς

2109 4509 2282 4548 unum
2313 4509 2341 4548 ε
2369 4493 2598 4558 duobus,
2630 4497 2682 4548 et
2743 4509 2843 4563 per
2871 4507 3045 4546 unum
3077 4498 3325 4560 utraque.
3389 4489 3455 4544 Et
3511 4503 3653 4546 sane
3687 4486 3758 4542 ad

2107 4581 2478 4638 Valerianum
2525 4581 2702 4636 Iconii
2756 4581 3092 4650 episcopum
3153 4581 3419 4634 scribens
3449 4577 3754 4650 Cyrillus:

2109 4671 2288 4739 Quare
2339 4686 2408 4726 ea:
2453 4671 2719 4739 confesso,
2754 4667 2963 4737 inquit,
2993 4667 3134 4738 quod
3164 4683 3200 4720 α
3253 4683 3423 4722 carne
3477 4680 3604 4722 caro
3651 4669 3752 4732 est,

2108 4759 2246 4832 quod
2293 4775 2322 4812 e
2355 4760 2462 4814 Deo
2502 4759 2660 4814 Deus.
2699 4759 2786 4814 Est
2821 4773 2944 4814 vero
2973 4755 3272 4812 secundum
3305 4758 3486 4826 ipsum
3517 4759 3750 4822 utraque

2109 4851 2356 4905 Christus
2391 4866 2404 4917 ;
2433 4855 2496 4904 ut
2525 4865 2660 4919 ergo
2687 4865 2801 4904 non
2834 4847 3038 4902 dividit
3099 4851 3250 4902 Deus
3272 4850 3328 4900 et
3361 4845 3533 4900 homo
3567 4856 3752 4895 unum

2105 4940 2422 5005 Christum,
2455 4955 2645 5010 neque
2701 4937 2878 4994 dictio
2913 4943 3194 5006 utraque:
3227 4935 3310 4990 sic
3371 4947 3560 5004 neque
3609 4927 3758 4984 illud

2107 5030 2244 5098 duo,
2284 5029 2394 5084 nisi
2427 5029 2582 5100 quod
2623 5027 2890 5084 nonnulli
2915 5041 3152 5082 sensum
3175 5025 3456 5090 dividant,
3492 5036 3598 5076 nec
3625 5017 3762 5074 boni

2107 5121 2313 5176 satoris
2337 5119 2518 5173 ullum
2545 5119 2792 5174 fructum
2827 5117 3084 5188 proferre
3117 5113 3396 5170 valentes.

338 5196 640 5276 ἀμφότερα.
675 5201 780 5258 Ναὶ
830 5198 896 5270 δὴ
937 5202 1028 5258 καί
1085 5203 1220 5276 πρὸς
1267 5201 1630 5278 Οὐαλεριανὸν
1697 5205 1790 5258 τὸν
1850 5205 2075 5260 Ἰκονίου
2133 5207 2354 5282 γράφων
2414 5205 2442 5258 ὁ
2501 5201 2802 5278 Κύριλλος,
2862 5202 3067 5262 Οὐκοῦν
3125 5199 3594 5276 ὁμολογουμένως
3635 5199 3752 5272 μὲν,

337 5290 494 5367 φησί,
551 5290 616 5345 τὸ
673 5290 780 5346 ἀπὸ
833 5294 1032 5366 σαρκὸς
1091 5293 1216 5366 σὰρξ
1275 5291 1408 5362 ἐστι,
1473 5295 1536 5348 τὸ
1604 5291 1662 5350 δὲ
1717 5291 1778 5348 ἐκ
1831 5298 1966 5350 Θεοῦ
2020 5296 2149 5359 Θεός
2183 5313 2195 5328 ο
2257 5293 2371 5350 ἔστι
2429 5291 2485 5350 δὲ
2541 5295 2678 5350 κατὰ
2731 5291 2929 5348 ταύτὸν
2968 5295 3012 5330 ⁶⁰
3079 5290 3364 5367 ἀμφότερα
3418 5290 3446 5344 ὁ
3505 5289 3548 5328 ⁶¹
3609 5296 3756 5363 Χρι-

1685 5457 1924 5514 νΑῑιΙίΕ

337 5669 386 5702 ⁵⁹
413 5669 522 5720 τῶν
552 5667 685 5722 add.
721 5671 788 5722 Α.
818 5667 835 5670 ⁷
863 5667 912 5702 ⁸ο
941 5667 1060 5721 κατ’
1088 5667 1248 5721 αὐτόν
1441 5667 1546 5724 ⁸⁸νὸ
1579 5689 1694 5730 om.
1729 5667 1796 5730 Ᾱ.

1983 5457 2277 5515 LECTION
2287 5459 2391 5514 ES.

412 5593 538 5677 ⁵³ῌῷ
569 5601 621 5677 Δ.
648 5611 670 5677 _:
701 5595 776 5677 ᾦν
801 5595 910 5677 gn
961 5597 1006 5632 ⁵⁸
1033 5593 1103 5677 εἰ]
1289 5597 1392 5677 ’⁵⁵
1423 5595 1694 5677 Ιςὺρ-ιλλον
1736 5602 1830 5674 μὶν
1861 5601 1953 5660 τόν
2147 5603 2194 5638 ⁵⁸
2229 5597 2311 5672 ἓν]
2340 5601 2402 5656 τὸ
2431 5596 2484 5654 ἓν
2523 5607 2579 5656 Δ.

2657 5601 2702 5636 ⁵⁷
2747 5597 3000 5674 βούλειτο
3029 5597 3092 5653 τὸ
3279 5598 3326 5634 ⁵⁸
3353 5595 3612 5670 παράσχῃ
