4138 6228
433 353 585 412 1055

1630 347 1895 409 ΡΗΟΤῙΙ
1944 347 2470 409 ΡΑΤΠΙΑΗΟΗΑΞ
2515 348 2629 409 ΟΡ.

3685 349 3844 411 1056

426 487 573 548 στὸς,
644 488 847 559 Ὥσπερ
897 481 990 537 οῦν
1045 482 1105 537 οὐ
1155 480 1335 553 τὲμνει
1375 482 1436 536 τὸ
1478 482 1610 544 Θεὸς
1676 481 1765 535 καὶ
1826 478 2102 556 ἅνθρωπος
2142 480 2234 536 τὸν
2292 479 2381 535 ἕνα
2434 483 2680 558 Χριστὸν,
2742 479 2869 537 οὐδὲ
2924 481 2986 536 τὸ
3046 482 3349 558 ἀμφότερα,
3411 479 3537 537 οὐδὲ
3583 484 3647 537 τὸ
3717 485 3849 539 ἐκά-

421 596 574 651 τερα,
633 575 806 635 οὕτως
863 571 985 628 οὐδὲ
1049 572 1111 627 τὸ
1155 570 1270 642 δύο,
1333 570 1377 625 εἷ
1440 572 1515 643 μή
1555 571 1649 625 τὸν
1715 575 1835 626 νοῦν
1894 570 2078 642 εἷήσαν
2118 570 2515 646 ἐκτετμημένοι
2573 573 2716 631 τινὲς
2772 574 2860 628 καὶ
2920 577 3020 628 τοῦ
3076 574 3251 629 καλοῦ
3282 574 3529 649 σπορέως
3569 575 3617 611 ⁸³
3651 572 3847 630 οὐδένα

423 666 630 733 καρπὸν
668 667 823 740 φῦναι
854 664 899 699 ⁵³
931 659 1243 734 δυνάμενοι.

493 755 575 809 Tu
628 769 758 809 vero
809 752 954 807 mihi
995 752 1300 808 considera
1360 752 1568 807 iterum
1625 755 1892 807 novatam
1944 752 2058 823 jan:

2257 749 2328 806 Σὺ
2362 748 2418 806 δέ
2459 772 2559 825 μοι
2591 751 2781 807 σκόπει
2824 751 2989 807 πάλιν
3022 753 3443 826 νεανιευομένην
3467 754 3567 822 τήν
3609 752 3842 828 αἵρεσιν,

424 843 715 898 haeresim.
747 840 1020 913 Cyrilius,
1054 842 1152 907 ait,
1186 842 1332 896 duas
1364 845 1607 896 naturas
1642 840 2069 896 dicereindivi-

427 951 521 990 sas
543 933 863 998 damnavit,
897 933 1298 988 contradicere
1320 936 1535 1003 putans
1559 931 1819 1002 opinioni
1856 932 2071 988 dicenti

422 1039 597 1078 unam
633 1038 762 1078 esse
795 1021 959 1078 Verbi
990 1022 1351 1076 incarnatam
1379 1025 1642 1077 naturam
1673 1020 1938 1089 ;t‘acilius
1964 1039 2067 1077 au-

420 1120 539 1171 tem
573 1116 699 1185 ejus
731 1115 923 1169 fastus
952 1114 1241 1185 deiicitur.
1268 1112 1588 1182 Dupliciter
1607 1114 1757 1168 enim
1791 1114 1886 1168 hic
1912 1114 2065 1169 indi-

414 1205 630 1269 visum,
665 1209 730 1258 ut
775 1209 831 1259 et
862 1205 918 1259 in
963 1203 1092 1258 aliis
1142 1203 1267 1258 suis
1325 1202 1695 1257 sermonibus
1749 1204 2065 1273 praedictus

418 1295 669 1363 scriptor
684 1294 959 1360 ostendit,
979 1297 1044 1347 ut
1060 1297 1319 1363 apparet.
1339 1292 1398 1346 Et
1426 1293 1530 1347 hoc
1544 1292 1773 1363 quidem
1800 1293 2062 1349 Nestorio

418 1383 690 1451 amicum,
726 1382 869 1437 illud
899 1383 1007 1454 piis
1038 1382 1410 1448 honoratum,
1432 1385 1489 1436 et
1507 1385 1811 1452 propterea
1833 1382 1984 1437 inter
2003 1397 2066 1438 se

416 1478 659 1529 certant.
696 1473 811 1528 Hoc
868 1472 1023 1527 enim
1060 1471 1341 1526 relatione
1397 1470 1741 1540 indivisum,
1776 1476 1842 1526 ut
1898 1487 2065 1526 arma

414 1562 663 1621 Nestorii
696 1562 1024 1616 excutitur:
1075 1560 1221 1615 illud
1254 1576 1384 1615 vero
1424 1560 1711 1632 hypostasi
1742 1560 2062 1626 indivisum,

413 1650 501 1705 vel
534 1650 896 1721 hypostalica
931 1650 1086 1714 unio,
1121 1648 1275 1705 clare
1306 1655 1362 1704 et
1408 1648 1761 1721 praedicatur
1790 1656 1842 1703 et
1874 1647 2064 1719 expla-

416 1744 611 1796 natur.
654 1741 840 1804 Quare
889 1740 1034 1794 sicut
1090 1739 1137 1794 si
1196 1739 1329 1809 quis
1378 1738 1655 1793 unionem
1714 1739 1773 1794 in
1834 1739 2062 1795 Christo

416 1846 706 1896 asserens,
723 1848 835 1886 nou
853 1835 1081 1902 coaptat
1100 1829 1299 1884 unioni
1333 1829 1701 1901 hypostasin,
1726 1833 2059 1900 suspectum

417 1922 657 1975 verbum
691 1920 877 1975 reddit
915 1936 929 1974 :
962 1922 1045 1975 sic
1075 1920 1123 1975 si
1156 1920 1285 1990 quis
1317 1920 1465 1974 duas
1495 1928 1730 1974 naturas
1778 1919 2063 1975 indivisas

419 2009 645 2078 dixerit,
682 2026 796 2063 non
821 2009 1149 2078 adjungens
1173 2009 1301 2075 hoc,
1325 2008 1624 2063 secundum
1646 2008 1987 2079 hypostasin,
2005 2008 2059 2062 in

2182 841 2237 895 Ὀ
2288 838 2588 916 Κύριλλος,
2634 841 2790 918 φησὶ,
2838 842 2900 896 τὸ
2942 839 3037 897 δύο
3070 840 3246 917 λέγειν
3275 840 3461 920 φύσεις
3489 840 3841 918 ἀδιαιρέτους

2182 927 2517 1003 ἐξεκήρυξεν,
2586 928 2880 985 ἀντίπαλον
2935 930 3070 985 εἶναι
3129 930 3369 1003 νομίζων
3443 933 3512 1005 τῇ
3595 928 3835 1006 λεγούσῃ

2179 1015 2309 1092 δόξῃ
2368 1020 2495 1091 μίαν
2555 1020 2688 1073 εἶναι
2742 1018 2900 1095 φύσιν
2957 1022 3055 1075 τοῦ
3124 1019 3305 1094 Λόγου
3384 1020 3836 1094 σεσαρκωμὲνην.

2179 1110 2335 1179 Ῥᾷον
2397 1107 2452 1165 δὲ
2511 1111 2675 1179 αὐτῆς
2723 1111 2785 1166 τὸ
2837 1109 3096 1187 φρύαγμα
3154 1105 3580 1167 καταϐάλλεται.
3640 1113 3836 1167 Διττὸν

2173 1201 2275 1274 γὰρ
2328 1200 2392 1256 τὸ
2441 1199 2748 1277 ἀδιαίρετου
2792 1202 3080 1271 κάνταῦθα,
3115 1204 3189 1264 ὡς
3230 1201 3320 1257 καὶ
3360 1200 3412 1256 ἐν
3455 1207 3576 1264 τοῖς
3634 1200 3837 1265 ἄλλοις

2176 1290 2343 1345 αὐτοῦ
2378 1292 2500 1364 [453
2544 1292 2636 1364 Η.]
2690 1289 2902 1365 λόγοις,
2953 1292 2980 1346 6
3032 1291 3369 1369 συγγραφεὺς
3424 1289 3839 1365 ἐπιδειξάμενος

2176 1378 2440 1454 φαίνεται,
2490 1381 2619 1453 [860
2661 1382 2750 1453 8.]
2798 1381 2885 1435 καὶ
2937 1381 2998 1435 τὸ
3052 1382 3146 1453 μὲν
3186 1380 3466 1454 Νεστορίῳ
3515 1380 3701 1456 φίλον,
3762 1382 3827 1436 τὸ

2177 1466 2235 1523 δὲ
2282 1472 2351 1541 τῇ
2401 1464 2643 1541 εὐσεϐείᾳ
2690 1471 3026 1544 τιμώμενον,
3077 1472 3166 1526 καὶ
3217 1468 3305 1525 διὰ
3354 1475 3514 1527 τοῦτο
3548 1469 3836 1541 ἀλλήλοις

2175 1557 2538 1631 ἀντικείμενα.
2609 1559 2687 1617 Τὸ
2738 1559 2841 1635 γὰρ
2889 1559 3023 1614 κατὰ
3100 1558 3285 1633 σχέσιν
3370 1556 3675 1633 ἀδιαίρετον
3756 1559 3836 1621 ὡς

2174 1645 2345 1702 ὅπλον
2408 1647 2704 1722 Νεστορίου
2760 1643 3161 1717 ἀποϐάλλεται,
3220 1648 3283 1703 τὸ
3336 1645 3393 1703 δὲ
3437 1650 3555 1703 καθ’
3589 1648 3837 1705 ὐπόστα-

2174 1757 2254 1789 σιν
2322 1732 2626 1811 ἀδιαίρετον
2678 1736 2805 1806 ἢτοι
2852 1738 2886 1807 ἡ
2937 1739 3055 1791 καθ’
3105 1736 3393 1793 ὑπόστασιν
3442 1735 3637 1801 ἓνωσις
3674 1759 3833 1814 περι-

2175 1829 2354 1901 φανῶς
2412 1826 2501 1881 καὶ
2558 1828 2883 1900 κηρύσσεται
2941 1828 3032 1880 καὶ
3097 1826 3541 1902 περιπτύσσεται.
3620 1832 3831 1903 τὨσπερ

2174 1912 2265 1968 οὖν
2324 1913 2378 1970 εἴ
2421 1936 2503 1977 τις
2549 1912 2738 1970 ’ἐνωσιν
2786 1915 2873 1971 ἐπὶ
2922 1919 3156 1990 Χριστοῦ
3208 1915 3381 1992 λέγων
3436 1920 3512 1989 μὴ
3557 1918 3822 1973 συνάπτοι

2212 2008 2237 2019 ἡ.

2172 2008 2241 2079 τῇ
2312 2005 2495 2061 ἐνώσει
2550 2006 2614 2060 τὸ
2670 2008 2789 2061 καθ’
2859 2007 3173 2077 ὑπόστασιν,
3234 2008 3471 2063 ὕποπνον
3526 2009 3585 2063 τὸ
3664 2008 3822 2085 ῥῆμα

420 2098 680 2152 eamdem
715 2097 1112 2166 suspicionem
1146 2096 1371 2151 incidit.
1404 2096 1491 2152 Ad
1523 2098 1797 2152 eumdem
1827 2098 2058 2153 modum

2171 2100 2338 2161 ποιεῖ,
2389 2095 2562 2156 οὕτως
2602 2093 2653 2149 εἷ’
2704 2115 2787 2153 τις
2833 2093 2929 2150 δύο
2979 2095 3162 2173 φύσεις
3194 2092 3532 2170 ἁδιαιρέτους
3564 2097 3711 2171 λέγοι
3740 2098 3819 2165 ⁶⁴,

422 2201 690 2242 asserens
711 2187 805 2240 Dei
821 2186 1078 2240 Verbum
1094 2200 1388 2241 assumere
1402 2184 1721 2253 hominem,
1739 2185 1847 2240 nisi
1863 2202 2058 2241 vocem

416 2290 699 2331 assumere
744 2275 980 2331 aliunde
1011 2283 1255 2347 exponat
1283 2274 1445 2345 (nam
1479 2274 1603 2330 fieri
1637 2279 1849 2347 potest,
1882 2281 1944 2331 ut
1992 2292 2061 2331 ex

427 2364 677 2420 Nestorii
711 2370 905 2419 mente
937 2379 1040 2420 seu
1074 2363 1365 2435 opinione,
1397 2364 1485 2420 vel
1518 2381 1584 2420 ex
1623 2365 1941 2421 orthodoxa
1969 2383 2061 2420 ra-

422 2452 581 2509 tione
601 2454 887 2524 explicata
917 2453 1284 2509 auditoribus
1314 2469 1547 2510 causam
1573 2454 1697 2526 [vel
1719 2455 1951 2510 errandi
1974 2454 2059 2511 vel

417 2548 571 2597 recte
603 2541 941 2613 sentiendi]
1001 2541 1299 2613 praebeat),
1352 2541 1518 2613 culpa
1575 2543 1819 2598 minime
1878 2550 2056 2599 vacat.

420 2634 781 2703 Quapropter
824 2632 1072 2704 Cyrillus
1121 2632 1179 2687 in
1229 2632 1612 2689 conciliandis
1653 2633 2060 2689 controversiis

413 2727 645 2789 acutus,
677 2721 735 2775 in
769 2721 1033 2775 Thesauro
1074 2737 1199 2789 suo,
1233 2738 1267 2777 a
1318 2721 1434 2777 Deo
1463 2722 1653 2778 Verbo
1684 2728 2057 2795 assumptum

418 2826 485 2865 ex
516 2810 695 2866 Maria
721 2809 1012 2865 hominem
1031 2809 1208 2866 veluti
1232 2816 1448 2867 vestem
1474 2816 1576 2868 aut
1599 2813 1883 2883 templum
1909 2812 2060 2867 afﬁr-

415 2904 576 2967 mat;
610 2899 667 2953 in
704 2899 969 2969 epistolis
996 2916 1125 2956 vero
1158 2900 1223 2954 ad
1258 2901 1606 2957 Succensum
1645 2918 1657 2955 :
1694 2901 1868 2972 igitur
1897 2901 2057 2957 homo

411 2990 591 3058 factus
619 2993 716 3053 est,
752 2988 961 3059 inquit,
994 3004 1102 3045 non
1134 2994 1315 3045 autem
1347 2990 1623 3047 hominem
1650 2993 1964 3062 assumpsit,
1995 3002 2055 3046 ut

414 3075 700 3133 Nestorius
728 3077 897 3132 docet.
930 3078 1118 3149 Atque
1137 3077 1677 3150 advertesisjudicii
1702 3079 1982 3135 solertiam
2003 3083 2058 3135 et

411 3166 806 3237 prudentiam.
829 3165 930 3221 Hic
961 3171 1330 3238 assumptum
1363 3166 1656 3224 hominem
1683 3172 1745 3223 ut
1776 3168 2056 3241 templum

412 3260 607 3311 sancte
640 3255 868 3322 asserit,
903 3259 960 3310 et
1008 3262 1201 3311 tamen
1234 3256 1425 3311 277a
1464 3256 1820 3326 Nestorium,
1870 3257 2057 3313 homi-

413 3362 543 3400 nem
563 3346 619 3416 [a
633 3345 766 3416 Deo]
785 3348 1156 3415 assumptum
1174 3353 1530 3401 asserentem
1554 3348 1814 3403 damnat.
1844 3348 2057 3404 Utrum-

412 3451 525 3506 que
549 3452 689 3490 sane
721 3439 874 3490 recte
906 3434 1135 3505 pieque.
1170 3434 1394 3490 Etenim
1426 3434 1725 3492 Neetorius
1759 3437 2053 3494 hominem

413 3541 531 3578 una
549 3540 677 3579 cum
698 3523 993 3597 hypostasi
1017 3523 1277 3579 humana
1300 3533 1667 3595 assumptum
1702 3528 2053 3598 nugabatur.

412 3611 659 3685 Cyrillus
694 3612 873 3683 igitur
904 3612 1071 3667 docet
1120 3612 1302 3667 Deum
1334 3618 1633 3685 assumpta
1665 3615 2055 3687 humanitate,

414 3703 534 3758 sive
578 3701 1013 3772 prasexsistente
1073 3702 1193 3756 sive
1239 3702 1597 3760 subsistente
1627 3703 1925 3775 hypostasi
1960 3706 2059 3761 bu-

417 3808 611 3859 mana,
646 3792 746 3847 sed
778 3791 1037 3848 humana
1066 3801 1274 3848 natura
1296 3792 1355 3847 in
1380 3792 1503 3863 ipsa
1531 3792 1729 3848 divina
1759 3795 2059 3866 hypostasi

412 3880 786 3949 subsistente,
803 3881 928 3937 sine
959 3880 1075 3936 ulla
1100 3886 1291 3937 tamen
1311 3880 2061 3942 divinitatisimmutatione

419 3985 545 4028 vere
564 3971 862 4027 hominem
891 3972 1128 4027 factum.
1151 3972 1455 4044 Sapienter
1476 3989 1612 4046 ergo
1633 3975 1869 4046 parique
1886 3978 2058 4031 modo

418 4061 584 4116 divus
613 4060 865 4133 Cyrillus
897 4061 953 4116 in
987 4060 1234 4132 epistola
1263 4062 1334 4117 ad
1369 4063 1729 4118 Succensum
1779 4065 2056 4136 disputat,

414 4148 670 4221 dicitque
688 4166 821 4205 eum
842 4150 941 4221 qui
969 4151 1114 4206 duas
1146 4157 1387 4207 naturas
1408 4157 1538 4223 post
1564 4153 1837 4209 unionem
1854 4156 2060 4211 asserit

414 4238 721 4308 indivisas,
754 4255 860 4296 nec
890 4244 1085 4297 tamen
1110 4240 1300 4295 addit:
1325 4240 1626 4296 secundum
1648 4242 2057 4313 hypostatz'cam

412 4329 694 4395 unionem,
719 4344 981 4400 pugnare
996 4345 1130 4384 cum
1149 4329 1243 4397 iis,
1262 4330 1363 4400 qui
1384 4332 1614 4386 unicam
1638 4337 1862 4387 tantum
1884 4331 2055 4388 Verbi

415 4422 680 4472 naturam
736 4417 1098 4472 incarnatam
1157 4423 1447 4476 asserunt.
1507 4418 1887 4491 Nequaquam
1922 4436 2056 4493 ergo

413 4522 520 4561 vox
535 4510 840 4576 assumpta,
873 4507 984 4562 nisi
1021 4508 1244 4578 integre
1264 4508 1601 4578 accipiatur,
1629 4510 1727 4564 sed
1765 4512 1917 4565 nude
1939 4519 2059 4565 tan-

415 4602 537 4649 tum
575 4595 1007 4665 pronuntietur,
1041 4596 1259 4651 sufﬁcit
1292 4602 1351 4651 ut
1390 4612 1521 4653 cum
1562 4597 1635 4654 iis
1682 4599 2058 4654 conveniatur

2173 2184 2248 2256 μὴ
2305 2184 2671 2263 σιινεπιφέρων
2716 2184 2779 2239 τὸ
2823 2185 2942 2239 καθ’
2997 2183 3315 2253 ὑπόστασιν,
3375 2185 3451 2249 εἰς
3508 2186 3605 2253 τήν
3652 2185 3823 2254 αὐτὴν

2171 2272 2404 2347 ὑποψίαν
2462 2275 2860 2348 περιτρέπεται.
2915 2275 3189 2338 Ὡσαύτως
3247 2271 3305 2329 δὲ
3376 2276 3465 2330 καί
3523 2277 3552 2330 ὁ
3639 2274 3827 2351 λὲγων

2170 2362 2453 2437 ἄνθρωπον
2483 2358 2769 2418 ἀναλαϐεῖν
2799 2364 2890 2418 τὸν
2934 2365 3061 2419 Θεὸν
3110 2364 3307 2441 Λόγον,
3362 2364 3406 2419 εί
3458 2366 3534 2437 μή
3585 2366 3657 2433 τή
3712 2387 3834 2443 φω-

2168 2452 2264 2521 νήν
2318 2450 2551 2507 ἂλλοθεν
2610 2452 2964 2528 ἑρμηνεύσετε
3028 2450 3269 2524 (δυνατὸν
3318 2454 3418 2529 γὰρ
3477 2452 3646 2523 αὐτήν
3734 2454 3835 2508 καὶ

2168 2543 2305 2597 κατά
2351 2541 2643 2616 Νεστόριον
2687 2543 2777 2597 καὶ
2809 2544 2856 2579 ⁸⁵
2900 2542 3035 2598 κατὰ
3079 2544 3174 2598 τὸν
3226 2544 3387 2618 ὀρθὸν
3439 2543 3609 2598 εἰπεῖν
3655 2542 3833 2618 λόγον

2171 2625 2346 2700 λαϐὴν
2405 2636 2706 2706 παρασχεῖν
2766 2638 2884 2695 τοῖς
2936 2632 3280 2708 ἀκροαταῖς),
3331 2631 3429 2687 οὐκ
3484 2630 3628 2687 ἔστιν
3671 2634 3831 2687 ἀναί-

2167 2740 2306 2781 τιος,
2358 2720 2449 2774 Διὸ
2498 2721 2588 2774 καὶ
2638 2721 2665 2775 6
2716 2718 2925 2791 διαιτᾷν
2975 2722 3142 2794 σοφὸς
3193 2719 3465 2795 Κύριλλος
3519 2718 3572 2775 ἐν
3610 2721 3709 2793 μὲν
3741 2725 3825 2793 τῷ

2169 2814 2435 2884 Θησαυρῷ
2465 2810 2556 2865 τὸν
2590 2810 2718 2865 Θεὸν
2748 2810 2924 2885 Λόγον
2968 2808 3153 2886 ὥσπερ
3192 2812 3313 2866 τινα
3344 2808 3563 2885 ποδήρη
3614 2812 3707 2865 τὸν
3758 2810 3823 2865 ἐκ

2166 2898 2377 2973 Μαρίας
2410 2898 2695 2973 ἄνθρωπον
2720 2901 2755 2971 ἧ
2788 2900 2912 2954 ναὸν
2946 2895 3233 2956 ἀναλαϐεῖν
3274 2897 3439 2976 λέγει,
3495 2900 3546 2954 ἐν
3592 2896 3645 2953 δὲ
3693 2906 3822 2962 ταῖς

2167 2990 2303 3062 πρὸς
2336 2990 2632 3044 Σούκενσον
2664 2988 3001 3059 ἐπιστολαῖς,
3031 2990 3236 3045 Οὐκοῦν
3293 2989 3597 3062 ἅνθρωπος,
3657 2989 3822 3065 φησὶ,

2165 3076 2395 3152 γέγονεν,
2454 3078 2557 3133 οὐκ
2628 3078 2908 3151 ἄνθρωπον
2998 3073 3280 3146 ἀνέλαϐεν,
3370 3080 3445 3140 ὡς
3539 3078 3825 3152 Νεστιορίῳ

2168 3164 2336 3224 δοκεῖ.
2388 3166 2484 3221 Καὶ
2536 3168 2637 3243 ὅρα
2680 3174 2783 3237 τῆς
2833 3165 3046 3239 διαίτης
3095 3169 3158 3223 τὸ
3206 3167 3467 3245 ἀγχίνουν
3519 3166 3608 3222 καὶ
3641 3170 3827 3246 νηφά-

2170 3255 2312 3314 λιον.
2358 3262 2414 3311 Ὀ
2446 3258 2540 3329 μὲν
2572 3254 2863 3333 ἄνθρωπον
2897 3258 2989 3312 καὶ
3027 3258 3158 3312 ναὸν
3190 3252 3481 3312 ἀναλαϐεῖν
3510 3257 3821 3334 ἱερολογεῖ,

2167 3347 2460 3421 Νεστόριου
2529 3344 2586 3402 δὲ
2646 3346 2932 3422 ἄνθρωπον
2994 3342 3286 3402 ἂναλαϐεῖν
3350 3346 3573 3401 εἰπόντα
3655 3368 3830 3419 παραυ

2166 3436 2452 3512 γράφεται,
2511 3434 2743 3499 εὐσεϐῶς
2801 3435 2857 3491 δὲ
2916 3437 3188 3507 ἑκάτερον.
3246 3437 3303 3490 Ὀ
3371 3436 3465 3509 μὲν
3525 3436 3627 3511 γὰρ
3692 3437 3833 3491 ὑπο-

2167 3525 2363 3581 στάντα
2392 3527 2481 3580 τὸν
2516 3524 2798 3601 ἄνθρωπον
2832 3521 3120 3581 ἀναλαϐεῖν
3155 3525 3452 3593 Νεσκὸριος
3513 3525 3821 3601 ἐσοφίζετο,

2168 3616 2196 3670 6
2254 3612 2311 3669 δέ
2351 3615 2609 3687 οὐμενοῦν
2666 3616 3105 3691 προϋποστάντα,
3150 3615 3203 3670 ἐν
3263 3617 3437 3687 ἐαυτῷ
3494 3611 3554 3669 δῖε
3624 3620 3827 3671 τοῦτον

2170 3704 2571 3775 ὑποστήσαντα,
2629 3706 2726 3761 κᾶν
2785 3711 2865 3778 τῷ
2949 3706 3200 3780 ἀτρέπτῳ
3286 3704 3635 3777 μεμενηκότα
3717 3712 3826 3774 τῆς

2169 3795 2449 3864 θεότητος,
2497 3793 2717 3865 ἀληθῶς
2783 3791 3025 3870 γενέσθαι
3091 3794 3183 3849 καὶ
3252 3792 3565 3868 ἄνθρωπον.
3625 3798 3824 3871 Σαφῶς

2168 3881 2259 3938 οῦν
2309 3884 2400 3938 καὶ
2458 3882 2668 3956 ὁμοίως
2729 3881 3197 3957 διαπραττόμενος
3255 3884 3282 3938 ὁ
3350 3883 3496 3956 ἱερὸς
3543 3880 3828 3957 Κύριλλος

2165 3972 2257 4027 καὶ
2313 3971 2365 4027 ἐν
2406 3971 2473 4047 τῇ
2522 3973 2660 4048 πρὸς
2710 3973 3011 4028 Σούκενσον
3059 3970 3325 4046 ἐπιστολῇ
3373 3972 3436 4026 τὸ
3483 3968 3582 4027 δύο
3633 3973 3825 4049 φύσεις

2169 4060 2347 4135 λέγειν
2399 4058 2734 4136 ἀδιαιρέτους
2782 4062 2917 4134 μετὰ
2972 4062 3071 4131 τήν
3120 4060 3335 4130 ἕνωσιν,
3394 4061 3468 4133 μή
3532 4061 3823 4133 συνεπιφέ-

2169 4168 2329 4225 ροντα
2387 4152 2486 4219 τήν
2546 4152 2664 4206 καθ’
2715 4150 3005 4207 ὑπόστασιν
3064 4148 3280 4218 ἕνωσιν,
3345 4151 3643 4225 μάχεσθαι,
3702 4156 3822 4212 τοῖς

2170 4238 2294 4313 μίαν
2337 4242 2492 4317 φύσιν
2540 4244 2636 4296 τοῦ
2683 4241 2864 4317 Λόγου
2936 4241 3353 4316 σεσαρκωμένην
3423 4237 3817 4312 δογματίζουσί

2165 4349 2350 4407 φησιν.
2411 4330 2483 4383 Οὐ
2531 4330 2633 4404 γὰρ
2684 4330 2957 4405 αὐτάρκης
3013 4330 3190 4392 οὕτως
3251 4329 3529 4402 ἡμίτομος
3585 4331 3620 4396 ἡ
3664 4330 3814 4405 φωνή

2166 4417 2391 4493 ῥηθεῖσα
2419 4421 2463 4458 ⁸⁸
2495 4417 2769 4473 συνελθεῖν
2810 4419 2898 4473 καὶ
2949 4419 3326 4497 ὁμοφρονῆσαι
3374 4422 3489 4479 τοῖς
3543 4416 3675 4489 μίαν
3713 4416 3819 4495 «ρύ-

2166 4528 2247 4562 σιν
2290 4511 2385 4562 τοῦ
2435 4508 2610 4583 Λόγου
2656 4507 3072 4583 σεσαρκωμένην
3122 4507 3486 4582 κηρύττουσιν
3514 4507 3579 4562 ⁸⁷.
3633 4506 3695 4560 ΕΞ
3757 4502 3819 4558 δὲ

2165 4594 2260 4652 δύο
2306 4618 2388 4660 τις
2436 4597 2620 4675 φύσεις
2675 4596 3012 4674 ἀδιαιρέτους
3046 4596 3211 4653 εἰπὼν
3253 4589 3671 4669 συμπαραλάϐοι
3714 4593 3805 4646 καὶ

409 4684 949 4757 consentiaturque,
974 4686 1072 4757 qui
1098 4703 1273 4742 unam
1296 4687 1468 4743 Verbi
1500 4696 1763 4743 naturam
1794 4689 2057 4745 incarna-

2170 4689 2260 4757 τήν
2320 4689 2438 4742 καθ’
2497 4687 2789 4743 ὑπόστασιν
2848 4686 3059 4756 ἕνωσιν,
3132 4688 3312 4763 ὀρθῶς
3363 4708 3420 4742 τε
3495 4684 3582 4737 καὶ
3659 4681 3809 4737 2'31:-

410 4780 530 4833 tam
566 4778 794 4832 docent.
823 4776 980 4841 Quod
1025 4776 1074 4831 si
1116 4777 1243 4848 quis
1302 4793 1559 4844 rursum,
1595 4779 1740 4834 duas
1770 4778 2053 4836 indivisas

408 4872 652 4923 naturas
685 4881 971 4931 asserens,
1006 4864 1182 4921 addat
1212 4866 1388 4921 etiam
1418 4883 1429 4919 :
1461 4866 1762 4922 secundum
1791 4869 2052 4939 hyposta-

409 4959 573 5013 ticam
605 4958 882 5021 unionem,
945 4959 1095 5011 recte
1154 4959 1212 5011 et
1253 4954 1639 5027 pieloquetur,
1699 4956 2051 5030 habebitque

407 5046 683 5118 Cyrillum
707 5047 1175 5117 suffragatorem.
1200 5046 1309 5102 Sed
1341 5047 1573 5102 attende
1593 5050 1911 5103 extremam
1934 5048 2051 5119 epi-

2164 4773 2275 4842 ϐῶς
2333 4777 2462 4853 ἐρεῖ,
2519 4778 2610 4833 καὶ
2677 4776 2949 4852 Κύριλλον
3006 4777 3223 4851 εὑρήσει
3299 4777 3607 4850 ὁμόψηφον.
3699 4771 3817 4828 Καὶ

2162 4867 2389 4929 ἄκουσον
2449 4867 2586 4922 κατὰ
2640 4868 2702 4922 τὸ
2756 4863 2914 4929 τέλος
2979 4874 3081 4936 τῆς
3139 4865 3306 4937 αὐτῆς
3358 4864 3656 4933 ἐπιπολῆς
3725 4866 3821 4918 οἷα

2161 4954 2399 5031 διέξεισι.
2470 4958 2547 5014 Τὸ
2604 4954 2949 5030 ἀδιαιρέτως,
3039 4957 3199 5030 φησὶ,
3294 4955 3585 5026 προστεθὲν
3667 4950 3825 5008 δοκεῖ

2164 5049 2257 5120 μὲν
2318 5068 2434 5108 πως
2491 5048 2618 5121 παρ’
2675 5049 2811 5119 ἡμῖν
2880 5046 3049 5120 ὀρθῆς
3106 5045 3239 5100 εἶναι
3302 5042 3461 5117 δόξης
3543 5064 3823 5115 σημαντι·

403 5136 564 5191 stolae
623 5142 870 5207 partem,
923 5135 1427 5208 quemadmodum
1458 5135 1831 5192 ratiocinetur
1864 5154 1878 5193 :
1919 5137 2046 5205 Vox,

403 5224 614 5293 inquit,
646 5224 910 5287 indivise,
969 5226 1179 5296 adjecta
1210 5227 1426 5282 videtur
1466 5241 1577 5281 esse
1606 5230 1741 5282 nota
1770 5228 1919 5283 certa
1948 5244 2045 5284 no-

400 5319 525 5365 strae
555 5319 605 5367 et
635 5313 954 5370 orthodoxae
982 5316 1272 5370 sententia:
1291 5332 1313 5379 ;
1369 5314 1459 5371 sed
1492 5313 1585 5369 illi
1613 5329 1791 5370 vocem
1820 5330 1932 5370 non
1961 5317 2047 5371 ita

405 5400 753 5472 intelligunt.
786 5404 947 5467 Quod
970 5405 1020 5460 si
1044 5405 1125 5461 ita
1158 5414 1217 5460 ut
1246 5423 1351 5461 nos
1372 5423 1497 5462 eam
1522 5406 1866 5479 acciperent,
1894 5411 2045 5464 recte

1756 5532 2001 5589 VARME
2043 5532 2452 5589 LECTIONES.

1032 5626 1266 5705 “ﬂauam.
1302 5631 1361 5683 Β.
1396 5630 1469 5687 cf.
1503 5632 1575 5705 ad
1610 5646 1661 5701 p.
1694 5631 1783 5705 1_7.
1886 5632 1931 5666 “
1960 5625 2396 5705 léyonﬁilém

475 5625 522 5660 6!
577 5624 742 5660 mnum!-

475 5625 522 5660 δ’
576 5625 806 5697 σπορὲος
1032 5626 1078 5661 ⁸³
1110 5631 1266 5701 φῦσαι
1302 5631 1361 5683 Β.
1396 5630 1469 5687 cf.
1505 5632 1575 5685 ad
1610 5646 1661 5701 p.
1694 5631 1783 5685 17.
1886 5632 1931 5666 ⁶⁴
1960 5627 2110 5705 λέγοι
2142 5635 2184 5685 Β
2217 5646 2231 5685 :
2264 5625 2396 5702 λέγῃ

401 5697 433 5767 ἡ
470 5696 695 5771 ῥηθεῖσα
895 5697 941 5735 ⁸⁷
971 5694 1328 5770 κηρύττουσιν
1372 5705 1417 5754 Α
1451 5717 1464 5756 :
1499 5698 1924 5773 δογματίζουσιν
1966 5702 2049 5775 ς’.
2123 5702 2171 5738 ⁸⁸
2290 5719 2382 5758 an.
2414 5703 2451 5770 ἢ
2479 5700 2506 5756 ?

2158 5137 2272 5206 κὸν,
2341 5135 2493 5192 αὐτοὶ
2556 5133 2613 5191 δὲ
2671 5135 2783 5215 οὐχ
2838 5135 2980 5190 οὕτω
3028 5140 3273 5193 νοοῦσιν.
3324 5136 3486 5188 Ὥστε
3547 5134 3595 5187 εἰ
3638 5134 3827 5197 οὕτως

2158 5224 2367 5298 ἐνόουν,
2399 5223 2706 5301 όρθοδόξως
2754 5223 2817 5279 ἂν
2857 5220 3047 5301 ἔλεγον
3095 5224 3185 5279 καὶ
3216 5227 3283 5299 τῇ
3342 5220 3633 5297 Κυρίλλου
3681 5223 3831 5298 γνοῦο

2161 5338 2236 5391 μη
2290 5311 2624 5373 συνέϐαινον.
2673 5315 2829 5370 ’Ἐστι
2877 5314 2979 5388 γὰρ
3020 5313 3082 5368 τὸ
3130 5311 3435 5386 ἀδιαίρετον
3467 5312 3623 5383 αὐτῷ
3654 5310 3830 5383 δόξης

2157 5406 2319 5481 ὀρθῆς
2369 5410 2487 5469 τοῖς
2534 5403 2855 5459 συνάπτουσι
2904 5405 3003 5473 τήν
3042 5404 3229 5478 φωνην
3341 5403 3386 5438 ⁸⁸
3429 5405 3827 5457 συνεπινοοῦσι

2610 5630 2656 5665 ⁶⁸
2687 5628 2937 5702 priorem
2968 5627 3058 5681 καὶ
3116 5627 3247 5684 add.
3282 5630 3349 5683 Α.
3452 5624 3500 5660 ⁸⁸
3549 5624 3586 5693 ἡ
3647 5630 3829 5702 φωνὴ
