4154 6218
364 355 518 419 105⁸1

1465 348 2001 412 BlBLIO'l‘HEGA.
2049 381 2127 394 ου-
2170 351 2347 412 COD.
2392 350 2677 412 CCXXX.

3617 356 3767 416 1058

359 489 460 557 τῆς
490 488 606 542 καθ’
655 484 943 541 ὑπόστασιν
995 482 1262 554 ἱνώσεως,
1316 486 1434 546 τοῖς
1479 483 1771 557 αἱρετικοῖς
1821 479 1878 536 δὲ
1926 481 2006 536 δι-

2127 483 2432 554 sentirent,
2465 489 2521 540 et
2550 501 2681 540 cum
2716 484 2925 554 Cyrilto
2956 487 3372 555 consentirent,
3403 488 3562 561 apud
3593 505 3767 562 quem

363 573 703 648 εσπασμένον
735 573 782 609 ⁶⁹
810 572 902 628 καὶ
931 571 993 626 τὸ
1033 568 1364 644 ἀδιαίρετονο
1410 578 1510 640 τῆς
1539 573 1661 648 αγᾶρ
1710 572 1826 626 καθ’
1877 567 2016 626 ὑπό-

364 687 548 722 στασιν
600 664 846 724 ἓνώσεως
898 660 1028 716 αὑτὸ
1087 657 1485 738 διασχιζουσιν.
1538 660 1692 716 Οὕτω
1741 659 1789 715 δ’
1831 661 1890 715 ἃν
1926 658 2008 731 εἴη

365 753 718 831 μεμφόμενος
756 748 1005 812 καὶτοὺς
1029 747 1291 824 λέγοντας
1327 750 1420 822 μὶν
1455 745 1549 803 δύο
1600 749 1783 827 φύσεις
1832 746 2013 804 ἀδιαι-

363 842 701 918 ρὲτους,την
749 841 871 895 καθ’
923 840 1212 895 ὑπόστασιν
1261 836 1318 894 δὲ
1363 839 1440 910 μὴ
1501 837 2011 915 συνομολογοῦντας

362 931 571 989 ἕνωσιν·
640 931 912 1005 μάχονται
959 929 1062 1007 γάρ
1113 929 1187 983 ώι·
1236 925 1458 997 ἀληθῶς
1514 929 1663 983 οὗτοι
1719 933 1836 992 τοῖς
1883 928 2010 1000 μίαν

366 1023 523 1102 φύσιν
555 1023 820 1100 φρονοῦσι
849 1022 946 1074 τοῦ
979 1022 1112 1074 Θεοῦ
1151 1017 1331 1093 Λόγου
1381 1017 1819 1093 σεσαρκωμὲνην,
1876 1016 2010 1080 Τοὺς

369 1111 548 1186 μέντοι
615 1110 750 1183 μετά
838 1112 936 1164 τοῦ
999 1109 1168 1164 νενείν
1242 1105 1339 1162 δύο
1405 1106 1587 1184 φύσεις
1673 1104 2012 1181 ἀδιαιρέτους

362 1198 416 1257 ἄν
472 1205 542 1274 τῇ
599 1200 716 1255 καθ’
785 1199 1075 1254 ὑπόστασιν
1161 1198 1343 1252 ὲνώσει
1427 1199 1646 1272 θεωρεῖν
1743 1193 1855 1251 οὔτ’
1947 1196 2008 1251 ἂν

368 1288 697 1364 μεμψαίμην
765 1285 896 1362 ἐρεῖ,
985 1285 1168 1362 ὥσπερ
1227 1283 1353 1342 οὑδὲ
1432 1285 1560 1348 τούς
1649 1283 2009 1348 ἀνατολικούς

363 1381 432 1435 τά
483 1381 650 1453 ὅμοια
707 1377 967 1454 λέγοντας
1025 1377 1387 1453 ἐμεμψάμην,
1455 1375 1582 1432 ἀλλ’
1668 1375 1794 1432 οὕτε
1885 1376 2010 1450 ἐμοὶ

361 1467 614 1526 τάναντία
697 1469 828 1542 [454
929 1468 1020 1540 Η.]
1108 1471 1324 1545 φρονεῖν
1409 1463 1533 1522 οὕτε
1643 1463 2011 1542 διαμάχεσθαι

360 1559 497 1633 πρὸς
552 1558 656 1627 τήν
719 1557 847 1630 μίαν
904 1561 1006 1610 τοῦ
1084 1553 1266 1611 Λόλου
1351 1553 1510 1632 φύσιν
1594 1555 2008 1630 σεσαρκωμὲνην

363 1647 461 1704 οὐκ
491 1646 552 1702 ἃν
585 1644 958 1725 ψηφισαίμην.

436 1911 511 1968 Σὺ
569 1909 626 1966 δὶ
675 1931 769 1985 μοι
819 1908 1200 1965 συνδιασκόπει
1265 1907 1414 1971 ὅπως
1466 1905 1580 1963 οὔδ’
1623 1909 1659 1978 ἡ
1695 1907 1794 1980 μία
1849 1906 2009 1984 φύσις

360 2005 458 2058 τοῦ
507 1999 690 2076 Λόγου
737 1997 1150 2074 σεσαρκωμένη,
1200 1994 1394 2062 ἁπλῶς
1437 1995 1586 2053 οὕτω
1636 1993 2008 2073 προαγομένη,

364 2090 629 2164 οὐμενοῦν
704 2089 766 2144 τὸ
841 2087 1213 2158 ἀνεπίληπτον
1260 2085 1322 2142 οὐ
1384 2084 1660 2157 διασώζει.
1739 2088 1861 2160 [861
1917 2085 2010 2160 R.]

363 2180 596 2255 Λέγοιτο
625 2179 732 2255 γὰρ
785 2174 848 2232 ἂν
900 2177 1000 2251 μία
1038 2177 1194 2254 φύσις
1244 2180 1341 2230 τοὺ
1391 2176 1572 2251 Λόγου
1624 2173 2007 2249 σεσαρκωμένη

362 2269 451 2324 καὶ
484 2270 564 2331 οἷς
604 2266 818 2343 ἄψυχος
850 2269 885 2337 ἦ
919 2266 1337 2346 προσληφθεῖσα
1389 2267 1668 2340 νομίζεται
1718 2265 1866 2341 σάρξ,
1918 2262 2008 2319 καὶ

366 2360 445 2420 οἷς
474 2361 580 2413 τῶν
612 2355 973 2412 συνελθόντων
1007 2357 1041 2426 ἡ
1082 2355 1347 2432 σύγχυσις
1379 2351 1739 2423 δυσσεϐεῖται,
1780 2353 1871 2409 καὶ
1926 2353 2008 2415 οἷς

359 2449 394 2518 ἡ
423 2451 522 2503 τοῦ
571 2445 753 2523 Λόγου
802 2446 959 2522 φύσις
999 2443 1076 2506 εἰς
1123 2446 1296 2520 σάρκα
1344 2439 1734 2521 φρενοϐλαϐὦς
1784 2442 2009 2518 ἀναχεῖ-

356 2558 444 2594 ται
474 2537 544 2592 7°.
582 2537 642 2591 Ὀ
697 2532 754 2591 δὲ
807 2541 907 2604 τῆς
968 2530 1247 2607 ἀκριϐείας
1312 2531 1638 2595 διδάσκαλος
1704 2531 2007 2608 Κύριλλος,

359 2623 582 2682 ἕκαστον
630 2629 738 2680 τῶν
792 2625 1077 2698 αἱρετικῶν
1118 2623 1480 2702 φρονημάτων
1534 2623 1822 2697 ὁμοτίμως
1884 2619 2008 2698 βδε-

361 2713 721 2788 λυσσόμενος,
755 2711 844 2769 διὰ
872 2715 972 2784 τῆς
1021 2716 1183 2787 κοινῇ
1210 2715 1254 2750 τι
1300 2710 1667 2787 προκειμένης
1714 2719 1901 2789 φωνῆς
1947 2710 2009 2767 τὸ

363 2801 665 2878 ἀδιαίρετον
741 2803 837 2876 μὲν
897 2802 987 2858 καὶ
1055 2801 1367 2878 ἀσύγχυτον
1452 2805 1559 2857 τῶν
1646 2798 2011 2856 συνελθόντων

358 2889 682 2968 τρανολογεῖ
711 2891 942 2971 φύσεων,
975 2890 1255 2947 ἀπευθύνει
1314 2889 1371 2946 δὲ
1408 2890 1608 2962 ταύτην
1650 2885 1729 2946 ἔτι
1775 2890 2008 2964 μᾶλλον,

356 2981 456 3050 τήν
524 2982 942 3056 σεσαρκωμένην
1029 2980 1184 3057 φύσιν
1263 2979 1577 3055 ἐεῲυχῶσθαι
1658 2977 2006 3056 δογματίζων

359 3072 515 3144 ψυχῇ
547 3066 751 3146 λογικῇ
780 3089 839 3125 τε
867 3068 956 3124 καὶ
987 3073 1165 3144 νοερᾷ.
1198 3068 1291 3123 Διὸ
1321 3067 1411 3123 καὶ
1441 3067 1572 3130 τοὺς
1625 3065 2002 3137 ἀνατολικοὺς,

2126 572 2296 642 illud,
2318 571 2588 639 indivise,
2613 579 2764 632 recte
2786 574 3119 647 intelligunt
3145 575 3205 642 ii,
3227 579 3326 647 qui
3345 594 3540 634 vocem
3561 595 3768 634 secun-

2127 661 2261 718 dum
2294 662 2713 734 hypostaticam
2758 663 3034 720 unionem
3081 665 3402 736 accipiunt.
3469 667 3764 725 Haereticis

2121 755 2314 806 autem
2347 750 2520 807 etiam
2556 751 2874 808 indivisum
2905 755 2994 808 est
3022 752 3279 810 divisum
3313 771 3411 809 seu
3447 754 3764 821 divu!sum,

2126 838 2270 895 Nam
2302 839 2446 896 illud
2469 841 2659 910 ipsum
2683 843 3004 898 secundum
3031 841 3459 914 hypostaticam
3494 844 3768 900 unionem

2119 928 2405 985 divellunt
2429 929 2834 1002 dividuntque.
2868 930 2956 987 Ita
2984 948 3208 1003 quoque
3244 933 3637 1004 reprehendas
3665 950 3768 990 eos

2120 1017 2217 1088 qui
2243 1018 2392 1074 duas
2440 1018 2718 1076 indivisas
2750 1023 2992 1077 naturas
3024 1021 3365 1092 admittunt,
3400 1023 3499 1078 sed
3550 1028 3767 1094 negant

2121 1120 2218 1162 eas
2247 1107 2560 1163 secundum
2596 1107 3020 1181 hypostaticam
3057 1110 3332 1166 unionem
3378 1111 3757 1180 conjunctae;

2119 1211 2320 1251 revera
2347 1196 2500 1252 enim
2533 1197 2915 1253 adversantur
2944 1197 3017 1254 iis
3045 1198 3142 1268 qui
3173 1199 3403 1255 unicam
3457 1199 3558 1256 Dei
3589 1201 3760 1256 Verbi

2119 1289 2384 1340 naturam
2433 1287 2696 1342 sentiunt
2743 1302 2873 1341 esse
2931 1287 3310 1344 incarnatam.
3363 1288 3496 1344 Illos
3550 1295 3756 1360 tamen,

2119 1373 2330 1445 inquit,
2362 1390 2473 1431 non
2499 1375 2965 1446 reprehenderim,
2991 1376 3091 1447 qui
3111 1377 3251 1432 duas
3266 1380 3510 1449 professi
3529 1384 3758 1434 naturas

2116 1465 2177 1519 in
2205 1463 2546 1536 hypostatica
2592 1465 2796 1521 unione
2838 1465 3108 1522 indivisa:
3148 1465 3519 1533 considerant,
3550 1467 3634 1523 uti
3663 1484 3762 1524 nec

2119 1553 2427 1611 Orientales
2455 1557 2821 1624 coarguerim,
2855 1557 2954 1627 qui
2984 1556 3127 1613 idem
3155 1559 3421 1616 sentiunt.
3456 1558 3558 1614 Sed
3587 1573 3762 1631 neque

2117 1644 2214 1700 hos
2241 1649 2434 1701 contra
2464 1661 2551 1701 me
2581 1645 2790 1714 venire,
2824 1661 2995 1719 neque
3043 1663 3304 1719 pugnare
3348 1647 3608 1704 adversus
3654 1664 3760 1716 eos,

2118 1735 2214 1806 qui
2257 1751 2426 1791 unam
2463 1735 2619 1792 Verbi
2647 1739 2908 1792 naturam
2937 1735 3100 1792 aiunt
3133 1739 3483 1793 incarnatam
3511 1753 3766 1810 pronun-

2043 1808 2090 1876 Β
2124 1825 2340 1880 tiarim.

2189 1913 2298 1969 Sed
2333 1916 2393 1968 tu
2417 1929 2646 1970 mecum
2677 1913 2918 1987 dispice,
2955 1930 3061 1972 nec
3093 1932 3271 1972 unam
3322 1917 3558 1988 quidem
3582 1917 3757 1974 Verbi

2120 2007 2388 2058 naturam
2423 2002 2492 2070 (si
2523 2002 2604 2058 ita
2633 2003 2788 2059 nude
2817 2007 2874 2059 et
2893 2003 3236 2075 simpliciter
3271 2005 3549 2077 loquare),
3575 2005 3764 2063 incar-

2118 2097 2311 2146 natam
2343 2089 2467 2146 sine
2498 2090 2948 2163 reprehensione
2991 2092 3105 2148 dici
3137 2109 3326 2164 posse.
3380 2093 3524 2148 Nam
3557 2099 3614 2150 et
3643 2111 3758 2151 una

2117 2178 2290 2236 Verbi
2314 2187 2524 2236 natura
2555 2179 2860 2237 incarnata
2883 2179 3166 2238 diceretur
3195 2182 3266 2238 ab
3311 2181 3384 2238 iis
3414 2183 3512 2252 qui
3555 2186 3762 2254 putant

2120 2269 2504 2326 inanimatam
2563 2285 2800 2326 carnem
2855 2285 2978 2326 esse
3009 2278 3372 2342 assumptam
3408 2287 3422 2338 ;
3465 2274 3521 2326 et
3564 2271 3665 2342 qui
3697 2287 3763 2326 ex

2119 2359 2454 2416 coeuntium
2477 2358 2852 2429 permistione
2871 2359 3162 2431 [naturam
3193 2360 3576 2432 assumptam]
3603 2360 3756 2416 blas-

2120 2447 2400 2520 phemant
2429 2467 2445 2509 ;
2478 2456 2530 2505 et
2562 2447 2663 2520 qui
2694 2453 2966 2505 naturam
3007 2448 3176 2505 Verbi
3211 2448 3268 2504 in
3301 2465 3536 2504 carnem
3572 2454 3760 2506 muta-

2119 2542 2257 2606 tam,
2279 2537 2603 2594 insaniunt.
2628 2537 3114 2594 Accuratissimus
3135 2541 3330 2594 autem
3354 2539 3558 2594 doctor
3577 2537 3760 2610 Cyril-

2119 2625 2211 2684 lus
2239 2627 2500 2698 singulas
2531 2627 2718 2684 271!)
2752 2627 3158 2683 haereticorum
3191 2626 3406 2698 pariter
3430 2630 3764 2682 exsecratus

2119 2717 2464 2788 sententias,
2501 2733 2602 2788 per
2633 2732 2826 2772 vocem
2853 2715 2912 2771 in
2930 2716 3120 2771 modio
3141 2714 3414 2787 positam,
3439 2715 3580 2771 duas
3601 2719 3766 2771 natu-

2120 2823 2211 2862 ras
2237 2805 2317 2879 [in
2341 2802 3323 2875 Christu]concurrentesindivisas
3337 2808 3394 2858 et
3414 2802 3756 2860 inconfusas

2118 2893 2459 2966 planissime
2490 2895 2871 2949 demonstrat.
2908 2891 3141 2948 Reiellit
3163 2907 3334 2964 porro
3367 2891 3516 2946 hanc
3545 2891 3756 2963 magis,

2121 2985 2261 3039 dum
2285 2983 2453 3040 docet
2484 2987 2755 3038 naturam
2788 2981 3167 3046 incarnatam,
3201 2981 3397 3036 anima
3429 2981 3671 3036 rationis
3705 2984 3763 3036 et

2119 3070 2515 3143 intelligentiae
2550 3071 2717 3142 plena
2747 3069 2922 3126 fuisse
2951 3069 3294 3126 animatam.
3318 3071 3682 3140 Quapropter
3705 3071 3760 3123 et

359 3159 434 3221 ὡς
478 3156 755 3222 πολλάκις
813 3157 1047 3232 εἴρηται,
1097 3159 1299 3229 ταύτην
1355 3158 1450 3231 μὲν
1513 3157 1613 3226 τὴν
1667 3157 1852 3234 φωνὴν
1906 3155 2005 3210 οὐκ

2121 3161 2453 3229 Orientales,
2478 3161 2564 3216 uti
2587 3175 2737 3231 saepe
2751 3159 2973 3216 dictum
2996 3163 3104 3227 est,
3125 3158 3384 3230 quamvis
3399 3158 3546 3214 hanc
3560 3173 3758 3214 vocem

360 3247 633 3318 εἰπόντας,
693 3255 794 3318 τῆν
844 3245 902 3302 δὲ
951 3243 1385 3322 ἰσοδυναμοῦσαν
1433 3241 1928 3321 προϐαλλομένους
1959 3244 2005 3280 τε

359 3335 478 3410 (δύο
519 3338 625 3413 γὰρ
672 3336 855 3415 φύσεις
915 3338 1066 3392 εἷπον
1121 3331 1435 3412 πρεσϐεύειν
1480 3333 1531 3390 ἐν
1585 3338 1655 3408 τῇ
1695 3335 1812 3390 καθ’
1871 3331 2001 3388 ὑπό-

361 3447 540 3481 στασιν
592 3425 801 3500 ἑνώσει)
851 3426 940 3481 καῖ
987 3423 1129 3500 μηδὲ
1184 3426 1247 3480 τὸ
1313 3422 1652 3499 ἀδιαιρέτους
1692 3420 2002 3499 ἐπενεγκόν-

356 3536 451 3579 τας
511 3513 833 3591 ὀρθοδόξους
893 3515 1232 3590 ἀνεκήρυξεν·
1294 3515 1471 3570 καίτοι
1530 3535 1592 3588 γε
1652 3510 1770 3569 οὐδ’
1818 3512 2003 3575 αὐτοῖς

360 3605 567 3679 ῥήμασι
596 3607 660 3660 τὸ
689 3607 802 3660 καθ’
845 3604 1138 3660 ὑπόστασιν
1167 3599 1431 3680 ἔγραψαν,
1463 3601 1588 3659 ἀλλ’
1640 3602 1690 3676 ἐξ
1741 3603 1814 3657 ὧν
1857 3602 2005 3658 εἶπον

357 3691 449 3749 ἕνα
477 3694 688 3750 καὶτὸν
721 3693 879 3749 αὑτὸν
907 3692 1204 3769 ὁμολογεῖν
1250 3692 1342 3746 τὸν
1391 3691 1452 3747 ὲκ
1499 3692 1708 3766 Πατρὸς
1751 3691 2004 3766 ἆχρόνως

358 3781 676 3858 γεννηθέντα
706 3783 797 3838 καὶ
826 3782 885 3838 ἐκ
908 3789 1008 3853 τῆς
1041 3781 1311 3838 Θεοτόκου
1343 3781 1556 3856 Μαρίας
1602 3779 1682 3836 ἐπ’
1735 3780 2004 3856 ἐσχάτων,

359 3873 448 3928 καὶ
506 3874 599 3928 τὸν
663 3873 821 3928 αὐτὸν
881 3868 1192 3948 πρεσϐεύειν
1264 3872 1394 3928 Θεόν
1449 3892 1508 3926 τε
1543 3871 1635 3926 καὶ
1693 3871 2001 3947 ἄνθρωπον,

359 3963 451 4018 όίτε
496 3960 562 4032 δὴ
615 3960 895 4040 σύνδρρμα
943 3960 1104 4025 εῗδὼς
1133 3963 1202 4018 τὰ
1233 3961 1495 4038 εἰρημένα
1517 3965 1586 4036 τῇ
1616 3961 1736 4016 καθ’
1769 3960 2006 4016 ὑπόστα-

359 4063 439 4108 σιν
483 4053 668 4108 ἒνώσει
718 4057 896 4129 φωνῇ,
946 4050 1228 4126 ὁμοδοξεῖν
1280 4052 1437 4108 αὑτὸν
1481 4050 1662 4114 αὑτοῖς
1695 4053 2004 4128 περιφανῶς

358 4140 725 4216 ἐμαρτύρησε.

431 4322 530 4379 Δεῖ
559 4317 606 4376 δ’
637 4319 728 4376 οὗν
761 4319 957 4377 εἰδέναι
988 4322 1062 4385 ὡς
1087 4321 1138 4375 οἱ
1166 4322 1265 4390 τήν
1307 4321 1425 4374 καθ’
1476 4319 1765 4376 ὑπόστασιν
1811 4316 2002 4374 ἕνωσιν

2115 3266 2231 3306 non
2283 3251 2679 3322 pronuntient,
2713 3248 2886 3305 aliam
2919 3253 3112 3304 tamen
3151 3263 3276 3320 qua
3327 3247 3590 3304 eamdem
3645 3246 3760 3301 vim

2114 3338 2310 3409 habet,
2344 3343 2561 3410 ponant
2615 3338 2784 3409 (duas
2831 3338 2990 3393 enim
3023 3340 3264 3394 naturas
3295 3337 3353 3392 in
3397 3333 3756 3408 hypostatica

2114 3427 2329 3485 unione
2350 3445 2409 3484 se
2433 3427 2690 3485 venerari
2719 3428 3014 3495 dixerunt)
3035 3442 3222 3498 neque
3245 3440 3465 3492 vocem,
3488 3423 3761 3480 indivisa:

2115 3521 2398 3590 usurpent
2429 3518 2526 3590 [αἱ.
2587 3517 2905 3588 auferant],
2939 3519 3095 3573 recte
3153 3515 3372 3572 sentire
3421 3514 3758 3572 declaravit.

2115 3608 2262 3672 Quin
2297 3622 2485 3679 neque
2510 3607 2702 3664 verbis
2727 3606 2896 3679 ipsis,
2922 3605 3364 3660 illasecundum
3389 3603 3754 3676 bypostasin,

2114 3697 2176 3753 in
2207 3697 2444 3770 scriptis
2467 3698 2591 3752 suis
2621 3699 3032 3767 expresserunt
3064 3711 3078 3762 ;
3111 3695 3208 3750 sed
3232 3709 3303 3749 ex
3334 3693 3506 3748 dictis
3537 3693 3758 3762 quibus

2115 3803 2297 3843 unum
2331 3797 2386 3842 et
2415 3785 2680 3843 eumdem
2711 3800 2777 3840 ex
2809 3788 2978 3840 Patre
3008 3784 3080 3839 ab
3119 3787 3358 3849 aeterno,
3385 3785 3442 3837 et
3461 3797 3530 3836 ex
3582 3779 3767 3836 Maria

2117 3877 2216 3932 Dei
2246 3875 2531 3932 Genitrice
2551 3873 3149 3946 ultimistemporibus
3162 3876 3368 3928 natum
3388 3870 3765 3940 confitentur,

2116 3965 2506 4035 eumdemque
2543 3965 2724 4020 Deum
2757 3966 2814 4020 et
2866 3961 3170 4018 hominem
3199 3963 3553 4016 venerantur
3586 3975 3600 4025 ;
3635 3974 3761 4030 qua

2114 4054 2270 4110 dicta
2304 4070 2436 4109 cum
2493 4053 2716 4110 videret
2767 4052 3121 4124 respondere
3174 4048 3374 4107 unioni
3437 4049 3761 4106 secundum

2117 4143 2482 4216 hypostasin,
2504 4143 2682 4199 verbo
2714 4159 2775 4198 se
2807 4157 2939 4198 cum
2976 4141 3096 4196 illis
3128 4140 3345 4198 sentire
3396 4147 3590 4212 aperte
3625 4153 3766 4196 con-

2121 4237 2367 4290 testatus
2397 4236 2500 4288 est.

2189 4323 2505 4380 Sciendum
2525 4339 2707 4396 ergoa
2722 4321 3014 4388 Patribus,
3034 4321 3133 4394 qui
3148 4318 3578 4394 hypostaticam
3598 4317 3764 4374 unio-

359 4413 599 4474 εἰπόντες
654 4411 888 4486 Ιιατὲρες
945 4413 1104 4484 ἡμῶν
1157 4407 1254 4466 δύο
1317 4412 1480 4465 τινῶν
1531 4406 1756 4465 σύνοδον
1789 4409 1834 4446 ⁷³
1885 4409 2003 4464 καθ’

359 4501 380 4516 n
585 4500 638 4516 an
681 4501 692 4516 Ι
987 4499 1012 4516 κ
1046 4501 1060 4516 ο
1196 4499 1210 4516 Ι
1405 4506 1432 4516 .-
1641 4506 1669 4516 —
1755 4496 1779 4516 ἢ
1972 4497 1985 4516 Ι

2121 4430 2252 4471 nem
2285 4413 2648 4486 profitentur.
2692 4410 2799 4468 hac
2857 4427 3017 4482 voce,
3069 4411 3311 4466 duarum
3374 4407 3767 4481 quarumdam

355 4501 548 4559 ἕνωσιν
576 4500 935 4559 ἀδιάσπαστον
983 4499 1073 4557 διὰ
1115 4499 1319 4572 ταύτης
1366 4506 1466 4570 τῆς
1515 4506 1702 4580 φωνῆς
1751 4496 2006 4574 δογματίο

356 4599 563 4664 ζουσιν.
624 4591 669 4648 εἶ
737 4588 793 4647 δὲ
850 4589 1138 4666 ἆσύγχυτα
1171 4590 1239 4645 τά
1297 4587 1623 4645 συνελθόντα
1684 4590 2006 4664 μεμένηκεν,

357 4681 513 4740 οὖδὶν
564 4685 599 4754 ἡ
655 4681 984 4759 προκειμένη
1053 4681 1205 4761 φωνὴ
1255 4676 1651 4756 παραδίδωσιν.
1733 4679 2008 4742 Ὡσαύτως

353 4774 446 4828 καὶ
495 4773 555 4829 τὸ
607 4772 732 4846 μίαν
784 4771 941 4850 φύσιν
987 4774 1084 4827 τοῦ
1145 4770 1326 4844 Λόγου
1367 4767 1785 4846 σεσαρκωμὲνην
1827 4769 2006 4846 λέγειν

355 4864 435 4926 εἰς
481 4865 581 4933 τὴν
627 4862 796 4932 αὐτὴν
849 4863 942 4937 μὲν
994 4857 1200 4918 ἔννοιαν
1237 4859 1431 4938 σχεδὸν
1484 4862 1831 4937 ὑποφὲρεται,
1864 4881 2006 4935 παρ-

353 4951 686 5022 ελκυσθῆναι
737 4948 794 5007 δὲ
838 4951 1080 5014 πολλοῖς
1129 4952 1423 5025 αἱρετικοῖς
1473 4950 1609 5026 πρὸς
1649 4951 1712 5007 τὸ
1745 4949 2010 5026 βούλημα

351 5041 416 5098 τὸ
475 5039 661 5116 ῥᾴδιον
726 5039 1120 5115 ἐμπαρέχεται.
1176 5041 1336 5095 Ὥστε
1391 5039 1502 5114 οὐχ
1563 5037 1756 5101 ἁπλῶς
1839 5040 2004 5110 αὐτὴν

353 5128 742 5205 παραδεκτέον,
793 5127 921 5184 ἀλλ’
978 5129 1055 5192 ὡς
1098 5130 1126 5182 ὁ
1188 5128 1250 5184 ti
1298 5130 1414 5183 θεῖα
1488 5127 1654 5204 σοφὸς
1725 5127 2004 5206 ἐχρήσατο

352 5219 658 5296 Κύριλλος,
689 5217 933 5275 τουτέστι
964 5221 1118 5294 ψυχῇ
1151 5216 1355 5294 λογικῇ
1411 5237 1471 5274 τε
1535 5218 1624 5272 καὶ
1673 5220 1836 5291 νοερᾷ
1885 5237 2005 5272 συν-

353 5308 595 5366 άπτοντα
646 5306 1014 5385 ἐψυχωμένην
1063 5308 1132 5379 7‘,
1173 5307 1263 5363 καὶ
1315 5310 1422 5362 τῶν
1461 5305 1824 5363 συνελθόντων
1880 5325 2004 5360 συν-

352 5400 760 5475 ιπιθεωροῦντα
826 5398 888 5454 τὸ
964 5395 1292 5476 ἀσύγχυτον·
1346 5395 1506 5454 Οὕτω
1570 5399 1699 5471 γοῦν
1785 5394 2006 5471 ἑκατέρᾳ

2121 4508 2460 4560 naturarum
2491 4499 2969 4558 concurrentium
2997 4499 3348 4555 indivulsam
3375 4497 3652 4553 unionem
3680 4512 3773 4552 as-

2120 4591 2252 4649 seri.
2289 4591 2450 4658 Quod
2498 4591 2546 4647 si
2604 4595 2802 4647 autem
2836 4589 2964 4646 duae
2995 4588 3108 4645 illae
3167 4592 3386 4644 natura:
3445 4585 3768 4642 inconfusus

2119 4695 2510 4752 permansere,
2555 4677 2699 4734 nihil
2745 4677 3043 4750 proposita
3099 4692 3203 4733 vox
3263 4673 3536 4747 [veritati]
3569 4673 3766 4728 ofﬁcit.

2119 4769 2331 4828 Eodem
2379 4769 2550 4825 modo
2581 4782 2712 4824 cum
2756 4767 2990 4836 dicitur,
3028 4782 3207 4823 unam
3266 4763 3442 4820 Verbi
3491 4767 3765 4818 naturam

2118 4875 2242 4916 esse
2263 4859 2651 4926 incarnatam,
2683 4858 2952 4914 eumdem
2974 4858 3090 4914 fere
3111 4869 3354 4912 sensum
3390 4852 3585 4908 habet.
3621 4849 3768 4921 Rapi

2117 4957 2309 5005 autem
2359 4966 2390 5004 ιι
2439 4947 2642 5004 multis
2695 4946 2978 5004 haereticis
3033 4946 3143 5001 hoc
3172 4944 3244 5001 ad
3285 4943 3573 5012 cujusque
3604 4938 3768 4996 arbi-

2117 5039 2316 5106 trium,
2351 5053 2465 5093 non
2497 5041 2794 5110 negatur;
2857 5040 2921 5091 ut
2962 5034 3203 5108 proinde
3259 5048 3368 5088 vox
3426 5047 3544 5087 non
3585 5028 3661 5085 sit
3691 5027 3768 5084 ita

2114 5129 2272 5186 nude
2289 5128 2667 5200 acceptanda,
2685 5125 2789 5182 sed
2806 5123 3304 5196 quemadmodum
3319 5117 3567 5192 Cyrillus
3582 5132 3770 5174 rerum

2116 5218 2447 5275 divinarum
2473 5215 2665 5272 sciens
2688 5213 2849 5270 illam
2875 5212 3196 5284 usurpavit,
3222 5210 3326 5266 hoc
3345 5212 3456 5276 est,
3489 5211 3555 5264 ut
3583 5207 3770 5264 addas

2116 5306 2308 5364 anima
2340 5302 2608 5361 rationali
2640 5307 2696 5360 et
2727 5300 3073 5374 intelligenti
3105 5298 3392 5373 [carnem]
3419 5296 3768 5364 animatam,

2118 5400 2177 5452 et
2205 5394 2456 5451 duarum
2491 5396 2836 5450 naturarum
2880 5389 3241 5449 inconfusam
3296 5384 3768 5460 conjunctionem

1719 5517 1954 5576 VARI/ﬁ
1992 5515 2406 5574 LECTIONES.

427 5624 897 5704 ftatujrapphov
924 5626 1007 5704 ς’.
1084 5625 1134 5661 ⁷ο
1151 5622 1433 5700 ἀναχεῖται
1460 5627 1506 5687 Α
1538 5641 1552 5682 :
1585 5622 1866 5704 ἀπετράπη
1903 5623 1965 5700 ς·
1969 5662 1984 5680 .
2059 5624 2104 5662 τί
2136 5627 2326 5691 κοινῆς
2356 5623 2422 5680 Α.
2500 5619 2548 5657 ⁷³
2572 5621 2690 5679 imo
2719 5614 3193 5696 προϐαλομένους.
3271 5617 3317 5654 ⁷³
3337 5615 3472 5676 libri
3502 5611 3765 5673 συνόδων.

355 5700 407 5739 τι
431 5700 572 5762 libri
602 5697 965 5777 ιψυξωμινῃῑ
