4138 6228
460 358 613 417 1059

1655 350 1916 411 ΡΗΟΤΙΙ
1966 348 2487 409 ΡΑΤΗΙΑΒΟΗᾸΞ
2528 348 2647 408 CP.

3704 349 3861 409 1060

454 491 774 561 intelligas.
812 492 894 544 lta
925 504 1059 557 ergo
1092 490 1341 556 utraque
1371 502 1507 540 voce
1541 502 1651 539 non
1696 490 1965 540 accurate
1997 500 2090 539 ex-

2214 485 2367 557 φωνῇ
2401 488 2498 547 τῆς
2532 476 2807 554 ἀκριϐείας
2832 480 2929 535 οὐκ
2969 479 3385 547 ἐπιστατοὺσης,
3416 477 3469 532 ἓν
3508 474 3603 549 μὶν
3648 476 3867 548 δηλοῦ-

456 599 651 645 cussa,
688 596 857 633 unam
894 578 1127 646 quidem
1184 592 1490 646 personam
1525 576 1833 645 explicant,
1875 577 1969 629 sed
2007 576 2092 628 in-

455 672 758 727 confusum
795 669 1041 721 dmrum
1079 672 1420 720 naturarum
1472 681 1815 719 concursum
1851 682 1964 720 non
1998 681 2095 719 ex-

452 760 707 830 planant.
745 757 991 811 Rursum
1029 756 1127 826 qui
1179 757 1325 809 duas
1363 761 1600 811 naturas
1660 756 1943 809 indivisas
1972 761 2092 809 tra-

451 850 613 913 dunt,
643 848 699 901 id
748 848 988 917 quidem
1021 847 1173 917 quod
1221 854 1307 900 est
1348 846 1718 900 inconfusum
1753 862 2092 917 exposuere,

453 938 549 993 sed
589 952 764 991 unam
798 952 927 990 esse
978 951 1286 1006 personam
1324 940 1421 989 aut
1473 936 1813 1005 hypostasin
1848 953 1958 989 non
1995 936 2093 989 de-

451 1027 756 1081 claravere.
809 1029 879 1079 Ut
914 1024 1183 1093 proindre
1215 1024 1290 1078 sit
1322 1040 1558 1078 necesse
1586 1032 1655 1077 ab
1710 1024 1779 1078 iis
1816 1024 1912 1094 qui
1946 1025 2093 1080 duas

454 1120 690 1170 naturas
721 1114 1005 1168 indivisas
1049 1114 1411 1182 proﬁtentur,
1466 1118 1563 1167 aut
1597 1114 1857 1183 adjungi,
1883 1131 2091 1168 secun-

451 1206 589 1259 dum
625 1203 1049 1275 hypostalicam
1081 1202 1352 1257 unionem
1390 1220 1401 1262 :
1441 1207 1543 1256 aut
1578 1220 1748 1257 unam
1782 1202 1955 1257 Verbi
1988 1221 2089 1258 na-

453 1303 641 1349 turam
676 1309 803 1347 esse
842 1293 1225 1355 incarnatam,
1260 1294 1359 1345 aut
1389 1292 1660 1345 eumdem
1696 1290 1869 1345 simul
1906 1291 2089 1346 Deum

449 1399 576 1439 esse
606 1389 661 1437 et
692 1381 1012 1435 hominem.
1078 1381 1314 1450 Absque
1359 1380 1541 1435 altero
1594 1380 1744 1434 enim
1779 1381 2090 1451 dictorum,

449 1489 553 1527 vox
594 1470 910 1542 proposita,
954 1474 1013 1523 ut
1042 1469 1447 1538 imperfectum
1484 1470 1622 1539 quid
1668 1471 1802 1539 jure
1833 1486 1971 1525 sane
2003 1486 2091 1525 re-

412 1558 415 1563 ’
451 1562 865 1632 prehendatur.
895 1561 1021 1614 Haec
1044 1564 1097 1613 et
1132 1560 1219 1613 his
1253 1560 1499 1621 genuina
1524 1576 1653 1613 cum
1686 1565 1888 1615 auctor
1908 1560 2092 1631 expli-

450 1654 655 1717 casset,
690 1650 915 1719 adjecta
936 1652 1003 1704 ad
1036 1648 1401 1703 concordiam
1430 1650 1794 1721 [ineundam]
1827 1650 2095 1706 adhorta-

455 1739 628 1803 tione,
664 1738 811 1793 libro
846 1738 980 1793 huic
1016 1738 1285 1809 presenti
1321 1738 1493 1792 tinem
1529 1737 1796 1808 imponit.

523 1828 731 1892 Quinta
764 1829 1033 1899 deinceps
1065 1827 1246 1881 oratio
1281 1828 1539 1898 disputat
1570 1833 1771 1883 contra
1805 1828 1955 1895 illos,
1991 1829 2089 1898 qui
2121 1814 2167 1879 Β

454 1917 705 1973 humatio
738 1916 971 1987 ingenio
1022 1917 1213 1971 278a
1260 1916 1646 1971 Christianam
1704 1917 1875 1972 fidem
1927 1934 2087 1972 com-

453 2005 731 2077 prehendi
768 2023 932 2075 posse
984 2005 1353 2060 existimant:
1414 2005 1470 2058 in
1504 2021 1618 2075 quo
1675 2005 1766 2076 pie
1798 2006 2087 2077 planeque

457 2097 647 2149 divine
681 2095 1144 2167 philosophatur,
1190 2099 1362 2165 atque
1395 2094 1617 2149 dicendi
1653 2096 1871 2150 ratione
1921 2095 2093 2150 Chri-

457 2186 705 2238 stianam
766 2183 1102 2252 religionem
1150 2195 1360 2238 certam
1392 2184 1663 2252 ostendit,
1698 2185 1963 2254 quodque
1994 2185 2091 2241 illa

455 2274 828 2342 potissimum
856 2272 1121 2342 sequitur
1149 2273 1423 2343 praedicat
1458 2290 1470 2341 ;
1504 2277 1559 2327 et
1607 2274 1772 2327 docet
1811 2276 2084 2344 quemad-

456 2362 694 2416 modum
748 2362 1165 2433 prOprietatum
1224 2362 1558 2417 differentia:
1600 2363 1657 2417 in
1698 2364 1865 2419 nobis
1898 2368 2092 2435 aperte

452 2448 741 2504 distinctae
774 2450 913 2516 sint,
941 2451 1157 2521 quibus
1190 2452 1336 2505 alter
1365 2451 1435 2505 ab
1466 2450 1643 2506 altero
1671 2451 1879 2517 dillert,
1916 2458 2090 2507 nota:-

451 2555 564 2609 que
587 2538 908 2609 singulares
938 2542 1180 2595 alterius
1212 2540 1466 2610 alicujus
1496 2556 1754 2611 persona:
1779 2542 2095 2613 pr0prieta-

451 2633 538 2682 tes
562 2628 883 2699 [individuo
928 2628 1013 2685 illi
1053 2630 1399 2702 assignent],
1433 2647 1775 2687 communes
1804 2633 1925 2686 fieri
1962 2649 2094 2703 pro-

450 2716 711 2773 hibeant.
750 2719 812 2773 In
875 2728 1073 2774 sancta
1132 2724 1325 2775 autem
1377 2720 1657 2776 Trinitate
1717 2721 2092 2794 preprietates

452 2813 689 2863 manent
745 2808 1167 2877 immutabiles,
1199 2815 1259 2864 et
1317 2826 1417 2880 per
1446 2809 1758 2865 indivisam
1816 2811 2089 2866 unionem

447 2898 826 2968 copulantur;
861 2915 1111 2969 cumque
1144 2900 1219 2953 sit
1251 2914 1364 2954 una
1398 2916 1777 2971 personarum
1815 2900 2091 2972 putentia,

446 2986 663 3042 habent
697 2992 891 3041 tamen
924 2988 982 3042 in
1022 2989 1149 3058 ipsa
1190 2988 1514 3043 dill‘erentia
1546 2989 1800 3043 divinam
1837 2997 1887 3044 et
1929 2989 2088 3043 inex-

448 3076 1022 3145 plicabileminterse
1046 3078 1536 3147 conjunctionem,
1562 3080 1884 3134 secundum
1912 3096 2087 3148 quam

448 3129 507 3216 in
544 3164 702 3217 Patre
737 3165 934 3232 Filius,
969 3170 1023 3218 et
1054 3129 1219 3220 Ρριὲτ
1250 3167 1304 3220 in
1346 3129 1592 3233 Filio,’et
1616 3168 1790 3223 Filius
1826 3169 1880 3221 in
1916 3129 2091 3224 tam
2120 3129 2171 3196 Ο

452 3254 507 3305 et
538 3252 755 3321 Spiritu
815 3260 1035 3314 sancto,
1071 3258 1127 3307 et
1178 3254 1425 3323 Spiritus
1466 3261 1698 3310 sanctus
1748 3256 1806 3310 in
1842 3257 1981 3311 Filio
2034 3261 2091 3312 et

454 3342 620 3395 Patre
643 3343 1034 3411 cognoscitur,
1059 3344 1469 3412 conjunctione
1494 3346 1706 3415 ubique
1726 3346 2086 3413 dominante,

454 3446 639 3500 neque
670 3430 984 3485 indivisum
1018 3431 1075 3485 in
1119 3433 1575 3501 proprietatibus
1615 3443 1942 3506 scparanle.
1981 3436 2087 3490 Sed

449 3520 605 3576 aliud
639 3521 887 3576 estEsse
920 3538 1208 3594 suprema:
1239 3522 1566 3593 Trinitatis,
1602 3524 1762 3579 aliud
1798 3531 2085 3581 nostrum.

452 3613 513 3665 In
547 3610 833 3666 Triuitate
859 3611 970 3666 Ens
1000 3616 1087 3665 est
1117 3629 1299 3683 supra
1330 3614 1468 3668 Esse
1502 3630 1516 3679 ;
1554 3618 1610 3668 at
1641 3619 1907 3670 nostrum
1950 3616 2088 3672 Esse

450 3715 639 3770 neque
671 3701 899 3771 proprie
930 3705 1046 3755 Ens
1079 3706 1188 3760 est.
1224 3703 1521 3767 Quomodo
1554 3704 1706 3759 enim
1757 3704 1832 3759 sit
1866 3705 2087 3775 preprie

450 3788 563 3844 Ens
616 3791 764 3860 quod
800 3808 833 3844 a
865 3806 974 3845 non
1027 3792 1170 3846 Ente
1226 3792 1543 3857 descendit,
1577 3797 1633 3849 et
1690 3794 1848 3865 quod
1880 3800 2089 3851 natura

453 3896 561 3934 sua
591 3879 649 3933 in
686 3896 799 3933 non
857 3881 970 3934 Ens
1004 3880 1218 3935 desinit
1255 3885 1283 3936 ⁸2
1321 3882 1666 3953 Quanquam
1698 3902 1728 3938 ει
1782 3885 2086 3940 Conditore

453 3986 555 4024 suo
583 3968 690 4023 hoc
733 3985 833 4040 per
863 3986 1119 4025 amorem
1151 3970 1368 4027 honore
1400 3978 1455 4027 et
1511 3989 1752 4031 munere
1784 3976 2085 4045 dignatum

447 4064 551 4127 est,
587 4064 649 4113 ut
681 4062 756 4113 sit
796 4077 1044 4130 semper,
1076 4067 1132 4115 et
1163 4062 1657 4119 immortalitatem
1721 4073 2084 4135 assequatur.

443 4154 594 4202 Deus
632 4149 809 4219 igitur
842 4150 1007 4203 nobis
1041 4155 1124 4205 est
1162 4166 1331 4218 unus,
1365 4161 1418 4206 et
1449 4153 1705 4207 Trinitas
1725 4154 1846 4225 [seu
1872 4154 2085 4227 trinus]

442 4240 811 4307 cognoscitur
846 4241 972 4293 fons
1008 4240 1251 4295 infinitae
1272 4251 1321 4296 et
1350 4241 1844 4312 incomprehensw
1866 4245 2088 4315 sapien-

442 4327 554 4391 tiae,
598 4334 649 4381 et
683 4346 808 4399 quae
834 4332 1179 4394 sanctificat,
1204 4330 1460 4385 virtutis.
1489 4332 1653 4387 Unde
1688 4350 1839 4387 unus
1862 4335 2009 4388 Deus
2032 4338 2087 4388 et

440 4414 743 4483 Dominus,
794 4424 849 4472 et
881 4436 1000 4486 rex,
1046 4429 1097 4474 et
1130 4418 1254 4489 ipse
1288 4420 1458 4474 Pater
1488 4424 1597 4485 est,
1632 4429 1683 4474 et
1719 4422 2083 4490 perfeCIionis

438 4504 660 4559 auctrix
694 4506 1007 4576 Sapientia,
1041 4514 1096 4563 et
1130 4509 1321 4564 Virtus
1356 4510 1541 4564 sancti
1573 4510 1845 4580 Spiritus.
1876 4511 2085 4565 Indivi-

439 4609 537 4647 sus
567 4593 721 4647 enim
757 4594 941 4664 Pater,
975 4615 1005 4650 a
1055 4615 1157 4652 sua
1189 4598 1371 4669 ipsius
1422 4598 1727 4671 sapientia,
1760 4604 1817 4654 et
1872 4601 2088 4656 virtute

437 4684 866 4738 sanetilicantis
898 4685 1167 4754 Spiritus,
1204 4688 1259 4741 in
1299 4705 1413 4742 una
1468 4698 1677 4743 natura
1734 4690 2085 4761 adorandus,

442 4792 543 4831 nec
575 4776 628 4830 in
659 4791 836 4831 unum
865 4780 1037 4847 atque
1061 4792 1239 4833 unum
1270 4778 1452 4833 Deum
1483 4780 1853 4845 dividendus,
1886 4798 2086 4851 quem-

438 4866 753 4921 admodum
800 4868 857 4922 in
902 4868 1095 4933 nobis,
1127 4870 1224 4938 qui
1259 4868 1794 4925 incommunicabili
1830 4871 2089 4941 proprie-

437 4959 624 5013 tatum
676 4957 1015 5013 discrimine
1046 4963 1101 5012 et
1147 4958 1468 5013 differentia
1499 4958 1851 5029 operationis
1880 4961 2086 5015 distin-

439 5048 746 5114 guimuret
778 5064 1133 5119 separamur,
1160 5053 1393 5119 totaque
1424 5049 1705 5105 divisione
1737 5049 1807 5104 ab
1839 5049 2085 5105 invicem

440 5151 540 5202 per
576 5137 958 5193 differentiam
1022 5138 1430 5195 subsistimus.
1466 5142 1825 5211 Quapropter
1857 5157 1969 5194 non
2002 5149 2087 5196 est

440 5219 499 5273 in
532 5222 649 5290 illa,
684 5234 744 5278 ut
778 5224 835 5279 in
870 5226 1040 5281 nobis
1073 5228 1413 5295 dicendum,
1452 5228 1559 5283 hoc
1592 5228 1767 5297 hujus
1816 5244 1945 5283 esse
1976 5230 2084 5299 pri-

442 5319 623 5375 mum,
657 5317 755 5367 aut
777 5313 928 5370 aliud
963 5313 1141 5385 hujus
1175 5320 1493 5374 secundum
1529 5324 1630 5374 aut
1661 5318 1909 5374 tertium.
1945 5318 2083 5376 Uni-

2207 595 2257 626 σι
2290 572 2351 627 τὸ
2382 573 2695 647 πρόσωπον,
2726 576 2832 626 τῶν
2866 569 2924 625 δὲ
2953 569 3317 625 συνελθόντων
3363 570 3424 623 οὐ
3463 568 3864 643 τρανολογοῦσι

2202 663 2265 717 τὸ
2296 661 2617 737 ἀσύγχυτον.
2668 660 2840 717 Πάλιν
2881 662 2932 715 οἱ
2984 659 3079 715 δύο
3112 661 3295 736 φύσεις
3326 656 3666 732 ἀδιαιρέτους
3699 658 3861 729 δοεά-

2206 756 2386 818 ζοντες
2449 750 2510 802 τὸ
2573 750 2665 822 μὲν
2726 749 3030 823 ἀσὺγχυτον
3082 746 3467 821 διετράνωσαν,
3506 748 3560 801 ’ἐν
3615 746 3676 801 δὲ.
3724 747 3861 802 εἶναι

2202 840 2264 893 τὸ
2296 840 2587 912 πρόσωπον
2617 841 2739 909 ἢτοι
2772 840 2868 905 τήν
2902 838 3189 892 ὑπόστασιν
3251 837 3311 892 οὐ
3372 834 3859 911 συνδιετράνωσαν,

2205 928 2341 984 ὥστε
2393 927 2475 982 δεῖ
2520 928 2608 982 καὶ
2657 928 2783 991 τοὺς
2834 925 2929 982 δύο
2978 928 3165 1004 φύσεις
3213 925 3554 1000 ἀδιαιρέτους
3597 926 3858 1001 λέγοντας

2202 1020 2235 1087 ἢ
2270 1020 2367 1087 τήν
2402 1022 2520 1073 καθ’
2553 1019 2839 1073 ὑπόστασιν
2870 1017 3241 1072 ἐπισυνάπτειν
3280 1014 3470 1071 ἕνωσιν
3566 1018 3666 1084 τὴν
3720 1018 3857 1089 μίαν

2203 1108 2359 1183 φύσιν
2390 1107 2487 1161 τοῦ
2522 1109 2701 1181 Λόγου
2734 1113 3153 1181 σεσαρκωμενην
3182 1108 3217 1174 ἢ
3250 1107 3341 1161 τὸν
3390 1104 3553 1159 αὑτὸν
3604 1106 3732 1160 Θεόν
3791 1127 3859 1161 τε

2203 1197 2293 1250 καὶ
2353 1194 2651 1270 ἄνθρωπον·
2712 1196 2838 1251 ἄνευ
2893 1198 2996 1273 γὰρ
3056 1197 3169 1257 ἑνὸς
3225 1201 3334 1250 τῶν
3404 1196 3709 1271 εἱρημένων
3784 1196 3857 1251 τὸ

2202 1285 2389 1347 ἀτελὲς
2442 1289 2475 1355 ἡ
2518 1288 2669 1363 φωνή
2744 1281 3175 1360 προϐαλλομένη
3239 1283 3460 1346 δικαίως
3522 1285 3581 1339 ἃν
3640 1284 3860 1361 διελὶγ-

2202 1395 2387 1451 χοιτο.
2455 1378 2633 1432 Ταῦτα
2682 1375 2769 1430 καὶ
2818 1376 2887 1431 τὰ
2928 1377 3143 1437 τούτοις
3190 1372 3359 1448 ὅμοια
3415 1371 3763 1443 διεληλυθὼς
3831 1377 3862 1431 ὁ

3714 1466 3860 1537 πρὸς

2204 1556 2461 1628 ὁμόνοιαν
2522 1552 2869 1626 καταϐαλὼν,
2926 1556 3013 1611 κοὶ
3070 1556 3163 1610 τὸν
3223 1556 3460 1628 παρόντα
3526 1552 3858 1611 διαναπαύει

2204 1467 2552 1540 συγγραφεὺς,
2639 1466 2728 1529 καὶ
2808 1467 3121 1540 παραίνεσιν
3197 1464 3616 1537 παρακαλοῦσαν

2205 1644 2391 1719 λόγον.

2270 1832 2329 1884 Ὀ
2388 1825 2445 1881 δὲ
2502 1827 2688 1905 ἐφεξῆς
2752 1826 2897 1899 αὑτῷ
2946 1826 3109 1901 λόγος
3168 1829 3304 1902 πρὸς
3379 1829 3507 1887 τοὺς
3558 1826 3849 1901 οἰομένους

2198 1916 2557 1993 ἀνθρωπίναις
2639 1915 2903 1980 ἐπινοίαις
2986 1916 3237 1972 δύνασθαι
3291 1917 3393 1983 τήν
3471 1916 3651 1985 ἀληθῆ
3733 1923 3850 1971 τῶν

2200 2011 2530 2080 Χριστιανῶν
2580 2002 2909 2061 ὑποϐάλλειν
2969 2005 3253 2080 θεολογίαν
3312 2004 3618 2080 διαλέγεται
3652 2026 3664 2038 ο
3696 2005 3749 2059 ἐν
3792 2008 3847 2078 ᾧ

2198 2097 2323 2169 [455
2385 2098 2472 2169 ll]
2532 2094 2865 2171 θεολογήσας
2931 2091 3185 2163 εὐσεϐῶς,
3245 2094 3334 2149 καὶ
3393 2095 3619 2171 κρείττω
3656 2095 3847 2165 πάσης

2198 2186 2600 2261 ἐπιτεχνήσεως
2658 2187 2745 2240 καὶ
2805 2193 2905 2255 τῆς
2950 2185 3008 2240 ἐκ
3049 2184 3229 2258 λόγων
3288 2186 3485 2263 σοφίας
3538 2185 3638 2251 τὴν
3692 2186 3854 2259 παρὰ

2198 2281 2541 2348 Χριστιανοῖς
2575 2272 2995 2347 ἀποδειξάμενος
3027 2273 3341 2349 θεολογίαν,
3389 2276 3478 2329 καὶ
3535 2274 3598 2329 τὸ
3646 2272 3855 2347 ἱξῇρη·

2204 2366 2361 2438 μενον
2415 2364 2581 2434 αὐτῆς
2629 2364 2962 2437 ἀνυμνήσας,
3016 2359 3373 2436 διαλαμϐάνει
3423 2364 3499 2425 ὡς
3550 2362 3629 2439 ἐφ’
3686 2366 3855 2434 ἡμῶν

2206 2455 2301 2527 μὲν
2338 2454 2392 2507 αἱ
2423 2458 2529 2507 τῶν
2564 2450 2880 2527 ἲδιωμάτων
2912 2451 3165 2528 διαφοραὶ
3217 2458 3459 2532 φανερῶς
3507 2450 3857 2522 διεστήκασι,

2200 2542 2762 2598 ·θ”’ν”’λλ·ίλ
2880 2541 2903 2561 ‘
3406 2544 3517 2581 τ’
3660 2563 3737 2577 ’δ’

2203 2567 2265 2599 κα
2352 2567 2410 2605 α..
2444 2566 2517 2598 απ
2576 2565 2605 2598 α
2712 2588 2721 2614 ,
2772 2566 2845 2597 ων
2876 2545 3284 2617 διακρινόμεθα,
3334 2564 3421 2597 κα.
3467 2564 3531 2598 τα
3574 2564 3861 2617 χαρακτη-

2205 2635 2416 2708 ριστικὰ
2447 2641 2545 2703 τῆς
2577 2655 2723 2696 τινος
2758 2634 3101 2696 ὑποστάσεως
3134 2635 3357 2705 θατέρας
3409 2632 3509 2686 οὐκ
3558 2630 3682 2685 οἶδε
3730 2653 3857 2686 κοι-

2200 2728 2439 2779 νοποιεῖν
2500 2720 2790 2795 ἰδιώματα,
2851 2722 2937 2776 ἐπὶ
2998 2720 3054 2777 δὲ
3126 2729 3224 2791 τῆς
3284 2720 3435 2794 ἁγίας
3488 2717 3731 2793 Τριάδος
3803 2722 3855 2775 αἱ

2202 2812 2471 2882 ἰδιότητες
2520 2812 2758 2879 ἀκίνητοι
2814 2815 2941 2885 [864
3005 2814 3096 2884 R.]
3174 2810 3428 2884 μένουσαι
3488 2809 3853 2865 συνάπτονταί

2200 2923 2340 2970 πως,
2384 2899 2471 2954 διὰ
2501 2904 2600 2965 τῆς
2623 2898 2929 2973 ἀδιαιρέτου
2963 2900 3205 2960 ὲνώσεως
3236 2899 3325 2953 καὶ
3357 2898 3407 2934 ⁷⁵
3436 2899 3497 2953 τὸ
3534 2897 3658 2971 μίαν
3703 2898 3852 2952 εἶναι

2199 2994 2306 3046 τὼν
2369 2990 2711 3045 ὑποστάσεων
2767 2990 2865 3059 τήν
2934 2989 3203 3063 ἐνέργειαν
3274 2987 3535 3056 πλείστην
3619 2983 3857 3061 ἔχουσαι

2199 3082 2294 3136 κάν
2344 3086 2411 3155 τῇ
2462 3078 2724 3155 διακρίσει
2781 3080 2880 3148 τήν
2932 3080 3114 3149 Θεϊκήν
3162 3099 3218 3133 τε
3266 3079 3355 3132 καὶ
3414 3076 3655 3151 ἐίρῥητον
3714 3078 3857 3151 πρὸς

2200 3168 2454 3240 ἀλλήλας
2507 3171 2809 3246 συνάφειαι),
2869 3170 2986 3222 καθ’
3036 3170 3098 3237 ἢν
3150 3171 3194 3205 7‘
3242 3169 3366 3228 Υἱὸς
3415 3166 3467 3221 ἐν
3529 3168 3699 3237 Harp?
3760 3166 3856 3221 καὶ

2198 3260 2386 3331 Πατὴρ
2437 3257 2486 3312 ἐν
2532 3258 2641 3330 Υίῴ
2685 3258 2774 3311 καὶ
2826 3257 2949 3319 Υἱὸς
2994 3254 3046 3310 ἐν
3098 3255 3267 3330 Πατρὶ
3317 3256 3404 3309 καὶ
3448 3255 3723 3325 ΙΙνεῦματι
3760 3257 3852 3309 καὶ

2198 3353 2418 3420 Πνεῦμα
2466 3346 2518 3401 ἐν
2574 3349 2683 3419 Υίῴ
2734 3346 2823 3400 καί
2874 3346 3037 3419 Πατρὶ
3089 3348 3395 3421 θεωρεῖται,
3426 3351 3529 3411 τῆς
3561 3343 3853 3422 συναφείας

2198 3436 2533 3511 πανταχόθεν
2588 3435 2981 3511 ἐπικρατούσης
3030 3436 3119 3489 καὶ
3155 3432 3287 3507 μηδ’
3330 3434 3380 3487 ἐν
3419 3439 3537 3495 τοῖς
3581 3431 3852 3503 ὶδιώμασι

2197 3524 2634 3598 καινοτομοὺσης
2681 3526 2741 3581 τὸ
2786 3522 3109 3597 ἀδιαίρετον.
3162 3523 3266 3579 Καὶ
3325 3520 3391 3592 δὴ
3447 3524 3535 3576 καὶ
3591 3522 3658 3577 τὸ
3716 3524 3851 3576 εἶναι

2199 3612 2339 3669 ἄλλο
2372 3614 2423 3669 τί
2464 3613 2605 3669 ἐστιν
2640 3612 2726 3668 ἐπὶ
2766 3620 2865 3682 τῆς
2906 3610 3240 3686 ὑπεραρχίου
3294 3608 3525 3685 Τριάδος
3578 3611 3673 3664 καὶ
3711 3609 3856 3665 ἄλλο

2198 3702 2249 3758 ἐν
2296 3706 2432 3775 ἡμῖν
2460 3725 2472 3737 ο
2524 3702 2637 3758 ἐκεῖ
2666 3702 2762 3775 μὲν
2807 3704 2908 3776 γὰρ
2944 3703 3007 3757 τὸ
3056 3700 3115 3755 ὃν
3158 3701 3288 3772 ὑπὲρ
3328 3701 3391 3753 τὸ
3435 3701 3589 3767 εἶναι,
3624 3700 3857 3754 ἐνταῦθα

2199 3792 2254 3848 δὲ
2286 3791 2409 3848 οὐδὲ
2439 3794 2639 3867 κυρίως
2670 3789 2750 3847 ὅν.
2784 3797 2911 3853 Πῶς
2940 3791 3043 3865 γὰρ
3092 3788 3151 3845 ἂν
3186 3790 3269 3860 εἴη
3319 3791 3529 3863 κυρίως
3570 3788 3631 3841 ὃν
3688 3789 3753 3843 τὸ
3798 3788 3857 3842 ἐκ

2201 3886 2276 3958 μὴ
2310 3880 2480 3938 ὄντων
2513 3883 2888 3958 παρηγμένον,
2920 3880 3009 3935 καὶ
3040 3879 3115 3941 είς
3147 3880 3208 3933 τὸ
3243 3881 3319 3951 μὴ
3355 3876 3417 3931 ὃν
3448 3882 3516 3950 τῇ
3572 3898 3639 3952 γε
3683 3877 3859 3947 οἰκείᾳ

2198 3974 2348 4051 φύσει
2404 3971 2691 4047 ὑπορρέον,
2737 3972 2779 4026 εἰ
2822 3970 2909 4026 καὶ
2962 3968 3139 4044 δῶρον
3180 3967 3555 4043 ἐφιλοτιμήθη
3599 3971 3699 4022 τοῦ
3744 3978 3858 4037 Δη-

2202 4068 2463 4137 μιουργοῦ
2514 4062 2591 4118 είς
2638 4063 2700 4115 τὸ
2748 4062 2830 4116 ἀεὶ
2882 4060 3013 4114 εἶναι
3058 4059 3147 4113 καὶ
3194 4057 3270 4119 είς
3323 4057 3628 4134 ἀφθαρσίαν
3661 4054 3855 4111 ἀναϐι-

2198 4149 2448 4222 ϐαζεσθαι
2476 4173 2488 4219 ;
2523 4154 2652 4212 θεὸς
2685 4150 2775 4206 οὖν
2807 4153 2943 4222 ἡμῖν
2978 4150 3119 4205 ἐστιν
3153 4150 3234 4210 εἷς
3265 4148 3308 4184 7⁷
3358 4149 3447 4202 καὶ
3494 4147 3664 4221 Τριᾶς
3716 4149 3859 4201 θεω-

2199 4243 2480 4316 ρούμενος,
2531 4242 2684 4315 πηγὴ
2737 4241 3023 4315 τυγχάνων
3074 4238 3434 4312 ἀπερινοήτου
3506 4239 3703 4313 σοφίας
3760 4234 3856 4289 καὶ

2197 4333 2509 4406 ἁγιαστικῆς
2568 4328 2869 4401 δυνάμεως.
2938 4330 3100 4385 ’Όθεν
3170 4329 3251 4389 εἷς
3308 4324 3436 4388 Θεὸς
3490 4325 3583 4379 καί
3654 4327 3855 4397 Κύριος

2194 4424 2281 4476 καί
2317 4420 2589 4495 βασιλεὺς,
2628 4419 2791 4480 αὐτός
2822 4440 2875 4475 τε
2918 4420 2946 4473 ὁ
2976 4419 3027 4455 ⁷⁸
3049 4420 3241 4491 Πατῆρ
3290 4417 3380 4472 καὶ
3430 4419 3463 4484 ἡ
3508 4415 3861 4478 τελειοποιὸς

2198 4510 2358 4587 σοφία
2406 4510 2569 4565 αὐτοῦ
2607 4508 2696 4565 καὶ
2753 4512 2786 4579 ἡ
2852 4510 3136 4585 ἁγιαστικὴ
3190 4505 3440 4580 δύναμις.
3513 4502 3859 4576 ’Δδιαίρετος

2197 4602 2296 4674 γᾶρ
2356 4600 2383 4652 ὁ
2446 4601 2630 4672 ΙΙατὴρ
2680 4600 2817 4671 πρός
2874 4620 2932 4653 τε
2985 4601 3084 4667 τήν
3132 4598 3325 4651 ἑαυτοῦ
3373 4595 3559 4671 σοφίαν
3609 4593 3695 4646 καί
3737 4592 3852 4658 τὴν

2199 4690 2513 4763 ἀγιαστικήν
2579 4685 2829 4761 δύναμιν,
2873 4688 2927 4742 ἐν
2988 4692 3085 4760 μιᾷ
3152 4680 3843 4765 φὺσειπροσκυνοὺμενος,

2199 4778 2295 4835 οὑκ
2346 4779 2421 4843 εἷς
2464 4775 2553 4833 ἕνα
2609 4780 2698 4834 καὶ
2748 4776 2838 4833 ’ἕνα
2889 4778 3249 4852 μεριζόμενος
3298 4779 3451 4847 Θεὸν,
3489 4774 3724 4844 καθάπερ
3764 4772 3858 4849 ἐφ’

2198 4871 2378 4942 ἡμῶν,
2407 4866 2460 4923 ο’ί
2494 4873 2574 4940 τῷ
2605 4868 2962 4941 ἀκοινωνήτῳ
2984 4872 3089 4921 τῶν
3126 4865 3447 4940 ἰδιωμάτων
3474 4865 3564 4919 καὶ
3594 4868 3674 4933 τῷ
3722 4860 3860 4917 δια-

2196 4960 2351 5039 φόρῳ
2382 4966 2481 5028 τῆς
2523 4958 2792 5035 ἐνεργείας
2849 4957 3179 5033 μεριζόμεθά
3228 4978 3287 5011 τε
3331 4956 3420 5012 καὶ
3466 4954 3856 5029 διαιροόμιθα,

2195 5050 2285 5103 καί
2316 5055 2383 5123 τῇ
2418 5048 2489 5103 δι’
2514 5048 2649 5103 ὅλου
2674 5052 2819 5121 τομῇ
2851 5050 2952 5115 τήν
2984 5046 3123 5122 πρὸς
3147 5045 3432 5116 ἀλλήλους
3464 5042 3727 5123 διαφορὰν
3764 5043 3867 5120 2')?-

2200 5138 2477 5213 ιστάμεθα.
2516 5138 2610 5192 Διὸ
2641 5135 2767 5193 οὐδὲ
2798 5133 2942 5193 ἔστιν
2974 5137 3163 5203 εἰπεῖν,
3197 5136 3381 5209 ὥσπερ
3408 5134 3489 5213 ἐφ’
3530 5138 3717 5207 ἡμῶν,
3768 5132 3863 5188 οὓ-

2195 5249 2272 5281 τω
2304 5229 2392 5283 καί
2434 5227 2516 5283 ἐπ’
2545 5225 2679 5297 αὑτῆ
2692 5249 2734 5296 ς,
2768 5229 2852 5282 ὅτι
2878 5224 3001 5281 τόδε
3032 5224 3191 5282 τοῦδε
3221 5228 3268 5264 ⁷³
3295 5229 3514 5295 πρῶτον
3536 5226 3586 5260 ⁸ο
3614 5225 3649 5293 ἦ
3680 5222 3870 5278 Exciso

2199 5316 2359 5373 τοῦδε
2391 5315 2639 5393 δεύτερον
2670 5316 2705 5385 ἢ
2738 5316 2937 5391 τρίτον.
2975 5317 3151 5378 Μονὰς
3183 5317 3287 5393 γὰρ
3327 5314 3552 5386 ἀληθῶς
3593 5316 3631 5382 ἠ
3661 5312 3872 5387 Τριᾶς,

1797 5519 2032 5577 VARI/ﬁ
2090 5520 2480 5578 LECTIONES

514 5688 559 5724 ⁷⁵
588 5691 648 5746 τὸ
682 5690 877 5750 malim
908 5695 1012 5762 τῷ.
1088 5698 1133 5729 ⁷⁸
1164 5698 1227 5765 ἢν
1258 5703 1303 5755 Α
1338 5718 1349 5754 :
1384 5700 1443 5768 ἢν
1479 5700 1505 5752 ὁ
1697 5702 1737 5735 ⁷⁷
1772 5702 1869 5774 εἰς]
1899 5702 2035 5776 πρός
2060 5708 2124 5761 Α.
2205 5705 2246 5739 ⁷³⁷
2278 5703 2305 5756 ὁ
2329 5704 2460 5760 add.
2487 5703 2558 5761 A.
2634 5704 2679 5739 τ’
2699 5699 2895 5759 τούτου
3088 5702 3533 5778 "agitagit!!!
3558 5701 3874 5776 πρότερον.
