4138 6228
314 366 465 427 1061

1406 363 1952 428 BlBLIOTHECA.
2000 398 2075 413 -—
2119 366 2294 429 COD.
2340 364 2611 426 CCXXX.

3571 364 3724 426 1062

320 498 414 553 καὶ
450 498 672 571 τριὰςή
729 495 931 561 Μονὰς,
992 491 1115 551 οὸτε
1176 493 1318 552 διότι
1362 498 1553 571 μονὰς,
1611 498 1711 566 τήν
1763 496 1969 575 Τριάδα

2092 507 2172 556 las
2197 499 2349 556 enim
2381 516 2510 556 vere
2540 502 2625 554 est
2655 498 2931 562 Trinitas,
2965 504 3022 553 et
3048 498 3302 554 Trinitas
3352 498 3579 556 Unitas.
3610 500 3727 556 Nec

322 585 717 657 συστέλλουσα,
750 581 871 640 οὔτε
912 582 1050 640 διότι
1082 586 1273 660 Τριάς,
1304 587 1405 655 τήν
1436 583 1660 642 Μονάδα
1682 587 1727 624 8‘
1753 586 1977 662 τέμνου-

325 696 430 731 σα*
493 672 619 730 οὐδὲ
676 676 780 753 γὰρ
818 676 881 730 τὸ
937 674 992 729 ’ἐν
1025 676 1111 730 ἐπὶ
1172 683 1272 744 τῆς
1331 677 1477 737 θείας
1511 676 1693 739 οὐσίας
1752 677 1826 740 ὡς
1886 677 1973 732 ἐπὶ

317 771 428 821 τῶν
455 764 777 838 κτισμάτων
831 768 1093 837 νοοῦμεν,
1126 766 1252 839 παρ’
1305 767 1391 828 οἷς
1423 761 1547 820 οὐδὲ
1576 767 1639 821 τὸ
1688 765 1891 841 κυρίως
1921 766 1976 822 ἓν

325 854 438 911 ἔστι
484 858 778 929 θεωρῆσαι.
812 856 892 911 Οὐ
921 854 1025 931 γάρ
1052 856 1113 909 τὸ
1140 854 1196 909 ἓν
1216 854 1439 929 ἀριθμῷ
1470 854 1551 934 ἐφ’
1581 858 1743 928 ἡμῶν
1770 856 1861 911 καὶ
1891 877 1980 911 κυ-

324 946 457 1020 ρίως
488 942 569 1001 ἓν.
614 943 717 1001 Καὶ
750 945 855 1020 γάρ
908 943 972 998 τὸ
1001 943 1087 1021 ἐφ’
1117 946 1281 1015 ἡμῶν
1334 944 1633 1019 λεγόμενον
1662 943 1718 999 ’ἐν
1773 945 1835 1000 οὐ
1883 967 1975 1001 κυ-

327 1034 457 1108 ρίως
513 1033 587 1105 ἓν,
630 1031 776 1089 ἄλλά
830 1054 881 1088 τι
936 1031 1014 1089 ἓν.
1062 1037 1236 1090 Τοῦτο
1270 1029 1327 1087 δὲ
1377 1029 1516 1089 ἓντὲ
1568 1033 1678 1089 ἐστι
1738 1035 1827 1089 καὶ
1870 1035 1977 1109 οὐχ

322 1124 397 1193 ἓν,
468 1120 562 1179 ἅτε
620 1121 686 1191 δὴ
747 1122 839 1178 καὶ
894 1127 990 1177 τοῦ
1060 1123 1180 1185 ἑνὸς
1244 1123 1406 1201 φέρον
1467 1124 1566 1192 τήν
1625 1124 1826 1192 κλῆσιν
1884 1124 1973 1178 καὶ

322 1214 457 1288 πρὸς
489 1213 551 1268 τὸ
582 1210 770 1267 πολλὰ
799 1212 932 1267 εἶναι
964 1212 1347 1286 μεριζόμενος.

400 1392 461 1448 Εἰ
495 1391 549 1448 δὲ
577 1393 667 1447 καὶ
718 1393 792 1455 ὡς
824 1396 948 1447 νοῦν
982 1392 1034 1446 οἱ
1094 1390 1346 1469 θεολόγοι
1376 1393 1439 1447 τὸ
1468 1392 1522 1447 ἓν
1562 1392 1649 1447 ἐπὶ
1680 1399 1781 1462 τῆς
1828 1392 1971 1453 θείας

329 1484 561 1554 ὑμνοῦσι
600 1482 834 1559 φύσεως,
894 1479 1041 1561 ama:
1098 1478 1187 1536 διὰ
1247 1482 1420 1553 μόνην
1479 1482 1579 1551 τήν
1637 1480 1816 1551 ἀπαθῆ
1875 1484 1973 1536 τοῦ

327 1571 507 1645 Λόγου
563 1569 810 1646 γίννησιν
887 1574 1054 1624 τοῦτο
1127 1565 1669 1643 παραλαμϐάνουσιν.
1729 1571 1797 1627 Ἠ
1866 1570 1971 1645 γὰρ

329 1655 557 1728 εὖσεὸἢς
590 1653 769 1714 ἔννοια
814 1659 1034 1727 καὶτῆς
1080 1663 1176 1714 τοῦ
1205 1663 1302 1715 νοῦ
1349 1659 1559 1738 ιρόσεως
1611 1656 1970 1734 ὑπεριδρυμὲ-

326 1771 429 1821 νην
461 1747 712 1822 θεολογεῖ
738 1749 785 1785 ⁸²
820 1750 922 1818 τήν
968 1746 1221 1817 θεότητα.
1256 1750 1352 1804 Καὶ
1403 1750 1503 1824 γάρ
1553 1748 1645 1803 καὶ
1694 1747 1832 1803 κατά
1882 1748 1975 1802 τὸν

2086 589 2226 663 quia
2255 589 2449 644 unitas
2478 592 2587 653 est,
2622 588 2835 643 idcirco
2877 585 3170 642 contrahit
3201 587 3544 644 Trinitatem
3572 608 3587 657 ;
3622 605 3727 645 nec

2087 682 2226 752 quia
2254 678 2529 745 Trinitas,
2555 676 2761 733 dividit
2794 675 3102 732 Unitatem.
3135 677 3326 747 Neque
3356 679 3512 733 enim
3554 695 3733 733 unum

2086 768 2145 825 in
2170 769 2369 825 divina
2401 768 2757 835 substantia,
2786 769 2927 822 utin
2957 769 3124 823 rebus
3146 768 3353 823 creatis
3385 767 3731 839 accipimus,

2085 861 2143 915 in
2195 858 2408 931 quibus
2439 875 2546 915 nec
2577 875 2747 914 unum
2789 858 3021 930 proprie
3067 862 3156 913 est
3212 856 3556 928 intelligere.
3615 857 3731 913 Nec

2086 950 2239 1004 enim
2284 964 2467 1005 unum
2507 964 2747 1004 numero
2804 949 2861 1002 in
2914 947 3083 1002 nobis
3113 947 3289 1002 etiam
3350 946 3581 1019 proprie
3639 949 3727 1002 est

2086 1054 2269 1093 unum
2307 1056 2321 1106 ;
2359 1054 2493 1092 nam
2529 1037 2683 1108 quod
2714 1037 2770 1091 in
2804 1036 2973 1091 nobis
2993 1036 3208 1091 dicitur
3250 1052 3457 1104 unum,
3491 1051 3605 1091 non
3640 1039 3728 1091 est

2084 1128 2316 1200 proprie
2349 1144 2547 1196 unum,
2582 1128 2680 1182 sed
2700 1125 2917 1197 aliquid
2946 1141 3164 1180 unum:
3197 1125 3301 1182 hoc
3324 1129 3514 1181 autem
3543 1141 3726 1180 unum

2083 1222 2193 1284 est,
2238 1222 2293 1273 et
2361 1233 2475 1272 non
2533 1231 2738 1282 unum,
2803 1214 2991 1271 218b
3047 1218 3247 1286 utpote
3298 1215 3453 1286 quod
3514 1213 3730 1269 habeat

2083 1323 2295 1362 nomen
2328 1322 2495 1370 unus,
2524 1309 2580 1362 et
2609 1304 2801 1376 reipsa
2852 1305 2911 1359 in
2954 1302 3136 1359 multa
3168 1303 3476 1358 dividatur.

2154 1397 2397 1463 Quando
2428 1402 2626 1451 autem
2655 1394 2910 1465 theologi
2941 1394 3199 1450 divinam
3234 1398 3503 1449 naturam
3540 1411 3724 1451 unum

2082 1486 2225 1558 quid
2251 1502 2381 1542 esse
2414 1486 2746 1553 przedicant,
2781 1488 2845 1539 ut
2873 1488 3152 1553 mentem,
3183 1484 3240 1539 id
3274 1488 3507 1555 propter
3536 1483 3722 1541 solam

2081 1576 2336 1632 divinam
2369 1574 2540 1630 Verbi
2574 1591 2674 1630 seu
2725 1573 3106 1645 impatibilem
3149 1574 3580 1644 generationem
3640 1574 3719 1629 fa-

2080 1667 2262 1720 ciunt.
2285 1664 2432 1720 Nam
2456 1669 2611 1720 recta
2640 1664 2843 1735 piaque
2864 1663 3154 1719 sententia
3171 1663 3526 1719 divinitatem
3550 1678 3722 1732 supra

2079 1758 2351 1809 naturam
2384 1753 2595 1809 mentis
2620 1753 2939 1824 [humanae]
2969 1752 3308 1809 collocatam
3351 1754 3441 1825 pie
3492 1751 3719 1808 asserit.

328 1843 454 1893 νοῦν
499 1836 766 1906 ταυτότης
812 1838 1000 1911 ὁρᾶται
1046 1837 1138 1892 καὶ
1189 1837 1462 1914 ἑτερότης,
1522 1837 1736 1910 κίνησίς
1783 1858 1841 1892 τε
1888 1836 1977 1892 καὶ

2092 1843 2364 1899 [dentitas
2394 1842 2549 1899 enim
2583 1843 2757 1899 etiam
2789 1841 2848 1897 in
2883 1846 3076 1898 mente
3110 1846 3425 1913 spectatur,
3468 1842 3728 1913 itemque

328 1927 535 1996 στάσις,
594 1926 685 1981 καὶ
745 1932 847 1996 τῆς
906 1923 1146 1997 διπλόης
1202 1925 1479 1988 παντελῶς
1539 1925 1637 1981 οὐκ
1687 1924 1975 1999 ἐξίσταται,

328 2015 476 2071 ἀλλὰ
525 2015 707 2077 στάσις
759 2015 853 2090 μὲν
885 2014 1032 2086 αὐτῷ
1078 2012 1167 2070 διὰ
1207 2017 1308 2085 τὴν
1356 2022 1457 2086 τῆς
1497 2015 1681 2078 οὐσίας
1731 2015 1977 2089 ἐνορᾶται

325 2104 653 2175 ταυτότητα,
686 2105 941 2179 ἑτερότης
973 2102 1030 2160 δὲ
1065 2103 1155 2159 καὶ
1186 2103 1400 2175 κίνησις
1444 2102 1534 2160 διὰ
1571 2106 1670 2174 τήν
1720 2104 1975 2174 0113:5506-

328 2216 443 2250 σιον
478 2195 659 2269 ὁρμήν
696 2196 790 2249 καὶ
847 2192 1121 2269 ἐνέργειαν
1153 2210 1168 2226 ⁶
1233 2194 1295 2250 οὗ
1343 2195 1442 2270 γάρ
1502 2193 1614 2251 ἐστι
1666 2195 1863 2250 ταύτὸν
1919 2194 1974 2249 ’ἐν

327 2284 507 2341 εἰπεῖν
567 2285 659 2340 καὶ
725 2286 862 2359 μετᾶ
915 2288 1015 2351 τῆς
1071 2286 1211 2361 πρὸς
1270 2288 1398 2357 [456
1456 2289 1548 2360 Η.]
1606 2284 1763 2360 ἕτερα
1802 2305 1979 2359 παρα-

327 2375 527 2435 θέσεως
565 2371 645 2429 ἓν.
679 2374 835 2431 Ὅθεν
897 2372 943 2428 εί
1000 2372 1091 2429 καὶ
1123 2375 1199 2435 εἷς
1256 2378 1336 2445 τῷ
1394 2372 1734 2447 ὑποκειμένῳ
1780 2372 1979 2447 τυγχά-

327 2484 429 2533 νει,
464 2462 612 2519 ἆλλὰ
656 2463 797 2517 νοῶν
849 2463 1035 2517 ἑαυτὸν
1075 2462 1168 2517 καὶ
1212 2464 1299 2542 ὑφ’
1347 2463 1540 2518 ἑαυτοῦ
1579 2462 1979 2540 γινωσκόμενος

330 2553 440 2608 ἀνθ’
496 2552 674 2608 άπλοῦ
722 2549 957 2615 διπλοῦς
1006 2550 1409 2610 ἀποδείκνυται.
1458 2555 1656 2628 ⁸Οπερ,
1707 2552 1795 2608 καὶ
1836 2550 1887 2608 εἷ’
1927 2573 1974 2606 τι

335 2643 555 2715 ὅμοιον,
604 2646 701 2697 τοῦ
757 2641 962 2717 κυρίως
993 2641 1112 2703 ἑνὸς
1167 2642 1257 2697 καὶ
1310 2646 1409 2708 τῆς
1472 2641 1737 2717 μακαρίας
1770 2642 1977 2720 φύσεως

339 2730 620 2793 παντελῶς
674 2730 1074 2806 ἠλλοτρίωται.
1130 2732 1333 2807 Διόπερ
1394 2731 1491 2787 οὐκ
1537 2728 1680 2788 ἔστιν
1733 2730 1857 2787 οὐδὲ
1901 2735 1980 2803 τῷ

330 2818 554 2895 ἀριθμῷ
607 2817 664 2874 ’ἐν
712 2819 747 2889 ἢ
809 2820 883 2881 ὡς
940 2819 1090 2893 ἀρχῆ
1130 2819 1389 2896 ἀριθμοῦ,
1448 2818 1572 2875 οὐδὲ
1630 2820 1706 2884 ὡς
1762 2820 1982 2895 μὲγεθος

328 2911 366 2980 ἢ
399 2909 476 2971 ὡς
528 2909 679 2983 ἆρχὴ
742 2904 1019 2983 μεγέθουςο
1079 2911 1257 2980 πάσης
1298 2910 1405 2986 γὰρ
1461 2910 1769 2980 ποσότητος
1800 2910 1846 2945 ⁸³
1893 2909 1981 2964 καὶ

336 3001 536 3075 μέρους
564 2999 653 3054 καὶ
703 2998 999 3062 συνθέσεως
1047 2997 1416 3074 ὑπερίδρυται.
1460 2997 1618 3057 Ἀλλ’
1652 2999 1696 3054 εί
1743 2995 1825 3053 δεῖ
1851 2997 1985 3073 θαρ-

333 3089 577 3165 ῥήσαντα
615 3089 806 3156 εἰπεῖν,
850 3086 904 3143 ἓν
956 3088 1065 3143 ἐστι
1111 3089 1173 3144 τὸ
1211 3094 1364 3145 Θεῖον
1412 3089 1549 3145 κατά
1583 3090 1683 3159 τὴν
1726 3086 1982 3161 ἁπλότη-

2088 1932 2417 2000 diversitas,
2450 1936 2509 1987 et
2531 1936 2725 1987 motus
2756 1936 2814 1988 et
2842 1931 3029 2003 quies,
3053 1946 3156 1986 nec
3181 1933 3420 1986 omnino
3434 1936 3591 1988 caret
3619 1932 3727 1986 du-

2090 2021 2366 2095 plicitate.
2391 2020 2505 2078 Sed
2527 2022 2693 2092 quies
2708 2020 2945 2092 quidem
2969 2021 3027 2076 in
3052 2021 3180 2090 ipsa
3201 2026 3436 2093 propter
3457 2020 3730 2077 essentia

2087 2112 2449 2168 identitatem
2482 2115 2781 2182 spectatur
2813 2127 2827 2166 :
2860 2110 3167 2166 diversitas
3196 2115 3392 2165 autem
3426 2118 3481 2165 et
3508 2114 3727 2178 motus,

2088 2206 2321 2273 propter
2341 2198 2664 2256 naturalem
2686 2199 2803 2256 vim
2832 2205 2890 2255 et
2909 2200 3326 2271 operationem.
3349 2198 3549 2271 Neque
3570 2197 3728 2254 enim

2087 2295 2176 2345 est
2203 2289 2359 2345 idem
2394 2290 2584 2345 dicere
2605 2306 2787 2345 unum
2813 2288 2935 2361 [per
2964 2289 3050 2360 se]
3072 2292 3129 2345 et
3150 2305 3327 2343 unum
3360 2293 3629 2360 respectu
3652 2285 3732 2341 al-

2088 2381 2287 2437 terius.
2340 2378 2501 2436 Unde
2550 2379 2820 2451 quamvis
2878 2395 3034 2435 unus
3100 2378 3175 2435 sit
3218 2378 3500 2449 subjecto,
3532 2382 3731 2457 ta.men

2090 2474 2321 2540 quando
2352 2470 2607 2541 seipsum
2667 2469 3018 2538 considerat,
3064 2472 3122 2524 et
3162 2469 3430 2524 noscitur
3477 2484 3510 2523 a
3540 2467 3733 2535 seipso

2090 2576 2193 2631 pro
2219 2576 2335 2614 uno
2354 2567 2405 2615 et
2429 2557 2679 2627 simplici
2713 2558 2928 2629 duplex
2951 2574 3077 2613 esse
3100 2557 3381 2629 probatur
3407 2574 3421 2625 ;
3442 2556 3597 2627 quod
3623 2553 3731 2609 etsi

2092 2649 2228 2720 quid
2264 2647 2455 2703 simile
2488 2646 2659 2703 habet
2706 2645 2880 2718 [σκιὴ]
2916 2646 3141 2717 preprie
3199 2644 3442 2717 [tamen]
3472 2643 3543 2699 ab
3590 2658 3730 2710 uno,

2091 2742 2147 2795 et
2180 2755 2212 2793 a
2261 2738 2432 2792 beata
2466 2736 2611 2809 [Dei]
2640 2744 2853 2791 natura
2887 2751 3125 2805 prorsus
3155 2733 3412 2789 alienum
3444 2737 3549 2788 est.
3585 2730 3733 2788 Hinc

2093 2845 2282 2901 neque
2325 2844 2566 2884 numero
2600 2843 2780 2883 unum
2816 2830 2923 2893 est,
2976 2830 3075 2882 aut
3116 2828 3181 2880 ut
3239 2823 3590 2895 principium
3624 2837 3731 2878 nu-

2094 2918 2286 2985 meri;
2348 2934 2535 2991 neque
2593 2921 2657 2972 ut
2723 2915 3087 2988 magnitudo,
3126 2913 3214 2969 vel
3256 2921 3314 2969 ut
3374 2912 3730 2984 principium

2096 3006 2540 3079 magnitudinis,
2555 3021 2786 3061 omnem
2800 3004 2956 3059 enim
2975 3002 3435 3075 magnitudinem
3451 3008 3506 3057 et
3521 3006 3737 3075 partem

2096 3105 2150 3152 et
2190 3097 2673 3168 compositionem
2721 3095 2918 3150 vincit.
2975 3098 3039 3148 Et
3070 3093 3115 3150 si
3166 3096 3251 3149 fas
3284 3091 3527 3148 liberius
3559 3091 3736 3163 loqui,

331 3199 398 3233 τα
425 3186 528 3248 τῆς
561 3177 857 3251 ὑπάρξεως,
890 3178 999 3254 οὐχ
1028 3179 1104 3243 ὡς
1139 3178 1197 3233 ’ἐν
1243 3180 1552 3255 τριώνυμον
1600 3178 1979 3252 θεωρούμενον

2094 3203 2276 3243 unum
2310 3191 2400 3241 est
2420 3185 2693 3240 divinitas
2716 3183 3041 3239 secundum
3062 3181 3502 3254 simplicitatem
3533 3196 3735 3237 essen-

335 3269 371 3338 ἢ
404 3268 481 3330 είς
518 3267 656 3342 μέρη
708 3265 1087 3343 διαιρούμενον
1119 3269 1154 3337 ἢ
1206 3267 1265 3323 ἐκ
1288 3266 1556 3323 πλειόνων
1605 3266 1976 3344 συγκείμενον

336 3357 578 3434 ἅρῥητον
635 3358 741 3433 γάρ
797 3356 906 3413 ἐστι
960 3357 1053 3412 καὶ
1113 3357 1562 3431 ἀκατονόμαστον
1609 3362 1772 3414 τοῦτο
1801 3358 1862 3413 τὸ
1901 3357 1980 3428 ἓν,

336 3449 466 3521 [865
506 3448 599 3521 [1.]
630 3446 745 3501 ἐπεὶ
775 3444 866 3502 καί
896 3445 1063 3501 αὐτοῦ
1110 3451 1209 3501 τοῦ
1239 3447 1357 3505 ὶνός
1398 3446 1538 3503 ἐστιν
1567 3447 1763 3517 αἷίτιον,
1803 3448 1982 3518 πάσης

331 3536 524 3601 ἓνάδος
555 3540 807 3595 ἑνοποιὸν
852 3540 946 3595 καὶ
978 3541 1175 3602 παντὸς
1218 3539 1335 3603 ἑνὸς
1380 3542 1467 3596 καὶ
1519 3541 1768 3611 πλήθους
1820 3541 1983 3615 ὑπερ-

331 3629 707 3703 απλούμενον,
755 3627 843 3685 διὰ
897 3629 962 3685 τὸ
1017 3628 1220 3706 κυρίως
1272 3629 1328 3685 ’ἐν
1386 3629 1515 3685 εἶναι
1565 3630 1655 3685 καὶ
1713 3630 1766 3684 ἐν
1822 3635 1981 3684 πᾶσιν

336 3720 471 3776 εἶναι
529 3719 621 3773 καὶ
680 3720 812 3792 ὑπὲρ
872 3721 1047 3775 πάντα
1102 3719 1479 3796 γινώσκεσθαι,
1512 3718 1825 3774 οὐσιοποιὸν
1890 3718 1982 3793 μὲν

336 3810 593 3865 ἁπάντων
641 3814 751 3864 τῶν
792 3804 987 3878 ὄντων,
1033 3806 1457 3887 ὑπεριδρυμὲνον
1501 3805 1558 3862 δὶ
1605 3805 1657 3861 ἐν
1697 3812 1766 3881 τῇ
1817 3807 1986 3879 ὑπερ-

332 3899 495 3969 ουσίᾳ
563 3898 655 3953 καὶ
732 3895 846 3970 ἴδίᾳ
910 3898 1201 3972 μονότητι,
1269 3896 1389 3960 ea;
1461 3897 1553 3952 καὶ
1637 3897 1806 3970 μονάς
1868 3897 1988 3952 θεο-

328 3988 703 4063 λογούμενον,
739 3988 859 4050 Υἱὸς
906 3986 959 4043 ἐν
992 3988 1161 4063 [ἰατρὶ
1209 3987 1301 4042 καὶ
1333 3988 1520 4061 Πατὴρ
1568 3985 1624 4040 ἐν
1665 3986 1775 4057 Υἱῷ
1823 4006 1993 4062 γινω-

330 4080 629 4152 σκόμενον,
680 4081 897 4152 Πνεῦμα
940 4079 1098 4155 ἅγιον
1150 4076 1584 4151 ἐκπορευόμενον
1642 4074 1701 4131 ἐκ
1755 4075 1990 4149 Πατρὸς,

322 4170 517 4245 ἀρχὴν
555 4170 651 4241 μὶν
684 4164 811 4243 ἔχον
842 4170 935 4223 τὸν
965 4170 1199 4243 Πατέρα,
1233 4166 1302 4222 δι’
1343 4168 1472 4221 Υἱοῦ
1506 4165 1563 4221 δὲ
1594 4167 1671 4229 εἰς
1701 4165 1876 4221 κτίσιν
1910 4164 1993 4219 ἐπ’

325 4258 616 4334 εὓεργεσίᾳ
642 4263 750 4313 τῶν
774 4255 1091 4334 δεχομένων
1120 4256 1451 4335 ἐρχόμενον,
1483 4256 1544 4312 οὗ
1576 4257 1694 4312 καθ’
1716 4255 1900 4333 ὕιρεσιν
1918 4273 1995 4329 γι’

320 4348 684 4421 νωσκομὲνης
710 4354 814 4419 τῆς
839 4350 1155 4423 γεννήσεως,
1190 4348 1252 4403 οὐ
1283 4348 1420 4403 κατὰ
1456 4347 1636 4419 τομὴν
1672 4344 1986 4420 θεωρουμέ-

321 4459 433 4510 νης
454 4444 554 4507 τῆς
587 4436 978 4513 ἰκπορεύσεως.
1004 4438 1066 4495 Εἰ
1087 4437 1190 4513 γάρ
1219 4458 1303 4500 τις
1326 4434 1446 4508 δοίη
1472 4440 1661 4503 ταῦτα,
1684 4435 1774 4489 καὶ
1797 4434 1884 4489 ἐπὶ
1906 4454 1989 4489 τε·

2079 3279 2193 3346 ῑὶεε,
2227 3293 2342 3331 non
2377 3279 2440 3331 ut
2475 3290 2655 3330 unum
2706 3274 2818 3329 sub
2847 3272 3060 3345 triplici
3113 3272 3350 3328 nomine
3398 3270 3731 3327 considera-

2080 3371 2227 3435 tum,
2262 3371 2363 3421 aut
2393 3365 2450 3420 in
2486 3369 2675 3434 partes
2704 3363 2979 3429 divisum,
3010 3368 3111 3418 aut
3139 3378 3209 3418 ex
3255 3360 3522 3433 pluribus
3565 3377 3729 3416 com-

2082 3456 2380 3531 positum;
2409 3453 2817 3525 inexplicabile
2847 3451 3004 3508 enim
3046 3464 3153 3521 est,
3188 3468 3292 3507 nec
3335 3450 3452 3507 ullo
3492 3450 3731 3508 nomine

2086 3547 2191 3603 hoc
2219 3562 2392 3602 unum
2422 3543 2667 3616 exprimi
2703 3547 2887 3611 potest
2918 3559 2931 3597 :
2959 3545 3096 3614 quia
3120 3541 3309 3614 ipsius
3342 3542 3521 3597 unius
3551 3542 3730 3597 etiam

2085 3644 2171 3693 est
2200 3651 2392 3705 causa,
2424 3641 2478 3690 et
2510 3632 2749 3689 unitatis
2780 3632 3185 3703 cujuscunque
3218 3630 3425 3686 unicus
3454 3631 3729 3698 effector;

2086 3725 2359 3783 omnibus
2391 3738 2627 3796 quoque
2657 3726 2779 3777 tam
2812 3737 2952 3785 uno,
2986 3736 3161 3791 quam
3198 3718 3400 3774 multis
3426 3717 3557 3790 ipsa
3588 3716 3733 3773 sim-

2089 3815 2354 3888 plicitate
2385 3812 2671 3883 superior.
2696 3826 2763 3866 eo
2795 3810 2951 3881 quod
2985 3808 3216 3879 pr0prie
3243 3822 3427 3862 unum
3456 3805 3555 3875 sit,
3588 3811 3643 3861 et
3678 3806 3737 3863 in

2092 3903 2374 3959 omnibus
2399 3905 2456 3955 et
2484 3914 2661 3968 super
2684 3899 2882 3954 omnia
2913 3895 3274 3967 intelligatur
3306 3912 3321 3963 ;
3354 3893 3513 3965 quod
3540 3894 3740 3950 omnia

2093 3994 2329 4066 quidem
2368 4009 2494 4063 qua
2527 3995 2688 4059 sunt,
2735 3988 3016 4058 condidit,
3057 3988 3115 4043 in
3175 3986 3740 4059 supersubstantiali

2093 4088 2284 4139 autem
2319 4086 2376 4137 et
2432 4080 2541 4136 sibi
2598 4079 2834 4151 propria
2893 4078 3290 4147 singularitale
3323 4077 3651 4146 fundatum,
3707 4094 3741 4132 a

2094 4169 2383 4241 theologis
2409 4168 2602 4224 unitas
2634 4172 2691 4224 et
2720 4165 3101 4240 singularitas
3131 4171 3405 4221 vocatur:
3445 4182 3548 4221 nec
3579 4164 3738 4221 aliud

2095 4277 2224 4317 esse
2253 4258 2650 4330 cognoscitur,
2682 4273 2860 4328 quam
2895 4256 3074 4312 Filius
3104 4255 3162 4311 in
3197 4255 3381 4321 Patre,
3415 4260 3471 4309 et
3495 4255 3660 4309 Pater
3682 4254 3740 4309 in

2100 4348 2243 4404 Filio
2273 4363 2287 4402 :
2321 4345 2571 4417 Spiritus
2603 4362 2833 4419 quoque
2855 4349 3094 4399 sanctus
3120 4344 3440 4414 procedens
3462 4359 3531 4397 ex
3554 4340 3741 4409 Patre,

2098 4442 2155 4493 et
2186 4435 2537 4509 principium
2571 4433 2806 4507 quidem
2842 4432 3065 4488 habens
3088 4435 3341 4498 Patrem,
3375 4431 3475 4487 sed
3510 4445 3611 4501 per
3642 4429 3743 4485 Fi-

327 4503 587 4605 τρἀδιίθ
624 4503 1000 4602 καίπξντάδα
1036 4503 1128 4583 καὶ
1162 4503 1259 4582 ’ἐπ’
1315 4503 1538 4600 ἄπειρον
1596 4526 1697 4593 τήν
1752 4521 1981 4600 πρόοδον

2098 4527 2242 4584 lium
2276 4526 2335 4582 in
2367 4530 2683 4589 creaturas,
2708 4539 2811 4595 pro
2834 4540 2935 4578 sua
2956 4537 3095 4594 erga
3114 4520 3329 4577 electos
3360 4517 3744 4577 beneficentia

327 4617 537 4697 ῥυῆναι
602 4619 740 4673 κατά
791 4616 917 4680 τοὺς
974 4616 1255 4687 Ἑλλήνων
1300 4615 1501 4690 μύθους
1557 4613 1989 4693 συγκατασκευά-

533 4709 553 4726 .
694 4706 718 4727 Ὗ
1144 4707 1160 4726 \
1280 4711 1303 4722 ο
1581 4728 1589 4740 ι
1698 4704 1713 4723 \
1838 4700 1893 4723 ’λ

327 4727 501 4765 σειεν.
558 4709 629 4765 Βν
661 4728 754 4762 ουν
794 4706 995 4781 κυρίως
1020 4708 1067 4745 ⁸⁸
1107 4727 1170 4762 το
1210 4712 1382 4774 Θειον,
1425 4704 1751 4778 πληθδσμον
1798 4703 1988 4759 ουοὲνα

326 4794 815 4873 παραδεχόμενον,
848 4797 924 4862 ὡς
950 4791 1183 4875 ἀκριϐής
1211 4816 1269 4852 τε
1288 4797 1377 4851 καὶ
1399 4794 1615 4866 ἀληθὴς
1645 4793 1833 4866 ἑνότης
1854 4793 1989 4849 κατὰ

324 4890 441 4957 τήν
479 4888 736 4966 φυσικὴν,
786 4884 830 4941 εί
872 4888 984 4962 χρὴ
1035 4885 1217 4962 φάναι,
1250 4882 1627 4958 θεωρούμενον
1660 4882 1987 4953 ταυτότητα.

325 4978 499 5034 "Ost
556 4976 601 5031 εἰ
666 4976 758 5031 καὶ
817 4975 1129 5039 ὗεοστάσεις
1187 4975 1223 5044 ἢ
1281 4974 1553 5049 πρόσωπα
1612 4972 1648 5044 ἢ
1710 4970 1991 5043 ἰδιότητας

329 5065 711 5139 ὀνομάζομεν,
743 5064 778 5120 ἃ
809 5067 837 5121 ὃ
864 5069 991 5128 νοῦς
1026 5061 1187 5140 ἔγνω,
1235 5066 1353 5120 καθ’
1387 5063 1512 5119 ὅσον
1545 5060 1770 5118 δυνατόν
1821 5061 1987 5132 ἐστιν,

322 5158 672 5229 ἐομηνεῦσαι
716 5155 1075 5231 βρυλόμενοι,
1107 5154 1170 5209 οὐ
1219 5155 1281 5210 τὸ
1317 5152 1373 5209 ’ὲν
1412 5150 1757 5228 διαιροῦμεν,
1789 5152 1856 5208 οὐ
1886 5153 1987 5219 τήν

320 5240 554 5322 μονάδα
612 5244 931 5317 μερίζομεν,
964 5244 1030 5301 οὐ
1085 5244 1187 5311 τὴν
1235 5240 1398 5300 δνάδα
1453 5240 1794 5314 διασπῶμεν,
1844 5238 1992 5296 ἀλλὰ

310 5341 401 5412 τῇ
469 5332 631 5407 ἀϊδίῳ
691 5334 951 5407 μονότητι
1010 5329 1401 5409 θεολογοῦντες
1459 5333 1654 5398 ταύτην
1698 5328 1751 5385 ἔν
1811 5328 1988 5404 τρισὶν

316 5426 513 5495 αὐτην
584 5423 1054 5501 συνθεολογοῦμεν
1113 5424 1492 5491 ὑποστάσεσιν,
1552 5420 1651 5477 οὐκ
1716 5416 1994 5495 ἂνθρωπί-

312 5537 456 5582 νοις
514 5514 812 5594 λογισμοῖς
866 5516 933 5574 τὰ
991 5515 1128 5592 ὑπὶρ
1181 5518 1306 5572 νοῦν
1372 5507 1811 5579 ὓποϐὖλλοντες,
1867 5506 1995 5566 οάδὶ

2098 4616 2462 4673 descendens
2495 4630 2509 4669 :
2542 4614 2625 4670 sic
2656 4619 2850 4668 tamen
2910 4616 2975 4666 ut.
3006 4626 3116 4667 nec
3166 4610 3540 4682 generatione
3570 4604 3742 4680 [Filii]

2098 4705 2411 4761 imminuta
2462 4708 2738 4758 noscatur
2779 4699 3052 4769 essentia,
3100 4714 3205 4754 nec
3254 4698 3312 4754 in
3371 4698 3745 4769 processione

2102 4795 2380 4868 [Spiritus
2412 4793 2621 4859 sancti]
2651 4791 2917 4861 ejusdem
2943 4788 3153 4845 divisio
3180 4787 3327 4843 facta
3348 4787 3745 4842 existimetur:

2099 4883 2472 4959 generatione
2521 4899 2637 4938 non
2670 4897 2772 4953 per
2822 4879 3200 4934 imminutam
3258 4876 3575 4933 essentiam
3609 4889 3747 4945 spe-

2100 4979 2271 5041 ctata,
2300 4989 2489 5045 neque
2520 4971 2892 5044 processione
2923 4967 3244 5024 secundum
3278 4964 3618 5021 divisionem
3650 4978 3749 5018 co-

2100 5063 2281 5135 gnita.
2335 5063 2393 5117 Si
2445 5062 2601 5118 enim
2652 5060 2773 5115 haec
2837 5056 3185 5116 concesserit
3243 5053 3557 5126 quispiam,
3616 5056 3745 5107 tum

2102 5153 2429 5209 secundum
2464 5149 2693 5205 fabulas
2724 5162 3089 5219 paganorum
3122 5160 3311 5215 usque
3342 5143 3414 5197 ad
3447 5145 3751 5212 quaterna-

2102 5258 2256 5309 rum,
2284 5241 2599 5314 quinarum
2622 5255 2690 5294 ac
2710 5238 2947 5293 tandem
2973 5249 3344 5309 progressum
3368 5232 3427 5289 in
3454 5231 3750 5288 inﬁnitum

2102 5332 2420 5388 concedere
2478 5332 2808 5400 cogeretur.
2877 5326 3077 5395 Itaque
3136 5323 3423 5396 quidquid
3469 5321 3624 5378 Deus
3666 5328 3755 5377 est

2104 5418 2334 5494 proprie
2362 5434 2548 5474 unum
2572 5422 2682 5485 est,
2706 5415 2860 5486 quod
2889 5413 3114 5470 nullam
3146 5412 3406 5469 admittit
3435 5409 3755 5468 multitudi-

2105 5524 2264 5576 nem,
2282 5511 2567 5580 tanquam
2599 5504 2855 5576 perfecta
2883 5518 3134 5575 veraque
3159 5501 3484 5561 secundum
3513 5505 3757 5558 natura-

1694 5626 1944 5686 VARLE
1980 5611 2390 5684 LECTIONFS.

418 5735 467 5774 εί
504 5728 737 5811 μονάδα]
767 5729 931 5789 δνάδα
966 5733 1037 5791 Α.
1111 5732 1160 5770 ⁸³
1190 5726 1533 5805 θεολογεῖται
1563 5729 1614 5786 θ.
1649 5726 1732 5801 ς’.
1808 5726 1859 5763 ⁸³
1888 5722 2194 5802 μεσότητος
2227 5729 2294 5780 A.
2374 5720 2421 5757 ⁸4
2452 5720 2541 5776 καὶ
2572 5716 2659 5776 ἰπὶ
2692 5739 2841 5776 πεντ.
2875 5724 2936 5777 Β.
3012 5718 3058 5756 ⁸⁸
3084 5714 3286 5795 κυρίως
3314 5712 3405 5771 οὖν
3440 5713 3523 5795 ς’.
