4154 6218
362 345 516 409 1063
1563 342 1832 404 ΡΗΟΤΙΙ
1881 341 2007 401 PA'l

2121 339 2409 401 ARCH/E
2451 338 2570 400 ΟΡ.
3620 344 3782 407 1061

357 478 495 550 lem,
546 479 597 536 si
648 481 727 537 ita
780 479 1140 551 loquendum
1171 481 1276 546 est,
1311 476 1619 547 unitatem,
1653 479 2004 549 spectatum.

2121 476 2528 548 περινοητικαῖς
2589 469 2826 544 ἐρεύναις
2895 470 2960 526 τὰ
3015 470 3146 542 ὑπὲρ
3207 468 3414 548 εὕρεσιν
3468 470 3788 548 ἐνυϐρίζον-

361 570 546 637 Unde,
580 568 842 641 quamvis
891 567 1232 640 hypostases
1265 583 1361 625 seu
1394 583 1693 639 personas,
1745 582 1846 621 seu
1882 581 2007 638 pro-

2120 583 2226 624 τες,
2262 561 2355 616 Διὸ
2411 563 2539 622 τοὺς
2598 560 2744 634 παρᾶ
2781 564 2948 616 ταῦτα
3007 559 3042 630 ἢ
3097 563 3198 629 τὴν
3259 559 3499 638 ἄῤῥητον
3551 563 3788 636 ἑνότητα

363 660 638 733 prietates
669 673 1102 730 nuncupamus,
1162 673 1311 729 quas
1357 673 1523 712 mens
1569 656 1859 728 cognovit,
1910 671 2007 726 pro

2125 649 2509 724 διατέμνοντας
2562 649 2596 719 ἢ
2654 649 2717 705 τὸ
2773 645 3050 720 τριαδικὸν
3111 654 3219 704 τῶν
3292 649 3641 708 ὐποστάσεων
3707 655 3786 714 εἰς

364 748 635 803 facultate
667 751 860 802 nostra
883 746 1253 819 interpretari
1280 746 1486 811 conati,
1514 761 1882 817 nequaquam
1905 743 2007 799 hoc

2129 736 2430 814 μοναδικήν
2488 736 2674 794 πενίαν
2751 735 3138 815 συγκλείοντας
3195 739 3272 801 ὡς
3344 746 3446 810 τῆς
3507 736 3784 804 εὐσεϐείας

361 854 541 896 unum
567 837 882 893 dividimus
909 842 1012 893 aut
1041 837 1320 892 unitatem
1351 837 1660 907 partimur,
1683 841 1784 891 aut
1817 835 2007 890 unita-

2124 827 2433 903 πολεμίους
2462 827 2852 903 ἐκτρεπόμεθα.

360 932 476 985 tem
509 927 890 994 divellimus;
942 926 1042 982 sed
1077 925 1225 983 hanc
1282 927 1338 982 in
1399 930 1614 981 aeterna
1645 926 1869 981 unitate
1913 923 2006 996 pie
2035 923 2226 980 219a
2260 922 2710 994 perpendentes,
2763 919 2922 976 illam
2979 920 3038 977 in
3089 921 3273 978 tribus
3330 924 3599 995 personis
3661 941 3783 981 una

365 1019 698 1091 proﬁtemur
720 1031 908 1088 neque
939 1030 1007 1072 ea
1038 1031 1164 1087 qua:
1197 1032 1376 1087 supra
1407 1016 1620 1071 mentis
1669 1019 1902 1086 captum
1935 1017 2096 1079 sunt,
2129 1011 2342 1067 rationi
2383 1011 2646 1066 humanae
2688 1010 3073 1081 subjiciendo,
3108 1027 3298 1084 neque
3327 1013 3562 1069 curiosa
3587 1017 3645 1068 et
3676 1032 3782 1070 va-

360 1108 452 1163 fra
509 1105 952 1175 investigatione
1009 1103 1110 1160 illa
1154 1120 1274 1174 quas
1326 1104 1572 1161 inveniri
1632 1107 1930 1175 nequeunt
1993 1101 2276 1157 vitiando.
2337 1103 2700 1171 Quapropter
2757 1099 2910 1168 illos,
2960 1101 3059 1172 qui
3117 1101 3226 1157 hos
3285 1101 3502 1158 limites
3558 1104 3779 1176 egressi

364 1202 466 1254 aut
514 1197 803 1252 unitatem
864 1197 1012 1252 hanc
1063 1195 1512 1251 inenarrabilcm
1547 1195 1899 1265 partiuntur,
1959 1198 2059 1250 aut
2112 1200 2226 1249 tres
2274 1209 2554 1264 personas
2612 1193 2682 1248 ad
2744 1192 2988 1248 unitatis
3029 1193 3333 1263 angustias
3368 1195 3663 1267 redigunt,
3718 1204 3782 1252 ut

366 1287 564 1344 hostes
587 1285 810 1356 pietatis
840 1285 1240 1357 proﬂigamus.

431 1376 561 1432 Haec
592 1378 649 1430 et
703 1375 810 1430 hoc
845 1390 1030 1445 genus
1088 1374 1201 1443 (72)
1232 1372 1350 1428 alia
1409 1381 1772 1444 prosecutus,
1807 1377 2006 1429 contra

361 1481 460 1522 eos
490 1465 771 1535 disputat,
796 1461 895 1533 qui
927 1461 1269 1534 hypostasin
1302 1462 1448 1517 nihil
1489 1462 1648 1517 aliud
1701 1478 1830 1519 esse
1864 1479 2004 1518 con-

362 1555 632 1617 tendunt,
657 1568 830 1625 quam
871 1553 1088 1608 nudam
1134 1551 1567 1624 proprietatem,
1622 1552 2006 1623 pluribusque

363 1659 508 1700 verre
527 1642 758 1714 pietatis
780 1641 1102 1699 rationibus
1119 1642 1362 1714 impiam
1389 1642 1624 1698 illorum
1647 1641 2004 1697 sententiam

360 1731 638 1788 retundit.
660 1729 884 1787 Etenim
909 1730 959 1787 si
997 1731 1153 1787 idem
1187 1736 1276 1787 est
1307 1747 1555 1803 persona
1585 1736 1640 1787 et
1663 1729 2006 1802 proprietas,

2886 1368 2909 1388 ᾗ

2187 1374 2362 1426 Ταῦτα
2393 1371 2484 1425 καὶ
2531 1375 2757 1425 τοιαῦτα
2785 1371 2833 1406 εδ
2882 1369 3171 1441 διεξελθὼν
3204 1372 3339 1446 πρὸς
3389 1372 3520 1434 τοὺς
3570 1371 3782 1447 ἰδίωμα

2121 1460 2284 1532 μόνον
2355 1459 2490 1514 εἶναι
2549 1459 3010 1533 κενολογήσαντος
3049 1461 3095 1496 ⁸⁷
3159 1461 3260 1529 τήν
3322 1459 3616 1517 ὑπόστασιν
3678 1463 3785 1517 ἀν-

2115 1549 2482 1625 τιφθέγγεται,
2539 1549 2630 1604 καὶ
2689 1547 2907 1604 πλείοσι
2975 1555 3077 1619 τῆς
3137 1545 3411 1612 εὐσεϐείας
3470 1551 3780 1626 λογισμοῖς

2116 1639 2214 1708 τὴν
2275 1637 2448 1693 αὐτῶν
2507 1637 2846 1711 ἐπιστομίζει
2906 1637 3219 1696 κακόνοιαν.
3281 1640 3342 1695 Εἰ
3397 1641 3500 1716 γὰρ
3576 1643 3778 1697 ταύτὸν

2120 1724 2410 1788 ὑπόστασις
2477 1725 2566 1781 καί
2626 1723 2856 1800 ἰδίωμα,
2917 1725 3331 1802 ἐνανορωπῆσαι
3397 1724 3456 1781 δὲ
3522 1729 3624 1798 τήν
3679 1733 3779 1784 τοῦ

364 1823 506 1878 dum
537 1819 710 1875 Verbi
738 1819 1076 1892 hypostasin
1101 1821 1464 1877 incarnatam
1497 1820 1774 1889 dicimus,
1818 1820 2007 1875 mani-

2120 1816 2296 1893 Λόγου
2353 1817 2529 1897 φαμὲν
2590 1815 2905 1889 ὑπόστασιν,
2965 1849 3035 1860 —-
3093 1813 3240 1872 ἀλλὰ
3310 1817 3374 1871 τὸ
3449 1816 3771 1874 ἀκόλουθον

363 1911 577 1967 festum
611 1914 698 1965 est
729 1909 786 1964 id
846 1910 1000 1981 quod
1035 1910 1170 1965 inde
1215 1911 1478 1981 sequitur
1513 1909 1652 1981 (73),
1684 1914 1740 1964 et
1772 1909 2010 1966 manife-

363 2000 516 2057 stius
547 1999 618 2055 ob
651 1997 1105 2070 blasphemiam,
1136 2015 1259 2070 qua:
1290 1999 1466 2055 tacite
1491 1998 1550 2052 in
1582 2005 1752 2068 caput
1784 1997 2015 2054 illorum

364 2093 787 2160 retorqueatur,
839 2087 941 2159 qui
1000 2089 1120 2143 haec
1175 2089 1364 2144 dicere
1414 2093 1648 2159 cogunt.
1709 2089 2008 2154 Quomodo

367 2196 534 2252 porro
566 2179 816 2250 Spiritus
874 2183 1114 2235 sanctus
1145 2179 1196 2234 si
1249 2180 1569 2251 proprietas
1610 2183 1718 2247 est,
1761 2183 1950 2251 potest
1979 2196 2010 2234 a

367 2273 538 2326 Patre
569 2268 896 2339 procedere,
944 2272 1000 2323 et
1029 2285 1062 2322 ιι
1119 2267 1284 2323 Patre
1316 2268 1374 2323 in
1433 2284 1577 2340 opus
1635 2273 1912 2324 creaturae
1941 2283 2010 2323 ex

372 2356 651 2413 beneficio
711 2355 878 2411 mitti.
931 2356 1205 2422 Quinimo
1275 2358 1462 2413 omnis
1519 2374 1766 2429 persona
1815 2373 2008 2414 rerum

369 2443 820 2502 subsistentium
847 2461 944 2516 per
971 2461 1032 2501 se
1055 2445 1356 2502 subsistit:
1383 2447 1682 2511 Quomodo
1705 2463 1841 2519 ergo
1874 2463 2008 2519 pro-

369 2536 586 2609 prietas
619 2551 722 2608 per
750 2552 812 2591 se
850 2535 1157 2607 subsistat,
1182 2536 1231 2592 si
1273 2535 1412 2592 illud
1444 2537 1694 2609 positum
1725 2541 1860 2592 ante
1891 2553 2006 2592 non

364 2628 461 2695 sit,
494 2627 661 2698 cujus
693 2627 1015 2699 proprietas
1037 2644 1167 2683 esse
1198 2627 1412 2684 dicitur
1431 2630 1459 2682 ?
1485 2631 1548 2684 In
1573 2628 1756 2684 tribus
1779 2643 2008 2700 quoque

365 2717 629 2789 personis
660 2733 821 2772 sacer
851 2717 1086 2772 Patrum
1138 2722 1373 2774 senatus
1403 2717 1658 2773 divinam
1691 2717 2006 2774 essentiam

365 2823 492 2865 esse
532 2809 698 2864 docet
731 2823 743 2861 :
776 2806 833 2862 in
869 2807 1052 2863 tribus
1100 2813 1292 2864 autem
1336 2809 1786 2881 proprietatibus
1834 2823 2006 2864 nemo

365 2896 696 2966 afﬁrmavit,
721 2897 818 2951 sed
846 2902 1048 2952 contra
1079 2898 1268 2968 potius
1300 2897 1358 2952 in
1408 2897 1661 2953 essentia
1689 2902 1746 2953 et
1792 2914 1893 2968 per
1921 2914 2006 2953 es-

358 2984 608 3042 sentiam
642 2992 1074 3059 cognoscuntur
1105 3002 1227 3044 esse
1250 2986 1650 3058 proprietates.
1677 2987 2004 3044 Essentiam

358 3082 552 3133 autem
571 3093 672 3146 per
693 3076 1073 3148 proprietates
1096 3093 1265 3133 nemo
1284 3077 1618 3134 asseruerit.
1643 3078 1762 3134 Etsi
1795 3078 1946 3134 enim
1971 3095 2004 3134 a

2124 1906 2406 1979 γνώριμον
2449 1903 2530 1977 ὃν,
2580 1905 2669 1960 καὶ
2727 1905 2863 1980 πρὸς
2925 1903 3286 1984 βλασφημίαν
3320 1908 3773 1982 γνωριμώτερον,

2127 1993 2200 2058 εἰς
2232 1995 2326 2058 τὰς
2357 1993 2596 2075 κεφαλάς
2621 2001 2727 2050 τῶν
2779 1998 3015 2070 ῥηθῆναι
3049 1997 3398 2071 βιασαμένων
3446 2002 3564 2075 σιγῇ
3597 1998 3771 2073 ἀπερο

2121 2083 2316 2159 ῥίφθω.
2349 2090 2472 2148 Πῶς
2525 2082 2583 2140 δὲ
2620 2084 2710 2140 καὶ
2747 2086 2810 2141 τὸ
2860 2089 3100 2159 Πνεῦμα,
3133 2084 3284 2161 εἷ’περ
3327 2083 3550 2160 ἰδίωμα,
3581 2085 3770 2143 δύνατ’

2116 2171 2176 2228 ἂν
2217 2172 2311 2229 τοὺ
2358 2175 2570 2249 Πατρὸς
2631 2175 3010 2250 ἐκπορεύεσθαι
3049 2174 3140 2230 καὶ
3191 2175 3340 2251 παρὰ
3394 2181 3496 2232 τοῦ
3554 2177 3774 2253 Πατρός

2117 2261 2197 2318 ἐπ’
2253 2262 2524 2340 εὐεργεσίᾳ
2561 2268 2658 2320 τοῦ
2707 2263 3030 2338 πλάσματος
3089 2264 3578 2334 ἀποστέλλεσθαις
3622 2266 3772 2324 ἀλλα

2115 2353 2208 2408 καὶ
2268 2358 2410 2408 πᾶσα
2483 2353 2774 2414 ὑπόστασις
2842 2359 2950 2409 τῶν
3017 2354 3395 2432 ὑφεστηκότων
3464 2355 3577 2411 ἐστὶ
3654 2359 3774 2412 καθ’

2117 2441 2281 2496 ἑαυτά
2313 2461 2326 2475 ·
2379 2439 2585 2514 ἰδίωμα
2618 2439 2676 2498 δὲ
2722 2446 2838 2505 πῶς
2889 2439 2947 2497 ἂν
2999 2443 3264 2514 ὑποσταίη
3312 2446 3427 2500 καθ’
3469 2445 3652 2516 ἑαυτὸ,
3692 2447 3772 2518 μὴ

2117 2529 2303 2604 ἐκείνῳ
2333 2532 2381 2569 ⁸³
2410 2528 2658 2606 ἑδρασοέν
2692 2533 2753 2586 οὗ
2785 2533 2875 2587 καὶ
2927 2533 3060 2587 εἶναι
3099 2529 3307 2607 ἰδίωμα
3351 2532 3569 2609 λέγεται
3609 2554 3621 2604 ;
3665 2535 3772 2591 Καὶ

2117 2620 2168 2676 ἐν
2195 2622 2338 2696 τρισὶ
2374 2623 2467 2694 μὲν
2513 2621 2864 2677 ὑποστάσεσιν
2895 2623 2923 2676 ὁ
2969 2622 3114 2697 ἱερὸς
3158 2627 3266 2678 τῶν
3302 2623 3559 2698 Πατέρων
3597 2624 3770 2700 χορὸς

2117 2711 2218 2780 τὴν
2249 2711 2432 2779 Θεϊκὴν
2465 2708 2645 2766 οὐσίαν
2699 2709 3040 2787 δογματίζει,
3072 2711 3124 2768 ἐν
3166 2712 3312 2788 τρισὶ
3363 2710 3420 2767 δὲ
3470 2710 3767 2784 ἰδιώμασιν

2116 2797 2297 2863 οὐδεὶς
2329 2800 2388 2855 ἂν
2428 2800 2582 2878 φαίη.
2618 2800 2949 2858 Τούναντίον
2990 2801 3094 2878 γὰρ
3126 2803 3177 2856 ἓν
3224 2803 3318 2875 μὲν
3345 2805 3414 2876 τῇ
3472 2801 3629 2874 οὐσίᾳ
3676 2805 3774 2858 καὶ

2114 2891 2240 2966 περὶ
2270 2892 2369 2961 τήν
2404 2890 2585 2947 οὐσίαν
2625 2892 2816 2968 ὁρᾶται
2844 2893 2914 2948 τὰ
2962 2891 3256 2965 ἰδιώματα,
3289 2891 3456 2962 αὐτὴν
3497 2894 3625 2966 [457
3670 2897 3768 2967 Η.]

2117 2979 2174 3036 δὲ
2223 2981 2276 3037 ἐν
2335 2979 2630 3055 ἷδιώμασιν
2688 2982 2788 3038 οὐκ
2844 2980 2902 3038 ἄν
2931 3003 3015 3045 τις
3073 2981 3231 3057 φαίη.
3264 2983 3330 3040 Εἰ
3380 2983 3483 3058 γὰρ
3538 2983 3631 3038 καὶ
3685 2989 3773 3056 τῷ

2115 3069 2368 3147 Θεολόγῳ
2406 3070 2616 3144 εἷ’ρηται
2667 3073 2764 3142 τήν
2810 3071 2936 3146 μίαν
2977 3071 3134 3150 ιρύσιν
3183 3070 3234 3126 ἐν
3283 3073 3458 3147 τρισὶν
3502 3071 3774 3148 ὑπάρχειν

358 3164 651 3236 'l‘heologo
675 3146 897 3220 dictum
929 3172 1014 3220 est
1044 3181 1220 3221 unam
1258 3173 1521 3220 naturam
1565 3165 1621 3220 in
1653 3166 1842 3221 tribus
1872 3181 2000 3222 esse

2120 3155 2408 3231 ἰδιότησιν,
2441 3157 2586 3216 ἀλλά
2623 3165 2840 3236 πρῶτον
2899 3160 2994 3234 μὲν
3035 3161 3096 3216 οὐ
3155 3158 3350 3216 ταύτὸν
3407 3157 3621 3230 ἰδιότης
3671 3160 3768 3216 καὶ

363 3252 837 3324 preprietatibus,
871 3253 1026 3308 idem
1077 3258 1274 3310 tamen
1306 3270 1423 3310 non
1455 3259 1544 3310 est
1591 3255 1918 3326 proprietas
1950 3258 2006 3310 et

365 3340 668 3412 proprium
693 3341 825 3412 (74).
845 3341 1062 3398 Deinde
1090 3342 1322 3398 etiamsi
1346 3343 1568 3399 abusus
1591 3343 1667 3398 sit
1700 3343 2006 3400 Nazianze-

367 3443 629 3487 nusvoce
655 3428 1042 3501 [proprietas],
1063 3446 1178 3486 non
1203 3429 1355 3486 illico
1381 3436 1570 3487 tamen
1595 3431 1729 3503 quis
1761 3436 2004 3500 asserat,

365 3519 518 3574 idem
550 3533 679 3574 esse
726 3534 1056 3590 personam,
1089 3523 1147 3574 et
1205 3519 1437 3592 proprie
1491 3519 1707 3576 dictam
1754 3522 2008 3594 proprie-

363 3611 577 3674 tatem;
612 3622 744 3662 cum
779 3623 912 3664 vero
942 3612 997 3664 et
1029 3607 1376 3680 proprietas,
1410 3608 1576 3680 quasi
1621 3625 1720 3680 per
1771 3611 2006 3683 signum

364 3695 647 3767 exprimat
677 3711 739 3752 se
788 3697 1097 3753 constituat
1151 3712 1481 3768 personam,
1515 3699 2006 3770 quemadmodum

365 3785 574 3840 Basilio
598 3788 655 3841 et
677 3784 970 3857 plerisque
992 3785 1262 3842 Patribus
1294 3786 1549 3855 videtur,
1594 3787 1728 3858 quid
1763 3788 2010 3844 absurdi

363 3874 584 3930 dictum
613 3878 700 3931 est
758 3891 792 3930 a
841 3884 1039 3932 sancto
1087 3874 1363 3948 Gregorio
1394 3876 1592 3949 [unam
1625 3878 1916 3951 naturam]
1952 3878 2010 3935 in

363 3963 556 4019 tribus
587 3979 716 4020 esse
746 3964 1244 4036 proprietatibus?
1282 3981 1384 4021 cur
1416 3982 1530 4022 non
1563 3967 1838 4025 decernat
1867 3967 2007 4025 idem

363 4067 490 4109 esse
520 4068 826 4122 personam
841 4053 1343 4125 etproprietatem,
1367 4055 1466 4111 sed
1491 4056 1660 4127 quasi
1690 4057 1760 4113 ab
1792 4057 2010 4126 optimo

366 4140 559 4212 signo,
590 4141 700 4197 hoc
733 4147 819 4197 est
851 4144 1221 4214 proprietate,
1245 4144 1587 4201 denominet
1611 4144 2012 4218 bypostasim?

362 4227 538 4284 Addit
570 4244 730 4299 ergo,
763 4227 1255 4286 intellectualibus
1294 4232 1752 4303 perfectionibus
1808 4252 1910 4308 per
1948 4252 2010 4292 se

361 4317 841 4374 subsistentibus.
878 4320 1039 4385 Quod
1072 4336 1244 4377 nemo
1278 4320 1390 4378 nisi
1443 4327 1634 4379 mente
1665 4324 2004 4396 destitutus,

361 4406 432 4460 de
457 4405 910 4476 proprietatibus
933 4407 1201 4480 accipiat.
1229 4408 1518 4469 Praeterea
1539 4427 1664 4483 quae
1682 4412 2006 4481 dictasunt,

360 4464 848 4567 prima‘synodus
872 4464 1153 4570 personas
1185 4464 1429 4568 quidem
1459 4464 2007 4560 ’έὸῖιέἆδέιᾘιῖᾗὲιῖεζ
2040 4464 2085 4529 D

362 4581 677 4640 declaravit
709 4609 722 4652 ;
755 4585 886 4657 quis
913 4591 1128 4656 autem,
1163 4587 1280 4643 nisi
1321 4588 1592 4659 insanus,
1627 4593 2009 4665 proprietates

361 4672 572 4729 dixerit
600 4676 1171 4734 consubstantiales?
1198 4678 1358 4743 Quod
1395 4679 1444 4736 si
1465 4679 1596 4751 quis
1627 4683 2013 4754 proprietates

359 4762 548 4820 279!)
579 4780 761 4820 ausus
810 4769 901 4822 est
929 4767 1119 4822 dicere
1167 4768 1722 4839 consubstantiales,
1757 4786 1823 4829 eo
1855 4773 2010 4844 quod

355 4869 506 4926 serpe
537 4853 593 4909 in
627 4855 831 4911 eadem
866 4856 1122 4912 essentia
1161 4857 1472 4914 videantur
1501 4876 1870 4932 concurrere,
1913 4862 2013 4919 ille

355 4941 482 5015 ipse
511 4944 602 5001 sui
637 4944 877 5015 oblitus,
909 4945 1084 5001 aliam
1119 4946 1749 5006 consubstantialitatis
1781 4951 2010 5024 signifi-

354 5031 642 5090 cationem
676 5033 863 5092 tinxit.
893 5035 1223 5092 Praesertim
1255 5043 1449 5094 autem
1475 5037 1879 5112 heterogenea,
1907 5057 2010 5098 seu

2119 3245 2343 3322 ἰδίωμα,
2376 3247 2560 3306 ἔπειτα
2609 3247 2666 3305 δὲ
2706 3246 2818 3305 οὐδ’
2860 3250 2906 3305 εἰ
2957 3251 2985 3305 ὁ
3034 3251 3227 3325 Πατὴρ
3277 3253 3660 3326 κατεχρήσατο
3690 3255 3767 3325 τῇ

2119 3341 2298 3412 φωνῇ,
2357 3338 2557 3410 ταύτην
2621 3334 2804 3395 λαϐὼν
2875 3338 2988 3395 ἀντὶ
3067 3343 3168 3405 τῆς
3224 3339 3594 3409 ὑποστάσεως,
3655 3337 3770 3410 ἤδη

2115 3426 2310 3482 ταύτόν
2356 3449 2440 3490 τις
2496 3427 2628 3483 εἶναι
2687 3425 3004 3504 δογματίσει
3051 3430 3151 3500 τήν
3196 3428 3487 3484 ὑπόστασιν
3532 3430 3624 3484 καὶ
3667 3432 3774 3499 τὴν

2117 3517 2322 3592 κυρίως
2358 3515 2625 3590 ἰδιότητα.
2660 3518 2722 3574 Εἰ
2751 3514 2808 3572 δὲ
2845 3517 2935 3572 καὶ
2966 3518 3466 3593 χαρακτηριστικὸν
3499 3517 3776 3592 καθεστη-

2119 3627 2205 3662 κεν
2237 3609 2272 3676 ἡ
2329 3604 2539 3678 ἰδιότης
2596 3613 2695 3676 τῆς
2758 3607 3128 3678 ὑποστάσεως,
3161 3606 3343 3681 ὥσπερ
3381 3605 3656 3681 Βασιλείῳ
3707 3629 3772 3664 τε

2119 3697 2206 3751 καὶ
2248 3693 2487 3759 πολλοῖς
2543 3701 2650 3751 τῶν
2709 3696 2962 3774 Πατέρων
3023 3694 3196 3765 δοκεῖ,
3227 3694 3352 3752 οὐδὲ
3412 3699 3508 3769 μὶν
3560 3697 3773 3754 ἄτοπον

2117 3788 2210 3843 τὸν
2249 3787 2392 3862 ἰερὶν
2449 3785 2751 3862 Γρηγόριον
2811 3786 2980 3842 εἰπεῖν
3029 3786 3080 3842 ἐν
3129 3787 3307 3862 τρισὶν
3368 3785 3660 3860 ἰδιότησιν,
3701 3789 3770 3844 οὐ

2117 3875 2310 3932 ταύτὸν
2379 3875 2644 3954 ὑπάρχειν
2699 3877 3096 3949 νομοθετοῦντα
3159 3879 3228 3950 τῇ
3305 3877 3594 3932 ὑποστάσει
3668 3878 3776 3948 τήν

2122 3963 2392 4037 ἰδιότητα,
2423 3963 2552 4020 ἀλλ’
2601 3966 2677 4028 ὡς
2712 3964 2771 4022 ἐκ
2819 3970 2915 4022 τοῦ
2948 3966 3188 4040 μάλιστα
3238 3972 3776 4046 χαρακτηριστικοῦ,

2120 4057 2246 4129 [868
2313 4057 2407 4129 Βη]
2460 4053 2707 4112 τουτέστι
2760 4062 2861 4126 τῆς
2893 4058 2938 4094 ⁸9
2993 4054 3298 4128 ἰδιότητος,
3358 4055 3779 4131 ἐπονομάζοντα

2117 4145 2217 4214 τήν
2282 4145 2594 4204 ὑπόστασιν,
2649 4146 2742 4200 Διὸ
2800 4147 2888 4201 καὶ
2953 4143 3164 4222 ἐπάγει,
3221 4147 3479 4221 Νοεραῖς,
3537 4145 3780 4208 τελείαις

2120 4233 2237 4286 καθ’
2290 4231 2479 4294 ἑαυτὰς
2543 4233 2897 4311 ὑφεστώσαις,
2951 4232 3083 4310 ὅπερ
3143 4229 3321 4296 οὐδεὶς
3378 4233 3437 4289 ἂν
3475 4237 3571 4288 νῦν
3627 4231 3780 4310 ἔχων

2120 4321 2206 4379 ἐπὶ
2257 4327 2365 4380 τῶν
2414 4321 2731 4398 ἰδιωμάτων
2776 4322 3158 4400 παραδέξαιτο.
3211 4324 3392 4396 Χωρὶς
3449 4323 3508 4380 δὲ
3545 4329 3656 4381 τῶν
3704 4325 3782 4380 εἷς

2119 4413 2396 4489 ρημὲνων,
2425 4415 2521 4479 τὰς
2571 4415 2665 4488 μὶν
2716 4414 3038 4477 ὑποστάσεις
3077 4416 3112 4485 ἡ
3160 4413 3284 4470 ἆδία
3313 4414 3508 4490 πρώτη
3543 4411 3778 4477 σύνοδος

2119 4505 2449 4579 ὁμοουσίους
2508 4504 2917 4580 ἄνεκήρυξε,τᾶ
2974 4503 3030 4561 δὲ
3088 4502 3363 4580 ἰδιώματα
3419 4509 3540 4569 πῶς
3580 4503 3644 4560 ἅν
3688 4526 3778 4570 τις

2127 4595 2203 4668 μή
2241 4592 2611 4671 μελαγχολῶν
2645 4596 2918 4674 αποφήνοι
2950 4593 3221 4669 ὁμοούσια
3252 4614 3266 4666 ;
3317 4596 3381 4652 Εἰ
3414 4593 3471 4651 δὲ
3507 4615 3590 4659 τις
3620 4595 3766 4667 ὁμο.

2124 4684 2281 4739 οὐσια
2327 4683 2751 4759 ἆποθρασυνθείη
2804 4683 2985 4760 λέγειν
3013 4685 3079 4741 τὰ
3132 4682 3431 4760 ἰδιώματα,
3462 4683 3543 4740 ὅτι
3587 4682 3642 4738 ἒν
3692 4686 3770 4759 τῇ

2124 4771 2260 4846 αὐτῇ
2301 4769 2573 4835 πολλάκις
2617 4772 2777 4845 οὐσίᾳ
2819 4773 3186 4850 συντρέχοντα
3215 4776 3259 4812 ⁹⁰
3313 4775 3523 4850 ὁρᾶται,
3563 4770 3776 4844 λεληθε

2128 4862 2220 4935 μὶν
2267 4860 2428 4926 αὐτὸς
2457 4861 2646 4918 ἑαυτὸν
2693 4859 2874 4938 ἕτερον
2926 4861 3284 4920 ἀναπλάττων
3328 4862 3627 4938 ὁμοουσίου
3673 4884 3773 4933 ση-

2125 4950 2474 5024 μαινόμενον,
2541 4950 2745 5010 ἄλλοτε
2803 4951 2858 5008 δὲ
2911 4954 3001 5009 καὶ
3055 4954 3124 5010 τὰ
3175 4955 3455 5030 ἑτερογενῆ
3517 4953 3678 5015 οὗτος
3706 4955 3774 5022 ⁸³,

2121 5041 2401 5114 ποσότητα
2443 5064 2589 5117 φημι
2619 5043 2708 5098 καὶ
2753 5043 3021 5114 ποιότητα
3066 5045 3156 5100 καὶ
3187 5043 3287 5100 ὅσα
3316 5043 3464 5100 ἄλλα
3510 5041 3773 5098 ἀδύνατον

1714 5147 1954 5206 νΑιιω
1994 5151 2406 5210 LECTIONES.

430 5237 482 5321 ετξ
513 5239 602 5321 καὶ
634 5239 949 5321 τὰμτοιαῦτα
971 5242 1063 5321 ς’.
1139 5245 1181 5280 ³⁷
1213 5243 1632 5321 κενολογοῦντας
1661 5245 1742 5320 ς’.

363 5305 518 5379 οὐσίᾳ
549 5311 612 5366 Β.
690 5311 732 5348 θί
766 5312 938 5379 οὕτως
971 5305 1030 5371 [ἶ.

1820 5247 1868 5284 ⁸8
1895 5245 2086 5323 ἐκείνῳ
2116 5255 2160 5307 Β
2190 5269 2204 5310 :
2240 5249 2416 5308 ἐκεῖνο
2620 5252 2666 5290 δί’
2693 5258 2794 5323 τῆς
2827 5259 2872 5309 Α
2905 5271 2920 5312 z
2951 5249 3015 5308 ἐκ
3041 5259 3140 5323 τῆς
3331 5252 3381 5289 ⁹⁰
3410 5251 3771 5329 συντρέχοντα

1957 5422 2189 5482 NOT/E.

428 5510 546 5592 (1?)
567 5511 708 5592 fide
724 5511 793 5592 _D.
816 5515 1097 5592 Thomam
1131 5523 1280 5592 part.
1312 5536 1353 5587 ι,
1386 5524 1589 5591 quaest.
1624 5522 1710 5591 40,
1743 5525 1852 5581 art.
1885 5525 1937 5581 1.

396 5581 847 5672 gg‘tgﬁequitnr
864 5587 1019 5672 enim
1034 5581 1454 5672 prp'prietatefn
1478 5607 1607 5672 esse
1637 5581 2006 5672 incarnatam,

362 5655 413 5711 si
444 5655 596 5712 idem
632 5655 716 5712 est
745 5655 1082 5731 bypostasis
1107 5655 1283 5718 Verbi
1313 5667 1368 5718 et
1397 5663 1739 5736 proprietas.

2150 5597 2160 5608 ι
2195 5527 2304 5598 (74)
2331 5523 2572 5596 ’ἰδιότης
2603 5527 2694 5612 καὶ
2735 5524 2942 5613 ἰδίωμα
2971 5529 3296 5613 proprietas
3323 5531 3384 5612 et
3425 5528 3767 5612 appropria-

2120 5601 2202 5656 tio
2232 5613 2336 5655 seu
2366 5601 2821 5659 communicatio
2853 5601 3274 5674 proprietatum
3303 5601 3424 5658 sive
3439 5601 3766 5674 proprium.
