4154 6218
307 356 463 419 1065

1388 358 1932 421 BIBLIOTHEGA.
1977 392 2055 404 —
2097 359 2324 421 CODD.
2370 359 2644 420 CCXXX.

3555 364 3713 428 1066

307 493 384 555 εἷς
434 493 560 567 μίαν
622 491 778 570 φύσιν
838 489 1137 559 συνελθεῖν,
1168 494 1337 547 ταῦτα
1393 493 1564 546 πάντα
1593 493 1642 528 92
1699 492 1727 547 6
1766 491 1950 554 καινὸς

2083 509 2194 565 {uis
2227 492 2437 550 diversi
2471 492 2698 565 generis
2731 497 2866 551 sunt
2895 495 3006 566 (sic
3055 495 3442 568 quantitatem
3475 501 3530 553 et
3563 514 3714 569 qua-

305 581 618 656 νομοθέτης
702 580 856 643 οὗςος
916 582 960 617 ⁸³
1035 581 1460 654 παρακελεύεται
1536 587 1677 636 νοεῖν
1747 602 1805 637 τε
1861 581 1950 635 καὶ

307 669 483 744 λέγειν
514 670 735 745 ὁμοφυῆ
768 689 828 725 τε
863 669 952 724 καὶ
1008 670 1282 742 ὁμοούσια
1307 688 1320 702 ο
1372 669 1423 723 ἐν
1454 669 1559 744 γὰρ
1602 673 1670 743 τῇ
1714 667 1953 744 ἡμετέρᾳ

307 757 464 829 οὐσίᾳ
495 762 737 836 φανερῶς
789 760 981 833 ὁρᾶται
1029 758 1117 813 καὶ
1166 759 1401 828 ποιότης
1441 758 1530 813 καὶ
1578 760 1819 830 ποσότης
1863 759 1954 813 καὶ

306 848 442 922 πρός
471 870 524 903 τι
563 848 655 902 καὶ
690 845 745 902 εἷ’
776 868 862 909 τις
893 849 939 884 ⁹⁴
985 848 1203 909 τούτοις
1237 847 1313 909 εἷς
1342 847 1545 902 ἀκοινω
1576 849 1741 917 ἡτους
1780 849 1956 923 ἀρχὰς

309 935 686 1012 συνδιῄρηται.
720 934 896 992 Ἀλλὰ
950 940 1115 993 τοῦτο
1172 937 1267 1010 μὲν
1324 936 1605 1010 αὐτάρκως
1656 932 1825 992 ἔδωκε
1862 937 1953 991 τὸν

309 1020 538 1101 ἔλεγχον
567 1024 630 1080 τὸ
661 1024 838 1094 ἀτόπη
850 1047 944 1098 μα.

2065 584 2289 640 litatem
2318 590 2374 641 et
2405 601 2768 657 quaecunque
2796 585 2909 641 alia
2940 586 3111 642 simul
3139 588 3198 643 in
3231 604 3410 644 unam
3442 595 3712 645 naturam

2066 673 2225 728 nullo
2258 674 2427 731 modo
2450 677 2762 730 convenire
2787 682 3053 747 possunt,
3077 676 3352 749 appello),
3376 677 3498 734 hac
3529 694 3715 735 novus

2064 761 2161 817 ille
2190 763 2392 819 doctor
2422 779 2521 817 seu
2548 764 2848 836 legislator
2868 765 2951 821 sic
2967 765 3138 837 jubet
3159 782 3226 822 ac
3245 768 3289 821 si
3314 765 3432 821 sint
3452 766 3715 837 ejusdem

2067 857 2283 906 naturas
2314 853 2571 920 ejusdem
2608 852 2787 908 simul
2822 855 3162 910 substantia:
3195 854 3423 927 concipi
3449 864 3502 911 et
3523 855 3718 928 appel-

2064 939 2192 996 lari.
2215 940 2277 996 In
2303 946 2498 996 nostra
2520 942 2675 997 enim
2694 943 3020 999 substantia
3041 949 3239 1015 aperte
3261 944 3519 1000 cernitur
3541 960 3721 1016 quan-

2066 1029 2224 1098 titas,
2257 1035 2315 1085 et
2346 1029 2627 1100 qualitas,
2658 1034 2714 1086 et
2743 1033 2897 1102 quod
2949 1037 3034 1087 est
3064 1034 3133 1088 ad
3170 1032 3393 1104 aliquid
3445 1032 3717 1100 relatum,

310 1121 369 1172 et
397 1118 445 1172 si
477 1117 608 1187 quis
641 1133 742 1188 per
775 1117 892 1171 haec
924 1116 1215 1187 [naturam
1250 1116 1533 1187 nostram]
1566 1116 1623 1170 in
1661 1114 1947 1187 principia
1976 1115 2552 1175 incommunicabilia
2584 1117 2757 1175 simul
2808 1120 3090 1177 diviserit.
3125 1123 3311 1193 Atque
3341 1122 3448 1179 hoc
3479 1121 3717 1193 quidem

312 1206 638 1262 absurdum
670 1206 884 1277 dogma
905 1206 1197 1277 copiosam
1233 1206 1401 1261 nobis
1435 1205 1677 1275 praebuit
1708 1205 2013 1261 materiam
2047 1208 2354 1265 refutandi.

386 1290 540 1349 Ἀλλ’
575 1289 688 1348 οὐδ’
742 1292 885 1348 οὕτω
943 1297 1098 1367 σιγᾷν
1135 1290 1249 1347 οἶδε
1301 1294 1364 1348 τὸ
1422 1290 1628 1368 φίλερι.
1661 1292 1800 1347 Φασὶ
1859 1294 1960 1368 γάρ

313 1404 456 1446 τινες
490 1380 815 1455 συμπλοκήν
850 1381 1035 1444 οὐσίας
1065 1381 1151 1437 καί
1184 1379 1488 1455 ἴδιώματος
1521 1382 1657 1437 εἶναι
1694 1383 1795 1451 τήν
1829 1381 1964 1437 ὑπό-

316 1494 500 1529 στασιν
532 1491 545 1505 '
596 1472 625 1527 ’ὀ
664 1476 973 1551 περιφανῶς
1026 1470 1352 1547 συνεισάγειν
1401 1468 1513 1526 οἶδε
1558 1478 1658 1540 τήν
1700 1471 1960 1528 σύνθεσιν.

318 1562 417 1618 Καὶ
447 1566 553 1617 ποῦ
585 1560 646 1616 ἂν
689 1560 774 1632 εἴη
805 1563 868 1616 τὸ
908 1560 1117 1617 ἁπλοῦν
1162 1560 1253 1615 καὶ
1285 1560 1573 1616 ἀσύνθετον
1605 1567 1705 1630 τῆς
1737 1560 1791 1615 ἐν
1820 1565 1889 1634 τῇ
1919 1561 1964 1598 9⁸

2144 1298 2448 1355 Enimvero
2481 1315 2588 1356 nec
2618 1300 2698 1356 ita
2738 1300 2975 1371 quidem
3027 1301 3231 1358 didicit
3261 1308 3454 1358 tacere
3484 1308 3721 1359 conten-

2073 1384 2255 1441 tiosus
2280 1385 2555 1458 litigator.
2579 1386 2796 1444 Docent
2816 1388 2970 1444 enim
2997 1387 3264 1444 nonnulli
3288 1405 3355 1445 ex
3378 1389 3720 1447 substantiae

2073 1478 2131 1530 et
2188 1475 2557 1546 proprietatis
2612 1476 2979 1548 copulatione
3048 1482 3317 1535 constare
3386 1495 3718 1552 personam.

2074 1566 2210 1631 Quae
2260 1566 2549 1623 sententia
2600 1566 2904 1625 manifeste
2952 1568 3163 1625 asserit
3192 1569 3275 1640 [in
3310 1570 3448 1641 Deo]
3481 1585 3719 1641 compo-

314 1649 508 1727 Τριάδι
542 1650 799 1720 θεότητος
833 1668 847 1719 ;
898 1651 950 1706 οἱ
982 1648 1039 1706 δὲ
1083 1651 1171 1706 καὶ
1204 1649 1491 1707 Βασίλειον
1539 1654 1842 1726 προϊστῶσι
1871 1651 1960 1706 τὸν

2083 1656 2361 1724 sitionem;
2400 1660 2458 1711 at
2488 1655 2584 1712 ubi
2615 1656 2725 1712 erit
2751 1656 2897 1713 illud
2929 1657 3178 1730 simplex
3207 1666 3258 1714 et
3290 1659 3363 1714 ab
3393 1659 3552 1716 omni
3583 1674 3721 1715 con-

317 1741 500 1817 Μὲγαν
538 1747 641 1810 τῆς
685 1746 871 1813 φωνῆς
927 1737 1277 1811 διδάσκαλον,
1338 1739 1437 1795 οὐκ
1492 1738 1766 1803 ἕθὲλοντες
1824 1745 1965 1796 νοεῖν

320 1832 394 1894 ὡς
427 1832 455 1886 ὁ
490 1831 657 1904 σοφὸς
698 1829 902 1894 ἐκεῖνος
949 1830 1083 1906 ἀνὴρ
1125 1828 1250 1886 οὔτε
1299 1831 1427 1905 ὅρον
1479 1828 1601 1887 οὔτε
1642 1832 1965 1910 ὑπογραφὴν

319 1918 615 1984 ἀποδιδοὺς
675 1920 1021 1981 ὑποστάσεως
1074 1922 1137 1975 τὸ
1189 1927 1292 1990 τῆς
1347 1918 1677 1993 συμπλοκῆς
1728 1920 1967 1996 παρέλα·

323 2007 413 2066 ϐεν
456 2006 654 2083 ὄνομα,
688 2008 831 2066 ἀλλὰ
884 2009 1223 2085 βουλόμενος
1272 2008 1619 2083 ἐπιστομίσαι
1669 2012 1759 2067 τὸν
1808 2009 1967 2068 Ἀνό-

327 2121 485 2175 μοιον
520 2102 562 2138 ³⁸
609 2101 710 2169 τήν
762 2099 1079 2177 ἀγεννησίαν
1131 2100 1220 2154 καὶ
1268 2100 1369 2169 τὴν
1417 2100 1601 2155 οὐσίαν
1648 2099 1726 2163 εἷς
1772 2100 1966 2155 ταύτὸν

325 2191 545 2265 ἀγαγεῖν
575 2192 616 2226 9⁷
676 2187 1158 2267 φιλονεικήσάντα,
1190 2189 1282 2243 καὶ
1324 2190 1427 2258 τὴν
1484 2189 1619 2263 πρὸς
1673 2190 1735 2245 τὸ
1786 2210 1972 2264 γεννη-

321 2279 486 2335 τὸν⁹⁸
541 2283 639 2335 106
695 2279 988 2354 ἀγεννήτου
1048 2276 1308 2355 διαφορὰν
1364 2278 1439 2341 εἰς
1487 2279 1578 2334 τὸν
1636 2287 1736 2349 τῆς
1786 2277 1970 2341 οὐσίας

325 2369 496 2444 λόγον
548 2368 1009 2445 μεταγαγεῖν,ἰνα
1059 2369 1136 2442 μὴ
1173 2368 1337 2441 μόνον
1368 2369 1417 2404 99
1466 2366 1778 2448 διαφόρους,
1826 2367 1975 2425 ἀλλά

324 2458 415 2513 καὶ
446 2455 819 2529 ἀντικειμένας
852 2457 1039 2521 οὐσίας
1086 2456 1292 2532 είσάγοι
1326 2458 1344 2493 ί
1391 2457 1479 2512 ἐπί
1517 2478 1575 2513 τε
1619 2461 1715 2512 106
1758 2458 1971 2531 Πατρὸς

326 2546 417 2602 καὶ
446 2550 543 2601 106
575 2546 725 2602 Υἱςῦ.
776 2546 874 2601 Διά
917 2549 1080 2600 τοῦτο
1110 2546 1138 2600 6
1167 2544 1294 2609 τοὺς
1334 2544 1533 2623 λόγους
1582 2546 1886 2620 οἰκονομῶν
1917 2543 1968 2600 ἐν

328 2636 505 2709 κρίσει
559 2633 865 2705 Βασίλειος,
898 2632 947 2689 ἐν
998 2639 1078 2707 τῷ
1120 2635 1257 2708 πρὸς
1300 2635 1390 2690 τὸν
1443 2636 1733 2709 Ἀνομοιον
1773 2634 1970 2713 ἀγῶνι,

329 2728 410 2797 τῷ
450 2728 616 2796 κοινῷ
672 2722 973 2797 συμπλὲκει
1013 2724 1075 2778 τὸ
1121 2722 1281 2795 ἴδιον,
1331 2724 1637 2801 ἀσύγχυτον
1686 2726 1822 2798 ἡμῖν
1879 2724 1968 2779 καὶ

332 2809 711 2888 διακεκριμένη
769 2810 1074 2887 μεθοδεύων
1132 2816 1231 2883 τήν
1277 2820 1375 2884 τῆς
1424 2812 1681 2885 ἀληθείας
1729 2812 1972 2883 κατάλη-

330 2906 445 2978 ψιν.
496 2904 717 2974 Ἀπορεῖ
765 2903 860 2976 μὲν
901 2903 1003 2979 γὰρ
1047 2902 1074 2957 ό
1123 2903 1461 2977 ἀνθρώπινος
1510 2908 1637 2966 νοῦς
1685 2902 1836 2976 ἁπλῇ
1883 2901 1973 2957 καὶ

2077 1743 2329 1800 cretione
2362 1744 2615 1800 materiae
2648 1743 2895 1801 liberum
2927 1746 2986 1802 in
3018 1751 3233 1803 sanctae
3265 1747 3567 1803 Trinitatis
3598 1747 3723 1802 dei-

2078 1837 2193 1889 tate
2220 1833 2248 1888 ?
2278 1832 2425 1901 Quin
2457 1838 2514 1888 et
2544 1833 2824 1890 Basilium
2868 1835 3145 1907 Magnum
3198 1837 3373 1907 hujus
3417 1836 3722 1892 sententia

2076 1928 2371 1980 auctorem
2404 1922 2686 1979 laudant:
2720 1941 2850 1980 cum
2884 1924 3164 1996 [interim]
3201 1925 3388 1982 nolint
3435 1941 3657 1996 capere,
3690 1942 3723 1981 a

2077 2011 2341 2081 sapiente
2370 2010 2473 2067 illo
2504 2013 2625 2067 viro
2658 2028 2846 2084 neque
2881 2012 3184 2069 deﬁnitam
3215 2030 3345 2069 esse
3372 2028 3481 2069 nec
3509 2013 3726 2070 descri-

2079 2104 2236 2172 ptam
2269 2099 2634 2171 hypostasin,
2660 2100 2891 2171 quando
2913 2101 3300 2174 copulationis
3324 2118 3536 2157 nomen
3562 2117 3723 2157 usur-

2077 2192 2253 2263 pavit,
2286 2191 2384 2247 sed
2416 2206 2553 2247 cum
2584 2191 2749 2247 vellet
2782 2191 3098 2263 reprimere
3126 2191 3438 2248 Anomium
3485 2192 3606 2264 (qui
3638 2193 3725 2249 in-

2079 2280 2339 2353 genitum
2373 2284 2430 2337 et
2458 2281 2774 2338 essentiam
2826 2282 3202 2351 confundere,
3233 2284 3291 2338 et
3330 2281 3721 2338 ditl‘erentiam

2079 2370 2232 2425 inter
2260 2370 2521 2442 genitum
2550 2376 2606 2426 et
2626 2370 2947 2443 ingenitum
2972 2372 3042 2427 ad
3069 2373 3353 2429 rationem
3377 2372 3726 2429 substantiae

2079 2459 2392 2516 transferre
2431 2460 2836 2528 contendebat,
2870 2465 2934 2515 ut
2962 2476 3079 2517 non
3124 2460 3318 2518 solum
3364 2459 3722 2529 differentes,

2080 2548 2182 2604 sed
2221 2548 2397 2606 etiam
2448 2549 2772 2605 contrarias
2819 2553 2999 2621 ponat
3027 2549 3087 2606 in
3123 2550 3289 2606 Patre
3318 2553 3375 2605 et
3404 2548 3548 2604 Filio
3580 2548 3726 2604 sub-

2079 2638 2386 2710 stantius):
2418 2641 2715 2709 propterea
2772 2637 3088 2710 disponens
3139 2653 3440 2694 sermones
3488 2653 3624 2693 suos
3662 2638 3724 2692 in

2071 2725 2291 2797 judicio
2343 2726 2616 2795 Basilius,
2652 2727 2709 2783 in
2760 2726 3174 2798 disputationis
3222 2725 3537 2783 certamine
3585 2741 3724 2782 cum

2078 2815 2344 2885 Anomio,
2371 2814 2670 2886 proprium
2702 2815 2999 2886 componit
3019 2831 3151 2871 cum
3176 2814 3488 2885 communi,
3518 2815 3723 2870 incon-

2082 2904 2211 2958 fusa
2242 2902 2407 2958 nobis
2429 2907 2484 2959 ct
2506 2902 2784 2959 distincta
2816 2904 2909 2959 via
2940 2905 3010 2960 ad
3043 2904 3383 2976 capiendam
3417 2903 3722 2959 veritatem

331 3000 431 3069 μιᾷ
468 2989 755 3070 προσϐολῇ
804 2997 866 3051 τὸ
924 2995 1118 3051 ἐνιαῖον
1180 2996 1295 3070 ἅμα
1339 2996 1428 3051 καὶ
1494 2993 1704 3051 ἁπλοῦν
1759 2995 1848 3051 καὶ
1904 2995 1967 3050 τὸ

2083 2993 2492 3048 demonstrata.
2528 2992 2650 3050 Non
2688 2996 2869 3063 potest
2900 2994 3056 3049 enim
3089 2993 3351 3049 humana
3382 3008 3549 3049 mens
3578 2991 3728 3047 sim-

324 3087 545 3159 τρισσὸν
596 3080 919 3141 καταλαϐεῖν
963 3090 1070 3140 τῶν
1132 3085 1475 3141 ὐποστάσεων
1521 3103 1533 3115 ·
1594 3082 1679 3140 διὸ
1733 3088 1803 3159 τῇ
1859 3088 1966 3139 τῶν

327 3172 670 3247 ἰδιωμάτων,
728 3175 803 3236 ὡς
858 3176 886 3229 6
941 3172 1268 3239 διδάσκαλος
1332 3171 1457 3251 ἔφη,
1515 3175 1802 3249 προσθήκῃ
1870 3175 1968 3243 τήν

326 3263 644 3335 ἰδιάζουσαν
709 3264 956 3344 ἀφορίζει
1010 3269 1117 3321 τῶν
1180 3265 1521 3321 ὑποστάσεων
1586 3264 1811 3323 ἔννοιαν.
1870 3264 1969 3319 Καὶ

325 3351 440 3409 ἔστι
502 3355 597 3428 μὲν
652 3355 692 3428 ἦ.
751 3350 985 3427 μέθοδος
1042 3354 1314 3417 ἀσθενείας
1369 3352 1658 3430 ἐπίκουρος
1715 3354 1804 3408 καὶ
1870 3359 1970 3423 τῆς

326 3444 451 3519 περὶ
510 3445 571 3498 τὸ
651 3442 1038 3514 ἀκατάληπτον
1116 3443 1363 3518 συνεργὸς
1452 3441 1837 3517 καταλήψεως,
1905 3441 1969 3497 οὐ

330 3534 441 3606 μην
472 3553 533 3607 γε
582 3531 1071 3607 συμπεπλεγμένον
1118 3533 1182 3588 τὸ
1229 3531 1440 3588 ἁπλοῦν
1485 3539 1586 3602 τῆς
1634 3532 1889 3600 θεότητος
1933 3529 1969 3599 ἢ

329 3621 477 3686 ὅλως
506 3621 624 3678 τινὰ
652 3626 761 3677 τῶν
792 3622 998 3694 ταύτης
1040 3621 1382 3677 ὑποστάσεων
1417 3622 1680 3693 οὐμενοῦν
1715 3617 1970 3691 οὐδαμῶς

329 3710 691 3786 ἀπεργάσαιτο
713 3713 756 3767 ³.
782 3711 876 3765 Διὸ
896 3710 986 3766 καὶ
1011 3711 1278 3786 ἐπήγαγεν
1313 3710 1387 3774 ὠς
1409 3710 1698 3784 ἀμήχανον
1732 3706 1974 3778 ἰδιάζου-

330 3816 425 3851 σαν
461 3794 665 3851 ἔννοιαν
718 3797 929 3870 Πατρός
980 3790 1166 3851 λαϐεῖν
1200 3798 1327 3868 [458
1518 3795 1552 3864 ἢ
1596 3795 1744 3865 ι’ἱοῦ,
1780 3794 1856 3867 μή
1903 3798 1973 3868 τῇ

329 3888 436 3940 τῶν
491 3883 805 3959 ἷδιωμάτων
854 3886 1141 3960 προσθήκῃ
1185 3891 1284 3954 τῆς
1331 3881 1567 3944 διανοίας
1615 3880 1975 3957 διαρθρουμέ-

329 3995 450 4045 νης.
483 3973 581 4029 Καὶ
621 3973 757 4049 ὅπερ
814 3972 865 4029 ἓν
897 3979 1017 4036 τοῖς
1074 3969 1416 4049 προλαϐοῦσι
1476 3969 1802 4045 συμπλοκὴν
1857 3968 1976 4026 ἐκά-

328 4064 471 4133 λεσε,
501 4069 663 4121 τοῦτο
718 4069 806 4121 νῦν
862 4066 1184 4141 προσθήκην
1216 4064 1484 4138 ὠνόμασε,
1545 4061 1869 4140 σαφέστερον
1906 4060 1973 4131 δὴ

327 4154 391 4210 τὸ
420 4154 711 4230 εἰρημένον
761 4160 936 4210 ποιῶν
967 4175 979 4188 ·
1034 4153 1105 4209 Οὐ
1137 4156 1241 4231 γὰρ
1273 4155 1325 4209 οἱ
1375 4152 1654 4222 δεικτικοὶ,
1690 4151 1846 4230 φησὶ,
1876 4158 1976 4222 τῆς

332 4241 609 4316 ἰδιότητος
657 4243 825 4300 αὐτοῦ
888 4243 1086 4319 τρόποι
1144 4245 1238 4299 τὸν
1295 4247 1395 4309 τῆς
1444 4240 1757 4312 ἁπλότητος
1812 4240 1976 4296 αὐτοῦ

2083 3081 2213 3153 plici
2240 3086 2296 3136 et
2314 3081 2483 3136 unico
2507 3089 2820 3153 conceptus
2841 3082 3088 3154 impetu,
3112 3082 3288 3139 simul
3312 3081 3457 3137 illud
3484 3080 3725 3136 unicum

2084 3187 2149 3226 ac
2180 3170 2423 3241 simplex
2451 3170 2533 3240 [in
2568 3170 2891 3242 divinitate]
2921 3180 2976 3227 et
3006 3171 3288 3242 triplicem
3335 3185 3724 3242 personarum

2078 3277 2387 3318 numerum
2438 3278 2694 3335 capere;
2743 3268 3064 3335 propterea,
3107 3266 3169 3317 ut
3215 3261 3492 3333 magister
3540 3261 3725 3329 docet,

2080 3368 2180 3423 per
2231 3352 2647 3424 proprietatum
2702 3352 3084 3425 adjectionem
3136 3353 3479 3408 distinctum
3529 3351 3589 3406 in
3635 3349 3727 3407 bis

2081 3441 2289 3497 format
2313 3458 2691 3514 personarum
2716 3448 3080 3515 conceptum.
3103 3442 3334 3498 Metbod
3346 3458 3411 3496 us
3433 3457 3573 3498 sane
3596 3455 3730 3496 suc-

2082 3532 2262 3587 currit
2290 3530 2694 3600 imbecillitati,
2712 3531 3002 3603 efﬁcitque
3025 3535 3089 3586 ut
3110 3532 3260 3602 quod
3286 3530 3534 3602 intelligi
3568 3529 3730 3601 prius

2083 3638 2193 3677 non
2274 3625 2516 3691 poterat,
2598 3621 2762 3678 facile
2838 3619 3219 3691 intelligatur.
3296 3618 3468 3674 Nullo
3555 3616 3729 3674 modo

2083 3725 2216 3781 ergo
2275 3709 2467 3781 [divus
2524 3710 2792 3780 Basilius]
2846 3708 3083 3765 Deitatis
3137 3706 3598 3778 simplicitatem,
3631 3715 3731 3761 aut

2085 3814 2392 3869 personam
2426 3813 2833 3868 quamcunque
2864 3795 3190 3852 Divinitatis
3222 3794 3600 3867 compositam
3633 3806 3730 3846 vo-

2083 3884 2212 3941 luit.
2259 3885 2401 3939 Hinc
2449 3885 2678 3955 adjecit,
2723 3882 3091 3956 impossibile
3142 3899 3270 3938 esse
3324 3881 3624 3954 proprium
3678 3883 3732 3933 et

2084 3971 2437 4044 singularem
2472 3973 2542 4029 de
2576 3972 2741 4028 Patre
2780 3976 2882 4027 aut
2927 3969 3073 4027 Filio
3113 3971 3240 4027 sine
3285 3968 3732 4042 proprietatum,

2087 4062 2301 4134 quibus
2321 4060 2681 4133 intelligendi
2708 4059 2947 4117 facultas
2971 4060 3386 4133 distinguatur,
3407 4058 3734 4129 adjectione

2085 4152 2337 4207 formare
2368 4154 2734 4223 conceptum.
2766 4150 2831 4205 Et
2858 4151 3010 4222 quod
3042 4155 3212 4205 antea
3241 4153 3473 4205 vocarat
3503 4161 3736 4216 compo-

2085 4240 2453 4312 sitionem,id
2476 4258 2630 4297 nunc
2655 4240 2963 4314 appellavit
2986 4240 3392 4311 adjectionem,
3420 4241 3483 4292 ut
3503 4236 3559 4291 id
3580 4235 3736 4308 quod

330 4332 502 4408 λόγον
562 4331 1052 4410 παραλυπήσουσιν
1085 4352 1099 4366 ·
1161 4332 1196 4402 ἢ
1232 4331 1374 4388 οὕτω
1422 4352 1486 4408 γε
1538 4332 1598 4385 ἂν
1629 4331 1822 4400 πάντα,
1876 4328 1969 4385 ὅσα

2083 4332 2325 4398 dixerat,
2381 4330 2566 4403 magis
2624 4329 2966 4386 declararet.
3018 4329 3161 4386 Modi
3215 4343 3341 4399 ergo
3403 4326 3584 4383 28οι
3638 4338 3738 4381 seu

328 4421 455 4494 περὶ
511 4426 645 4478 Θεοῦ
699 4422 938 4499 λέγεται,
992 4421 1238 4478 σύνθετον
1301 4424 1435 4495 ἡμῖν
1510 4421 1605 4476 τὸν
1661 4419 1789 4475 Θεὸν
1846 4418 1974 4473 ἄνα-

334 4508 481 4587 δείξῃ
510 4513 551 4570 ³.

2084 4420 2251 4492 tropi,
2283 4420 2351 4475 ad
2383 4420 2746 4476 indicandam
2775 4419 3171 4489 proprietatem
3201 4419 3275 4473 ab
3309 4417 3406 4473 illo
3444 4413 3737 4486 (Basilius)

2087 4511 2146 4565 in
2178 4508 2412 4566 docendo
2442 4508 2704 4575 adhibiti,
2733 4506 3111 4580 simplicitatis
3143 4506 3417 4563 rationem
3445 4520 3555 4561 non
3583 4519 3741 4561 ever-

332 4605 475 4659 tunt.
507 4602 729 4677 Alioqui
757 4605 944 4661 omnia
973 4619 1091 4676 quae
1119 4602 1183 4660 de
1212 4604 1315 4659 Deo
1344 4602 1626 4669 dicuntur,
1659 4600 1828 4657 Deum
1854 4597 2012 4655 nobis
2042 4598 2401 4672 compositum
2426 4598 2756 4671 probabunt.

401 4694 578 4745 Ta61a
626 4687 855 4747 διελθὼν
905 4692 933 4746 6
980 4692 1149 4753 καλὸς
1190 4688 1453 4767 Εὐλόγιος
1503 4686 1683 4759 ἄλλην
1744 4684 1976 4757 ἀπορίαν

333 4779 663 4851 κινουμένην
710 4777 940 4851 ἵστησιν.
977 4782 1116 4854 ’Δρα
1151 4779 1277 4855 γὰρ,
1328 4778 1511 4857 φησὶν,
1544 4776 1705 4848 ἡνίκα
1745 4777 1808 4832 τὸ
1841 4774 1981 4831 ἴδιον

336 4866 727 4943 συμπλέκομεν
758 4879 780 4914 ⁸
823 4873 904 4942 τῷ
932 4874 1124 4943 κοινῷ,
1154 4865 1480 4944 ψευδόμενοι
1520 4871 1682 4923 τοῦτο
1715 4870 1981 4940 ποιοῦμεν

404 4957 762 5029 ἀληθεύοντες
795 4979 809 5029 ;
842 4962 971 5033 [869
999 4962 1090 5032 8.]
1120 4958 1247 5015 ἀλλ’
1277 4958 1323 5013 εί
1358 4959 1452 5032 μὲν
1480 4960 1501 4994 ⁸
1547 4953 1896 5031 ψευδόμενοι,
1929 4954 1981 5010 τί

332 5049 425 5106 καὶ
475 5069 819 5129 προφερομεν
871 5047 1043 5122 λέξεις
1075 5050 1149 5106 ὧν
1203 5050 1278 5124 μὴ
1311 5051 1333 5087 ⁸
1384 5044 1495 5104 ἔστι
1527 5042 1716 5103 λαϐεῖν
1767 5044 1983 5102 ὑποκεί-

338 5157 543 5214 μενον;
592 5135 720 5194 εἶδ’
766 5137 1123 5210 ἀληθεύοντες
1150 5139 1195 5210 ⁷,
1244 5134 1730 5214 συμπεπλεγμένον
1784 5138 1843 5190 ἃν
1895 5131 1980 5206 εἷή

330 5230 425 5286 καὶ
456 5231 491 5300 ἡ
523 5229 549 5265 ⁸
607 5235 710 5301 τῆς
760 5225 1017 5304 Τριάδος,
1073 5228 1154 5308 ἰφ⁹
1203 5230 1270 5301 ἢν
1319 5229 1420 5299 τὴν
1477 5228 1666 5307 φωνην
1722 5225 1984 5305 φέρομεν,

2160 4688 2260 4745 His
2293 4688 2621 4762 explicatis,
2654 4686 2917 4759 egregius
2950 4685 3232 4757 Eulogius
3264 4683 3436 4740 aliam
3469 4682 3741 4755 quazstio-

2092 4794 2224 4834 nem
2273 4777 2564 4851 proponit.
2599 4776 2924 4845 Enimvero,
2958 4775 3172 4847 inquit,
3219 4772 3452 4846 quando
3503 4774 3742 4826 conten-

2093 4868 2243 4923 dunt
2264 4866 2562 4940 proprium
2587 4882 2723 4922 cum
2747 4865 3043 4921 communi
3067 4880 3193 4919 esse
3216 4862 3615 4932 conjunctum,
3641 4859 3745 4912 aut

2096 4956 2481 5026 mentiuntur,
2513 4971 2644 5012 cum
2680 4955 2784 5011 hoc
2816 4954 3060 5019 faciunt,
3093 4956 3197 5009 aut
3244 4966 3376 5007 vere
3427 4947 3741 5004 afﬁrmant.

2092 5046 2147 5101 Si
2179 5045 2560 5111 mentiuntur,
2585 5059 2866 5115 quorsum
2893 5042 3068 5099 verba
3088 5038 3462 5112 proferimus,
3490 5048 3743 5107 quorum

2093 5135 2424 5206 subjectum
2454 5136 2869 5206 argumentum
2903 5147 3019 5187 non
3050 5129 3295 5202 capias?
3322 5127 3377 5182 Si
3409 5140 3541 5185 vere
3590 5122 3747 5180 affir-

2094 5227 2277 5295 mant,
2309 5226 2585 5296 sequetur
2632 5219 2938 5277 Trinitatis
2985 5234 3292 5293 personam
3335 5217 3407 5272 ad
3440 5229 3613 5288 quam
3646 5229 3747 5270 vo-

1695 5374 1944 5432 VARIIE
1984 5370 2393 5430 LECTIONES.

416 5491 463 5529 ⁸³
487 5492 658 5546 πάντα
699 5493 834 5565 add.
866 5495 933 5565 A_.
1010 5491 1059 5530 9³
1091 5488 1232 5565 οξτο)
1385 5558 1397 5565 _
1422 5487 1471 5524 ⁹⁴
1498 5487 1603 5565 τις]
1627 5482 1956 5565 Ροηηετιῗ
2020 5481 2181 5565 ξδ’τῇ
2216 5481 2462 5565 addqu
2527 5479 2576 5514 95
2606 5476 2897 5565 ’ᾼνόμοιρχ
2926 5481 3023 5565 AO:
3072 5475 3354 5565 ἀνώέυμον
3384 5504 3494 5565 ι-η

1249 5550 1304 5600 δῖ
1330 5558 1491 5634 μόνον
1523 5550 1603 5620 εἷς
1624 5555 1749 5635 ὃιαφ
1939 5560 1955 5593 ¹
1990 5550 2178 5627 εἰσάγῂ
2370 5552 2392 5587 ²
2437 5550 2785 5626 ἀπηργάσατο

1249 5653 1375 5684 οιιεν
1427 5663 1495 5676 --
1543 5630 1829 5684 ποιοῦιιενί
1887 5628 2020 5684 libri
2070 5622 2519 5684 συμπκεκόμενον
2568 5654 2637 5665 ο·-
2684 5624 2935 5675 ποιοῦσιν

1913 5642 2020 5683 ιυτι
2070 5642 2637 5698 συμπλεκόμενονῗο-
2684 5642 2954 5675 ποιουσιν.

337 5568 600 5653 ναγαχεῖὲ
759 5562 819 5653 ΒΞ
852 5562 946 5653 τὸν
975 5584 1030 5639 γ.
1089 5562 1172 5653 ς(

337 5642 384 5693 Β
463 5630 726 5709 ἀναδείξει
758 5634 839 5709 ς,
914 5638 937 5671 ⁸
977 5630 1375 5709 ’συμῖρεὲκομεν
1427 5663 1509 5709 -_--
1543 5630 1829 5709 ποιοῦμεν]

2150 5483 2178 5495 ~

3571 5470 3619 5507 97
3656 5490 3751 5525 συ,

2992 5547 3124 5623 ³-ἂν
3174 5541 3318 5623 δείξῃ
3370 5552 3438 5623 A_,
3464 5541 3752 5623 jva'éetﬁpt

3032 5621 3055 5655 ⁵
3089 5642 3182 5693 μεν
3213 5615 3533 5692 Α’ξκαίς.
3637 5615 3754 5670 8ὢν

345 5708 450 5783 μή]
487 5707 534 5780 ᾧ
572 5697 726 5781 μήἈ
752 5697 883 5764 ε’ὧν
921 5697 1072 5782 μῆτέ
1257 5697 1670 5773 τ’ἀληθεύοντες
1703 5697 1783 5757 Ᾱε
1812 5697 2163 5771 ἀληθεύομεν
2358 5699 2382 5732 δ
2412 5698 2445 5765 ἡ
2478 5697 2612 5752 add.
2653 5698 2719 5751 A.

663 5808 939 5871 PATROL.
985 5811 1098 5871 Gn.
1145 5806 1296 5870 Clll.

3353 5792 3427 5851 34
