4138 6228
473 387 628 447 1067

467 609 588 664 haec
620 611 853 680 quidem
888 617 971 664 est
1024 609 1315 679 proposita
1363 609 1625 679 quaestio.
1661 609 1989 680 Respondet
2035 609 2106 664 ad

466 700 617 753 hanc
666 716 731 753 ex
780 698 1107 753 antedictis.
1156 697 1298 751 Cum
1358 699 1534 767 enim,
1588 698 1798 768 inquit,
1856 699 2107 753 humana

467 803 630 842 mens
673 789 744 842 ob
795 787 1054 857 [naturas]
1109 787 1580 854 imbecillitatem,
1613 787 1778 842 Entis
1826 790 2107 842 rationem

465 893 576 931 non
613 878 794 948 possit
823 878 1078 948 assequi,
1108 877 1297 933 verbis
1338 877 1534 948 aliquo
1569 877 1738 933 modo
1770 877 2109 949 compositis

467 967 573 1033 uti,
601 974 656 1022 et
687 967 985 1038 proprium
1020 985 1151 1023 cum
1193 969 1490 1024 communi
1538 966 1807 1040 copulare
1858 967 2107 1038 cogitur,

465 1073 530 1111 eo
561 1055 716 1126 quod
750 1061 890 1122 [esse
921 1057 1207 1124 divinum]
1242 1057 1585 1128 simpliciter
1605 1061 1662 1112 et
1692 1058 2012 1113 secundum
2047 1072 2108 1112 se

466 1147 658 1216 [prout
689 1164 721 1202 a
765 1153 929 1219 parte
960 1150 1040 1204 rei
1071 1150 1176 1218 est]
1209 1149 1490 1218 explicare
1531 1165 1646 1204 non
1696 1150 1898 1219 passit.
1946 1149 2108 1212 Quod

466 1236 512 1290 si
566 1237 688 1291 ﬁeri
739 1242 954 1308 posset,
1010 1239 1092 1292 uti
1141 1238 1386 1309 simplex
1438 1237 1607 1304 illud,
1644 1237 1894 1305 simplici
1952 1253 2106 1305 voce,

465 1341 579 1380 non
609 1325 804 1381 minus
828 1343 1004 1396 quam
1031 1326 1451 1397 compositione
1473 1327 1800 1393 verborum,
1819 1327 2110 1381 sufficien-

464 1422 548 1469 ter
569 1415 1006 1484 exprimeretur,
1024 1432 1187 1470 mens
1207 1416 1447 1486 [nostra]
1473 1431 1832 1486 nequaquam
1858 1416 2113 1486 [compo-

461 1503 617 1574 sitis]
658 1505 1014 1560 abuteretur.
1063 1505 1171 1559 Sed
1224 1521 1427 1560 vocum
1480 1505 1839 1576 imperfectio
1889 1505 2109 1560 incom-

463 1594 850 1663 prehensibile
899 1612 1014 1649 non
1065 1595 1502 1664 comprehendit
1553 1595 1679 1665 [aut
1733 1595 2105 1666 assequitur].

465 1684 766 1739 Enimvero
801 1686 1081 1755 magister
1113 1685 1236 1755 ipse
1269 1685 1367 1756 qui
1391 1685 1723 1755 conjunctis
1743 1684 1932 1740 verbis
1969 1700 2109 1738 usus

464 1777 606 1838 erat,
642 1778 840 1843 postea
875 1775 1204 1844 frequenter
1245 1774 1380 1828 alibi
1432 1774 1604 1828 Deum
1657 1774 1813 1829 omni
1849 1791 1914 1829 ex
1947 1777 2108 1845 parte

1667 388 1926 449 PHOTll
1975 387 2503 448 PATRIARCHIE
2547 386 2664 446 ΟΡ.

469 536 594 576 cem
646 519 970 587 referimus,
1012 535 1139 574 esse
1189 518 1406 589 aliquid
1456 521 1868 590 compositum.
1923 524 2103 591 Atque

2223 518 2537 578 ὑπόστασις.
2597 517 2658 571 Ἦ
2722 517 2816 589 μὲν
2893 513 3097 589 ἀπορία
3170 516 3443 586 τοιαύτη⁸

3524 151 3528 158 Ι
3553 41 3644 180 ¹
3797 43 3924 179 ..Ι-ιιι

3720 386 3870 446 1068

3525 515 3876 587 ἂνασκευάζει

2218 606 2274 662 δὲ
2333 607 2496 675 αὐτὴν
2559 604 2628 660 δι’
2696 607 2771 660 ὧν
2803 606 2921 660 εἶπε
2992 605 3277 680 πρότερον.
3340 606 3671 675 Ἐξασθενῶν
3746 607 3876 681 γάρ,

2217 697 2372 770 φησὶ,
2423 697 2546 771 περὶ
2602 697 2700 764 τήν
2759 699 2856 749 τοῦ
2897 691 3054 756 ὄντος
3102 693 3272 756 ὅντως
3301 696 3325 730 9
3367 696 3596 772 θεωρίαν
3631 697 3658 750 ὁ
3689 701 3813 757 νοῦς
3850 697 3879 750 ὁ

2221 785 2554 860 ἀνθρώπινος
2616 786 2862 860 βιάζεταί
2918 805 3035 848 πως
3067 783 3583 861 συμπεπλεγμέναις
3629 788 3878 860 χρῆσθαι

2220 876 2421 951 φωναῖς
2453 875 2542 930 καὶ
2593 879 2672 946 τῷ
2727 879 2898 947 κοινῷ
2930 875 3214 929 συνάπτειν
3263 875 3326 928 τὸ
3373 872 3539 940 ἴδιον,
3570 875 3635 929 τὸ
3661 874 3878 929 ἀπλοῦν

2221 964 2332 1038 ἃμα
2362 967 2448 1020 καὶ
2503 962 2916 1038 διακεκριμένον
2962 969 3071 1019 τῶν
3124 962 3488 1035 ὓποστάσεων,
3533 962 3729 1026 ἁπλῶς
3780 966 3876 1018 καὶ

2322 1055 2335 1074 τ
2436 1055 2448 1072 ο
2501 1054 2514 1070 κ
2607 1055 2630 1089 0
2692 1053 2705 1073 τ
2800 1051 2824 1070 λ
2915 1058 2941 1068 ν
3158 1055 3172 1072 ς
3237 1051 3261 1070 λ
3346 1054 3355 1070 1
3534 1072 3545 1084 .
3616 1055 3676 1086 ι.
3749 1053 3773 1072 ’ν
3855 1075 3876 1084 ⁸

2219 1056 2316 1108 καθ
2393 1075 2524 1109 αυτο
2585 1059 2601 1091 ί
2687 1053 3044 1124 υποοηλωσαι
3105 1075 3180 1125 μη
3233 1071 3526 1126 ουναμενος
3600 1076 3674 1114 ως
3721 1074 3764 1107 ει
3815 1077 3877 1125 γε

2222 1145 2341 1198 οἷόν
2380 1165 2438 1199 τε
2483 1145 2548 1213 ἦν
2618 1143 2767 1217 ἁπλῇ
2811 1145 2872 1197 τὸ
2924 1141 3169 1198 ἁπαλοῦν
3221 1143 3547 1218 ἀπαγγεῖλαι
3592 1147 3768 1216 φωνῇ,
3803 1147 3874 1216 τῇ

2221 1231 2516 1305 συμπλοκῇ
2559 1236 2666 1287 τῶν
2717 1231 2908 1302 λέξεων
2965 1234 3068 1288 οὐκ
3106 1230 3166 1286 ἂν
3235 1233 3262 1286 ὁ
3320 1237 3440 1294 νοῦς
3498 1233 3872 1307 ἀπεκὲχρητο.

2223 1320 2381 1377 Ἀλλ’
2410 1322 2473 1376 οὐ
2506 1321 2833 1398 συμφέρεται
2870 1326 2938 1394 τῇ
2996 1318 3245 1392 εὐτελείᾳ
3292 1327 3399 1376 τῶν
3448 1323 3715 1394 ῥημάτων
3771 1328 3879 1390 τῆς

2220 1412 2366 1472 θείας
2412 1409 2592 1472 οὐσίας
2621 1411 2684 1465 τὸ
2732 1409 3137 1479 ἀκατάληπτον,
3196 1409 3309 1465 ἐπεὶ
3369 1410 3458 1464 καὶ
3508 1409 3674 1472 αὑτὸς
3726 1411 3754 1465 ὀ
3790 1409 3878 1465 διο

2221 1498 2490 1564 δᾶσκαλος
2539 1498 2824 1574 συμλοκῆν
2879 1499 3045 1554 εἰπὼν
3113 1499 3304 1577 ἐφεξῆς
3359 1500 3422 1554 τὸ
3466 1505 3619 1554 Θεῖον
3655 1498 3877 1554 ἁπλοῦν

2219 1591 2392 1660 πάντη
2426 1591 2514 1644 καὶ
2546 1589 2829 1645 ἀσύνθετον
2863 1591 2948 1644 καὶ
2983 1588 3241 1667 ἀλλαχοῦ
3264 1588 3536 1650 πολλάκις
3568 1589 3878 1662 ἀνύμνησε,

2224 1679 2386 1753 μόνον
2428 1679 2558 1754 οὐχὶ
2603 1681 2748 1755 βοῶν
2779 1679 2854 1742 ὡς
2882 1678 3158 1740 ἀσθενείας
3188 1678 3328 1734 ἐστὶν
3449 1681 3735 1751 προσθήκη
3786 1682 3880 1734 καὶ

2219 1772 2252 1838 ἡ
2289 1769 2581 1841 συμπλοκή
2640 1764 2965 1843 πρόϐλημα,
3016 1769 3150 1840 πρὸς
3195 1767 3506 1842 κατάληψιν
3553 1771 3721 1840 ,ἡμᾶς
3773 1776 3881 1837 τῆς

463 1861 787 1931 simplicem
821 1866 875 1916 ct
905 1862 1031 1916 sine
1067 1861 1181 1916 ulla
1212 1863 1627 1933 compositione
1677 1878 1805 1918 esse
1839 1862 2103 1932 praedica-

2219 1857 2477 1927 ἀληθείας
2527 1861 2966 1932 χειραγωγοῦσα,
3018 1856 3078 1911 οὐ
3133 1855 3316 1929 μέντοι
3347 1877 3405 1929 γε
3435 1856 3498 1910 τὸ
3531 1855 3740 1910 άπλοῦν
3773 1865 3880 1926 τῆς

462 1951 563 2018 vit,
601 1951 696 2022 qui
731 1956 958 2005 tantum
997 1969 1112 2005 non
1144 1952 1377 2021 clamat,
1412 1951 1877 2021 conjunctionem
1909 1952 2114 2006 verbo-

465 2057 594 2093 rum
629 2043 684 2094 et
717 2041 1198 2110 compositionem
1223 2042 1280 2094 in
1315 2042 1572 2095 defectus
1595 2041 1787 2096 locum
1822 2039 2107 2108 adhiberi,

468 2146 583 2198 qua
603 2131 674 2182 ad
700 2130 956 2183 veritatis
981 2129 1370 2199 cognitionem
1403 2131 1760 2186 deducamur
1779 2155 1793 2199 ς
1814 2146 2108 2200 nunquam

467 2223 662 2273 autem
695 2218 752 2272 id
784 2218 893 2273 sibi
927 2235 1176 2285 sumere,
1221 2224 1281 2274 ut
1311 2219 1742 2291 simplicitatem
1798 2223 2016 2275 natura
2057 2227 2110 2276 et

467 2310 539 2362 ab
572 2307 729 2361 omni
763 2308 1127 2363 concretione
1175 2308 1417 2364 liberam
1469 2310 1686 2379 redigat
1717 2310 1784 2364 ad
1817 2309 2108 2381 composi-

465 2397 682 2451 tionem
713 2402 814 2451 aut
843 2397 1242 2468 duplicitatem
1271 2416 1282 2453 :
1319 2398 1707 2469 inexplicabili
1758 2401 1904 2454 enim
1939 2404 1995 2454 et
2024 2399 2110 2454 in-

464 2486 886 2557 comprehensa
936 2487 1158 2542 ratione
1211 2488 1409 2558 [Deus]
1443 2505 1574 2543 cum
1607 2505 1758 2543 unus
1789 2489 1888 2554 sit,
1923 2488 2108 2544 trinus

2222 1948 2429 2022 φύσεως
2462 1945 2550 2001 καί
2579 1947 2864 2002 ἀσυνθετον
2899 1947 2973 2008 εἰς
3021 1944 3257 2016 διπλόην
3307 1946 3395 2000 καὶ
3439 1945 3678 2000 σύνθεσιν
3739 1969 3876 2001 κατ-

2221 2042 2438 2114 αγαγεῖν
2499 2038 2660 2091 ποθεν
2718 2035 2930 2109 τόλμαν
2965 2035 3209 2110 εἴληφεν,
3245 2034 3531 2111 Ἀῤῥτςτως
3571 2036 3670 2110 γάρ
3699 2041 3737 2074 ιι
3773 2039 3868 2090 καί

2217 2127 2585 2198 ἀνεπινοῆτως
2625 2123 2679 2180 ἓν
2729 2148 2788 2181 τε
2849 2127 3097 2204 ὑπάρχον
3157 2126 3248 2180 καὶ
3292 2126 3460 2198 Τριας
3493 2127 3870 2200 θεωρούμενον

2215 2218 2277 2272 τὸ
2307 2217 2787 2291 προσκυνούμενον
2812 2219 2858 2258 ¹²
2887 2218 2949 2271 τὸ
2976 2218 3070 2290 μὲν
3093 2218 3227 2271 κατὰ
3268 2218 3366 2284 τήν
3392 2212 3656 2291 ἅσχεττόν
3689 2237 3746 2270 τε
3770 2218 3864 2270 καὶ

2217 2309 2347 2380 ὑπὲρ
2405 2309 2553 2379 ἡμᾶς
2605 2305 2883 2380 θεολογίαν
2937 2311 3298 2374 κατανοεῖται,
3357 2307 3419 2359 τὸ
3477 2302 3534 2360 δὲ
3593 2307 3732 2360 κατᾶ
3760 2309 3862 2374 τήν

2213 2399 2470 2472 σχετικήν
2525 2417 2583 2450 τε
2639 2396 2729 2449 καὶ
2779 2397 2902 2470 περὶ
2960 2398 3133 2470 ἡμᾶς,
3203 2397 3310 2465 Τὴν
3349 2395 3442 2468 μὲν
3493 2396 3586 2450 οὖν
3627 2397 3860 2471 ἀπορίαν

2214 2485 2385 2547 οὕτως
2416 2479 2591 2555 ἔδοξεν
2619 2483 2954 2542 ἐπιλύεσθαι.

461 2581 658 2632 tamen
704 2577 989 2648 cognitus,
1025 2579 1236 2649 partim
1286 2579 1522 2650 quidem
1572 2581 1891 2636 secundum
1942 2579 2488 2650 incomprehensam
2522 2585 2576 2632 et
2607 2595 2729 2648 quae
2786 2582 3047 2634 nostram
3108 2577 3440 2634 facultatem
3499 2579 3875 2651 intelligendi

463 2671 691 2737 superet
740 2669 1025 2724 rationem
1076 2671 1500 2739 consideratur,
1534 2669 1746 2741 partim
1799 2686 1913 2741 qua
1961 2686 1994 2725 a
2041 2670 2208 2726 nobis
2258 2668 2507 2740 intelligi
2557 2673 2609 2725 et
2661 2667 3076 2740 comprehendi
3126 2673 3329 2740 potest.
3373 2671 3561 2740 Atque
3602 2669 3687 2725 ita
3728 2670 3875 2726 hanc

461 2757 843 2826 quaestionem
877 2758 1036 2814 visus
1067 2764 1155 2816 est
1184 2760 1529 2830 expediisse.

529 2847 692 2911 Quod
724 2849 774 2902 si
809 2848 901 2902 cui
938 2849 1319 2904 nihilominus
1351 2850 1668 2906 dicendum
1691 2850 1942 2918 videtur,
1967 2865 2116 2920 quaa-

459 2937 703 2992 stionetn
738 2937 930 2992 adhuc
965 2939 1023 2992 in
1056 2938 1151 3004 iis,
1187 2957 1315 3010 quae
1346 2958 1377 2993 a
1411 2939 1696 3011 principio
1747 2939 1903 2994 dicta
1950 2943 2110 3008 sunt,

462 3027 697 3092 haerere,
724 3029 899 3081 addat
929 3027 1026 3083 ille
1057 3029 1338 3099 superiori
1371 3047 1579 3095 causa),
1604 3029 1760 3100 quod
1781 3030 1955 3085 etiam
1987 3033 2108 3084 tum

461 3133 592 3170 cum
631 3118 807 3170 Deum
839 3116 1307 3187 inexplicabilem
1340 3118 1728 3185 aftirmamus,
1763 3119 1820 3173 id
1851 3134 1963 3174 non
1997 3118 2105 3173 nisi

459 3203 651 3257 verbis
683 3205 1082 3273 enuntiemus,
1107 3206 1257 3260 sicut
1285 3215 1357 3273 et,
1383 3209 1535 3277 quod
1571 3225 1751 3278 supra
1779 3206 2107 3279 intelligen-

2299 2844 2366 2904 Ei’
2394 2844 2450 2902 δὲ
2505 2867 2585 2910 τις
2650 2844 2801 2901 οὐδὲν
2860 2849 3020 2914 ἧττον
3053 2844 3192 2919 ἐρεῖν
3232 2845 3402 2901 οἷέται
3432 2849 3493 2902 τὸ
3522 2847 3879 2919 ἠπορημένον

2222 2941 2338 2998 τοῖς
2369 2936 2460 2990 ἀπ’
2512 2939 2692 3011 ἀρχῆς
2741 2933 3127 3009 ἐπερείδεσθαι,
3178 2932 3542 3010 προσλαϐέτω
3587 2940 3665 3008 τῷ
3717 2935 3876 3010 λογῳ

2221 3027 2303 3079 δτι
2349 3026 2439 3080 καὶ
2481 3027 2613 3100 ὅπερ
2670 3023 2938 3104 ἄφραστον
2997 3024 3231 3099 λέγομεν
3303 3024 3542 3099 ῥήμασιν
3599 3026 3873 3101 ἀπαγγελ-

2221 3115 2417 3188 λομεν,
2450 3116 2538 3170 καὶ
2595 3116 2656 3170 τὸ
2717 3115 3078 3189 ἀπερινόητον
3131 3126 3567 3190 σκιαγραφοϋμεν
3641 3113 3731 3169 διά
3784 3137 3871 3170 νου

2218 3207 2412 3274 ήσεως,
2453 3204 2540 3259 καὶ
2573 3205 2635 3259 τὸ
2678 3203 2912 3279 ἄχρονον
2946 3210 3231 3281 χρονικαῖς
3265 3199 3552 3266 ἐπιϐολαῖς
3585 3207 3677 3258 καὶ
3711 3207 3870 3272 κινῆ-

462 3291 595 3345 tiam
631 3296 716 3347 est
758 3298 1037 3362 nostram,
1085 3295 1504 3350 adumbramus
1554 3311 1654 3366 per
1703 3295 2100 3366 intellectum;

2219 3315 2357 3348 σεσιν
2419 3289 2830 3367 ὑποϐάλλομεν,
2888 3294 3081 3348 καὶτὸ
3139 3291 3458 3348 ἀδιάστατον
3523 3294 3615 3348 καὶ
3679 3295 3864 3363 lix-ivn-

460 3381 612 3450 quod
647 3385 953 3447 aeternum,
988 3399 1087 3450 per
1116 3386 1447 3454 temporum
1487 3385 1743 3440 rationes
1795 3392 2105 3457 motusque

459 3469 848 3539 explicemus;
877 3473 1029 3542 quod
1055 3473 1400 3528 continuum
1435 3479 1490 3530 et
1523 3475 1838 3544 immobile,
1861 3493 1960 3547 per
1983 3493 2104 3532 mo-

457 3558 603 3614 biles
635 3565 691 3615 et
723 3561 1002 3617 discretas
1037 3562 1324 3633 imagines
1373 3564 1557 3618 animi
1604 3570 2104 3634 repraesentamus.

455 3652 524 3703 Ut
555 3649 601 3704 si
635 3649 767 3719 quis
799 3667 866 3706 ea
897 3667 1026 3722 quae
1073 3652 1240 3708 nobis
1279 3653 1338 3708 iu
1373 3653 1571 3708 divina
1605 3657 1816 3708 natura
1845 3659 2112 3710 contem-

453 3739 667 3809 planda
709 3742 1008 3811 occupatis
1059 3741 1349 3808 accidunt,
1388 3760 1502 3799 una
1535 3761 1668 3799 cum
1703 3761 1760 3799 re
1791 3745 1918 3816 ipsa
1947 3761 2116 3816 coge.

2213 3405 2304 3439 τον
2354 3386 2695 3458 κινουμέναις
2751 3405 2808 3438 τε
2865 3383 2952 3437 καί
3013 3380 3383 3456 διισταμέναις
3425 3383 3868 3455 ἀνατυπούμεθα.

2214 3477 2371 3528 ’Ὠστε
2418 3473 2484 3543 εί,
2520 3475 2552 3527 ἅ
2604 3474 2892 3547 πάσχομεν
2933 3472 3056 3547 περῖ
3107 3475 3207 3543 τήν
3270 3478 3368 3528 τοῦ
3437 3474 3596 3528 Θείου
3643 3474 3876 3546 θεωρίαν

2216 3565 2562 3640 ἀναγόμενοι,
2623 3566 2791 3620 ταῦτά
2845 3587 2929 3629 τις
2977 3564 3165 3638 ἐνορᾷν
3223 3566 3312 3620 καὶ
3362 3565 3485 3640 περὶ
3523 3565 3656 3621 αὐτὸ
3689 3561 3874 3621 ἐκϐιά-

2216 3677 2392 3723 σαιτο,
2443 3657 2509 3710 τὰ
2566 3653 2676 3709 ἄνω
2722 3654 2869 3710 κάτω
2921 3657 3162 3725 ποιήσει,
3223 3655 3310 3708 καὶ
3361 3656 3467 3728 πρὸ
3509 3658 3733 3710 παντων
3775 3656 3878 3710 αὖ-

2212 3745 2306 3806 τὸς
2340 3746 2526 3800 ἑαυτὸν
2570 3744 2884 3819 ἀμηχανίας
2919 3746 3070 3820 βυθῷ
3100 3741 3474 3820 παραπέμψει.

453 3832 615 3882 retur
644 3829 855 3884 intueri
885 3831 1000 3901 (7:3)
1034 3831 1112 3901 [et
1140 3833 1446 3903 conferre],
1481 3849 1600 3890 rem
1655 3850 1756 3889 sus
1806 3835 1991 3905 deque
2021 3834 2097 3890 sit
2126 3839 2383 3904 acturus,
2416 3845 2469 3892 et
2511 3838 2660 3908 quod
2715 3841 2890 3908 caput
2939 3842 3043 3903 est,
3079 3837 3201 3908 ipse
3248 3837 3511 3908 seipsum
3547 3837 3606 3894 in
3643 3837 3876 3894 inextri-

453 3917 727 3973 cabilium
763 3919 1168 3975 difﬁcultatum
1205 3921 1545 3978 barathrum
1578 3924 2066 3995 praecipitaturus.

523 4008 712 4063 280b
769 4010 1016 4066 Sanctus
1065 4011 1340 4082 Eulogius
1372 4031 1542 4085 porro
1574 4031 1640 4068 ex
1672 4015 1966 4086 proposita
1996 4016 2105 4070 du-

453 4097 752 4164 bitatione,
787 4098 959 4154 aliam
1011 4101 1394 4170 quaestionem
1447 4111 1778 4160 nascentem
1829 4105 2100 4176 explicat.

451 4188 507 4240 Si
561 4187 739 4253 enim,
775 4187 988 4258 inquit,
1025 4205 1211 4261 neque
1263 4192 1586 4263 proprietas
1634 4198 1724 4248 est
1771 4193 2104 4264 hypostasis

450 4292 636 4346 neque
669 4279 931 4332 essentia:
963 4283 1018 4333 et
1050 4280 1421 4350 proprietatis
1454 4283 1805 4353 conjunctio,
1832 4283 1969 4352 quid
1995 4283 2104 4338 erit

450 4365 604 4419 aliud
631 4365 656 4418 ‘?
687 4367 756 4420 Et
800 4367 1042 4422 solvitur
1087 4369 1330 4439 quaestio
1361 4387 1493 4425 cum
1528 4371 1705 4426 dicit:
1745 4372 1858 4427 Nos
1892 4374 1963 4427 ab
1997 4373 2101 4428 Ec-

451 4455 627 4508 clesia
651 4455 963 4511 didicimus
991 4462 1054 4512 ut
1079 4474 1253 4513 unam
1279 4475 1584 4529 personam
1613 4477 1676 4515 ex
1695 4460 2101 4532 Trinitate(76)

2285 4018 2346 4073 Ὀ
2377 4013 2433 4070 δὲ
2453 4017 2597 4091 ἱερὸς
2652 4014 2837 4091 Εὑλόγ
2867 4037 2924 4077 ος
2981 4013 3085 4070 ἀπὸ
3129 4022 3229 4084 τῆς
3287 4016 3691 4091 προσταθείσης
3733 4019 3870 4073 ἀπο-

2215 4107 2333 4181 ρίας
2391 4106 2571 4182 ἑτέραν
2631 4107 3008 4185 ἀναφυομένην
3086 4105 3347 4181 διέξεισιν.
3408 4109 3471 4164 Εἰ
3559 4111 3664 4185 γὰρ
3730 4113 3871 4182 μήτε

2215 4194 2648 4274 ἷδίωμα,φησῖν,
2704 4200 2737 4266 ἡ
2797 4198 3088 4260 ὑπόστασις
3136 4199 3274 4271 μήτε
3321 4196 3624 4270 συμπλοκὴ
3684 4200 3872 4264 οὐσίας

2211 4287 2300 4340 καὶ
2352 4283 2677 4360 ἰδιώματος,
2721 4286 2772 4340 τί
2817 4287 2876 4341 ἂν
2929 4286 3010 4358 εἴη
3057 4285 3280 4360 ἓτερυνς
3329 4287 3418 4341 καὶ
3464 4285 3750 4343 ἐπιλῦεται
3785 4287 3870 4343 λέ-

2209 4397 2339 4450 γων,
2373 4374 2445 4436 ὠς
2495 4375 2786 4432 ὑπόστασιν
2842 4377 2938 4449 μὲν
2994 4375 3180 4432 καλεῖν
3229 4377 3320 4431 τὸν
3369 4373 3462 4430 ἕνα
3495 4383 3594 4446 τῆς
3624 4375 3866 4454 Τριάὸος

2211 4464 2354 4537 παρὰ
2409 4471 2506 4533 τῆς
2557 4464 2885 4535 Ἐκκλησίας
2965 4467 3384 4539 μεμαθήκαμεν.
3443 4465 3506 4522 Τί
3589 4463 3646 4520 δέ
3722 4466 3870 4524 ἐστιν

447 4541 815 4612 appellem-ius
859 4545 1216 4616 bypostasin.
1251 4522 1398 4613 Quid
1443 4565 1572 4604 vero
1605 4558 1693 4604 est
1724 4522 2103 4620 hypostasis‘i

2219 4553 2544 4623 ὑπόστασις;
2581 4553 2642 4610 Ei
2679 4556 2773 4626 μὲν
2802 4553 2889 4609 ἐπὶ
2929 4556 3242 4628 κτισμάτων
3285 4556 3318 4623 ἡ
3347 4555 3390 4589 ¹³
3445 4552 3732 4628 ἐρώτησίς,
3799 4557 3863 4610 οὗ

447 4632 505 4685 Si
539 4633 608 4686 de
641 4633 814 4688 rebus
847 4636 1056 4690 creatis
1103 4637 1179 4692 sit
1225 4637 1486 4708 quaestio,
1518 4638 1686 4694 facile
1717 4638 1827 4693 erit
1860 4655 2101 4711 respon-

448 4722 603 4791 dere,
637 4738 703 4776 eo
739 4724 888 4793 quod
927 4723 981 4778 in
1021 4724 1111 4780 his
1144 4741 1354 4794 errare,
1389 4732 1446 4782 et
1477 4744 1715 4799 scopum
1769 4745 1881 4783 non
1928 4730 2102 4786 attin-

369 4837 376 4842 -
445 4829 578 4884 gere
611 4830 725 4868 non
762 4814 836 4868 sit
871 4815 1012 4870 adeo
1046 4815 1234 4886 gravis
1259 4834 1426 4872 noxa.
1450 4817 1508 4874 Si
1533 4821 1725 4872 autem
1751 4819 1822 4872 de
1842 4819 2098 4891 simplici

443 4908 500 4958 et
554 4904 726 4959 beata
777 4909 1006 4971 natura,
1061 4905 1203 4960 nihil
1258 4911 1416 4962 extra
1473 4905 1801 4962 divinorum
1860 4907 2094 4965 Patrum

442 4995 781 5050 traditiones
813 4997 869 5047 et
900 4994 1145 5060 decreta,
1187 4999 1313 5051 tuto
1365 4995 1699 5066 responderi
1744 5001 1950 5068 potest.
1985 4998 2094 5055 Fas

439 5089 630 5140 tamen
667 5088 754 5139 est
786 5099 914 5138 cum
959 5085 1266 5157 Scriptura
1313 5085 1522 5152 dicere,
1560 5086 1712 5157 quod
1759 5086 2092 5158 bypostasis

441 5170 567 5226 Filii
599 5173 674 5228 sit
704 5173 894 5244 imago
925 5173 1020 5229 Dei
1059 5173 1388 5242 invisibilis,
1423 5191 1547 5247 qua:
1578 5179 1761 5231 totum
1805 5175 1864 5230 in
1899 5177 2090 5249 seipsa

2213 4644 2346 4697 πάνυ
2405 4643 2650 4718 χαλεπόν
2709 4643 2855 4699 ἐστιν
2911 4645 3300 4718 ἀποκρίνασθαι
3352 4645 3472 4718 [459
3539 4644 3629 4707 HJ
3669 4639 3760 4696 διά
3791 4646 3856 4698 τὸ

2209 4731 2298 4787 καὶ
2346 4733 2446 4802 τήν
2507 4732 2628 4808 περὶ
2678 4737 2846 4789 ταῦτα
2906 4732 3172 4809 ἁμαρτίαν
3246 4755 3304 4788 τε
3375 4731 3459 4789 καὶ
3540 4731 3853 4808 ἀποτυχίαν

2213 4823 2286 4894 μὴ
2331 4818 2452 4875 λίαν
2504 4822 2636 4876 εἶναι
2685 4823 2978 4878 ὑπεύθυνον
3009 4844 3020 4856 ⁸
3081 4823 3126 4877 εί
3197 4819 3252 4876 δὲ
3311 4822 3432 4895 περὶ
3482 4827 3580 4892 τῆς
3669 4821 3856 4892 ἁπλῆς

2205 4911 2293 4964 καὶ
2357 4910 2622 4987 μακαρίας
2671 4912 2901 4987 φύσεως,
2961 4909 3116 4967 οὐδὲν
3184 4913 3314 4986 παρ’
3363 4913 3391 4965 ὃ
3441 4908 3750 4984 παρέδοσαν
3806 4915 3850 4966 ei

2205 4999 2458 5077 θεοφόροι
2541 5000 2768 5074 Πατέρες
2857 5000 3094 5078 ἀσφαλές
3189 5002 3333 5055 ἔστιν
3421 5001 3847 5075 ἀποκρίνασθαι.

2202 5087 2355 5158 Πλὴν
2416 5087 2567 5144 οὐδὲν
2627 5088 2830 5144 κωλύει
2887 5095 3165 5169 γραφικῶς
3215 5091 3374 5168 φάναι
3413 5090 3488 5152 ὡς
3532 5092 3566 5159 ἡ
3600 5095 3699 5144 τοῦ
3733 5092 3851 5144 Υῑοῦ

2203 5179 2495 5241 ὑπόστασις
2552 5178 2708 5233 εἰκών
2769 5178 2880 5234 ἐστι
2923 5184 3021 5235 τοῦ
3079 5185 3213 5235 Θεοῦ
3271 5183 3366 5234 τοῦ
3434 5178 3681 5253 ἀοράτου
3729 5177 3847 5233 ὅλον

1811 5283 2052 5340 νΑΙιιιλΕ
2093 5287 2488 5345 LECTlONES

515 5378 536 5412 θ
559 5374 721 5456 ilum:
757 5375 927 5456 ὅντως
971 5387 1036 5449 Α,
1080 5376 1235 5442 ὄντος
1268 5383 1308 5438 Β
1338 5405 1351 5453 ;
1377 5378 1548 5444 ὅντως

445 5449 490 5484 ¹²
520 5449 582 5503 τὸ
614 5452 1083 5523 προσκυνούμενον
1119 5454 1254 5512 add.
1284 5449 1349 5511 Δί
1425 5455 1471 5490 ⁴³
1509 5457 1544 5525 ἡ
1587 5449 1673 5521 λς
1714 5451 1856 5510 ἐστὶν
1889 5456 1923 5525 ἡ

1738 5382 1782 5417 ³ο
1811 5383 1930 5461 καθ’
1973 5382 2118 5461 αὑτό
2165 5389 2230 5458 Β,
2290 5387 2410 5442 κατ’
2463 5384 2622 5441 αὐτόν
2654 5389 2697 5442 Α
2725 5402 2738 5444 :
2770 5387 2906 5443 κατὰ
2959 5387 3151 5444 ταύτόν

3352 5385 3526 5462 ¹¹γάρ
3570 5385 3856 5458 Αζτες,

2022 5564 2255 5623 NOTAE.

513 5657 627 5736 (23;)
662 5657 725 5736 tn
757 5654 895 5736 ip_so_
918 5655 1202 5716 niteretur
1231 5660 1465 5736 intueri,
1497 5661 1607 5720 hoc
1639 5667 1727 5721 est
1755 5679 1767 5719 :
1801 5663 1875 5720 ad
1906 5663 2100 5736 ipsum
2136 5681 2263 5723 esse
2295 5681 2392 5724 seu
2427 5666 2685 5726 divinam
2719 5671 2987 5729 naturam
3020 5671 3299 5728 niteretur
3327 5668 3667 5728 transferre.

513 5732 628 5805 (76)
657 5734 765 5785 Seu
804 5729 1027 5786 Patrem
1059 5747 1159 5788 seu
1194 5732 1428 5804 Filium,
1453 5729 1568 5791 etc.
