4154 6218
308 381 463 442 1069

1394 375 1938 441 BIBLlOTtlECA.
1992 407 2063 419 ο-
2106 375 2279 437 COD.
2327 378 2605 441 CCXXX.

3554 382 3710 443 1070

305 510 362 568 ἐν
415 513 580 584 ἑαυτῇ
628 508 721 565 τὸν
780 505 995 582 Πατέρα
1050 504 1387 567 δεικνύουσα.
1442 511 1502 567 Εἰ
1543 509 1601 566 δὲ
1638 507 1728 565 καὶ
1759 505 1947 584 σοφίαν

2069 509 2290 567 Patrem
2326 511 2517 568 refert.
2550 512 2713 576 Quod
2742 510 2791 567 si
2821 510 2995 568 etiam
3037 511 3296 570 eamdem
3347 513 3534 570 Patris
3581 530 3710 573 esse

307 602 474 670 αὐτὴν
536 599 810 674 [ἰατρικὴν
867 597 1000 652 εἶναι
1043 596 1489 673 ἀποκριθήσομαι
1562 600 1596 669 ἢ
1673 599 1846 671 Λόγον
1915 598 1950 666 ἢ

306 688 535 763 δύναμιν
589 692 688 744 τοῦ
747 686 983 761 Πατρὸς,
1038 686 1108 760 τῇ
1156 686 1443 765 ἱερολογίᾳ
1514 687 1950 768 συμφθὲγξομκι.

307 778 410 834 Καὶ
468 778 592 851 περί
649 783 750 847 τῆς
807 779 904 830 τοῦ
962 775 1169 850 Πατρὸς
1229 773 1286 831 δὲ
1340 777 1430 830 καὶ
1469 777 1780 850 Ηνεύματος
1816 775 1952 830 ὑπο-

307 867 551 927 σπάσεως
580 870 804 920 τοιαῦτα
833 862 893 919 ἄν
950 886 1034 926 τις
1080 865 1141 919 ἐκ
1181 869 1289 919 τῶν
1321 867 1481 939 ἱερῶν
1515 864 1717 940 λογίων
1751 863 1917 920 ἀναλε
1943 899 1953 907 -

307 956 559 1031 γόμενος,
627 954 717 1009 καὶ
799 950 982 1016 διδοὺς
1050 959 1166 1014 τοῖς
1232 955 1574 1028 ἐπερωτῶσιν
1643 953 1949 1029 ἀπόκρισιν,

308 1039 543 1104 εὐσεϐῶς
573 1064 632 1098 τε
688 1042 781 1098 καὶ
830 1040 1246 1117 ἀνεπηρεάστως
1286 1042 1659 1117 ἀποκρίνοιτο.
1702 1044 1827 1112 [872
1858 1045 1951 1116 R.]

314 1132 386 1188 Σὺ
436 1129 478 1187 δ’
550 1132 610 1187 ἃν
653 1129 861 1204 δυνήσῃ
904 1129 1107 1209 λέγειν,
1159 1128 1453 1193 ἀποδιδοὺς
1510 1132 1602 1187 τὸν
1644 1132 1812 1210 λόγον
1851 1139 1953 1202 τῆς

312 1223 653 1283 ὑποστάσεως
709 1225 808 1274 τοῦ
866 1221 1017 1289 Υἱοῦ,
1066 1220 1194 1275 Θεὸν
1241 1219 1302 1274 ἐκ
1331 1224 1464 1275 Θεοῦ
1492 1219 1745 1298 ἀχρόνως
1775 1242 1834 1276 τε
1860 1220 1949 1276 καὶ

309 1312 532 1372 ἀπαθῶς
589 1310 924 1387 γεννηθέντω
982 1308 1191 1383 ὁμοίως
1231 1307 1288 1363 δὲ
1343 1310 1434 1364 καὶ
1490 1314 1589 1364 τοῦ
1616 1309 1950 1383 Πνεύματος,

312 1403 440 1457 Θεὸν
497 1399 557 1454 ἐκ
624 1402 758 1453 Θεοῦ
789 1396 981 1459 ἀϊδίως
1036 1418 1095 1453 τε
1133 1396 1563 1472 ἐκπορευόμενον
1618 1399 1706 1453 καὶ
1759 1397 1951 1475 ἆῤῥεύ-

311 1509 469 1552 στως’
514 1487 773 1549 ὡσαύτως
837 1484 895 1541 δὲ
941 1488 1031 1542 καὶ
1097 1491 1193 1543 τοῦ
1248 1487 1455 1561 [ἰατρὸς
1511 1488 1611 1557 τὴν
1661 1488 1952 1543 ὑπόστασιν

311 1578 464 1653 λόγῳ
492 1575 812 1652 παριστάναι
862 1576 1083 1650 μὲλλων
1122 1578 1334 1655 φήσεις·
1376 1576 1461 1645 Ἐξ
1491 1576 1554 1631 οὗ
1583 1575 1891 1652 γεγέννηται
1923 1578 1952 1631 6

310 1672 440 1732 Θεὸς
496 1668 700 1746 Λόγος,
746 1675 928 1743 τομῆς
956 1665 1169 1738 ἀπάσης
1225 1667 1313 1723 καὶ
1346 1668 1545 1730 παντὸς
1577 1668 1781 1731 πάθους
1814 1665 1955 1741 μηδὲ

309 1765 425 1816 κατ¹
487 1758 728 1815 ἐπίνοιαν
779 1758 1160 1833 θεωρουμένης
1213 1761 1281 1832 τῇ
1340 1756 1565 1831 προόδῳ
1621 1765 1722 1829 τῆς
1766 1759 1956 1835 γεννη-

2061 598 2432 670 sapientiam,
2454 605 2555 657 aut
2575 600 2966 669 Verbum,aut
2987 599 3259 656 virtutem
3283 600 3467 657 Patris
3489 603 3707 671 dixero,

2061 703 2095 741 a
2126 686 2337 743 divinis
2371 689 2605 745 Litteris
2637 706 2749 745 non
2784 689 3149 745 dissentiam.
3177 689 3245 744 Et
3274 691 3370 759 qui
3398 707 3467 746 ex
3497 692 3707 748 divinis

2060 774 2312 848 eloquiis
2345 777 2414 833 de
2447 779 2637 833 Patris
2668 784 2726 833 et
2752 778 3005 849 Spiritus
3035 778 3221 834 sancti
3255 780 3518 850 personis
3558 780 3713 836 simi-

2060 863 2137 920 lia
2185 866 2499 924 afﬁrmahit
2541 868 3057 939 quaerentibusque
3108 868 3497 940 respondebit,
3532 870 3582 925 is
3619 871 3711 942 pie

2060 958 2327 1026 recteque
2357 956 2696 1012 afﬁrmabit.
2724 956 2807 1011 Tu
2836 973 3005 1027 porro
3029 957 3239 1013 inferre
3270 958 3513 1029 poteris,
3538 957 3715 1030 expli-

2060 1059 2198 1100 cans
2230 1045 2513 1101 rationem
2544 1046 2921 1117 hypostaseos
2951 1045 3117 1101 Filii:
3153 1046 3333 1102 Deum
3370 1048 3442 1104 de
3470 1047 3609 1115 Deo,
3639 1048 3712 1104 ab

2060 1138 2293 1194 esterno,
2328 1133 2642 1206 impetibili
2695 1134 2866 1190 modo
2914 1134 3215 1204 genitum:
3259 1137 3590 1208 pariterque
3643 1137 3714 1193 de

2061 1221 2280 1293 Spiritu
2312 1226 2539 1292 sancto,
2571 1228 2757 1279 Deum
2790 1223 2861 1278 de
2890 1222 3007 1279 Deo
3039 1224 3111 1280 ab
3142 1228 3358 1282 aeterno
3390 1226 3713 1297 proceden-

2063 1316 2177 1367 tem
2211 1315 2381 1383 atque
2414 1311 2793 1384 profluentem
2823 1327 2836 1368 :
2872 1311 3172 1385 similique
3200 1315 3368 1370 modo
3397 1315 3588 1371 Patris
3616 1314 3717 1385 hy-

2062 1400 2347 1471 postasin,
2379 1400 2553 1456 verbo
2605 1401 3021 1472 explicaturus,
3052 1402 3213 1458 dices
3240 1419 3254 1457 :
3280 1403 3362 1460 Ex
3402 1419 3517 1476 quo
3562 1404 3714 1460 Deus

2060 1489 2317 1547 Verbum
2362 1492 2619 1562 genitum
2670 1499 2778 1562 est,
2811 1490 2913 1548 tali
2961 1494 3359 1565 generationis
3412 1510 3711 1567 processu,

2057 1579 2116 1635 iu
2145 1596 2262 1650 quo
2293 1597 2364 1637 ne
2385 1597 2486 1653 per
2505 1581 2917 1654 cogitationem
2955 1583 3192 1654 quidem
3216 1583 3336 1640 ulla
3357 1601 3461 1641 seu
3483 1584 3712 1653 divisio,

2065 1685 2166 1726 seu
2214 1671 2407 1743 passio
2455 1672 2692 1744 reperiri
2744 1672 2948 1743 possit.
2976 1674 3033 1728 Si
3064 1673 3152 1733 vis
3192 1680 3386 1732 autem
3426 1675 3714 1748 Spiritum

2064 1764 2336 1816 sanctum
2371 1761 2465 1833 [ad
2497 1762 2723 1818 Patrem
2749 1762 2946 1835 aliquo
2968 1764 3141 1821 modo
3162 1764 3578 1821 declarandum
3611 1766 3716 1821 ad-

312 1868 469 1912 σεως’
506 1850 553 1905 εἰ
597 1847 787 1924 βούλει
836 1846 915 1915 δὲ,
948 1847 1050 1905 Καὶ
1082 1848 1134 1918 ἐξ
1166 1847 1228 1903 οὗ
1261 1849 1324 1903 τὸ
1347 1850 1565 1921 Πνεῦμα
1597 1847 1643 1883 ¹⁴
1671 1846 1958 1926 ἀφράστως

2068 1847 2289 1916 bibere,
2321 1832 2479 1906 dices
2507 1849 2547 1923 ε]
2580 1850 2657 1906 Ex
2688 1868 2824 1922 quo,
2847 1832 3236 1909 inenarrabili
3284 1859 3342 1909 et
3389 1854 3718 1926 incompre-

310 1960 368 1995 τε
406 1940 495 1993 καὶ
556 1938 930 2007 ἀνεπινοτςτως
985 1937 1078 1992 καὶ
1125 1936 1347 1998 ἀπαθῶς
1387 1938 1477 1992 καὶ
1527 1934 1818 2001 συναϊδίως
1861 1935 1957 1992 ἐκ·-

310 2027 618 2102 πορεύεται,
650 2026 741 2081 καὶ
774 2023 827 2081 εἷ’
849 2047 903 2081 τι
934 2023 1078 2081 ἄλλο
1107 2025 1536 2101 τοιουτότροπον
1574 2020 1717 2081 ἔστιν
1763 2025 1956 2093 εἰπεῖν,

308 2119 410 2188 τῆς
468 2116 827 2172 θεοπνεύστου
879 2121 1098 2191 Γραφῆς
1156 2117 1254 2185 τὴν
1323 2116 1698 2189 πνευματικὴν
1764 2113 1955 2193 σοφίαν

310 2206 669 2282 πηγαζούσης
725 2207 860 2278 ἡμῖν
916 2204 1006 2258 καὶ
1056 2203 1424 2278 συνεργούσης
1480 2208 1561 2275 τῷ
1623 2202 1956 2278 βουλήματι.

312 2297 501 2352 Καίτοι
558 2292 684 2351 οὐδὲ
747 2294 813 2349 τά
871 2291 1105 2367 ῥηθέντα
1160 2291 1444 2355 παντελῶς
1510 2291 1654 2348 ἐστιν
1706 2290 1960 2367 ἐλεύθερα

310 2384 608 2464 φαντασίας
648 2379 1095 2457 ἁνατυπουμένης
1152 2386 1251 2453 τήν
1309 2381 1569 2437 σύνθεσιν
1603 2380 1750 2437 ἀλλὰ
1788 2386 1868 2454 τῷ
1897 2402 1960 2456 γε

313 2476 392 2550 μὴ
430 2479 512 2547 τῷ
560 2472 768 2551 ῥήματι
810 2479 911 2543 τῆς
975 2473 1253 2542 συνθήκης
1317 2472 1403 2525 καὶ
1465 2472 1563 2539 τῆς
1630 2469 1959 2543 συμπλοκῆς

306 2564 539 2619 καὶτῶν
569 2562 834 2619 τοιούτων
879 2562 1331 2637 προσχρήσασθαι
1390 2559 1452 2615 ού
1511 2557 1657 2615 δοκεῖ
1707 2554 1953 2635 θορυϐεῖν

307 2654 403 2709 τὸν
457 2653 725 2725 ἀκροατὴν
776 2648 904 2708 οὐδὲ
932 2650 1319 2724 προσίστασθαι
1354 2651 1415 2706 ¹⁸.
1450 2647 1611 2706 Ἀλλ’
1652 2647 1703 2703 ἓν
1739 2649 1956 2713 τούτοις

316 2743 414 2816 μὲν
442 2742 591 2813 αύτῴ
619 2742 708 2796 καὶ
738 2742 767 2796 ὁ
794 2740 980 2816 παρὼν
1016 2739 1363 2815 ἀπαρτίζεται
1393 2736 1580 2814 λόγος.

382 2832 579 2908 Γράφει
613 2828 670 2886 δὲ
699 2831 728 2886 6
757 2830 918 2892 αὐτὸς
949 2828 1094 2905 ἱερὸς
1121 2829 1256 2902 ἀνὴρ
1288 2827 1377 2883 καὶ
1417 2827 1554 2901 πρὸς
1619 2825 1954 2900 Δομετιανὸν

314 2921 657 2996 (Μελιτηνῆς
716 2917 773 2974 δὲ
822 2919 980 2981 οὗτος
1033 2918 1379 2991 ἐπίσκοπος),
1429 2917 1531 2972 ούκ
1613 2916 1958 2993 ἀπρόσφορον

311 3011 447 3066 εἶναι
471 3012 747 3084 παριστῶν
769 3008 833 3063 τὸ
867 3008 993 3081 μίαν
1025 3004 1207 3084 λέγειν
1239 3006 1405 3079 φύσιν
1437 3010 1534 3061 τοῦ
1578 3010 1711 3061 Θεοῦ
1763 3006 1809 3044 ¹⁶
1857 3004 1960 3059 Λό-

2068 1938 2249 1994 henso
2294 1938 2726 2012 impatibilique
2771 1941 2965 2008 modo,
3005 1945 3290 1999 coreterue
3344 1943 3623 2013 procedit,
3661 1947 3717 1999 et

2068 2027 2119 2083 si
2147 2027 2288 2098 quid
2319 2027 2473 2083 aliud
2507 2028 2917 2099 hujuscemodi
2947 2029 3140 2086 dicere
3172 2030 3258 2087 fas
3286 2035 3396 2097 est,
3420 2033 3718 2104 Scriptura

2068 2115 2346 2172 divinitus
2367 2116 2651 2189 inspirata
2673 2117 3035 2189 spiritualem
3052 2119 3221 2175 nobis
3234 2119 3578 2191 sapientiam
3595 2136 3719 2191 pro-

2069 2204 2308 2277 pinante
2331 2211 2388 2262 et
2409 2206 2672 2262 studium
2692 2211 2904 2263 nostris
2925 2207 3241 2265 voluntatis
3256 2209 3721 2281 juvante.Atque

2068 2309 2140 2349 ne
2165 2293 2251 2351 sic
2279 2295 2514 2368 quidem
2546 2294 2834 2368 explicata
2878 2312 2978 2352 seu
3028 2297 3205 2366 dicta,
3239 2298 3401 2354 omni
3430 2298 3718 2371 imagina-

2067 2383 2222 2441 tione
2252 2383 2528 2456 humana,
2552 2402 2681 2454 quae
2702 2385 2872 2442 nobis
2892 2386 3219 2459 [perpetuo]
3244 2388 3717 2459 conjunctionem

2065 2473 2339 2544 obtrudit,
2375 2475 2678 2531 carebunt.
2711 2476 2818 2532 Sed
2865 2492 2980 2531 non
3015 2467 3232 2533 utendo
3262 2493 3398 2533 voce
3427 2477 3718 2550 composi-

2064 2566 2241 2625 tionis
2272 2572 2326 2621 et
2355 2565 2813 2636 conjunctionis,
2838 2581 2957 2621 non
2976 2565 3207 2622 videtur
3236 2565 3564 2621 auditorem
3592 2581 3720 2636 per-

2063 2657 2301 2714 turbare
2332 2659 2435 2712 aut
2464 2654 2774 2711 offendere.
2797 2654 2987 2727 Atque
3016 2654 3076 2710 in
3107 2654 3202 2712 his
3222 2656 3293 2711 ab
3315 2670 3382 2711 eo
3398 2654 3569 2711 etiam
3594 2653 3716 2712 haec

2065 2762 2322 2820 praesens
2353 2743 2538 2801 oratio
2568 2742 2912 2801 absolvitur.

2135 2836 2352 2894 Scribit
2370 2853 2501 2893 vero
2517 2835 2669 2892 idem
2686 2834 2775 2891 vir
2788 2838 3025 2892 sanctus
3043 2835 3113 2890 ad
3135 2833 3535 2891 Domitianum
3557 2835 3716 2893 Meli-

2066 2931 2290 2983 tensem
2306 2924 2670 2998 episcopum,
2687 2924 3016 2996 asseritque
3031 2923 3185 2981 haud
3198 2924 3305 2981 abs
3318 2941 3378 2981 re
3391 2940 3520 2981 esse
3533 2941 3712 2981 unam

2067 3014 2167 3072 Dei
2182 3019 2455 3071 naturam
2468 3013 2639 3070 Verbi
2656 3017 2924 3069 naturam
2940 3014 3199 3086 proﬁteri
3215 3015 3597 3070 incarnatam.
3613 3013 3715 3070 Ille

309 3122 411 3176 γου
443 3099 882 3175 σεσαρκωμένην.
933 3098 994 3154 Ὁ
1029 3097 1124 3169 μὲν
1177 3097 1282 3173 γὰρ
1330 3097 1430 3151 οὐκ
1478 3095 1759 3151 ἀνεύθυνον
1794 3093 1952 3150 ἐτίθει

347 3191 360 3199 .
473 3189 486 3199 .
562 3190 575 3199 .
677 3186 772 3199 ..η
806 3185 817 3199 .
1228 3188 1237 3199 ,
1432 3190 1454 3199 -
1543 3185 1597 3199 ..
1824 3185 1836 3199 .
1899 3180 1939 3199 ε..

2068 3103 2220 3160 enim
2253 3107 2525 3159 sanctum
2546 3100 2854 3171 Eulogium
2878 3118 2993 3159 non
3024 3106 3181 3158 extra
3202 3102 3435 3175 culpam
3457 3101 3714 3157 afﬁrma-

309 3175 402 3244 τὸν
473 3189 615 3264 ἱερὸν
673 3185 943 3260 Εύλόγιον
992 3188 1340 3260 κεχρημένον
1393 3190 1472 3257 τῷ
1531 3185 1758 3259 ῥήματι*
1817 3185 1844 3238 ὁ
1895 3180 1952 3238 δὲ

2068 3195 2186 3262 bat,
2219 3193 2374 3264 quod
2415 3191 2578 3247 illam
2630 3206 2832 3247 vocem
2879 3196 3239 3264 usurpasset.
3276 3192 3387 3248 Sed
3437 3189 3713 3260 Eulogius

311 3281 397 3341 οἷς
429 3275 700 3339 πολλάκις
742 3275 793 3330 ὲν
846 3279 964 3338 τοῖς
1001 3270 1344 3348 προλαϐοῦσι
1398 3273 1587 3351 λόγοις
1637 3276 1735 3343 τὴν
1769 3273 1952 3350 φωνην

308 3369 695 3442 ἐπικουρήσας,
756 3366 848 3420 καὶ
909 3370 1024 3427 τοῖς
1075 3364 1252 3439 ὀρθῶς
1302 3364 1469 3435 αὐτὴν
1515 3358 1951 3437 ἐκλαμϐάνουσιν

313 3454 549 3519 εύσεὸῶς
581 3451 815 3531 ἔχουσαν
845 3454 1168 3528 παρασχὼν,
1198 3452 1288 3508 καὶ
1319 3453 1392 3515 ὡς
1425 3453 1474 3508 οἱ
1526 3453 1776 3529 λέγοντες
1826 3451 1951 3525 μίαν

312 3546 469 3622 φύσιν
525 3548 623 3600 τοῦ
703 3545 886 3618 Λόγου
962 3540 1380 3617 σεσαρκωμὲνην
1460 3540 1521 3596 οὗ
1602 3541 1724 3615 μίαν
1795 3543 1954 3620 φύσιν

315 3634 509 3699 ἁπλῶς
553 3654 712 3714 φασιν
771 3632 821 3706 ἐξ
870 3633 1191 3711 ἀμφοτέρων
1237 3631 1507 3707 γεγονέναι
1559 3635 1665 3687 τῶν
1726 3632 1954 3707 φύσεων,

313 3723 455 3781 ὥστε
500 3725 592 3780 καὶ
642 3721 902 3798 συγχύσει
948 3720 1016 3775 τά
1050 3719 1372 3776 συνελθόντα
1410 3724 1741 3793 περιπεσεῖν,
1784 3719 1955 3775 ἐκεῖνο

316 3812 374 3870 δὲ
434 3811 647 3887 μᾶλλον
722 3808 1033 3888 βούλεσθαι,
1067 3810 1140 3872 ὡς
1201 3810 1229 3864 6
1282 3809 1585 3885 μονογενὴς
1617 3812 1713 3862 τοῦ
1746 3809 1956 3883 Πατρὸς

311 3905 435 3966 Υἱὸς
479 3904 661 3973 ἡνώθη
704 3902 860 3976 σαρκὶ
916 3901 1034 3956 καθ’
1064 3899 1377 3969 ύπόστασιν,
1438 3899 1466 3954 ὁ
1506 3897 1665 3960 αὐτὸς
1708 3899 1793 3953 καὶ
1828 3899 1956 3960 Θεὸς

308 3993 401 4049 καὶ
435 3991 715 4067 ἄνθρωπος
739 3988 838 4059 ὥν,
871 3989 946 4051 ὡς
975 3987 1065 4044 καί
1092 3993 1172 4060 τῷ
1203 3987 1457 4064 Θεολόγῳ
1490 3984 1639 4042 δοκεῖ
1668 3991 1749 4060 ('0
1790 3984 1958 4062 λόγος

313 4083 442 4161 γᾶρ’
501 4080 657 4155 φῃσὶ⁷
726 4080 852 4153 σὰρξ
914 4076 1141 4154 ἐγένετο,
1196 4078 1289 4133 καὶ
1347 4076 1649 4149 ἐθ’κῆνωσεν
1694 4075 1744 4131 ἐν
1783 4077 1960 4150 ἡμῖν),

312 4168 599 4227 ταῦταδιά
631 4169 874 4231 πλάτους
921 4166 1087 4224 εῗπὼν
1137 4167 1225 4223 καὶ
1282 4165 1768 4243 ἀπολογησάμενος
1817 4164 1960 4220 οὕτω

316 4259 555 4331 δοξάζειν
600 4260 687 4315 καὶ
735 4254 1011 4334 Κύριλλον
1046 4253 1470 4332 ἐπαγγέλλεται,
1501 4256 1554 4311 ἐν
1593 4259 1676 4320 οἷς
1726 4254 1962 4329 μάλιστα

316 4350 486 4424 λέγει’
540 4348 606 4406 Ei
657 4349 753 4423 μὶν
798 4347 904 4425 γὰρ
953 4348 1079 4420 μίαν
1126 4345 1365 4409 εἷπόντες
1412 4350 1510 4402 τοῦ
1562 4346 1743 4423 Λόγου
1802 4346 1962 4425 φύσιν

320 4440 580 4515 σεσιγήκα
588 4459 709 4511 μεν,
832 4436 931 4493 οὐκ
1056 4434 1427 4513 ἐπενεγκόντες
1528 4436 1589 4491 τὸ

323 4529 513 4606 μένην,
578 4527 708 4584 ἀλλ’
783 4527 903 4583 οἷον
972 4522 1073 4597 ἔξω
1134 4524 1367 4588 τιθέντες
1446 4531 1545 4595 τῆν
1629 4524 1973 4615 οἰκονομίαν,

319 4621 391 4691 ἦν
450 4617 639 4680 αὐτοῖς
699 4617 845 4692 τάχα
899 4637 1006 4672 που
1063 4615 1155 4672 καὶ
1211 4614 1311 4670 οὐκ
1364 4615 1629 4679 ἀπίθανος
1697 4617 1726 4671 6
1805 4614 1975 4693 λόγος

322 4700 829 4784 προσποιουμένοις
895 4704 1101 4781 ἐρωτᾷν
1167 4708 1274 4761 ποῦ
1339 4705 1402 4761 τὸ
1481 4702 1690 4762 τέλειον
1758 4705 1810 4761 ἐν
1888 4708 1975 4762 ἂν·

323 4795 662 4871 θρωπότητι,
711 4793 748 4865 ἢ
786 4798 904 4859 πῶς
962 4794 1259 4869 ὑφέστηκεν
1306 4794 1342 4863 ἡ
1393 4795 1511 4849 καθ’
1579 4796 1728 4868 ἡμᾶς
1796 4794 1971 4852 ούσία’

317 4883 513 4956 ἒπειδή
576 4882 633 4940 δὲ
677 4884 768 4940 καὶ
826 4883 881 4940 ἐν
946 4882 1326 4959 ἀνθρωπότητι
1374 4881 1658 4954 τελειότης
1720 4885 1811 4940 καὶ
1874 4892 1975 4956 τῆς

319 4977 441 5031 καθ’
509 4977 658 5048 ἡμᾶς
727 4972 915 5038 ούσίας
968 4974 1003 5044 ἡ
1087 4970 1333 5044 δήλωσις
1402 4973 1803 5048 εἰσκεκόμιστὰι
1886 4974 1976 5033 διὰ

319 5070 420 5122 τοῦ
487 5062 668 5141 λέγειν
747 5062 1182 5139 σεσαρκωμένην,
1263 5063 1654 5119 παυσάσθωσαν
1745 5068 1787 5104 ¹“¹
1877 5087 1972 5122 κα-

324 5154 563 5229 λαμίνην
617 5152 745 5219 [460
805 5155 900 5226 Η.]
985 5147 1184 5227 ῥάϐδον
1253 5154 1468 5216 ἑαυτοῖς
1557 5154 1971 5225 ὑποστήσαντες.

324 5244 538 5304 Οὐκοῦν
591 5243 687 5306 τὰς
732 5240 829 5298 δύο
878 5241 1065 5320 φύσεις
1110 5245 1146 5314 ἡ
1190 5247 1437 5319 παροῦσα
1482 5245 1638 5318 φωνὴ
1686 5248 1766 5316 τῷ
1798 5241 1975 5299 ἀδιαι-

326 5334 465 5414 ρὲτῳ
523 5333 829 5410 εἰσήνεγκεν
887 5331 1304 5412 ἆπισιρίγγουσα,
1353 5334 1429 5397 ὡς
1481 5331 1641 5396 αὐτὸς
1712 5329 1975 5407 ἐμϐοᾶται

393 5453 422 5495 δ
449 5452 619 5510 Joan.
650 5468 695 5523 ι,
728 5452 815 5508 it.

2063 3295 2194 3335 cum
2226 3293 2294 3334 ex
2324 3276 2631 3349 praeteritis
2657 3291 2810 3347 saepe
2839 3276 3222 3343 orationibus,
3255 3276 3448 3333 281a
3476 3280 3532 3332 et
3563 3284 3714 3333 recte

2063 3383 2265 3425 vocem
2282 3365 2746 3437 intelligentibus
2764 3365 2913 3420 nihil
2927 3366 3245 3436 impietatis
3266 3366 3507 3423 subesse
3524 3373 3716 3423 osten-

2064 3458 2264 3525 disset,
2298 3456 2469 3513 docet
2496 3471 2595 3512 eos
2626 3456 2722 3527 qui
2756 3455 2963 3511 dicunt
3014 3471 3190 3511 unam
3239 3455 3414 3512 Verbi
3448 3463 3716 3511 naturam

2063 3551 2429 3618 iucarnatam
2490 3562 2642 3611 esse,
2685 3561 2801 3599 non
2860 3544 3153 3600 afﬁrmare
3210 3560 3387 3600 unam
3446 3548 3717 3600 naturam

2066 3635 2414 3707 simpliciter
2439 3650 2509 3692 ex
2538 3633 2824 3690 ambabus
2854 3633 3061 3689 factam
3095 3633 3344 3698 naturis,
3373 3632 3450 3687 ita
3483 3637 3550 3687 ut
3579 3649 3719 3687 con-

2058 3727 2278 3797 junctae
2308 3725 2460 3780 inter
2482 3739 2544 3779 se
2565 3723 3026 3789 confundantur,
3050 3721 3149 3776 sed
3176 3720 3312 3775 illud
3334 3721 3529 3791 potius
3550 3720 3717 3785 velle,

2068 3813 2438 3886 unigenitum
2487 3811 2676 3868 Patris
2724 3810 2939 3867 Filium
2990 3810 3314 3865 secundum
3373 3808 3720 3881 hypostasin

2068 3902 2227 3960 carni
2259 3902 2512 3967 unitum,
2535 3902 2634 3971 qui
2664 3900 2819 3957 idem
2852 3899 3003 3956 Deus
3033 3906 3087 3954 et
3112 3898 3288 3955 homo
3315 3907 3421 3964 est,
3448 3898 3720 3969 quemad-

2069 3992 2307 4049 modum
2358 3995 2414 4045 et
2460 3988 2749 4061 Theologo
2801 3987 3006 4061 placet.
3043 3986 3290 4055 Verbum,
3331 3986 3544 4058 inquit,
3591 4002 3719 4043 caro

2068 4083 2282 4154 factum
2327 4087 2423 4144 est,
2454 4082 2507 4134 et
2549 4077 2822 4134 habitavit
2868 4079 2928 4133 in
2970 4076 3125 4135 nobis
3152 4079 3199 4132 ι).
3240 4077 3364 4133 ιιωο
3413 4091 3544 4131 cum
3594 4077 3722 4134 fuse

2073 4169 2451 4227 disseruisset
2479 4176 2532 4225 et
2571 4168 2950 4233 defendisset,
2982 4168 3183 4224 eadem
3229 4166 3399 4222 etiam
3440 4165 3723 4237 Cyrillum

2073 4261 2280 4317 docere
2326 4259 2602 4325 affirmat,
2652 4258 2711 4313 in
2761 4257 2975 4330 quibus
3017 4255 3391 4329 potissimum
3440 4254 3618 4311 dicit:
3661 4255 3726 4311 Si

2074 4368 2177 4406 nos
2208 4367 2321 4405 una
2356 4348 2517 4407 Verbi
2543 4351 2749 4404 natura
2790 4348 2970 4418 posita
3020 4346 3400 4412 tacuissemus,
3431 4359 3531 4399 nec
3559 4343 3724 4401 addi-

1700 4455 1968 4511 σεσαρκω-
2002 4450 2048 4515 D
2078 4440 2368 4507 dissemus,
2403 4459 2428 4491 α
2462 4440 2811 4493 incarnatam
2843 4459 2865 4489 ι
2904 4438 3042 4508 [eam
3090 4435 3395 4505 naturam],
3428 4432 3523 4490 sed
3568 4436 3727 4506 quasi

2078 4530 2441 4587 extrinsecam
2480 4540 2802 4598 poneremus
2847 4522 3205 4579 (economiam
3233 4539 3331 4578 seu
3357 4522 3726 4595 dispensatio-

2078 4624 2410 4686 nem;esset
2457 4614 2575 4671 illis
2618 4611 2923 4686 probabitis
2965 4628 3131 4669 causa
3158 4612 3208 4669 si
3232 4612 3434 4669 vellent
3461 4629 3724 4686 quaerere,

2077 4708 2174 4764 ubi
2236 4709 2372 4764 esset
2431 4705 2492 4760 in
2547 4704 2895 4759 humanitate
2954 4704 3235 4773 perfectio,
3293 4709 3394 4758 aut
3464 4702 3727 4775 quomodo

2077 4804 2283 4853 nostra
2318 4791 2641 4850 subsisteret
2683 4791 2921 4848 essentia
2941 4794 2968 4847 ?
2996 4790 3102 4848 Sed
3151 4793 3407 4864 quoniam
3438 4790 3498 4847 in
3529 4793 3731 4847 huma-

2078 4886 2255 4942 nitate
2280 4882 2561 4956 perfectio,
2587 4890 2641 4938 et
2679 4885 2882 4940 nostrae
2931 4881 3251 4937 substantiae
3303 4881 3602 4937 dectaratio
3626 4894 3733 4951 per

2081 4979 2326 5045 verbum,
2373 4977 2762 5044 incarnatam,
2802 4976 2980 5032 allata
3020 4978 3118 5044 est,
3159 4974 3412 5032 desinant
3457 4973 3733 5032 arundine

2078 5084 2135 5126 se
2161 5068 2382 5139 fulcire.
2416 5067 2574 5122 Duas
2622 5081 2758 5139 ergo
2803 5068 3040 5121 naturas
3090 5063 3212 5120 hinc
3254 5080 3383 5133 vox,
3413 5057 3730 5131 ine-rimata,

2081 5156 2329 5213 indivise
2360 5154 2706 5213 constrictas
2736 5152 2950 5225 posuit,
2983 5155 3043 5208 ut
3071 5150 3227 5207 idem
3260 5151 3522 5208 clamitat
3552 5150 3732 5225 Cyril-

2080 5245 2195 5302 lus.
2216 5245 2362 5302 Hinc
2392 5259 2543 5315 saepe
2574 5259 2752 5299 unam
2785 5241 2953 5300 Verbi
2983 5245 3257 5298 naturam
3288 5241 3516 5298 videtur
3541 5241 3734 5298 dicere

2080 5335 2464 5392 incarnatam.
2498 5332 2661 5399 Quod
2696 5331 2745 5389 si
2779 5346 2954 5388 unam
2985 5333 3271 5387 duntaxat
3304 5330 3518 5388 Christi
3549 5335 3731 5387 natu-

1710 5561 1943 5620 VABI/E
1981 5559 2371 5618 LECTIONES

402 5652 451 5727 μ
471 5650 567 5727 καὶ
599 5646 737 5727 ἐξοῦ
763 5651 829 5708 τὸ
856 5654 1070 5727 πνεῦμα
1100 5656 1142 5706 Α
1170 5670 1183 5711 :
1215 5650 1278 5707 τὸ
1306 5654 1523 5725 πνεῦμα
1553 5649 1604 5722 ἐξ
1629 5650 1690 5706 οὗ
1731 5653 1815 5725 ς.

327 5724 420 5781 καὶ
451 5719 582 5778 καλ.

1893 5654 1935 5690 ¹⁶
1964 5648 2325 5728 προΐστασθαι
2359 5649 2443 5725 ς’.

2524 5649 2570 5689 ¹⁶
2598 5650 2694 5705 τοῦ
2727 5649 2860 5703 Θεοῦ
2891 5652 2932 5702 Α
2960 5664 2981 5713 ;
3030 5649 3163 5703 Θεοῦ
3190 5649 3288 5704 τοῦ
3488 5644 3532 5681 ¹⁷
3561 5649 3741 5707 παυσο
