4138 6228
454 408 605 470 1071

1646 402 1906 465 ΡΗΟΤΙΙ
1955 399 2487 463 PATBIARCH/E
2528 403 2648 463 GP.

3698 398 3806 458 1οἾ
3820 398 3862 456 2

449 564 575 603 ram
621 544 963 617 simpliciter
1007 542 1392 613 profiteretur,
1430 557 1619 596 nonne
1665 539 2078 595 damnaretur?

2203 536 2230 590 ὁ
2260 532 2558 608 Κύριλλος.
2594 534 2685 589 Διὸ
2709 532 2799 588 καὶ
2836 532 2961 606 μίαν
2996 531 3151 609 φύσῖν
3180 532 3277 585 τοῦ
3335 531 3516 605 Λόγου
3579 548 3864 617 σεσαρκω-

448 636 597 702 Quid
629 639 817 691 autem
855 633 926 687 sit
956 636 1166 685 natura
1214 630 1468 685 humana
1519 634 1618 685 aut
1651 630 1737 701 (ut
1769 630 1921 684 idem
1956 628 2092 683 alibi

446 723 687 793 docuit),
721 738 853 778 caro
900 720 1243 789 intelligenti
1293 719 1490 773 anima
1541 719 1873 782 informata,
1913 722 1975 771 ut
2005 715 2091 771 vel

442 816 746 883 propterea
777 827 1008 865 rursum
1034 820 1342 878 utrumque
1366 809 1423 862 in
1448 808 1724 863 unionem
1747 806 2091 862 convenien-

443 900 583 954 tium
650 896 1083 953 indivisibiliter
1144 895 1573 952 conservetur?
1629 897 1786 950 Patet
1838 910 1974 965 ergo
2023 909 2091 948 ex

441 988 630 1053 dictis,
662 1003 758 1041 eos
809 987 908 1057 qui
959 987 1279 1041 secundum
1313 984 1588 1056 Cyrillum
1621 984 1938 1039 orthodoxe
1968 982 2085 1053 [seu

439 1074 738 1145 catholico]
763 1075 973 1131 docent
1005 1092 1181 1129 unam
1216 1080 1487 1129 naturam
1517 1074 1676 1129 Verbi
1704 1074 2086 1139 incarnatam,

440 1183 551 1219 non
585 1165 656 1219 ad
690 1164 868 1219 alium
904 1165 1077 1219 linem
1112 1165 1414 1234 respicere,
1447 1178 1620 1233 quam
1672 1175 2086 1233 quemcunque

436 1254 641 1321 alium,
668 1254 763 1323 qui
790 1254 963 1308 talem
992 1269 1184 1307 vocem
1211 1254 1333 1319 [seu
1360 1252 1596 1306 modum
1623 1250 1918 1321 loquendij
1944 1250 2086 1319 ipsis

438 1342 725 1412 proponit,
760 1359 885 1412 quas
945 1343 1089 1395 duas
1148 1340 1403 1409 [nempe[
1451 1340 1507 1393 in
1558 1339 1790 1393 Christo
1842 1337 2084 1393 Domino

438 1438 677 1487 naturas
711 1433 939 1501 penitus
965 1432 1199 1501 junctas
1232 1430 1475 1484 indivise
1506 1431 1730 1484 asserit.
1756 1429 1903 1483 Dum
1929 1428 2084 1482 enim

438 1521 647 1574 beatus
698 1518 948 1589 Cyrillus
1006 1518 1173 1572 docet
1222 1533 1321 1585 per
1370 1516 1558 1587 ipsam
1622 1516 2086 1569 incarnationem

441 1612 749 1677 utrumque
774 1608 831 1660 in
857 1605 1126 1661 unionem
1149 1605 1479 1660 coeuntium
1503 1604 1939 1659 indivisibiliter
1960 1620 2087 1658 con-

439 1696 675 1761 servari,
710 1694 838 1765 quis
871 1696 1021 1749 alius
1053 1710 1262 1765 scopus
1294 1709 1390 1749 seu
1428 1695 1557 1747 finis
1588 1693 1659 1747 ab
1690 1710 1755 1747 eo
1790 1701 2084 1763 spectare-

438 1790 555 1850 tur,
588 1801 759 1855 quam
812 1784 910 1854 qui
962 1785 1107 1838 duas
1140 1785 1197 1837 in
1230 1783 1525 1838 Salvatore
1574 1783 1804 1837 Christo
1857 1790 2084 1837 naturas

2208 626 2371 697 μὲνην
2441 622 2711 687 πολλάκις
2768 621 3008 696 φαίνεται
3074 620 3333 699 φάμενος,
3382 618 3510 692 μίαν
3579 615 3637 672 δὲ
3699 619 3867 695 φύσιν

2205 719 2442 787 Χριστοῦ
2502 711 2693 776 ἁπλῶς
2750 711 2916 767 εἰπὼν
2969 710 3067 765 οὐκ
3122 710 3183 763 ἃν
3231 707 3421 778 ἁλοίη.
3474 708 3539 764 Τί
3592 705 3639 761 δ’
3672 708 3734 761 ἂν
3773 704 3859 777 εἴη

2201 801 2356 879 φύσις
2415 803 2837 876 ἂνθρωπότητος
2885 803 2944 872 ἢ,
3012 803 3089 863 ὡς
3144 800 3305 863 αὐτὸς
3363 799 3529 854 πάλιν
3572 798 3621 852 ἐν
3658 797 3861 859 ἄλλοις

2201 888 2424 961 ἐδίδαξε,
2458 892 2581 967 σὰρξ
2627 890 2958 966 ἐψυχωμένη
3011 894 3255 964 νοερῶς;
3299 889 3374 950 ὡς
3424 888 3513 941 καὶ
3568 886 3658 941 διὰ
3688 891 3860 941 τοῦτο

2199 978 2362 1034 πάλιν
2424 981 2689 1049 σώζεσθαι
2785 984 2893 1034 τῶν
2988 975 3400 1054 συνδραμόντων
3496 976 3574 1037 εἰς
3659 973 3858 1031 ἕνωσιν

2198 1068 2516 1144 ἀδιαιρέτως
2558 1069 2838 1144 ἅκάτερόν.
2899 1068 3077 1136 Δῆλον
3116 1067 3207 1124 οὖν
3261 1068 3319 1122 ἐκ
3366 1072 3472 1123 τῶν
3542 1066 3855 1140 εἰρημένων

2199 1162 2345 1221 ὡςοὶ
2398 1158 2700 1235 όρθοδόξως
2762 1158 3019 1235 λέγοντες
3080 1159 3170 1213 καὶ
3222 1159 3361 1213 κατὰ
3412 1156 3689 1231 Κύριλλον
3724 1158 3855 1228 μίαν

2199 1250 2356 1324 φύσιν
2422 1255 2519 1303 τοῦ
2590 1251 2770 1325 Λόγου
2840 1248 3281 1325 σεσαρκωμένην,
3349 1247 3410 1301 οὐ
3468 1247 3606 1321 πρὸς
3677 1244 3849 1300 ἄλλον

2199 1341 2441 1415 ἀφορῶσι
2475 1340 2701 1409 σκοπὸν,
2742 1342 2777 1408 ἧ
2821 1341 2971 1401 ὅστις
3004 1340 3191 1399 αὐτοῖς
3220 1339 3318 1405 τήν
3347 1337 3608 1405 τοιαύτην
3661 1337 3854 1412 φωνὴν

2199 1430 2527 1485 ἐπιδείκνυσι
2558 1431 2655 1491 τὰς
2689 1428 2784 1484 δύο
2807 1428 2995 1507 φύσεις
3027 1427 3113 1483 ἐπὶ
3147 1432 3244 1483 τοῦ
3293 1428 3571 1482 Δεσπότου
3604 1430 3856 1499 Χριστοῦ

2197 1524 2276 1591 τῷ
2335 1517 2625 1591 ἀδιαιρέτῳ
2678 1522 2890 1579 πίντως
2932 1518 3371 1590 συνεισάγουσαν.
3433 1518 3519 1571 Ἐν
3598 1519 3684 1586 τῷ
3750 1517 3857 1588 γὰρ

2196 1608 2360 1662 εἰπεῖν
2419 1609 2510 1662 τὸν
2584 1612 2847 1682 μακάριον
2905 1606 3186 1681 Κύριλλον
3245 1606 3506 1674 σώζεσθαι
3550 1601 3623 1658 δι’
3684 1605 3858 1673 αὐτῆς

2192 1702 2299 1751 τῶν
2360 1694 2781 1770 συνδραμόντων
2832 1696 2910 1758 εἷς
2963 1692 3156 1750 ἕνωσιν
3195 1692 3516 1769 ἀδιαιρέτως
3577 1692 3855 1766 ἑκατέρον,

2193 1789 2320 1859 [873
2353 1788 2445 1857 3.]
2476 1792 2632 1847 ποῖος
2665 1783 2723 1839 ἃν
2754 1781 2927 1848 ἄλλος
2967 1782 3361 1859 παρεισαχθείη
3396 1783 3599 1845 σκοπὸς
3628 1784 3664 1851 ἢ
3700 1785 3728 1837 ὁ
3759 1784 3855 1844 τὰς

2785 984 2893 1034 τῶν

440 1873 683 1929 indivise
715 1873 1009 1943 copulatas
1043 1874 1316 1944 pradicet
1348 1872 1715 1943 recipitque?
1739 1872 1806 1925 Et
1837 1871 1944 1926 hoc
1975 1870 2078 1924 cla-

2197 1873 2291 1929 δύο
2349 1876 2533 1954 φύσεις
2602 1875 2691 1929 ἐπὶ
2756 1878 2852 1929 τοῦ
2917 1880 3179 1947 Σωτῆρος
3240 1876 3474 1946 Χριστοῦ
3534 1872 3854 1945 σωζομένας

442 1964 563 2017 rius
595 1963 652 2017 in
685 1961 929 2032 epistola
959 1960 1136 2016 altera
1164 1962 1233 2014 ad
1266 1961 1621 2015 Succensum
1654 1959 1906 2030 exponit.
1935 1959 2077 2014 Cum

439 2051 594 2105 enim
641 2051 985 2121 explicasset
1032 2051 1089 2104 in
1136 2050 1256 2115 illa,
1290 2050 1430 2121 quid
1463 2050 1539 2105 sit
1570 2048 1676 2103 hoc
1706 2049 1895 2119 ipsum
1929 2049 2079 2119 quod

440 2141 692 2196 declarat
725 2158 901 2195 unam
935 2149 1201 2195 naturam
1250 2140 1423 2195 Verbi
1475 2140 1863 2207 incarnatum,
1898 2144 1955 2194 et
1984 2139 2087 2195 do-

441 2228 673 2296 cuisset,
724 2244 923 2283 verum
982 2238 1035 2283 et
1084 2228 1404 2283 naturalem
1465 2243 1592 2282 esse
1648 2226 1797 2298 [Dei]
1848 2226 2083 2295 Filium,

442 2318 709 2388 quamvis
741 2320 1057 2373 secundum
1086 2322 1450 2388 assumptam
1482 2333 1714 2372 carnem
1750 2332 1864 2371 non
1894 2316 2085 2371 inani-

444 2422 622 2473 mum,
656 2408 757 2462 sed
793 2408 1141 2478 intelligenti
1190 2408 1387 2461 anima
1440 2406 1833 2473 informatam,
1864 2422 1931 2460 ex
1964 2422 2088 2460 mu-

444 2496 582 2550 liere
644 2497 921 2568 prodierit
979 2497 1173 2565 homo,
1236 2497 1416 2552 28H
1473 2513 1725 2567 cumque
1792 2496 2087 2552 intulisset

443 2602 556 2640 non
592 2595 895 2657 propterea
924 2587 1172 2641 divisum
1207 2586 1276 2641 iri
1308 2586 1653 2655 [Christum]
1695 2588 1750 2641 in
1785 2587 1932 2641 duas
1963 2602 2085 2658 per-

440 2692 614 2731 sonas
646 2680 747 2730 aut
778 2676 947 2744 filios,
978 2677 1070 2731 sed
1105 2676 1184 2731 ita
1232 2693 1461 2747 quoque
1504 2693 1842 2732 mansurum
1877 2694 2082 2745 unum,

439 2765 707 2836 adjungit
735 2767 1022 2836 quomodo
1046 2783 1157 2821 non
1184 2766 1309 2821 sine
1330 2782 1524 2834 carne,
1551 2783 1653 2822 nec
1675 2772 1830 2821 extra
1852 2783 2083 2838 corpus,

438 2856 539 2909 sed
575 2871 749 2910 suum
783 2873 847 2910 ac
881 2857 1174 2927 proprium
1229 2855 1437 2911 habeat
1486 2872 1718 2928 corpus,
1758 2858 2081 2912 secundum

439 2945 713 3000 unionem
766 2962 973 3016 nempe
1022 2945 1400 3001 indivulsum.
1436 2946 1501 3000 Et
1534 2946 1590 3000 in
1622 2946 1863 3015 epistola
1904 2946 1976 3000 ad
2009 2950 2083 3013 te,

440 3034 685 3106 aliisque
714 3034 857 3090 locis
889 3036 1113 3100 multis,
1144 3037 1340 3090 eadem
1374 3036 1579 3091 docere
1620 3036 1852 3106 legitur.
1883 3037 1953 3090 At
1983 3036 2083 3090 Se-

442 3123 660 3176 veriani
684 3122 1071 3178 differentiam
1098 3130 1227 3193 post
1248 3124 1717 3178 concurrentium
1742 3132 2080 3179 naturarum

444 3210 718 3264 unionem
738 3212 980 3265 aversati
1006 3210 1297 3267 malitiose
1310 3216 1364 3266 et
1382 3212 1554 3283 impie
1572 3213 1822 3283 primum
1846 3212 2082 3282 quidem

438 3301 664 3365 ponunt
695 3313 882 3365 voces,
915 3317 1043 3369 quas
1102 3300 1483 3355 differentiam
1526 3305 1863 3355 naturarum
1896 3303 2080 3357 decla-

437 3388 610 3451 rant;
643 3384 850 3440 deinde
881 3402 1013 3440 vero
1045 3403 1174 3441 cum
1225 3387 1357 3443 illas
1407 3388 1561 3459 ipsas
1609 3388 1833 3443 scilicet
1882 3389 2076 3444 inver-

435 3479 585 3541 tunt,
621 3492 796 3529 unam
840 3476 1009 3531 Verbi
1054 3486 1319 3531 naturam
1369 3478 1534 3533 aiunt
1583 3478 1963 3534 incarnatam.
2006 3483 2077 3535 At

433 3578 548 3617 non
581 3565 663 3618 ita
694 3564 895 3635 religio
928 3565 1227 3632 catholica,
1262 3568 1359 3620 sed
1394 3568 1589 3621 addita
1620 3568 1729 3621 hac
1759 3584 1890 3623 voce
1920 3568 2074 3625 illico

431 3651 702 3723 deinceps
735 3654 988 3708 ostendit
1020 3670 1118 3723 per
1149 3654 1296 3710 hanc
1346 3673 1547 3711 rursus
1596 3657 1807 3711 salvari
1844 3673 1911 3711 ex
1942 3673 2075 3713 con-

420 3741 662 3810 junctis]
722 3742 961 3797 alteram
1021 3744 1357 3799 indivisibili
1417 3746 1639 3801 ratione
1698 3746 1899 3812 unitis,
1947 3764 2071 3817 quas

426 3830 635 3900 [pietas
684 3831 985 3903 catholica]
1035 3834 1298 3903 coarguit
1352 3833 1585 3904 impios,
1632 3835 1769 3889 dum
1817 3836 2072 3891 ostendit

426 3935 601 3973 unam
642 3919 815 3976 Verbi
859 3926 1124 3976 naturam
1173 3922 1532 3979 incarnatam
1585 3924 1725 3979 nihil
1760 3923 1911 3980 aliud
1946 3941 2069 3981 esse

424 4024 599 4077 quam
641 4008 989 4064 indivulsam
1024 4013 1345 4067 secundum
1380 4012 1739 4084 hypostasim
1767 4012 2067 4080 unionem,

425 4102 628 4151 natura
660 4099 954 4169 [utraque]
987 4099 1212 4170 integra
1244 4106 1298 4155 et
1329 4101 1634 4156 ineonf‘usa
1675 4117 1906 4173 semper
1936 4118 2068 4158 con-

422 4193 666 4244 servata.
701 4188 857 4244 Duas
888 4190 1041 4245 enim
1077 4190 1357 4246 indivisas
1390 4198 1626 4247 naturas
1650 4193 1876 4260 asserit,
1901 4192 2067 4263 quasi

384 4354 391 4357 ν
421 4277 669 4332 duarum
695 4280 1168 4335 convenientium
1202 4286 1537 4335 naturarum
1575 4283 1959 4337 differentiam
1984 4282 2068 4336 in-

423 4366 653 4420 dicans:
680 4371 736 4421 et
770 4384 945 4422 unam
975 4367 1149 4423 Verbi
1181 4374 1449 4425 naturam
1483 4372 1869 4436 incarnatam,
1895 4370 2062 4442 quasi

2191 1966 2475 2040 κηρύττων
2532 1960 2874 2039 ἀδιαιρέτους
2940 1964 2988 1998 1⁸
3043 1963 3133 2017 καὶ
3191 1959 3607 2035 ἀποδεχόμενος
3659 1981 3675 2029 ;
3759 1963 3851 2015 καί

2188 2058 2349 2111 τοῦτο
2382 2055 2749 2130 φανερώτερον
2780 2054 2871 2109 καὶ
2904 2052 2955 2108 ἐν
2984 2058 3053 2128 τῇ
3086 2052 3222 2127 πρὸς
3254 2053 3547 2107 Σούκενσον
3596 2054 3623 2105 ὁ
3682 2050 3851 2113 αὐτὸς

2191 2141 2413 2220 δευτέρα
2471 2149 2707 2199 ποιεῖται
2766 2142 3053 2210 ἐπιστολῇ.
3087 2141 3434 2215 Ἑρμῃνεύων
3484 2140 3583 2215 γὰρ
3620 2140 3671 2195 ἐν
3704 2138 3849 2214 αὖτῇ

2187 2233 2237 2288 τί
2262 2231 2396 2288 ποτέ
2428 2232 2570 2288 ἐστιν
2600 2233 2750 2305 αὐτῷ
2794 2236 2836 2269 ¹⁹
2876 2230 3122 2302 δηλοῦσα
3154 2234 3187 2301 ἡ
3234 2236 3333 2304 μία
3363 2231 3521 2305 φύσις
3570 2234 3668 2284 τοῦ
3738 2230 3852 2283 Λό-

2190 2342 2290 2387 γου
2341 2322 2748 2395 σεσαρκωμὲνη,
2782 2322 2872 2375 καὶ
2917 2320 3082 2375 εἰπὼν
3135 2321 3209 2381 ὡς
3258 2317 3400 2374 ἔστιν
3440 2320 3562 2380 Υἱὸς
3616 2321 3644 2373 ὁ
3696 2319 3848 2395 φύσει

2190 2409 2281 2464 καὶ
2339 2410 2578 2479 ἀληθῶς,
2626 2410 2668 2464 εἰ
2728 2410 2817 2463 καὶ
2890 2409 3026 2463 κατᾶ
3082 2406 3395 2483 πρόσληψιν
3462 2408 3667 2481 σαρκὸς
3753 2408 3850 2461 ούκ

2193 2499 2431 2573 ἀψύχου,
2464 2497 2590 2553 ἀλλ’
2621 2498 2984 2573 ἐψυχωμὲνης
3015 2502 3219 2574 νοερῶς
3253 2496 3531 2571 προῆλθεν
3556 2496 3848 2571 ἄνθρωπος

2192 2588 2249 2641 ἐκ
2293 2588 2566 2662 γυναικὸς,
2626 2588 2713 2642 καὶ
2772 2587 3072 2663 ἐπενεγκὼν
3132 2586 3210 2647 ὡς
3268 2585 3330 2640 οὐ
3391 2582 3480 2639 διὰ
3534 2589 3700 2641 τοῦτο
3755 2608 3849 2659 μι-

2192 2678 2501 2751 ρισθήσεται
2534 2676 2609 2739 εἷς
2652 2674 2747 2732 δύο
2780 2677 3064 2750 πρώσωπα
3092 2676 3125 2745 ἢ
3161 2676 3334 2744 υἱοὺς,
3367 2672 3515 2729 ἀλλὰ
3566 2674 3658 2729 καὶ
3702 2677 3846 2731 οὕτω

2192 2766 2437 2841 διαμενεῖ
2484 2770 2580 2841 εἷς,
2639 2769 2961 2844 προστίθησι
3030 2772 3148 2833 πῶς
3222 2768 3321 2823 οὐκ
3394 2766 3629 2841 ἄσαρκος
3723 2766 3848 2822 οὐδὲ

2192 2855 2292 2929 ἔξω
2330 2862 2604 2932 σώματος,
2646 2858 2774 2914 ἀλλ’
2824 2857 2960 2914 ἴδιον
3023 2852 3168 2933 ἔχων
3228 2857 3356 2912 αὐτὸ
3418 2854 3615 2929 (δῆλον
3648 2856 3731 2911 ὅτι
3784 2860 3845 2912 τὸ

2194 2954 2375 3021 σῶμα)
2427 2951 2543 3002 καθ¹
2612 2946 2798 3003 ἕνωσιν
2859 2946 3251 3005 ἀδιάσπαστον.
3286 2946 3391 3001 Κάν
3456 2949 3527 3020 τῇ
3565 2946 3845 3021 aper...“

2194 3036 2249 3092 δὲ
2280 3037 2540 3107 ἐπιστολῇ
2574 3038 2661 3093 καὶ
2693 3036 2744 3092 ἐν
2778 3037 2973 3100 ἄλλοις
3001 3035 3238 3097 πολλοῖς
3274 3037 3341 3091 τὰ
3393 3035 3528 3090 αὐτὰ
3577 3034 3847 3091 διδάσκων

2195 3126 2514 3200 εὑρίσκεται.
2548 3125 2707 3184 Ἀλλ’
2747 3129 2797 3182 οἱ
2837 3126 2960 3201 περὶ
3004 3121 3247 3201 Σεϐἧρον
3278 3128 3380 3195 τήν
3414 3123 3677 3202 διαφορὰν
3738 3131 3843 3179 τῶν

2194 3216 2560 3270 συνελθόντων
2594 3216 2729 3287 μετὰ
2783 3217 2884 3284 τὴν
2937 3213 3127 3271 ἕνωσιν
3186 3214 3481 3288 ὁμολογεῖν
3522 3214 3625 3270 οὔκ
3656 3215 3848 3291 ἀνεχόο

2196 3324 2368 3376 μενοι,
2434 3304 2758 3379 κακούργως
2802 3325 2860 3359 τε
2907 3302 2997 3359 καὶ
3078 3298 3354 3365 δυσσεϐῶς
3438 3307 3660 3377 πρῶτον
3748 3306 3845 3376 μὲν

2189 3394 2439 3448 τάττουσι
2472 3394 2567 3457 τὰς
2597 3394 2772 3470 φωνὰς
2802 3395 2856 3447 αἲ
2899 3395 2941 3429 εί
2990 3395 3088 3462 τὴν
3142 3390 3405 3471 διαφορὰν
3453 3389 3687 3463 δηλοῦσι
3738 3399 3846 3448 τῶν

2190 3483 2418 3562 φύσεων,
2454 3483 2635 3539 ἔπειτα
2692 3482 2770 3552 δὲ,
2821 3484 2896 3547 ὡς
2962 3480 3119 3552 δῆθεν
3190 3482 3589 3556 ἀνατράποντες
3648 3484 3840 3553 αὐτὰς,

2184 3576 2283 3641 τήν
2316 3575 2444 3645 μίαν
2489 3573 2646 3650 φύσιν
2695 3577 2791 3627 τοῦ
2837 3572 3017 3647 Λόγου
3060 3572 3474 3646 σεσαρκωμένην
3519 3572 3837 3647 ἐπάγουσιν,

2184 3661 2301 3736 Ούχ
2332 3662 2473 3717 οὕτω
2540 3661 2595 3717 δὲ
2626 3668 2774 3717 ποιεῖ
2829 3664 2862 3731 ἡ
2932 3657 3193 3729 εὐσέϐεια,
3226 3660 3373 3715 ἀλλὰ
3419 3662 3628 3731 ταύτην
3667 3683 3836 3735 προσ-ο

2184 3754 2334 3806 θεῖσα
2372 3754 2419 3787 23
2457 3752 2554 3821 τήν
2611 3754 2815 3830 φωνὴν,
2876 3750 3027 3812 εὐθὺς
3068 3750 3256 3826 ἐφεξῆς
3314 3748 3551 3805 δείκνυσι
3598 3752 3687 3805 καὶ
3749 3749 3835 3805 διὰ

2181 3842 2381 3911 ταύτης
2412 3843 2675 3910 σώζεσθαι
2715 3840 2879 3895 πάλιν
2930 3841 3037 3895 τῶν
3089 3840 3451 3895 συνελθόντων
3510 3840 3587 3902 εἷς
3646 3836 3837 3896 ἕνωσιν

2178 3928 2495 4004 ἀδιαιρέτως
2525 3932 2798 4006 ἑκάτερον,
2833 3928 3143 4008 ἐλέγχουσα
3172 3930 3299 3990 τοὺς
3360 3926 3643 3992 δυσσεϐεῖς
3696 3932 3773 3993 ὡς
3802 3934 3833 3999 ἡ

2183 4020 2281 4092 μία
2311 4025 2405 4074 τοῦ
2458 4020 2638 4095 Λόγου
2687 4018 2844 4098 φύσις
2891 4020 2935 4055 ²³
2985 4020 3373 4093 σεσαρκωμένη
3419 4018 3573 4075 οὐδὲν
3647 4018 3832 4095 ἓτερον

2177 4110 2211 4176 ἢ
2253 4109 2351 4177 τήν
2410 4107 2769 4164 ἀδιάσπαστον
2825 4108 2913 4163 καὶ
2967 4110 3084 4163 καθ’
3146 4109 3436 4163 ὑπόστασιν
3497 4106 3690 4164 ἕνωσιν
3737 4108 3833 4179 δη-

2176 4198 2286 4266 λοῖ,
2320 4196 2742 4275 φυλαττομένων
2772 4196 2904 4252 κατὰ
2926 4198 3097 4253 πάντα
3126 4198 3311 4273 καιρὸν
3361 4196 3411 4251 ἐν
3447 4202 3528 4269 τῷ
3584 4198 3833 4273 ἀσυγχύ-

2172 4308 2250 4359 τῳ
2304 4292 2410 4341 τῶν
2471 4286 2701 4363 φύσεων.
2737 4287 2839 4342 Δύο
2888 4288 2990 4361 γὰρ
3052 4287 3235 4363 φύσεις
3286 4283 3633 4361 ἀδιαιρὲτους
3674 4286 3831 4357 3051'-

2176 4384 2275 4446 ςει,
2333 4377 2405 4437 ὡς
2451 4376 2512 4430 τὸ
2580 4374 2835 4453 διάφορον
2882 4380 2990 4430 τῶν
3040 4374 3404 4430 συνελθόντων
3458 4378 3831 4450 κηρύττουσα,

423 4452 616 4523 ipsum
640 4455 820 4509 Patris
842 4465 972 4511 ante
987 4457 1198 4511 saecula
1220 4456 1470 4512 Verbum
1490 4458 1749 4513 humana
1764 4463 2065 4530 assumpta

2190 4469 2263 4523 ιαῖ
2296 4469 2419 4541 μίαν
2452 4469 2607 4547 φύσιν
2638 4473 2735 4524 τοῦ
2770 4470 2944 4545 Λόγου
2974 4468 3411 4542 σεσαρκωμένην,
3445 4469 3520 4529 ὡς
3570 4470 3665 4524 τὸν
3727 4470 3834 4523 αὖ·

427 4546 631 4597 natura
672 4542 1038 4601 incarnatum
1073 4546 1309 4601 docens.

492 4736 620 4791 Haec
653 4741 709 4791 et
738 4736 829 4791 bis
861 4735 1096 4798 similia,
1124 4742 1427 4806 postquam
1460 4752 1558 4806 pro
1583 4736 1735 4791 vocis
1759 4737 2059 4808 propositas

420 4827 754 4883 defensione
820 4826 983 4894 dixit,
1044 4824 1415 4895 ostenditque
1485 4826 1687 4880 eadem
1750 4843 1781 4882 a
1840 4828 2061 4898 synodo

420 4916 872 4973 Chalcetlonensi
899 4915 1161 4986 judicata
1195 4920 1249 4969 et
1281 4914 1609 4985 praedicata,
1634 4930 1763 4970 cum
1802 4932 1901 4987 per
1926 4916 2061 4986 alia,

420 5012 544 5062 tum
578 5025 643 5063 ex
680 5008 746 5062 iis
779 5007 995 5078 quibus
1042 5005 1299 5077 synodus
1348 5005 1534 5060 sancti
1568 5005 1820 5059 Flaviani
1856 5006 2068 5074 profes-

421 5096 642 5152 sionem
679 5097 809 5152 fidei
837 5096 1021 5166 ipsius
1044 5110 1219 5150 manu
1246 5093 1522 5165 scriptam
1546 5094 1926 5161 conﬁrmavit,
1947 5096 2069 5150 vin-

422 5184 574 5239 dicat
628 5202 826 5241 vocem
878 5187 1003 5255 [seu
1063 5184 1369 5240 formulam
1430 5182 1587 5239 illam
1643 5182 1936 5257 Ecclesiae]
1993 5185 2066 5241 ab

426 5269 702 5329 haereseos
750 5274 1115 5343 suspicione;
1150 5271 1519 5343 vindicatque
1571 5272 1827 5344 seipsum
1876 5290 1908 5329 a
1953 5291 2064 5330 non

2176 4560 2267 4613 τὸν
2323 4563 2418 4613 τοῦ
2479 4559 2682 4631 Πατρὸς
2742 4559 3074 4634 προαιώνιον
3153 4559 3333 4633 Λόγον
3413 4555 3825 4629 ἐνανθρωπῆσαι

2176 4649 2264 4703 καὶ
2297 4650 2639 4722 σαρκωθῆναι
2674 4646 3109 4722 δογματίζουσα.

2247 4740 2427 4794 Ταῦτα
2452 4738 2540 4791 καὶ
2598 4742 2825 4793 τοιαῦτα
2856 4738 2903 4773 ²⁴
2936 4737 3067 4811 ὑπὲρ
3105 4745 3207 4806 τῆς
3266 4733 3623 4813 προκειμένης
3683 4734 3831 4791 ἀπο-

2177 4826 2552 4901 λογησάμενος
2611 4834 2822 4905 φωνῆς,
2881 4827 2971 4881 καὶ
3039 4828 3105 4881 τὰ
3164 4826 3298 4882 αὐτὰ
3356 4827 3454 4895 τὴν
3500 4823 3554 4879 ὲν
3587 4823 3833 4903 Καλχη-

2178 4914 2291 4970 δόνι
2335 4918 2381 4952 ²⁵
2422 4914 2642 4971 σύνοδον
2704 4918 3000 4993 φρονοῦσάν
3050 4938 3109 4971 τε
3148 4918 3238 4971 καὶ
3280 4916 3654 4991 κηρύττουσιν
3714 4916 3829 4971 ἐπι-

2177 5002 2488 5079 δειξάμενος
2542 5004 2632 5061 διά
2684 5027 2743 5061 τε
2791 5003 2978 5061 ἄλλων
3038 5006 3128 5060 καὶ
3196 5005 3247 5076 ἐξ
3307 5006 3383 5059 ὧν
3438 5010 3537 5060 τοῦ
3570 5005 3621 5059 ἐν
3655 5004 3830 5081 ἁγίοις

2177 5090 2827 5171 Φλαϐιανοῦΐδιόχειρον
2878 5093 3061 5149 πίστιν
3120 5096 3554 5171 ἀναγνωσθεῖσαν
3613 5097 3648 5163 ἡ
3706 5094 3830 5148 σύν-

2175 5180 2299 5246 οδος
2334 5187 2454 5257 [461
2492 5185 2578 5253 Η.]
2621 5183 2977 5258 ἐπεκύρωσεν,
3016 5181 3358 5239 ἀπαλλάττει
3402 5183 3498 5256 μὶν
3564 5185 3666 5253 τήν
3719 5204 3830 5256 φωσ-

2172 5275 2268 5345 νήν
2304 5274 2579 5347 αἱρετικῆς
2609 5271 2969 5347 ὑπολήψεως,
3006 5270 3347 5328 ἀπαλλάττει
3381 5268 3439 5327 δὲ
3488 5272 3575 5327 καὶ
3641 5269 3825 5327 ἑαυτὸν

1783 5445 2023 5502 VARle
2065 5445 2365 5502 LECTION
2372 5446 2475 5503 ES.

502 5574 547 5611 ¹⁸
576 5571 894 5656 ἀδιαῄιρέτιιζς
928 5577 1009 5656 ς.
1089 5582 1132 5614 η
1156 5578 1305 5656 αόσῴ
1336 5594 1485 5635 corr.
1528 5581 1573 5635 A
1596 5594 1621 5656 ε,
1645 5580 1779 5636 αὐτό
1812 5582 1893 5656 ς’.

936 5722 981 5757 ³⁵
1012 5721 1100 5774 καὶ
1127 5720 1192 5775 τὰ
1228 5742 1278 5777 τ.
1468 5724 1514 5756 ’⁵
1544 5722 1719 5783 Χαλκ.
1748 5728 1785 5780 Β

428 5718 527 5780 τοῦ
560 5718 741 5791 Δςόγοι)

1972 5582 2107 5655 ³ο...]
2148 5584 2204 5639 in
2236 5599 2323 5654 pr.
2357 5585 2415 5657 A_
2439 5582 2650 5657 lacuna
2680 5586 2790 5652 est,
2826 5586 3245 5657 qum_nongtota
3272 5580 3826 5657 [impleturi‘inscri-

430 5654 525 5733 pio
584 5651 1507 5735 ppsleaPSO‘S-‘fsveov"Eo'SEveov-
1547 5654 1723 5735 gtigm
1786 5651 1907 5711 Β⁷ρι
1948 5651 2105 5713 θοι-ιχ·
2144 5661 2182 5711 C
2207 5651 2321 5711 [σε

2516 5658 2560 5693 ²¹
2593 5652 2647 5711 αἳ
2668 5662 2760 5737 ¹Δε
2794 5652 2884 5711 κάι
2914 5654 2996 5728 ς’.
3073 5655 3120 5691 ²²
3150 5652 3411 5729 προθεῖσα
3442 5654 3501 5711 Β.
3583 5653 3633 5689 ³³
3674 5652 3827 5729 φύσις
