4138 6228
328 307 526 418 ιο73’

1423 359 1970 423 BlBLIOTHECA.
2017 395 2094 406 —
2137 361 2310 425 COD.
2359 363 2638 424 CCXXX.

3585 365 3739 426 1074

329 488 429 546 οὐκ
480 489 704 565 εὐαγους
763 489 1042 562 ὑπονοίας,
1099 493 1168 562 ἢν
1221 495 1342 570 περί
1403 496 1572 550 αὐτοῦ
1630 496 1676 531 ³⁸
1734 495 1762 550 6
1819 502 1963 570 Δομε

2100 498 2332 555 sincera
2362 499 2654 572 Opinione,
2687 515 2865 571 quam
2894 497 2978 554 illi
3010 497 3376 555 Domitianus
3418 501 3741 572 saepiciose

323 579 506 641 τιανὸς
559 578 886 650 ύπετόπαζε,
947 582 1188 655 νομίζων
1240 582 1400 639 αὐτὸν
1453 585 1515 639 ού
1565 587 1700 640 κατὰ
1758 587 1988 661 γνώμην

324 666 631 724 ἐνδιάθετον
689 670 789 738 τήν
839 671 1100 742 τοιαύτην
1166 671 1494 728 οἰκειοῦσθαι
1579 674 1668 728 καὶ
1726 676 1984 751 προάγειν

327 758 533 834 φωνὴν,
575 756 626 827 ἐξ
679 757 998 832 οἰκονομίας
1052 758 1130 831 δὲ,
1171 761 1258 816 καί
1310 761 1449 816 ὥστε
1509 760 1577 818 δι’
1633 763 1800 832 αὐτῆς
1858 763 1983 824 τοὺς

331 847 596 920 ἀκροατὰς
658 847 991 922 εὐμηχάνως
1043 849 1188 927 ἄγειν
1246 853 1384 927 πρὸς
1439 851 1689 923 ἑνότητα,
1743 853 1831 907 καὶ
1889 853 1985 916 τὰς

329 937 630 1012 προφάσεις
678 938 1027 1013 περικόπτειν
1078 944 1184 996 τῶν
1233 948 1334 1011 τῆς
1386 942 1688 1011 καθολικῆς
1745 942 1982 1012 Ἐκκλη-

331 1026 447 1088 σίας
484 1028 836 1084 διαστάσεων.
883 1033 1059 1084 Ταῦτα
1109 1032 1194 1086 καί
1259 1036 1481 1086 τοιαῦτα
1534 1029 1691 1107 ἕτερα
1749 1031 1982 1087 ἐπιστεί-

331 1113 449 1182 λας,
493 1116 628 1188 ἅπερ
671 1117 768 1170 κάν
813 1122 930 1180 τοῖς
980 1116 1324 1193 προλαϐοῦσι
1366 1121 1554 1196 λόγυις
1611 1120 1981 1193 διεξελήλυθε,

330 1203 420 1258 καὶ
452 1206 650 1278 θερμὸν
694 1206 881 1261 ἑαυτὸν
917 1211 1018 1277 τῆς
1064 1230 1124 1264 τε
1170 1211 1305 1265 κατὰ
1356 1208 1686 1286 Καλχηδόνα
1754 1209 1982 1268 συνόδου

330 1294 624 1368 πρόμαχον
657 1296 874 1365 καὶτῆς
915 1301 1013 1352 τοῦ
1059 1299 1112 1352 ὲν
1157 1299 1332 1372 ἁγίοις
1379 1301 1534 1354 πάπα
1582 1300 1812 1362 Λέοντος
1862 1299 1981 1356 ἐπι-

333 1381 540 1451 στολῆς
573 1380 660 1437 διά
690 1383 945 1453 πολλῶν,
989 1387 1167 1461 ὧνπερ
1215 1385 1492 1466 διαφόρως
1534 1386 1755 1465 ἔγραψε,
1807 1409 1979 1464 παρα-

333 1471 689 1546 στησάμενος,
721 1472 887 1548 πέρας
918 1477 1294 1549 τῷγράμματα
1325 1475 1646 1547 ἐπιτίθησιν.

401 1560 600 1638 Γράφει
655 1557 712 1616 δὲ
744 1562 771 1616 6
802 1561 961 1626 αύτὸς
1008 1564 1290 1629 θεσπέσιος
1339 1566 1478 1642 ἀνὴρ
1524 1566 1610 1622 καί
1660 1570 1797 1641 πρὸς
1847 1569 1978 1642 Χριο

328 1649 598 1725 στοιρόρον
624 1651 767 1719 τινὰ,
810 1652 871 1706 ’ὸν
921 1651 1081 1716 αὐτὸς
1133 1655 1431 1710 ὁσιώτατον
1482 1657 1793 1735 ἐπιγράφει,
1852 1677 1982 1734 γρα-

327 1744 504 1817 φικῶν
550 1737 868 1813 ἐρωτήσεων
925 1741 1290 1817 αἰτησάμενον
1336 1742 1540 1806 λύσεις.
1589 1747 1670 1801 Τὰ
1723 1744 1779 1801 δὲ
1826 1749 1977 1818 ἠρω-

2097 587 2408 659 objecerat,
2442 589 2595 659 quod
2623 588 2979 644 existimaret
3029 603 3223 642 vocem
3257 587 3433 644 talem
3468 606 3581 644 non
3616 591 3738 645 sin-

2099 691 2228 732 cere
2249 692 2317 732 ex
2347 678 2542 732 animo
2581 677 2653 732 ab
2686 692 2752 733 eo
2784 676 3056 746 usurpari
3090 680 3147 730 et
3178 677 3439 746 proponi,
3491 680 3588 732 sed
3619 679 3740 735 dis—

2097 766 2442 838 pensatione
2473 767 2748 837 quadam,
2771 769 2833 819 ut
2854 782 2955 837 per
2971 781 3097 820 eam
3132 765 3429 820 auditores
3462 765 3620 821 nullo
3651 785 3741 823 ne-

2095 857 2254 926 gotio
2277 856 2348 910 ad
2385 857 2668 910 unitatem
2700 858 3014 920 revocaret,
3048 869 3376 925 causasque
3420 854 3739 912 dissensio-

2096 959 2236 998 num
2271 945 2342 999 ab
2375 944 2628 1000 Ecclesia
2659 943 2946 999 catholica
2981 943 3334 1014 praesideret.
3368 943 3500 999 Hinc
3530 949 3585 999 et
3636 945 3740 1001 hoc

2093 1046 2280 1103 genus
2310 1032 2422 1086 alia
2455 1049 2587 1087 cum
2622 1031 3060 1104 perscripsisset
3087 1032 3234 1102 (quae
3257 1037 3314 1087 et
3345 1032 3402 1087 in
3426 1033 3738 1104 superiori~

2094 1120 2204 1176 bus
2236 1120 2403 1176 libris
2432 1125 2797 1193 exposuerat)
2831 1125 2887 1176 et
2917 1136 3045 1176 sese
3077 1122 3374 1176 ardentem
3421 1121 3736 1178 Chalcedo-

2093 1210 2290 1266 nensis
2329 1211 2555 1283 synodi,
2586 1216 2760 1282 atque
2810 1209 2999 1266 sancti
3035 1209 3244 1266 Leonis
3277 1226 3438 1281 papae
3487 1211 3739 1281 epistolae

2093 1298 2300 1355 multis
2331 1315 2398 1356 ac
2429 1299 2605 1354 variis
2627 1298 2862 1369 scriptis
2911 1303 3404 1371 propugnatorem
3441 1298 3737 1355 exhibuis-

2090 1391 2200 1458 set,
2231 1388 2488 1459 epistolae
2517 1387 2694 1442 finem
2720 1385 3023 1458 imposuit.

2161 1569 2385 1626 Scribit
2417 1567 2574 1624 idem
2607 1569 2972 1625 venerandus
3015 1569 3100 1622 vir
3128 1569 3197 1623 ad
3256 1567 3736 1639 Christopborum

2090 1663 2429 1734 quemdam,
2460 1677 2630 1732 quem
2658 1660 2781 1730 ipse
2813 1658 3256 1715 sanctissimum
3282 1659 3739 1729 ininscriptione

2088 1751 2416 1807 litterarum
2478 1748 2750 1821 appellat,
2811 1748 3003 1804 282a
3063 1753 3298 1819 rogatus
3357 1749 3428 1802 ab
3461 1763 3526 1804 eo
3560 1752 3622 1802 ut
3665 1748 3736 1801 ad

331 1829 539 1902 τημὲνα
587 1827 700 1884 ἐστί
758 1834 976 1905 πρῶτον
1036 1834 1153 1904 μὲν,
1209 1838 1330 1895 Πῶς
1379 1831 1462 1889 δεῖ
1507 1841 1646 1890 νοεῖν
1696 1835 1758 1890 τὸ
1808 1836 1860 1891 ἐν
1910 1840 1971 1910 τῇ

2087 1841 2370 1913 quasdam
2395 1855 2463 1894 ex
2495 1839 2678 1894 sacris
2727 1837 2956 1893 Litteris
2986 1837 3387 1892 dubitationes
3419 1837 3738 1906 responde-

335 1914 554 1989 δευτέρᾳ
609 1922 653 1956 ³⁷
717 1924 824 1975 τῶν
887 1920 1188 1977 Βασιλειῶν
1247 1924 1558 1996 εἰρημένον·
1612 1927 1715 1981 Καὶ
1774 1925 1980 1980 ἐπὲσει-

327 2028 413 2062 σεν
483 2011 526 2044 ³⁸
596 2010 624 2064 6
692 2011 820 2072 Θεὸς
902 2011 995 2066 τὸν
1066 2007 1231 2067 Δαὸἰδ
1299 2013 1596 2088 ἀριθμῆσαι
1665 2017 1756 2070 τὸν
1827 2015 1981 2070 λαόν⁶

326 2098 413 2151 καὶ
465 2096 602 2169 μετὰ
655 2103 845 2154 ταῦτα’
907 2102 1032 2158 ’Ότι
1095 2101 1416 2175 ἠρίθμησεν,
1467 2105 1816 2178 ἠγανάκτησε
1864 2107 1984 2160 κατ’

331 2185 533 2256 αύτοῦ;
586 2188 674 2242 καὶ
715 2187 1018 2257 ἐπιλύεται,
1079 2191 1163 2245 ὅτι
1207 2192 1334 2247 Θεὸν
1376 2191 1650 2256 πολλάκις
1690 2195 1724 2263 ἡ
1766 2197 1979 2271 Γραφή,

331 2273 513 2348 ὥσπερ
544 2276 633 2330 καί
676 2276 898 2352 Κύριον,
947 2277 1009 2333 ού
1057 2281 1224 2351 μόνον
1269 2281 1360 2335 τὸν
1410 2280 1669 2351 ἀληθινὸν
1720 2282 1975 2356 ὀνομάζει

333 2366 484 2433 Θεὸν,
544 2365 693 2422 ἀλλὰ
743 2367 832 2422 καὶ
891 2370 1055 2424 αὐτὸν
1105 2371 1198 2425 τὸν
1237 2377 1336 2441 τῆς
1391 2372 1655 2448 πονηρίας
1712 2373 1972 2450 ἄρχοντα.

327 2456 458 2527 [8’76
488 2456 581 2526 R.]
631 2455 775 2511 Κατᾶ
820 2460 982 2512 τοῦτο
1029 2459 1130 2532 γάρ
1180 2459 1243 2513 τὸ
1292 2461 1693 2534 σημαινόμενον
1743 2461 1831 2516 καὶ
1878 2463 1968 2516 τὸν

330 2543 547 2600 Παῦλον
589 2542 770 2624 φάναι·
826 2547 914 2602 Ἐν
967 2548 1052 2610 οἷς
1101 2549 1129 2602 6
1187 2548 1318 2610 Θεὸς
1363 2553 1460 2604 τοῦ
1525 2551 1720 2614 αἰῶνος
1775 2551 1970 2607 τούτου

326 2630 607 2709 ἐτύφλωσε
662 2635 759 2694 τὰς
821 2633 1046 2710 καρδίας
1103 2639 1210 2691 τῶν
1289 2636 1547 2694 ἀπίστων.
1605 2639 1710 2694 Καὶ
1771 2640 1798 2693 6
1853 2647 1971 2694 Σω-

325 2722 452 2794 τήρ³
515 2721 590 2779 Ού
649 2717 876 2778 δύνασθε
933 2720 1052 2778 δυσὶ
1120 2724 1328 2799 κυρίοις
1387 2723 1690 2784 δουλεύειν.
1752 2729 1843 2782 Διὸ
1881 2729 1970 2783 καὶ

327 2809 382 2864 ἰν
415 2815 483 2884 τῇ
526 2811 717 2887 πρώτῃ
766 2817 876 2867 τῶν
943 2811 1436 2889 Παραλειπομένων
1495 2816 1969 2890 ἀπαρακαλύπτως

319 2899 413 2954 τὸν
447 2895 709 2956 διάϐολον
755 2901 905 2977 λέγει
952 2903 1043 2958 τὸν
1103 2903 1440 2959 ἐπισείσαντα
1499 2907 1591 2961 τὸν
1635 2902 1802 2962 Δαϐἰδ
1850 2907 1968 2981 ἀρι-

321 2989 530 3060 θμῆσαι
558 2989 650 3045 τὸν
681 2990 835 3049 λαόν.
870 2990 1027 3062 Πλήν
1059 2992 1150 3048 καὶ
1178 2995 1241 3049 τὸ
1284 2996 1411 3069 παρ’
1458 2996 1593 3068 ἡμῖν
1645 2997 1965 3072 ἀντίγραφον

323 3077 427 3153 οὐχ
455 3078 530 3138 ὡς
560 3079 620 3133 τὸ
642 3078 942 3137 ἄποσταλὶν
985 3082 1133 3156 παρὰ
1179 3087 1274 3137 σοῦ
1320 3085 1584 3159 περιέχει.
1635 3089 1793 3160 ’Έγει
1838 3085 1962 3161 γάρ·

2095 1934 2217 1986 ret.
2251 1927 2609 1993 Quaestiones
2643 1942 2810 1998 porro
2841 1925 2928 1980 bis
2947 1930 3086 1981 sunt
3107 1942 3120 1979 :
3140 1926 3203 1980 Et
3231 1927 3361 1995 fecit
3393 1927 3534 1979 Deus
3561 1925 3740 1980 David

2093 2033 2394 2074 numerare
2446 2016 2713 2088 populum
2745 2028 2765 2054 ο
2801 2057 2812 2070 .
2848 2014 2918 2068 Et
2974 2014 3126 2069 intra
3160 2030 3174 2069 :
3235 2016 3373 2082 Quia
3403 2015 3736 2078 numeravit,

2091 2108 2426 2176 indignatus
2447 2109 2523 2161 est
2553 2111 2741 2160 contra
2764 2119 2888 2158 eum
2909 2103 2934 2142 ά
2969 2143 2982 2156 .
3003 2102 3331 2174 Respondet
3357 2102 3651 2173 Eulogius,
3678 2102 3736 2156 in

2091 2197 2300 2254 divinis
2359 2194 2595 2250 Litteris
2653 2195 2832 2248 Deum
2893 2192 3382 2264 quemadmodum
3426 2195 3482 2245 st
3541 2190 3728 2245 Domi-

2089 2303 2230 2344 num
2253 2303 2365 2342 non
2391 2284 2582 2340 solum
2606 2298 2806 2339 verum
2828 2283 3033 2349 Deum,
3052 2281 3153 2336 sed
3180 2281 3355 2335 etiam
3387 2281 3571 2350 ipsius
3592 2280 3727 2334 mali

2085 2377 2404 2449 principem
2428 2373 2742 2430 nominari.
2769 2374 2831 2427 In
2857 2371 2963 2426 hoc
2984 2370 3276 2425 intellectu
3315 2369 3526 2426 Paulus
3553 2370 3728 2424 dixit:

2087 2469 2148 2522 In
2179 2465 2380 2538 quibus
2413 2469 2557 2521 Deus
2609 2464 2772 2534 hujus
2827 2461 3026 2518 saeculi
3069 2461 3364 2516 excaecauit
3403 2463 3614 2514 mentes
3643 2462 3733 2512 in-

2082 2557 2337 2629 ﬁdelium
2361 2569 2383 2596 θ
2420 2597 2432 2610 .
2466 2555 2535 2609 Et
2553 2552 2818 2609 Salvator
2841 2567 2855 2606 :
2885 2551 3048 2605 Nemo
3069 2554 3242 2620 potest
3263 2548 3473 2602 duobus
3495 2548 3674 2602 domin
3687 2547 3732 2603 is

2082 2645 2328 2702 serviref
2368 2685 2379 2697 .
2404 2643 2548 2698 Hinc
2570 2641 2628 2695 in
2654 2641 2842 2712 primo
2867 2637 3346 2708 Paralipomenon
3371 2641 3567 2707 aperte
3588 2637 3731 2691 dicit

2080 2735 2354 2792 Davidem
2388 2750 2420 2788 a
2450 2734 2668 2788 Satana
2702 2730 3006 2785 incitatum
3054 2727 3234 2782 fuisse
3277 2730 3340 2781 ut
3398 2734 3729 2782 numeraret

2080 2824 2408 2896 populum:
2465 2819 2581 2876 nisi
2612 2819 2767 2891 quod
2827 2821 3090 2873 nostrum
3142 2814 3438 2885 exemplar
3494 2832 3624 2870 cum
3660 2832 3725 2871 eo

2079 2913 2232 2985 quod
2255 2920 2362 2968 ate
2389 2910 2638 2965 missum
2655 2911 2760 2972 est,
2780 2923 2896 2962 non
2920 2905 3203 2966 convenit,
3230 2906 3318 2960 Ita
3338 2904 3490 2959 enim
3516 2904 3721 2960 habet:

2075 3004 2140 3058 Et
2173 3000 2384 3056 addidit
2412 3002 2571 3068 furor
2602 2999 2822 3053 Domini
2870 2995 3038 3051 irasci
3078 3003 3268 3049 contra
3315 2994 3638 3059 Jerusalem,
3671 2997 3723 3050 et

2076 3090 2361 3148 commovit
2394 3088 2563 3144 David
2594 3105 2653 3142 ιη
2681 3089 2817 3158 ipsis
2840 3099 2866 3138 ε
2897 3131 2911 3152 ,
2944 3089 3000 3140 et
3020 3100 3150 3155 quae
3181 3090 3525 3154 sequuntur.
3551 3086 3636 3139 Ita
3657 3087 3722 3138 ut

322 3151 426 3221 ἰ(άί
481 3168 771 3236 προσέθετο
830 3173 962 3246 οργή
1025 3151 1075 3208 ἳέ
1116 3171 1312 3245 Κυρίου
1352 3151 1609 3243 ἐκκαῆναι
1659 3151 1721 3228 ἐν,
1766 3151 1963 3251 Ἰερου-

2083 3181 2341 3238 videatur
2371 3181 2420 3235 is
2452 3179 2548 3248 qui
2589 3151 2784 3232 dict-us
2814 3151 2990 3230 estin
3016 3151 3476 3244 Daralipomenis
3507 3171 3716 3228 diabo-

321 3255 533 3329 σαλήμ,
599 3258 691 3311 καί
782 3257 1022 3314 ἐπέσεισε
1083 3262 1175 3316 τὸν
1243 3258 1411 3317 Δάόἰδ
1496 3263 1547 3318 ἐν
1607 3263 1814 3335 αὐτοῖς,
1879 3265 1968 3319 καὶ

319 3344 470 3415 ὶξῆς,
503 3345 577 3409 ὡς
611 3343 793 3402 δοκεῖν
822 3368 942 3410 πως
982 3348 1152 3424 ὀργὴν
1200 3349 1420 3407 ἐνταῦθα
1470 3351 1717 3428 λέγεσθαι
1770 3356 1967 3430 Κυρίου

315 3435 408 3490 τὸν
442 3435 726 3510 εἰρημένον
760 3437 812 3491 ἐν
846 3436 1353 3512 Παραλειπομέναις
1403 3437 1688 3499 διάϐολον.
1743 3443 1862 3499 Εἴτε
1913 3442 1970 3500 δὲ

317 3522 518 3591 οὕτως,
552 3522 660 3581 εἴτε
691 3526 766 3588 ὼς
795 3525 1069 3602 γέγραφας
1100 3523 1217 3602 ἔχει
1266 3530 1328 3585 τὸ
1379 3531 1567 3604 ῥητὸν,
1613 3533 1766 3606 οἶμαι
1808 3555 1968 3612 φανε-

315 3617 428 3686 ρῶς
455 3616 554 3683 τὴν
588 3612 743 3669 λύσιν
781 3613 1159 3693 άναμφίϐολον
1193 3617 1501 3688 προελθεῖν.
1545 3628 1663 3676 Ὅτι
1706 3621 1763 3677 δὲ
1810 3624 1966 3697 ὁμώ-

311 3723 486 3774 νυμον
517 3703 698 3759 καὶτὸ
731 3704 925 3778 Κύριος
968 3707 1057 3761 καί
1096 3709 1159 3762 τὸ
1200 3709 1348 3779 Θεὸς,
1400 3711 1488 3764 καὶ
1541 3711 1636 3783 (ὡς
1683 3710 1890 3786 ἐρῥήθη
1922 3715 1970 3750 ³ο

313 3790 617 3867 πολλάκις)
673 3795 762 3848 καί
813 3798 857 3832 ³¹
911 3794 997 3850 ἐπὶ
1046 3801 1144 3851 τοῦ
1184 3797 1557 3872 ἀντικειμένου
1608 3798 1968 3874 παραλαμϐά-

311 3901 463 3936 νεται
499 3886 568 3953 τῇ
627 3883 745 3957 ἰερᾷ
785 3888 993 3962 Γραφῇ,
1037 3885 1247 3962 εἴρηται
1301 3889 1422 3960 μὲν,
1471 3887 1626 3944 οὐδὲν
1658 3888 1716 3944 δὲ
1765 3890 1969 3946 κωλύει

311 3972 405 4025 καὶ
438 3969 509 4026 δι’
548 3971 745 4047 ἑτέρων
782 3977 827 4012 ³⁸
855 3975 1246 4034 πιστώσασθαι.
1282 3979 1367 4033 Ἐν
1406 3979 1508 4054 γὰρ
1558 3983 1626 4052 τῇ
1677 3983 1970 4053 νομοθεσίᾳ

311 4060 385 4135 τῇ
417 4061 541 4137 περί
575 4066 672 4118 τοῦ
718 4063 934 4139 Πάσχα,
980 4066 1114 4138 μετᾶ
1156 4067 1219 4122 τὸ
1265 4073 1456 4142 χρῖσαι
1503 4071 1584 4142 τῷ
1632 4069 1820 4142 α’ίματι
1866 4072 1965 4138 τήν

313 4149 481 4228 φλιᾶν
549 4152 638 4205 καὶ
693 4151 824 4216 τοὺς
881 4154 1174 4227 σταθμούς.
1233 4162 1412 4231 Ὑμεῖς
1480 4155 1536 4213 δὲ
1611 4159 1710 4215 ούκ
1765 4158 1969 4230 ἐξελεύ-

315 4242 492 4309 σεσθε,
589 4243 777 4320 φησὶν,
869 4241 1095 4308 ἕκαστος
1186 4247 1286 4315 τὴν
1374 4249 1536 4322 θύραν
1629 4250 1796 4305 αὐτοῦ
1861 4248 1966 4313 ἕως

310 4327 470 4404 προί,
565 4331 655 4385 καὶ
740 4332 1129 4406 παρελεύσεται
1234 4335 1434 4410 Κύριος
1527 4337 1755 4410 πατάξαι
1840 4341 1967 4403 τοὺς

307 4418 674 4493 Αἰγυπτίους,
730 4423 820 4476 καὶ
879 4423 1065 4496 ὄψεται
1123 4424 1185 4479 τὸ
1243 4427 1382 4497 αἷμα
1454 4425 1539 4482 ἐπὶ

307 4508 406 4563 καί
465 4507 547 4563 ἔπ’
615 4511 938 4587 ἀμφοτέρων
989 4516 1096 4567 τῶν
1171 4517 1447 4589 σταθμῶν,

307 4616 464 4651 σεται
527 4598 724 4672 Κύριος
789 4601 888 4669 τήν
973 4601 1158 4676 θύραν,
1250 4604 1342 4659 καί
1431 4605 1530 4661 ούκ
1604 4606 1797 4686 ἆιρήσει
1871 4611 1962 4665 τὸν

308 4682 678 4753 ὄλοθρεύοντα
743 4687 1002 4744 εἰσελθεῖν
1109 4691 1184 4751 εἰς
1250 4691 1344 4754 τὰς
1408 4693 1580 4756 οἰκίας
1650 4682 1800 4770 ύμῶν
1857 4719 1960 4754 πα-

304 4772 488 4841 τάξαι.
521 4774 700 4842 Δῆλον
746 4777 850 4852 γὰρ
909 4779 986 4839 ὡς
1036 4775 1209 4844 ἄλλος
1258 4780 1456 4855 Κύριος
1507 4783 1565 4838 ’ὸν
1626 4783 1773 4862 λεγει
1833 4805 1965 4861 παρ’

302 4861 624 4918 ελεύσεσθαι
655 4864 745 4919 καὶ
793 4865 922 4930 τοὺς
969 4868 1307 4943 Αἰγυπτίους
1356 4874 1606 4944 πατάξαι,
1646 4861 1735 4929 καὶ
1786 4873 1959 4938 ἄλλος

296 4952 328 5006 6
381 4951 458 5022 μὴ
506 4958 814 5028 συγχωρῶν
861 4957 955 5011 τὸν
1011 4955 1372 5030 όλοθρεύοντα
1422 4959 1680 5016 εἰσελθεῖν
1729 4962 1803 5026 εἰς
1862 4965 1955 5028 τὰς

287 5043 416 5096 τῶν
448 5041 808 5114 Ἰσραηλιτῶν
853 5044 1028 5110 οἰκίας
1083 5046 1172 5101 καί
1219 5049 1446 5122 πατάξαι
1489 5050 1702 5113 αὐτούς.
1753 5055 1955 5109 Τοιοῦ-

287 5148 396 5184 τον
430 5124 487 5182 δὲ
518 5128 632 5185 ἐστι
664 5132 753 5186 καὶ
785 5132 848 5187 τὸ
876 5133 1001 5209 περὶ
1030 5138 1125 5189 τοῦ
1156 5135 1390 5209 Βαλαὰμ
1436 5137 1742 5212 εἰρημένον.
1794 5141 1954 5216 Λέγει

282 5219 407 5293 γὰρ
437 5219 472 5287 ἡ
507 5220 695 5293 Γραφή
727 5217 1013 5297 ἐπιτρέψαι
1065 5223 1160 5297 μὲν
1197 5223 1344 5296 αὐτῷ
1379 5225 1472 5281 τὸν
1517 5226 1648 5282 Θεὸν
1697 5227 1950 5284 ἀπελθεῖν

365 5347 391 5374 ε
429 5334 496 5413 ΔΙ]
529 5335 664 5413 fies.
690 5353 840 5413 axis,
877 5339 926 5397 1.
1004 5339 1028 5380 δ
1060 5338 1203 5396 Ibid.
1235 5342 1290 5398 2.
1367 5356 1390 5385 θ
1423 5342 1470 5400 II
1491 5346 1616 5400 Cor.
1653 5361 1727 5413 vr,
1760 5346 1811 5400 4.

273 5423 395 5476 xu,
427 5405 518 5472 22,
547 5405 638 5463 23'.
715 5409 730 5450 ί
768 5405 940 5467 Num.
968 5427 1070 5483 xu,
1101 5413 1194 5468 20.

1624 4435 1725 4498 τῆς
1794 4428 1956 4506 φλιᾶς

1530 4518 1616 4572 καί
1690 4519 1957 4594 παρελεύ-

1893 5344 1912 5386 f
1944 5347 2082 5405 Luc.
2115 5349 2388 5417 xvr,13,s
2418 5349 2440 5403 Ι
2472 5345 2657 5402 Paral.
2681 5361 2798 5414 xxx,
2826 5344 2848 5398 1
2880 5360 2894 5412 ;
2929 5343 2975 5399 ΙΙ
2999 5342 3134 5413 Reg.
3159 5355 3309 5407 XXIV,
3338 5339 3388 5393 1.

2079 3271 2194 3338 lus,
2226 3269 2322 3324 hic
2350 3270 2439 3323 ira
2469 3264 2693 3324 Domini
2720 3262 3022 3336 appellari.
3045 3262 3233 3332 Atque
3263 3261 3380 3315 sive
3399 3259 3482 3315 sic
3506 3261 3594 3332 [ut
3613 3275 3718 3332 ego

2079 3363 2250 3434 lego],
2275 3360 2394 3415 sive
2416 3363 2480 3415 ut
2499 3361 2560 3413 tu
2585 3353 2897 3427 scripsisti,
2920 3369 2981 3409 se
3009 3353 3169 3408 locus
3193 3351 3503 3422 Scriptura?
3525 3351 3714 3416 habet,

2079 3452 2346 3509 existimo
2369 3453 2563 3503 tamen
2581 3450 2795 3501 certam
2820 3446 3196 3514 apertamque
3228 3456 3356 3496 esse
3384 3439 3719 3510 quaestionis

2079 3539 2449 3596 solutionem.
2482 3535 2645 3599 Quod
2678 3549 2813 3605 ergo
2845 3548 2952 3586 vox
2998 3529 3287 3597 Dominus,
3330 3533 3385 3584 et
3417 3545 3524 3584 vox
3558 3529 3717 3594 Deus,

2079 3630 2136 3684 in
2197 3644 2357 3685 sacra
2412 3626 2709 3695 Scriptura
2765 3621 3058 3692 azquivoca
3107 3619 3204 3685 sit,
3263 3618 3574 3688 eademque
3613 3617 3719 3686 (uti

2080 3735 2231 3789 saape
2260 3717 2482 3772 dictum
2506 3713 2615 3784 est)
2639 3713 2696 3766 in
2721 3708 3076 3766 contrarium
3101 3722 3342 3762 sensum
3373 3704 3716 3776 accipiatur,

2078 3807 2426 3878 explicatum
2447 3813 2552 3859 est.
2573 3799 2726 3857 Nihil
2749 3803 2942 3855 tamen
2976 3798 3189 3862 obstat,
3209 3795 3526 3867 quominus
3545 3793 3718 3848 etiam

2078 3895 2254 3951 alium
2311 3894 2447 3947 inde
2480 3892 2669 3945 locum
2721 3887 2976 3942 similem
3030 3885 3343 3939 firmemus.
3401 3881 3626 3936 Etenim
3659 3882 3718 3936 in

2079 3985 2200 4053 lege
2233 3986 2302 4038 de
2348 3980 2629 4037 Pascbate
2667 3975 3013 4032 celebrando
3050 3974 3163 4028 lata
3195 3972 3519 4045 [postquam
3554 3970 3717 4042 dixit]

2081 4073 2422 4145 ungendum
2447 4065 2734 4139 sanguine
2768 4063 3218 4134 superliminare
3249 4068 3299 4117 el
3334 4064 3569 4131 postes:
3603 4061 3718 4129 Vos,

2077 4163 2291 4234 inquit,
2322 4176 2430 4216 non
2463 4154 2869 4229 aggrediemini
2889 4152 3264 4225 unusquisque
3284 4151 3523 4222 januam
3560 4166 3715 4204 suam

2077 4267 2246 4324 usque
2290 4264 2474 4317 mane,
2513 4253 2565 4305 et
2594 4244 2862 4302 transibit
2902 4241 3165 4300 Dominus
3202 4240 3516 4312 percutiens
3549 4241 3717 4309 Egy-

2072 4343 2240 4416 ptios,
2261 4343 2310 4397 et
2332 4337 2536 4395 videbit
2557 4335 2883 4407 sanguinem
2907 4333 2967 4389 in
2980 4328 3402 4403 superliminari
3423 4329 3552 4384 etin
3571 4333 3718 4384 utro-

2079 4447 2180 4504 que
2221 4432 2392 4503 poste,
2435 4431 2485 4483 et
2539 4424 2900 4498 pertransibit
2957 4421 3216 4477 Dominus
3245 4422 3467 4488 ostium,
3502 4422 3550 4474 et
3607 4434 3715 4473 non

2074 4524 2216 4578 sinet
2253 4532 2626 4592 percussorem
2669 4513 2885 4585 ingredi
2933 4511 3121 4567 domus
3151 4519 3358 4566 vestras
3409 4511 3485 4564 ad
3511 4523 3718 4581 percu-

2073 4609 2323 4667 tiendum
2353 4608 2378 4648 ιι
2413 4650 2426 4663 .
2453 4606 2684 4662 Clarum
2719 4607 2805 4659 est
2825 4602 3003 4658 alium
3033 4615 3162 4656 esse
3182 4599 3515 4666 Dominum,
3539 4613 3713 4670 quem

2072 4699 2214 4756 dicit
2271 4697 2654 4753 transiturum
2689 4694 2758 4749 ad
2824 4689 3229 4764 percutiendos
3285 4687 3606 4761 Egyptios,
3658 4693 3714 4743 et

2071 4790 2250 4846 alium
2283 4788 2383 4861 qui
2416 4785 2721 4860 prohibeat
2779 4798 2848 4838 ne
2906 4780 3264 4853 ingrediatur
3311 4793 3624 4850 percussor
3650 4777 3710 4831 in

2069 4880 2276 4935 domos
2308 4875 2706 4934 Israelitarum
2739 4876 2795 4927 et
2821 4870 3098 4944 percutiat
3129 4867 3311 4940 ipsos.
3345 4866 3483 4922 Tale
3534 4867 3707 4921 etiam

2067 4972 2156 5022 est
2182 4967 2326 5022 illud
2346 4967 2414 5021 de
2445 4962 2681 5021 Balaam
2704 4961 2960 5017 dictumi
3001 4998 3013 5012 .
3042 4957 3190 5012 Dicit
3220 4957 3378 5012 enim
3411 4954 3710 5026 Scriptura

2066 5056 2403 5129 permisisse
2425 5055 2661 5126 quidem
2683 5050 2964 5107 illiDeum
2985 5048 3170 5103 uliret
3192 5047 3261 5101 ad
3286 5061 3384 5100 eos
3417 5043 3514 5115 qui
3537 5042 3705 5099 illum

2063 5144 2344 5200 vocabant
2381 5168 2394 5210 ;
2424 5141 2638 5196 iratum
2669 5154 2803 5193 vero
2838 5142 3013 5192 Denm
3045 5134 3200 5207 quod
3244 5131 3708 5205 proficisceretur

2061 5234 2130 5289 ad
2163 5233 2316 5289 illos.
2350 5231 2419 5286 Et
2453 5231 2542 5286 hic
2564 5230 2736 5286 alium
2769 5226 3052 5282 insinuari
3083 5224 3162 5281 ait
3192 5228 3371 5279 Deum
3404 5220 3504 5293 qui
3533 5220 3702 5276 illum

3466 5338 3491 5379 ιι
3519 5337 3698 5396 Exod.

1645 5515 1893 5572 νΑΡιΙλΕ
1934 5518 2234 5574 LECTION
2244 5519 2345 5575 ES.

359 5612 414 5649 ³⁸
441 5610 608 5700 αὐτρᾷ
712 5620 769 5673 et
797 5621 1026 5700 corr.
1051 5618 1262 5700 ταύτόν
1295 5621 1376 5700 Cu.
1453 5621 1499 5656 ’7
1539 5619 1682 5700 8231:.
1715 5643 1762 5683 c.
1799 5627 1887 5681 24.
1967 5626 2010 5662 ²⁸
2033 5625 2300 5681 ἐπέσεισεν
2333 5629 2373 5683 Α
2411 5645 2422 5682 :
2453 5626 2707 5696 εποίησεν
2897 5625 2943 5662 ²⁹
2972 5624 3141 5700 ὀργήν
3341 5620 3389 5658 ³⁰
3417 5618 3583 5695 ἐρήθη

273 5687 325 5725 ³⁸
361 5683 457 5739 καί
486 5687 620 5745 add.
653 5689 721 5744 A.
825 5687 872 5724 ³³
904 5686 975 5744 δι’
1006 5689 1202 5767 ἑτέρων
1233 5696 1277 5750 Α
1302 5683 1532 5766 ἶὲτερον
1564 5695 1646 5767 ς’.
