4138 6228
353 306 512 368 1077

1459 304 1999 372 BIBLIOTHECA.
2045 339 2104 356 —
2165 311 2337 372 COD.
2387 311 2662 372 CCXXX.

3607 315 3763 376 1078

249 511 262 520 “
353 437 506 499 ὅπως
537 435 596 493 δὲ
641 438 775 512 πρὸς
829 439 957 512 [463
1174 434 1452 508 ἀλλήλας,
1509 437 1595 492 καὶ
1658 435 1872 512 οὐδαμῆ
1943 441 1987 496 τὶ

2117 443 2262 516 ipsis
2283 443 2618 500 auctoribus
2630 446 2686 500 et
2699 458 2829 500 cum
2852 443 2980 500 aliis
3001 446 3266 515 ejusdem
3286 452 3456 504 sectae
3477 453 3756 520 pugnent,

355 527 623 602 στάσιμον
671 525 798 583 οὐδὲ
847 529 910 582 τὸ
957 528 1152 604 πάγιον
1205 523 1454 602 ἔχουσιν,
1501 529 1903 603 ἀπογυμνώσας
1951 551 2006 586 τε

351 619 440 672 καί
473 615 961 692 ἂνακαλυῲάμενος
991 620 1054 690 ‘9,
1097 617 1157 671 ἐκ
1203 623 1303 687 τῆς
1350 615 1549 672 ἐκεῖθεν
1599 617 1828 680 ἀτοπίας
1879 620 2006 694 ὁρᾷν

351 705 554 771 αὐτοὺς
600 707 736 782 πρὸς
773 709 876 778 τήν
925 705 1116 762 ἕνωσιν
1165 709 1262 776 τῆς
1314 706 1646 778 Ἐκκλησίας
1697 709 2006 768 ὑποτίθεται

350 796 488 860 Τοὺς
531 798 624 871 μὲν
669 797 772 872 γὰρ
822 798 1053 872 παράγει
1111 795 1372 872 λέγοντας
1428 799 1693 866 σώζεσθαι
1748 799 1843 860 τὰς
1885 798 2008 856 δια-

353 890 521 967 φορὰς
584 889 720 960 μετᾶ
763 889 862 956 τὴν
924 885 1139 958 ἕνωσιν,
1189 886 1369 962 ὥσπερ
1426 888 1516 942 καὶ
1566 884 1830 964 Σεϐῆρον,
1879 891 2006 952 τοὺς

349 976 406 1034 δὲ
436 977 699 1048 σώζεσθαι
735 976 1030 1052 μηδαμῶς,
1075 977 1256 1052 ὥσπερ
1289 978 1378 1032 καὶ
1408 980 1674 1052 Τιμόθεον
1705 977 1758 1033 ἐν
1809 977 2004 1042 ἄλλοις

346 1089 402 1123 τε
448 1068 536 1122 καὶ
578 1066 630 1122 έν
684 1070 768 1129 οἷς
811 1067 947 1123 κατὰ
988 1071 1084 1122 τοῦ
1123 1067 1174 1122 ἐν
1227 1067 1400 1142 ἁγίοις
1453 1069 1776 1143 ἀγωνίζεται
1839 1071 2006 1124 Λέον-

342 1178 456 1219 τος.
503 1158 582 1214 Οὐ
636 1156 798 1230 μόνον
851 1154 909 1212 δὲ
947 1156 1112 1218 αὐτὸς
1161 1157 1264 1212 οὐκ
1319 1158 1573 1232 ἀνέχεται
1623 1157 1782 1235 φάναι
1832 1161 2004 1228 σώζε-

343 1249 489 1312 σθαι,
519 1245 664 1302 ἀλλά
693 1248 780 1302 καὶ
831 1241 1084 1309 ἀσεϐείας
1133 1245 1365 1325 ἐνόχους
1416 1248 1701 1324 ἀποφαίνει
1749 1250 1903 1319 τοὺς,
1952 1245 2007 1306 εἷ’

345 1357 490 1398 τινες
520 1337 780 1406 σώζεσθαι
817 1341 926 1392 τῶν
979 1335 1188 1414 φύσεων
1237 1338 1338 1406 τὴν
1401 1333 1670 1414 διαφορὰν
1721 1339 1856 1410 μετὰ
1901 1341 2000 1410 τήν

344 1424 536 1480 ἕνωσιν
600 1424 1047 1502 δογματίζουσιν.
1113 1425 1293 1482 Ἀλλᾶ
1348 1427 1438 1481 καὶ
1501 1422 1746 1500 Σεϐἧρος
1830 1429 1995 1484 πάλιν

347 1517 614 1585 σώζεσθαι
672 1515 847 1590 λέγων
901 1517 994 1578 τὰς
1044 1513 1328 1593 διαφορὰς,
1377 1517 1446 1570 τὰ
1491 1517 1785 1592 πράγματα
1833 1519 1920 1580 οἷς
1959 1520 1994 1588 ἡ

344 1603 578 1681 διαφορά
607 1604 984 1680 ὲπιθεωρεῖται
1031 1607 1092 1661 οὑ
1141 1606 1512 1683 συνομολογεῖ
1560 1606 1845 1675 σώζεσθαι.
1893 1607 1995 1665 Καὶ

344 1696 406 1751 οὗ
474 1699 760 1770 πανταχοῦ
829 1693 1146 1772 δογματίζει
1205 1700 1388 1750 τοῦτο’
1463 1693 1834 1770 παλίντροπος
1889 1697 1994 1774 γάρ

2117 550 2224 591 nec
2249 548 2500 604 usquam
2531 533 2854 604 quidquam
2887 534 3098 590 stabile
3127 539 3184 590 et
3215 536 3466 592 solidum
3489 539 3759 606 habeant,

2117 623 2386 696 aperiens
2417 621 2836 692 declaransque
2885 638 2954 678 ex
3011 621 3245 680 illorum
3303 626 3678 692 absurditate,
3711 628 3760 684 si

2121 715 2192 768 ad
2227 712 2496 770 Ecclesiae
2521 712 2798 768 unionem
2826 713 3136 784 respiciant
3169 715 3443 770 ostendit.
3469 717 3584 771 Hos
3608 717 3762 772 enim

2117 803 2411 874 producit,
2465 809 2526 858 ut
2557 806 2884 858 asserentes
2913 803 3272 859 differentias
3325 809 3454 876 post
3484 807 3764 860 unionem

2115 891 2354 957 servari,
2399 891 2484 946 uti
2537 895 2812 946 Severum
2856 911 2870 959 ;
2933 891 3064 946 illos
3125 896 3320 948 autem
3367 897 3432 948 ut
3485 898 3764 964 negantes

2115 981 2358 1047 servari,
2393 980 2477 1036 uti
2508 979 2898 1046 Timotheum,
2921 997 3052 1037 cum
3079 981 3138 1034 in
3163 981 3760 1054 aliisipsiusscriptis,

2113 1071 2239 1124 tum
2272 1069 2331 1124 in
2357 1069 2427 1124 iis
2459 1069 2673 1140 quibus
2705 1075 2973 1124 sanctum
3009 1069 3258 1126 Leonem
3292 1077 3604 1143 oppugnat.
3629 1073 3756 1142 Ipse

2111 1174 2248 1213 vero
2279 1173 2396 1213 non
2423 1157 2617 1214 solum
2648 1158 2786 1214 dicit
2815 1175 2924 1214 non
2967 1161 3184 1215 servari
3235 1159 3617 1230 differentias,
3652 1163 3756 1216 sed

2111 1248 2286 1306 etiam
2317 1247 2640 1318 impietatis
2671 1264 2798 1304 reos
2832 1249 3052 1319 peragit
3080 1249 3211 1304 illos
3243 1251 3578 1322 quicunque
3599 1251 3756 1307 diffe-

2112 1338 2330 1395 rentias
2363 1343 2495 1412 post
2525 1339 2802 1395 unionem
2836 1339 3054 1394 servari
3087 1340 3315 1396 docent.
3350 1341 3464 1396 Sed
3510 1344 3756 1398 Severus

2110 1443 2316 1483 rursus
2347 1429 2482 1483 dum
2543 1428 2708 1484 docet
2747 1427 3101 1484 differentias
3143 1429 3380 1499 servari,
3415 1446 3501 1484 res
3557 1435 3752 1486 tamen

2110 1517 2327 1590 quibus
2359 1516 2689 1572 differentia
2724 1517 3116 1588 cognoscitur,
3153 1523 3326 1590 negat
3355 1521 3594 1576 servari.
3646 1527 3754 1577 Nec

2108 1610 2440 1663 constanter
2471 1606 2577 1663 hoc
2611 1606 2828 1678 ubique
2859 1607 3028 1664 docet
3055 1625 3068 1662 :
3115 1607 3456 1664 inconstans
3488 1611 3666 1676 enim,
3701 1617 3758 1666 et

2105 1696 2462 1754 Vertumnus
2494 1695 2705 1765 aliquis
2737 1699 2838 1751 aut
2867 1696 3110 1753 Proteus
3141 1703 3230 1752 est
3255 1699 3313 1752 in
3349 1699 3496 1766 ﬁde;
3531 1701 3749 1754 etenim

341 1785 452 1840 ἔστι
501 1787 599 1855 τὴν
649 1785 829 1840 πίστιν
876 1787 966 1842 καὶ
1015 1785 1401 1862 πολύμορφος⁸
1447 1787 1538 1840 καὶ
1587 1787 1690 1863 γὰρ
1750 1783 1804 1842 ἕν
1859 1809 1987 1842 τισιι

2111 1787 2166 1842 in
2201 1787 2556 1858 quibusdam
2591 1785 2758 1840 libris
2785 1786 3096 1841 conﬁtetur
3125 1787 3281 1860 ipsas
3309 1787 3482 1843 etiam
3517 1805 3608 1842 res
3633 1805 3755 1844 ssr-

341 1875 510 1930 αὗτοῦ
561 1876 608 1912 ⁴³
656 1874 849 1950 λόγοις
898 1877 988 1930 καὶ
1037 1875 1174 1930 αὐτὰ
1223 1873 1551 1951 διομολογεῖ
1593 1877 1658 1930 τὰ
1705 1878 1996 1952 πράγματα

339 1965 626 2035 σώζεσθαι.
659 1967 850 2030 Οὕτως
883 1967 944 2022 οὐ
977 1967 1112 2040 πρὸς
1139 1965 1429 2038 ἀλλήλους
1476 1965 1664 2039 μόνον,
1718 1967 1864 2024 ἀλλά
1902 1969 1992 2023 καὶ

335 2056 472 2132 πρὸς
505 2055 727 2118 ἑαυτοὺς
781 2057 842 2111 τὸ
897 2051 1218 2132 ἀλλόφυλον
1284 2062 1384 2124 τῆς
1445 2050 1714 2118 εὐσεϐείας
1773 2057 1989 2112 στασία-

337 2153 488 2217 ζουσι
520 2145 822 2222 σύνταγμα.
877 2148 972 2202 Ἐκ
1017 2145 1216 2200 τούτου
1263 2149 1541 2218 παραινῶν
1591 2143 1720 2208 τοὺς
1769 2144 1986 2200 στασιέί-

337 2241 527 2304 ζοντας
556 2236 636 2307 τῷ
667 2236 979 2312 φρονήματι
1021 2241 1121 2305 τῆς
1167 2229 1437 2296 εὐσεϐείας
1488 2232 1830 2308 συνδραμεῖν,
1870 2237 1986 2290 κατ’

335 2321 643 2398 ἐπιδρομὴν
685 2325 893 2398 ἱστορεῖ
939 2324 1254 2398 Μαρκιανὸν
1323 2323 1416 2396 μὲν
1465 2330 1832 2400 συγκροτῆσαι
1883 2325 1981 2393 τὴν

335 2415 390 2469 iv
433 2411 756 2488 Καλχηδόνι
789 2411 1036 2478 σύνοδον,
1087 2413 1176 2468 καὶ
1220 2413 1294 2474 ὡς
1335 2412 1540 2468 ἐκείνου
1584 2412 1676 2468 τὸν
1731 2411 1848 2486 βίον
1895 2411 1981 2468 λι-

335 2504 532 2568 πόντος
581 2505 726 2560 Λέων
783 2505 879 2578 μὲν
935 2503 1168 2576 κατέστη
1224 2509 1332 2560 τῶν
1375 2505 1716 2580 πραγμάτων
1770 2509 1982 2578 κύριος,

336 2595 388 2650 οἳ
432 2592 489 2649 δὲ
535 2593 826 2670 Αἰγύπτιοι
871 2600 970 2664 τῆς
1014 2595 1162 2670 ἱερᾶς
1207 2593 1702 2667 ἐπαναστρέψαντες
1757 2591 1982 2648 συνόδου

332 2689 582 2758 ταραχῆς
643 2681 973 2757 ἒπλήρωσοιν
1038 2683 1137 2750 τήν
1189 2681 1542 2755 οἰκουμένην,
1605 2677 1878 2746 δυσσεϐῶς
1929 2702 1986 2736 τε

333 2773 425 2827 καὶ
458 2767 856 2846 πεπλασμένως
878 2771 1208 2852 φημίσαντες
1261 2773 1334 2833 ὡς
1367 2773 1400 2841 ἡ
1435 2769 1660 2834 σύνοδος
1710 2769 1982 2843 Κόριλλον

329 2857 636 2918 ἀπεϐάλετο
667 2865 710 2900 ⁸⁵
742 2863 830 2917 καὶ
880 2860 1173 2935 Νεστόριον
1213 2858 1522 2930 ἀπεδέξατο.
1581 2864 1672 2914 Ὧν
1719 2861 1810 2914 τὸν
1861 2858 1987 2913 ἅλο-

327 2973 426 3027 γον
483 2953 510 3005 ὁ
563 2953 712 3006 Λέων
769 2947 1159 3006 καταστέλλων
1217 2944 1470 3024 θόρυϐον,
1529 2949 1598 3004 τὰ
1654 2948 1986 3026 ψηφισθέντα

321 3040 376 3096 ἐν
437 3037 755 3115 Καλχηδόνι
813 3040 856 3076 ⁵⁷
909 3039 1104 3094 καὶτὰ
1153 3039 1470 3114 πραχθέντα
1521 3042 1806 3113 πανταεχοῦ
1867 3035 1980 3092 δια-

317 3133 542 3206 πέμψας
589 3139 688 3202 τῆς
737 3131 1066 3203 οἰκουμένης
1129 3131 1243 3203 μετ’
1305 3129 1609 3206 ἐγκυκλίων
1679 3129 1979 3184 κελεύσεων

322 3219 552 3277 ἕκαστον
606 3226 715 3276 τῶν
771 3221 1073 3295 ἀρχιερέων
1123 3221 1209 3274 καὶ
1263 3220 1477 3296 ἱερέων,
1527 3218 1676 3275 ἀλλὰ
1726 3217 1985 3282 καὶτοὺς

325 3309 446 3364 ὅσοι
497 3309 550 3364 ἐν
601 3313 681 3381 τῷ
735 3306 1014 3382 μοναδικῷ
1066 3305 1364 3382 διέδαμπον
1433 3308 1558 3381 βίῳ,
1607 3309 1670 3362 τὸ
1729 3307 1986 3385 φρόνημα

324 3400 502 3454 αὐτῶν
537 3398 819 3476 ἐγγράφως
859 3398 1276 3472 ἀνομολογῆσαι
1309 3395 1611 3471 διετάξατο·
1655 3399 1682 3452 ὃ
1716 3399 1806 3452 καὶ
1851 3416 1988 3470 προ-

327 3487 518 3562 θύμως
561 3489 900 3562 πεπράχασι,
953 3492 1062 3542 τῶν
1117 3487 1418 3563 ἀρχιερέων
1459 3491 1556 3542 τοῦ
1613 3486 1850 3560 ἀριθμοῦ
1910 3486 1984 3547 εἷς

329 3578 642 3648 ἑξακοσίους
681 3577 768 3631 καὶ
819 3575 1042 3652 χιλίους
1091 3578 1222 3650 [880
1251 3579 1343 3648 R.]
1395 3578 1982 3654 συγκεφαλαιωθεντος,

334 3666 572 3739 μηδενὸς
603 3667 1210 3740 ὲτερογνωμονήσαντος
1241 3664 1388 3735 πλὴν
1423 3663 1796 3742 Ἀμφιλογίου
1819 3669 1916 3720 τοῦ
1937 3654 1990 3700 ⁴δ

331 3754 528 3826 Σίδης,
559 3755 618 3816 ὃς
650 3756 764 3827 μετ’
805 3754 868 3810 οὗ
897 3753 1040 3810 πολὺ
1072 3755 1160 3809 καὶ
1193 3755 1358 3818 αὐτὸς
1397 3752 1468 3808 δι’
1499 3754 1817 3829 ὑπογραφῆς
1866 3776 1985 3810 συν-

329 3847 597 3924 εφώνησε.
649 3846 784 3903 Μεθ’
843 3845 917 3898 ὧν
975 3843 1065 3898 καὶ
1117 3845 1144 3898 6
1199 3842 1368 3921 μέγας
1417 3844 1668 3916 Συμεὼν,
1730 3845 1757 3897 ὁ
1813 3843 1863 3897 ἐν
1904 3848 1982 3915 τῷ

327 3932 515 4006 στόλῳ
541 3935 634 3988 τὸν
675 3933 966 4010 ἄγγελικὸν
1019 3935 1216 3988 ἐκεῖνον
1265 3933 1380 4008 βίον
1433 3929 1847 4004 διανυσᾶμενος,
1889 3933 1978 3988 καὶ

327 4020 664 4098 Βαράδατος,
696 4024 788 4078 καὶ
817 4022 986 4078 ἄλλοι
1016 4023 1109 4078 τὸν
1141 4023 1304 4077 αὐτὸν
1342 4021 1547 4098 βαθμὸν
1568 4024 1665 4090 τῆς
1693 4019 1979 4084 πολιτείας

325 4115 642 4190 φθάσαντες.
701 4115 884 4170 Ταῦτα
937 4110 1252 4188 διαδραμὼν
1303 4111 1392 4166 καὶ
1449 4109 1672 4172 δικαίως
1735 4106 1978 4184 Σεϐἦρον

321 4206 404 4272 τῷ
483 4201 774 4274 ἀναθέματι
839 4203 1305 4278 παραπεμφθῆναι
1379 4199 1861 4276 παραστησάμενος
1933 4203 1978 4238 ⁴⁰

323 4290 406 4353 εἷς
437 4291 598 4354 τέλος
631 4289 894 4346 διέστειλε
923 4292 1022 4359 τήν
1049 4287 1303 4360 διάλεξιν.

398 4379 500 4436 Καὶ
533 4381 562 4435 6
609 4379 798 4458 ἐφεξῆς
847 4377 904 4434 δὲ
955 4379 1125 4455 λόγος
1169 4375 1638 4454 προδιαϐάλλεται
1667 4380 1714 4416 ⁵ο
1748 4381 1840 4452 μὲν
1871 4379 1970 4448 τήν
2006 4415 2050 4478 D

323 4469 498 4539 αὐτὴν
531 4469 853 4545 ἐπιγραφὴν,
893 4471 1206 4543 παραίνεσιν
1250 4467 1307 4524 δὲ
1337 4469 1471 4544 πρὸς
1513 4468 1640 4532 τοὺς
1687 4466 1974 4532 διεστῶτας

319 4565 424 4628 τῆς
455 4557 786 4628 Ἐκκλησίας
815 4557 1140 4633 εἴσηγεῖται,
1172 4558 1232 4614 ἐκ
1259 4566 1358 4628 τῆς
1389 4559 1526 4634 πρὸς
1552 4556 1837 4629 ἀλλήλους
1865 4563 1972 4614 τῶν

319 4647 703 4720 αἱρετιξόντων
758 4647 1026 4703 κάνταῦθα
1068 4649 1258 4724 μάχης
1312 4669 1370 4702 τε
1415 4647 1505 4702 καὶ
1555 4644 1818 4722 διαφορᾶς
1863 4669 1977 4703 συν-

323 4733 464 4790 ιδεῖν
491 4735 558 4790 τὸ
585 4741 688 4804 τῆς
729 4733 1060 4805 Ἐκκλησίας
1107 4735 1264 4810 ὀρθὸν
1315 4734 1573 4812 φρόνημα
1619 4736 1973 4806 παρακαλῶν.

315 4825 480 4900 Λέγει
529 4820 586 4878 δὲ
631 4823 724 4878 καὶ
764 4822 880 4878 ὅθεν
938 4827 1256 4896 κατετμήθη
1315 4823 1392 4888 είς
1443 4823 1634 4898 μυρίας
1685 4822 1972 4898 διαιρέσεις

311 4913 414 4970 καὶ
473 4911 646 4986 τομὰς
703 4915 738 4982 ἡ
801 4913 1046 4988 αἱρετικὴ
1107 4911 1255 4984 δόξα.
1333 4914 1696 4987 Ἐπερωτῶσα
1749 4915 1852 4990 γὰρ
1906 4915 1973 4968 τὰ

311 5001 480 5059 τέκνα
509 5010 608 5072 τῆς
669 5001 1022 5072 Ἐκκλησίας,
1072 5003 1140 5070 εἰ,
1197 5003 1434 5075 καθάπερ
1484 4999 1580 5056 δύο
1631 5003 1726 5064 τὰς
1785 5003 1969 5079 φύσεις

311 5091 600 5170 λέγουσιν,
633 5090 776 5146 οὕτω
806 5091 894 5146 καὶ
935 5091 1032 5153 τάς
1085 5092 1402 5153 ὑποστάσεις
1445 5090 1618 5165 λέγειν
1666 5091 1967 5166 ἀνέχονται,

304 5181 410 5238 καὶ
441 5181 555 5236 έπεὶ
592 5179 718 5254 μίαν
772 5179 1026 5257 λέγουσιν
1071 5178 1158 5234 ἐπὶ
1207 5182 1450 5256 Χριστοῦ
1503 5181 1602 5248 τὴν
1655 5181 1966 5247 ὑπόστασιν,

309 5270 426 5344 ἆρα
452 5270 542 5324 καὶ
597 5269 722 5343 μίαν
773 5270 932 5347 φύσιν
981 5267 1064 5324 ἐπ’
1113 5271 1282 5324 αὐτοῦ
1331 5267 1748 5345 δογματίζουσι,
1801 5273 1967 5322 ταῦτα

2106 1877 2246 1930 vari.
2281 1876 2436 1931 Adeo
2468 1891 2582 1930 non
2615 1875 2802 1930 solum
2835 1874 2988 1930 inter
3027 1893 3088 1932 se
3120 1876 3256 1947 ipsi,
3293 1879 3392 1932 sed
3429 1894 3616 1948 neque
3640 1878 3752 1932 sibi

2103 1965 2556 2037 ipsequisquam
2575 1968 2848 2020 constans
2863 1965 3074 2034 dogma
3089 1965 3527 2037 Babylonicum,
3547 1983 3752 2037 nempe

2101 2061 2154 2108 et
2184 2070 2217 2108 a
2255 2070 2388 2108 vera
2437 2053 2650 2124 pietate
2707 2052 2960 2108 alienum
3017 2055 3260 2111 cudunt.
3311 2055 3459 2110 Hinc
3490 2057 3748 2127 [sumpta

2099 2142 2425 2214 occasione}
2486 2143 2752 2198 hortatus
2810 2142 3182 2206 dissidentes,
3246 2147 3310 2198 ut
3369 2144 3427 2198 in
3477 2144 3750 2200 Ecclesiae

2098 2231 2449 2288 sententiam
2483 2232 2866 2302 descendant,
2889 2232 3108 2286 cursim
3143 2235 3338 2288 narrat
3369 2249 3402 2286 a
3451 2233 3746 2288 Marciano

2096 2321 2622 2377 Chalcedonensem
2642 2337 2654 2388 ;
2673 2322 2960 2392 synodum
2981 2325 3238 2377 coactam
3261 2341 3274 2390 ;
3293 2321 3564 2388 Leonem,
3593 2322 3744 2377 Mar-

2095 2411 2260 2466 ciano
2291 2414 2544 2479 mortuo,
2571 2409 2878 2464 suffectum
2913 2426 3156 2464 summae
3189 2425 3382 2464 rerum
3411 2411 3742 2480 praefuisse:

2092 2499 2388 2572 Egyptios
2415 2499 2728 2554 concilium
2755 2502 3010 2554 evertere
3040 2503 3282 2554 conatos
3323 2499 3522 2553 orbem
3560 2502 3742 2552 totum

2093 2587 2443 2643 tumultibus
2476 2589 2769 2659 implesse,
2803 2587 2982 2656 impie
3004 2586 3252 2658 ﬁcteque
3283 2603 3546 2642 rumores
3581 2603 3745 2656 spar-

2095 2677 2264 2745 sisse,
2297 2677 2570 2748 Cyrillum
2599 2693 2631 2731 a
2651 2677 2870 2748 synodo
2898 2677 3264 2741 damnatum,
3288 2675 3621 2730 Nestorium
3655 2692 3742 2728 re-

2096 2773 2327 2837 ceptum
2361 2767 2562 2822 fuisse.
2609 2767 2865 2832 Quorum
2907 2765 3144 2836 [inquit]
3177 2765 3452 2819 insanum
3483 2765 3736 2820 furorem

2096 2855 2418 2926 reprimens
2475 2855 2584 2910 Lco
2651 2855 2881 2910 decreta
2939 2853 3166 2908 concilii
3251 2852 3740 2909 Chalcedonensis

2095 2948 2342 3015 actaque
2371 2959 2505 2998 cum
2533 2941 2844 3014 encyclicis
2875 2959 2977 2997 seu
3019 2941 3406 2998 circularibus
3441 2943 3740 2997 mandatis

2096 3049 2198 3104 per
2229 3037 2416 3088 totum
2477 3033 2678 3087 orbem
2713 3031 2894 3100 misit,
2941 3030 3313 3102 singulisque
3344 3030 3629 3102 episcopis
3680 3033 3739 3085 et

2095 3121 2469 3194 presbyteris,
2504 3136 2612 3178 nec
2652 3137 2769 3176 non
2819 3120 2892 3176 iis
2923 3121 3024 3191 qui
3057 3121 3116 3174 in
3147 3120 3416 3190 religiosa
3445 3123 3502 3174 et
3534 3135 3740 3174 mona-

2095 3212 2238 3266 stica
2267 3212 2382 3266 vita
2414 3210 2672 3267 celebres
2730 3211 3098 3266 habebantur
3145 3210 3439 3280 praecepit,
3475 3208 3556 3262 uti
3595 3224 3738 3263 seu--

2097 3301 2342 3356 tentiam
2365 3317 2534 3356 suam
2567 3301 2782 3371 scripto
2805 3299 3240 3370 proﬁterentur.
3271 3297 3430 3360 Quod
3457 3296 3738 3367 episcopi,

2097 3407 2342 3447 numero
2365 3391 2525 3446 mille
2546 3391 2822 3458 sexcenti,
2849 3393 3114 3461 prompte
3136 3405 3276 3444 sane
3297 3387 3556 3442 exsecuti
3577 3391 3736 3454 sunt,

2096 3482 2327 3537 nemine
2359 3480 2456 3551 qui
2489 3480 2656 3536 aliter
2704 3480 2950 3534 sentiret
2980 3478 3339 3549 deprehenso
3371 3480 3575 3546 prater
3605 3477 3738 3530 Am-

2095 3569 2456 3642 philochium
2510 3570 2660 3624 Sidae
2701 3568 3056 3638 pontiﬁcem,
3093 3567 3194 3638 qui
3253 3570 3446 3621 tamen
3496 3569 3554 3620 et
3613 3564 3736 3635 ipse

2095 3659 2265 3729 paulo
2297 3667 2425 3730 post
2481 3657 2712 3714 concilii
2771 3658 3068 3712 sententiae
3108 3655 3456 3724 subscripsit
3493 3669 3739 3708 consen-

2093 3748 2306 3820 sitque.
2335 3751 2380 3802 A
2430 3746 2647 3818 quibus
2679 3745 2838 3800 stetit
2867 3749 2923 3798 et
2952 3743 3188 3798 Simeon
3220 3744 3320 3813 qui
3353 3743 3410 3796 in
3460 3741 3734 3794 columna

2092 3837 2346 3891 coalitum
2403 3835 2578 3891 vitam
2633 3832 3013 3890 aemulabatur
3071 3831 3331 3902 [Simeon
3376 3829 3616 3898 stylita],
3675 3833 3734 3882 et

2091 3925 2434 3991 Baradatus,
2469 3923 2684 3994 aliique
2716 3922 2978 3976 eamdem
3001 3919 3224 3974 vivendi
3257 3917 3540 3972 rationem
3565 3931 3728 3970 secu-

2088 4014 2150 4069 ti.
2185 4013 2286 4068 His
2317 4012 2572 4068 oratione
2603 4011 2885 4077 decursis,
2911 4025 3042 4065 cum
3073 4008 3260 4066 2831)
3297 4007 3572 4062 Severum
3597 4021 3734 4059 ana-

2087 4103 2344 4158 themate
2403 4101 2790 4174 proscriptum
2823 4099 3088 4169 dixisset,
3133 4095 3584 4170 disputationem
3619 4094 3731 4148 fine

2085 4192 2402 4252 concludit.

2153 4378 2412 4448 Sequens
2436 4371 2619 4428 oratio
2643 4371 2908 4427 eamdem
2943 4370 3172 4442 praefert
3195 4366 3652 4437 inscriptionem,
3675 4369 3732 4420 et

2083 4466 2549 4523 adhortationem
2571 4461 2640 4516 ad
2658 4477 2753 4518 eos
2775 4461 3053 4530 continet,
3071 4459 3168 4530 qui
3195 4459 3265 4513 ab
3288 4456 3540 4513 Ecclesia
3559 4454 3729 4511 dissi-

2079 4557 2316 4622 debant,
2332 4571 2442 4626 qua
2465 4555 2682 4618 monet,
2698 4555 2762 4606 ut
2782 4549 3082 4607 suasinter
3099 4565 3159 4604 se
3185 4563 3432 4620 pugnas,
3455 4561 3724 4602 suorum-

2080 4661 2192 4714 que
2226 4641 2622 4699 dissensiones
2645 4639 3071 4706 haereticorum,
3097 4653 3228 4692 cum
3263 4635 3532 4691 Ecclesiae
3565 4638 3719 4689 recto

2078 4749 2367 4791 consensu
2383 4725 3722 4803 respiciantcomponantque.Ostenditpraeterea

2081 4823 2462 4880 undefactum
2479 4821 2548 4875 sit
2573 4819 2906 4890 ut0pinatio
2922 4817 3254 4872 haereticain
3269 4813 3528 4868 infinitas
3553 4811 3722 4882 quasi

2078 4919 2268 4970 sectas
2299 4919 2352 4968 et
2381 4910 2696 4967 sententias
2747 4909 3027 4963 distracta
3057 4909 3114 4960 et
3152 4903 3382 4959 divulsa
3411 4902 3506 4957 sit.
3539 4902 3721 4955 Inter-

2078 5019 2286 5076 rogans
2318 5000 2473 5056 enim
2509 4997 2791 5070 [haeresis]
2819 4995 3086 5052 Ecclesiae
3129 4993 3280 5050 filios
3311 5009 3406 5064 an,
3441 4989 3723 5062 quemad-

2077 5093 2316 5148 modum
2348 5090 2495 5144 duas
2531 5088 2612 5156 [in
2653 5085 2903 5157 Christo]
2945 5089 3188 5140 naturas
3237 5084 3532 5146 asserunt,
3565 5095 3722 5135 asse-

2075 5186 2206 5238 rant
2236 5177 2510 5237 similiter
2539 5181 2596 5232 et
2625 5176 2770 5232 duas
2801 5191 3097 5246 personas,
3130 5181 3182 5228 et
3214 5189 3346 5228 cum
3375 5170 3726 5242 respondent

2074 5285 2252 5325 unam
2287 5283 2415 5324 esse
2447 5266 2504 5320 in
2531 5263 2761 5322 Christo
2804 5263 3168 5336 hypostasin,
3200 5261 3408 5333 quierit
3440 5277 3512 5316 an
3543 5258 3718 5315 etiam

1683 5429 1924 5486 VARI/E
1965 5427 2358 5486 LECTIONES

388 5581 438 5656 f‘
465 5577 704 5656 ἀποκαλ.
893 5583 940 5618 ⁸⁵
962 5581 1124 5656 αὐτῷ

309 5651 582 5710 διέστειλε
607 5655 656 5710 Α
687 5670 702 5710 :
737 5648 1142 5730 ὅυστησάμενός
1169 5648 1238 5696 :-
1269 5648 1516 5724 διέστησε
1547 5653 1608 5728 ς’

1561 5697 1630 5728 ³.

1349 5581 1397 5616 4⁸
1425 5575 1768 5654 ἀπεϐἀλλετο
1933 5581 2007 5654 ,⁵7
2246 5581 2313 5635 Α.

1707 5655 1752 5690 ⁵ο
1781 5642 2282 5728 πῖιραδιαϐἀλλεται
2488 5648 2684 5706 malim
2715 5642 3110 5722 προϐἆλλεται.

2433 5577 2478 5612 4⁸
2505 5578 2706 5652 τοᾷ-Αἱ
2729 5575 2955 5652 τῆςΑς.
3037 5577 3083 5612 ⁴⁰
3128 5577 3611 5652 πάραστησάμενος
3645 5605 3712 5618 -
