4138 6228
408 355 563 418 1079

1610 344 1876 405 PHOTII
1923 345 2449 406 PATRIARCHIE
2494 346 2607 407 ΟΡ.

3657 349 3816 410 1080

410 495 678 547 asserunt
700 504 869 545 unam
903 490 1169 542 naturam
1191 484 1218 537 ?
1245 483 1352 538 Sed
1386 480 1533 536 nihil
1583 480 1793 535 horum
1852 478 2046 534 hacte-

2178 477 2491 551 ίπερωτῶσα
2520 479 2565 513 ⁵⁸
2598 480 2631 547 ἡ
2676 477 2885 553 α’ίρεσις
2926 480 3000 533 ὢν
3044 480 3137 552 μὶν
3169 480 3405 552 ἐζήτησε
3450 484 3495 519 ⁸²
3545 482 3682 544 τὲως
3733 482 3825 536 οὐ·

412 598 523 638 nus
555 595 812 650 unquam
870 592 997 648 quae
1029 573 1263 628 haeresis
1294 570 1579 643 quaesivit,
1631 569 1703 624 ab
1762 568 2054 639 [Ecclesiae

415 670 575 739 ﬁliis]
607 667 844 723 audivit.
878 664 1142 719 Vicissim
1175 668 1366 717 autem
1400 665 1455 715 et
1478 662 1548 714 ab
1598 658 1849 713 Ecclesia
1879 658 2053 712 inter-

414 761 650 829 rogatur
684 754 939 821 baeresis,
972 768 1072 806 cur
1101 752 1159 805 id
1192 750 1452 821 quaerat?
1484 766 1553 803 an
1590 748 1742 819 quod
1766 748 2055 802 existimet

415 851 684 901 naturam
709 849 764 898 et
782 857 1086 913 personam
1114 857 1235 895 esse
1258 840 1432 904 idem,
1470 843 1525 892 et
1558 844 1859 906 propterea
1895 840 2054 905 putet

414 951 510 990 eos
573 932 673 1005 qui
723 936 987 985 asserant
1036 931 1182 983 duas
1239 933 1495 994 naturas,
1567 927 1740 980 etiam
1801 940 2055 979 asserere

416 1026 559 1079 duas
592 1021 914 1094 personas?
944 1022 1057 1073 Aut
1082 1023 1301 1083 contra,
1339 1017 1435 1071 hui
1469 1032 1641 1070 unam
1678 1014 2057 1083 proﬁteantur

415 1128 743 1183 personam,
776 1109 949 1165 etiam
1004 1124 1181 1162 unam
1216 1106 1474 1177 profiteri
1509 1113 1776 1159 naturam
1814 1102 2056 1159 censet?

415 1202 559 1257 Hinc
585 1206 721 1255 nato
753 1198 1144 1255 contentionis
1176 1197 1361 1260 initio,
1397 1194 1616 1249 bellum
1644 1193 1788 1247 illud
1820 1191 2053 1246 haereti-

416 1307 617 1347 corum
649 1290 802 1344 inter
832 1304 890 1343 se
923 1286 1372 1358 digladiantium
1424 1283 1725 1354 multiplex
1758 1286 1813 1336 et
1845 1280 2055 1351 impla-

416 1378 599 1434 cabile
659 1377 901 1442 exstitit,
946 1376 1177 1429 idemne
1236 1373 1311 1427 sit
1353 1376 1561 1427 natura
1592 1375 1647 1426 et
1703 1369 2054 1440 hypostasis.

418 1468 642 1522 Etenim
676 1467 722 1521 si
747 1466 995 1519 dicimus
1025 1480 1200 1517 unam
1226 1462 1283 1515 in
1304 1462 1583 1515 Trinitate
1615 1463 1878 1513 naturam
1908 1472 2056 1526 esse,

417 1556 741 1613 necessario
795 1554 1107 1608 dicendum
1141 1553 1271 1619 erit,
1306 1565 1479 1606 uuam
1520 1564 1751 1620 quoque
1783 1562 1911 1603 esse
1954 1545 2058 1617 hy-

418 1646 697 1717 postasia.
736 1648 843 1698 Aut
894 1644 941 1698 si
1001 1647 1118 1697 tres
1167 1641 1530 1712 hypostases,
1582 1643 1795 1692 natura
1830 1652 2060 1706 quoque

417 1736 475 1790 in
506 1740 619 1789 tres
650 1734 760 1789 erit
791 1732 1098 1803 partienda
1133 1735 1394 1785 naturas.
1418 1728 1562 1782 Ilinc
1585 1727 1900 1782 commenti
1924 1728 2062 1779 sunt

2165 565 2249 621 δὲν
2309 566 2495 622 ἀκούει
2549 571 2673 641 [464
2738 574 2851 640 Η.],
2910 570 3342 644 ἁντεπερωτᾶται
3402 568 3460 626 δὲ
3516 573 3663 645 παρὰ
3718 576 3823 636 τῆς

2168 656 2493 727 Ἐκκλησίας
2521 659 2571 712 τί
2607 656 2809 728 δήποτε
2856 663 3022 714 ταῦτα
3071 659 3263 734 ἐρωτᾷ·
3318 660 3420 734 ἆρα
3478 662 3581 737 γὰρ
3619 662 3825 716 ταύτὸν

2163 747 2377 819 ἡγεῖται
2420 745 2575 823 φύσιν
2609 748 2697 800 καὶ
2734 746 3045 815 ὑπόστασιν,
3073 749 3161 801 καὶ
3204 746 3293 803 διὰ
3337 754 3496 803 τοῦτο
3543 752 3671 811 τοὺς
3723 747 3824 803 δύο

2165 834 2428 910 λέγοντας
2472 835 2658 911 φύσεις
2715 837 2926 910 νομίζει
2985 834 3081 891 δύο
3130 838 3221 892 καὶ
3283 839 3609 899 ὑποστάσεις
3670 838 3827 908 δοξά-

2170 930 2295 995 ζειν,
2327 924 2361 993 ἢ
2415 924 2684 979 ἀνάπαλιν
2737 926 2862 988 τοὺς
2915 927 3042 999 μίαν
3088 927 3377 982 ὑπόστασιν
3426 926 3684 1002 λέγοντας
3729 930 3823 981 καὶ

2171 1016 2294 1088 μίαν
2330 1015 2484 1091 φύσιν
2530 1013 2921 1091 συνομολογεῖν
2969 1019 3222 1089 νομίζει;
3257 1018 3461 1092 Ἀρχὴν
3511 1017 3605 1071 οὖν
3640 1018 3824 1071 tetri-

2167 1127 2265 1173 την
2321 1111 2419 1173 τῆς
2487 1110 2751 1173 κινήσεως
2812 1100 3115 1175 λαϐούσης,
3168 1106 3257 1159 καὶ
3307 1108 3334 1159 6
3375 1106 3551 1169 πολὺς
3610 1106 3820 1167 ἐκεῖνος

2165 1194 2254 1247 καὶ
2286 1192 2555 1255 ἄσπονδος
2587 1200 2693 1249 τῶν
2726 1195 3104 1268 αἱρετιζόντων
3152 1195 3202 1249 ἐν
3254 1196 3463 1257 ἑαυτοῖς
3515 1196 3816 1272 συνερῥάγη

2167 1280 2441 1355 πόλεμος,
2474 1283 2519 1336 εἰ
2550 1284 2748 1337 ταύτὸν
2772 1282 2928 1359 φύσις
2960 1284 3048 1337 καὶ
3105 1284 3415 1355 ὑπόστασις,
3466 1284 3582 1338 ἐπεὶ
3613 1286 3661 1321 ⁵³
3696 1284 3826 1355 μίαν

2169 1371 2322 1448 φύσιν
2374 1371 2462 1427 ἐπὶ
2512 1381 2613 1441 τῆς
2658 1371 2892 1448 Τριάδος
2949 1374 3146 1449 φαμὲν,
3196 1375 3283 1428 καὶ
3345 1374 3467 1446 μίαν
3519 1376 3825 1448 ὁμολογεῖν

2168 1461 2376 1537 ἀνάγκη
2430 1465 2529 1532 τὴν
2573 1463 2883 1533 ὑπόστασιν,
2996 1463 3109 1518 ἐπεὶ
3158 1464 3251 1525 τὰς
3301 1464 3624 1527 ὑποστάσεις
3674 1471 3826 1540 τρεῖς

2168 1554 2257 1607 καὶ
2285 1556 2318 1623 ἡ
2352 1554 2507 1630 φύσις
2542 1552 2617 1616 εἷς
2661 1559 2805 1627 τρεῖς
2855 1552 3185 1629 διαιρείσθω.
3232 1554 3478 1609 Κὰκεῖθεν
3530 1554 3675 1611 ἄλλο
3729 1557 3826 1625 μὲν

2171 1642 2453 1714 σημαίνειν
2484 1642 2580 1710 τὴν
2634 1644 2809 1719 φύσιν,
2860 1640 3000 1696 ἄλλο
3053 1640 3110 1697 δὲ
3151 1643 3434 1715 σημαίνειν
3481 1645 3581 1711 τὴν
3634 1643 3823 1698 οὐσίαν

2168 1729 2498 1797 ἀνέπλασαν,
2555 1730 2647 1785 καὶ
2693 1732 2794 1799 τὴν
2846 1730 3001 1808 φύσιν
3048 1731 3214 1786 πάλιν
3261 1732 3339 1795 εἷς
3382 1734 3602 1807 γενικὴν
3662 1733 3824 1811 φύσιν

418 1822 580 1880 aliud
610 1838 735 1878 esse
780 1826 1070 1883 naturam,
1108 1823 1165 1874 et
1205 1818 1360 1872 aliud
1408 1816 1745 1872 essentiam.
1778 1814 2058 1869 Naturam

2178 1822 2257 1874 καὶ
2320 1819 2493 1882 ίδικᾶς
2550 1821 2733 1897 φύσεις
2794 1820 3170 1895 κατεμὲρισαν.
3236 1822 3331 1875 Καὶ
3379 1822 3515 1895 πρὸς
3569 1822 3666 1893 μὲν
3726 1823 3822 1875 τὸν

417 1929 651 1968 rursum
684 1910 1007 1966 diviserunt
1038 1909 1096 1964 in
1130 1906 1459 1979 generalem
1501 1914 1553 1961 el
1593 1903 1920 1975 singulares
1952 1920 2057 1957 na-

414 2005 597 2057 turas.
632 2003 697 2054 Et
729 2016 857 2054 cum
895 2000 964 2053 ad
1000 1998 1268 2069 Sergium
1301 1996 1505 2051 scribit
1536 1996 1819 2049 Severus:
1857 1994 2049 2058 Unam,

416 2090 626 2161 inquit,
668 2088 970 2144 essentiam
1033 2088 1306 2141 Christum
1362 2101 1476 2140 esse
1534 2084 1780 2139 volumus
1840 2084 2055 2150 dicere,

416 2196 486 2234 ne
541 2179 989 2233 concurrentium
1050 2176 1423 2247 differentiam
1505 2173 1851 2245 auferamus.
1921 2172 2058 2226 Nam

416 2266 509 2322 vel
538 2284 650 2322 una
682 2267 851 2321 semet
911 2274 1054 2320 nata
1111 2263 1344 2321 essentia
1390 2271 1484 2317 aut
1542 2264 1709 2316 etiam
1762 2260 2055 2331 qualitate,

417 2355 678 2427 quomodo
735 2357 937 2410 mansit
981 2360 1333 2420 naturarum,
1385 2367 1454 2407 ea:
1520 2351 1713 2421 quibus
1761 2367 1905 2405 unus
1959 2367 2057 2406 ea:-

417 2446 565 2501 sistit
598 2446 862 2512 Christus,
895 2448 1195 2501 secundum
1238 2446 1526 2499 essentiam
1577 2443 1889 2515 differentia
1918 2446 1942 2495 ?
1998 2441 2058 2496 Si

422 2537 570 2592 enim
602 2551 714 2589 una
773 2536 1010 2605 qualitas
1042 2537 1117 2590 est
1156 2539 1206 2589 et
1252 2536 1505 2598 essentia,
1537 2536 1750 2602 [rustra
1803 2533 2058 2601 deinceps

421 2628 577 2697 ponit
607 2624 1000 2696 differentiam.
1046 2624 1112 2678 Et
1168 2639 1330 2690 sane,
1389 2622 1603 2693 quibus
1659 2621 2058 2675 fundamentis

424 2714 597 2770 nixus
629 2730 805 2769 unam
861 2729 1113 2769 asserere
1154 2712 1467 2767 essentiam
1526 2716 1767 2766 Severus
1809 2714 2059 2777 recusat,

424 2804 633 2862 iisdem
693 2804 780 2859 vel
841 2804 1058 2858 invitus
1110 2819 1317 2873 negare
1366 2803 1584 2871 cogitur
1638 2817 1813 2857 unam
1844 2800 2058 2855 essein

423 2893 651 2949 Christo
682 2899 969 2949 naturam.
1026 2890 1301 2948 Nonnulli
1356 2908 1525 2963 porro
1558 2906 1622 2944 ex
1667 2890 2061 2961 impudentio-

425 2983 613 3051 ribus,
668 2989 955 3047 naturam,
1014 2997 1342 3053 personam,
1393 2982 1699 3036 essentiam
1744 2980 1893 3034 idem
1935 2994 2063 3035 esse

427 3072 820 3135 admittentes,
855 3089 970 3126 non
1034 3072 1384 3126 horruerunt
1430 3071 1721 3125 affirmare
1770 3070 1944 3126 etiam
2005 3068 2061 3121 in

428 3165 631 3215 sancta
676 3161 953 3215 Trinitate
983 3166 1099 3215 tres
1147 3176 1274 3213 esse
1314 3160 1616 3224 essentias,
1656 3159 1809 3214 unde
1867 3164 1923 3212 et
1954 3163 2070 3212 tres

430 3249 570 3303 deos
600 3253 655 3302 et
687 3252 803 3303 tres
831 3249 1097 3313 deitates,
1132 3248 1236 3302 etsi
1271 3264 1385 3303 non
1434 3248 1628 3314 verbo,
1653 3252 1839 3301 mente
1878 3252 2071 3301 tamen

431 3338 657 3392 docent.
694 3337 836 3391 Ethi
864 3338 1099 3407 quidem
1134 3338 1491 3391 damnantur
1522 3336 1694 3390 veluti
1731 3341 1845 3391 tres
1876 3352 2074 3390 essen-

439 3426 551 3481 tias
590 3426 781 3482 284a
814 3427 868 3479 in
931 3426 1219 3481 Trinitate
1279 3427 1608 3498 prodigiose
1665 3428 1961 3491 cudentes,
2019 3426 2074 3479 hi

432 3532 567 3570 vero
596 3516 750 3585 quod
783 3532 895 3569 non
932 3514 1162 3586 proprie
1210 3516 1392 3570 Deum
1445 3517 1673 3571 Patrem
1707 3522 1808 3569 aut
1840 3516 2074 3583 Filium,

433 3612 527 3660 aut
562 3604 845 3675 Spiritum
890 3610 1154 3660 sanctum
1190 3606 1302 3660 dici
1336 3611 1633 3660 censeant.
1668 3605 1762 3659 Isti
1796 3621 1927 3660 vero
1963 3606 2078 3660 for-

436 3701 591 3749 tasse
612 3693 751 3764 sint,
774 3694 872 3763 qui
902 3696 1131 3749 tantum
1154 3695 1416 3763 signatas
1449 3710 1549 3748 seu
1580 3694 1914 3765 figurativas
1947 3711 2074 3764 pro-

436 3783 712 3854 prietates
742 3790 945 3853 putant
975 3798 1100 3837 esse
1134 3782 1491 3853 hypostases.
1530 3784 1611 3837 lta
1631 3783 1687 3837 in
1703 3782 1919 3839 multas
1944 3799 2078 3837 sen-

436 3872 652 3929 tentias
684 3880 735 3927 et
767 3888 992 3927 errores
1017 3871 1160 3926 alios
1197 3872 1426 3927 illorum
1459 3873 1716 3927 dissecta
1746 3878 1903 3927 secta
1943 3890 2075 3943 pro-

435 3976 640 4034 gressa
688 3965 796 4028 est,
831 3961 1321 4029 quemadmodum
1379 3965 1434 4015 et
1489 3961 1560 4016 de
1587 3962 1909 4017 diflerentia
1941 3978 2077 4016 con-

437 4050 794 4106 currentium
829 4050 887 4103 in
922 4049 1152 4105 Christo
1204 4058 1565 4105 naturarum.
1599 4052 1741 4105 Aliis
1782 4052 1935 4105 enim
1971 4068 2077 4106 nuo

438 4139 731 4211 gatoribus
754 4138 944 4194 visum
980 4142 1067 4194 est
1098 4140 1285 4210 perire
1316 4139 1702 4195 differentiam
1738 4146 1865 4212 post
1913 4142 2082 4196 unio-

440 4246 569 4284 nem
608 4232 952 4283 naturarum
993 4244 1005 4282 :
1039 4228 1168 4282 aliis
1199 4229 1412 4283 servari
1446 4229 1825 4285 differentiam
1852 4230 2078 4299 judica-

442 4326 561 4371 tum
603 4318 741 4388 ;qui
778 4322 834 4372 et
892 4317 998 4387 ipsi
1036 4317 1297 4372 bifariam
1334 4316 1500 4373 divisi
1564 4323 1716 4373 sunt.
1780 4320 1921 4373 Nam
1982 4320 2081 4390 qui

440 4406 824 4462 differentiam
878 4422 1110 4461 manere
1135 4406 1359 4469 volunt,
1395 4407 1603 4461 nolunt
1634 4417 1829 4461 tamen
1863 4424 1926 4462 ea
1959 4425 2081 4462 ma-

442 4514 576 4553 nere
632 4514 734 4568 per
765 4514 890 4566 quae
922 4498 1153 4553 exsistit
1194 4499 1540 4553 differentia.
1598 4501 1709 4554 Alii
1740 4516 1871 4555 vero
1904 4506 1959 4554 et
1991 4500 2085 4554 illa

444 4601 694 4653 manere,
756 4596 990 4653 cogente
1064 4589 1390 4643 necessaria
1447 4590 1885 4661 consequentia,
1935 4606 2086 4661 sepe

440 4676 830 4732 concedentes
864 4678 998 4747 (alia
1060 4678 1177 4733 haec
1207 4684 1296 4733 est
1325 4677 1551 4733 insania
1584 4684 1758 4750 atque
1782 4680 2081 4753 amentia),

438 4764 589 4820 duas
621 4768 813 4819 tamen
849 4770 1089 4820 naturas
1139 4767 1437 4837 appellare
1464 4768 1693 4839 penitus
1722 4777 2079 4824 aversantur.

438 4859 557 4910 Vox
613 4853 765 4910 enim
817 4853 946 4917 duo,
981 4852 1279 4925 inquiunt,
1318 4872 1417 4927 per
1452 4860 1640 4926 partes
1674 4864 1728 4911 et
1769 4874 1869 4928 per
1901 4874 1961 4912 se
1994 4874 2082 4913 res

438 4948 771 5003 differentes
823 4947 1098 5002 ostendit.
1147 4947 1244 5002 His
1276 4948 1519 5002 breviter
1550 4948 1886 5018 disputatis,
1911 4948 2084 5019 longa

439 5036 837 5092 exhortatione
870 5034 1025 5090 hunc
1058 5050 1290 5105 quoque
1333 5035 1549 5090 librum
1585 5036 1726 5090 finit.

511 5127 699 5181 Aliam
732 5126 1057 5181 oralionem
1096 5125 1395 5195 componit
1426 5130 1625 5180 contra
1659 5126 1933 5197 Agnoitas
1965 5128 2085 5182 sive

442 5216 779 5284 ignorantes.
834 5215 1144 5271 Monachos
1202 5220 1392 5272 autem
1429 5216 1714 5287 quosdam
1748 5216 1823 5272 ait
1872 5233 1940 5272 ex
1979 5217 2082 5271 Pa-

2166 1913 2546 1988 γραμματικὸν
2616 1911 2841 1986 Σέργιον
2906 1914 2933 1967 ὁ
3000 1908 3241 1985 Σεόῆρος
3329 1914 3569 1989 γράφωνσ
3678 1913 3826 1968 Μίαν

2166 2002 2373 2069 οὐσίαν,
2435 2004 2616 2079 φησὶν,
2678 2003 2844 2058 εἰπεῖν
2902 2003 2993 2057 τὸν
3050 2003 3281 2075 Χριστὸν
3350 1998 3687 2074 ἐϐουλόμεθα
3745 2004 3816 2069 ⁵⁸,

2160 2090 2255 2147 *ίνα
2317 2098 2424 2147 τῶν
2496 2093 2855 2148 συνελθόντων
2924 2092 3023 2159 τὴν
3112 2089 3374 2167 διαφορὰν
3457 2093 3532 2163 μὴ
3602 2088 3819 2145 ἀνέλω-

2168 2205 2281 2257 μεν.
2359 2188 2496 2246 Mli;
2560 2184 2661 2258 γαρ
2733 2183 2972 2255 καθάπαξ
3066 2180 3433 2257 γεγενημένης
3526 2180 3708 2241 οὐσίας
3781 2182 3819 2249 ἢ

2163 2272 2252 2326 καὶ
2312 2274 2625 2341 ποιότητος,
2675 2277 2793 2334 πῶς
2847 2267 2925 2325 ἔτι
2981 2270 3251 2342 μεμένηκε
3303 2274 3413 2323 τῶν
3488 2269 3730 2347 ςνιίσεων,

2165 2362 2238 2415 ὧν
2289 2364 2366 2425 εἷς
2424 2362 2450 2416 ὁ
2510 2362 2827 2436 Χριστὸς,ἡ
2869 2363 2986 2414 κατ’
3044 2359 3228 2413 οὐσίαν
3269 2356 3539 2437 διαφοράς
3604 2358 3654 2412 εί
3714 2359 3824 2432 γὰρ

2169 2452 2267 2525 μία
2317 2451 2545 2516 ποιότης
2604 2449 2692 2503 καὶ
2751 2448 2925 2520 οὐσία,
2984 2450 3051 2502 τὰ
3107 2452 3205 2513 τῆς
3274 2445 3541 2522 διαφορᾶς
3622 2445 3825 2501 λοιπὸν

2165 2538 2373 2618 φροῦδα
2392 2538 2707 2608 καθέστηκε.
2760 2538 2945 2593 Καίτοι
2991 2558 3053 2611 γε
3097 2536 3149 2607 ἓξ
3182 2538 3254 2591 ὧν
3298 2538 3396 2606 τὴν
3452 2539 3580 2609 μίαν
3636 2536 3826 2591 οὐσίαν

2165 2630 2331 2685 εἰπεῖν
2377 2630 2403 2682 6
2446 2624 2686 2701 Σεϐῆρος
2737 2632 3100 2696 παραιτεῖται,
3149 2626 3207 2681 ἐκ
3243 2630 3351 2681 τῶν
3403 2624 3580 2680 αὑτῶν
3625 2626 3717 2680 καὶ
3761 2627 3824 2679 τὸ

2170 2719 2296 2793 μίαν
2350 2716 2530 2792 λέγειν
2577 2718 2734 2793 φύσιν
2784 2716 2872 2771 ἐπὶ
2919 2720 3186 2789 Χριστοῦ,
3257 2716 3353 2769 κᾶν
3413 2717 3489 2787 μὴ
3542 2712 3834 2789 βούλοιτο,

2166 2810 2539 2883 παρῃτήσατο.
2591 2807 2740 2868 Τινὲς
2800 2804 2857 2859 δὲ
2911 2811 3018 2860 τῶν
3082 2806 3610 2879 ἀπηρυθριασμένως
3650 2804 3700 2837 ⁵⁵
3738 2802 3839 2880 φύ-

2168 2920 2248 2953 σιν
2308 2900 2397 2953 καὶ
2442 2897 2758 2951 ὑπόστέασιν
2824 2896 2914 2949 καὶ
2983 2894 3174 2949 οὐσίαν
3242 2896 3439 2948 ταυτὸν
3491 2892 3657 2947 εἰπεῖν
3707 2891 3833 2945 ἐκδε

2169 2989 2412 3061 ξαμένων
2473 2988 2515 3022 ³⁸
2565 2984 2653 3039 καὶ
2702 2984 2787 3039 ἐπὶ
2833 2991 2931 3051 τῆς
2973 2983 3133 3055 ἁγίας
3171 2979 3405 3057 Τριάδος
3452 2986 3599 3056 τρεῖς
3642 2978 3831 3041 οὓσίας

2180 3077 2355 3151 λέγειν
2387 3073 2486 3129 οὑκ
2516 3073 2749 3149 ἔφριξαν,
2785 3070 2855 3127 δι’
2886 3073 2958 3126 ὧν
2988 3072 3077 3127 καὶ
3108 3074 3170 3127 τὸ
3202 3077 3344 3147 τρεῖς
3386 3070 3540 3131 θεοὺς
3586 3071 3680 3125 καὶ
3720 3068 3837 3123 θεό’

2182 3186 2368 3235 τητας,
2403 3164 2447 3219 εἱ
2478 3165 2567 3217 καὶ
2603 3165 2679 3235 μὴ
2709 3165 2752 3199 ⁵⁷
2784 3166 2851 3235 τῇ
2880 3165 3054 3237 φωνῇ,
3086 3167 3203 3222 τοῖς
3236 3182 3297 3236 γε
3343 3164 3582 3231 νοήμασι
3619 3158 3838 3231 δογμα-

2182 3256 2412 3324 τίζουσι.
2476 3254 2574 3308 Καὶ
2629 3253 2679 3307 o't
2734 3253 2825 3325 μὲν
2867 3251 3276 3327 κατακρίνονται
3327 3251 3401 3310 ὡς
3444 3255 3591 3322 τρεῖς
3653 3247 3840 3308 oin-2'1:

2185 3343 2269 3398 ἒπῖ
2304 3349 2403 3411 τῆς
2457 3338 2687 3415 Τριάδος
2735 3341 3171 3413 τερατευόμενοι,
3205 3340 3256 3393 οἱ
3289 3335 3346 3392 δὲ
3395 3337 3469 3399 ὡς
3519 3336 3582 3391 οἱ)
3634 3337 3844 3409 κυρίως

2186 3432 2313 3487 Θεὸν
2348 3432 2438 3486 τὸν
2476 3430 2685 3502 Πατέρα
2786 3430 2875 3484 τὸν
2907 3430 3029 3482 ι’ίὸν
3063 3426 3097 3496 ἤ
3130 3429 3191 3482 τὸ
3229 3426 3446 3497 Πνεῦμα
3498 3424 3841 3498 δοξάζοντες·

2187 3522 2334 3575 οὗτοι
2370 3519 2414 3574 δ’
2447 3520 2508 3575 ἄν
2543 3520 2645 3574 εἶεν
2679 3521 2729 3573 οἱ
2766 3519 2903 3591 μόνα
2932 3519 2997 3572 τὰ
3039 3518 3511 3593 χαρακτηριστικᾶ
3561 3512 3843 3585 ἰδιώματα)

2185 3612 2278 3671 τὰς
2334 3611 2651 3672 ὑποστάσεις
2706 3610 2837 3662 εἶναι
2879 3606 3319 3683 δογματίζοντες.
3376 3606 3471 3659 Καὶ
3534 3603 3610 3666 εἷς
3654 3602 3844 3659 πολλᾶ

2187 3697 2331 3754 ἄλλα
2386 3704 2607 3753 τοιαῦτα
2640 3699 2667 3752 ὁ
2704 3697 2967 3771 μερισμὸς
3020 3699 3062 3732 ⁸⁸
3111 3694 3294 3755 αὑτοῖς
3334 3694 3423 3748 καὶ
3470 3696 3505 3761 ἡ
3549 3695 3841 3763 κατατομῆ

2188 3786 2583 3861 προελήλυθεν,
2618 3785 2797 3859 ὥσπερ
2828 3786 2917 3839 καὶ
2956 3786 3078 3859 περὶ
3113 3791 3211 3851 τῆς
3264 3780 3525 3857 διαφορᾶς
3575 3788 3687 3836 τῶν
3722 3803 3849 3835 συν-

2190 3877 2457 3932 ελθοῦσῶν
2489 3877 2575 3931 ἐπὶ
2608 3880 2651 3913 ⁸9
2682 3877 2919 3949 Χριστοῦ
2965 3874 3195 3951 φύσεων.
3230 3876 3362 3931 Τοῖς
3406 3872 3501 3944 μὲν
3555 3873 3662 3948 γὰρ
3716 3872 3852 3943 μετᾶ

2188 3970 2287 4035 τὴν
2354 3964 2545 4020 ἕνωσιν
2599 3968 2673 4037 μὴ
2739 3962 3103 4036 φυλάττεσθαι
3163 3964 3261 4030 τὴν
3324 3958 3589 4038 διαφορὰν
3646 3958 3851 4027 ἐπῆλθε

2190 4058 2566 4135 φαντάζεσθαι,
2597 4060 2711 4115 τοῖς
2762 4053 2818 4108 δὲ
2868 4054 3131 4122 σώζεσθαι
3178 4052 3276 4117 τήν
3330 4048 3597 4124 διαφορὰν
3630 4052 3666 4117 ἡ
3701 4052 3847 4120 ὀμο-

2193 4144 2351 4218 λογία
2379 4147 2589 4218 γὲγονε.
2622 4146 2743 4215 [881
2781 4145 2870 4215 Ii.)
2900 4148 3038 4218 Διχῆ
3094 4138 3153 4194 δὲ
3197 4140 3287 4194 καὶ
3338 4137 3487 4192 οὗτοι
3537 4136 3848 4211 διετμηθη-

2193 4256 2307 4289 σαν.
2341 4234 2406 4289 Οἱ
2454 4234 2549 4305 μὲν
2582 4233 2686 4306 γὰρ
2736 4232 2834 4299 τὴν
2894 4228 3157 4306 διαφορὰν
3211 4224 3621 4299 ὁμολογοῦντες
3680 4228 3848 4293 σώζε-

2193 4326 2311 4379 σθαι
2356 4324 2423 4377 τὰ
2474 4324 2546 4375 ὧν
2582 4325 2615 4391 ἡ
2650 4319 2882 4399 διαφορᾶ
2933 4322 3126 4389 σώζειν
3172 4317 3232 4374 οὑ
3292 4318 3617 4391 βούλονται·
3680 4321 3730 4373 οἱ
3790 4316 3843 4372 δὲ

2189 4415 2410 4468 κάκεῖνα
2470 4412 2571 4466 ὑπὸ
2629 4418 2729 4478 τῆς
2773 4410 3181 4486 ἀναγκαζούσης
3240 4409 3567 4469 ἀκολουθίας
3623 4429 3845 4482 συγχω-

2194 4507 2409 4577 ροῦντες
2469 4499 2742 4561 πολλάκις
2792 4499 2988 4571 (ἄλλος
3040 4497 3213 4571 λῆρος
3255 4502 3415 4554 τοῦτο
3472 4499 3521 4533 ⁶⁰
3563 4500 3646 4551 καὶ
3693 4497 3835 4563 ἔλλη

2193 4593 2505 4666 παράνοια),
2568 4588 2662 4645 δύο
2721 4590 2916 4650 ταύτας
2967 4588 3141 4663 λέγειν
3203 4587 3466 4660 οὑμενοῦν
3519 4584 3631 4641 οὔδ’
3690 4585 3832 4643 ὁλως

2192 4679 2499 4753 ἀνέχονταιο
2548 4683 2581 4747 ἡ
2613 4680 2718 4752 γὰρ
2763 4675 2858 4732 δύο
2925 4679 3101 4752 φωνὴ,
3153 4682 3334 4749 φασίν,
3384 4676 3479 4730 ἀνὰ
3530 4676 3693 4746 μέρος
3741 4671 3829 4725 καὶ

2192 4770 2307 4823 καθ’
2374 4769 2535 4822 ἑαυτὰ
2591 4768 2659 4821 τὰ
2706 4764 3031 4841 διαφὲρτντα
3085 4766 3290 4833 τίθησι.
3377 4768 3555 4819 Ταῦτα
3618 4762 3711 4816 καὶ
3777 4762 3840 4815 τὸ

2191 4862 2413 4912 τοιαῦτα
2472 4854 2560 4910 διὰ
2620 4857 2875 4930 βραχέων
2932 4855 3182 4926 προθεὶς,
3228 4854 3317 4907 καὶ
3376 4854 3474 4921 τήν
3532 4852 3842 4925 παραίνεσιν

2192 4946 2626 5018 πλατυτάμενος,
2650 4944 2738 4999 καὶ
2769 4946 2863 4999 τὸν
2894 4944 3136 5017 παρόντα
3167 4942 3465 4998 καταπαύει
3501 4943 3689 5017 λόγον.

2265 5128 2461 5201 Γράφει
2504 5125 2672 5199 λόγον
2737 5122 2919 5195 ἓτερον
2971 5124 3106 5177 κατὰ
3167 5123 3503 5195 Ἀγνοητῶν.
3560 5122 3850 5195 Μοναχοὺς

2198 5215 2252 5271 δὲ
2300 5236 2447 5277 τινας
2505 5219 2610 5269 τῶν
2665 5213 2722 5268 ἐκ
2774 5215 2873 5280 τῆς
2914 5212 3051 5267 κατὰ
3105 5212 3170 5265 τὰ
3218 5208 3581 5283 Ἱεροσόλυμα
3639 5208 3847 5284 ἐρήμου

1800 5389 2041 5445 νΑΗῐίΕ
2085 5389 2489 5445 LEC'I‘IONES.

512 5540 551 5575 ⁸¹
597 5537 923 5617 ἐπερωτῶ-σα
1027 5558 1038 5594 :
1074 5539 1398 5611 ἐπιζητοῦσα

443 5613 559 5667 imo
592 5611 673 5683 οἱ
691 5590 1027 5683 βουλόμεθα.

443 5684 581 5757 σμός
774 5682 822 5715 ⁵9
854 5681 939 5735 ἐπὶ
970 5686 1068 5735 τοῦ
1100 5687 1206 5753 Χρ.
1242 5681 1323 5757 Cf.

1400 5689 1445 5723 ⁶⁰
1482 5692 1643 5742 τοῦτο
1676 5688 1761 5745 ΑΞ
1795 5688 1948 5748 ουτος

1587 5545 1631 5579 ⁸³
1659 5542 1956 5613 ἐπεζήτησε
2002 5542 2093 5616 μέν
2144 5543 2203 5616 ς

1134 5614 1178 5695 ξδ
1207 5613 1695 5695 ἁπηρυοριαμὲνων
1832 5685 1844 5695 .
1916 5617 1961 5651 δδ
1992 5613 2332 5687 ἐκδεξάμενοι

2318 5543 2365 5575 ⁵³
2410 5546 2541 5597 ante
2584 5538 2698 5594 ἐπεὶ
2749 5538 3095 5595 inseruerim
3146 5533 3305 5589 ὥστε,
3402 5527 3851 5601 μέὅουλόειεθα]

2558 5614 2602 5648 ⁵⁷
2639 5612 2713 5685 μή
2753 5611 2887 5667 add.
2922 5614 2987 5666 Α.
3091 5609 3137 5643 ⁵⁸
3186 5607 3213 5661 6
3265 5604 3533 5679 μερισμός
3594 5607 3679 5659 A:
3732 5603 3850 5676 ὁρι-
