4138 6224
333 373 482 434 1081

1468 377 2005 441 BIBLIOTHECA.
2051 412 2126 424 —
2173 377 2344 438 COD.
2391 378 2662 439 CCXXX.

3589 389 3742 450 1082

330 512 548 574 κινῆσαι
600 504 745 579 λέγει
792 505 854 560 τὸ
909 501 1108 581 δόγμα,
1141 509 1192 562 οἳ
1242 508 1464 587 ἄγνοιαν
1497 517 1576 584 τῷ
1607 511 1792 587 Κυρίῳ
1824 510 1959 583 ἡμῶν

2099 509 2326 566 laestina
2355 512 2672 568 solitudine
2719 513 3004 572 excitasse
3051 517 3331 588 [pravum]
3374 520 3596 590 dogma,
3640 523 3742 592 qui

331 595 510 665 Ἰησοῦ
540 599 764 668 Χριστῷ
793 594 1104 669 περιάπτειν
1148 597 1477 674 ὒπήχθησαν
1520 602 1569 671 ἐξ
1613 603 1686 656 ὧν
1736 621 1794 655 τε
1837 600 1982 655 εἶπεν

329 689 514 748 αὐτός·
557 689 670 744 Ηοῦ
725 687 996 742 τεθείκατε
1055 690 1344 764 Λάζαρον;
1411 695 1557 748 καὶ·
1619 692 1812 754 Οὐδεὶς
1870 690 1985 748 οἶδε

325 780 425 846 τήν
483 774 628 851 ὥραν
692 776 903 846 ἐκείνην
960 778 995 847 ἢ
1063 781 1162 848 τὴν
1217 782 1425 856 ἡμέραν
1483 780 1608 838 οὐδὲ
1660 786 1703 822 ⁸⁸
1764 784 1791 837 ὁ
1841 783 1985 844 Υἱὸς,

327 868 414 920 καὶ
454 865 504 938 ἐξ
536 863 725 922 ἄλλων
751 867 1273 942 τοιουτοτρόπων.’0
1296 869 1353 926 δὶ
1373 872 1516 946 ἱερὸς
1535 871 1804 946 Εὐλόγιος
1826 872 1986 933 οὗτος

327 957 454 1028 [465
483 958 575 1028 Η.]
619 952 744 1009 οὕτε
775 958 912 1011 κατὰ
939 959 1001 1012 τὸ
1034 957 1395 1032 ἀνθρώπινον,
1425 959 1625 1033 πολλῷ
1657 958 1713 1016 δὲ
1765 959 1982 1034 μᾶλλον

327 1041 455 1098 οὐδὲ
484 1044 709 1098 κατὰτὸ
741 1046 886 1098 θεῖον
931 1045 1138 1122 ἀγνοεῖν
1186 1048 1277 1103 τὸν
1322 1050 1516 1124 Κύριον
1562 1052 1725 1121 ἡμῶν
1775 1050 1984 1118 Ἰησοῦν

326 1133 554 1208 Χριστὸν
598 1129 721 1188 οὔτε
768 1134 860 1189 τὸν
907 1136 1075 1214 τάφον
1119 1142 1218 1192 τοῦ
1267 1141 1538 1213 Λαζάρου,
1590 1137 1711 1194 οὔτε
1756 1140 1854 1207 τήν
1901 1137 1984 1193 τέ-

325 1219 472 1275 λειον
532 1223 740 1295 ἡμέραν
777 1219 1121 1282 διατείνεται.
1175 1223 1313 1283 Οὸτε
1373 1227 1478 1302 γάρ
1525 1228 1585 1282 τὸ
1617 1229 1981 1302 ἀνθρώπινον,

326 1308 403 1370 εἰς
447 1309 568 1381 μίαν
614 1308 906 1366 ὑπόστασιν
969 1312 1227 1368 συνελθὸν
1284 1320 1352 1389 τῇ
1419 1316 1704 1391 ἀπροσίτῳ
1735 1317 1824 1371 καὶ
1884 1316 1983 1371 οὐ-

326 1397 508 1453 σιώδει
541 1400 721 1476 σοφίᾳ,
761 1400 1014 1477 ἀγνοήσει
1057 1401 1118 1457 ἄν
1150 1425 1224 1475 τι,
1253 1403 1434 1479 ὥσπερ
1477 1403 1632 1460 οὐδὲν
1676 1410 1782 1461 τῶν
1831 1426 1978 1480 παρ-

324 1486 516 1556 όντων,
549 1488 694 1544 οὓτω
745 1486 811 1558 δὴ
862 1487 988 1545 οὐδὲ
1035 1492 1142 1546 τῶν
1205 1492 1542 1566 μελλόντων,
1577 1493 1699 1549 οὔτε
1756 1492 1978 1569 διαψευο

320 1578 514 1642 σθῆναι
571 1574 789 1632 δύναται
845 1579 911 1632 τὸ
977 1579 1265 1654 εἰρημένον
1339 1584 1466 1658 παρ’
1529 1583 1713 1640 αὐτοῦ.
1803 1586 1980 1639 Πάντα

319 1663 421 1720 ὅσα
449 1660 564 1742 ἔχει
633 1667 661 1720 ὁ
722 1669 932 1742 Πατὴρ,
989 1667 1095 1741 ἒμά
1147 1670 1314 1738 ἐστιν,
1368 1673 1413 1726 εἰ
1464 1674 1539 1745 μή
1590 1672 1692 1748 ἄρα
1739 1673 1828 1728 καὶ
1884 1675 1974 1728 τὸν

318 1756 531 1828 Πατέρα
561 1755 698 1829 πρὸς
756 1758 855 1825 τήν
905 1754 1128 1832 ἄγνοιαν
1189 1761 1240 1814 οἱ
1290 1761 1459 1816 πάντα
1491 1760 1806 1836 τολμῶντες
1836 1785 1976 1837 παρ-

2095 599 2344 655 Domino
2385 607 2582 657 nostro
2628 603 2767 658 Jesu
2820 603 3048 660 Christo
3101 605 3513 676 ignorantiam,
3553 626 3621 664 ex
3667 610 3738 666 iis

2096 705 2220 760 quas
2253 690 2377 760 ipse
2400 690 2562 756 dixit,
2598 692 2898 763 assignare
2921 694 3113 748 conati
3145 700 3280 749 sunt
3315 712 3326 748 :
3364 697 3461 752 Ubi
3489 699 3741 766 posuistis

2103 781 2373 835 Lazarum
2394 799 2420 826 ιι
2442 782 2472 834 ?
2493 782 2707 853 [inquit
2730 783 3034 854 Dominus]
3057 789 3112 840 et
3130 801 3142 839 :
3163 786 3327 842 Nemo
3347 789 3495 841 novit
3518 788 3740 855 horam,

2096 875 2192 923 aut
2225 869 2378 924 diem
2403 869 2585 936 illum,
2632 888 2805 942 neque
2834 873 3008 926 Filius
3038 872 3280 928 hominis
3310 888 3354 939 ο,
3389 881 3559 945 atque
3601 875 3738 930 item

2096 972 2164 1011 ex
2197 958 2329 1012 aliis
2362 957 2469 1014 hoc
2499 975 2684 1030 genus
2713 961 2920 1015 verbis.
2955 963 3202 1017 Sanctus
3234 969 3426 1018 autem
3463 964 3739 1035 Eulogius

2095 1044 2224 1114 iste,
2274 1045 2568 1100 Christum
2620 1047 2818 1102 Jesum
2869 1048 3182 1104 Dominum
3226 1055 3513 1119 nostrum,
3549 1068 3738 1124 neque

2095 1135 2418 1190 secundum
2444 1135 2865 1192 humanitatem
2901 1139 3350 1208 quidem,multo
3385 1140 3580 1196 minus
3603 1159 3734 1198 vero

2092 1225 2414 1279 secundum
2449 1225 2810 1280 divinitatem
2837 1228 3133 1298 ignorasse
3155 1228 3485 1299 sepulcrum
3514 1231 3735 1297 Lazari,

2095 1329 2281 1385 neque
2311 1314 2484 1368 etiam
2517 1314 2685 1370 illum
2720 1315 2988 1371 ultimum
3022 1318 3169 1372 diem
3199 1320 3514 1375 contendit.
3539 1321 3737 1392 Neque

2092 1404 2244 1458 enim
2307 1403 2644 1460 humanitas
2701 1405 2915 1460 Christi
2974 1407 3032 1461 in
3083 1424 3258 1462 unam
3317 1409 3733 1465 inaccessibilis

2091 1497 2147 1548 et
2204 1493 2610 1549 substantialis
2681 1495 2980 1566 sapientize
3056 1497 3395 1569 hypostasin
3474 1500 3735 1556 admissa

2090 1581 2413 1653 quidquam
2444 1582 2601 1638 velut
2646 1600 2835 1638 rerum
2868 1586 3262 1656 praesentium,
3295 1586 3376 1640 ita
3408 1587 3728 1644 futurarum

2091 1673 2303 1743 poterit
2332 1672 2595 1743 ignorare
2643 1688 2654 1725 :
2702 1689 2890 1744 neque
2940 1675 3151 1729 falsum
3182 1691 3311 1731 esse
3355 1680 3544 1746 potest
3574 1680 3728 1748 quod

2089 1757 2230 1813 dixit
2263 1775 2276 1814 :
2331 1759 2526 1815 Omnia
2580 1774 2918 1832 quotcunque
2957 1761 3116 1817 habet
3162 1765 3357 1831 Pater,
3381 1781 3497 1818 mea
3528 1773 3656 1820 sunt
3684 1781 3730 1834 P,

321 1844 612 1902 ελκῦσωσι.
665 1847 738 1902 Τὸ
789 1846 974 1918 μέντοι
1044 1869 1106 1924 γε
1173 1847 1329 1927 φάναι
1388 1851 1478 1904 τὸν
1538 1858 1806 1926 Σωτῆρα·
1858 1856 1959 1906 ΙΙοῦ

2082 1847 2196 1902 nisi
2258 1857 2311 1903 et
2386 1849 2562 1916 Patri,
2625 1849 2768 1904 nihil
2818 1867 2934 1904 non
2984 1853 3286 1921 audentes,
3338 1853 3729 1924 ignorantiam

316 1934 588 1988 τεθείκατε
659 1935 970 2008 Λάζαρον;
1036 1937 1112 1998 εἰς
1191 1937 1465 1993 ἐπίστασιν
1562 1941 1651 1994 καὶ
1741 1942 1965 2013 μνήμην

318 2020 520 2097 ἄγοντα
549 2025 594 2060 ⁸³
639 2023 768 2084 τοὺς
818 2025 1088 2099 παρόντας
1137 2031 1243 2081 τῶν
1284 2026 1566 2085 Ἰουδαίων
1615 2030 1804 2085 εἰπεῖν.
1863 2031 1963 2088 Καὶ

317 2112 382 2166 οὐ
438 2116 601 2168 τοῦτο
653 2113 834 2185 μόνον,
887 2112 1034 2169 ἀλλά
1084 2115 1173 2170 καὶ
1211 2113 1367 2191 ἕτερά
1396 2139 1510 2172 τινα
1551 2116 1966 2194 διαπράξασθαι,

318 2199 499 2277 ὥσπερ
557 2203 619 2257 τό
653 2219 666 2233 ⁸
722 2204 932 2269 Λύσατε
990 2203 1146 2260 αὐτὸν
1201 2208 1292 2261 καὶ
1344 2208 1504 2287 ἄφετε
1573 2210 1818 2287 ὑπάγειν,
1875 2208 1966 2264 ’ίνα

319 2289 370 2363 ἐξ
404 2292 476 2345 ὧν
539 2313 596 2347 τε
641 2293 776 2347 κατά
836 2293 1000 2369 μέρος
1040 2293 1180 2351 εἶδον
1226 2299 1315 2352 καὶ
1378 2299 1427 2371 ἐξ
1460 2300 1533 2353 ὧν
1579 2301 1837 2372 ἤκουσαν,
1870 2325 1962 2358 πι-

317 2382 440 2436 στὸν
476 2383 570 2453 μὲν
602 2383 663 2436 τὸ
713 2385 935 2458 ὁρᾶσθαι
984 2386 1073 2439 καὶ
1135 2383 1645 2466 ἀναμφισϐήτητον,
1689 2390 1960 2460 ἀνεξάλειο

313 2490 446 2524 πτον
489 2468 546 2524 δὲ
583 2469 913 2541 παραδοθείη
962 2477 1030 2547 τῇ
1065 2479 1302 2551 ’μνήμῃ.
1354 2479 1512 2552 Λέγει
1558 2476 1614 2533 δὲ
1665 2480 1747 2533 ὃτι
1777 2481 1865 2534 καὶ
1896 2482 1961 2536 τὰ

313 2557 400 2614 ἐπὶ
433 2565 674 2634 Χριστοῦ
706 2560 972 2634 λεγόμενα
1021 2565 1086 2618 τὰ
1138 2566 1232 2636 μὲν
1280 2567 1416 2620 κατά
1470 2566 1849 2644 ἀναφοράνηά
1904 2567 1961 2624 δὲ

311 2648 448 2703 κατά
475 2649 732 2718 ἀλήθειαν
767 2649 998 2726 λέγεται·
1031 2654 1167 2708 κατά
1209 2654 1480 2734 ἀναφορὰν
1536 2657 1630 2728 μὲν
1675 2660 1736 2712 τὸ
1789 2661 1964 2732 ἁμαρ-

310 2758 434 2793 τιαν
465 2738 621 2793 αὐτὸν
655 2740 742 2793 καὶ
791 2742 1024 2816 κατάραν
1077 2743 1208 2819 ὑπὲρ
1256 2747 1418 2818 ἡμῶν
1467 2748 1704 2822 γενέσθαι
1746 2749 1826 2822 (οὗ
1857 2753 1958 2826 γὰρ

313 2828 506 2902 γέγονε
560 2831 746 2900 ταῦτα,
809 2827 936 2885 ἀλλ’
1003 2833 1094 2886 οἷα
1150 2839 1250 2902 τῆς
1304 2833 1544 2912 κεφαλῆς
1583 2835 1957 2911 οἶκειουμένης

306 2917 373 2971 τὰ
410 2921 507 2971 τοῦ
546 2914 688 2972 ἰδίου
728 2919 1002 2992 σώματος,
1046 2921 1206 2982 αὐτὸς
1259 2923 1325 2978 τὰ
1378 2928 1477 2978 τοῦ
1535 2925 1789 2998 σώματος
1838 2927 1959 2982 ἀνα-

309 3004 574 3082 δέχεται)·
632 3008 767 3062 κατα
824 3007 1085 3079 ἀλήθειαν
1152 3008 1208 3065 δὲ
1274 3010 1492 3088 λέγεται
1557 3012 1842 3089 ἅνθρωπός
1899 3039 1957 3072 τε

304 3096 582 3172 γεγονέναι
640 3097 729 3150 καὶ
787 3104 1040 3165 πεινῆσαι
1098 3101 1186 3154 καὶ
1235 3097 1462 3175 διψῆσαι
1509 3104 1597 3158 καὶ
1637 3109 1702 3159 τὰ
1768 3106 1951 3177 ὅμοια.

302 3187 464 3240 Ὥστε
494 3183 550 3239 εἷ’
590 3207 673 3246 τις
734 3185 914 3241 ἐθελοι
948 3185 1128 3265 λέγειν
1187 3188 1400 3263 ἀγνοεῖν
1460 3189 1618 3246 αὐτὸν
1669 3192 1806 3248 κατὰ
1835 3195 1957 3249 ἀνα-

304 3275 495 3352 φορὰν,
529 3275 603 3336 ὡς
654 3275 754 3330 οὐκ
816 3274 968 3338 ἐκτὸς
1016 3276 1238 3352 ἀγνοίας
1297 3275 1455 3341 ὄντος
1503 3279 1668 3336 αὐτοῦ
1721 3285 1816 3336 τοῦ
1848 3285 1957 3337 σώ-

308 3385 478 3437 ματος
539 3365 664 3434 ἤτοι
719 3373 819 3436 τῆς
885 3368 1226 3440 ἀνθρωπίνης
1288 3370 1497 3448 φύσεως
1562 3371 1628 3442 ⁸³,
1697 3376 1763 3441 ἧς
1813 3372 1955 3429 ἐστιν

310 3455 472 3515 αὐτὸς
502 3454 712 3531 κεφαλὴ
754 3455 945 3526 ⁸⁸,οὖκ
965 3454 1025 3510 ἂν
1081 3458 1174 3530 μὲν
1229 3457 1331 3530 ἔξω
1393 3465 1491 3514 τοῦ
1549 3460 1756 3524 είκὸτος
1811 3485 1955 3538 περι⁸

304 3543 579 3618 ενεχθείη,
613 3545 677 3598 οὗ
723 3545 831 3616 μήν
876 3544 1175 3622 ἀγνοοῦντα
1203 3548 1302 3616 τὴν
1334 3553 1430 3603 τοῦ
1499 3552 1710 3620 Πατρὸς
1768 3552 1954 3630 σοφίαν

301 3629 591 3701 δοξάσειεν.
658 3631 816 3689 Ἀλλ’
894 3633 942 3688 εἲ
1023 3636 1105 3689 τόσ
1187 3641 1299 3691 Ποῦ
1381 3638 1653 3694 τεθείκατε
1740 3629 1952 3710 αὐτόνς

302 3716 523 3796 ἄγνοιαν
583 3726 679 3776 τόῦ
737 3723 974 3796 Χριστοῦ
1031 3730 1358 3799 κατηγορεῖν
1404 3728 1532 3788 τοὺς
1591 3727 1953 3792 ἀπαιδεύτους

302 3807 563 3876 ἀνέπεισε,
598 3815 714 3871 πῶς
745 3809 872 3890 οὐχὶ
905 3812 993 3866 καὶ
1025 3817 1104 3884 τῷ
1149 3816 1316 3890 Πατρὶ
1364 3817 1464 3883 τήν
1509 3816 1677 3886 αὐτὴν
1733 3817 1950 3892 ἄγνοιαν

300 3894 643 3970 ἐπιῤῥίψουσι
712 3896 1194 3974 διαπυνθανομένῳ
1243 3903 1331 3956 καὶ
1411 3902 1624 3977 λέγοντι
1673 3907 1810 3979 πρὸς
1858 3907 1950 3961 τὸν

299 3983 496 4058 Ἀδάμ·
551 3991 661 4041 Ποῦ
719 3989 805 4057 ei;
865 3988 953 4043 καὶ
1013 3991 1150 4064 πρὸς
1206 3991 1296 4046 τὸν
1348 3988 1768 4069 ἀδελφοκτόνον
1840 4001 1950 4050 Ποῦ

298 4073 440 4130 ἔστιν
500 4072 664 4131 Ἀϐὲλ
727 4078 755 4132 ὁ
813 4075 1048 4156 ἀδελφός
1102 4099 1244 4149 σου;
1306 4081 1416 4136 καί’
1492 4085 1716 4158 Κραυγή
1779 4082 1947 4140 Σοδό-

301 4183 418 4236 μων
478 4165 567 4218 καὶ
635 4165 919 4242 Γομόρρας
976 4165 1374 4240 πεπλήθυνται,
1433 4172 1522 4225 καῖ
1578 4173 1630 4226 αἱ
1691 4171 1948 4250 ἁμαρτίαι

297 4252 480 4306 αὐτῶν
529 4251 767 4328 μεγάλαι
835 4252 1062 4332 σφόδρα·
1113 4251 1351 4322 καταϐὰς
1397 4260 1442 4296 ⁸⁵
1494 4256 1586 4313 οῦν
1642 4256 1849 4334 ὄψομαι
1903 4264 1945 4316 εἰ

293 4342 432 4395 κατὰ
494 4343 594 4411 τὴν
670 4345 913 4418 κραυγὴν
997 4343 1172 4400 αὐτῶν
1260 4347 1663 4420 συντελοῦνται,
1750 4349 1794 4404 εἷ
1893 4349 1948 4406 δὲ

299 4427 524 4503 μή,’ίνα
568 4435 702 4505 γνῶ.
755 4433 965 4508 Ἐρωτᾷ
1015 4429 1071 4487 δὲ
1128 4434 1217 4488 καὶ
1263 4436 1291 4489 ὁ
1347 4437 1560 4506 Ἰησοῦς
1616 4441 1678 4493 τὸ
1737 4435 1943 4512 δαιμό-

293 4537 428 4573 νιον.
486 4518 548 4575 Τί
605 4518 780 4592 ὅνομά
839 4540 970 4588 σοις
1029 4522 1242 4577 κάκεῖνο
1301 4523 1675 4598 ἀποκρίνεται·
1725 4528 1938 4602 Λεγεὼν

294 4602 472 4679 ὅνομά
523 4628 640 4680 μοι,
691 4607 774 4663 ὅτι
830 4608 1038 4664 πολλοί
1087 4608 1270 4685 ἒσμεν.
1317 4612 1491 4669 Ἀλλᾶ
1536 4614 1626 4669 καὶ
1678 4621 1796 4678 τοῖς
1843 4637 1938 4670 τυ.

293 4693 458 4770 φλοῖς
510 4696 678 4773 λέγει⁹
724 4697 787 4754 Τί
839 4697 1022 4754 θέλετε
1072 4703 1289 4771 ποιήσω
1339 4702 1498 4775 ὑμῖν;
1543 4704 1631 4760 καὶ
1678 4711 1796 4770 πῶς
1843 4707 1942 4761 οὐκ

293 4782 407 4840 ἔστι
437 4790 604 4840 ταῦτα
633 4788 860 4863 φανερὸν
891 4788 965 4850 ὡς
996 4787 1096 4844 οὐκ
1123 4791 1343 4865 ἀγνοίας
1371 4793 1460 4862 ἦν,
1493 4791 1638 4848 ἀλλὰ
1667 4794 1731 4849 τὸ
1773 4795 1868 4868 μὲν
1895 4797 1942 4833 ⁸⁸

294 4873 543 4949 ἐπερωτᾷ
571 4874 664 4930 ἀπ’
694 4877 860 4931 αὐτοῦ
887 4881 984 4932 τοῦ
1011 4875 1301 4951 δαιμονίου
1335 4883 1460 4954 [884
1491 4884 1584 4957 R.]
1636 4886 1697 4939 τὸ
1729 4883 1940 4953 πλῆθος

289 4968 400 5020 τῶν
457 4966 854 5022 κατοικούντων
909 4972 1026 5029 τοῖς
1095 4970 1363 5041 μαθηταῖς
1421 4969 1681 5041 ἐπιδεῖξαι
1737 4972 1939 5048 βουλό-

291 5074 472 5128 μενος,
519 5056 594 5118 ὡς
643 5057 686 5092 ⁸⁷
727 5055 786 5110 ἃν
845 5055 1070 5128 μάθοιεν
1119 5058 1194 5118 ὡς
1241 5059 1330 5113 καὶ
1389 5064 1496 5115 τῶν
1545 5060 1772 5117 πολλῶν
1827 5059 1937 5132 ἤδη

285 5142 644 5221 περιγέγονεν,
678 5143 858 5200 πίστιν
916 5145 1102 5207 αὐτοῖς
1127 5149 1172 5190 ⁸⁸
1201 5149 1291 5202 καὶ
1333 5149 1528 5225 θάρσος
1573 5149 1799 5213 ἐντιθεὶς
1845 5154 1940 5205 τοῦ

283 5238 472 5287 πατεῖν
529 5235 708 5290 ἐπάνω
772 5236 947 5314 ὅφεων
1003 5236 1094 5291 καὶ
1155 5237 1434 5313 σκορπίων
1489 5239 1580 5294 καὶ
1637 5239 1724 5296 ἐπὶ
1765 5245 1936 5295 πᾶσαν

2076 1936 2387 1993 ascribent.
2427 1937 2732 1994 Enimvero
2764 1939 2872 1995 hoc
2910 1942 3060 2012 quod
3096 1941 3240 1996 dixit
3279 1941 3545 1998 Salvator
3580 1961 3593 1998 :
3629 1945 3731 2001 Ubi

2072 2026 2332 2098 posuistis
2375 2029 2642 2082 Lazarum
2666 2031 2691 2080 ἵ
2720 2044 2784 2083 eo
2833 2028 3049 2084 dixisse
3089 2029 3186 2096 ait,
3225 2035 3288 2085 ut
3318 2031 3373 2084 id
3416 2038 3726 2101 praesentes

2073 2115 2258 2170 Judaei
2283 2117 2519 2181 scirent,
2543 2115 2897 2188 illorumque
2931 2117 3270 2173 memoriam
3296 2118 3571 2175 firmaret.
3603 2121 3724 2176 Imo

2076 2220 2189 2260 non
2240 2205 2348 2259 hoc
2387 2205 2597 2274 solum,
2635 2207 2734 2261 sed
2767 2211 2824 2261 et
2870 2206 2983 2261 alia
3014 2207 3278 2277 quaedam
3312 2207 3369 2260 id
3414 2223 3596 2278 genus
3637 2209 3720 2264 fe-

2074 2293 2222 2348 cisse
2271 2294 2547 2362 atiirmat,
2613 2299 2676 2349 ut
2736 2294 2878 2350 illud
2927 2311 2940 2349 :
2999 2295 3204 2350 Soluite
3248 2311 3394 2364 eum,
3452 2305 3503 2351 et
3552 2297 3721 2353 sinite

2073 2383 2229 2439 abire
2256 2398 2300 2451 τι,
2349 2391 2414 2438 ut
2457 2402 2524 2439 cx
2568 2385 2642 2440 iis
2673 2402 2801 2457 quis
2847 2386 3144 2456 speciatim
3199 2387 3483 2454 viderant,
3509 2397 3717 2459 etquae

2073 2475 2394 2545 audierant,
2418 2477 2585 2530 tidem
2619 2475 2912 2530 oculorum
2952 2481 3217 2530 testatam
3246 2481 3301 2531 ct
3330 2476 3715 2532 indubitatam

2071 2564 2334 2636 [Judaeis]
2378 2565 2630 2631 faceret;
2677 2564 2969 2619 memoria
3031 2581 3162 2619 vero
3213 2564 3444 2619 illorum
3501 2566 3716 2620 factum

2071 2670 2371 2724 nunquam
2426 2654 2880 2708 oblitterandum
2925 2653 3287 2722 infigeretur.
3321 2654 3497 2709 Docet
3539 2653 3714 2709 etiam

2069 2743 2178 2798 alia
2227 2744 2298 2797 de
2339 2743 2565 2797 Christo
2597 2742 2750 2796 dicta
2791 2759 2890 2812 per
2931 2743 3195 2812 ﬁguram,
3232 2741 3344 2796 alia
3391 2744 3712 2798 secundum

2071 2832 2146 2886 rei
2195 2830 2518 2886 veritatem.
2572 2830 2839 2901 Figurate
2896 2829 3108 2885 dicitur
3160 2830 3324 2884 illum
3385 2847 3485 2901 pro
3546 2831 3714 2887 nobis

2067 2920 2254 2976 284b
2287 2924 2584 2990 peccatum
2615 2924 2671 2974 et
2705 2919 3071 2973 maledictum
3093 2919 3308 2974 factum
3341 2935 3460 2974 esse
3485 2937 3497 2986 ;
3525 2935 3715 2990 neque

2066 3009 2220 3064 enim
2250 3006 2364 3063 fuit
2396 3008 2709 3079 quidquam
2752 3008 2982 3063 horum.
3018 3007 3127 3063 Sed
3162 3007 3336 3062 veluti
3379 3009 3487 3063 sibi
3539 3013 3716 3080 caput

2071 3098 2319 3153 vindicat
2351 3114 2417 3152 ea
2448 3114 2574 3169 quae
2607 3102 2744 3152 sunt
2782 3096 2990 3168 reliqui
3033 3097 3310 3168 corporis,
3339 3097 3418 3152 ita
3449 3097 3710 3153 Christus

2070 3201 2136 3240 ea
2167 3202 2296 3258 quae
2332 3187 2592 3256 corporis
2623 3191 2761 3241 sunt
2792 3187 2903 3241 sibi
2946 3187 3229 3258 assignat.
3258 3187 3595 3241 Secundum
3629 3188 3710 3242 rei

2066 3279 2358 3334 veritatem
2392 3283 2588 3333 autem
2631 3278 2843 3332 dicitur
2872 3277 3044 3332 homo
3078 3278 3286 3346 factus,
3323 3287 3374 3332 et
3405 3278 3705 3345 esuriisse,

2063 3377 2114 3424 et
2174 3368 2448 3435 sitivisse,
2481 3375 2532 3422 et
2574 3367 2682 3422 hoc
2738 3382 2924 3437 genus
2967 3365 3203 3421 similia.
3256 3367 3417 3434 Quod
3467 3368 3516 3422 si
3574 3383 3706 3436 ergo

2059 3457 2189 3526 quis
2229 3456 2364 3511 velit
2408 3455 2618 3520 dicere,
2651 3471 2781 3509 eum
2833 3457 3079 3524 figurate
3109 3460 3165 3510 et
3209 3455 3559 3528 anaphorica
3599 3455 3707 3512 ali-

2057 3547 2193 3618 quid
2224 3547 2512 3617 ignorare,
2547 3561 2612 3600 eo
2645 3544 2802 3616 quod
2833 3559 3043 3616 corpus
3077 3561 3189 3600 non
3225 3547 3302 3600 sit
3346 3553 3508 3601 extra
3537 3547 3704 3619 igno-

2058 3636 2328 3701 rantiam,
2353 3641 2454 3689 aut
2499 3635 2756 3690 humana
2803 3651 2908 3689 vox
2941 3635 3110 3704 cujus
3155 3635 3280 3705 ipse
3309 3641 3485 3705 caput
3514 3644 3620 3701 est,
3655 3636 3704 3692 is

2007 3714 2019 3723 ’
2057 3742 2171 3780 non
2222 3725 2472 3779 absurde
2532 3724 2822 3794 loquetur,
2869 3739 3056 3794 neque
3087 3723 3315 3777 interim
3372 3725 3556 3779 Patris
3608 3741 3704 3778 sa-

2057 3814 2333 3885 pientiam
2382 3814 2681 3885 ignorasse
2747 3811 2963 3882 aliquid
3025 3811 3273 3866 docebit.
3333 3815 3438 3866 Sed
3497 3813 3547 3867 si
3605 3812 3704 3868 illa

2055 3903 2227 3958 verba
2260 3919 2273 3957 :
2311 3903 2410 3959 Ubi
2444 3901 2701 3974 posuistis
2732 3901 2984 3956 eum?ad
3017 3900 3230 3955 Christi
3283 3901 3483 3971 ipsius,
3507 3901 3702 3972 impe—

2055 3991 2148 4046 riti
2191 3989 2477 4056 homines,
2529 3990 2776 4045 referunt
2823 3989 3229 4061 ignorantiam,
3264 3991 3549 4060 quomodo
3583 4007 3697 4046 non

2053 4080 2315 4137 eamde
2351 4078 2809 4136 ignorantiamin
2835 4079 3058 4133 Patrem
3075 4079 3594 4149 rejicient,quando
3613 4079 3700 4134 iu-

2053 4173 2307 4239 terrogat
2335 4173 2390 4222 et
2419 4167 2556 4221 dicit
2594 4167 2665 4222 ad
2703 4168 2986 4221 Adamum
3017 4183 3030 4221 :
3081 4168 3181 4223 Ubi
3208 4183 3260 4221 es
3292 4166 3361 4220 r‘?
3392 4172 3449 4221 et
3479 4169 3544 4222 ad
3580 4169 3696 4222 fra-

2052 4257 2323 4314 tricidam
2360 4270 2374 4310 :
2411 4254 2510 4312 Ubi
2523 4261 2604 4310 est
2636 4255 2776 4310 Abel
2803 4256 2978 4323 frater
3007 4261 3135 4311 tuus
3166 4270 3184 4295 ε
3205 4258 3234 4310 ?
3264 4264 3308 4311 et
3339 4256 3592 4311 :Clamor
3607 4257 3704 4313 So-

2050 4347 2334 4402 domorum
2365 4352 2414 4400 et
2445 4345 2927 4401 Gomorrhseorum
2941 4347 3342 4416 multiplicatus
3371 4350 3532 4402 est.et
3569 4363 3702 4418 pec-

2051 4441 2176 4491 cata
2201 4452 2395 4491 eorum
2416 4451 2627 4504 magna
2658 4433 2814 4489 valde
2843 4452 2862 4489 :
2892 4434 3214 4490 descendam
3245 4451 3374 4506 ergo
3423 4442 3477 4490 et
3508 4436 3700 4491 videbo

2053 4530 2236 4581 utrum
2264 4526 2557 4580 clamorem
2577 4539 2739 4577 suum
2761 4523 3052 4595 [quivenit
3072 4525 3139 4578 ad
3168 4525 3278 4595 me]
3295 4540 3454 4594 opere
3477 4525 3703 4596 comple-

2052 4618 2235 4672 verint
2254 4615 2690 4680 necne,utsciam
2737 4614 3104 4688 hinterrogat
3122 4617 3321 4670 etJesu
3339 4616 3662 4670 daemonium
3685 4631 3697 4669 :

2051 4704 2201 4775 Quod
2248 4705 2349 4761 tibi
2397 4721 2591 4760 nomen
2625 4708 2750 4760 est?
2803 4707 2860 4760 et
2907 4703 3050 4759 illud
3101 4705 3421 4776 respondet
3480 4721 3492 4758 :
3541 4705 3701 4773 Legio

2049 4797 2189 4850 mihi
2215 4810 2413 4850 nomen
2453 4799 2552 4859 est,
2577 4795 2708 4866 quia
2746 4795 2910 4849 multi
2949 4809 3136 4848 sumus
3167 4807 3214 4847 υ.
3241 4793 3389 4857 Quin
3423 4801 3475 4848 et
3520 4808 3702 4849 caecos

2049 4873 2406 4958 interrogat:
2443 4883 2585 4953 Quid
2617 4885 2784 4939 vultis
2815 4884 3020 4955 faciam
3051 4884 3204 4938 vobis
3236 4885 3301 4936 V?
3321 4883 3390 4937 Et
3411 4881 3699 4950 quomodo

2051 4991 2163 5029 non
2200 4978 2374 5042 patet,
2419 4973 2542 5027 haec
2574 4989 2688 5027 non
2740 4988 2806 5027 ex
2847 4971 3178 5043 ignorantia
3218 4969 3638 5042 quaesita?Sed
3666 4987 3700 5025 a

2048 5063 2411 5119 daemonibus
2444 5061 2681 5133 quidem
2716 5060 3174 5132 quaerit,quanta
3197 5059 3274 5116 sit
3303 5059 3696 5115 obsidentium

2050 5151 2388 5218 multitudo,
2412 5155 2473 5207 ut
2491 5151 2798 5221 discipulis
2819 5151 3087 5205 ostendat
3118 5165 3179 5204 se
3201 5150 3316 5218 iam
3343 5148 3543 5203 multis
3565 5164 3692 5204 esse

2050 5241 2435 5313 superiorem,
2494 5244 2552 5294 et
2609 5239 2783 5294 tidem
2845 5239 3460 5310 firmet;animosque
3537 5239 3694 5297 addit

359 5343 588 5422 {Joan.
621 5362 699 5422 xi,
746 5347 839 5422 34.
867 5360 892 5388 0
922 5348 1096 5422 Marc.
1131 5363 1261 5422 xm,
1292 5350 1380 5405 32.
1413 5365 1438 5403 ν
1466 5351 1637 5408 Joan.
1688 5367 1803 5422 xvr,
1830 5351 1915 5405 15.
1949 5365 1959 5390 ι

2068 5350 2146 5406 id.
2179 5351 2269 5408 35.
2301 5365 2326 5393 τ
2356 5351 2500 5407 Gen.
2536 5365 2614 5417 lli,
2665 5349 2718 5403 9.
2757 5362 2776 5389 ι
2798 5353 2938 5406 Gen.
2990 5365 3066 5417 ιν,
3091 5350 3146 5407 9.
3179 5355 3197 5392 ι
3237 5348 3380 5406 Gen.
3413 5366 3574 5418 xvm,
3603 5351 3694 5406 20.

283 5429 312 5458 ιι
345 5416 522 5473 Marc.
558 5434 612 5486 v,
643 5419 697 5473 9.
730 5430 756 5458 ν
787 5419 996 5479 Matth.
1020 5435 1115 5488 xx,
1141 5421 1232 5475 32.

1659 5530 1900 5587 νΑΗΙίΕ
1942 5530 2326 5587 LECTIONBS

358 5627 403 5662 ⁶¹
437 5629 538 5720 ἡμ.
574 5629 784 5704 ἐκείνην
825 5632 952 5691 οὐδὲ
990 5633 1073 5708 ς,
1166 5633 1215 5668 ⁸³
1244 5633 1502 5744 ἐνάγοντα
1541 5643 1604 5693 Δ.

359 5696 528 5744 rugam
560 5704 622 5744 Γ-
717 5708 762 5744 σε
797 5705 891 5744 ηέυ
940 5712 966 5744 Δ
999 5723 1013 5737 ο
1051 5705 1158 5744 ,μέν
1188 5705 1250 5744 Γ·
1371 5707 1395 5742 ’1
1425 5709 1500 5744 ,ἓν
1530 5727 1598 5744 ο.-

285 5696 528 5763 καταϐάς
717 5696 762 5744 ⁸³
795 5705 891 5780 μέν
933 5712 973 5762 Δ
999 5696 1158 5779 ἶμήν

1373 5656 1502 5692 οντα
1541 5643 1604 5693 Α.
1698 5637 1745 5674 ⁸³
1774 5639 1984 5717 φύσεως
2017 5643 2060 5693 Α
2088 5655 2100 5694 :
2133 5643 2314 5748 ξωνῆς

1371 5707 1395 5742 7
1425 5709 1500 5748 οξιρ
1529 5715 1661 5748 nnln
1690 5709 1777 5748 vn}
1810 5712 1918 5748 ,ΛΑ
1980 5714 2010 5748 Δ
2113 5709 2136 5745 ὅ
2190 5709 2372 5748 ηνζφηῗρ
2401 5729 2426 5748 ιιι

1425 5709 1500 5770 ὡς
1528 5715 1662 5768 ante
1690 5709 1942 5769 xat'add.
1973 5714 2036 5766 Α.
2113 5709 2136 5745 δ

2518 5636 2564 5672 ⁶⁴
2597 5635 2756 5715 α-ιξτὸς
2798 5637 2830 5705 ἡ
2864 5636 3073 5714 κεφαλή

3273 5640 3318 5675 ⁸⁸
3350 5635 3556 5715 σφόδρα
3604 5638 3698 5694 καὶ

2190 5707 2379 5773 αὐτοῖς
2401 5707 2576 5763 πίστιν
2611 5707 2692 5781 ς’.
