4138 6224
384 361 536 423 1083

1549 362 1822 423 PHO’l‘II
1867 359 2386 423 PATRIARGHE
2427 360 2543 420 ΟΡ.

3633 357 3792 420 1081

381 498 648 555 calcandi
694 515 858 570 super
924 500 1196 570 serpentes
1260 505 1314 553 et
1375 497 1710 568 scorpiones,
1761 503 1813 552 et
1867 512 2029 568 super

2141 493 2241 561 τήν
2290 489 2520 566 δύναμιν
2561 496 2656 548 τοῦ
2705 492 2924 568 ἐχθροῦ.
2969 492 3112 556 Τοὺς
3169 491 3412 569 τυφλοὺς
3460 490 3519 547 δὲ
3547 491 3797 566 ἐπερωτᾷ

383 605 598 644 omnem
631 587 890 644 virtutem
921 587 1144 642 inimici
1176 602 1217 642 ι.
1252 589 1445 643 Caecos
1467 591 1658 642 autem
1689 586 2027 658 interrogat,

384 681 448 732 ut
475 677 813 748 petitionem
845 675 916 731 ab
947 674 1062 730 illis
1095 675 1304 731 eliciat.
1339 678 1630 741 Quantum
1665 674 1821 730 enim
1855 675 2031 730 bene-

382 765 579 820 ﬁcium
608 781 676 819 ex
709 765 982 836 petitione
1013 765 1356 836 accipimus,
1384 768 1610 819 tantum
1643 763 1937 820 afﬁcimur
1956 765 2027 819 ad

381 855 726 910 beneﬁcium
791 854 1078 926 [agnitum
1130 858 1207 924 et]
1251 860 1570 925 acceptum.
1625 853 1775 908 Illud
1833 859 2028 908 autem

381 943 538 1016 quod
586 944 656 998 de
705 948 960 999 extremo
1006 943 1212 1015 judicii
1269 943 1362 998 die
1408 943 1652 1013 dictum,
1684 942 1841 1013 quod
1884 941 2030 997 illud

381 1050 549 1090 nemo
576 1034 962 1105 novit,neque
1011 1034 1222 1106 angeli,
1251 1049 1438 1105 neque
1487 1033 1688 1102 Filius,
1725 1033 1834 1088 nisi
1869 1033 2029 1089 solus

381 1126 568 1187 Pater,
601 1121 657 1176 id
710 1121 948 1193 quidam
981 1123 1054 1177 ob
1094 1139 1220 1178 eam
1258 1122 1541 1178 rationem
1574 1121 1789 1176 dictum
1832 1119 2028 1176 existi-

383 1219 566 1281 mant,
592 1216 658 1267 ut
686 1211 953 1282 discipuli
989 1211 1250 1268 arbitrati
1285 1213 1540 1282 quotidie
1571 1210 1724 1266 diem
1759 1210 2031 1266 ultimum

381 1301 690 1357 imminere
722 1317 952 1372 semper
981 1301 1308 1372 vigilarent.
1341 1302 1447 1356 Sed
1483 1300 1629 1355 nihil
1661 1300 1854 1356 obstat
1886 1316 2032 1372 quo-

379 1391 578 1446 minus
653 1395 710 1445 et
775 1391 884 1446 hoc
961 1391 1207 1463 ﬁgurate
1269 1390 1488 1445 dictum
1562 1390 2032 1460 interpretemur,

382 1480 880 1552 quemadmodum
936 1485 993 1535 et
1068 1479 1207 1535 illud
1267 1497 1280 1534 :
1349 1481 1420 1534 Tu
1483 1477 1588 1534 scis
1647 1478 2031 1548 insipientiam

378 1586 557 1626 meam
585 1584 630 1636 γ,
675 1573 731 1625 et
788 1569 956 1638 illud,
992 1570 1168 1639 Deus,
1229 1573 1368 1625 Deus
1424 1585 1598 1635 meus,
1649 1579 1706 1622 ut
1761 1568 1892 1638 quid
1950 1586 2035 1626 me

379 1659 735 1730 dereliquiin
764 1661 826 1715 1?
855 1660 1004 1714 Sunt
1026 1658 1125 1730 qui
1148 1661 1424 1714 censeant
1444 1657 1609 1712 illum
1645 1657 1856 1712 dixisse
1877 1659 2029 1728 quod

382 1748 676 1819 ignoraret
697 1749 970 1804 ultimum
996 1749 1173 1814 diem,
1190 1751 1251 1804 ut
1275 1747 1541 1802 humanae
1560 1753 1776 1801 natura;
1795 1747 2028 1818 signum

2139 583 2443 656 οἰκονομῶν
2501 582 2552 654 ἐξ
2611 582 2785 638 αὐτῶν
2841 591 3189 662 προσαχῆναι
3225 584 3324 650 τήν
3376 581 3614 652 αἴτησιν*
3665 581 3792 636 ὅσον

2141 672 2243 748 γὰρ
2303 673 2572 734 αἰτοῦντες
2637 679 2736 742 τῆς
2793 673 3061 751 ὠφελείας
3114 675 3480 748 τυγχάνομεν,
3529 677 3794 726 τοσοῦτον

2136 763 2235 831 τὴν
2283 761 2534 832 αἴσθησιν
2583 768 2683 831 τῆς
2733 761 3042 836 εὐεργεσίας
3104 759 3398 840 δεχόμεθα.
3452 762 3521 816 Τὸ
3567 758 3624 815 δὲ
3667 762 3796 834 περὶ

2139 859 2238 920 τῆς
2267 850 2505 926 ἐσχάτης
2537 854 2748 926 ἡμέρας
2773 853 3084 928 εἰρημένον,
3118 852 3190 913 ὡς
3244 849 3421 913 οὐδεὶς
3470 848 3616 905 οἶδεν
3665 847 3798 904 οὐδὲ

2140 943 2191 996 οἱ
2235 940 2482 1016 ἄγγελοι,
2534 939 2660 997 οὐδὲ
2691 943 2718 996 6
2749 943 2897 1010 Υἱὸς,
2949 942 2992 996 εἰ
3043 943 3118 1014 μή
3162 944 3188 994 ὁ
3231 942 3442 1010 [la-tim,
3501 942 3638 1000 τινὲς
3696 940 3795 1010 μὶν

2142 1035 2260 1087 κατ’
2310 1031 2626 1104 οἰκονομίαν
2682 1033 2929 1106 εἰρῆσθαί
2989 1053 3169 1109 φασιν,
3217 1031 3305 1086 ἳνα
3360 1035 3467 1085 τῶν
3533 1033 3794 1102 μαθητῶν

2140 1123 2278 1176 κατὰ
2333 1127 2502 1176 πᾶσαν
2563 1123 2770 1196 ἡμέραν
2847 1123 3184 1196 νομιζόντων
3259 1120 3634 1176 ἐπελεύσεσθαι
3691 1120 3796 1187 τὴν

2141 1211 2454 1267 τελευταίαν
2526 1209 2736 1285 ἡμέραν
2806 1211 2890 1265 ἀεὶ
2955 1215 3350 1286 γρηγοροῦντες
3442 1207 3796 1264 διατελῶσιν·

2145 1303 2270 1374 [466
2313 1304 2402 1373 Η.]
2445 1298 2596 1356 οὐδὲν
2637 1299 2693 1355 δέ
2723 1299 2926 1355 κωλύει
2956 1299 3046 1354 καὶ
3086 1304 3247 1354 τοῦτο
3288 1295 3538 1354 ἐκλαϐεῖν
3561 1299 3635 1360 ὡς
3656 1298 3803 1352 κατὰ

2141 1389 2412 1465 ἀναφορὰν
2473 1390 2784 1464 εἰρημένον,
2867 1391 3104 1463 καθάπερ
3171 1387 3262 1442 καὶ
3335 1388 3418 1442 τό·
3489 1388 3563 1441 Σὺ
3619 1381 3799 1460 ἔγνως

2140 1480 2238 1548 την
2279 1479 2584 1556 άφροσόνην
2639 1499 2765 1551 μου,
2808 1480 2898 1533 καὶ
2941 1479 3025 1532 to"
3071 1480 3167 1533 Θεέ
3215 1498 3345 1550 μου,
3387 1479 3486 1532 Θεέ
3521 1496 3649 1549 μου,
3699 1474 3801 1530 ’ἱνα

2141 1568 2191 1622 τί
2225 1589 2291 1640 με
2349 1569 2746 1645 ἐγκατέλιπες;
2792 1570 2965 1626 Ἔνιοι
3026 1565 3081 1622 δέ
3140 1588 3296 1641 φασιν
3352 1565 3512 1621 αὐτὸν
3577 1565 3798 1641 ἀγνοεῖν

2142 1661 2304 1736 φάναι
2341 1660 2439 1727 τήν
2491 1657 2726 1733 ἐσχάτην
2777 1657 2986 1733 ἡμέραν
3032 1657 3096 1711 τὸ
3147 1655 3300 1717 ἰδίως
3349 1657 3551 1731 προσὸν
3595 1658 3665 1729 τῇ
3715 1656 3806 1709 ἆν-

2141 1747 2385 1823 θρωπίνῃ
2447 1750 2600 1826 φύσει
2653 1749 2943 1825 γνώρισμα
3002 1745 3316 1802 δεικνύοντά
3371 1767 3430 1801 τε
3477 1745 3568 1800 καὶ
3620 1745 3805 1821 ἐμφα-

382 1838 681 1910 proprium
716 1839 869 1910 quod
905 1837 988 1892 illi
1021 1838 1189 1905 inest,
1219 1836 1541 1892 declararet
1571 1844 1622 1890 et
1653 1837 2019 1904 ostenderet;

2141 1838 2373 1908 νίζοντα,
2406 1838 2513 1913 οὐχ
2553 1839 2629 1902 ὡς
2675 1837 2840 1892 αὐτοῦ
2887 1838 3212 1912 ἀγνοοῦντος
3256 1836 3474 1910 (ἄπαγε’
3527 1832 3651 1890 οῦτε
3692 1836 3801 1909 γὰρ

382 1943 498 1984 non
531 1929 682 1999 quod
715 1929 836 1998 ipse
875 1927 1169 2000 ignoraret
1199 1943 1212 1982 :
1250 1927 1432 1982 absit!
1494 1926 1673 1997 [quod
1705 1925 1825 1996 ipse
1858 1927 2031 1998 igno-

380 2019 567 2088 rarit].
610 2018 952 2088 Quicunque
998 2018 1153 2072 enim
1212 2016 1297 2071 vel
1348 2016 1639 2070 divinitati
1699 2015 1909 2086 ipsius,
1941 2016 2028 2071 vel

382 2105 730 2161 humanitati
772 2106 1156 2178 ignorantiam
1207 2106 1399 2162 285a
1430 2105 1700 2174 ascribet,
1735 2121 2036 2176 nunquam

385 2195 1086 2251 certissimaetemeritatis
1108 2195 1324 2251 crimen
1349 2194 1605 2266 etl‘ugiet.
1639 2193 1752 2250 Sed
1782 2211 1938 2260 cum,
1966 2199 2030 2250 ut

386 2282 594 2338 beatus
639 2282 888 2355 Cyrillus
941 2287 1126 2354 docet,
1161 2283 1361 2340 subtili
1407 2282 1617 2338 mentis
1663 2287 1940 2353 conceptu
1980 2287 2037 2338 et

391 2371 571 2426 animi
623 2372 980 2444 imaginibus
1031 2389 1129 2443 per
1158 2373 1724 2445 contemplationem,
1757 2388 1874 2428 rem
1908 2388 2036 2428 are

386 2460 727 2528 dividimus,
761 2467 886 2517 tum
937 2463 1202 2518 videmus
1235 2462 1496 2534 proprias
1549 2465 1765 2516 natura;
1813 2461 2032 2517 utrius-

385 2566 520 2621 que,
553 2554 618 2605 ut
664 2551 722 2606 in
783 2568 845 2607 se
902 2557 1008 2620 est,
1044 2555 1212 2608 notas
1257 2556 1312 2607 et
1353 2551 1756 2623 proprietates.
1800 2553 1936 2620 Aut,
1971 2555 2034 2606 ut

385 2639 697 2711 Gregorius
727 2640 1050 2711 Theologus
1077 2641 1524 2712 tradit,quando
1559 2645 1780 2696 natura:
1811 2640 2032 2696 ratione

384 2728 848 2802 distinguuntur,
879 2731 1052 2785 etiam
1097 2733 1332 2786 nomina
1363 2733 1701 2785 naturarum
1736 2729 1908 2784 simul
1942 2730 2032 2784 di-

381 2817 682 2877 viduntur.
729 2821 835 2876 Sed
871 2822 1039 2876 nudae
1070 2836 1344 2892 puraeque
1376 2820 1763 2875 humanitatis
1793 2820 2028 2892 signum

384 2909 680 2981 prOprium
715 2914 804 2965 est
854 2910 1203 2982 ignorantia.
1237 2909 1354 2965 Hac
1387 2909 1606 2966 ratione
1649 2925 1785 2981 ergo
1816 2909 2030 2966 Christi

380 2997 761 3068 humanitati,
788 3003 847 3054 ut
869 2999 1122 3070 simplici
1145 3004 1372 3070 etpurae
1397 2999 1785 3055 humanitatis
1808 3003 2028 3054 naturae

379 3087 757 3142 considerata:
803 3089 1059 3159 [praecise
1108 3088 1429 3144 secundum
1473 3103 1540 3143 ea
1571 3104 1698 3158 quae
1729 3104 1762 3141 a
1789 3102 1853 3142 se
1900 3087 2030 3158 ipsa

2143 1930 2277 1984 κατὰ
2325 1929 2424 1996 τήν
2482 1929 2711 1998 θεότητα
2762 1925 2888 1982 οὔτε
2926 1927 3062 1981 κατᾶ
3106 1929 3206 1995 τήν
3257 1925 3649 2000 ἀνθρωπότητα
3697 1926 3802 1992 τήν

2146 2017 2360 2092 ἄγνοιαν
2411 2018 2582 2092 λέγειν
2628 2017 2708 2072 ἐπ’
2757 2017 2922 2071 αὐτοῦ
2967 2017 3194 2091 θράσους
3253 2013 3583 2094 ἐπισφαλοῦς
3623 2013 3798 2082 ἠλευ-

2147 2105 2422 2178 θέρωται),
2453 2101 2580 2158 ἀλλ’
2621 2101 2831 2174 ἐπειδὴ,
2874 2105 2947 2166 ὡς
2989 2105 3016 2158 ὁ
3053 2104 3316 2178 μακάριος
3371 2101 3641 2176 Κύριλλός
3689 2122 3804 2179 φη-

2148 2214 2249 2262 σιν,
2292 2193 2343 2249 ἐν
2377 2193 2592 2268 ίσχναῖς
2639 2191 2972 2268 διαιροῦντες
3022 2191 3253 2257 ἐννοίαις
3291 2192 3414 2260 ἢτοι
3453 2195 3549 2245 νοῦ
3599 2211 3802 2268 φαντα-

2148 2282 2289 2344 σίαις
2353 2287 2433 2353 τῷ
2506 2284 2696 2356 τρόπῳ
2762 2289 2861 2352 τῆς
2928 2281 3157 2356 θεωρίας
3261 2277 3514 2357 ἐκατέρας
3583 2280 3802 2357 φύσεως

2145 2373 2359 2446 ὁρῶμεν
2394 2369 2505 2426 ἴδια
2563 2373 2609 2409 ⁸⁸
2665 2372 2753 2427 καὶ
2809 2373 2926 2427 καθ’
2985 2372 3145 2427 ἑαυτὰ
3175 2372 3552 2447 γνωρίσματα,
3617 2372 3650 2439 ἢ
3708 2371 3801 2425 καὶ

2145 2462 2219 2523 ὡς
2252 2463 2280 2516 6
2312 2461 2586 2536 Θεολόγος
2618 2461 2939 2538 Γρηγόριος,
2980 2462 3146 2530 ἡνίκα
3183 2462 3237 2516 αῖ
3269 2462 3454 2540 φύσεις
3499 2458 3800 2514 διίστανται

2143 2557 2260 2612 ταῖς
2302 2550 2583 2619 ἐπινοίαις,
2644 2549 3027 2623 συνδιαιρεῖται
3084 2551 3175 2604 καὶ
3228 2551 3292 2604 τὰ
3341 2551 3609 2622 ὀνόματα·
3657 2547 3798 2604 ἴδιον

2143 2637 2200 2694 δὲ
2251 2640 2538 2715 γνώρισμα
2603 2639 2773 2714 ψιλῆς
2839 2639 3263 2714 ἀνθρωπότητος
3314 2641 3347 2708 ἡ
3393 2639 3605 2716 ἃγνοια·
3661 2643 3800 2693 κατὰ

2137 2733 2300 2784 τοῦτο
2351 2728 2543 2805 ῥηθείη
2586 2729 2646 2783 ἂν
2702 2728 2790 2784 ἐπὶ
2843 2737 2942 2799 τῆς
2999 2729 3134 2784 κατά
3198 2730 3441 2804 Χριστῆν
3498 2729 3800 2803 ἀνθρωπό-

2140 2839 2328 2889 τητος,
2395 2820 2469 2881 ὼς
2539 2817 2726 2880 ἁπλῶς
2803 2818 3246 2894 ἄνθρωπότητος,
3316 2820 3635 2892 θεωρεῖσθαι
3695 2821 3798 2887 τήν

2139 2905 2381 2984 ἄγνοιαν.
2452 2909 2554 2965 Καὶ
2620 2911 2782 2963 τοῦτο
2850 2907 2939 2962 καὶ
3008 2909 3036 2962 6
3107 2906 3373 2984 Θεολόγος

2139 2996 2327 3051 εἰπών·
2434 2997 2692 3052 Γινώσκει
2801 2995 2894 3069 μέν
2999 2996 3075 3058 ὡς
3174 2997 3335 3061 Θεὸς,

2140 3085 2214 3147 ὡς
2282 3086 2587 3161 ἅνθρωπος,
2665 3083 2724 3140 ἂν
2825 3105 2908 3146 τις
3009 3085 3072 3141 τὸ
3176 3083 3502 3164 φαινόμενον
3566 3083 3791 3161 χωρίσῃ

3470 2907 3767 2980 ἐτράνωσεν
3779 2953 3795 2975 ,

3439 2995 3633 3072 ἀγνοεῖ
3737 2995 3796 3050 δὲ

381 3174 578 3245 habet]
608 3153 863 3231 adscribi
902 3176 1111 3246 poterit
1139 3176 1488 3248 ignorantia.
1522 3153 1728 3232 Et-hoc
1751 3180 1839 3232 est
1868 3153 2024 3246 quod

2141 3177 2238 3230 τοῦ
2303 3175 2622 3247 νοουμένου.
2690 3177 2875 3231 Ταῦτα
2940 3173 3108 3230 εἰπὼν
3175 3173 3365 3250 ἐπάγει
3433 3175 3508 3236 ὡς
3586 3174 3631 3227 εἰ
3697 3175 3793 3228 καί

383 3263 718 3334 Theologus
767 3264 1094 3335 explicavit,
1127 3265 1361 3336 quando
1402 3265 1547 3320 dixit
1594 3283 1608 3321 :
1649 3266 1773 3321 Scit
1806 3264 2025 3336 quidem

379 3355 440 3407 ut
495 3353 650 3418 Deus,
692 3355 865 3408 nescit
915 3369 1037 3408 vero
1064 3363 1123 3408 ut
1168 3355 1346 3410 homo.
1386 3353 1610 3420 Quibus
1641 3355 1810 3409 dictis
1841 3355 2021 3426 addit,

379 3441 528 3512 quod
565 3440 613 3496 si
663 3441 759 3511 qui
793 3456 861 3496 ex
907 3441 1178 3497 Patribus
1211 3442 1602 3513 ignorantiam
1636 3443 1694 3496 in
1727 3442 2025 3499 Salvatore

379 3546 447 3586 ex
478 3533 637 3601 parte
671 3529 1044 3586 humanitatis
1087 3531 1469 3598 admiserunt,
1501 3532 1553 3586 id
1583 3535 1779 3587 tamen
1813 3549 1927 3588 non
1960 3538 2026 3589 ut

380 3619 592 3690 dogma
623 3628 958 3687 sanxerunt,
979 3621 1077 3674 sed
1101 3620 1456 3676 Arianorum
1488 3619 1775 3676 insaniam
1801 3638 2024 3693 repres-

380 3710 505 3764 suri
535 3709 657 3779 (qui
697 3710 893 3764 omnia
921 3711 1069 3781 [qua
1103 3711 1158 3765 in
1193 3709 1419 3765 Christo
1451 3711 1632 3781 erant]
1666 3710 1924 3766 humana
1953 3712 2024 3768 ad

382 3798 677 3870 Unigeniti
722 3799 1083 3856 divinitatem
1127 3800 1574 3869 transtulerunt,
1609 3805 1672 3855 ut
1701 3801 2026 3858 increatum

386 3887 481 3943 Dei
530 3888 768 3944 verbum
823 3898 1146 3945 creaturam
1208 3891 1625 3962 ostenderent),
1649 3891 1860 3947 rectius
1908 3891 2028 3947 hac

381 3976 452 4030 de
503 3975 859 4033 humanitate
891 3977 1003 4031 dici
1037 3995 1202 4048 posse
1247 3977 1676 4047 existimarunt,
1711 3995 1886 4049 quam
1921 3979 2025 4036 hu-

385 4081 557 4120 mana
596 4066 670 4120 ab
718 4065 835 4122 illis
866 4066 1136 4139 [Arianis]
1176 4067 1246 4122 ad
1297 4067 1657 4123 divinitatem
1699 4068 1872 4123 trahi.
1906 4069 2028 4124 Etsi

385 4153 532 4209 forte
578 4155 676 4227 qui
723 4154 952 4223 dixerit,
1002 4155 1177 4211 etiam
1220 4157 1415 4213 Patres
1466 4157 1709 4229 figurate
1737 4173 1839 4214 seu
1887 4175 2029 4214 ana-

387 4242 620 4314 phorica
667 4243 893 4300 locutos
937 4261 1082 4310 esse,
1144 4245 1477 4316 religiosius
1531 4245 1822 4303 videbitur
1869 4248 2032 4319 judi-

381 4347 562 4388 casse.
596 4332 693 4388 His
723 4332 1016 4403 expositis,
1058 4333 1286 4390 dicendi
1317 4335 1494 4391 ﬁnem
1525 4336 1683 4392 facit.

460 4421 627 4476 Liber
675 4428 1000 4492 postremus
1042 4423 1360 4478 orationem
1420 4424 1697 4491 continet,
1743 4427 1835 4482 cui
1891 4427 2029 4483 titu—

381 4507 474 4564 lus
525 4524 540 4564 :
590 4510 869 4566 Decretum
921 4514 978 4566 in
1027 4513 1408 4568 Samaritana:
1446 4514 1670 4572 editum.
1701 4518 2027 4588 Argumen-

382 4602 503 4653 tum
551 4600 830 4655 orationis
881 4601 1218 4672 hujusmodi
1271 4619 1284 4656 :
1341 4602 1507 4658 Plebs
1555 4603 1926 4662 Samaritana
1965 4607 2024 4662 in

382 4689 699 4743 contrarias
730 4689 959 4746 divulsa
990 4692 1292 4761 factiones,
1326 4693 1477 4749 inter
1509 4710 1568 4750 se
1598 4695 1942 4764 dissidebat,
1975 4701 2031 4753 et

381 4776 704 4850 peregrinis
741 4795 804 4835 se
849 4779 1225 4850 opinionibus
1276 4783 1703 4855 propugnabat.
1731 4784 1842 4839 Alii
1873 4785 2026 4842 enim

376 4869 580 4925 Jesum
613 4868 764 4925 Nave
802 4884 935 4925 eum
969 4885 1096 4926 esse
1128 4877 1504 4940 censuerunt,
1539 4875 1608 4929 de
1657 4891 1772 4947 quo
1804 4874 2029 4947 Moyses

379 4957 524 5015 dixit
559 4975 572 5014 :
621 4958 954 5030 Prophetam
989 4961 1134 5016 vobis
1180 4961 1439 5017 excitabit
1481 4963 1742 5019 Dominus
1789 4965 1926 5020 Deus
1962 4982 2032 5021 ex

377 5049 644 5115 fratribus
691 5048 909 5115 vestris,
942 5055 1004 5104 ut
1043 5065 1128 5105 me
1158 5063 1198 5103 ι.
1232 5050 1344 5105 Alii
1393 5052 1606 5122 rejecta
1655 5052 1763 5108 hac
1795 5064 2028 5110 senten-

381 5139 479 5207 tia,
511 5137 762 5194 Dosthen
823 5139 1136 5210 quemdam
1197 5139 1455 5208 nomine,
1508 5141 1624 5197 sive
1684 5142 2028 5200 Dositheum

381 5228 765 5298 pradicarunt
809 5229 1240 5286 Samaritanum
1290 5231 1466 5287 etiam
1516 5237 1686 5305 gente
1745 5235 2026 5306 aequalem

382 5317 604 5374 Simoni
646 5322 831 5393 Mago.
865 5320 932 5375 Et
975 5320 1132 5376 hunc
1161 5319 1326 5376 illum
1360 5336 1489 5378 esse
1520 5339 1553 5378 a
1596 5322 1792 5396 Moyse
1823 5325 2030 5396 praedi-

3521 3269 3548 3281 η

2135 3283 2276 3325 τινες
2341 3268 2449 3317 τῶν
2519 3263 2769 3339 Ηατέρων
2837 3265 2953 3332 ,τήν
3041 3265 3259 3338 ἄγνοιαν
3331 3263 3417 3319 ἐπὶ
3483 3269 3583 3332 τῆς
3650 3263 3795 3317 κατὰ

2133 3353 2224 3408 τὸν
2331 3359 2564 3428 Σωτῆρα
2665 3350 3019 3428 παρεδέξαντο
3127 3352 3575 3426 ἆνθρωπότητος,
3682 3354 3796 3428 οὐχ

2135 3443 2210 3506 ὡς
2253 3439 2429 3517 δόγμα
2485 3448 2648 3498 τοῦτο
2700 3445 3066 3518 προήνεγκαν,
3129 3442 3277 3498 ἁλλὰ
3333 3444 3468 3516 πρὸς
3517 3444 3618 3510 τὴν
3677 3447 3790 3498 τῶν

2133 3532 2422 3605 ’Λρειανῶν
2486 3533 2675 3604 μανίαν
2732 3533 3172 3608 ἀντιφερόμενοι,
3225 3531 3280 3586 ο’ί
3325 3532 3414 3586 καὶ
3471 3533 3536 3586 τὰ
3587 3533 3796 3605 ἀνθρὼ-

2134 3641 2261 3674 πινα
2299 3621 2471 3674 πάντα
2541 3621 2625 3675 ἐπὶ
2665 3623 2764 3689 τὴν
2823 3621 3054 3690 θεότησα
3091 3627 3188 3676 τοῦ
3249 3626 3590 3696 Μονογενοῦς
3656 3643 3791 3694 μετ-

2135 3709 2342 3785 έφερον,
2377 3711 2451 3774 ὡς
2489 3709 2550 3763 ἂν
2599 3710 2801 3783 κτίσμα
2847 3710 2937 3766 τὸν
2979 3710 3229 3766 ἅκτιστον
3285 3709 3456 3786 Λόγον
3511 3716 3610 3765 τοῦ
3651 3715 3791 3766 Θεοῦ

2135 3802 2579 3874 παραστήσωσιν,
2623 3799 3115 3874 οἰκονομικώτερον
3177 3797 3504 3872 ἐδοκίμασαν
3563 3798 3654 3854 ἐπὶ
3686 3807 3793 3868 τῆς

2135 3887 2560 3962 ἀνθρωπότητος
2608 3893 2775 3943 ταῦτα
2823 3890 2998 3966 φερειν
3050 3888 3084 3956 ἢ
3144 3894 3497 3967 παραχωρεῖν
3548 3888 3795 3950 ἐκείνους

2140 3976 2419 4049 μεθέλκειν
2447 3982 2614 4032 ταῦτα
2643 3979 2779 4032 κατᾶ
2815 3985 2914 4046 τῆς
2967 3978 3245 4048 θεότητος.
3290 3977 3352 4034 Εἰ
3385 3975 3442 4032 δὲ
3489 3979 3627 4032 κατὰ
3658 3978 3793 4032 ἀνα-

2138 4069 2306 4144 φοράν
2337 4068 2612 4129 κάκείνους
2663 4066 2784 4138 δοίη
2833 4070 3003 4123 ταῦτά
3057 4090 3139 4129 τις
3189 4067 3382 4135 εἰπεῖν,
3431 4068 3523 4122 τὸν
3568 4063 3794 4124 εὐσεῦἐο

2139 4178 2323 4234 στερον
2378 4158 2546 4234 λόγον
2605 4154 2937 4226 ἀποδέξεται.
2990 4160 3171 4215 Ταῦτα
3220 4154 3450 4212 διελθὼν
3502 4159 3548 4192 ’³ο
3593 4160 3790 4233 πὲρατι

2137 4243 2459 4322 περιϐάλλει
2497 4247 2590 4302 τὸν
2632 4245 2822 4321 λόγον.

2209 4427 2537 4484 Τελευταῖον
2572 4424 2629 4482 δὲ
2680 4431 2931 4501 περιεῖχε
2976 4427 3037 4480 τὸ
3095 4421 3309 4501 βιϐλίον
3344 4425 3510 4500 λόγον
3561 4424 3790 4500 ἐπιγραο

2136 4519 2244 4596 φήν
2269 4517 2520 4595 φέροντα,
2573 4519 2738 4590 ’Ὁρος
2803 4515 3134 4591 ἐκφωνηθεῖς
3190 4521 3311 4578 τοῖς
3397 4516 3791 4590 Σαμαρείταις·

2137 4609 2198 4663 Ἡ
2249 4604 2304 4662 δὲ
2349 4607 2601 4668 ὑπόθεσις
2633 4606 2915 4679 πρόκειται
2963 4606 3217 4675 τοιαύτη.
3268 4608 3385 4660 Τῶν
3434 4609 3782 4677 Σαμαρειτῶν

2137 4699 2199 4752 τὸ
2263 4695 2479 4765 πλῆθος
2547 4695 2622 4758 εἰς
2690 4695 3062 4767 ἀντικειμένας
3129 4693 3354 4770 μερίδας
3434 4692 3784 4766 διαιρεθὲντες

2137 4788 2228 4842 καὶ
2288 4785 2665 4846 στασιάσαντες
2721 4785 2860 4859 πρὸς
2925 4783 3217 4854 ἀλλήλους
3286 4786 3377 4840 καὶ
3450 4783 3793 4859 ἀλλοφῦλοις

2138 4875 2360 4937 ἑαυτοὺς
2424 4872 2966 4949 ἀποδιατειχίσαντες
3045 4872 3250 4944 δόξαις,
3317 4875 3369 4929 οἱ
3423 4875 3522 4945 μὶν
3571 4876 3786 4941 Ἰησοῦν

2138 4966 2230 5021 τὸν
2287 4971 2439 5034 Ναυῆ
2508 4961 2758 5034 ἐδόξαζον
2829 4964 2967 5018 εἶναι
3029 4965 3153 5039 περὶ
3212 4963 3274 5018 οὗ
3333 4965 3576 5032 Μωϋσῆς
3650 4963 3786 5018 εἶπε·

2141 5057 2438 5133 Προφήτην
2544 5054 2674 5127 ὑμῖν
2777 5054 3070 5124 ἀναστήσει
3167 5054 3367 5128 Κύριος
3436 5053 3464 5107 ὁ
3532 5054 3664 5114 Θεὸς
3730 5051 3788 5107 ἐκ

2137 5151 2244 5200 τῶν
2298 5142 2547 5221 ἀδελφῶν
2600 5143 2751 5216 ὑμῶν
2801 5143 2874 5205 ὡς
2933 5141 3050 5216 ἐμὲ,
3101 5143 3153 5198 οἱ
3213 5140 3269 5197 δὲ
3333 5147 3528 5198 τοῦτον
3586 5143 3632 5180 τί
3697 5143 3788 5213 μὲν

2140 5237 2575 5312 παρεγράφοντο,
2636 5234 2843 5303 Δοσθην
2891 5229 2947 5289 δέ
2991 5253 3112 5289 τινα
3157 5229 3402 5299 τοῦνομα
3448 5232 3484 5302 ἢ
3536 5233 3782 5287 Δοσίθεον

2138 5323 2527 5394 ἆνεκήρυττον.
2599 5321 2947 5396 Σαμαρείτην
3007 5321 3101 5396 μὶν
3149 5319 3239 5376 καὶ
3300 5319 3460 5375 αὐτὸν
3499 5319 3562 5374 τὸ
3616 5320 3784 5395 γένος,

514 5453 644 5509 Luc.
680 5469 732 5520 ι,
767 5454 849 5508 19.
885 5466 909 5504 y
939 5453 1090 5510 Psal.
1127 5469 1322 5520 vam,
1352 5454 1405 5508 6.
1449 5467 1468 5494 ι
1497 5453 1647 5510 Psal.
1682 5472 1797 5525 xxI,
1829 5460 1898 5524 2;
1932 5460 2029 5513 Mat

2169 5472 2320 5525 xxu,
2354 5455 2443 5510 46.
2505 5467 2528 5495 ι
2557 5453 2721 5511 Deut.
2756 5469 2918 5523 xvm,
2953 5452 3038 5508 15.

1736 5586 1968 5640 VARI/13
2009 5583 2424 5640 LECTIONES.

459 5705 504 5741 5°
537 5701 650 5758 ἰδία
677 5707 741 5762 Α.
821 5706 868 5739 ⁷ο
899 5700 1126 5758 διελθὼν
1162 5711 1202 5760 Α
1233 5724 1245 5762 :
1279 5703 1346 5774 δὴ
1379 5705 1677 5781 περιελθών
1864 5713 1905 5748 ⁷¹
1938 5715 2099 5767 τοῦτο
2127 5711 2210 5784 ς’.
