4138 6228
327 367 478 430 1085

1403 361 1945 426 'BIBLIO'I‘HECA.
1995 393 2070 408 —
2115 363 2290 424 COD.
2341 365 2626 426 CCXXX.

3569 367 3725 430 1086

321 497 734 570 συνακμάσαντα
793 491 849 550 δὲ
900 493 1038 550 κατά
1081 514 1142 568 γε
1187 497 1234 532 ’⁸³
1285 493 1412 557 τοὺς
1469 493 1705 569 χρόνους
1755 493 1951 566 Σίμωνι

2086 497 2268 563 ctum,
2329 499 2656 566 portentosa
2685 497 3026 563 commenti,
3102 499 3174 554 ab
3247 499 3434 572 ipsius
3493 499 3730 556 nomine

315 591 398 658 τῷ
439 587 614 662 Μάγῳ
665 601 679 615 ·
721 583 812 639 καί
865 587 1056 638 τοῦτον
1099 585 1234 639 εἶναι
1277 585 1368 640 τὸν
1405 583 1842 662 προφητευθέντα
1879 603 1968 638 τε-

317 677 673 752 ρατευόμενοι
729 674 778 744 ἐξ
829 673 996 730 αὐτοῦ
1043 676 1143 744 τήν
1201 673 1518 747 ἐπωνυμίαν
1569 671 1782 752 ἔφερον,
1860 681 1962 728 Δο-

319 765 514 836 σθηνοὶ
563 762 920 836 καλούμενοι.
979 765 1152 828 Οὗτος
1201 761 1259 819 δὲ
1327 760 1588 838 ὑϐριστὴς
1652 765 1746 836 μὶν
1786 761 1974 840 γέγονε

316 859 426 908 τῶν
486 859 582 909 τοῦ
633 857 768 908 Θεοῦ
819 859 1136 930 προφητῶν,
1205 849 1466 928 ὑϐριστής
1523 853 1580 909 δὲ
1615 852 1853 926 μάλιστα
1877 855 1972 930 τού

319 941 500 1001 Ἰούδα
557 947 654 998 τοῦ
703 943 818 1004 ἑνὸς
866 925 976 998 τῶν
1027 940 1238 999 δώδεκα
1277 925 1654 1019 πατριαρχῶν,
1705 945 1828 1015 [885
1877 925 1978 1000 3.]

321 1033 464 1106 μηδὲ
523 1034 651 1093 τοὺς
717 1033 842 1106 περὶ
898 1032 1065 1088 αὐτοῦ
1117 1033 1166 1068 ⁷³
1226 1035 1456 1108 μυρίους
1517 1033 1764 1094 ἐπαίνους
1826 1031 1970 1106 παρά

313 1129 416 1192 τῆς
461 1125 760 1190 Μωσαϊκῆς
811 1127 1030 1196 Γραφῆς
1079 1121 1414 1200 αἰσχυνθείς.
1475 1121 1612 1182 Τοὺς
1671 1119 1762 1176 οὖν
1823 1120 1970 1193 εἰρη-

317 1209 512 1284 μένους
579 1211 782 1271 πάντας
839 1209 1062 1264 πλύνων
1119 1213 1210 1266 καὶ
1267 1207 1556 1287 διαγελῶν,
1617 1208 1695 1270 εἷς
1779 1209 1965 1264 ἑαυτὸν

315 1301 488 1355 πάντα
517 1301 606 1356 καὶ
637 1302 736 1370 τὴν
765 1299 1100 1376 προφητείαν
1131 1301 1220 1354 καὶ
1241 1301 1340 1368 τὴν
1360 1297 1540 1370 ἄλλην
1565 1299 1828 1374 περιέσπα
1856 1300 1966 1352 θειι

313 1391 506 1460 ότητα.
549 1388 776 1462 Μυρίαις
811 1386 868 1444 δὲ
903 1389 994 1444 καὶ
1041 1389 1318 1452 ποικίλαις
1359 1386 1556 1450 ἄλλαις
1588 1389 1822 1450 νοθείαις
1861 1390 1960 1458 τὴν

315 1479 617 1550 Μωσαῖκῆν
669 1479 1006 1558 ὀκτάτευχον
1066 1476 1592 1551 κατακιϐδηλεύσας,
1652 1478 1740 1533 καὶ
1807 1475 1962 1552 ἕτερά

307 1589 430 1624 τινα
453 1571 850 1644 συγγράμματα
894 1570 1052 1643 μωρά
1079 1590 1137 1624 τε
1175 1569 1264 1623 καὶ
1291 1567 1572 1623 ἀλλόκοτα
1599 1569 1688 1622 καὶ
1734 1567 1962 1622 ἀπεναν-

307 1657 398 1713 τία
427 1658 475 1694 7‘
521 1660 894 1731 πνευματικῆς
925 1661 1053 1732 [467
1244 1657 1564 1731 νομοθεσίας
1612 1657 1955 1732 συντεταχὼς

305 1753 426 1810 τοῖς
475 1747 821 1822 πειθομένοις
867 1747 1170 1804 κατέλιπεν,
1213 1749 1578 1820 Ἀπεκήρυττε
1625 1745 1682 1800 δὲ
1727 1747 1814 1800 καὶ
1855 1749 1953 1816 τήν

2081 585 2360 640 Dostheni
2409 587 2806 658 cognominati
2859 591 3016 642 sunt.
3068 587 3172 642 Hic
3231 589 3288 642 in
3339 590 3572 646 divinos
3629 589 3728 646 Dei

2076 674 2394 746 prophetas
2426 675 2759 744 maledicus,
2795 675 3158 746 potissimum
3189 679 3388 732 tamen
3417 679 3476 732 in
3507 679 3722 732 Judam

2087 777 2264 818 unum
2299 764 2687 820 deduodccim
2713 765 3056 836 patriarchis
3083 751 3726 832 contumeliosusmiliil

2085 853 2362 910 reveritus
2393 855 2713 912 immensas
2743 856 2812 910 de
2841 854 2940 910 illo
2961 855 3014 909 in
3037 855 3432 910 voluminibus
3463 856 3728 912 Mosaicis

2083 944 2437 1015 perscriptas
2485 943 2704 1000 laudes.
2741 943 2841 1000 His
2899 959 3036 1014 ergo
3095 944 3392 1014 prophetis
3451 945 3728 1001 omnibus

2079 1031 2334 1102 explosis
2365 1033 2810 1104 exsibilatisque
2831 1033 2956 1103 ipse
2981 1033 3092 1090 sibi
3127 1033 3324 1088 omnia
3345 1037 3400 1088 et
3433 1034 3724 1102 vaticinia,

2079 1126 2136 1176 et
2163 1121 2351 1180 285b
2383 1122 2666 1194 reliquam
2701 1121 3064 1176 divinitatem
3107 1122 3415 1193 arrogavit.
3459 1123 3727 1178 Octateu-

2077 1210 2254 1266 chum
2301 1211 2518 1282 spuriis
2549 1211 2789 1281 scriptis
2828 1215 2886 1266 et
2942 1211 3102 1266 omni
3135 1226 3343 1282 genere
3376 1211 3568 1266 mistis
3593 1229 3722 1268 oor-

2075 1299 2316 1371 ruptelis
2349 1299 2720 1368 adulteravit,
2749 1300 3010 1368 aliosque
3039 1299 3218 1356 libros
3242 1301 3492 1356 stultitia
3513 1305 3568 1355 et
3599 1319 3724 1366 por-

2073 1389 2250 1446 tentis
2309 1389 2534 1462 plenos,
2567 1391 2898 1462 divinisque
2929 1389 3158 1461 legibus
3217 1391 3538 1446 contrarius
3595 1407 3726 1447 con-

2072 1479 2410 1546 sarcinavit,
2471 1481 2710 1551 suisque
2741 1481 2984 1536 asseclis
3043 1479 3298 1551 reliquit.
3335 1482 3724 1538 Resurrectio-

2071 1585 2202 1625 nem
2237 1585 2464 1642 quoque
2497 1571 2749 1642 negavit.
2784 1571 2878 1625 Ha
2909 1585 3046 1640 ergo
3079 1569 3364 1626 factiones
3395 1572 3476 1625 ita
3507 1570 3568 1626 in
3609 1571 3722 1627 dis—

2067 1659 2346 1729 sidentes,
2381 1663 2702 1718 contrarias
2721 1668 2772 1718 et
2807 1661 3022 1733 impias
3075 1665 3260 1718 sectas
3302 1667 3359 1718 et
3415 1663 3718 1734 opiniones

2068 1749 2332 1806 dissectae
2403 1751 2653 1806 fuerant.
2717 1755 2974 1822 Utraque
3023 1767 3193 1822 porro
3253 1753 3426 1808 factio
3485 1752 3714 1810 libellos

309 1836 618 1893 ἀνάστασιν.
669 1839 740 1892 Αἱ
793 1837 886 1911 μὲν
941 1834 1030 1891 οὖν
1077 1834 1290 1912 μερίδες
1341 1835 1484 1890 οὕτω
1513 1836 1587 1897 εἰς
1619 1835 1951 1897 ἀντιπάλους

2069 1855 2170 1912 pro
2219 1856 2328 1895 sua
2365 1841 2670 1908 sententia,
2703 1849 2756 1896 et
2805 1845 3006 1898 contra
3037 1841 3432 1896 adversariam
3467 1847 3711 1912 partem,

307 1927 396 1981 καὶ
441 1923 806 2004 βλασφήμους
859 1923 1014 1999 δόξας
1065 1924 1439 2000 διετέτμηντο.
1503 1922 1840 1982 Ἐπιδιδὸασι
1897 1923 1954 1979 δὲ

305 2016 396 2070 καὶ
456 2011 754 2078 λιϐέλλους
797 2015 928 2090 ὑπέρ
965 2037 1022 2070 τε
1079 2017 1126 2051 ⁷⁵
1189 2019 1286 2070 τοῦ
1343 2015 1546 2070 οἰκείου
1602 2016 1952 2092 φρονήματος

301 2104 394 2160 καὶ
441 2107 580 2161 κατά
627 2109 722 2162 τοῦ
771 2105 1174 2180 ἀντικειμένου,
1227 2105 1380 2182 μερὶς
1425 2104 1648 2180 ἑκατέρα
1685 2107 1776 2160 τὸν
1829 2107 1953 2180 παρ’

299 2193 486 2258 αὐτοῖς
545 2191 976 2269 πρεσϐευόμενον
1053 2198 1344 2275 προφήτην
1405 2197 1534 2250 εἶναι
1602 2199 1946 2270 προτιμῶσα.

303 2285 524 2354 Καθίζει
557 2282 614 2340 δὲ
652 2284 858 2340 τούτων
909 2283 1166 2354 δικαστὴς
1209 2286 1236 2340 ὁ
1284 2286 1428 2360 ἱερὸς
1477 2285 1749 2360 Εὐλόγιος
1820 2287 1952 2358 μετὰ

303 2371 530 2429 συνόδου
589 2373 866 2450 ἀρχιερεῖς
913 2397 970 2430 τε
1015 2380 1122 2430 τῶν
1183 2375 1470 2449 ἐπισήμων
1517 2377 1602 2430 καὶ
1641 2376 1772 2437 τοὺς
1805 2375 1948 2447 λαμ-

303 2463 476 2536 προὺς
527 2467 638 2518 τῶν
681 2465 736 2519 ἒν
765 2465 1036 2538 ἀξιώμασι
1085 2464 1369 2539 πλήρωμα
1399 2465 1760 2538 ποιουμένης·
1795 2467 1948 2537 Μαρ-

299 2553 488 2616 κιανὸς
516 2553 562 2590 ⁷⁸³
593 2551 650 2608 δὲ
693 2558 1010 2624 τηνικαῦτα,
1059 2555 1117 2616 ὃς
1161 2559 1280 2617 τοῖς
1331 2555 1664 2627 Ῥωμαϊκοῖς
1707 2552 1948 2628 ἐνίδρυτο

303 2641 630 2714 σκήπτροις,
679 2635 914 2714 ἕϐδομον
957 2638 1076 2702 ἔτος
1125 2643 1252 2712 ἤνυε
1290 2647 1390 2710 τῆς
1443 2639 1746 2716 βασιλείας.
1805 2648 1948 2714 Γυμ-

301 2727 466 2790 νάσας
512 2725 568 2782 δὶ
611 2731 680 2784 τὰ
728 2731 854 2804 παρ’
913 2731 1179 2806 ἑκατέρων
1231 2732 1496 2806 λεγόμενα
1545 2733 1572 2786 ὁ
1639 2733 1786 2805 ἱερὸς
1843 2733 1951 2788 Εὗ-

305 2817 520 2894 λόγιος,
570 2819 662 2874 καὶ
709 2823 808 2888 της
859 2818 1120 2890 ἀληθείας
1179 2821 1466 2897 ἑκατέρους
1519 2819 1792 2896 διελέγξας
1853 2843 1952 2895 μα-

299 2899 434 2972 κράν
497 2899 920 2974 ἀφισταμένους,
989 2903 1084 2957 τὸν
1137 2902 1228 2974 μὲν
1287 2902 1766 2979 προφητευόμενον
1813 2923 1950 2978 γρα-

301 2993 484 3064 φικοῖς
535 2987 844 3062 παρέστησε
892 2991 1086 3064 ῥητοῖς
1137 2991 1229 3046 τὸν
1269 2991 1467 3064 Κύριον
1527 2993 1690 3065 ἡμῶν
1741 2994 1948 3062 Ἰησοῦν

299 3076 534 3151 Χρίστὸν
583 3078 672 3134 τὸν
727 3079 986 3149 ἀληθινὸν
1043 3081 1169 3135 Θεὸν
1229 3080 1388 3150 εἶναι,
1438 3082 1566 3142 τοὺς
1625 3078 1682 3135 δὲ
1742 3081 1948 3156 μακράν

2065 1944 2242 1983 suum
2275 1945 2522 1999 quaeque
2557 1929 2901 2000 prophetam
2955 1928 3124 1985 alteri
3185 1931 3544 2001 praeferendo
3575 1948 3709 2003 por-

2063 2019 2230 2073 rexit.
2261 2021 2507 2072 Sanctus
2565 2017 2841 2090 Eulogius
2891 2034 3020 2073 cum
3079 2019 3299 2089 synodo
3359 2020 3707 2092 frequentis-

2063 2105 2233 2172 sima,
2265 2107 2640 2178 pontiﬁcibus
2673 2105 2844 2177 plena
2873 2106 3209 2178 insignibus
3263 2111 3439 2178 atque
3471 2109 3710 2164 illustri-

2067 2197 2174 2253 bus
2205 2197 2483 2268 dignitate
2513 2197 2676 2264 viris,
2701 2199 2878 2266 judex
2919 2197 3011 2254 his
3063 2198 3349 2269 prmsedit.
3385 2197 3710 2254 Marcianus

2061 2290 2402 2356 susceptum
2452 2286 2764 2357 imperium
2829 2287 3154 2342 Romanum
3216 2287 3540 2356 septimum
3584 2289 3708 2357 jam

2061 2391 2272 2430 annum
2287 2373 2976 2429 administrabatJtcatus
2995 2369 3568 2445 Eulogiusdiscussis
3583 2393 3709 2446 quae

2061 2464 2134 2520 ab
2161 2469 2404 2533 utraque
2437 2468 2600 2535 parte
2631 2464 3066 2530 asserebantur,
3099 2468 3154 2519 et
3207 2468 3450 2533 utraque
3497 2466 3708 2520 erroris

2061 2570 2095 2609 ει
2123 2551 2366 2609 veritate
2389 2553 2590 2623 procul
2616 2551 2818 2608 remoti
2851 2551 3133 2619 convicta,
3169 2551 3333 2606 illum
3371 2570 3402 2606 a
3453 2551 3705 2623 prophe-

2057 2641 2132 2696 tis
2155 2641 2494 2712 praedictum
2529 2642 2816 2705 Messiam,
2847 2655 2916 2694 ex
2947 2641 3264 2710 Scripturis
3297 2640 3476 2696 sacris
3507 2641 3706 2696 docuit

2059 2747 2188 2786 esse
2242 2731 2556 2786 Dominum
2617 2734 2881 2786 nostrum
2932 2731 3126 2784 Jesum
3161 2728 3452 2784 Christum
3504 2745 3706 2786 verum

2067 2819 2289 2875 Deum:
2349 2818 2479 2874 illos
2534 2835 2664 2874 vero
2713 2817 3056 2889 gravissimo
3110 2833 3302 2872 errore
3361 2817 3703 2886 laborasse;

2060 2912 2168 2968 hos
2209 2911 2447 2982 quidem
2507 2910 2662 2981 quod
2713 2909 2911 2964 Jesum
2956 2907 3110 2962 Nave
3141 2906 3304 2962 illum
3341 2907 3704 2978 :pmphetam

2061 3000 2522 3072 praenuntiatum
2557 2999 2840 3070 ﬁngerent
2871 3015 2889 3052 :
2920 2995 3052 3052 illos
3083 3012 3218 3051 vero
3251 2995 3400 3066 quod
3445 2995 3702 3051 Dosthen

2061 3105 2164 3146 seu
2197 3089 2542 3145 Dositbeum
2566 3087 2814 3158 impium
2843 3089 3174 3156 portentose
3193 3085 3707 3140 comminisceren-

295 3186 356 3220 τε
402 3165 494 3220 καὶ
545 3167 945 3242 χαλεπωτάτην
1003 3167 1456 3239 ἀποπλανηθῆναι
1527 3168 1762 3240 πλάνην,
1815 3169 1946 3232 τοὺς

2064 3183 2176 3236 tur.
2211 3183 2400 3250 Atque
2433 3179 2513 3232 ita
2561 3175 2876 3232 concilium
2909 3175 3100 3230 solvit.
3153 3175 3260 3230 Sed
3297 3177 3704 3244 argumentum

299 3256 397 3328 μὲν
453 3259 672 3326 Ἰησοῦν
727 3258 822 3312 τὸν
887 3261 986 3313 τοῦ
1041 3262 1192 3328 Ναυῆ
1277 3259 1370 3313 τὸν
1461 3261 1942 3336 προφητευόμενον

292 3345 434 3400 εἶναι
491 3344 942 3421 κενολογοῦντας,
984 3349 1110 3410 τοὺς
1178 3345 1235 3402 δέ
1289 3349 1496 3419 Δόσθην
1575 3349 1610 3418 ἢ
1689 3349 1942 3406 Δοσίθεον

288 3435 384 3490 τὸν
443 3432 674 3506 δυσσεϐῆ
731 3435 1254 3512 τερατολογοῦντας.
1319 3440 1416 3494 Καὶ
1477 3440 1622 3494 οὕτω
1687 3441 1778 3495 τὸν
1839 3441 2110 3518 σύλλογον
2182 3441 2430 3511 διαλύει,

2055 3268 2428 3323 etdecretum
2463 3281 2596 3322 cum
2633 3265 2876 3336 Eulogio
2909 3264 3078 3336 periit
3111 3281 3122 3318 :
3157 3263 3364 3318 tertius
3414 3262 3562 3318 liber
3608 3279 3708 3318 su-

2055 3361 2274 3428 perstes
2301 3357 2358 3411 in
2393 3361 2624 3412 nostras
2657 3371 2864 3409 manus
2896 3353 3174 3424 pervenit.

2525 3441 2969 3512 συντελευτώσης
3057 3440 3205 3513 αὐτῷ
3271 3439 3370 3496 καὶ
3445 3447 3546 3510 τῆς
3607 3441 3710 3496 ὑπο

291 3526 494 3588 θέσεως
523 3527 612 3582 καὶ
641 3533 742 3597 τῆς
772 3525 1132 3601 ἐκφωνήσεως
1168 3527 1258 3584 καὶ
1287 3533 1382 3584 τοῦ
1415 3530 1802 3604 περιελθόντος
1837 3532 1908 3593 εἷς
1941 3534 2036 3596 τὰς
2077 3535 2350 3609 ἡμετέρας
2385 3539 2578 3610 χεῖρας
2610 3533 2796 3607 τρίτου
2825 3531 3080 3606 τεύχους.

367 3616 454 3672 Ἑν
509 3615 688 3689 τούτῳ
744 3623 824 3690 τῷ
885 3613 1088 3692 βιϐλίῳ
1135 3620 1234 3688 τήν
1303 3619 1586 3675 ἀνάστασιν
1649 3621 1676 3676 ὁ
1708 3641 1944 3696 συγγρα-

295 3707 424 3780 φεὺς
481 3703 542 3760 ἐκ
605 3710 712 3760 τῶν
797 3711 1105 3762 Μωσαϊκῶν
1189 3713 1500 3782 μαρτυριῶν
1585 3707 1944 3764 ἐπιδεικνύναι

297 3793 544 3852 σπεύδων
611 3795 836 3850 τοιαῦτά
891 3815 1076 3872 φησιν·
1141 3795 1204 3853 Εἰ
1267 3797 1342 3868 μὴ
1397 3794 1708 3866 πανάληθες
1777 3799 1842 3866 ἦν
1883 3797 1946 3852 τὸ

295 3894 400 3956 τῆς
447 3885 784 3946 ἀναστάσεως
843 3893 1060 3960 χρῆμα,
1117 3889 1236 3947 πῶς
1289 3881 1442 3958 ἔλεγε
1505 3885 1642 3960 πρὸς
1702 3881 1950 3960 Ἀϐραὰμ

297 3978 326 4032 ὁ
377 3977 532 4038 Θεός⁸
587 3973 662 4028 Σὺ
711 3971 770 4028 δὲ
826 3971 1098 4049 ἀπελεύσῃ
1159 3975 1296 4048 πρὸς
1359 3975 1488 4036 τοὺς
1551 3975 1786 4049 πατέρας
1853 3996 1948 4029 σου

299 4067 417 4142 μετ’
471 4066 716 4142 εἰρήνης,
791 4065 978 4143 ταφεὶς
1045 4065 1092 4100 ⁷⁷
1166 4064 1218 4120 ἐν
1303 4067 1458 4140 γήρει
1543 4063 1734 4137 mhi);
1825 4069 1948 4127 Πῶς

291 4155 396 4232 γάρ
447 4155 506 4210 ἃν
553 4154 718 4228 ἀπῄει
772 4153 861 4209 καὶ
913 4154 1050 4228 πρὸς
1097 4153 1310 4222 ποίους,
1361 4153 1405 4209 εἰ
1442 4151 1714 4228 μηδαμῶς
1755 4153 1948 4228 μηκέτι

295 4248 438 4318 μήτε
471 4243 638 4306 αὐτὸς
669 4246 712 4280 ⁷³
753 4241 988 4316 ἔμελλεν
1021 4243 1180 4314 εἶναι,
1215 4245 1354 4316 μήτε
1393 4245 1530 4316 πρὸς
1583 4243 1676 4304 οὖς
1726 4243 1892 4316 ἀπῄει
1934 4263 1946 4310 ;

295 4339 424 4398 Πῶς
485 4331 542 4388 δὲ
605 4332 774 4389 πάλιν
837 4333 954 4406 μετ’
1007 4331 1172 4408 ὀλίγα
1217 4334 1281 4388 τὸ
1329 4335 1477 4410 ἱερὸν
1545 4333 1744 4408 λόγιόν
1818 4353 1952 4402 φησι

292 4423 420 4490 περὶ
479 4423 663 4480 αὐτοῦ’
719 4423 824 4479 Καὶ
901 4421 1141 4479 ἐκλιπὼν
1223 4421 1476 4478 ἀπέθανεν
1566 4418 1815 4500 ’Δϐραάμ
1899 4421 1950 4476 έν

295 4515 455 4586 γήρει
539 4511 718 4584 καλῷ,
811 4507 1126 4584 πρεσϐύτης
1209 4513 1296 4566 καὶ

291 4602 386 4655 καὶ
443 4601 742 4676 προσετέθη
805 4602 939 4676 πρὸς
1032 4602 1124 4656 τὸν
1211 4601 1342 4657 λαὸν
1425 4602 1632 4672 αὐτοῦς
1699 4604 1787 4666 Τίς
1841 4605 1942 4684 γὰρ

291 4695 390 4746 τοῦ
453 4691 530 4762 μὴ
598 4687 752 4753 ὄντος
813 4693 1125 4766 προσθήκη,
1200 4693 1292 4747 καὶ
1383 4687 1520 4755 πῶς’
1593 4693 1940 4769 προστίθεται

291 4787 412 4844 τοῖς
481 4781 556 4852 μὴ
619 4777 738 4833 οὖσι
787 4781 848 4834 τὸ
897 4779 956 4835 ὄν
986 4781 1072 4850 τθς
1116 4779 1172 4836 Τί
1235 4779 1293 4836 δὶ
1351 4783 1494 4858 λέγει
1541 4785 1632 4838 καὶ
1677 4784 1800 4860 περὲ
1841 4791 1938 4841 τοῦ

293 4865 513 4938 Ἰακὼϐ,
575 4867 660 4924 δτι
721 4871 1083 4946 Συνηχθησαν
1134 4870 1326 4933 πάντες
1373 4871 1424 4926 οἱ
1461 4872 1570 4926 υἱοὶ
1627 4874 1794 4929 αὐτοῦ
1850 4877 1938 4930 καὶ

289 4965 458 5014 πᾶσαι
535 4959 592 5014 αἱ
661 4959 974 5034 θυγατέρες,
1047 4961 1136 5014 καὶ
1223 4960 1396 5028 ἦλθον
1455 4961 1502 4996 ⁸ο
1566 4963 1940 5036 παρακαλέσαι

289 5049 478 5119 αὐτὸν,
543 5047 632 5104 καὶ
693 5048 792 5104 οὐκ
845 5045 1010 5118 ἤθελε
1063 5047 1510 5123 παρακαλεῖσθαι,
1591 5049 1764 5127 λέγων
1855 5054 1939 5109 ὅτι

287 5133 694 5210 Καταϐήσομαι
777 5139 912 5211 πρὸς
997 5137 1088 5192 τὸν
1171 5139 1286 5193 υἱόν
1383 5159 1488 5212 μου
1573 5143 1782 5196 πενθῶν
1863 5143 1940 5206 εἰς

283 5221 462 5296 ᾇδηη
521 5231 646 5288 Πῶς
703 5223 808 5300 γὰρ
865 5223 926 5282 ἂν
983 5225 1300 5298 ἐπινοηθείη
1359 5225 1590 5289 κάθοδος
1665 5232 1760 5283 τοῦ
1857 5233 1932 5302 μη

359 5343 386 5383 δ
417 5343 558 5400 Gen.
593 5359 684 5413 xv,
721 5343 806 5399 15.
885 5357 908 5383 α
940 5346 1080 5400 Gen.
1113 5361 1242 5413 xxv,
1275 5345 1328 5401 3.
1405 5344 1429 5385 ἀ
1460 5347 1597 5402 Gen.
1631 5363 1842 5416 xxxv",
1873 5347 1962 5403 35.

2130 3629 2190 3682 In
2225 3626 2334 3680 hoc
2365 3631 2570 3680 auctor
2613 3624 3096 3679 resurrectionem
3129 3639 3198 3678 ex
3241 3623 3454 3692 Moysis
3487 3621 3704 3678 tabulis

2055 3717 2332 3770 testatum
2369 3715 2556 3770 facere
2587 3714 2872 3768 connixus
2907 3712 3027 3766 haec
3059 3712 3322 3782 disputat
3355 3727 3368 3766 :
3396 3711 3558 3775 Quod
3589 3709 3706 3764 nisi

2057 3805 2532 3858 verissimaesset
2551 3801 2622 3856 de
2635 3801 3064 3855 resurrectione
3081 3800 3392 3862 sententia,
3413 3798 3706 3868 quomodo

2056 3893 2274 3948 diceret
2331 3893 2400 3946 ad
2453 3890 2850 3945 Abrahamum
2885 3888 3084 3944 Deus:
3151 3889 3218 3942 Te
3275 3895 3460 3940 autem
3492 3885 3594 3941 ibis
3643 3885 3713 3941 ad

2055 3985 2240 4051 βρέφος
2273 3991 2393 4032 mos
2449 3995 2574 4034 cum
2601 3994 2758 4049 pace,
2797 3979 3051 4049 sepultus
3085 3977 3144 4030 in
3173 3980 3450 4032 senectute
3481 3975 3662 4030 bonab
3697 4015 3712 4030 .

2060 4073 2138 4135 Qu
2167 4091 2178 4122 r
2209 4091 2236 4120 -.
2286 4073 2354 4123 ὦ)
2393 4072 2540 4122 -;ῖ’;ιι
2587 4069 2792 4133 abiret,
2833 4071 2890 4122 et
2949 4067 3018 4121 ad
3059 4081 3206 4137 quos
3265 4065 3468 4132 abiret,
3520 4064 3570 4119 si
3617 4063 3714 4120 ille

2061 4159 2258 4213 nullus
2289 4157 2542 4228 amplius
2575 4157 2804 4211 futurus
2837 4159 2981 4223 erat,
3015 4159 3073 4210 et
3103 4171 3218 4210 non
3263 4159 3457 4209 essent
3497 4153 3538 4206 ii
3583 4169 3712 4208 am-

2059 4247 2210 4320 plius
2224 4247 2294 4303 ad
2311 4263 2458 4318 quos
2471 4247 2736 4301 abiturus
2747 4245 2901 4301 erat?
2917 4245 3284 4316 thuomodo
3299 4259 3527 4298 rursum
3543 4243 3714 4313 paulo

2057 4337 2210 4392 infra
2241 4338 2310 4392 de
2333 4335 2434 4392 illo
2453 4335 2718 4390 divinum
2743 4334 2826 4390 ait
2855 4334 3154 4405 eloquium
3181 4349 3194 4387 :
3217 4333 3276 4386 Et
3289 4331 3546 4402 deﬁciens
3559 4345 3704 4386 mor-

2061 4431 2188 4482 tuus
2235 4437 2317 4482 est
2370 4425 2644 4480 Abraham
2703 4423 2764 4479 in
2820 4432 3092 4480 senectute
3141 4423 3300 4490 bona,
3329 4429 3712 4492 provectaeque

1395 4509 1622 4582 πλήρης
1701 4515 1950 4588 ἡμερῶν,

2064 4517 2264 4586 aetatis,
2295 4525 2346 4572 et
2400 4517 2598 4587 plenus
2629 4514 2866 4580 dierum,
2911 4517 3376 4583 congregatusque
3405 4515 3488 4567 est
3515 4511 3584 4565 ad
3611 4527 3714 4582 po-

2054 4608 2254 4676 pulum
2283 4619 2484 4662 suumc
2515 4609 2541 4659 .9
2565 4607 2844 4670 Quasnam
2873 4601 3246 4673 congregatio
3273 4601 3418 4656 ﬁtad
3447 4599 3530 4666 id,
3555 4600 3710 4670 quod

2051 4713 2166 4752 non
2197 4705 2282 4753 est
2307 4696 2334 4751 Ἰ
2363 4698 2432 4749 Et
2477 4694 2767 4766 quomodo
2807 4693 2860 4747 id
2895 4691 3048 4762 quod
3099 4697 3192 4746 est
3221 4690 3356 4746 addi
3415 4693 3605 4760 potest
3637 4689 3712 4744 iis

2050 4803 2182 4859 quae
2209 4803 2326 4842 non
2359 4784 2555 4841 sunt?
2587 4783 2734 4848 Quid
2761 4798 2930 4854 porro
2963 4781 3034 4835 de
3053 4781 3232 4836 Jacob
3257 4779 3447 4834 dicit?
3471 4779 3706 4848 Congre-

2047 4877 2168 4946 gati
2185 4879 2314 4932 sunt
2344 4889 2528 4931 omnes
2559 4875 2671 4943 ﬁlii
2701 4875 2750 4928 et
2781 4871 2941 4940 ﬁliae,
2975 4877 3034 4924 ut
3075 4870 3316 4924 lenirent
3337 4867 3577 4923 dolorem
3605 4881 3710 4937 pa-

2049 4969 2170 5034 tris,
2191 4963 2887 5021 etnotaz’tconsatationem
2915 4961 3184 5030 accipere,
3220 4957 3312 5012 sed
3339 4958 3452 5012 ait:
3481 4955 3711 5010 Descen-

2047 5055 2176 5110 dam
2203 5055 2274 5110 ad
2301 5053 2490 5124 ﬁlium
2529 5068 2712 5109 meum
2753 5051 2942 5107 986a
2975 5051 3161 5120 lugens
3215 5050 3276 5100 in
3311 5047 3594 5116 infernum
3623 5043 3648 5084 ά
3689 5059 3704 5077 ⁸

2048 5144 2346 5206 Quomodo
2363 5141 2712 5214 intelligitur
2725 5141 3044 5196 descensus
3063 5139 3190 5208 ejus
3209 5135 3308 5208 qui
3326 5151 3440 5190 non
3455 5133 3710 5189 exsistit?

2047 5237 2104 5288 et
2135 5232 2428 5304 quomodo
2451 5231 2756 5288 descendit
2774 5229 2844 5286 ad
2879 5227 3083 5298 filium,
3107 5225 3208 5298 qui
3235 5239 3304 5282 ex
3321 5223 3707 5280 deliramento

1663 5499 1896 5556 VARI/Ii
1937 5499 2340 5558 LECTIONES.

357 5623 408 5658 ’⁷³
459 5627 622 5697 ’γε-,Α
665 5637 678 5678 :
723 5641 790 5697 τεΔ
825 5621 888 5697 ς’
893 5665 907 5679 .
983 5621 1032 5697 7f
1077 5621 1238 5697 afrth

1279 5624 1362 5698 ς.
1441 5626 1488 5662 7‘
1533 5625 1626 5681 ἀπ’
1679 5626 1920 5698 ἐναντίας
1969 5632 2038 5686 Α.

2113 5625 2158 5662 ⁷⁸
2205 5645 2262 5680 τε
2321 5625 2454 5696 add.
2499 5627 2564 5682 Α.
2642 5623 2688 5659 ⁷⁸
2747 5622 3076 5696 Μαρκιανᾷς]
3140 5617 3456 5696 Manet-tuo:
3503 5618 3700 5676 Fabri-

2642 5623 2688 5659 ’⁸
2730 5622 3076 5698 ίΜαρηιαιξιςλ

284 5695 438 5752 cius.
474 5693 484 5696 ’
515 5693 560 5730 ⁷⁷
601 5693 824 5772 τραφείς
840 5693 917 5752 Ἀ.
994 5695 1038 5732 ⁷⁸
1068 5693 1252 5768 αύτὸς]
1284 5693 1441 5760 ὄῦτος
1471 5705 1534 5754 Α.
1611 5699 1658 5736 ⁷³
1687 5698 1750 5754 τὸ
1780 5697 1863 5772 ὅν]
1894 5701 2110 5757 rectius
2139 5697 2202 5753 τὸ
2239 5697 2314 5771 μή
2348 5695 2404 5752 δν
2439 5714 2450 5752 :
2484 5699 2556 5754 cf.
2595 5713 2648 5769 p.
2683 5697 2808 5751 286.
2839 5693 2848 5698 ⁷
2885 5695 2932 5732 ⁸ο
2959 5693 3156 5766 ἦλθον]
3188 5693 3386 5763 ἤθελον
3419 5695 3484 5748 Α.
