4138 6228
488 309 638 369 1087

1688 308 1951 370 ΡΗΟΤΙΙ
1994 309 2521 371 ΡΑΤΒΙΑΗΟΗΛΞ
2561 314 2678 373 CP.

3728 318 3879 383 1088

482 444 763 500 exsecrati
814 443 1095 507 Dosithei,
1147 442 1344 498 nullus
1395 458 1641 514 usquam
1703 458 1830 497 esse
1880 444 2113 514 potest‘.

2240 437 2431 511 ὅντος;
2495 448 2617 505 Πῶς
2676 441 2731 499 δὲ
2787 445 2877 499 καὶ
2935 440 3219 501 κατέϐαινε
3276 448 3367 502 καὶ
3427 448 3565 522 πρὸς
3623 449 3718 504 τὸν
3775 452 3881 506 υἱὸν

486 535 738 589 Rursum
778 533 958 588 Jacob
1010 532 1246 602 quando
1304 532 1597 588 benedicit
1654 532 1809 599 ﬁliis,
1843 532 1925 587 ait
1958 549 1970 587 :
2004 534 2129 605 Ego

481 642 786 699 congregor
815 625 884 679 ad
938 626 1195 695 pupulum
1237 643 1422 680 meum
1453 639 1474 666 θ
1510 667 1521 679 .
1556 626 1616 681 Si
1677 631 1913 681 noverat
1961 642 2129 681 suam

480 720 752 770 naturam
808 716 929 783 [seu
986 714 1327 785 essentiam]
1378 732 1495 769 una
1528 731 1658 769 cum
1689 716 1959 785 praesenti
2011 715 2127 770 vita

477 804 709 859 tinitum
744 804 834 871 iri,
869 805 1157 874 quomodo
1190 804 1334 859 dixit
1374 804 1472 876 qui
1506 812 1794 874 mortuus,
1828 822 2121 876 nusquam

478 892 728 963 amplius
762 893 888 960 fuit,
923 909 981 947 se
1012 894 1081 946 ad
1119 895 1400 964 populum
1458 910 1631 949 suum
1666 894 1765 963 qui
1827 910 2120 965 nusquam

476 987 618 1051 erat,
643 984 983 1053 congregari
1008 983 1033 1034 ‘?
1058 983 1411 1050 Advertesis,
1448 983 1585 1054 quid
1612 984 1734 1054 ipse
1760 984 2044 1039 Dominus
2066 988 2123 1038 et

479 1076 632 1127 Deus
663 1071 1068 1126 universorum
1094 1071 1325 1125 dicatad
1349 1076 1603 1142 Moysen,
1622 1072 1859 1142 quando
1880 1071 2121 1127 illumin

477 1164 800 1215 extremum
861 1160 1019 1213 Nebo
1079 1160 1336 1225 deduxit,
1371 1164 1426 1213 et
1486 1161 1739 1214 ostendit
1777 1159 1862 1213 illi
1906 1164 2118 1215 terram

477 1264 652 1320 quam
689 1249 931 1302 daturus
961 1252 1083 1302 erat
1132 1248 1186 1301 in
1251 1248 1649 1302 haereditatem
1713 1250 1907 1304 Israel.
1951 1250 2122 1304 Addit

472 1340 628 1395 enim
674 1354 686 1393 :
748 1340 811 1392 Et
840 1339 1047 1394 videbis
1095 1356 1217 1394 eam
1251 1356 1263 1392 :
1324 1340 1531 1395 deinde
1566 1357 1579 1394 :
1616 1341 1677 1395 Et
1707 1340 1999 1411 apponeris
2052 1340 2119 1395 ad

470 1429 736 1501 populum
768 1437 920 1483 tuum
953 1436 1001 1483 et
1034 1436 1111 1493 tu,
1143 1428 1579 1499 sicutappositus
1611 1438 1690 1483 est
1720 1432 1771 1484 et
1797 1430 1974 1485 Aaron
1997 1431 2119 1499 [ra-

474 1527 557 1575 ter
586 1524 713 1573 tuus
746 1518 803 1573 ί.
826 1517 973 1573 Illud
1009 1527 1199 1573 autem
1232 1535 1381 1589 quos
1414 1535 1528 1573 non
1562 1523 1813 1582 moveat,
1846 1522 1961 1574 Deo
1994 1520 2118 1590 ipso

473 1608 763 1664 clamante
795 1607 1241 1678 afﬁrmanteque
1280 1624 1292 1663 :
1357 1609 1462 1677 Ego
1493 1624 1614 1662 sum
1652 1610 1790 1663 Deus
1822 1609 2117 1679 Abraham,

474 1700 527 1752 et
548 1697 684 1752 Deus
715 1698 884 1761 Isaac,
907 1701 957 1751 et
990 1697 1126 1751 Deus
1156 1696 1359 1751 Iacob?
1388 1698 1762 1767 Ecquomodo
1802 1698 1911 1752 erit
1946 1699 2113 1765 Deus,

471 1786 626 1842 Deus
656 1803 828 1840 verus
851 1802 1052 1840 eorum
1086 1785 1185 1856 qui
1221 1802 1506 1856 nusquam
1534 1786 1711 1840 futuri
1744 1792 1903 1853 sunt,
1938 1787 2035 1841 sed
2062 1788 2119 1841 in
2155 1763 2199 1828 Β

470 1876 728 1933 nihilum
784 1875 1058 1931 redacti?
1115 1876 1296 1930 Eccur
1346 1876 1684 1945 paradisum
1717 1878 1786 1931 ad
1837 1877 2118 1932 orientem

473 1964 757 2035 plantavit
786 1965 844 2019 in
898 1968 1049 2019 terra
1082 1965 1275 2027 Edcm,
1316 1965 1372 2018 in
1416 1981 1531 2036 quo
1584 1965 1910 2030 hominem,
1946 1982 2117 2035 quem

474 2054 776 2120 formarat,
798 2054 1012 2124 posuit,
1028 2054 1071 2107 si
1097 2053 1263 2108 illum
1289 2054 1483 2109 statim
1499 2055 1735 2125 quidem
1759 2062 2119 2125 peccaturum

484 2147 673 2207 norat,
706 2149 759 2197 et
787 2159 815 2196 e
849 2143 1116 2213 paradiso
1148 2144 1206 2197 in
1239 2144 1505 2198 exsilium
1541 2146 1788 2215 ejectum
1824 2145 2120 2213 iri,nemi-

482 2247 617 2287 nem
644 2246 773 2286 vero
806 2238 1002 2301 postea
1021 2248 1085 2286 ex
1125 2232 1458 2287 hominibus
1484 2233 1540 2287 in
1564 2233 1663 2289 illo
1682 2233 2123 2289 habitaturum?

480 2319 707 2375 Etenim
740 2319 788 2375 si
821 2336 1045 2389 omnes,
1081 2321 1199 2375 sive
1230 2322 1331 2392 qui
1364 2322 1515 2392 piam
1549 2323 1669 2378 sive
1701 2321 1938 2394 impiam
1971 2323 2121 2378 hanc

474 2409 657 2464 vitam
682 2414 1018 2480 exegerunt,
1051 2411 1296 2466 decurso
1340 2412 1464 2466 vita:
1497 2412 1803 2482 praesentis
1836 2413 2026 2467 stadio
2060 2412 2118 2466 in

477 2498 728 2555 nihilum
764 2498 1050 2569 recidunt,
1086 2515 1189 2555 nec
1213 2501 1525 2571 quisquam
1557 2506 1773 2568 manet,
1807 2500 1908 2572 qui
1942 2518 2117 2573 para-

475 2588 660 2644 disum
695 2593 758 2642 ut
788 2587 972 2643 haeres
1004 2594 1267 2661 occupet,
1302 2590 1628 2661 divinisque
1661 2590 1889 2661 gaudiis
1929 2592 1986 2644 in
2021 2589 2118 2646 illo

474 2679 823 2750 perfruatur,
870 2680 1163 2750 quomodo
1205 2696 1320 2735 non
1384 2680 1504 2736 haec
1564 2680 1792 2752 ingrata
1839 2681 2119 2736 adversus

473 2769 675 2833 Deum,
708 2771 765 2821 et
809 2766 991 2837 impia
1023 2769 1240 2839 opinio,
1274 2769 1487 2824 frustra
1528 2773 1792 2825 creatum
1842 2769 2117 2838 ostendit,

469 2861 527 2913 et
558 2872 659 2927 per
693 2856 841 2911 hanc
873 2857 930 2912 in
965 2857 1127 2912 illum
1170 2858 1470 2929 injuriam,
1496 2858 1686 2929 ipsum
1740 2874 2113 2914 communem

470 2962 659 3002 rerum
694 2947 1021 3001 effectorem
1071 2948 1251 3001 Deum
1286 2949 1707 3005 contumeliose
1756 2949 2113 3019 perstringit,

2240 529 2331 583 τὸν
2397 527 2627 602 μηδαμῆ
2680 528 2958 605 μηδαμῶς
3016 532 3152 587 κατᾶ
3207 534 3296 587 τὸν
3360 532 3618 589 Δοσιθέου
3681 533 3888 613 δύσφη-

2243 638 2344 689 μον
2401 616 2572 692 λῆρον
2625 616 2926 692 δυνάμενον
2984 622 3152 692 sim;
3226 622 3399 678 Πάλιν
3457 620 3513 677 δὲ
3565 625 3695 685 τοὺς
3741 626 3884 685 υἱοὺς

2234 706 2535 780 εὐλογήσας
2598 710 2625 763 6
2694 705 2891 763 Ἰακώϐ
2950 732 3134 787 φησιν.
3196 712 3339 788 Ἐγὼ
3398 709 3456 766 δὲ
3527 717 3887 786 προστιθεμαι

2233 796 2370 869 πρὸς
2426 796 2517 850 τὸν
2579 795 2711 851 λαόν
2771 819 2899 871 μου.
2962 800 3021 855 Ei
3080 802 3183 875 γὰρ
3270 801 3681 875 περατουμένην
3771 802 3888 877 ᾔδει

2234 885 2332 953 τήν
2380 884 2602 960 ὕπαρξιν
2651 888 2825 942 αὐτοῦ
2869 893 2947 960 τῷ
2999 893 3189 962 περατι
3256 894 3349 943 τοῦ
3407 892 3678 965 παρόντος
3742 894 3885 967 βίου,

2233 977 2349 1036 πῶς
2404 971 2561 1050 ἔλεγε
2609 978 2991 1049 προστίθεσθαι
3030 979 3105 1050 μὴ
3162 974 3237 1031 ὤν
3294 979 3453 1041 αὐτὸς
3521 985 3598 1051 τῷ
3654 981 3883 1054 μηδαμῆ

2236 1060 2510 1136 μηδαμῶς
2560 1060 2674 1120 ὄντι
2735 1065 2900 1121 αὐτοῦ
2952 1066 3107 1138 λαῴ;
3151 1070 3287 1142 Ὃρα
3355 1066 3432 1135 δὲ,
3489 1068 3578 1124 καί
3638 1070 3799 1133 αὐτὸς
3859 1075 3884 1127 ὸ

2235 1154 2516 1223 Δεσπότης
2565 1156 2608 1190 ⁸¹
2654 1154 2743 1208 καὶ
2794 1156 2922 1216 Θεὸς
2971 1160 3079 1211 τῶν
3125 1155 3269 1211 ὅλῶν
3319 1158 3370 1211 τί
3421 1157 3683 1235 λέγειτῷ
3724 1168 3885 1214 Mai-3-

2232 1249 2330 1313 σεῖ,
2382 1244 2471 1298 ὅτε
2528 1244 2687 1299 αὐτὸν
2744 1245 2820 1305 εἰς
2886 1248 2947 1300 τὸ
3016 1246 3144 1321 ὅρος
3212 1243 3524 1318 ἀναϐιϐάζει
3590 1250 3655 1305 τὸ
3714 1252 3885 1325 πέραν

2229 1327 2420 1387 Ναϐαὒ
2451 1333 2497 1369 8³
2554 1332 2643 1388 καὶ
2681 1336 2780 1389 τ’ἓν
2869 1342 2895 1352 ⁸
2980 1333 3101 1390 ἐ”“
3228 1334 3251 1373 θ’
3351 1336 3402 1389 1“
3470 1334 3495 1358 ”
3573 1337 3645 1394 λλ
3871 1373 3892 1383 -

2502 1376 2517 1401 ,
2739 1372 2748 1403 ‘
2829 1358 2930 1411 γην
3013 1355 3305 1392 ιιιοεικυδει
3374 1359 3416 1405 ιθ
3470 1359 3569 1411 εμε
3652 1360 3677 1393 ε
3732 1360 3870 1395 κατα

2228 1420 2586 1495 κληροδοτεῖν
2646 1428 2723 1494 τῷ
2782 1422 3045 1498 Ἰσραήλς
3116 1427 3338 1503 Ἐπάγει
3395 1427 3521 1503 γὰρ,
3592 1428 3693 1483 Καὶ
3767 1429 3885 1504 ὄψει

2230 1510 2419 1581 αὐτήνσ
2494 1513 2624 1585 εἶτα,
2713 1514 2817 1568 Καὶ
2904 1516 3247 1589 προστεθήσῃ
3332 1517 3466 1590 πρὸς
3556 1518 3654 1580 τὸς
3749 1517 3882 1575 λαόν

2229 1620 2324 1653 σου
2382 1600 2472 1654 καὶ
2533 1602 2616 1673 σὺ,
2667 1604 2805 1657 καθᾶ
2860 1605 3159 1676 προσετέθη
3204 1605 3295 1658 καὶ
3349 1606 3560 1679 Ἀαρὼν
3627 1607 3657 1661 ’ὁ
3722 1606 3890 1663 αδελ-

2227 1689 2325 1767 φός
2378 1711 2494 1746 σου.
2558 1692 2683 1763 [888
2727 1693 2819 1763 3.]
2881 1694 3090 1749 Ἐκεῖνο
3146 1690 3202 1747 δὲ
3258 1696 3409 1756 τίνας
3468 1697 3571 1750 οὐκ
3630 1694 3693 1751 ἂν
3762 1696 3886 1752 δυσ-

2230 1782 2522 1849 ωπήσειεν,
2590 1780 2755 1835 αὐτοῦ
2812 1785 2945 1836 Θεοῦ
2994 1784 3121 1854 [468
3171 1785 3260 1855 Η.]
3320 1781 3738 1859 διακεκραγότος
3795 1788 3885 1841 καὶ

2231 1866 2508 1944 λὲγοντος.
2570 1870 2715 1945 Ἐγώ
2774 1868 2889 1942 εἶμι
2955 1872 2983 1924 6
3038 1871 3167 1934 Θεὸς
3224 1867 3472 1947 Ἀϐρᾶἁμ
3526 1874 3616 1928 καὶ
3678 1875 3707 1928 6
3759 1877 3889 1937 Θεὸς

2232 1958 2417 2014 Ἰσαὰκ
2464 1959 2550 2012 καὶ
2604 1960 2631 2012 6
2687 1959 2815 2020 Θεὸς
2868 1955 3102 2028 Ἰακώϐς
3157 1965 3281 2024 Πῶς
3330 1962 3436 2036 γὰρ
3484 1961 3545 2017 ἂν
3609 1962 3693 2033 εἴη
3746 1965 3885 2025 Θεὸς

2233 2047 2260 2100 6
2306 2045 2568 2115 ἀληθινὸς
2618 2048 2746 2109 Θεὸς
2793 2052 2901 2101 τῶν
2952 2048 3147 2121 μηκέτι
3188 2048 3501 2121 ἐσωμὲνων,
3550 2048 3692 2105 ἀλλὰ
3740 2052 3883 2106 ἀπο-

2232 2133 2533 2213 φθαρέντων
2568 2135 2642 2197 εἷς
2674 2136 2737 2190 τὸ
2772 2137 2846 2208 μή
2882 2132 2938 2191 ὅν
2968 2156 2980 2206 ;
3011 2137 3067 2192 Τί
3102 2135 3160 2192 δὲ
3189 2140 3278 2193 καὶ
3318 2140 3409 2194 τὸν
3449 2142 3582 2194 κατὰ
3613 2138 3885 2200 ἀνατολὰς

2231 2221 2552 2294 παράδεισον
2618 2225 2893 2301 ἐφύτευσε,
2948 2226 3040 2280 τὸν
3100 2226 3152 2280 ἐν
3212 2225 3399 2301 Ἐδὲμ,
3458 2229 3510 2283 ἐν
3651 2231 3746 2285 τὸν
3794 2231 3884 2285 ἄνα

2232 2317 2445 2387 θρωπον
2499 2315 2557 2367 ὃν
2617 2312 2844 2368 ἔπλασεν
2903 2312 3070 2384 ἔθετο,
3142 2316 3188 2371 εἰ
3246 2316 3445 2372 ἐκεῖνον
3542 2319 3641 2387 μὶν
3732 2317 3885 2379 εὒθῦς

2230 2398 2637 2477 παραϐήσεσθαι
2707 2400 2828 2477 ᾔδει
2886 2406 2975 2459 καὶ
3044 2402 3140 2459 τοῦ
3217 2406 3426 2481 χωρίου
3510 2410 3885 2482 γενησόμενον

2233 2493 2539 2565 ὑπερόριον,
2602 2489 2806 2563 μηδένα
2864 2490 2922 2547 δὲ
2978 2498 3085 2548 τῶν
3147 2497 3283 2569 μετὰ
3334 2496 3500 2551 ταῦτα
3580 2496 3885 2571 ἁνσρώπων

2235 2579 2511 2653 μέλλοντα
2568 2579 2733 2635 πάλιν
2794 2581 3035 2652 οἰκήσειν
3092 2582 3289 2653 αὐτόνς
3358 2584 3421 2641 Ei
3500 2586 3607 2660 γὰρ
3664 2585 3887 2650 ἕκαστος

2228 2671 2318 2725 καὶ
2363 2674 2469 2725 τῶν
2520 2666 2755 2733 εὐσεϐῶς
2796 2672 2842 2707 ⁸³
2890 2666 3236 2746 βεϐιωκότων
3298 2676 3390 2727 καὶ
3442 2678 3551 2729 τῶν
3612 2672 3887 2738 δυσσεϐῶς

2229 2760 2710 2833 πολιτευσαμένων
2746 2761 2880 2833 μετᾶ
2935 2761 2999 2817 τὸ
3048 2760 3264 2818 στάδιον
3304 2767 3400 2818 τοῦ
3444 2766 3721 2837 παρόντος
3764 2761 3884 2821 ϐίου

2228 2852 2363 2926 πρὸς
2421 2852 2483 2905 τὸ
2547 2852 2622 2923 μή
2682 2848 2739 2905 ὃν
2799 2849 3086 2906 ἀναλύεται
3118 2854 3186 2923 ⁸⁴,
3244 2854 3332 2907 καὶ
3430 2851 3608 2915 οὖδείς
3697 2855 3882 2909 οὐκέτι

2230 2938 2467 3014 διαμένει
2517 2938 2655 2995 ὥστε
2701 2941 2791 2995 καὶ
2839 2938 3169 3015 παράδεισον
3228 2942 3598 3016 κληρονομεῖν
3659 2944 3883 3013 καὶτῆς

3542 2319 3641 2391 μὶν

467 3035 694 3103 quando
727 3032 895 3087 illum
928 3050 989 3087 ca
1023 3034 1225 3089 fecisse
1258 3036 1576 3103 insimulat,
1601 3053 1729 3107 quae
1760 3051 1866 3092 nec
1890 3036 2105 3092 medio-

2229 3030 2279 3086 ἐν
2342 3029 2489 3101 αὐτῷ
2546 3036 2751 3104 τρυφῆς
2810 3029 3105 3087 ἀπολαύειν
3163 3033 3334 3106 ἱερᾶς,
3393 3035 3511 3093 πῶς
3589 3032 3653 3086 οὐ
3707 3032 3883 3103 μάτην

2265 3118 2277 3136 ς
2326 3120 2338 3135 ς
2603 3125 2630 3136 -
2673 3120 2697 3136 η
2836 3120 2848 3136 .
3058 3119 3070 3136 ι
3218 3120 3232 3136 .
3336 3121 3346 3136 .
3641 3120 3655 3136 ς
3754 3120 3778 3136 κ

464 3121 639 3175 criter
672 3122 925 3189 prudens
962 3138 1224 3193 unquam
1261 3124 1519 3179 faceret?

465 3202 629 3274 σεϐἡς
701 3206 978 3281 ὑπόληψις
1024 3208 1293 3287 ἀποφανεῖ

2222 3118 2377 3174 αὐτὸν
2437 3120 2759 3193 γεγενῆσθαι
2826 3120 2860 3187 ἦ
2917 3119 3145 3189 τοιαύτη
3206 3120 3481 3195 ἀγνώμων
3564 3120 3659 3175 καὶ
3750 3120 3881 3176 δυσ-

1278 3213 1398 3277 is“,
1458 3212 1547 3265 καὶ
1589 3208 1677 3265 διὰ
1734 3218 1833 3280 τῆς
1892 3212 1966 3271 είς
2025 3210 2228 3266 ἐκεῖνον
2286 3204 2496 3279 ὕϐρεως
2558 3208 2650 3263 τὸν
2710 3207 2889 3263 κοινὸν
2949 3204 3216 3280 ἐξυϐρίσει
3275 3210 3646 3284 Δημιουργὸν,
3707 3211 3882 3266 ἐκεῖνα

464 3295 715 3367 πράττειν
748 3302 1088 3369 κατηγορῶν,
1124 3297 1155 3350 ἃ
1191 3298 1330 3369 μηδὲ
1365 3300 1583 3371 μέτριος
1614 3298 1673 3353 ἄν
1701 3321 1785 3360 τις
1820 3298 2172 3375 διαπράξαιτο
2202 3298 2338 3371 ἀνήρ
2365 3320 2379 3367 ;

535 3385 629 3441 Sic
679 3386 921 3458 impiam
986 3389 1236 3443 Dosithei
1286 3394 1354 3446 de
1404 3392 1830 3447 resurrectione
1871 3398 2109 3448 senten-

464 3474 607 3530 tiam
640 3491 706 3531 ex
738 3492 899 3531 sacra
931 3477 1229 3547 Scriptura
1248 3482 1529 3546 refutans,
1554 3482 2107 3538 ostenditmundum

464 3565 780 3636 corrumpi,
806 3581 980 3637 quem
1006 3564 1104 3620 ille
1134 3565 1658 3638 incorruptibilem,
1694 3568 1952 3623 animam
1982 3586 2108 3625 vero

462 3654 900 3725 corruptibilem
935 3660 1259 3711 monstrose
1293 3656 1550 3729 ﬁngebat
1583 3674 1595 3711 :
1630 3658 1963 3729 angelorum
2000 3676 2107 3713 na-

461 3747 655 3798 turam
699 3761 732 3799 a
779 3744 893 3800 Deo
927 3744 1161 3814 factam,
1199 3763 1373 3817 quam
1410 3747 1651 3802 insanus
1710 3747 1807 3803 ille
1865 3748 2015 3804 inter
2044 3764 2109 3803 ea

463 3848 592 3904 qua:
623 3849 911 3904 nusquam
944 3834 1257 3903 exsistunt,
1288 3834 1578 3905 ponebat;
1612 3835 1939 3891 daemonum
1964 3851 2110 3906 quo-

461 3938 574 3992 que
604 3937 787 3993 genus
818 3924 1033 3978 factum
1066 3939 1216 3989 esse,
1250 3929 1305 3978 et
1338 3940 1572 3979 manere
1606 3942 1618 3991 ;
1653 3924 1931 3980 Dostheni
1974 3942 2108 3981 vero

462 4011 615 4066 idola
682 4028 783 4066 seu
845 4012 1176 4077 simulacra,
1229 4014 1524 4068 daemonas
1554 4030 1681 4069 esse
1743 4014 2107 4084 dictitabant,

465 4100 623 4154 aliud
658 4115 841 4171 genus
867 4101 1289 4156 daemoniorum
1322 4102 1552 4157 nullum
1585 4104 1978 4175 agnoscebant
2005 4122 2018 4173 ;
2043 4121 2108 4161 eo

461 4188 702 4243 insaniae
726 4188 883 4245 illum
924 4207 1049 4246 esse
1084 4207 1459 4261 progressum
1494 4192 1770 4249 ostendit.

534 4278 721 4333 2866
761 4282 821 4334 In
881 4280 990 4335 hoc
1039 4281 1256 4351 [porro]
1305 4280 1449 4336 libro
1490 4283 1867 4351 quaestionem
1927 4282 2108 4350 addit,

461 4382 582 4434 cur,
606 4382 740 4421 cum
775 4366 961 4422 multa
988 4372 1187 4423 essent
1216 4369 1497 4423 animalia
1533 4370 1686 4424 inter
1718 4371 1941 4426 munda
1989 4388 2106 4426 nu-

465 4464 701 4523 merata,
738 4456 1001 4527 quinque
1050 4466 1271 4512 tantum
1325 4458 1656 4514 sacriﬁcata
1689 4459 1922 4525 fuerint,
1956 4468 2010 4515 et
2040 4462 2108 4515 ab

2290 3386 2444 3443 Οὕτω
2503 3389 2564 3443 τὸ
2623 3383 2874 3450 δυσσεϐὲς
2947 3389 3070 3462 περὶ
3155 3389 3497 3450 ἀναστάσεως
3593 3387 3685 3444 διά
3770 3395 3879 3446 τῶν

2219 3477 2547 3551 ἱερολογιῶν
2609 3478 2862 3533 Δοσιθέου
2920 3480 3177 3553 κήρυγμα
3230 3474 3585 3547 καταϐαλὼν,
3642 3479 3732 3533 καὶ
3794 3482 3880 3535 δτι

2219 3568 2450 3643 φθαρτὸς
2524 3568 2551 3620 6
2626 3569 2834 3640 κόσμος
2916 3564 3142 3638 (ἐκεῖνος
3204 3567 3307 3642 γὰρ
3375 3569 3625 3645 φθαρτὴν
3681 3570 3779 3640 μὲν
3835 3572 3879 3605 ⁸⁸

2215 3658 2314 3725 τήν
2362 3658 2567 3730 ψυχὴν,
2616 3654 2887 3733 ἄφθαρτον
2940 3654 2997 3710 δὲ
3044 3661 3234 3712 τοῦτον
3286 3655 3721 3732 ἓτερατολὸγει),
3782 3660 3875 3712 καὶ

2218 3747 2301 3801 ὅτι
2356 3750 2461 3801 τῶν
2512 3745 2757 3820 ἀγγέλων
2814 3748 2847 3814 ἡ
2898 3744 3055 3822 φύσις
3103 3747 3248 3819 παρὰ
3298 3750 3431 3800 Θεοῦ
3487 3746 3691 3816 ὑπέστη
3740 3750 3873 3817 (τῶν

2216 3835 2316 3910 γάρ
2353 3837 2427 3908 μὴ
2461 3830 2629 3889 ὄντων
2664 3835 2757 3889 καὶ
2787 3835 2993 3889 τούτων
3034 3837 3132 3904 τὴν
3159 3835 3315 3910 φύσιν
3347 3837 3391 3871 ⁸⁷
3410 3835 3619 3896 ἐκεῖνος
3642 3838 3670 3890 6
3694 3833 3878 3909 ληρῶ.

2219 3924 2317 3996 δης
2349 3925 2606 3999 ἐνόμιζε),
2629 3926 2716 3980 ναὶ
2750 3923 2815 3994 δὴ
2848 3926 2940 3980 καὶ
2970 3926 3053 3979 ὅτι
3086 3926 3147 3980 τὸ
3181 3923 3462 3997 δαιμόνιον
3483 3927 3684 4001 γέγονε
3706 3948 3767 3982 τε
3788 3930 3877 3982 καὶ

2218 4013 2457 4086 διαμένει
2484 4013 2652 4091 φῦλον
2673 4015 2752 4086 (οἱ
2770 4015 2871 4089 γάρ
2893 4015 3156 4083 Δοσθηνοὶ
3188 4016 3258 4069 τὰ
3300 4016 3392 4087 μὲν
3436 4013 3650 4069 εἴδωλα
3682 4012 3880 4088 δαίμο-

2215 4126 2305 4166 νας
2336 4103 2545 4178 ἔλεγον,
2580 4102 2719 4159 ἄλλο
2743 4101 2801 4158 δέ
2820 4125 2872 4159 τι
2898 4101 3178 4178 δαιμόνιον
3203 4103 3375 4182 φῦλον
3401 4103 3502 4158 οὐκ
3524 4105 3878 4179 ἐγίνωσκον),

2219 4195 2293 4255 εἰς
2342 4191 2560 4263 πολλὴν
2607 4192 2765 4248 αὐτὸν
2816 4192 3006 4248 ἐλάσαι
3064 4188 3495 4273 ορενοϐλάϐειαν
3558 4193 3876 4269 διήλεγξεν.

2290 4284 2378 4340 Ἑν
2436 4282 2611 4354 τούτῳ
2676 4286 2757 4354 τῷ
2827 4277 3032 4355 βιϐλίῳ
3092 4281 3318 4357 ἀπορίαν
3375 4284 3603 4356 προθεὶς
3658 4286 3727 4351 ⁸⁸,
3789 4285 3876 4339 δτι

2217 4371 2444 4427 πολλῶν
2504 4368 2673 4426 ὄντων
2735 4373 2889 4440 ζώων
2950 4371 2981 4425 ’ὰ
3030 4378 3129 4441 τῆς
3166 4377 3275 4427 τῶν
3327 4373 3577 4446 καθαρῶν
3660 4371 3875 4447 ὲταχθη

2221 4458 2463 4535 μερίδος,
2524 4458 2612 4515 διὰ
2655 4461 2706 4515 τί
2753 4465 2905 4516 πὲντε
2975 4482 3114 4535 μονα
3181 4460 3523 4529 ἐθυσιάζοντο
3578 4467 3697 4522 τοῖς
3754 4483 3874 4516 πα·-

466 4544 720 4615 antiquis
745 4524 1007 4617 [πράξειε]
1041 4546 1108 4600 ad
1142 4562 1260 4602 rem
1304 4546 1559 4603 divinam
1592 4547 1874 4613 adhibita,
1914 4524 2109 4605 hircus

2227 4550 2396 4604 λαιοῖς
2427 4549 2517 4605 καὶ
2564 4550 2965 4623 ἱερουργοῦντο,
2995 4550 3193 4626 τράγος
3241 4550 3333 4605 καὶ
3377 4550 3523 4623 κριὸς
3562 4549 3651 4602 καί
3700 4550 3865 4620 βοῦς,

464 4649 694 4706 nempe,
719 4639 774 4689 et
796 4634 968 4701 aries,
992 4640 1048 4690 et
1070 4636 1192 4703 bos,
1223 4640 1417 4690 turtur
1438 4640 1493 4691 et
1514 4635 1785 4691 columba
1806 4637 1833 4691 ?
1856 4638 2103 4709 Respon-

461 4725 578 4791 det,
611 4724 843 4795 antiqua
875 4724 1119 4796 figuram
1153 4742 1301 4794 esse,
1335 4735 1392 4780 et
1425 4726 1693 4798 pleraque
1735 4728 1804 4782 ad
1836 4727 2105 4798 aenigma-

454 4820 583 4871 tum
611 4815 1001 4888 cognitionem
1020 4815 1243 4870 referri.
1270 4815 1539 4886 Quinque
1570 4820 1759 4872 autem
1780 4833 1849 4872 ex
1870 4818 2103 4875 mundis

453 4905 765 4961 sacrificari
801 4903 903 4971 ait,
930 4904 1083 4973 quod
1108 4919 1207 4973 per
1230 4903 1331 4959 illa
1354 4906 1611 4975 quinque
1641 4921 1851 4962 sensus
1873 4912 2101 4963 nostros

453 4994 575 5064 pari
606 5010 847 5050 numero
878 4992 1129 5049 voluerit
1152 4992 1453 5049 insinuare
1478 5011 1490 5049 :
1518 4993 1611 5049 bis
1642 4995 1794 5049 enim
1832 4997 2097 5066 puriﬁca-

450 5087 538 5138 tos
570 5100 672 5140 seu
695 5083 949 5139 mundos
975 5098 1079 5138 nos
1107 5083 1421 5154 adjungere
1438 5083 1621 5139 Verbo
1653 5084 1776 5139 vult
1804 5083 2101 5157 legislator

453 5174 509 5224 et
547 5172 823 5231 decernit.
880 5177 1069 5245 Atque
1131 5173 1250 5228 haec
1297 5173 1531 5246 quidem
1593 5173 1681 5246 [ex
1736 5175 2099 5233 orationibus

454 5256 699 5330 Eulogii]
731 5267 1002 5333 excerpta
1033 5268 1192 5319 sunt.

522 5359 544 5387 ο
573 5349 714 5402 Gen.
748 5365 899 5417 xmx,
933 5352 1021 5405 29.
1099 5354 1116 5393 ί
1148 5354 1307 5410 Deut.
1358 5370 1531 5424 xxxu,
1566 5354 1654 5423 49,
1674 5355 1763 5411 50.

2212 4639 2426 4714 τρυγὼν
2476 4638 2565 4693 καὶ
2616 4641 2941 4713 περιστερά;
3015 4639 3113 4694 Καὶ
3172 4638 3468 4706 ἐπιλύεται,
3521 4635 3688 4691 τύπον
3758 4637 3863 4711 μὶν

2214 4729 2347 4783 εἶναι
2397 4725 2573 4805 λέγων
2624 4729 2690 4783 τὰ
2738 4728 2966 4797 παλαιὰ,
3009 4728 3097 4783 καὶ
3138 4730 3207 4783 τὰ
3256 4727 3433 4784 πλείω
3479 4726 3551 4789 εἰς
3607 4726 3874 4802 αἰνιγμά-

2210 4839 2317 4872 των
2374 4818 2724 4898 ἀναφέρεσθαι
2786 4817 3035 4891 θεωρίαν,
3092 4819 3250 4873 πέντε
3306 4815 3361 4873 δὶ
3434 4815 3495 4872 ὲκ
3573 4817 3683 4871 τῶν
3771 4839 3870 4871 κα-

2212 4909 2391 4982 θαρῶν
2455 4910 2874 4984 ἱερουργεῖσθαι,
2933 4908 3023 4963 ἅτε
3100 4905 3165 4976 δὴ
3246 4907 3334 4963 καὶ
3404 4908 3501 4968 τὰς
3597 4907 3873 4983 ἡμετερας

2210 4994 2484 5066 αἶ’σθήσεις
2539 4997 2630 5052 τὸν
2684 4995 2800 5051 ἴσον
2847 4995 3079 5071 ἀριθμὸν
3142 4990 3606 5066 ὑποϐαλλόμενος
3643 4997 3690 5031 θ’
3736 4994 3869 5049 ταύο

2209 5104 2305 5147 τας
2361 5085 2462 5162 γὰρ
2514 5087 2662 5157 ἡμᾶς
2712 5081 3117 5160 κεκαθαρμένας
3174 5085 3470 5161 προσάγειν
3538 5088 3621 5155 τῷ
3707 5085 3868 5159 Λόγῳ

2209 5175 2491 5246 νομοθετεῖ
2547 5194 2605 5229 τε
2644 5174 2733 5229 καὶ
2790 5172 3049 5249 βούλεται
3107 5173 3136 5228 6
3190 5172 3520 5246 νομοθέτης.
3581 5170 3769 5228 Ἀλλᾶ
3801 5173 3867 5225 τὰ

2214 5268 2310 5341 μὲν
2338 5274 2437 5338 τῆς
2471 5267 2709 5342 ἐκλογῆς
2735 5267 2787 5322 ἐν
2814 5264 3054 5329 τοὺτοις.

1800 5429 1891 5484 VA
1904 5429 2045 5485 RUE
2088 5430 2503 5489 LECTIONES.

523 5508 566 5543 δι
599 5502 865 5575 δεσπότης
932 5526 1047 5566 om.
1110 5514 1169 5566 Β.
1276 5513 1323 5547 ⁸⁸
1353 5508 1536 5569 Ναϐάτ
1570 5522 1627 5571 Β.

1732 5516 1780 5553 ⁸³
1812 5515 2047 5580 εὐσεϐῶς
2076 5524 2137 5574 Α.

2692 5519 2752 5595 ⁸⁵-
2777 5515 3062 5595 ἆπριεαίνει
3104 5521 3169 5577 Α.
3198 5592 3214 5595 _
3270 5518 3317 5595 _“
3361 5516 3453 5589 μὲν
3526 5519 3575 5595 ,ξ
3606 5532 3621 5573 :
3648 5512 3861 5595 ἔπερς’.

2214 5519 2261 5555 ⁸⁸
2294 5517 2589 5580 διαλύεται.

453 5579 499 5667 ξ’
527 5576 738 5667 τεύξερν
779 5580 876 5665 Tit"
908 5579 1063 5655 φύσιν
1099 5588 1155 5651 Β,
1186 5588 1380 5638 τοῦτον
1423 5590 1578 5664 φῦσιν
1619 5591 1658 5646 C
1704 5596 1760 5644 et
1802 5608 1886 5663 pr.
1942 5599 2002 5646 A.
2037 5576 2045 5580 ⁷
2082 5591 2130 5626 δδ
2181 5592 2432 5667 προσθείς
2635 5592 2691 5649 ⁸9,
2733 5576 3215 5665 ὑποϐάλλὸμενος]
3264 5576 3510 5648 fortasse
3554 5576 3863 5661 legendu'm

453 5645 925 5724 ὑποϐαλλομέναςξ
