4138 6228
323 371 481 431 1089

1075 497 1235 554 ΣΔΑ’

451 586 771 667 Σωφρονίου
803 582 1203 661 Ἱεροσολύμων
1239 583 1496 655 συνοδική
1531 585 1853 658 Ἐπιστολήο

396 677 734 752 Ἀνεγνώσθη
801 672 1084 753 Σωφονίου
1141 672 1548 749 Ἱεροσολύμων
1625 676 1972 755 πατριάρχου

325 764 617 835 Συνοδικὴ,
676 764 711 832 ἢ
806 762 1084 830 ἀπεστάλη
1145 763 1196 816 ἐν
1286 763 1472 838 Ῥώμῃ
1557 763 1803 838 Ὀνωρίῳ
1894 769 1973 837 τῷ

321 857 526 927 ταὺτης
577 854 900 932 ἐπάρχοντι.
961 851 1110 922 Αὕτη
1171 855 1206 922 ἡ
1267 851 1531 922 ἐπιστολή
1592 852 1814 928 πλήρης
1875 856 1970 927 μὲν

325 945 465 1003 ἐστιν
527 940 818 1016 εὐσεϐείας,
868 942 1232 1016 ἐννεωτερίζει
1287 939 1345 997 δέ
1427 941 1721 1018 πολλαχοῦ
1759 945 1808 980 9°
1857 949 1975 1008 τοῖς

326 1036 556 1111 ῥήμασι,
614 1035 857 1109 καθάπερ
923 1054 1007 1095 τις
1066 1033 1256 1095 πῶλος
1318 1031 1780 1107 ἐπιγαυρούμενος
1855 1039 1972 1095 τοῖς

325 1128 673 1200 σκιρτήμασι.
739 1123 890 1192 Πλὴν
947 1125 1048 1192 τήν
1102 1143 1160 1176 τε
1209 1118 1500 1196 ὀρθόδοξον
1576 1121 1651 1183 ὡς
1736 1122 1973 1195 μάλιστα

318 1216 546 1291 γνώμην
603 1208 900 1288 ἐξακριϐοῖ,
957 1212 1049 1266 καὶ
1103 1215 1213 1266 τῶν
1289 1211 1448 1284 ἱερῶν
1533 1207 1824 1287 δογμάτων
1911 1211 1972 1266 ού

321 1307 422 1373 τήν
480 1307 749 1378 τυχοῦσαν
810 1303 1043 1376 μάθησιν
1105 1299 1488 1357 ἐπιδείκνυται.
1549 1302 1635 1358 Ἑν
1698 1301 1864 1374 ταύτῃ
1902 1305 1970 1375 τῇ

321 1393 585 1467 ἐπιστολῇ
645 1392 892 1467 εὑρήσεις
963 1392 1054 1446 καὶ
1123 1391 1341 1465 Μάγνον
1425 1389 1516 1444 σὺν
1606 1388 1972 1464 Ἀπολιναρίῳ

318 1483 868 1556 άναθεματιζόμενον,
917 1480 1008 1536 καὶ
1061 1478 1418 1554 Θεοδώρητον
1483 1486 1585 1548 τῆς
1639 1477 1969 1550 Ἑκκλησίας

319 1575 423 1628 οὒκ
457 1574 993 1648 ἀποκηρυττόμενον,
1048 1570 1093 1626 εἰ
1141 1571 1231 1626 καὶ
1271 1570 1324 1625 ἐν
1376 1573 1459 1631 οἷς
1509 1569 1786 1646 Κυρίλλου
1843 1591 1971 1625 κατ’

317 1664 624 1741 ἐψηφίσατο
680 1662 742 1716 τὸ
802 1658 1070 1733 ἅδόκιμου
1128 1661 1218 1715 καὶ
1280 1658 1532 1732 μεμπτὸν
1605 1659 1973 1734 ἀπηνέγκατο,

317 1751 497 1808 Ἀλλά
555 1752 647 1807 καὶ
705 1751 780 1812 ὡς
838 1747 1012 1814 ἄλλος
1065 1748 1157 1821 μέν
1213 1748 1354 1803 ἐστιν
1414 1748 1692 1824 Ὠριγένης
1755 1750 1784 1802 6
1866 1769 1974 1802 πα-

1368 365 1911 430 BlBLIOTHECA.
1959 399 2035 417 —
2077 370 2252 431 COD.
2302 369 2602 434 CCXXXI.

2003 507 2059 570 Α

3571 378 3730 441 1090

2213 589 2514 663 Sophronii
2552 592 3000 665 Hierosolymita
3029 594 3289 665 synodica
3319 597 3593 669 Epistola.

2153 679 2290 751 Legi
2323 681 2623 751 Epistolam
2668 683 2990 753 synodicam
3021 683 3333 755 Sephronii
3387 689 3727 756 patriarcha

2082 767 2610 841 Hierosolymitani,
2637 770 2886 828 Honorio
2923 772 3182 828 Romano
3215 774 3549 845 imperatori
3584 778 3732 832 mis-

2083 874 2229 914 sam.
2262 857 2393 914 Hac
2447 859 2694 929 epistola
2720 859 2890 930 plena
2929 866 3017 916 est
3049 863 3276 932 pietate,
3315 863 3475 920 novis
3509 866 3726 936 passim

2082 947 2295 1014 verbis,
2330 953 2392 1002 ut
2421 949 2553 1020 equi
2589 949 2786 1019 pullus
2819 950 3069 1006 saltibus
3117 954 3400 1022 gaudens,
3435 953 3545 1008 nisi
3578 957 3732 1025 quod

2084 1041 2303 1093 rectam
2327 1037 2661 1108 opinionem
2690 1039 2997 1110 diligenter
3026 1043 3334 1108 examinet,
3359 1047 3415 1096 et
3431 1059 3732 1100 sacrorum

2083 1126 2426 1196 dogmatum
2442 1143 2554 1182 non
2573 1127 2870 1184 fortuitam
2888 1145 3016 1184 esse
3031 1131 3416 1198 cognitionem
3440 1135 3730 1191 ostendat.

2083 1214 2146 1269 In
2181 1215 2290 1271 hac
2318 1215 2560 1286 epistola
2593 1217 2862 1273 invenias
2896 1217 3171 1289 Magnum
3209 1236 3339 1274 cum
3375 1221 3730 1291 Apollinario

2082 1304 2652 1361 excommunicatum
2686 1311 2743 1361 et
2782 1307 3206 1362 Theodoretum
3235 1309 3304 1363 ab
3329 1309 3581 1366 Ecclesia
3614 1328 3728 1367 non

2083 1392 2428 1460 ahmissum,
2462 1393 2570 1450 etsi
2604 1395 2702 1450 ubi
2730 1395 3006 1468 Cyrillum
3039 1399 3354 1464 damnavit,
3400 1416 3639 1469 pravum
3673 1404 3730 1456 et

2085 1482 2304 1538 malum
2359 1485 2687 1540 asseruerit.
2720 1487 2828 1540 Sed
2863 1490 2921 1540 et
2951 1487 3104 1557 quod
3138 1486 3290 1542 alius
3341 1488 3417 1542 sit
3455 1488 3729 1560 Origenes

2084 1571 2392 1642 antiquus,
2423 1573 2574 1628 alius
2597 1573 2696 1644 qui
2720 1580 2851 1646 post
2870 1574 3036 1630 illum
3061 1581 3300 1632 vocatus
3323 1578 3728 1647 Adamantius,

2087 1661 2354 1732 quodque
2386 1678 2520 1717 cum
2553 1662 2684 1718 aliis
2720 1663 3002 1720 haereticis
3035 1666 3455 1722 condemnetur
3478 1667 3731 1724 Jacobus

2087 1749 2288 1821 Syrus,
2323 1767 2356 1804 a
2388 1765 2505 1821 quo
2536 1749 2942 1807 haereticorum
2974 1755 3398 1825 Acephalorum
3435 1760 3594 1811 secta
3624 1772 3726 1811 no-

317 1841 494 1910 λαιὸς,
553 1837 734 1915 ἕτερος
787 1837 845 1894 δὲ
902 1843 930 1895 6
993 1819 1108 1912 μετ’
1165 1837 1386 1908 ἐκεῖνον,
1545 1819 1595 1876 δι
1647 1835 1962 1907 ἐπικληθείς

2083 1819 2214 1893 men
2237 1819 2429 1894 traxit.
2465 1839 2648 1910 Rogat
2669 1848 2860 1896 autem
2896 1841 3014 1898 hac
3044 1819 3312 1913 epistola,
3346 1844 3394 1898 si
3427 1843 3565 1914 quid
3586 1861 3726 1916 pra-

318 1929 682 2004 Ἀδαμάντιος
717 1948 731 1961 ·
787 1930 874 1983 καὶ
935 1929 1010 1990 ὡς
1063 1934 1180 1991 τοῖς
1238 1926 1433 1990 ἄλλοις
1492 1929 1786 2002 αἱρετικοῖς
1842 1949 1963 1982 συν-

315 2017 760 2093 αναθεματίζεται
819 2018 846 2072 6
907 2017 1080 2093 Σύρος
1140 2013 1420 2087 Ἰάκωϐος,
1482 2017 1609 2091 [469
1669 2018 1759 2090 [1.]
1817 2015 1866 2086 ἐξ
1899 2017 1965 2070 οῦ

311 2111 414 2179 τήν
473 2107 787 2181 ἐπωνυμιαν
843 2108 904 2163 τὸ
975 2112 1084 2162 τῶν
1141 2105 1453 2183 ’Δκεφάλων
1508 2106 1792 2180 αἱρετικῶν
1853 2102 1968 2160 ε’ίλο

315 2218 447 2253 κυσε
503 2196 776 2269 σύστημα.
837 2196 1076 2251 Αίτεῖται
1145 2191 1204 2248 δὲ
1259 2197 1293 2264 ἡ
1349 2193 1636 2263 ἐπιστολὴ,
1696 2193 1785 2247 καὶ
1817 2191 1868 2248 εἷ’
1914 2214 1966 2248 τι

314 2287 586 2365 παρώφθη
647 2289 756 2340 τῶν
820 2282 1155 2363 ὀφειλόντων
1227 2283 1481 2356 ῥηθῆναι,
1571 2281 1662 2336 τὸν
1745 2281 1968 2355 Ῥώμης

310 2376 571 2451 Ὀνώριον
629 2377 756 2446 [889
814 2375 907 2446 R.]
977 2374 1068 2427 οἷα
1133 2370 1199 2441 δὴ
1260 2371 1349 2426 καὶ
1411 2368 1708 2444 δυνάμενον
1767 2371 1969 2441 ταύτης

2077 1926 2408 1983 termissum
2437 1927 2723 1984 siteorum
2749 1946 2879 2000 qua
2904 1931 3016 1986 dici
3042 1931 3380 2001 debuerant,
3407 1932 3724 1989 Honorium

2078 2015 2404 2071 Romanum
2419 2016 2846 2087 imperatorem,
2865 2023 2927 2074 ut
2948 2020 3048 2090 qui
3063 2027 3280 2090 posset,
3299 2037 3366 2076 ea
3380 2026 3439 2076 et
3458 2021 3727 2092 impleret

2076 2108 2134 2160 et
2149 2106 2482 2177 corrigeret.
2504 2107 2780 2163 Habituru
2790 2125 2843 2164 [ιι
2867 2114 3062 2164 autem
3078 2126 3140 2165 se
3163 2125 3434 2180 magnam
3449 2111 3722 2181 gratiam,

2078 2194 2125 2248 si
2159 2198 2286 2250 voto
2308 2211 2424 2250 non
2452 2195 2766 2252 frustratus
2799 2198 2986 2264 fuerit,
3018 2206 3071 2254 et
3104 2213 3407 2270 nunquam
3459 2199 3729 2255 beneficii

2079 2283 2476 2340 immemorem
2512 2285 2649 2341 fore.
2685 2286 2816 2342 Hac
2837 2292 3029 2343 autem
3061 2289 3117 2343 in
3137 2287 3242 2344 hac
3265 2288 3538 2345 Oratione
3559 2305 3732 2362 syno-

2081 2374 2210 2430 dica
2239 2375 2429 2430 sancti
2457 2374 2770 2446 Sophronii
2801 2376 3044 2448 epistola
3069 2378 3258 2432 tradit.

311 2467 652 2536 ποιήσασθαι
701 2465 792 2520 καὶ
839 2464 936 2532 τὴν
991 2460 1275 2537 διόρθωσιν
1325 2462 1415 2516 καὶ
1462 2463 1560 2530 τήν
1607 2459 2015 2535 ἀναπλήρωσιν·
2067 2461 2314 2537 μεγάλην
2364 2460 2410 2516 δ’
2460 2463 2519 2516 ἂν
2567 2465 2938 2539 ὁμολογήσειν
2989 2469 3090 2535 την
3149 2466 3333 2540 χάριν,
3384 2468 3429 2522 εἰ
3490 2470 3566 2540 μὴ
3607 2465 3729 2523 δια-

317 2559 512 2631 μάρτοι
580 2561 680 2623 τῆς
769 2554 1057 2624 αἰτήσεως,

1151 2550 1242 2606 καὶ
1331 2547 1606 2623 μηδέποτε
1662 2558 1895 2628 φανῆναι
1975 2559 2076 2620 τῆς
2164 2551 2471 2628 εὐεργεσίας
2536 2553 2844 2627 ἀγνώμονα,

2933 2553 3106 2611 Ἀλλὰ
3162 2560 3328 2610 ταῦτα
3391 2557 3484 2628 μὲν
3541 2555 3593 2610 ἐν
3646 2561 3726 2628 τῷ

320 2641 528 2722 βιϐλίῳ
559 2643 740 2720 ἔλεγεν
775 2646 810 2713 ἡ
851 2641 1104 2712 συνοδική
1141 2642 1458 2719 Σωφρονίου
1487 2645 1586 2696 τοῦ
1617 2642 1925 2718 ἁγιωτάτου
1956 2639 2244 2712 ἐπιστολή.

391 2737 476 2792 Ἐν
509 2733 566 2789 δὲ
593 2738 674 2806 τῷ
702 2734 850 2806 αὐτῷ
880 2732 1226 2808 περιείχοντο
1279 2731 1467 2811 τεύχει
1518 2733 1748 2807 χρήσεις
1795 2730 1964 2806 άγίων

325 2825 417 2879 καὶ
475 2821 747 2903 διαφόρων
799 2823 1074 2896 Πατέρων,
1123 2828 1234 2877 τῶν
1281 2842 1338 2878 τε
1385 2824 1816 2898 προγενεστέρων
1864 2827 1965 2890 τῆς

315 2914 579 2988 τετάρτης
641 2911 870 2968 συνόδου
928 2913 1014 2968 καὶ
1065 2917 1173 2968 τῶν
1218 2912 1336 2967 κατ’
1390 2911 1560 2981 αὐτὴν
1608 2912 1963 2984 ἀκμασάντων

314 3004 403 3058 καὶ
460 3009 567 3058 τῶν
625 2997 705 3058 ἔτι
769 3003 1258 3078 μεταγενεστέρων.
1331 3001 1392 3058 Αἱ
1461 2997 1516 3054 δὲ
1575 3001 1804 3075 χρήσεις
1869 3001 1967 3069 τὴν

316 3090 518 3162 διπλῆν
584 3086 852 3168 ἐνέργειαν
908 3091 995 3146 ἐπὶ
1070 3094 1316 3166 Χριστοῦ
1408 3094 1506 3145 τοῦ
1590 3090 1724 3144 Θεοῦ
1808 3091 1967 3160 ἡμῶν

315 3182 698 3255 ἀνεκήρυττον,

315 3272 462 3327 Λέων
516 3293 573 3327 τε
635 3273 663 3327 6
713 3274 812 3340 τῆς
895 3268 1255 3346 πρεσϐυτέρας
1343 3272 1567 3345 Ῥώμης
1647 3270 1962 3346 ἀρχιερεὺς,

314 3361 403 3415 καὶ
432 3359 568 3430 αὐτὴ
601 3363 636 3430 ἡ
668 3361 898 3437 τετάρτη
929 3360 1018 3415 καὶ
1051 3359 1403 3432 οἰκουμενικὴ
1440 3359 1565 3435 ἁγία
1597 3356 1841 3430 σύνοδος,
1872 3360 1962 3412 [Ιὲο

313 3469 439 3525 τρος
469 3471 525 3505 τε
555 3451 583 3505 6
625 3451 825 3524 Μύρων
859 3451 1156 3511 ὁσιώτατος
1195 3447 1511 3518 ἐπίσκοπος,
1542 3447 1632 3503 καὶ
1685 3445 1966 3508 Γεννάδιος

315 3541 343 3594 6
375 3538 1024 3607 Κωνσταντινουπὸλεως,
1056 3539 1145 3593 καὶ
1177 3539 1204 3593 6
1235 3546 1334 3608 τῆς
1367 3545 1625 3608 Φωτικῆς
1672 3537 1966 3599 ἐπίσκοπος

315 3627 492 3702 ὄνομα
531 3627 825 3705 Διάδοχος,
852 3629 940 3684 καὶ
974 3628 1294 3708 Ἐφραίμιος
1322 3629 1369 3664 ἐ
1401 3629 1426 3682 6
1475 3635 1575 3698 τῆς
1627 3627 1967 3702 Ἀντιοχείας

317 3717 628 3794 ἀρχιερεὺς,
669 3719 728 3780 ὅς
777 3719 865 3772 καὶ
918 3719 1055 3773 κατὰ
1095 3721 1203 3772 τῶν
1264 3716 1578 3791 Ἀκεφάλων
1639 3715 1689 3772 ἐν
1731 3716 1966 3778 πολλοῖς

319 3810 652 3885 συντάγμασι
683 3806 934 3881 γενναίως
964 3804 1282 3882 ἠνδρίσατο,
1311 3808 1402 3860 καὶ
1463 3805 1740 3869 Διονύσιος
1789 3807 1816 3860 6
1857 3826 1967 3859 πο-

319 3896 418 3960 λῦς
473 3899 568 3970 μὶν
605 3898 705 3966 τήν
759 3897 1034 3973 γλῶσσαν,
1078 3895 1283 3952 πλείων
1323 3893 1380 3949 δὲ
1413 3896 1457 3932 93
1504 3896 1603 3963 τήν
1651 3892 1902 3968 θεωρίαν,
1939 3895 1968 3948 6

318 3987 572 4059 μαθητὴς
622 3985 844 4041 Παύλου
900 3987 986 4040 καὶ
1042 3989 1140 4040 τοῦ
1190 3988 1426 4061 Χριστοῦ
1477 3984 1682 4059 μάρτυς
1732 3983 1821 4036 καὶ
1858 3987 1966 4037 τῶν

313 4077 556 4145 Ἀθηνῶν
596 4076 642 4112 ⁹⁴
673 4074 991 4142 ἐπίσκοπος,
1051 4075 1141 4129 καὶ
1195 4075 1481 4137 Ἰουστῖνος
1528 4074 1555 4127 6
1618 4076 1968 4146 μαρτυρικοῖς

317 4162 510 4235 α’ίμασι
579 4159 884 4239 βεϐαιώσας
940 4166 1004 4218 τὸ
1052 4161 1372 4241 φιλόσοφον,
1431 4163 1521 4217 καὶ
1579 4162 1606 4216 6
1654 4159 1970 4222 πολύαθλος

316 4251 718 4328 Ἀλεξανδρείας
750 4254 1091 4326 Ἀθανάσιος,
1126 4252 1429 4328 Γρηγὸριός
1459 4271 1518 4306 τε
1558 4252 1586 4306 6
1627 4258 1730 4320 τῆς
1774 4247 1973 4304 θεολο-

312 4342 438 4419 γίας
475 4344 848 4419 μυσταγωγὸς,
883 4343 1105 4411 καὶτῆς
1153 4340 1486 4410 Ἐκκλησίας
1535 4340 1562 4394 6
1610 4339 1816 4412 κόσμος
1862 4345 1970 4394 Βα-

314 4430 544 4503 σίλειος,
592 4431 681 4487 καὶ
733 4434 760 4486 6
803 4431 1052 4505 ποταμὸς
1092 4435 1201 4486 τῶν
1246 4429 1428 4504 λόγων
1463 4431 1490 4484 6
1521 4427 1739 4499 Νύσσης
1772 4427 1972 4503 Γρηγό-

2151 2735 2213 2789 In
2237 2734 2346 2790 hoc
2368 2735 2662 2791 volumine
2675 2737 3128 2792 continebantur
3144 2738 3477 2794 testimonia
3499 2746 3725 2795 sancto-

2077 2839 2206 2879 rum
2238 2823 2529 2880 variorum
2555 2825 2815 2891 Patrum,
2849 2825 2947 2896 qui
2977 2831 3111 2882 ante
3134 2832 3402 2898 quartam
3435 2829 3723 2901 synodum

2077 2913 2331 2978 fuerunt,
2365 2918 2421 2969 et
2453 2913 2552 2985 qui
2586 2919 2717 2986 post
2750 2914 2908 2970 illam
2942 2916 3282 2984 floruerunt,
3312 2921 3368 2972 et
3427 2922 3556 2987 post
3601 2918 3722 2973 nati

2076 3007 2232 3058 sunt.
2250 3003 2384 3068 Qua
2407 3003 3044 3076 testimoniaduplicem
3069 3005 3127 3059 in
3142 3004 3370 3061 Christo
3390 3005 3502 3062 Deo
3527 3012 3723 3063 nostro

2077 3091 2470 3162 operationem
2502 3093 2911 3164 pradicarunt,
2929 3110 3180 3165 quorum
3205 3095 3495 3166 principes
3517 3103 3570 3152 et
3589 3113 3726 3166 pra-

786 3181 859 3234 ὧν
947 3179 1170 3256 πατέρες
1258 3180 1348 3234 καὶ
1425 3181 1746 3254 γεννήτορες
1829 3180 1963 3248 ἦσαν

2083 3181 2434 3251 cipuierant,
2455 3181 2558 3237 Leo
2573 3182 2780 3237 veteris
2807 3182 3002 3238 Roma
3031 3183 3302 3252 pontifex,
3321 3188 3376 3239 et
3399 3189 3604 3256 quarta
3626 3183 3724 3240 illa

2075 3269 2264 3326 287a
2294 3270 2649 3326 acumenica
2670 3271 2846 3342 synod
2859 3288 2946 3338 us,
2964 3271 3170 3326 Petrus
3185 3272 3594 3327 sanctissimus
3610 3272 3724 3344 My-

2077 3375 2275 3414 rorum
2307 3359 2634 3430 episcopus,
2685 3359 3027 3415 Gennadius
3077 3361 3635 3433 ConstantinOpolis,
3669 3369 3725 3417 et

2079 3447 2326 3504 Photica
2340 3449 2649 3520 episcOpus
2666 3449 3236 3506 nomineDiadochus
3249 3456 3305 3505 et
3319 3450 3727 3522 Euphramius

2073 3538 2391 3594 Antiochia
2425 3539 2654 3608 prasul,
2703 3540 2802 3610 qui
2835 3540 3010 3594 etiam
3052 3545 3255 3595 contra
3286 3540 3610 3611 Acephalos
3664 3540 3723 3594 in

2077 3627 2282 3682 multis
2312 3627 2476 3683 libris
2508 3633 2744 3684 strenue
2775 3629 3034 3684 certavit.
3074 3629 3139 3682 Et
3183 3629 3495 3699 Dionysius
3528 3629 3723 3698 copio-

2077 3732 2179 3772 sus
2205 3716 2437 3786 quidem
2470 3717 2679 3783 verbis,
2722 3717 3008 3788 copiosior
3048 3725 3242 3772 tamen
3300 3716 3722 3788 speculatione,

2077 3805 2404 3876 discipulus
2434 3806 2619 3860 sancti
2653 3805 2839 3868 Pauli,
2872 3805 3080 3860 Christi
3117 3814 3356 3876 martyr,
3395 3804 3722 3859 Athenien-

2078 3894 2231 3948 sium
2257 3895 2564 3964 episcopus
2590 3911 2602 3959 ;
2626 3894 2972 3949 etJustinus
2997 3894 3259 3961 martyrii
3291 3893 3576 3965 sanguine
3600 3891 3723 3963 phi-

2078 3982 2402 4052 losOphiam
2463 3983 2870 4048 confirmans;
2931 3988 2988 4038 et
3039 3992 3316 4038 strenuus
3364 3981 3721 4037 Athanasius

2077 4070 2434 4126 Alexandria
2459 4069 2671 4142 praesul
2706 4090 2720 4138 ;
2755 4076 2811 4126 et
2840 4071 3172 4142 Gregorius,
3207 4070 3510 4142 theologia
3558 4085 3724 4125 arca-

2080 4178 2222 4216 num
2239 4177 2340 4216 vas
2368 4178 2381 4228 ;
2408 4165 2465 4216 et
2497 4161 2673 4216 decus
2707 4162 2984 4226 Ecclesia,
3021 4160 3268 4217 Basilius
3300 4166 3392 4228 ;et
3418 4160 3726 4216 verborum

2080 4250 2299 4305 ﬂumen
2330 4248 2628 4320 Nyssenus
2662 4268 2676 4316 ;
2710 4254 2768 4305 et
2809 4249 2976 4305 fortis
3008 4249 3226 4305 athleta
3255 4247 3503 4322 Cyrillus
3537 4267 3550 4316 ;
3585 4251 3641 4303 et
3668 4247 3726 4302 in

2083 4340 2177 4394 Dei
2202 4337 2686 4394 sententialibere
2707 4337 3338 4394 conﬁtendainl‘ractus
3356 4337 3723 4400 Ambrosius,

2082 4428 2388 4486 Mediolani
2415 4429 2662 4485 antistes
2695 4450 2708 4499 ;
2742 4435 2796 4486 et
2821 4447 3032 4486 aureus
3056 4446 3152 4485 ore
3173 4435 3229 4485 et
3255 4429 3451 4500 lingua
3471 4427 3728 4484 Joannes

318 4542 459 4598 ριος,
501 4500 590 4577 κάξ
639 4523 666 4576 6
714 4500 1012 4599 νικηφόρος
1062 4500 1360 4595 Κύριλλος,
1411 4519 1502 4574 καὶ
1557 4519 1584 4573 6
1633 4525 1731 4588 τῆς
1795 4500 1973 4574 ἐνθέου

2083 4517 2667 4589 ConstantinOpoleos
2693 4520 3003 4590 episcopus
3034 4535 3048 4585 ;
3083 4523 3140 4574 et
3169 4517 3516 4574 Severianus
3534 4517 3730 4572 Gaba-

314 4609 628 4688 παρῥησίας
687 4614 927 4687 γνώμων
975 4609 1228 4681 ἀκίνητος
1276 4610 1365 4664 καὶ
1422 4616 1522 4678 τῆς
1582 4604 1872 4678 εὐσεϐείας,
1943 4607 1972 4663 ὁ

317 4698 680 4761 Μεδιολάνων
713 4695 1076 4775 Ἀμϐρόσιος,
1109 4701 1199 4756 καὶ
1231 4701 1258 4755 6
1300 4703 1540 4775 χρυσοῦς
1584 4700 1684 4769 τὴν
1726 4697 1974 4775 γλῶτταν

316 4790 412 4845 καὶ
462 4791 524 4845 τὸ
575 4791 752 4864 στόμα
803 4791 1060 4861 Ἰωάννης
1113 4791 1140 4844 6
1182 4787 1802 4852 Κωνσταντινουπόλεως
1856 4786 1970 4842 ἐπί-

315 4901 546 4947 σκοπος,
576 4881 666 4934 καὶ
700 4875 1037 4954 Σεϐηριανὸς
1069 4879 1097 4933 6
1143 4876 1425 4946 Γαϐάλων,
1473 4879 1560 4932 καὶ
1617 4879 1644 4933 6
1695 4877 1746 4932 ἐι
1796 4877 1970 4952 ἁγίοις

315 4967 585 5032 Θεόδοτος
622 4967 920 5044 (Ἀγκύρας
953 4969 1109 5030 οὗτος
1158 4967 1530 5039 ἐπεστάτησε),
1579 4966 1668 5021 καὶ
1717 4966 1970 5038 Ἰωάννης

314 5061 344 5115 6
380 5055 1034 5125 Κωνσταντινουπόλεως,
1068 5057 1096 5111 6
1147 5054 1204 5111 ἐκ
1250 5052 1640 5118 Καππαδοκίας
1687 5051 1862 5109 ἕλκων
1907 5057 1970 5109 τὸ

311 5150 472 5227 γένος
497 5149 590 5204 καὶ
622 5148 685 5204 τὸ
725 5146 1038 5220 ἐπώνυμον,
1072 5147 1207 5220 ἀνὴρ
1236 5146 1432 5222 ἀρετῆς
1483 5144 1831 5219 οἰκητήριον,
1882 5144 1971 5198 καὶ

315 5243 345 5296 6
377 5239 434 5294 ἐν
466 5238 642 5316 ἁγίοις
691 5236 982 5312 Εύλόγιος,
1033 5237 1062 5290 6
1117 5241 1215 5305 τῆς
1265 5230 1677 5308 Ἀλεξανδρείας
1725 5231 1974 5306 άρχιεπί-

314 5348 543 5398 σκοπος,
571 5327 600 5382 6
643 5324 881 5388 πολλοῖς
926 5323 1114 5400 λόγοις
1153 5319 1478 5378 καταϐαλὼν
1523 5323 1623 5392 τήν
1663 5325 1769 5376 τῶν
1814 5326 1971 5379 ’Δκε-

313 5417 509 5500 φάλων
543 5411 878 5486 δυσσέϐειαν,
918 5415 1007 5471 καὶ
1049 5412 1298 5484 Ἰωάννης
1341 5413 1370 5468 6
1418 5409 1471 5468 ἐν
1520 5409 1696 5487 ἁγίοις
1747 5409 1968 5466 ἐπίσκο-

2083 4608 2270 4666 lorum
2299 4625 2312 4676 ;
2337 4613 2393 4665 et
2409 4612 2650 4664 sanctus
2683 4608 3032 4676 Theodotus,
3060 4607 3158 4677 qui
3181 4612 3416 4680 Ancyra
3449 4605 3680 4678 prafuit
3713 4621 3727 4672 ;

2083 4704 2135 4753 et
2164 4697 2444 4766 Joannes,
2491 4697 3139 4768 ConstantinOpolitano
3171 4712 3380 4768 genere
3410 4700 3466 4751 et
3507 4710 3731 4765 cogno-

2083 4788 2233 4843 mine
2264 4787 2591 4859 Cappadox,
2627 4787 2795 4842 homo
2839 4801 2969 4841 vere
2996 4785 3229 4841 virtutis
3259 4785 3651 4849 domicilium;
3675 4791 3729 4838 et

2083 4878 2286 4933 beatus
2318 4877 2621 4949 Eulogius,
2655 4876 2968 4948 episcopus
2999 4874 3380 4943 Alexandria,
3403 4873 3504 4945 qui
3529 4871 3729 4927 multis

2081 4965 2714 5037 verbisAcephalorum
2731 4964 3082 5020 sententiam
3101 4963 3311 5019 refellit
3336 4981 3350 5030 ;
3383 4969 3440 5018 et
3469 4965 3728 5016 Joannes

2084 5057 2330 5112 antistes
2363 5055 2900 5128 ScythOpolitanus,
2921 5053 3021 5126 qui
3043 5054 3209 5108 docte
3242 5057 3298 5108 et
3321 5052 3411 5123 pie
3442 5051 3510 5106 de
3553 5066 3732 5120 syno-

2083 5145 2154 5201 do
2171 5143 2628 5201 Chalcedonensi
2653 5143 2914 5215 scripsit;
2941 5147 2996 5199 et
3016 5141 3392 5197 Heraclianus
3421 5139 3730 5212 episcopus

2081 5232 2592 5301 Chalcedonensis,
2625 5232 2725 5304 qui
2757 5248 2892 5287 cum
2913 5231 3244 5288 Manichais
3267 5229 3590 5286 maximum
3613 5244 3733 5284 zer-

2079 5326 2273 5378 tamen
2303 5322 2435 5377 iniit
2465 5340 2480 5391 ;
2515 5325 2573 5378 et
2606 5320 2876 5377 Leontius
2907 5319 3228 5377 solitariam
3260 5323 3318 5375 et
3344 5317 3732 5376 monasticam

2080 5411 2258 5467 vitam
2285 5412 2502 5468 ducens
2527 5431 2540 5480 ;
2567 5415 2623 5468 et
2650 5415 2852 5467 beatus
2876 5410 3215 5468 Anastasius
3246 5409 3728 5482 Theopolitanus,

1684 5539 1926 5598 VARI/E
1965 5537 2382 5596 LECTIONES.

390 5648 438 5723 9"
465 5645 765 5723 ποριαχοῦ
799 5650 845 5703 Λ
882 5663 894 5704 :
927 5646 1207 5719 πανταχοῦ

319 5721 486 5776 ναίων

1394 5643 1436 5678 ⁹¹
1474 5643 1500 5697 6
1543 5645 1675 5700 ante
1706 5637 2025 5709 ἐπικληθείς
2054 5655 2166 5696 om.
2212 5641 2275 5694 A'
2354 5637 2400 5674 93
2451 5635 2789 5715 Εύρδῖ-αίμιος

3485 5639 3528 5674 9⁸
3573 5637 3735 5706 Ἀθη-

2997 5638 3043 5673 93
3090 5635 3276 5693 πλεῖον
3327 5637 3407 5712 .
