4138 6224
397 362 545 425 1091

392 601 524 641 vero
558 585 711 656 quod
749 587 1020 639 sanctum
1080 581 1348 652 agnoscit
1396 598 1465 638 ex
1513 582 1759 654 epistola
1808 584 1937 653 ejus
1970 582 2040 636 ad

391 674 793 729 Justinianum
822 672 1254 741 imperatorem,
1279 687 1407 742 quae
1430 673 1605 727 etiam
1622 676 1823 727 contra
1845 671 2045 725 Nesto-

392 762 589 818 rianos
612 766 667 817 et
681 762 1073 832 Eutychianos
1098 760 1472 831 digladiatur,
1498 762 1906 832 depromptum
1932 764 2039 815 est.

394 851 524 921 Ipse
556 867 688 907 vero
718 850 1095 906 Justinianus
1124 848 1251 919 pius
1284 850 1598 920 imperator
1629 852 1685 905 in
1710 850 1779 903 iis
1813 865 1938 919 qua:
1968 849 2039 903 ad

390 938 612 995 Zoilum
674 939 1068 1011 patriarcham
1101 938 1565 994 Alexandrinum
1600 940 1856 1010 scripsit,
1893 939 2039 992 hanc

393 1030 701 1100 epistolam
764 1031 1099 1084 Thcsaurum
1159 1030 1499 1095 nominavit,
1552 1028 1727 1082 etiam
1785 1027 2038 1096 profecto

394 1118 819 1174 Constantinus
841 1120 1079 1188 quidam
1105 1119 1388 1189 dignitate
1410 1120 1712 1188 quaestoria
1733 1118 1894 1185 (nam
1913 1116 2038 1186 ipse

392 1225 623 1280 quoque
653 1213 853 1265 contra
884 1209 1132 1279 impium
1166 1207 1552 1263 Theodosium
1577 1206 1856 1277 scripsit),
1885 1206 2039 1259 unde

391 1298 729 1354 testimonia
758 1299 828 1353 de
859 1298 1088 1352 duabus
1115 1298 1172 1352 in
1208 1296 1435 1351 Christo
1469 1294 1902 1366 operationibus
1932 1293 2037 1349 de-

392 1386 751 1442 scribuntur.
785 1386 867 1440 Ad
893 1386 1000 1441 hos
1025 1402 1227 1441 omnes
1261 1385 1481 1439 accedit
1510 1382 1864 1453 Theophilus
1888 1398 2038 1437 unus

389 1492 418 1530 e
450 1477 561 1546 piis
594 1480 649 1530 et
679 1474 889 1541 doctis,
928 1475 1025 1545 qui
1060 1475 1117 1527 in
1168 1473 1407 1544 scriptis
1456 1473 1580 1528 suis
1639 1488 1771 1527 cum
1832 1472 2036 1526 Severo

393 1564 716 1636 plurimum
752 1568 992 1635 pugnat,
1028 1578 1203 1634 quem
1238 1562 1478 1617 odiosus
1526 1566 1581 1617 et
1636 1561 2036 1616 contentiosus

392 1654 681 1709 sectarius
738 1654 1041 1708 librarium
1101 1653 1225 1723 ipse
1285 1651 1573 1723 pessimus
1632 1650 1882 1719 scriptor
1939 1665 2037 1720 per

388 1744 797 1800 contumeliam
861 1744 1047 1799 287b
1079 1744 1364 1798 nominat.
1425 1743 1553 1797 Haec
1604 1741 1835 1812 quidem
1870 1740 2037 1795 testi-

1593 359 1854 421 PHOTlI
1902 358 2429 421 PATRIARCHJE
2473 365 2588 423 CP.

394 501 451 551 et
481 495 823 569 Symeonius
842 491 1163 549 monachus
1194 493 1583 563 etpresbyter.
1617 492 2024 548 Testimoniun

2157 512 2259 553 πος
2292 492 2705 565 Σκυθοπόλεως,
2737 496 2795 559 ὅς
2827 496 2914 550 καί
2958 498 3086 572 ὑπὲρ
3110 506 3208 568 τῆς
3240 499 3291 554 ἐν
3327 500 3659 579 Καλχηδόνι
3694 525 3819 558 συν-

3646 375 3810 434 1092

2154 578 2283 635 όδου
2313 588 2493 660 σοφῶς
2524 606 2581 640 τε
2638 587 2727 640 καὶ
2775 588 3081 665 Θεοφρόνως
3132 588 3449 658 ἐσπούδασε,
3484 578 3590 647 καὶ
3644 599 3813 670 ’Πρα-

2153 669 2403 734 κλειανὸς
2435 674 2536 727 ⁹⁵ὁ
2592 673 2947 754 Καλχηδόνος
2989 677 3314 747 ἐπίσκοπος,
3366 681 3392 733 6
3444 680 3618 735 πολὺν
3670 669 3814 738 κατὰ

2150 763 2257 812 τῶν
2294 762 2587 839 Θεομάχων
2637 765 2959 838 Μανιχαίων
3023 767 3207 841 ἀγῶνα
3250 767 3556 842 βαλόμενος
3605 772 3673 837 9⁸,
3720 775 3812 827 καὶ

2151 849 2404 910 Λεόντιος
2458 853 2486 904 6
2534 854 2631 922 τὴν
2682 852 2953 927 ἐρημικὴν
3002 856 3277 911 πολιτείαν
3330 858 3418 911 καὶ
3470 860 3565 913 τὸν
3601 859 3812 932 μονσίδα

2154 938 2269 1011 βίον
2302 939 2582 1013 ἐλόμενος,
2620 944 2965 1006 Ἀναστάσιός
2997 966 3054 1000 τε
3085 947 3111 999 6
3144 944 3194 1000 ἐν
3235 946 3409 1022 ἁγίοις
3443 950 3807 1012 Θεουπόλεως

2148 1025 2468 1097 ἐπίσκοπος,
2509 1030 2598 1084 καὶ
2642 1034 2956 1104 Συμεώνιος
3010 1036 3250 1109 μοναχὸς
3299 1037 3389 1090 καὶ
3430 1032 3807 1112 πρεσϐύτερος

2150 1118 2205 1187 (ἡ
2240 1113 2295 1170 δὲ
2327 1126 2527 1191 χρῆσις
2558 1122 2591 1188 ἡ
2634 1121 2725 1175 τὸν
2756 1120 2903 1176 ὅσιον
2934 1122 3369 1198 ἐπιγινώσκουσα
3402 1125 3449 1197 ἐξ
3502 1125 3806 1195 ἐπιστολῆς

2149 1204 2287 1259 ἐστιν
2318 1208 2383 1276 ἦν
2411 1210 2547 1281 πρὸς
2577 1209 2666 1263 τόν
2708 1212 3088 1268 Ἰουστινιανὸν
3141 1212 3369 1287 βασιλέα
3431 1214 3797 1290 διεπέμψατο,

2146 1295 2179 1362 ἢ
2229 1295 2318 1347 καὶ
2362 1298 2496 1350 κατὰ
2541 1304 2907 1373 Νεστοριανῶν
2967 1323 3025 1357 τε
3072 1300 3162 1356 καί
3212 1302 3648 1378 Εὐτυχιανιστῶν
3705 1306 3799 1359 τὸν

2148 1382 2331 1457 ἀγῶνα
2361 1380 2477 1458 ἔχει
2511 1404 2525 1418 ο
2556 1386 2715 1449 αὐτὸς
2745 1410 2803 1443 τε
2832 1391 3215 1454 Ἰουστινιανὸς
3244 1392 3287 1425 97
3338 1394 3366 1446 6
3416 1389 3644 1461 εὐσεϐὴς
3702 1395 3802 1467 βα-

2147 1469 2350 1543 σιλεὺς,
2382 1473 2434 1528 ἐν
2466 1477 2552 1536 οἷς
2583 1477 2719 1550 πρὸς
2760 1477 2969 1533 Ζώϊλον
3019 1475 3222 1557 ἔγραψε
3259 1514 3327 1521 -
3367 1484 3725 1557 πατριάρχης
3756 1481 3804 1537 δ’

2145 1560 2548 1637 Ἀλεξανδρείας
2582 1566 2739 1629 οὗτος
2766 1569 2833 1636 ἦν
2861 1601 2933 1612 -
2967 1569 3056 1622 καὶ
3105 1572 3204 1640 τὴν
3254 1570 3547 1639 ἐπιστολὴν
3592 1574 3803 1641 Θησαυ-

2147 1652 2238 1725 ρὸς
2295 1650 2651 1727 ἐπωνόμασε),
2702 1656 2788 1710 ναὶ
2838 1654 2902 1725 δη
2952 1658 3041 1712 καὶ
3091 1662 3500 1723 Κωνσταντῖνός
3538 1682 3649 1731 τις,
3688 1667 3805 1716 τῶν

2144 1743 2493 1815 κυαιστώρων
2528 1744 2702 1821 φέρων
2733 1747 2794 1800 τὸ
2836 1745 3068 1819 ἀξίωμα·
3126 1749 3212 1801 καὶ
3265 1748 3367 1823 γὰρ
3420 1749 3581 1811 οὗτος
3634 1748 3803 1826 λόγον

387 1835 585 1890 monia
618 1850 748 1906 quae
771 1834 915 1889 liber
946 1834 1040 1887 hic
1062 1833 1401 1888 continebat
1423 1847 1451 1885 e
1475 1831 1693 1886 sanctis
1724 1829 1844 1884 illis
1877 1830 2024 1900 priut

2148 1830 2282 1884 κατᾶ
2339 1830 2629 1888 Θεοδοσίου
2695 1840 2792 1889 τοῦ
2852 1832 3142 1899 δυσσεϐοῦς
3203 1836 3551 1905 ἐσπούδασεν,
3622 1838 3674 1909 ἐξ
3737 1840 3802 1894 οὗ

386 1923 979 1980 nominatisPatribus
994 1924 1340 1993 deprompta
1354 1921 1686 1976 sunl.Utilia
1700 1936 1828 1975 vero
1844 1924 2037 1973 essent

386 2013 457 2067 ad
477 2013 1022 2083 reprehendendum
1047 2028 1144 2066 eos
1166 2013 1262 2082 qui
1288 2026 1464 2066 unam
1484 2014 1710 2065 tantum
1744 2011 1801 2064 in
1827 2008 2030 2064 Chriso

390 2103 785 2171 Operationem
815 2101 1538 2157 asserunt.Continebatur
1570 2100 1747 2154 etiam
1776 2097 2027 2153 testimo-

390 2190 550 2245 nium
576 2190 633 2245 in
666 2190 1020 2261 supradictis
1052 2190 1342 2260 quoddam
1377 2206 1406 2243 e
1436 2188 1581 2243 libro
1612 2188 1869 2258 quodam
1906 2187 2032 2242 sine

386 2280 767 2351 inscriptione
798 2284 1076 2351 positum.
1112 2282 1275 2335 Liber
1304 2296 1436 2335 vero
1460 2281 1611 2335 unde
1636 2278 2028 2335 testimonium

390 2373 514 2425 erat
544 2373 789 2442 petitum
812 2372 1083 2426 Severum
1104 2371 1195 2426 his
1218 2369 1579 2425 orationibus
1608 2366 2027 2438 reprehensum

388 2458 541 2514 clare
572 2460 1153 2515 demonstrabat......

2148 1922 2374 1992 χρήσεις
2411 1924 2533 1995 περὶ
2572 1928 2679 1978 τῶν
2714 1923 2809 1978 δύο
2844 1924 3123 1999 ἐνεργειῶν
3163 1929 3291 1999 [470
3337 1930 3426 2000 H.]
3461 1933 3800 2003 συναναγρά-

2144 2030 2355 2085 φονται.
2394 2012 2511 2067 Ἐπῖ
2540 2019 2669 2066 πᾶσι
2701 2014 2789 2067 καὶ
2831 2013 3098 2093 Θεόφιλός
3134 2037 3217 2078 τις
3247 2021 3353 2071 τῶν
3397 2018 3662 2096 θεοφιλῶν
3697 2020 3792 2072 καὶ

2144 2096 2367 2173 λογίων,
2401 2101 2459 2162 ὃς
2491 2104 2629 2156 κατᾶ
2668 2099 2917 2176 Σεϐηρου
2946 2104 3121 2159 πολὺν
3154 2103 3204 2159 ἐν
3244 2104 3431 2180 λόγοις
3472 2107 3654 2181 ἀγῶνα
3701 2105 3790 2161 διο

2142 2190 2380 2262 ἤνεγκενο
2431 2190 2489 2243 ὅν
2540 2191 2629 2245 καὶ
2686 2189 3056 2267 δυσχεραίνων
3113 2195 3202 2248 καὶ
3254 2193 3796 2268 διαπληκτιζόμενος

2140 2277 2167 2329 6
2219 2273 2481 2347 δυσσεϐὴς
2525 2279 2900 2360 καλλιγράφον
2957 2284 3005 2319 9⁸
3054 2284 3082 2337 ὁ
3138 2286 3503 2361 ωκογραφος,
3572 2289 3665 2340 οἶα
3726 2284 3796 2354 δὴ

2142 2362 2449 2439 ἐνοϐρίζιυν,
2504 2371 2803 2442 ὠνόμασεν.
2861 2372 2924 2425 Αἱ
2972 2372 3066 2445 μὲν
3124 2372 3213 2427 οὖν
3258 2376 3507 2448 χρήσεις,
3542 2375 3606 2436 ’ἃς
3638 2378 3672 2443 ἡ
3711 2374 3800 2448 βίο

2138 2449 2273 2516 ϐλος
2312 2463 2581 2532 περιεῖχε,
2613 2459 2740 2519 τοὺς
2792 2461 3117 2533 εἰρημένους
3165 2463 3345 2535 ἱεροὺς
3393 2460 3590 2535 ἄνδρας
3631 2464 3801 2518 πατέ-

388 2567 481 2620 ρας
541 2546 932 2623 ἐπεγράφοντο,
993 2549 1263 2621 χρήσιμοι
1318 2544 1364 2600 δ’
1414 2544 1472 2599 ἃν
1525 2546 1627 2600 εἶεν
1679 2544 1812 2619 πρὸς
1864 2541 2102 2618 ἔλεγχον
2144 2548 2251 2597 τῶν
2299 2548 2643 2618 φρονούντων
2694 2548 2776 2602 ἐπὶ
2832 2554 3063 2623 Χριστοῦ
3116 2546 3389 2613 δυσσεϐῶς
3450 2552 3576 2624 μίαν
3651 2553 3801 2625 ἐνέρ-

380 2657 549 2709 γειαν.
601 2637 915 2711 Περιείχετο
960 2636 1143 2709 μέντοι
1197 2642 1315 2696 ταῖς
1365 2634 1677 2709 εἰρημέναις
1725 2633 1814 2688 καὶ
1864 2632 1915 2702 ἐξ
1963 2632 2331 2709 ἀνεπιγράφου
2382 2643 2583 2713 χρῆσις
2613 2640 2674 2695 9’.
2716 2638 2778 2692 τὸ
2819 2636 2876 2693 δέ
2923 2639 3220 2715 σύνταγμα,
3271 2640 3321 2711 ἐξ
3372 2641 3433 2695 οὗ
3483 2644 3517 2710 ἡ
3566 2649 3801 2716 χρῆσις,

381 2720 625 2799 Σεϐἤρον
662 2723 942 2781 ὑπεδείκνυ
972 2724 1225 2799 γενναίως
1254 2730 1370 2787 τοῖς
1405 2724 1596 2799 λόγοις
1626 2718 2130 2794 καταϐαλλόμενον.
3099 2704 3135 2715 Π
3568 2704 3607 2716 ’δ

1050 2820 1363 2874 CCXXXII.

693 2908 957 2981 Stephani
1001 2910 1204 2965 Gobari
1236 2910 1518 2965 Trithez'ta?
1561 2908 1714 2965 liber.

454 3075 580 3143 Legi
595 3073 745 3129 libru
758 3091 812 3128 m
829 3073 1108 3144 Stephani
1126 3072 1415 3127 Tritbeitaa
1432 3071 1776 3141 cognomine
1790 3067 2019 3125 Gobari.

389 3163 543 3231 Opus
586 3163 779 3233 magni
821 3162 1127 3217 videbatur
1152 3161 1389 3227 laboris,
1423 3161 1677 3215 fructum
1718 3174 1854 3213 vero
1904 3173 2019 3211 non

2881 2822 3041 2880 ΣΔΒ’.

2264 2906 2537 2983 Στεφάνου
2569 2905 2981 3033 Τριθείτουϐτοιῦ
3012 2908 3241 2980 ἐπίκλην
3271 2906 3518 2985 Γοϐάρου
3566 2911 3652 2985 βι-

2902 2984 3043 3035 λιον.

2941 3002 3043 3039 ιον.

2205 3071 2332 3140 [892
2364 3072 2452 3141 IL]
2485 3071 2828 3145 ’Λνεγνώσθη
2876 3066 3094 3145 βιϐλίον
3148 3073 3424 3147 Στεφάνου
3467 3074 3612 3135 τινὸς
3664 3094 3793 3149 τρι-

2131 3157 2325 3225 θείτου,
2378 3160 2423 3229 ᾠ
2472 3158 2700 3229 ἐπίκλην
2754 3162 2781 3214 ὁ
2834 3157 3095 3233 Γόϐαρος.
3150 3162 3229 3217 Τὸ
3264 3160 3320 3216 δὲ
3354 3157 3573 3236 βιϐλίον
3605 3163 3790 3218 πόνων

380 3250 662 3321 aequalem
695 3268 881 3321 opera:
915 3250 1067 3305 tulit.
1103 3250 1315 3304 Laudis
1348 3250 1502 3305 enim
1547 3249 1809 3303 studium
1835 3246 2020 3317 magis

2138 3250 2229 3319 μὲν
2262 3247 2435 3304 ἐδόκει
2473 3256 2711 3324 μακρῶν,
2749 3249 2941 3321 κέρδος
2973 3249 3018 3305 δ’
3050 3246 3205 3326 ἔφερε
3252 3256 3350 3321 τῆς
3400 3252 3623 3321 πολλῆς
3680 3253 3793 3329 οὐχ

376 3359 545 3412 quam
580 3357 855 3412 magnam
900 3341 1207 3396 utilitatem
1244 3358 1356 3411 prae
1398 3356 1459 3394 se
1501 3342 1626 3394 fert.
1670 3341 1800 3409 Ipsa
1831 3336 2018 3408 capita

374 3448 501 3502 qua:
526 3434 755 3498 tractat,
790 3446 1031 3501 quaeque
1062 3430 1120 3485 in
1152 3446 1494 3485 communes
1517 3434 1571 3483 et
1591 3429 2017 3483 ecclesiasticas

373 3519 719 3591 quaestiones
780 3519 992 3587 retulit,
1050 3519 1355 3574 minimum
1420 3517 1845 3588 quinquaginta
1902 3517 2016 3570 duo

373 3612 558 3674 erant,
594 3609 793 3679 paucis
846 3607 935 3662 his
966 3608 1207 3677 adjectis
1241 3607 1712 3678 particularibus.
1754 3605 1879 3659 Haec
1912 3606 2019 3660 du-

373 3698 554 3769 plices
582 3698 901 3753 sententias
934 3697 1263 3765 includunt,
1296 3703 1350 3753 et
1374 3714 1486 3752 non
1511 3696 1702 3753 solum
1734 3695 2016 3765 duplices,

376 3789 480 3844 sed
554 3789 727 3845 etiam
816 3794 1229 3860 repugnantes.
1302 3787 1630 3843 Sententias
1714 3804 1846 3841 vero
1917 3786 2017 3840 has

371 3896 485 3933 non
510 3877 895 3949 argumentis,
931 3894 1035 3933 nec
1066 3877 1257 3932 verbis
1291 3894 1465 3932 sacrae
1508 3877 1822 3947 Scripturge
1873 3891 2019 3930 con-

370 3968 642 4031 ﬁrmavit,
678 3967 777 4020 sed
806 3966 1163 4021 testimoniis
1187 3970 1440 4029 tantum,
1465 3970 1530 4019 ut
1562 3965 1806 4036 scriptor
1854 3969 2018 4034 puta-

370 4057 473 4124 vit,
532 4055 824 4111 variorum
878 4055 1134 4123 Patrum,
1194 4072 1443 4126 quorum
1503 4054 1616 4109 alia
1664 4054 2012 4109 sententiam

374 4144 661 4209 Ecclesiaa,
696 4144 809 4199 alia
832 4145 1183 4199 contrariam
1218 4145 1616 4200 continebant.
1653 4142 2012 4199 Contrariam

375 4235 631 4305 quidem,
666 4234 905 4304 antiqua
941 4233 1295 4301 testimonia,
1328 4238 1384 4289 et
1414 4233 1787 4304 antiquorum
1822 4231 2016 4287 homi-

374 4340 515 4378 num
551 4340 661 4379 non
698 4323 950 4378 multum
983 4324 1051 4378 de
1089 4328 1246 4379 certa
1304 4324 1589 4379 sententia
1620 4322 2012 4377 laborantium

369 4419 769 4478 asseruerunt,
803 4428 1048 4482 quarum
1071 4411 1265 4480 aliqua
1290 4429 1405 4467 non
1440 4411 1693 4481 amplexi
1725 4415 1880 4475 sunt,
1913 4408 2015 4465 sed

371 4507 570 4556 tamen
601 4502 651 4555 ei
675 4501 774 4571 qui
806 4501 927 4556 haec
959 4500 1192 4572 collegit
1216 4501 1483 4571 amplecti
1505 4500 1609 4556 visi
1633 4504 1769 4555 sunt
1796 4517 1807 4554 :
1832 4498 2015 4554 eccle-

370 4593 669 4649 siasticam
714 4609 849 4647 vero
890 4593 1226 4665 opinionem
1273 4593 1628 4649 confirmant
1683 4590 2018 4647 testimonia

367 4683 625 4737 virorum
650 4682 894 4755 quivere
926 4688 1258 4738 senserunt.
1281 4683 1409 4738 Haec
1427 4687 1619 4737 autem
1640 4685 1778 4737 sunt
1798 4681 2010 4752 capita,

367 4774 437 4829 de
470 4773 681 4845 quibus
713 4788 811 4843 per
849 4772 1185 4828 testimonia
1218 4771 1451 4845 duplex,
1485 4775 1541 4827 et
1562 4770 1854 4828 contraria
1875 4786 2010 4827 sen-

367 4864 549 4920 tentia
580 4863 925 4934 proponitur
957 4878 971 4917 :

437 5049 783 5120 Proprietas,
818 5052 869 5103 et
906 5048 1110 5120 ﬁgura,
1135 5050 1191 5103 et
1208 5047 1394 5102 forma
1416 5044 1750 5117 hypostasis
1774 5047 1881 5113 est,
1911 5046 2010 5100 sed

362 5155 480 5195 non
512 5138 846 5207 conjunctio
871 5137 1241 5204 substantiae,
1275 5140 1333 5193 et
1361 5134 1752 5208 proprietatis,
1777 5149 1881 5189 nec
1912 5149 2013 5204 per

364 5244 421 5282 se
453 5228 804 5283 subsistens.
829 5260 896 5267 —
920 5227 1036 5283 Hoc
1060 5227 1318 5298 primum
1356 5224 1640 5281 nonnulla
1668 5223 2008 5280 testimonia

367 5315 788 5371 confirmarunt
821 5335 835 5385 ;
875 5317 1083 5372 deinde
1130 5331 1366 5373 rursum
1399 5318 1603 5387 postea
1650 5314 2009 5369 contrarium

368 5405 505 5474 alia,
537 5404 647 5462 hoc
686 5414 794 5475 est,
817 5406 1063 5464 formam
1085 5410 1141 5463 et
1170 5404 1609 5478 proprietatem,
1633 5408 1691 5461 et
1712 5403 2009 5460 characte-

2126 3336 2327 3408 ὅμοιον
2379 3337 2644 3407 οπουδῆς.
2696 3338 3014 3417 φιλοτιμίαν
3064 3342 3166 3414 γὰρ
3227 3340 3439 3413 μᾶλλον
3501 3342 3533 3411 ἦ
3586 3362 3782 3416 χρειαν

2130 3424 2469 3481 ἐπεδείκνυτο
2502 3433 2759 3503 περιττήν
2799 3435 2836 3484 ¹.
2879 3428 3056 3484 Ἀλλὰ
3100 3431 3202 3506 γὰρ
3251 3431 3317 3485 τὰ
3368 3433 3461 3503 μὲν
3513 3430 3786 3507 κεφαλαια

2127 3517 2247 3591 περὶ
2283 3517 2353 3569 ῶν
2388 3519 2421 3585 ἡ
2457 3516 2688 3586 σπουδὴ,
2720 3518 2809 3572 καὶ
2842 3516 2940 3572 ὅσα
2986 3519 3062 3579 εἷς
3113 3520 3298 3582 κοινὰς
3346 3518 3436 3573 καὶ
3488 3518 3785 3589 ἐκκλησια-

2127 3606 2310 3666 στικᾶς
2341 3606 2621 3683 ἀνεφέρετο
2655 3609 2928 3677 ζητήσεις,
2975 3612 3176 3682 μικροῦ
3325 3608 3415 3661 καὶ
3461 3610 3505 3661 ν’
3552 3609 3641 3676 ἦν,
3688 3630 3789 3680 με-

2130 3694 2435 3768 ρικωτέρων
2476 3700 2637 3750 τινῶν
2687 3693 2747 3749 ου
2788 3694 3016 3750 πολλῶν
3058 3698 3276 3757 τούτοις
3318 3692 3790 3772 παρεμϐεϐλημέο

2127 3806 2250 3837 νων.
2314 3787 2494 3840 Ταῦτα
2547 3781 2603 3837 δὲ
2658 3782 2831 3840 διτταὶ
2892 3782 3043 3855 δόξαι
3088 3787 3534 3859 κατεμερίζοντο,
3574 3787 3665 3840 καὶ
3721 3787 3786 3841 οὐ

2128 3872 2297 3927 διτταὶ
2337 3873 2522 3945 μόνον,
2557 3872 2702 3929 ἀλλὰ
2730 3876 2819 3929 καὶ
2855 3875 3242 3948 ἀντικείμεναι.
3277 3876 3379 3936 Τὰς
3412 3874 3469 3930 δὲ
3525 3874 3684 3946 δόξας
3721 3876 3787 3930 ού

2127 3964 2387 4038 λογισμοί
2428 3986 2568 4027 τινες
2600 3962 2723 4019 οὐδὲ
2755 3965 2918 4039 λόγια
2959 3968 3310 4039 συνεκρότουν
3354 3968 3496 4042 ἱερὰ,
3544 3969 3782 4041 χρήσεις

2126 4051 2182 4107 δὲ
2224 4056 2413 4127 μόνον,
2450 4056 2521 4115 ὡς
2566 4056 2592 4107 6
2624 4055 2843 4129 γράφων
2878 4054 3110 4128 ἐνόμιζε,
3164 4053 3436 4129 διαφόρων
3495 4056 3779 4129 Πατέρων,

2126 4145 2197 4197 ὧν
2232 4144 2285 4197 αἱ
2322 4144 2413 4215 μὶν
2445 4144 2506 4198 τὸ
2538 4142 2987 4213 ἐκκλησιαστικὸν
3021 4146 3296 4223 φρόνημα,
3334 4146 3387 4199 αἱ
3428 4143 3487 4199 δέ
3518 4146 3779 4219 συνεκρό-

2122 4254 2247 4288 τουν
2276 4234 2337 4287 τὸ
2369 4227 2706 4302 ἀπόϐλητον.
2738 4232 2919 4289 Ἀλλὰ
2948 4235 3009 4289 τὸ
3046 4235 3141 4307 μὲν
3172 4230 3491 4303 ἀπόϐλητον
3538 4234 3775 4289 παλαιαί

2124 4343 2181 4377 τε
2211 4324 2439 4395 χρήσεις
2468 4322 2555 4376 καὶ
2588 4320 2832 4377 παλαιῶν
2866 4321 3099 4397 ἀνδρῶν,
3134 4322 3195 4378 οὐ
3227 4323 3400 4377 πάντα
3431 4323 3567 4396 πρὸς
3619 4322 3777 4395 ἀκρί-

2125 4406 2273 4465 ϐειαν
2320 4409 2695 4479 ἐξετασάντων,
2743 4410 3130 4482 περιέθαλπον,
3170 4413 3243 4465 ὧν
3296 4410 3450 4466 ἐνίων
3508 4411 3602 4482 μὲν
3656 4409 3779 4465 οὐδ’

2123 4497 2374 4571 ἐϐαλπον,
2428 4498 2645 4554 ἐδόκουν
2707 4497 2764 4554 δὲ
2814 4500 3041 4556 θάλπειν
3109 4502 3262 4574 ὅμως
3310 4505 3390 4572 τῷ
3449 4499 3778 4575 συλλέγοντι

2124 4589 2341 4652 ταύτας’
2392 4589 2454 4642 τὸ
2515 4589 2569 4643 δὲ
2618 4590 2877 4665 φρόνημα
2928 4590 2991 4645 τὸ
3056 4587 3509 4660 ἐκκλησιαστικὸν
3568 4590 3619 4643 αἱ
3665 4594 3775 4643 τῶν

2131 4680 2367 4754 μάλιστα
2396 4681 2494 4748 την
2524 4677 2785 4750 ἀλήθειαν
2826 4677 3303 4754 ἐξακριϐωσάντων
3352 4682 3512 4754 ἱερῶν
3564 4676 3771 4753 ἀνδρῶν

2122 4763 2399 4823 ἐϐεϐαίουν
2437 4769 2745 4844 μαρτυρίαι.
2792 4772 2941 4825 Ἐστι
2992 4767 3047 4825 δῖε
3088 4770 3155 4825 τὰ
3190 4769 3483 4846 κεφαλαια,
3534 4769 3657 4845 περὶ
3702 4770 3776 4823 ὧν

2122 4862 2156 4928 ἡ
2191 4856 2279 4913 διὰ
2308 4863 2415 4914 τῶν
2450 4860 2703 4937 χρήσεων
2742 4857 2916 4930 διπλῆ
2958 4860 3047 4915 καὶ
3077 4860 3425 4933 ἀντικειμένη
3484 4856 3778 4928 σπουδάζει

2121 4948 2448 5016 κατασκευὴ,
2478 4951 2645 5001 ταῦτα
2677 4966 2689 4980 ·

2190 5040 2312 5094 "Ott
2338 5039 2399 5091 τὸ
2434 5034 2637 5109 ἰδίωμα
2661 5037 2750 5091 καὶ
2782 5036 2809 5091 6
2842 5038 3127 5113 χαρακτὴρ
3167 5037 3256 5091 καὶ
3305 5038 3340 5106 ἡ
3395 5038 3584 5113 μορφὴ
3638 5035 3774 5091 6:6-

2122 5127 2305 5189 στασίς
2348 5126 2508 5194 ἐστιν,
2550 5124 2674 5181 ἀλλ’
2716 5125 2845 5203 οὐχῖ
2879 5126 3174 5200 συμπλοκὴ
3204 5132 3305 5195 τῆς
3335 5124 3521 5187 οὐσίας
3554 5124 3645 5179 καὶ
3678 5129 3775 5179 τοῦ

2123 5216 2445 5289 ἰδιώματος,
2477 5212 2605 5271 οὐδὲ
2634 5215 2697 5270 τὸ
2736 5216 3166 5275 αὐθυπόστατον.
3219 5248 3284 5257 -
3342 5218 3515 5270 Τοῦτο
3572 5215 3665 5285 μὶν
3722 5216 3778 5268 αἱ

2121 5311 2353 5386 χρήσεις
2379 5306 2834 5375 κατασκευάζουσι
2864 5307 3151 5382 πρότερον,
3193 5306 3311 5360 εἶτα
3340 5303 3507 5359 πάλιν
3551 5302 3778 5376 ὕστερον

2117 5397 2180 5452 τὰ
2220 5396 2457 5451 ἐναντίον
2504 5392 2705 5470 ἕτεραι,
2752 5396 3034 5450 τουτέστιν
3082 5396 3167 5449 δτι
3222 5393 3285 5449 τὸ
3344 5390 3552 5466 ἰδίωμα
3606 5393 3696 5447 καὶ
3737 5394 3781 5461 ἡ

1726 5548 1968 5603 VARL‘E
2008 5545 2417 5603 LECTIONES.

435 5654 482 5689 9‘
515 5650 844 5726 Ἠρακλιανό
878 5654 938 5726 ς’
961 5660 1023 5707 Α.

367 5730 434 5783 Α.
516 5730 532 5762 ί
566 5716 827 5797 ἦεριστήν
867 5716 949 5797 ς’.

1101 5656 1144 5690 9°
1178 5651 1485 5727 βαλόμενος
1518 5655 1556 5707 Β
1600 5669 1613 5707 :
1651 5650 1999 5725 βαλλόμενος

2191 5650 2235 5685 9⁷
2263 5669 2322 5703 τε
2347 5648 2375 5701 6
2411 5648 2603 5703 Ἰουστ.
2639 5646 2701 5703 ζ’

2654 5646 2719 5719 ζ.
2798 5646 2847 5682 93
2873 5643 3263 5723 καλλι-γράφων
3460 5647 3505 5682 ⁹⁹
3543 5646 3783 5718 χρήσεις

3826 56 4004 150 In."

4104 12 4138 90 ῐ
