4138 6224
318 423 478 485 1093

1407 426 1950 488 BlBLlOTHECA.
2002 454 2074 473 --
2118 425 2290 487 COD.
2340 428 2645 489 CCXXXI.

3573 432 3599 489 1
3610 430 3728 490 094

322 558 509 637 μορφὴ
540 555 631 613 καὶ
663 558 692 613 6
731 558 1016 634 χαρακτὴρ
1049 558 1148 614 οὐκ
1175 554 1317 614 ἔστιν
1353 560 1668 629 ὑπόστασις,
1694 559 1842 617 ἀλλὰ
1869 567 1968 631 τῆς

2090 578 2211 618 rem
2239 562 2584 634 bypostasin
2608 580 2723 620 non
2753 578 2900 631 esse,
2932 565 3033 620 sed
3058 564 3435 635 bypostaseos
3455 565 3726 636 ﬁguram.

323 649 672 710 ὑποστάσεως
704 649 1011 724 χαρακτήρ.
1046 648 1144 703 Καὶ
1175 648 1263 703 ἐπὶ
1291 653 1399 705 τῶν
1419 647 1607 705 ἄλλων
1630 649 1960 730 κεφαλαίων,

313 735 409 792 ’ίνα
453 738 529 811 μή
554 738 620 792 τὰ
650 736 784 792 αὐτᾶ
829 739 949 792 καθ’
977 734 1199 793 ἕκαστον
1248 737 1426 814 λέγειν
1475 740 1963 818 συναναγκασθείη-

325 848 442 902 μεν,
476 827 574 895 τὴν
611 826 876 881 ἀντίθεσιν
910 827 964 882 αἱ
995 823 1245 907 διάφοροι
1277 830 1507 903 χρήσεις
1539 824 1966 902 ἀπολαμϐάνου-

322 937 410 972 σαι
437 913 686 970 δοκοῦσιν
740 915 1067 991 ἑκατέρωθεν
1115 922 1366 988 συνιστᾷν
1413 918 1477 973 τὸ
1525 915 1966 994 προτεινόμενον.

319 1039 389 1050 -
419 1005 517 1069 Ὠς
558 1007 587 1060 6
627 1007 941 1077 Βαπτιστὴς
991 1005 1246 1078 Ἰωάννης
1296 1003 1618 1083 Ὀκτωϐρίῳ
1673 1008 1806 1081 μηνὶ
1855 1030 1971 1063 συν-

321 1094 561 1171 ελήφθη
605 1094 666 1150 οὐ
694 1096 756 1150 τὸ
785 1094 1183 1169 ἀντικείμενον,
1215 1097 1289 1159 ὡς
1313 1097 1412 1152 οὐκ
1440 1096 1491 1151 ἐν
1530 1097 1731 1170 τούτῳ,
1753 1095 1884 1153 ἀλλ’
1915 1096 1967 1153 ἐν

320 1191 399 1259 τῷ
439 1180 760 1260 Νοεμϐρίῳ.
788 1218 853 1228 -
876 1189 966 1250 Ὡς
995 1188 1030 1256 ἠ
1063 1187 1331 1247 Θεοτόκος
1360 1187 1458 1256 τήν
1494 1184 1819 1257 δεσποτικήν
1843 1186 1971 1243 σύλ-

323 1272 494 1350 ληψιν
524 1274 576 1330 ἐν
605 1278 683 1345 τῷ
716 1274 849 1347 μηνὶ
878 1278 985 1329 τῶν
1014 1274 1147 1330 νέων
1176 1273 1563 1351 εὐηγγελίσθη,
1598 1277 1715 1330 οἷον
1750 1277 1881 1350 Ἀπρ
1894 1275 1973 1331 ιλ-

325 1364 454 1438 λίῳ,
485 1366 545 1420 ’ὸν
571 1359 815 1439 Ἑϐραῖοι
850 1367 871 1401 ²
900 1368 1063 1420 Νισᾶν
1091 1367 1114 1402 ³
1142 1364 1392 1421 καλοῦσι’
1419 1364 1606 1421 τετοκε
1636 1363 1693 1421 δὲ
1720 1366 1813 1420 τὸν
1868 1366 1969 1421 K6-

329 1475 444 1531 ριον
471 1455 506 1524 ἢ
518 1459 632 1528 μῶν
664 1455 874 1524 Ἰησοῦν
906 1455 1139 1531 Χριστὸν
1172 1459 1355 1529 μηνῶν
1385 1453 1835 1511 συντελεσθέντων
1860 1457 1885 1491 ⁴
1905 1458 1969 1529 θ’,

326 1542 602 1599 τουτέστιν
653 1543 973 1616 Ἰανουαρίῳ
1022 1544 1080 1612 ε’,
1129 1544 1267 1599 κατά
1309 1544 1372 1598 τὸ
1426 1543 1585 1617 μέσον
1628 1552 1732 1614 τῆς
1779 1546 1971 1608 νυκτὸς

325 1634 444 1702 ἣτις
472 1631 586 1687 ἐστὶ
616 1633 723 1706 πρὸ
755 1632 900 1686 ὀκτὼ
949 1630 1111 1687 εἰδῶν
1157 1632 1526 1708 Ἰανουαρίων’
1574 1634 1637 1689 τὸ
1677 1631 1735 1688 δὲ
1777 1634 1973 1690 τούτου

328 1720 717 1795 ἀντικείμενον,
752 1723 875 1795 [471
912 1722 1000 1795 Η.]
1030 1722 1104 1784 ὡς
1135 1722 1242 1777 οὐκ
1271 1722 1323 1777 ἐν
1363 1727 1442 1795 τῷ
1488 1722 1764 1799 εἰρημένῳ
1817 1724 1971 1796 μηνὶ,

328 1811 458 1867 ἀλλ’
486 1809 540 1866 ἐν
571 1811 797 1885 πέμπτῃ
830 1809 920 1865 καὶ
951 1808 1126 1866 εἰκάδι
1160 1815 1255 1866 τοῦ
1295 1812 1541 1888 Μαρτίου
1585 1812 1973 1888 εὐηγγελίσθη,

2069 651 2140 707 Et
2168 652 2228 708 in
2258 651 2387 709 aliis
2416 646 2725 724 capitibus,
2746 669 2818 709 ne
2845 654 2901 709 in
2934 652 3180 725 singulis
3207 655 3408 709 eadem
3444 659 3734 726 repetere-

2074 758 2380 815 cogamur,
2416 743 2751 799 testimonia
2801 743 3027 799 diversa
3069 743 3431 800 contrarium
3492 761 3731 800 asseren

2079 833 2182 900 tia,
2233 830 2509 888 videntur
2550 836 2867 904 utrumque
2920 831 3208 904 prolatum
3253 832 3621 888 conﬁrmare.
3661 863 3733 872 —

2077 919 2334 976 Joannes
2365 920 2631 992 Baptista
2662 920 2896 977 Octobri
2927 937 3122 977 mense
3152 925 3471 992 conceptus
3493 927 3603 986 est,
3636 938 3732 977 cu-

2070 1009 2174 1079 jus
2204 1008 2590 1078 contrarium,
2613 1026 2727 1065 non
2760 1010 2819 1065 in
2852 1010 2983 1079 hoc,
3016 1011 3117 1066 sed
3149 1011 3479 1066 Novembri.
3510 1040 3581 1052 —
3605 1010 3735 1066 Dei-

2079 1114 2219 1168 para
2262 1097 2582 1153 Dominicas
2634 1100 3031 1170 conceptionis
3085 1100 3143 1154 in
3192 1116 3386 1156 mense
3434 1100 3730 1156 Novorum

2079 1187 2583 1243 annuntiationem
2616 1188 2857 1257 accepit,
2882 1187 3160 1243 nimirum
3184 1189 3387 1261 Aprili,
3413 1206 3588 1262 quem
3621 1194 3732 1245 He-

2080 1275 2216 1332 braei
2245 1276 2445 1332 Nisam
2490 1276 2689 1333 288a
2720 1277 2944 1345 dicunt,
2979 1278 3204 1350 peperit
3248 1294 3380 1334 vero
3422 1279 3729 1335 Dominum

2082 1369 2349 1420 nostrum
2370 1365 2573 1422 Jesum
2597 1365 2889 1422 Christum
2914 1366 3214 1423 mensibus
3238 1383 3441 1423 novem
3465 1367 3732 1439 evolutis,

2081 1454 2192 1510 hoc
2240 1458 2329 1510 est
2383 1455 2583 1526 quinto
2627 1456 2931 1525 Januario,
2995 1457 3187 1512 media
3236 1461 3422 1521 nocte,
3474 1474 3595 1529 qua:
3645 1463 3733 1515 est

2083 1546 2284 1600 octavo
2317 1545 2454 1600 Idus
2484 1543 2828 1615 Januarias;
2874 1546 3010 1601 huic
3040 1546 3232 1618 opinio
3265 1548 3579 1615 contraria,
3615 1564 3730 1603 non

2083 1633 2143 1687 in
2191 1632 2291 1689 illo
2345 1648 2564 1705 mense,
2611 1650 2784 1705 quem
2832 1634 3108 1704 diximus,
3162 1637 3261 1691 sed
3312 1636 3404 1691 die
3453 1636 3730 1693 vicesimo

2083 1721 2288 1793 quinto
2305 1721 2493 1778 Martii
2514 1723 3017 1781 annuntiationem
3037 1724 3347 1796 accepisse,
3363 1731 3417 1781 et
3440 1725 3732 1798 peperisse

2084 1810 2437 1868 Salvatorem
2472 1828 2589 1868 non
2621 1815 2825 1884 quinto
2854 1814 3142 1881 Januarii,
3166 1814 3269 1870 sed
3298 1821 3493 1871 octavo
3525 1815 3730 1872 Kalen-

333 1900 529 1977 ὲτὲχθη
563 1898 620 1955 δὲ
651 1902 680 1954 6
715 1902 912 1975 Σωτὴρ
935 1902 1095 1973 ἡμῶν
1119 1898 1221 1956 οὐκ
1249 1902 1564 1976 Ἰανουαρίῳ
1585 1900 1980 1976 πέμπτῃβιλλα

2090 1900 2296 1956 darum
2326 1902 2607 1958 Januarii.
2642 1932 2711 1942 —
2742 1903 2805 1957 In
2838 1903 3260 1960 resurrectione
3299 1903 3453 1959 idem
3493 1903 3733 1959 omnino

330 1990 439 2065 πρὸ
471 1989 614 2045 ὀκτὼ
643 1987 928 2044 καλανδῶν
960 1990 1328 2065 Ἰανουαρίων.
1352 2023 1416 2034 -
1437 1992 1561 2049 Ὅτι
1583 1990 1632 2045 ἐν
1658 1996 1726 2065 τῇ
1745 1990 1976 2046 ἀναστά-

334 2100 412 2135 σει
435 2080 499 2135 τὸ
547 2078 679 2134 αὐτὸ
710 2080 734 2115 ⁵
764 2083 925 2153 σῶμα
973 2079 1109 2134 κατὰ
1155 2081 1348 2149 πάντα,
1384 2080 1412 2135 ὃ
1452 2080 1543 2136 καὶ
1591 2084 1681 2134 νῦν
1734 2079 1978 2154 περικεί-

340 2172 494 2245 μεθα,
525 2168 952 2243 ἀποληψόμεθα,
988 2167 1258 2243 μηδεμίαν
1293 2167 1550 2246 διαφορὰν
1571 2168 1659 2226 ἐπὶ
1690 2170 1753 2226 τὸ
1774 2168 1982 2248 ἀφθαρ-

330 2281 428 2315 τον
482 2258 935 2337 προσειληφότες’
988 2258 1078 2314 καὶ
1124 2260 1187 2314 τὸ
1245 2259 1633 2333 ἀντικείμενον,
1684 2259 1757 2322 ὡς
1808 2260 1872 2314 οὐ
1919 2259 1982 2314 τὸ

335 2349 474 2405 αὐτὸ
505 2354 664 2422 σῶμα
690 2353 769 2422 τῷ
808 2353 900 2403 νῦν
930 2348 1319 2423 ἀναληψόμεθα
1369 2349 1733 2429 φθειρομένῳ.
1763 2382 1831 2393 -
1859 2350 1980 2407 "Oti

335 2438 388 2493 ἐν
421 2443 501 2511 τῷ
553 2437 697 2510 αὐτῷ
742 2439 992 2517 σχήματι
1039 2438 1475 2512 ἀναστησόμεθα·
1521 2440 1613 2494 καὶ
1664 2439 1747 2495 ὅτι
1798 2439 1898 2493 οὐκ
1929 2437 1980 2493 ἐν

334 2533 414 2600 τῷ
443 2525 613 2600 αὐτῷ,
645 2525 776 2583 ἀλλ’
805 2526 859 2582 ἐν
891 2527 1080 2603 ἑτέρῳ.
1118 2561 1190 2570 ——
1209 2530 1332 2587 Ὅτι
1372 2531 1488 2584 καθ’
1509 2528 1575 2598 ἣν
1604 2527 1827 2598 ἡλικίαν
1856 2523 1982 2583 ἕκα-

338 2639 462 2681 στος
488 2619 578 2673 τὸν
625 2617 739 2692 βίον
777 2615 1138 2691 μετήλλαξεν,
1174 2621 1312 2674 κατά
1355 2618 1559 2689 ταύτην
1605 2619 1696 2674 καὶ
1745 2618 1982 2688 ἀναστή-

338 2726 505 2762 σεται·
538 2708 600 2761 τὸ
639 2704 696 2762 δὲ
724 2705 1112 2780 ἀντικείμενον,
1135 2706 1220 2763 ὅτι
1252 2706 1358 2784 οὐχ
1388 2706 1580 2778 οὕτως,
1625 2706 1769 2763 ἄλλά
1796 2708 1886 2762 καὶ
1918 2706 1984 2761 τὰ

338 2794 533 2852 παιδία
595 2793 648 2850 ἐν
705 2795 896 2870 τελείῳ
947 2798 1198 2872 σχήματι
1264 2796 1672 2868 ἀναστήσονται,
1738 2797 1829 2852 καὶ
1886 2795 1985 2851 οὐκ

337 2886 536 2962 ἀθρόον
576 2883 790 2958 πάντες,
824 2884 969 2941 ἀλλὰ
1010 2887 1157 2962 παρὰ
1190 2885 1376 2962 μέρος.
1402 2919 1469 2931 -
1496 2889 1621 2944 Ὅτι
1654 2886 1851 2942 λεπτὸν
1892 2885 1982 2940 καὶ

336 2971 569 3049 ἀερῶδες
625 2975 717 3030 καὶ
770 2974 1009 3051 αἰθέριον
1064 2974 1154 3030 καὶ
1201 2976 1563 3049 πνευματικὸν
1594 2974 1645 3030 ἐν
1676 2979 1756 3048 τῷ
1805 2978 1983 3050 καιρῷ

330 3072 433 3135 τῆς
474 3064 813 3128 ἀναστάσεως
854 3064 1259 3139 ἀποληψόμεθα
1308 3067 1370 3121 τὸ
1420 3069 1597 3139 σῶμα·
1643 3066 1733 3120 καὶ
1782 3063 1867 3120 ὅτι
1916 3065 1980 3119 οὐ

330 3157 605 3225 τοιοῦτον,
655 3153 801 3210 ἀλλὰ
854 3156 1046 3231 γήϊνον
1100 3155 1191 3210 καὶ
1240 3155 1390 3229 παχὺ
1441 3157 1530 3211 καί
1571 3154 1877 3210 ἀντίτυπον.
1911 3188 1981 3196 -

2089 2006 2298 2060 corpus
2346 2007 2460 2062 quo
2499 2007 2655 2047 nunc
2698 1991 3021 2059 induimur,
3064 2009 3459 2064 assumemus,
3511 1992 3730 2050 nullam

2094 2079 2478 2137 mutationem
2502 2082 2559 2137 in
2582 2081 3022 2154 incorruptibile
3046 2088 3442 2151 assumentes;
3466 2088 3523 2140 et
3542 2101 3571 2140 ε
3590 2101 3736 2140 con-

2094 2170 2290 2241 trario,
2323 2187 2442 2227 non
2473 2172 2843 2243 corruptibile
2875 2172 2983 2228 hoc
3016 2173 3169 2229 idem
3202 2189 3307 2229 nos
3334 2188 3548 2245 corpus
3571 2190 3732 2229 assu-

2095 2276 2425 2318 memus.-—
2441 2261 2654 2317 Eadem
2672 2261 2858 2317 forma
2876 2277 3271 2334 resurgemus,
3292 2266 3348 2318 et
3369 2278 3485 2318 non
3507 2262 3731 2330 eadem,

2094 2351 2191 2406 sed
2225 2350 2358 2407 alia.
2391 2381 2459 2392 —
2506 2351 2627 2416 Qua
2670 2356 2837 2408 aetate
2881 2353 3013 2423 quis
3058 2356 3322 2409 mortuus
3371 2357 3479 2419 est,
3529 2353 3732 2409 eadem

2095 2442 2386 2511 resurget;
2410 2439 2790 2510 contrarium,
2814 2456 2929 2496 non
2954 2440 3054 2507 ita,
3081 2440 3174 2497 sed
3199 2440 3365 2511 pueri
3388 2442 3448 2496 in
3480 2441 3735 2512 perfecta

2093 2533 2321 2585 statura
2351 2537 2670 2601 resurgent,
2705 2534 2762 2586 et
2810 2545 2925 2585 non
2975 2528 3150 2585 simul
3198 2546 3422 2597 omnes,
3464 2531 3561 2586 sed
3594 2529 3733 2585 divi-

2093 2619 2222 2675 sim.
2274 2649 2344 2660 -—
2387 2619 2603 2687 Tenue,
2655 2620 2901 2691 aerium,
2952 2618 3276 2685 aetherium,
3330 2622 3388 2675 et
3431 2619 3736 2689 spirituale

2095 2712 2355 2779 tempore
2406 2707 2854 2765 resurrectionis
2912 2724 3126 2780 corpus
3192 2723 3607 2776 assumemus;
3677 2712 3735 2765 et

2093 2813 2209 2853 non
2283 2795 2414 2867 hoc,
2485 2798 2585 2853 sed
2657 2801 2932 2864 terreum,
3001 2799 3268 2868 densum,
3338 2802 3395 2853 et
3455 2798 3733 2855 solidum.

2093 2886 2373 2943 Deitatem
2436 2887 2697 2944 humana
2740 2904 2869 2944 esse
2916 2887 3125 2954 forma,
3173 2893 3230 2944 et
3276 2888 3631 2955 animatam;
3680 2892 3738 2944 et

2093 2975 2235 3033 illud
2266 2979 2338 3034 ad
2370 2977 2681 3049 imaginem
2727 2993 3062 3049 corpoream
3114 2977 3361 3049 ﬁguram
3412 2978 3732 3043 ostendere,

2095 3083 2206 3138 qua
2227 3071 2283 3124 et
2302 3066 2477 3123 homo
2499 3068 2570 3122 ad
2594 3066 2981 3123 imitationem
3004 3066 3304 3139 archetypi
3326 3068 3599 3123 conditus
3624 3074 3732 3124 est.

2091 3154 2343 3227 Angelos
2374 3155 2589 3212 habere
2618 3172 2864 3229 corpora
2893 3157 3155 3226 ejusdem
3194 3155 3413 3227 ﬁgurae,
3447 3172 3565 3228 qua
3594 3161 3736 3213 sunt

335 3245 465 3317 [893
496 3213 737 3316 Η.]’“Οτι
766 3250 828 3299 τὸ
868 3213 1010 3299 θεῖον
1056 3213 1526 3323 ἀνθρωπόμορφον
1571 3244 1661 3300 καὶ
1702 3242 1978 3322 ἔμψυχον,

2092 3245 2421 3313 hominum,
2443 3249 2500 3301 et
2519 3261 2549 3302 ε
2567 3245 2765 3302 divina
2784 3246 3114 3302 substantia
3136 3245 3391 3301 animum
3418 3246 3733 3301 humanam

334 3333 425 3387 καὶ
458 3333 545 3387 ὅτι
571 3333 634 3388 τὸ
657 3335 776 3388 κατ’
807 3331 985 3388 εἰκόνα
1012 3333 1076 3389 τὸ
1108 3333 1421 3406 σωματικὸν
1443 3335 1637 3412 σχῆμα
1668 3331 1981 3404 δηλοῖ,καθ’

335 3421 366 3474 ’ὁ
396 3421 486 3475 καὶ
517 3421 545 3475 6
581 3419 864 3495 ἅνθρωπος
896 3421 1030 3496 πρὸς
1075 3423 1311 3495 μίμησιν
1357 3425 1455 3477 τοῦ
1501 3422 1814 3501 ἀρχετύπου
1864 3419 1980 3477 δια-

335 3506 664 3582 πέπλασται,
722 3511 810 3563 καί
858 3511 931 3573 ὼς
992 3511 1043 3564 οἱ
1098 3508 1317 3586 ἄγγελοι
1377 3510 1603 3583 σώματά
1655 3531 1715 3566 τε
1765 3507 1986 3587 ἔχουσιν

336 3598 702 3678 ὁμοιόσχημα
731 3603 837 3654 τῶν
872 3599 1220 3672 ἀνθρωπίνων
1250 3602 1542 3673 σωμάτων,
1583 3602 1673 3656 καὶ
1701 3602 1776 3665 ὡς
1810 3602 1868 3658 ἐκ
1884 3609 1984 3673 τῆς

337 3689 486 3750 θείας
534 3688 719 3751 οὐσίας
751 3690 787 3758 ἡ
828 3689 1140 3764 ἀνθρωπίνη
1189 3689 1537 3765 προελήλυθε
1568 3693 1744 3767 ψυχή·
1786 3692 1876 3747 καὶ
1918 3691 1986 3747 τά

336 3777 684 3852 ἀντικείμενα
710 3779 946 3851 τούτοις,
992 3780 1066 3842 ὡς
1126 3779 1248 3836 οὕτε
1292 3782 1355 3835 τὸ
1404 3783 1547 3835 θεῖον
1597 3781 1986 3857 ἀνθρωπόμορ-

338 3890 457 3947 φον,
499 3865 622 3924 οὔτε
670 3867 815 3932 ὅλως
866 3868 1366 3944 ἐσχηματισμένον,
1417 3868 1544 3925 ἀλλ’
1590 3869 1712 3926 οὔτε
1742 3869 1885 3926 ἄλλο
1933 3893 1986 3927 τι

334 3959 568 4037 πέφυκεν
611 3957 743 4013 εἶναι
793 3963 900 4014 τῶν
959 3958 1397 4034 προειρημένων·
1450 3958 1707 4024 ὡσαύτως
1756 3957 1811 4015 δὲ
1870 3958 1984 4016 οὐδ’

337 4049 389 4103 οἱ
421 4045 643 4124 ἄγγελοι
685 4049 933 4122 σώματα,
964 4048 1093 4105 ἀλλ’
1122 4048 1429 4122 ἀσώματοι,
1461 4047 1549 4103 καὶ
1591 4049 1665 4111 ὡς
1692 4051 1726 4119 ἡ
1766 4053 1876 4105 τῶν
1903 4050 1986 4105 ἀνι

335 4139 568 4209 θρώπων
598 4141 750 4215 ψυχὴ
788 4137 971 4195 οὐκέκ
998 4142 1098 4205 τῆς
1137 4139 1280 4202 θείας
1331 4136 1541 4201 οὐσίας.
1573 4173 1644 4183 -—-
1671 4142 1790 4194 "Ott
1845 4136 1986 4196 ἄλλο

333 4226 405 4295 ἧν
452 4225 515 4282 τὸ
562 4229 667 4302 πρὸ
712 4235 812 4299 τῆς
876 4223 1235 4303 παραϐάσεως
1295 4228 1392 4284 τοῦ
1446 4227 1735 4304 ἀνθρώπου
1804 4233 1983 4302 σῶμα,

334 4316 470 4390 ὅπερ
500 4317 593 4370 καὶ
642 4316 920 4394 αὐγοειδὲς
962 4317 1218 4391 καλοῦσι,
1266 4317 1355 4373 καὶ
1406 4315 1547 4374 ἄλλο
1597 4319 1660 4373 τὸ
1708 4317 1843 4391 μετά
1887 4319 1986 4388 τήν

332 4402 664 4482 παράϐασιν,
720 4408 748 4462 ’ὁ
790 4412 903 4463 νυνὶ
959 4407 1309 4484 περικείμεθα
1354 4407 1626 4483 σάρκινον,
1685 4409 1776 4462 καὶ
1823 4409 1986 4464 τοῦτό

336 4496 483 4552 ἐστιν
542 4497 593 4551 οἱ
652 4493 966 4570 δερμάτινοι
997 4504 1247 4574 χιτῶνες,
1281 4498 1411 4572 ὅπερ
1471 4496 1562 4552 καὶ
1620 4496 1986 4570 ἂποτιθὲμεθα

338 4587 393 4642 ἐν
424 4589 493 4661 τῇ
526 4585 824 4641 ἀναστάσει·
858 4586 949 4642 καὶ
990 4587 1048 4642 ἐκ
1076 4591 1173 4643 τοῦ
1203 4585 1463 4657 ἐναντίου,
1516 4586 1599 4642 ὅτι
1656 4586 1763 4665 οὐχ
1790 4590 1826 4657 ἡ
1860 4586 1987 4663 σὰρξ

336 4679 501 4751 ἡμῶν
549 4677 602 4731 οἱ
632 4677 656 4712 ⁸
686 4674 1000 4750 δερμάτινοι
1050 4681 1303 4752 χιτῶνες.
1354 4709 1421 4720 --
1467 4678 1589 4732 ’Ότι
1637 4676 1898 4752 πρότερον
1938 4678 1990 4732 οἱ

339 4763 543 4820 δίκαιοι
573 4765 989 4836 ἀναστήσονται,
1021 4767 1112 4821 καὶ
1162 4765 1253 4820 σὺν
1304 4764 1489 4827 αὐτοῖς
1536 4765 1711 4822 πάντα
1740 4767 1806 4821 τά
1855 4767 1988 4840 ζῶα,

339 4854 435 4911 καὶ
465 4851 550 4909 ἐπὶ
585 4853 742 4930 χίλια
772 4848 864 4926 ἔτη
899 4856 1266 4933 τρυφήσουσιν
1316 4854 1582 4919 ἐσθίοντες
1613 4856 1636 4890 ⁷
1664 4857 1755 4911 καὶ
1802 4856 1989 4912 πίνον·

335 4965 426 5008 τες
454 4944 544 4999 καὶ
590 4949 919 5017 τεκνοῦντες,
967 4948 1057 5001 καὶ
1111 4946 1247 5021 μετὰ
1302 4950 1463 5002 τοῦτο
1503 4944 1836 5017 ἡκαθολικὴ
1877 4945 1992 5002 ἐπι-

339 5034 930 5105 πήσεταιάνάστασιςο
989 5035 1078 5090 ναὶ
1128 5035 1189 5091 ἐκ
1230 5039 1328 5091 τοῦ
1376 5033 1644 5105 ἐναντίου,
1698 5036 1782 5090 ὅτι
1821 5037 1843 5073 ⁸
1879 5041 1986 5091 τῶν

340 5123 564 5180 δικαίων
593 5125 987 5200 προανάστασις
1018 5124 1118 5180 οὐκ
1164 5122 1332 5199 ἔστιν,
1383 5122 1508 5181 οὐδὲ
1537 5126 1571 5195 ἡ
1602 5123 1993 5201 χιλιονταετής

336 5214 541 5291 τρυφὴ,
575 5210 700 5268 οὐδὲ
731 5214 759 5268 6
784 5213 1026 5289 θγαμος.
1060 5248 1129 5256 -
1155 5216 1280 5272 ’Ότι
1319 5215 1454 5289 μετὰ
1483 5216 1582 5285 τὴν
1621 5215 1905 5270 ἀνάστασιν
1936 5213 1987 5268 ἐν

337 5301 653 5380 παραδείσῳ
678 5307 785 5358 τῶν
820 5300 1045 5360 δικαίων
1074 5299 1223 5359 ἔσται
1255 5306 1291 5373 ἡ
1327 5299 1605 5378 διατριϐὴ,
1633 5305 1725 5358 καὶ
1756 5303 1839 5358 ὅτι
1893 5323 1993 5358 ουκ

340 5393 396 5451 ἐν
426 5390 760 5469 παραδείσῳ,
793 5392 921 5451 ἀλλ’
952 5393 1006 5451 ἰν
1036 5399 1153 5459 τοῖς
1203 5394 1477 5470 οὐρανοῖς,
1508 5392 1601 5449 καὶ
1635 5393 1711 5457 ὡς
1744 5393 1772 5447 6
1812 5392 1989 5467 παρά-

2095 3335 2397 3405 prodiisse.
2445 3334 2516 3390 Et
2578 3334 2666 3391 bis
2724 3336 3044 3392 contraria:
3096 3335 3376 3391 Deitatem
3434 3352 3549 3392 non
3608 3350 3736 3393 esse

2094 3425 2352 3480 humana
2381 3425 2588 3492 forma,
2628 3439 2735 3481 nec
2765 3426 3003 3481 omnino
3035 3425 3363 3495 ﬁguratam,
3407 3426 3507 3481 sed
3551 3441 3736 3495 neque

2092 3515 2411 3587 quidquam
2434 3514 2590 3571 aliud
2615 3514 3023 3585 pradictorum
3053 3519 3260 3571 natura
3284 3529 3430 3570 esse.
3456 3514 3739 3571 Similiter

2092 3620 2199 3660 nec
2228 3604 2464 3677 angelos
2488 3620 2817 3676 corporeos,
2842 3605 2939 3660 sed
2972 3603 3502 3675 incorporeosjesse,
3523 3603 3737 3661 huma-

2093 3708 2346 3765 namque
2391 3694 2644 3749 animam
2692 3709 2808 3748 non
2842 3709 2965 3749 esse
2995 3709 3025 3748 e
3064 3692 3260 3748 divina
3290 3692 3633 3748 substantia.
3668 3723 3738 3734 --

2094 3781 2262 3838 Aliud
2292 3783 2475 3839 fuisse
2502 3782 2758 3838 hominis
2780 3798 2986 3852 corpus
3019 3785 3149 3837 ante
3180 3780 3736 3852 praevaricationem,

2095 3872 2247 3942 quod
2307 3871 2681 3942 splendidum
2738 3874 2966 3937 vocant,
3024 3872 3081 3924 et
3136 3868 3294 3925 aliud
3354 3871 3488 3939 post
3543 3871 3736 3924 trans-

2095 3961 2475 4031 gressionem,
2526 3975 2802 4015 carneum
2844 3957 3087 4024 scilicet,
3120 3965 3182 4013 ut
3213 3973 3365 4013 nunc
3395 3961 3487 4013 est
3523 3956 3600 4030 (et
3630 3956 3738 4014 hoc

2095 4053 2237 4106 sunt
2265 4048 2516 4120 pellicere
2540 4047 2793 4119 tunicae),
2819 4047 2973 4118 quod
3008 4047 3067 4101 in
3101 4046 3526 4102 resurrectione
3556 4046 3739 4116 depo-

2097 4155 2327 4196 nemus.
2386 4139 2455 4192 Et
2509 4154 2541 4193 e
2593 4135 2898 4205 contrario,
2962 4134 3191 4208 pellitas
3252 4136 3528 4206 (pelliccas
3574 4138 3741 4190 vetus

2096 4229 2405 4301 interpres)
2437 4227 2667 4283 tunicas
2718 4242 2833 4281 non
2877 4241 3003 4282 esse
3034 4241 3290 4282 carnem.
3324 4256 3390 4267 —
3423 4224 3615 4282 Primo
3647 4240 3737 4279 re-

2097 4320 2340 4389 surgent
2362 4316 2531 4388 justi,
2562 4319 2618 4371 et
2647 4330 2781 4370 cum
2816 4313 2887 4369 iis
2917 4315 3116 4370 omnia
3145 4311 3445 4384 animalia,
3479 4313 3558 4384 [et
3589 4312 3738 4383 post]

2097 4407 2256 4464 mille
2304 4422 2487 4463 annos
2543 4405 2754 4475 vivent,
2807 4403 2962 4460 laute
3011 4404 3402 4470 comedentes,
3453 4402 3736 4471 bibentes,

2096 4499 2462 4569 generantes,
2486 4497 2543 4551 et
2572 4498 2703 4567 post
2724 4493 2844 4549 haec
2868 4492 3209 4549 universalis
3234 4492 3329 4547 ﬁet
3352 4491 3737 4559 resurrectio;

2098 4591 2154 4643 et
2183 4603 2213 4643 ε
2243 4583 2553 4654 contrario,
2604 4599 2792 4656 neque
2821 4584 3119 4654 justorum
3168 4582 3446 4653 praecedet
3487 4597 3743 4638 resurre-

2099 4677 2441 4749 ctio,neque
2456 4679 2591 4748 post
2608 4672 2766 4730 mille
2786 4689 2969 4729 annos
2988 4671 3228 4741 deliciis,
3247 4687 3436 4744 neque
3449 4670 3744 4743 generatio

2097 4766 2227 4825 erit.
2273 4797 2341 4809 —
2414 4765 2554 4821 Post
2600 4763 3083 4821 resurrectionem
3126 4761 3188 4817 in
3230 4760 3498 4833 paradiso
3549 4754 3744 4815 988!)

2092 4858 2391 4929 justorum
2441 4854 2552 4911 erit
2598 4849 3014 4919 commoratio;
3075 4854 3133 4906 et
3183 4866 3299 4906 non
3357 4849 3416 4904 in
3475 4846 3746 4920 paradiso

2099 4947 2199 5003 sed
2232 4945 2291 5000 in
2322 4943 2505 5012 caelis,
2528 4946 2585 4999 et
2614 4942 2925 5015 paradisus
2946 4956 3061 4998 non
3085 4939 3146 4996 in
3176 4938 3335 5009 cmlo,
3363 4955 3470 4995 nec
3492 4938 3745 5003 interra,

2101 5035 2201 5091 sed
2224 5035 2286 5090 in
2307 5034 2379 5090 iis
2400 5049 2527 5106 quae
2551 5031 2852 5103 interjecta
2873 5033 3029 5088 sunt.
3053 5060 3123 5072 —
3142 5033 3405 5101 Superna
3424 5025 3746 5084 Jerusalem

2100 5128 2189 5181 est
2228 5123 2557 5197 paradisus,
2599 5125 2656 5179 et
2695 5121 2757 5177 in
2801 5121 2967 5177 tertio
3007 5119 3171 5191 cosio,
3212 5124 3270 5176 et
3300 5119 3534 5175 arbores
3563 5116 3625 5172 in
3658 5132 3745 5179 eo,

2101 5228 2280 5271 sensu
2325 5212 2582 5285 praedita:
2625 5214 2783 5278 sunt,
2817 5213 2873 5267 et
2915 5208 3277 5266 intellectum
3318 5207 3539 5263 habent
3567 5208 3624 5261 et
3653 5221 3745 5260 ra-

2100 5304 2341 5373 tionem,
2366 5308 2424 5361 et
2447 5303 2622 5359 homo
2654 5306 2786 5374 post
2817 5300 3348 5374 pravaricationem
3385 5298 3522 5354 inde
3542 5296 3603 5352 in
3633 5303 3751 5353 ter-

2102 5410 2231 5451 ram
2261 5392 2488 5451 delatus
2518 5400 2622 5451 est.
2654 5392 2874 5451 Deinde
2904 5394 2963 5448 et
2991 5389 3378 5449 contrarium.
3409 5386 3751 5446 Paradisum

1696 5558 1942 5619 VARIIE
1977 5556 2398 5617 LECTIONES.

412 5705 440 5746 ¹
470 5707 531 5762 ὃν
565 5703 616 5762 οἱ
647 5706 707 5764 ’E
937 5706 960 5742 ³
997 5707 1181 5777 Νησᾶν
1211 5709 1274 5762 Α.
1350 5704 1374 5741 ⁵
1400 5700 1605 5764 τιλεσθ.
1798 5706 1821 5743 ⁵
1848 5701 1983 5760 αὐτὸ
2025 5704 2161 5762 add.
2197 5706 2255 5761 Α.
2332 5704 2354 5741 ⁸
2383 5703 2544 5775 ἡμῶν
2578 5698 2719 5756 ἐστιν
2747 5699 2799 5755 οἱ
2830 5699 2922 5759 Β.⁷
2948 5717 3109 5776 τρυφ.
3140 5696 3230 5753 καὶ
3256 5695 3370 5757 ἐσθ.
3570 5699 3593 5737 ⁸
3643 5696 3752 5770 ὅτι]

348 5780 430 5836 ὅτι
461 5799 520 5836 τε
550 5785 614 5835 Δ.
691 5781 714 5816 ⁹
752 5778 920 5836 ὁόω.
956 5781 1023 5834 Α.
