  <div class='ocr_page' id='page_1' title='image "/cluster/home/n/w/nwhite01/storage/ocr_20150623/103/hvd.32044054112495/567.png"; bbox 0 0 4138 6228; ppageno 0'>
   <div class='ocr_carea' id='block_1_1' title="bbox 421 391 574 453">
    <p class='ocr_par' dir='ltr' id='par_1_1' title="bbox 421 391 574 453">
     <span class='ocr_line' id='line_1_1' title="bbox 421 391 574 453; baseline -0.007 -2"><span class='ocrx_word' id='word_1_1' title='bbox 421 393 448 451; x_wconf 80' lang='grc'><strong>1</strong></span> <span class='ocrx_word' id='word_1_2' title='bbox 459 391 574 453; x_wconf 83' lang='grc'><strong>895</strong></span> 
     </span>
    </p>
   </div>
   <div class='ocr_carea' id='block_1_2' title="bbox 1610 379 2600 443">
    <p class='ocr_par' dir='ltr' id='par_1_2' title="bbox 1610 379 2600 443">
     <span class='ocr_line' id='line_1_2' title="bbox 1610 379 2600 443; baseline 0 0"><span class='ocrx_word' id='word_1_3' title='bbox 1610 379 1870 443; x_wconf 82' lang='lat' dir='ltr'><strong>PHOTll</strong></span> <span class='ocrx_word' id='word_1_4' title='bbox 1920 379 2447 443; x_wconf 61' lang='lat' dir='ltr'><strong>PATRIARCHxE</strong></span> <span class='ocrx_word' id='word_1_5' title='bbox 2483 383 2600 443; x_wconf 87' lang='lat' dir='ltr'><strong>GP.</strong></span> 
     </span>
    </p>
   </div>
   <div class='ocr_carea' id='block_1_3' title="bbox 3665 384 3823 444">
    <p class='ocr_par' dir='ltr' id='par_1_3' title="bbox 3665 384 3823 444">
     <span class='ocr_line' id='line_1_3' title="bbox 3665 384 3823 444; baseline 0.006 -2"><span class='ocrx_word' id='word_1_6' title='bbox 3665 384 3823 444; x_wconf 81' lang='grc'><strong>1096</strong></span> 
     </span>
    </p>
   </div>
   <div class='ocr_carea' id='block_1_4' title="bbox 417 510 2054 594">
    <p class='ocr_par' dir='ltr' id='par_1_4' title="bbox 417 517 2054 588">
     <span class='ocr_line' id='line_1_4' title="bbox 417 517 2054 588; baseline -0.007 -6"><span class='ocrx_word' id='word_1_7' title='bbox 417 543 532 582; x_wconf 90' lang='lat' dir='ltr'><strong>non</strong></span> <span class='ocrx_word' id='word_1_8' title='bbox 560 525 620 580; x_wconf 90' lang='lat' dir='ltr'><strong>in</strong></span> <span class='ocrx_word' id='word_1_9' title='bbox 653 523 819 580; x_wconf 90' lang='lat' dir='ltr'><strong>tertio</strong></span> <span class='ocrx_word' id='word_1_10' title='bbox 847 536 973 577; x_wconf 90' lang='lat' dir='ltr'><strong>esse</strong></span> <span class='ocrx_word' id='word_1_11' title='bbox 1007 518 1169 585; x_wconf 73' lang='lat' dir='ltr'><strong>cmlo,</strong></span> <span class='ocrx_word' id='word_1_12' title='bbox 1215 517 1318 574; x_wconf 89' lang='lat' dir='ltr'><strong>sed</strong></span> <span class='ocrx_word' id='word_1_13' title='bbox 1349 517 1406 572; x_wconf 90' lang='lat' dir='ltr'><strong>in</strong></span> <span class='ocrx_word' id='word_1_14' title='bbox 1445 521 1620 573; x_wconf 88' lang='lat' dir='ltr'><strong>terra.</strong></span> <span class='ocrx_word' id='word_1_15' title='bbox 1654 548 1719 557; x_wconf 92' lang='lat'>—</span> <span class='ocrx_word' id='word_1_16' title='bbox 1753 521 1910 573; x_wconf 89' lang='lat' dir='ltr'><strong>Bona</strong></span> <span class='ocrx_word' id='word_1_17' title='bbox 1931 532 2054 588; x_wconf 66' lang='lat' dir='ltr'><strong>qua!</strong></span> 
     </span>
    </p>
   </div>
   <div class='ocr_carea' id='block_1_5' title="bbox 2165 510 3827 594">
    <p class='ocr_par' dir='ltr' id='par_1_5' title="bbox 2171 510 3827 594">
     <span class='ocr_line' id='line_1_5' title="bbox 2171 510 3827 594; baseline 0.003 -26"><span class='ocrx_word' id='word_1_18' title='bbox 2171 510 2346 578; x_wconf 85' lang='grc' dir='ltr'>δεισος</span> <span class='ocrx_word' id='word_1_19' title='bbox 2380 512 2507 572; x_wconf 70' lang='grc' dir='ltr'>οὔτε</span> <span class='ocrx_word' id='word_1_20' title='bbox 2537 514 2588 571; x_wconf 80' lang='grc' dir='ltr'>ἒν</span> <span class='ocrx_word' id='word_1_21' title='bbox 2619 520 2698 589; x_wconf 83' lang='grc' dir='ltr'><strong>τῷ</strong></span> <span class='ocrx_word' id='word_1_22' title='bbox 2724 517 2938 591; x_wconf 81' lang='grc' dir='ltr'>οὐρανῷ</span> <span class='ocrx_word' id='word_1_23' title='bbox 2970 514 3096 572; x_wconf 72' lang='grc' dir='ltr'>οὔτε</span> <span class='ocrx_word' id='word_1_24' title='bbox 3139 515 3226 572; x_wconf 71' lang='grc' dir='ltr'><strong>ἐπὶ</strong></span> <span class='ocrx_word' id='word_1_25' title='bbox 3273 523 3375 586; x_wconf 81' lang='grc' dir='ltr'><strong>τῆς</strong></span> <span class='ocrx_word' id='word_1_26' title='bbox 3409 520 3454 554; x_wconf 84' lang='grc'><strong>¹⁰</strong></span> <span class='ocrx_word' id='word_1_27' title='bbox 3502 524 3632 594; x_wconf 79' lang='grc' dir='ltr'>γῆς,</span> <span class='ocrx_word' id='word_1_28' title='bbox 3677 518 3827 573; x_wconf 76' lang='grc' dir='ltr'>ἀλλὰ</span> 
     </span>
    </p>
   </div>
   <div class='ocr_carea' id='block_1_6' title="bbox 418 603 2056 685">
    <p class='ocr_par' dir='ltr' id='par_1_6' title="bbox 418 603 2056 685">
     <span class='ocr_line' id='line_1_6' title="bbox 418 603 2056 685; baseline -0.005 -16"><span class='ocrx_word' id='word_1_29' title='bbox 418 616 736 685; x_wconf 73' lang='lat' dir='ltr'><strong>praeparata</strong></span> <span class='ocrx_word' id='word_1_30' title='bbox 775 613 910 665; x_wconf 88' lang='lat' dir='ltr'><strong>sunt</strong></span> <span class='ocrx_word' id='word_1_31' title='bbox 941 607 1141 678; x_wconf 89' lang='lat' dir='ltr'><strong>justis,</strong></span> <span class='ocrx_word' id='word_1_32' title='bbox 1185 606 1387 662; x_wconf 85' lang='lat' dir='ltr'><strong>oculus</strong></span> <span class='ocrx_word' id='word_1_33' title='bbox 1421 622 1534 662; x_wconf 91' lang='lat' dir='ltr'><strong>non</strong></span> <span class='ocrx_word' id='word_1_34' title='bbox 1567 605 1729 674; x_wconf 87' lang='lat' dir='ltr'><strong>vidit,</strong></span> <span class='ocrx_word' id='word_1_35' title='bbox 1764 620 1867 660; x_wconf 90' lang='lat' dir='ltr'><strong>nec</strong></span> <span class='ocrx_word' id='word_1_36' title='bbox 1900 603 2056 660; x_wconf 81' lang='lat' dir='ltr'><strong>auris</strong></span> 
     </span>
    </p>
   </div>
   <div class='ocr_carea' id='block_1_7' title="bbox 418 695 2056 766">
    <p class='ocr_par' dir='ltr' id='par_1_7' title="bbox 418 695 2056 766">
     <span class='ocr_line' id='line_1_7' title="bbox 418 695 2056 766; baseline -0.005 -9"><span class='ocrx_word' id='word_1_37' title='bbox 418 702 779 764; x_wconf 82' lang='lat' dir='ltr'><strong>audivit,nec</strong></span> <span class='ocrx_word' id='word_1_38' title='bbox 803 698 861 752; x_wconf 91' lang='lat' dir='ltr'><strong>in</strong></span> <span class='ocrx_word' id='word_1_39' title='bbox 887 713 985 751; x_wconf 88' lang='lat' dir='ltr'><strong>cor</strong></span> <span class='ocrx_word' id='word_1_40' title='bbox 1008 695 1259 751; x_wconf 85' lang='lat' dir='ltr'><strong>hominis</strong></span> <span class='ocrx_word' id='word_1_41' title='bbox 1283 696 1689 751; x_wconf 87' lang='lat' dir='ltr'><strong>ascenderunt.</strong></span> <span class='ocrx_word' id='word_1_42' title='bbox 1712 696 2056 766; x_wconf 81' lang='lat' dir='ltr'><strong>Quanquam</strong></span> 
     </span>
    </p>
   </div>
   <div class='ocr_carea' id='block_1_8' title="bbox 419 783 2057 860">
    <p class='ocr_par' dir='ltr' id='par_1_8' title="bbox 419 783 2057 860">
     <span class='ocr_line' id='line_1_8' title="bbox 419 783 2057 860; baseline -0.004 -15"><span class='ocrx_word' id='word_1_43' title='bbox 419 789 774 860; x_wconf 81' lang='lat' dir='ltr'><strong>llegesippus</strong></span> <span class='ocrx_word' id='word_1_44' title='bbox 799 785 882 840; x_wconf 91' lang='lat' dir='ltr'><strong>vir</strong></span> <span class='ocrx_word' id='word_1_45' title='bbox 903 785 1180 855; x_wconf 88' lang='lat' dir='ltr'><strong>antiquus</strong></span> <span class='ocrx_word' id='word_1_46' title='bbox 1203 790 1259 840; x_wconf 89' lang='lat' dir='ltr'><strong>ct</strong></span> <span class='ocrx_word' id='word_1_47' title='bbox 1282 785 1657 854; x_wconf 79' lang='lat' dir='ltr'><strong>apostolicus,</strong></span> <span class='ocrx_word' id='word_1_48' title='bbox 1686 783 1830 838; x_wconf 90' lang='lat' dir='ltr'><strong>libro</strong></span> <span class='ocrx_word' id='word_1_49' title='bbox 1854 783 2057 854; x_wconf 87' lang='lat' dir='ltr'><strong>quinto</strong></span> 
     </span>
    </p>
   </div>
   <div class='ocr_carea' id='block_1_9' title="bbox 412 871 2060 934">
    <p class='ocr_par' dir='ltr' id='par_1_9' title="bbox 412 871 2060 934">
     <span class='ocr_line' id='line_1_9' title="bbox 412 871 2060 934; baseline -0.004 -2"><span class='ocrx_word' id='word_1_50' title='bbox 412 876 966 934; x_wconf 80' lang='lat' dir='ltr'><strong>Commentariorum</strong></span> <span class='ocrx_word' id='word_1_51' title='bbox 993 875 1141 928; x_wconf 84' lang='lat' dir='ltr'><strong>haud</strong></span> <span class='ocrx_word' id='word_1_52' title='bbox 1169 874 1288 929; x_wconf 90' lang='lat' dir='ltr'><strong>scio</strong></span> <span class='ocrx_word' id='word_1_53' title='bbox 1309 891 1378 928; x_wconf 90' lang='lat' dir='ltr'><strong>an</strong></span> <span class='ocrx_word' id='word_1_54' title='bbox 1400 875 1654 929; x_wconf 81' lang='lat' dir='ltr'><strong>oll‘ensus</strong></span> <span class='ocrx_word' id='word_1_55' title='bbox 1678 871 1818 927; x_wconf 85' lang='lat' dir='ltr'><strong>dicit</strong></span> <span class='ocrx_word' id='word_1_56' title='bbox 1841 871 2060 927; x_wconf 84' lang='lat' dir='ltr'><strong>frustra</strong></span> 
     </span>
    </p>
   </div>
   <div class='ocr_carea' id='block_1_10' title="bbox 411 959 2058 1032">
    <p class='ocr_par' dir='ltr' id='par_1_10' title="bbox 411 959 2058 1032">
     <span class='ocr_line' id='line_1_10' title="bbox 411 959 2058 1032; baseline -0.003 -12"><span class='ocrx_word' id='word_1_57' title='bbox 411 967 529 1020; x_wconf 84' lang='lat' dir='ltr'><strong>haec</strong></span> <span class='ocrx_word' id='word_1_58' title='bbox 562 964 696 1030; x_wconf 90' lang='lat' dir='ltr'><strong>dici,</strong></span> <span class='ocrx_word' id='word_1_59' title='bbox 723 967 779 1018; x_wconf 90' lang='lat' dir='ltr'><strong>et</strong></span> <span class='ocrx_word' id='word_1_60' title='bbox 809 979 906 1018; x_wconf 91' lang='lat' dir='ltr'><strong>eos</strong></span> <span class='ocrx_word' id='word_1_61' title='bbox 940 962 1034 1032; x_wconf 86' lang='lat' dir='ltr'><strong>qui</strong></span> <span class='ocrx_word' id='word_1_62' title='bbox 1067 962 1188 1016; x_wconf 56' lang='lat' dir='ltr'><strong>haec</strong></span> <span class='ocrx_word' id='word_1_63' title='bbox 1220 963 1424 1016; x_wconf 89' lang='lat' dir='ltr'><strong>dicunt</strong></span> <span class='ocrx_word' id='word_1_64' title='bbox 1447 963 1504 1016; x_wconf 89' lang='lat' dir='ltr'><strong>in</strong></span> <span class='ocrx_word' id='word_1_65' title='bbox 1537 977 1762 1016; x_wconf 88' lang='lat' dir='ltr'><strong>sacram</strong></span> <span class='ocrx_word' id='word_1_66' title='bbox 1796 959 2058 1031; x_wconf 88' lang='lat' dir='ltr'><strong>Scriptu-</strong></span> 
     </span>
    </p>
   </div>
   <div class='ocr_carea' id='block_1_11' title="bbox 410 1048 2060 1123">
    <p class='ocr_par' dir='ltr' id='par_1_11' title="bbox 410 1048 2060 1123">
     <span class='ocr_line' id='line_1_11' title="bbox 410 1048 2060 1123; baseline -0.004 -13"><span class='ocrx_word' id='word_1_67' title='bbox 410 1071 552 1123; x_wconf 85' lang='lat' dir='ltr'><strong>ram,</strong></span> <span class='ocrx_word' id='word_1_68' title='bbox 572 1058 626 1109; x_wconf 89' lang='lat' dir='ltr'><strong>et</strong></span> <span class='ocrx_word' id='word_1_69' title='bbox 652 1059 857 1109; x_wconf 89' lang='lat' dir='ltr'><strong>contra</strong></span> <span class='ocrx_word' id='word_1_70' title='bbox 877 1053 1171 1109; x_wconf 84' lang='lat' dir='ltr'><strong>Christum</strong></span> <span class='ocrx_word' id='word_1_71' title='bbox 1199 1051 1483 1107; x_wconf 79' lang='lat' dir='ltr'><strong>dicentem</strong></span> <span class='ocrx_word' id='word_1_72' title='bbox 1509 1068 1520 1104; x_wconf 86' lang='lat'><strong>:</strong></span> <span class='ocrx_word' id='word_1_73' title='bbox 1549 1052 1705 1105; x_wconf 83' lang='lat' dir='ltr'><strong>Beati</strong></span> <span class='ocrx_word' id='word_1_74' title='bbox 1725 1048 1872 1104; x_wconf 80' lang='lat' dir='ltr'><strong>oculi</strong></span> <span class='ocrx_word' id='word_1_75' title='bbox 1890 1049 2060 1103; x_wconf 77' lang='lat' dir='ltr'><strong>vestri</strong></span> 
     </span>
    </p>
   </div>
   <div class='ocr_carea' id='block_1_12' title="bbox 407 1137 2053 1210">
    <p class='ocr_par' dir='ltr' id='par_1_12' title="bbox 407 1137 2053 1210">
     <span class='ocr_line' id='line_1_12' title="bbox 407 1137 2053 1210; baseline -0.005 -11"><span class='ocrx_word' id='word_1_76' title='bbox 407 1143 672 1210; x_wconf 81' lang='lat' dir='ltr'><strong>videntes,</strong></span> <span class='ocrx_word' id='word_1_77' title='bbox 689 1151 738 1198; x_wconf 87' lang='lat' dir='ltr'><strong>et</strong></span> <span class='ocrx_word' id='word_1_78' title='bbox 757 1159 924 1198; x_wconf 80' lang='lat' dir='ltr'><strong>aures</strong></span> <span class='ocrx_word' id='word_1_79' title='bbox 944 1146 1136 1198; x_wconf 60' lang='lat' dir='ltr'><strong>vestrm</strong></span> <span class='ocrx_word' id='word_1_80' title='bbox 1152 1142 1269 1198; x_wconf 68' lang='lat' dir='ltr'><strong>haec</strong></span> <span class='ocrx_word' id='word_1_81' title='bbox 1288 1140 1570 1195; x_wconf 81' lang='lat' dir='ltr'><strong>audientes</strong></span> <span class='ocrx_word' id='word_1_82' title='bbox 1587 1155 1628 1196; x_wconf 72' lang='grc' dir='ltr'>ε.</span> <span class='ocrx_word' id='word_1_83' title='bbox 1647 1143 1780 1204; x_wconf 85' lang='lat' dir='ltr'><strong>etc.,</strong></span> <span class='ocrx_word' id='word_1_84' title='bbox 1803 1137 2053 1193; x_wconf 86' lang='lat' dir='ltr'><strong>mentiri.</strong></span> 
     </span>
    </p>
   </div>
   <div class='ocr_carea' id='block_1_13' title="bbox 407 1227 2056 1304">
    <p class='ocr_par' dir='ltr' id='par_1_13' title="bbox 407 1227 2056 1304">
     <span class='ocr_line' id='line_1_13' title="bbox 407 1227 2056 1304; baseline -0.004 -16"><span class='ocrx_word' id='word_1_85' title='bbox 407 1265 476 1276; x_wconf 95' lang='lat'><strong>—</strong></span> <span class='ocrx_word' id='word_1_86' title='bbox 509 1233 770 1288; x_wconf 86' lang='lat' dir='ltr'><strong>Damnati</strong></span> <span class='ocrx_word' id='word_1_87' title='bbox 808 1235 1135 1304; x_wconf 87' lang='lat' dir='ltr'><strong>peccatores</strong></span> <span class='ocrx_word' id='word_1_88' title='bbox 1175 1232 1230 1284; x_wconf 90' lang='lat' dir='ltr'><strong>in</strong></span> <span class='ocrx_word' id='word_1_89' title='bbox 1267 1229 1566 1300; x_wconf 79' lang='lat' dir='ltr'><strong>punitione</strong></span> <span class='ocrx_word' id='word_1_90' title='bbox 1611 1227 1995 1283; x_wconf 88' lang='lat' dir='ltr'><strong>absolvuntur</strong></span> <span class='ocrx_word' id='word_1_91' title='bbox 2025 1244 2056 1281; x_wconf 85' lang='lat' dir='ltr'><strong>a</strong></span> 
     </span>
    </p>
   </div>
   <div class='ocr_carea' id='block_1_14' title="bbox 409 1317 2056 1394">
    <p class='ocr_par' dir='ltr' id='par_1_14' title="bbox 409 1317 2056 1394">
     <span class='ocr_line' id='line_1_14' title="bbox 409 1317 2056 1394; baseline -0.005 -15"><span class='ocrx_word' id='word_1_92' title='bbox 409 1323 705 1394; x_wconf 87' lang='lat' dir='ltr'><strong>malitia,et</strong></span> <span class='ocrx_word' id='word_1_93' title='bbox 720 1326 849 1394; x_wconf 90' lang='lat' dir='ltr'><strong>post</strong></span> <span class='ocrx_word' id='word_1_94' title='bbox 864 1321 1280 1378; x_wconf 85' lang='lat' dir='ltr'><strong>absolutionem</strong></span> <span class='ocrx_word' id='word_1_95' title='bbox 1295 1320 1616 1375; x_wconf 78' lang='lat' dir='ltr'><strong>liberantur</strong></span> <span class='ocrx_word' id='word_1_96' title='bbox 1629 1337 1662 1374; x_wconf 91' lang='lat' dir='ltr'><strong>a</strong></span> <span class='ocrx_word' id='word_1_97' title='bbox 1676 1317 2056 1389; x_wconf 84' lang='lat' dir='ltr'><strong>pcena.Quan-</strong></span> 
     </span>
    </p>
   </div>
   <div class='ocr_carea' id='block_1_15' title="bbox 409 1405 2054 1484">
    <p class='ocr_par' dir='ltr' id='par_1_15' title="bbox 409 1405 2054 1484">
     <span class='ocr_line' id='line_1_15' title="bbox 409 1405 2054 1484; baseline -0.004 -17"><span class='ocrx_word' id='word_1_98' title='bbox 409 1429 579 1484; x_wconf 86' lang='lat' dir='ltr'><strong>quam</strong></span> <span class='ocrx_word' id='word_1_99' title='bbox 607 1429 720 1468; x_wconf 90' lang='lat' dir='ltr'><strong>non</strong></span> <span class='ocrx_word' id='word_1_100' title='bbox 745 1427 945 1467; x_wconf 89' lang='lat' dir='ltr'><strong>omnes</strong></span> <span class='ocrx_word' id='word_1_101' title='bbox 971 1409 1286 1466; x_wconf 85' lang='lat' dir='ltr'><strong>damnandi</strong></span> <span class='ocrx_word' id='word_1_102' title='bbox 1307 1409 1649 1473; x_wconf 83' lang='lat' dir='ltr'><strong>liberantur,</strong></span> <span class='ocrx_word' id='word_1_103' title='bbox 1671 1412 1724 1462; x_wconf 90' lang='lat' dir='ltr'><strong>et</strong></span> <span class='ocrx_word' id='word_1_104' title='bbox 1747 1405 2054 1463; x_wconf 86' lang='lat' dir='ltr'><strong>absolvun—</strong></span> 
     </span>
    </p>
   </div>
   <div class='ocr_carea' id='block_1_16' title="bbox 408 1497 2053 1574">
    <p class='ocr_par' dir='ltr' id='par_1_16' title="bbox 408 1497 2053 1574">
     <span class='ocr_line' id='line_1_16' title="bbox 408 1497 2053 1574; baseline -0.005 -15"><span class='ocrx_word' id='word_1_105' title='bbox 408 1505 636 1574; x_wconf 86' lang='lat' dir='ltr'><strong>tur,sed</strong></span> <span class='ocrx_word' id='word_1_106' title='bbox 663 1502 842 1574; x_wconf 90' lang='lat' dir='ltr'><strong>aliqui</strong></span> <span class='ocrx_word' id='word_1_107' title='bbox 865 1506 1116 1568; x_wconf 88' lang='lat' dir='ltr'><strong>tantum,</strong></span> <span class='ocrx_word' id='word_1_108' title='bbox 1133 1506 1189 1556; x_wconf 90' lang='lat' dir='ltr'><strong>et</strong></span> <span class='ocrx_word' id='word_1_109' title='bbox 1210 1500 1360 1555; x_wconf 89' lang='lat' dir='ltr'><strong>hanc</strong></span> <span class='ocrx_word' id='word_1_110' title='bbox 1383 1515 1510 1555; x_wconf 90' lang='lat' dir='ltr'><strong>esse</strong></span> <span class='ocrx_word' id='word_1_111' title='bbox 1536 1497 1798 1554; x_wconf 74' lang='lat' dir='ltr'><strong>Ecclesiae</strong></span> <span class='ocrx_word' id='word_1_112' title='bbox 1822 1500 2053 1552; x_wconf 87' lang='lat' dir='ltr'><strong>senten-</strong></span> 
     </span>
    </p>
   </div>
   <div class='ocr_carea' id='block_1_17' title="bbox 409 1583 2050 1662">
    <p class='ocr_par' dir='ltr' id='par_1_17' title="bbox 409 1583 2050 1662">
     <span class='ocr_line' id='line_1_17' title="bbox 409 1583 2050 1662; baseline -0.007 -14"><span class='ocrx_word' id='word_1_113' title='bbox 409 1593 872 1659; x_wconf 81' lang='lat' dir='ltr'><strong>tiam,neminem</strong></span> <span class='ocrx_word' id='word_1_114' title='bbox 895 1608 924 1646; x_wconf 91' lang='lat' dir='ltr'><strong>e</strong></span> <span class='ocrx_word' id='word_1_115' title='bbox 952 1607 1118 1662; x_wconf 81' lang='lat' dir='ltr'><strong>poena</strong></span> <span class='ocrx_word' id='word_1_116' title='bbox 1151 1589 1311 1659; x_wconf 87' lang='lat' dir='ltr'><strong>eripi.</strong></span> <span class='ocrx_word' id='word_1_117' title='bbox 1339 1620 1399 1629; x_wconf 98' lang='lat'><strong>—</strong></span> <span class='ocrx_word' id='word_1_118' title='bbox 1428 1587 1525 1643; x_wconf 90' lang='lat' dir='ltr'><strong>Uri</strong></span> <span class='ocrx_word' id='word_1_119' title='bbox 1547 1592 1602 1644; x_wconf 88' lang='lat' dir='ltr'><strong>et</strong></span> <span class='ocrx_word' id='word_1_120' title='bbox 1627 1603 1736 1642; x_wconf 92' lang='lat' dir='ltr'><strong>non</strong></span> <span class='ocrx_word' id='word_1_121' title='bbox 1764 1583 2050 1650; x_wconf 89' lang='lat' dir='ltr'><strong>comburi,</strong></span> 
     </span>
    </p>
   </div>
   <div class='ocr_carea' id='block_1_18' title="bbox 410 1675 2056 1752">
    <p class='ocr_par' dir='ltr' id='par_1_18' title="bbox 410 1675 2056 1752">
     <span class='ocr_line' id='line_1_18' title="bbox 410 1675 2056 1752; baseline -0.005 -14"><span class='ocrx_word' id='word_1_122' title='bbox 410 1687 497 1738; x_wconf 87' lang='lat' dir='ltr'><strong>est</strong></span> <span class='ocrx_word' id='word_1_123' title='bbox 519 1679 1035 1752; x_wconf 89' lang='lat' dir='ltr'><strong>iucorruplibiliter</strong></span> <span class='ocrx_word' id='word_1_124' title='bbox 1058 1678 1375 1749; x_wconf 88' lang='lat' dir='ltr'><strong>corrumpi.</strong></span> <span class='ocrx_word' id='word_1_125' title='bbox 1399 1677 1562 1732; x_wconf 86' lang='lat' dir='ltr'><strong>Titus</strong></span> <span class='ocrx_word' id='word_1_126' title='bbox 1587 1681 1805 1742; x_wconf 89' lang='lat' dir='ltr'><strong>autem,</strong></span> <span class='ocrx_word' id='word_1_127' title='bbox 1837 1675 2056 1746; x_wconf 88' lang='lat' dir='ltr'><strong>episco-</strong></span> 
     </span>
    </p>
   </div>
   <div class='ocr_carea' id='block_1_19' title="bbox 406 1763 2053 1840">
    <p class='ocr_par' dir='ltr' id='par_1_19' title="bbox 406 1763 2053 1840">
     <span class='ocr_line' id='line_1_19' title="bbox 406 1763 2053 1840; baseline -0.006 -14"><span class='ocrx_word' id='word_1_128' title='bbox 406 1787 514 1840; x_wconf 89' lang='lat' dir='ltr'><strong>pus</strong></span> <span class='ocrx_word' id='word_1_129' title='bbox 534 1771 892 1838; x_wconf 86' lang='lat' dir='ltr'><strong>Bostrorum,</strong></span> <span class='ocrx_word' id='word_1_130' title='bbox 913 1771 1112 1823; x_wconf 87' lang='lat' dir='ltr'><strong>contra</strong></span> <span class='ocrx_word' id='word_1_131' title='bbox 1135 1766 1484 1821; x_wconf 71' lang='lat' dir='ltr'><strong>Manichzeos</strong></span> <span class='ocrx_word' id='word_1_132' title='bbox 1503 1764 1971 1835; x_wconf 88' lang='lat' dir='ltr'><strong>scribens,primo</strong></span> <span class='ocrx_word' id='word_1_133' title='bbox 1988 1763 2053 1816; x_wconf 91' lang='lat' dir='ltr'><strong>li-</strong></span> 
     </span>
    </p>
   </div>
   <div class='ocr_carea' id='block_1_20' title="bbox 2167 603 3829 682">
    <p class='ocr_par' dir='ltr' id='par_1_20' title="bbox 2167 603 3829 682">
     <span class='ocr_line' id='line_1_20' title="bbox 2167 603 3829 682; baseline 0.004 -24"><span class='ocrx_word' id='word_1_134' title='bbox 2167 603 2374 660; x_wconf 77' lang='grc' dir='ltr'>τούτων</span> <span class='ocrx_word' id='word_1_135' title='bbox 2413 607 2634 678; x_wconf 78' lang='grc' dir='ltr'>μεταξύ.</span> <span class='ocrx_word' id='word_1_136' title='bbox 2673 640 2738 650; x_wconf 93' lang='lat'><strong><em>—</em></strong></span> <span class='ocrx_word' id='word_1_137' title='bbox 2763 608 2853 668; x_wconf 86' lang='grc' dir='ltr'>Ὡς</span> <span class='ocrx_word' id='word_1_138' title='bbox 2883 607 2910 661; x_wconf 98' lang='lat'><strong>6</strong></span> <span class='ocrx_word' id='word_1_139' title='bbox 2941 604 3264 682; x_wconf 74' lang='grc' dir='ltr'><strong>παράδεισος</strong></span> <span class='ocrx_word' id='word_1_140' title='bbox 3298 609 3332 675; x_wconf 75' lang='grc' dir='ltr'>ἡ</span> <span class='ocrx_word' id='word_1_141' title='bbox 3366 604 3478 662; x_wconf 71' lang='grc' dir='ltr'><strong>ἅνω</strong></span> <span class='ocrx_word' id='word_1_142' title='bbox 3528 605 3676 661; x_wconf 81' lang='grc' dir='ltr'>ἐστὶν</span> <span class='ocrx_word' id='word_1_143' title='bbox 3726 609 3829 664; x_wconf 79' lang='grc' dir='ltr'><strong>Ἱε-</strong></span> 
     </span>
    </p>
   </div>
   <div class='ocr_carea' id='block_1_21' title="bbox 2169 693 3826 770">
    <p class='ocr_par' dir='ltr' id='par_1_21' title="bbox 2169 693 3826 770">
     <span class='ocr_line' id='line_1_21' title="bbox 2169 693 3826 770; baseline 0.002 -22"><span class='ocrx_word' id='word_1_144' title='bbox 2169 693 2484 768; x_wconf 78' lang='grc' dir='ltr'>ρουσαλήμ,</span> <span class='ocrx_word' id='word_1_145' title='bbox 2513 697 2603 751; x_wconf 86' lang='grc' dir='ltr'><strong>καὶ</strong></span> <span class='ocrx_word' id='word_1_146' title='bbox 2635 695 2687 750; x_wconf 90' lang='grc' dir='ltr'><strong>έν</strong></span> <span class='ocrx_word' id='word_1_147' title='bbox 2728 701 2807 768; x_wconf 79' lang='grc' dir='ltr'><strong>τῷ</strong></span> <span class='ocrx_word' id='word_1_148' title='bbox 2835 695 3004 770; x_wconf 84' lang='grc' dir='ltr'>τρίτῷ</span> <span class='ocrx_word' id='word_1_149' title='bbox 3035 695 3175 750; x_wconf 77' lang='grc' dir='ltr'>ἐστῖν</span> <span class='ocrx_word' id='word_1_150' title='bbox 3223 695 3460 769; x_wconf 79' lang='grc' dir='ltr'><strong>οὐρανῷ,</strong></span> <span class='ocrx_word' id='word_1_151' title='bbox 3511 697 3602 751; x_wconf 77' lang='grc' dir='ltr'>καὶ</span> <span class='ocrx_word' id='word_1_152' title='bbox 3653 697 3722 752; x_wconf 74' lang='grc' dir='ltr'><strong>τὰ</strong></span> <span class='ocrx_word' id='word_1_153' title='bbox 3775 697 3826 752; x_wconf 80' lang='grc' dir='ltr'>ἐν</span> 
     </span>
    </p>
   </div>
   <div class='ocr_carea' id='block_1_22' title="bbox 2167 784 3830 861">
    <p class='ocr_par' dir='ltr' id='par_1_22' title="bbox 2167 784 3830 861">
     <span class='ocr_line' id='line_1_22' title="bbox 2167 784 3830 861; baseline 0.002 -23"><span class='ocrx_word' id='word_1_154' title='bbox 2167 785 2313 856; x_wconf 80' lang='grc' dir='ltr'>αὐτῷ</span> <span class='ocrx_word' id='word_1_155' title='bbox 2351 784 2488 854; x_wconf 76' lang='grc' dir='ltr'>ξύλα</span> <span class='ocrx_word' id='word_1_156' title='bbox 2533 787 2693 861; x_wconf 84' lang='grc' dir='ltr'>νοερά</span> <span class='ocrx_word' id='word_1_157' title='bbox 2742 788 2799 842; x_wconf 84' lang='grc' dir='ltr'><strong>τέ</strong></span> <span class='ocrx_word' id='word_1_158' title='bbox 2847 787 2948 842; x_wconf 85' lang='grc' dir='ltr'>εἶσι</span> <span class='ocrx_word' id='word_1_159' title='bbox 2990 787 3079 841; x_wconf 83' lang='grc' dir='ltr'><strong>καὶ</strong></span> <span class='ocrx_word' id='word_1_160' title='bbox 3119 786 3326 841; x_wconf 74' lang='grc' dir='ltr'>σύνεσιν</span> <span class='ocrx_word' id='word_1_161' title='bbox 3377 787 3565 861; x_wconf 82' lang='grc' dir='ltr'>έχουσι</span> <span class='ocrx_word' id='word_1_162' title='bbox 3601 789 3691 842; x_wconf 78' lang='grc' dir='ltr'><strong>καὶ</strong></span> <span class='ocrx_word' id='word_1_163' title='bbox 3726 786 3830 842; x_wconf 85' lang='grc' dir='ltr'>λό-</span> 
     </span>
    </p>
   </div>
   <div class='ocr_carea' id='block_1_23' title="bbox 2168 871 3830 951">
    <p class='ocr_par' dir='ltr' id='par_1_23' title="bbox 2168 871 3830 951">
     <span class='ocr_line' id='line_1_23' title="bbox 2168 871 3830 951; baseline 0.002 -23"><span class='ocrx_word' id='word_1_164' title='bbox 2168 895 2283 950; x_wconf 82' lang='grc' dir='ltr'>γον,</span> <span class='ocrx_word' id='word_1_165' title='bbox 2315 876 2406 929; x_wconf 86' lang='grc' dir='ltr'><strong>καὶ</strong></span> <span class='ocrx_word' id='word_1_166' title='bbox 2438 876 2514 938; x_wconf 84' lang='grc' dir='ltr'><strong>ὡς</strong></span> <span class='ocrx_word' id='word_1_167' title='bbox 2546 877 2573 930; x_wconf 88' lang='grc' dir='ltr'>ὁ</span> <span class='ocrx_word' id='word_1_168' title='bbox 2605 873 2890 951; x_wconf 73' lang='grc' dir='ltr'>ἅνθρωπος</span> <span class='ocrx_word' id='word_1_169' title='bbox 2933 877 3069 950; x_wconf 84' lang='grc' dir='ltr'>μετὰ</span> <span class='ocrx_word' id='word_1_170' title='bbox 3115 878 3213 946; x_wconf 72' lang='grc' dir='ltr'><strong>τήν</strong></span> <span class='ocrx_word' id='word_1_171' title='bbox 3270 871 3574 951; x_wconf 74' lang='grc' dir='ltr'>παράϐασιν</span> <span class='ocrx_word' id='word_1_172' title='bbox 3622 876 3830 933; x_wconf 79' lang='grc' dir='ltr'>ἐκεῖθεν</span> 
     </span>
    </p>
   </div>
   <div class='ocr_carea' id='block_1_24' title="bbox 2167 960 3820 1041">
    <p class='ocr_par' dir='ltr' id='par_1_24' title="bbox 2167 960 3820 1041">
     <span class='ocr_line' id='line_1_24' title="bbox 2167 960 3820 1041; baseline 0.002 -25"><span class='ocrx_word' id='word_1_173' title='bbox 2167 960 2254 1016; x_wconf 78' lang='grc' dir='ltr'>ἐπὶ</span> <span class='ocrx_word' id='word_1_174' title='bbox 2299 966 2400 1034; x_wconf 80' lang='grc' dir='ltr'><strong>τήν</strong></span> <span class='ocrx_word' id='word_1_175' title='bbox 2444 967 2545 1039; x_wconf 77' lang='grc' dir='ltr'><strong>γῆν</strong></span> <span class='ocrx_word' id='word_1_176' title='bbox 2592 965 2923 1041; x_wconf 83' lang='grc' dir='ltr'>κατηνέχθη.</span> <span class='ocrx_word' id='word_1_177' title='bbox 2968 966 3102 1022; x_wconf 77' lang='grc' dir='ltr'>Εἶτα</span> <span class='ocrx_word' id='word_1_178' title='bbox 3160 966 3253 1021; x_wconf 82' lang='grc' dir='ltr'><strong>καὶ</strong></span> <span class='ocrx_word' id='word_1_179' title='bbox 3310 967 3373 1020; x_wconf 85' lang='grc' dir='ltr'>τὸ</span> <span class='ocrx_word' id='word_1_180' title='bbox 3423 966 3820 1040; x_wconf 77' lang='grc' dir='ltr'><strong>ἀντικείμενον,</strong></span> 
     </span>
    </p>
   </div>
   <div class='ocr_carea' id='block_1_25' title="bbox 2166 1049 3822 1129">
    <p class='ocr_par' dir='ltr' id='par_1_25' title="bbox 2166 1049 3822 1129">
     <span class='ocr_line' id='line_1_25' title="bbox 2166 1049 3822 1129; baseline 0.004 -23"><span class='ocrx_word' id='word_1_181' title='bbox 2166 1051 2247 1106; x_wconf 79' lang='grc' dir='ltr'><strong>ὅτι</strong></span> <span class='ocrx_word' id='word_1_182' title='bbox 2281 1054 2308 1106; x_wconf 97' lang='lat'><strong>6</strong></span> <span class='ocrx_word' id='word_1_183' title='bbox 2340 1049 2668 1127; x_wconf 78' lang='grc' dir='ltr'>παράδεισος</span> <span class='ocrx_word' id='word_1_184' title='bbox 2699 1055 2800 1109; x_wconf 85' lang='grc' dir='ltr'><strong>οὐκ</strong></span> <span class='ocrx_word' id='word_1_185' title='bbox 2831 1049 2972 1109; x_wconf 77' lang='grc' dir='ltr'>ἔστιν</span> <span class='ocrx_word' id='word_1_186' title='bbox 3008 1053 3061 1108; x_wconf 73' lang='grc' dir='ltr'>ἐν</span> <span class='ocrx_word' id='word_1_187' title='bbox 3092 1059 3172 1126; x_wconf 79' lang='grc' dir='ltr'>τῷ</span> <span class='ocrx_word' id='word_1_188' title='bbox 3201 1054 3368 1128; x_wconf 81' lang='grc' dir='ltr'>τρίτῳ</span> <span class='ocrx_word' id='word_1_189' title='bbox 3399 1055 3641 1129; x_wconf 71' lang='grc' dir='ltr'>οὐρανῷ,</span> <span class='ocrx_word' id='word_1_190' title='bbox 3691 1055 3822 1112; x_wconf 77' lang='grc' dir='ltr'>ἀλλ’</span> 
     </span>
    </p>
   </div>
   <div class='ocr_carea' id='block_1_26' title="bbox 2164 1141 3824 1218">
    <p class='ocr_par' dir='ltr' id='par_1_26' title="bbox 2164 1141 3824 1218">
     <span class='ocr_line' id='line_1_26' title="bbox 2164 1141 3824 1218; baseline 0.002 -22"><span class='ocrx_word' id='word_1_191' title='bbox 2164 1141 2252 1197; x_wconf 83' lang='grc' dir='ltr'><strong>ἐπὶ</strong></span> <span class='ocrx_word' id='word_1_192' title='bbox 2301 1150 2401 1212; x_wconf 80' lang='grc' dir='ltr'><strong>τῆς</strong></span> <span class='ocrx_word' id='word_1_193' title='bbox 2443 1149 2570 1218; x_wconf 86' lang='grc' dir='ltr'>γῆς.</span> <span class='ocrx_word' id='word_1_194' title='bbox 2603 1177 2673 1188; x_wconf 88' lang='grc'><strong>--</strong></span> <span class='ocrx_word' id='word_1_195' title='bbox 2723 1147 2850 1217; x_wconf 74' lang='grc'><strong>[472</strong></span> <span class='ocrx_word' id='word_1_196' title='bbox 2895 1146 2987 1217; x_wconf 83' lang='grc' dir='ltr'><strong>Η.]</strong></span> <span class='ocrx_word' id='word_1_197' title='bbox 3035 1149 3153 1200; x_wconf 88' lang='grc' dir='ltr'>Ὃτι</span> <span class='ocrx_word' id='word_1_198' title='bbox 3182 1145 3252 1199; x_wconf 74' lang='grc' dir='ltr'><strong>τὰ</strong></span> <span class='ocrx_word' id='word_1_199' title='bbox 3287 1146 3668 1218; x_wconf 76' lang='grc' dir='ltr'>ἡτοιμασμένα</span> <span class='ocrx_word' id='word_1_200' title='bbox 3697 1152 3824 1208; x_wconf 84' lang='grc' dir='ltr'>τοῖς</span> 
     </span>
    </p>
   </div>
   <div class='ocr_carea' id='block_1_27' title="bbox 2164 1229 3822 1310">
    <p class='ocr_par' dir='ltr' id='par_1_27' title="bbox 2164 1229 3822 1310">
     <span class='ocr_line' id='line_1_27' title="bbox 2164 1229 3822 1310; baseline 0.001 -24"><span class='ocrx_word' id='word_1_201' title='bbox 2164 1229 2402 1296; x_wconf 87' lang='grc' dir='ltr'>δικαίοις</span> <span class='ocrx_word' id='word_1_202' title='bbox 2431 1231 2607 1306; x_wconf 67' lang='grc' dir='ltr'>ἀγαθὰ</span> <span class='ocrx_word' id='word_1_203' title='bbox 2637 1230 2760 1288; x_wconf 69' lang='grc' dir='ltr'>οὔτε</span> <span class='ocrx_word' id='word_1_204' title='bbox 2791 1233 3078 1310; x_wconf 85' lang='grc' dir='ltr'>ὀφθαλμὸς</span> <span class='ocrx_word' id='word_1_205' title='bbox 3108 1230 3270 1304; x_wconf 83' lang='grc' dir='ltr'>εἶδεν,</span> <span class='ocrx_word' id='word_1_206' title='bbox 3303 1231 3428 1288; x_wconf 70' lang='grc' dir='ltr'>οὔτε</span> <span class='ocrx_word' id='word_1_207' title='bbox 3449 1233 3540 1296; x_wconf 73' lang='grc' dir='ltr'><strong>οὖς</strong></span> <span class='ocrx_word' id='word_1_208' title='bbox 3563 1235 3822 1307; x_wconf 70' lang='grc' dir='ltr'>ἤκουσεν,</span> 
     </span>
    </p>
   </div>
   <div class='ocr_carea' id='block_1_28' title="bbox 2165 1317 3828 1398">
    <p class='ocr_par' dir='ltr' id='par_1_28' title="bbox 2165 1317 3828 1398">
     <span class='ocr_line' id='line_1_28' title="bbox 2165 1317 3828 1398; baseline 0.001 -23"><span class='ocrx_word' id='word_1_209' title='bbox 2165 1317 2287 1375; x_wconf 76' lang='grc' dir='ltr'>οὕτε</span> <span class='ocrx_word' id='word_1_210' title='bbox 2319 1320 2404 1374; x_wconf 73' lang='grc' dir='ltr'>ἐπὶ</span> <span class='ocrx_word' id='word_1_211' title='bbox 2437 1318 2660 1395; x_wconf 81' lang='grc' dir='ltr'>καρδίαν</span> <span class='ocrx_word' id='word_1_212' title='bbox 2713 1323 3000 1398; x_wconf 85' lang='grc' dir='ltr'>ἀνθρώπου</span> <span class='ocrx_word' id='word_1_213' title='bbox 3047 1317 3234 1392; x_wconf 73' lang='grc' dir='ltr'>ἀνέϐη.</span> <span class='ocrx_word' id='word_1_214' title='bbox 3290 1324 3637 1397; x_wconf 70' lang='grc' dir='ltr'>Ἡγήσιππος</span> <span class='ocrx_word' id='word_1_215' title='bbox 3691 1325 3828 1396; x_wconf 82' lang='grc' dir='ltr'>μέν-</span> 
     </span>
    </p>
   </div>
   <div class='ocr_carea' id='block_1_29' title="bbox 2160 1407 3828 1485">
    <p class='ocr_par' dir='ltr' id='par_1_29' title="bbox 2160 1407 3828 1485">
     <span class='ocr_line' id='line_1_29' title="bbox 2160 1407 3828 1485; baseline 0.002 -21"><span class='ocrx_word' id='word_1_216' title='bbox 2160 1429 2269 1477; x_wconf 88' lang='grc' dir='ltr'>τοι,</span> <span class='ocrx_word' id='word_1_217' title='bbox 2312 1407 2545 1484; x_wconf 72' lang='grc' dir='ltr'>ἀρχαῖός</span> <span class='ocrx_word' id='word_1_218' title='bbox 2577 1431 2635 1466; x_wconf 91' lang='grc' dir='ltr'><strong>τε</strong></span> <span class='ocrx_word' id='word_1_219' title='bbox 2663 1411 2797 1485; x_wconf 81' lang='grc' dir='ltr'>ἀνὴρ</span> <span class='ocrx_word' id='word_1_220' title='bbox 2827 1410 2917 1466; x_wconf 86' lang='grc' dir='ltr'>καὶ</span> <span class='ocrx_word' id='word_1_221' title='bbox 2949 1411 3340 1482; x_wconf 77' lang='grc' dir='ltr'>ἀποστολικός,</span> <span class='ocrx_word' id='word_1_222' title='bbox 3379 1410 3428 1465; x_wconf 81' lang='grc' dir='ltr'>ἐν</span> <span class='ocrx_word' id='word_1_223' title='bbox 3473 1416 3552 1483; x_wconf 81' lang='grc' dir='ltr'>τῷ</span> <span class='ocrx_word' id='word_1_224' title='bbox 3583 1415 3828 1485; x_wconf 78' lang='grc' dir='ltr'>πέμπτῷ</span> 
     </span>
    </p>
   </div>
   <div class='ocr_carea' id='block_1_30' title="bbox 2161 1499 3828 1576">
    <p class='ocr_par' dir='ltr' id='par_1_30' title="bbox 2161 1499 3828 1576">
     <span class='ocr_line' id='line_1_30' title="bbox 2161 1499 3828 1576; baseline 0.002 -22"><span class='ocrx_word' id='word_1_225' title='bbox 2161 1505 2267 1555; x_wconf 85' lang='grc' dir='ltr'>τῶν</span> <span class='ocrx_word' id='word_1_226' title='bbox 2303 1503 2760 1575; x_wconf 72' lang='grc' dir='ltr'>Ὑπομνημάτων,</span> <span class='ocrx_word' id='word_1_227' title='bbox 2795 1501 2894 1557; x_wconf 81' lang='grc' dir='ltr'>οὐκ</span> <span class='ocrx_word' id='word_1_228' title='bbox 2923 1499 3031 1556; x_wconf 78' lang='grc' dir='ltr'><strong>οἶδ’</strong></span> <span class='ocrx_word' id='word_1_229' title='bbox 3061 1501 3092 1556; x_wconf 83' lang='lat'>6&#39;</span> <span class='ocrx_word' id='word_1_230' title='bbox 3119 1524 3171 1558; x_wconf 84' lang='grc' dir='ltr'><strong>τι</strong></span> <span class='ocrx_word' id='word_1_231' title='bbox 3203 1505 3294 1557; x_wconf 82' lang='grc' dir='ltr'>καὶ</span> <span class='ocrx_word' id='word_1_232' title='bbox 3327 1505 3366 1539; x_wconf 76' lang='grc'>¹¹</span> <span class='ocrx_word' id='word_1_233' title='bbox 3402 1502 3615 1570; x_wconf 83' lang='grc' dir='ltr'>παθὼν,</span> <span class='ocrx_word' id='word_1_234' title='bbox 3643 1505 3828 1576; x_wconf 73' lang='grc' dir='ltr'>μάτην</span> 
     </span>
    </p>
   </div>
   <div class='ocr_carea' id='block_1_31' title="bbox 2167 1589 3616 1667">
    <p class='ocr_par' dir='ltr' id='par_1_31' title="bbox 2167 1589 3616 1667">
     <span class='ocr_line' id='line_1_31' title="bbox 2167 1589 3616 1667; baseline 0.001 -21"><span class='ocrx_word' id='word_1_235' title='bbox 2167 1591 2260 1661; x_wconf 77' lang='grc' dir='ltr'>μὲν</span> <span class='ocrx_word' id='word_1_236' title='bbox 2322 1589 2569 1667; x_wconf 72' lang='grc' dir='ltr'>εῗρῆσθαι</span> <span class='ocrx_word' id='word_1_237' title='bbox 2609 1597 2778 1648; x_wconf 75' lang='grc' dir='ltr'>ταῦτα</span> <span class='ocrx_word' id='word_1_238' title='bbox 2836 1589 3007 1666; x_wconf 85' lang='grc' dir='ltr'>λέγει,</span> <span class='ocrx_word' id='word_1_239' title='bbox 3055 1594 3147 1647; x_wconf 84' lang='grc' dir='ltr'><strong>καὶ</strong></span> <span class='ocrx_word' id='word_1_240' title='bbox 3193 1591 3616 1666; x_wconf 79' lang='grc' dir='ltr'>καταψεύδεσθαι</span> 
     </span>
    </p>
   </div>
   <div class='ocr_carea' id='block_1_32' title="bbox 2163 1680 3826 1758">
    <p class='ocr_par' dir='ltr' id='par_1_32' title="bbox 2163 1680 3826 1758">
     <span class='ocr_line' id='line_1_32' title="bbox 2163 1680 3826 1758; baseline 0.001 -24"><span class='ocrx_word' id='word_1_241' title='bbox 2163 1685 2331 1734; x_wconf 74' lang='grc' dir='ltr'>ταῦτα</span> <span class='ocrx_word' id='word_1_242' title='bbox 2363 1680 2658 1758; x_wconf 83' lang='grc' dir='ltr'>φαμένους,</span> <span class='ocrx_word' id='word_1_243' title='bbox 2691 1686 2799 1738; x_wconf 82' lang='grc' dir='ltr'>τῶν</span> <span class='ocrx_word' id='word_1_244' title='bbox 2831 1702 2889 1736; x_wconf 88' lang='grc' dir='ltr'><strong>τε</strong></span> <span class='ocrx_word' id='word_1_245' title='bbox 2929 1681 3088 1736; x_wconf 85' lang='grc' dir='ltr'>θείων</span> <span class='ocrx_word' id='word_1_246' title='bbox 3143 1688 3365 1758; x_wconf 79' lang='grc' dir='ltr'>Γραφῶν</span> <span class='ocrx_word' id='word_1_247' title='bbox 3414 1685 3506 1737; x_wconf 81' lang='grc' dir='ltr'>καὶ</span> <span class='ocrx_word' id='word_1_248' title='bbox 3559 1687 3660 1737; x_wconf 78' lang='grc' dir='ltr'>τοῦ</span> <span class='ocrx_word' id='word_1_249' title='bbox 3710 1689 3826 1738; x_wconf 79' lang='grc' dir='ltr'><strong>Κυ-</strong></span> 
     </span>
    </p>
   </div>
   <div class='ocr_carea' id='block_1_33' title="bbox 2168 1769 3825 1847">
    <p class='ocr_par' dir='ltr' id='par_1_33' title="bbox 2168 1769 3825 1847">
     <span class='ocr_line' id='line_1_33' title="bbox 2168 1769 3825 1847; baseline 0 -23"><span class='ocrx_word' id='word_1_250' title='bbox 2168 1771 2288 1844; x_wconf 88' lang='grc' dir='ltr'>ρίου</span> <span class='ocrx_word' id='word_1_251' title='bbox 2358 1769 2668 1844; x_wconf 80' lang='grc' dir='ltr'>λέγοντος·</span> <span class='ocrx_word' id='word_1_252' title='bbox 2732 1769 3005 1842; x_wconf 81' lang='grc' dir='ltr'>Μακὰριοι</span> <span class='ocrx_word' id='word_1_253' title='bbox 3074 1770 3127 1824; x_wconf 78' lang='grc' dir='ltr'>οὶ</span> <span class='ocrx_word' id='word_1_254' title='bbox 3195 1769 3472 1847; x_wconf 77' lang='grc' dir='ltr'>ὀφθαλμοὶ</span> <span class='ocrx_word' id='word_1_255' title='bbox 3555 1771 3711 1842; x_wconf 73' lang='grc' dir='ltr'>ὑμῶν</span> <span class='ocrx_word' id='word_1_256' title='bbox 3770 1771 3825 1824; x_wconf 72' lang='grc' dir='ltr'>οἱ</span> 
     </span>
    </p>
   </div>
   <div class='ocr_carea' id='block_1_34' title="bbox 3695 1593 3826 1656">
    <p class='ocr_par' dir='ltr' id='par_1_34' title="bbox 3695 1593 3826 1656">
     <span class='ocr_line' id='line_1_34' title="bbox 3695 1593 3826 1656; baseline -0.008 -9"><span class='ocrx_word' id='word_1_257' title='bbox 3695 1593 3826 1656; x_wconf 68' lang='grc' dir='ltr'>τοὺς</span> 
     </span>
    </p>
   </div>
   <div class='ocr_carea' id='block_1_35' title="bbox 408 1843 2054 1934">
    <p class='ocr_par' dir='ltr' id='par_1_35' title="bbox 408 1853 2054 1928">
     <span class='ocr_line' id='line_1_35' title="bbox 408 1853 2054 1928; baseline -0.005 -14"><span class='ocrx_word' id='word_1_258' title='bbox 408 1860 512 1916; x_wconf 91' lang='lat' dir='ltr'><strong>bro</strong></span> <span class='ocrx_word' id='word_1_259' title='bbox 536 1861 642 1915; x_wconf 86' lang='lat' dir='ltr'><strong>ait:</strong></span> <span class='ocrx_word' id='word_1_260' title='bbox 672 1858 944 1927; x_wconf 86' lang='lat' dir='ltr'><strong>Quomodo</strong></span> <span class='ocrx_word' id='word_1_261' title='bbox 971 1858 1254 1928; x_wconf 76' lang='lat' dir='ltr'><strong>corruptio</strong></span> <span class='ocrx_word' id='word_1_262' title='bbox 1276 1858 1475 1911; x_wconf 77' lang='lat' dir='ltr'><strong>suimet</strong></span> <span class='ocrx_word' id='word_1_263' title='bbox 1493 1856 1772 1925; x_wconf 79' lang='lat' dir='ltr'><strong>corruptio</strong></span> <span class='ocrx_word' id='word_1_264' title='bbox 1789 1857 1814 1907; x_wconf 81' lang='lat'><strong>.’</strong></span> <span class='ocrx_word' id='word_1_265' title='bbox 1837 1853 2054 1924; x_wconf 86' lang='lat' dir='ltr'><strong>Semper</strong></span> 
     </span>
    </p>
   </div>
   <div class='ocr_carea' id='block_1_36' title="bbox 2165 1843 3826 1934">
    <p class='ocr_par' dir='ltr' id='par_1_36' title="bbox 2165 1858 3826 1934">
     <span class='ocr_line' id='line_1_36' title="bbox 2165 1858 3826 1934; baseline -0.001 -20"><span class='ocrx_word' id='word_1_266' title='bbox 2165 1858 2480 1934; x_wconf 84' lang='grc' dir='ltr'>βλέποντες,</span> <span class='ocrx_word' id='word_1_267' title='bbox 2557 1860 2644 1914; x_wconf 86' lang='grc' dir='ltr'><strong>καὶ</strong></span> <span class='ocrx_word' id='word_1_268' title='bbox 2720 1860 2787 1914; x_wconf 75' lang='grc' dir='ltr'><strong>τὰ</strong></span> <span class='ocrx_word' id='word_1_269' title='bbox 2859 1858 2971 1914; x_wconf 83' lang='grc' dir='ltr'>ὦτα</span> <span class='ocrx_word' id='word_1_270' title='bbox 3041 1861 3194 1934; x_wconf 77' lang='grc' dir='ltr'>ὑμῶν</span> <span class='ocrx_word' id='word_1_271' title='bbox 3249 1861 3315 1916; x_wconf 77' lang='grc' dir='ltr'><strong>τᾶ</strong></span> <span class='ocrx_word' id='word_1_272' title='bbox 3373 1860 3662 1928; x_wconf 72' lang='grc' dir='ltr'>ἀκούοντα,</span> <span class='ocrx_word' id='word_1_273' title='bbox 3730 1861 3826 1914; x_wconf 78' lang='grc' dir='ltr'><strong>καὶ</strong></span> 
     </span>
    </p>
   </div>
   <div class='ocr_carea' id='block_1_37' title="bbox 407 1945 2052 2021">
    <p class='ocr_par' dir='ltr' id='par_1_37' title="bbox 407 1945 2052 2021">
     <span class='ocr_line' id='line_1_37' title="bbox 407 1945 2052 2021; baseline -0.005 -16"><span class='ocrx_word' id='word_1_274' title='bbox 407 1952 555 2005; x_wconf 87' lang='lat' dir='ltr'><strong>enim</strong></span> <span class='ocrx_word' id='word_1_275' title='bbox 585 1948 739 2004; x_wconf 82' lang='lat' dir='ltr'><strong>aliud</strong></span> <span class='ocrx_word' id='word_1_276' title='bbox 769 1947 900 2021; x_wconf 83' lang='lat' dir='ltr'><strong>quid</strong></span> <span class='ocrx_word' id='word_1_277' title='bbox 930 1947 1260 2015; x_wconf 79' lang='lat' dir='ltr'><strong>corrumpit,</strong></span> <span class='ocrx_word' id='word_1_278' title='bbox 1292 1961 1400 2000; x_wconf 85' lang='lat' dir='ltr'><strong>non</strong></span> <span class='ocrx_word' id='word_1_279' title='bbox 1430 1947 1687 2015; x_wconf 84' lang='lat' dir='ltr'><strong>seipsum.</strong></span> <span class='ocrx_word' id='word_1_280' title='bbox 1721 1945 1785 1998; x_wconf 84' lang='lat' dir='ltr'><strong>Si</strong></span> <span class='ocrx_word' id='word_1_281' title='bbox 1810 1945 2052 2014; x_wconf 83' lang='lat' dir='ltr'><strong>seipsum</strong></span> 
     </span>
    </p>
   </div>
   <div class='ocr_carea' id='block_1_38' title="bbox 408 2035 2054 2111">
    <p class='ocr_par' dir='ltr' id='par_1_38' title="bbox 408 2035 2054 2111">
     <span class='ocr_line' id='line_1_38' title="bbox 408 2035 2054 2111; baseline -0.005 -17"><span class='ocrx_word' id='word_1_282' title='bbox 408 2047 803 2111; x_wconf 83' lang='lat' dir='ltr'><strong>corrumperet,</strong></span> <span class='ocrx_word' id='word_1_283' title='bbox 825 2037 1165 2109; x_wconf 82' lang='lat' dir='ltr'><strong>principium</strong></span> <span class='ocrx_word' id='word_1_284' title='bbox 1192 2052 1297 2091; x_wconf 80' lang='lat' dir='ltr'><strong>non</strong></span> <span class='ocrx_word' id='word_1_285' title='bbox 1322 2035 1642 2090; x_wconf 82' lang='lat' dir='ltr'><strong>habuisset:</strong></span> <span class='ocrx_word' id='word_1_286' title='bbox 1670 2035 2054 2104; x_wconf 84' lang='lat' dir='ltr'><strong>corrumpetur</strong></span> 
     </span>
    </p>
   </div>
   <div class='ocr_carea' id='block_1_39' title="bbox 410 2124 2056 2200">
    <p class='ocr_par' dir='ltr' id='par_1_39' title="bbox 410 2124 2056 2200">
     <span class='ocr_line' id='line_1_39' title="bbox 410 2124 2056 2200; baseline -0.004 -17"><span class='ocrx_word' id='word_1_287' title='bbox 410 2131 560 2184; x_wconf 80' lang='lat' dir='ltr'><strong>enim</strong></span> <span class='ocrx_word' id='word_1_288' title='bbox 615 2130 855 2200; x_wconf 85' lang='lat' dir='ltr'><strong>seipsum</strong></span> <span class='ocrx_word' id='word_1_289' title='bbox 906 2141 1276 2196; x_wconf 83' lang='lat' dir='ltr'><strong>corrumpens.</strong></span> <span class='ocrx_word' id='word_1_290' title='bbox 1329 2124 1478 2180; x_wconf 84' lang='lat' dir='ltr'><strong>Fieri</strong></span> <span class='ocrx_word' id='word_1_291' title='bbox 1535 2125 1680 2178; x_wconf 86' lang='lat' dir='ltr'><strong>enim</strong></span> <span class='ocrx_word' id='word_1_292' title='bbox 1726 2139 1838 2178; x_wconf 86' lang='lat' dir='ltr'><strong>non</strong></span> <span class='ocrx_word' id='word_1_293' title='bbox 1884 2128 2056 2194; x_wconf 79' lang='lat' dir='ltr'><strong>potest</strong></span> 
     </span>
    </p>
   </div>
   <div class='ocr_carea' id='block_1_40' title="bbox 411 2212 2056 2289">
    <p class='ocr_par' dir='ltr' id='par_1_40' title="bbox 411 2212 2056 2289">
     <span class='ocr_line' id='line_1_40' title="bbox 411 2212 2056 2289; baseline -0.005 -15"><span class='ocrx_word' id='word_1_294' title='bbox 411 2217 886 2289; x_wconf 77' lang='lat' dir='ltr'><strong>incorruptibilem</strong></span> <span class='ocrx_word' id='word_1_295' title='bbox 945 2217 1344 2286; x_wconf 86' lang='lat' dir='ltr'><strong>corruptionem</strong></span> <span class='ocrx_word' id='word_1_296' title='bbox 1393 2212 1672 2269; x_wconf 87' lang='lat' dir='ltr'><strong>communi</strong></span> <span class='ocrx_word' id='word_1_297' title='bbox 1716 2229 1882 2268; x_wconf 81' lang='lat' dir='ltr'><strong>sensu</strong></span> <span class='ocrx_word' id='word_1_298' title='bbox 1926 2227 2056 2283; x_wconf 85' lang='lat' dir='ltr'><strong>per-</strong></span> 
     </span>
    </p>
   </div>
   <div class='ocr_carea' id='block_1_41' title="bbox 413 2302 2054 2380">
    <p class='ocr_par' dir='ltr' id='par_1_41' title="bbox 413 2302 2054 2380">
     <span class='ocr_line' id='line_1_41' title="bbox 413 2302 2054 2380; baseline -0.005 -16"><span class='ocrx_word' id='word_1_299' title='bbox 413 2310 526 2380; x_wconf 85' lang='lat' dir='ltr'><strong>cipi</strong></span> <span class='ocrx_word' id='word_1_300' title='bbox 563 2307 862 2378; x_wconf 83' lang='lat' dir='ltr'><strong>aliquando</strong></span> <span class='ocrx_word' id='word_1_301' title='bbox 905 2319 1072 2377; x_wconf 85' lang='lat' dir='ltr'><strong>posse.</strong></span> <span class='ocrx_word' id='word_1_302' title='bbox 1107 2304 1175 2358; x_wconf 88' lang='lat' dir='ltr'><strong>Et</strong></span> <span class='ocrx_word' id='word_1_303' title='bbox 1222 2303 1443 2358; x_wconf 90' lang='lat' dir='ltr'><strong>clarum</strong></span> <span class='ocrx_word' id='word_1_304' title='bbox 1485 2307 1574 2358; x_wconf 90' lang='lat' dir='ltr'><strong>est</strong></span> <span class='ocrx_word' id='word_1_305' title='bbox 1602 2302 1760 2358; x_wconf 91' lang='lat' dir='ltr'><strong>hunc</strong></span> <span class='ocrx_word' id='word_1_306' title='bbox 1790 2305 2054 2357; x_wconf 85' lang='lat' dir='ltr'><strong>sanctum</strong></span> 
     </span>
    </p>
   </div>
   <div class='ocr_carea' id='block_1_42' title="bbox 413 2391 2054 2464">
    <p class='ocr_par' dir='ltr' id='par_1_42' title="bbox 413 2391 2054 2464">
     <span class='ocr_line' id='line_1_42' title="bbox 413 2391 2054 2464; baseline -0.004 -12"><span class='ocrx_word' id='word_1_307' title='bbox 413 2398 602 2452; x_wconf 85' lang='lat' dir='ltr'><strong>virum</strong></span> <span class='ocrx_word' id='word_1_308' title='bbox 637 2397 691 2450; x_wconf 91' lang='lat' dir='ltr'><strong>in</strong></span> <span class='ocrx_word' id='word_1_309' title='bbox 734 2393 911 2450; x_wconf 87' lang='lat' dir='ltr'><strong>altero</strong></span> <span class='ocrx_word' id='word_1_310' title='bbox 961 2411 1132 2449; x_wconf 87' lang='lat' dir='ltr'><strong>sensu</strong></span> <span class='ocrx_word' id='word_1_311' title='bbox 1188 2392 1403 2448; x_wconf 84' lang='lat' dir='ltr'><strong>dixisse</strong></span> <span class='ocrx_word' id='word_1_312' title='bbox 1455 2391 1876 2464; x_wconf 89' lang='lat' dir='ltr'><strong>impossibilem</strong></span> <span class='ocrx_word' id='word_1_313' title='bbox 1927 2404 2054 2446; x_wconf 90' lang='lat' dir='ltr'><strong>esse</strong></span> 
     </span>
    </p>
   </div>
   <div class='ocr_carea' id='block_1_43' title="bbox 415 2479 2052 2556">
    <p class='ocr_par' dir='ltr' id='par_1_43' title="bbox 415 2479 2052 2556">
     <span class='ocr_line' id='line_1_43' title="bbox 415 2479 2052 2556; baseline -0.005 -14"><span class='ocrx_word' id='word_1_314' title='bbox 415 2485 849 2556; x_wconf 82' lang='lat' dir='ltr'><strong>corruptionem</strong></span> <span class='ocrx_word' id='word_1_315' title='bbox 902 2500 1017 2539; x_wconf 89' lang='lat' dir='ltr'><strong>non</strong></span> <span class='ocrx_word' id='word_1_316' title='bbox 1070 2485 1428 2554; x_wconf 82' lang='lat' dir='ltr'><strong>corruptam,</strong></span> <span class='ocrx_word' id='word_1_317' title='bbox 1481 2486 1535 2536; x_wconf 89' lang='lat' dir='ltr'><strong>et</strong></span> <span class='ocrx_word' id='word_1_318' title='bbox 1576 2485 1844 2537; x_wconf 86' lang='lat' dir='ltr'><strong>sanctum</strong></span> <span class='ocrx_word' id='word_1_319' title='bbox 1876 2479 2052 2534; x_wconf 85' lang='lat' dir='ltr'><strong>Joan-</strong></span> 
     </span>
    </p>
   </div>
   <div class='ocr_carea' id='block_1_44' title="bbox 417 2569 2054 2642">
    <p class='ocr_par' dir='ltr' id='par_1_44' title="bbox 417 2569 2054 2642">
     <span class='ocr_line' id='line_1_44' title="bbox 417 2569 2054 2642; baseline -0.006 -10"><span class='ocrx_word' id='word_1_320' title='bbox 417 2592 546 2632; x_wconf 89' lang='lat' dir='ltr'><strong>nem</strong></span> <span class='ocrx_word' id='word_1_321' title='bbox 579 2576 904 2631; x_wconf 85' lang='lat' dir='ltr'><strong>sccundum</strong></span> <span class='ocrx_word' id='word_1_322' title='bbox 956 2575 1195 2629; x_wconf 85' lang='lat' dir='ltr'><strong>alterum</strong></span> <span class='ocrx_word' id='word_1_323' title='bbox 1242 2589 1503 2628; x_wconf 87' lang='lat' dir='ltr'><strong>sensum.</strong></span> <span class='ocrx_word' id='word_1_324' title='bbox 1552 2570 1655 2626; x_wconf 89' lang='lat' dir='ltr'><strong>Hic</strong></span> <span class='ocrx_word' id='word_1_325' title='bbox 1697 2569 1933 2642; x_wconf 86' lang='lat' dir='ltr'><strong>quidem</strong></span> <span class='ocrx_word' id='word_1_326' title='bbox 1968 2569 2054 2623; x_wconf 88' lang='lat' dir='ltr'><strong>in-</strong></span> 
     </span>
    </p>
   </div>
   <div class='ocr_carea' id='block_1_45' title="bbox 416 2660 2056 2737">
    <p class='ocr_par' dir='ltr' id='par_1_45' title="bbox 416 2660 2056 2737">
     <span class='ocr_line' id='line_1_45' title="bbox 416 2660 2056 2737; baseline -0.005 -14"><span class='ocrx_word' id='word_1_327' title='bbox 416 2666 856 2737; x_wconf 87' lang='lat' dir='ltr'><strong>corruptibilem</strong></span> <span class='ocrx_word' id='word_1_328' title='bbox 913 2679 1038 2720; x_wconf 86' lang='lat' dir='ltr'><strong>esse</strong></span> <span class='ocrx_word' id='word_1_329' title='bbox 1085 2664 1511 2734; x_wconf 86' lang='lat' dir='ltr'><strong>corruptionem</strong></span> <span class='ocrx_word' id='word_1_330' title='bbox 1565 2660 1727 2728; x_wconf 86' lang='lat' dir='ltr'><strong>dixit,</strong></span> <span class='ocrx_word' id='word_1_331' title='bbox 1783 2675 1882 2730; x_wconf 90' lang='lat' dir='ltr'><strong>pro</strong></span> <span class='ocrx_word' id='word_1_332' title='bbox 1934 2673 2056 2728; x_wconf 89' lang='lat' dir='ltr'><strong>per-</strong></span> 
     </span>
    </p>
   </div>
   <div class='ocr_carea' id='block_1_46' title="bbox 421 2747 2058 2830">
    <p class='ocr_par' dir='ltr' id='par_1_46' title="bbox 421 2747 2058 2830">
     <span class='ocr_line' id='line_1_46' title="bbox 421 2747 2058 2830; baseline -0.005 -20"><span class='ocrx_word' id='word_1_333' title='bbox 421 2761 593 2830; x_wconf 77' lang='lat' dir='ltr'><strong>petuo</strong></span> <span class='ocrx_word' id='word_1_334' title='bbox 625 2755 934 2821; x_wconf 80' lang='lat' dir='ltr'><strong>viventem,</strong></span> <span class='ocrx_word' id='word_1_335' title='bbox 975 2757 1033 2808; x_wconf 88' lang='lat' dir='ltr'><strong>et</strong></span> <span class='ocrx_word' id='word_1_336' title='bbox 1073 2767 1298 2819; x_wconf 80' lang='lat' dir='ltr'><strong>semper</strong></span> <span class='ocrx_word' id='word_1_337' title='bbox 1328 2750 1738 2816; x_wconf 83' lang='lat' dir='ltr'><strong>exsistentem;</strong></span> <span class='ocrx_word' id='word_1_338' title='bbox 1788 2747 1886 2802; x_wconf 88' lang='lat' dir='ltr'><strong>ille</strong></span> <span class='ocrx_word' id='word_1_339' title='bbox 1925 2763 2058 2803; x_wconf 88' lang='lat' dir='ltr'><strong>vero</strong></span> 
     </span>
    </p>
   </div>
   <div class='ocr_carea' id='block_1_47' title="bbox 416 2838 2056 2914">
    <p class='ocr_par' dir='ltr' id='par_1_47' title="bbox 416 2838 2056 2914">
     <span class='ocr_line' id='line_1_47' title="bbox 416 2838 2056 2914; baseline -0.007 -11"><span class='ocrx_word' id='word_1_340' title='bbox 416 2844 848 2914; x_wconf 87' lang='lat' dir='ltr'><strong>corruptionem</strong></span> <span class='ocrx_word' id='word_1_341' title='bbox 901 2840 1402 2913; x_wconf 79' lang='lat' dir='ltr'><strong>incorruptibilem</strong></span> <span class='ocrx_word' id='word_1_342' title='bbox 1447 2856 1560 2895; x_wconf 88' lang='lat' dir='ltr'><strong>non</strong></span> <span class='ocrx_word' id='word_1_343' title='bbox 1610 2854 1758 2909; x_wconf 87' lang='lat' dir='ltr'><strong>esse,</strong></span> <span class='ocrx_word' id='word_1_344' title='bbox 1811 2838 1918 2894; x_wconf 87' lang='lat' dir='ltr'><strong>hoc</strong></span> <span class='ocrx_word' id='word_1_345' title='bbox 1949 2841 2056 2906; x_wconf 84' lang='lat' dir='ltr'><strong>est,</strong></span> 
     </span>
    </p>
   </div>
   <div class='ocr_carea' id='block_1_48' title="bbox 416 2929 2060 3006">
    <p class='ocr_par' dir='ltr' id='par_1_48' title="bbox 416 2929 2060 3006">
     <span class='ocr_line' id='line_1_48' title="bbox 416 2929 2060 3006; baseline -0.003 -18"><span class='ocrx_word' id='word_1_346' title='bbox 416 2951 527 2990; x_wconf 90' lang='lat' dir='ltr'><strong>non</strong></span> <span class='ocrx_word' id='word_1_347' title='bbox 561 2949 733 3006; x_wconf 90' lang='lat' dir='ltr'><strong>posse</strong></span> <span class='ocrx_word' id='word_1_348' title='bbox 773 2931 1203 3003; x_wconf 88' lang='lat' dir='ltr'><strong>corruptionem</strong></span> <span class='ocrx_word' id='word_1_349' title='bbox 1247 2929 1778 3000; x_wconf 87' lang='lat' dir='ltr'><strong>impassibilitatem</strong></span> <span class='ocrx_word' id='word_1_350' title='bbox 1817 2943 1964 2993; x_wconf 78' lang='lat' dir='ltr'><strong>esse,</strong></span> <span class='ocrx_word' id='word_1_351' title='bbox 2006 2935 2060 2984; x_wconf 88' lang='lat' dir='ltr'><strong>et</strong></span> 
     </span>
    </p>
   </div>
   <div class='ocr_carea' id='block_1_49' title="bbox 413 3017 2052 3095">
    <p class='ocr_par' dir='ltr' id='par_1_49' title="bbox 413 3017 2052 3095">
     <span class='ocr_line' id='line_1_49' title="bbox 413 3017 2052 3095; baseline -0.004 -17"><span class='ocrx_word' id='word_1_352' title='bbox 413 3024 936 3095; x_wconf 82' lang='lat' dir='ltr'><strong>incorruptionem,</strong></span> <span class='ocrx_word' id='word_1_353' title='bbox 983 3024 1040 3076; x_wconf 82' lang='lat' dir='ltr'><strong>et</strong></span> <span class='ocrx_word' id='word_1_354' title='bbox 1081 3018 1470 3074; x_wconf 88' lang='lat' dir='ltr'><strong>accidentium</strong></span> <span class='ocrx_word' id='word_1_355' title='bbox 1515 3017 1881 3074; x_wconf 86' lang='lat' dir='ltr'><strong>servatricem</strong></span> <span class='ocrx_word' id='word_1_356' title='bbox 1925 3017 2052 3088; x_wconf 88' lang='lat' dir='ltr'><strong>[im-</strong></span> 
     </span>
    </p>
   </div>
   <div class='ocr_carea' id='block_1_50' title="bbox 416 3107 2056 3183">
    <p class='ocr_par' dir='ltr' id='par_1_50' title="bbox 416 3107 2056 3183">
     <span class='ocr_line' id='line_1_50' title="bbox 416 3107 2056 3183; baseline -0.003 -16"><span class='ocrx_word' id='word_1_357' title='bbox 416 3109 907 3183; x_wconf 77' lang='lat' dir='ltr'><strong>passibilitatem].</strong></span> <span class='ocrx_word' id='word_1_358' title='bbox 953 3109 1056 3164; x_wconf 88' lang='lat' dir='ltr'><strong>Sed</strong></span> <span class='ocrx_word' id='word_1_359' title='bbox 1091 3125 1223 3163; x_wconf 91' lang='lat' dir='ltr'><strong>cum</strong></span> <span class='ocrx_word' id='word_1_360' title='bbox 1277 3119 1518 3178; x_wconf 85' lang='lat' dir='ltr'><strong>utraque</strong></span> <span class='ocrx_word' id='word_1_361' title='bbox 1565 3107 1854 3164; x_wconf 87' lang='lat' dir='ltr'><strong>sententia</strong></span> <span class='ocrx_word' id='word_1_362' title='bbox 1885 3107 1965 3162; x_wconf 89' lang='lat' dir='ltr'><strong>ita</strong></span> <span class='ocrx_word' id='word_1_363' title='bbox 1995 3123 2056 3162; x_wconf 89' lang='lat' dir='ltr'><strong>se</strong></span> 
     </span>
    </p>
   </div>
   <div class='ocr_carea' id='block_1_51' title="bbox 415 3198 2053 3270">
    <p class='ocr_par' dir='ltr' id='par_1_51' title="bbox 415 3198 2053 3270">
     <span class='ocr_line' id='line_1_51' title="bbox 415 3198 2053 3270; baseline -0.004 -14"><span class='ocrx_word' id='word_1_364' title='bbox 415 3203 640 3270; x_wconf 78' lang='lat' dir='ltr'><strong>habeat,</strong></span> <span class='ocrx_word' id='word_1_365' title='bbox 676 3200 939 3255; x_wconf 89' lang='lat' dir='ltr'><strong>Gobarus</strong></span> <span class='ocrx_word' id='word_1_366' title='bbox 971 3203 1170 3253; x_wconf 86' lang='lat' dir='ltr'><strong>auctor</strong></span> <span class='ocrx_word' id='word_1_367' title='bbox 1206 3198 1394 3269; x_wconf 90' lang='lat' dir='ltr'><strong>operis</strong></span> <span class='ocrx_word' id='word_1_368' title='bbox 1431 3198 1793 3252; x_wconf 70' lang='lat' dir='ltr'><strong>dilferentem</strong></span> <span class='ocrx_word' id='word_1_369' title='bbox 1826 3200 2053 3252; x_wconf 89' lang='lat' dir='ltr'><strong>senten-</strong></span> 
     </span>
    </p>
   </div>
   <div class='ocr_carea' id='block_1_52' title="bbox 415 3284 2058 3358">
    <p class='ocr_par' dir='ltr' id='par_1_52' title="bbox 415 3284 2058 3358">
     <span class='ocr_line' id='line_1_52' title="bbox 415 3284 2058 3358; baseline -0.004 -12"><span class='ocrx_word' id='word_1_370' title='bbox 415 3291 552 3346; x_wconf 83' lang='lat' dir='ltr'><strong>tiam</strong></span> <span class='ocrx_word' id='word_1_371' title='bbox 579 3306 689 3344; x_wconf 89' lang='lat' dir='ltr'><strong>non</strong></span> <span class='ocrx_word' id='word_1_372' title='bbox 712 3287 1069 3358; x_wconf 83' lang='lat' dir='ltr'><strong>intelligens,</strong></span> <span class='ocrx_word' id='word_1_373' title='bbox 1097 3291 1420 3358; x_wconf 84' lang='lat' dir='ltr'><strong>pugnantes</strong></span> <span class='ocrx_word' id='word_1_374' title='bbox 1452 3285 1881 3356; x_wconf 87' lang='lat' dir='ltr'><strong>quodammodo</strong></span> <span class='ocrx_word' id='word_1_375' title='bbox 1906 3284 2058 3339; x_wconf 90' lang='lat' dir='ltr'><strong>inter</strong></span> 
     </span>
    </p>
   </div>
   <div class='ocr_carea' id='block_1_53' title="bbox 414 3372 2053 3436">
    <p class='ocr_par' dir='ltr' id='par_1_53' title="bbox 414 3372 2053 3436">
     <span class='ocr_line' id='line_1_53' title="bbox 414 3372 2053 3436; baseline -0.005 0"><span class='ocrx_word' id='word_1_376' title='bbox 414 3397 475 3436; x_wconf 90' lang='lat' dir='ltr'><strong>se</strong></span> <span class='ocrx_word' id='word_1_377' title='bbox 506 3377 738 3434; x_wconf 88' lang='lat' dir='ltr'><strong>tradidit</strong></span> <span class='ocrx_word' id='word_1_378' title='bbox 773 3376 1198 3433; x_wconf 87' lang='lat' dir='ltr'><strong>conclusiones.</strong></span> <span class='ocrx_word' id='word_1_379' title='bbox 1237 3407 1302 3414; x_wconf 95' lang='lat'><strong>—</strong></span> <span class='ocrx_word' id='word_1_380' title='bbox 1328 3375 1609 3429; x_wconf 87' lang='lat' dir='ltr'><strong>Futurum</strong></span> <span class='ocrx_word' id='word_1_381' title='bbox 1649 3372 1924 3429; x_wconf 76' lang='lat' dir='ltr'><strong>szeculum</strong></span> <span class='ocrx_word' id='word_1_382' title='bbox 1958 3389 2053 3428; x_wconf 89' lang='lat' dir='ltr'><strong>oc-</strong></span> 
     </span>
    </p>
   </div>
   <div class='ocr_carea' id='block_1_54' title="bbox 413 3463 2052 3530">
    <p class='ocr_par' dir='ltr' id='par_1_54' title="bbox 413 3463 2052 3530">
     <span class='ocr_line' id='line_1_54' title="bbox 413 3463 2052 3530; baseline -0.005 -6"><span class='ocrx_word' id='word_1_383' title='bbox 413 3473 613 3524; x_wconf 86' lang='lat' dir='ltr'><strong>tavum</strong></span> <span class='ocrx_word' id='word_1_384' title='bbox 661 3471 781 3522; x_wconf 84' lang='lat' dir='ltr'><strong>est:</strong></span> <span class='ocrx_word' id='word_1_385' title='bbox 838 3475 889 3521; x_wconf 84' lang='lat' dir='ltr'><strong>et</strong></span> <span class='ocrx_word' id='word_1_386' title='bbox 932 3469 1136 3521; x_wconf 89' lang='lat' dir='ltr'><strong>contra</strong></span> <span class='ocrx_word' id='word_1_387' title='bbox 1184 3481 1296 3520; x_wconf 92' lang='lat' dir='ltr'><strong>non</strong></span> <span class='ocrx_word' id='word_1_388' title='bbox 1350 3470 1641 3530; x_wconf 86' lang='lat' dir='ltr'><strong>octavum,</strong></span> <span class='ocrx_word' id='word_1_389' title='bbox 1689 3463 1788 3518; x_wconf 89' lang='lat' dir='ltr'><strong>sed</strong></span> <span class='ocrx_word' id='word_1_390' title='bbox 1833 3477 2052 3516; x_wconf 91' lang='lat' dir='ltr'><strong>nonum</strong></span> 
     </span>
    </p>
   </div>
   <div class='ocr_carea' id='block_1_55' title="bbox 411 3552 2053 3613">
    <p class='ocr_par' dir='ltr' id='par_1_55' title="bbox 411 3552 2053 3613">
     <span class='ocr_line' id='line_1_55' title="bbox 411 3552 2053 3613; baseline -0.005 0"><span class='ocrx_word' id='word_1_391' title='bbox 411 3562 518 3613; x_wconf 91' lang='lat' dir='ltr'><strong>est.</strong></span> <span class='ocrx_word' id='word_1_392' title='bbox 554 3586 622 3598; x_wconf 87' lang='lat'><strong>-—-</strong></span> <span class='ocrx_word' id='word_1_393' title='bbox 671 3554 981 3610; x_wconf 84' lang='lat' dir='ltr'><strong>Salvatoris</strong></span> <span class='ocrx_word' id='word_1_394' title='bbox 1030 3553 1212 3610; x_wconf 89' lang='lat' dir='ltr'><strong>nostri</strong></span> <span class='ocrx_word' id='word_1_395' title='bbox 1264 3554 1394 3609; x_wconf 86' lang='lat' dir='ltr'><strong>Jesu</strong></span> <span class='ocrx_word' id='word_1_396' title='bbox 1447 3552 1660 3609; x_wconf 89' lang='lat' dir='ltr'><strong>Christi</strong></span> <span class='ocrx_word' id='word_1_397' title='bbox 1704 3552 1895 3607; x_wconf 72' lang='lat' dir='ltr'><strong>289a</strong></span> <span class='ocrx_word' id='word_1_398' title='bbox 1926 3568 2053 3607; x_wconf 92' lang='lat' dir='ltr'><strong>cor-</strong></span> 
     </span>
    </p>
   </div>
   <div class='ocr_carea' id='block_1_56' title="bbox 411 3639 2054 3720">
    <p class='ocr_par' dir='ltr' id='par_1_56' title="bbox 411 3639 2054 3720">
     <span class='ocr_line' id='line_1_56' title="bbox 411 3639 2054 3720; baseline -0.005 -18"><span class='ocrx_word' id='word_1_399' title='bbox 411 3664 519 3720; x_wconf 86' lang='lat' dir='ltr'><strong>pus</strong></span> <span class='ocrx_word' id='word_1_400' title='bbox 552 3650 721 3701; x_wconf 87' lang='lat' dir='ltr'><strong>tenue</strong></span> <span class='ocrx_word' id='word_1_401' title='bbox 749 3649 870 3701; x_wconf 75' lang='lat' dir='ltr'><strong>erat</strong></span> <span class='ocrx_word' id='word_1_402' title='bbox 902 3647 1032 3715; x_wconf 88' lang='lat' dir='ltr'><strong>post</strong></span> <span class='ocrx_word' id='word_1_403' title='bbox 1063 3643 1557 3708; x_wconf 88' lang='lat' dir='ltr'><strong>resurrectionem,</strong></span> <span class='ocrx_word' id='word_1_404' title='bbox 1594 3647 1650 3696; x_wconf 91' lang='lat' dir='ltr'><strong>et</strong></span> <span class='ocrx_word' id='word_1_405' title='bbox 1679 3641 1852 3713; x_wconf 86' lang='lat' dir='ltr'><strong>agile,</strong></span> <span class='ocrx_word' id='word_1_406' title='bbox 1885 3639 2054 3695; x_wconf 84' lang='lat' dir='ltr'><strong>coele-</strong></span> 
     </span>
    </p>
   </div>
   <div class='ocr_carea' id='block_1_57' title="bbox 409 3729 2053 3805">
    <p class='ocr_par' dir='ltr' id='par_1_57' title="bbox 409 3729 2053 3805">
     <span class='ocr_line' id='line_1_57' title="bbox 409 3729 2053 3805; baseline -0.004 -12"><span class='ocrx_word' id='word_1_407' title='bbox 409 3747 517 3805; x_wconf 89' lang='lat' dir='ltr'><strong>ste,</strong></span> <span class='ocrx_word' id='word_1_408' title='bbox 552 3735 692 3802; x_wconf 89' lang='lat' dir='ltr'><strong>leve,</strong></span> <span class='ocrx_word' id='word_1_409' title='bbox 728 3750 914 3804; x_wconf 87' lang='lat' dir='ltr'><strong>neque</strong></span> <span class='ocrx_word' id='word_1_410' title='bbox 946 3732 1261 3804; x_wconf 81' lang='lat' dir='ltr'><strong>tangihile:</strong></span> <span class='ocrx_word' id='word_1_411' title='bbox 1304 3737 1362 3787; x_wconf 89' lang='lat' dir='ltr'><strong>et</strong></span> <span class='ocrx_word' id='word_1_412' title='bbox 1401 3732 1528 3786; x_wconf 92' lang='lat' dir='ltr'><strong>ideo</strong></span> <span class='ocrx_word' id='word_1_413' title='bbox 1561 3730 1796 3786; x_wconf 84' lang='lat' dir='ltr'><strong>intravit</strong></span> <span class='ocrx_word' id='word_1_414' title='bbox 1837 3729 2053 3786; x_wconf 87' lang='lat' dir='ltr'><strong>clausis</strong></span> 
     </span>
    </p>
   </div>
   <div class='ocr_carea' id='block_1_58' title="bbox 402 3819 2055 3896">
    <p class='ocr_par' dir='ltr' id='par_1_58' title="bbox 402 3819 2055 3896">
     <span class='ocr_line' id='line_1_58' title="bbox 402 3819 2055 3896; baseline -0.004 -14"><span class='ocrx_word' id='word_1_415' title='bbox 402 3826 606 3896; x_wconf 88' lang='lat' dir='ltr'><strong>januis</strong></span> <span class='ocrx_word' id='word_1_416' title='bbox 639 3825 677 3864; x_wconf 67' lang='grc' dir='ltr'><strong>δ·</strong></span> <span class='ocrx_word' id='word_1_417' title='bbox 712 3824 779 3878; x_wconf 89' lang='lat' dir='ltr'><strong>Et</strong></span> <span class='ocrx_word' id='word_1_418' title='bbox 815 3821 1096 3894; x_wconf 83' lang='lat' dir='ltr'><strong>tangibilc</strong></span> <span class='ocrx_word' id='word_1_419' title='bbox 1142 3827 1198 3878; x_wconf 85' lang='lat' dir='ltr'><strong>et</strong></span> <span class='ocrx_word' id='word_1_420' title='bbox 1239 3837 1491 3877; x_wconf 80' lang='lat' dir='ltr'><strong>crassum</strong></span> <span class='ocrx_word' id='word_1_421' title='bbox 1535 3837 1742 3892; x_wconf 90' lang='lat' dir='ltr'><strong>corpus</strong></span> <span class='ocrx_word' id='word_1_422' title='bbox 1775 3825 1862 3876; x_wconf 91' lang='lat' dir='ltr'><strong>est</strong></span> <span class='ocrx_word' id='word_1_423' title='bbox 1893 3819 2055 3876; x_wconf 85' lang='lat' dir='ltr'><strong>aliud</strong></span> 
     </span>
    </p>
   </div>
   <div class='ocr_carea' id='block_1_59' title="bbox 410 3909 2052 3983">
    <p class='ocr_par' dir='ltr' id='par_1_59' title="bbox 410 3909 2052 3983">
     <span class='ocr_line' id='line_1_59' title="bbox 410 3909 2052 3983; baseline -0.004 -13"><span class='ocrx_word' id='word_1_424' title='bbox 410 3933 443 3970; x_wconf 88' lang='lat' dir='ltr'><strong>a</strong></span> <span class='ocrx_word' id='word_1_425' title='bbox 476 3913 666 3970; x_wconf 88' lang='lat' dir='ltr'><strong>tenui:</strong></span> <span class='ocrx_word' id='word_1_426' title='bbox 701 3916 756 3968; x_wconf 92' lang='lat' dir='ltr'><strong>et</strong></span> <span class='ocrx_word' id='word_1_427' title='bbox 786 3928 851 3968; x_wconf 88' lang='lat' dir='ltr'><strong>eo</strong></span> <span class='ocrx_word' id='word_1_428' title='bbox 883 3913 1036 3983; x_wconf 88' lang='lat' dir='ltr'><strong>quod</strong></span> <span class='ocrx_word' id='word_1_429' title='bbox 1071 3919 1152 3966; x_wconf 88' lang='lat' dir='ltr'><strong>est</strong></span> <span class='ocrx_word' id='word_1_430' title='bbox 1203 3910 1438 3966; x_wconf 64' lang='lat' dir='ltr'><strong>diversa</strong></span> <span class='ocrx_word' id='word_1_431' title='bbox 1485 3910 1681 3981; x_wconf 75' lang='lat' dir='ltr'><strong>{igqu</strong></span> <span class='ocrx_word' id='word_1_432' title='bbox 1713 3919 1760 3965; x_wconf 87' lang='lat' dir='ltr'><strong>et</strong></span> <span class='ocrx_word' id='word_1_433' title='bbox 1815 3909 2052 3964; x_wconf 77' lang='lat' dir='ltr'><strong>diversae</strong></span> 
     </span>
    </p>
   </div>
   <div class='ocr_carea' id='block_1_60' title="bbox 409 3999 2054 4070">
    <p class='ocr_par' dir='ltr' id='par_1_60' title="bbox 409 3999 2054 4070">
     <span class='ocr_line' id='line_1_60' title="bbox 409 3999 2054 4070; baseline -0.004 -11"><span class='ocrx_word' id='word_1_434' title='bbox 409 4001 769 4060; x_wconf 73' lang='lat' dir='ltr'><strong>substantiae.</strong></span> <span class='ocrx_word' id='word_1_435' title='bbox 822 4003 1010 4070; x_wconf 84' lang='lat' dir='ltr'><strong>Hujus</strong></span> <span class='ocrx_word' id='word_1_436' title='bbox 1041 4000 1398 4055; x_wconf 85' lang='lat' dir='ltr'><strong>contrarium</strong></span> <span class='ocrx_word' id='word_1_437' title='bbox 1433 4004 1556 4055; x_wconf 89' lang='lat' dir='ltr'><strong>est:</strong></span> <span class='ocrx_word' id='word_1_438' title='bbox 1606 3999 1917 4054; x_wconf 91' lang='lat' dir='ltr'><strong>Dominum</strong></span> <span class='ocrx_word' id='word_1_439' title='bbox 1956 4014 2054 4052; x_wconf 90' lang='lat' dir='ltr'><strong>no-</strong></span> 
     </span>
    </p>
   </div>
   <div class='ocr_carea' id='block_1_61' title="bbox 408 4087 2052 4159">
    <p class='ocr_par' dir='ltr' id='par_1_61' title="bbox 408 4087 2052 4159">
     <span class='ocr_line' id='line_1_61' title="bbox 408 4087 2052 4159; baseline -0.003 -13"><span class='ocrx_word' id='word_1_440' title='bbox 408 4097 620 4159; x_wconf 87' lang='lat' dir='ltr'><strong>strum,</strong></span> <span class='ocrx_word' id='word_1_441' title='bbox 639 4089 835 4145; x_wconf 84' lang='lat' dir='ltr'><strong>Jesum</strong></span> <span class='ocrx_word' id='word_1_442' title='bbox 855 4087 1142 4144; x_wconf 83' lang='lat' dir='ltr'><strong>Christum</strong></span> <span class='ocrx_word' id='word_1_443' title='bbox 1159 4092 1290 4158; x_wconf 89' lang='lat' dir='ltr'><strong>post</strong></span> <span class='ocrx_word' id='word_1_444' title='bbox 1314 4087 1925 4155; x_wconf 88' lang='lat' dir='ltr'><strong>resurrectionem,nec</strong></span> <span class='ocrx_word' id='word_1_445' title='bbox 1950 4103 2052 4156; x_wconf 90' lang='lat' dir='ltr'><strong>pu-</strong></span> 
     </span>
    </p>
   </div>
   <div class='ocr_carea' id='block_1_62' title="bbox 410 4175 2055 4247">
    <p class='ocr_par' dir='ltr' id='par_1_62' title="bbox 410 4175 2055 4247">
     <span class='ocr_line' id='line_1_62' title="bbox 410 4175 2055 4247; baseline -0.004 -11"><span class='ocrx_word' id='word_1_446' title='bbox 410 4197 560 4247; x_wconf 89' lang='lat' dir='ltr'><strong>rum,</strong></span> <span class='ocrx_word' id='word_1_447' title='bbox 597 4195 697 4235; x_wconf 90' lang='lat' dir='ltr'><strong>nec</strong></span> <span class='ocrx_word' id='word_1_448' title='bbox 719 4177 954 4244; x_wconf 88' lang='lat' dir='ltr'><strong>subtile,</strong></span> <span class='ocrx_word' id='word_1_449' title='bbox 976 4193 1078 4232; x_wconf 90' lang='lat' dir='ltr'><strong>nec</strong></span> <span class='ocrx_word' id='word_1_450' title='bbox 1100 4175 1249 4247; x_wconf 87' lang='lat' dir='ltr'><strong>agile</strong></span> <span class='ocrx_word' id='word_1_451' title='bbox 1272 4193 1481 4247; x_wconf 90' lang='lat' dir='ltr'><strong>corpus</strong></span> <span class='ocrx_word' id='word_1_452' title='bbox 1508 4176 1808 4232; x_wconf 85' lang='lat' dir='ltr'><strong>habuisse:</strong></span> <span class='ocrx_word' id='word_1_453' title='bbox 1834 4175 2055 4246; x_wconf 84' lang='lat' dir='ltr'><strong>magica</strong></span> 
     </span>
    </p>
   </div>
   <div class='ocr_carea' id='block_1_63' title="bbox 409 4265 2053 4338">
    <p class='ocr_par' dir='ltr' id='par_1_63' title="bbox 409 4265 2053 4338">
     <span class='ocr_line' id='line_1_63' title="bbox 409 4265 2053 4338; baseline -0.003 -12"><span class='ocrx_word' id='word_1_454' title='bbox 409 4288 540 4326; x_wconf 92' lang='lat' dir='ltr'><strong>vero</strong></span> <span class='ocrx_word' id='word_1_455' title='bbox 610 4277 750 4336; x_wconf 89' lang='lat' dir='ltr'><strong>arte,</strong></span> <span class='ocrx_word' id='word_1_456' title='bbox 815 4283 928 4322; x_wconf 89' lang='lat' dir='ltr'><strong>non</strong></span> <span class='ocrx_word' id='word_1_457' title='bbox 1000 4265 1186 4338; x_wconf 88' lang='lat' dir='ltr'><strong>ipsius</strong></span> <span class='ocrx_word' id='word_1_458' title='bbox 1244 4266 1501 4337; x_wconf 88' lang='lat' dir='ltr'><strong>corporis</strong></span> <span class='ocrx_word' id='word_1_459' title='bbox 1569 4271 1796 4330; x_wconf 83' lang='lat' dir='ltr'><strong>natura,</strong></span> <span class='ocrx_word' id='word_1_460' title='bbox 1849 4265 2053 4336; x_wconf 87' lang='lat' dir='ltr'><strong>januis</strong></span> 
     </span>
    </p>
   </div>
   <div class='ocr_carea' id='block_1_64' title="bbox 410 4356 2052 4425">
    <p class='ocr_par' dir='ltr' id='par_1_64' title="bbox 410 4356 2052 4425">
     <span class='ocr_line' id='line_1_64' title="bbox 410 4356 2052 4425; baseline -0.002 -11"><span class='ocrx_word' id='word_1_461' title='bbox 410 4359 624 4416; x_wconf 85' lang='lat' dir='ltr'><strong>clausis</strong></span> <span class='ocrx_word' id='word_1_462' title='bbox 657 4359 928 4414; x_wconf 86' lang='lat' dir='ltr'><strong>intrasse.</strong></span> <span class='ocrx_word' id='word_1_463' title='bbox 964 4389 1028 4398; x_wconf 91' lang='lat'><strong><em>—</em></strong></span> <span class='ocrx_word' id='word_1_464' title='bbox 1061 4356 1330 4412; x_wconf 89' lang='lat' dir='ltr'><strong>Christus</strong></span> <span class='ocrx_word' id='word_1_465' title='bbox 1373 4372 1489 4410; x_wconf 90' lang='lat' dir='ltr'><strong>non</strong></span> <span class='ocrx_word' id='word_1_466' title='bbox 1521 4356 1790 4425; x_wconf 88' lang='lat' dir='ltr'><strong>deposuit</strong></span> <span class='ocrx_word' id='word_1_467' title='bbox 1818 4370 2052 4410; x_wconf 87' lang='lat' dir='ltr'><strong>carnem</strong></span> 
     </span>
    </p>
   </div>
   <div class='ocr_carea' id='block_1_65' title="bbox 410 4445 2054 4519">
    <p class='ocr_par' dir='ltr' id='par_1_65' title="bbox 410 4445 2054 4519">
     <span class='ocr_line' id='line_1_65' title="bbox 410 4445 2054 4519; baseline -0.002 -15"><span class='ocrx_word' id='word_1_468' title='bbox 410 4454 541 4519; x_wconf 84' lang='lat' dir='ltr'><strong>post</strong></span> <span class='ocrx_word' id='word_1_469' title='bbox 575 4447 1081 4514; x_wconf 85' lang='lat' dir='ltr'><strong>resurrectionem,</strong></span> <span class='ocrx_word' id='word_1_470' title='bbox 1127 4446 1226 4502; x_wconf 89' lang='lat' dir='ltr'><strong>sed</strong></span> <span class='ocrx_word' id='word_1_471' title='bbox 1262 4461 1375 4501; x_wconf 89' lang='lat' dir='ltr'><strong>una</strong></span> <span class='ocrx_word' id='word_1_472' title='bbox 1403 4461 1539 4499; x_wconf 89' lang='lat' dir='ltr'><strong>cum</strong></span> <span class='ocrx_word' id='word_1_473' title='bbox 1572 4460 1741 4499; x_wconf 88' lang='lat' dir='ltr'><strong>carne</strong></span> <span class='ocrx_word' id='word_1_474' title='bbox 1763 4445 1822 4499; x_wconf 91' lang='lat' dir='ltr'><strong>in</strong></span> <span class='ocrx_word' id='word_1_475' title='bbox 1853 4445 2054 4500; x_wconf 86' lang='lat' dir='ltr'><strong>dextra</strong></span> 
     </span>
    </p>
   </div>
   <div class='ocr_carea' id='block_1_66' title="bbox 410 4533 2052 4605">
    <p class='ocr_par' dir='ltr' id='par_1_66' title="bbox 410 4533 2052 4605">
     <span class='ocr_line' id='line_1_66' title="bbox 410 4533 2052 4605; baseline -0.002 -11"><span class='ocrx_word' id='word_1_476' title='bbox 410 4538 571 4594; x_wconf 91' lang='lat' dir='ltr'><strong>sedet</strong></span> <span class='ocrx_word' id='word_1_477' title='bbox 603 4536 820 4605; x_wconf 87' lang='lat' dir='ltr'><strong>Patris;</strong></span> <span class='ocrx_word' id='word_1_478' title='bbox 869 4542 927 4592; x_wconf 91' lang='lat' dir='ltr'><strong>et</strong></span> <span class='ocrx_word' id='word_1_479' title='bbox 967 4552 997 4591; x_wconf 90' lang='lat' dir='ltr'><strong>e</strong></span> <span class='ocrx_word' id='word_1_480' title='bbox 1038 4534 1347 4601; x_wconf 88' lang='lat' dir='ltr'><strong>contrario,</strong></span> <span class='ocrx_word' id='word_1_481' title='bbox 1381 4533 1572 4589; x_wconf 88' lang='lat' dir='ltr'><strong>veniet</strong></span> <span class='ocrx_word' id='word_1_482' title='bbox 1600 4533 1865 4604; x_wconf 88' lang='lat' dir='ltr'><strong>judicare</strong></span> <span class='ocrx_word' id='word_1_483' title='bbox 1894 4535 2052 4591; x_wconf 87' lang='lat' dir='ltr'><strong>vivos</strong></span> 
     </span>
    </p>
   </div>
   <div class='ocr_carea' id='block_1_67' title="bbox 409 4622 2054 4693">
    <p class='ocr_par' dir='ltr' id='par_1_67' title="bbox 409 4622 2054 4693">
     <span class='ocr_line' id='line_1_67' title="bbox 409 4622 2054 4693; baseline -0.002 -9"><span class='ocrx_word' id='word_1_484' title='bbox 409 4633 464 4684; x_wconf 89' lang='lat' dir='ltr'><strong>et</strong></span> <span class='ocrx_word' id='word_1_485' title='bbox 497 4633 778 4693; x_wconf 85' lang='lat' dir='ltr'><strong>mortuos,</strong></span> <span class='ocrx_word' id='word_1_486' title='bbox 820 4642 934 4682; x_wconf 90' lang='lat' dir='ltr'><strong>non</strong></span> <span class='ocrx_word' id='word_1_487' title='bbox 973 4641 1204 4682; x_wconf 84' lang='lat' dir='ltr'><strong>carnem</strong></span> <span class='ocrx_word' id='word_1_488' title='bbox 1236 4624 1499 4688; x_wconf 85' lang='lat' dir='ltr'><strong>indutus,</strong></span> <span class='ocrx_word' id='word_1_489' title='bbox 1529 4623 1629 4678; x_wconf 89' lang='lat' dir='ltr'><strong>sed</strong></span> <span class='ocrx_word' id='word_1_490' title='bbox 1663 4622 1926 4678; x_wconf 89' lang='lat' dir='ltr'><strong>divinum</strong></span> <span class='ocrx_word' id='word_1_491' title='bbox 1954 4623 2054 4680; x_wconf 84' lang='lat' dir='ltr'><strong>ha-</strong></span> 
     </span>
    </p>
   </div>
   <div class='ocr_carea' id='block_1_68' title="bbox 409 4711 2052 4787">
    <p class='ocr_par' dir='ltr' id='par_1_68' title="bbox 409 4711 2052 4787">
     <span class='ocr_line' id='line_1_68' title="bbox 409 4711 2052 4787; baseline -0.002 -13"><span class='ocrx_word' id='word_1_492' title='bbox 409 4719 555 4774; x_wconf 90' lang='lat' dir='ltr'><strong>bens</strong></span> <span class='ocrx_word' id='word_1_493' title='bbox 585 4732 816 4787; x_wconf 87' lang='lat' dir='ltr'><strong>corpus.</strong></span> <span class='ocrx_word' id='word_1_494' title='bbox 869 4747 936 4754; x_wconf 91' lang='lat'><strong>—</strong></span> <span class='ocrx_word' id='word_1_495' title='bbox 967 4719 1092 4770; x_wconf 89' lang='lat' dir='ltr'><strong>Non</strong></span> <span class='ocrx_word' id='word_1_496' title='bbox 1136 4714 1329 4768; x_wconf 87' lang='lat' dir='ltr'><strong>veniet</strong></span> <span class='ocrx_word' id='word_1_497' title='bbox 1380 4711 1659 4767; x_wconf 88' lang='lat' dir='ltr'><strong>Dominus</strong></span> <span class='ocrx_word' id='word_1_498' title='bbox 1707 4711 1765 4767; x_wconf 93' lang='lat' dir='ltr'><strong>in</strong></span> <span class='ocrx_word' id='word_1_499' title='bbox 1797 4715 2052 4770; x_wconf 91' lang='lat' dir='ltr'><strong>secundo</strong></span> 
     </span>
    </p>
   </div>
   <div class='ocr_carea' id='block_1_69' title="bbox 406 4799 2054 4874">
    <p class='ocr_par' dir='ltr' id='par_1_69' title="bbox 406 4799 2054 4874">
     <span class='ocr_line' id='line_1_69' title="bbox 406 4799 2054 4874; baseline -0.003 -10"><span class='ocrx_word' id='word_1_500' title='bbox 406 4808 681 4874; x_wconf 90' lang='lat' dir='ltr'><strong>adventu,</strong></span> <span class='ocrx_word' id='word_1_501' title='bbox 737 4805 838 4860; x_wconf 89' lang='lat' dir='ltr'><strong>sed</strong></span> <span class='ocrx_word' id='word_1_502' title='bbox 899 4803 1055 4860; x_wconf 87' lang='lat' dir='ltr'><strong>nuda</strong></span> <span class='ocrx_word' id='word_1_503' title='bbox 1104 4801 1423 4858; x_wconf 88' lang='lat' dir='ltr'><strong>divinitate.</strong></span> <span class='ocrx_word' id='word_1_504' title='bbox 1469 4799 1586 4857; x_wconf 87' lang='lat' dir='ltr'><strong>Hoc</strong></span> <span class='ocrx_word' id='word_1_505' title='bbox 1623 4816 1758 4856; x_wconf 89' lang='lat' dir='ltr'><strong>vero</strong></span> <span class='ocrx_word' id='word_1_506' title='bbox 1797 4800 2054 4860; x_wconf 89' lang='lat' dir='ltr'><strong>Gobarus</strong></span> 
     </span>
    </p>
   </div>
   <div class='ocr_carea' id='block_1_70' title="bbox 405 4890 2054 4972">
    <p class='ocr_par' dir='ltr' id='par_1_70' title="bbox 405 4890 2054 4972">
     <span class='ocr_line' id='line_1_70' title="bbox 405 4890 2054 4972; baseline -0.003 -19"><span class='ocrx_word' id='word_1_507' title='bbox 405 4901 580 4972; x_wconf 85' lang='lat' dir='ltr'><strong>caput</strong></span> <span class='ocrx_word' id='word_1_508' title='bbox 644 4894 1028 4963; x_wconf 91' lang='lat' dir='ltr'><strong>constituens,</strong></span> <span class='ocrx_word' id='word_1_509' title='bbox 1086 4897 1143 4949; x_wconf 84' lang='lat' dir='ltr'><strong>et</strong></span> <span class='ocrx_word' id='word_1_510' title='bbox 1200 4890 1535 4948; x_wconf 86' lang='lat' dir='ltr'><strong>testimonia</strong></span> <span class='ocrx_word' id='word_1_511' title='bbox 1592 4890 1890 4948; x_wconf 89' lang='lat' dir='ltr'><strong>adducens</strong></span> <span class='ocrx_word' id='word_1_512' title='bbox 1939 4891 2054 4948; x_wconf 91' lang='lat' dir='ltr'><strong>Titi</strong></span> 
     </span>
    </p>
   </div>
   <div class='ocr_carea' id='block_1_71' title="bbox 403 4978 2055 5060">
    <p class='ocr_par' dir='ltr' id='par_1_71' title="bbox 403 4978 2055 5060">
     <span class='ocr_line' id='line_1_71' title="bbox 403 4978 2055 5060; baseline -0.003 -18"><span class='ocrx_word' id='word_1_513' title='bbox 403 4986 663 5060; x_wconf 88' lang='lat' dir='ltr'><strong>episcopi</strong></span> <span class='ocrx_word' id='word_1_514' title='bbox 695 4987 1055 5054; x_wconf 86' lang='lat' dir='ltr'><strong>Bostrorum,</strong></span> <span class='ocrx_word' id='word_1_515' title='bbox 1096 4981 1371 5053; x_wconf 87' lang='lat' dir='ltr'><strong>milleque</strong></span> <span class='ocrx_word' id='word_1_516' title='bbox 1401 4978 1516 5036; x_wconf 88' lang='lat' dir='ltr'><strong>alia</strong></span> <span class='ocrx_word' id='word_1_517' title='bbox 1550 4979 1769 5036; x_wconf 88' lang='lat' dir='ltr'><strong>habens</strong></span> <span class='ocrx_word' id='word_1_518' title='bbox 1801 4996 1923 5052; x_wconf 74' lang='lat' dir='ltr'><strong>quae</strong></span> <span class='ocrx_word' id='word_1_519' title='bbox 1954 4983 2055 5037; x_wconf 88' lang='lat' dir='ltr'><strong>ad-</strong></span> 
     </span>
    </p>
   </div>
   <div class='ocr_carea' id='block_1_72' title="bbox 405 5069 2052 5146">
    <p class='ocr_par' dir='ltr' id='par_1_72' title="bbox 405 5069 2052 5146">
     <span class='ocr_line' id='line_1_72' title="bbox 405 5069 2052 5146; baseline -0.003 -14"><span class='ocrx_word' id='word_1_520' title='bbox 405 5081 436 5132; x_wconf 93' lang='lat' dir='ltr'><strong>d</strong></span> <span class='ocrx_word' id='word_1_521' title='bbox 449 5094 618 5134; x_wconf 86' lang='lat' dir='ltr'><strong>ucere</strong></span> <span class='ocrx_word' id='word_1_522' title='bbox 633 5081 827 5146; x_wconf 89' lang='lat' dir='ltr'><strong>posset</strong></span> <span class='ocrx_word' id='word_1_523' title='bbox 842 5072 1521 5142; x_wconf 88' lang='lat' dir='ltr'><strong>testimonia,Dominum</strong></span> <span class='ocrx_word' id='word_1_524' title='bbox 1535 5070 1739 5126; x_wconf 90' lang='lat' dir='ltr'><strong>Jesum</strong></span> <span class='ocrx_word' id='word_1_525' title='bbox 1755 5069 2052 5128; x_wconf 89' lang='lat' dir='ltr'><strong>Christum</strong></span> 
     </span>
    </p>
   </div>
   <div class='ocr_carea' id='block_1_73' title="bbox 405 5159 2055 5231">
    <p class='ocr_par' dir='ltr' id='par_1_73' title="bbox 405 5159 2055 5231">
     <span class='ocr_line' id='line_1_73' title="bbox 405 5159 2055 5231; baseline 0 -14"><span class='ocrx_word' id='word_1_526' title='bbox 405 5165 463 5222; x_wconf 90' lang='lat' dir='ltr'><strong>in</strong></span> <span class='ocrx_word' id='word_1_527' title='bbox 487 5166 608 5223; x_wconf 86' lang='lat' dir='ltr'><strong>sola</strong></span> <span class='ocrx_word' id='word_1_528' title='bbox 631 5165 929 5222; x_wconf 84' lang='lat' dir='ltr'><strong>divinitate</strong></span> <span class='ocrx_word' id='word_1_529' title='bbox 949 5169 1283 5231; x_wconf 88' lang='lat' dir='ltr'><strong>venturum,</strong></span> <span class='ocrx_word' id='word_1_530' title='bbox 1307 5160 1505 5217; x_wconf 87' lang='lat' dir='ltr'><strong>omnia</strong></span> <span class='ocrx_word' id='word_1_531' title='bbox 1523 5159 1736 5230; x_wconf 88' lang='lat' dir='ltr'><strong>omisit,</strong></span> <span class='ocrx_word' id='word_1_532' title='bbox 1758 5164 1814 5214; x_wconf 90' lang='lat' dir='ltr'><strong>et</strong></span> <span class='ocrx_word' id='word_1_533' title='bbox 1835 5160 2055 5218; x_wconf 90' lang='lat' dir='ltr'><strong>nullius</strong></span> 
     </span>
    </p>
   </div>
   <div class='ocr_carea' id='block_1_74' title="bbox 406 5248 2056 5325">
    <p class='ocr_par' dir='ltr' id='par_1_74' title="bbox 406 5248 2056 5325">
     <span class='ocr_line' id='line_1_74' title="bbox 406 5248 2056 5325; baseline 0.001 -18"><span class='ocrx_word' id='word_1_534' title='bbox 406 5254 694 5323; x_wconf 89' lang='lat' dir='ltr'><strong>meminit,</strong></span> <span class='ocrx_word' id='word_1_535' title='bbox 747 5254 962 5325; x_wconf 88' lang='lat' dir='ltr'><strong>ubique</strong></span> <span class='ocrx_word' id='word_1_536' title='bbox 1004 5251 1434 5325; x_wconf 67' lang='lat' dir='ltr'><strong>presultantem</strong></span> <span class='ocrx_word' id='word_1_537' title='bbox 1466 5263 1635 5306; x_wconf 87' lang='lat' dir='ltr'><strong>suam</strong></span> <span class='ocrx_word' id='word_1_538' title='bbox 1665 5248 2056 5324; x_wconf 87' lang='lat' dir='ltr'><strong>impietatem,</strong></span> 
     </span>
    </p>
   </div>
   <div class='ocr_carea' id='block_1_75' title="bbox 477 5359 1549 5429">
    <p class='ocr_par' dir='ltr' id='par_1_75' title="bbox 477 5359 1549 5429">
     <span class='ocr_line' id='line_1_75' title="bbox 477 5359 1549 5429; baseline 0.003 -17"><span class='ocrx_word' id='word_1_539' title='bbox 477 5372 504 5412; x_wconf 76' lang='grc' dir='ltr'><strong>ε</strong></span> <span class='ocrx_word' id='word_1_540' title='bbox 534 5359 734 5416; x_wconf 85' lang='lat' dir='ltr'><strong>Matth.</strong></span> <span class='ocrx_word' id='word_1_541' title='bbox 768 5377 888 5429; x_wconf 84' lang='lat' dir='ltr'><strong>xm,</strong></span> <span class='ocrx_word' id='word_1_542' title='bbox 925 5362 1012 5417; x_wconf 87' lang='grc'><strong>16.</strong></span> <span class='ocrx_word' id='word_1_543' title='bbox 1090 5361 1115 5400; x_wconf 67' lang='grc' dir='ltr'><strong>λι</strong></span> <span class='ocrx_word' id='word_1_544' title='bbox 1141 5363 1306 5418; x_wconf 89' lang='lat' dir='ltr'><strong>Joan.</strong></span> <span class='ocrx_word' id='word_1_545' title='bbox 1337 5375 1428 5426; x_wconf 83' lang='lat' dir='ltr'><strong>xx,</strong></span> <span class='ocrx_word' id='word_1_546' title='bbox 1459 5359 1549 5415; x_wconf 87' lang='lat'><strong>26.</strong></span> 
     </span>
    </p>
   </div>
   <div class='ocr_carea' id='block_1_76' title="bbox 2162 1948 3826 2027">
    <p class='ocr_par' dir='ltr' id='par_1_76' title="bbox 2162 1948 3826 2027">
     <span class='ocr_line' id='line_1_76' title="bbox 2162 1948 3826 2027; baseline 0 -23"><span class='ocrx_word' id='word_1_547' title='bbox 2162 1950 2305 2019; x_wconf 68' lang='grc' dir='ltr'><strong>ἑξῆς.</strong></span> <span class='ocrx_word' id='word_1_548' title='bbox 2347 1983 2415 1994; x_wconf 87' lang='grc'><strong>-·</strong></span> <span class='ocrx_word' id='word_1_549' title='bbox 2463 1954 2584 2006; x_wconf 86' lang='grc' dir='ltr'><strong>Ὅτι</strong></span> <span class='ocrx_word' id='word_1_550' title='bbox 2640 1951 2696 2004; x_wconf 79' lang='grc' dir='ltr'>οἱ</span> <span class='ocrx_word' id='word_1_551' title='bbox 2747 1951 2797 2004; x_wconf 88' lang='grc' dir='ltr'><strong>έν</strong></span> <span class='ocrx_word' id='word_1_552' title='bbox 2843 1956 2911 2025; x_wconf 82' lang='grc' dir='ltr'><strong>τῇ</strong></span> <span class='ocrx_word' id='word_1_553' title='bbox 2969 1950 3193 2006; x_wconf 80' lang='grc' dir='ltr'>κολάσει</span> <span class='ocrx_word' id='word_1_554' title='bbox 3242 1948 3669 2027; x_wconf 82' lang='grc' dir='ltr'>παραδιδόμενοι</span> <span class='ocrx_word' id='word_1_555' title='bbox 3712 1957 3826 2005; x_wconf 84' lang='grc' dir='ltr'><strong>τῶν</strong></span> 
     </span>
    </p>
   </div>
   <div class='ocr_carea' id='block_1_77' title="bbox 2165 2040 3814 2114">
    <p class='ocr_par' dir='ltr' id='par_1_77' title="bbox 2165 2040 3814 2114">
     <span class='ocr_line' id='line_1_77' title="bbox 2165 2040 3814 2114; baseline -0.001 -20"><span class='ocrx_word' id='word_1_556' title='bbox 2165 2040 2507 2114; x_wconf 78' lang='grc' dir='ltr'><strong>ἁμαρτωλῶν</strong></span> <span class='ocrx_word' id='word_1_557' title='bbox 2573 2041 2922 2114; x_wconf 78' lang='grc' dir='ltr'>καθαίρονται</span> <span class='ocrx_word' id='word_1_558' title='bbox 2979 2044 3080 2104; x_wconf 81' lang='grc' dir='ltr'>τῆς</span> <span class='ocrx_word' id='word_1_559' title='bbox 3137 2041 3327 2102; x_wconf 77' lang='grc' dir='ltr'>κακίας</span> <span class='ocrx_word' id='word_1_560' title='bbox 3386 2041 3436 2095; x_wconf 82' lang='grc' dir='ltr'><strong>έν</strong></span> <span class='ocrx_word' id='word_1_561' title='bbox 3504 2040 3656 2111; x_wconf 77' lang='grc' dir='ltr'>αὐτῇ,</span> <span class='ocrx_word' id='word_1_562' title='bbox 3719 2040 3814 2094; x_wconf 75' lang='grc' dir='ltr'><strong>καὶ</strong></span> 
     </span>
    </p>
   </div>
   <div class='ocr_carea' id='block_1_78' title="bbox 2168 2128 3823 2202">
    <p class='ocr_par' dir='ltr' id='par_1_78' title="bbox 2168 2128 3823 2202">
     <span class='ocr_line' id='line_1_78' title="bbox 2168 2128 3823 2202; baseline 0.001 -20"><span class='ocrx_word' id='word_1_563' title='bbox 2168 2129 2301 2201; x_wconf 79' lang='grc' dir='ltr'>μετὰ</span> <span class='ocrx_word' id='word_1_564' title='bbox 2349 2130 2449 2197; x_wconf 78' lang='grc' dir='ltr'><strong>τήν</strong></span> <span class='ocrx_word' id='word_1_565' title='bbox 2496 2129 2752 2202; x_wconf 80' lang='grc' dir='ltr'>κάθαρσιν</span> <span class='ocrx_word' id='word_1_566' title='bbox 2805 2130 3139 2184; x_wconf 69' lang='grc' dir='ltr'>ἀπολύονται</span> <span class='ocrx_word' id='word_1_567' title='bbox 3183 2137 3283 2198; x_wconf 76' lang='grc' dir='ltr'><strong>τῆς</strong></span> <span class='ocrx_word' id='word_1_568' title='bbox 3331 2128 3628 2190; x_wconf 76' lang='grc' dir='ltr'>κολάσεως.</span> <span class='ocrx_word' id='word_1_569' title='bbox 3679 2129 3823 2184; x_wconf 77' lang='grc' dir='ltr'>Εἶτα</span> 
     </span>
    </p>
   </div>
   <div class='ocr_carea' id='block_1_79' title="bbox 2163 2216 3825 2294">
    <p class='ocr_par' dir='ltr' id='par_1_79' title="bbox 2163 2216 3825 2294">
     <span class='ocr_line' id='line_1_79' title="bbox 2163 2216 3825 2294; baseline 0.001 -23"><span class='ocrx_word' id='word_1_570' title='bbox 2163 2218 2252 2271; x_wconf 85' lang='grc' dir='ltr'><strong>καὶ</strong></span> <span class='ocrx_word' id='word_1_571' title='bbox 2311 2217 2472 2272; x_wconf 77' lang='grc' dir='ltr'>δτι¹²</span> <span class='ocrx_word' id='word_1_572' title='bbox 2533 2219 2594 2273; x_wconf 76' lang='grc' dir='ltr'>οὐ</span> <span class='ocrx_word' id='word_1_573' title='bbox 2646 2218 2838 2280; x_wconf 79' lang='grc' dir='ltr'>πάντες</span> <span class='ocrx_word' id='word_1_574' title='bbox 2896 2221 2948 2273; x_wconf 74' lang='grc' dir='ltr'>οἱ</span> <span class='ocrx_word' id='word_1_575' title='bbox 3004 2216 3402 2294; x_wconf 65' lang='grc' dir='ltr'>παραδοθέντες</span> <span class='ocrx_word' id='word_1_576' title='bbox 3462 2223 3529 2292; x_wconf 77' lang='grc' dir='ltr'><strong>τῇ</strong></span> <span class='ocrx_word' id='word_1_577' title='bbox 3591 2216 3825 2274; x_wconf 74' lang='grc' dir='ltr'>κολάσει</span> 
     </span>
    </p>
   </div>
   <div class='ocr_carea' id='block_1_80' title="bbox 2163 2303 3826 2379">
    <p class='ocr_par' dir='ltr' id='par_1_80' title="bbox 2163 2303 3826 2379">
     <span class='ocr_line' id='line_1_80' title="bbox 2163 2303 3826 2379; baseline -0.001 -19"><span class='ocrx_word' id='word_1_578' title='bbox 2163 2303 2506 2379; x_wconf 85' lang='grc' dir='ltr'>καθαίρονται</span> <span class='ocrx_word' id='word_1_579' title='bbox 2567 2306 2654 2359; x_wconf 81' lang='grc' dir='ltr'><strong>καὶ</strong></span> <span class='ocrx_word' id='word_1_580' title='bbox 2726 2303 3089 2365; x_wconf 69' lang='grc' dir='ltr'>ἀπολύονται.</span> <span class='ocrx_word' id='word_1_581' title='bbox 3143 2303 3291 2360; x_wconf 73' lang='grc' dir='ltr'>ἀλλὰ</span> <span class='ocrx_word' id='word_1_582' title='bbox 3335 2325 3493 2365; x_wconf 84' lang='grc' dir='ltr'>τινες·</span> <span class='ocrx_word' id='word_1_583' title='bbox 3555 2304 3649 2358; x_wconf 86' lang='grc' dir='ltr'><strong>καὶ</strong></span> <span class='ocrx_word' id='word_1_584' title='bbox 3711 2307 3826 2375; x_wconf 85' lang='grc' dir='ltr'>δτι,</span> 
     </span>
    </p>
   </div>
   <div class='ocr_carea' id='block_1_81' title="bbox 2166 2391 3828 2471">
    <p class='ocr_par' dir='ltr' id='par_1_81' title="bbox 2166 2391 3828 2471">
     <span class='ocr_line' id='line_1_81' title="bbox 2166 2391 3828 2471; baseline 0.001 -24"><span class='ocrx_word' id='word_1_585' title='bbox 2166 2391 2297 2468; x_wconf 80' lang='grc' dir='ltr'>ὅπερ</span> <span class='ocrx_word' id='word_1_586' title='bbox 2339 2392 2476 2448; x_wconf 79' lang='grc' dir='ltr'>ἐστὶν</span> <span class='ocrx_word' id='word_1_587' title='bbox 2525 2392 2724 2464; x_wconf 73' lang='grc' dir='ltr'>ἀληθὲς</span> <span class='ocrx_word' id='word_1_588' title='bbox 2773 2399 2872 2463; x_wconf 78' lang='grc' dir='ltr'><strong>τῆς</strong></span> <span class='ocrx_word' id='word_1_589' title='bbox 2917 2393 3244 2464; x_wconf 73' lang='grc' dir='ltr'>Ἐκκλησίας</span> <span class='ocrx_word' id='word_1_590' title='bbox 3309 2394 3586 2471; x_wconf 84' lang='grc' dir='ltr'>φρόνημα,</span> <span class='ocrx_word' id='word_1_591' title='bbox 3635 2391 3828 2457; x_wconf 73' lang='grc' dir='ltr'>οὐδεὶς</span> 
     </span>
    </p>
   </div>
   <div class='ocr_carea' id='block_1_82' title="bbox 2168 2480 3826 2555">
    <p class='ocr_par' dir='ltr' id='par_1_82' title="bbox 2168 2480 3826 2555">
     <span class='ocr_line' id='line_1_82' title="bbox 2168 2480 3826 2555; baseline -0.001 -19"><span class='ocrx_word' id='word_1_592' title='bbox 2168 2480 2465 2537; x_wconf 76' lang='grc' dir='ltr'>ἀπολύεται</span> <span class='ocrx_word' id='word_1_593' title='bbox 2496 2489 2597 2552; x_wconf 80' lang='grc' dir='ltr'><strong>τῆς</strong></span> <span class='ocrx_word' id='word_1_594' title='bbox 2623 2481 2924 2544; x_wconf 81' lang='grc' dir='ltr'>κολάσεως.</span> <span class='ocrx_word' id='word_1_595' title='bbox 2973 2516 3026 2523; x_wconf 92' lang='grc'><strong>-</strong></span> <span class='ocrx_word' id='word_1_596' title='bbox 3058 2484 3176 2538; x_wconf 74' lang='grc' dir='ltr'>’ἷΟτι</span> <span class='ocrx_word' id='word_1_597' title='bbox 3207 2483 3269 2537; x_wconf 88' lang='grc' dir='ltr'>τὸ</span> <span class='ocrx_word' id='word_1_598' title='bbox 3301 2483 3545 2536; x_wconf 84' lang='grc' dir='ltr'>καίεσθαι</span> <span class='ocrx_word' id='word_1_599' title='bbox 3595 2483 3690 2536; x_wconf 78' lang='grc' dir='ltr'><strong>καὶ</strong></span> <span class='ocrx_word' id='word_1_600' title='bbox 3744 2485 3826 2555; x_wconf 68' lang='grc' dir='ltr'>μὴ</span> 
     </span>
    </p>
   </div>
   <div class='ocr_carea' id='block_1_83' title="bbox 2166 2562 3824 2650">
    <p class='ocr_par' dir='ltr' id='par_1_83' title="bbox 2166 2562 3824 2650">
     <span class='ocr_line' id='line_1_83' title="bbox 2166 2562 3824 2650; baseline 0.001 -24"><span class='ocrx_word' id='word_1_601' title='bbox 2166 2571 2545 2627; x_wconf 87' lang='grc' dir='ltr'>κατακαίεσθαι</span> <span class='ocrx_word' id='word_1_602' title='bbox 2615 2573 2817 2649; x_wconf 71' lang='grc' dir='ltr'>φθοράν</span> <span class='ocrx_word' id='word_1_603' title='bbox 2901 2562 3041 2626; x_wconf 83' lang='grc' dir='ltr'>ἐστιν</span> <span class='ocrx_word' id='word_1_604' title='bbox 3135 2573 3402 2650; x_wconf 79' lang='grc' dir='ltr'>ἄφθαρτον</span> <span class='ocrx_word' id='word_1_605' title='bbox 3488 2571 3824 2648; x_wconf 81' lang='grc' dir='ltr'>φθείρεσθαι.</span> 
     </span>
    </p>
   </div>
   <div class='ocr_carea' id='block_1_84' title="bbox 2167 2661 3826 2738">
    <p class='ocr_par' dir='ltr' id='par_1_84' title="bbox 2167 2661 3826 2738">
     <span class='ocr_line' id='line_1_84' title="bbox 2167 2661 3826 2738; baseline -0.001 -20"><span class='ocrx_word' id='word_1_606' title='bbox 2167 2663 2326 2725; x_wconf 86' lang='grc' dir='ltr'>Τίτος</span> <span class='ocrx_word' id='word_1_607' title='bbox 2360 2661 2416 2716; x_wconf 75' lang='grc' dir='ltr'><strong>δὲ</strong></span> <span class='ocrx_word' id='word_1_608' title='bbox 2447 2664 2474 2716; x_wconf 90' lang='lat'><strong>6</strong></span> <span class='ocrx_word' id='word_1_609' title='bbox 2508 2661 2802 2725; x_wconf 85' lang='grc' dir='ltr'>ἐπίσκοπος</span> <span class='ocrx_word' id='word_1_610' title='bbox 2836 2663 3106 2737; x_wconf 86' lang='grc' dir='ltr'>Βόστρων,</span> <span class='ocrx_word' id='word_1_611' title='bbox 3139 2665 3276 2718; x_wconf 74' lang='grc' dir='ltr'>κατὰ</span> <span class='ocrx_word' id='word_1_612' title='bbox 3313 2662 3635 2736; x_wconf 82' lang='grc' dir='ltr'>Μανιχαίων</span> <span class='ocrx_word' id='word_1_613' title='bbox 3687 2667 3826 2738; x_wconf 62' lang='grc' dir='ltr'>γρᾶο</span> 
     </span>
    </p>
   </div>
   <div class='ocr_carea' id='block_1_85' title="bbox 2169 2749 3829 2831">
    <p class='ocr_par' dir='ltr' id='par_1_85' title="bbox 2169 2749 3829 2831">
     <span class='ocr_line' id='line_1_85' title="bbox 2169 2749 3829 2831; baseline -0.001 -24"><span class='ocrx_word' id='word_1_614' title='bbox 2169 2774 2306 2831; x_wconf 80' lang='grc' dir='ltr'>φων,</span> <span class='ocrx_word' id='word_1_615' title='bbox 2349 2751 2399 2807; x_wconf 77' lang='grc' dir='ltr'>ἐν</span> <span class='ocrx_word' id='word_1_616' title='bbox 2449 2752 2528 2824; x_wconf 76' lang='grc' dir='ltr'>τῷ</span> <span class='ocrx_word' id='word_1_617' title='bbox 2581 2753 2785 2826; x_wconf 78' lang='grc' dir='ltr'>πρώτῳ</span> <span class='ocrx_word' id='word_1_618' title='bbox 2833 2749 2984 2828; x_wconf 85' lang='grc' dir='ltr'>λόγῳ</span> <span class='ocrx_word' id='word_1_619' title='bbox 3032 2753 3202 2830; x_wconf 83' lang='grc' dir='ltr'>φησί’</span> <span class='ocrx_word' id='word_1_620' title='bbox 3255 2757 3378 2814; x_wconf 83' lang='grc' dir='ltr'>Πῶς</span> <span class='ocrx_word' id='word_1_621' title='bbox 3424 2751 3486 2806; x_wconf 84' lang='grc' dir='ltr'><strong>ἃν</strong></span> <span class='ocrx_word' id='word_1_622' title='bbox 3529 2752 3612 2822; x_wconf 72' lang='grc' dir='ltr'><strong>εἴη</strong></span> <span class='ocrx_word' id='word_1_623' title='bbox 3643 2753 3829 2829; x_wconf 70' lang='grc' dir='ltr'><strong>φθορὰ⁵</strong></span> 
     </span>
    </p>
   </div>
   <div class='ocr_carea' id='block_1_86' title="bbox 2170 2837 3827 2919">
    <p class='ocr_par' dir='ltr' id='par_1_86' title="bbox 2170 2837 3827 2919">
     <span class='ocr_line' id='line_1_86' title="bbox 2170 2837 3827 2919; baseline -0.001 -24"><span class='ocrx_word' id='word_1_624' title='bbox 2170 2841 2364 2910; x_wconf 73' lang='grc' dir='ltr'>ἑαυτῆς</span> <span class='ocrx_word' id='word_1_625' title='bbox 2430 2842 2464 2909; x_wconf 82' lang='grc' dir='ltr'>ἡ</span> <span class='ocrx_word' id='word_1_626' title='bbox 2524 2841 2736 2919; x_wconf 42' lang='lat' dir='ltr'><strong>dilapsi;</strong></span> <span class='ocrx_word' id='word_1_627' title='bbox 2797 2843 3018 2902; x_wconf 72' lang='grc' dir='ltr'>Πάντως</span> <span class='ocrx_word' id='word_1_628' title='bbox 3074 2841 3173 2916; x_wconf 73' lang='grc' dir='ltr'>γὰρ</span> <span class='ocrx_word' id='word_1_629' title='bbox 3238 2837 3419 2915; x_wconf 72' lang='grc' dir='ltr'>’έτερὸν</span> <span class='ocrx_word' id='word_1_630' title='bbox 3476 2862 3528 2896; x_wconf 88' lang='grc' dir='ltr'><strong>τι</strong></span> <span class='ocrx_word' id='word_1_631' title='bbox 3587 2841 3827 2917; x_wconf 82' lang='grc' dir='ltr'>φθείρει,</span> 
     </span>
    </p>
   </div>
   <div class='ocr_carea' id='block_1_87' title="bbox 2173 2927 3826 3007">
    <p class='ocr_par' dir='ltr' id='par_1_87' title="bbox 2173 2927 3826 3007">
     <span class='ocr_line' id='line_1_87' title="bbox 2173 2927 3826 3007; baseline -0.002 -21"><span class='ocrx_word' id='word_1_632' title='bbox 2173 2929 2281 3005; x_wconf 75' lang='grc' dir='ltr'><strong>οὐχ</strong></span> <span class='ocrx_word' id='word_1_633' title='bbox 2345 2931 2560 3000; x_wconf 70' lang='grc' dir='ltr'>ἑαυτήν.</span> <span class='ocrx_word' id='word_1_634' title='bbox 2622 2929 2686 2986; x_wconf 77' lang='grc' dir='ltr'><strong>Εἰ</strong></span> <span class='ocrx_word' id='word_1_635' title='bbox 2751 2927 2808 2984; x_wconf 80' lang='grc' dir='ltr'><strong>δὲ</strong></span> <span class='ocrx_word' id='word_1_636' title='bbox 2873 2930 3067 2998; x_wconf 67' lang='grc' dir='ltr'>ἑαυτὴν</span> <span class='ocrx_word' id='word_1_637' title='bbox 3165 2927 3428 3007; x_wconf 77' lang='grc' dir='ltr'>ἔφθειρεν,</span> <span class='ocrx_word' id='word_1_638' title='bbox 3510 2927 3634 2984; x_wconf 68' lang='grc' dir='ltr'><strong>οὐδὲ</strong></span> <span class='ocrx_word' id='word_1_639' title='bbox 3716 2931 3826 2998; x_wconf 71' lang='grc' dir='ltr'>τὴν</span> 
     </span>
    </p>
   </div>
   <div class='ocr_carea' id='block_1_88' title="bbox 2165 3017 3829 3096">
    <p class='ocr_par' dir='ltr' id='par_1_88' title="bbox 2165 3017 3829 3096">
     <span class='ocr_line' id='line_1_88' title="bbox 2165 3017 3829 3096; baseline -0.001 -23"><span class='ocrx_word' id='word_1_640' title='bbox 2165 3019 2346 3094; x_wconf 71' lang='grc' dir='ltr'>ἀρχὴν</span> <span class='ocrx_word' id='word_1_641' title='bbox 2405 3018 2464 3072; x_wconf 83' lang='grc' dir='ltr'><strong>ἂν</strong></span> <span class='ocrx_word' id='word_1_642' title='bbox 2525 3019 2726 3089; x_wconf 80' lang='grc' dir='ltr'>ὑπέστη</span> <span class='ocrx_word' id='word_1_643' title='bbox 2765 3036 2778 3048; x_wconf 88' lang='lat'><strong>&#39;</strong></span> <span class='ocrx_word' id='word_1_644' title='bbox 2839 3021 3173 3096; x_wconf 70' lang='grc' dir='ltr'>φθαρήσεται</span> <span class='ocrx_word' id='word_1_645' title='bbox 3233 3018 3334 3095; x_wconf 80' lang='grc' dir='ltr'>γὰρ</span> <span class='ocrx_word' id='word_1_646' title='bbox 3409 3019 3602 3088; x_wconf 70' lang='grc' dir='ltr'>ἑαυτὴν</span> <span class='ocrx_word' id='word_1_647' title='bbox 3677 3017 3829 3090; x_wconf 69' lang='grc' dir='ltr'>μᾶλ-</span> 
     </span>
    </p>
   </div>
   <div class='ocr_carea' id='block_1_89' title="bbox 2169 3106 3830 3186">
    <p class='ocr_par' dir='ltr' id='par_1_89' title="bbox 2169 3106 3830 3186">
     <span class='ocr_line' id='line_1_89' title="bbox 2169 3106 3830 3186; baseline -0.001 -22"><span class='ocrx_word' id='word_1_648' title='bbox 2169 3107 2266 3164; x_wconf 91' lang='grc' dir='ltr'><strong>λον</strong></span> <span class='ocrx_word' id='word_1_649' title='bbox 2332 3110 2624 3186; x_wconf 88' lang='grc' dir='ltr'>φθείρουσα</span> <span class='ocrx_word' id='word_1_650' title='bbox 2681 3109 2715 3178; x_wconf 70' lang='grc' dir='ltr'>ἢ</span> <span class='ocrx_word' id='word_1_651' title='bbox 2803 3106 2980 3162; x_wconf 68' lang='grc' dir='ltr'>οὖσα*</span> <span class='ocrx_word' id='word_1_652' title='bbox 3070 3108 3272 3184; x_wconf 82' lang='grc' dir='ltr'>φθορὰν</span> <span class='ocrx_word' id='word_1_653' title='bbox 3359 3109 3463 3181; x_wconf 73' lang='grc' dir='ltr'><strong>γὰρ</strong></span> <span class='ocrx_word' id='word_1_654' title='bbox 3551 3107 3830 3183; x_wconf 67' lang='grc' dir='ltr'>ἄφθαρτον</span> 
     </span>
    </p>
   </div>
   <div class='ocr_carea' id='block_1_90' title="bbox 2169 3194 3829 3269">
    <p class='ocr_par' dir='ltr' id='par_1_90' title="bbox 2169 3194 3829 3269">
     <span class='ocr_line' id='line_1_90' title="bbox 2169 3194 3829 3269; baseline -0.002 -18"><span class='ocrx_word' id='word_1_655' title='bbox 2169 3194 2426 3252; x_wconf 76' lang='grc' dir='ltr'>ἀδύνατον</span> <span class='ocrx_word' id='word_1_656' title='bbox 2485 3196 2619 3251; x_wconf 79' lang='grc' dir='ltr'>κατά</span> <span class='ocrx_word' id='word_1_657' title='bbox 2678 3215 2738 3269; x_wconf 80' lang='grc' dir='ltr'>γε</span> <span class='ocrx_word' id='word_1_658' title='bbox 2801 3196 2894 3258; x_wconf 69' lang='grc' dir='ltr'><strong>τὰς</strong></span> <span class='ocrx_word' id='word_1_659' title='bbox 2968 3197 3150 3258; x_wconf 78' lang='grc' dir='ltr'>κοινὰς</span> <span class='ocrx_word' id='word_1_660' title='bbox 3235 3195 3439 3258; x_wconf 83' lang='grc' dir='ltr'>ἐννοίας</span> <span class='ocrx_word' id='word_1_661' title='bbox 3526 3195 3829 3266; x_wconf 75' lang='grc' dir='ltr'>ἰπινοηθῆ-</span> 
     </span>
    </p>
   </div>
   <div class='ocr_carea' id='block_1_91' title="bbox 2164 3281 3828 3360">
    <p class='ocr_par' dir='ltr' id='par_1_91' title="bbox 2164 3281 3828 3360">
     <span class='ocr_line' id='line_1_91' title="bbox 2164 3281 3828 3360; baseline -0.001 -18"><span class='ocrx_word' id='word_1_662' title='bbox 2164 3287 2252 3342; x_wconf 86' lang='grc' dir='ltr'><strong>ναί</strong></span> <span class='ocrx_word' id='word_1_663' title='bbox 2285 3307 2432 3340; x_wconf 86' lang='grc' dir='ltr'>ποτε.</span> <span class='ocrx_word' id='word_1_664' title='bbox 2471 3285 2566 3339; x_wconf 82' lang='grc' dir='ltr'>Καὶ</span> <span class='ocrx_word' id='word_1_665' title='bbox 2600 3281 2769 3353; x_wconf 79' lang='grc' dir='ltr'>δῆλον</span> <span class='ocrx_word' id='word_1_666' title='bbox 2800 3286 2880 3339; x_wconf 83' lang='grc' dir='ltr'><strong>ὅτι</strong></span> <span class='ocrx_word' id='word_1_667' title='bbox 2913 3286 2941 3340; x_wconf 91' lang='lat'><strong>6</strong></span> <span class='ocrx_word' id='word_1_668' title='bbox 2977 3286 3074 3357; x_wconf 74' lang='grc' dir='ltr'>μὲν</span> <span class='ocrx_word' id='word_1_669' title='bbox 3114 3286 3262 3360; x_wconf 75' lang='grc' dir='ltr'>ἱερὸς</span> <span class='ocrx_word' id='word_1_670' title='bbox 3305 3285 3464 3346; x_wconf 81' lang='grc' dir='ltr'>οὗτος</span> <span class='ocrx_word' id='word_1_671' title='bbox 3515 3283 3654 3359; x_wconf 69' lang='grc' dir='ltr'><strong>ἆνῆρ</strong></span> <span class='ocrx_word' id='word_1_672' title='bbox 3706 3287 3828 3340; x_wconf 78' lang='grc' dir='ltr'>καθ’</span> 
     </span>
    </p>
   </div>
   <div class='ocr_carea' id='block_1_92' title="bbox 2166 3371 3833 3452">
    <p class='ocr_par' dir='ltr' id='par_1_92' title="bbox 2166 3371 3833 3452">
     <span class='ocr_line' id='line_1_92' title="bbox 2166 3371 3833 3452; baseline -0.001 -23"><span class='ocrx_word' id='word_1_673' title='bbox 2166 3377 2347 3450; x_wconf 70' lang='grc' dir='ltr'>ἑτέραν</span> <span class='ocrx_word' id='word_1_674' title='bbox 2405 3372 2609 3429; x_wconf 79' lang='grc' dir='ltr'>ἔννοιαν</span> <span class='ocrx_word' id='word_1_675' title='bbox 2675 3373 2818 3428; x_wconf 81' lang='grc' dir='ltr'>εἶπεν</span> <span class='ocrx_word' id='word_1_676' title='bbox 2880 3371 3139 3428; x_wconf 69' lang='grc' dir='ltr'>ἀδύνατον</span> <span class='ocrx_word' id='word_1_677' title='bbox 3218 3375 3354 3428; x_wconf 77' lang='grc' dir='ltr'>εἶναι</span> <span class='ocrx_word' id='word_1_678' title='bbox 3433 3376 3533 3442; x_wconf 77' lang='grc' dir='ltr'>τήν</span> <span class='ocrx_word' id='word_1_679' title='bbox 3619 3375 3833 3452; x_wconf 74' lang='grc' dir='ltr'>φθορὰν</span> 
     </span>
    </p>
   </div>
   <div class='ocr_carea' id='block_1_93' title="bbox 2166 3460 3831 3541">
    <p class='ocr_par' dir='ltr' id='par_1_93' title="bbox 2166 3460 3831 3541">
     <span class='ocr_line' id='line_1_93' title="bbox 2166 3460 3831 3541; baseline -0.001 -22"><span class='ocrx_word' id='word_1_680' title='bbox 2166 3462 2455 3541; x_wconf 74' lang='grc' dir='ltr'>ἄφθαρτον,</span> <span class='ocrx_word' id='word_1_681' title='bbox 2511 3465 2538 3517; x_wconf 90' lang='grc' dir='ltr'>ὁ</span> <span class='ocrx_word' id='word_1_682' title='bbox 2590 3460 2646 3517; x_wconf 75' lang='grc' dir='ltr'><strong>δὲ</strong></span> <span class='ocrx_word' id='word_1_683' title='bbox 2696 3461 2972 3524; x_wconf 81' lang='grc' dir='ltr'>θεσπέσιος</span> <span class='ocrx_word' id='word_1_684' title='bbox 3035 3463 3283 3532; x_wconf 73' lang='grc' dir='ltr'>Ἰωάννης</span> <span class='ocrx_word' id='word_1_685' title='bbox 3343 3464 3462 3517; x_wconf 85' lang='grc' dir='ltr'>καθ’</span> <span class='ocrx_word' id='word_1_686' title='bbox 3517 3463 3704 3537; x_wconf 69' lang='grc' dir='ltr'>ἑτέραν</span> <span class='ocrx_word' id='word_1_687' title='bbox 3749 3482 3762 3493; x_wconf 87' lang='grc'><strong>·</strong></span> <span class='ocrx_word' id='word_1_688' title='bbox 3801 3465 3831 3518; x_wconf 88' lang='lat'><strong>6</strong></span> 
     </span>
    </p>
   </div>
   <div class='ocr_carea' id='block_1_94' title="bbox 2168 3549 3832 3629">
    <p class='ocr_par' dir='ltr' id='par_1_94' title="bbox 2168 3549 3832 3629">
     <span class='ocr_line' id='line_1_94' title="bbox 2168 3549 3832 3629; baseline -0.001 -21"><span class='ocrx_word' id='word_1_689' title='bbox 2168 3553 2262 3626; x_wconf 76' lang='grc' dir='ltr'>μὲν</span> <span class='ocrx_word' id='word_1_690' title='bbox 2316 3555 2418 3628; x_wconf 79' lang='grc' dir='ltr'>γὰρ</span> <span class='ocrx_word' id='word_1_691' title='bbox 2477 3555 2573 3623; x_wconf 74' lang='grc' dir='ltr'>τήν</span> <span class='ocrx_word' id='word_1_692' title='bbox 2621 3552 2820 3628; x_wconf 71' lang='grc' dir='ltr'>φθορὰν</span> <span class='ocrx_word' id='word_1_693' title='bbox 2880 3549 3150 3629; x_wconf 77' lang='grc' dir='ltr'>ἄφθαρτον</span> <span class='ocrx_word' id='word_1_694' title='bbox 3203 3552 3348 3607; x_wconf 79' lang='grc' dir='ltr'>εἶπεν</span> <span class='ocrx_word' id='word_1_695' title='bbox 3408 3551 3526 3606; x_wconf 74' lang='grc' dir='ltr'>ἀντὶ</span> <span class='ocrx_word' id='word_1_696' title='bbox 3584 3549 3684 3608; x_wconf 74' lang='grc' dir='ltr'>τοῦ</span> <span class='ocrx_word' id='word_1_697' title='bbox 3742 3550 3832 3606; x_wconf 75' lang='grc' dir='ltr'>δι-</span> 
     </span>
    </p>
   </div>
   <div class='ocr_carea' id='block_1_95' title="bbox 2167 3639 3830 3715">
    <p class='ocr_par' dir='ltr' id='par_1_95' title="bbox 2167 3639 3830 3715">
     <span class='ocr_line' id='line_1_95' title="bbox 2167 3639 3830 3715; baseline -0.001 -18"><span class='ocrx_word' id='word_1_698' title='bbox 2167 3643 2526 3712; x_wconf 79' lang='grc' dir='ltr'>αιωνῖζουσαν</span> <span class='ocrx_word' id='word_1_699' title='bbox 2557 3642 2647 3696; x_wconf 76' lang='grc' dir='ltr'>καὶ</span> <span class='ocrx_word' id='word_1_700' title='bbox 2681 3639 2768 3695; x_wconf 71' lang='grc' dir='ltr'>διὰ</span> <span class='ocrx_word' id='word_1_701' title='bbox 2800 3643 3002 3705; x_wconf 81' lang='grc' dir='ltr'>παντὸς</span> <span class='ocrx_word' id='word_1_702' title='bbox 3029 3641 3345 3715; x_wconf 74' lang='grc' dir='ltr'>γινομένην,</span> <span class='ocrx_word' id='word_1_703' title='bbox 3381 3643 3507 3714; x_wconf 79' lang='lat'><strong>[896</strong></span> <span class='ocrx_word' id='word_1_704' title='bbox 3551 3644 3645 3714; x_wconf 57' lang='grc'><strong>3.]</strong></span> <span class='ocrx_word' id='word_1_705' title='bbox 3695 3644 3723 3695; x_wconf 87' lang='lat'><strong>6</strong></span> <span class='ocrx_word' id='word_1_706' title='bbox 3770 3639 3830 3696; x_wconf 71' lang='grc' dir='ltr'><strong>δὲ</strong></span> 
     </span>
    </p>
   </div>
   <div class='ocr_carea' id='block_1_96' title="bbox 2161 3729 3832 3808">
    <p class='ocr_par' dir='ltr' id='par_1_96' title="bbox 2161 3729 3832 3808">
     <span class='ocr_line' id='line_1_96' title="bbox 2161 3729 3832 3808; baseline -0.001 -22"><span class='ocrx_word' id='word_1_707' title='bbox 2161 3733 2260 3801; x_wconf 78' lang='grc' dir='ltr'>τήν</span> <span class='ocrx_word' id='word_1_708' title='bbox 2321 3733 2522 3808; x_wconf 78' lang='grc' dir='ltr'>φθορὰν</span> <span class='ocrx_word' id='word_1_709' title='bbox 2583 3729 2850 3808; x_wconf 80' lang='grc' dir='ltr'>ἄφθαρτον</span> <span class='ocrx_word' id='word_1_710' title='bbox 2897 3737 2974 3804; x_wconf 79' lang='grc' dir='ltr'>μή</span> <span class='ocrx_word' id='word_1_711' title='bbox 3025 3731 3182 3803; x_wconf 80' lang='grc' dir='ltr'>εἶναι,</span> <span class='ocrx_word' id='word_1_712' title='bbox 3209 3732 3457 3787; x_wconf 77' lang='grc' dir='ltr'>τουτέστι</span> <span class='ocrx_word' id='word_1_713' title='bbox 3489 3733 3534 3767; x_wconf 73' lang='grc' dir='ltr'><strong>ί³</strong></span> <span class='ocrx_word' id='word_1_714' title='bbox 3569 3729 3832 3804; x_wconf 69' lang='grc' dir='ltr'>μὴδύνα-</span> 
     </span>
    </p>
   </div>
   <div class='ocr_carea' id='block_1_97' title="bbox 2166 3819 3828 3898">
    <p class='ocr_par' dir='ltr' id='par_1_97' title="bbox 2166 3819 3828 3898">
     <span class='ocr_line' id='line_1_97' title="bbox 2166 3819 3828 3898; baseline -0.002 -21"><span class='ocrx_word' id='word_1_715' title='bbox 2166 3824 2284 3877; x_wconf 89' lang='grc' dir='ltr'>σθαι</span> <span class='ocrx_word' id='word_1_716' title='bbox 2322 3824 2420 3891; x_wconf 76' lang='grc' dir='ltr'><strong>την</strong></span> <span class='ocrx_word' id='word_1_717' title='bbox 2474 3820 2675 3898; x_wconf 74' lang='grc' dir='ltr'>φθορὰν</span> <span class='ocrx_word' id='word_1_718' title='bbox 2723 3819 2982 3875; x_wconf 81' lang='grc' dir='ltr'>ἀπάθειαν</span> <span class='ocrx_word' id='word_1_719' title='bbox 3037 3819 3173 3875; x_wconf 79' lang='grc' dir='ltr'>εἶναι</span> <span class='ocrx_word' id='word_1_720' title='bbox 3216 3822 3305 3876; x_wconf 76' lang='grc' dir='ltr'><strong>καὶ</strong></span> <span class='ocrx_word' id='word_1_721' title='bbox 3361 3821 3664 3895; x_wconf 77' lang='grc' dir='ltr'>ἀφθαρσίαν</span> <span class='ocrx_word' id='word_1_722' title='bbox 3734 3821 3828 3875; x_wconf 79' lang='grc' dir='ltr'><strong>καὶ</strong></span> 
     </span>
    </p>
   </div>
   <div class='ocr_carea' id='block_1_98' title="bbox 2165 3909 3826 3985">
    <p class='ocr_par' dir='ltr' id='par_1_98' title="bbox 2165 3909 3826 3985">
     <span class='ocr_line' id='line_1_98' title="bbox 2165 3909 3826 3985; baseline -0.001 -20"><span class='ocrx_word' id='word_1_723' title='bbox 2165 3912 2435 3979; x_wconf 80' lang='grc' dir='ltr'>σωστικὴν</span> <span class='ocrx_word' id='word_1_724' title='bbox 2461 3915 2569 3965; x_wconf 80' lang='grc' dir='ltr'><strong>τῶν</strong></span> <span class='ocrx_word' id='word_1_725' title='bbox 2617 3909 2994 3982; x_wconf 65' lang='grc' dir='ltr'>ὑποκειμέθων</span> <span class='ocrx_word' id='word_1_726' title='bbox 3035 3911 3099 3968; x_wconf 67' lang='grc'><strong>³⁸.</strong></span> <span class='ocrx_word' id='word_1_727' title='bbox 3153 3909 3313 3965; x_wconf 85' lang='grc' dir='ltr'>Ἀλλ’</span> <span class='ocrx_word' id='word_1_728' title='bbox 3345 3911 3520 3970; x_wconf 66' lang='grc' dir='ltr'>οὕτως</span> <span class='ocrx_word' id='word_1_729' title='bbox 3583 3909 3826 3985; x_wconf 75' lang='grc' dir='ltr'>ἐχούσης</span> 
     </span>
    </p>
   </div>
   <div class='ocr_carea' id='block_1_99' title="bbox 2164 3997 3826 4075">
    <p class='ocr_par' dir='ltr' id='par_1_99' title="bbox 2164 3997 3826 4075">
     <span class='ocr_line' id='line_1_99' title="bbox 2164 3997 3826 4075; baseline -0.001 -19"><span class='ocrx_word' id='word_1_730' title='bbox 2164 4002 2417 4075; x_wconf 69' lang='grc' dir='ltr'>ἑκατέρας</span> <span class='ocrx_word' id='word_1_731' title='bbox 2464 3997 2722 4071; x_wconf 79' lang='grc' dir='ltr'>διανοίας,</span> <span class='ocrx_word' id='word_1_732' title='bbox 2777 3999 2803 4054; x_wconf 87' lang='lat'><strong>6</strong></span> <span class='ocrx_word' id='word_1_733' title='bbox 2847 4001 3027 4074; x_wconf 76' lang='grc' dir='ltr'>πατὴρ</span> <span class='ocrx_word' id='word_1_734' title='bbox 3079 4001 3179 4064; x_wconf 77' lang='grc' dir='ltr'>τῆς</span> <span class='ocrx_word' id='word_1_735' title='bbox 3222 3999 3501 4073; x_wconf 67' lang='grc' dir='ltr'>παρούσης</span> <span class='ocrx_word' id='word_1_736' title='bbox 3575 3997 3826 4068; x_wconf 75' lang='grc' dir='ltr'>σπουδῆς</span> 
     </span>
    </p>
   </div>
   <div class='ocr_carea' id='block_1_100' title="bbox 2165 4082 3828 4166">
    <p class='ocr_par' dir='ltr' id='par_1_100' title="bbox 2165 4082 3828 4166">
     <span class='ocr_line' id='line_1_100' title="bbox 2165 4082 3828 4166; baseline -0.002 -21"><span class='ocrx_word' id='word_1_737' title='bbox 2165 4086 2424 4166; x_wconf 80' lang='grc' dir='ltr'>Γὸϐσρος,</span> <span class='ocrx_word' id='word_1_738' title='bbox 2465 4090 2563 4158; x_wconf 80' lang='grc' dir='ltr'>τὴν</span> <span class='ocrx_word' id='word_1_739' title='bbox 2600 4086 2858 4162; x_wconf 82' lang='grc' dir='ltr'>διάφορον</span> <span class='ocrx_word' id='word_1_740' title='bbox 2889 4082 3094 4142; x_wconf 78' lang='grc' dir='ltr'>ἔννοιαν</span> <span class='ocrx_word' id='word_1_741' title='bbox 3125 4087 3186 4142; x_wconf 83' lang='grc' dir='ltr'>οὐ</span> <span class='ocrx_word' id='word_1_742' title='bbox 3228 4087 3447 4154; x_wconf 77' lang='grc' dir='ltr'>συνιεὶς,</span> <span class='ocrx_word' id='word_1_743' title='bbox 3482 4088 3559 4149; x_wconf 85' lang='grc' dir='ltr'>ὡς</span> <span class='ocrx_word' id='word_1_744' title='bbox 3595 4091 3828 4143; x_wconf 77' lang='grc' dir='ltr'>ἀντικει-</span> 
     </span>
    </p>
   </div>
   <div class='ocr_carea' id='block_1_101' title="bbox 2167 4176 3824 4255">
    <p class='ocr_par' dir='ltr' id='par_1_101' title="bbox 2167 4176 3824 4255">
     <span class='ocr_line' id='line_1_101' title="bbox 2167 4176 3824 4255; baseline -0.003 -21"><span class='ocrx_word' id='word_1_745' title='bbox 2167 4180 2324 4253; x_wconf 83' lang='grc' dir='ltr'>μένας</span> <span class='ocrx_word' id='word_1_746' title='bbox 2354 4176 2630 4248; x_wconf 72' lang='grc' dir='ltr'>ἀλλήλαις</span> <span class='ocrx_word' id='word_1_747' title='bbox 2659 4177 2928 4251; x_wconf 78' lang='grc' dir='ltr'>παρέθηκε</span> <span class='ocrx_word' id='word_1_748' title='bbox 2951 4176 3045 4239; x_wconf 78' lang='grc' dir='ltr'><strong>τὰς</strong></span> <span class='ocrx_word' id='word_1_749' title='bbox 3079 4179 3366 4255; x_wconf 83' lang='grc' dir='ltr'>φωνάς.-</span> <span class='ocrx_word' id='word_1_750' title='bbox 3390 4179 3517 4233; x_wconf 69' lang='grc' dir='ltr'>’Ότι</span> <span class='ocrx_word' id='word_1_751' title='bbox 3544 4178 3574 4232; x_wconf 84' lang='lat'><strong>6</strong></span> <span class='ocrx_word' id='word_1_752' title='bbox 3595 4177 3824 4250; x_wconf 76' lang='grc' dir='ltr'>μέλλων</span> 
     </span>
    </p>
   </div>
   <div class='ocr_carea' id='block_1_102' title="bbox 2163 4262 3822 4343">
    <p class='ocr_par' dir='ltr' id='par_1_102' title="bbox 2163 4262 3822 4343">
     <span class='ocr_line' id='line_1_102' title="bbox 2163 4262 3822 4343; baseline -0.001 -20"><span class='ocrx_word' id='word_1_753' title='bbox 2163 4269 2295 4323; x_wconf 78' lang='grc' dir='ltr'>αἰὼν</span> <span class='ocrx_word' id='word_1_754' title='bbox 2329 4264 2524 4343; x_wconf 79' lang='grc' dir='ltr'>ὄγδοός</span> <span class='ocrx_word' id='word_1_755' title='bbox 2553 4265 2686 4321; x_wconf 83' lang='grc' dir='ltr'>ἐστι·</span> <span class='ocrx_word' id='word_1_756' title='bbox 2719 4266 2808 4320; x_wconf 78' lang='grc' dir='ltr'><strong>καὶ</strong></span> <span class='ocrx_word' id='word_1_757' title='bbox 2849 4266 2912 4320; x_wconf 83' lang='grc' dir='ltr'>τὸ</span> <span class='ocrx_word' id='word_1_758' title='bbox 2944 4265 3333 4340; x_wconf 80' lang='grc' dir='ltr'>ἀντικείμενον,</span> <span class='ocrx_word' id='word_1_759' title='bbox 3369 4266 3444 4328; x_wconf 85' lang='grc' dir='ltr'><strong>ὡς</strong></span> <span class='ocrx_word' id='word_1_760' title='bbox 3475 4267 3578 4320; x_wconf 74' lang='grc' dir='ltr'><strong>οὐκ</strong></span> <span class='ocrx_word' id='word_1_761' title='bbox 3605 4262 3822 4341; x_wconf 72' lang='grc' dir='ltr'>ὄγδοος,</span> 
     </span>
    </p>
   </div>
   <div class='ocr_carea' id='block_1_103' title="bbox 2166 4355 3821 4429">
    <p class='ocr_par' dir='ltr' id='par_1_103' title="bbox 2166 4355 3821 4429">
     <span class='ocr_line' id='line_1_103' title="bbox 2166 4355 3821 4429; baseline -0.002 -17"><span class='ocrx_word' id='word_1_762' title='bbox 2166 4355 2290 4413; x_wconf 84' lang='grc' dir='ltr'>ἀλλ’</span> <span class='ocrx_word' id='word_1_763' title='bbox 2323 4355 2729 4418; x_wconf 77' lang='grc' dir='ltr'>ἔνατος.-“Οτι</span> <span class='ocrx_word' id='word_1_764' title='bbox 2763 4355 2824 4409; x_wconf 88' lang='grc' dir='ltr'><strong>τὸ</strong></span> <span class='ocrx_word' id='word_1_765' title='bbox 2857 4359 2951 4409; x_wconf 78' lang='grc' dir='ltr'><strong>τοῦ</strong></span> <span class='ocrx_word' id='word_1_766' title='bbox 2986 4360 3246 4429; x_wconf 85' lang='grc' dir='ltr'>Σωτῆρος</span> <span class='ocrx_word' id='word_1_767' title='bbox 3274 4357 3434 4428; x_wconf 73' lang='grc' dir='ltr'>ἡμῶν</span> <span class='ocrx_word' id='word_1_768' title='bbox 3469 4357 3655 4424; x_wconf 78' lang='grc' dir='ltr'><strong>Ἰησοῦ</strong></span> <span class='ocrx_word' id='word_1_769' title='bbox 3679 4356 3821 4428; x_wconf 81' lang='grc' dir='ltr'>Χρι-</span> 
     </span>
    </p>
   </div>
   <div class='ocr_carea' id='block_1_104' title="bbox 2085 4442 3824 4552">
    <p class='ocr_par' dir='ltr' id='par_1_104' title="bbox 2085 4442 3824 4552">
     <span class='ocr_line' id='line_1_104' title="bbox 2085 4442 3824 4552; baseline -0.002 -51"><span class='ocrx_word' id='word_1_770' title='bbox 2085 4488 2131 4552; x_wconf 82' lang='lat' dir='ltr'><strong>D</strong></span> <span class='ocrx_word' id='word_1_771' title='bbox 2166 4450 2294 4503; x_wconf 82' lang='grc' dir='ltr'>στοῦ</span> <span class='ocrx_word' id='word_1_772' title='bbox 2344 4451 2503 4518; x_wconf 78' lang='grc' dir='ltr'>σῶμα</span> <span class='ocrx_word' id='word_1_773' title='bbox 2557 4442 2890 4519; x_wconf 76' lang='grc' dir='ltr'>λεπτομερὲς</span> <span class='ocrx_word' id='word_1_774' title='bbox 2942 4443 3074 4516; x_wconf 86' lang='grc' dir='ltr'>μετᾶ</span> <span class='ocrx_word' id='word_1_775' title='bbox 3121 4445 3219 4513; x_wconf 73' lang='grc' dir='ltr'>τὴν</span> <span class='ocrx_word' id='word_1_776' title='bbox 3280 4444 3570 4498; x_wconf 73' lang='grc' dir='ltr'>ἀνάστασιν</span> <span class='ocrx_word' id='word_1_777' title='bbox 3633 4444 3824 4518; x_wconf 74' lang='grc' dir='ltr'>γέγονε</span> 
     </span>
     <span class='ocr_line' id='line_1_105' title="bbox 2234 4531 3810 4552; baseline -0.001 -1"><span class='ocrx_word' id='word_1_778' title='bbox 2234 4537 2248 4552; x_wconf 81' lang='lat'><strong>.</strong></span> <span class='ocrx_word' id='word_1_779' title='bbox 2606 4535 2618 4550; x_wconf 87' lang='lat'><strong>.</strong></span> <span class='ocrx_word' id='word_1_780' title='bbox 2778 4535 2791 4552; x_wconf 66' lang='grc' dir='ltr'><strong>ι</strong></span> <span class='ocrx_word' id='word_1_781' title='bbox 2877 4533 2891 4552; x_wconf 79' lang='grc'><em>,</em></span> <span class='ocrx_word' id='word_1_782' title='bbox 2954 4535 2964 4552; x_wconf 84' lang='grc'>,</span> <span class='ocrx_word' id='word_1_783' title='bbox 3209 4534 3223 4552; x_wconf 81' lang='lat'><strong>.</strong></span> <span class='ocrx_word' id='word_1_784' title='bbox 3345 4533 3368 4545; x_wconf 62' lang='grc' dir='ltr'><strong>ι</strong></span> <span class='ocrx_word' id='word_1_785' title='bbox 3594 4533 3608 4550; x_wconf 81' lang='lat'><strong>.</strong></span> <span class='ocrx_word' id='word_1_786' title='bbox 3768 4531 3810 4552; x_wconf 50' lang='grc' dir='ltr'><strong>μ,</strong></span> 
     </span>
    </p>
   </div>
   <div class='ocr_carea' id='block_1_105' title="bbox 2161 4531 3819 4611">
    <p class='ocr_par' dir='ltr' id='par_1_105' title="bbox 2161 4531 3819 4611">
     <span class='ocr_line' id='line_1_106' title="bbox 2161 4531 3819 4611; baseline -0.004 -19"><span class='ocrx_word' id='word_1_787' title='bbox 2161 4537 2251 4592; x_wconf 83' lang='grc' dir='ltr'><strong>καὶ</strong></span> <span class='ocrx_word' id='word_1_788' title='bbox 2298 4535 2657 4610; x_wconf 87' lang='grc' dir='ltr'>πνευματικὸν</span> <span class='ocrx_word' id='word_1_789' title='bbox 2704 4535 2794 4589; x_wconf 81' lang='grc' dir='ltr'><strong>καὶ</strong></span> <span class='ocrx_word' id='word_1_790' title='bbox 2837 4533 3086 4608; x_wconf 74' lang='grc' dir='ltr'>οὐράνιον</span> <span class='ocrx_word' id='word_1_791' title='bbox 3137 4534 3224 4590; x_wconf 84' lang='grc' dir='ltr'><strong>καὶ</strong></span> <span class='ocrx_word' id='word_1_792' title='bbox 3271 4533 3471 4611; x_wconf 77' lang='grc' dir='ltr'>κοῦφον</span> <span class='ocrx_word' id='word_1_793' title='bbox 3518 4533 3609 4588; x_wconf 83' lang='grc' dir='ltr'>καί</span> <span class='ocrx_word' id='word_1_794' title='bbox 3675 4531 3819 4604; x_wconf 73' lang='grc' dir='ltr'>μηδὲ</span> 
     </span>
    </p>
   </div>
   <div class='ocr_carea' id='block_1_106' title="bbox 2167 4621 3810 4703">
    <p class='ocr_par' dir='ltr' id='par_1_106' title="bbox 2167 4621 3810 4703">
     <span class='ocr_line' id='line_1_107' title="bbox 2167 4621 3810 4703; baseline -0.004 -22"><span class='ocrx_word' id='word_1_795' title='bbox 2167 4627 2478 4682; x_wconf 83' lang='grc' dir='ltr'>ὑποπίπτον</span> <span class='ocrx_word' id='word_1_796' title='bbox 2509 4626 2642 4703; x_wconf 76' lang='grc' dir='ltr'>ἀφῇ,</span> <span class='ocrx_word' id='word_1_797' title='bbox 2671 4622 2760 4679; x_wconf 56' lang='grc' dir='ltr'><strong>καἲ</strong></span> <span class='ocrx_word' id='word_1_798' title='bbox 2792 4621 2884 4678; x_wconf 76' lang='grc' dir='ltr'><strong>διὰ</strong></span> <span class='ocrx_word' id='word_1_799' title='bbox 2907 4627 3072 4678; x_wconf 79' lang='grc' dir='ltr'>τοῦτυ</span> <span class='ocrx_word' id='word_1_800' title='bbox 3109 4623 3201 4678; x_wconf 85' lang='grc' dir='ltr'><strong>καὶ</strong></span> <span class='ocrx_word' id='word_1_801' title='bbox 3235 4625 3277 4660; x_wconf 79' lang='grc'>¹⁸</span> <span class='ocrx_word' id='word_1_802' title='bbox 3317 4627 3422 4678; x_wconf 78' lang='grc' dir='ltr'>τῶν</span> <span class='ocrx_word' id='word_1_803' title='bbox 3475 4623 3649 4693; x_wconf 75' lang='grc' dir='ltr'>θυρῶν</span> <span class='ocrx_word' id='word_1_804' title='bbox 3698 4621 3810 4674; x_wconf 82' lang='grc' dir='ltr'>εἷσ-</span> 
     </span>
    </p>
   </div>
   <div class='ocr_carea' id='block_1_107' title="bbox 2162 4711 3812 4786">
    <p class='ocr_par' dir='ltr' id='par_1_107' title="bbox 2162 4711 3812 4786">
     <span class='ocr_line' id='line_1_108' title="bbox 2162 4711 3812 4786; baseline -0.004 -15"><span class='ocrx_word' id='word_1_805' title='bbox 2162 4716 2301 4785; x_wconf 81' lang='grc' dir='ltr'>ῆλθε</span> <span class='ocrx_word' id='word_1_806' title='bbox 2337 4712 2760 4786; x_wconf 84' lang='grc' dir='ltr'>κεκλεισμένων·</span> <span class='ocrx_word' id='word_1_807' title='bbox 2798 4713 2885 4768; x_wconf 76' lang='grc' dir='ltr'><strong>καὶ</strong></span> <span class='ocrx_word' id='word_1_808' title='bbox 2917 4713 2991 4777; x_wconf 86' lang='grc' dir='ltr'><strong>ὡς</strong></span> <span class='ocrx_word' id='word_1_809' title='bbox 3036 4713 3099 4768; x_wconf 86' lang='grc' dir='ltr'>τὸ</span> <span class='ocrx_word' id='word_1_810' title='bbox 3148 4713 3315 4768; x_wconf 85' lang='grc' dir='ltr'>ἁπτὸν</span> <span class='ocrx_word' id='word_1_811' title='bbox 3360 4711 3445 4766; x_wconf 75' lang='grc' dir='ltr'><strong>καὶ</strong></span> <span class='ocrx_word' id='word_1_812' title='bbox 3490 4711 3812 4782; x_wconf 61' lang='grc' dir='ltr'>παχυμερὲς</span> 
     </span>
    </p>
   </div>
   <div class='ocr_carea' id='block_1_108' title="bbox 2165 4797 3819 4879">
    <p class='ocr_par' dir='ltr' id='par_1_108' title="bbox 2165 4797 3819 4879">
     <span class='ocr_line' id='line_1_109' title="bbox 2165 4797 3819 4879; baseline -0.004 -19"><span class='ocrx_word' id='word_1_813' title='bbox 2165 4809 2324 4878; x_wconf 78' lang='grc' dir='ltr'>σῶμα</span> <span class='ocrx_word' id='word_1_814' title='bbox 2378 4800 2559 4879; x_wconf 75' lang='grc' dir='ltr'>ἕτερόν</span> <span class='ocrx_word' id='word_1_815' title='bbox 2610 4801 2721 4857; x_wconf 81' lang='grc' dir='ltr'>ἐστι</span> <span class='ocrx_word' id='word_1_816' title='bbox 2771 4802 2916 4877; x_wconf 84' lang='grc' dir='ltr'>παρὰ</span> <span class='ocrx_word' id='word_1_817' title='bbox 2962 4801 3026 4856; x_wconf 88' lang='grc' dir='ltr'>τὸ</span> <span class='ocrx_word' id='word_1_818' title='bbox 3077 4799 3432 4876; x_wconf 77' lang='grc' dir='ltr'>λεπτομερὲς,</span> <span class='ocrx_word' id='word_1_819' title='bbox 3471 4798 3564 4853; x_wconf 78' lang='grc' dir='ltr'><strong>καὶ</strong></span> <span class='ocrx_word' id='word_1_820' title='bbox 3604 4797 3819 4854; x_wconf 74' lang='grc' dir='ltr'>ἀντίτυ-</span> 
     </span>
    </p>
   </div>
   <div class='ocr_carea' id='block_1_109' title="bbox 2164 4887 3816 4970">
    <p class='ocr_par' dir='ltr' id='par_1_109' title="bbox 2164 4887 3816 4970">
     <span class='ocr_line' id='line_1_110' title="bbox 2164 4887 3816 4970; baseline -0.005 -20"><span class='ocrx_word' id='word_1_821' title='bbox 2164 4914 2285 4963; x_wconf 89' lang='grc' dir='ltr'>πον,</span> <span class='ocrx_word' id='word_1_822' title='bbox 2327 4893 2418 4947; x_wconf 84' lang='grc' dir='ltr'><strong>καὶ</strong></span> <span class='ocrx_word' id='word_1_823' title='bbox 2446 4891 2630 4954; x_wconf 81' lang='grc' dir='ltr'>οὐσίας</span> <span class='ocrx_word' id='word_1_824' title='bbox 2662 4888 2951 4970; x_wconf 80' lang='grc' dir='ltr'>διαφόρου.</span> <span class='ocrx_word' id='word_1_825' title='bbox 2985 4891 3084 4946; x_wconf 80' lang='grc' dir='ltr'><strong>Καὶ</strong></span> <span class='ocrx_word' id='word_1_826' title='bbox 3124 4895 3221 4946; x_wconf 75' lang='grc' dir='ltr'><strong>τοῦ</strong></span> <span class='ocrx_word' id='word_1_827' title='bbox 3263 4887 3558 4963; x_wconf 77' lang='grc' dir='ltr'>εἰρημένου</span> <span class='ocrx_word' id='word_1_828' title='bbox 3610 4888 3675 4942; x_wconf 81' lang='grc' dir='ltr'>τὸ</span> <span class='ocrx_word' id='word_1_829' title='bbox 3725 4889 3816 4942; x_wconf 76' lang='grc' dir='ltr'><strong>ἂν·</strong></span> 
     </span>
    </p>
   </div>
   <div class='ocr_carea' id='block_1_110' title="bbox 2162 4977 3814 5058">
    <p class='ocr_par' dir='ltr' id='par_1_110' title="bbox 2162 4977 3814 5058">
     <span class='ocr_line' id='line_1_111' title="bbox 2162 4977 3814 5058; baseline -0.005 -19"><span class='ocrx_word' id='word_1_830' title='bbox 2162 4981 2596 5058; x_wconf 77' lang='grc' dir='ltr'>τικείμενον,ὅτι</span> <span class='ocrx_word' id='word_1_831' title='bbox 2629 4981 2656 5035; x_wconf 88' lang='lat'><strong>6</strong></span> <span class='ocrx_word' id='word_1_832' title='bbox 2705 4979 2912 5054; x_wconf 81' lang='grc' dir='ltr'>Κύριος</span> <span class='ocrx_word' id='word_1_833' title='bbox 2943 4981 3106 5055; x_wconf 71' lang='grc' dir='ltr'>ἡμῶν</span> <span class='ocrx_word' id='word_1_834' title='bbox 3159 4980 3369 5050; x_wconf 77' lang='grc' dir='ltr'>Ἰησοῦς</span> <span class='ocrx_word' id='word_1_835' title='bbox 3417 4979 3446 5032; x_wconf 91' lang='lat'><strong>6</strong></span> <span class='ocrx_word' id='word_1_836' title='bbox 3484 4981 3528 5016; x_wconf 83' lang='grc'><strong>¹⁶</strong></span> <span class='ocrx_word' id='word_1_837' title='bbox 3588 4977 3814 5051; x_wconf 74' lang='grc' dir='ltr'>Χριστὸς</span> 
     </span>
    </p>
   </div>
   <div class='ocr_carea' id='block_1_111' title="bbox 2169 5063 3817 5148">
    <p class='ocr_par' dir='ltr' id='par_1_111' title="bbox 2169 5063 3817 5148">
     <span class='ocr_line' id='line_1_112' title="bbox 2169 5063 3817 5148; baseline -0.005 -19"><span class='ocrx_word' id='word_1_838' title='bbox 2169 5074 2304 5148; x_wconf 81' lang='grc' dir='ltr'>μετὰ</span> <span class='ocrx_word' id='word_1_839' title='bbox 2332 5075 2430 5141; x_wconf 75' lang='grc' dir='ltr'><strong>την</strong></span> <span class='ocrx_word' id='word_1_840' title='bbox 2473 5072 2758 5127; x_wconf 78' lang='grc' dir='ltr'>ἀνάστασιν</span> <span class='ocrx_word' id='word_1_841' title='bbox 2812 5067 2935 5125; x_wconf 77' lang='grc' dir='ltr'>οὕτε</span> <span class='ocrx_word' id='word_1_842' title='bbox 2982 5067 3250 5146; x_wconf 72' lang='grc' dir='ltr'>ἀνέπαφον</span> <span class='ocrx_word' id='word_1_843' title='bbox 3309 5063 3434 5123; x_wconf 69' lang='grc' dir='ltr'>οὔτε</span> <span class='ocrx_word' id='word_1_844' title='bbox 3483 5065 3817 5140; x_wconf 74' lang='grc' dir='ltr'>λεπτομερὲς</span> 
     </span>
    </p>
   </div>
   <div class='ocr_carea' id='block_1_112' title="bbox 2167 5149 3814 5233">
    <p class='ocr_par' dir='ltr' id='par_1_112' title="bbox 2167 5149 3814 5233">
     <span class='ocr_line' id='line_1_113' title="bbox 2167 5149 3814 5233; baseline -0.009 -15"><span class='ocrx_word' id='word_1_845' title='bbox 2167 5159 2291 5218; x_wconf 72' lang='grc' dir='ltr'>οὔτε</span> <span class='ocrx_word' id='word_1_846' title='bbox 2321 5158 2689 5233; x_wconf 87' lang='grc' dir='ltr'>πνευματικὸν</span> <span class='ocrx_word' id='word_1_847' title='bbox 2729 5156 2847 5232; x_wconf 83' lang='grc' dir='ltr'>εἶχε</span> <span class='ocrx_word' id='word_1_848' title='bbox 2893 5161 3074 5230; x_wconf 83' lang='grc' dir='ltr'>σῶμα,</span> <span class='ocrx_word' id='word_1_849' title='bbox 3106 5154 3241 5211; x_wconf 82' lang='grc' dir='ltr'>κατᾶ</span> <span class='ocrx_word' id='word_1_850' title='bbox 3278 5153 3723 5227; x_wconf 78' lang='grc' dir='ltr'>θαυματουργίαν</span> <span class='ocrx_word' id='word_1_851' title='bbox 3763 5149 3814 5205; x_wconf 75' lang='grc' dir='ltr'><strong>δὲ</strong></span> 
     </span>
    </p>
   </div>
   <div class='ocr_carea' id='block_1_113' title="bbox 2165 5239 3813 5324">
    <p class='ocr_par' dir='ltr' id='par_1_113' title="bbox 2165 5239 3813 5324">
     <span class='ocr_line' id='line_1_114' title="bbox 2165 5239 3813 5324; baseline -0.007 -17"><span class='ocrx_word' id='word_1_852' title='bbox 2165 5251 2255 5308; x_wconf 83' lang='grc' dir='ltr'>καὶ</span> <span class='ocrx_word' id='word_1_853' title='bbox 2287 5248 2348 5306; x_wconf 83' lang='grc' dir='ltr'>οὐ</span> <span class='ocrx_word' id='word_1_854' title='bbox 2379 5251 2448 5324; x_wconf 77' lang='grc' dir='ltr'><strong>τῇ</strong></span> <span class='ocrx_word' id='word_1_855' title='bbox 2472 5251 2570 5304; x_wconf 79' lang='grc' dir='ltr'><strong>τοῦ</strong></span> <span class='ocrx_word' id='word_1_856' title='bbox 2601 5247 2855 5321; x_wconf 81' lang='grc' dir='ltr'>σώματος</span> <span class='ocrx_word' id='word_1_857' title='bbox 2896 5247 3048 5323; x_wconf 77' lang='grc' dir='ltr'>φύσει</span> <span class='ocrx_word' id='word_1_858' title='bbox 3078 5249 3184 5301; x_wconf 82' lang='grc' dir='ltr'><strong>τῶν</strong></span> <span class='ocrx_word' id='word_1_859' title='bbox 3226 5247 3401 5318; x_wconf 81' lang='grc' dir='ltr'>θυρῶν</span> <span class='ocrx_word' id='word_1_860' title='bbox 3459 5239 3685 5316; x_wconf 76' lang='grc' dir='ltr'>εἷσῇλθε</span> <span class='ocrx_word' id='word_1_861' title='bbox 3732 5260 3813 5295; x_wconf 76' lang='grc' dir='ltr'><strong>γε·</strong></span> 
     </span>
    </p>
   </div>
   <div class='ocr_carea' id='block_1_114' title="bbox 1759 5485 2458 5546">
    <p class='ocr_par' dir='ltr' id='par_1_114' title="bbox 1759 5485 2458 5546">
     <span class='ocr_line' id='line_1_115' title="bbox 1759 5485 2458 5546; baseline 0.007 -7"><span class='ocrx_word' id='word_1_862' title='bbox 1759 5485 1998 5544; x_wconf 75' lang='lat' dir='ltr'><strong>VARI/E</strong></span> <span class='ocrx_word' id='word_1_863' title='bbox 2047 5487 2347 5546; x_wconf 85' lang='lat' dir='ltr'><strong>LECTION</strong></span> <span class='ocrx_word' id='word_1_864' title='bbox 2357 5487 2458 5544; x_wconf 87' lang='lat' dir='ltr'><strong>ES.</strong></span> 
     </span>
    </p>
   </div>
   <div class='ocr_carea' id='block_1_115' title="bbox 480 5592 1400 5657">
    <p class='ocr_par' dir='ltr' id='par_1_115' title="bbox 480 5592 1400 5657">
     <span class='ocr_line' id='line_1_116' title="bbox 480 5592 1400 5657; baseline 0.007 -14"><span class='ocrx_word' id='word_1_865' title='bbox 480 5592 525 5626; x_wconf 73' lang='grc' dir='ltr'><strong>ὀ</strong></span> <span class='ocrx_word' id='word_1_866' title='bbox 557 5594 658 5657; x_wconf 75' lang='grc' dir='ltr'><strong>τῆς</strong></span> <span class='ocrx_word' id='word_1_867' title='bbox 689 5607 804 5646; x_wconf 91' lang='lat' dir='ltr'><strong>om.</strong></span> <span class='ocrx_word' id='word_1_868' title='bbox 841 5595 906 5648; x_wconf 88' lang='lat' dir='ltr'><strong>A.</strong></span> <span class='ocrx_word' id='word_1_869' title='bbox 988 5598 1031 5632; x_wconf 77' lang='grc' dir='ltr'>¹ί</span> <span class='ocrx_word' id='word_1_870' title='bbox 1065 5595 1149 5648; x_wconf 82' lang='grc' dir='ltr'><strong>καὶ</strong></span> <span class='ocrx_word' id='word_1_871' title='bbox 1185 5612 1301 5651; x_wconf 92' lang='lat' dir='ltr'><strong>om.</strong></span> <span class='ocrx_word' id='word_1_872' title='bbox 1339 5595 1400 5649; x_wconf 87' lang='grc' dir='ltr'><strong>Β.</strong></span> 
     </span>
    </p>
   </div>
   <div class='ocr_carea' id='block_1_116' title="bbox 1481 5590 2351 5654">
    <p class='ocr_par' dir='ltr' id='par_1_116' title="bbox 1481 5590 2351 5654">
     <span class='ocr_line' id='line_1_117' title="bbox 1481 5590 2351 5654; baseline 0.007 -10"><span class='ocrx_word' id='word_1_873' title='bbox 1481 5591 1526 5628; x_wconf 77' lang='grc'>¹²</span> <span class='ocrx_word' id='word_1_874' title='bbox 1560 5590 1671 5646; x_wconf 79' lang='grc' dir='ltr'>εἶτα</span> <span class='ocrx_word' id='word_1_875' title='bbox 1702 5597 1794 5646; x_wconf 83' lang='grc' dir='ltr'><strong>καῖ</strong></span> <span class='ocrx_word' id='word_1_876' title='bbox 1821 5591 1902 5648; x_wconf 80' lang='grc' dir='ltr'>ὅτι</span> <span class='ocrx_word' id='word_1_877' title='bbox 1932 5601 1971 5648; x_wconf 75' lang='grc' dir='ltr'><strong>Δ</strong></span> <span class='ocrx_word' id='word_1_878' title='bbox 2004 5613 2017 5650; x_wconf 89' lang='lat'><strong>:</strong></span> <span class='ocrx_word' id='word_1_879' title='bbox 2053 5595 2228 5650; x_wconf 85' lang='grc' dir='ltr'>καίτοι</span> <span class='ocrx_word' id='word_1_880' title='bbox 2271 5593 2351 5654; x_wconf 65' lang='grc' dir='ltr'><strong>ί..</strong></span> 
     </span>
    </p>
   </div>
   <div class='ocr_carea' id='block_1_117' title="bbox 2431 5586 3812 5648">
    <p class='ocr_par' dir='ltr' id='par_1_117' title="bbox 2431 5586 3812 5648">
     <span class='ocr_line' id='line_1_118' title="bbox 2431 5586 3812 5648; baseline -0.004 0"><span class='ocrx_word' id='word_1_881' title='bbox 2431 5591 2477 5627; x_wconf 72' lang='grc'><strong>1³</strong></span> <span class='ocrx_word' id='word_1_882' title='bbox 2507 5599 2637 5648; x_wconf 88' lang='lat' dir='ltr'><strong>ante</strong></span> <span class='ocrx_word' id='word_1_883' title='bbox 2667 5590 2908 5645; x_wconf 78' lang='grc' dir='ltr'>τουτέστι</span> <span class='ocrx_word' id='word_1_884' title='bbox 2941 5608 3072 5647; x_wconf 84' lang='lat' dir='ltr'><strong>cum</strong></span> <span class='ocrx_word' id='word_1_885' title='bbox 3115 5591 3154 5644; x_wconf 88' lang='grc' dir='ltr'>Β</span> <span class='ocrx_word' id='word_1_886' title='bbox 3201 5588 3374 5645; x_wconf 86' lang='lat' dir='ltr'><strong>omisi</strong></span> <span class='ocrx_word' id='word_1_887' title='bbox 3423 5586 3548 5642; x_wconf 72' lang='lat' dir='ltr'><strong>haec</strong></span> <span class='ocrx_word' id='word_1_888' title='bbox 3603 5603 3616 5641; x_wconf 91' lang='lat'><strong>:</strong></span> <span class='ocrx_word' id='word_1_889' title='bbox 3656 5605 3812 5642; x_wconf 80' lang='grc' dir='ltr'>τουτο</span> 
     </span>
    </p>
   </div>
   <div class='ocr_carea' id='block_1_118' title="bbox 408 5655 3808 5743">
    <p class='ocr_par' dir='ltr' id='par_1_118' title="bbox 408 5655 3808 5743">
     <span class='ocr_line' id='line_1_119' title="bbox 408 5655 3808 5743; baseline -0.001 -27"><span class='ocrx_word' id='word_1_890' title='bbox 408 5660 522 5743; x_wconf 53' lang='grc' dir='ltr'>ἐστι</span> <span class='ocrx_word' id='word_1_891' title='bbox 674 5659 920 5743; x_wconf 68' lang='grc' dir='ltr'>δύνασθαι</span> <span class='ocrx_word' id='word_1_892' title='bbox 954 5665 1052 5733; x_wconf 65' lang='grc' dir='ltr'>τήν</span> <span class='ocrx_word' id='word_1_893' title='bbox 1086 5667 1286 5743; x_wconf 73' lang='grc' dir='ltr'>φθορὰν</span> <span class='ocrx_word' id='word_1_894' title='bbox 1331 5663 1598 5740; x_wconf 78' lang='grc' dir='ltr'>ἄφθαρτον</span> <span class='ocrx_word' id='word_1_895' title='bbox 1631 5665 1706 5736; x_wconf 85' lang='grc' dir='ltr'><strong>μή</strong></span> <span class='ocrx_word' id='word_1_896' title='bbox 1742 5664 1897 5723; x_wconf 80' lang='grc' dir='ltr'>εἶναι.</span> <span class='ocrx_word' id='word_1_897' title='bbox 1977 5668 2021 5702; x_wconf 71' lang='grc'>¹⁴</span> <span class='ocrx_word' id='word_1_898' title='bbox 2055 5655 2422 5740; x_wconf 71' lang='grc' dir='ltr'>ὑποκειμένων</span> <span class='ocrx_word' id='word_1_899' title='bbox 2465 5664 2737 5718; x_wconf 69' lang='grc' dir='ltr'>ἂπάθειαν.</span> <span class='ocrx_word' id='word_1_900' title='bbox 2778 5661 2936 5718; x_wconf 86' lang='grc' dir='ltr'>Ἀλλ’</span> <span class='ocrx_word' id='word_1_901' title='bbox 3133 5663 3176 5699; x_wconf 71' lang='grc' dir='ltr'><strong>¹ί³</strong></span> <span class='ocrx_word' id='word_1_902' title='bbox 3223 5661 3311 5715; x_wconf 75' lang='grc' dir='ltr'><strong>καὶ</strong></span> <span class='ocrx_word' id='word_1_903' title='bbox 3366 5670 3494 5716; x_wconf 83' lang='lat' dir='ltr'><strong>ante</strong></span> <span class='ocrx_word' id='word_1_904' title='bbox 3545 5663 3656 5712; x_wconf 77' lang='grc' dir='ltr'>τῶν</span> <span class='ocrx_word' id='word_1_905' title='bbox 3695 5677 3808 5716; x_wconf 91' lang='lat' dir='ltr'><strong>om.</strong></span> 
     </span>
    </p>
   </div>
   <div class='ocr_carea' id='block_1_119' title="bbox 409 5733 909 5796">
    <p class='ocr_par' dir='ltr' id='par_1_119' title="bbox 409 5733 909 5796">
     <span class='ocr_line' id='line_1_120' title="bbox 409 5733 909 5796; baseline 0.004 -8"><span class='ocrx_word' id='word_1_906' title='bbox 409 5741 470 5796; x_wconf 86' lang='grc' dir='ltr'><strong>Β.</strong></span> <span class='ocrx_word' id='word_1_907' title='bbox 548 5733 592 5770; x_wconf 81' lang='grc'><strong>¹⁶</strong></span> <span class='ocrx_word' id='word_1_908' title='bbox 622 5733 649 5785; x_wconf 86' lang='grc' dir='ltr'>ὁ</span> <span class='ocrx_word' id='word_1_909' title='bbox 682 5733 816 5791; x_wconf 86' lang='lat' dir='ltr'><strong>add.</strong></span> <span class='ocrx_word' id='word_1_910' title='bbox 849 5743 909 5790; x_wconf 78' lang='grc' dir='ltr'><strong>Δ.</strong></span> 
     </span>
    </p>
   </div>
  </div>
