4138 6228
285 317 440 379 1097

1379 275 1918 372 BIBLIOTHiL‘CA.
1967 341 2044 355 —
2086 308 2262 372 con.
2309 311 2652 373 CCXXXII.

3545 313 3694 376 1098

281 449 645 524 κλεισμένων.
678 477 744 489 --
774 446 898 503 Ὅτι
930 445 959 500 6
991 443 1222 519 Χριστὸς
1253 445 1356 500 οὐκ
1379 443 1604 498 ἀπέθετο
1635 445 1734 512 τήν
1767 445 1936 517 σάρκα

2059 463 2177 518 quae
2207 447 2264 502 in
2299 449 2585 519 negando,
2607 451 2798 504 carnis
2821 463 2995 505 unam
3029 455 3296 508 naturam
3328 468 3475 523 esse,
3499 453 3697 524 impu-

290 541 426 612 μετᾶ
455 541 556 608 τήν
605 538 915 604 ἀνάστασιν,
950 531 1096 589 ἀλλὰ
1149 535 1284 606 μετά
1312 541 1412 603 τῆς
1463 535 1656 608 σαρκὸς
1689 533 1739 588 έν
1793 532 1936 604 δεξιᾷ

288 630 570 698 καθέζεται
603 631 698 683 τοῦ
747 625 959 700 Πατρός
993 641 1006 653 ·
1047 623 1140 678 καὶ
1198 623 1255 677 ἐκ
1292 628 1390 678 τοῦ
1437 622 1828 692 ἀντικειμένου,
1861 623 1936 684 ὡς

289 717 568 774 ἐλεύσεται
621 720 747 790 [473
941 715 1034 786 μὲν
1086 718 1268 787 κρῖναι
1309 718 1508 780 ζῶντας
1556 715 1645 766 καὶ
1695 713 1938 784 νεκροὺς,

291 806 473 863 οὐκέτι
507 805 564 861 δὲ
617 806 788 879 σάρκα
819 799 990 879 ἔχων,
1043 801 1189 859 ἀλλὰ
1221 799 1611 874 θεοειδέστερον
1661 806 1840 874 σῶμα.
1873 833 1943 846 --

291 901 412 955 ’Ότι
445 895 506 951 οῦ
542 896 676 969 μετὰ
705 895 921 968 σαρκὸς,
945 891 1092 948 ἀλλὰ
1113 896 1294 969 γυμνῇ
1325 895 1392 965 τῇ
1425 892 1641 962 θεότητι
1673 893 1810 946 κατὰ
1838 893 1937 961 τήν

291 984 540 1060 δευτέραν
595 982 891 1058 παρουσίαν
952 983 982 1036 6
1039 989 1312 1050 Δεσπότης
1366 979 1735 1056 παραγίνεται.
1769 985 1938 1035 Τοῦτο

295 1073 350 1130 δέ
377 1075 600 1148 θέμενος
631 1075 658 1128 ὁ
705 1067 948 1146 Γόϐαρος
979 1070 1053 1132 εἶς
1097 1070 1416 1150 κεφάλαιον,
1447 1072 1536 1124 καὶ
1569 1074 1795 1145 χρήσεις
1835 1091 1941 1124 πα-

292 1163 546 1237 ραγαγὼν
602 1163 764 1216 Τίτου
835 1160 1135 1214 ἐπισκόπου
1194 1161 1464 1230 Βόστρων,
1525 1159 1718 1234 μυρίας
1794 1157 1937 1234 ἔχων

289 1252 470 1327 ἑτέρας
509 1255 830 1326 συναγαγεῖν
874 1248 932 1303 αἳ
961 1251 1418 1319 κατασκευάζουσι
1447 1251 1510 1304 τὸ
1563 1251 1638 1321 μή
1672 1249 1714 1285 ¹⁷
1759 1251 1937 1322 γυμνῇ

287 1348 358 1416 τῇ
391 1341 604 1411 θεότητι
655 1338 1050 1414 παραγενέσθαι
1101 1339 1192 1393 τὸν
1228 1339 1502 1409 Δεσπότην
1554 1339 1806 1412 Χριστὸν,
1837 1337 1943 1391 πά-

291 1451 387 1491 σας
433 1436 646 1505 παρῆκε
698 1429 784 1482 καὶ
837 1426 1098 1500 οὐδεμιᾶς
1157 1425 1426 1501 ἐμνήσθη,
1477 1431 1756 1501 πανταχοῦ
1804 1447 1938 1500 προ-

290 1516 550 1590 πηδῶσαν
585 1517 750 1572 αὑτοῦ
793 1522 892 1586 τῆς
934 1520 1124 1594 ψυχῆς
1174 1514 1476 1577 ἐπιδεικνὺς
1525 1518 1625 1586 τὴν
1675 1511 1940 1584 ἀσέϐειαν,

289 1609 325 1678 ἥ
351 1629 436 1669 τις
479 1607 530 1662 έν
559 1609 626 1680 τῇ
657 1607 954 1680 ἆπαρνήσει
987 1608 1086 1674 τῆς
1137 1606 1332 1680 σαρκὸς
1367 1606 1493 1678 μίαν
1540 1604 1696 1682 φύσιν
1730 1602 1941 1682 δογμα-

291 1699 458 1768 τίζειν
490 1693 920 1752 ἀναιδεύεται.-
954 1699 1074 1750 Ὅτι
1104 1696 1164 1749 τὸ
1203 1694 1404 1757 ἀπαθὲς
1437 1696 1528 1750 καὶ
1577 1695 1818 1769 ἄτρωτον
1851 1695 1940 1748 καὶ

2047 536 2191 591 dens
2222 539 2330 606 est,
2361 539 2690 592 ostendens.
2735 569 2802 578 —-
2845 538 3065 610 Corpus
3096 539 3474 612 impassibile,
3509 542 3698 598 invul-

2048 625 2321 692 nerabile,
2355 631 2412 682 et
2457 627 2812 698 immortale,
2846 628 3086 684 alterius
3136 635 3224 686 est
3265 633 3608 688 substantiae
3639 637 3698 688 et

2053 714 2442 786 generationis
2475 732 2650 787 quam
2683 733 2892 787 corpus
2915 724 3178 773 nostrum
3206 736 3218 773 :
3253 725 3308 775 et
3339 721 3604 777 mortalia
3635 721 3694 776 in

2050 802 2548 875 incorruptionem
2608 809 2665 859 et
2733 806 3234 862 immortalitatem
3309 809 3694 880 transeuntis,

2055 892 2430 948 mutationem
2456 893 2792 948 substantiae
2813 895 3155 951 admittunt.
3181 929 3246 938 —
3267 898 3535 954 Definitio
3561 916 3700 954 una-

2051 997 2292 1052 quaeque
2350 983 2603 1054 perfecta
2655 999 2920 1053 manens,
2975 985 3346 1042 deﬁnitorum
3395 995 3700 1044 conservat

2051 1075 2320 1126 naturam
2377 1089 2390 1126 :
2441 1071 2490 1126 si
2521 1071 2654 1143 quis
2687 1087 2818 1127 vero
2859 1074 2930 1127 ab
2961 1072 3060 1129 illo
3113 1073 3333 1146 aliquid
3375 1077 3698 1148 sustulerit,

2050 1161 2170 1215 eive
2193 1160 2504 1230 addiderit,
2520 1160 2828 1216 deﬁnitum
2853 1161 3209 1218 dissolvitur.
3235 1170 3367 1222 Haec
3387 1167 3500 1220 duo
3524 1167 3701 1236 igitur

2052 1251 2261 1322 capita,
2295 1252 2790 1322 quemadmodum
2814 1255 2871 1308 et
2893 1269 3070 1322 parva
3100 1253 3198 1310 illa
3231 1255 3392 1327 prius
3427 1255 3600 1325 dicta,
3635 1274 3703 1313 ex

2055 1357 2170 1395 una
2205 1348 2366 1411 parte
2394 1345 2646 1407 tantum,
2680 1349 2732 1395 et
2765 1359 2879 1398 non
2911 1359 2978 1398 ex
3011 1348 3260 1415 utraque
3307 1345 3702 1418 oppositorum

2053 1429 2409 1486 testimoniis
2469 1431 2834 1487 muniuntur.
2889 1434 3038 1488 Deus
3095 1433 3350 1490 Verbum
3401 1439 3559 1491 totus
3613 1439 3702 1490 est

2051 1517 2110 1572 in
2143 1518 2323 1584 omni,
2357 1529 2408 1574 et
2441 1535 2616 1591 super
2647 1537 2839 1590 omne,
2871 1525 2928 1576 et
2959 1526 3116 1577 totus
3147 1527 3234 1578 est
3281 1541 3518 1595 corpore
3549 1527 3698 1596 quod

2053 1607 2162 1662 sibi
2197 1607 2557 1680 hypostatice
2606 1609 2891 1676 adunivit,
2923 1615 2980 1665 et
3009 1611 3341 1682 simpliciter
3379 1613 3699 1668 divinitatis

2053 1697 2384 1752 substantia
2413 1701 2534 1752 tum
2569 1701 2799 1767 natura,
2831 1715 2964 1754 cum
3013 1704 3224 1756 virtute
3254 1705 3311 1755 et
3341 1702 3696 1772 operatione,

291 1787 560 1842 ἀθάνατον
593 1791 754 1860 σῶμα
802 1783 1143 1860 έτεροοῦσιόν
1177 1785 1224 1822 ¹δ
1253 1783 1365 1839 ἐστι
1404 1784 1494 1839 καὶ
1543 1783 1838 1856 έτερογενές
1869 1787 1946 1855 τῷ

2059 1789 2255 1842 omnia
2275 1788 2607 1860 complet,et
2627 1805 2729 1859 per
2749 1789 2984 1861 singula
2996 1795 3192 1846 creata
3209 1793 3699 1848 communicando

293 1877 550 1952 ἡμετέρῳ
599 1877 858 1948 σώματι·
919 1874 1009 1928 καὶ
1063 1873 1145 1929 ὅτι
1193 1876 1261 1929 τὰ
1307 1873 1510 1954 φθαρτᾶ
1543 1875 1588 1909 19
1642 1874 1731 1929 καὶ
1776 1873 1944 1942 θνητὰ

293 1965 369 2026 εἷς
411 1965 709 2044 ἀφθαρσίαν
760 1963 850 2019 καὶ
897 1963 1187 2018 ἀθανασίαν
1234 1958 1650 2036 μεταϐάλλοντα
1694 1965 1794 2031 τὴν
1825 1968 1940 2016 κατ’

291 2054 474 2109 οὐσίαν
499 2055 706 2128 τροπὴν
743 2051 1076 2131 ἐπιδέχεται.
1101 2087 1166 2095 -
1197 2053 1322 2110 ιὈτι
1349 2049 1574 2114 ἕκαστος
1607 2051 1731 2127 ὅρος
1769 2049 1940 2123 μένων

291 2143 512 2212 ἐντελής
552 2145 650 2212 τήν
689 2149 798 2198 τῶν
841 2145 1072 2216 ὁριστῶν
1123 2139 1380 2212 διασώζει
1425 2141 1580 2216 φύσιν
1617 2160 1630 2175 ·
1683 2142 1728 2196 εἱ
1762 2140 1816 2196 δέ
1858 2162 1942 2200 τις

291 2233 490 2286 τούτου
524 2232 716 2310 ἀφέλοι
747 2253 802 2286 τι
831 2231 866 2302 ἢ
915 2233 1239 2306 προσθήσει,
1271 2233 1333 2286 τὸ
1379 2232 1592 2307 ὁριστὸν
1641 2229 1941 2288 διαλύεται.

295 2324 478 2378 Ταῦτα
505 2323 687 2377 τοίνυν
717 2322 785 2377 τὰ
815 2319 910 2376 δύο
941 2321 1233 2399 κεφάλαια,
1270 2321 1448 2393 ὥσπερ
1481 2321 1568 2375 καὶ
1599 2322 1664 2374 τὰ
1699 2325 1876 2394 μικρῷ
1899 2322 1945 2356 ’³ο

295 2411 527 2486 πρόσθεν
581 2412 868 2486 εἰρημένα,
913 2415 1236 2486 μονομερῶς
1292 2409 1380 2465 καὶ
1437 2411 1538 2465 οὐκ
1588 2409 1638 2480 ἐξ
1689 2410 1942 2485 έκατέρου

293 2505 405 2555 τῶν
437 2501 822 2573 ἀντικειμένων
854 2502 948 2564 τὰς
978 2501 1210 2574 χρήσεις
1241 2497 1505 2568 ἐδέξαντο.
1539 2533 1606 2539 —
1636 2499 1758 2555 Ὅτι
1792 2499 1819 2552 6
1849 2501 1944 2552 τοῦ

299 2594 432 2643 Θεοῦ
465 2591 640 2664 Λόγος
673 2590 804 2651 ὅλος
851 2589 990 2645 ἐστὶν
1022 2589 1072 2643 έν
1105 2588 1184 2662 τῷ
1216 2588 1373 2643 παντὶ
1423 2586 1512 2642 καί
1553 2589 1684 2660 ὑπὲρ
1725 2589 1785 2642 τὸ
1815 2593 1942 2656 πᾶν,

293 2678 385 2731 καὶ
436 2677 566 2740 ὅλος
625 2678 768 2734 ἐστὶν
800 2682 842 2714 ¹¹
902 2677 955 2733 ἐν
999 2683 1078 2750 τῷ
1139 2678 1350 2751 σώματι
1403 2678 1431 2732 ’ὀ
1489 2679 1605 2732 καθ’
1659 2679 1946 2732 ὑπόστασιν

2053 1893 2114 1932 se
2147 1878 2216 1931 ad
2247 1877 2580 1932 universum
2611 1878 2838 1933 transit.
2880 1879 2950 1934 Et
2973 1896 3086 1934 non
3117 1881 3214 1937 ita.
3251 1883 3398 1936 Deus
3428 1898 3529 1936 sua
3559 1884 3703 1936 sub—

2054 1967 2272 2021 stantia
2302 1973 2386 2021 est
2417 1970 2579 2021 extra
2611 1967 2970 2036 universum,
3004 1968 3062 2024 in
3094 1970 3368 2026 omnibus
3402 1986 3531 2025 vero
3569 1970 3694 2025 suis

2053 2060 2142 2110 est
2171 2055 2504 2110 virtutibus.
2539 2087 2608 2095 —-—
2637 2059 2786 2112 Ante
2811 2058 3014 2112 mundi
3045 2059 3394 2114 creationem
3421 2058 3575 2114 Deus
3597 2075 3704 2114 an—

2055 2143 2216 2214 gelos
2246 2144 2479 2199 creavit.
2501 2145 2566 2200 Et
2589 2161 2704 2200 non
2729 2145 2940 2212 sic,sed
2958 2147 3146 2216 primo
3161 2147 3253 2202 die
3277 2165 3388 2217 quo
3413 2148 3702 2202 mundum

2056 2232 2486 2288 fecit.—-—289b
2517 2234 2795 2305 Angeliet
2817 2235 3110 2291 daemones
3131 2236 3472 2307 corporibus
3495 2237 3706 2291 uniun-

2055 2327 2170 2389 tur,
2196 2329 2249 2377 et
2279 2327 2498 2391 contra,
2523 2323 2711 2380 neutri
2737 2324 2944 2380 horum
2971 2327 3308 2396 corporibus
3324 2326 3705 2381 uniuntur.——

2054 2411 2262 2483 Angeli
2276 2419 2327 2466 et
2342 2412 2656 2468 rationales
2671 2413 2902 2480 animae,
2917 2419 2974 2469 et
2987 2430 3192 2470 omnes
3204 2420 3483 2470 creaturae
3497 2415 3706 2470 intelli-

2056 2501 2662 2572 gibiles,naturaipsa,
2685 2507 2741 2556 et
2763 2504 3089 2558 secundum
3112 2507 3375 2558 naturam
3403 2503 3706 2574 incorrup-

2059 2589 2269 2659 tibiles,
2285 2597 2340 2644 et
2361 2591 2717 2647 immortales
2731 2593 3006 2648 sunt.Ete
3025 2593 3456 2658 contrario,non
3475 2597 3704 2660 natura,

2057 2679 2160 2734 sed
2192 2679 2378 2750 gratia
2401 2684 2538 2733 sunt
2559 2678 2953 2749 immortales;
2977 2685 3190 2736 natura
3209 2699 3342 2737 vero
3357 2682 3520 2737 solus
3539 2683 3707 2737 Deus.

293 2769 504 2837 ἥνωσεν
535 2768 708 2840 ἑαυτῴ
737 2787 750 2800 ⁸
803 2769 889 2823 καὶ
942 2767 1131 2830 ἁπλῶς
1161 2771 1196 2836 ἡ
1247 2771 1347 2832 τῆς
1394 2767 1655 2836 θεότητος
1701 2767 1856 2820 οὐσία
1888 2767 1976 2820 καὶ
2031 2766 2183 2844 φύσει
2233 2766 2320 2820 καὶ
2354 2771 2422 2839 τῇ
2458 2762 2678 2837 δυνάμει
2719 2767 2809 2821 καὶ
2859 2772 2928 2842 τῇ
2968 2766 3209 2844 ἐνεργείᾳ
3247 2769 3420 2823 πάντα
3474 2766 3708 2841 πληροῖ,

371 2859 384 2874 ς
429 2856 500 2914 δ,
557 2881 567 2890 .
607 2859 616 2876 ν
841 2863 866 2874 ~
950 2855 975 2874 ν
1203 2857 1214 2878 ι
1397 2861 1424 2871 ι..
1562 2857 1613 2890 ι.
1683 2857 1696 2872 ς
1755 2860 1826 2890 Α...
1921 2856 1934 2873 ν
2098 2857 2110 2872 ι
2334 2856 2348 2874 κ
2425 2853 2434 2870 v
2559 2854 2573 2876 α
2709 2855 2734 2874 υ
2921 2857 2934 2876 τ
3025 2858 3039 2878 ν
3237 2858 3250 2874 κ
3337 2859 3377 2890 ν..
3518 2861 3530 2882 ν
3663 2861 3710 2896 ,2

297 2881 386 2914 και
467 2881 482 2912 ι
531 2860 755 2914 έκαστου
801 2880 910 2913 των
947 2879 1117 2914 οντων
1163 2855 1321 2912 δίεισι
1359 2879 1428 2930 τῃ
1477 2877 1613 2932 προ..
1646 2877 1706 2910 το
1763 2877 1857 2910 ιιαν
1909 2876 2220 2931 ανακρασει.
2255 2861 2350 2910 Και
2404 2856 2486 2910 ὁτι
2519 2876 2626 2930 ουχ
2674 2877 2867 2926 ουτως,
2909 2855 3018 2912 αλλ
3071 2859 3098 2912 ὁ
3161 2864 3291 2920 Θεος
3342 2859 3492 2919 εκτός
3523 2880 3630 2913 εστι

295 2955 396 3006 τοῦ
428 2949 630 3004 παντὸς
660 2951 776 3002 κατ’
831 2949 1040 3018 οὐσίαν,
1083 2947 1133 3003 έν
1181 2953 1311 3002 πᾶσι
1353 2944 1411 3002 δέ
1440 2947 1551 3002 ἐστι
1589 2951 1709 3008 ταῖς
1762 2947 1959 3000 ἑαυτοῦ
2010 2943 2322 3018 δυνάμεσιν.
2356 2979 2424 2986 —
2473 2947 2597 3002 ’Ὁτι
2629 2946 2734 3021 πρὸ
2777 2954 2879 3017 τῆς
2927 2951 3024 3002 τοῦ
3073 2949 3284 3021 κόσμου
3334 2949 3590 3022 γενέσεως
3621 2949 3710 3004 καὶ

295 3037 566 3116 ἀγγέλους
599 3039 626 3092 ὁ
658 3038 784 3100 Οεὸς
811 3033 986 3092 ἔκτισε
1019 3058 1031 3070 ·
1066 3038 1156 3092 καὶ
1188 3037 1270 3091 ὅτι
1315 3036 1418 3110 οὐχ
1467 3034 1661 3106 οὕτως,
1697 3033 1824 3090 ἀλλ’
1857 3035 1908 3088 έν
1952 3039 2022 3109 τῇ
2053 3033 2242 3109 πρώτῃ
2295 3041 2394 3104 τῆς
2432 3035 2821 3110 κοσμογενείας
2874 3035 3073 3112 ἡμέρᾳ.
3117 3070 3186 3081 -
3213 3039 3338 3094 ’Ότι
3389 3039 3438 3092 οἱ
3483 3037 3704 3114 ἄγγελοι

292 3133 383 3184 καὶ
417 3132 472 3184 οἱ
518 3127 768 3203 δαίμονες
800 3131 1044 3202 σώμασιν
1097 3130 1356 3198 ἧνῶνται,
1389 3129 1479 3182 καὶ
1530 3125 1610 3181 ὅτι
1646 3123 1919 3199 οὐδέτεροι
1967 3126 2146 3181 αὐτῶν
2179 3127 2391 3198 σώματι
2437 3125 2698 3195 ἥνωνται.
2733 3161 2792 3170 -
2830 3129 2953 3184 ’Ὀτι
3006 3129 3058 3182 οἱ
3107 3127 3333 3204 ἄγγελοι
3382 3129 3470 3183 καὶ
3523 3131 3576 3183 αἱ
3611 3129 3708 3185 λο-

289 3216 440 3293 γικαὶ
473 3216 646 3291 ψυχαὶ
695 3217 781 3270 καὶ
834 3215 1004 3269 πάντα
1048 3214 1116 3268 τὰ
1162 3214 1322 3288 νοερᾶ
1369 3213 1637 3286 κτίσματα
1689 3212 1840 3291 φύσει
1882 3211 1969 3266 καὶ
2019 3214 2156 3267 κατά
2203 3213 2360 3288 φύσιν
2407 3212 2540 3268 εἰσὶν
2585 3211 2826 3292 ἄφθαρτα
2860 3232 2871 3243 ·
2925 3214 3018 3269 καὶ
3063 3214 3124 3269 ἐκ
3165 3219 3264 3270 τοῦ
3308 3215 3703 3289 ἀντικειμένου,

293 3307 378 3360 ὅτι
412 3306 476 3360 οὐ
509 3305 687 3384 φύσει,
717 3301 863 3359 ἂλλὰ
905 3302 1090 3377 χάριτι
1124 3303 1255 3357 εἶσιν
1292 3302 1568 3370 ἀθάνατοι,
1603 3301 1756 3375 φύσει
1789 3299 1847 3356 δὲ
1889 3301 2053 3373 μόνος
2087 3303 2114 3356 6
2147 3303 2299 3365 Θεός.

365 3397 492 3468 [897
527 3395 620 3466 R.]
657 3395 782 3449 ’Ότι
834 3393 884 3446 οἳ
931 3391 1156 3468 ἄγγελοι
1197 3391 1551 3453 κατελθόντες
1603 3391 1662 3445 ἐκ
1702 3395 1810 3445 τῶν
1853 3389 1942 3444 οὐ·

2122 3392 2330 3465 Angeli
2361 3393 2782 3450 descendentes
2799 3411 2830 3450 e
2848 3394 2989 3451 caelo
3009 3395 3068 3449 in
3092 3399 3333 3464 terram,
3350 3412 3582 3452 carnem
3609 3395 3710 3452 ha-

295 3489 471 3560 ρανῶν
527 3484 603 3544 εἷς
659 3484 758 3552 τήν
817 3489 920 3557 γῆν
979 3489 1150 3556 σάρκα
1179 3483 1224 3517 ³³
1278 3501 1338 3536 τε
1393 3475 1552 3556 ἔσχον
1611 3479 1700 3534 καὶ
1751 3477 1947 3534 παιδο-

293 3574 434 3628 ποιὰ
503 3573 694 3646 μόρια,
765 3571 854 3625 κάὶ
911 3577 1032 3633 ταῖς
1101 3570 1335 3645 γυναιξὶν
1396 3569 1758 3642 ὁμιλήσαντες
1819 3571 1946 3630 τοὺς

293 3662 558 3738 γίγαντας
617 3659 922 3734 ἐγέννησαν,
972 3659 1063 3714 καὶ
1115 3656 1356 3728 ἐδίδαξαν
1399 3657 1595 3720 αὐτοὺς
1643 3659 1838 3732 τέχνας
1893 3678 1952 3712 τε

294 3751 386 3806 καὶ
445 3749 806 3822 κακοτεχνίας
841 3767 853 3780 ·
899 3749 949 3803 οἱ
1010 3745 1066 3802 δέ
1123 3746 1372 3822 γίγαντες
1423 3745 1646 3820 ἀλόγοις
1708 3747 1949 3817 μιγέντες

297 3841 586 3914 ἐγέννησαν
647 3835 974 3914 τερατώδεις
1033 3835 1352 3910 ἀνθρώπους
1397 3834 1486 3888 καὶ
1547 3832 1802 3906 δαιμόνια
1851 3832 1954 3907 ἄῤ-

297 3930 426 4004 ῥενά
454 3949 512 3984 τε
541 3929 631 3983 καὶ
673 3926 847 3998 θήλεα
881 3947 893 3960 '
943 3925 1272 3995 κολάζονται
1306 3921 1362 3978 δέ
1401 3925 1453 3978 οἱ
1499 3919 1723 3999 ἄγγελοι
1759 3922 1952 3976 ἐκεῖνοι

293 4015 420 4074 ἔνθα
451 4025 552 4088 τῆς
585 4025 688 4092 γῆς
741 4022 848 4091 πῦρ
895 4013 1202 4072 ἀναδίδοται
1239 4015 1330 4070 καὶ
1377 4015 1550 4090 θερμὰ
1597 4011 1766 4068 ὕδατα
1800 4033 1810 4044 ·
1863 4013 1952 4066 καὶ

297 4109 386 4163 ὅτι
455 4108 509 4162 αἱ
566 4106 740 4182 ψυχαὶ
799 4110 906 4160 τῶν
967 4103 1317 4180 ἁμαρτωλῶν
1380 4101 1633 4176 δαιμόνια
1691 4102 1950 4179 γίνονται,

297 4197 400 4252 Καὶ
431 4196 769 4262 τούναντίον,
804 4196 886 4250 δτι
937 4193 1162 4268 ἄσαρκοὶ
1194 4193 1344 4256 ὄιτες
1383 4195 1432 4247 οἱ
1483 4192 1953 4262 ἀποστατήσαντες

293 4283 522 4361 ἄγγελοι
572 4285 633 4339 οῦ
685 4282 755 4338 δι’
804 4284 1030 4351 ἑαυτῶν,
1071 4281 1220 4338 ἀλλά
1264 4279 1351 4336 διὰ
1414 4280 1591 4354 μέσων
1651 4282 1952 4355 ἀνθρώπων

293 4373 568 4449 ἐμίγησαν
627 4377 746 4435 ταῖς
807 4373 1039 4450 γυναιξὶ,
1077 4371 1288 4445 μᾶλλον
1346 4371 1402 4426 δὲ
1450 4369 1572 4426 οὕτε
1631 4368 1702 4425 δι’
1751 4371 1953 4425 ἑαυτῶν

295 4461 424 4520 οῦτε
458 4459 548 4517 διὰ
581 4463 758 4536 μέσων
787 4459 1088 4536 ἀνθρώπων
1126 4481 1138 4493 ·
1190 4461 1278 4515 καὶ
1321 4461 1404 4516 δτι
1455 4459 1516 4515 οὐ
1569 4457 1954 4532 μεταϐάλλου-

295 4575 380 4609 σιν
433 4553 482 4588 ²⁴
538 4552 594 4606 αἱ
660 4555 767 4605 τῶν
829 4549 1126 4626 ἀνθρώπων
1185 4550 1358 4624 ψυχαὶ
1418 4549 1494 4612 εἰς
1554 4547 1828 4622 δαιμόνια.
1889 4582 1958 4592 --

293 4644 431 4718 {474
472 4643 564 4713 Η.]
623 4641 752 4696 Ὀτι
811 4641 839 4694 ὁ
900 4639 1126 4714 οὐρανὸς
1183 4638 1464 4716 σφαιρικός
1537 4638 1648 4694 ἐστι
1707 4641 1796 4694 καὶ
1853 4639 1957 4693 κύ-

293 4731 422 4802 κλῳ
461 4731 509 4766 ³⁵
578 4735 804 4784 κινεῖτσι
839 4749 850 4761 ·

295 4819 428 4877 οὔτε
473 4822 518 4856 ’⁷
589 4816 778 4890 κύκλῳ
854 4823 1103 4874 κινεῖται.
1165 4851 1230 4860 —-
1306 4818 1430 4874 ’Ότι
1505 4818 1568 4872 τὸ
1645 4817 1956 4890 εἰρημένον,

298 4913 529 4982 Πνεῦμα
610 4911 746 4966 Θεοῦ
821 4905 1110 4980 ἐπεφέρετο
1186 4907 1367 4962 έπάνω
1422 4911 1518 4961 τοῦ
1592 4905 1812 4973 ὕδατος,
1895 4907 1959 4962 τὸ

295 5005 528 5074 Πνεῦμα
574 4999 637 5052 τὸ
702 4997 858 5072 ἅγιον
916 4999 982 5067 ἦν
1019 5017 1030 5029 ·
1093 4997 1182 5052 καὶ
1242 4999 1325 5053 ὅτι
1383 4998 1448 5051 οὐ
1505 4997 1568 5050 τὸ
1625 5001 1842 5069 Πνεῦμα
1897 4997 1960 5051 τὸ

293 5093 458 5166 ἅγιον
483 5087 575 5159 ἦν,
609 5085 756 5144 ἀλλὰ
785 5087 848 5140 16
878 5085 933 5141 ’ἐν
965 5086 1074 5154 τῷν
1104 5084 1374 5160 τεσσάρων
1411 5085 1803 5161 στοιχείων.--
1835 5087 1960 5142 “Ὀτι

291 5184 332 5251 ἡ
365 5179 602 5252 κυριακή
645 5177 828 5251 ἡμέρα
856 5179 892 5247 ἡ
923 5176 1062 5248 αὐτή
1095 5175 1236 5232 ἐστιν
1270 5178 1305 5246 ἡ
1339 5175 1388 5212 ³⁸
1417 5174 1586 5250 ὀγδόη
1619 5177 1706 5231 καὶ
1741 5176 1958 5249 πρώτη⁸

393 5304 572 5361 iGen.
608 5321 649 5373 ι,
680 5303 734 5360 2.

2057 3482 2332 3551 buerunt,
2365 3489 2419 3538 et
2445 3482 2740 3554 genitalia,
2765 3489 2822 3538 et
2869 3501 3002 3540 cum
3041 3483 3386 3540 mulieribus
3417 3485 3712 3542 commisti

2057 3572 2322 3643 gigantes
2362 3579 2735 3642 procrearunl
2776 3588 2790 3627 :
2846 3577 2902 3628 et
2943 3575 3265 3628 docuerunt
3308 3573 3438 3630 illos
3471 3583 3623 3630 artes
3653 3581 3713 3630 et

2064 3659 2248 3715 malas
2280 3667 2454 3715 artes.
2487 3661 2760 3730 Gigantes
2792 3677 2926 3715 vero
2958 3677 3090 3715 cum
3116 3661 3303 3716 brutis
3335 3661 3710 3730 congredien-

2062 3753 2168 3817 tes,
2206 3750 2472 3804 homines
2495 3749 2860 3820 prodigiosos
2893 3765 3169 3820 genuere,
3197 3755 3254 3804 et
3274 3750 3570 3804 daemones
3595 3753 3711 3804 tam

2065 3837 2214 3890 virili
2247 3853 2418 3907 quam
2470 3837 2738 3892 muliebri
2773 3837 2983 3907 specie.
3019 3837 3107 3891 Illi
3139 3837 3330 3908 angeli
3363 3837 3711 3909 puniuntur,

2065 3925 2164 3978 ubi
2192 3935 2472 3979 terrarum
2507 3923 2660 3996 ignis
2691 3925 2886 3979 editur
2919 3929 3093 3994 atque
3133 3927 3409 3996 erumpit,
3443 3932 3500 3980 et
3527 3924 3715 3980 calida

2065 4029 2234 4084 aqua.
2270 4013 2484 4067 Anima:
2517 4017 2884 4081 peccatorum
2918 4013 3206 4068 dmmonia
3233 4018 3387 4069 sunt.
3412 4013 3480 4068 Et
3509 4018 3718 4070 contra

2065 4119 2266 4160 omnes
2282 4103 2752 4176 angelirebelles,
2772 4120 2906 4158 cum
2922 4103 3048 4160 sine
3062 4119 3234 4160 carne
3252 4105 3464 4160 fuerint
3486 4121 3599 4160 non
3619 4121 3716 4174 per

2066 4209 2147 4262 se,
2170 4193 2271 4248 sed
2305 4191 2394 4248 usi
2416 4191 2754 4248 hominibus
2785 4191 2942 4248 velut
2973 4193 3716 4264 instrumentis,congressi

2066 4287 2204 4338 sunt
2245 4298 2378 4337 cum
2429 4279 2698 4348 feminis;
2732 4289 2788 4335 at
2826 4282 3016 4351 potius
3057 4298 3244 4352 neque
3276 4299 3379 4354 per
3417 4299 3500 4349 se,
3532 4297 3718 4353 neque

2070 4371 2402 4427 hominibus
2438 4370 2527 4426 usi
2557 4369 2716 4426 velut
2744 4370 2974 4440 mediis,
3005 4377 3063 4426 et
3107 4387 3222 4426 non
3272 4376 3580 4428 mutantur
3609 4372 3720 4428 bo-

2069 4460 2294 4516 minum
2317 4460 2598 4516 animaein
2621 4459 2922 4515 daemonia.
2949 4489 3018 4499 —
3039 4459 3255 4515 Caelum
3275 4461 3587 4517 rotundum
3609 4465 3718 4532 est,

2069 4567 2258 4623 neque
2289 4551 2348 4606 in
2381 4549 2576 4605 orbem
2619 4550 2885 4605 vertitur.
2921 4549 2989 4604 Et
3021 4566 3135 4605 non
3167 4555 3256 4605 est
3293 4551 3631 4618 rotundum,
3664 4555 3720 4608 et

2069 4640 2126 4694 in
2173 4641 2370 4695 orbem
2413 4639 2676 4696 vertitur.
2709 4670 2780 4680 —
2811 4643 2928 4694 Hoc
2973 4639 3130 4710 quod
3171 4639 3391 4694 dictum
3429 4658 3440 4695 :
3473 4639 3723 4712 Spiritus

917 4729 1004 4783 καὶ
1066 4729 1148 4782 ὅτι
1208 4727 1331 4783 οῦτε
1361 4731 1404 4766 ²⁶
1463 4730 1747 4806 σφαιρικός
1807 4728 1946 4783 ἐστιν

2061 4729 2280 4784 Domini
2297 4727 2580 4798 ferebatur
2598 4743 2764 4800 super
2782 4743 2953 4798 aqua:
2997 4727 3032 4795 ί,
3082 4726 3176 4781 hic
3199 4727 3455 4798 Spiritus
3477 4733 3720 4784 sanctus

2073 4819 2210 4886 fuit;
2235 4823 2290 4874 et
2316 4821 2512 4874 contra
2535 4818 2789 4888 Spiritus
2813 4821 3052 4872 sanctus
3067 4833 3180 4872 non
3211 4817 3334 4888 fuit,
3353 4818 3452 4873 sed
3478 4834 3663 4873 unum
3694 4834 3725 4875 θ

2072 4913 2319 4980 quatuor
2343 4908 2670 4964 elementis.
2707 4941 2776 4949 —
2805 4907 2940 4963 Dies
2976 4906 3314 4962 Dominicus
3344 4907 3500 4964 idem
3535 4912 3642 4976 est,
3667 4912 3726 4964 et

2071 5003 2306 5054 octavus
2325 5003 2380 5054 et
2399 5000 2654 5068 primus;
2689 5001 2744 5052 et
2777 5013 2892 5052 non
2926 4997 3030 5052 sic.
3065 5026 3131 5036 —
3162 4997 3384 5052 Anima:
3415 4997 3724 5055 hominum

2072 5093 2210 5143 sunt
2231 5103 2469 5159 corpora
2495 5085 2906 5156 intelligibilia,
2923 5093 2974 5139 et
3006 5085 3210 5140 eadem
3229 5085 3416 5158 ﬁgura
3437 5091 3729 5159 sunt,qua

2075 5177 2262 5232 forma
2274 5175 2521 5232 exterior
2541 5174 2834 5246 corporis;
2860 5178 2957 5230 ste
2972 5174 3628 5249 contrario,incorporea
3641 5181 3728 5235 est

1695 5391 1935 5446 νΑΗΙίΕ
1977 5391 2368 5448 LECTIONES

2431 5497 2551 5520 ΣΙ·-

1477 5497 1522 5534 ¹⁹
1552 5497 1762 5574 φθαρτᾲ
1781 5495 1872 5551 καὶ
1904 5497 2033 5574 add.
2068 5503 2132 5574 ΑΣ
2209 5497 2458 5574 ’το-μικρᾷ
2649 5500 2707 5574 “_
2730 5497 2925 5574 ἐστὶνὸ
2960 5498 3012 5574 έν

285 5582 338 5618 ³³
385 5565 592 5650 σάρκας
619 5577 717 5650 Δ.“
790 5572 845 5650 ²⁴γ
881 5565 1402 5650 μεταϐάλλουσινζῤ
1439 5587 1464 5650 ξ’
1491 5565 1926 5650 μεταϐάλλονται
2073 5571 2146 5624 cf.
2195 5565 2306 5650 col.
2341 5565 2480 5625 H00
2505 5565 2551 5624 Β
2583 5577 2640 5626 ei.
2671 5570 2732 5625 C.

291 5651 389 5730 ς.
463 5637 780 5701 ’³⁸8τιοῦτε
820 5637 1223 5718 Αέδτιοῦς.
1285 5637 1876 5715 ’³⁷οῦτεΑεκαὶς.
1955 5637 2303 5710 23ἡοῑϊλΔ.

632 5745 902 5809 Ριτιοι..
949 5742 1061 5806 Gn.
1106 5742 1262 5806 CIII.
3328 5740 3405 5804 35

371 5505 424 5544 ιτ
457 5501 534 5576 μὴ
569 5500 704 5557 add.
738 5501 831 5576 AL
885 5499 935 5533 ‘3
962 5496 1273 5576 ἐτξροόσιον

3209 5499 3256 5534 ²²
3285 5497 3438 5574 ἐστὶνΔ
3459 5496 3612 5574 έκτὸς

2839 5571 2886 5606 ²⁵
2915 5570 3003 5628 καὶ
3035 5570 3223 5643 κῦκλῳ
3254 5573 3301 5628 Α
3329 5589 3343 5627 :
3378 5571 3502 5626 οὔτε
3532 5570 3725 5646 κύκλῳ
