4138 6228
253 352 406 413 1101

1331 340 1886 406 BIBLIO'I‘HECA.
1930 375 2006 391 --
2052 343 2228 405 COD.
2275 342 2613 405 CCXXXII.

3499 356 3656 417 1102

252 507 442 564 φησιν,
478 486 610 560 ὅπερ
636 480 745 538 ἐστὶ
774 488 877 551 τῆς
910 477 1048 552 ὅλης
1081 480 1378 549 συντάξεως
1407 481 1457 546 η’
1505 479 1594 535 καὶ
1637 479 1687 535 λ’
1731 481 1899 557 κεφά-

2027 482 2165 552 ιιιοιί
2187 481 2366 538 totius
2389 483 2656 553 opusculi
2678 491 2851 558 caput
2873 492 2962 545 est
2979 489 3341 551 tricesimum
3365 499 3655 568 octavum,

254 575 412 631 λαιον
445 575 512 647 ³⁸,
563 573 711 634 ὅπως
753 568 970 641 ἐδόξασε
1018 569 1142 645 περῖ
1191 576 1292 638 τῆς
1339 572 1435 624 106
1494 570 1693 644 Κυρίου
1739 572 1900 642 ἡμων

254 663 718 739 ἐνανθρωπήσεως
752 661 780 716 6
813 659 864 715 ἐν
903 657 1083 737 ἁγίοις
1113 657 1428 729 Εὐστάθιος,
1461 658 1488 712 6
1535 664 1635 727 τῆς
1689 659 1899 715 Ἀντιο-

254 752 409 834 χείας
442 749 858 831 ἀρχιερωσύνης
906 745 1294 824 προεδρεύσας,
1336 745 1527 834 ἐφεξῆς
1573 744 1629 802 δὲ
1679 746 1828 810 ὅπως
1879 749 1906 802 6

254 833 560 920 ἂγιώτατος
592 837 899 915 Κύριλλος,
932 840 960 893 6
998 841 1097 903 τῆς
1147 833 1549 911 Ἀλεξανδρείας
1596 836 1902 912 ἀρχιερεύς·

255 934 345 989 καὶ
392 933 540 995 ὅπως
589 930 816 1002 ἐνόησαν
868 932 921 985 οἱ
957 935 1057 998 τῆς
1107 926 1437 998 Ἐκκλησίας
1471 924 1789 983 διδάσκαλοι
1820 928 1903 999 τὸ,

257 1024 390 1094 Περὶ
451 1020 510 1078 6‘s
551 1029 651 1092 τῆς
698 1019 908 1095 ἡμέρας
968 1017 1177 1088 ἐκείνης
1218 1016 1306 1072 καὶ
1363 1024 1464 1087 τῆς
1522 1016 1665 1092 ὥρας
1725 1015 1906 1079 οὐδεὶς

262 1111 420 1182 οἶδεν,
463 1108 586 1166 οὐδὲ
617 1112 669 1166 οἱ
701 1108 952 1186 ἄγγελοι,
985 1105 1114 1163 οὐδὲ
1146 1107 1173 1161 6
1214 1105 1359 1174 Υἱὸς,
1412 1107 1457 1162 εί
1502 1108 1577 1181 μὴ
1631 1108 1658 1162 6
1698 1108 1905 1182 Πατήρ,

259 1202 346 1257 καὶ
382 1202 531 1263 ὅπως
570 1205 732 1255 10610
765 1194 1011 1274 Σεϐῆρος
1043 1197 1283 1267 ἐνόησεν.

332 1294 508 1345 Ταῦτα
558 1292 876 1363 μονομερῶς
929 1284 1160 1342 διελθὼν
1211 1286 1281 1342 16:
1335 1284 1603 1364 κεφάλαια
1645 1281 1906 1359 μεταϐαί-

260 1401 342 1435 νει
390 1377 552 1434 πάλιν
597 1378 685 1434 ἐπὶ
739 1380 837 1448 τὴν
880 1374 1083 1447 διπλῆν
1112 1373 1457 1451 προκομιδην
1490 1382 1596 1431 τῶν
1630 1378 1907 1452 χρήσεων,

260 1468 353 1523 καὶ
383 1473 622 1523 ποιεῖται
651 1465 946 1543 κεφάλαιον
989 1467 1034 1541 β’
1064 1465 1154 1520 καὶ
1202 1467 1255 1537 μ’
1303 1466 1387 1520 ὅτι
1437 1466 1465 1520 6
1514 1465 1710 1540 Κύριος
1750 1467 1909 1538 ἡμῶν

262 1559 473 1627 Ἰησοῦς
522 1556 550 1611 6
580 1558 625 1593 ³⁷
672 1555 912 1631 Χριστὸς
964 1552 1491 1633 ἐγαλακτοτροφήθη
1544 1552 1604 1608 ἐκ
1649 1560 1749 1623 τῆς
1781 1561 1909 1608 Θεο-

260 1645 425 1701 τόκου
457 1645 694 1720 Μαρίας,
726 1646 815 1699 καὶ
851 1645 937 1700 ὅτι
970 1642 1069 1698 οὐκ
1091 1642 1640 1721 ἐγαλακτοτροφήθη.
1671 1676 1732 1684 -—-
1763 1645 1786 1663 "
1816 1650 1908 1698 01:

259 1735 344 1805 τὸ,
393 1737 454 1793 Ὀ
503 1731 561 1789 δὲ
610 1736 931 1809 μικρότερος
970 1732 1023 1788 ἐν
1071 1738 1139 1808 τῇ
1195 1731 1447 1807 βασιλείᾳ
1501 1737 1608 1788 τῶν
1666 1735 1909 1810 οὐρανῶν

2010 572 2303 642 quomodo
2325 572 2395 627 de
2413 572 2644 629 Domini
2666 573 3068 635 incarnatione
3090 581 3301 638 beatus
3321 584 3658 644 Eustathius

2010 662 2411 719 Antiochenus
2433 665 2731 723 antistites
2753 669 3036 737 docuerit,
3063 677 3121 727 et
3146 680 3206 727 ut
3246 675 3448 731 beatus
3471 678 3658 733 2901)

2010 752 2258 823 Cyrillus
2288 753 2737 828 Alexandrinus,
2772 769 2825 815 et
2856 777 2969 831 qua
3002 763 3223 820 ratione
3255 765 3359 821 hoc
3390 766 3656 825 doctores

2013 842 2282 897 Ecclesiae
2329 844 2747 903 intellexerint:
2798 852 2879 905 De
2914 850 3002 907 die
3044 852 3166 920 illo,
3212 855 3464 911 aethera
3504 872 3664 914 nemo

2011 932 2130 996 scil,
2153 948 2328 1004 neque
2348 936 2553 1003 angeli,
2579 952 2754 1008 neque
2784 940 2980 1009 Filius,
3013 944 3133 998 nisi
3164 946 3356 1001 Pateri
3390 951 3480 1002 :et
3516 962 3662 1018 quo-

2015 1023 2186 1077 modo
2220 1022 2327 1079 hoc
2357 1023 2606 1081 Severus
2637 1026 3005 1086 intellexerit.

2084 1288 2214 1345 Haec
2237 1289 2430 1362 capita
2453 1291 2629 1348 unius
2655 1295 2947 1366 opinionis
2971 1314 3330 1370 prosequens
3361 1301 3665 1360 descendit

2012 1377 2222 1434 iterum
2257 1381 2323 1434 ad
2357 1397 2424 1436 ea
2454 1399 2581 1453 quae
2623 1384 2885 1453 duplices
2916 1386 3221 1458 opiniones
3255 1390 3575 1458 continent,
3608 1397 3666 1449 et

2013 1470 2797 1538 caputcoustituit.Dominus
2812 1478 3456 1535 nosterJesusChristus
3474 1481 3658 1537 lactea

2015 1556 2179 1614 beata
2195 1558 2431 1631 Virgine
2451 1562 2696 1619 nutritus
2714 1568 2818 1634 est,
2834 1569 3008 1622 etnon
3027 1566 3173 1623 lacte
3196 1569 3451 1626 nutritus
3469 1576 3576 1626 est.
3598 1602 3665 1612 —

2013 1645 2272 1703 Minimus
2301 1647 2364 1703 in
2402 1666 2564 1722 regno
2593 1652 2853 1709 caelorum
2890 1657 3069 1723 maior
3108 1665 3186 1713 est
3216 1662 3434 1715 Joanne
3470 1661 3666 1731 Bapti-

2011 1739 2099 1791 sta
2126 1736 2177 1806 Ιι,
2209 1738 2280 1793 de
2311 1754 2370 1794 se
2399 1738 2529 1811 ipso
2565 1741 2710 1796 dixit
2750 1742 3052 1813 Salvator;
3086 1756 3138 1801 et
3170 1763 3284 1802 non
3318 1749 3389 1804 de
3419 1764 3481 1804 se
3511 1749 3663 1821 ipso,

267 1825 471 1897 μείζων
527 1821 668 1878 ἐστὶν
723 1820 968 1877 ’ῐωᾶννου
1010 1826 1107 1877 106
1169 1824 1492 1896 βαπτιστοῦ,
1580 1824 1705 1898 περί
1788 1823 1907 1878 ἐαυ-

2027 1823 2118 1879 sed
2152 1825 2221 1881 de
2241 1825 2466 1882 Joanne
2497 1829 2874 1901 evangelista.
2891 1833 3253 1892 —Dominus
3276 1842 3476 1893 noster
3498 1820 3666 1893 .lesus

262 1916 361 1968 106
418 1913 559 1968 εἶπεν
612 1914 639 1966 ὁ
687 1913 904 1986 Σωτήρ’
945 1912 1036 1966 καὶ
1084 1910 1167 1967 6'1:
1226 1912 1290 1966 06
1351 1912 1475 1986 περὶ
1518 1913 1729 1983 ὲαντοῦ,
1760 1912 1908 1969 ἀλλᾶ

263 2004 386 2077 περὶ
439 2002 690 2059 Ἰωάννου
743 2005 841 2057 106
892 2000 1296 2078 εὐαγγελιστοῦ.
1344 2035 1413 2045 -
1462 2003 1581 2058 Ὅτι
1632 2004 1659 2057 6
1710 2003 1907 2077 Κύριος

264 2095 429 2165 ἡμῶν
464 2092 675 2163 Ἰησοῦς
706 2091 734 2146 6
764 2091 993 2167 Χριστὸς
1034 2089 1083 2146 λ’
1113 2091 1369 2146 ἐνιαυτῶν
1419 2090 1678 2166 ὑπάρχων
1722 2091 1909 2147 ἐσταυ-

265 2182 439 2257 ρώθη·
484 2182 573 2236 καὶ
622 2181 705 2236 ὅτι
754 2180 815 2236 06
848 2180 917 2249 λ’,
966 2179 1115 2237 ἀλλὰ
1160 2185 1211 2256 γ’
1262 2182 1351 2237 καὶ
1386 2180 1454 2236 λ’·
1501 2181 1591 2236 καὶ
1632 2180 1714 2236 ὅτι
1757 2183 1825 2238 οὐ
1865 2183 1912 2256 γ’

264 2271 358 2327 καὶ
390 2269 463 2339 λ’,
496 2267 643 2325 ἀλλὰ
667 2276 736 2343 μ’·
760 2270 850 2325 καὶ
873 2268 955 2325 ὅτι
988 2267 1111 2325 οὔτε
1138 2270 1189 2305 ³8
1216 2268 1285 2341 λ’,
1320 2270 1451 2325 ἐτῶν
1486 2267 1610 2326 061s
1644 2273 1696 2345 μ’
1720 2273 1908 2345 μόνον,

266 2359 416 2417 ἀλλὰ
444 2360 535 2416 καὶ
564 2359 753 2428 πλέον,
786 2361 851 2416 06
883 2359 1026 2415 πολὺ
1066 2364 1174 2415 τῶν
1202 2367 1242 2414 ν’
1287 2359 1628 2437 ἀφεστηκώς.
1676 2396 1739 2405 -
1788 2366 1911 2419 "O1:

267 2449 322 2505 ἐν
381 2451 427 2523 ᾧ
483 2453 660 2524 καιρῷ
710 2448 989 2524 παρέδωκε
1049 2454 1165 2512 τοῖς
1218 2452 1488 2523 μαθηταῖς
1539 2452 1567 2506 6
1606 2450 1802 2526 Κύριος
1851 2452 1913 2507 τὸ

264 2546 368 2609 τῆς
413 2545 607 2608 καινῆς
655 2536 920 2610 διαθήκης
970 2540 1288 2614 μυστήριον,
1346 2546 1407 2594 τὸ
1462 2540 1686 2613 νομικὸν
1752 2539 1915 2619 ἔφαγε

266 2629 478 2706 πᾶσχα’
511 2627 600 2682 καὶ
631 2626 713 2684 61:
746 2628 847 2683 οὐκ
872 2624 1040 2707 ἔφαγε
1054 2632 1350 2698 τηνικαῦτα
1370 2629 1433 2684 τὸ
1455 2630 1680 2703 νομικὸν
1706 2631 1910 2706 πάσχα.

268 2750 340 2759 ——
369 2719 495 2774 ’Ότι
534 2717 562 2771 6
594 2714 844 2795 χαλκοῦς
875 2713 1022 2794 ὄφις,
1073 2716 1128 2772 ὅν
1176 2716 1385 2791 ὕψωσεν
1437 2716 1487 2772 ἐν
1529 2722 1597 2791 τῇ
1643 2718 1835 2794 ἐρήμῳ
1884 2720 1912 2773 6

268 2809 503 2875 Μωσῆς,
532 2806 706 2868 τύπος
746 2807 813 2876 ἦν
840 2811 939 2861 106
971 2807 1262 2861 Δεσπὸτου·
1295 2807 1384 2862 καὶ
1424 2807 1508 2862 ὅτι
1538 2808 1669 2882 οὐχὶ
1717 2808 1910 2875 τύπος,

266 2894 413 2952 ἀλλὰ
462 2896 771 2958 ἀντίτυπος.
832 2928 899 2938 ——-
948 2899 1067 2951 ’Ότι
1113 2898 1141 2951 6
1184 2899 1243 2951 τὸ
1286 2896 1445 2951 ὠτίον
1495 2897 1767 2972 ἁπικτὲψχς
1816 2901 1912 2951 106

264 2983 468 3041 δούλου
500 2990 598 3042 τοῦ
628 2985 927 3063 ἀρχιερέως
960 2991 1158 3055 Θωμᾶς
1187 2987 1254 3056 ἦν
1287 3007 1298 3019 ο
1340 2988 1427 3042 καὶ
1482 2986 1566 3043 ὅτι
1616 2989 1750 3062 οὐχῖ
1789 2993 1912 3042 Θω-

2019 1913 2280 1969 Christus
2303 1916 2594 1973 tricesimo
2616 1920 2801 1975 aetatis
2833 1937 2986 1977 anno
3008 1924 3317 1982 cruciﬁxus
3341 1931 3447 1995 est,
3472 1931 3529 1983 et
3551 1944 3667 1983 non

2019 2002 2334 2069 tricesimo,
2350 2006 2451 2060 sed
2483 2006 2778 2064 tricesimo
2796 2011 2986 2067 tertio.
3006 2013 3074 2066 Et
3095 2030 3209 2068 non
3233 2015 3528 2072 tricesimo
3554 2021 3667 2071 ter-

2025 2092 2129 2157 tio,
2162 2094 2262 2148 sed
2288 2095 2769 2167 quadragesimo;
2804 2102 2860 2154 et
2889 2116 2995 2156 nec
3027 2101 3322 2158 tricesimo
3348 2104 3539 2172 tertio,
3564 2120 3669 2159 nec

2024 2180 2196 2235 etiam
2228 2182 2419 2237 solum
2444 2186 2915 2256 quadragesimo,
2940 2188 3040 2244 sed
3069 2189 3344 2263 amplius,
3371 2207 3487 2247 non
3523 2190 3672 2265 mul-

2023 2273 2143 2324 tum
2162 2287 2194 2325 a
2208 2271 2682 2343 quinquagesimo
2693 2275 3098 2335 distans.—Eo
3112 2284 3484 2353 temporequo
3497 2281 3672 2337 Jesus

2025 2357 2289 2415 Christus
2320 2360 2564 2417 tradidit
2593 2363 2899 2436 discipulis
2921 2367 3051 2422 novi
3073 2368 3431 2425 Testamenti
3455 2374 3671 2439 myste-

2026 2450 2198 2519 rium,
2222 2449 2435 2519 pascha
2452 2454 2777 2509 secundum
2797 2454 2984 2526 legem
3006 2457 3272 2524 comedit,
3287 2458 3509 2529 etquod
3529 2463 3670 2514 tunc

2025 2556 2140 2594 non
2159 2540 2470 2596 comederit
2488 2543 2705 2613 pascha
2719 2542 3226 2615 legale—Encas
3241 2563 3480 2618 serpens
3495 2563 3567 2617 qu
3580 2562 3671 2601 em

2024 2633 2212 2684 Moses
2236 2630 2293 2684 in
2315 2645 2507 2685 eremo
2536 2632 2736 2697 erexit,
2760 2637 2934 2704 typus
2963 2633 3073 2690 fuit
3092 2634 3327 2702 Christi,
3354 2639 3410 2690 et
3439 2650 3554 2689 non
3578 2639 3669 2706 ty—

2026 2735 2154 2789 pus,
2170 2719 2271 2773 sed
2291 2720 2835 2791 antitypus.—Fuit
2850 2721 3123 2791 Thomas,
3140 2724 3241 2795 qui
3264 2739 3427 2778 servo
3451 2720 3673 2779 summi

2024 2808 2342 2863 sacerdotis
2356 2807 2680 2864 auriculam
2698 2812 3018 2882 amputavit
3035 2831 3048 2880 ;
3065 2816 3120 2867 et
3135 2828 3246 2867 non
3264 2812 3375 2867 fuit
3389 2812 3664 2879 Thomas,

2024 2897 2122 2953 sed
2139 2896 2339 2952 Petrus
2350 2900 2510 2951 .——Te
2519 2914 2570 2951 m
2581 2914 2717 2969 pore
2729 2899 3012 2970 passionis
3025 2901 3208 2955 deitas
3223 2917 3251 2955 e
3266 2916 3505 2972 corpore
3517 2900 3679 2956 Chri-

2023 2987 2097 3042 sti
2115 2986 2595 3051 discessit,etnon
2612 2987 2961 3044 discessitab
2975 2989 3168 3045 anima
3184 3006 3332 3045 neca
3346 3006 3674 3062 corpore.—

266 3080 369 3149 μᾶς
418 3077 510 3144 ἦν,
557 3074 705 3131 ἁλλὰ
746 3076 975 3151 Πέτρος.
1026 3109 1095 3119 -—
1143 3077 1262 3131 Ὅτι
1313 3078 1444 3131 κατὰ
1482 3077 1571 3131 τὸν
1598 3078 1783 3152 καιρὸν
1811 3081 1907 3131 106

322 3168 367 3185 η.
508 3169 521 3185 .
567 3169 593 3185 η
641 3165 654 3185 .
787 3165 801 3185 ,
943 3166 954 3185 1
997 3168 1021 3185 η
1165 3171 1186 3181 υ
1285 3166 1297 3185 1
1592 3172 1615 3182 -
1653 3171 1689 3185 υ
1860 3172 1878 3181 -

2027 3074 2280 3130 Salvator
2311 3074 2527 3147 lytrum
2559 3093 2658 3144 pro
2694 3076 2948 3134 humano
2984 3094 3194 3150 genere
3222 3080 3670 3149 comprehenso,

260 3168 469 3231 πάθους
496 3169 532 3237 ἡ
567 3165 759 3236 θεότης
784 3165 1062 3243 ἐχωρίσθη
1094 3171 1191 3222 106
1231 3166 1482 3238 σώματος
1523 3172 1618 3223 106
1651 3171 1903 3242 Χριστοῦ·

261 3258 392 3331 [476
440 3257 533 3329 ΙΙ.]
581 3256 669 3311 καὶ
717 3255 801 3311 ὅτι
850 3252 972 3311 οὔτε
1017 3263 1118 3326 τῆς
1150 3259 1335 3332 ψυχῆς
1377 3254 1498 3312 οὔτε
1528 3261 1621 3311 106
1653 3258 1907 3330 σώματος

261 3348 298 3417 ἡ
358 3347 549 3416 θεότης
597 3344 898 3421 ἐχωρίσθη.
943 3378 1014 3387 --
1057 3347 1182 3403 "O1:
1232 3345 1432 3419 λύτρον
1475 3346 1587 3402 ἀντὶ
1634 3351 1731 3402 106
1779 3368 1905 3401 κατ-

259 3438 535 3514 εχομένου
564 3437 854 3514 ἀνθρώπου
891 3441 971 3509 τῷ
1009 3435 1194 3511 ἐχθρῷ
1248 3437 1311 3491 τὸ
1372 3437 1570 3493 οἶκεῖον
1633 3439 1660 3492 6
1715 3438 1909 3509 Σωτὴρ

258 3521 463 3581 ἔδωκεν
504 3528 667 3599 αἷμα,
700 3531 797 3582 106
828 3524 1031 3600 ἐχθροῦ
1062 3529 1224 3580 τοῦτο
1266 3526 1656 3602 αἱρησαμὲνου.
1708 3526 1797 3581 καὶ
1847 3526 1909 3581 16

260 3614 649 3688 ἀντικείμενον,
691 3615 766 3677 ὡς
816 3614 949 3693 οὐχὶ
995 3619 1075 3686 τῷ
1121 3612 1329 3692 ἐχθρῷ,
1376 3614 1523 3670 ἀλλὰ
1565 3619 1645 3687 τῷ
1678 3617 1791 3689 Θεῷ
1821 3614 1909 3670 καὶ

261 3705 439 3777 Πατρὶ
491 3707 831 3779 προσήνεγκε
891 3709 1076 3761 τοῦτο.
1144 3737 1215 3745 -
1279 3704 1402 3760 "O1:
1499 3709 1741 3775 κρεῖσσον
1822 3703 1912 3759 καὶ

2023 3165 2322 3237 proprium
2341 3164 2581 3222 inimico
2594 3166 2936 3237 sanguinem
2949 3167 3129 3236 dedit,
3147 3166 3387 3223 inimico
3406 3167 3559 3223 hunc
3573 3167 3672 3223 eli-

2018 3257 2285 3326 gente.Et
2304 3254 2655 3324 econtrario,
2673 3271 2785 3310 non
2807 3255 3067 3322 inimico,
3083 3258 3179 3312 sed
3202 3259 3316 3313 Deo
3336 3255 3491 3312 Patri
3510 3255 3669 3313 hunc

2018 3342 2249 3399 obtulit.
2274 3374 2341 3383 —
2360 3342 2683 3399 Gloriosius
2706 3348 2763 3399 et
2778 3345 3460 3401 admirabiliusChristus
3480 3362 3670 3401 resur-

2019 3431 2166 3487 rexit
2187 3448 2363 3504 quam
2387 3432 2443 3487 in
2468 3436 2664 3488 monte
2679 3434 3131 3506 transfiguratus
3151 3443 3253 3491 est.
3273 3439 3343 3491 Et
3360 3450 3672 3507 resurgens

2020 3537 2136 3577 non
2157 3521 2403 3576 mutavit
2422 3537 2634 3593 corpus
2658 3522 2715 3576 in
2738 3522 2980 3595 gloriam
3005 3524 3114 3580 sibi
3134 3524 3414 3593 debitam,
3431 3526 3528 3580 sed
3558 3525 3674 3580 tale

2025 3610 2543 3682 monstravitquale
2557 3617 2817 3668 eratante
2831 3613 3677 3684 mortem.Ethocquidemdicit

2020 3698 2287 3773 Cyrillus,
2327 3699 2429 3753 sed
2466 3699 2829 3754 contrarium
2864 3700 3178 3772 Dionysius
3216 3699 3672 3755 Alexandrinus.

262 3793 709 3867 θαυμασιώτερον
738 3798 842 3859 τῆς
890 3792 944 3849 ἐν
993 3798 1071 3867 τῷ
1131 3789 1245 3867 ὄρει
1297 3791 1773 3871 μεταμορφώσεως
1834 3791 2023 3861 ἀνέστη
2088 3790 2116 3843 ὁ
2174 3786 2579 3871 Χριστόςολκαὶ
2621 3786 2706 3840 ὅτι
2766 3787 2830 3841 οὗ
2905 3787 3386 3861 μετεστοιχεὶωσεν
3447 3786 3678 3846 ἀναστὰς

262 3885 327 3939 16
386 3888 545 3956 σῶμα
601 3883 736 3958 πρὸς
802 3881 955 3955 δόξαν
1009 3885 1111 3952 τὴν
1170 3886 1324 3954 αὐτῷ
1380 3869 1893 3957 κεχρεωστημένην,
1943 3879 2089 3936 ἀλλὰ
2137 3879 2386 3931 τοιοῦτον
2432 3869 2627 3944 ἔδειξεν
2680 3876 2795 3929 οἷον
2837 3874 2905 3944 ἦν
2958 3878 3048 3930 καί
3105 3876 3211 3948 πρὸ
3271 3878 3368 3930 106
3422 3875 3675 3932 θανάτου.

265 3974 367 4029 Καὶ
397 3977 562 4028 τοῦτο
605 3972 699 4046 μὶν
732 3971 879 4049 λέγει
912 3970 1213 4049 Κύριλλος,
1243 3972 1306 4028 16
1342 3970 1400 4027 δὲ
1428 3972 1700 4027 ἀντίθετον
1734 3973 1761 4026 6
1789 3967 2199 4043 Ἀλεξανδρείας
2241 3966 2547 4029 Διονύσιος.

338 4065 465 4139 [901
501 4065 592 4137 R.]
631 4066 754 4122 ’Ότι
807 4062 858 4119 ἐν
904 4068 972 4139 τῇ
1022 4060 1301 4139 δωδεκάτῃ
1343 4068 1439 4119 106
1488 4064 1710 4137 πρώτου
1747 4064 1918 4136 μηνὸς

264 4150 469 4225 ἤλειφε
495 4154 586 4208 τὸν
621 4154 824 4228 Κύριον
855 4155 890 4222 ἡ
922 4150 1103 4226 Μαρία
1132 4155 1177 4190 ³³
1210 4153 1366 4227 μύρῳ
1399 4151 1450 4207 ἐν
1493 4151 1639 4224 οἰκίᾳ
1670 4152 1919 4226 Σίμωνος

264 4244 367 4296 106
427 4238 658 4314 λεπροῦ,
717 4239 768 4294 ἐν
830 4236 886 4294 δὲ
936 4243 1004 4313 τῇ
1064 4244 1133 4315 ιγ’
1189 4241 1253 4295 τὸ
1323 4241 1580 4313 μυστικὸν
1628 4238 1843 4296 δεῖπνον
1892 4241 1920 4295 ὁ

270 4327 477 4401 Κύριος
524 4326 864 4405 παραδίδωσι
911 4334 1028 4391 τοῖς
1085 4331 1375 4403 μαθηταῖς,
1426 4330 1479 4385 ἐν
1519 4327 1576 4385 δὲ
1624 4334 1693 4404 τῇ
1757 4328 1819 4385 ιδ’
1856 4333 1919 4386 16

272 4419 556 4492 σωτήριον
613 4418 816 4488 ὑπέστη
881 4419 1076 4486 πάθος,
1137 4417 1191 4474 ἐν
1258 4416 1315 4474 δὲ
1370 4422 1438 4493 τῇ
1499 4422 1554 4474 ιε’
1611 4418 1671 4475 ἐκ
1722 4424 1920 4494 νεκρῶν

268 4504 495 4576 ἀνέστη,
525 4507 613 4561 καὶ
634 4511 703 4581 τῇ
741 4509 806 4570 ις’
829 4508 874 4543 ⁴⁰
901 4504 1203 4585 ἀνελήφθη·
1237 4506 1274 4577 ἤ
1306 4506 1414 4586 οὐχ
1444 4507 1641 4579 οὕτως,
1676 4507 1821 4564 ἀλλὰ
1849 4511 1918 4583 τῇ

2100 4061 2454 4119 Duodecimo
2477 4057 2650 4131 primi
2672 4058 2885 4113 mensis
2908 4057 3203 4114 Christum
3220 4058 3400 4113 Maria
3420 4057 3481 4113 in
3504 4058 3677 4114 domo

2031 4150 2289 4207 Simonis
2329 4147 2546 4219 leprosi
2598 4154 2892 4216 unguento
2940 4146 3123 4216 unxit,
3155 4154 3209 4202 et
3249 4147 3480 4202 decimo
3508 4146 3681 4202 tertio

2030 4239 2296 4296 Christus
2336 4253 2558 4293 sacram
2606 4252 2833 4293 umnam
2878 4235 3183 4309 discipulis
3223 4235 3402 4292 dedit.
3453 4235 3681 4292 Decimo

2029 4331 2235 4399 quarto
2257 4327 2571 4382 salutarem
2605 4324 2934 4398 passionem
2980 4325 3181 4383 subiit.
3219 4325 3448 4381 Decimo
3481 4324 3681 4396 quinto

2032 4416 2349 4475 resurrexit
2390 4434 2421 4471 a
2462 4414 2727 4485 mortuis,
2759 4421 2817 4473 et
2861 4416 3089 4473 decimo
3135 4421 3296 4472 sexto
3342 4422 3680 4486 assumptus

2029 4513 2139 4564 est.
2168 4505 2268 4562 Vel
2305 4522 2418 4561 non
2448 4505 2645 4562 291a
2675 4506 2787 4562 ita:
2822 4506 2922 4562 sed
2954 4505 3179 4561 decimo
3212 4510 3418 4577 quarto
3458 4518 3683 4560 sacram

272 4594 376 4668 μὲν
419 4592 481 4649 ιδ’
511 4596 574 4649 16
607 4593 866 4663 μυστικὸν
911 4590 1077 4672 ἔφαγε
1126 4593 1365 4667 δεῖπνον,
1413 4601 1482 4671 τῇ
1533 4595 1588 4652 δὲ
1641 4600 1696 4653 ιε’
1744 4598 1911 4654 ἐσταυ-

2033 4614 2255 4654 coenam
2299 4596 2696 4661 manducavit,
2726 4596 2950 4651 decimo
2997 4596 3198 4667 quinto
3228 4594 3541 4650 cruciﬁxus
3571 4597 3682 4661 est,

272 4684 453 4758 ρώθη,
502 4682 693 4752 ἀνέστη
738 4682 794 4737 δὲ
833 4687 900 4757 τῇ
944 4687 1011 4747 ις’
1060 4684 1129 4740 ⁴¹.
1162 4684 1197 4754 ἢ
1239 4685 1323 4741 ὅτι
1375 4684 1501 4741 οὐδὲ
1555 4691 1735 4758 τοῦτο,
1798 4686 1925 4744 ἀλλ’

270 4774 364 4829 ὅτι
417 4774 723 4847 τριήμερος
787 4772 882 4847 μὲν
939 4772 1027 4827 καὶ
1082 4772 1136 4828 ἐν
1201 4778 1271 4847 τῇ
1314 4779 1554 4851 Κυριακῇ
1614 4774 1830 4853 γέγονεν
1888 4780 1923 4847 ἡ

266 4868 374 4921 106
431 4864 641 4940 Κυρίου
697 4863 1010 4936 ἀνάστασις,
1070 4867 1156 4921 καὶ
1223 4867 1358 4939 μετᾶ
1426 4872 1482 4940 μ’
1565 4867 1776 4943 ἡμέρας
1835 4870 1929 4925 ἆν-

268 4953 518 5033 ελήφθη.

346 5043 474 5100 ’Ότι
531 5039 639 5098 ἀπὸ
694 5048 801 5112 τῆς
842 5042 1071 5111 ὲσπέρας
1125 5050 1229 5114 τῆς
1286 5045 1342 5116 ε’,
1403 5045 1492 5100 ὅτε
1548 5046 1610 5103 16
1671 5048 1929 5121 μυστικὸν

268 5131 497 5189 δεῖπνον
545 5132 574 5186 6
610 5131 811 5206 Κύριος
854 5129 1148 5207 παρεδίδου
1199 5138 1317 5197 τοῖς
1370 5136 1662 5209 μαθηταῖς,
1710 5136 1833 5192 τότε
1870 5137 1933 5191 τὸ

267 5226 444 5297 σῶμα
470 5220 635 5277 αὐτοῦ
664 5219 900 5277 ἐτέθυτο.

341 5374 360 5427 i
406 5370 587 5427 Maro.
620 5387 743 5439 xui,
776 5372 867 5427 32.
898 5371 928 5414 ἱ
958 5372 1094 5428 Luc.
1122 5389 1223 5439 vn,
1254 5373 1344 5428 28.

2035 4687 2263 4743 decimo
2294 4691 2456 4742 sexto
2500 4684 2837 4741 resurrexit.
2887 4683 2988 4740 Vel
3035 4699 3225 4755 neque
3255 4683 3385 4749 hoc,
3417 4682 3519 4739 sed
3553 4685 3685 4753 post

2036 4779 2319 4846 triduum,
2364 4781 2422 4834 et
2460 4778 2520 4834 in
2560 4776 2866 4833 Dominica
2910 4775 3060 4831 facta
3104 4778 3194 4830 est
3233 4771 3600 4838 resurrectio,
3630 4774 3688 4826 et

2038 4873 2170 4944 post
2201 4868 2588 4942 quadraginta
2616 4867 2739 4924 dies
2772 4869 3113 4938 assumptus
3143 4869 3253 4922 est.

2110 5051 2156 5105 A
2184 5066 2419 5121 vespera
2445 5049 2650 5122 quinta
2672 5063 2801 5105 cum
2832 5046 3109 5104 Dominus
3132 5061 3357 5102 umnam
3385 5039 3690 5115 discipulis

2043 5138 2220 5205 dedit,
2254 5144 2391 5196 tunc
2420 5154 2628 5210 corpus
2659 5153 2836 5194 suum
2868 5134 3240 5193 sacriﬁcavit.

1647 5488 1888 5547 VARI/E
1932 5489 2225 5545 LECTION
2233 5488 2332 5545 ES.

347 5612 837 5693 “lapala:a§._
890 5614 999 5693 37}
1032 5621 1103 5693 et_
1127 5617 1190 5672 τὸ
1204 5623 1273 5693 et
1300 5620 1546 5693 alterum
1579 5621 1615 5693 6
1640 5622 1773 5678 add.
1805 5624 1870 5681 A.
1946 5620 1995 5657 ³³
2033 5619 2154 5676 οὕτε
2186 5623 2225 5677 Β
2270 5639 2282 5677 :
2316 5618 2379 5675 οὐ
2414 5620 2477 5693 ς·
2484 5663 2496 5677 ,
2574 5619 2621 5656 3°
2663 5620 2738 5676 cf.
2797 5619 3015 5677 Suicer.
3075 5618 3273 5675 Thess.
3333 5634 3375 5687 1,
3442 5633 3495 5691 p.
3566 5618 3692 5674 386.

273 5691 328 5728 4°
363 5683 911 5763 ις’]’ἒξακαιδὶκάτῃ
943 5689 1006 5745 B.
1083 5689 1131 5729 ⁴ί
1168 5690 1282 5765 ις’]
1313 5688 1692 5767 ὲξακαιδεκάτῃ
1726 5695 1788 5751 Β.
