4138 6228
572 342 725 405 1103

1763 328 2027 393 PHOTII
2074 327 2599 388 PATRIARCHE
2642 330 2759 390 CP.

3806 334 3955 395 1104

635 480 926 533 Hactenus
957 472 1190 543 quidem
1233 470 1303 523 de
1333 466 1746 522 communibus
1788 461 2067 518 doctrinis
2102 460 2171 515 Ec

2283 520 2284 524 η
2390 458 2567 534 Μέχρι
2603 462 2695 533 μὲν
2721 458 2812 515 οὐν
2861 459 3070 516 τουτων
3132 459 3251 534 περί
3297 464 3408 515 τῶν
3458 464 3659 516 κοινῶν
3705 467 3804 529 τῆς
3847 467 3958 522 Ἔχ.

563 567 751 623 οιοείω
785 568 841 619 et
882 558 1306 633 questionibus
1339 572 1440 627 per
1482 555 1680 611 omnia
1711 555 1826 608 fere
1865 551 2056 620 capita
2086 551 2205 604 dis-

562 653 759 720 seruit,
790 650 1130 722 plerumque
1154 662 1255 717 per
1286 642 1576 700 contraria
1600 640 1935 697 testimonia
1958 639 2201 693 alteram

559 738 1034 797 contradictionis
1062 742 1279 805 partem
1299 733 1671 798 conﬁrmans,
1691 746 1864 800 pauca
1880 745 2008 783 vero
2029 728 2202 782 unius

557 829 847 900 opinionis
867 824 1216 881 testimoniis
1238 823 1610 878 conﬁrmans.
1659 822 1802 874 Hinc
1822 824 2015 873 autem
2041 833 2200 888 quaa-

555 921 689 973 dam
724 919 913 988 capita
944 913 1317 986 particularia
1349 928 1591 966 numero
1623 909 1944 964 octodecim
1970 910 2195 974 tractat,

553 1012 649 1064 ut:
700 1005 911 1068 Quales
956 1003 1258 1074 opiniones
1292 998 1555 1054 habuerit
1586 998 1833 1052 Severus
1863 997 1932 1050 de
1975 996 2196 1049 sanctis

549 1095 821 1151 Ecclesia:
869 1091 1315 1149 sacerdotibus?
1358 1094 1413 1144 et
1456 1088 1746 1159 quomodo
1778 1087 1993 1141 sentiat
2022 1086 2089 1138 de
2122 1084 2194 1139 iis

548 1202 673 1255 quae
706 1184 861 1239 dicta
906 1186 1042 1237 sunt
1072 1198 1104 1235 a
1153 1178 1364 1251 Cyrillo
1396 1182 1453 1231 et
1497 1180 1719 1230 Joanne
1750 1176 1809 1229 in
1851 1172 2097 1244 epistola
2121 1174 2192 1227 ad

549 1274 833 1331 Thomam
870 1270 1257 1327 Germaniceze
1288 1267 1674 1338 episcopum?
1702 1269 1759 1319 et
1790 1264 1939 1335 quod
1970 1279 2031 1318 ea
2064 1280 2191 1334 quae

546 1364 702 1420 dicta
733 1366 872 1417 sunt
904 1362 973 1416 de
1007 1357 1432 1415 restauratione
1463 1372 1655 1410 rerum
1690 1370 1720 1409 a
1752 1352 2027 1423 Gregorio
2051 1352 2192 1423 Nys-

543 1468 681 1508 seno
703 1468 816 1506 non
840 1450 1062 1521 probet,
1088 1463 1277 1517 neque
1299 1445 1535 1515 Papiam
1562 1444 1896 1515 episcopum
1924 1441 2191 1512 Hieropo-

542 1542 816 1607 litanum,
851 1546 904 1595 et
934 1542 1272 1607 martyrem,
1315 1551 1420 1591 nec
1452 1538 1720 1589 sanctum
1767 1532 2043 1586 Irenaeum
2076 1530 2185 1584 Lu-

540 1631 930 1703 gdunensem,
954 1626 1054 1682 ubi
1082 1626 1284 1681 dicunt
1306 1640 1550 1695 regnum
1583 1622 1859 1677 caelorum
1890 1636 2019 1675 esse
2044 1620 2183 1675 frui-

538 1720 753 1775 tionem
788 1718 1105 1791 quamdam
1148 1716 1410 1771 ciborum
1443 1712 1837 1769 sensibilium.

536 1806 920 1885 Λουγδούνων,
1011 1805 1061 1860 ἐν
1148 1808 1231 1867 οἷς
1317 1802 1567 1880 λέγουσιν

536 1898 706 1956 λείαν.

605 1992 783 2047 Divus
802 1989 1055 2047 Basilius
1077 1992 1348 2043 sanctum
1372 1985 1702 2057 Dionysium
1723 1982 2177 2040 Alexandrinum
2212 1985 2255 2048 Β

532 2082 591 2137 in
620 2081 761 2136 locis
786 2079 987 2134 multis
1008 2094 1121 2133 non
1140 2077 1414 2142 admittit,
1440 2075 1695 2129 maxime
1715 2072 1809 2127 ubi
1832 2072 2179 2126 Arianorum

530 2168 791 2224 haeresim
814 2168 1140 2224 conﬁrmat.
1166 2165 1427 2221 Defendit
1451 2164 1617 2218 illum
1638 2177 1750 2215 non
1772 2165 1835 2215 ut
1856 2160 2035 2229 impia
2056 2176 2180 2214 sen-

531 2258 793 2325 tientem,
810 2258 909 2312 sed
935 2256 1089 2329 quod
1113 2255 1295 2310 nimio
1319 2253 1637 2309 Sabellium
1662 2250 2032 2322 oppugnandi
2059 2254 2177 2303 stu-

529 2347 625 2402 dio
646 2346 819 2401 verbo
842 2350 1013 2401 tenus
1036 2344 1092 2399 in
1118 2342 1469 2399 contrariam
1496 2339 1792 2395 deﬂexerit
1815 2337 2171 2409 Opinionem.

528 2437 675 2505 Quin
710 2440 769 2492 et
801 2436 872 2491 de
902 2434 1120 2507 Spiritu
1165 2436 1367 2488 sancto
1406 2430 1585 2501 impia
1614 2428 1781 2483 illum
1826 2427 2000 2481 verba
2031 2427 2171 2481 fun-

524 2530 679 2585 dere.
735 2558 799 2568 -—
833 2525 1077 2597 Magnus
1123 2522 1479 2579 Athanasius
1520 2520 1674 2574 hunc
1718 2516 2060 2588 Dionysium
2103 2516 2171 2570 de

525 2616 753 2675 fendit:
805 2616 1125 2686 Dionysius,
1187 2611 1400 2683 inquit,
1476 2624 1759 2681 nunquam
1814 2607 1993 2661 sensit
2048 2622 2171 2659 cum

524 2711 773 2777 Arianis,
819 2724 916 2763 nec
955 2706 1240 2763 veritatem
1282 2705 1580 2774 ignoravit,
1631 2717 1729 2755 nec
1773 2701 1844 2755 ab
1884 2699 2015 2753 aliis
2053 2698 2169 2768 epi-

522 2800 697 2869 εσορίδ
729 2796 1037 2870 impietatis
1058 2796 1347 2850 damnatus
1375 2802 1472 2858 est,
1504 2808 1604 2847 nec
1633 2792 1877 2846 Arianae
1907 2804 2057 2843 voces
2086 2788 2165 2841 lo-

521 2898 679 2942 cutus
720 2890 818 2952 est,
860 2895 1121 2958 tanquam
1162 2885 1429 2939 docendo.
1478 2882 1626 2946 Quin
1673 2885 1729 2934 et
1771 2877 2167 2933 Theodoretus

525 2979 727 3032 eadem
762 2977 831 3031 de
871 2976 979 3030 hoc
1015 2973 1283 3045 Dionysio
1328 2972 1518 3027 habet.
1555 3001 1617 3010 —
1661 2968 1917 3040 Apponit
1946 2968 2011 3021 ad
2047 2966 2166 3021 haec

522 3067 884 3129 testimonia,
918 3069 975 3119 et
1005 3063 1295 3133 quomodo
1324 3059 1676 3131 Theophilus
1709 3064 1918 3114 etcum
1954 3072 2019 3112 eo
2046 3060 2167 3110 tota

519 3155 779 3227 synodus
812 3169 950 3224 erga
978 3152 1213 3206 beatum
1238 3154 1523 3205 Joannem
1564 3147 2041 3219 Cbrysostomum
2079 3144 2160 3199 af-

518 3242 665 3297 fecta
690 3237 1222 3305 fuerit.—Qualem
1245 3237 1556 3292 habuerint
1575 3235 1882 3306 opnionem
1905 3233 1975 3287 de
1999 3232 2165 3287 beato

2316 547 2548 617 κλησίας
2608 547 2893 626 δογμάτων
2952 572 3011 605 τε
3068 550 3157 604 καὶ
3219 552 3550 623 ζητημάτων
3608 558 3811 626 μικροῦ
3877 553 3955 611 διὰ

2314 639 2527 693 πάντων
2558 644 2665 693 τῶν
2695 638 3007 716 κεφαλαίων
3038 639 3275 694 ἐποιεῖτο
3323 640 3415 694 τὸν
3462 639 3647 714 λόγον,
3695 644 3763 696 τὰ
3809 643 3953 699 πλεῖ-

2314 748 2409 780 στα
2462 729 2555 800 μὲν
2601 727 2669 782 δι’
2724 730 3113 801 ἀντικειμένων
3174 730 3427 807 χρήσεων
3489 731 3747 807 ἒκατερου
3804 734 3952 805 μέρος

2306 823 2405 885 τῆς
2454 818 2771 878 ἀντιθέσεως
2822 818 3145 891 ἐπικουρῶν,
3194 817 3355 893 ὀλίγα
3405 815 3461 872 δὲ
3506 820 3593 873 καὶ
3629 824 3950 896 μονομερέσι

2312 908 2631 980 μαρτυρίαις
2685 903 3033 965 ἐπιϐεϐαιῶν.
3098 909 3373 962 Ἐντεῦθεν
3447 906 3504 962 δὲ
3585 911 3711 982 περί
3798 933 3947 967 τινων

2311 993 2496 1049 ἷδικῶν
2530 996 2841 1074 κεφαλαίων
2891 999 2983 1052 τὸν
3023 998 3252 1071 ἀριθμὸν
3305 996 3677 1053 ὀκτωκαίδεκα
3728 997 3953 1074 διαλαμ-

2307 1080 2471 1152 ϐάνει,
2509 1089 2623 1140 οἷον
2652 1089 2798 1148 τίνας
2832 1088 2973 1162 εἶχεν
3022 1085 3328 1160 ὑπολήψεις
3380 1082 3625 1161 Σεόῆρος
3673 1092 3803 1163 περί
3850 1097 3946 1146 τῶν

2301 1182 2400 1243 τῆς
2459 1175 2789 1244 Ἐκκλησίας
2833 1176 2998 1229 ὁσίων
3063 1180 3464 1250 μυσταγωγῶνς
3523 1177 3615 1230 καί
3671 1177 3828 1240 ὅπως
3875 1178 3949 1233 δι-

2302 1264 2453 1333 ετέθη
2488 1266 2623 1337 πρὸς
2661 1266 2726 1319 τὰ
2756 1265 3018 1338 εἶρημένα
3054 1266 3199 1331 παρὰ
3242 1264 3510 1338 Κυρίλλου
3562 1268 3650 1320 καὶ
3703 1268 3949 1324 Ἰωάννου

2300 1349 2349 1405 ἐν
2402 1357 2469 1425 τῇ
2519 1354 2653 1426 πρὸς
2705 1361 2904 1426 Θωμᾶν
2951 1355 3044 1408 τὸν
3086 1353 3377 1409 ἐπίσκοπον
3407 1356 3828 1428 Γερμανικείας;
3869 1361 3947 1413 καὶ

2299 1443 2381 1495 ὅτι
2431 1447 2509 1513 τῷ
2560 1442 2611 1496 ἐν
2660 1443 2835 1519 ἁγίοις
2882 1443 3196 1517 Γρηγορίῳ,
3248 1442 3329 1515 τῷ
3369 1442 3649 1516 ἐπισκὸπῳ
3712 1447 3948 1517 Νύσης,

2294 1532 2358 1585 τά
2409 1532 2672 1607 εἰρημένα
2716 1536 2840 1607 περὶ
2891 1534 3381 1596 ἀποκαταστάσεως
3444 1534 3543 1589 οὐκ
3594 1533 3946 1609 ἀποδέχεται,

2299 1620 2360 1675 οὐ
2396 1624 2505 1693 μὴν
2537 1621 2665 1677 ἀλλ’
2698 1622 2823 1677 οὐδὲ
2856 1624 3068 1678 Παπίαν
3106 1624 3198 1678 τὸν
3247 1624 3603 1699 ’[εραπόλεως
3650 1602 3943 1683 ἐπίσκοπον

2298 1712 2386 1764 καὶ
2450 1712 2718 1786 μάρτυρα,
2771 1710 2895 1767 οὐδέ
2944 1712 3233 1788 Εἷ’ρηναῖον
3294 1714 3381 1768 τὸν
3442 1712 3590 1768 ὅσιον
3649 1713 3944 1770 ὲπίσκοπου

1662 1800 1938 1870 αἶ’σθῆτῶν
1992 1821 2149 1854 τινων
2214 1800 2518 1875 βρωμάτων
2576 1801 2879 1858 ἀπόλαυσιν
2940 1803 3069 1859 εἶναι
3145 1806 3245 1873 τήν
3310 1808 3417 1859 τῶν
3485 1805 3730 1879 οὐρανῶν
3800 1808 3945 1879 βασι-

2356 1983 2480 2037 ’Ὀτι
2515 1981 2795 2045 Βασίλειος
2827 1985 2853 2037 6
2886 1983 2936 2038 ἐν
2970 1985 3147 2059 ἁγίοις
3194 1986 3283 2039 τὸν
3322 1986 3375 2039 ἐν
3430 1984 3603 2063 ἁγίοις
3651 1989 3941 2041 Διονύσιον

2292 2069 2695 2143 Ἀλεξανδρείας
2746 2072 2843 2127 οὐκ
2893 2074 2944 2127 ἐν
3005 2073 3241 2137 πολλοῖς
3299 2072 3649 2150 ἀποδέχεται,
3697 2078 3943 2146 μάλιστα

2291 2158 2347 2214 δὲ
2400 2159 2452 2215 ἐν
2504 2165 2589 2226 οἷς
2636 2165 2698 2217 τὸ
2746 2165 3033 2239 Ἀρειανῶν
3084 2160 3236 2226 ἔθνος
3289 2164 3636 2239 ἐπερείδεται.
3695 2167 3941 2222 Ἀπολοο

2289 2252 2465 2323 γεῖτάι
2490 2248 2545 2305 δῖε
2579 2254 2708 2327 ὑπὲρ
2736 2255 2903 2308 αὐτοῦ
2937 2255 3010 2316 ὡς
3042 2254 3140 2309 οὐκ
3180 2250 3363 2309 ἀσεϐεῖ
3408 2256 3627 2331 γνώμῃ,
3685 2256 3842 2331 μάχῃ
3887 2256 3939 2313 δὲ

2286 2343 2354 2412 τῇ
2387 2342 2524 2414 πρὸς
2560 2338 2871 2397 Σαϐέλλιον
2902 2344 2977 2405 εἷς
3018 2346 3118 2413 τὴν
3169 2346 3439 2399 ἀντίθετον
3480 2346 3614 2399 κατά
3671 2347 3807 2408 τούς
3857 2346 3941 2401 λου

2285 2449 2413 2504 γους
2491 2441 2893 2507 περιτραπῆναι
2952 2432 3284 2510 δυσφημίαν.
3355 2433 3429 2491 Οὐ
3493 2437 3604 2507 μὴν
3650 2433 3805 2489 ἀλλα
3851 2438 3935 2490 καὶ

2284 2518 2408 2591 περὶ
2450 2524 2548 2573 τοῦ
2595 2522 2907 2594 Πνεύματος
2954 2522 3057 2577 οὐκ
3109 2524 3321 2597 εὐαγεῖς
3372 2524 3533 2578 αὐτὸν
3586 2524 3804 2601 ἀφεῖναι
3836 2548 3936 2601 rgo)-

2283 2606 2396 2666 νάς.
2430 2641 2498 2649 —
2529 2608 2703 2665 Ἀλλά
2735 2613 2823 2665 καὶ
2849 2612 2877 2665 6
2908 2611 3075 2686 μέγας
3097 2612 3414 2675 Ἀθανάσιος
3436 2617 3531 2667 τοῦ
3554 2612 3724 2667 αὐτοῦ
3748 2616 3936 2686 ἀνδρὸς

2282 2697 2563 2751 Διονυσίου
2621 2700 3139 2775 ὑπεραπολογεῖται·
3190 2701 3265 2757 Τὰ
3316 2703 3415 2776 γάρ
3474 2702 3721 2775 Ἀρείου,
3778 2704 3934 2778 τησῖ,

2283 2784 2569 2849 Διονύσιος
2658 2786 2786 2845 οὔτε
2871 2790 3137 2866 ἐφρόνησε
3228 2811 3380 2858 ποτε,
3469 2790 3595 2845 οὗτε
3688 2794 3934 2868 ἡγοὸησε

2282 2876 2407 2947 [477
2442 2879 2534 2949 Η]
2590 2879 2690 2947 τήν
2750 2879 3053 2949 ἀλήθειαν·
3116 2878 3236 2935 οὔτε
3292 2881 3395 2955 γὰρ
3453 2881 3538 2958 ὑφ’
3598 2881 3792 2953 ἑτέρων
3820 2884 3936 2935 ἐπι-

2280 2964 2498 3020 σκόπων
2550 2966 2631 3022 ἐπ’
2683 2964 2900 3041 ἀσεϐείᾳ
2946 2972 3317 3044 κατεγνώσθη,
3387 2967 3510 3023 οὔτε
3566 2970 3655 3029 τὰς
3711 2969 3932 3042 Ἀρειας

2278 3056 2431 3117 νικὰς
2483 3056 2663 3131 φωνὰς
2713 3056 3000 3135 ἐφθέγγετο
3050 3060 3123 3121 ὡς
3180 3057 3547 3134 δογματίζων.
3614 3056 3787 3113 Ἀλλᾶ
3842 3061 3933 3112 καὶ

2278 3144 2632 3220 Θεοδώρητος
2664 3148 2789 3209 τοὺς
2825 3148 3019 3211 αὐτοὺς
3072 3150 3199 3222 ὑπὲρ
3250 3153 3346 3203 τοῦ
3394 3147 3691 3221 εἰρημένου
3744 3156 3928 3202 Διονυ-

2276 3237 2395 3289 σίου
2429 3235 2729 3309 λογισμοὺς
2762 3234 3114 3295 ἀποδίδωσιν.
3160 3270 3227 3279 --
3277 3244 3394 3292 Ἐτι
3438 3238 3542 3309 μὴν
3594 3240 3930 3306 παρατίθησι

3228 2811 3380 2858 ποτε,

513 3332 738 3389 Joanne
769 3333 1186 3404 Chrysostomo
1219 3330 1490 3400 episcopo
1524 3324 2162 3394 Constantinopolitano

2283 3327 2597 3400 μαρτυρίας,
2630 3329 2719 3381 καὶ
2752 3327 2901 3390 ὅπως
2937 3330 3030 3401 μέν
3066 3326 3278 3397 διετέθη
3312 3327 3577 3405 Θεόφιλος
3607 3330 3695 3382 καὶ
3750 3332 3783 3396 ἡ
3844 3328 3931 3382 συν

515 3418 759 3493 Cyrillus
790 3424 846 3475 et
878 3418 1123 3474 Atticus.
1158 3447 1223 3458 —
1258 3417 1401 3480 Quid
1437 3414 1687 3471 senserit
1718 3418 1957 3468 sanctus
1992 3411 2167 3466 Isido-

514 3525 615 3564 rus
670 3508 957 3564 Pelusiota
996 3508 1067 3562 de
1110 3504 1431 3575 Theophilo
1471 3512 1523 3558 et
1554 3501 1765 3574 Cyrillo
1806 3501 2165 3556 Alexandriae

511 3597 821 3669 episcopis,
848 3597 1031 3668 deque
1060 3599 1283 3651 Joanne
1314 3593 1727 3665 Chrysostomo
1754 3609 1766 3659 ;
1792 3591 1921 3645 illos
1964 3588 2116 3645 29]
2136 3589 2163 3641 b

508 3687 625 3743 odii
656 3703 793 3759 erga
829 3688 1115 3743 Joannem
1156 3686 1634 3753 Chrysostoznum
1669 3682 1981 3747 accusavit,
2006 3681 2163 3735 hunc

512 3792 646 3833 vero
690 3777 943 3832 laudavit
986 3781 1043 3831 et
1092 3774 1286 3831 coluit.
1346 3805 1409 3814 —
1463 3774 1728 3839 Severus,
1768 3772 2056 3839 impulsus
2102 3772 2165 3823 ut

522 3866 753 3922 beatum
783 3866 1068 3921 Isidorum
1097 3864 1565 3936 reprehenderet,
1592 3880 1703 3916 non
1730 3862 1957 3915 inventa
1986 3878 2163 3915 causa

516 3957 736 4027 aliqua,
760 3955 987 4026 afﬁngit
1027 3954 1109 4009 illi
1149 3955 1301 4025 quod
1322 3970 1456 4010 cum
1490 3952 1735 4023 Origene
1766 3952 2029 4014 senserit,
2054 3951 2161 4005 etsi

514 4045 667 4100 idem
702 4045 910 4099 iterum
948 4061 1046 4115 per
1077 4059 1226 4112 sese,
1260 4062 1290 4097 ιι
1322 4044 1561 4098 veritate
1593 4047 1905 4111 superatus
1928 4042 1983 4095 id
2009 4056 2161 4095 revo-

512 4138 703 4189 cet.—-
721 4135 805 4188 Ad
828 4133 949 4188 haec
972 4133 1202 4204 qualem
1227 4131 1559 4204 Opinionem
1580 4131 1844 4185 habuerit
1867 4130 2159 4201 Hyppoly-

511 4227 607 4278 tus
630 4230 681 4278 et
705 4222 1063 4294 Epiphanius
1081 4224 1151 4276 de
1174 4221 1409 4277 Nicolao
1434 4237 1461 4277 e
1480 4226 1703 4291 septem
1726 4219 1987 4273 diaconis
2012 4234 2153 4273 uno:

510 4317 567 4367 et
597 4312 748 4381 quod
774 4310 962 4366 valide
985 4311 1152 4365 illum
1193 4311 1601 4365 condemnent.
1626 4340 1694 4349 —
1728 4308 1964 4363 Divinus
1994 4310 2155 4378 Igna-

510 4401 629 4456 tius
660 4406 717 4455 et
764 4401 1031 4457 Clemens
1077 4402 1459 4466 Stromnteus,
1510 4399 1793 4455 Eusebius
1843 4398 2153 4469 Pamphili,

508 4488 901 4545 Theodoretus
932 4490 1060 4562 Cyri
1094 4488 1401 4560 episcopus
1423 4489 1836 4543 Nicolaitarum
1871 4488 2155 4542 damnant

509 4576 797 4646 haeresim,
830 4579 927 4632 sed
956 4580 1143 4648 ipsum
1171 4577 1466 4632 Nicolaum
1494 4576 1664 4631 talem
1700 4576 1879 4631 fuisse
1916 4580 2149 4645 negant.

2275 3414 2420 3485 αὐτῷ
2454 3413 2677 3477 σύνοδος
2712 3418 2847 3492 πρὸς
2886 3420 2979 3472 τὸν
3032 3417 3081 3472 ἐν
3126 3417 3306 3493 ἁγίοις
3355 3418 3605 3487 Ἰωάννην
3646 3418 3739 3471 τὸν
3788 3426 3931 3492 X99-

2276 3506 2550 3574 σόστομον
2589 3526 2600 3537 ·
2654 3506 2744 3559 καὶ
2792 3506 2950 3568 ποίας
2998 3505 3128 3582 ἔσχε
3176 3504 3331 3575 δόξας
3391 3508 3635 3569 Ἀττικὸς
3672 3507 3764 3559 καὶ
3826 3508 3935 3563 Κῦο

2278 3592 2470 3668 ριλλος
2530 3596 2654 3669 περὶ
2727 3599 2825 3650 τοῦ
2883 3597 3049 3650 αὐτοῦ
3113 3596 3417 3671 ἁγιωτάτου
3477 3597 3730 3652 Ἰωάννου
3783 3599 3938 3651 Κων-

2277 3682 2802 3745 σταντινουπόλεως’
2836 3686 2922 3738 καὶ
2958 3684 3080 3745 οἵας
3127 3678 3283 3757 ἔσχεν
3333 3682 3641 3756 ὑπολήψεις
3680 3685 3708 3737 6
3758 3684 3934 3737 εὐλα-

2273 3766 2529 3831 ϐέστατος
2579 3770 2861 3846 Ἰσίδωρος
2914 3775 2940 3827 6
2981 3778 3078 3828 τοῦ
3130 3772 3444 3841 Πηλουσίου
3498 3774 3621 3847 περί
3655 3771 3932 3843 Θεοοίλου

2271 3862 2359 3913 καὶ
2410 3860 2690 3934 Κυρίλλου
2738 3866 2846 3916 τῶν
2896 3860 3304 3932 Ἀλεξανδρείας
3355 3863 3629 3936 ἱεραργῶν
3676 3862 3929 3935 καὶπερὶ

2270 3953 2366 4002 τοῦ
2416 3949 2467 4003 ἐν
2520 3949 2691 4024 ἁγίοις
2744 3952 2997 4007 Ἰωάννου
3046 3955 3142 4005 τοῦ
3182 3950 3593 4025 Χρυσοστόμου,
3664 3951 3742 4011 ὡς
3795 3952 3929 4009 τοὺς

2273 4039 2366 4109 μὲν
2416 4036 2571 4092 ἕνεκα
2626 4046 2726 4108 τῆς
2784 4040 2919 4110 πρὸς
2978 4044 3069 4093 τὸν
3157 4042 3543 4113 Χρυσόστομον
3631 4040 3928 4114 ἀπεχθείας

2269 4125 2500 4197 ἐκάκιζε,
2567 4130 2659 4183 τὸν
2712 4126 2768 4183 δὲ
2819 4128 3001 4203 ἐπῄνει
3051 4150 3109 4184 τε
3168 4130 3259 4183 καὶ
3319 4128 3639 4197 ἐθαύμαζεν.
3694 4132 3926 4185 -”οτι

2267 4211 2513 4285 Σεϐἧρος
2560 4217 2649 4271 τὸν
2711 4216 2761 4271 ἐν
2822 4218 3000 4292 ἁγίοις
3058 4216 3333 4293 Ἰσίδωρον
3416 4218 3731 4291 μέμψασθαι
3827 4220 3925 4285 μὲν

2267 4305 2549 4378 ὁρμηθεὶς,
2602 4304 2698 4361 οὐκ
2746 4304 2889 4381 ἔχων
2938 4305 2994 4361 δὲ
3026 4308 3169 4375 ὃθεν,
3202 4309 3391 4384 φήμην
3422 4306 3569 4377 αὐτῷ
3608 4304 3925 4379 περιπλάτ-

2264 4414 2343 4447 τει
2394 4395 2831 4471 Ὠριγενιασμοῦ,
2875 4397 2919 4450 εἰ
2966 4396 3055 4450 καὶ
3102 4398 3303 4464 ταύτην
3354 4396 3515 4456 αὐτὸς
3568 4393 3735 4449 πάλιν
3780 4395 3925 4448 ἀπο-

2265 4484 2573 4553 σκευάζεται
2608 4482 2676 4538 δι’
2708 4486 2921 4553 ἑαυτοῦ,
2984 4485 3087 4539 ὑπὸ
3134 4489 3231 4553 τῆς
3284 4483 3538 4553 ἀληθείας
3588 4484 3928 4555 νικώμενος.

2260 4601 2330 4612 -
2389 4574 2510 4628 ’Ἐτι
2573 4571 2629 4627 δέ
2676 4575 2834 4636 πσιίας
2896 4574 3200 4647 ὑπολήψεις
3259 4571 3413 4653 ἔσχεν
3468 4569 3787 4632 Ἱππόλυτος
3822 4573 3921 4624 καῖ

3630 4659 3667 4689 ν.

508 4697 577 4707 -
610 4647 1068 4737 Ηὶρροιγιιιείοῑ
1114 4670 1364 4723 Irenazus
1405 4665 1709 4737 epistolam
1750 4664 1907 4719 Pauli
1943 4665 2012 4718 ad
2044 4664 2152 4721 He-

2284 4663 2579 4735 Επιφάνιος
2614 4664 2657 4698 ⁴³
2689 4664 2811 4738 περὶ
2861 4663 3133 4718 Νικολάου
3175 4666 3271 4718 τοῦ
3322 4664 3433 4723 ἑνὸς
3475 4665 3578 4714 τῶν
3628 4659 3667 4726 ζ’
3720 4656 3919 4713 311x6-

504 4757 691 4812 braaos
722 4756 926 4811 dicunt
958 4773 1071 4813 non
1116 4773 1237 4812 esse
1284 4756 1460 4810 illius.
1495 4754 1761 4809 Clemens
1797 4755 2057 4825 quidem,
2090 4760 2147 4809 et

505 4849 812 4916 Eusebius,
832 4848 1198 4919 aliorumque
1216 4849 1447 4902 Patrum
1466 4862 1778 4901 concessus
1803 4845 1951 4899 hanc
1975 4845 2149 4900 etiam

503 4938 631 4995 aliis
677 4940 1083 5002 adnumerant,
1130 4946 1181 4991 et
1229 4937 1391 4991 aiunt
1432 4936 1583 4991 hunc
1613 4935 1965 4990 Clementem
2000 4936 2149 4990 hanc

502 5044 569 5084 ex
583 5028 823 5084 Ilebrwo
837 5034 849 5081 t
862 5026 1303 5083 ranstulisse.—
1316 5025 1620 5095 Origenem
1639 5028 1693 5077 et
1708 5024 2145 5095 Theognostum

501 5134 747 5187 magnus
766 5116 862 5171 ille
883 5116 1235 5171 Athanasius
1252 5114 1676 5171 Alexandrinus
1696 5113 1749 5167 in
1772 5112 2146 5167 multislibris

498 5205 775 5260 admittit.
810 5207 868 5260 Et
908 5206 1074 5261 Titus
1102 5206 1457 5271 Bostrorum,
1485 5211 1537 5257 et
1563 5201 1875 5270 Gregorius
1899 5200 2141 5255 Theolo-

500 5307 610 5362 gus
641 5295 701 5349 in
748 5296 1009 5365 epistolis
1050 5296 1320 5350 eumdem
1357 5292 1711 5348 Philocalum
1762 5292 2041 5347 nominat.
2076 5290 2145 5345 Et

498 5376 793 5451 Nyssenus
852 5382 1221 5439 laudabiliter
1276 5384 1403 5453 ejus
1458 5382 1811 5438 mentionem
1884 5381 2039 5446 facit,
2088 5384 2144 5435 et

2262 4773 2389 4820 νων,
2432 4754 2518 4806 καὶ
2554 4754 2636 4807 ὅτι
2670 4752 2912 4828 ἰσχυρῶς
2964 4755 3125 4807 αὐτοῦ
3178 4750 3687 4827 καταγινώσκουσιν,
3734 4750 3924 4823 Ἰγνά-

2258 4861 2371 4902 τιος
2409 4842 2650 4914 μέντοιὸ
2694 4845 2976 4919 θεοφόρος,
3026 4845 3113 4896 καὶ
3163 4840 3398 4914 Κλήμης
3451 4842 3478 4894 6
3526 4840 3918 4912 στρωματεῦς,

2257 4931 2347 4984 καὶ
2391 4928 2650 4993 Εὐσέϐιος
2682 4934 2708 4985 6
2743 4930 3064 5007 Μαμςρίλου,
3097 4932 3185 4986 καὶ
3234 4929 3589 5003 Θεοδώρητος
3640 4932 3775 4995 [904
3826 4930 3917 5001 8.]

2259 5021 2285 5074 6
2322 5020 2495 5093 Κύρου
2534 5023 2631 5091 τὴν
2685 5023 2777 5095 μὲν
2822 5022 3170 5078 Νικολαϊτῶν
3215 5022 3720 5094 καταγινώσκουσιν
3768 5019 3917 5094 αἶρε-

2257 5131 2358 5179 σιν,
2388 5111 2478 5164 τὸν
2514 5108 2570 5165 δέ
2601 5111 2874 5167 Νικόλαον
2913 5114 2985 5184 μή
3018 5116 3265 5167 τοιοῦτον
3288 5112 3333 5146 ⁴³
3376 5112 3514 5164 εἶναι
3570 5111 3913 5189 ἀποφαίνον-

2255 5219 2361 5256 ται.
2424 5233 2492 5241 —
2532 5202 2657 5258 ’Ότι
2717 5200 3037 5263 Ἱππόλυτος
3096 5201 3185 5255 καὶ
3247 5200 3539 5274 Εἰρηναῖος
3597 5200 3700 5267 τὴν
3766 5199 3910 5268 πρὸς

2253 5284 2537 5362 Ἑϐραίους
2571 5288 2867 5359 ἐπιστολὴν
2902 5290 3121 5344 Παύλου
3178 5289 3276 5343 οὐκ
3306 5289 3513 5344 ἐκείνου
3562 5290 3704 5344 εἶναι
3752 5309 3912 5365 φασιν

2256 5378 2491 5452 Κλήμης
2543 5380 2720 5452 μέντοι
2772 5380 2861 5435 καὶ
2912 5374 3167 5443 Εὐσέϐιος
3213 5380 3304 5433 καὶ
3353 5378 3529 5441 πολὺς
3574 5378 3749 5439 ἄλλος
3798 5381 3913 5432 τῶν

1849 5530 2085 5585 VARl/E
2137 5530 2542 5586 LECTIONES.

566 5653 615 5691 ⁸³
645 5653 827 5730 Ἑπιφ.
863 5658 999 5710 ante
1027 5654 1300 5714 lacunam
1334 5663 1398 5711 A.
1476 5658 1522 5693 ⁴³
1558 5658 1633 5729 μή
1666 5656 1755 5711 τὸν
1787 5660 2033 5711 τοιοῦτον
