4138 6228
223 385 375 447 “05

1304 386 1846 448 BIBLIOTIIECA.
1893 419 1962 431 --
2014 387 2186 447 COD.
2234 387 2591 448 CCXXXIII.

3467 387 3622 449 1106

211 518 493 598 θεοφόρων
529 519 780 592 ΙΙατέρων
811 516 1010 588 ὅμιλος
1057 522 1176 580 ταῖς
1228 517 1426 581 ἄλλαις
1475 521 1842 594 συναριθμοῦσ

1978 521 2291 594 Dionysius
2321 521 2746 578 Alexandrinus
2781 522 2853 577 ad
2888 521 3040 577 hunc
3079 523 3349 578 eumdem
3380 521 3619 578 scribit:

202 607 408 676 ταύτην
439 607 776 673 ἐπιστολαῖς,
806 607 896 660 καὶ
928 627 1086 684 φασιν
1125 609 1296 677 αὐτὴν
1328 607 1386 662 ἒκ
1423 615 1525 677 τῆς
1573 603 1860 683 Ἑϐραίδος

208 698 549 774 μεταφράσαι
587 697 680 752 τὸν
711 696 1003 770 εἰρημένον
1066 696 1382 770 Κλήμεντα.
1435 731 1504 740 —
1541 699 1665 754 ’Ὀτι
1716 700 1859 772 Ὠρι-

198 785 359 860 γένην
420 787 512 841 καὶ
571 785 920 860 Θεόγνωστον
982 787 1010 840 6
1076 807 1134 840 τε
1196 787 1365 862 μέγας
1447 787 1762 848 Ἀθανάσιος
1833 789 1860 841 6

204 873 618 950 ’Δλεξανδρείας
649 875 702 930 ἐν
739 875 977 937 πολλοῖς
1008 874 1307 950 ἀπεδέχετο
1335 875 1522 951 λόγοις
1552 877 1642 931 καὶ
1693 879 1860 939 Τίτος

205 966 232 1020 6
261 965 538 1040 Βόστρων,
578 964 669 1020 καὶ
713 967 741 1020 6
787 964 1050 1042 θεολόγος
1100 967 1400 1041 Γρηγόριος
1452 965 1504 1020 ἐν
1541 965 1862 1029 ἐπιστολαῖς

204 1052 510 1127 φιλόκαλον
541 1053 702 1108 αὑτὸν
735 1053 908 1128 λέγει,
939 1054 1030 1109 καὶ
1073 1056 1100 1109 6
1132 1053 1353 1124 Νύσσης
1394 1053 1450 1110 δὲ
1483 1055 1748 1133 εὐφήμως
1783 1054 1860 1116 εἷς

207 1144 436 1215 μνήμην
485 1141 626 1217 ἄγει.
675 1140 849 1198 Ἀλλᾶ
893 1142 984 1198 καὶ
1032 1143 1312 1206 Διονύσιος
1367 1146 1394 1198 6
1457 1142 1862 1219 Ἀλεξανδρείας

203 1231 341 1305 πρὸς
400 1231 559 1286 αὐτὸν
629 1230 828 1286 ἐκεῖνον
887 1231 1128 1310 γράφων,
1190 1232 1268 1288 ἔτι
1329 1231 1384 1288 δὲ
1442 1234 1530 1288 καὶ
1602 1235 1737 1306 μετᾶ
1793 1235 2022 1288 θάνατου
2080 1235 2215 1308 πρὸς
2283 1233 2569 1289 Θεότεκνον
2627 1234 2720 1288 τὸν
2797 1236 2895 1303 τῆς

1972 615 2175 682 etpost
2194 615 2437 667 mortem
2464 611 2621 666 illius
2645 611 2904 666 scribens
2929 612 2999 665 ad
3021 610 3414 666 Theotecnum
3435 611 3623 667 Cresa-

1974 699 2220 756 riensem
2244 701 2584 772 episcopum
2615 701 2813 756 laudat
2830 700 3159 771 Origenem,
3176 705 3350 771 atque
3369 699 3619 754 Alexan-

1973 791 2074 844 der
2121 790 2593 861 llierapolitanus
2637 791 2707 845 ad
2742 790 3046 854 Origenem
3095 789 3382 856 scribens,
3428 788 3622 844 verbis

1970 894 2102 933 eum
2126 879 2441 948 plurimum
2469 878 2692 933 delinit.
2716 910 2784 918 —
2805 877 3160 950 Theophilus
3180 884 3237 932 et
3259 876 3622 948 Epiphanius

1971 967 2278 1037 Origenem
2315 966 2636 1038 plurimum
2681 973 3042 1022 aversantur.
3084 997 3153 1007 ——
3183 966 3331 1030 Quid
3373 963 3623 1021 senserit

1969 1055 2174 1110 beatus
2197 1055 2540 1127 Hippolytus
2562 1056 2632 1110 de
2651 1055 2856 1112 haeresi
2876 1054 3388 1123 Montanistarum,
3406 1059 3464 1110 et
3481 1053 3624 1124 quid

1969 1145 2282 1217 Gregorius
2313 1145 2629 1218 Nyssenus.

2981 1233 3308 1308 Καισαρείας
3399 1231 3622 1288 ἐπίσκο-

203 1343 307 1377 πον
361 1323 598 1399 γράφων,
669 1320 741 1377 δι’
798 1323 1030 1379 ἐπαίνων
1093 1325 1185 1380 τὸν
1229 1325 1510 1401 Ὠριγένην
1568 1324 1708 1400 ἄγει.
1770 1325 1872 1381 Καὶ
1920 1322 2271 1400 Ἀλέξανδρος
2333 1327 2361 1380 6
2429 1324 2788 1400 Ἰεραπόλεως
2863 1322 3157 1387 ἒπίσκοπος
3238 1325 3327 1378 καὶ
3397 1323 3622 1398 μάρτυς,

202 1413 346 1482 πρὸς
397 1413 488 1467 τὸν
553 1413 716 1468 αὐτὸν
771 1413 1051 1490 Ὠριγένην
1103 1414 1348 1492 γράφων,
1410 1413 1531 1470 λίαν
1595 1414 1888 1470 οἷκειοῦται
1953 1415 2042 1469 τὸν
2102 1412 2268 1490 ἄνδρα
2322 1421 2439 1478 τοῖς
2501 1414 2710 1491 λόγοις.
2773 1449 2838 1458 -
2894 1417 3016 1472 ’Ότι
3077 1411 3344 1490 Θεόφιλος
3407 1414 3501 1486 μὲν
3533 1413 3623 1468 καὶ

204 1503 524 1581 Ἐπιφοίνιος
558 1501 676 1557 λίαν
709 1501 1054 1577 ἐκτρέπονται
1102 1504 1193 1559 τὸν
1249 1503 1556 1581 Ὠριγένην,
1616 1539 1680 1548 -
1737 1505 1900 1565 Τίνας
1939 1503 2245 1578 ὕπολήψεις
2303 1504 2447 1578 εἶχεν
2507 1505 2535 1559 6
2590 1505 2890 1580 ἁγιώτατος
2949 1502 3275 1565 Ἱππόλυτος
3333 1504 3455 1578 περί
3523 1508 3623 1572 τῆς

200 1593 312 1648 τῶν
344 1593 730 1648 Μοντανιστῶν
767 1593 1050 1664 αἱρέσεως,
1083 1593 1171 1648 καὶ
1211 1592 1359 1657 τίνας
1398 1595 1426 1648 6
1459 1594 1509 1648 ἐν
1532 1593 1707 1667 ἁγίοις
1739 1599 1840 1662 τῆς
1875 1595 2092 1664 Νόσσης
2126 1593 2445 1668 Γρηγόριος.

273 1681 356 1738 Τὰ
398 1682 491 1753 μὲν
536 1679 627 1736 οὖν
665 1682 1004 1756 μερικώτερα
1032 1689 1139 1737 τῶν
1168 1681 1480 1760 κεφαλαίων
1527 1682 1581 1738 ἐν
1610 1683 1853 1744 τούτοιςο

198 1769 366 1826 πάλιν
411 1768 468 1825 δὲ
517 1770 604 1825 ἐπί
655 1792 708 1825 τι
749 1773 1058 1846 κοινότερον
1105 1769 1438 1846 μεταϐαίνει,
1488 1775 1575 1828 καὶ
1627 1772 1855 1845 παρατίο

2042 1685 2172 1740 Ilaec
2203 1686 2440 1756 quidem
2486 1685 2866 1758 particularia
2910 1686 3096 1755 magis
3129 1700 3300 1756 quam
3339 1684 3531 1755 capita
3562 1683 3621 1738 in

1966 1774 2076 1830 his.
2115 1777 2326 1831 Iterum
2356 1792 2488 1832 vero
2522 1777 2580 1832 in
2619 1777 2759 1849 quid
2801 1776 3176 1832 communius
3213 1776 3528 1844 delabitur,
3568 1777 3625 1831 et

198 1862 325 1930 θησι
376 1862 604 1934 χρήσεις
654 1860 736 1915 ὅτι
787 1862 986 1923 παντὸς
1037 1864 1329 1924 τεθνεῶτος
1374 1865 1527 1938 ψυχὴ
1559 1861 1847 1941 ὠφελεῖται

1967 1864 2134 1920 affert
2165 1865 2519 1922 testimonia.
2552 1897 2620 1906 —
2650 1865 2865 1921 Anima
2905 1864 3100 1921 omnis
3140 1865 3359 1922 mortui
3384 1866 3624 1936 juvatur

202 1949 429 2023 μέγιστα
460 1947 548 2004 διά
585 1952 695 2004 τῶν
727 1949 858 2024 ὑπερ
889 1950 1054 2006 αὐτοῦ
1096 1953 1222 2024 [478
1271 1955 1365 2025 Η,]
1417 1951 1853 2025 ἐπιτελουμένων

199 2037 377 2114 εὐχῶν
407 2041 498 2094 καὶ
542 2044 868 2116 προσφορῶν
919 2041 1009 2095 καὶ
1065 2039 1468 2115 ἐλεημοσυνῶν,
1517 2042 1608 2097 καὶ
1649 2041 1708 2096 ἐκ
1755 2045 1854 2097 τοῦ

199 2128 603 2202 ἀντικειμένου,
636 2128 721 2184 ὅτι
761 2130 877 2204 οὐχ
906 2128 1105 2192 οὕτως.

272 2218 375 2272 Τὸν
409 2219 504 2291 μὶν
537 2216 630 2274 οὗν
665 2214 904 2294 Γόϐαρον
937 2219 1104 2296 μέχρι
1134 2221 1340 2277 τούτων
1381 2227 1492 2278 τῶν
1541 2220 1852 2299 κεφαλαίων

197 2307 293 2363 τὸν
323 2309 488 2364 πόνον
521 2307 748 2382 είῖρομεν
781 2306 1194 2383 ἀναδεξάμενον.

934 2404 1106 2460 ΣΛΓ’.

365 2490 645 2563 Γερμανοῦ
684 2493 1031 2564 πατριαρχορῐξ
1061 2491 1690 2554 Κωνσταντινουπόλεως

961 2556 1134 2623 ίϐλος.

273 2647 607 2723 ’Δνεγνώσθη
659 2643 878 2723 βιϐλίον
917 2650 1009 2704 τὸν
1062 2650 1113 2705 ἐν
1162 2651 1339 2726 ἁγίοις
1372 2654 1645 2726 Γερμανὸν
1693 2653 1852 2728 φέρον

197 2738 526 2812 συγγραφέα,
593 2738 652 2799 ὃς
714 2739 849 2809 μετά
922 2739 984 2792 τὸ
1071 2740 1305 2808 Κυζίκου
1393 2742 1851 2819 χειροτονηθῆναι

202 2825 837 2890 Κωνσταντινουπόλεως
896 2827 1264 2907 ἐχρημάτισεν
1325 2831 1633 2906 ἀρχιερεύς·
1723 2831 1851 2886 ἀντι

196 2913 524 2977 αποδοτικὸς
559 2913 617 2970 δὲ
646 2915 680 2984 ἢ
714 2917 1008 2980 ἀνόθευτος
1039 2919 1138 2987 τήν
1177 2916 1476 2998 ἐπιγραφὴν
1519 2916 1661 2995 ἔχει,
1700 2918 1851 2974 ὂῗσον

202 3001 261 3058 ἂν
304 3003 389 3075 εἴη
419 3005 547 3079 περὶ
581 3006 628 3041 ⁴⁴
651 3009 750 3071 τῆς
781 3005 1069 3062 ἀνοθεότου
1099 3013 1206 3063 τῶν
1243 3003 1594 3083 βεϐιωμένων
1645 3009 1849 3084 ἀνθρώ-

212 3113 337 3158 ποις
375 3091 806 3156 ἀνταποδόσεως.
839 3099 948 3164 Τῆς
985 3097 1077 3170 μὲν
1112 3095 1205 3151 οὖν
1245 3096 1552 3174 ἐπιγραφῆς
1602 3101 1636 3167 ἡ
1689 3097 1852 3173 ἐπαγ-

1968 1955 2220 2012 maxime
2243 1971 2346 2028 per
2368 1971 2584 2027 preces,
2617 1955 2968 2023 oblationes,
3001 1959 3060 2010 et
3087 1954 3488 2028 eleemosynas
3519 1971 3622 2026 pro

1962 2061 2022 2101 se
2053 2045 2252 2102 factas.
2298 2046 2366 2102 Et
2395 2062 2425 2102 e
2454 2045 2744 2104 contrario
2789 2061 2906 2101 non
2937 2044 3044 2101 sic.

2032 2227 2322 2282 Hactenus
2353 2225 2596 2298 quidem
2645 2225 2968 2298 reperimus
3011 2224 3308 2282 Gobarum
3361 2224 3618 2298 capitum

1962 2332 2204 2373 suorum
2238 2314 2502 2372 libellum
2535 2314 2872 2372 confecisse.

2619 2405 2963 2462 CCXXXIII.

2051 2495 2314 2553 Germani
2347 2494 2686 2569 patriarchae
2715 2496 2820 2569 (ΞΡ.
2854 2495 2998 2550 liber
3025 2495 3400 2566 apologaticu:
3426 2510 3528 2565 pro

2505 2567 2762 2638 Gregorio
2805 2571 3075 2637 Nysseno.

2031 2657 2161 2729 Legi
2183 2658 2395 2713 librum
2417 2661 2656 2714 auctore
2676 2660 2984 2724 Germano,
3013 2655 3114 2725 qui
3138 2653 3396 2726 primum
3419 2652 3610 2726 Cyzici

1959 2747 2284 2814 ordinatus,
2345 2750 2478 2818 post
2535 2743 3218 2816 Constantinopolitanus
3278 2743 3614 2814 patriarcha

1959 2837 2094 2906 fuit,
2125 2836 2226 2908 qui
2258 2834 2404 2891 liber
2451 2835 2812 2902 inscribitur,
2855 2833 3180 2890 Relribuens
3204 2836 3258 2888 et
3291 2830 3570 2903 legitimus
3590 2849 3611 2888 :

1959 2926 2116 2998 quod
2148 2926 2386 2997 perinde
2424 2929 2513 2980 est
2551 2940 2616 2980 ac
2661 2923 2851 2979 292a
2899 2923 2948 2978 si
2993 2922 3238 2978 dixeris:
3294 2922 3375 2978 De
3404 2937 3537 2977 vera
3559 2924 3617 2978 et

1961 3015 2227 3087 legitima
2257 3015 2652 3083 retributione,
2695 3015 2852 3085 quod
2893 3013 3245 3085 rependatur
3273 3011 3611 3068 hominibus

1961 3109 2136 3178 prout
2186 3105 2451 3161 vixerint.
2510 3103 2580 3158 Et
2627 3103 2748 3158 haec
2777 3101 3009 3172 quidem
3061 3101 3219 3157 tituli
3276 3099 3606 3172 inscriptio.

199 3181 362 3258 γελία
409 3184 664 3254 τοιαύτη,
703 3183 1028 3258 ἀγωνίζεται
1079 3183 1135 3241 δὲ
1173 3187 1201 3240 6
1244 3185 1406 3256 λόγος
1451 3189 1543 3242 τὸν
1583 3187 1634 3242 ἐν
1669 3187 1846 3264 ἁγίοις

1963 3194 2272 3250 Contendit
2287 3211 2415 3250 vero
2437 3193 2776 3266 Gregorium
2792 3191 2989 3265 Nysaee
3009 3191 3348 3262 episcopum
3363 3190 3611 3263 ejusque

199 3274 301 3342 τῆς
341 3273 557 3342 Νύσσης
600 3273 904 3350 Γρηγόριον
950 3277 1036 3330 καὶ
1080 3276 1145 3331 τά
1191 3277 1390 3331 τούτου
1443 3277 1848 3353 συγγράμματα

197 3368 302 3430 τῆς
331 3361 662 3438 Ὠριγενείου
691 3370 997 3438 παρασχεῖν
1038 3363 1294 3440 ἐλεύθερα
1323 3361 1536 3436 λώϐης.
1590 3368 1689 3423 Καὶ
1743 3368 1846 3444 γὰρ

202 3451 286 3513 οἷς
315 3456 414 3506 τοῦ
445 3448 731 3524 δαιμονίου
763 3451 939 3530 φύλου
969 3452 1058 3508 καὶ
1087 3459 1195 3509 τῶν
1237 3454 1314 3515 εἷς
1354 3453 1579 3511 κόλασιν
1621 3456 1844 3512 ἀτελεύ-

198 3561 368 3612 τητον
420 3544 935 3616 παραπεμπομένων
981 3544 1280 3618 ἀνθρώπων
1333 3547 1368 3615 ἡ
1418 3545 1588 3619 λῆρος
1634 3546 1844 3602 ἀποκα-

197 3633 456 3691 τάστασις
506 3629 694 3707 φίλου,
753 3633 905 3687 οὗτοι
957 3629 1048 3702 δὴ,
1095 3633 1185 3688 ἅτε
1213 3635 1302 3688 τὸν
1336 3631 1499 3707 ἄνδρα
1533 3635 1744 3709 ὑψηλόν
1786 3657 1844 3692 τε

197 3727 319 3782 τοῖς
375 3717 609 3794 δόγμασι
656 3721 746 3776 καὶ
795 3721 968 3777 πολὺν
1015 3728 1136 3784 τοῖς
1174 3728 1281 3778 τῶν
1343 3724 1523 3800 λόγων
1584 3724 1840 3800 ῥεύμασιν

196 3808 428 3878 εἰδότες,
480 3811 570 3865 καὶ
625 3811 880 3887 λαμπρὰν
927 3820 1030 3883 τῆς
1079 3811 1346 3876 εὐσεϐείας
1411 3816 1509 3883 τὴν
1567 3813 1846 3890 ὑπόληψιν

195 3901 274 3963 εἷς
332 3902 531 3964 πάντας
589 3902 906 3978 ἀνθρώπους
959 3906 1391 3980 περιηχηθεῖσαν
1448 3905 1700 3979 ὁρῶντες,
1753 3903 1845 3960 ἐπ-

186 3985 457 4046 εϐάλοντο
491 3993 537 4028 ⁴⁶
567 3998 880 4068 παρενεῖραι
927 4000 1046 4055 τοῖς
1096 3993 1302 4049 ἐκείνου
1354 4000 1707 4072 φωτιστικοῖς
1751 3995 1840 4050 καὶ

182 4082 487 4153 σωτηρίοις
536 4081 728 4159 λόγοις
776 4083 842 4138 τὰ
882 4081 1101 4160 ζοφώδη
1137 4084 1227 4139 καὶ
1282 4083 1506 4160 ὀλέθρια
1550 4091 1650 4155 τῆς
1694 4086 1843 4159 Ὠρι-

177 4172 380 4248 γένους
437 4171 769 4246 ὀνειρώξεως
839 4169 1248 4248 ἀμϐλωθρίδια,
1317 4177 1385 4248 τῇ
1467 4174 1564 4229 τοῦ
1648 4172 1842 4250 ἀνδρὸς

180 4260 529 4335 πέριωνύμῳ
585 4262 632 4298 ⁴⁸
687 4261 851 4337 ἀρετῇ
899 4283 958 4318 τε
1006 4264 1094 4318 καὶ
1149 4264 1340 4338 γνώσει
1399 4265 1500 4333 τὴν
1566 4265 1840 4338 αἱρετικήν

181 4344 489 4406 ὑποϐαλεῖν
557 4349 830 4426 λαθραίως
893 4349 1262 4424 διανοηθέντες
1327 4353 1609 4410 ἀπόνοιαν.
1688 4353 1840 4410 Λιότι

177 4443 354 4496 τοῦτο
381 4440 479 4512 μὲν
510 4441 848 4516 προσθήκαις
873 4443 1078 4508 νόθοις,
1109 4447 1270 4498 τοῦτο
1317 4439 1373 4498 δὲ
1410 4442 1498 4498 καὶ
1541 4439 1840 4520 διαστροφῇ

1959 3284 2174 3355 scripta
2218 3285 2290 3340 ab
2333 3283 2601 3353 Origenis
2639 3299 2835 3339 errore
2873 3297 3000 3338 esse
3031 3281 3343 3336 immunia.
3379 3279 3607 3336 Etenim

1959 3374 2172 3446 quibus
2215 3373 2486 3429 delirium
2519 3371 2662 3428 illud
2696 3373 2906 3444 placet,
2938 3371 3303 3426 daamonibus
3335 3373 3391 3425 et
3416 3369 3605 3426 homi-

1955 3464 2128 3520 nibus
2175 3463 2236 3519 in
2268 3466 2542 3520 aeternam
2589 3477 2820 3534 pcenam
2867 3459 3148 3532 conjectis
3202 3459 3605 3516 liberationem

1954 3552 2088 3609 inde
2117 3554 2594 3624 exspectandam:
2615 3551 2696 3606 illi
2721 3550 2899 3622 (quod
2917 3549 3104 3605 virum
3122 3548 3384 3604 doctrina
3399 3549 3604 3620 singu-

1953 3639 2158 3706 larem,
2189 3644 2246 3695 et
2293 3638 2623 3712 eloquentia
2670 3638 2962 3708 insignem
3007 3652 3142 3691 cum
3189 3640 3594 3704 agnoscerent,

1953 3728 2282 3800 claramque
2315 3727 2639 3784 sanctitatis
2670 3725 3156 3782 existimationem
3189 3739 3291 3794 per
3332 3723 3602 3779 omnium

1953 3835 2055 3875 ora
2085 3820 2454 3874 decantatam
2476 3817 2760 3887 viderent)
2791 3812 3053 3887 aggressi
3073 3818 3210 3869 sunt
3233 3812 3404 3868 claris
3435 3817 3491 3868 et
3512 3829 3603 3868 sa-

1951 3907 2242 3964 lutaribus
2271 3909 2399 3979 ejus
2447 3906 2680 3978 scriptis
2723 3906 2970 3961 obscura
3017 3919 3082 3959 ac
3115 3902 3438 3974 perniciosa
3476 3901 3599 3957 Ori-

1950 3997 2182 4068 geniani
2218 3997 2409 4052 somni
2433 4011 2652 4051 venena
2683 3993 3026 4060 admiscere,
3059 3992 3378 4062 virtutique
3408 3989 3597 4047 homi-

1952 4086 2064 4152 nis,
2081 4090 2137 4141 et
2157 4084 2426 4141 doctrina;
2449 4082 2658 4139 celebri
2683 4081 3011 4137 baercticam
3045 4079 3266 4136 occulte
3283 4079 3600 4135 amentiam

1952 4175 2262 4244 subjicere.
2291 4175 2477 4238 Quare
2511 4171 2718 4243 partim
2750 4169 3162 4226 additamentis
3194 4167 3352 4224 falsis
3383 4166 3595 4240 partim

1952 4264 2126 4320 rectis
2157 4263 2519 4334 argumentis
2550 4259 2832 4316 violenter
2860 4258 3114 4325 detortis,
3141 4256 3327 4313 multa
3356 4273 3424 4314 ex
3455 4257 3597 4313 irre-

1951 4351 2444 4424 prebensibilibus
2467 4352 2594 4422 ejus
2623 4347 3020 4406 monumentis
3039 4345 3381 4402 calumniari
3405 4345 3597 4401 conati

1953 4448 2110 4500 sunt.
2138 4443 2353 4498 Contra
2374 4457 2519 4513 quos
2541 4429 2864 4496 Germanus
2896 4437 3126 4511 pietatis
3159 4440 3436 4508 patronus
3458 4450 3596 4490 acu-

176 4535 300 4586 τῶν
340 4502 515 4603 ὀρθῶν
556 4502 853 4606 ’λογισμῶν
905 4502 1252 4608 βεϐιασμένη,
1302 4532 1488 4588 πολλᾶ
1525 4538 1633 4588 τῶν

1963 4537 2077 4589 tum
2110 4502 2675 4603 veritatis.gladium
2725 4502 3044 4600 stringens,
3094 4502 3174 4581 et~
3195 4524 3434 4581 vulnere
3462 4539 3596 4596 pro-

187 4621 388 4693 μήτων
427 4615 638 4674 ἐκείνου
667 4622 1060 4696 συνταγμάτων
1097 4617 1580 4693 κατακιϐδηλεύειν
1623 4622 1839 4698 ἐπειράς

183 4711 386 4776 θησαν.
420 4709 552 4765 Καθ’
591 4710 665 4763 ὦν
697 4712 967 4786 Γερμανὸς
999 4712 1027 4766 6
1076 4718 1176 4781 τῆς
1223 4707 1494 4775 εὐσεϐείας
1546 4715 1842 4790 συνήγορος

184 4797 290 4868 ὀξὺ
345 4803 446 4867 τῆς
489 4797 746 4870 ἀληθείας
793 4799 1016 4876 ἐπαφεὶς
1056 4804 1118 4856 τὸ
1165 4801 1337 4880 ξίφος,
1385 4803 1476 4857 καὶ
1524 4804 1746 4876 νεκροὺς
1774 4808 1844 4879 τῇ

179 4883 394 4963 πληγῇ
437 4884 614 4942 λιπὼν
655 4887 783 4950 τοὺς
813 4887 1140 4963 πολεμίους,
1183 4892 1479 4968 νικηφόρον
1529 4892 1616 4946 καὶ
1660 4912 1842 4967 πρωτ-

172 4975 496 5049 αγωνιστὴν
556 4975 647 5030 τὸν
704 4978 826 5030 καθ’
883 4978 944 5031 οὗ
998 4978 1092 5040 τὰς
1145 4973 1442 5040 ἐπιϐουλὰς
1501 4981 1536 5049 ἡ
1595 4981 1840 5055 αἱρετική

173 5063 408 5142 φάλαγξ
465 5061 840 5142 ἑῤῥᾳδιούργει
897 5067 987 5121 καὶ
1043 5069 1397 5138 κατεσκεύαζε
1443 5071 1839 5143 παρεστήσατο.

169 5153 322 5224 [905
355 5151 449 5220 8.]
499 5154 652 5208 Ἔστι
693 5153 788 5226 μὶν
841 5152 932 5209 οὖν
991 5156 1019 5210 6
1067 5157 1202 5232 ἀνὴρ
1233 5157 1286 5212 ἐν
1315 5161 1394 5229 τῷ
1418 5157 1646 5233 παρόντι
1688 5157 1842 5234 λόγῳ

164 5238 424 5315 καθαρός
472 5259 529 5295 τε
575 5242 662 5296 καὶ
725 5239 952 5314 διειδής,
1003 5246 1091 5300 καὶ
1140 5247 1237 5309 τὰς
1282 5244 1333 5301 έν
1377 5245 1606 5320 ὀνόμασι
1637 5247 1840 5321 τροπὰς

168 5327 472 5402 εὖστόχως
522 5325 1000 5406 δποϐαλλόμενος,
1049 5335 1138 5390 καὶ
1187 5335 1286 5404 τήν
1338 5337 1431 5408 μὲν
1475 5335 1667 5413 φράσιν
1705 5333 1844 5404 ἡδό-

165 5441 315 5486 νων,
369 5417 478 5498 οὐχ
535 5419 902 5498 ὑφελκόμενος
952 5419 1010 5478 δὶ
1048 5424 1185 5500 πρὸς
1214 5425 1559 5500 ψυχρότητα,
1594 5430 1840 5502 γενναῖος

170 5509 285 5586 μὶν
335 5511 435 5565 τοῦ
482 5505 767 5568 ἐπιϐαλεῖν
812 5517 882 5589 τῇ
924 5513 1194 5590 προθέσει,
1255 5515 1450 5590 ὅμοιος
1509 5514 1567 5571 δὲ
1609 5513 1841 5572 διελθεῖν

1950 4627 2166 4679 stratos
2198 4623 2393 4678 hostes
2423 4619 2782 4692 relinquens,
2806 4617 3083 4675 victorem
3114 4615 3598 4688 superioremque

1953 4727 2087 4767 eum
2115 4709 2418 4769 constituit
2447 4710 2506 4765 in
2539 4725 2710 4782 quem
2749 4707 3018 4764 haeretica
3049 4704 3322 4762 colluvies
3350 4702 3598 4760 insidias

1954 4805 2245 4858 struxerat
2265 4803 2322 4856 et
2352 4807 2640 4870 posuerat.
2669 4797 2856 4869 Hujus
2889 4794 3078 4869 stylus
3103 4794 3165 4850 in
3186 4793 3295 4850 hoc
3317 4790 3596 4863 opusculo

1953 4907 2132 4961 purus
2164 4906 2228 4946 ac
2259 4890 2474 4959 clarus,
2500 4889 2930 4958 verborumque
2959 4889 3150 4956 tropos
3183 4881 3420 4938 feliciter
3449 4878 3596 4935 arri-

1953 4979 2141 5050 piens,
2175 4979 2370 5050 phrasi
2401 4982 2644 5033 venusta
2675 4980 2730 5031 et
2759 4973 3035 5043 eleganti,
3066 4988 3178 5028 non
3211 4971 3282 5026 ad
3318 4966 3598 5039 frigidita~

1951 5075 2068 5127 tem
2099 5086 2363 5142 vergens,
2389 5068 2690 5142 proposito
2725 5067 2909 5122 valide
2949 5063 3252 5123 insistens.
3286 5077 3392 5132 par
3421 5059 3595 5114 etiam

1954 5161 2012 5215 in
2030 5160 2499 5216 contentionibus
2515 5156 2932 5227 suscipiendis,
2950 5153 3208 5224 nihilque
3231 5151 3381 5207 citra
3403 5164 3598 5204 neces-

1952 5251 2182 5306 sitatem
2209 5249 2572 5314 immiscens,
2588 5244 2734 5302 nihil
2756 5244 2906 5314 quod
2925 5244 3084 5300 dictu
3107 5242 3185 5298 sit
3201 5238 3596 5297 necessarium

1953 5338 2419 5408 praetermittens,
2451 5342 2577 5392 tum
2604 5333 3043 5390 constructione
3063 5335 3122 5387 et
3151 5328 3597 5402 epicheremati-

1953 5427 2080 5492 bus,
2115 5431 2237 5481 tum
2270 5422 2822 5497 enthymematibus,
2856 5426 2913 5477 et
2941 5424 3031 5478 est
3059 5418 3232 5474 veluti
3262 5416 3418 5475 clara
3447 5432 3596 5472 sanas

1951 5516 2224 5573 doctrina:
2257 5533 2473 5573 norma.
2513 5517 2594 5571 Ita
2626 5520 2682 5571 et
2711 5513 2944 5572 illorum
2970 5511 3169 5584 siquis
3200 5509 3595 5580 vehementes,

1547 5634 1790 5691 VARI/E
1833 5633 2128 5691 LECTION
2137 5632 2238 5690 ES.

258 5727 309 5764 “
336 5726 465 5800 περὶ
498 5742 620 5787 om.
652 5727 718 5789 Β.
791 5729 842 5768 δδ
870 5723 1244 5788 ἐπιϐάλλοιντο
1275 5730 1339 5804 ς·
1345 5773 1360 5788 .
1438 5733 1484 5771 ⁴⁸
1511 5729 1867 5806 πολυωνύμῳ
1897 5731 2022 5808 Βς.
