  <div class='ocr_page' id='page_1' title='image "/cluster/home/n/w/nwhite01/storage/ocr_20150623/103/hvd.32044054112495/573.png"; bbox 0 0 4100 6242; ppageno 0'>
   <div class='ocr_carea' id='block_1_1' title="bbox 447 373 600 434">
    <p class='ocr_par' dir='ltr' id='par_1_1' title="bbox 447 373 600 434">
     <span class='ocr_line' id='line_1_1' title="bbox 447 373 600 434; baseline -0.013 0"><span class='ocrx_word' id='word_1_1' title='bbox 447 373 600 434; x_wconf 87' lang='grc'><strong>1107</strong></span> 
     </span>
    </p>
   </div>
   <div class='ocr_carea' id='block_1_2' title="bbox 1638 369 2645 431">
    <p class='ocr_par' dir='ltr' id='par_1_2' title="bbox 1638 369 2645 431">
     <span class='ocr_line' id='line_1_2' title="bbox 1638 369 2645 431; baseline -0.001 -2"><span class='ocrx_word' id='word_1_2' title='bbox 1638 369 1907 431; x_wconf 87' lang='lat' dir='ltr'><strong>PHOTII</strong></span> <span class='ocrx_word' id='word_1_3' title='bbox 1953 369 2483 430; x_wconf 69' lang='lat' dir='ltr'>PATRIARCHAE</span> <span class='ocrx_word' id='word_1_4' title='bbox 2524 369 2645 431; x_wconf 78' lang='grc' dir='ltr'>ΟΡ.</span> 
     </span>
    </p>
   </div>
   <div class='ocr_carea' id='block_1_3' title="bbox 3705 374 3866 434">
    <p class='ocr_par' dir='ltr' id='par_1_3' title="bbox 3705 374 3866 434">
     <span class='ocr_line' id='line_1_3' title="bbox 3705 374 3866 434; baseline 0.025 -4"><span class='ocrx_word' id='word_1_5' title='bbox 3705 374 3866 434; x_wconf 81' lang='grc'><strong>1108</strong></span> 
     </span>
    </p>
   </div>
   <div class='ocr_carea' id='block_1_4' title="bbox 445 501 2114 579">
    <p class='ocr_par' dir='ltr' id='par_1_4' title="bbox 445 504 2087 579">
     <span class='ocr_line' id='line_1_4' title="bbox 445 504 2087 579; baseline -0.005 -15"><span class='ocrx_word' id='word_1_6' title='bbox 445 509 650 579; x_wconf 87' lang='lat' dir='ltr'>claras,</span> <span class='ocrx_word' id='word_1_7' title='bbox 683 513 738 563; x_wconf 92' lang='lat' dir='ltr'>et</span> <span class='ocrx_word' id='word_1_8' title='bbox 769 510 988 577; x_wconf 84' lang='lat' dir='ltr'>gratas,</span> <span class='ocrx_word' id='word_1_9' title='bbox 1013 509 1066 559; x_wconf 90' lang='lat' dir='ltr'>et</span> <span class='ocrx_word' id='word_1_10' title='bbox 1098 505 1462 575; x_wconf 87' lang='lat' dir='ltr'>spiritualem</span> <span class='ocrx_word' id='word_1_11' title='bbox 1488 504 1808 558; x_wconf 83' lang='lat' dir='ltr'>doctrinam</span> <span class='ocrx_word' id='word_1_12' title='bbox 1838 507 2087 558; x_wconf 80' lang='lat' dir='ltr'>ostenta-</span> 
     </span>
    </p>
   </div>
   <div class='ocr_carea' id='block_1_5' title="bbox 2228 501 3861 579">
    <p class='ocr_par' dir='ltr' id='par_1_5' title="bbox 2238 501 3861 578">
     <span class='ocr_line' id='line_1_5' title="bbox 2238 501 3861 578; baseline 0.002 -24"><span class='ocrx_word' id='word_1_13' title='bbox 2238 503 2265 554; x_wconf 81' lang='grc' dir='ltr'>ά</span> <span class='ocrx_word' id='word_1_14' title='bbox 2300 501 2675 575; x_wconf 83' lang='grc' dir='ltr'>ἀγωνίσματα,</span> <span class='ocrx_word' id='word_1_15' title='bbox 2707 503 2793 555; x_wconf 82' lang='grc' dir='ltr'>καὶ</span> <span class='ocrx_word' id='word_1_16' title='bbox 2829 506 2923 557; x_wconf 83' lang='grc' dir='ltr'>τοῦ</span> <span class='ocrx_word' id='word_1_17' title='bbox 2958 504 3050 574; x_wconf 70' lang='grc' dir='ltr'>μὲν</span> <span class='ocrx_word' id='word_1_18' title='bbox 3084 503 3382 576; x_wconf 76' lang='grc' dir='ltr'>ἀναγκαίου</span> <span class='ocrx_word' id='word_1_19' title='bbox 3437 502 3612 576; x_wconf 67' lang='grc' dir='ltr'>μηδὲν</span> <span class='ocrx_word' id='word_1_20' title='bbox 3665 503 3861 578; x_wconf 74' lang='grc' dir='ltr'>ἔξωθεν</span> 
     </span>
    </p>
   </div>
   <div class='ocr_carea' id='block_1_6' title="bbox 445 593 2091 668">
    <p class='ocr_par' dir='ltr' id='par_1_6' title="bbox 445 593 2091 668">
     <span class='ocr_line' id='line_1_6' title="bbox 445 593 2091 668; baseline -0.002 -16"><span class='ocrx_word' id='word_1_21' title='bbox 445 599 589 654; x_wconf 91' lang='lat' dir='ltr'>tioni</span> <span class='ocrx_word' id='word_1_22' title='bbox 615 598 981 668; x_wconf 68' lang='lat' dir='ltr'>praeferentes</span> <span class='ocrx_word' id='word_1_23' title='bbox 1005 595 1255 648; x_wconf 80' lang='lat' dir='ltr'>scribere</span> <span class='ocrx_word' id='word_1_24' title='bbox 1277 594 1569 648; x_wconf 88' lang='lat' dir='ltr'>orationes</span> <span class='ocrx_word' id='word_1_25' title='bbox 1594 595 1774 664; x_wconf 89' lang='lat' dir='ltr'>cupit,</span> <span class='ocrx_word' id='word_1_26' title='bbox 1794 593 2091 665; x_wconf 87' lang='lat' dir='ltr'>egregium</span> 
     </span>
    </p>
   </div>
   <div class='ocr_carea' id='block_1_7' title="bbox 448 682 1664 754">
    <p class='ocr_par' dir='ltr' id='par_1_7' title="bbox 448 682 1664 754">
     <span class='ocr_line' id='line_1_7' title="bbox 448 682 1664 754; baseline -0.004 -12"><span class='ocrx_word' id='word_1_27' title='bbox 448 692 537 742; x_wconf 90' lang='lat' dir='ltr'>est</span> <span class='ocrx_word' id='word_1_28' title='bbox 573 686 923 754; x_wconf 87' lang='lat' dir='ltr'>exemplum,</span> <span class='ocrx_word' id='word_1_29' title='bbox 958 688 1014 739; x_wconf 93' lang='lat' dir='ltr'>et</span> <span class='ocrx_word' id='word_1_30' title='bbox 1047 682 1373 738; x_wconf 74' lang='lat' dir='ltr'>imitatione</span> <span class='ocrx_word' id='word_1_31' title='bbox 1406 683 1664 752; x_wconf 87' lang='lat' dir='ltr'>dignum.</span> 
     </span>
    </p>
   </div>
   <div class='ocr_carea' id='block_1_8' title="bbox 2205 588 3865 667">
    <p class='ocr_par' dir='ltr' id='par_1_8' title="bbox 2205 588 3865 667">
     <span class='ocr_line' id='line_1_8' title="bbox 2205 588 3865 667; baseline 0.002 -24"><span class='ocrx_word' id='word_1_32' title='bbox 2205 589 2593 664; x_wconf 80' lang='grc' dir='ltr'>παραπλὲκων,</span> <span class='ocrx_word' id='word_1_33' title='bbox 2663 588 2818 646; x_wconf 70' lang='grc' dir='ltr'>οὐδὲν</span> <span class='ocrx_word' id='word_1_34' title='bbox 2880 588 2936 645; x_wconf 75' lang='grc' dir='ltr'>δὲ</span> <span class='ocrx_word' id='word_1_35' title='bbox 3013 596 3120 646; x_wconf 90' lang='grc' dir='ltr'>τῶν</span> <span class='ocrx_word' id='word_1_36' title='bbox 3205 591 3544 667; x_wconf 73' lang='grc' dir='ltr'>ὀφειλόντων</span> <span class='ocrx_word' id='word_1_37' title='bbox 3626 594 3865 667; x_wconf 75' lang='grc' dir='ltr'>ῥηθῆναι</span> 
     </span>
    </p>
   </div>
   <div class='ocr_carea' id='block_1_9' title="bbox 2205 678 3866 759">
    <p class='ocr_par' dir='ltr' id='par_1_9' title="bbox 2205 678 3866 759">
     <span class='ocr_line' id='line_1_9' title="bbox 2205 678 3866 759; baseline 0.003 -26"><span class='ocrx_word' id='word_1_38' title='bbox 2205 685 2481 754; x_wconf 87' lang='grc' dir='ltr'>παρορῶν,</span> <span class='ocrx_word' id='word_1_39' title='bbox 2517 679 2637 734; x_wconf 63' lang='grc' dir='ltr'>οὔτε</span> <span class='ocrx_word' id='word_1_40' title='bbox 2667 685 2788 742; x_wconf 90' lang='grc' dir='ltr'>ταῖς</span> <span class='ocrx_word' id='word_1_41' title='bbox 2818 683 3178 742; x_wconf 65' lang='grc' dir='ltr'>κατασκευαῖς</span> <span class='ocrx_word' id='word_1_42' title='bbox 3230 678 3351 736; x_wconf 67' lang='grc' dir='ltr'>οὔτε</span> <span class='ocrx_word' id='word_1_43' title='bbox 3393 687 3510 744; x_wconf 86' lang='grc' dir='ltr'>τοῖς</span> <span class='ocrx_word' id='word_1_44' title='bbox 3563 683 3866 759; x_wconf 72' lang='grc' dir='ltr'>ἐπιχειηή-</span> 
     </span>
    </p>
   </div>
   <div class='ocr_carea' id='block_1_10' title="bbox 451 766 3869 848">
    <p class='ocr_par' dir='ltr' id='par_1_10' title="bbox 451 766 3869 848">
     <span class='ocr_line' id='line_1_10' title="bbox 451 766 3869 848; baseline -0.001 -19"><span class='ocrx_word' id='word_1_45' title='bbox 451 795 611 848; x_wconf 88' lang='grc' dir='ltr'>μασιν</span> <span class='ocrx_word' id='word_1_46' title='bbox 644 770 766 828; x_wconf 63' lang='grc' dir='ltr'>οὔτε</span> <span class='ocrx_word' id='word_1_47' title='bbox 794 779 910 834; x_wconf 87' lang='grc' dir='ltr'>τοῖς</span> <span class='ocrx_word' id='word_1_48' title='bbox 964 771 1363 844; x_wconf 64' lang='grc' dir='ltr'>ἐνθυμήμασιν.</span> <span class='ocrx_word' id='word_1_49' title='bbox 1425 771 1583 827; x_wconf 78' lang='grc' dir='ltr'>Ἀλλ’</span> <span class='ocrx_word' id='word_1_50' title='bbox 1643 767 1782 826; x_wconf 80' lang='grc' dir='ltr'>ἔστιν</span> <span class='ocrx_word' id='word_1_51' title='bbox 1855 771 2034 845; x_wconf 78' lang='grc' dir='ltr'>ὥσπερ</span> <span class='ocrx_word' id='word_1_52' title='bbox 2092 777 2199 825; x_wconf 89' lang='grc' dir='ltr'>τῶν</span> <span class='ocrx_word' id='word_1_53' title='bbox 2261 766 2494 824; x_wconf 68' lang='grc' dir='ltr'>εὐσεϐῶν</span> <span class='ocrx_word' id='word_1_54' title='bbox 2555 769 2846 848; x_wconf 78' lang='grc' dir='ltr'>δογμάτων</span> <span class='ocrx_word' id='word_1_55' title='bbox 2907 772 3084 826; x_wconf 86' lang='grc' dir='ltr'>κανὼν</span> <span class='ocrx_word' id='word_1_56' title='bbox 3148 771 3552 848; x_wconf 78' lang='grc' dir='ltr'>ἀπαρέγκλιτος</span> <span class='ocrx_word' id='word_1_57' title='bbox 3598 775 3671 841; x_wconf 71' lang='lat'>‘7,</span> <span class='ocrx_word' id='word_1_58' title='bbox 3731 775 3869 828; x_wconf 71' lang='grc' dir='ltr'>οῧνω</span> 
     </span>
    </p>
   </div>
   <div class='ocr_carea' id='block_1_11' title="bbox 448 859 3870 937">
    <p class='ocr_par' dir='ltr' id='par_1_11' title="bbox 448 859 3870 937">
     <span class='ocr_line' id='line_1_11' title="bbox 448 859 3870 937; baseline -0 -18"><span class='ocrx_word' id='word_1_59' title='bbox 448 865 709 932; x_wconf 85' lang='grc' dir='ltr'>καὶτῶν,</span> <span class='ocrx_word' id='word_1_60' title='bbox 744 860 794 915; x_wconf 77' lang='grc' dir='ltr'>εἶ’</span> <span class='ocrx_word' id='word_1_61' title='bbox 829 883 912 922; x_wconf 90' lang='grc' dir='ltr'>τις</span> <span class='ocrx_word' id='word_1_62' title='bbox 947 859 1116 915; x_wconf 71' lang='grc' dir='ltr'>ἐθέλει</span> <span class='ocrx_word' id='word_1_63' title='bbox 1169 862 1214 896; x_wconf 70' lang='grc'>³⁸</span> <span class='ocrx_word' id='word_1_64' title='bbox 1270 860 1471 935; x_wconf 85' lang='grc' dir='ltr'>λόγους</span> <span class='ocrx_word' id='word_1_65' title='bbox 1529 863 1750 937; x_wconf 66' lang='grc' dir='ltr'>γράφειν</span> <span class='ocrx_word' id='word_1_66' title='bbox 1810 859 2066 922; x_wconf 69' lang='grc' dir='ltr'>δυνατοὺς</span> <span class='ocrx_word' id='word_1_67' title='bbox 2119 861 2207 914; x_wconf 82' lang='grc' dir='ltr'>καὶ</span> <span class='ocrx_word' id='word_1_68' title='bbox 2268 866 2451 936; x_wconf 50' lang='lat' dir='ltr'>caesi;</span> <span class='ocrx_word' id='word_1_69' title='bbox 2515 862 2601 914; x_wconf 74' lang='grc' dir='ltr'>καὶ</span> <span class='ocrx_word' id='word_1_70' title='bbox 2666 860 2953 936; x_wconf 78' lang='grc' dir='ltr'>χαρίεντας</span> <span class='ocrx_word' id='word_1_71' title='bbox 3022 861 3109 915; x_wconf 82' lang='grc' dir='ltr'>καὶ</span> <span class='ocrx_word' id='word_1_72' title='bbox 3171 865 3542 936; x_wconf 71' lang='grc' dir='ltr'>πνευματικὴν</span> <span class='ocrx_word' id='word_1_73' title='bbox 3607 860 3870 918; x_wconf 83' lang='grc' dir='ltr'>διδασκα-</span> 
     </span>
    </p>
   </div>
   <div class='ocr_carea' id='block_1_12' title="bbox 451 947 2624 1025">
    <p class='ocr_par' dir='ltr' id='par_1_12' title="bbox 451 947 2624 1025">
     <span class='ocr_line' id='line_1_12' title="bbox 451 947 2624 1025; baseline -0.002 -18"><span class='ocrx_word' id='word_1_74' title='bbox 451 950 573 1007; x_wconf 87' lang='grc' dir='ltr'>λίαν</span> <span class='ocrx_word' id='word_1_75' title='bbox 607 955 992 1025; x_wconf 71' lang='grc' dir='ltr'>προτιμῶντας</span> <span class='ocrx_word' id='word_1_76' title='bbox 1023 957 1120 1017; x_wconf 76' lang='grc' dir='ltr'>τῆς</span> <span class='ocrx_word' id='word_1_77' title='bbox 1155 947 1484 1018; x_wconf 77' lang='grc' dir='ltr'>ἐπιδείξεως,</span> <span class='ocrx_word' id='word_1_78' title='bbox 1517 948 1683 1003; x_wconf 84' lang='grc' dir='ltr'>καλὸν</span> <span class='ocrx_word' id='word_1_79' title='bbox 1717 949 2066 1023; x_wconf 75' lang='grc' dir='ltr'>παράδειγμα</span> <span class='ocrx_word' id='word_1_80' title='bbox 2103 947 2190 1002; x_wconf 70' lang='grc' dir='ltr'>καὶ</span> <span class='ocrx_word' id='word_1_81' title='bbox 2227 947 2624 1018; x_wconf 67' lang='grc' dir='ltr'>ἀξιοζήλωτον.</span> 
     </span>
    </p>
   </div>
   <div class='ocr_carea' id='block_1_13' title="bbox 524 1043 2101 1115">
    <p class='ocr_par' dir='ltr' id='par_1_13' title="bbox 524 1043 2101 1115">
     <span class='ocr_line' id='line_1_13' title="bbox 524 1043 2101 1115; baseline -0.003 -15"><span class='ocrx_word' id='word_1_82' title='bbox 524 1045 696 1100; x_wconf 88' lang='lat' dir='ltr'>Notat</span> <span class='ocrx_word' id='word_1_83' title='bbox 725 1044 880 1099; x_wconf 91' lang='lat' dir='ltr'>enim</span> <span class='ocrx_word' id='word_1_84' title='bbox 916 1045 1105 1115; x_wconf 89' lang='lat' dir='ltr'>primo</span> <span class='ocrx_word' id='word_1_85' title='bbox 1153 1044 1484 1098; x_wconf 69' lang='lat' dir='ltr'>haereticum</span> <span class='ocrx_word' id='word_1_86' title='bbox 1518 1044 1750 1113; x_wconf 84' lang='lat' dir='ltr'>dogma,</span> <span class='ocrx_word' id='word_1_87' title='bbox 1793 1044 1942 1113; x_wconf 88' lang='lat' dir='ltr'>quod</span> <span class='ocrx_word' id='word_1_88' title='bbox 1985 1043 2101 1096; x_wconf 64' lang='lat' dir='ltr'>da:—</span> 
     </span>
    </p>
   </div>
   <div class='ocr_carea' id='block_1_14' title="bbox 454 1131 2102 1202">
    <p class='ocr_par' dir='ltr' id='par_1_14' title="bbox 454 1131 2102 1202">
     <span class='ocr_line' id='line_1_14' title="bbox 454 1131 2102 1202; baseline -0.004 -13"><span class='ocrx_word' id='word_1_89' title='bbox 454 1150 658 1189; x_wconf 89' lang='lat' dir='ltr'>mones</span> <span class='ocrx_word' id='word_1_90' title='bbox 691 1134 747 1187; x_wconf 93' lang='lat' dir='ltr'>in</span> <span class='ocrx_word' id='word_1_91' title='bbox 781 1133 1081 1202; x_wconf 91' lang='lat' dir='ltr'>antiquum</span> <span class='ocrx_word' id='word_1_92' title='bbox 1125 1137 1366 1198; x_wconf 91' lang='lat' dir='ltr'>statum,</span> <span class='ocrx_word' id='word_1_93' title='bbox 1411 1140 1462 1187; x_wconf 88' lang='lat' dir='ltr'>et</span> <span class='ocrx_word' id='word_1_94' title='bbox 1493 1148 1590 1186; x_wconf 89' lang='lat' dir='ltr'>eos</span> <span class='ocrx_word' id='word_1_95' title='bbox 1632 1132 1726 1202; x_wconf 89' lang='lat' dir='ltr'>qui</span> <span class='ocrx_word' id='word_1_96' title='bbox 1764 1132 1821 1187; x_wconf 90' lang='lat' dir='ltr'>in</span> <span class='ocrx_word' id='word_1_97' title='bbox 1863 1131 2102 1202; x_wconf 83' lang='lat' dir='ltr'>ﬂagitiis</span> 
     </span>
    </p>
   </div>
   <div class='ocr_carea' id='block_1_15' title="bbox 455 1221 2099 1294">
    <p class='ocr_par' dir='ltr' id='par_1_15' title="bbox 455 1221 2099 1294">
     <span class='ocr_line' id='line_1_15' title="bbox 455 1221 2099 1294; baseline -0.004 -14"><span class='ocrx_word' id='word_1_98' title='bbox 455 1225 582 1280; x_wconf 83' lang='lat' dir='ltr'>suis</span> <span class='ocrx_word' id='word_1_99' title='bbox 619 1222 970 1290; x_wconf 87' lang='lat' dir='ltr'>moriuntur,</span> <span class='ocrx_word' id='word_1_100' title='bbox 1005 1231 1131 1294; x_wconf 90' lang='lat' dir='ltr'>post</span> <span class='ocrx_word' id='word_1_101' title='bbox 1163 1239 1360 1293; x_wconf 60' lang='lat' dir='ltr'>poenas</span> <span class='ocrx_word' id='word_1_102' title='bbox 1403 1222 1674 1277; x_wconf 80' lang='lat' dir='ltr'>definitas</span> <span class='ocrx_word' id='word_1_103' title='bbox 1706 1223 1764 1275; x_wconf 91' lang='lat' dir='ltr'>in</span> <span class='ocrx_word' id='word_1_104' title='bbox 1797 1221 2099 1276; x_wconf 80' lang='lat' dir='ltr'>beatorum</span> 
     </span>
    </p>
   </div>
   <div class='ocr_carea' id='block_1_16' title="bbox 460 1310 2102 1385">
    <p class='ocr_par' dir='ltr' id='par_1_16' title="bbox 460 1310 2102 1385">
     <span class='ocr_line' id='line_1_16' title="bbox 460 1310 2102 1385; baseline -0.003 -15"><span class='ocrx_word' id='word_1_105' title='bbox 460 1330 771 1371; x_wconf 82' lang='lat' dir='ltr'>numerum</span> <span class='ocrx_word' id='word_1_106' title='bbox 794 1313 1193 1385; x_wconf 83' lang='lat' dir='ltr'>aggregandos</span> <span class='ocrx_word' id='word_1_107' title='bbox 1210 1317 1476 1384; x_wconf 79' lang='lat' dir='ltr'>nugatur.</span> <span class='ocrx_word' id='word_1_108' title='bbox 1495 1311 1718 1366; x_wconf 83' lang='lat' dir='ltr'>Refellit</span> <span class='ocrx_word' id='word_1_109' title='bbox 1739 1328 1867 1367; x_wconf 85' lang='lat' dir='ltr'>vero</span> <span class='ocrx_word' id='word_1_110' title='bbox 1889 1310 2102 1366; x_wconf 77' lang='lat' dir='ltr'>fabulis</span> 
     </span>
    </p>
   </div>
   <div class='ocr_carea' id='block_1_17' title="bbox 453 1401 2099 1475">
    <p class='ocr_par' dir='ltr' id='par_1_17' title="bbox 453 1401 2099 1475">
     <span class='ocr_line' id='line_1_17' title="bbox 453 1401 2099 1475; baseline -0.001 -18"><span class='ocrx_word' id='word_1_111' title='bbox 453 1404 686 1475; x_wconf 81' lang='lat' dir='ltr'>plenam</span> <span class='ocrx_word' id='word_1_112' title='bbox 723 1403 1104 1474; x_wconf 83' lang='lat' dir='ltr'>impietatem,</span> <span class='ocrx_word' id='word_1_113' title='bbox 1145 1402 1394 1472; x_wconf 91' lang='lat' dir='ltr'>primum</span> <span class='ocrx_word' id='word_1_114' title='bbox 1421 1419 1450 1456; x_wconf 93' lang='lat' dir='ltr'>e</span> <span class='ocrx_word' id='word_1_115' title='bbox 1487 1401 1720 1456; x_wconf 87' lang='lat' dir='ltr'>Domini</span> <span class='ocrx_word' id='word_1_116' title='bbox 1755 1401 2099 1457; x_wconf 73' lang='lat' dir='ltr'>292bver-</span> 
     </span>
    </p>
   </div>
   <div class='ocr_carea' id='block_1_18' title="bbox 455 1490 2098 1562">
    <p class='ocr_par' dir='ltr' id='par_1_18' title="bbox 455 1490 2098 1562">
     <span class='ocr_line' id='line_1_18' title="bbox 455 1490 2098 1562; baseline -0.003 -14"><span class='ocrx_word' id='word_1_117' title='bbox 455 1493 562 1560; x_wconf 88' lang='lat' dir='ltr'>bis,</span> <span class='ocrx_word' id='word_1_118' title='bbox 588 1493 725 1548; x_wconf 89' lang='lat' dir='ltr'>hinc</span> <span class='ocrx_word' id='word_1_119' title='bbox 758 1509 822 1547; x_wconf 84' lang='lat' dir='ltr'>ex</span> <span class='ocrx_word' id='word_1_120' title='bbox 858 1492 1189 1562; x_wconf 79' lang='lat' dir='ltr'>apostolicis</span> <span class='ocrx_word' id='word_1_121' title='bbox 1217 1491 1484 1557; x_wconf 83' lang='lat' dir='ltr'>decretis,</span> <span class='ocrx_word' id='word_1_122' title='bbox 1520 1491 1730 1562; x_wconf 88' lang='lat' dir='ltr'>quibus</span> <span class='ocrx_word' id='word_1_123' title='bbox 1763 1496 1817 1545; x_wconf 87' lang='lat' dir='ltr'>et</span> <span class='ocrx_word' id='word_1_124' title='bbox 1851 1490 2098 1562; x_wconf 89' lang='lat' dir='ltr'>prophe-</span> 
     </span>
    </p>
   </div>
   <div class='ocr_carea' id='block_1_19' title="bbox 453 1581 2103 1650">
    <p class='ocr_par' dir='ltr' id='par_1_19' title="bbox 453 1581 2103 1650">
     <span class='ocr_line' id='line_1_19' title="bbox 453 1581 2103 1650; baseline -0.002 -12"><span class='ocrx_word' id='word_1_125' title='bbox 453 1588 644 1638; x_wconf 88' lang='lat' dir='ltr'>tarum</span> <span class='ocrx_word' id='word_1_126' title='bbox 703 1582 1043 1637; x_wconf 87' lang='lat' dir='ltr'>testimonia</span> <span class='ocrx_word' id='word_1_127' title='bbox 1100 1582 1321 1650; x_wconf 84' lang='lat' dir='ltr'>adjicit,</span> <span class='ocrx_word' id='word_1_128' title='bbox 1382 1581 1534 1636; x_wconf 88' lang='lat' dir='ltr'>clare</span> <span class='ocrx_word' id='word_1_129' title='bbox 1591 1582 1974 1650; x_wconf 85' lang='lat' dir='ltr'>ostendentia,</span> <span class='ocrx_word' id='word_1_130' title='bbox 2038 1584 2103 1634; x_wconf 91' lang='lat' dir='ltr'>ut</span> 
     </span>
    </p>
   </div>
   <div class='ocr_carea' id='block_1_20' title="bbox 456 1670 2104 1740">
    <p class='ocr_par' dir='ltr' id='par_1_20' title="bbox 456 1670 2104 1740">
     <span class='ocr_line' id='line_1_20' title="bbox 456 1670 2104 1740; baseline -0.003 -14"><span class='ocrx_word' id='word_1_131' title='bbox 456 1680 672 1726; x_wconf 71' lang='lat' dir='ltr'>aeterna</span> <span class='ocrx_word' id='word_1_132' title='bbox 691 1672 1081 1740; x_wconf 84' lang='lat' dir='ltr'>estjustorum</span> <span class='ocrx_word' id='word_1_133' title='bbox 1101 1671 1409 1725; x_wconf 67' lang='lat' dir='ltr'>inetiabilis</span> <span class='ocrx_word' id='word_1_134' title='bbox 1428 1671 1644 1736; x_wconf 80' lang='lat' dir='ltr'>fruitio,</span> <span class='ocrx_word' id='word_1_135' title='bbox 1669 1670 1750 1725; x_wconf 89' lang='lat' dir='ltr'>sic</span> <span class='ocrx_word' id='word_1_136' title='bbox 1782 1675 1836 1724; x_wconf 87' lang='lat' dir='ltr'>et</span> <span class='ocrx_word' id='word_1_137' title='bbox 1868 1685 2104 1740; x_wconf 87' lang='lat' dir='ltr'>peccan—</span> 
     </span>
    </p>
   </div>
   <div class='ocr_carea' id='block_1_21' title="bbox 455 1759 2099 1832">
    <p class='ocr_par' dir='ltr' id='par_1_21' title="bbox 455 1759 2099 1832">
     <span class='ocr_line' id='line_1_21' title="bbox 455 1759 2099 1832; baseline -0.003 -16"><span class='ocrx_word' id='word_1_138' title='bbox 455 1761 600 1817; x_wconf 88' lang='lat' dir='ltr'>tium</span> <span class='ocrx_word' id='word_1_139' title='bbox 619 1760 1030 1832; x_wconf 83' lang='lat' dir='ltr'>sempiternam</span> <span class='ocrx_word' id='word_1_140' title='bbox 1050 1765 1223 1831; x_wconf 88' lang='lat' dir='ltr'>atque</span> <span class='ocrx_word' id='word_1_141' title='bbox 1244 1760 1532 1815; x_wconf 84' lang='lat' dir='ltr'>inﬁnitam</span> <span class='ocrx_word' id='word_1_142' title='bbox 1558 1775 1787 1830; x_wconf 67' lang='lat' dir='ltr'>poenam</span> <span class='ocrx_word' id='word_1_143' title='bbox 1814 1759 2064 1812; x_wconf 81' lang='lat' dir='ltr'>futuram</span> <span class='ocrx_word' id='word_1_144' title='bbox 2086 1773 2099 1818; x_wconf 90' lang='lat'><strong>;</strong></span> 
     </span>
    </p>
   </div>
   <div class='ocr_carea' id='block_1_22' title="bbox 2281 1039 3872 1117">
    <p class='ocr_par' dir='ltr' id='par_1_22' title="bbox 2281 1039 3872 1117">
     <span class='ocr_line' id='line_1_22' title="bbox 2281 1039 3872 1117; baseline 0.001 -22"><span class='ocrx_word' id='word_1_145' title='bbox 2281 1039 2656 1115; x_wconf 69' lang='grc' dir='ltr'>Ἐπιρραπίζει</span> <span class='ocrx_word' id='word_1_146' title='bbox 2719 1041 2815 1113; x_wconf 75' lang='grc' dir='ltr'>μὲν</span> <span class='ocrx_word' id='word_1_147' title='bbox 2895 1039 2988 1095; x_wconf 73' lang='grc' dir='ltr'>οὖν</span> <span class='ocrx_word' id='word_1_148' title='bbox 3076 1043 3342 1117; x_wconf 89' lang='grc' dir='ltr'>πρότερον</span> <span class='ocrx_word' id='word_1_149' title='bbox 3434 1043 3496 1097; x_wconf 79' lang='grc' dir='ltr'>τὸ</span> <span class='ocrx_word' id='word_1_150' title='bbox 3596 1044 3872 1115; x_wconf 72' lang='grc' dir='ltr'>αἱρετικὸν</span> 
     </span>
    </p>
   </div>
   <div class='ocr_carea' id='block_1_23' title="bbox 2213 1125 3871 1204">
    <p class='ocr_par' dir='ltr' id='par_1_23' title="bbox 2213 1125 3871 1204">
     <span class='ocr_line' id='line_1_23' title="bbox 2213 1125 3871 1204; baseline 0.003 -22"><span class='ocrx_word' id='word_1_151' title='bbox 2213 1125 2409 1202; x_wconf 87' lang='grc' dir='ltr'>δόγμα,</span> <span class='ocrx_word' id='word_1_152' title='bbox 2457 1129 2484 1182; x_wconf 79' lang='grc' dir='ltr'>’ὁ</span> <span class='ocrx_word' id='word_1_153' title='bbox 2532 1133 2628 1197; x_wconf 70' lang='grc' dir='ltr'>τῆς</span> <span class='ocrx_word' id='word_1_154' title='bbox 2670 1129 3161 1192; x_wconf 76' lang='grc' dir='ltr'>ἀποκαταστάσεως</span> <span class='ocrx_word' id='word_1_155' title='bbox 3207 1136 3314 1185; x_wconf 86' lang='grc' dir='ltr'>τῶν</span> <span class='ocrx_word' id='word_1_156' title='bbox 3373 1129 3657 1204; x_wconf 77' lang='grc' dir='ltr'>δαιμόνων</span> <span class='ocrx_word' id='word_1_157' title='bbox 3694 1133 3774 1195; x_wconf 78' lang='grc' dir='ltr'>εἰς</span> <span class='ocrx_word' id='word_1_158' title='bbox 3811 1135 3871 1187; x_wconf 71' lang='grc' dir='ltr'>τὸ</span> 
     </span>
    </p>
   </div>
   <div class='ocr_carea' id='block_1_24' title="bbox 2210 1217 3868 1295">
    <p class='ocr_par' dir='ltr' id='par_1_24' title="bbox 2210 1217 3868 1295">
     <span class='ocr_line' id='line_1_24' title="bbox 2210 1217 3868 1295; baseline 0.002 -23"><span class='ocrx_word' id='word_1_159' title='bbox 2210 1219 2442 1295; x_wconf 79' lang='grc' dir='ltr'>ἀρχαῖον</span> <span class='ocrx_word' id='word_1_160' title='bbox 2501 1218 2586 1272; x_wconf 81' lang='grc' dir='ltr'>καὶ</span> <span class='ocrx_word' id='word_1_161' title='bbox 2639 1223 2746 1273; x_wconf 84' lang='grc' dir='ltr'>τῶν</span> <span class='ocrx_word' id='word_1_162' title='bbox 2801 1217 2852 1272; x_wconf 85' lang='grc' dir='ltr'>ἐν</span> <span class='ocrx_word' id='word_1_163' title='bbox 2910 1220 3200 1294; x_wconf 73' lang='grc' dir='ltr'>ἁμαρτίαις</span> <span class='ocrx_word' id='word_1_164' title='bbox 3278 1217 3712 1276; x_wconf 71' lang='grc' dir='ltr'>καταλυσάντων</span> <span class='ocrx_word' id='word_1_165' title='bbox 3784 1225 3868 1277; x_wconf 83' lang='grc' dir='ltr'>τὸν</span> 
     </span>
    </p>
   </div>
   <div class='ocr_carea' id='block_1_25' title="bbox 2217 1306 3871 1385">
    <p class='ocr_par' dir='ltr' id='par_1_25' title="bbox 2217 1306 3871 1385">
     <span class='ocr_line' id='line_1_25' title="bbox 2217 1306 3871 1385; baseline 0.002 -25"><span class='ocrx_word' id='word_1_166' title='bbox 2217 1309 2359 1380; x_wconf 79' lang='grc' dir='ltr'>βίον,</span> <span class='ocrx_word' id='word_1_167' title='bbox 2395 1309 2530 1379; x_wconf 88' lang='grc' dir='ltr'>μετά</span> <span class='ocrx_word' id='word_1_168' title='bbox 2558 1310 2604 1342; x_wconf 73' lang='grc'>⁸9</span> <span class='ocrx_word' id='word_1_169' title='bbox 2645 1329 2794 1370; x_wconf 83' lang='grc' dir='ltr'>τινας</span> <span class='ocrx_word' id='word_1_170' title='bbox 2844 1310 3033 1370; x_wconf 78' lang='grc' dir='ltr'>ποινὰς</span> <span class='ocrx_word' id='word_1_171' title='bbox 3074 1306 3382 1383; x_wconf 75' lang='grc' dir='ltr'>ὡρισμένας</span> <span class='ocrx_word' id='word_1_172' title='bbox 3432 1309 3508 1371; x_wconf 68' lang='grc' dir='ltr'>εἷς</span> <span class='ocrx_word' id='word_1_173' title='bbox 3567 1312 3664 1365; x_wconf 86' lang='grc' dir='ltr'>τὸν</span> <span class='ocrx_word' id='word_1_174' title='bbox 3701 1312 3871 1385; x_wconf 73' lang='grc' dir='ltr'>χορὸν</span> 
     </span>
    </p>
   </div>
   <div class='ocr_carea' id='block_1_26' title="bbox 2209 1393 3875 1475">
    <p class='ocr_par' dir='ltr' id='par_1_26' title="bbox 2209 1393 3875 1475">
     <span class='ocr_line' id='line_1_26' title="bbox 2209 1393 3875 1475; baseline 0.002 -26"><span class='ocrx_word' id='word_1_175' title='bbox 2209 1401 2315 1450; x_wconf 88' lang='grc' dir='ltr'>τῶν</span> <span class='ocrx_word' id='word_1_176' title='bbox 2374 1393 2594 1450; x_wconf 86' lang='grc' dir='ltr'>δικαίων</span> <span class='ocrx_word' id='word_1_177' title='bbox 2650 1395 2932 1470; x_wconf 79' lang='grc' dir='ltr'>μετελθεῖν</span> <span class='ocrx_word' id='word_1_178' title='bbox 2984 1398 3344 1472; x_wconf 85' lang='grc' dir='ltr'>τερατεύεται.</span> <span class='ocrx_word' id='word_1_179' title='bbox 3398 1397 3661 1475; x_wconf 74' lang='grc' dir='ltr'>Ἐλὲγχει</span> <span class='ocrx_word' id='word_1_180' title='bbox 3718 1398 3778 1454; x_wconf 79' lang='grc' dir='ltr'>δὲ</span> <span class='ocrx_word' id='word_1_181' title='bbox 3816 1400 3875 1455; x_wconf 76' lang='grc' dir='ltr'>τὸ</span> 
     </span>
    </p>
   </div>
   <div class='ocr_carea' id='block_1_27' title="bbox 2217 1481 3878 1561">
    <p class='ocr_par' dir='ltr' id='par_1_27' title="bbox 2217 1481 3878 1561">
     <span class='ocr_line' id='line_1_27' title="bbox 2217 1481 3878 1561; baseline 0.001 -24"><span class='ocrx_word' id='word_1_182' title='bbox 2217 1482 2462 1555; x_wconf 76' lang='grc' dir='ltr'>μυθῶδες</span> <span class='ocrx_word' id='word_1_183' title='bbox 2493 1489 2653 1539; x_wconf 70' lang='grc' dir='ltr'>τοῦτο</span> <span class='ocrx_word' id='word_1_184' title='bbox 2687 1481 3006 1559; x_wconf 73' lang='grc' dir='ltr'>δυσσέϐημα</span> <span class='ocrx_word' id='word_1_185' title='bbox 3038 1491 3256 1561; x_wconf 87' lang='grc' dir='ltr'>πρῶτον</span> <span class='ocrx_word' id='word_1_186' title='bbox 3294 1488 3384 1559; x_wconf 76' lang='grc' dir='ltr'>μὲν</span> <span class='ocrx_word' id='word_1_187' title='bbox 3437 1485 3487 1559; x_wconf 79' lang='grc' dir='ltr'>ἐξ</span> <span class='ocrx_word' id='word_1_188' title='bbox 3537 1488 3727 1541; x_wconf 80' lang='grc' dir='ltr'>αὐτῶν</span> <span class='ocrx_word' id='word_1_189' title='bbox 3774 1493 3878 1542; x_wconf 84' lang='grc' dir='ltr'>τῶν</span> 
     </span>
    </p>
   </div>
   <div class='ocr_carea' id='block_1_28' title="bbox 2213 1573 3878 1652">
    <p class='ocr_par' dir='ltr' id='par_1_28' title="bbox 2213 1573 3878 1652">
     <span class='ocr_line' id='line_1_28' title="bbox 2213 1573 3878 1652; baseline 0.003 -25"><span class='ocrx_word' id='word_1_190' title='bbox 2213 1579 2552 1629; x_wconf 87' lang='grc' dir='ltr'>Δεσποτικῶν</span> <span class='ocrx_word' id='word_1_191' title='bbox 2599 1579 2815 1652; x_wconf 66' lang='grc' dir='ltr'>φωνῶν,</span> <span class='ocrx_word' id='word_1_192' title='bbox 2863 1573 3113 1650; x_wconf 89' lang='grc' dir='ltr'>δεύτερον</span> <span class='ocrx_word' id='word_1_193' title='bbox 3183 1575 3240 1630; x_wconf 73' lang='grc' dir='ltr'>δὲ</span> <span class='ocrx_word' id='word_1_194' title='bbox 3270 1578 3319 1611; x_wconf 82' lang='grc' dir='ltr'>⁵ο</span> <span class='ocrx_word' id='word_1_195' title='bbox 3369 1576 3428 1632; x_wconf 84' lang='grc' dir='ltr'>ἐκ</span> <span class='ocrx_word' id='word_1_196' title='bbox 3485 1582 3597 1631; x_wconf 85' lang='grc' dir='ltr'>τῶν</span> <span class='ocrx_word' id='word_1_197' title='bbox 3630 1577 3878 1632; x_wconf 81' lang='grc' dir='ltr'>ἀποστο-</span> 
     </span>
    </p>
   </div>
   <div class='ocr_carea' id='block_1_29' title="bbox 2213 1665 3879 1745">
    <p class='ocr_par' dir='ltr' id='par_1_29' title="bbox 2213 1665 3879 1745">
     <span class='ocr_line' id='line_1_29' title="bbox 2213 1665 3879 1745; baseline -0.022 13"><span class='ocrx_word' id='word_1_198' title='bbox 2213 1665 2381 1718; x_wconf 68' lang='grc' dir='ltr'>λίκῶν</span> <span class='ocrx_word' id='word_1_199' title='bbox 2410 1665 2801 1739; x_wconf 63' lang='grc' dir='ltr'>κηρυγμάτων,</span> <span class='ocrx_word' id='word_1_200' title='bbox 2835 1667 2924 1726; x_wconf 78' lang='grc' dir='ltr'>οῖς</span> <span class='ocrx_word' id='word_1_201' title='bbox 2969 1669 3095 1740; x_wconf 60' lang='lat'>[579</span> <span class='ocrx_word' id='word_1_202' title='bbox 3125 1669 3214 1740; x_wconf 69' lang='grc' dir='ltr'>Ηε]</span> <span class='ocrx_word' id='word_1_203' title='bbox 3244 1667 3334 1721; x_wconf 73' lang='grc' dir='ltr'>καὶ</span> <span class='ocrx_word' id='word_1_204' title='bbox 3375 1669 3732 1745; x_wconf 50' lang='lat' dir='ltr'>«postuma;</span> <span class='ocrx_word' id='word_1_205' title='bbox 3766 1668 3879 1722; x_wconf 76' lang='grc' dir='ltr'>ἐπι-</span> 
     </span>
    </p>
   </div>
   <div class='ocr_carea' id='block_1_30' title="bbox 2213 1753 3881 1830">
    <p class='ocr_par' dir='ltr' id='par_1_30' title="bbox 2213 1753 3881 1830">
     <span class='ocr_line' id='line_1_30' title="bbox 2213 1753 3881 1830; baseline 0.002 -24"><span class='ocrx_word' id='word_1_206' title='bbox 2213 1753 2463 1808; x_wconf 81' lang='grc' dir='ltr'>συνάπτει</span> <span class='ocrx_word' id='word_1_207' title='bbox 2512 1755 2832 1830; x_wconf 87' lang='grc' dir='ltr'>μαρτυρίας,</span> <span class='ocrx_word' id='word_1_208' title='bbox 2905 1756 3350 1829; x_wconf 86' lang='grc' dir='ltr'>τρανολογούσας</span> <span class='ocrx_word' id='word_1_209' title='bbox 3406 1754 3595 1830; x_wconf 75' lang='grc' dir='ltr'>ὥσπερ</span> <span class='ocrx_word' id='word_1_210' title='bbox 3658 1757 3881 1812; x_wconf 80' lang='grc' dir='ltr'>αἰώνιον</span> 
     </span>
    </p>
   </div>
   <div class='ocr_carea' id='block_1_31' title="bbox 461 1841 2114 1916">
    <p class='ocr_par' dir='ltr' id='par_1_31' title="bbox 461 1849 2101 1906">
     <span class='ocr_line' id='line_1_31' title="bbox 461 1849 2101 1906; baseline -0.003 0"><span class='ocrx_word' id='word_1_211' title='bbox 461 1867 576 1906; x_wconf 90' lang='lat' dir='ltr'>non</span> <span class='ocrx_word' id='word_1_212' title='bbox 632 1851 800 1906; x_wconf 91' lang='lat' dir='ltr'>modo</span> <span class='ocrx_word' id='word_1_213' title='bbox 850 1854 1044 1906; x_wconf 85' lang='lat' dir='ltr'>autem</span> <span class='ocrx_word' id='word_1_214' title='bbox 1102 1850 1455 1905; x_wconf 87' lang='lat' dir='ltr'>testimoniis</span> <span class='ocrx_word' id='word_1_215' title='bbox 1514 1850 1707 1904; x_wconf 87' lang='lat' dir='ltr'>allatis</span> <span class='ocrx_word' id='word_1_216' title='bbox 1766 1849 2101 1903; x_wconf 67' lang='lat' dir='ltr'>haereticum</span> 
     </span>
    </p>
   </div>
   <div class='ocr_carea' id='block_1_32' title="bbox 2228 1841 3879 1916">
    <p class='ocr_par' dir='ltr' id='par_1_32' title="bbox 2228 1841 3879 1916">
     <span class='ocr_line' id='line_1_32' title="bbox 2228 1841 3879 1916; baseline 0.001 -20"><span class='ocrx_word' id='word_1_217' title='bbox 2228 1844 2311 1911; x_wconf 74' lang='grc' dir='ltr'>τήν</span> <span class='ocrx_word' id='word_1_218' title='bbox 2342 1849 2448 1897; x_wconf 90' lang='grc' dir='ltr'>τῶν</span> <span class='ocrx_word' id='word_1_219' title='bbox 2475 1841 2696 1897; x_wconf 82' lang='grc' dir='ltr'>δικαίων</span> <span class='ocrx_word' id='word_1_220' title='bbox 2727 1843 3098 1915; x_wconf 79' lang='grc' dir='ltr'>ἀνεκλάλητον</span> <span class='ocrx_word' id='word_1_221' title='bbox 3126 1843 3451 1913; x_wconf 69' lang='grc' dir='ltr'>ἀπόλαυσιν,</span> <span class='ocrx_word' id='word_1_222' title='bbox 3481 1847 3628 1900; x_wconf 71' lang='grc' dir='ltr'>οὕτω</span> <span class='ocrx_word' id='word_1_223' title='bbox 3663 1849 3759 1901; x_wconf 76' lang='grc' dir='ltr'>καὶ</span> <span class='ocrx_word' id='word_1_224' title='bbox 3782 1849 3879 1916; x_wconf 73' lang='grc' dir='ltr'>τὴν</span> 
     </span>
    </p>
   </div>
   <div class='ocr_carea' id='block_1_33' title="bbox 461 1938 2100 2011">
    <p class='ocr_par' dir='ltr' id='par_1_33' title="bbox 461 1938 2100 2011">
     <span class='ocr_line' id='line_1_33' title="bbox 461 1938 2100 2011; baseline -0.003 -16"><span class='ocrx_word' id='word_1_225' title='bbox 461 1944 632 2010; x_wconf 87' lang='lat' dir='ltr'>atque</span> <span class='ocrx_word' id='word_1_226' title='bbox 664 1942 971 2011; x_wconf 82' lang='lat' dir='ltr'>profanum</span> <span class='ocrx_word' id='word_1_227' title='bbox 1003 1941 1354 1994; x_wconf 86' lang='lat' dir='ltr'>condemnat</span> <span class='ocrx_word' id='word_1_228' title='bbox 1383 1954 1908 2004; x_wconf 87' lang='lat' dir='ltr'>venenum,verum</span> <span class='ocrx_word' id='word_1_229' title='bbox 1931 1938 2100 1993; x_wconf 88' lang='lat' dir='ltr'>etiam</span> 
     </span>
    </p>
   </div>
   <div class='ocr_carea' id='block_1_34' title="bbox 463 2027 2102 2096">
    <p class='ocr_par' dir='ltr' id='par_1_34' title="bbox 463 2027 2102 2096">
     <span class='ocr_line' id='line_1_34' title="bbox 463 2027 2102 2096; baseline -0.002 -13"><span class='ocrx_word' id='word_1_230' title='bbox 463 2044 493 2083; x_wconf 91' lang='lat' dir='ltr'>e</span> <span class='ocrx_word' id='word_1_231' title='bbox 515 2029 733 2084; x_wconf 87' lang='lat' dir='ltr'>sanctis</span> <span class='ocrx_word' id='word_1_232' title='bbox 755 2030 1041 2084; x_wconf 88' lang='lat' dir='ltr'>Patribus.</span> <span class='ocrx_word' id='word_1_233' title='bbox 1079 2030 1401 2093; x_wconf 82' lang='lat' dir='ltr'>Quinetiam</span> <span class='ocrx_word' id='word_1_234' title='bbox 1435 2028 1708 2093; x_wconf 85' lang='lat' dir='ltr'>validius,</span> <span class='ocrx_word' id='word_1_235' title='bbox 1739 2044 1806 2081; x_wconf 84' lang='lat' dir='ltr'>ex</span> <span class='ocrx_word' id='word_1_236' title='bbox 1836 2027 2102 2096; x_wconf 87' lang='lat' dir='ltr'>ejusdem</span> 
     </span>
    </p>
   </div>
   <div class='ocr_carea' id='block_1_35' title="bbox 463 2117 2103 2189">
    <p class='ocr_par' dir='ltr' id='par_1_35' title="bbox 463 2117 2103 2189">
     <span class='ocr_line' id='line_1_35' title="bbox 463 2117 2103 2189; baseline -0.002 -18"><span class='ocrx_word' id='word_1_237' title='bbox 463 2118 715 2187; x_wconf 88' lang='lat' dir='ltr'>propriis</span> <span class='ocrx_word' id='word_1_238' title='bbox 747 2118 978 2189; x_wconf 89' lang='lat' dir='ltr'>scriptis</span> <span class='ocrx_word' id='word_1_239' title='bbox 1002 2134 1249 2188; x_wconf 90' lang='lat' dir='ltr'>quorum</span> <span class='ocrx_word' id='word_1_240' title='bbox 1284 2117 1500 2188; x_wconf 78' lang='lat' dir='ltr'>perfide</span> <span class='ocrx_word' id='word_1_241' title='bbox 1535 2118 1768 2171; x_wconf 73' lang='lat' dir='ltr'>haeresis</span> <span class='ocrx_word' id='word_1_242' title='bbox 1794 2121 2103 2186; x_wconf 88' lang='lat' dir='ltr'>patronum</span> 
     </span>
    </p>
   </div>
   <div class='ocr_carea' id='block_1_36' title="bbox 467 2205 2107 2278">
    <p class='ocr_par' dir='ltr' id='par_1_36' title="bbox 467 2205 2107 2278">
     <span class='ocr_line' id='line_1_36' title="bbox 467 2205 2107 2278; baseline -0.002 -17"><span class='ocrx_word' id='word_1_243' title='bbox 467 2206 723 2276; x_wconf 86' lang='lat' dir='ltr'>accipere</span> <span class='ocrx_word' id='word_1_244' title='bbox 755 2223 1022 2278; x_wconf 77' lang='lat' dir='ltr'>aggressa</span> <span class='ocrx_word' id='word_1_245' title='bbox 1068 2211 1184 2262; x_wconf 90' lang='lat' dir='ltr'>est:</span> <span class='ocrx_word' id='word_1_246' title='bbox 1238 2223 1307 2261; x_wconf 84' lang='lat' dir='ltr'>ex</span> <span class='ocrx_word' id='word_1_247' title='bbox 1359 2207 1447 2260; x_wconf 91' lang='lat' dir='ltr'>his</span> <span class='ocrx_word' id='word_1_248' title='bbox 1496 2207 1771 2261; x_wconf 91' lang='lat' dir='ltr'>omnibus</span> <span class='ocrx_word' id='word_1_249' title='bbox 1818 2205 1928 2276; x_wconf 88' lang='lat' dir='ltr'>piis</span> <span class='ocrx_word' id='word_1_250' title='bbox 1968 2221 2107 2260; x_wconf 90' lang='lat' dir='ltr'>sen—</span> 
     </span>
    </p>
   </div>
   <div class='ocr_carea' id='block_1_37' title="bbox 466 2295 2107 2365">
    <p class='ocr_par' dir='ltr' id='par_1_37' title="bbox 466 2295 2107 2365">
     <span class='ocr_line' id='line_1_37' title="bbox 466 2295 2107 2365; baseline -0.001 -16"><span class='ocrx_word' id='word_1_251' title='bbox 466 2295 667 2350; x_wconf 82' lang='lat' dir='ltr'>tentiis</span> <span class='ocrx_word' id='word_1_252' title='bbox 691 2298 745 2350; x_wconf 84' lang='lat' dir='ltr'>et</span> <span class='ocrx_word' id='word_1_253' title='bbox 779 2295 960 2350; x_wconf 85' lang='lat' dir='ltr'>verbis</span> <span class='ocrx_word' id='word_1_254' title='bbox 999 2295 1401 2350; x_wconf 88' lang='lat' dir='ltr'>calamitosam</span> <span class='ocrx_word' id='word_1_255' title='bbox 1435 2295 1590 2350; x_wconf 90' lang='lat' dir='ltr'>illam</span> <span class='ocrx_word' id='word_1_256' title='bbox 1625 2296 1948 2365; x_wconf 64' lang='lat' dir='ltr'>animmque</span> <span class='ocrx_word' id='word_1_257' title='bbox 1981 2311 2107 2364; x_wconf 89' lang='lat' dir='ltr'>per-</span> 
     </span>
    </p>
   </div>
   <div class='ocr_carea' id='block_1_38' title="bbox 466 2383 2108 2441">
    <p class='ocr_par' dir='ltr' id='par_1_38' title="bbox 466 2383 2108 2441">
     <span class='ocr_line' id='line_1_38' title="bbox 466 2383 2108 2441; baseline -0.002 -2"><span class='ocrx_word' id='word_1_258' title='bbox 466 2384 744 2439; x_wconf 84' lang='lat' dir='ltr'>niciosam</span> <span class='ocrx_word' id='word_1_259' title='bbox 774 2384 1028 2440; x_wconf 84' lang='lat' dir='ltr'>fabulam</span> <span class='ocrx_word' id='word_1_260' title='bbox 1075 2403 1106 2439; x_wconf 89' lang='lat' dir='ltr'>a</span> <span class='ocrx_word' id='word_1_261' title='bbox 1137 2389 1258 2441; x_wconf 91' lang='lat' dir='ltr'>toto</span> <span class='ocrx_word' id='word_1_262' title='bbox 1304 2384 1457 2440; x_wconf 90' lang='lat' dir='ltr'>clero</span> <span class='ocrx_word' id='word_1_263' title='bbox 1503 2384 1896 2440; x_wconf 88' lang='lat' dir='ltr'>ecclesiastico</span> <span class='ocrx_word' id='word_1_264' title='bbox 1943 2383 2108 2437; x_wconf 91' lang='lat' dir='ltr'>illum</span> 
     </span>
    </p>
   </div>
   <div class='ocr_carea' id='block_1_39' title="bbox 476 2473 2112 2544">
    <p class='ocr_par' dir='ltr' id='par_1_39' title="bbox 476 2473 2112 2544">
     <span class='ocr_line' id='line_1_39' title="bbox 476 2473 2112 2544; baseline 0 -18"><span class='ocrx_word' id='word_1_265' title='bbox 476 2487 762 2542; x_wconf 88' lang='lat' dir='ltr'>maovere,</span> <span class='ocrx_word' id='word_1_266' title='bbox 789 2473 950 2544; x_wconf 90' lang='lat' dir='ltr'>pium</span> <span class='ocrx_word' id='word_1_267' title='bbox 977 2489 1106 2529; x_wconf 89' lang='lat' dir='ltr'>vero</span> <span class='ocrx_word' id='word_1_268' title='bbox 1140 2475 1372 2544; x_wconf 88' lang='lat' dir='ltr'>dogma,</span> <span class='ocrx_word' id='word_1_269' title='bbox 1409 2473 1687 2528; x_wconf 82' lang='lat' dir='ltr'>malitiam</span> <span class='ocrx_word' id='word_1_270' title='bbox 1711 2489 1947 2528; x_wconf 87' lang='lat' dir='ltr'>exosum</span> <span class='ocrx_word' id='word_1_271' title='bbox 1972 2489 2112 2527; x_wconf 92' lang='lat' dir='ltr'>con-</span> 
     </span>
    </p>
   </div>
   <div class='ocr_carea' id='block_1_40' title="bbox 469 2560 2111 2634">
    <p class='ocr_par' dir='ltr' id='par_1_40' title="bbox 469 2560 2111 2634">
     <span class='ocr_line' id='line_1_40' title="bbox 469 2560 2111 2634; baseline 0.002 -20"><span class='ocrx_word' id='word_1_272' title='bbox 469 2560 705 2616; x_wconf 84' lang='lat' dir='ltr'>ﬁrmare</span> <span class='ocrx_word' id='word_1_273' title='bbox 728 2569 779 2617; x_wconf 91' lang='lat' dir='ltr'>et</span> <span class='ocrx_word' id='word_1_274' title='bbox 811 2564 1034 2632; x_wconf 87' lang='lat' dir='ltr'>erigere</span> <span class='ocrx_word' id='word_1_275' title='bbox 1057 2572 1312 2634; x_wconf 88' lang='lat' dir='ltr'>apparet,</span> <span class='ocrx_word' id='word_1_276' title='bbox 1340 2564 1409 2618; x_wconf 88' lang='lat' dir='ltr'>ad</span> <span class='ocrx_word' id='word_1_277' title='bbox 1434 2565 1701 2618; x_wconf 89' lang='lat' dir='ltr'>eumdem</span> <span class='ocrx_word' id='word_1_278' title='bbox 1733 2579 1966 2634; x_wconf 90' lang='lat' dir='ltr'>quoque</span> <span class='ocrx_word' id='word_1_279' title='bbox 1988 2579 2111 2617; x_wconf 89' lang='lat' dir='ltr'>mo-</span> 
     </span>
    </p>
   </div>
   <div class='ocr_carea' id='block_1_41' title="bbox 467 2649 2115 2715">
    <p class='ocr_par' dir='ltr' id='par_1_41' title="bbox 467 2649 2115 2715">
     <span class='ocr_line' id='line_1_41' title="bbox 467 2649 2115 2715; baseline 0.002 -13"><span class='ocrx_word' id='word_1_280' title='bbox 467 2650 609 2704; x_wconf 89' lang='lat' dir='ltr'>dum</span> <span class='ocrx_word' id='word_1_281' title='bbox 653 2649 945 2708; x_wconf 87' lang='lat' dir='ltr'>instruere</span> <span class='ocrx_word' id='word_1_282' title='bbox 977 2668 1042 2706; x_wconf 91' lang='lat' dir='ltr'>ac</span> <span class='ocrx_word' id='word_1_283' title='bbox 1089 2653 1319 2707; x_wconf 87' lang='lat' dir='ltr'>munire</span> <span class='ocrx_word' id='word_1_284' title='bbox 1367 2653 1623 2708; x_wconf 82' lang='lat' dir='ltr'>veritatis</span> <span class='ocrx_word' id='word_1_285' title='bbox 1673 2652 1912 2715; x_wconf 84' lang='lat' dir='ltr'>vallum,</span> <span class='ocrx_word' id='word_1_286' title='bbox 1960 2652 2115 2705; x_wconf 88' lang='lat' dir='ltr'>unde</span> 
     </span>
    </p>
   </div>
   <div class='ocr_carea' id='block_1_42' title="bbox 463 2735 2114 2810">
    <p class='ocr_par' dir='ltr' id='par_1_42' title="bbox 463 2735 2114 2810">
     <span class='ocr_line' id='line_1_42' title="bbox 463 2735 2114 2810; baseline 0.001 -20"><span class='ocrx_word' id='word_1_287' title='bbox 463 2735 694 2792; x_wconf 86' lang='lat' dir='ltr'>hostem</span> <span class='ocrx_word' id='word_1_288' title='bbox 729 2753 924 2793; x_wconf 90' lang='lat' dir='ltr'>arcere</span> <span class='ocrx_word' id='word_1_289' title='bbox 957 2739 1016 2793; x_wconf 91' lang='lat' dir='ltr'>in</span> <span class='ocrx_word' id='word_1_290' title='bbox 1048 2748 1317 2810; x_wconf 88' lang='lat' dir='ltr'>promptu</span> <span class='ocrx_word' id='word_1_291' title='bbox 1343 2740 1439 2794; x_wconf 89' lang='lat' dir='ltr'>sit.</span> <span class='ocrx_word' id='word_1_292' title='bbox 1467 2739 1624 2793; x_wconf 88' lang='lat' dir='ltr'>Dicta</span> <span class='ocrx_word' id='word_1_293' title='bbox 1659 2739 1883 2810; x_wconf 90' lang='lat' dir='ltr'>reliqua</span> <span class='ocrx_word' id='word_1_294' title='bbox 1905 2737 2114 2792; x_wconf 80' lang='lat' dir='ltr'>deinde</span> 
     </span>
    </p>
   </div>
   <div class='ocr_carea' id='block_1_43' title="bbox 468 2826 2112 2900">
    <p class='ocr_par' dir='ltr' id='par_1_43' title="bbox 468 2826 2112 2900">
     <span class='ocr_line' id='line_1_43' title="bbox 468 2826 2112 2900; baseline 0.001 -20"><span class='ocrx_word' id='word_1_295' title='bbox 468 2827 656 2881; x_wconf 82' lang='lat' dir='ltr'>sancti</span> <span class='ocrx_word' id='word_1_296' title='bbox 713 2826 902 2882; x_wconf 88' lang='lat' dir='ltr'>Patris</span> <span class='ocrx_word' id='word_1_297' title='bbox 944 2828 1132 2895; x_wconf 67' lang='lat' dir='ltr'>affert,</span> <span class='ocrx_word' id='word_1_298' title='bbox 1201 2829 1414 2899; x_wconf 91' lang='lat' dir='ltr'>quibus</span> <span class='ocrx_word' id='word_1_299' title='bbox 1459 2829 1705 2900; x_wconf 89' lang='lat' dir='ltr'>improbi</span> <span class='ocrx_word' id='word_1_300' title='bbox 1753 2845 1816 2882; x_wconf 93' lang='lat' dir='ltr'>ac</span> <span class='ocrx_word' id='word_1_301' title='bbox 1862 2843 2112 2898; x_wconf 88' lang='lat' dir='ltr'>nequam</span> 
     </span>
    </p>
   </div>
   <div class='ocr_carea' id='block_1_44' title="bbox 469 2915 2116 2990">
    <p class='ocr_par' dir='ltr' id='par_1_44' title="bbox 469 2915 2116 2990">
     <span class='ocr_line' id='line_1_44' title="bbox 469 2915 2116 2990; baseline -0.001 -20"><span class='ocrx_word' id='word_1_302' title='bbox 469 2921 783 2983; x_wconf 87' lang='lat' dir='ltr'>sectarum,</span> <span class='ocrx_word' id='word_1_303' title='bbox 817 2934 1134 2989; x_wconf 87' lang='lat' dir='ltr'>caupones,</span> <span class='ocrx_word' id='word_1_304' title='bbox 1176 2919 1375 2974; x_wconf 88' lang='lat' dir='ltr'>vinum</span> <span class='ocrx_word' id='word_1_305' title='bbox 1409 2936 1575 2990; x_wconf 69' lang='lat' dir='ltr'>aquae.</span> <span class='ocrx_word' id='word_1_306' title='bbox 1603 2919 1914 2973; x_wconf 84' lang='lat' dir='ltr'>miscentes</span> <span class='ocrx_word' id='word_1_307' title='bbox 1945 2915 2116 2971; x_wconf 91' lang='lat' dir='ltr'>adul-</span> 
     </span>
    </p>
   </div>
   <div class='ocr_carea' id='block_1_45' title="bbox 469 3007 2115 3080">
    <p class='ocr_par' dir='ltr' id='par_1_45' title="bbox 469 3007 2115 3080">
     <span class='ocr_line' id='line_1_45' title="bbox 469 3007 2115 3080; baseline -0.001 -19"><span class='ocrx_word' id='word_1_308' title='bbox 469 3009 660 3062; x_wconf 91' lang='lat' dir='ltr'>terare</span> <span class='ocrx_word' id='word_1_309' title='bbox 722 3007 842 3076; x_wconf 91' lang='lat' dir='ltr'>illa,</span> <span class='ocrx_word' id='word_1_310' title='bbox 903 3010 1044 3080; x_wconf 90' lang='lat' dir='ltr'>quin</span> <span class='ocrx_word' id='word_1_311' title='bbox 1106 3008 1294 3079; x_wconf 86' lang='lat' dir='ltr'>potius</span> <span class='ocrx_word' id='word_1_312' title='bbox 1351 3009 1769 3065; x_wconf 86' lang='lat' dir='ltr'>ecclesiasticas</span> <span class='ocrx_word' id='word_1_313' title='bbox 1825 3009 2115 3062; x_wconf 86' lang='lat' dir='ltr'>doctrinas</span> 
     </span>
    </p>
   </div>
   <div class='ocr_carea' id='block_1_46' title="bbox 471 3097 2118 3170">
    <p class='ocr_par' dir='ltr' id='par_1_46' title="bbox 471 3097 2118 3170">
     <span class='ocr_line' id='line_1_46' title="bbox 471 3097 2118 3170; baseline 0 -20"><span class='ocrx_word' id='word_1_314' title='bbox 471 3097 661 3151; x_wconf 87' lang='lat' dir='ltr'>conati</span> <span class='ocrx_word' id='word_1_315' title='bbox 695 3102 850 3154; x_wconf 86' lang='lat' dir='ltr'>sunt.</span> <span class='ocrx_word' id='word_1_316' title='bbox 887 3097 1000 3153; x_wconf 80' lang='lat' dir='ltr'>Has</span> <span class='ocrx_word' id='word_1_317' title='bbox 1033 3115 1202 3170; x_wconf 92' lang='lat' dir='ltr'>porro</span> <span class='ocrx_word' id='word_1_318' title='bbox 1247 3113 1444 3154; x_wconf 87' lang='lat' dir='ltr'>sacras</span> <span class='ocrx_word' id='word_1_319' title='bbox 1475 3099 1794 3155; x_wconf 85' lang='lat' dir='ltr'>sententias</span> <span class='ocrx_word' id='word_1_320' title='bbox 1825 3097 2118 3152; x_wconf 88' lang='lat' dir='ltr'>adducens</span> 
     </span>
    </p>
   </div>
   <div class='ocr_carea' id='block_1_47' title="bbox 2212 1933 3884 2008">
    <p class='ocr_par' dir='ltr' id='par_1_47' title="bbox 2212 1933 3884 2008">
     <span class='ocr_line' id='line_1_47' title="bbox 2212 1933 3884 2008; baseline 0.004 -23"><span class='ocrx_word' id='word_1_321' title='bbox 2212 1937 2319 1986; x_wconf 85' lang='grc' dir='ltr'>τῶν</span> <span class='ocrx_word' id='word_1_322' title='bbox 2349 1933 2692 2008; x_wconf 72' lang='grc' dir='ltr'>ἁμαρτωλῶν</span> <span class='ocrx_word' id='word_1_323' title='bbox 2712 1933 3073 2004; x_wconf 84' lang='grc' dir='ltr'>ἀτελεύτητόν</span> <span class='ocrx_word' id='word_1_324' title='bbox 3096 1955 3154 1989; x_wconf 94' lang='grc' dir='ltr'>τε</span> <span class='ocrx_word' id='word_1_325' title='bbox 3184 1934 3272 1988; x_wconf 74' lang='grc' dir='ltr'>καὶ</span> <span class='ocrx_word' id='word_1_326' title='bbox 3297 1935 3668 1991; x_wconf 84' lang='grc' dir='ltr'>ἀνυπόστατον</span> <span class='ocrx_word' id='word_1_327' title='bbox 3704 1935 3884 1991; x_wconf 83' lang='grc' dir='ltr'>κόλα-</span> 
     </span>
    </p>
   </div>
   <div class='ocr_carea' id='block_1_48' title="bbox 2216 2020 3883 2098">
    <p class='ocr_par' dir='ltr' id='par_1_48' title="bbox 2216 2020 3883 2098">
     <span class='ocr_line' id='line_1_48' title="bbox 2216 2020 3883 2098; baseline 0.002 -23"><span class='ocrx_word' id='word_1_328' title='bbox 2216 2043 2318 2078; x_wconf 90' lang='grc' dir='ltr'>σιν.</span> <span class='ocrx_word' id='word_1_329' title='bbox 2363 2022 2476 2078; x_wconf 78' lang='grc' dir='ltr'>Οὐκ</span> <span class='ocrx_word' id='word_1_330' title='bbox 2507 2023 2564 2077; x_wconf 80' lang='grc' dir='ltr'>ἐκ</span> <span class='ocrx_word' id='word_1_331' title='bbox 2603 2028 2710 2078; x_wconf 83' lang='grc' dir='ltr'>τῶν</span> <span class='ocrx_word' id='word_1_332' title='bbox 2745 2022 3059 2096; x_wconf 74' lang='grc' dir='ltr'>εἰρημένων</span> <span class='ocrx_word' id='word_1_333' title='bbox 3088 2020 3145 2078; x_wconf 74' lang='grc' dir='ltr'>δὲ</span> <span class='ocrx_word' id='word_1_334' title='bbox 3180 2025 3343 2096; x_wconf 89' lang='grc' dir='ltr'>μόνον</span> <span class='ocrx_word' id='word_1_335' title='bbox 3380 2025 3628 2098; x_wconf 69' lang='grc' dir='ltr'>χρήσεων</span> <span class='ocrx_word' id='word_1_336' title='bbox 3673 2027 3739 2079; x_wconf 82' lang='grc' dir='ltr'>τὸ</span> <span class='ocrx_word' id='word_1_337' title='bbox 3797 2027 3883 2079; x_wconf 82' lang='grc' dir='ltr'>αἱ-</span> 
     </span>
    </p>
   </div>
   <div class='ocr_carea' id='block_1_49' title="bbox 2223 2109 3880 2192">
    <p class='ocr_par' dir='ltr' id='par_1_49' title="bbox 2223 2109 3880 2192">
     <span class='ocr_line' id='line_1_49' title="bbox 2223 2109 3880 2192; baseline 0.001 -26"><span class='ocrx_word' id='word_1_338' title='bbox 2223 2114 2428 2186; x_wconf 82' lang='grc' dir='ltr'>ρετικὸν</span> <span class='ocrx_word' id='word_1_339' title='bbox 2461 2114 2552 2168; x_wconf 77' lang='grc' dir='ltr'>καὶ</span> <span class='ocrx_word' id='word_1_340' title='bbox 2583 2111 2902 2188; x_wconf 70' lang='grc' dir='ltr'>ἀλλόφυλον</span> <span class='ocrx_word' id='word_1_341' title='bbox 2931 2109 3269 2170; x_wconf 85' lang='grc' dir='ltr'>καταϐάλλει</span> <span class='ocrx_word' id='word_1_342' title='bbox 3303 2117 3579 2192; x_wconf 70' lang='grc' dir='ltr'>φρύαγμα,</span> <span class='ocrx_word' id='word_1_343' title='bbox 3610 2113 3760 2170; x_wconf 71' lang='grc' dir='ltr'>ἀλλὰ</span> <span class='ocrx_word' id='word_1_344' title='bbox 3781 2115 3880 2170; x_wconf 78' lang='grc' dir='ltr'>καὶ</span> 
     </span>
    </p>
   </div>
   <div class='ocr_carea' id='block_1_50' title="bbox 2220 2200 3885 2279">
    <p class='ocr_par' dir='ltr' id='par_1_50' title="bbox 2220 2200 3885 2279">
     <span class='ocr_line' id='line_1_50' title="bbox 2220 2200 3885 2279; baseline 0.002 -24"><span class='ocrx_word' id='word_1_345' title='bbox 2220 2200 2270 2272; x_wconf 78' lang='grc' dir='ltr'>ἐξ</span> <span class='ocrx_word' id='word_1_346' title='bbox 2302 2200 2484 2256; x_wconf 69' lang='grc' dir='ltr'>ἕλκων</span> <span class='ocrx_word' id='word_1_347' title='bbox 2517 2205 2678 2278; x_wconf 74' lang='grc' dir='ltr'>ἱερῶν</span> <span class='ocrx_word' id='word_1_348' title='bbox 2711 2201 2942 2277; x_wconf 86' lang='grc' dir='ltr'>ἀνδρῶν,</span> <span class='ocrx_word' id='word_1_349' title='bbox 2974 2205 3057 2258; x_wconf 82' lang='grc' dir='ltr'>ναὶ</span> <span class='ocrx_word' id='word_1_350' title='bbox 3095 2201 3162 2272; x_wconf 71' lang='grc' dir='ltr'>δὴ</span> <span class='ocrx_word' id='word_1_351' title='bbox 3203 2204 3284 2274; x_wconf 82' lang='grc' dir='ltr'>(τὸ</span> <span class='ocrx_word' id='word_1_352' title='bbox 3325 2205 3736 2279; x_wconf 74' lang='grc' dir='ltr'>κραταιότερον)</span> <span class='ocrx_word' id='word_1_353' title='bbox 3789 2204 3885 2258; x_wconf 82' lang='grc' dir='ltr'>καὶ</span> 
     </span>
    </p>
   </div>
   <div class='ocr_carea' id='block_1_51' title="bbox 2221 2290 3890 2370">
    <p class='ocr_par' dir='ltr' id='par_1_51' title="bbox 2221 2290 3890 2370">
     <span class='ocr_line' id='line_1_51' title="bbox 2221 2290 3890 2370; baseline 0.003 -26"><span class='ocrx_word' id='word_1_354' title='bbox 2221 2290 2280 2344; x_wconf 83' lang='grc' dir='ltr'>ἐκ</span> <span class='ocrx_word' id='word_1_355' title='bbox 2321 2291 2522 2365; x_wconf 91' lang='grc' dir='ltr'>λογίων</span> <span class='ocrx_word' id='word_1_356' title='bbox 2553 2290 2716 2346; x_wconf 75' lang='grc' dir='ltr'>αὐτοῦ</span> <span class='ocrx_word' id='word_1_357' title='bbox 2748 2291 2975 2361; x_wconf 79' lang='grc' dir='ltr'>ἐκείνου,</span> <span class='ocrx_word' id='word_1_358' title='bbox 3008 2294 3064 2346; x_wconf 77' lang='grc' dir='ltr'>’ὸν</span> <span class='ocrx_word' id='word_1_359' title='bbox 3105 2294 3149 2327; x_wconf 70' lang='grc' dir='ltr'>δί</span> <span class='ocrx_word' id='word_1_360' title='bbox 3183 2293 3596 2370; x_wconf 76' lang='grc' dir='ltr'>κακομηχάνως</span> <span class='ocrx_word' id='word_1_361' title='bbox 3641 2297 3681 2362; x_wconf 73' lang='grc' dir='ltr'>ἡ</span> <span class='ocrx_word' id='word_1_362' title='bbox 3733 2293 3890 2368; x_wconf 73' lang='grc' dir='ltr'>αἳρε-</span> 
     </span>
    </p>
   </div>
   <div class='ocr_carea' id='block_1_52' title="bbox 2225 2377 3888 2457">
    <p class='ocr_par' dir='ltr' id='par_1_52' title="bbox 2225 2377 3888 2457">
     <span class='ocr_line' id='line_1_52' title="bbox 2225 2377 3888 2457; baseline 0.002 -23"><span class='ocrx_word' id='word_1_363' title='bbox 2225 2401 2306 2441; x_wconf 92' lang='grc' dir='ltr'>σις</span> <span class='ocrx_word' id='word_1_364' title='bbox 2363 2383 2666 2455; x_wconf 83' lang='grc' dir='ltr'>συνήγορον</span> <span class='ocrx_word' id='word_1_365' title='bbox 2711 2377 2898 2436; x_wconf 85' lang='grc' dir='ltr'>λαϐεῖν</span> <span class='ocrx_word' id='word_1_366' title='bbox 2958 2383 3304 2457; x_wconf 80' lang='grc' dir='ltr'>ἠγωνίζετοι.</span> <span class='ocrx_word' id='word_1_367' title='bbox 3368 2383 3462 2436; x_wconf 77' lang='grc' dir='ltr'>Διά</span> <span class='ocrx_word' id='word_1_368' title='bbox 3535 2380 3602 2451; x_wconf 74' lang='grc' dir='ltr'>δή</span> <span class='ocrx_word' id='word_1_369' title='bbox 3661 2385 3888 2437; x_wconf 85' lang='grc' dir='ltr'>τούτων</span> 
     </span>
    </p>
   </div>
   <div class='ocr_carea' id='block_1_53' title="bbox 2225 2469 3887 2548">
    <p class='ocr_par' dir='ltr' id='par_1_53' title="bbox 2225 2469 3887 2548">
     <span class='ocr_line' id='line_1_53' title="bbox 2225 2469 3887 2548; baseline 0.002 -25"><span class='ocrx_word' id='word_1_370' title='bbox 2225 2471 2448 2524; x_wconf 85' lang='grc' dir='ltr'>ἀπασῶν</span> <span class='ocrx_word' id='word_1_371' title='bbox 2477 2475 2585 2524; x_wconf 89' lang='grc' dir='ltr'>τῶν</span> <span class='ocrx_word' id='word_1_372' title='bbox 2612 2469 2940 2548; x_wconf 75' lang='grc' dir='ltr'>ίερολογιῶν</span> <span class='ocrx_word' id='word_1_373' title='bbox 2971 2471 3033 2525; x_wconf 86' lang='grc' dir='ltr'>τὸ</span> <span class='ocrx_word' id='word_1_374' title='bbox 3069 2472 3162 2544; x_wconf 75' lang='grc' dir='ltr'>μὲν</span> <span class='ocrx_word' id='word_1_375' title='bbox 3211 2472 3513 2527; x_wconf 87' lang='grc' dir='ltr'>παθοποιὸν</span> <span class='ocrx_word' id='word_1_376' title='bbox 3703 2477 3887 2547; x_wconf 54' lang='lat' dir='ltr'>{aulo-</span> 
     </span>
    </p>
   </div>
   <div class='ocr_carea' id='block_1_54' title="bbox 2225 2557 3890 2634">
    <p class='ocr_par' dir='ltr' id='par_1_54' title="bbox 2225 2557 3890 2634">
     <span class='ocr_line' id='line_1_54' title="bbox 2225 2557 3890 2634; baseline 0.003 -23"><span class='ocrx_word' id='word_1_377' title='bbox 2225 2559 2423 2632; x_wconf 80' lang='grc' dir='ltr'>φθόρον</span> <span class='ocrx_word' id='word_1_378' title='bbox 2471 2559 2648 2627; x_wconf 78' lang='grc' dir='ltr'>πάσης</span> <span class='ocrx_word' id='word_1_379' title='bbox 2694 2557 3156 2630; x_wconf 78' lang='grc' dir='ltr'>ἐκκλησιαστικῆς</span> <span class='ocrx_word' id='word_1_380' title='bbox 3229 2561 3597 2634; x_wconf 81' lang='grc' dir='ltr'>χοροστασίας</span> <span class='ocrx_word' id='word_1_381' title='bbox 3649 2561 3890 2616; x_wconf 76' lang='grc' dir='ltr'>ἀπελαύ-</span> 
     </span>
    </p>
   </div>
   <div class='ocr_carea' id='block_1_55' title="bbox 2224 2646 3887 2727">
    <p class='ocr_par' dir='ltr' id='par_1_55' title="bbox 2224 2646 3887 2727">
     <span class='ocr_line' id='line_1_55' title="bbox 2224 2646 3887 2727; baseline 0.003 -27"><span class='ocrx_word' id='word_1_382' title='bbox 2224 2669 2329 2701; x_wconf 92' lang='grc' dir='ltr'>νων</span> <span class='ocrx_word' id='word_1_383' title='bbox 2393 2646 2680 2727; x_wconf 81' lang='grc' dir='ltr'>ἀνεδείχθη</span> <span class='ocrx_word' id='word_1_384' title='bbox 2754 2648 3142 2725; x_wconf 76' lang='grc' dir='ltr'>μυθολὸγημα,</span> <span class='ocrx_word' id='word_1_385' title='bbox 3199 2651 3261 2704; x_wconf 83' lang='grc' dir='ltr'>τὸ</span> <span class='ocrx_word' id='word_1_386' title='bbox 3321 2647 3377 2704; x_wconf 73' lang='grc' dir='ltr'>δὲ</span> <span class='ocrx_word' id='word_1_387' title='bbox 3427 2656 3526 2719; x_wconf 81' lang='grc' dir='ltr'>τῆς</span> <span class='ocrx_word' id='word_1_388' title='bbox 3605 2646 3887 2713; x_wconf 78' lang='grc' dir='ltr'>εὐσεϐείας</span> 
     </span>
    </p>
   </div>
   <div class='ocr_carea' id='block_1_56' title="bbox 2229 2738 3886 2815">
    <p class='ocr_par' dir='ltr' id='par_1_56' title="bbox 2229 2738 3886 2815">
     <span class='ocr_line' id='line_1_56' title="bbox 2229 2738 3886 2815; baseline 0.003 -25"><span class='ocrx_word' id='word_1_389' title='bbox 2229 2738 2610 2811; x_wconf 77' lang='grc' dir='ltr'>μισοπόνηρον</span> <span class='ocrx_word' id='word_1_390' title='bbox 2681 2738 2958 2812; x_wconf 90' lang='grc' dir='ltr'>κρατύνων</span> <span class='ocrx_word' id='word_1_391' title='bbox 3030 2759 3086 2792; x_wconf 91' lang='grc' dir='ltr'>τε</span> <span class='ocrx_word' id='word_1_392' title='bbox 3138 2739 3227 2792; x_wconf 80' lang='grc' dir='ltr'>καὶ</span> <span class='ocrx_word' id='word_1_393' title='bbox 3296 2738 3507 2812; x_wconf 75' lang='grc' dir='ltr'>ἀνυψῶν</span> <span class='ocrx_word' id='word_1_394' title='bbox 3597 2739 3886 2815; x_wconf 73' lang='grc' dir='ltr'>φρόνημα.</span> 
     </span>
    </p>
   </div>
   <div class='ocr_carea' id='block_1_57' title="bbox 2224 2824 3887 2901">
    <p class='ocr_par' dir='ltr' id='par_1_57' title="bbox 2224 2824 3887 2901">
     <span class='ocr_line' id='line_1_57' title="bbox 2224 2824 3887 2901; baseline 0.001 -18"><span class='ocrx_word' id='word_1_395' title='bbox 2224 2827 2382 2883; x_wconf 69' lang='grc' dir='ltr'>Οὕτω</span> <span class='ocrx_word' id='word_1_396' title='bbox 2411 2824 2468 2881; x_wconf 75' lang='grc' dir='ltr'>δὲ</span> <span class='ocrx_word' id='word_1_397' title='bbox 2498 2825 2960 2900; x_wconf 86' lang='grc' dir='ltr'>προδιασκευάσας</span> <span class='ocrx_word' id='word_1_398' title='bbox 3009 2829 3098 2882; x_wconf 83' lang='grc' dir='ltr'>καὶ</span> <span class='ocrx_word' id='word_1_399' title='bbox 3147 2829 3627 2901; x_wconf 84' lang='grc' dir='ltr'>κραταιωσάμενος</span> <span class='ocrx_word' id='word_1_400' title='bbox 3659 2831 3722 2884; x_wconf 84' lang='grc' dir='ltr'>τὸ</span> <span class='ocrx_word' id='word_1_401' title='bbox 3782 2837 3887 2899; x_wconf 82' lang='grc' dir='ltr'>τῆς</span> 
     </span>
    </p>
   </div>
   <div class='ocr_carea' id='block_1_58' title="bbox 2226 2914 3890 2992">
    <p class='ocr_par' dir='ltr' id='par_1_58' title="bbox 2226 2914 3890 2992">
     <span class='ocr_line' id='line_1_58' title="bbox 2226 2914 3890 2992; baseline 0.002 -22"><span class='ocrx_word' id='word_1_402' title='bbox 2226 2915 2488 2985; x_wconf 77' lang='grc' dir='ltr'>ἀληθείας</span> <span class='ocrx_word' id='word_1_403' title='bbox 2544 2917 2836 2992; x_wconf 80' lang='grc' dir='ltr'>ὀχύρωμα,</span> <span class='ocrx_word' id='word_1_404' title='bbox 2897 2917 2948 2990; x_wconf 76' lang='grc' dir='ltr'>ἐξ</span> <span class='ocrx_word' id='word_1_405' title='bbox 3007 2918 3069 2971; x_wconf 79' lang='grc' dir='ltr'>οὗ</span> <span class='ocrx_word' id='word_1_406' title='bbox 3116 2914 3445 2972; x_wconf 85' lang='grc' dir='ltr'>καταϐαλεῖν</span> <span class='ocrx_word' id='word_1_407' title='bbox 3508 2919 3633 2992; x_wconf 78' lang='grc' dir='ltr'>ῥᾷον</span> <span class='ocrx_word' id='word_1_408' title='bbox 3671 2914 3890 2990; x_wconf 77' lang='grc' dir='ltr'>ἔμελλε</span> 
     </span>
    </p>
   </div>
   <div class='ocr_carea' id='block_1_59' title="bbox 2225 3005 3890 3080">
    <p class='ocr_par' dir='ltr' id='par_1_59' title="bbox 2225 3005 3890 3080">
     <span class='ocr_line' id='line_1_59' title="bbox 2225 3005 3890 3080; baseline 0.001 -20"><span class='ocrx_word' id='word_1_409' title='bbox 2225 3007 2315 3060; x_wconf 87' lang='grc' dir='ltr'>τὸν</span> <span class='ocrx_word' id='word_1_410' title='bbox 2338 3008 2381 3041; x_wconf 69' lang='lat'>5&#39;3</span> <span class='ocrx_word' id='word_1_411' title='bbox 2438 3005 2734 3080; x_wconf 68' lang='grc' dir='ltr'>πολέμιον,</span> <span class='ocrx_word' id='word_1_412' title='bbox 2791 3007 2857 3061; x_wconf 88' lang='grc' dir='ltr'>τά</span> <span class='ocrx_word' id='word_1_413' title='bbox 2907 3006 3045 3080; x_wconf 79' lang='grc' dir='ltr'>ρητά</span> <span class='ocrx_word' id='word_1_414' title='bbox 3115 3005 3311 3062; x_wconf 87' lang='grc' dir='ltr'>λοιπὸν</span> <span class='ocrx_word' id='word_1_415' title='bbox 3375 3008 3511 3080; x_wconf 82' lang='grc' dir='ltr'>μετά</span> <span class='ocrx_word' id='word_1_416' title='bbox 3575 3012 3744 3062; x_wconf 71' lang='grc' dir='ltr'>ταῦτα</span> <span class='ocrx_word' id='word_1_417' title='bbox 3782 3013 3890 3062; x_wconf 67' lang='grc' dir='ltr'>τοῦ</span> 
     </span>
    </p>
   </div>
   <div class='ocr_carea' id='block_1_60' title="bbox 2228 3095 3886 3171">
    <p class='ocr_par' dir='ltr' id='par_1_60' title="bbox 2228 3095 3886 3171">
     <span class='ocr_line' id='line_1_60' title="bbox 2228 3095 3886 3171; baseline 0 -23"><span class='ocrx_word' id='word_1_418' title='bbox 2228 3095 2376 3167; x_wconf 73' lang='grc' dir='ltr'>ἱεροῦ</span> <span class='ocrx_word' id='word_1_419' title='bbox 2406 3096 2640 3170; x_wconf 84' lang='grc' dir='ltr'>προάγει</span> <span class='ocrx_word' id='word_1_420' title='bbox 2677 3095 2908 3169; x_wconf 75' lang='grc' dir='ltr'>Πατρὸς,</span> <span class='ocrx_word' id='word_1_421' title='bbox 2941 3096 3029 3156; x_wconf 85' lang='grc' dir='ltr'>οἷς</span> <span class='ocrx_word' id='word_1_422' title='bbox 3061 3095 3114 3149; x_wconf 77' lang='grc' dir='ltr'>οἱ</span> <span class='ocrx_word' id='word_1_423' title='bbox 3143 3095 3305 3150; x_wconf 84' lang='grc' dir='ltr'>κακοὶ</span> <span class='ocrx_word' id='word_1_424' title='bbox 3351 3095 3441 3150; x_wconf 81' lang='grc' dir='ltr'>καί</span> <span class='ocrx_word' id='word_1_425' title='bbox 3480 3097 3722 3171; x_wconf 75' lang='grc' dir='ltr'>πονηροὶ</span> <span class='ocrx_word' id='word_1_426' title='bbox 3774 3103 3886 3151; x_wconf 82' lang='grc' dir='ltr'>τῶν</span> 
     </span>
    </p>
   </div>
   <div class='ocr_carea' id='block_1_61' title="bbox 475 3175 2114 3261">
    <p class='ocr_par' dir='ltr' id='par_1_61' title="bbox 475 3185 2112 3259">
     <span class='ocr_line' id='line_1_61' title="bbox 475 3185 2112 3259; baseline 0.001 -20"><span class='ocrx_word' id='word_1_427' title='bbox 475 3185 544 3239; x_wconf 91' lang='lat' dir='ltr'>de</span> <span class='ocrx_word' id='word_1_428' title='bbox 585 3186 935 3257; x_wconf 85' lang='lat' dir='ltr'>Origenistis</span> <span class='ocrx_word' id='word_1_429' title='bbox 968 3188 1027 3242; x_wconf 90' lang='lat' dir='ltr'>iu</span> <span class='ocrx_word' id='word_1_430' title='bbox 1060 3189 1312 3259; x_wconf 89' lang='lat' dir='ltr'>propriis</span> <span class='ocrx_word' id='word_1_431' title='bbox 1343 3187 1654 3244; x_wconf 87' lang='lat' dir='ltr'>sententiis</span> <span class='ocrx_word' id='word_1_432' title='bbox 1685 3188 1962 3242; x_wconf 90' lang='lat' dir='ltr'>convictis</span> <span class='ocrx_word' id='word_1_433' title='bbox 1993 3187 2112 3256; x_wconf 83' lang='lat' dir='ltr'>qui-</span> 
     </span>
    </p>
   </div>
   <div class='ocr_carea' id='block_1_62' title="bbox 2228 3175 3892 3261">
    <p class='ocr_par' dir='ltr' id='par_1_62' title="bbox 2232 3181 3892 3261">
     <span class='ocr_line' id='line_1_62' title="bbox 2232 3181 3892 3261; baseline 0.001 -23"><span class='ocrx_word' id='word_1_434' title='bbox 2232 3181 2525 3258; x_wconf 85' lang='grc' dir='ltr'>δογμάτων</span> <span class='ocrx_word' id='word_1_435' title='bbox 2558 3185 2807 3254; x_wconf 83' lang='grc' dir='ltr'>κάπηλοι</span> <span class='ocrx_word' id='word_1_436' title='bbox 2834 3187 2924 3240; x_wconf 89' lang='grc' dir='ltr'>τὸν</span> <span class='ocrx_word' id='word_1_437' title='bbox 2967 3185 3106 3239; x_wconf 79' lang='grc' dir='ltr'>οἶνον</span> <span class='ocrx_word' id='word_1_438' title='bbox 3150 3182 3303 3240; x_wconf 68' lang='grc' dir='ltr'>ὕδατι</span> <span class='ocrx_word' id='word_1_439' title='bbox 3356 3185 3636 3261; x_wconf 85' lang='grc' dir='ltr'>μιγνύντες</span> <span class='ocrx_word' id='word_1_440' title='bbox 3686 3181 3892 3257; x_wconf 60' lang='grc' dir='ltr'>κιϐδη-</span> 
     </span>
    </p>
   </div>
   <div class='ocr_carea' id='block_1_63' title="bbox 475 3275 2120 3347">
    <p class='ocr_par' dir='ltr' id='par_1_63' title="bbox 475 3275 2120 3347">
     <span class='ocr_line' id='line_1_63' title="bbox 475 3275 2120 3347; baseline -0.001 -17"><span class='ocrx_word' id='word_1_441' title='bbox 475 3276 586 3330; x_wconf 87' lang='lat' dir='ltr'>bus</span> <span class='ocrx_word' id='word_1_442' title='bbox 617 3275 701 3328; x_wconf 87' lang='lat' dir='ltr'>illi</span> <span class='ocrx_word' id='word_1_443' title='bbox 736 3275 884 3330; x_wconf 89' lang='lat' dir='ltr'>male</span> <span class='ocrx_word' id='word_1_444' title='bbox 935 3277 1262 3345; x_wconf 86' lang='lat' dir='ltr'>utebantur,</span> <span class='ocrx_word' id='word_1_445' title='bbox 1314 3277 1673 3347; x_wconf 86' lang='lat' dir='ltr'>triumphum</span> <span class='ocrx_word' id='word_1_446' title='bbox 1720 3278 1858 3347; x_wconf 86' lang='lat' dir='ltr'>egit.</span> <span class='ocrx_word' id='word_1_447' title='bbox 1914 3277 2120 3346; x_wconf 83' lang='lat' dir='ltr'>Repre-</span> 
     </span>
    </p>
   </div>
   <div class='ocr_carea' id='block_1_64' title="bbox 477 3362 2122 3436">
    <p class='ocr_par' dir='ltr' id='par_1_64' title="bbox 477 3362 2122 3436">
     <span class='ocr_line' id='line_1_64' title="bbox 477 3362 2122 3436; baseline 0.001 -18"><span class='ocrx_word' id='word_1_448' title='bbox 477 3362 739 3418; x_wconf 88' lang='lat' dir='ltr'>hendens</span> <span class='ocrx_word' id='word_1_449' title='bbox 771 3369 895 3418; x_wconf 91' lang='lat' dir='ltr'>tum</span> <span class='ocrx_word' id='word_1_450' title='bbox 929 3365 1084 3434; x_wconf 91' lang='lat' dir='ltr'>quod</span> <span class='ocrx_word' id='word_1_451' title='bbox 1130 3364 1384 3433; x_wconf 75' lang='lat' dir='ltr'>legitima</span> <span class='ocrx_word' id='word_1_452' title='bbox 1424 3366 1660 3436; x_wconf 84' lang='lat' dir='ltr'>quidem</span> <span class='ocrx_word' id='word_1_453' title='bbox 1704 3366 2025 3421; x_wconf 88' lang='lat' dir='ltr'>audacibus</span> <span class='ocrx_word' id='word_1_454' title='bbox 2062 3370 2122 3421; x_wconf 91' lang='lat' dir='ltr'>et</span> 
     </span>
    </p>
   </div>
   <div class='ocr_carea' id='block_1_65' title="bbox 470 3453 2118 3525">
    <p class='ocr_par' dir='ltr' id='par_1_65' title="bbox 470 3453 2118 3525">
     <span class='ocr_line' id='line_1_65' title="bbox 470 3453 2118 3525; baseline 0.001 -17"><span class='ocrx_word' id='word_1_455' title='bbox 470 3453 914 3525; x_wconf 88' lang='lat' dir='ltr'>impudentibus</span> <span class='ocrx_word' id='word_1_456' title='bbox 972 3454 1385 3510; x_wconf 87' lang='lat' dir='ltr'>additamentis</span> <span class='ocrx_word' id='word_1_457' title='bbox 1428 3455 1735 3525; x_wconf 85' lang='lat' dir='ltr'>illegitima</span> <span class='ocrx_word' id='word_1_458' title='bbox 1793 3457 2118 3525; x_wconf 88' lang='lat' dir='ltr'>redderent,</span> 
     </span>
    </p>
   </div>
   <div class='ocr_carea' id='block_1_66' title="bbox 473 3544 2122 3618">
    <p class='ocr_par' dir='ltr' id='par_1_66' title="bbox 473 3544 2122 3618">
     <span class='ocr_line' id='line_1_66' title="bbox 473 3544 2122 3618; baseline 0.001 -18"><span class='ocrx_word' id='word_1_459' title='bbox 473 3553 591 3600; x_wconf 88' lang='lat' dir='ltr'>tum</span> <span class='ocrx_word' id='word_1_460' title='bbox 623 3561 756 3599; x_wconf 89' lang='lat' dir='ltr'>vero</span> <span class='ocrx_word' id='word_1_461' title='bbox 797 3544 1199 3600; x_wconf 86' lang='lat' dir='ltr'>additamenta</span> <span class='ocrx_word' id='word_1_462' title='bbox 1229 3546 1658 3614; x_wconf 88' lang='lat' dir='ltr'>continuantes,</span> <span class='ocrx_word' id='word_1_463' title='bbox 1713 3563 1859 3602; x_wconf 88' lang='lat' dir='ltr'>nova</span> <span class='ocrx_word' id='word_1_464' title='bbox 1908 3564 2122 3618; x_wconf 87' lang='lat' dir='ltr'>magna</span> 
     </span>
    </p>
   </div>
   <div class='ocr_carea' id='block_1_67' title="bbox 472 3634 2118 3707">
    <p class='ocr_par' dir='ltr' id='par_1_67' title="bbox 472 3634 2118 3707">
     <span class='ocr_line' id='line_1_67' title="bbox 472 3634 2118 3707; baseline 0.001 -19"><span class='ocrx_word' id='word_1_465' title='bbox 472 3634 804 3704; x_wconf 85' lang='lat' dir='ltr'>arrogantia</span> <span class='ocrx_word' id='word_1_466' title='bbox 850 3639 907 3690; x_wconf 89' lang='lat' dir='ltr'>et</span> <span class='ocrx_word' id='word_1_467' title='bbox 936 3634 1274 3704; x_wconf 88' lang='lat' dir='ltr'>stupiditale</span> <span class='ocrx_word' id='word_1_468' title='bbox 1313 3637 1380 3690; x_wconf 91' lang='lat' dir='ltr'>ad</span> <span class='ocrx_word' id='word_1_469' title='bbox 1418 3635 1746 3690; x_wconf 61' lang='lat' dir='ltr'>bareticam</span> <span class='ocrx_word' id='word_1_470' title='bbox 1790 3652 1956 3691; x_wconf 90' lang='lat' dir='ltr'>suam</span> <span class='ocrx_word' id='word_1_471' title='bbox 1993 3637 2118 3707; x_wconf 85' lang='lat' dir='ltr'>opi-</span> 
     </span>
    </p>
   </div>
   <div class='ocr_carea' id='block_1_68' title="bbox 473 3723 2123 3795">
    <p class='ocr_par' dir='ltr' id='par_1_68' title="bbox 473 3723 2123 3795">
     <span class='ocr_line' id='line_1_68' title="bbox 473 3723 2123 3795; baseline 0.001 -17"><span class='ocrx_word' id='word_1_472' title='bbox 473 3723 712 3779; x_wconf 87' lang='lat' dir='ltr'>nionem</span> <span class='ocrx_word' id='word_1_473' title='bbox 757 3739 824 3779; x_wconf 88' lang='lat' dir='ltr'>ea</span> <span class='ocrx_word' id='word_1_474' title='bbox 857 3725 1133 3779; x_wconf 86' lang='lat' dir='ltr'>audacter</span> <span class='ocrx_word' id='word_1_475' title='bbox 1181 3724 1613 3795; x_wconf 88' lang='lat' dir='ltr'>detorquerent.</span> <span class='ocrx_word' id='word_1_476' title='bbox 1647 3729 1734 3790; x_wconf 86' lang='lat' dir='ltr'>Et,</span> <span class='ocrx_word' id='word_1_477' title='bbox 1769 3729 1834 3780; x_wconf 90' lang='lat' dir='ltr'>ut</span> <span class='ocrx_word' id='word_1_478' title='bbox 1876 3725 2123 3782; x_wconf 83' lang='lat' dir='ltr'>breviter</span> 
     </span>
    </p>
   </div>
   <div class='ocr_carea' id='block_1_69' title="bbox 471 3811 2120 3886">
    <p class='ocr_par' dir='ltr' id='par_1_69' title="bbox 471 3811 2120 3886">
     <span class='ocr_line' id='line_1_69' title="bbox 471 3811 2120 3886; baseline 0 -18"><span class='ocrx_word' id='word_1_479' title='bbox 471 3811 662 3868; x_wconf 90' lang='lat' dir='ltr'>dicam</span> <span class='ocrx_word' id='word_1_480' title='bbox 705 3813 922 3878; x_wconf 88' lang='lat' dir='ltr'>omnia,</span> <span class='ocrx_word' id='word_1_481' title='bbox 959 3813 1141 3869; x_wconf 87' lang='lat' dir='ltr'>sancti</span> <span class='ocrx_word' id='word_1_482' title='bbox 1177 3813 1352 3884; x_wconf 89' lang='lat' dir='ltr'>hujus</span> <span class='ocrx_word' id='word_1_483' title='bbox 1381 3813 1572 3869; x_wconf 89' lang='lat' dir='ltr'>Patris</span> <span class='ocrx_word' id='word_1_484' title='bbox 1611 3814 1828 3886; x_wconf 87' lang='lat' dir='ltr'>scripta</span> <span class='ocrx_word' id='word_1_485' title='bbox 1859 3815 1930 3869; x_wconf 90' lang='lat' dir='ltr'>ab</span> <span class='ocrx_word' id='word_1_486' title='bbox 1961 3816 2120 3870; x_wconf 91' lang='lat' dir='ltr'>omni</span> 
     </span>
    </p>
   </div>
   <div class='ocr_carea' id='block_1_70' title="bbox 474 3901 2121 3975">
    <p class='ocr_par' dir='ltr' id='par_1_70' title="bbox 474 3901 2121 3975">
     <span class='ocr_line' id='line_1_70' title="bbox 474 3901 2121 3975; baseline 0.002 -19"><span class='ocrx_word' id='word_1_487' title='bbox 474 3901 746 3958; x_wconf 74' lang='lat' dir='ltr'>baaretica</span> <span class='ocrx_word' id='word_1_488' title='bbox 778 3902 1082 3974; x_wconf 87' lang='lat' dir='ltr'>pravitate,</span> <span class='ocrx_word' id='word_1_489' title='bbox 1127 3911 1180 3959; x_wconf 91' lang='lat' dir='ltr'>et</span> <span class='ocrx_word' id='word_1_490' title='bbox 1222 3921 1254 3958; x_wconf 88' lang='lat' dir='ltr'>a</span> <span class='ocrx_word' id='word_1_491' title='bbox 1287 3902 1602 3973; x_wconf 88' lang='lat' dir='ltr'>calumnia,</span> <span class='ocrx_word' id='word_1_492' title='bbox 1652 3921 1778 3975; x_wconf 69' lang='lat' dir='ltr'>quae</span> <span class='ocrx_word' id='word_1_493' title='bbox 1814 3905 1871 3958; x_wconf 90' lang='lat' dir='ltr'>in</span> <span class='ocrx_word' id='word_1_494' title='bbox 1921 3904 2121 3974; x_wconf 85' lang='lat' dir='ltr'>impie-</span> 
     </span>
    </p>
   </div>
   <div class='ocr_carea' id='block_1_71' title="bbox 473 3991 2123 4064">
    <p class='ocr_par' dir='ltr' id='par_1_71' title="bbox 473 3991 2123 4064">
     <span class='ocr_line' id='line_1_71' title="bbox 473 3991 2123 4064; baseline 0.001 -18"><span class='ocrx_word' id='word_1_495' title='bbox 473 3996 656 4047; x_wconf 88' lang='lat' dir='ltr'>tatem</span> <span class='ocrx_word' id='word_1_496' title='bbox 703 3993 910 4064; x_wconf 88' lang='lat' dir='ltr'>vergit,</span> <span class='ocrx_word' id='word_1_497' title='bbox 961 3991 1251 4047; x_wconf 90' lang='lat' dir='ltr'>immunia</span> <span class='ocrx_word' id='word_1_498' title='bbox 1300 4009 1422 4048; x_wconf 87' lang='lat' dir='ltr'>esse</span> <span class='ocrx_word' id='word_1_499' title='bbox 1462 3991 1731 4049; x_wconf 84' lang='lat' dir='ltr'>declarat.</span> <span class='ocrx_word' id='word_1_500' title='bbox 1780 3999 1916 4048; x_wconf 85' lang='lat' dir='ltr'>Haec</span> <span class='ocrx_word' id='word_1_501' title='bbox 1955 4009 2123 4064; x_wconf 90' lang='lat' dir='ltr'>porro</span> 
     </span>
    </p>
   </div>
   <div class='ocr_carea' id='block_1_72' title="bbox 478 4081 2127 4153">
    <p class='ocr_par' dir='ltr' id='par_1_72' title="bbox 478 4081 2127 4153">
     <span class='ocr_line' id='line_1_72' title="bbox 478 4081 2127 4153; baseline 0.002 -18"><span class='ocrx_word' id='word_1_502' title='bbox 478 4081 822 4136; x_wconf 85' lang='lat' dir='ltr'>immunitas</span> <span class='ocrx_word' id='word_1_503' title='bbox 866 4085 923 4136; x_wconf 90' lang='lat' dir='ltr'>et</span> <span class='ocrx_word' id='word_1_504' title='bbox 963 4081 1358 4153; x_wconf 86' lang='lat' dir='ltr'>improbitatis</span> <span class='ocrx_word' id='word_1_505' title='bbox 1399 4082 1663 4138; x_wconf 84' lang='lat' dir='ltr'>refutatio</span> <span class='ocrx_word' id='word_1_506' title='bbox 1703 4088 1758 4138; x_wconf 86' lang='lat' dir='ltr'>et</span> <span class='ocrx_word' id='word_1_507' title='bbox 1787 4099 1854 4138; x_wconf 85' lang='lat' dir='ltr'>ex</span> <span class='ocrx_word' id='word_1_508' title='bbox 1895 4088 2127 4138; x_wconf 88' lang='lat' dir='ltr'>antece-</span> 
     </span>
    </p>
   </div>
   <div class='ocr_carea' id='block_1_73' title="bbox 481 4169 2124 4243">
    <p class='ocr_par' dir='ltr' id='par_1_73' title="bbox 481 4169 2124 4243">
     <span class='ocr_line' id='line_1_73' title="bbox 481 4169 2124 4243; baseline 0.001 -18"><span class='ocrx_word' id='word_1_509' title='bbox 481 4171 760 4225; x_wconf 87' lang='lat' dir='ltr'>dentibus</span> <span class='ocrx_word' id='word_1_510' title='bbox 792 4169 901 4224; x_wconf 92' lang='lat' dir='ltr'>loci</span> <span class='ocrx_word' id='word_1_511' title='bbox 934 4171 1249 4240; x_wconf 87' lang='lat' dir='ltr'>depravati,</span> <span class='ocrx_word' id='word_1_512' title='bbox 1282 4175 1338 4225; x_wconf 90' lang='lat' dir='ltr'>et</span> <span class='ocrx_word' id='word_1_513' title='bbox 1366 4187 1435 4226; x_wconf 84' lang='lat' dir='ltr'>ex</span> <span class='ocrx_word' id='word_1_514' title='bbox 1466 4172 1961 4243; x_wconf 89' lang='lat' dir='ltr'>consequentibus</span> <span class='ocrx_word' id='word_1_515' title='bbox 1991 4189 2124 4226; x_wconf 92' lang='lat' dir='ltr'>con-</span> 
     </span>
    </p>
   </div>
   <div class='ocr_carea' id='block_1_74' title="bbox 481 4258 2128 4327">
    <p class='ocr_par' dir='ltr' id='par_1_74' title="bbox 481 4258 2128 4327">
     <span class='ocr_line' id='line_1_74' title="bbox 481 4258 2128 4327; baseline 0.001 -13"><span class='ocrx_word' id='word_1_516' title='bbox 481 4258 672 4314; x_wconf 78' lang='lat' dir='ltr'>ficitur</span> <span class='ocrx_word' id='word_1_517' title='bbox 705 4262 762 4314; x_wconf 88' lang='lat' dir='ltr'>et</span> <span class='ocrx_word' id='word_1_518' title='bbox 801 4260 1268 4327; x_wconf 87' lang='lat' dir='ltr'>demonstratur;</span> <span class='ocrx_word' id='word_1_519' title='bbox 1317 4265 1374 4315; x_wconf 88' lang='lat' dir='ltr'>et</span> <span class='ocrx_word' id='word_1_520' title='bbox 1407 4277 1474 4315; x_wconf 89' lang='lat' dir='ltr'>ex</span> <span class='ocrx_word' id='word_1_521' title='bbox 1509 4261 1633 4316; x_wconf 88' lang='lat' dir='ltr'>aliis</span> <span class='ocrx_word' id='word_1_522' title='bbox 1665 4261 1946 4317; x_wconf 85' lang='lat' dir='ltr'>sexcentis</span> <span class='ocrx_word' id='word_1_523' title='bbox 1978 4261 2128 4316; x_wconf 89' lang='lat' dir='ltr'>beati</span> 
     </span>
    </p>
   </div>
   <div class='ocr_carea' id='block_1_75' title="bbox 479 4349 2130 4421">
    <p class='ocr_par' dir='ltr' id='par_1_75' title="bbox 479 4349 2130 4421">
     <span class='ocr_line' id='line_1_75' title="bbox 479 4349 2130 4421; baseline 0.002 -19"><span class='ocrx_word' id='word_1_524' title='bbox 479 4349 736 4417; x_wconf 80' lang='lat' dir='ltr'>Gregorii</span> <span class='ocrx_word' id='word_1_525' title='bbox 779 4349 1025 4421; x_wconf 85' lang='lat' dir='ltr'>Nysseni</span> <span class='ocrx_word' id='word_1_526' title='bbox 1065 4349 1253 4417; x_wconf 80' lang='lat' dir='ltr'>libris,</span> <span class='ocrx_word' id='word_1_527' title='bbox 1299 4351 1399 4421; x_wconf 90' lang='lat' dir='ltr'>qui</span> <span class='ocrx_word' id='word_1_528' title='bbox 1429 4351 1745 4406; x_wconf 89' lang='lat' dir='ltr'>orthodoxe</span> <span class='ocrx_word' id='word_1_529' title='bbox 1789 4357 1844 4406; x_wconf 91' lang='lat' dir='ltr'>et</span> <span class='ocrx_word' id='word_1_530' title='bbox 1874 4351 2130 4421; x_wconf 81' lang='lat' dir='ltr'>legitime</span> 
     </span>
    </p>
   </div>
   <div class='ocr_carea' id='block_1_76' title="bbox 2235 3273 3888 3348">
    <p class='ocr_par' dir='ltr' id='par_1_76' title="bbox 2235 3273 3888 3348">
     <span class='ocr_line' id='line_1_76' title="bbox 2235 3273 3888 3348; baseline 0.001 -19"><span class='ocrx_word' id='word_1_531' title='bbox 2235 3273 2409 3329; x_wconf 84' lang='grc' dir='ltr'>λεύειν</span> <span class='ocrx_word' id='word_1_532' title='bbox 2443 3274 2600 3345; x_wconf 75' lang='grc' dir='ltr'>αὐτὰ,</span> <span class='ocrx_word' id='word_1_533' title='bbox 2636 3273 2937 3347; x_wconf 75' lang='grc' dir='ltr'>μᾶλλονδὲ</span> <span class='ocrx_word' id='word_1_534' title='bbox 2977 3276 3044 3328; x_wconf 78' lang='grc' dir='ltr'>τά</span> <span class='ocrx_word' id='word_1_535' title='bbox 3089 3282 3188 3344; x_wconf 78' lang='grc' dir='ltr'>τῆς</span> <span class='ocrx_word' id='word_1_536' title='bbox 3240 3275 3568 3344; x_wconf 84' lang='grc' dir='ltr'>Ἐκκλησίας</span> <span class='ocrx_word' id='word_1_537' title='bbox 3614 3274 3888 3348; x_wconf 60' lang='grc' dir='ltr'>ἐμελέτη-</span> 
     </span>
    </p>
   </div>
   <div class='ocr_carea' id='block_1_77' title="bbox 2233 3361 3886 3439">
    <p class='ocr_par' dir='ltr' id='par_1_77' title="bbox 2233 3361 3886 3439">
     <span class='ocr_line' id='line_1_77' title="bbox 2233 3361 3886 3439; baseline 0.001 -23"><span class='ocrx_word' id='word_1_538' title='bbox 2233 3383 2325 3416; x_wconf 88' lang='grc' dir='ltr'>σαν</span> <span class='ocrx_word' id='word_1_539' title='bbox 2375 3361 2702 3437; x_wconf 84' lang='grc' dir='ltr'>διδάγματα.</span> <span class='ocrx_word' id='word_1_540' title='bbox 2750 3366 2932 3420; x_wconf 80' lang='grc' dir='ltr'>Ταῦτα</span> <span class='ocrx_word' id='word_1_541' title='bbox 2977 3361 3042 3434; x_wconf 77' lang='grc' dir='ltr'>δὴ</span> <span class='ocrx_word' id='word_1_542' title='bbox 3090 3364 3156 3418; x_wconf 83' lang='grc' dir='ltr'>τά</span> <span class='ocrx_word' id='word_1_543' title='bbox 3207 3364 3326 3439; x_wconf 73' lang='grc' dir='ltr'>ἱερά</span> <span class='ocrx_word' id='word_1_544' title='bbox 3376 3364 3515 3438; x_wconf 82' lang='grc' dir='ltr'>ῥητά</span> <span class='ocrx_word' id='word_1_545' title='bbox 3553 3367 3597 3400; x_wconf 79' lang='grc'>⁸³</span> <span class='ocrx_word' id='word_1_546' title='bbox 3637 3366 3886 3438; x_wconf 76' lang='grc' dir='ltr'>προθεὶς,</span> 
     </span>
    </p>
   </div>
   <div class='ocr_carea' id='block_1_78' title="bbox 2229 3451 3889 3529">
    <p class='ocr_par' dir='ltr' id='par_1_78' title="bbox 2229 3451 3889 3529">
     <span class='ocr_line' id='line_1_78' title="bbox 2229 3451 3889 3529; baseline 0.001 -23"><span class='ocrx_word' id='word_1_547' title='bbox 2229 3451 2539 3514; x_wconf 76' lang='grc' dir='ltr'>ὲαλωκότας</span> <span class='ocrx_word' id='word_1_548' title='bbox 2604 3455 2690 3507; x_wconf 62' lang='grc' dir='ltr'>ἔπ’</span> <span class='ocrx_word' id='word_1_549' title='bbox 2745 3453 3048 3529; x_wconf 73' lang='grc' dir='ltr'>αὐτοφώρῳ</span> <span class='ocrx_word' id='word_1_550' title='bbox 3112 3454 3238 3514; x_wconf 73' lang='grc' dir='ltr'>τοὺς</span> <span class='ocrx_word' id='word_1_551' title='bbox 3328 3455 3733 3529; x_wconf 81' lang='grc' dir='ltr'>Ὠριγενιαστάς</span> <span class='ocrx_word' id='word_1_552' title='bbox 3807 3457 3889 3515; x_wconf 80' lang='grc' dir='ltr'>οἷς</span> 
     </span>
    </p>
   </div>
   <div class='ocr_carea' id='block_1_79' title="bbox 2231 3537 3888 3618">
    <p class='ocr_par' dir='ltr' id='par_1_79' title="bbox 2231 3537 3888 3618">
     <span class='ocr_line' id='line_1_79' title="bbox 2231 3537 3888 3618; baseline 0.002 -24"><span class='ocrx_word' id='word_1_553' title='bbox 2231 3539 2591 3616; x_wconf 67' lang='grc' dir='ltr'>ἐκακούργουν</span> <span class='ocrx_word' id='word_1_554' title='bbox 2635 3537 3013 3618; x_wconf 81' lang='grc' dir='ltr'>ἐθριάμϐευσε,</span> <span class='ocrx_word' id='word_1_555' title='bbox 3063 3546 3227 3596; x_wconf 79' lang='grc' dir='ltr'>τοῦτο</span> <span class='ocrx_word' id='word_1_556' title='bbox 3282 3543 3374 3615; x_wconf 72' lang='grc' dir='ltr'>μὶν</span> <span class='ocrx_word' id='word_1_557' title='bbox 3427 3542 3888 3617; x_wconf 73' lang='grc' dir='ltr'>ἀπηρυθριασμέ·</span> 
     </span>
    </p>
   </div>
   <div class='ocr_carea' id='block_1_80' title="bbox 2229 3632 3887 3708">
    <p class='ocr_par' dir='ltr' id='par_1_80' title="bbox 2229 3632 3887 3708">
     <span class='ocr_line' id='line_1_80' title="bbox 2229 3632 3887 3708; baseline 0.002 -26"><span class='ocrx_word' id='word_1_558' title='bbox 2229 3651 2342 3692; x_wconf 89' lang='grc' dir='ltr'>ναις</span> <span class='ocrx_word' id='word_1_559' title='bbox 2409 3632 2497 3687; x_wconf 82' lang='grc' dir='ltr'>καὶ</span> <span class='ocrx_word' id='word_1_560' title='bbox 2592 3632 2968 3708; x_wconf 76' lang='grc' dir='ltr'>ἀναισχύντοις</span> <span class='ocrx_word' id='word_1_561' title='bbox 3045 3634 3384 3707; x_wconf 77' lang='grc' dir='ltr'>προσθήκαις</span> <span class='ocrx_word' id='word_1_562' title='bbox 3470 3632 3887 3694; x_wconf 78' lang='grc' dir='ltr'>ὲπινοθεύοντας</span> 
     </span>
    </p>
   </div>
   <div class='ocr_carea' id='block_1_81' title="bbox 2233 3717 3886 3797">
    <p class='ocr_par' dir='ltr' id='par_1_81' title="bbox 2233 3717 3886 3797">
     <span class='ocr_line' id='line_1_81' title="bbox 2233 3717 3886 3797; baseline 0.002 -25"><span class='ocrx_word' id='word_1_563' title='bbox 2233 3717 2541 3796; x_wconf 71' lang='grc' dir='ltr'>διελέγχων</span> <span class='ocrx_word' id='word_1_564' title='bbox 2605 3723 2671 3775; x_wconf 78' lang='grc' dir='ltr'>τὰ</span> <span class='ocrx_word' id='word_1_565' title='bbox 2730 3720 3006 3790; x_wconf 86' lang='grc' dir='ltr'>ἀνόθευτα,</span> <span class='ocrx_word' id='word_1_566' title='bbox 3066 3725 3227 3776; x_wconf 77' lang='grc' dir='ltr'>τοῦτο</span> <span class='ocrx_word' id='word_1_567' title='bbox 3291 3718 3348 3775; x_wconf 70' lang='grc' dir='ltr'>δὲ</span> <span class='ocrx_word' id='word_1_568' title='bbox 3405 3722 3495 3775; x_wconf 87' lang='grc' dir='ltr'>καὶ</span> <span class='ocrx_word' id='word_1_569' title='bbox 3554 3721 3615 3776; x_wconf 85' lang='grc' dir='ltr'>τὸ</span> <span class='ocrx_word' id='word_1_570' title='bbox 3661 3723 3886 3797; x_wconf 73' lang='grc' dir='ltr'>συνεχὶς</span> 
     </span>
    </p>
   </div>
   <div class='ocr_carea' id='block_1_82' title="bbox 2233 3807 3888 3886">
    <p class='ocr_par' dir='ltr' id='par_1_82' title="bbox 2233 3807 3888 3886">
     <span class='ocr_line' id='line_1_82' title="bbox 2233 3807 3888 3886; baseline 0.004 -25"><span class='ocrx_word' id='word_1_571' title='bbox 2233 3807 2616 3884; x_wconf 60' lang='grc' dir='ltr'>ὑφορωμένους</span> <span class='ocrx_word' id='word_1_572' title='bbox 2643 3813 2741 3879; x_wconf 77' lang='grc' dir='ltr'>τῆς</span> <span class='ocrx_word' id='word_1_573' title='bbox 2771 3813 3112 3886; x_wconf 72' lang='grc' dir='ltr'>προσθήκης,</span> <span class='ocrx_word' id='word_1_574' title='bbox 3145 3809 3204 3865; x_wconf 80' lang='grc' dir='ltr'>ἐκ</span> <span class='ocrx_word' id='word_1_575' title='bbox 3233 3811 3454 3876; x_wconf 83' lang='grc' dir='ltr'>πολλῆς</span> <span class='ocrx_word' id='word_1_576' title='bbox 3487 3809 3670 3882; x_wconf 73' lang='grc' dir='ltr'>ἄλλης</span> <span class='ocrx_word' id='word_1_577' title='bbox 3715 3811 3888 3866; x_wconf 71' lang='grc' dir='ltr'>αὐθαε-</span> 
     </span>
    </p>
   </div>
   <div class='ocr_carea' id='block_1_83' title="bbox 2236 3894 3883 3975">
    <p class='ocr_par' dir='ltr' id='par_1_83' title="bbox 2236 3894 3883 3975">
     <span class='ocr_line' id='line_1_83' title="bbox 2236 3894 3883 3975; baseline 0.002 -25"><span class='ocrx_word' id='word_1_578' title='bbox 2236 3894 2377 3961; x_wconf 85' lang='grc' dir='ltr'>δείας</span> <span class='ocrx_word' id='word_1_579' title='bbox 2427 3921 2483 3953; x_wconf 92' lang='grc' dir='ltr'>τε</span> <span class='ocrx_word' id='word_1_580' title='bbox 2531 3901 2622 3954; x_wconf 80' lang='grc' dir='ltr'>καὶ</span> <span class='ocrx_word' id='word_1_581' title='bbox 2671 3900 2954 3972; x_wconf 86' lang='grc' dir='ltr'>ἀπονοίας,</span> <span class='ocrx_word' id='word_1_582' title='bbox 3011 3901 3147 3975; x_wconf 84' lang='grc' dir='ltr'>πρὸς</span> <span class='ocrx_word' id='word_1_583' title='bbox 3202 3902 3300 3969; x_wconf 78' lang='grc' dir='ltr'>τήν</span> <span class='ocrx_word' id='word_1_584' title='bbox 3358 3901 3636 3973; x_wconf 71' lang='grc' dir='ltr'>αἱρετικήν</span> <span class='ocrx_word' id='word_1_585' title='bbox 3709 3903 3883 3956; x_wconf 72' lang='grc' dir='ltr'>αὐτῶν</span> 
     </span>
    </p>
   </div>
   <div class='ocr_carea' id='block_1_84' title="bbox 2237 3986 3888 4066">
    <p class='ocr_par' dir='ltr' id='par_1_84' title="bbox 2237 3986 3888 4066">
     <span class='ocr_line' id='line_1_84' title="bbox 2237 3986 3888 4066; baseline 0.004 -25"><span class='ocrx_word' id='word_1_586' title='bbox 2237 3986 2474 4043; x_wconf 78' lang='grc' dir='ltr'>ἐπίνοιαν</span> <span class='ocrx_word' id='word_1_587' title='bbox 2515 3989 3012 4066; x_wconf 83' lang='grc' dir='ltr'>ἀποθρασυνθέντας</span> <span class='ocrx_word' id='word_1_588' title='bbox 3045 3987 3405 4059; x_wconf 82' lang='grc' dir='ltr'>ἐκϐιάζεσθαι.</span> <span class='ocrx_word' id='word_1_589' title='bbox 3457 3991 3584 4056; x_wconf 86' lang='grc' dir='ltr'>Καὶ,</span> <span class='ocrx_word' id='word_1_590' title='bbox 3630 3991 3706 4054; x_wconf 81' lang='grc' dir='ltr'>ὡς</span> <span class='ocrx_word' id='word_1_591' title='bbox 3760 3990 3888 4053; x_wconf 80' lang='grc' dir='ltr'>ἔπος</span> 
     </span>
    </p>
   </div>
   <div class='ocr_carea' id='block_1_85' title="bbox 2237 4076 3888 4155">
    <p class='ocr_par' dir='ltr' id='par_1_85' title="bbox 2237 4076 3888 4155">
     <span class='ocr_line' id='line_1_85' title="bbox 2237 4076 3888 4155; baseline 0.003 -24"><span class='ocrx_word' id='word_1_592' title='bbox 2237 4076 2428 4146; x_wconf 82' lang='grc' dir='ltr'>εἷ’πεῖν,</span> <span class='ocrx_word' id='word_1_593' title='bbox 2461 4079 2638 4149; x_wconf 82' lang='grc' dir='ltr'>πάσης</span> <span class='ocrx_word' id='word_1_594' title='bbox 2665 4079 2792 4142; x_wconf 81' lang='grc' dir='ltr'>τοὺς</span> <span class='ocrx_word' id='word_1_595' title='bbox 2829 4085 2922 4136; x_wconf 78' lang='grc' dir='ltr'>τοῦ</span> <span class='ocrx_word' id='word_1_596' title='bbox 2952 4076 3140 4155; x_wconf 84' lang='grc' dir='ltr'>ἀνδρὸς</span> <span class='ocrx_word' id='word_1_597' title='bbox 3181 4079 3653 4154; x_wconf 76' lang='grc' dir='ltr'>ἀπηλλαγμένους</span> <span class='ocrx_word' id='word_1_598' title='bbox 3687 4083 3888 4142; x_wconf 82' lang='grc' dir='ltr'>πόνους</span> 
     </span>
    </p>
   </div>
   <div class='ocr_carea' id='block_1_86' title="bbox 2239 4164 3890 4245">
    <p class='ocr_par' dir='ltr' id='par_1_86' title="bbox 2239 4164 3890 4245">
     <span class='ocr_line' id='line_1_86' title="bbox 2239 4164 3890 4245; baseline 0.004 -26"><span class='ocrx_word' id='word_1_599' title='bbox 2239 4166 2524 4244; x_wconf 73' lang='grc' dir='ltr'>ἀποφαίνει</span> <span class='ocrx_word' id='word_1_600' title='bbox 2578 4170 2856 4245; x_wconf 70' lang='grc' dir='ltr'>αἱρετικῆς</span> <span class='ocrx_word' id='word_1_601' title='bbox 2913 4190 2971 4224; x_wconf 91' lang='grc' dir='ltr'>τε</span> <span class='ocrx_word' id='word_1_602' title='bbox 3029 4164 3332 4238; x_wconf 77' lang='grc' dir='ltr'>ἐπιϐουλῆς</span> <span class='ocrx_word' id='word_1_603' title='bbox 3388 4169 3481 4223; x_wconf 86' lang='grc' dir='ltr'>καὶ</span> <span class='ocrx_word' id='word_1_604' title='bbox 3530 4170 3890 4245; x_wconf 68' lang='grc' dir='ltr'>συκοφαντίας</span> 
     </span>
    </p>
   </div>
   <div class='ocr_carea' id='block_1_87' title="bbox 2238 4254 3888 4333">
    <p class='ocr_par' dir='ltr' id='par_1_87' title="bbox 2238 4254 3888 4333">
     <span class='ocr_line' id='line_1_87' title="bbox 2238 4254 3888 4333; baseline -0.015 1"><span class='ocrx_word' id='word_1_605' title='bbox 2238 4255 2530 4332; x_wconf 70' lang='grc' dir='ltr'>ἀφορώσης</span> <span class='ocrx_word' id='word_1_606' title='bbox 2589 4259 2665 4322; x_wconf 84' lang='grc' dir='ltr'>εἷς</span> <span class='ocrx_word' id='word_1_607' title='bbox 2730 4254 2998 4315; x_wconf 81' lang='grc' dir='ltr'>ἀσέϐειαν.</span> <span class='ocrx_word' id='word_1_608' title='bbox 3059 4261 3119 4315; x_wconf 74' lang='grc'><strong>’11</strong></span> <span class='ocrx_word' id='word_1_609' title='bbox 3181 4256 3237 4312; x_wconf 73' lang='grc' dir='ltr'>δὲ</span> <span class='ocrx_word' id='word_1_610' title='bbox 3293 4255 3593 4333; x_wconf 82' lang='grc' dir='ltr'>ἀπαλλαγή</span> <span class='ocrx_word' id='word_1_611' title='bbox 3651 4259 3741 4314; x_wconf 77' lang='grc' dir='ltr'>καὶ</span> <span class='ocrx_word' id='word_1_612' title='bbox 3789 4263 3888 4324; x_wconf 81' lang='grc' dir='ltr'>τῆς</span> 
     </span>
    </p>
   </div>
   <div class='ocr_carea' id='block_1_88' title="bbox 2238 4345 3891 4427">
    <p class='ocr_par' dir='ltr' id='par_1_88' title="bbox 2238 4345 3891 4427">
     <span class='ocr_line' id='line_1_88' title="bbox 2238 4345 3891 4427; baseline 0.001 -25"><span class='ocrx_word' id='word_1_613' title='bbox 2238 4350 2567 4426; x_wconf 85' lang='grc' dir='ltr'>κακουργίας</span> <span class='ocrx_word' id='word_1_614' title='bbox 2623 4350 2651 4404; x_wconf 88' lang='lat'>6</span> <span class='ocrx_word' id='word_1_615' title='bbox 2700 4345 2933 4427; x_wconf 76' lang='grc' dir='ltr'>ἔλεγχος</span> <span class='ocrx_word' id='word_1_616' title='bbox 2984 4345 3044 4405; x_wconf 82' lang='grc' dir='ltr'>ἕκ</span> <span class='ocrx_word' id='word_1_617' title='bbox 3087 4371 3145 4405; x_wconf 91' lang='grc' dir='ltr'>τε</span> <span class='ocrx_word' id='word_1_618' title='bbox 3186 4353 3292 4404; x_wconf 85' lang='grc' dir='ltr'>τῶν</span> <span class='ocrx_word' id='word_1_619' title='bbox 3325 4351 3765 4423; x_wconf 69' lang='grc' dir='ltr'>προηγουμένων</span> <span class='ocrx_word' id='word_1_620' title='bbox 3794 4354 3891 4405; x_wconf 70' lang='grc' dir='ltr'>τοῦ</span> 
     </span>
    </p>
   </div>
   <div class='ocr_carea' id='block_1_89' title="bbox 483 4437 2114 4542">
    <p class='ocr_par' dir='ltr' id='par_1_89' title="bbox 483 4438 2114 4506">
     <span class='ocr_line' id='line_1_89' title="bbox 483 4438 2114 4506; baseline -0.001 -12"><span class='ocrx_word' id='word_1_621' title='bbox 483 4440 769 4506; x_wconf 87' lang='lat' dir='ltr'>sentiunt,</span> <span class='ocrx_word' id='word_1_622' title='bbox 808 4448 959 4494; x_wconf 86' lang='lat' dir='ltr'>recte</span> <span class='ocrx_word' id='word_1_623' title='bbox 991 4441 1302 4504; x_wconf 86' lang='lat' dir='ltr'>excutiens,</span> <span class='ocrx_word' id='word_1_624' title='bbox 1335 4449 1400 4494; x_wconf 91' lang='lat' dir='ltr'>ut</span> <span class='ocrx_word' id='word_1_625' title='bbox 1439 4456 1610 4495; x_wconf 89' lang='lat' dir='ltr'>nemo</span> <span class='ocrx_word' id='word_1_626' title='bbox 1642 4439 1852 4495; x_wconf 84' lang='lat' dir='ltr'>melius</span> <span class='ocrx_word' id='word_1_627' title='bbox 1883 4439 1942 4494; x_wconf 93' lang='lat' dir='ltr'>in</span> <span class='ocrx_word' id='word_1_628' title='bbox 1974 4438 2114 4495; x_wconf 88' lang='lat' dir='ltr'>salu-</span> 
     </span>
    </p>
   </div>
   <div class='ocr_carea' id='block_1_90' title="bbox 2228 4437 3892 4542">
    <p class='ocr_par' dir='ltr' id='par_1_90' title="bbox 2241 4437 3892 4542">
     <span class='ocr_line' id='line_1_90' title="bbox 2241 4437 3892 4515; baseline 0.001 -23"><span class='ocrx_word' id='word_1_629' title='bbox 2241 4437 2749 4513; x_wconf 80' lang='grc' dir='ltr'>κεκακουργημὲνου</span> <span class='ocrx_word' id='word_1_630' title='bbox 2775 4442 2820 4476; x_wconf 77' lang='grc'>⁵⁴</span> <span class='ocrx_word' id='word_1_631' title='bbox 2860 4438 3072 4515; x_wconf 86' lang='grc' dir='ltr'>χωρίου</span> <span class='ocrx_word' id='word_1_632' title='bbox 3101 4439 3192 4494; x_wconf 74' lang='grc' dir='ltr'>καὶ</span> <span class='ocrx_word' id='word_1_633' title='bbox 3240 4443 3347 4493; x_wconf 91' lang='grc' dir='ltr'>τῶν</span> <span class='ocrx_word' id='word_1_634' title='bbox 3394 4437 3679 4512; x_wconf 66' lang='grc' dir='ltr'>ἑπομένων</span> <span class='ocrx_word' id='word_1_635' title='bbox 3727 4461 3892 4494; x_wconf 82' lang='grc' dir='ltr'>κατα·</span> 
     </span>
     <span class='ocr_line' id='line_1_91' title="bbox 2391 4525 3883 4542; baseline 0 0"><span class='ocrx_word' id='word_1_636' title='bbox 2391 4529 2438 4542; x_wconf 70' lang='grc' dir='ltr'>η.</span> <span class='ocrx_word' id='word_1_637' title='bbox 2778 4530 2791 4542; x_wconf 80' lang='grc'>.</span> <span class='ocrx_word' id='word_1_638' title='bbox 2865 4530 2878 4542; x_wconf 83' lang='grc'>.</span> <span class='ocrx_word' id='word_1_639' title='bbox 3029 4526 3047 4542; x_wconf 62' lang='grc' dir='ltr'>ς</span> <span class='ocrx_word' id='word_1_640' title='bbox 3081 4528 3094 4542; x_wconf 86' lang='grc'>.</span> <span class='ocrx_word' id='word_1_641' title='bbox 3435 4526 3448 4542; x_wconf 79' lang='grc'>.</span> <span class='ocrx_word' id='word_1_642' title='bbox 3511 4525 3561 4542; x_wconf 75' lang='grc' dir='ltr'>ι.</span> <span class='ocrx_word' id='word_1_643' title='bbox 3619 4525 3707 4542; x_wconf 62' lang='grc' dir='ltr'>νς.</span> <span class='ocrx_word' id='word_1_644' title='bbox 3841 4525 3883 4542; x_wconf 72' lang='grc' dir='ltr'>ο..</span> 
     </span>
    </p>
   </div>
   <div class='ocr_carea' id='block_1_91' title="bbox 485 4528 2126 4600">
    <p class='ocr_par' dir='ltr' id='par_1_91' title="bbox 485 4528 2126 4600">
     <span class='ocr_line' id='line_1_92' title="bbox 485 4528 2126 4600; baseline -0.001 -17"><span class='ocrx_word' id='word_1_645' title='bbox 485 4533 640 4584; x_wconf 87' lang='lat' dir='ltr'>tares</span> <span class='ocrx_word' id='word_1_646' title='bbox 673 4544 872 4600; x_wconf 87' lang='lat' dir='ltr'>preces</span> <span class='ocrx_word' id='word_1_647' title='bbox 919 4545 984 4584; x_wconf 88' lang='lat' dir='ltr'>ac</span> <span class='ocrx_word' id='word_1_648' title='bbox 1032 4528 1236 4582; x_wconf 91' lang='lat' dir='ltr'>laudes</span> <span class='ocrx_word' id='word_1_649' title='bbox 1286 4528 1384 4583; x_wconf 91' lang='lat' dir='ltr'>Dei</span> <span class='ocrx_word' id='word_1_650' title='bbox 1435 4528 1690 4583; x_wconf 89' lang='lat' dir='ltr'>laborem</span> <span class='ocrx_word' id='word_1_651' title='bbox 1743 4528 1912 4585; x_wconf 81' lang='lat' dir='ltr'>tiniit.</span> <span class='ocrx_word' id='word_1_652' title='bbox 1969 4529 2126 4583; x_wconf 91' lang='lat' dir='ltr'>Libri</span> 
     </span>
    </p>
   </div>
   <div class='ocr_carea' id='block_1_92' title="bbox 485 4617 2128 4689">
    <p class='ocr_par' dir='ltr' id='par_1_92' title="bbox 485 4617 2128 4689">
     <span class='ocr_line' id='line_1_93' title="bbox 485 4617 2128 4689; baseline 0 -17"><span class='ocrx_word' id='word_1_653' title='bbox 485 4622 682 4674; x_wconf 88' lang='lat' dir='ltr'>autem</span> <span class='ocrx_word' id='word_1_654' title='bbox 709 4633 855 4689; x_wconf 87' lang='lat' dir='ltr'>quos</span> <span class='ocrx_word' id='word_1_655' title='bbox 899 4617 1132 4674; x_wconf 88' lang='lat' dir='ltr'>insidiis</span> <span class='ocrx_word' id='word_1_656' title='bbox 1167 4617 1433 4689; x_wconf 82' lang='lat' dir='ltr'>excipere</span> <span class='ocrx_word' id='word_1_657' title='bbox 1466 4617 1718 4673; x_wconf 69' lang='lat' dir='ltr'>haeretici</span> <span class='ocrx_word' id='word_1_658' title='bbox 1753 4619 1939 4673; x_wconf 90' lang='lat' dir='ltr'>moliti</span> <span class='ocrx_word' id='word_1_659' title='bbox 1972 4622 2128 4687; x_wconf 88' lang='lat' dir='ltr'>sunt,</span> 
     </span>
    </p>
   </div>
   <div class='ocr_carea' id='block_1_93' title="bbox 482 4708 2133 4780">
    <p class='ocr_par' dir='ltr' id='par_1_93' title="bbox 482 4708 2133 4780">
     <span class='ocr_line' id='line_1_94' title="bbox 482 4708 2133 4780; baseline -0.001 -16"><span class='ocrx_word' id='word_1_660' title='bbox 482 4713 539 4764; x_wconf 86' lang='lat' dir='ltr'>et</span> <span class='ocrx_word' id='word_1_661' title='bbox 571 4725 711 4780; x_wconf 90' lang='lat' dir='ltr'>quos</span> <span class='ocrx_word' id='word_1_662' title='bbox 744 4708 1068 4764; x_wconf 83' lang='lat' dir='ltr'>Germanus</span> <span class='ocrx_word' id='word_1_663' title='bbox 1099 4709 1356 4763; x_wconf 86' lang='lat' dir='ltr'>veritatis</span> <span class='ocrx_word' id='word_1_664' title='bbox 1390 4714 1787 4779; x_wconf 87' lang='lat' dir='ltr'>pr0pugnator</span> <span class='ocrx_word' id='word_1_665' title='bbox 1818 4709 2133 4780; x_wconf 88' lang='lat' dir='ltr'>primarius</span> 
     </span>
    </p>
   </div>
   <div class='ocr_carea' id='block_1_94' title="bbox 485 4797 2135 4864">
    <p class='ocr_par' dir='ltr' id='par_1_94' title="bbox 485 4797 2135 4864">
     <span class='ocr_line' id='line_1_95' title="bbox 485 4797 2135 4864; baseline -0.001 -9"><span class='ocrx_word' id='word_1_666' title='bbox 485 4799 556 4855; x_wconf 92' lang='lat' dir='ltr'>ab</span> <span class='ocrx_word' id='word_1_667' title='bbox 589 4799 883 4854; x_wconf 87' lang='lat' dir='ltr'>latronum</span> <span class='ocrx_word' id='word_1_668' title='bbox 917 4797 1138 4854; x_wconf 89' lang='lat' dir='ltr'>insultu</span> <span class='ocrx_word' id='word_1_669' title='bbox 1173 4797 1299 4854; x_wconf 91' lang='lat' dir='ltr'>sine</span> <span class='ocrx_word' id='word_1_670' title='bbox 1330 4814 1480 4852; x_wconf 87' lang='lat' dir='ltr'>noxa</span> <span class='ocrx_word' id='word_1_671' title='bbox 1527 4797 1793 4864; x_wconf 84' lang='lat' dir='ltr'>servavit,</span> <span class='ocrx_word' id='word_1_672' title='bbox 1843 4803 1979 4852; x_wconf 87' lang='lat' dir='ltr'>sunt</span> <span class='ocrx_word' id='word_1_673' title='bbox 2013 4800 2135 4853; x_wconf 80' lang='lat' dir='ltr'>Dia-</span> 
     </span>
    </p>
   </div>
   <div class='ocr_carea' id='block_1_95' title="bbox 485 4885 2136 4959">
    <p class='ocr_par' dir='ltr' id='par_1_95' title="bbox 485 4885 2136 4959">
     <span class='ocr_line' id='line_1_96' title="bbox 485 4885 2136 4959; baseline -0.001 -15"><span class='ocrx_word' id='word_1_674' title='bbox 485 4891 642 4959; x_wconf 69' lang='lat' dir='ltr'>logus</span> <span class='ocrx_word' id='word_1_675' title='bbox 689 4887 760 4942; x_wconf 87' lang='lat' dir='ltr'>ad</span> <span class='ocrx_word' id='word_1_676' title='bbox 817 4888 1121 4943; x_wconf 79' lang='lat' dir='ltr'>Macrinam</span> <span class='ocrx_word' id='word_1_677' title='bbox 1178 4903 1409 4943; x_wconf 78' lang='lat' dir='ltr'>sororem</span> <span class='ocrx_word' id='word_1_678' title='bbox 1468 4888 1531 4942; x_wconf 82' lang='lat' dir='ltr'>de</span> <span class='ocrx_word' id='word_1_679' title='bbox 1588 4885 1810 4948; x_wconf 77' lang='lat' dir='ltr'>anima;</span> <span class='ocrx_word' id='word_1_680' title='bbox 1872 4891 1928 4942; x_wconf 83' lang='lat' dir='ltr'>et</span> <span class='ocrx_word' id='word_1_681' title='bbox 1978 4887 2136 4943; x_wconf 76' lang='lat' dir='ltr'>Liber</span> 
     </span>
    </p>
   </div>
   <div class='ocr_carea' id='block_1_96' title="bbox 485 4975 2133 5049">
    <p class='ocr_par' dir='ltr' id='par_1_96' title="bbox 485 4975 2133 5049">
     <span class='ocr_line' id='line_1_97' title="bbox 485 4975 2133 5049; baseline -0.002 -14"><span class='ocrx_word' id='word_1_682' title='bbox 485 4977 870 5044; x_wconf 78' lang='lat' dir='ltr'>catecheticus,</span> <span class='ocrx_word' id='word_1_683' title='bbox 895 4981 952 5033; x_wconf 89' lang='lat' dir='ltr'>et</span> <span class='ocrx_word' id='word_1_684' title='bbox 985 4977 1079 5032; x_wconf 91' lang='lat' dir='ltr'>ille</span> <span class='ocrx_word' id='word_1_685' title='bbox 1111 4977 1209 5048; x_wconf 91' lang='lat' dir='ltr'>qui</span> <span class='ocrx_word' id='word_1_686' title='bbox 1239 4979 1308 5033; x_wconf 83' lang='lat' dir='ltr'>De</span> <span class='ocrx_word' id='word_1_687' title='bbox 1329 4979 1570 5049; x_wconf 79' lang='lat' dir='ltr'>perfecta</span> <span class='ocrx_word' id='word_1_688' title='bbox 1596 4975 1705 5032; x_wconf 79' lang='lat' dir='ltr'>vita</span> <span class='ocrx_word' id='word_1_689' title='bbox 1739 4976 2133 5032; x_wconf 87' lang='lat' dir='ltr'>narrationem</span> 
     </span>
    </p>
   </div>
   <div class='ocr_carea' id='block_1_97' title="bbox 488 5070 766 5126">
    <p class='ocr_par' dir='ltr' id='par_1_97' title="bbox 488 5070 766 5126">
     <span class='ocr_line' id='line_1_98' title="bbox 488 5070 766 5126; baseline -0.004 -1"><span class='ocrx_word' id='word_1_690' title='bbox 488 5070 766 5126; x_wconf 91' lang='lat' dir='ltr'>continet.</span> 
     </span>
    </p>
   </div>
   <div class='ocr_carea' id='block_1_98' title="bbox 488 5153 2386 5232">
    <p class='ocr_par' dir='ltr' id='par_1_98' title="bbox 488 5153 2386 5232">
     <span class='ocr_line' id='line_1_99' title="bbox 488 5153 2386 5232; baseline 0.001 -22"><span class='ocrx_word' id='word_1_691' title='bbox 488 5157 707 5231; x_wconf 66' lang='grc' dir='ltr'>ταχθεὶς</span> <span class='ocrx_word' id='word_1_692' title='bbox 775 5157 1080 5229; x_wconf 76' lang='grc' dir='ltr'>στρατηγὸς</span> <span class='ocrx_word' id='word_1_693' title='bbox 1135 5162 1235 5224; x_wconf 80' lang='grc' dir='ltr'>τῆς</span> <span class='ocrx_word' id='word_1_694' title='bbox 1293 5154 1594 5231; x_wconf 77' lang='grc' dir='ltr'>λῃστρικῆς</span> <span class='ocrx_word' id='word_1_695' title='bbox 1656 5153 1850 5232; x_wconf 61' lang='grc' dir='ltr'>ἐφόδου</span> <span class='ocrx_word' id='word_1_696' title='bbox 1905 5157 2082 5209; x_wconf 88' lang='grc' dir='ltr'>κακῶν</span> <span class='ocrx_word' id='word_1_697' title='bbox 2161 5154 2386 5219; x_wconf 78' lang='grc' dir='ltr'>ἀπαθεῖς</span> 
     </span>
    </p>
   </div>
   <div class='ocr_carea' id='block_1_99' title="bbox 490 5243 1607 5322">
    <p class='ocr_par' dir='ltr' id='par_1_99' title="bbox 490 5243 1607 5322">
     <span class='ocr_line' id='line_1_100' title="bbox 490 5243 1607 5322; baseline 0.005 -26"><span class='ocrx_word' id='word_1_698' title='bbox 490 5246 590 5312; x_wconf 72' lang='grc' dir='ltr'>τήν</span> <span class='ocrx_word' id='word_1_699' title='bbox 644 5243 884 5322; x_wconf 70' lang='grc' dir='ltr'>ἀδελφήν</span> <span class='ocrx_word' id='word_1_700' title='bbox 964 5252 1238 5322; x_wconf 84' lang='grc' dir='ltr'>Μακρῖναν</span> <span class='ocrx_word' id='word_1_701' title='bbox 1320 5245 1607 5322; x_wconf 79' lang='grc' dir='ltr'>Διάλογος.</span> 
     </span>
    </p>
   </div>
   <div class='ocr_carea' id='block_1_100' title="bbox 491 5333 1132 5408">
    <p class='ocr_par' dir='ltr' id='par_1_100' title="bbox 491 5333 1132 5408">
     <span class='ocr_line' id='line_1_101' title="bbox 491 5333 1132 5408; baseline 0.022 -24"><span class='ocrx_word' id='word_1_702' title='bbox 491 5333 687 5406; x_wconf 76' lang='grc' dir='ltr'>ἡγησιν</span> <span class='ocrx_word' id='word_1_703' title='bbox 720 5334 1132 5408; x_wconf 78' lang='grc' dir='ltr'>ἀναδεξάμενος.</span> 
     </span>
    </p>
   </div>
   <div class='ocr_carea' id='block_1_101' title="bbox 2246 4525 3896 4600">
    <p class='ocr_par' dir='ltr' id='par_1_101' title="bbox 2246 4525 3896 4600">
     <span class='ocr_line' id='line_1_102' title="bbox 2246 4525 3896 4600; baseline 0.002 -21"><span class='ocrx_word' id='word_1_704' title='bbox 2246 4529 2556 4596; x_wconf 86' lang='grc' dir='ltr'>σκευάζεται</span> <span class='ocrx_word' id='word_1_705' title='bbox 2603 4549 2660 4583; x_wconf 91' lang='grc' dir='ltr'>τε</span> <span class='ocrx_word' id='word_1_706' title='bbox 2704 4530 2795 4583; x_wconf 85' lang='grc' dir='ltr'>καὶ</span> <span class='ocrx_word' id='word_1_707' title='bbox 2854 4526 3315 4600; x_wconf 82' lang='grc' dir='ltr'>ἀνακαλύπτεται,</span> <span class='ocrx_word' id='word_1_708' title='bbox 3362 4526 3452 4582; x_wconf 86' lang='grc' dir='ltr'>καὶ</span> <span class='ocrx_word' id='word_1_709' title='bbox 3510 4525 3561 4597; x_wconf 82' lang='grc' dir='ltr'>ἒξ</span> <span class='ocrx_word' id='word_1_710' title='bbox 3607 4525 3801 4582; x_wconf 72' lang='grc' dir='ltr'>ἄλλων</span> <span class='ocrx_word' id='word_1_711' title='bbox 3837 4525 3896 4582; x_wconf 67' lang='grc' dir='ltr'>δὲ</span> 
     </span>
    </p>
   </div>
   <div class='ocr_carea' id='block_1_102' title="bbox 2242 4613 3883 4694">
    <p class='ocr_par' dir='ltr' id='par_1_102' title="bbox 2242 4613 3883 4694">
     <span class='ocr_line' id='line_1_103' title="bbox 2242 4613 3883 4694; baseline -0.001 -24"><span class='ocrx_word' id='word_1_712' title='bbox 2242 4617 2340 4671; x_wconf 73' lang='grc' dir='ltr'>τοῦ</span> <span class='ocrx_word' id='word_1_713' title='bbox 2389 4617 2668 4672; x_wconf 88' lang='grc' dir='ltr'>θεσπεσίου</span> <span class='ocrx_word' id='word_1_714' title='bbox 2719 4618 3028 4694; x_wconf 78' lang='grc' dir='ltr'>Γρηγορίου</span> <span class='ocrx_word' id='word_1_715' title='bbox 3081 4617 3289 4692; x_wconf 87' lang='grc' dir='ltr'>μυρίων</span> <span class='ocrx_word' id='word_1_716' title='bbox 3359 4615 3554 4690; x_wconf 87' lang='grc' dir='ltr'>λόγων,</span> <span class='ocrx_word' id='word_1_717' title='bbox 3611 4615 3671 4667; x_wconf 85' lang='grc' dir='ltr'>τὸ</span> <span class='ocrx_word' id='word_1_718' title='bbox 3715 4613 3883 4686; x_wconf 76' lang='grc' dir='ltr'>ὀρθὸν</span> 
     </span>
    </p>
   </div>
   <div class='ocr_carea' id='block_1_103' title="bbox 2245 4703 3892 4780">
    <p class='ocr_par' dir='ltr' id='par_1_103' title="bbox 2245 4703 3892 4780">
     <span class='ocr_line' id='line_1_104' title="bbox 2245 4703 3892 4780; baseline 0 -20"><span class='ocrx_word' id='word_1_719' title='bbox 2245 4704 2626 4778; x_wconf 87' lang='grc' dir='ltr'>διασωζόντων</span> <span class='ocrx_word' id='word_1_720' title='bbox 2677 4710 2766 4764; x_wconf 81' lang='grc' dir='ltr'>καὶ</span> <span class='ocrx_word' id='word_1_721' title='bbox 2815 4709 3121 4764; x_wconf 87' lang='grc' dir='ltr'>ἀνόθευτον.</span> <span class='ocrx_word' id='word_1_722' title='bbox 3173 4708 3278 4766; x_wconf 80' lang='grc' dir='ltr'>Καὶ</span> <span class='ocrx_word' id='word_1_723' title='bbox 3328 4711 3484 4763; x_wconf 76' lang='grc' dir='ltr'>ταῦτα</span> <span class='ocrx_word' id='word_1_724' title='bbox 3511 4703 3701 4766; x_wconf 86' lang='grc' dir='ltr'>καλῶς</span> <span class='ocrx_word' id='word_1_725' title='bbox 3730 4706 3892 4780; x_wconf 82' lang='grc' dir='ltr'>ἀγω-</span> 
     </span>
    </p>
   </div>
   <div class='ocr_carea' id='block_1_104' title="bbox 2242 4793 3895 4870">
    <p class='ocr_par' dir='ltr' id='par_1_104' title="bbox 2242 4793 3895 4870">
     <span class='ocr_line' id='line_1_105' title="bbox 2242 4793 3895 4870; baseline 0.001 -20"><span class='ocrx_word' id='word_1_726' title='bbox 2242 4796 2552 4870; x_wconf 84' lang='grc' dir='ltr'>νισάμενος,</span> <span class='ocrx_word' id='word_1_727' title='bbox 2593 4799 2683 4853; x_wconf 81' lang='grc' dir='ltr'>καὶ</span> <span class='ocrx_word' id='word_1_728' title='bbox 2743 4798 2817 4860; x_wconf 83' lang='grc' dir='ltr'>ὡς</span> <span class='ocrx_word' id='word_1_729' title='bbox 2878 4799 2981 4854; x_wconf 83' lang='grc' dir='ltr'>οὐκ</span> <span class='ocrx_word' id='word_1_730' title='bbox 3037 4796 3094 4852; x_wconf 75' lang='grc' dir='ltr'>ἄν</span> <span class='ocrx_word' id='word_1_731' title='bbox 3163 4819 3248 4860; x_wconf 86' lang='grc' dir='ltr'>τις</span> <span class='ocrx_word' id='word_1_732' title='bbox 3311 4796 3475 4858; x_wconf 74' lang='grc' dir='ltr'>ἄλλος</span> <span class='ocrx_word' id='word_1_733' title='bbox 3522 4793 3777 4868; x_wconf 76' lang='grc' dir='ltr'>ἄμεινον,</span> <span class='ocrx_word' id='word_1_734' title='bbox 3817 4795 3895 4860; x_wconf 71' lang='grc' dir='ltr'>εἷς</span> 
     </span>
    </p>
   </div>
   <div class='ocr_carea' id='block_1_105' title="bbox 2246 4885 3892 4964">
    <p class='ocr_par' dir='ltr' id='par_1_105' title="bbox 2246 4885 3892 4964">
     <span class='ocr_line' id='line_1_106' title="bbox 2246 4885 3892 4964; baseline -0.001 -22"><span class='ocrx_word' id='word_1_735' title='bbox 2246 4889 2550 4963; x_wconf 84' lang='grc' dir='ltr'>σωτηρίους</span> <span class='ocrx_word' id='word_1_736' title='bbox 2583 4889 2746 4964; x_wconf 77' lang='grc' dir='ltr'>εὐχὰς</span> <span class='ocrx_word' id='word_1_737' title='bbox 2777 4889 2866 4944; x_wconf 84' lang='grc' dir='ltr'>καὶ</span> <span class='ocrx_word' id='word_1_738' title='bbox 2919 4886 3238 4964; x_wconf 74' lang='grc' dir='ltr'>δοξολογίας</span> <span class='ocrx_word' id='word_1_739' title='bbox 3288 4891 3421 4942; x_wconf 76' lang='grc' dir='ltr'>Θεοῦ</span> <span class='ocrx_word' id='word_1_740' title='bbox 3461 4885 3806 4961; x_wconf 82' lang='grc' dir='ltr'>ἀποπερατοῖ</span> <span class='ocrx_word' id='word_1_741' title='bbox 3833 4888 3892 4941; x_wconf 81' lang='grc' dir='ltr'>τὸ</span> 
     </span>
    </p>
   </div>
   <div class='ocr_carea' id='block_1_106' title="bbox 2246 4973 3892 5055">
    <p class='ocr_par' dir='ltr' id='par_1_106' title="bbox 2246 4973 3892 5055">
     <span class='ocr_line' id='line_1_107' title="bbox 2246 4973 3892 5055; baseline -0.001 -23"><span class='ocrx_word' id='word_1_742' title='bbox 2246 4977 2624 5054; x_wconf 72' lang='grc' dir='ltr'>φιλοπόνημα.</span> <span class='ocrx_word' id='word_1_743' title='bbox 2667 4981 2731 5036; x_wconf 78' lang='lat' dir='ltr'>Oi</span> <span class='ocrx_word' id='word_1_744' title='bbox 2779 4976 2834 5033; x_wconf 74' lang='grc' dir='ltr'>δὲ</span> <span class='ocrx_word' id='word_1_745' title='bbox 2879 4977 3058 5055; x_wconf 79' lang='grc' dir='ltr'>λόγοι,</span> <span class='ocrx_word' id='word_1_746' title='bbox 3108 4976 3198 5040; x_wconf 75' lang='grc' dir='ltr'>οὕς</span> <span class='ocrx_word' id='word_1_747' title='bbox 3253 4975 3504 5032; x_wconf 85' lang='grc' dir='ltr'>ὑπελθεῖν</span> <span class='ocrx_word' id='word_1_748' title='bbox 3553 4973 3792 5050; x_wconf 65' lang='grc' dir='ltr'>ἐνέδραις</span> <span class='ocrx_word' id='word_1_749' title='bbox 3834 4977 3892 5032; x_wconf 80' lang='grc' dir='ltr'>τὸ</span> 
     </span>
    </p>
   </div>
   <div class='ocr_carea' id='block_1_107' title="bbox 2246 5065 3894 5147">
    <p class='ocr_par' dir='ltr' id='par_1_107' title="bbox 2246 5065 3894 5147">
     <span class='ocr_line' id='line_1_108' title="bbox 2246 5065 3894 5147; baseline -0.001 -26"><span class='ocrx_word' id='word_1_750' title='bbox 2246 5065 2566 5147; x_wconf 69' lang='grc' dir='ltr'>ἀλλόφυλον</span> <span class='ocrx_word' id='word_1_751' title='bbox 2617 5067 2937 5144; x_wconf 83' lang='grc' dir='ltr'>ἐτεχνάσατο</span> <span class='ocrx_word' id='word_1_752' title='bbox 2985 5068 3031 5103; x_wconf 76' lang='grc'>⁵⁸</span> <span class='ocrx_word' id='word_1_753' title='bbox 3077 5065 3167 5121; x_wconf 80' lang='grc' dir='ltr'>καὶ</span> <span class='ocrx_word' id='word_1_754' title='bbox 3217 5067 3245 5120; x_wconf 98' lang='lat'>6</span> <span class='ocrx_word' id='word_1_755' title='bbox 3295 5065 3440 5139; x_wconf 81' lang='grc' dir='ltr'>παρά</span> <span class='ocrx_word' id='word_1_756' title='bbox 3482 5072 3590 5134; x_wconf 77' lang='grc' dir='ltr'>τῆς</span> <span class='ocrx_word' id='word_1_757' title='bbox 3638 5065 3894 5138; x_wconf 74' lang='grc' dir='ltr'>ἀληθείας</span> 
     </span>
    </p>
   </div>
   <div class='ocr_carea' id='block_1_108' title="bbox 2886 5152 3895 5229">
    <p class='ocr_par' dir='ltr' id='par_1_108' title="bbox 2886 5152 3895 5229">
     <span class='ocr_line' id='line_1_109' title="bbox 2886 5152 3895 5229; baseline -0.002 -19"><span class='ocrx_word' id='word_1_758' title='bbox 2886 5155 2914 5210; x_wconf 83' lang='lat'>6&#39;</span> <span class='ocrx_word' id='word_1_759' title='bbox 2996 5176 3056 5212; x_wconf 86' lang='grc' dir='ltr'>τε</span> <span class='ocrx_word' id='word_1_760' title='bbox 3138 5155 3269 5227; x_wconf 90' lang='grc' dir='ltr'>Περὶ</span> <span class='ocrx_word' id='word_1_761' title='bbox 3331 5157 3519 5227; x_wconf 75' lang='grc' dir='ltr'>ψυχῆς</span> <span class='ocrx_word' id='word_1_762' title='bbox 3597 5152 3710 5208; x_wconf 74' lang='grc' dir='ltr'>ἐστι</span> <span class='ocrx_word' id='word_1_763' title='bbox 3767 5155 3895 5229; x_wconf 79' lang='grc' dir='ltr'>πρὸς</span> 
     </span>
    </p>
   </div>
   <div class='ocr_carea' id='block_1_109' title="bbox 2481 5155 2796 5228">
    <p class='ocr_par' dir='ltr' id='par_1_109' title="bbox 2481 5155 2796 5228">
     <span class='ocr_line' id='line_1_110' title="bbox 2481 5155 2796 5228; baseline 0 -16"><span class='ocrx_word' id='word_1_764' title='bbox 2481 5155 2796 5228; x_wconf 84' lang='grc' dir='ltr'>διεσώσατο,</span> 
     </span>
    </p>
   </div>
   <div class='ocr_carea' id='block_1_110' title="bbox 1696 5241 3897 5323">
    <p class='ocr_par' dir='ltr' id='par_1_110' title="bbox 1696 5241 3897 5323">
     <span class='ocr_line' id='line_1_111' title="bbox 1696 5241 3897 5323; baseline 0 -23"><span class='ocrx_word' id='word_1_765' title='bbox 1696 5243 1784 5300; x_wconf 87' lang='grc' dir='ltr'>καὶ</span> <span class='ocrx_word' id='word_1_766' title='bbox 1833 5241 1899 5314; x_wconf 83' lang='grc' dir='ltr'>δὴ</span> <span class='ocrx_word' id='word_1_767' title='bbox 1961 5246 2049 5299; x_wconf 85' lang='grc' dir='ltr'>καὶ</span> <span class='ocrx_word' id='word_1_768' title='bbox 2117 5245 2145 5299; x_wconf 88' lang='lat'>6</span> <span class='ocrx_word' id='word_1_769' title='bbox 2205 5248 2598 5323; x_wconf 80' lang='grc' dir='ltr'>Κατηχητικὸς</span> <span class='ocrx_word' id='word_1_770' title='bbox 2655 5247 2743 5303; x_wconf 80' lang='grc' dir='ltr'>καὶ</span> <span class='ocrx_word' id='word_1_771' title='bbox 2813 5249 2842 5301; x_wconf 89' lang='grc' dir='ltr'>ὁ</span> <span class='ocrx_word' id='word_1_772' title='bbox 2890 5246 3019 5322; x_wconf 71' lang='grc' dir='ltr'>Περὶ</span> <span class='ocrx_word' id='word_1_773' title='bbox 3099 5243 3387 5300; x_wconf 80' lang='grc' dir='ltr'>τελείου⁵⁶</span> <span class='ocrx_word' id='word_1_774' title='bbox 3447 5242 3573 5318; x_wconf 78' lang='grc' dir='ltr'>βίου</span> <span class='ocrx_word' id='word_1_775' title='bbox 3630 5246 3734 5314; x_wconf 74' lang='grc' dir='ltr'>τήν</span> <span class='ocrx_word' id='word_1_776' title='bbox 3790 5244 3897 5300; x_wconf 71' lang='lat' dir='ltr'>cic-</span> 
     </span>
    </p>
   </div>
   <div class='ocr_carea' id='block_1_111' title="bbox 1850 5454 2540 5515">
    <p class='ocr_par' dir='ltr' id='par_1_111' title="bbox 1850 5454 2540 5515">
     <span class='ocr_line' id='line_1_112' title="bbox 1850 5454 2540 5515; baseline 0.009 -7"><span class='ocrx_word' id='word_1_777' title='bbox 1850 5454 2091 5511; x_wconf 73' lang='lat' dir='ltr'>VARUE</span> <span class='ocrx_word' id='word_1_778' title='bbox 2136 5455 2540 5515; x_wconf 85' lang='lat' dir='ltr'>LECTIONES.</span> 
     </span>
    </p>
   </div>
   <div class='ocr_carea' id='block_1_112' title="bbox 564 5556 3896 5654">
    <p class='ocr_par' dir='ltr' id='par_1_112' title="bbox 564 5556 3896 5654">
     <span class='ocr_line' id='line_1_113' title="bbox 564 5556 3896 5654; baseline 0.001 -44"><span class='ocrx_word' id='word_1_779' title='bbox 564 5557 606 5592; x_wconf 77' lang='lat'>&quot;7</span> <span class='ocrx_word' id='word_1_780' title='bbox 637 5557 1038 5654; x_wconf 40' lang='lat' dir='ltr'>dgapérx7ito;</span> <span class='ocrx_word' id='word_1_781' title='bbox 1059 5564 1325 5654; x_wconf 44' lang='lat' dir='ltr'>ES.ca‘liger‘</span> <span class='ocrx_word' id='word_1_782' title='bbox 1353 5583 1364 5619; x_wconf 90' lang='lat'><strong>:</strong></span> <span class='ocrx_word' id='word_1_783' title='bbox 1397 5561 2040 5654; x_wconf 42' lang='lat' dir='ltr'>librioé‘CRG‘EEYiﬁl&#39;ﬂTOQ&#39;.</span> <span class='ocrx_word' id='word_1_784' title='bbox 2119 5561 2375 5654; x_wconf 48' lang='lat' dir='ltr'>&quot;illam</span> <span class='ocrx_word' id='word_1_785' title='bbox 2411 5567 2471 5624; x_wconf 91' lang='lat' dir='ltr'>B.</span> <span class='ocrx_word' id='word_1_786' title='bbox 2550 5565 2764 5654; x_wconf 47' lang='grc' dir='ltr'>⁴⁹Ιμετά</span> <span class='ocrx_word' id='word_1_787' title='bbox 2795 5573 2834 5620; x_wconf 82' lang='grc' dir='ltr'><strong>Α</strong></span> <span class='ocrx_word' id='word_1_788' title='bbox 2872 5560 3055 5654; x_wconf 61' lang='grc' dir='ltr'>ξηκατά</span> <span class='ocrx_word' id='word_1_789' title='bbox 3085 5561 3167 5654; x_wconf 52' lang='grc' dir='ltr'><em>ςῖ</em></span> <span class='ocrx_word' id='word_1_790' title='bbox 3241 5561 3288 5596; x_wconf 78' lang='grc'>⁵⁸</span> <span class='ocrx_word' id='word_1_791' title='bbox 3337 5556 3405 5654; x_wconf 50' lang='lat' dir='ltr'>5i</span> <span class='ocrx_word' id='word_1_792' title='bbox 3432 5576 3573 5654; x_wconf 44' lang='lat' dir='ltr'>om‘.‘</span> <span class='ocrx_word' id='word_1_793' title='bbox 3603 5563 3673 5615; x_wconf 81' lang='grc' dir='ltr'>Α.</span> <span class='ocrx_word' id='word_1_794' title='bbox 3741 5562 3794 5652; x_wconf 32' lang='grc'>⁸⁸⁸</span> <span class='ocrx_word' id='word_1_795' title='bbox 3843 5559 3896 5646; x_wconf 58' lang='grc' dir='ltr'>ὃν</span> 
     </span>
    </p>
   </div>
   <div class='ocr_carea' id='block_1_113' title="bbox 492 5630 3425 5712">
    <p class='ocr_par' dir='ltr' id='par_1_113' title="bbox 492 5630 3425 5712">
     <span class='ocr_line' id='line_1_114' title="bbox 492 5630 3425 5712; baseline -0.001 -24"><span class='ocrx_word' id='word_1_796' title='bbox 492 5644 638 5712; x_wconf 57' lang='grc' dir='ltr'>οοςντ</span> <span class='ocrx_word' id='word_1_797' title='bbox 675 5631 715 5685; x_wconf 87' lang='grc' dir='ltr'>Β</span> <span class='ocrx_word' id='word_1_798' title='bbox 742 5630 861 5712; x_wconf 32' lang='grc' dir='ltr'>ᾃῶν</span> <span class='ocrx_word' id='word_1_799' title='bbox 1057 5637 1100 5670; x_wconf 75' lang='grc'>⁸³</span> <span class='ocrx_word' id='word_1_800' title='bbox 1131 5630 1252 5706; x_wconf 70' lang='grc' dir='ltr'>τὸνῖ</span> <span class='ocrx_word' id='word_1_801' title='bbox 1275 5635 1333 5688; x_wconf 86' lang='grc' dir='ltr'>τὸ</span> <span class='ocrx_word' id='word_1_802' title='bbox 1378 5639 1434 5690; x_wconf 87' lang='grc' dir='ltr'>Λ.</span> <span class='ocrx_word' id='word_1_803' title='bbox 1513 5637 1559 5671; x_wconf 82' lang='grc'><strong>⁵³</strong></span> <span class='ocrx_word' id='word_1_804' title='bbox 1587 5630 1743 5710; x_wconf 50' lang='lat' dir='ltr'>fin-cat]</span> <span class='ocrx_word' id='word_1_805' title='bbox 1777 5630 2000 5709; x_wconf 70' lang='grc' dir='ltr'>ῥήματα</span> <span class='ocrx_word' id='word_1_806' title='bbox 2030 5641 2088 5688; x_wconf 73' lang='grc' dir='ltr'>Βο</span> <span class='ocrx_word' id='word_1_807' title='bbox 2166 5634 2214 5671; x_wconf 75' lang='grc'>⁵⁸</span> <span class='ocrx_word' id='word_1_808' title='bbox 2243 5630 2714 5712; x_wconf 75' lang='grc' dir='ltr'>κακουργουμὲνου</span> <span class='ocrx_word' id='word_1_809' title='bbox 2746 5643 2804 5693; x_wconf 89' lang='grc' dir='ltr'>Β.</span> <span class='ocrx_word' id='word_1_810' title='bbox 2881 5638 2926 5673; x_wconf 79' lang='grc'>⁸⁸</span> <span class='ocrx_word' id='word_1_811' title='bbox 2965 5630 3298 5708; x_wconf 70' lang='grc' dir='ltr'>ἐτεχνήσατο</span> 
     </span>
    </p>
   </div>
   <div class='ocr_carea' id='block_1_114' title="bbox 490 5697 819 5774">
    <p class='ocr_par' dir='ltr' id='par_1_114' title="bbox 490 5697 819 5774">
     <span class='ocr_line' id='line_1_115' title="bbox 490 5697 819 5774; baseline 0.015 -21"><span class='ocrx_word' id='word_1_812' title='bbox 490 5697 702 5754; x_wconf 82' lang='grc' dir='ltr'>τελείου</span> 
     </span>
    </p>
   </div>
   <div class='ocr_carea' id='block_1_115' title="bbox 3521 5629 3898 5705">
    <p class='ocr_par' dir='ltr' id='par_1_115' title="bbox 3521 5629 3898 5705">
     <span class='ocr_line' id='line_1_116' title="bbox 3521 5629 3898 5705; baseline 0.005 -21"><span class='ocrx_word' id='word_1_813' title='bbox 3521 5629 3573 5666; x_wconf 73' lang='grc'>⁵⁸</span> <span class='ocrx_word' id='word_1_814' title='bbox 3627 5632 3756 5705; x_wconf 75' lang='grc' dir='ltr'>περὶ</span> <span class='ocrx_word' id='word_1_815' title='bbox 3803 5637 3898 5686; x_wconf 69' lang='grc' dir='ltr'>τοῦ</span> 
     </span>
    </p>
   </div>
  </div>
