4100 6242
241 375 396 439 1109

971 508 1144 565 ΣΛΔ’.

388 602 492 653 Τοῦ
538 597 696 672 ἁγίου
725 592 992 672 Μεθοδίου
1018 595 1082 672 ἐκ
1117 599 1216 651 106
1245 599 1368 671 περὶ
1409 600 1746 662 ἀναστάσεως

965 666 1154 741 λόγου.

306 760 432 833 [908
465 760 558 832 R.]
613 756 954 832 ’Ᾱνεγνώσθη
989 761 1086 813 106
1127 756 1286 833 άγίου
1329 761 1624 828 Μεθοδίου,
1659 761 1885 816 ἐπισκό-

235 869 340 904 που
387 849 478 902 καὶ
527 845 822 921 μάρτυρος,
874 845 933 901 ἐκ
980 850 1077 901 106
1125 847 1249 920 περὶ
1300 849 1638 910 ἀναστάσεως
1689 850 1882 926 λόγου,

236 939 298 994 οὗ
325 940 362 1006 ἡ
393 940 435 975 ⁵⁷
467 935 678 1013 ἐκλογή
707 936 773 991 τὰ
805 937 1141 1009 ὑποκείμενα
1175 937 1341 1013 λέγει·

308 1031 426 1083 Ὅτι
482 1026 543 1082 οὗ
594 1023 794 1099 δεσμόν
844 1048 977 1103 φησι
1025 1027 1086 1082 τὸ
1136 1028 1296 1100 σῶμα
1343 1032 1443 1097 τῆς
1488 1032 1676 1104 ψυχῆς
1726 1032 1882 1102 εἶναι,

238 1118 314 1179 ὠς
371 1117 650 1190 Ὠριγὲνης
717 1113 877 1188 ᾤετο,
948 1114 1073 1171 οὐδὲ
1139 1114 1477 1191 δεσμώτιδας
1533 1121 1629 1182 τὰς
1700 1121 1886 1197 ψυχὰς

234 1208 382 1280 παρὰ
427 1209 524 1260 106
553 1207 603 1241 ⁵⁸
643 1208 930 1281 προφήτου
972 1207 1236 1280 Ἰερεμίου
1273 1207 1554 1264 καλεῖσθαι
1597 1207 1688 1264 διὰ
1725 1211 1788 1265 τὸ
1833 1211 1886 1266 ἐν

236 1296 484 1367 σώμασιν
542 1294 704 1356 αὐτὰς
758 1296 1068 1370 τυγχάνειν.
1129 1295 1205 1354 Οὐ
1259 1298 1364 1372 γὰρ
1420 1295 1733 1371 ἐμποδίζειν
1789 1300 1885 1361 τὰς

235 1387 341 1449 τῆς
396 1383 578 1454 ψυχῆς
634 1378 900 1453 ἐνεργείας
974 1381 1038 1435 τὸ
1109 1382 1268 1454 σῶμα
1335 1382 1558 1450 τίθεται,
1620 1405 1883 1458 συμπερι-

236 1469 463 1545 ἆγεσθαι
496 1465 550 1523 δὲ
586 1467 798 1542 μᾶλλον
851 1471 912 1524 τὸ
954 1471 1113 1542 σῶμα
1143 1473 1231 1525 καὶ
1277 1479 1552 1548 συνεργεῖν
1586 1475 1723 1548 πρὸς
1770 1473 1802 1527 ἃ
1849 1476 1884 1542 ἡ

240 1559 396 1634 ψυχὴ
430 1557 727 1634 ἐπιτρέπει.
760 1557 940 1616 Ἀλλᾶ
989 1565 1106 1622 πῶς
1139 1563 1266 1631 [480
1315 1565 1409 1636 ΙΙ.]
1447 1562 1508 1617 τὸ
1548 1568 1643 1618 τοῦ
1694 1562 1889 1618 θεολό-

236 1670 340 1724 γου
372 1649 680 1725 Γρηγορίου
711 1649 936 1720 νοητέον
969 1651 1054 1705 καὶ
1090 1649 1276 1705 ἄλλων
1310 1650 1573 1723 πολλῶνς

309 1743 429 1796 ’Ὁτι
471 1739 756 1815 Ὠριγένης
808 1738 1005 1814 δεσμὸν
1043 1742 1106 1796 τὸ
1138 1747 1296 1815 σῶμα
1344 1738 1496 1816 ἔλεγε
1535 1741 1779 1799 δεδόσθαι
1819 1745 1890 1815 τῇ

1295 374 1840 439 BIBLIOTHECA.
1886 410 1965 424 —
2009 377 2183 438 COD.
2233 376 2596 440 CCXXXIV.

1922 512 1978 579 Α

3486 375 3652 436 1110

2671 509 2988 568 CCXXXIV

1999 603 2270 672 Excerpta
2312 617 2382 656 ex
2419 601 2674 657 Oratione
2705 599 2759 654 S.
2789 598 3050 654 Methodii
3092 599 3159 654 de
3210 599 3646 660 Resurrectione.

2063 765 2254 821 298a
2300 764 2429 834 Legi
2489 762 2674 818 sancti
2735 761 3010 818 Methodii
3063 760 3323 834 episcopi
3380 765 3437 818 et
3493 777 3650 816 mar-

1991 853 2153 925 tyris,
2205 870 2271 908 ex
2317 852 2589 908 Oratione
2639 854 2707 907 de
2759 851 3216 917 resurrectione;
3259 851 3429 920 cujus
3488 866 3648 906 com-

1993 942 2186 1014 pendii
2219 943 2327 997 hoc
2357 950 2442 997 est
2472 945 2884 1013 argumentum
2917 956 2930 996 :

2063 1033 2284 1102 Corpus
2330 1047 2447 1087 non
2485 1045 2616 1086 esse
2659 1029 2958 1085 vinculum
3004 1029 3241 1095 animas,
3273 1031 3338 1084 ut
3365 1027 3646 1100 Origenes

1993 1120 2382 1187 existimavit;
2416 1135 2607 1191 neque
2655 1119 2883 1175 animas
2930 1119 3264 1175 carceribus
3311 1117 3569 1189 illigatas
3616 1135 3650 1174 a

1991 1211 2243 1267 Jeremia
2269 1210 2548 1282 propheta
2571 1209 2684 1266 dici
2708 1209 2752 1278 ι,
2771 1225 2836 1266 eo
2859 1209 3012 1280 quod
3047 1209 3106 1264 in
3137 1207 3477 1280 corporibus
3495 1207 3644 1262 sint:

1996 1316 2181 1371 neque
2211 1299 2367 1356 enim
2401 1299 2614 1355 animae
2644 1298 3012 1371 operationes
3041 1315 3073 1353 a
3102 1313 3346 1370 corpore
3372 1295 3649 1368 impediri

1995 1389 2268 1456 afﬁrmat,
2289 1389 2405 1444 imo
2422 1404 2637 1459 corpus
2659 1387 3016 1442 circumferri
3037 1387 3252 1459 potius,
3275 1391 3330 1442 et
3351 1385 3645 1456 cooperari

1995 1495 2060 1535 ea
2089 1479 2158 1533 ad
2192 1494 2319 1549 quae
2352 1477 2548 1532 anima
2577 1477 2802 1532 invitat.
2838 1477 3142 1532 Enimvero
3173 1473 3471 1546 quomodo
3503 1474 3646 1530 illud

1997 1569 2252 1640 Gregorii
2286 1567 2652 1632 Nazianzeni,
2685 1570 2741 1622 et
2771 1565 3094 1622 multorum
3136 1564 3384 1620 aliorum
3426 1562 3650 1620 intelli-

1997 1659 2255 1730 gendum
2279 1658 2308 1712 ?

2069 1747 2344 1819 Origenes
2392 1747 2646 1802 asseruit
2693 1761 2906 1818 corpus
2937 1749 3068 1816 post
3107 1742 3647 1816 praevaricationem

240 1832 396 1904 ψυχῇ
468 1832 602 1902 μετὰ
673 1831 772 1899 τὴν
842 1826 1166 1906 παράϐασιν,
1225 1832 1350 1908 πρὶν
1411 1831 1468 1887 δὲ
1523 1833 1814 1907 ἀσώματον
1846 1835 1892 1871 ⁵⁸

2021 1837 2191 1892 lnimo
2224 1835 2440 1891 vinculi
2472 1835 2597 1891 loco
2631 1837 2970 1906 adjunctum
2997 1851 3143 1901 esse,
3167 1850 3300 1889 cum
3328 1833 3490 1904 prius
3521 1830 3651 1886 sine

243 1918 412 1989 αὐτὴν
450 1917 733 1994 βιοτεύειν.
769 1917 948 1976 Ἀλλά
994 1920 1085 1975 καὶ
1125 1925 1284 1976 τοῦτο
1334 1922 1395 1977 τὸ
1445 1928 1623 1998 σῶμα,
1657 1925 1685 1978 ’ὁ
1734 1945 1890 1998 περι-

242 2007 486 2082 κείμεθα,
519 2007 690 2064 αἷίτιον
739 2010 872 2063 εἶναι
917 2013 1024 2064 τῶν
1077 2011 1356 2086 ἁμαρτιῶν
1393 2032 1406 2046 ·
1459 2009 1548 2068 διὰ
1595 2018 1755 2068 τοῦτο
1799 2013 1890 2069 καὶ

248 2093 446 2172 δεσμὸν
489 2094 691 2173 ἔλεγεν,
733 2099 809 2162 ὡς
854 2099 960 2154 ἀπὸ
1006 2105 1114 2155 τῶν
1161 2101 1378 2176 ἀγαθῶν
1425 2099 1594 2178 ἔργων
1657 2102 1888 2159 κωλύειν

249 2184 545 2260 δυνάμενον
583 2189 682 2256 τήν
721 2190 932 2268 ψυχήν.

319 2273 516 2328 Ὅτιεῖ
565 2272 764 2346 δεσμὸς
813 2272 972 2346 ἐδόθη
1004 2277 1068 2331 τὸ
1118 2281 1274 2350 σῶμα
1327 2277 1462 2350 μετὰ
1507 2281 1606 2349 τήν
1653 2276 1896 2356 παράϐα-

247 2384 354 2432 σιν,
396 2363 430 2433 ἢ
465 2369 571 2418 τῶν
603 2369 780 2418 κακῶν
813 2366 847 2435 ἢ
880 2369 986 2420 τῶν
1018 2367 1232 2442 ἀγαθῶν
1273 2365 1432 2437 ἐδόθη
1463 2373 1532 2442 τῇ
1566 2373 1742 2445 ψυχῆ.
1775 2375 1894 2426 Τῶν

254 2455 349 2527 μὶν
381 2454 474 2507 οὗν
507 2454 722 2527 ἀγαθῶν
774 2452 1028 2510 ἀδύνατον
1067 2476 1079 2488 ⁸
1131 2455 1383 2533 οὐδὲγὰρ
1437 2459 1620 2533 ἰατρὸς
1651 2461 1698 2496 ⁸ο
1736 2460 1771 2529 ἢ
1811 2481 1898 2516 τε·

252 2549 453 2619 χνιτῶν
487 2543 656 2606 ἄλλος
685 2549 763 2617 τῷ
801 2547 1173 2620 ἁμαρτήσαντι
1214 2545 1404 2602 δίδωσι
1445 2551 1729 2623 φάρμακον
1762 2549 1902 2606 ὥστε

252 2633 420 2689 πλέον
451 2633 842 2710 ἐξαμαρτῆσαι,
879 2637 953 2708 μὴ
988 2635 1070 2690 ὅτι
1109 2658 1171 2713 γε
1201 2637 1352 2700 Θεός.
1396 2639 1651 2694 Λείπεται
1695 2639 1759 2709 δὴ
1793 2644 1899 2694 τῶν

250 2728 458 2780 κακῶν.
512 2723 685 2780 Ἀλλὰ
745 2725 853 2796 μὴν
901 2726 1116 2800 ὁρῶμεν
1176 2727 1249 2788 ὡς
1306 2733 1422 2782 κατ’
1480 2727 1656 2803 ἀρχὰς
1715 2730 1742 2783 ὁ
1807 2730 1902 2802 μὶν

251 2814 391 2868 Κάϊν
438 2813 816 2887 περικείμενος
860 2818 1022 2870 τοῦτο
1062 2816 1125 2870 τὸ
1175 2821 1336 2890 σῶμα
1383 2817 1662 2896 ἐφόνευσεν
1691 2839 1704 2851 ο
1757 2819 1809 2872 οἱ
1859 2815 1905 2872 δ’

249 2903 441 2981 ’ἐφεξῆς
512 2905 645 2977 πρὸς
715 2904 777 2966 ἃς
852 2903 1267 2982 ἆθεμιτουργέας
1327 2905 1641 2979 ἐξώκειλαν,
1709 2905 1906 2978 δῆλον.

253 2990 390 3048 Οὐδὲ
421 2997 530 3048 τῶν
564 2997 744 3048 κακῶν
775 2991 874 3068 ἄρα
906 2991 1102 3068 δεσμὸς
1135 2995 1198 3049 τὸ
1236 3000 1414 3068 σῶμα.
1459 2994 1586 3051 Οὐδ’
1618 2997 1765 3058 ὅλως
1795 2995 1900 3073 ἄρα

253 3079 472 3156 δεσμὸς,
507 3081 626 3138 οὐδ’
674 3083 896 3160 ὕστερον
927 3083 1060 3140 αὐτὸ
1116 3085 1437 3163 ήμφιάσατο
1481 3087 1614 3160 μιτᾶ
1649 3089 1748 3158 τὴν
1791 3108 1897 3141 πα-

253 3165 478 3246 ράῦασιν
507 3173 542 3241 ἡ
576 3173 756 3248 ψυχή.

321 3353 445 3408 Ὀτι
504 3350 818 3428 ἄνθρωπος,
878 3352 1032 3427 φησὶ,
1093 3351 1304 3429 λέγεται
1359 3355 1699 3425 ἀληθέστατα
1764 3356 1902 3412 κατὰ

255 3443 410 3518 φύσιν
448 3442 495 3480 ⁸¹
530 3440 654 3498 οὕτε
702 3445 853 3517 ψυχὴ
910 3445 1086 3518 χωρὶς
1126 3445 1406 3517 σώματος,
1447 3444 1571 3502 οὔτε
1618 3447 1684 3501 αὗ
1733 3445 1898 3502 πάλιν

255 3536 413 3605 σῶμα
460 3531 640 3607 χωρὶς
687 3534 894 3606 ψυχῆς,
946 3531 1093 3587 ἀλλὰ
1137 3531 1199 3588 τό
1249 3532 1308 3588 ἐκ
1357 3535 1660 3597 συστάσεως
1714 3539 1900 3610 ψυχῆς

251 3619 342 3675 καὶ
388 3622 647 3693 σώματος
699 3621 775 3682 εἷς
830 3619 954 3694 μίαν
1006 3623 1103 3691 τὴν
1149 3627 1245 3677 106
1291 3622 1462 3678 καλοῦ
1516 3626 1730 3705 μορφὴν
1780 3646 1904 3679 συν-

250 3709 416 3765 τεθέν.
469 3711 527 3765 ⁸0
579 3707 624 3765 δ’
671 3713 716 3748 ⁸³
763 3711 1044 3786 Ὠριγένης
1101 3713 1200 3781 τήν
1259 3715 1444 3788 ψυχὴν
1501 3714 1672 3787 μόνην
1723 3712 1901 3788 ἔλεγεν

253 3797 565 3874 ἄνθρωπον,
601 3798 676 3862 ὡς
705 3800 732 3854 ὁ
776 3799 1029 3856 Πλάτων.

325 3891 445 3943 Ὅτι
505 3885 765 3966 διαφορὰν
822 3890 1112 3964 ἀνθρώπου
1167 3891 1258 3946 καὶ
1313 3895 1422 3946 τῶν
1491 3890 1679 3946 ἄλλων
1751 3892 1904 3961 ζώων

252 3977 386 4054 φησί
420 3996 433 4010 ο
467 3979 557 4032 καὶ
589 3983 705 4039 τοῖς
743 3979 834 4052 μὲν
867 3977 1099 4058 διάφορα
1131 3982 1398 4059 σχήματα
1439 3980 1649 4058 φύσεως
1691 3977 1907 4036 δέδοται

251 4067 346 4122 καὶ
401 4067 628 4146 μορφαὶ,
681 4069 881 4132 ὁπόσας
935 4071 970 4138 ἡ
1023 4071 1335 4144 στερέμνιος
1379 4070 1470 4125 καὶ
1531 4071 1700 4142 ὁρατή
1752 4069 1912 4148 φύσις

249 4155 576 4220 κελεύοντος
635 4157 890 4235 ἐγέννησε
945 4163 1099 4230 Θεοῦ,
1153 4164 1233 4232 τῷ
1303 4157 1359 4214 δὲ
1414 4161 1476 4214 τὸ
1535 4157 1766 4222 θεοειδὲς
1819 4153 1910 4215 καὶ

256 4247 565 4302 θεοείκελον
612 4247 704 4302 καὶ
756 4248 932 4305 πάντα
979 4251 1113 4324 πρὸς
1170 4249 1374 4321 ἐκείνην
1443 4245 1905 4325 ἀπηκριϐωμένον

250 4337 354 4405 τὴν
403 4340 764 4412 πρωτότυπον
815 4343 910 4394 106
957 4338 1168 4414 Πατρὸς
1226 4339 1316 4394 καὶ
1377 4347 1640 4416 μονογενῆ
1701 4339 1902 4398 εἰκόνα.

258 4427 356 4480 Καὶ
391 4431 511 4490 πῶς
536 4430 700 4482 τοῦτο
733 4426 880 4504 λέγει
913 4431 940 4484 ὁ
973 4422 1153 4506 ἅγιος,
1180 4427 1555 4486 ἐπισκεπτέον.

326 4607 445 4661 Ὅτι
479 4606 614 4680 φησὶ
664 4605 882 4662 Φειδίαν
930 4607 1022 4663 τὸν
1064 4607 1512 4683 αγαλματοποιὸν
1561 4610 1624 4665 τὸ
1676 4613 1899 4669 Πισαῖον

257 4692 490 4759 εἴδωλον
538 4699 838 4766 ποιήσαντα
867 4697 917 4770 ἐξ
969 4697 1258 4777 ἐλέφαντος
1283 4702 1328 4737 ⁸³
1367 4701 1662 4774 προστάξαι
1721 4696 1903 4756 ἔλαιον

253 4779 562 4859 ἔμπροσθεν
602 4789 700 4840 106
749 4785 1070 4863 ἀγάλματος
1099 4790 1146 4825 ⁸⁸
1189 4787 1422 4864 ἐκχέειν,
1464 4786 1604 4845 ὥστε
1651 4790 1907 4847 ἀθάνατον

249 4874 308 4938 ἐς
342 4873 570 4951 δύναμιν
600 4875 731 4932 αὐτὸ
758 4875 1119 4956 φυλάσσεσθαι
1152 4881 1216 4935 ⁸⁸.

327 4965 453 5021 ’Ότι
514 4967 698 5042 φησὶν,
755 4968 812 5022 Ὀ
869 4963 1129 5031 διάϐολός
1190 4966 1300 5023 ἐστι
1358 4974 1569 5044 πνεῦμα
1620 4972 1745 5046 περὶ
1810 4972 1910 5041 τήν

249 5053 399 5123 ὕλην
426 5055 714 5129 γενόμενον
767 5055 869 5111 ὑπὸ
908 5061 1006 5112 106
1055 5062 1215 5128 6206,
1246 5059 1487 5135 καθάπερ
1532 5058 1624 5114 καί
1677 5063 1912 5131 Ἀθηνα-

245 5141 392 5218 γόρᾳ
434 5141 660 5220 ὶλὲχθη,
697 5142 879 5220 ὥσπερ
931 5143 996 5216 δὴ
1031 5147 1122 5202 καὶ
1166 5148 1218 5201 οἱ
1270 5145 1460 5203 λοιποὶ
1506 5148 1782 5224 γεγόνασιν
1821 5149 1910 5203 ὑπ’

249 5230 426 5287 αὐτοῦ
454 5231 698 5308 ἄγγελοι,
755 5234 846 5290 καὶ
896 5235 997 5305 τήν
1037 5233 1125 5290 ἐπὶ
1172 5243 1240 5307 τῆ
1282 5234 1390 5312 ὕλῃ
1431 5239 1520 5293 καὶ
1565 5243 1682 5300 τοῖς
1729 5243 1831 5306 τῆς
1866 5237 1914 5274 ⁸⁸

339 5349 353 5390 ι
381 5349 597 5408 Thren.
631 5367 716 5414 ιιι.
749 5352 839 5412 34.

1999 1941 2238 1997 corpore
2265 1925 2502 1980 viveret.
2529 1927 2678 1990 Quin
2701 1929 2758 1980 et
2788 1925 2895 1979 hoc
2925 1940 3135 1995 corpus
3166 1923 3320 1994 quod
3355 1923 3653 1992 gestamus

1999 2031 2237 2074 causam
2260 2031 2388 2071 esse
2411 2023 2802 2085 peccatorum;
2829 2017 3130 2084 propterea
3151 2012 3328 2067 etiam
3351 2010 3651 2066 vinculum

2001 2105 2336 2179 appellavit,
2359 2109 2424 2160 ut
2443 2103 2597 2175 quod
2619 2104 2876 2159 animam
2901 2119 2934 2158 a
2955 2100 3124 2158 bonis
3145 2101 3420 2174 operibus
3450 2097 3652 2171 prohi-

2002 2195 2136 2252 bere
2168 2193 2371 2267 possit.

2075 2283 2238 2350 Quod
2276 2283 2325 2340 si
2362 2299 2574 2354 corpus
2623 2281 2834 2338 animae
2864 2285 2930 2338 ut
2958 2280 3258 2338 vinculum
3307 2277 3652 2350 copulatum

2005 2380 2094 2432 est
2124 2378 2256 2446 post
2285 2372 2843 2446 prevaricationem,
2891 2375 2990 2427 aut
3023 2371 3224 2426 datum
3257 2373 3341 2425 est
3369 2369 3656 2424 bonorum

2009 2469 2106 2522 aut
2158 2463 2444 2519 malorum
2493 2462 2722 2517 animm.
2778 2459 3142 2532 Impossibile
3190 2463 3280 2513 est
3321 2458 3649 2524 bonorum;

2010 2552 2210 2610 nullus
2224 2552 2380 2607 enim
2404 2551 2763 2606 medicorum
2779 2546 3446 2605 autartiﬁcumaliorum
3471 2543 3658 2616 porri-

2012 2642 2094 2714 git
2120 2641 2442 2697 remedium
2476 2639 2761 2712 peccanti,
2797 2643 2862 2693 ut
2900 2639 3031 2710 plus
3061 2641 3292 2709 peccet:
3328 2633 3506 2689 multo
3555 2632 3661 2686 mi-

2013 2748 2125 2788 nus
2155 2731 2330 2786 Deus.
2351 2729 2627 2799 Sequitur
2649 2744 2806 2799 ergo,
2834 2727 3161 2783 malorum:
3187 2723 3346 2793 atqui
3367 2722 3659 2791 videmus,

2017 2825 2082 2876 ut
2112 2820 2370 2892 primum
2401 2817 2539 2874 Cain
2573 2818 2678 2873 hoc
2711 2833 2948 2887 corpore
2991 2815 3230 2871 vestitus
3279 2810 3660 2868 homicidium

2017 2909 2255 2977 fecerit;
2290 2907 2508 2980 posteri
2536 2922 2668 2962 vero
2699 2907 2771 2961 ad
2803 2922 2930 2976 qua:
2977 2903 3197 2960 scelera
3226 2900 3486 2974 prolapsi
3516 2898 3657 2965 sint,

2009 2999 2388 3055 manifestum
2415 3003 2516 3052 est.
2540 2996 2690 3067 Ergo
2712 3011 2922 3066 corpus
2952 3010 3070 3050 non
3092 2996 3182 3048 est
3201 2989 3503 3047 vinculum
3534 3002 3660 3042 ma-

2007 3087 2222 3154 lorum,
2255 3103 2362 3143 nec
2395 3084 2583 3141 ullum
2633 3086 2865 3156 penitus
2902 3081 3204 3138 vinculum
3248 3085 3367 3148 [aut
3415 3075 3660 3148 carcer],

1928 3160 1972 3227 θ
2010 3195 2115 3235 nec
2147 3177 2293 3234 illud
2321 3176 2523 3232 anima
2555 3179 2684 3246 post
2714 3173 3249 3246 pravaricationem
3285 3169 3545 3241 primum
3577 3165 3666 3222 in-

2010 3269 2155 3325 duit.

2084 3359 2285 3425 Homo,
2318 3356 2534 3429 inquit,
2565 3355 2890 3412 secundum
2924 3355 3216 3416 naturam,
3245 3348 3459 3404 dicitur
3486 3344 3667 3404 veris-

2012 3447 2159 3503 sime
2194 3463 2376 3518 neque
2405 3447 2598 3502 anima
2629 3444 2754 3501 sine
2783 3457 3040 3513 corpore,
3074 3454 3261 3510 neque
3290 3452 3504 3509 corpus
3534 3436 3661 3492 sine

2013 3537 2230 3605 anima,
2255 3539 2353 3592 sed
2376 3536 2518 3591 illud
2547 3535 2700 3606 quod
2731 3549 2798 3589 ex
2829 3531 3028 3587 anima
3049 3533 3105 3585 et
3126 3543 3368 3599 corpore
3395 3526 3456 3580 in
3481 3539 3660 3580 uuam

2012 3628 2466 3698 pulchritudinis
2497 3628 2746 3683 formam
2775 3623 3164 3694 componitur.
3198 3619 3475 3691 Origenes
3505 3632 3661 3686 vero,

2014 3722 2077 3774 ut
2098 3719 2276 3788 Plato,
2302 3717 2487 3774 solam
2509 3716 2769 3772 animam
2791 3713 2938 3768 dixit
2961 3710 3313 3767 constituere
3335 3706 3658 3762 hominem.

2089 3895 2479 3952 Dill‘erentiam
2509 3895 2659 3950 inter
2698 3890 2998 3947 hominem
3046 3893 3102 3945 et
3146 3891 3350 3944 caetera
3389 3883 3666 3942 animalia

2017 3999 2143 4040 esse
2197 3985 2373 4040 dicit:
2409 3983 2760 4040 animalibus
2821 3980 2990 4035 variae
3047 3977 3272 4050 species
3318 3983 3375 4032 et
3421 3975 3661 4030 diversae

2019 4073 2217 4129 forma:I
2249 4073 2396 4129 datae
2425 4077 2584 4141 sunt,
2616 4077 2864 4142 quantas
2905 4068 3184 4124 nimirum
3216 4065 3406 4122 valida
3436 4067 3495 4119 et
3520 4061 3666 4118 visi-

2018 4161 2154 4218 bilis
2212 4167 2420 4218 natura
2468 4164 2582 4217 Deo
2631 4160 2871 4232 iubente
2915 4157 3226 4228 produxit;
3259 4153 3483 4211 homini
3532 4167 3664 4208 vero

2022 4253 2226 4307 datum
2258 4256 2347 4308 est
2377 4255 2438 4307 ut
2468 4255 2624 4307 esset
2671 4249 2881 4305 similis
2925 4250 3061 4316 Deo,
3098 4245 3311 4317 Deique
3359 4244 3577 4308 formas,
3609 4247 3667 4298 et

2015 4344 2212 4400 omnia
2243 4360 2369 4416 quae
2401 4343 2475 4399 ad
2508 4341 2818 4414 perfectam
2851 4344 2908 4397 et
2939 4338 3347 4410 primigeniam
3385 4333 3576 4389 Patris
3606 4336 3664 4388 et

2017 4435 2145 4492 Filii
2185 4435 2466 4508 unigeniti
2499 4433 2817 4507 imaginem
2865 4434 3149 4504 spectant.
3184 4428 3250 4484 Et
3279 4444 3394 4498 qua
3437 4425 3664 4482 ratione

1934 4489 1982 4556 D
2153 4489 2512 4599 [dat't‘ijmsit]
2544 4489 2784 4580 sagatus
2815 4489 3417 4592 aibinvestigandum.

2085 4616 2273 4672 ποστ)
2304 4615 2570 4671 Phidiam
2605 4613 2952 4670 statuarium
2984 4610 3086 4678 ait,
3119 4625 3249 4665 cum
3282 4607 3525 4664 Pisaeam
3553 4612 3665 4662 sta-

2015 4712 2169 4761 tuam
2203 4723 2270 4761 ex
2299 4706 2473 4761 ebore
2522 4704 2852 4770 formasset,
2885 4702 3208 4774 imperasse
3237 4705 3299 4752 ut
3329 4697 3523 4754 oleum
3567 4695 3662 4750 in-

2013 4798 2196 4852 terius
2234 4795 2497 4851 infusum
2543 4810 2778 4866 semper
2824 4808 2894 4847 ex
2943 4794 3138 4846 statua
3181 4787 3568 4859 promanaret,
3600 4790 3664 4838 ut

2015 4885 2103 4940 illi
2133 4884 2527 4941 immortalem
2557 4883 2671 4940 vim
2704 4883 2815 4938 hoc
2848 4881 3021 4937 modo
3051 4877 3410 4935 conciliaret.

2093 4975 2387 5045 Diabolus,
2418 4975 2632 5046 inquit,
2661 4978 2753 5029 est
2782 4973 3048 5044 spiritus,
3081 4971 3237 5026 circa
3274 4963 3599 5031 materiam,
3631 4978 3664 5017 a

2017 5065 2134 5121 Deo
2184 5066 2389 5134 factus,
2444 5071 2507 5120 ut
2553 5068 2610 5120 et
2656 5063 3036 5134 Athenagora
3092 5057 3313 5132 placuit
3357 5053 3666 5128 (quemad-

2020 5153 2257 5208 modum
2289 5157 2346 5208 et
2375 5149 2584 5223 reliqui
2618 5149 2806 5220 angeli
2838 5149 2910 5204 ab
2941 5147 3144 5203 eodem
3177 5146 3291 5200 Deo
3319 5142 3450 5200 facti
3481 5139 3664 5211 sunt),

2021 5241 2115 5296 cui
2165 5241 2407 5297 materia
2436 5247 2490 5296 et
2519 5254 2644 5310 quae
2677 5239 2750 5294 ad
2781 5236 3036 5293 materiae
3087 5235 3305 5291 formas
3353 5229 3666 5304 pertinent,

1631 5461 1875 5518 VARle
1916 5464 2304 5520 LECTIONES

338 5574 382 5610 ⁵⁷
414 5575 448 5664 ᾖ
481 5592 598 5633 omo
631 5578 698 5632 Αο
801 5576 848 5611 ⁵⁸
887 5577 959 5650 ψυ
1008 5575 1070 5670 ὂξς
1119 5577 1209 5668 κςιὶ
1257 5575 1402 5654 παρὰ
1618 5581 1662 5616 ⁵⁹
1689 5577 1980 5654 ἀσώματον
2029 5583 2120 5635 ΑΒ
2156 5578 2531 5665 εφάσωμάτως

343 5647 610 5727 ηθεστάῖα
829 5647 878 5684 ⁶²
909 5649 937 5702 ὁ
1114 5645 1227 5704 ουδ’
1274 5653 1342 5708 Α.
1463 5650 1488 5686 ³
1516 5647 1811 5727 ἐλεφάντου
2028 5651 2076 5687 ⁶⁴
2119 5671 2216 5706 του
2260 5649 2470 5726 ἀγάλμ.
2525 5648 2644 5727 ἐκχὲ

1585 5672 1811 5732 εφαντου
1843 5672 1883 5727 5
1912 5694 1925 5709 ο

255 5645 610 5722 ᾀληθέστατα
640 5647 724 5722 ς’.
829 5647 878 5684 ⁶²

1048 5649 1065 5722 ]
1114 5645 1227 5704 οὐδ’
1274 5645 1342 5708 Ai

259 5719 311 5756 ⁸⁸
343 5725 442 5789 τῆς
473 5721 609 5780 add.
640 5719 706 5778 Ᾰ.

2750 5577 2798 5651 εἶθ
2828 5577 3027 5651 ἷατρῶν
3062 5575 3168 5651 ςε-
3247 5574 3294 5651 θξ
3331 5569 3666 5651 ⁸κοιτᾶιιφόσιν

2028 5651 2076 5687 ⁶⁴
2119 5654 2216 5706 τοῦ
2260 5643 2470 5726 ἀγάλμ.
2525 5643 2732 5727 ἐκὶὲιιν
2765 5643 2930 5724 ἔμπρξ
2964 5655 3022 5704 Β.
3077 5643 3174 5682 ’δῖ’
3203 5643 3564 5723 φυλάττεσθαι
3607 5649 3668 5701 Β.
