4100 6242
399 341 540 398 1111

1590 329 1852 392 ΡΗΟἸΊΙ
1900 327 2431 389 PATRIARCFLE
2474 330 2592 390 ΟΡ.

3649 334 3810 391 1112

397 470 833 529 administratio
866 468 1181 523 commissa
1220 470 1323 521 est.
1367 467 1449 521 Ad
1489 466 1592 520 hoc
1636 466 1789 520 enim
1844 464 2031 535 angeli

2164 460 2286 532 ίλης
2335 460 2497 517 εἴδεσι
2538 483 2965 535 πεπιστευμενον
3017 460 3306 534 διοίκησιν.
3358 464 3583 519 Τούτων
3614 467 3663 503 σί
3708 467 3811 541 γάρ

397 561 573 617 creati
604 578 637 615 a
673 562 802 627 Deo,
838 564 901 611 ut
935 557 1105 610 rebus
1138 556 1206 609 ab
1241 556 1365 625 ipso
1415 555 1633 609 effectis
1686 559 2037 625 praeessent:

398 644 642 705 ut’Deus
672 648 907 718 quidem
940 662 1309 700 communem
1334 651 1390 700 et
1421 644 1747 715 generalem
1776 644 2041 698 omnium

395 738 818 811 providentiam
862 752 1089 806 gerens,
1125 752 1239 806 qua
1271 751 1460 790 rerum
1495 735 1751 789 omnium
1788 739 2041 804 potestas

392 832 450 883 et
498 826 811 898 imperium
842 826 911 880 ab
944 826 1071 895 ipso
1122 827 1351 896 pendet.
1386 825 1613 895 Reliqui
1663 840 1796 879 vero
1851 823 2039 893 angeli

391 917 449 973 in
483 915 556 971 iis
588 914 795 969 officiis
826 915 896 969 ad
940 930 1066 984 quae
1120 913 1247 968 illos
1294 919 1443 969 Deus
1494 914 1643 978 fecit,
1680 917 1734 968 et
1766 912 2039 983 praefecit,

394 1020 690 1059 mansere:
712 1004 979 1059 diabolus
998 1020 1128 1059 vero
1149 1004 1480 1075 arrogantia
1497 1004 1703 1071 elatus,
1718 1008 1772 1057 et
1790 1002 1847 1055 in
1868 1000 2039 1056 rebus

394 1112 514 1151 suae
535 1096 667 1149 ﬁdei
694 1094 1048 1160 commissis,
1069 1094 1289 1149 invidia
1310 1095 1588 1149 adversus
1612 1109 1716 1148 nos
1739 1096 2037 1162 concepta,

393 1186 650 1256 perfidus
685 1186 872 1240 factus
894 1190 997 1240 est.
1025 1185 1522 1249 Quemadmodum
1546 1192 1597 1239 et
1621 1183 1683 1249 ii,
1710 1184 1810 1255 qui
1844 1188 2041 1254 postea

394 1292 701 1345 corporum
736 1291 929 1330 amore
960 1274 1131 1345 capti,
1166 1291 1297 1329 cum
1330 1272 1566 1329 filiabus
1598 1273 1904 1329 hominum
1938 1290 2040 1344 per

393 1381 652 1421 amorem
684 1369 825 1419 sunt
858 1364 1182 1435 congressi.
1219 1363 1363 1417 Nam
1397 1367 1453 1417 et
1482 1363 1626 1434 ipsis
1658 1368 1833 1432 Deus,
1870 1365 1952 1417 uti
1984 1367 2063 1417 et-

392 1453 749 1521 hominibus,
785 1452 1033 1507 liberum
1084 1452 1241 1507 dedit
1290 1452 1382 1521 [ad
1425 1451 1638 1507 bonum
1692 1451 2036 1523 eligendum,

392 1547 493 1600 aut
521 1542 763 1612 malum]
797 1542 1129 1597 arbitrium.

467 1807 537 1861 Et
567 1824 667 1879 per
698 1806 967 1879 pelliceas
1008 1807 1234 1863 tunicas
1287 1812 1532 1863 mortem
1584 1806 1872 1877 intelligit.
1907 1807 2044 1863 Nar—
2076 1797 2124 1862 Β

397 1903 487 1953 rat
528 1898 684 1953 enim
716 1897 784 1951 de
816 1898 995 1951 Adam
1028 1923 1037 1949 :
1074 1914 1245 1967 quem
1298 1897 1449 1951 Deus
1498 1898 1860 1967 omnipotens
1909 1913 2041 1951 cum

396 1987 788 2042 immortalem
838 1988 1080 2052 fecisset,
1118 1988 1307 2042 sciens
1353 2004 1482 2041 eum
1518 2004 1582 2040 ex
1630 1987 1859 2042 insidiis
1906 1988 2048 2058 [dia-

397 2076 537 2145 boli]
571 2076 780 2130 malum
814 2077 1053 2140 factum,
1087 2076 1167 2129 uti
1202 2080 1260 2131 et
1290 2076 1386 2130 ille
1434 2082 1559 2130 erat
1607 2078 1705 2146 qui
1761 2094 1893 2132 eum
1947 2078 2047 2131 de-

402 2169 656 2233 ceperat,
708 2163 981 2218 diabolus
1041 2170 1344 2235 propterea
1397 2163 1478 2219 illi
1534 2165 1803 2236 pelliceas
1859 2172 2047 2222 vestes

405 2251 793 2319 concinnavit,
818 2254 981 2323 quasi
1005 2252 1172 2308 illum
1196 2254 1445 2310 induens
1479 2256 1841 2323 mortalitate,
1868 2265 1926 2312 ut
1951 2272 2051 2326 per

406 2340 667 2411 corporis
697 2341 1042 2398 solutionem
1072 2359 1241 2401 omne
1283 2346 1433 2416 quod
1468 2345 1527 2401 in
1560 2362 1625 2401 eo
1660 2346 1875 2401 malum
1909 2352 2049 2414 erat,

405 2438 737 2485 moreretur.

476 2520 689 2575 Sancto
722 2520 897 2576 Paulo
930 2522 1098 2578 binas
1129 2523 1513 2580 revelationes
1540 2525 1848 2594 contigisse
1879 2525 2051 2582 dicit:

406 2624 593 2678 neque
626 2610 781 2664 enim
816 2614 1153 2681 Apostolus,
1187 2613 1395 2683 inquit,
1428 2616 1763 2685 paradisum
1797 2615 1853 2669 in
1888 2615 2055 2671 tertio

404 2699 547 2754 ccelo
581 2698 847 2768 collocat,
885 2702 970 2756 uti
1004 2708 1223 2758 norunt
1277 2705 1376 2775 qui
1427 2704 1663 2759 subtilia
1708 2707 1835 2776 ejus
1885 2706 2056 2760 verba

406 2788 901 2860 animadvertunt,
928 2794 1158 2861 quando
1191 2794 1367 2848 dicit:
1402 2792 1523 2849 Scio
1553 2794 1829 2850 hominem
1863 2796 2055 2865 hujus-

407 2878 555 2933 modi
602 2884 825 2949 raptum
873 2897 1045 2951 usque
1074 2882 1143 2935 ad
1185 2882 1409 2937 tertium
1458 2882 1659 2937 rwlum
1700 2898 1768 2938 ω.
1805 2885 1905 2940 Et:
1941 2884 2060 2940 Scio

409 2968 725 3037 hujusmodz'
800 2970 1094 3039 hominem,
1154 2974 1266 3027 sive
1317 2975 1375 3026 in
1434 2988 1674 3044 corpore.
1731 2976 1843 3029 sive
1898 2985 2056 3029 extra

409 3072 624 3126 corpus,
650 3057 786 3111 Deus
806 3059 912 3112 scit
928 3075 949 3121 ;
970 3061 1228 3129 quoniam
1252 3065 1442 3131 raptus
1464 3071 1541 3116 est
1565 3064 1621 3117 in
1641 3062 1967 3133 paradisum
2007 3079 2053 3117 η.

2152 554 2185 619 ἡ
2229 554 2356 624 [τῶν
2408 552 2676 627 ἀγγέλων]
2729 554 2975 614 σύστασις
3008 558 3086 624 τῷ
3136 558 3250 625 Θεῷ
3300 553 3389 607 ἐπὶ
3432 558 3675 628 προνοίᾳ
3728 577 3813 632 γε.

2152 643 2361 715 γονὲναι
2402 643 2449 678 ⁶δ
2506 649 2621 703 τοῖς
2688 643 2775 696 ὑπ’
2843 642 3009 698 αὐτοῦ
3094 641 3657 717 διακεκοσμημένοις,
3720 644 3811 699 ’ἕνα

2151 732 2247 799 τὴν
2313 731 2406 801 μὲν
2469 730 2799 801 παντελικὴν
2856 735 2944 787 καὶ
3002 735 3223 809 γενικὴν
3263 735 3310 769 σε
3367 735 3395 788 ὁ
3464 735 3600 796 Θεὸς
3665 734 3810 809 ἔχων

2149 825 2252 873 τῶν
2284 818 2432 873 ὅλων
2482 822 2737 895 πρόνοιαν
2853 822 2913 875 τὸ
2944 826 3110 896 κῦρος
3143 825 3232 876 καὶ
3282 823 3342 877 τὸ
3376 822 3579 896 κράτος
3633 824 3811 878 ἀπάν-

2148 930 2256 963 των
2296 911 2461 972 αὐτὸς
2492 910 2886 985 ἀνηρτημένος.
2942 909 3098 967 Ἀλλ’
3142 913 3193 965 οἱ
3228 913 3323 985 μὲν
3367 910 3583 981 λοιποὶ,
3620 912 3706 991 ἐφ’
3737 915 3809 968 ὧν

2150 999 2344 1062 αὐτοὺς
2373 1002 2418 1036 ’λθ
2473 999 2701 1071 ἐποίησε
2760 1002 2849 1055 καὶ
2910 998 3184 1072 διετάξατο
3244 1004 3271 1055 6
3329 1002 3484 1072 Θεὸς,
3537 997 3760 1075 ἔμειναν
3797 1022 3809 1033 ·

2148 1088 2307 1148 αὐτὸς
2342 1087 2397 1143 δὲ
2450 1085 2691 1165 ἐνύϐρισε
2740 1090 2829 1144 καὶ
2879 1091 3123 1164 πονηρὸς
3170 1091 3292 1164 περὶ
3334 1093 3436 1160 τήν
3494 1097 3612 1146 τῶν
3656 1112 3812 1146 πεπι-

2147 1179 2455 1251 στευμένων
2540 1178 2748 1255 ἐγένετο
2836 1177 3131 1252 διοίκησιν⁹
3202 1181 3391 1256 φθόνον
3480 1181 3815 1257 ἐγκισσήσας

2147 1271 2261 1323 καθ’
2311 1272 2495 1341 ἡμῶν,
2546 1268 2726 1345 ὥσπερ
2777 1270 2869 1326 καὶ
2920 1272 2970 1325 οἱ
3034 1272 3169 1343 μετὰ
3208 1276 3373 1325 ταῦτα
3423 1278 3649 1345 σαρκῶν
3702 1271 3815 1347 ἐρα·

2148 1358 2357 1418 σθὲντες
2409 1361 2533 1432 [909
2591 1362 2683 1431 R.]
2716 1360 2804 1414 καὶ
2853 1366 2975 1422 ταῖς
3022 1365 3133 1415 τῶν
3184 1360 3487 1435 ἀνθρώπων
3530 1360 3611 1423 εἲς
3657 1360 3817 1439 φιλο²

2147 1446 2337 1516 τησίαν
2381 1446 2749 1517 ὁμιλήσαντες
2799 1449 3146 1524 θυγατράσιν.
3180 1448 3511 1523 Αὐθαίρετον
3563 1451 3677 1523 γάρ
3732 1450 3818 1503 καὶ

2148 1536 2331 1598 αὐτοῖς
2392 1531 2539 1611 ἔχειν
2598 1538 2734 1611 πρὸς
2816 1538 3041 1613 ἑκάτερα
3100 1536 3378 1607 διετάξατο
3461 1538 3741 1613 βούλησιν
3792 1539 3817 1592 6

2147 1627 2297 1694 Θεὸς,
2340 1627 2437 1680 οἷα
2488 1628 2579 1680 καὶ
2640 1625 2725 1681 ἐπὶ
2784 1631 2892 1682 τῶν
2955 1629 3278 1702 ἀνθρώπων.
3312 1628 3412 1682 Καὶ
3470 1633 3594 1689 πῶς
3657 1632 3817 1682 τοῦτο

2144 1713 2381 1783 ληπτέον
2411 1733 2423 1782 ;

2226 1806 2349 1861 ’Ὁτι
2398 1802 2751 1876 δερματίνους
2810 1809 3050 1879 χιτῶνας
3094 1808 3187 1861 τὸν
3237 1806 3459 1861 θάνατόν
3494 1827 3659 1877 φησι.
3720 1806 3819 1860 .κὲ-

2154 1915 2237 1970 γει
2287 1894 2389 1970 γὰρ
2440 1895 2563 1968 περὶ
2610 1900 2706 1949 τοῦ
2757 1893 2958 1968 Ἀδὰμ,
2998 1896 3056 1950 ’ὸν
3103 1897 3131 1950 6
3173 1898 3303 1956 Θεὸς
3351 1897 3377 1949 6
3418 1896 3818 1970 παντοκράτωρ

2158 1984 2416 2039 ἀθάνατον
2481 1985 2643 2037 κακὸν
2720 1984 2768 2057 ἐξ
2846 1981 3149 2054 ἐπιϐουλῆς
3228 1982 3358 2039 ἰδὼν
3429 1986 3822 2061 γεγενημένον,

2157 2076 2279 2146 [481
2324 2077 2417 2146 3.]
2466 2075 2707 2149 καθάπερ
2770 2075 2857 2129 καὶ
2909 2076 2936 2128 6
2994 2073 3274 2144 πλανήσας
3333 2076 3498 2129 αὐτὸν
3552 2070 3824 2137 διάϐολος

2156 2164 2241 2231 ἦν,
2274 2164 2399 2224 τοὺς
2455 2160 2812 2238 δερματίνους
2866 2168 3103 2237 χιτῶνας
3154 2162 3243 2218 διὰ
3287 2168 3450 2219 τοῦτο
3502 2162 3827 2218 κατεσκεύα-

2161 2274 2267 2321 σεν,
2304 2253 2475 2307 οἱονεὶ
2508 2255 2798 2327 νεκρότητι
2837 2249 3153 2328 περιϐαλὼν
3190 2253 3371 2322 αὐτὸν,
3406 2254 3559 2316 ὅπως
3603 2251 3697 2307 διὰ
3726 2254 3827 2320 τῆς

2161 2341 2372 2404 λύσεως
2430 2347 2527 2399 τοῦ
2596 2344 2851 2417 σώματος
2915 2348 3016 2398 πᾶν
3071 2344 3134 2399 τὸ
3182 2344 3233 2398 ἐν
3292 2342 3437 2415 αὐτῷ
3495 2346 3759 2418 γεννηθὲν
3785 2347 3825 2380 τί

2161 2434 2323 2486 κακὸν
2354 2434 2399 2469 ⁷³
2426 2432 2695 2508 ἀποθάνῃ.

2233 2524 2356 2579 Ὅτι
2420 2523 2515 2577 δύο
2577 2522 2948 2597 ἀποκαλύψεις
3007 2530 3139 2597 φησί
3200 2526 3469 2599 γεγονεναι
3539 2528 3623 2595 τῷ
3688 2524 3827 2597 άγίῳ

2165 2611 2390 2684 Παύλῳ.
2429 2612 2578 2687 Λέγει
2611 2614 2737 2688 γὰρ,
2772 2612 2930 2669 Ἀλλ’
2962 2616 3006 2649 ’⁷³
3048 2612 3177 2668 οὐδὲ
3218 2614 3244 2667 6
3287 2611 3637 2674 Ἀπόστολος
3693 2615 3827 2667 ὑπο-

2164 2702 2361 2757 τίθεται
2413 2703 2545 2756 εἶναι
2601 2704 2693 2757 τὸν
2750 2701 3079 2777 παράδεισον
3138 2703 3188 2757 ἐν
3244 2708 3325 2774 τῷ
3378 2702 3552 2775 τρίτῳ
3614 2703 3829 2776 οὖρανῷ

2164 2799 2282 2857 τοῖς
2334 2790 2546 2847 λεπτῶν
2605 2794 2898 2867 ἀκροᾶσθαι
2958 2793 3138 2866 λόγων
3212 2792 3621 2864 ἐπισταμένοις.
3685 2789 3827 2849 Οἶδα

2166 2884 2265 2957 γάρ
2346 2884 2435 2936 τὸν
2518 2887 2763 2937 τοιοῦτον
2833 2883 3134 2958 ἁρπαγέντα
3196 2878 3301 2943 ἕως
3390 2880 3578 2955 τρίτου
3658 2881 3825 2952 06,91-

2167 2976 2280 3041 νοῦ,
2337 2972 2514 3045 λέγων
2562 2993 2574 3007 ·
2624 2974 2709 3027 καὶ
2764 2970 2882 3027 οῖδα
2927 2974 3019 3027 τὸν
3066 2976 3315 3027 τοιοῦτον
3366 2970 3664 3043 ἄνθρωπον,
3712 2968 3825 3023 εἴτε

2168 3059 2219 3114 ἐν
2262 3061 2473 3132 σώματι
2506 3062 2551 3096 ’Μ
2599 3058 2706 3115 εἴτε
2750 3062 2925 3136 χωρὶς
2968 3065 3070 3116 τοῦ
3104 3060 3379 3133 σώματος,
3414 3061 3442 3113 ὁ
3485 3060 3615 3119 Θεὸς
3650 3055 3824 3126 οἶδεν,

410 3144 567 3199 Duas
624 3144 881 3201 illustres
932 3148 1305 3205 revelationes
1356 3166 1414 3205 se
1462 3151 1678 3206 vidisse
1725 3152 2050 3223 significat:

2164 3148 2246 3203 ὅτι
2306 3150 2531 3225 ἡρπάγη
2587 3150 2662 3213 εἷς
2712 3150 2801 3204 τὸν
2861 3147 3210 3224 παράδεισον,
3273 3145 3369 3202 δύο
3439 3146 3826 3220 ἄποκαλῦψεις

410 3232 501 3287 bis
536 3233 839 3289 manifeste
862 3241 1063 3306 raptus
1092 3252 1104 3303 ;
1140 3239 1318 3293 semel
1352 3240 1586 3310 quidem
1617 3258 1800 3312 usque
1830 3243 1900 3296 ad
1936 3248 2051 3297 ter-

409 3320 555 3375 tium
575 3322 780 3377 caelum
806 3323 1007 3393 [semel
1028 3332 1221 3381 autem
1242 3328 1296 3380 in
1325 3330 1677 3397 paradisum.
1699 3331 1843 3385 Illud
1862 3332 2048 3387 enim:

408 3408 530 3464 Scio
580 3416 798 3482 raptum
857 3413 1178 3480 hujusmodi
1228 3432 1393 3487 usque
1438 3419 1510 3473 ad
1555 3421 1780 3475 tertium
1837 3423 2053 3493 cazlum]

408 3499 639 3570 proprie
671 3500 959 3569 significat
990 3502 1070 3556 illi
1106 3506 1525 3576 apparitionem
1560 3509 1768 3565 factam
1793 3511 1849 3564 in
1884 3514 2056 3567 tertio

406 3585 573 3643 caelo.
618 3587 761 3643 Illud
814 3605 984 3646 vero:
1018 3592 1140 3648 Scio
1194 3611 1413 3651 rursum
1466 3602 1681 3669 raptum
1740 3601 2059 3671 hujusmodi

407 3676 701 3746 hominem,
737 3680 928 3735 294a
958 3683 1071 3736 sive
1112 3686 1167 3737 in
1208 3701 1435 3757 corpore
1476 3690 1587 3742 sive
1636 3696 1794 3744 extra
1841 3707 2053 3762 corpus,

404 3766 546 3821 Deus
591 3766 715 3834 scit,
750 3773 1015 3838 quoniam
1063 3776 1253 3843 raptus
1301 3779 1375 3829 est
1421 3779 1475 3831 in
1516 3778 1877 3848 paradisum:
1915 3782 2054 3836 alte-

408 3871 533 3910 ram
567 3873 799 3913 rursum
833 3860 1250 3931 apparilionem
1286 3865 1394 3919 sibi
1428 3866 1636 3921 factam
1681 3868 1737 3923 in
1784 3869 2056 3940 paradiso

406 3945 679 4002 ostendit.
715 3946 844 4002 Haec
875 3960 1067 4004 autem
1101 3968 1167 4007 eo
1199 3952 1337 4007 dicit
1359 3957 1510 4024 quod
1536 3959 1891 4013 contrarium
1923 3976 2053 4014 sen-

407 4032 619 4089 tientes
652 4036 987 4104 paradisum
1020 4043 1247 4095 tantum
1281 4043 1644 4111 spiritualem
1680 4052 1958 4116 ponerent
1988 4064 2056 4103 ex

405 4122 720 4193 apostolico
751 4124 926 4191 dicto,
960 4127 1116 4183 velut
1148 4131 1247 4200 qui
1301 4149 1481 4204 supra
1530 4134 1739 4191 coelum
1787 4141 1957 4207 esset,
1990 4141 2056 4192 ut

405 4209 541 4266 inde
572 4212 989 4271 concluderent
1012 4217 1137 4273 sine
1162 4235 1396 4291 corpore
1430 4222 1677 4279 futuram
1700 4224 1756 4279 in
1782 4225 2054 4296 paradiso

406 4299 608 4356 vitam.

481 4482 657 4539 Docet
687 4486 863 4541 etiam
897 4486 1117 4543 malum
1172 4490 1355 4546 facere
1400 4496 1501 4547 aut
1532 4509 1644 4548 non
1699 4494 1883 4549 facere
1928 4512 2057 4553 esse

410 4569 468 4626 in
502 4579 699 4628 nostra
731 4580 1039 4645 potestate,
1074 4579 1211 4649 quia
1260 4597 1373 4635 non
1419 4583 1806 4649 penderemus
1856 4600 2055 4655 pmnas

411 4662 480 4718 de
542 4663 714 4719 malis
771 4668 1008 4736 coactis,
1061 4673 1160 4723 aut
1218 4670 1456 4741 praemia
1516 4673 1902 4742 reciperemus
1959 4691 2061 4745 pro

411 4753 751 4810 benefactis.
788 4756 897 4811 Sed
933 4760 1186 4830 cogitare
1218 4760 1305 4816 vel
1341 4779 1453 4817 non
1502 4762 1753 4833 cogitare
1786 4764 1958 4833 mala,
2006 4766 2062 4821 in

409 4848 613 4899 nostra
674 4850 953 4916 potestate
1016 4865 1131 4904 non
1193 4855 1299 4906 est.
1359 4851 1506 4905 Hinc
1564 4852 1758 4907 divum
1819 4852 2061 4908 Paulum

410 4935 490 4988 ait
548 4935 783 4991 dicere:
832 4937 947 4991 Non
1010 4938 1149 5009 quod
1204 4941 1325 4995 volo
1382 4941 1480 4995 hoc
1535 4940 1725 5012 frtrio;
1774 4946 1866 4997 scd
1925 4944 2065 5014 quod

405 5025 555 5093 nolo,
602 5025 699 5081 hoc
746 5026 891 5095 facio
958 5042 1003 5095 ο,
1052 5029 1161 5083 boc
1204 5039 1307 5098 est,
1355 5030 1476 5085 Non
1530 5033 1682 5100 quod
1734 5032 1862 5086 volo
1908 5034 2067 5104 cogi-

406 5114 554 5178 tare,
615 5114 723 5170 hoc
784 5118 965 5181 cogito
1003 5136 1015 5185 ;
1060 5119 1161 5173 sed
1216 5121 1368 5190 quod
1430 5120 1582 5176 nolo.
1640 5124 1816 5175 Porro
1873 5122 2068 5176 eradi-

407 5207 597 5255 catum
647 5220 775 5261 esse
828 5207 1032 5261 vitium
1089 5208 1241 5264 mala
1295 5210 1609 5281 cogitandi,
1658 5211 1914 5265 affirmat
1966 5229 2068 5281 per

477 5326 515 5351 ιη
545 5315 587 5368 ΙΙ
621 5318 744 5373 Cor.
780 5337 880 5387 xu,
915 5326 966 5375 2.
1030 5338 1053 5362 ιι
1086 5324 1227 5379 Ibid.
1258 5326 1309 5378 3.
1371 5338 1394 5364 ο
1427 5327 1588 5381 Rom.
1623 5344 1718 5396 vn,
1755 5328 1837 5381 15.

2167 3239 2408 3315 μεγάλας
2454 3241 2744 3315 ἑωρακέναι
2799 3239 3015 3313 μηνύει,
3061 3237 3142 3301 δὶς
3182 3237 3519 3315 ἀναληφθεὶς
3558 3236 3828 3311 ἐναργῶς,

2165 3330 2300 3399 ἅπαξ
2336 3330 2430 3400 μὲν
2460 3327 2564 3391 ἓως
2612 3328 2797 3392 τρίτου
2847 3327 3098 3402 οὐρανοῦ,
3134 3328 3265 3396 ἅπαξ
3304 3323 3348 3380 δ’
3400 3326 3474 3386 εἰς
3515 3326 3607 3380 τὸν
3643 3327 3822 3399 παρά-

2167 3417 2363 3474 δεισον.
2408 3419 2481 3473 Τὸ
2530 3418 2634 3493 γάρ
2676 3442 2689 3452 ·
2744 3416 2878 3475 Οἶδα
2928 3415 3227 3491 ἁρπαγέντα
3276 3417 3367 3470 τὸν
3413 3418 3669 3469 τοιοῦτον
3714 3411 3824 3476 ἓως

2164 3508 2354 3581 τρίτου
2414 3508 2667 3582 οὐρανοῦ,
2732 3504 2885 3568 ἰδίως
2944 3504 3291 3577 ἀποκάλυψιν
3338 3502 3487 3575 αὗτῷ
3539 3504 3683 3558 κατὰ
3728 3505 3821 3557 τὸν

2166 3598 2347 3670 τρίτον
2405 3596 2625 3670 οὐρανὸν
2670 3596 2962 3673 πεφηνέναι
2988 3595 3036 3629 ⁷⁵
3085 3594 3413 3663 συνίστησι·
3470 3594 3533 3646 τὸ
3586 3591 3666 3659 δὲ,
3717 3594 3820 3648 Καὶ

2167 3684 2307 3757 οἶδα,
2379 3686 2542 3741 πάλιν
2632 3686 3044 3765 ἐπιφερόμενον,
3114 3686 3204 3739 τὸν
3282 3687 3531 3737 τοιοῦτον
3610 3679 3822 3755 ἅνθρω-

2165 3799 2285 3845 πον,
2337 3776 2447 3832 ε’ίτε
2496 3777 2547 3832 ἐν
2590 3779 2803 3850 σώματι
2860 3776 2962 3831 εἴτε
3011 3775 3163 3837 ἐκτὸς
3205 3776 3461 3848 σώματος
3488 3774 3557 3840 ⁷⁵,
3612 3775 3641 3827 6
3691 3774 3821 3835 Θεὸς

2166 3864 2329 3934 οἶδεν,
2424 3866 2507 3920 ὅτι
2585 3866 2805 3940 ἡρπάγη
2880 3865 2956 3926 εἰς
3030 3865 3125 3918 τὸν
3202 3860 3557 3937 παράδεισον,
3634 3863 3821 3933 ἑτέραν

2163 3956 2318 4017 αὖθις
2379 3954 2525 4027 αὐτῷ
2600 3955 3010 4033 πεφανερῶσθαι
3086 3954 3224 4008 κατά
3312 3952 3403 4006 τὸν
3490 3949 3821 4025 παράδεισον

2163 4043 2507 4116 ἀποκάλυψιν
2567 4040 2823 4102 δείκνυσι.
2882 4045 3055 4096 Ταῦτα
3122 4041 3179 4095 δὲ
3238 4040 3408 4115 λέγει,
3475 4038 3593 4094 ἐπεὶ
3642 4040 3697 4093 οἱ
3756 4035 3825 4091 δι’

2163 4131 2401 4194 ἐναντίας
2443 4134 2534 4188 τὸν
2592 4128 2917 4205 παράδεισον
2976 4131 3177 4200 νοητὸν
3237 4128 3475 4184 ἐτίθεντο
3507 4128 3553 4162 ⁷⁷
3613 4127 3675 4182 ἐκ
3730 4130 3824 4181 τοῦ

2164 4221 2531 4277 ἀποστολικοῦ
2585 4222 2775 4295 ῥητου,
2836 4222 2910 4281 ὡς
2960 4216 3089 4275 ὄντα
3144 4219 3275 4292 ὑπὲρ
3331 4218 3422 4272 τὸν
3478 4217 3712 4291 οὐρανὸν
3757 4217 3818 4287 ⁷⁸,

2158 4311 2249 4365 ’ἱνα
2297 4313 2358 4367 τὸ
2410 4311 2712 4383 ἀσωμάτως
2764 4309 3009 4385 γενέσθαι
3058 4310 3159 4378 τὴν
3207 4307 3259 4362 ἐν
3300 4306 3379 4379 τῷ
3429 4307 3477 4343 ⁷³
3506 4304 3817 4381 παραδείσῳ

2166 4397 2442 4476 διαγωγὴν
2472 4422 2563 4454 συν
2574 4400 2766 4470 άξωσιν
2796 4402 2861 4455 ⁸ο.

2237 4492 2359 4547 ’Ότι
2408 4490 2563 4567 φησὶ,
2609 4490 2687 4547 Τὸ
2723 4490 2816 4563 μὲν
2867 4490 3062 4561 πρᾶξαι
3105 4488 3141 4556 ἢ
3196 4489 3273 4560 μή
3325 4490 3511 4560 πρᾶξαι
3561 4485 3627 4537 τά
3677 4484 3816 4538 κακά

2167 4584 2246 4661 ἐφ’
2296 4586 2454 4655 ἡμῖν,
2515 4581 2627 4636 ἐπεὶ
2687 4581 2784 4635 οὐκ
2842 4580 2900 4635 ἃν
2960 4577 3113 4642 δίκας
3170 4576 3413 4651 ἐδίδομεν
3460 4580 3564 4630 τῶν
3622 4579 3804 4633 κακῶς

2174 4670 2467 4748 δρωμὲνων
2519 4672 2552 4740 ἢ
2612 4665 2850 4743 ἀμοιϐὰς
2900 4663 3285 4741 ἐλαμϐάνομεν
3319 4670 3415 4723 τῶν
3459 4662 3638 4723 καλῶς
3677 4683 3691 4694 ⁸
3746 4665 3810 4718 τὸ

2168 4760 2195 4815 δ
2242 4762 2612 4832 ἐνθυμηθῆναι
2644 4758 2709 4814 τά
2746 4758 2884 4813 κακὰ
2915 4760 2948 4829 ἢ
2985 4759 3061 4830 μὴ
3094 4757 3194 4812 οὐκ
3224 4754 3305 4817 ἐφ’
3336 4758 3487 4829 ἡμῖν.
3520 4752 3622 4806 Διά
3649 4757 3816 4807 τοῦτο

2167 4851 2255 4905 καὶ
2287 4854 2375 4905 τὸν
2415 4852 2558 4905 θεῖον
2594 4848 2807 4905 Παῦλόν
2848 4869 2977 4926 φησι
3032 4844 3209 4923 λέγειν
3246 4866 3258 4879 ·
3312 4846 3388 4902 Οὐ
3440 4845 3545 4920 γὰρ
3574 4845 3605 4897 ὸ
3648 4842 3819 4911 θέλω,

2165 4945 2325 4995 τοῦτο
2402 4941 2649 5014 πράσσω,
2728 4937 2856 4993 ἀλλ’
2912 4939 2940 4992 ’ὁ
3028 4937 3089 4992 οὐ
3167 4935 3334 5005 θέλω,
3403 4938 3566 4989 τοῦτο
3653 4939 3819 5002 ποιῶ,

2167 5030 2462 5100 τουτέστιν,
2497 5031 2607 5103 οὐχ
2638 5029 2665 5082 ὃ
2714 5027 2855 5083 θέλω
2895 5026 3117 5099 ἐννοεῖν,
3166 5030 3328 5081 τοῦτο
3378 5022 3571 5093 ἐννοῶ,
3618 5022 3749 5078 ἀλλ’
3798 5023 3826 5075 ὃ

2175 5122 2248 5192 μὴ
2283 5120 2445 5177 Θέλω.
2501 5120 2896 5193 Ἐκριζωθῆναι
2942 5115 2999 5171 δὲ
3042 5139 3174 5193 φησι
3206 5116 3293 5170 καὶ
3340 5116 3404 5169 τὸ
3450 5113 3517 5167 τὰ
3567 5114 3708 5167 κακᾶ
3748 5112 3826 5167 Ev-

2172 5212 2453 5281 θυμεῖσθαι
2500 5207 2588 5263 διὰ
2632 5216 2731 5278 τῆς
2779 5213 2874 5263 τοῦ
2922 5210 3152 5281 φυσικοῦ
3200 5204 3433 5259 θανάτου
3492 5204 3821 5276 παρουσίας,

1771 5445 2008 5501 VARI/E
2047 5445 2461 5502 LECTIUNES.

450 5518 720 5611 ε⁶⁷ἷοδτφ
754 5528 891 5611 Αοη..
924 5528 1301 5611 ῗῖιεγιιὲναι]
1329 5532 1454 5605 lege
1493 5533 1700 5611 γέγωε-
1758 5536 1850 5611 ,ἐξ
1879 5535 2244 5611 γενρικήνς-
2348 5535 2395 5570 ⁷ο
2425 5532 2620 5611 αὐτοὺς
2651 5537 2694 5590 Α
2730 5552 2743 5590 ε
2776 5534 2937 5611 αὐτὸς
2970 5532 3099 5611 ςο.
3154 5533 3198 5569 ⁷⁸
3230 5528 3455 5611 γεγηθὶν
3490 5527 3576 5611 ς·
3654 5530 3710 5611 ⁷3
3738 5553 3832 5611 κε’

408 5596 501 5681 ξὺν
536 5609 649 5681 om.
688 5602 762 5681 Αζ
844 5596 891 5681 ῖδ
922 5596 1716 5681 ἀλλ’]’-ᾇλλιι›-ςῖἓι]ἶ)ρῐ·ἑρῖδίρῐο
1749 5596 1929 5681 ἄλλος
1962 5608 2066 5681 B.“
2088 5596 2259 5681 Ἀπ”ἐν
2292 5612 2372 5678 τῷ
2405 5608 2617 5681 σώματι
2652 5612 2716 5661 Α.
2820 5608 2865 5642 ⁷⁸
2893 5596 3185 5681 πεῇηνέναι
3213 5596 3527 5681 abte-£116—
3547 5604 3719 5672 ponit
3759 5606 3824 5661 Β.

409 5664 453 5698 ⁷⁸
485 5662 637 5729 ἐκτὸς
666 5674 765 5723 to?)
799 5662 1149 5742 σώματος’Β.
1228 5677 1268 5709 ’³⁷
1301 5662 1476 5730 ἔθεντο
1624 5662 1637 5680 ⁸
1668 5680 1713 5714 73
1745 5678 1998 5751 οὐρανὸν]
2031 5674 2313 5750 ἄνθρωπον
2488 5662 2535 5716 ’³⁸
2562 5682 2640 5751 τῷ
2676 5695 2789 5737 om.
2819 5686 2881 5734 A.
2958 5664 3006 5714 5.0
3028 5662 3340 5747 ’συνάξουσιν
