4100 6242
267 365 421 423 1113

1305 362 1844 426 BIBLIOTHECA.
1895 399 1969 410 —
2012 364 2189 426 COD.
2235 363 2598 424 CCXXXIV.

3510 372 3670 431 1114

269 491 384 548 ἐπεὶ
414 495 507 548 καὶ
539 491 626 548 διὰ
674 495 836 548 τοῦτο
875 494 1103 555 θάνατος
1151 491 1311 564 ἐδόθη
1344 495 1490 569 παρὰ
1519 500 1652 550 Θεοῦ
1701 502 1779 569 τῷ
1823 495 1914 566 ἐξ-

2047 501 2373 568 potestatem
2409 498 2609 553 mortis
2638 499 2946 554 naturalis.
2979 501 3284 570 Propterea
3314 504 3467 557 enim
3500 522 3532 558 a
3559 504 3674 559 Deo

271 583 638 656 ημαρτηκὸτι,
671 580 752 636 i'vat
787 583 864 654 μή
895 583 1154 638 ἂθάνατον
1203 583 1361 657 μείνῃ
1403 585 1464 639 τὸ
1506 585 1690 640 κακόν.
1743 584 1920 642 Ἀλλὰ

271 677 388 732 πῶς
420 671 584 728 τοῦτο
617 670 826 746 εἴρηται
861 690 875 743 ;
918 674 1251 744 σημειωτέον
1287 675 1371 729 ὅτι
1411 675 1500 728 καὶ
1533 673 1728 737 ἄλλοις
1759 677 1921 749 ἡμῶν

276 763 543 837 Ιιατράσιν
574 759 813 833 ε’ίρηται,
865 760 1019 838 ε’ίπερ
1052 763 1080 816 6
1131 763 1358 826 θάνατος
1389 769 1510 826 τοῖς
1557 769 1750 820 τοῦτον
1796 785 1925 837 μετ-

277 850 599 925 ερχομένοις
656 853 791 906 κατά
836 854 928 906 τὸν
968 854 1156 926 καιρὸν
1209 851 1406 908 ἐκεῖνον
1457 851 1580 908 οὕτε
1630 855 1918 927 προσθήκη

282 937 404 995 οὔτε
434 940 617 1014 ὕφεσις
647 943 691 978 ⁸1
723 943 1132 1017 ἁμαρτημάτων
1164 943 1395 1016 γίνεται.

278 1031 390 1084 ’1ὀῦ
465 1031 672 1119 αὑτοῦ.
720 1028 784 1118 ἐκ
854 1035 958 1123 Στοῦ
1032 1031 1196 1123 αὑτοῦ
1257 1031 1447 1123 ⁸λόγου
1537 1030 1921 1088 ἀποπολικῶν

645 1104 826 1176 ῥητῶν
853 1104 1114 1176 ἑρμηνεία
1143 1105 1281 1160 κατά
1308 1104 1549 1180 σύνοψιν,

350 1193 687 1267 Ἀνεγνώσθη
738 1197 834 1247 τοῦ
883 1191 1047 1248 αὑτοῦ
1086 1192 1146 1248 ἐκ
1198 1199 1297 1250 τοῦ
1348 1195 1512 1251 αὑτοῦ
1571 1196 1740 1274 λόγου
1788 1197 1922 1252 ἀπο·

275 1279 546 1337 στολικῶν
575 1284 754 1356 ῥητῶν
783 1283 1043 1358 ἑρμηνεία
1073 1285 1209 1340 κατὰ
1240 1287 1485 1361 σύνοψιν.

349 1369 580 1443 ’Ίδωμεν
609 1369 667 1427 δὶ
692 1373 744 1427 τί
790 1373 857 1441 ἦν
899 1372 1032 1449 ὅπερ
1077 1379 1296 1450 πρῶτον
1341 1375 1416 1437 εἰς
1465 1377 1557 1431 τὸν
1590 1376 1926 1432 Ἀπὸστολον

276 1461 644 1535 προήχθημεν
678 1460 866 1519 εἰπεῖν.
896 1464 966 1517 Τὸ
1013 1463 1138 1538 γὰρ,
1181 1465 1325 1538 Ἐγὼ
1372 1461 1429 1518 δὲ
1458 1465 1505 1501 ⁸³
1529 1462 1682 1534 ἔζων,
1730 1464 1924 1541 λεχθὲν

278 1548 448 1621 αὐτῷ,
501 1551 678 1625 χωρὶς
752 1551 925 1623 νόμου
986 1553 1119 1608 ποτὲ
1183 1554 1291 1607 ἅνω
1347 1555 1446 1623 τήν
1503 1553 1556 1608 ἐν
1613 1559 1692 1624 τῷ
1747 1575 1926 1630 παρα-

281 1637 460 1712 δείσῳ,
510 1641 749 1714 καθάπερ
788 1639 838 1710 ἐξ
884 1641 1064 1717 ἀρχῆς
1113 1643 1436 1716 ὑπεθέμεθα,
1481 1645 1586 1719 πρὸ
1632 1651 1731 1713 τῆς
1770 1643 1926 1700 ἐντο-

281 1725 410 1797 λῆς,
444 1727 544 1782 οὑκ
591 1729 742 1790 ἐκτὸς
783 1729 1058 1802 σώματος,
1102 1729 1247 1785 ἀλλὰ
1285 1731 1417 1804 μετά
1460 1729 1712 1804 σώματος
1761 1735 1923 1805 ἡμῶν

2035 585 2320 658 peccatori
2355 603 2507 641 mors
2537 586 2802 650 infertur,
2830 603 2900 642 ne
2932 587 3153 643 malum
3187 594 3340 644 esset
3370 597 3671 648 aeternum.

2033 677 2136 732 Sed
2168 693 2282 748 qua
2312 675 2533 731 ratione
2564 676 2672 731 hoc
2702 676 3147 747 intelligendum
3197 678 3328 733 est?
3359 679 3671 737 Sciendum

2033 763 2143 820 hoc
2185 767 2357 820 etiam
2389 766 2460 820 ab
2493 765 2622 820 aliis
2654 766 2869 822 nostris
2900 766 3172 822 Patribus
3202 783 3329 822 esse
3358 769 3632 824 traditum
3661 787 3673 824 :

2036 855 2417 911 morientibus
2467 872 2566 928 per
2610 862 2856 913 mortem
2907 863 3144 928 peccata
3183 874 3286 914 nec
3325 858 3521 929 augeri
3573 876 3677 916 nec

2036 945 2245 1001 minui.

2038 1034 2432 1109 Compendriosa
2487 1037 2754 1109 expositio
2805 1037 3074 1093 dictorum
3119 1037 3478 1108 quorumdam
3536 1053 3676 1109 apo-

2193 1108 2505 1162 stolicorum
2533 1124 2604 1163 ex
2632 1108 2814 1162 eodem
2843 1111 3030 1164 sancti
3056 1109 3323 1164 Methodii
3352 1110 3516 1164 libro.

2107 1195 2240 1266 Legi
2289 1213 2357 1250 ex
2403 1197 2604 1253 eodem
2657 1196 2816 1253 illius
2866 1197 3012 1253 libro
3061 1199 3535 1270 compendiosam
3588 1200 3674 1254 di-

2035 1293 2257 1342 ctorum
2289 1288 2674 1355 quorumdam
2707 1287 3160 1360 apostolicorum
3189 1288 3673 1359 explanationem.

2111 1377 2426 1431 Videamus
2457 1377 2597 1447 quid
2629 1378 2700 1432 ad
2731 1377 3070 1449 Apostolum
3114 1378 3424 1434 habeamus
3465 1378 3674 1434 dicere.

2035 1466 2182 1521 Illud
2239 1465 2418 1532 enim,
2469 1467 2621 1536 quod
2673 1466 2744 1522 ab
2793 1483 2860 1522 eo
2909 1467 3126 1524 dictum
3179 1473 3320 1524 est:
3367 1470 3477 1535 Ego
3527 1471 3676 1523 vive-

2034 1557 2158 1610 bam
2214 1556 2337 1610 sine
2383 1555 2496 1626 lege
2557 1571 2604 1624 P,
2653 1555 2968 1626 aliquando
3027 1557 3278 1629 [nempe]
3337 1574 3570 1612 sursum
3617 1557 3677 1612 in

2035 1645 2326 1716 paradiso,
2387 1649 2450 1698 ut
2506 1644 2577 1699 ab
2644 1644 2808 1700 initio
2873 1647 3201 1716 posuimus,
3261 1650 3397 1702 ante
3466 1646 3677 1718 legem,

2033 1751 2150 1791 non
2180 1741 2339 1790 extra
2369 1749 2602 1803 corpus,
2635 1735 2733 1789 sed
2776 1750 2908 1789 cum
2955 1751 3194 1805 corpore
3245 1740 3465 1803 nostro,
3495 1737 3676 1791 vitam

283 1817 336 1872 ἐν
383 1824 500 1879 τοῖς
550 1817 1006 1894 πρωτοπλάστοις
1056 1816 1338 1894 διαγωγὴν
1390 1825 1688 1896 παρεγγυᾷ.
1745 1821 1928 1882 Ἐκτὸς

2047 1824 2090 1877 in
2114 1822 2492 1895 protoplastis
2508 1825 2698 1878 actam
2717 1822 2944 1891 indicit,
2962 1828 3120 1878 extra
3138 1824 3675 1894 concupiscentiam

283 1903 331 1962 δ’
378 1905 666 1980 ἐπιθυμίας
714 1906 998 1983 διήγομεν,
1040 1908 1102 1964 οὐ
1141 1911 1498 1984 γινώσκοντες
1546 1909 1692 1972 ὅλως
1742 1908 1925 1964 ἐπιθυ-

287 1995 411 2068 μίας
457 1992 795 2071 προσϐολάς.
847 2000 977 2071 [912
1025 2001 1116 2072 R.]
1163 1999 1232 2054 Τὸ
1281 1999 1381 2075 γὰρ
1435 2000 1512 2072 μή
1563 1999 1711 2077 ἔχειν
1753 1997 1959 2074 διοριτ

284 2088 419 2160 σμὸν
470 2089 590 2143 καθ’
636 2089 694 2143 ’ὸν
747 2087 828 2144 δεῖ
873 2089 1273 2161 πολιτεύεσθαι,
1311 2089 1452 2163 μηδὲ
1497 2090 1736 2164 ἐξουσίαν
1775 2092 1928 2148 αὑτο-

283 2175 541 2233 δέσποτον
590 2179 779 2253 λογίου
823 2179 969 2251 ποίῳ
1021 2183 1146 2253 [482
1211 2183 1298 2254 il.]
1343 2179 1424 2236 δεῖ
1479 2183 1717 2257 χρῆσθαι
1769 2181 1927 2237 πολι-

277 2266 526 2340 τεύματι,
560 2266 654 2322 *ίνα
686 2265 909 2333 δικαίως
938 2271 972 2340 ἢ
1003 2272 1215 2345 τιμηθῇ
1256 2272 1290 2341 ἢ
1323 2273 1525 2350 ψεχθῇ,
1569 2273 1928 2328 ἀνυπεύθυνον

281 2358 475 2418 παντὸς
507 2355 760 2414 λέλεκται
811 2359 1074 2434 ὑπάρχειν
1106 2365 1269 2415 τοῦτο
1317 2359 1687 2434 ἐγκλήματος,
1721 2363 1805 2416 ὅτι
1852 2365 1927 2434 μὴ

283 2446 500 2501 δύναται
541 2447 749 2502 τούτων
793 2469 877 2510 τις
923 2447 1276 2522 ἐπιθυμῆσαι,
1327 2451 1400 2504 ὧν
1446 2451 1523 2524 μή
1571 2449 1878 2506 κεκώλυται
1914 2471 1926 2484 '

283 2535 379 2592 κᾶν
438 2536 750 2612 ἐπιθυμήσῃ
809 2535 885 2608 δὲ,
933 2536 1032 2593 οὐκ
1080 2538 1468 2609 αἰτιαθήσεται.
1529 2541 1608 2597 Τὸ
1656 2540 1760 2616 γὰρ
1812 2539 1932 2595 ἐπι-

286 2628 526 2698 θυμῆσαι
573 2627 678 2681 οὐκ
719 2625 807 2682 ἐπὶ
849 2631 957 2682 τῶν
996 2629 1278 2703 παρόντ’,ον
1328 2628 1416 2682 καὶ
1469 2627 1836 2700 ὑποκειμένων
1880 2631 1932 2684 έν

289 2715 500 2787 ἐξουσίᾳ
528 2715 736 2785 πίπτει,
778 2715 904 2772 ἀλλ’
935 2715 1021 2772 ἐπὶ
1053 2721 1160 2772 τῶν
1190 2719 1468 2792 παρόντων
1507 2719 1624 2792 μὲν,
1655 2719 1731 2792 μὴ
1765 2717 1932 2774 ὅντων

293 2803 340 2860 δ’
372 2806 423 2860 ἐν
469 2806 722 2878 ἐξουσίᾳ’
770 2811 885 2868 πῶς
913 2809 1035 2881 γὰρ,
1085 2807 1146 2861 οὗ
1191 2809 1266 2880 μὴ
1318 2807 1624 2864 κεκώλυταί
1669 2829 1752 2870 τις
1806 2805 1935 2882 μηδ’

291 2891 480 2966 ἐνδεής
529 2893 662 2964 ἐστι,
712 2896 906 2952 τούτου
955 2895 1099 2971 ἐρᾷς
1160 2897 1276 2950 ὅθεν
1321 2895 1409 2951 διὰ
1458 2902 1618 2952 τοῦτο
1664 2899 1772 2967 Τὴν
1816 2896 1934 2952 ἐπι.

294 2985 492 3059 θυμίαν
537 2984 634 3039 οὑκ
681 2980 850 3059 ᾔδειν,
898 2986 943 3040 εἰ
987 2986 1063 3060 μή
1111 2987 1138 3040 6
1187 2986 1359 3060 νόμος
1405 2982 1613 3061 ἔλεγεν,
1655 2985 1770 3044 Οὑκ
1817 2984 1940 3041 ἐπι-

294 3075 576 3148 θυμήσεις.
635 3074 982 3138 Ἀκουσάντες
1052 3076 1158 3150 γάρ
1192 3095 1207 3110 ο
1279 3075 1410 3131 Ἀπὸ
1484 3073 1542 3130 δὲ
1603 3079 1700 3131 τοῦ
1772 3077 1938 3146 ξύλου

291 3169 388 3220 τοῦ
477 3165 759 3238 γινώσκειν
815 3163 982 3220 καλὸν
1069 3167 1160 3220 καὶ
1239 3167 1476 3237 πονηρὸν
1561 3167 1626 3222 οὑ
1709 3167 1937 3244 φάγεσθε
1968 3138 2011 3205 C

294 3254 384 3310 ἀπ’
430 3252 597 3310 αὑτοῦ
632 3274 644 3286 ο
694 3255 732 3324 ᾖ
777 3251 824 3309 δ’
867 3253 928 3309 ἂν
979 3256 1163 3329 ἡμέρᾳ
1211 3257 1417 3332 φάγητε
1465 3257 1555 3312 ἀπ’
1605 3257 1794 3327 αὑτοῦ,
1843 3259 1939 3312 θα-

291 3345 432 3417 νάτῳ
489 3345 862 3414 ἀποθανεῖσθε,
917 3343 1041 3400 τότε
1098 3346 1160 3400 τὸ
1231 3344 1562 3419 ἐπιθυμῆσαι
1641 3341 1934 3402 συνέλαϐον

292 3435 383 3489 καὶ
441 3433 749 3506 ἒκίσσησαν.
811 3435 903 3488 Διὸ
963 3432 1029 3503 δὴ
1096 3435 1196 3503 τήν
1253 3434 1541 3509 ἐπιθυμίαν
1597 3437 1782 3499 καλῶς
1839 3438 1942 3492 οὐκ

293 3521 441 3598 ᾔδειν
484 3523 714 3600 ἐλέχθη,
748 3524 792 3578 εἰ
841 3525 915 3597 μὴ
951 3524 978 3578 ὁ
1027 3525 1196 3597 νόμος
1242 3523 1425 3602 ἔλεγεν
1457 3543 1472 3561 ·
1516 3526 1630 3584 Οὑκ
1669 3525 1942 3599 ἐπιθυμή-

295 3634 424 3683 σεις,
473 3609 598 3668 οὑδὲ
655 3611 869 3682 ἐσθίειν,
921 3612 966 3666 εἰ
1027 3614 1102 3685 μὴ
1165 3611 1349 3688 ε’ίρητο
1384 3635 1398 3648 ο
1451 3615 1529 3672 Οὐ
1588 3614 1818 3691 φάγεσθε
1851 3617 1941 3670 ἀπ’

293 3701 480 3759 αὑτοῦ.
560 3704 827 3757 Ἐντεῦθεν
899 3702 1001 3777 γὰρ
1078 3701 1343 3774 ἐκτήσατο
1421 3704 1673 3781 ἀφορμὴν
1731 3705 1806 3765 εἰς
1879 3704 1941 3758 τὸ

295 3790 568 3862 διαπαῖξαί
605 3813 672 3865 με
709 3793 744 3860 ἡ
776 3791 822 3827 ⁸³
850 3792 1091 3866 ἁμαρτία
1124 3811 1136 3825 ·
1173 3789 1422 3862 δοθείσης
1449 3794 1550 3866 γὰρ
1580 3800 1679 3862 τῆς
1711 3792 1940 3862 ἐντολῆς

294 3881 424 3958 ἔσχε
476 3877 652 3946 λαϐἦν
698 3883 726 3936 6
790 3875 1049 3942 διάϐολος
1095 3883 1525 3957 κατεργάσασθαι
1573 3882 1624 3936 ἐν
1675 3881 1799 3954 ἒμοὶ
1845 3883 1944 3951 τήν

293 3971 583 4045 ἐπιθυμίαν
622 4015 635 4028 .
708 3971 1048 4047 Χωρὶςγάρ
1106 3972 1276 4044 νόμου
1347 3972 1382 4040 ἡ
1461 3971 1700 4045 ἁμαρτία
1757 3971 1941 4046 νεκρὰ,

294 4063 417 4118 οἷον
457 4061 519 4116 οὐ
579 4058 828 4131 δοθείσης
879 4059 980 4136 γὰρ
1037 4066 1140 4129 τῆς
1178 4056 1408 4129 ἐντολῆς
1467 4059 1738 4134 ἄπρακτος
1787 4061 1856 4129 ἧν
1905 4060 1939 4129 ἡ

295 4151 550 4225 ἁμαρτία.
588 4150 731 4224 Ἐγὼ
763 4147 821 4204 δὶ
859 4147 992 4218 ἔζων
1022 4149 1129 4224 πρὸ
1159 4156 1258 4218 τῆς
1291 4146 1518 4214 ἐντολῆς
1548 4149 1853 4222 ἀμέμπτως
1873 4149 1941 4218 ⁸⁴,
1984 4190 1987 4192 -

295 4239 396 4295 οὐκ
437 4234 584 4314 ἔχων
632 4237 896 4314 ἐπιταγὴν
946 4239 1062 4293 καθ’
1101 4237 1168 4308 ἢν
1219 4233 1326 4292 ἔδει
1374 4236 1779 4294 πολιτεύεσθαι.
1815 4237 1942 4294 Ἐλ-

295 4331 500 4401 θοὺσης
550 4329 610 4384 δὲ
664 4335 764 4399 τῆς
823 4326 1056 4398 ἐντολῆς
1112 4330 1147 4398 ἡ
1209 4327 1448 4402 ἁμαρτία
1505 4327 1774 4397 ἀνέζησεν,
1834 4325 1943 4402 ἐγὼ

295 4416 353 4474 δὲ
411 4417 696 4487 ἀπέθανον,
764 4418 854 4518 καί
918 4417 1107 4492 εὑρέθη
1171 4438 1272 4518 μοι.
1305 4419 1349 4454 ⁸⁸
1398 4419 1433 4488 ἡ
1512 4415 1707 4486 ἐντολή
1767 4417 1802 4485 ἡ
1850 4414 2019 4518 “sign

295 4510 468 4581 ζωῆν,
528 4509 664 4578 αὕτη
701 4507 749 4543 ⁸⁸
803 4506 879 4569 εἷς
937 4507 1180 4575 θάνατον,
1240 4504 1323 4562 δ’τι
1386 4508 1520 4580 μετά
1575 4507 1637 4561 τὸ
1703 4506 1940 4579 νομοθε-

294 4604 457 4667 τῆσαι
507 4598 596 4652 τὸν
648 4598 796 4667 Θεὸν,
845 4597 935 4652 καὶ
986 4593 1387 4652 διαστείλασθαί
1447 4616 1544 4669 μοι
1602 4595 1636 4650 ’ἁ
1681 4595 1938 4665 ποιητέον

293 4687 386 4742 καὶ
439 4688 516 4761 μή
564 4683 844 4757 ποιητέον,
892 4687 1279 4763 κατειργάσατο
1328 4685 1380 4741 ἐν
1449 4685 1572 4759 ἐμοὶ
1618 4687 1718 4756 τὴν
1765 4683 1944 4740 ἐπιθυ·

299 4775 428 4850 μίαν
463 4777 491 4830 6
532 4773 814 4836 διάϐολος.
847 4777 909 4832 Ἠ
941 4777 1045 4852 γὰρ
1107 4775 1407 4852 ἐπαγγελία
1449 4779 1545 4831 τοῦ
1589 4779 1722 4831 Θεοῦ
1759 4777 1794 4845 ἠ
1845 4772 1944 4829 δο-

294 4867 449 4922 θεῖσά
500 4887 593 4940 μοι
643 4864 776 4937 αὕτη
828 4865 902 4928 εἱς
954 4868 1098 4936 ζωήν
1125 4866 1216 4921 καὶ
1264 4865 1588 4942 ἀφθαρσίαν,
1621 4863 1711 4921 ’ίνα
1758 4867 1945 4921 πειθό-

297 4976 463 5030 μενος
511 4955 647 5030 αὐτῇ
688 4957 769 5012 ἀεὶ
825 4954 1101 5012 θάλλοντα
1145 4957 1281 5032 πρὸς
1313 4956 1600 5013 ἀθανασίαν
1652 4959 1773 5032 βίον
1827 4956 1944 5037 ἔχω

294 5045 389 5102 καὶ
446 5046 641 5121 χαρὰν,
701 5047 1019 5118 ἀθετήσαντι
1079 5045 1247 5116 αὐτὴν
1307 5047 1384 5110 εἷς
1462 5048 1684 5103 θάνατον
1744 5044 1946 5118 ἀπέϐη,

294 5132 490 5205 ἐπειδὴ
539 5137 567 5192 6
619 5130 903 5206 διάϐολος,
955 5137 1014 5190 ὃν
1066 5136 1333 5213 ἁμαρτίαν
1383 5141 1471 5192 νῦν
1519 5138 1677 5201 οὗτος
1727 5135 1948 5192 ἐκάλεσε

296 5224 392 5282 διὰ
418 5226 481 5282 τὸ
521 5223 852 5303 δημιουργὸν
890 5227 1048 5283 αὑτὸν
1093 5227 1361 5303 ἁμαρτίας
1396 5227 1685 5304 ὑπάρχειν,
1719 5223 1810 5281 διὰ
1847 5232 1950 5295 τῆς

294 5314 534 5386 ἐντολῆς
593 5315 848 5395 ἀφορμὴν
911 5311 1095 5372 λαϐὼν
1146 5319 1282 5394 πρὸς
1338 5319 1620 5394 παρακοήν
1675 5316 1950 5386 ἀπατῆσαί

371 5442 398 5483 P
456 5425 626 5484 Rom.
657 5442 756 5497 vn,
786 5427 840 5480 9.
899 5440 924 5480 τι
955 5426 1134 5483 Exod.
1166 5443 1261 5493 xx,
1296 5427 1382 5492 17,
1419 5438 1467 5493 ,τ
1497 5427 1637 5483 Gen.
1673 5442 1736 5495 ιι,
1771 5425 1856 5479 17.
1889 5438 1909 5466 ι

2047 5438 2139 5477 ιω.
2173 5437 2268 5492 vn,
2299 5420 2354 5474 7.

2040 1917 2235 1968 tamen
2284 1913 2553 1977 viximus,
2585 1911 2772 1982 ignari
2818 1913 3046 1983 penitus
3092 1929 3220 1983 quae
3266 1914 3350 1968 vis
3397 1914 3516 1982 [aut
3565 1914 3677 1970 im-

2040 2001 2230 2074 petus]
2278 2007 2427 2057 esset
2474 2002 2982 2072 concupiscentiae.
3034 2002 3253 2057 Etenim
3302 2019 3420 2058 non
3469 2002 3680 2058 habere

2037 2092 2104 2146 ad
2139 2092 2310 2160 cujus
2345 2091 2744 2162 praescriptum
2775 2089 2955 2158 vivas,
2980 2107 3168 2161 neque
3189 2091 3508 2161 explicandi
3530 2091 3681 2161 jussi

2038 2181 2217 2236 divini
2252 2181 2386 2252 (quo
2419 2185 2584 2251 pacto
2616 2179 2924 2236 vivendum
2956 2180 3055 2249 sit,
3089 2184 3152 2234 ut
3179 2179 3268 2236 vel
3301 2180 3495 2236 debito
3535 2198 3680 2253 pria-

2040 2271 2157 2326 mio
2207 2269 2504 2336 afficiaris,
2533 2269 2620 2326 vel
2668 2269 2984 2339 damneris)
3017 2268 3261 2325 liberam
3315 2274 3681 2342 potestatem,

2041 2361 2150 2415 hoc
2179 2361 2250 2415 ab
2284 2360 2436 2414 omni
2485 2374 2681 2414 rerum
2726 2357 2970 2414 crimine
3019 2358 3287 2424 absolvit,
3328 2359 3470 2430 quia
3517 2375 3685 2416 nemo

2043 2449 2260 2520 appetit
2290 2465 2356 2505 ea
2387 2465 2512 2518 quae
2546 2465 2660 2503 non
2693 2447 3097 2519 prohibentur.
3126 2447 3196 2501 Et
3227 2446 3500 2518 quamvis
3549 2464 3686 2503 con-

2043 2537 2308 2609 cupierit,
2357 2553 2472 2592 non
2521 2541 2715 2592 tamen
2765 2535 3154 2593 accusabitur.
3198 2540 3482 2606 Appetere
3529 2535 3686 2590 enim

2045 2643 2159 2682 non
2191 2625 2342 2682 cadit
2371 2626 2430 2680 in
2467 2624 2790 2696 praesentia,
2815 2629 2871 2680 et
2900 2640 2968 2680 ea
2997 2642 3124 2696 quae
3155 2625 3212 2679 in
3246 2628 3527 2696 potestate
3553 2628 3691 2679 sunt

2048 2715 2237 2786 posita
2286 2715 2405 2785 [sed
2452 2717 2512 2770 in
2562 2714 2870 2784 praesentia
2917 2714 3176 2783 quidem,
3227 2729 3342 2768 non
3386 2717 3582 2767 tamen
3629 2713 3687 2768 in

2047 2807 2328 2875 potestate
2365 2809 2562 2857 nostra
2607 2801 2837 2873 posita].
2871 2803 3168 2865 Quomodo
3200 2801 3357 2856 enim
3390 2800 3496 2856 hoc
3527 2802 3690 2872 quis-

2049 2892 2200 2964 piam
2231 2896 2406 2958 amet,
2435 2908 2468 2946 a
2496 2907 2608 2960 quo
2641 2907 2754 2946 non
2784 2895 3031 2959 arcetur,
3055 2896 3112 2946 et
3141 2906 3252 2962 quo
3284 2907 3399 2945 non
3428 2889 3693 2959 indiget?

2048 2984 2193 3040 Hinc
2243 2983 2740 3054 concupiscentiam
2796 2984 3160 3050 nescivissem,
3210 2984 3326 3037 nisi
3371 2982 3462 3036 lex
3513 2981 3691 3036 dixis-

2047 3080 2166 3130 set:
2205 3075 2320 3130 Non
2368 3074 2714 3144 concupisces
2761 3086 2805 3126 «ι.
2840 3072 3158 3128 Audientes
3208 3071 3360 3128 enim
3390 3087 3402 3125 :
3436 3071 3509 3125 De
3539 3071 3692 3138 ligno

2047 3167 2288 3221 scientia
2334 3165 2466 3219 boni
2492 3174 2542 3220 et
2569 3163 2708 3220 mali
2752 3179 2863 3219 non
2913 3163 3100 3220 2941)
3129 3161 3437 3218 comedetis.
3470 3163 3532 3216 1n
3565 3175 3694 3231 quo-

2047 3270 2272 3327 cumque
2331 3253 2485 3308 enim
2549 3252 2642 3308 die
2704 3252 3048 3309 comederitis
3095 3268 3164 3308 ex
3215 3267 3296 3318 eo,
3350 3258 3521 3305 morte
3579 3265 3695 3302 ma-

2047 3345 2280 3401 riemini
2333 3360 2376 3411 r,
2421 3347 2562 3398 tunc
2619 3340 3147 3413 concupiscentiam
3209 3339 3586 3410 arripuerunt
3639 3341 3696 3393 et

2046 3437 2450 3505 conceperunt.
2475 3432 2609 3488 Ideo
2631 3431 2776 3487 bene
2797 3430 3016 3485 dictum
3039 3434 3127 3485 est
3147 3447 3161 3486 :
3186 3426 3696 3500 Concupiscentiam

2044 3523 2372 3591 nesciebam,
2400 3520 2514 3576 nisi
2545 3521 2634 3577 lex
2671 3519 2938 3576 dixisset:
2970 3522 3088 3575 Non
3119 3521 3458 3590 concupisces
3508 3532 3549 3571 ι.
3581 3515 3696 3571 Nec

2047 3614 2352 3668 comedere
2404 3609 2861 3682 [appetivissem]
2911 3607 3020 3663 nisi
3050 3609 3272 3662 dictum
3307 3608 3545 3662 luisset:
3577 3605 3694 3660 Non

2046 3702 2337 3759 comedetis
2367 3716 2436 3756 ea:
2467 3701 2586 3756 illo.
2619 3698 2763 3755 Hinc
2817 3699 2968 3754 enim
3020 3701 3322 3767 peccatum
3371 3694 3518 3749 mihi
3557 3691 3693 3747 illu-

2049 3791 2222 3849 dendi
2283 3791 2648 3847 occasionem
2707 3788 2948 3859 accepit.
2998 3786 3139 3840 Dato
3189 3783 3345 3839 enim
3393 3781 3694 3847 mandato,

2049 3881 2322 3936 diabolus
2353 3877 2715 3934 occasionem
2751 3876 2958 3930 habuit
2988 3872 3275 3928 excitandi
3295 3871 3351 3926 in
3378 3885 3469 3925 me
3492 3884 3698 3925 concu-

2049 3967 2412 4039 piscentiam.
2438 3966 2582 4022 Nam
2611 3965 2735 4021 sine
2754 3963 2880 4036 lege
2905 3965 3208 4035 peccatum
3229 3967 3350 4016 erat
3377 3960 3692 4014 mortuum.

2047 4059 2172 4113 Non
2234 4057 2372 4112 data
2427 4055 2583 4110 enim
2643 4053 2785 4122 lege,
2847 4054 3144 4124 peccatum
3199 4049 3369 4122 quasi
3428 4046 3699 4102 inefﬁcax

2050 4151 2194 4202 erat.
2227 4149 2344 4217 Ego
2375 4148 2570 4200 autem
2602 4141 2864 4197 vivebam
2905 4146 3037 4196 ante
3079 4139 3264 4211 legem
3294 4137 3611 4208 inculpata,
3635 4139 3700 4190 ut

2051 4236 2152 4308 qui
2193 4251 2458 4292 normam
2490 4250 2604 4290 non
2645 4233 2920 4289 haberem
2965 4230 3290 4286 secundum
3335 4243 3510 4299 quam
3549 4225 3699 4282 vive-

2052 4343 2194 4383 rem.
2228 4324 2332 4381 Sed
2360 4341 2485 4380 cum
2514 4324 2744 4379 venisset
2775 4320 3120 4385 mandatum,
3152 4321 3435 4390 peccatum
3463 4315 3694 4372 revixit.

2051 4417 2166 4486 Ego
2195 4424 2378 4472 autem
2409 4421 2656 4470 mortuus
2683 4428 2830 4483 sum,
2860 4415 2911 4468 et
2939 4413 3225 4466 inventum
3254 4415 3331 4464 est
3366 4405 3509 4462 mihi
3538 4422 3697 4461 man-

2049 4506 2238 4562 datum
2256 4503 2396 4577 quod
2424 4512 2544 4561 erat
2570 4503 2640 4559 ad
2659 4503 2850 4570 vitam,
2873 4502 2970 4557 hoc
2988 4514 3102 4556 esse
3119 4498 3190 4554 ad
3211 4501 3440 4553 mortem
3488 4501 3526 4551 ι.
3549 4493 3698 4550 Nam

2052 4601 2183 4671 post
2213 4595 2401 4668 legem
2433 4611 2468 4650 a
2495 4595 2604 4650 Deo
2637 4592 2833 4662 latam,
2856 4598 2911 4647 et
2943 4589 3283 4645 mandatum
3319 4585 3462 4642 mihi
3494 4585 3698 4641 datum

2052 4688 2187 4760 quid
2231 4685 2561 4743 faciendum
2595 4686 2765 4751 esset,
2798 4684 3069 4753 operatus
3112 4686 3198 4735 est
3240 4679 3298 4734 in
3344 4693 3434 4732 me
3484 4690 3698 4730 concu-

2054 4777 2401 4850 piscentiam
2443 4771 2731 4829 diabolus.
2763 4770 2910 4827 Nam
2941 4767 3251 4841 promissio
3299 4763 3698 4838 [praeceptum]

2051 4867 2151 4923 Dei
2213 4865 2359 4921 mihi
2417 4865 2553 4919 data
2603 4861 2675 4917 ad
2724 4860 2905 4917 vitam
2953 4863 3008 4915 et
3057 4855 3582 4918 immortalitatem,
3641 4854 3703 4906 ut

2053 4957 2331 5013 obediens
2388 4953 2496 5020 illi,
2549 4951 2727 5007 vitam
2787 4950 2858 5005 ad
2918 4945 3416 5004 immortalitatem
3475 4957 3704 5013 semper

2056 5046 2512 5102 efﬂorescentem
2562 5041 2832 5104 habeam,
2863 5044 2920 5094 et
2961 5037 3271 5109 gaudeam,
3305 5029 3704 5090 contemnenti

2056 5135 2216 5192 illam
2251 5135 2311 5189 in
2341 5135 2593 5188 mortem
2640 5127 2848 5184 vertit:
2880 5143 3013 5182 cum
3063 5123 3347 5192 diabolus,
3381 5136 3553 5194 quem
3607 5119 3702 5177 hic

2058 5227 2364 5295 peccatum
2397 5219 2741 5285 nominavit,
2771 5233 2838 5274 eo
2869 5216 3023 5287 quod
3055 5215 3180 5287 ipse
3209 5211 3569 5269 architectus
3598 5225 3704 5266 seu

2059 5320 2263 5371 auctor
2311 5314 2386 5369 sit
2437 5312 2682 5384 peccati,
2728 5309 2828 5380 qui
2880 5309 3140 5379 accepta,
3182 5321 3284 5378 per
3329 5307 3704 5376 praceptum,

2469 5418 2618 5475 Ibid.
2649 5418 2706 5484 9,
2733 5418 2819 5474 10.

1662 5533 1908 5590 νΑΗΙίΕ
1947 5529 2346 5590 LECTIONES.

372 5643 415 5680 ⁶¹
448 5641 632 5752 {iurgii
659 5644 713 5752 A‘
741 5660 752 5698 :
797 5640 1070 5752 63aip§0§<

296 5715 348 5753 σε
381 5735 475 5791 μοι
495 5714 645 5773 'add.
678 5719 743 5771 Α.
819 5714 867 5795 ιγ
901 5714 1044 5784 αὐτὴ
1071 5714 1154 5789 ς’.

1173 5685 1185 5698 .
1289 5639 1478 5719 ⁸³ἐγὼ
1536 5639 1616 5716 δὲ]
1674 5643 1844 5704 Rom.
1887 5659 1985 5713 vn,
2016 5641 2071 5698 9.

2187 5639 2232 5675 ⁸³
2289 5637 2325 5706 ἡ
2367 5635 2503 5695 add.
2549 5638 2615 5692 A.
2715 5633 2760 5668 “
2788 5630 3115 5709 ἀμέμπτως]
3164 5629 3280 5704 βίον
3323 5625 3610 5702 ἄμεμπτον
3643 5629 3707 5685 Β.
