4100 6242
344 378 501 439 1115

1526 378 1793 442 PHOTII
1839 378 2371 441 PATHIARCHJE
2410 378 2529 440 ΟΡ.

3590 383 3751 441 1116

346 513 645 569 occasione
676 529 768 570 me
799 530 898 585 per
926 514 1379 570 inobedientiam
1430 515 1779 587 decipiendi,
1808 516 1993 585 [dece-

2116 535 2197 587 με,
2250 516 2551 584 ἀπατήσας,
2596 512 2891 583 ἀπέκτεινε,
2932 516 3033 588 τῷ,
3085 519 3153 573 Ἦ
3202 513 3251 571 δ’
3298 514 3358 571 ἂν
3418 517 3603 592 ἡμέρᾳ
3652 515 3757 593 φά-

346 608 513 673 ptum
544 604 776 672 occidit,
812 603 927 658 haec
960 602 1175 659 scilicet
1227 605 1619 661 damnationis
1668 606 1993 662 sententia:

346 694 693 762 Quacumque
757 692 847 747 die
914 693 1263 749 comederitis
1332 711 1402 750 ex
1460 695 1579 761 illo,
1634 697 1955 751 moriemini
1971 712 1992 758 ,'

345 797 507 835 reum
544 782 749 852 pergit.
776 786 835 835 ut
868 783 960 837 lea:
987 784 1201 853 quidem
1232 788 1440 854 sancta,
1465 790 1865 856 etprzeceptum
1898 785 1996 839 Dei

340 872 856 939 sanctum,justum
890 876 947 926 et
977 871 1214 940 bonum,
1240 874 1310 928 ad
1345 874 1591 929 salutem
1622 891 1851 944 nempe,
1879 891 1992 929 non

345 959 414 1014 ad
444 958 679 1014 exilium
713 960 914 1014 datum
945 979 957 1016 :
992 961 1137 1016 nihil
1183 964 1340 1017 enim
1392 964 1597 1018 inutile
1637 965 1723 1018 vel
1759 964 1995 1020 noxium

345 1066 378 1103 a
400 1049 513 1104 Deo
547 1050 667 1104 ﬁeri
702 1052 1016 1108 credimus.
1044 1053 1192 1116 Quid
1219 1054 1395 1125 ergo?
1416 1059 1562 1110 Num
1598 1057 1815 1111 bonum
1851 1056 1998 1111 mihi

348 1144 591 1194 mortem
647 1141 882 1209 creavit,
946 1143 1099 1212 quod
1160 1146 1501 1199 mandatum
1578 1145 1721 1199 mibi
1793 1147 1995 1200 datum

350 1230 563 1283 summi
587 1230 721 1285 boni
746 1247 923 1286 causa
941 1233 1060 1287 ﬁeri
1084 1233 1372 1288 debebat?
1395 1235 1589 1300 Absit;
1616 1236 1756 1305 quia
1787 1235 1873 1290 lex
1897 1234 1997 1289 Dei

350 1316 495 1370 mihi
530 1334 900 1389 nequaquam
934 1336 1113 1375 causa
1134 1321 1262 1389 fuit,
1290 1326 1352 1377 ut
1372 1324 1763 1393 corruptionis
1788 1325 1997 1393 jugum

349 1403 631 1473 subirem,
691 1406 789 1459 sed
848 1406 1155 1473 diabolus;
1205 1414 1268 1462 ut
1325 1426 1422 1478 per
1478 1411 1716 1477 bonum,
1780 1412 1997 1465 malum

352 1493 543 1563 palam
581 1494 761 1561 fieret,
787 1496 887 1566 qui
922 1496 1105 1550 eti‘ecit
1136 1498 1285 1567 apud
1325 1514 1415 1553 me
1438 1502 1501 1553 ut
1524 1500 1686 1555 fieret
1717 1504 1774 1554 et
1804 1500 2003 1570 depre-

354 1581 711 1638 henderetur
741 1601 1010 1640 summus
1043 1590 1307 1657 peccator
1339 1589 1555 1658 peccati
1578 1593 1633 1643 et
1658 1590 1999 1646 fabricator:

350 1670 565 1726 Scimus
594 1674 743 1728 enim
782 1676 924 1745 quod
964 1676 1055 1729 ter
1091 1676 1405 1746 spiritualis
1439 1682 1518 1732 est
1545 1698 1589 1746 ιι,
1643 1694 1824 1749 eoque
1858 1678 2002 1733 nulli

356 1760 536 1815 ullius
572 1764 763 1817 damni
800 1781 1012 1819 causa:
1050 1766 1378 1836 spiritualia
1407 1768 1560 1822 enim
1587 1767 2003 1823 abirrationali

2107 622 2242 677 γητε
2299 602 2388 657 ἀπ’
2443 601 2630 671 αὐτοῦ,
2689 605 2902 675 θανάτῳ
2958 604 3328 673 ἀποθανεῖσθε,
3391 605 3761 680 κατακρίματι

2110 691 2405 745 ὑπεύθυνον
2464 692 2703 765 γενέσθαι
2770 693 3265 767 κατεργασάμενος.
3332 696 3495 749 Ὥστε
3562 694 3590 747 6
3662 694 3758 765 μὶν

2104 775 2273 853 νόμος
2341 783 2516 857 ἅγιος,
2596 782 2685 837 καὶ
2738 784 2772 851 ἡ
2850 780 3045 853 ἐντολὴ
3104 789 3202 839 τοῦ
3260 788 3393 840 Θεοῦ
3465 784 3594 858 ἁγία
3671 784 3760 838 καὶ

2110 868 2289 924 δικαία
2336 872 2425 925 καὶ
2464 873 2663 949 ἀγαθὴ,
2706 872 2787 927 ὅτι
2843 874 2918 945 μὴ
2963 873 3050 928 ἐπὶ
3099 878 3178 945 τῷ
3229 873 3463 947 βλάψαι,
3505 872 3632 928 ἀλλ’
3674 873 3760 927 ἐπὶ

2104 964 2183 1031 τῷ
2208 960 2252 995 ⁸⁷
2284 964 2450 1014 σῶσαι
2502 960 2662 1031 ἐδόθη
2701 982 2713 995 ·
2760 963 2834 1035 μὴ
2868 962 2971 1039 γάρ
3016 962 3258 1037 οἰώμεθα
3288 964 3333 999 ⁸⁸
3383 962 3661 1040 ἀνωφελές
3708 984 3759 1016 τι

2186 1044 2453 1123 βλαϐερὸν
2522 1055 2695 1106 ποιεῖν
2761 1053 2854 1107 τὸν
2916 1054 3068 1110 Θεόν.
3125 1052 3188 1109 Τί
3246 1053 3387 1118 οὗν;
3433 1053 3504 1107 Τὸ
3564 1054 3763 1129 ἀγαθὸν

2108 1136 2232 1208 ἐμοὶ
2307 1138 2517 1212 ἐγένετο
2587 1139 2838 1210 θάνατος,
2916 1142 2943 1195 ’ὁ
3000 1147 3097 1197 τοῦ
3158 1142 3418 1216 μεγίστου
3465 1162 3558 1215 μοι
3614 1142 3689 1201 ὡς
3720 1143 3765 1177 ⁸⁸

2110 1223 2281 1281 αἴτιον
2334 1226 2585 1301 ἐσόμενον
2634 1230 2835 1305 ἀγαθου
2880 1230 3235 1305 νομοθέτημα
3276 1228 3433 1301 ἐδόθη
3470 1253 3485 1301 ;
3538 1231 3634 1298 Μὴ
3674 1230 3765 1306 γέ-

2109 1336 2279 1386 νοιτο,
2316 1317 2397 1370 ὅτι
2434 1319 2508 1389 μή
2552 1321 2586 1387 ἡ
2639 1318 2834 1388 ἐντολὴ
2876 1325 2973 1374 τοῦ
3015 1325 3149 1375 Θεοῦ
3199 1320 3275 1382 εἰς
3313 1321 3374 1375 τὸ
3404 1316 3768 1375 καταδουλω-

2111 1404 2264 1473 θῆναί
2299 1426 2363 1477 με
2394 1404 2602 1481 ἐγένετο
2634 1412 2703 1482 τῇ
2730 1411 2905 1486 φθορᾷ
2936 1412 2981 1447 ⁹⁰
3039 1410 3208 1479 αἰτία,
3242 1408 3370 1464 ἀλλ’
3419 1410 3447 1463 6
3478 1403 3768 1477 διάϐολος,

2113 1490 2195 1547 ἵνα
2243 1498 2528 1571 φανερωθῇ
2581 1495 2669 1551 διὰ
2716 1501 2813 1552 τοῦ
2854 1500 3053 1574 ἀγαθοῦ
3103 1499 3167 1553 τὸ
3215 1500 3378 1552 κακὸν
3431 1497 3555 1571 ἐμοὶ
3603 1518 3773 1551 κατα-

2113 1583 2397 1651 σκευάσάς,
2427 1582 2521 1639 ’ίνα
2554 1589 2775 1661 γένηται
2806 1587 2894 1641 καὶ
2944 1586 3182 1662 ἐλεγχθῇ
3214 1589 3334 1641 καθ’
3388 1580 3705 1659 ὑπερϐολὴν
3740 1587 3769 1639 6

2114 1671 2336 1743 εὐρετὴς
2369 1680 2469 1742 τῆς
2520 1676 2786 1749 ἁμαρτίας
2838 1675 3189 1750 ἁμαρτωλός.
3223 1678 3346 1749 [483
3380 1678 3473 1749 [1.]
3520 1673 3772 1748 Οἴδαμεν

2115 1760 2197 1812 ὅτι
2231 1761 2258 1814 6
2308 1762 2482 1833 νόμος
2530 1763 2643 1817 ἐστὶ
2694 1765 3084 1837 πνευματικὸς,
3118 1763 3203 1819 διὸ
3250 1764 3339 1819 καὶ
3389 1762 3541 1819 οὗδὲν
3593 1761 3774 1825 αἴτιος

354 1852 825 1923 concupiscentia
884 1860 940 1907 et
999 1831 1229 1924 peccato
1281 1858 1484 1925 procul
1539 1856 1846 1912 habitant:
1899 1859 2005 1927 Ego

2116 1846 2211 1922 γάρ
2248 1831 2465 1923 βλάϐης
2495 1851 2678 1907 οὐδενί
2713 1874 2726 1887 ·
2760 1831 2951 1927 πόρρω
2981 1831 3081 1927 γάρ
3116 1852 3408 1926 ἐπιθυμίιίς
3440 1851 3644 1927 ἀλόγου
3677 1852 3772 1907 καὶ

350 1946 535 1995 autem
556 1944 800 1996 carnalis
826 1960 967 2009 sum,
988 1946 1335 2001 venundatus
1365 1947 1461 2001 sub
1483 1948 1718 2016 peccatis
1755 1960 1807 2014 ν,
1833 1946 2003 2017 quasi

358 2029 575 2084 diceret
602 2046 615 2083 :
640 2031 755 2101 Ego
790 2037 984 2086 autem
1017 2033 1265 2089 carnalis
1297 2051 1450 2102 sum,
1474 2041 1528 2090 et
1552 2034 1611 2089 in
1646 2036 1835 2091 medio
1867 2035 2003 2091 boni

359 2120 416 2171 et
448 2117 585 2171 mali
632 2118 691 2172 in
737 2120 917 2174 libero
970 2122 1210 2178 arbitrio
1256 2125 1632 2194 constitutus,
1668 2130 1731 2179 ut
1771 2125 1828 2179 in
1879 2141 2009 2180 mea

358 2210 640 2277 potestate
671 2209 767 2277 sit,
794 2212 930 2281 quid
965 2212 1151 2268 295a
1176 2212 1348 2268 velim
1382 2214 1594 2285 eligere
1620 2231 1631 2270 :
1663 2216 1833 2270 Posui
1859 2216 2009 2270 enim

360 2299 491 2351 ante
515 2300 721 2367 faciem
764 2305 938 2371 tuam,
971 2302 1185 2373 inquit,
1228 2303 1399 2358 vitam
1437 2308 1485 2359 et
1524 2311 1755 2360 martem
1784 2321 1827 2359 ι.
1888 2307 2006 2376 Ego

367 2401 586 2455 pronus
620 2389 690 2443 ad
724 2389 1049 2445 violandam
1094 2390 1281 2463 legem
1331 2394 1698 2465 spiritualem
1743 2395 2009 2451 videlicet

359 2476 670 2546 praecepti;
704 2482 760 2532 et
796 2480 1145 2551 [promptus]
1198 2482 1269 2536 ad
1316 2484 1673 2538 materialem
1724 2485 1848 2555 [seu
1889 2501 2008 2539 car-

362 2564 579 2636 nalem]
625 2568 912 2638 serpentis
960 2570 1221 2625 videlicet
1272 2573 1732 2643 suggestionem,
1774 2578 2009 2645 propter

359 2652 509 2710 hanc
554 2654 886 2713 electionem
931 2660 1297 2716 venundatus
1347 2662 1527 2717 cecidi
1575 2663 1631 2717 in
1676 2668 2003 2734 peccatum,

360 2743 644 2799 obnoxius
668 2745 912 2802 diabolo.
940 2748 1085 2803 Hinc
1116 2765 1253 2821 ergo
1276 2750 1549 2807 obsidens
1582 2768 1673 2807 me
1705 2762 2003 2824 peccatum

360 2830 577 2888 insidet
606 2838 662 2889 et
702 2836 905 2892 incolit
960 2843 1133 2909 atque
1191 2839 1475 2895 inhabitat
1521 2842 1577 2896 in
1623 2858 1794 2897 carne
1853 2860 2003 2903 mea.

360 2937 529 2991 poena
562 2924 703 2977 mihi
739 2924 923 2996 legem
959 2929 1356 2998 przevaricanti
1382 2930 1670 3001 imposita,
1698 2940 1757 2986 ut
1788 2949 2005 2987 venun-

358 3010 529 3066 darer
551 3018 803 3084 peccato.
840 3015 982 3070 Hinc
1013 3016 1156 3072 illud
1208 3018 1461 3075 dictum:
1499 3022 1652 3089 Quod
1678 3038 1868 3092 operor
1894 3037 2006 3077 non

356 3099 643 3169 intelligo;
673 3110 723 3157 et
755 3103 894 3173 quod
924 3105 1033 3173 odi,
1065 3106 1208 3176 facio
1237 3120 1265 3159 r
1292 3124 1314 3170 ;
1347 3124 1459 3163 non
1491 3114 1581 3164 est
1612 3110 1681 3163 de
1720 3110 1889 3165 factis
1919 3109 2003 3163 in-

355 3188 762 3259 telligendum,
783 3193 881 3246 sed
911 3194 978 3247 de
1002 3194 1123 3249 solo
1155 3197 1425 3266 cogitatu.
1452 3198 1648 3269 Neque
1666 3197 1818 3253 enim
1837 3206 1922 3253 est
1942 3196 2001 3253 in

363 3282 565 3331 nostra
596 3284 878 3348 potestate
908 3282 1159 3354 cogitare
1182 3289 1282 3338 aut
1303 3302 1416 3339 non
1437 3287 1691 3356 cogitare
1717 3288 2002 3342 absurda:

363 3366 464 3419 sed
501 3366 603 3433 uti,
640 3368 727 3421 vel
763 3385 876 3424 non
908 3370 988 3425 uti
1022 3372 1478 3442 cogitationibus
1522 3375 1713 3447 reipsa
1746 3378 1802 3431 in
1837 3376 2005 3431 nobis

366 3458 475 3509 est.
501 3454 645 3510 Nam
671 3474 866 3513 arcere
885 3459 1264 3530 cogitationes
1289 3464 1371 3517 uti
1395 3464 1562 3519 nobis
1584 3481 1695 3519 non
1727 3465 2004 3526 incidant.

366 3558 481 3597 non
507 3560 839 3614 possumus,
864 3564 998 3603 cum
1020 3549 1253 3606 aliunde
1272 3557 1571 3621 suggesta:
1593 3554 2005 3609 admittamus:

366 3634 467 3687 sed
500 3636 851 3704 consentire,
877 3644 974 3693 aut
997 3643 1225 3710 patrare
1248 3658 1363 3696 non
1394 3642 1677 3711 cogimur.
1697 3648 2012 3716 Propterea

367 3722 516 3778 Velle
542 3725 689 3780 mihi
720 3728 939 3798 quidem
970 3728 1205 3800 adjacet,
1239 3747 1311 3785 ne
1344 3732 1498 3788 mala
1529 3734 1809 3804 cogitem;
1834 3734 2012 3804 per/i-

360 3827 480 3867 cere
511 3818 714 3881 autem,
740 3821 802 3871 ut
818 3816 913 3872 illa
929 3818 1321 3890 exstinguam,
1343 3838 1413 3877 ne
1431 3822 1685 3894 amplius
1718 3822 1900 3879 menti
1918 3838 2010 3878 oc-

366 3910 627 3971 currant,
648 3923 759 3962 non
791 3907 959 3964 habeo
999 3922 1036 3965 τ.
1057 3910 1202 3974 Quia
1232 3910 1363 3979 hoc,
1387 3916 1453 3967 ut
1484 3912 1749 3969 dicebam
1782 3930 1897 3969 non
1930 3920 2015 3968 est

366 3993 424 4047 in
458 3998 658 4050 nostra
691 4000 991 4067 potestate,
1028 4003 1093 4054 ut
1125 4000 1173 4055 si
1218 4016 1423 4056 sensus
1461 4001 1594 4059 talis
1626 4002 1803 4074 hujus
1834 4002 2013 4057 dicti:

365 4082 484 4138 Non
530 4086 699 4152 enim,
732 4088 881 4157 quod
938 4089 1054 4143 volo
1114 4089 1320 4145 bonum
1357 4090 1522 4161 facio.
1555 4092 1698 4148 Volo
1739 4093 1895 4149 enim
1944 4107 2017 4147 ne

367 4173 619 4245 cogitare
657 4176 916 4247 quidem,
960 4195 1086 4249 quas
1130 4179 1274 4234 mihi
1329 4186 1611 4249 noceant;
1658 4182 1763 4237 hoc
1805 4183 2017 4237 etenim

361 4262 581 4318 bonum
640 4281 876 4335 prorsus
936 4266 1300 4338 inculpatum
1356 4277 1458 4325 est.
1503 4271 1571 4325 Et
1602 4270 1711 4327 hoc
1755 4270 2016 4341 quidem,

362 4353 515 4422 quod
548 4353 676 4409 volo
710 4356 953 4424 bonum,
989 4373 1103 4411 non
1140 4358 1328 4426 facio;
1363 4359 1504 4429 quod
1529 4376 1654 4415 vero
1684 4362 1833 4428 nolo,
1866 4359 2015 4429 facio

2116 1939 2380 2013 ἁμαρτίας
2428 1940 2749 2011 ἐσκήνηνται
2796 1944 2865 1997 τά
2911 1942 3271 2015 πνευματικά.
3336 1942 3480 2017 Ἐγὼ
3528 1939 3585 1995 δὲ
3634 1943 3771 2015 σάρ-

2117 2030 2266 2093 κινός
2326 2030 2462 2104 εἰμι,
2521 2032 2865 2107 πεπραμένος
2943 2034 3046 2088 ὑπὸ
3105 2036 3205 2103 τήν
3297 2032 3585 2108 ἁμαρτίαν,
3649 2033 3767 2086 οἷον

2117 2118 2221 2193 ἐγὼ
2272 2116 2328 2173 δὲ
2386 2121 2633 2195 σάρκινος
2685 2120 2776 2191 ὢν,
2820 2123 2909 2178 καὶ
2968 2122 3019 2177 ἐν
3075 2122 3223 2197 μέσῳ
3263 2127 3361 2178 τοῦ
3416 2123 3614 2196 ἀγαθοῦ
3670 2122 3766 2176 καὶ

2117 2208 2360 2280 πονηροῦ
2403 2211 2753 2274 κατασταθεὶς
2811 2212 2887 2275 ὡς
2946 2211 3309 2281 αὒτεξούσιος,
3362 2209 3454 2266 ’ἶνα
3502 2211 3590 2267 ἐπ’
3636 2210 3769 2284 ἐμοὶ

2117 2294 2334 2352 ἑλέσθαι
2392 2300 2422 2353 ὅ
2483 2299 2757 2373 βούλομαι
2823 2301 2860 2375 ᾖ
2914 2301 3163 2373 (Τέθεικα
3228 2302 3356 2378 γὰρ,
3424 2300 3579 2379 φησὶ,
3657 2300 3770 2373 πρὸ

2116 2388 2413 2459 προσώπου
2457 2390 2501 2427 ⁹¹
2564 2410 2658 2444 σου
2703 2393 2748 2427 ’⁸
2813 2392 2911 2460 την
2970 2392 3115 2459 ζωὴν
3180 2392 3270 2445 καὶ
3335 2390 3424 2445 τὸν
3483 2391 3771 2464 θάνατον),

2114 2478 2299 2542 νεύσας
2355 2481 2489 2551 πρὸς
2546 2482 2608 2535 τὸ
2674 2484 3011 2555 παρακοῦσαι
3076 2481 3167 2553 μὲν
3235 2485 3331 2536 τοῦ
3395 2484 3772 2553 πνευματικοῦ

2115 2568 2311 2639 νόμου,
2359 2570 2472 2622 οἷον
2510 2575 2608 2637 τῆς
2660 2568 2908 2639 ἐντολῆς,
2958 2569 3250 2623 ἐπακοῦσαι
3305 2566 3360 2623 δὲ
3398 2572 3493 2623 τοῦ
3543 2568 3769 2638 ύλικοῦ,

2118 2660 2231 2711 οἷον
2276 2662 2373 2712 τοῦ
2424 2653 2599 2733 ὄφεως
2650 2665 2743 2727 τῆς
2786 2654 3149 2731 συμϐουλίας,
3199 2657 3480 2732 πέπραμαι
3528 2654 3619 2711 διά
3662 2659 3763 2725 τὴν

2113 2746 2371 2818 τοιαύτην
2422 2746 2645 2821 α’ίρεσιν,
2714 2751 2841 2822 [913
2882 2750 2975 2822 R.]
3031 2749 3209 2803 πεσὼν
3270 2748 3372 2802 ὑπὸ
3428 2748 3525 2815 τὴν
3584 2747 3767 2821 ἁμαρ-

2113 2836 2250 2904 τίαν,
2291 2842 2370 2909 τῷ
2428 2833 2697 2910 διαϐόλῳ.
2754 2840 2910 2895 ’ΌΘεν
2968 2838 3203 2893 ἐντεῦθεν
3259 2835 3636 2911 πολιορκῆσάν
3700 2857 3765 2908 με

2113 2928 2174 2981 τὸ
2231 2928 2392 2981 κακὸν
2448 2926 2692 2997 ἐνιζάνει,
2750 2927 2839 2981 καὶ
2899 2926 3318 2999 ἐμπολιτεύεται
3376 2925 3684 2993 εἷσοικῆσαν
3719 2925 3766 2960 ⁸³

2116 3016 2166 3071 ἐν
2208 3022 2277 3091 τῇ
2311 3015 2467 3091 σαρκί
2519 3038 2646 3090 μου,
2682 3014 2838 3086 δίκης
2889 3016 3223 3087 ἐπιτεθείσης
3261 3034 3351 3087 μοι
3400 3015 3500 3082 τὴν
3530 3012 3765 3082 ἐντολήν

2116 3107 2436 3176 ἀθετήσαντι
2479 3107 2748 3181 πραθῆναι
2792 3109 2871 3178 τῷ
2914 3110 3084 3178 κακῷ.
3129 3105 3223 3159 Διὸ
3271 3103 3359 3158 καὶ
3391 3105 3453 3159 τό
3488 3123 3500 3135 ⁸
3554 3102 3631 3159 Οῦ
3668 3124 3767 3179 γι-

2113 3198 2305 3251 νώσκω
2362 3197 2391 3251 ’ὸ
2438 3197 2862 3271 κατεργάζομαι,
2921 3196 3011 3249 καί
3046 3213 3060 3228 ·
3123 3198 3273 3249 Ποιῶ
3320 3194 3349 3248 ’ὁ
3402 3197 3566 3266 μισῶ,
3608 3191 3771 3265 λεγό-

2120 3307 2276 3358 μενον
2330 3286 2429 3340 οὐκ
2469 3284 2556 3340 ἐπὶ
2603 3289 2700 3339 τοῦ
2752 3282 2941 3359 δρᾶσαι
2989 3284 3052 3339 τὸ
3103 3282 3308 3362 φαῦλον
3352 3280 3771 3357 παραληπτέον,

2116 3374 2245 3429 ἀλλ’
2276 3375 2359 3429 ἐπὶ
2396 3374 2491 3429 τοῦ
2536 3370 2694 3448 μόνον
2748 3374 3140 3447 ἐνθυμηθῆναι.
3173 3373 3245 3427 Οὐ
3276 3372 3377 3447 γὰρ
3414 3370 3495 3449 ἐφ’
3534 3373 3673 3443 ἡμῖν
3706 3372 3772 3425 τὸ
3830 3400 3839 3408 -

2118 3464 2461 3539 ἐνθυμεῖσθαι
2504 3466 2539 3535 ἢ
2592 3465 2666 3537 μὴ
2709 3460 3049 3536 ἐνθυμεῖσθαι
3081 3466 3251 3516 κεῖται
3277 3462 3344 3515 τὰ
3392 3458 3592 3531 ἄτοπα,
3622 3459 3775 3515 ἀλλὰ

2118 3555 2182 3609 τὸ
2222 3556 2459 3629 χρῆσθαι
2504 3556 2539 3625 ἢ
2576 3555 2650 3627 μὴ
2704 3554 2941 3627 χρῆσθαι
2986 3557 3101 3613 τοῖς
3162 3550 3527 3623 ἐνθυμήμασι.
3572 3548 3772 3605 Κωλῦο

2121 3666 2208 3699 σαι
2251 3645 2344 3718 μὲν
2402 3645 2503 3718 γὰρ
2558 3642 2772 3698 πίπτειν
2832 3641 2907 3702 εἷς
2962 3643 3109 3715 ἡμᾶς
3158 3636 3653 3714 τοὺς’λογισμοῦς
3708 3639 3770 3693 ού

2126 3734 2417 3806 δυνάμεθα,
2467 3729 2925 3809 προσδεχομένων
2976 3732 3136 3804 ἡμῶν
3194 3726 3383 3799 ἔξωθεν
3444 3728 3776 3801 εἷσπνεομέε

2124 3845 2249 3885 νους
2293 3838 2307 3854 ⁸
2340 3823 2415 3896 μὴ
2447 3823 2731 3889 πεισθῆναι
2766 3820 2950 3893 μέντοι
2989 3820 3025 3890 ἢ
3060 3819 3136 3891 μή
3187 3821 3425 3897 χρῆσθαι
3476 3815 3773 3889 δυνάμεθα.

2128 3914 2221 3969 Διὸ
2276 3913 2337 3967 τὸ
2394 3914 2489 3985 μὲν
2546 3908 2720 3965 θέλειν
2762 3908 2894 3964 αὐτά
2953 3909 3027 3981 μὴ
3087 3906 3455 3979 ἐνθυμηθῆναι
3507 3912 3781 3980 παρακεῖ-

2130 4006 2250 4059 σθαι
2299 4004 2368 4075 ⁹⁴,
2411 4002 2473 4055 τὸ
2533 3998 2588 4055 δὲ
2634 3999 3061 4076 κατεργάσασθαι
3109 3998 3185 4059 εἷς
3232 3997 3294 4052 τὸ
3352 3997 3630 4072 ἀφανίσαι,
3682 3996 3780 4051 *ἕνα

2132 4094 2209 4167 μὴ
2241 4094 2288 4129 ⁸⁵
2342 4092 2494 4153 αὗθις
2533 4089 2659 4164 περὶ
2704 4090 2795 4144 τὸν
2854 4087 3121 4162 λογισμὸν
3174 4085 3493 4156 ἀνέλθωσιν,
3546 4084 3633 4153 οὗ,
3691 4086 3778 4141 ὅτι

2132 4186 2209 4256 μή
2257 4187 2431 4237 κεῖται
2476 4184 2638 4235 τοῦτο
2684 4177 2770 4255 ἔφ’
2817 4180 2977 4250 ἡμῖν,
3020 4178 3092 4239 ὡς
3144 4172 3294 4256 ἔφην.
3347 4179 3454 4239 ”Ως⁹
3503 4176 3634 4230 εἶναι
3687 4177 3782 4230 τὸν

2128 4276 2251 4327 νοῦν
2281 4274 2529 4326 τοιοῦτον
2575 4272 2671 4324 τοῦ
2707 4267 2876 4341 ῥητοῦ
2910 4286 2921 4298 ·
2957 4264 3029 4319 Οὐ
3060 4266 3165 4340 γὰρ
3197 4265 3225 4319 ὃ
3275 4263 3416 4318 θέλω
3460 4268 3610 4317 ποιῶ
3641 4262 3780 4339 ἀγα-

2127 4364 2240 4419 θόν.
2274 4358 2426 4415 Θὲλω
2468 4357 2571 4435 γάρ
2605 4358 2682 4430 μή
2729 4353 3129 4429 ἐνθυμεῖσθαιᾶ
3180 4352 3407 4427 βλάπτει
3444 4373 3532 4426 με,
3580 4349 3775 4420 ἐπειδὴ

359 4442 572 4496 malum
601 4443 806 4499 -.Nolo
829 4445 1103 4518 cogitare,
1126 4449 1435 4519 cogitando
1456 4448 1685 4504 interim
1712 4466 1835 4520 quas
1871 4451 2000 4505 nolo

2117 4456 2280 4509 τοῦτο
2312 4450 2374 4505 τὸ
2413 4447 2611 4523 ἀγαθὸν
2643 4445 3011 4518 πανάμωμον.
3040 4442 3144 4499 Καὶ
3199 4447 3360 4498 τοῦτο
3396 4444 3515 4516 μὶν,
3549 4443 3577 4496 ὃ
3626 4442 3776 4497 θέλω

365 4530 639 4601 cogitare.
695 4534 883 4605 Atque
957 4541 1192 4607 propter
1258 4537 1377 4593 base
1444 4538 1572 4610 ipsa
1628 4539 1771 4595 forte
1823 4541 1999 4597 David

365 4619 550 4677 Deum
600 4622 888 4695 [supplex]
939 4624 1097 4693 adiit,
1133 4625 1318 4682 iratus
1368 4628 1818 4697 cogitationibus
1862 4631 2006 4697 suis,

366 4729 513 4784 quas
544 4729 757 4785 passus
801 4718 891 4769 est
928 4715 1188 4771 invitus:
1221 4718 1297 4772 Ab
1338 4717 1563 4773 occultis
1615 4721 1753 4774 meis
1800 4721 2009 4776 munda

362 4821 467 4874 me,
500 4813 553 4861 et
582 4804 649 4860 ab
681 4804 881 4861 alienis
906 4822 1073 4877 parce
1101 4824 1255 4864 servo
1287 4816 1395 4866 tuo.
1431 4808 1492 4864 Si
1520 4812 1630 4865 mei
1661 4825 1768 4865 non
1797 4812 2010 4881 fuerint

362 4894 656 4963 dominati,
716 4900 846 4952 tunc
895 4897 1284 4954 immaculatus
1335 4914 1447 4964 ero,
1498 4906 1548 4954 et
1594 4899 1931 4956 emundabor
1977 4919 2011 4957 a

362 4985 552 5043 delicto
606 5003 804 5057 magno
844 4987 887 5043 δ.
921 4987 992 5042 Et
1022 4986 1145 5058 ipse
1195 4986 1505 5059 Apostolus
1554 4987 1732 5044 alibi:
1770 4990 2012 5046 Consilia

361 5074 713 5145 destruentes,
769 5086 819 5133 et
873 5092 1088 5135 omnem
1142 5077 1504 5134 altitudinem
1555 5078 1909 5135 extollentem
1958 5096 2015 5135 se

366 5164 624 5221 adversus
647 5166 941 5223 scientiam
990 5168 1106 5233 Dei,
1137 5171 1190 5223 et
1218 5168 1279 5222 in
1307 5169 1681 5239 captivitatem
1711 5170 2014 5240 redigentes

364 5266 581 5309 omnem
610 5258 949 5314 intellectum
977 5258 1039 5313 in
1071 5259 1388 5331 obsequium
1416 5257 1627 5315 Christi
1656 5272 1699 5313 ο.

2114 4544 2335 4622 ἀγαθὸν,
2369 4542 2430 4597 o6
2470 4544 2616 4597 ποιῶ
2650 4558 2662 4572 ·
2720 4539 2749 4594 ’ὁ
2801 4536 2857 4593 δὲ
2894 4539 2969 4611 μή
3002 4536 3170 4609 θέλω,
3216 4537 3438 4613 πράσσω
3489 4535 3673 4601 κακὸν,
3708 4534 3775 4587 ού

2114 4620 2286 4689 θέλων
2329 4632 2655 4700 ἐννοεῖσθαι,
2701 4628 2790 4683 καὶ
2845 4626 3201 4699 ἐννοούμενος
3250 4625 3283 4680 ἆ
3335 4628 3408 4699 μὴ
3462 4622 3622 4678 θέλω.
3658 4620 3767 4678 Καὶ

2117 4721 2473 4796 ἐπισκέψασθε
2530 4719 2575 4774 εἰ
2640 4719 2714 4792 μὴ
2778 4713 2869 4771 διὰ
2941 4720 3108 4771 ταῦτα
3168 4714 3302 4770 αὐτὰ
3353 4714 3438 4768 καὶ
3500 4714 3527 4766 6
3595 4705 3771 4767 Δαϐῖδ

2118 4812 2436 4887 ἐνετύγχανε
2482 4812 2561 4881 τῷ
2593 4811 2731 4879 Θεῷ,
2784 4803 3159 4883 δυσχεραίνων
3212 4803 3298 4859 ἐπὶ
3328 4808 3407 4875 τῷ
3457 4800 3781 4877 λογίζεσθαι

2116 4899 2208 4955 καὶ
2248 4899 2409 4955 αὐτὸν
2441 4897 2474 4952 ἃ
2508 4898 2585 4971 μὴ
2615 4894 2809 4967 ἤθελεν
2846 4912 2859 4927 ·
2896 4896 3029 4949 Ἀπὸ
3056 4900 3167 4948 τῶν
3199 4893 3439 4970 κρυφίων
3477 4914 3583 4966 μου
3613 4893 3782 4946 καθά-

2122 4991 2266 5065 ρισὸν
2327 5009 2413 5063 με,
2482 4988 2570 5041 καὶ
2628 4984 2733 5041 ἀπὸ
2779 4986 2824 5021 ’6
2882 4983 3197 5058 ἀλλοτρίων
3250 4987 3429 5063 φεῖσαι
3485 4981 3589 5036 τοῦ
3650 4979 3781 5035 δού-

2120 5080 2220 5137 λου
2306 5099 2423 5135 σου.
2514 5078 2637 5132 Ἐάν
2736 5076 2814 5148 μή
2903 5095 3007 5147 μου
3091 5072 3581 5149 κατακυριεύσωσι,
3658 5070 3783 5126 τότε

2120 5164 2355 5241 ἄμωμος
2421 5165 2615 5240 ἔσομαι
2696 5163 2788 5218 καὶ
2860 5162 3336 5236 καθαρισθιςσομαι
3415 5158 3521 5214 ἀπὸ
3601 5160 3785 5232 ἁμαρ-

2118 5256 2236 5318 τίας
2290 5254 2559 5334 μεγάλης.
2610 5252 2708 5307 Καὶ
2753 5251 2914 5313 αὐτὸς
2962 5248 3019 5306 δὲ
3050 5252 3077 5305 6
3126 5248 3462 5312 ’Δπόστολος
3508 5248 3562 5303 ἐν
3609 5247 3783 5321 ἑτέρῳ

438 5366 466 5392 ιι
500 5351 841 5429 _Bom.ﬂvn,
889 5358 975 5415 14.
1006 5369 1033 5397 ν
1096 5357 1246 5413 Ibid.
1301 5371 1326 5396 ι
1372 5359 1539 5414 Deut.
1579 5375 1711 5429 xxx,
1760 5359 1847 5415 15.
1903 5372 1931 5413 γ
1970 5357 2139 5415 Rom.
2183 5373 2283 5425 v11,
2332 5358 2418 5413 15.
2483 5370 2505 5397 ι
2544 5355 2691 5412 Ibid.
2745 5355 2833 5410 18.
2914 5366 2939 5395 ι
2976 5352 3122 5409 Ibid.
3176 5354 3257 5408 19.
3342 5354 3367 5393 δ
3413 5351 3566 5410 Psal.
3613 5368 3783 5420 xvm,

1719 5502 1965 5560 VARle
2005 5501 2305 5560 LECTION
2316 5502 2413 5559 ES.

371 5424 456 5495 ιε,
493 5424 577 5480 14.
636 5440 659 5466 ο
697 5428 748 5483 11
779 5424 909 5485 COr.
941 5446 996 5498 κ,
1028 5430 1083 5497 4,
1113 5431 1168 5484 5.

442 5586 660 5658 "rcfpiB
698 5584 802 5658 ετὸ

1029 5590 1074 5623 ⁸⁸
1099 5588 1331 5664 οἰόμεθα

375 5657 508 5734 φησὶ
550 5657 633 5732 ς.

732 5657 780 5733 9?
810 5657 907 5711 σου
937 5660 1165 5733 om.

1566 5591 1615 5626 δν
1653 5609 1767 5650 om.
1818 5598 1874 5647 B.

1979 5593 2025 5670 f0
2052 5589 2154 5670 ‘tﬁ‘
2168 5592 2361 5670 φθορᾷ]
2406 5591 2751 5670 φθορᾷςΑΒ
2783 5594 2854 5670 e_t_
2883 5602 3032 5670 corr.
3066 5590 3131 5642 A.

1266 5664 1311 5734 υ
1340 5658 1651 5734 εἷᾶοικῆσαν
1684 5683 1832 5721 corr.
1874 5668 1942 5734 Α.
1972 5658 2250 5732 ἐνοιιῖιῆσαν
2274 5658 2365 5719 ’ΒῨΞ
2415 5658 2759 5734 εἲσοικξεῖσθριι
2793 5658 2874 5734 _.

3233 5587 3279 5623 ⁹¹
3321 5586 3428 5660 πρὸ
3463 5604 3781 5660 Δπροσωπου

2978 5658 3033 5735 Ῠ⁴ᾼ
3056 5657 3431 5735 παρακεῖσθαι]
3447 5657 3784 5735 legendum

370 5729 597 5791 videtur
625 5729 964 5804 παράκειται.
1043 5729 1204 5787 π”ίνα
1235 5733 1312 5807 μή
1339 5763 1407 5776 -
1437 5729 1734 5792 ἀνέλθωσιν
1763 5736 1806 5793 Β
1840 5753 1853 5793 :
1880 5733 1974 5790 τίνιιι
2000 5734 2090 5791 καὶ
2130 5729 2198 5781 -ὲ-
2230 5735 2306 5809 μὴ
2339 5733 2633 5791 ἀνέλθωσιν
2667 5732 2749 5807 ς’.
2808 5729 2872 5767 ⁷⁹⁶
2904 5729 3035 5805 ἀπὸ]
3066 5729 3213 5789 Pii].
3245 5729 3525 5801 ινιιιί13.
