4100 6242
311 379 467 438 1l19

1526 369 1795 430 PHOTII
1838 369 2362 430 PATRIABCH/E
2405 368 2522 430 GP.

3564 382 3722 441 1120

306 510 465 567 exuti
516 524 749 576 sumus,
787 508 843 561 et
892 503 1081 560 296a
1129 502 1411 572 corporali
1472 501 1959 572 concupiscientia

2076 499 2333 573 ρωθέντες
2393 497 2449 554 δὲ
2505 497 2798 572 ἐπιθυμίας
2858 500 3083 573 ὑλικῆς⁹
3136 503 3201 573 ἤν
3260 508 3287 560 6
3366 506 3725 583 πολύτροπος

308 597 553 670 impleti,
579 611 755 667 quam
789 592 1036 647 callidus
1059 590 1225 645 nobis
1248 605 1487 661 serpens
1507 590 1775 646 immisit.
1807 590 1952 646 Hinc

311 689 464 743 Deus
498 689 764 748 mortem,
797 698 915 753 qua
946 681 1159 735 deleret
1196 679 1257 734 in
1299 681 1466 736 nobis
1498 684 1822 750 peccatum,
1855 696 1949 735 ex-

311 775 604 847 cogitavit,
640 776 704 827 ut
735 788 807 827 ne
831 771 891 825 in
925 770 1113 837 nobis,
1148 769 1195 823 si
1229 769 1588 825 immortales
1638 770 1955 825 mansisse-

312 879 462 931 mus,
496 862 667 917 etiam
701 859 1168 929 concupiscentia
1200 875 1431 930 semper
1462 857 1823 927 repullulans
1845 858 1951 913 im-

310 952 576 1008 mortalis
607 955 780 1005 esset.
842 946 1005 1003 Unde
1052 946 1404 1017 Apostolus:
1449 947 1571 1003 Scio
1618 947 1764 1002 enim
1816 946 1955 1017 quod

311 1058 423 1097 non
455 1039 657 1095 habitet
688 1040 745 1093 in
775 1054 881 1105 me,
916 1038 1016 1093 hoc
1063 1047 1160 1103 est,
1214 1038 1273 1091 in
1310 1052 1479 1092 carne
1532 1054 1675 1105 mea,
1711 1037 1954 1097 bonum;

306 1132 459 1203 quod
506 1146 641 1184 cum
674 1128 832 1196 dicit,
866 1128 990 1183 vult
1021 1126 1313 1182 declarare
1344 1133 1639 1195 peccatum
1674 1125 1733 1180 in
1764 1125 1952 1193 nobis,

312 1224 443 1291 post
477 1216 1029 1291 praevaricationem,
1064 1232 1162 1285 per
1191 1215 1717 1287 concupiscentiam
1753 1215 1957 1271 nidifi—

316 1327 501 1376 easse,
528 1310 696 1378 cujus
727 1307 884 1363 velut
916 1324 1061 1362 nova
1101 1306 1385 1379 germina,
1419 1308 1797 1379 cogitationes
1829 1325 1954 1362 car-

313 1416 447 1455 nem
484 1397 790 1453 titillantes
822 1396 881 1450 in
936 1396 1106 1451 nobis
1148 1411 1381 1467 semper
1432 1398 1773 1452 excitantur.
1835 1397 1955 1452 Duo

312 1489 469 1544 enim
493 1486 903 1555 cogitationum
930 1501 1140 1556 genera
1160 1486 1467 1553 exsistunt,
1492 1486 1734 1541 alterum
1755 1503 1788 1541 a
1809 1503 1957 1542 con-

311 1579 714 1652 cupiscientia,
748 1594 808 1633 se
839 1577 895 1631 in
927 1593 1140 1648 corpus
1171 1581 1435 1632 nostrum
1468 1576 1823 1644 insinuante,
1860 1594 1959 1632 na-

313 1678 457 1736 tum,
492 1668 650 1740 quod
680 1685 746 1723 ex
784 1683 974 1733 sensu,
1007 1671 1072 1721 ut
1117 1667 1255 1735 dixi,
1294 1682 1393 1721 seu
1426 1666 1796 1737 cogitatione,
1830 1682 1957 1722 cor.

318 1759 537 1831 poralis
552 1758 792 1828 spiritus
816 1763 1075 1822 constat;
1098 1756 1344 1811 alterum
1368 1760 1561 1811 autem
1585 1773 1616 1810 a
1638 1755 1759 1826 lege
1781 1755 1959 1811 divini

317 1828 590 1920 praecepti
639 1845 1038 1917 [profectum],
1068 1861 1245 1916 quam
1280 1844 1363 1900 uti
1416 1845 1734 1899 naturalem
1769 1843 1954 1913 legem
1988 1828 2035 1893 Β

316 1954 347 1989 a
377 1937 493 1993 Deo
524 1936 759 1992 insitam
785 1937 1139 2006 accepimus,
1159 1952 1290 2006 quae
1311 1939 1565 1988 mentem
1595 1938 1853 1989 nostram
1887 1934 1959 1988 ad

320 2026 594 2080 virtutem
671 2025 901 2080 excitat.
953 2023 1114 2078 Unde
1181 2022 1656 2079 condelectamur
1702 2022 1837 2094 legi,
1896 2025 1954 2077 in

316 2114 533 2180 animo,
566 2114 673 2169 hoc
704 2112 859 2167 enim
893 2113 1132 2167 interior
1161 2112 1337 2166 homo
1368 2116 1476 2167 est.
1512 2111 1645 2182 Legi
1674 2127 1807 2166 vero
1837 2112 1954 2167 dia-

314 2201 434 2258 boli
496 2200 1013 2272 [condelectamur]
1056 2201 1381 2256 secundum
1416 2200 1835 2256 inhabitantem
1897 2201 1955 2255 in

315 2305 495 2346 carne
529 2289 1087 2360 concupiscentiam.
1115 2288 1392 2344 Diabolus
1422 2287 1601 2357 enim,
1635 2289 1736 2360 qui
1782 2306 1958 2361 repu-

320 2389 477 2452 gnat,
510 2383 567 2435 et
595 2385 893 2451 oppugnat
926 2379 1111 2451 legem
1142 2378 1243 2434 Dei
1268 2379 1431 2449 quasi
1454 2379 1737 2450 impetum
1762 2395 1961 2450 quem-

320 2472 454 2527 dam
481 2472 692 2525 mentis
723 2471 792 2525 ad
827 2469 1042 2525 bonum
1080 2487 1095 2538 ;
1129 2468 1221 2524 hic
1252 2474 1341 2524 est
1371 2469 1469 2540 qui
1495 2485 1702 2525 sensus
1729 2473 1959 2524 nostros

320 2560 649 2630 corporales
681 2564 737 2615 et
765 2559 1001 2615 vitiosos
1036 2574 1266 2630 semper
1296 2557 1546 2629 impellit
1577 2559 1645 2613 ad
1684 2558 1958 2629 impieta-

317 2652 449 2705 tem.
483 2650 621 2704 Tres
651 2648 807 2704 enim
863 2647 1072 2704 Paulus
1106 2647 1198 2702 hic
1259 2647 1561 2702 manifeste
1621 2648 1765 2703 mihi
1803 2647 1960 2718 leges

317 2737 603 2809 explicare
633 2737 862 2793 videtur
895 2754 907 2791 :
942 2754 1117 2793 unam
1149 2738 1471 2793 secundum
1493 2737 1733 2793 insitum
1762 2737 1823 2791 in
1856 2754 1961 2793 no-

321 2825 413 2881 bis
443 2826 690 2894 bonum,
740 2842 911 2897 quam
946 2831 1146 2899 aperte
1204 2828 1422 2882 vocavit
1478 2826 1663 2899 legem
1696 2826 1910 2882 mentis
1946 2841 1959 2880 :

320 2914 589 2986 alteram,
615 2931 739 2986 quae
768 2916 832 2970 tit
862 2932 929 2971 ex
959 2917 1174 2972 diaboli
1218 2917 1436 2985 impetu
1478 2932 1574 2971 seu
1621 2916 1958 2984 tentatione,

325 3020 457 3059 cum
492 3021 643 3075 saepe
672 3005 740 3058 ad
767 3005 1062 3075 improbas
1090 3004 1344 3060 animam
1379 3005 1659 3077 pertrahit
1681 3005 1964 3076 imagina-

324 3094 524 3157 tiones,
559 3109 731 3164 quam
763 3093 839 3148 ait
899 3110 1222 3165 repugnare
1268 3094 1379 3165 legi
1424 3094 1650 3150 mentis.
1709 3095 1959 3150 Tertiam

322 3183 637 3236 secundum
662 3186 965 3251 peccatum
978 3200 1043 3238 ex
1059 3182 1961 3254 concupiscentiainveterescen-

321 3275 437 3325 tem
480 3269 539 3323 in
589 3286 778 3337 carne,
814 3288 987 3342 quam
1020 3272 1210 3343 legem
1251 3271 1467 3340 peccati
1510 3272 1866 3328 habitantem
1897 3272 1955 3327 in

323 3356 599 3412 membris
629 3358 958 3428 appellavit,
981 3374 1099 3429 qua
1124 3359 1395 3413 inductus
1435 3358 1654 3428 [homo]
1686 3375 1837 3429 sepe
1885 3359 1956 3413 ad

320 3449 626 3516 peccatum
658 3450 714 3501 et
742 3446 1038 3516 improbas
1070 3446 1326 3501 actiones
1364 3446 1675 3518 pellicitur.
1716 3446 1961 3503 Videtur

324 3536 481 3591 enim
514 3536 679 3607 quasi
705 3536 1031 3608 nobisipsis
1063 3552 1217 3594 nunc
1248 3538 1356 3593 hoc
1378 3537 1610 3606 melius,
1644 3554 1797 3594 nunc
1820 3538 1959 3594 illud

321 3625 617 3687 deterius;
652 3630 864 3681 etcum
911 3626 991 3690 id,
1027 3627 1179 3698 quod
1239 3625 1407 3681 nobis
1465 3626 1694 3682 videtur
1752 3631 1962 3683 natura

322 3714 554 3785 melius,
587 3715 867 3771 deteriore
898 3714 996 3771 illo
1028 3715 1323 3787 potentius
1356 3716 1549 3785 fuerit,
1581 3717 1811 3773 animus
1841 3720 1961 3773 toto

322 3802 545 3875 impetu
573 3805 751 3862 fertur
771 3804 830 3860 in
862 3805 1079 3861 bonum
1106 3822 1119 3873 ;
1150 3807 1386 3877 quando
1406 3821 1535 3860 vero
1558 3805 1618 3861 id
1639 3806 1794 3877 quod
1813 3806 1964 3861 dete-

320 3894 445 3951 rius
466 3899 575 3962 est,
603 3911 845 3966 regnum
875 3895 1192 3951 insolenter
1209 3895 1512 3962 ati‘ectarit,
1532 3895 1706 3952 homo
1726 3912 1961 3952 rursum

322 3984 610 4041 contraria
641 3984 824 4041 viain
884 3984 1199 4042 deteriores
1230 3986 1613 4058 cogitationes
1662 3990 1718 4043 et
1763 3988 1961 4042 consi-

320 4072 397 4129 lia
432 4091 684 4146 praeceps
712 4074 923 4146 agitur.
959 4074 1277 4147 Eapropter
1291 4076 1602 4147 Apostolus
1623 4077 1695 4132 ab
1714 4093 1778 4133 eo
1809 4076 1966 4133 velut

324 4168 507 4220 morte
538 4168 593 4219 et
623 4164 797 4219 exitio
828 4165 988 4236 cupit
1021 4165 1253 4220 liberari
1281 4167 1296 4218 J'
1342 4208 1355 4233 ,
1379 4166 1879 4237 quemadmodum
1911 4170 1968 4222 et

322 4250 609 4323 Propheta
642 4270 654 4308 :
689 4255 766 4309 Ab
825 4254 1049 4310 occultis
1094 4256 1231 4311 meis
1289 4257 1495 4311 munda
1533 4272 1638 4322 me,
1671 4254 1864 4327 inquit
1891 4255 1919 4295 ιι
1953 4295 1965 4309 .

323 4339 453 4412 Ipsa
501 4358 636 4412 ergo
685 4344 861 4399 verba
909 4342 1019 4399 hoc
1051 4344 1344 4400 declarant
1382 4344 1638 4417 Apostoli
1670 4345 1916 4401 dicentis
1950 4361 1963 4401 :

327 4429 681 4487 Condeleclor
725 4434 873 4488 enim
922 4433 1031 4504 legi
1083 4436 1381 4491 secundum
1430 4436 1617 4492 296b
1649 4434 1967 4492 interiorem

321 4519 596 4574 hominem
627 4537 648 4583 ;
681 4521 835 4577 video
866 4531 1051 4579 autem
1082 4524 1253 4596 legem
1282 4528 1343 4579 in
1382 4525 1642 4580 membris
1670 4525 1808 4580 meis
1830 4542 1966 4581 con—

322 4610 681 4666 tradicentem
715 4610 830 4683 legi
858 4616 1058 4670 mentis
1080 4632 1232 4686 meae,
1281 4620 1332 4671 et
1378 4618 1747 4686 captivantem
1774 4631 1864 4671 me
1904 4618 1964 4671 in

323 4699 445 4770 lege
479 4702 717 4773 peccati,
751 4717 875 4773 qua:
903 4714 984 4760 est
1018 4703 1077 4759 in
1107 4704 1366 4759 membris
1397 4707 1555 4760 meis.
1606 4707 1821 4776 Infelix
1868 4720 1964 4773 ego

323 4789 501 4860 homo,
534 4794 659 4864 quis
692 4807 778 4848 me
817 4793 1075 4850 liberabit
1115 4794 1179 4851 de
1215 4810 1445 4867 corpore
1474 4795 1676 4850 mortis
1705 4796 1867 4866 hujus
1900 4794 1912 4834 ι
1939 4795 1967 4848 ?

320 4884 446 4937 Non
479 4899 693 4954 corpus
744 4888 992 4939 mortem
1032 4884 1355 4956 appellans,
1390 4885 1490 4941 sed
1526 4886 1711 4956 legem
1744 4884 1965 4955 peccati

323 4969 383 5024 in
406 4973 683 5029 membris
706 4989 811 5046 per
838 4973 1365 5044 praevaricationem
1398 4974 1457 5029 in
1513 4973 1681 5029 nobis
1732 4973 1965 5029 latitan-

321 5062 460 5127 tem,
495 5072 547 5117 et
578 5080 810 5136 semper
835 5064 903 5119 ad
940 5067 1184 5121 mortem
1218 5064 1435 5137 peccati
1465 5064 1713 5121 animam
1736 5064 1967 5120 trahen-

327 5152 464 5205 tem.
500 5152 708 5207 Statim
744 5169 881 5226 ergo
911 5153 1090 5210 infert
1139 5153 1363 5227 (utique
1393 5154 1695 5223 liberatus,
1731 5171 1763 5210 a
1808 5154 1967 5225 quali

329 5242 514 5293 morte
546 5240 775 5296 liberari
808 5244 1075 5315 cupiebat
1108 5262 1121 5300 :
1159 5244 1292 5315 quis
1321 5249 1514 5301 autem
1550 5243 1716 5299 illum
1754 5243 1969 5300 libera—

320 5322 502 5396 vit?):
551 5328 645 5383 Dei
687 5329 878 5387 Gratia
915 5349 1016 5404 per
1035 5336 1223 5390 Iesum
1264 5334 1602 5391 Christumm
1629 5379 1643 5392 .
1668 5336 1894 5406 Itaque,
1937 5349 1969 5389 ο

399 5435 417 5489 i
450 5435 618 5494 Rom.
650 5454 749 5508 vn,
781 5443 873 5498 24.
947 5447 975 5488 ι
1002 5444 1160 5502 Psal.
1203 5461 1363 5515 xvm,
1396 5446 1484 5503 13.

1998 4479 2044 4545 D

2061 588 2376 667 ἐνεφύσησεν
2430 589 2504 649 εἷς
2554 592 2703 661 ἡμᾶς
2759 585 2905 669 ὄφις.
2973 593 3065 646 Διὸ
3123 594 3212 648 καὶ
3271 598 3363 650 τὸν
3430 600 3659 654 θάνατον
3693 601 3721 653 6

2063 680 2191 741 Θεὸς
2218 680 2352 753 πρὸς
2387 678 2652 753 ἀναίρεσίν
2699 686 2799 748 τῆς
2848 681 3115 754 ἁμαρτίας
3165 685 3300 760 ὑπὲρ
3349 690 3509 760 ἡμῶν
3558 688 3723 742 ἀνεό-

2064 788 2215 840 ρατο,
2252 768 2336 821 ἵνα
2371 768 2447 840 μὴ
2479 767 2824 830 ἐνάθανάτοις
2857 773 2993 843 ἡμῖν
3038 772 3382 845 ἀνατείλασα,
3434 777 3507 841 ὡς
3554 773 3719 853 ἔφην,

2063 857 2325 917 ἀθάνατος
2481 858 2633 912 Ὅθεν
2687 859 2715 911 6
2762 858 3126 929 Ἀπόστολος,
3178 861 3317 920 Οἶδα
3366 866 3469 940 γὰρ
3501 865 3586 920 ὅτι
3620 865 3723 920 οὐκ

2064 944 2202 1000 οἶκεῖ
2258 944 2309 999 ἐν
2372 945 2520 1018 ἐμοὶ,
2577 948 2851 1002 τουτέστιν
2923 947 2978 1003 ἐν
3063 955 3131 1025 τῇ
3220 952 3376 1025 σαρκί
3452 974 3580 1025 μου,
3659 954 3723 1009 τὸ

2064 1034 2286 1108 ἀγαθὸν,
2346 1034 2522 1110 λέγων
2581 1037 2681 1100 τήν
2739 1037 2844 1092 ἀπὸ
2903 1041 3005 1108 τῆς
3054 1036 3412 1115 παραϐάσεως
3475 1040 3566 1097 διὰ
3617 1044 3720 1111 τῆς

2066 1122 2355 1195 ἐπιθυμὶας
2401 1122 2816 1179 εἰσοικισθεῖσαν
2878 1126 2954 1186 εἰς
3014 1129 3163 1199 ἡμᾶς
3240 1131 3505 1205 ἁμαρτίαν
3597 1131 3726 1204 βού-

2066 1208 2215 1266 λεται
2252 1213 2498 1284 μηνύειν,
2528 1215 2594 1282 ἧς
2627 1210 2694 1283 δὴ
2735 1215 2977 1290 καθάπερ
3023 1213 3392 1291 βλαστήματα
3422 1220 3467 1255 ¹⁹
3513 1220 3612 1273 νέα
3667 1219 3721 1273 οἳ

2065 1298 2359 1378 φιλήδονοι
2385 1301 2509 1375 περὶ
2549 1304 2698 1376 ἡμᾶς
2731 1303 2811 1358 ἀεὶ
2856 1304 3127 1382 λογισμοὶ
3178 1307 3541 1364 συνίστανται.
3592 1315 3724 1361 Δισ-

2066 1390 2131 1444 σά
2160 1390 2261 1466 γὰρ
2296 1391 2346 1446 ἐν
2379 1393 2514 1465 ἡμῖν
2550 1390 2830 1467 λογισμῶν
2863 1393 3020 1469 γὲνη,
3056 1397 3118 1451 τὸ
3168 1398 3260 1469 μὲν
3309 1398 3414 1452 ἀπὸ
3460 1399 3560 1466 τῆς
3600 1395 3723 1451 ἐπι-

2066 1479 2263 1551 θυμίας
2293 1487 2393 1549 τῆς
2423 1480 2855 1557 ἐμφωλευοόσης
2906 1483 2958 1538 ἐν
3004 1489 3085 1556 τῷ
3134 1486 3350 1558 σώματι
3399 1487 3721 1558 συνιστάμεο

2064 1590 2173 1638 νον,
2214 1570 2335 1638 ἥτις
2364 1568 2415 1639 ἐξ
2447 1569 2685 1631 ἐπινοίας
2720 1572 2767 1607 ²⁰
2798 1572 2894 1643 (ὡς
2922 1571 3083 1650 ἔφην)
3115 1574 3342 1646 συνέστη
3383 1579 3480 1629 τοῦ
3524 1574 3721 1630 ὑλικοῦ

2065 1658 2396 1731 πνεύματος,
2427 1660 2488 1714 τὸ
2521 1658 2578 1715 δὲ
2610 1660 2714 1714 ἀπὸ
2740 1664 2835 1715 τοῦ
2892 1663 3065 1734 νόμου
3097 1669 3193 1717 τοῦ
3238 1665 3373 1718 κατὰ
3428 1665 3529 1733 τήν
3568 1664 3725 1718 ἐντοο

2069 1746 2195 1816 λήν,
2230 1746 2285 1801 ὅν
2320 1741 2556 1825 ἔμφυτον
2608 1746 2877 1823 ἐλάϐομεν
2922 1747 3072 1824 ἔχειν
3117 1752 3205 1806 καὶ
3252 1752 3475 1825 φυσικὸν
3524 1753 3723 1825 νόμον,

2069 1838 2203 1910 πρὸς
2235 1838 2297 1892 τὸ
2328 1836 2496 1892 καλὸν
2529 1840 2690 1910 ἡμῶν
2724 1837 3063 1913 ἐξεγείροντα
3092 1840 3183 1895 τὸν
3218 1840 3506 1916 λογισμόν.
3559 1844 3725 1898 ’Όθεν

2069 1930 2137 2000 τῇ
2173 1927 2266 1999 μὶν
2297 1929 2592 2001 νομοθεσίᾳ
2619 1932 2715 1982 τοῦ
2743 1933 2877 1984 Θεοῦ
2914 1928 3051 1984 κατά
3096 1931 3188 1985 τὸν
3236 1931 3359 1985 νοῦν
3416 1928 3724 2002 συνηδόμε-

2071 2016 2137 2069 θα
2185 2017 2367 2089 (τοῦτο
2421 2016 2523 2092 γὰρ
2576 2017 2602 2071 6
2647 2016 2751 2072 ἔσω
2795 2017 3128 2093 όίυθρωπος),
3184 2023 3254 2094 τῇ
3313 2017 3372 2075 δὲ
3426 2020 3718 2093 νομοθεσίᾳ

2064 2107 2160 2157 τοῦ
2210 2099 2473 2160 διαϐόλου
2520 2105 2657 2160 κατά
2703 2107 2802 2174 τὴν
2850 2105 3156 2162 ἐνοικοῦσαν
3207 2106 3495 2181 ἐπιθυμίαν
3556 2105 3607 2162 ἂν
3648 2111 3719 2180 τῇ

2067 2195 2244 2267 σαρκί.
2300 2194 2360 2251 Ὁ
2411 2195 2513 2270 γὰρ
2570 2194 3111 2270 ὀιντιστρατευόμενος
3167 2199 3253 2252 καὶ
3343 2197 3723 2273 ἀντιπράσσων

2064 2286 2143 2354 τῷ
2171 2283 2324 2355 νόμῳ
2343 2287 2441 2338 τοῦ
2473 2288 2626 2353 Θεοῦ,
2661 2287 2775 2340 οἷον
2807 2289 2875 2351 τῇ
2908 2288 3045 2360 πρὸς
3074 2287 3137 2342 τὸ
3176 2286 3376 2362 ἀγαθὸν
3426 2288 3579 2360 ὁρμῇ
3620 2289 3724 2341 τοῦ

2065 2372 2212 2442 νοὸς,
2265 2373 2424 2436 αὐτός
2474 2372 2614 2428 ἐστιν
2669 2375 2697 2429 6
2741 2375 2868 2437 τοῦς
2914 2375 3178 2449 ἐμπαθεῖς
3219 2375 3465 2453 ἀναφύων
3510 2375 3594 2430 ἀεὶ
3627 2377 3720 2431 καὶ

2068 2459 2297 2525 ὑλικοὺς
2329 2464 2465 2538 πρὸς
2504 2464 2733 2538 ἀνομίαν
2781 2464 3214 2539 περισπασμούς.
3270 2468 3433 2541 Τρεῖς
3479 2465 3582 2542 γὰρ
3629 2466 3725 2519 νό-

2070 2572 2205 2623 μους
2266 2552 2651 2626 ὑποτιθέμενος
2712 2554 2739 2607 ὁ
2808 2553 3024 2617 Παῦλος
3101 2552 3402 2632 ἀναφανδὸν
3485 2553 3721 2610 ἐνταῦθά

2070 2661 2163 2712 μοι
2194 2641 2601 2719 καταφαίνεται,
2631 2640 2720 2698 ἕνα
2753 2643 2849 2717 μὶν
2878 2645 2969 2698 τὸν
2999 2646 3043 2681 ²¹
3074 2643 3213 2699 κατά
3258 2645 3322 2699 τὸ
3372 2640 3612 2719 ἔμφυτον
3662 2643 3717 2699 ἐν

2067 2730 2202 2801 ἡμῖν
2252 2732 2465 2804 ἀγαθὸν,
2518 2731 2575 2785 δν
2625 2733 2714 2786 καὶ
2763 2733 2930 2805 νόμον
2985 2737 3169 2811 σαφῶς
3202 2732 3422 2796 ἐκάλεςε
3451 2734 3598 2805 νοὸς,
3630 2732 3726 2788 ἕνα

2070 2818 2127 2875 δὲ
2154 2823 2243 2876 τὸν
2278 2819 2338 2875 ἐκ
2365 2817 2686 2896 προσϐολῆς
2720 2826 3104 2897 συνιστάμενον
3134 2824 3303 2897 νόμον
3335 2828 3431 2879 τοῦ
3472 2823 3724 2898 πονηροῦ

2067 2913 2156 2969 καὶ
2208 2914 2281 2975 εἷς
2324 2914 2418 2975 τὰς
2467 2913 2724 2986 ἐμπαθεῖς
2771 2916 2895 2989 [485
2961 2916 3054 2988 Η.]
3111 2912 3396 2987 ἐξέλκοντα
3440 2913 3723 2975 πολλάκις

2070 3002 2356 3078 φαντασίας
2396 3004 2494 3072 τήν
2524 3004 2730 3077 ψυχὴν,
2783 3002 2839 3058 ὅν
2892 3005 3397 3077 ἀντιστρατεόεσθαι
3442 3008 3523 3076 τῷ
3563 3003 3723 3077 νόμῳ

2068 3097 2165 3148 τοῦ
2213 3092 2337 3154 νοὸς
2390 3086 2516 3168 ἔφη,
2563 3093 2649 3146 καὶ
2701 3094 2886 3169 τρίτον
2934 3094 3025 3148 τὸν
3063 3093 3199 3149 κατά
3227 3095 3329 3163 τήν
3359 3092 3627 3169 ἁμαρτίαν
3663 3093 3725 3147 ἐκ

2069 3188 2168 3251 τῆς
2202 3180 2490 3256 ἐπιθυμίας
2520 3185 2567 3220 ²²
2608 3186 2944 3258 σκιρώσαντα
2992 3184 3043 3240 ἐν
3091 3188 3161 3259 τῇ
3201 3185 3381 3259 σαρκὶ,
3432 3185 3490 3238 ὅν
3544 3183 3726 3259 ἁμαρ-

2069 3271 2186 3333 τίας
2237 3272 2403 3344 νόμον
2451 3271 2703 3328 οἰκοῦντα
2760 3273 2813 3328 ἐν
2871 3278 2987 3336 τοῖς
3050 3274 3268 3347 μέλεσιν
3323 3271 3594 3343 ἐκάλεσεν,
3674 3273 3721 3344 ᾧ

2068 3360 2446 3440 ἐποχούμενος
2503 3361 2774 3427 πολλάκις
2800 3364 2919 3417 καθ’
2976 3365 3135 3436 ἡμῶν
3167 3361 3533 3437 ἐγκελεόεται,
3581 3362 3722 3436 πρὸς

2072 3447 2285 3505 ἀδικίαν
2315 3451 2403 3505 καὶ
2435 3452 2654 3525 πράξεις
2686 3450 3023 3507 συνελαύνων
3070 3452 3260 3514 κακάς.
3321 3452 3579 3506 Φαίνεται
3609 3452 3719 3525 γὰρ

2073 3538 2146 3600 ὡς
2180 3539 2389 3602 ἑαυτοῖς
2422 3542 2557 3612 ἡμῖν
2589 3541 2651 3595 τὸ
2681 3542 2773 3613 μὲν
2807 3543 2851 3577 ’³
2874 3536 3110 3615 βέλτιον,
3137 3541 3199 3595 τὸ
3225 3538 3281 3595 δὲ
3313 3545 3498 3615 χεῖρον
3523 3538 3603 3608 ὅν,
3625 3539 3719 3592 καὶ

2074 3628 2198 3682 ὅταν
2252 3627 2432 3702 μέλλῃ
2482 3630 2542 3684 τὸ
2596 3628 2812 3704 βέλτιον
2854 3629 3009 3709 φύσει
3072 3634 3169 3686 τοῦ
3221 3630 3475 3705 χείρονος
3524 3628 3724 3703 ἐγκρα-

2071 3716 2317 3794 τέστερον
2362 3721 2676 3795 γενηθῆναι,
2727 3718 2940 3797 φέρεται
2991 3718 3123 3783 ὅλος
3170 3721 3304 3793 πρὸς
3351 3719 3412 3774 τὸ
3454 3719 3651 3794 ἀγαθὸν
3696 3718 3723 3771 6

2074 3812 2222 3875 νοῦς,
2254 3806 2378 3862 ὅταν
2412 3806 2486 3873 Δδὲ
2524 3809 2585 3863 τὸ
2632 3814 2819 3883 χεῖρον
2868 3803 3121 3884 ἐπιϐρίσῃ
3172 3807 3497 3874 πλεονάσαν,
3544 3805 3733 3881 ἄγεται

2076 3896 2241 3953 πάλιν
2288 3896 2654 3972 ἀντιστρόφως
2699 3897 2838 3971 πρὸς
2882 3896 3185 3974 λογισμοὺς
3231 3895 3453 3971 χείρους
3484 3895 3533 3932 ²⁴
3565 3896 3594 3949 6
3633 3893 3737 3949 ἅν-

2078 3988 2297 4060 θρωπος
2323 4006 2335 4019 ·
2388 3986 2451 4040 οὗ
2504 3983 2569 4055 δὴ
2615 3986 2705 4041 καὶ
2753 3989 2915 4061 χάριν
2949 3987 2977 4041 6
3011 3983 3350 4049 Ἀπόστολος
3380 3984 3603 4060 εὔχεται
3638 3983 3737 4059 ῥυ-

2079 4078 2292 4145 σθῆναι,
2325 4074 2549 4131 θάνατον
2586 4076 2717 4131 αὐτὸ
2762 4077 2853 4131 καὶ
2903 4074 3129 4151 ὄλεθρον
3176 4077 3501 4149 ἡγούμενος,
3552 4074 3740 4149 ὥσπερ

2079 4162 2144 4235 δὴ
2192 4165 2281 4221 καὶ
2330 4166 2357 4219 ὁ
2406 4167 2723 4243 Προφήτηςο
2774 4167 2912 4221 Ἀπὸ
2952 4170 3060 4221 τῶν
3089 4164 3333 4240 κρυφίων
3372 4186 3479 4237 μου
3507 4165 3736 4238 καθάρι-

2078 4256 2167 4309 σόν
2204 4276 2293 4329 με,
2324 4254 2517 4329 λέγῶν.
2549 4256 2703 4313 Αὐτά
2725 4253 2815 4310 οὗν
2844 4256 2911 4310 τὰ
2942 4256 3161 4329 ματα
3206 4253 3366 4309 τοῦτο
3418 4257 3737 4318 συνιστῶσι,

2080 4348 2207 4415 [917
2251 4347 2344 4418 R.j
2396 4342 2716 4417 Συνήδομαι
2758 4346 2859 4419 γάρ
2916 4349 2995 4417 τῷ
3059 4344 3216 4419 νόμῳ
3273 4347 3368 4399 τοῦ
3418 4344 3556 4399 Θεοῦ
3597 4344 3734 4397 κατά

2077 4434 2169 4489 τὸν
2227 4430 2354 4504 ἔσω,
2414 4433 2691 4511 λὲγοντος,
2751 4433 3059 4508 ἄνθρωπον,
3131 4432 3318 4509 βλέπω
3403 4430 3449 4487 δ“
3541 4429 3727 4506 ἓτερον

2075 4524 2244 4599 νόμον
2292 4525 2839 4599 ἀντιστρατευόμενον
2897 4530 3015 4587 τοῖς
3066 4522 3253 4598 μέλεσι
3316 4544 3421 4597 μου
3459 4526 3537 4593 τῷ
3566 4522 3723 4592 νόμῳ

2075 4618 2171 4668 τοῦ
2216 4613 2341 4676 νοός
2395 4618 2520 4686 μοῦ,
2569 4613 2659 4667 καὶ
2708 4611 3201 4687 αὶχμαλωτίζοντα
3236 4632 3300 4684 με
3330 4614 3409 4681 τῷ
3440 4609 3588 4680 νόμῳ
3617 4612 3718 4674 τῆς

2073 4703 2340 4778 ἁμαρτίας
2386 4706 2465 4774 τῷ
2512 4703 2625 4757 δντι
2671 4700 2723 4757 ἐν
2768 4707 2890 4765 τοῖς
2944 4700 3131 4774 μέλεσί
3195 4722 3324 4774 μου.
3365 4696 3719 4770 Ταλαὶπωρος

2075 4792 2184 4870 ἐγὼ
2242 4792 2544 4866 ἅνθρωπος,
2602 4792 2683 4855 τίς
2744 4814 2809 4867 με
2868 4793 3081 4867 ῥύσεται
3154 4792 3214 4847 ἐκ
3284 4795 3381 4844 τοῦ
3456 4790 3721 4860 σώματος

2074 4886 2171 4937 τοῦ
2219 4883 2448 4937 θανάτου
2486 4881 2724 4950 τούτου;
2772 4880 2833 4936 οὐ
2872 4883 2934 4936 τὸ
2992 4885 3152 4954 σῶμα
3209 4880 3442 4934 θάνατον
3489 4878 3729 4953 ἀποφαι-

2073 4973 2320 5046 νόμενος,
2373 4970 2516 5026 ἀλλὰ
2564 4972 2654 5025 τὸν
2713 4968 2881 5043 νόμον
2931 4972 3029 5039 τῆς
3076 4969 3343 5045 ἁμαρτίας
3389 4967 3484 5022 τὸν
3524 4965 3580 5021 ἐν
3611 4970 3737 5027 τοῖς

2079 5059 2267 5135 μέλεσι
2300 5057 2389 5115 διὰ
2417 5067 2517 5129 τῆς
2548 5054 2904 5134 παραϐάσεως
2945 5057 2995 5113 ἐν
3029 5061 3166 5133 ἡμῖν
3196 5054 3596 5134 ἐμφωλεύοντα
3643 5054 3742 5109 καὶ

2076 5152 2213 5226 πρὸς
2246 5150 2464 5205 θάνατον
2497 5149 2578 5203 ἀεὶ
2607 5150 2697 5204 τὸν
2730 5150 2777 5184 ³⁸
2804 5155 2907 5218 τῆς
2936 5144 3150 5211 ἀδικίας
3180 5150 3277 5217 τὴν
3311 5147 3501 5221 ψυχὴν
3525 5144 3747 5222 ἐμφαν-

2075 5241 2324 5310 τάζοντα.
2366 5239 2642 5317 Ἐπιφέρει
2673 5242 2803 5316 γοῦν
2854 5234 3051 5299 εὐθέως
3099 5237 3315 5310 ἀμέλει,
3370 5233 3749 5308 διαλυόμενος

2079 5332 2276 5386 ὁποίου
2307 5332 2533 5386 θανάτου
2565 5326 2822 5403 ἐγλίχετο
2847 5326 3104 5404 ῥυσθῆναι
3127 5327 3216 5383 καὶ
3245 5326 3332 5390 τίς
3363 5324 3522 5381 αὐτὸν
3547 5325 3577 5379 6
3608 5323 3754 5399 ῥυό-

1576 5444 1592 5486 1
1622 5445 1789 5502 Rom.
1820 5461 1921 5514 vn,
1950 5443 2143 5499 22-24.
2217 5459 2259 5486 In
2283 5442 2450 5505 ibid.,
2480 5440 2568 5496 25.

1677 5559 1923 5617 VARUE
1964 5557 2364 5614 LECTIONES.

400 5642 447 5725 :9
483 5638 805 5725 EM’ETIP“,
845 5644 926 5717 ς’·
1009 5647 1420 5725 _’°‘1I_t_m9ia¢_
1449 5650 1735 5725 Scaliger.
1836 5649 1881 5687 ²¹
1918 5646 2013 5703 τὸν

324 5710 451 5774 τόδε
483 5710 553 5777 Β.
630 5710 966 5792 π’χιίρὸνας
998 5718 1083 5794 ς.
1158 5720 1207 5757 ⁸⁵
1234 5721 1327 5777 τὸν
1356 5710 1490 5783 add.
1520 5728 1590 5782 Δ.

2072 5648 2206 5706 add.
2264 5649 2326 5704 Α.
2432 5646 2481 5727 ’ξ
2509 5641 2822 5718 ἐπιθυμίας]
2886 5643 3154 5720 ἁμαρτίας
3190 5647 3325 5704 ΑΒ.
3439 5642 3486 5679 ²³
3512 5642 3581 5697 τὸ
3616 5640 3751 5715 μὶν]
