4100 6242
385 325 534 385 1121

1431 315 1975 378 BlBLIOTI-IECA.
2025 349 2099 362 —
2143 316 2323 378 COD.
2367 314 2727 378 CCXXXIV.

3625 333 3780 394 1122

388 476 548 531 μενος
595 457 662 525 ἧν
694 455 760 523 ³⁸,
791 453 960 526 Χάρις
1012 449 1070 506 δέ
1113 453 1191 522 τῷ
1238 449 1355 523 Θεῷ
1404 447 1494 505 διὰ
1528 451 1712 520 Ἰησοῦ
1761 452 2029 526 Χριστοῦ·

2142 449 2500 524 Aglaophon,
2547 451 3150 526 animadvertendum,
3184 457 3232 512 si
3287 458 3394 516 hoe
3445 477 3680 536 corpus,
3723 471 3787 524 ut

381 541 709 617 Προσεκτέον
772 540 850 612 δὲ,
910 541 956 595 εἰ
989 540 1036 576 ³⁷
1091 539 1152 593 τὸ
1222 542 1380 611 σῶμα
1452 539 1676 592 θάνατον
1733 541 1920 606 τοῦτο,
1987 539 2031 591 ὦ

381 633 742 711 ’Δγλαοφῶν,
797 632 870 692 ὡς
941 627 1302 700 ὑπειλήφατε,
1363 625 1568 704 ἔλεγεν,
1647 627 1746 682 οὐκ
1811 626 1868 681 ἂν
1943 627 2032 682 τὸν

379 723 620 796 Χριστὸν
655 722 729 784 ὡς
777 718 1042 794 ῥυόμενον
1085 715 1244 771 αὐτὸν
1292 717 1512 790 ὕστερον
1553 715 1612 772 ἐκ
1640 721 1736 772 τοῦ
1777 716 2030 771 τοιούτου

381 814 550 866 κακοῦ
608 803 1048 883 παρελάμϐανεν,
1115 803 1231 860 ἐπεὶ
1288 805 1341 860 τί
1397 802 1696 880 παράδοξον
1755 805 1860 860 ἀπὸ
1936 809 2032 860 τοῦ

382 902 626 974 Χριστοῦ
674 895 972 973 παρουσίας
1023 894 1382 971 ἒσχήκαμεν;
1433 895 1494 948 Τί
1544 892 1600 948 δὲ
1658 895 1748 948 καὶ
1789 895 1816 948 6
1871 893 2030 951 ’Λπόο

381 985 594 1052 στολος,
628 987 798 1055 ὅλως,
847 988 921 1049 ὡς
973 983 1063 1040 διὰ
1129 986 1228 1056 τῆς
1289 983 1586 1058 παρουσίας
1631 989 1730 1039 τοῦ
1787 987 2032 1058 Χριστοῦ

381 1074 789 1149 δυναμούμενος
869 1079 966 1130 τοῦ
1025 1074 1254 1128 θανάτου
1336 1073 1440 1128 ὑπὸ
1495 1076 1591 1126 τοῦ
1671 1076 1804 1126 Θεοῦ
1879 1071 2032 1127 ἐλευ-

383 1168 686 1238 θερωθῆναι
773 1169 941 1220 τοῦτο
1051 1164 1364 1242 ἐφθέγγετο,
1465 1161 1629 1218 ὁπότε

381 1257 488 1328 πρὸ
541 1259 643 1310 τοῦ
705 1255 797 1308 τὸν
853 1253 1084 1328 Χριστὸν
1141 1249 1317 1306 ἐλθεῖν
1378 1250 1454 1310 εἷς
1502 1252 1592 1305 τὸν
1652 1251 1856 1324 κόσμον
1915 1273 2032 1305 συν-

385 1339 560 1400 έϐαινε
598 1346 885 1414 θνήσκειν;
917 1342 1058 1398 ὥστε
1089 1341 1151 1396 οὐ
1201 1341 1264 1395 τὸ
1297 1344 1456 1413 σῶμα
1499 1345 1683 1414 τυῦτο,
1715 1340 1760 1394 ὦ
1811 1339 2036 1415 Ἀγλαοο

383 1437 494 1512 φῶν
527 1434 595 1498 ³³,
629 1431 875 1500 θάνατον,
917 1429 1065 1486 ἀλλὰ
1101 1432 1201 1500 τὴν
1255 1427 1524 1504 ἁμαρτίαν
1575 1431 1672 1498 τήν
1712 1431 2036 1500 κατοικήσα-

1729 1167 1860 1217 πᾶσι
1942 1162 2032 1217 καὶ

2143 539 2515 608 existimatis,
2541 543 2786 596 mortem
2804 541 3136 612 appellavit,
3161 559 3276 600 non
3299 545 3597 608 Christum
3617 557 3785 625 quasi

2141 628 2512 684 liberatorem
2544 645 2712 684 suum
2741 646 2774 685 a
2803 629 2904 684 tali
2935 635 3140 701 postea
3193 634 3345 691 malo
3402 642 3786 704 nominasset.

2139 717 2284 780 Quid
2310 718 2518 774 deinde
2547 718 2764 774 Christi
2795 719 3079 776 adventus
3097 721 3397 794 singulare
3429 730 3597 785 nobis
3627 739 3782 790 attu-

2140 804 2306 861 lisset
2339 824 2352 874 ;
2388 806 2529 878 quid
2579 806 2820 862 omnino
2862 809 3193 878 Apostolus,
3227 813 3404 868 veluti
3445 833 3547 883 per
3575 819 3788 878 Christi

2142 895 2453 950 adventum
2477 895 2880 965 confirmatus,
2915 901 2979 952 ut
3009 915 3042 953 a
3073 905 3264 956 morte
3295 919 3398 973 per
3419 905 3598 962 Deum
3638 909 3790 966 libe—

2141 987 2383 1053 raretur,
2417 983 2528 1040 hoc
2584 985 2978 1056 pradicaret?
3006 989 3244 1052 quando
3276 993 3570 1062 omnibus,
3612 999 3788 1057 etiam

2139 1080 2450 1148 antequam
2464 1075 2726 1131 Christus
2750 1075 2810 1130 in
2831 1077 3117 1132 mundum
3138 1080 3380 1148 veniret,
3407 1085 3554 1139 mori
3587 1087 3786 1145 datum

2143 1169 2250 1234 est,
2275 1169 2339 1221 ut
2369 1181 2482 1222 non
2516 1165 2624 1220 hoc
2655 1181 2892 1236 corpus,
2920 1181 2953 1220 ο
2983 1166 3346 1240 AglaOphon,
3399 1179 3638 1231 mortem
3685 1195 3787 1250 ap-

2143 1253 2456 1328 pellet,sed
2481 1262 2782 1327 peccatum
2817 1255 2974 1325 quod
3001 1271 3103 1326 per
3135 1261 3666 1332 concupiscentiam
3691 1266 3792 1323 ha-

2144 1344 2286 1400 bitat
2315 1343 2374 1398 in
2406 1360 2663 1414 corpore,
2696 1361 2730 1399 a
2761 1360 2877 1415 qua
2907 1343 3102 1414 ipsum
3139 1350 3290 1403 Deus
3321 1366 3425 1421 per
3471 1353 3786 1412 adventum

2145 1432 2360 1488 Christi
2385 1432 2674 1488 liberavit.

382 1543 476 1577 σαν
535 1519 624 1576 διὰ
675 1529 776 1592 τῆς
831 1519 1124 1596 ἐπιθυμίας
1175 1517 1226 1574 ἐν
1299 1523 1378 1592 τῷ
1438 1519 1651 1592 σώματι
1701 1518 1850 1596 λέγει
1883 1521 1950 1590 ³9,
2000 1523 2065 1590 ἧς
2113 1521 2142 1577 ὁ
2183 1521 2312 1583 Θεὸς
2361 1519 2518 1576 αὐτὸν
2573 1519 2663 1577 διὰ
2707 1527 2807 1592 τῆς
2852 1524 3152 1598 παρουσίας
3195 1530 3293 1582 τοῦ
3341 1533 3575 1606 Χριστοῦ
3632 1533 3798 1610 ἐῤῥό..

383 1633 534 1668 σατο.

454 1703 498 1758 Ο
539 1703 642 1777 γὰρ
699 1702 870 1774 νόμος
926 1706 1026 1769 τῆς
1089 1705 1236 1770 ζωῆς
1291 1703 1388 1754 τοῦ
1440 1697 1750 1772 πνεύματος
1805 1697 1858 1754 ἐν
1901 1707 2030 1774 Χρι-

2217 1704 2329 1758 Lex
2356 1703 2506 1759 enim
2533 1702 2666 1762 vitae
2716 1704 2948 1775 spiritus
2977 1707 3042 1761 in
3099 1708 3308 1765 Christo
3353 1715 3489 1768 Jesu
3536 1715 3796 1774 liberavit

381 1795 492 1862 στῷ
540 1792 723 1861 Ἰησοῦ
767 1789 1126 1864 ἐλευθέρωσεν
1185 1791 1332 1862 ἡμᾶς
1394 1790 1498 1843 ἂπὸ
1555 1793 1652 1843 τοῦ
1707 1791 1882 1862 νόμου
1934 1797 2037 1859 τῆς

385 1879 648 1955 ἁμαρτίας
704 1883 804 1934 τοῦ
863 1878 1110 1934 θανάτου.
1162 1880 1352 1940 ’Όπως
1401 1879 1430 1932 ὁ
1469 1876 1678 1952 ἐγείρας
1721 1879 1931 1948 Ἰησοῦν
1982 1877 2042 1934 ἐκ

381 1974 586 2042 νεκρῶν
623 1971 670 2005 ³ο
701 1965 788 2024 διὰ
818 1969 880 2023 τὸ
915 1966 1157 2024 ἐνοικοῦν
1198 1968 1366 2021 αὐτοῦ
1397 1971 1610 2040 πνεῦμα
1641 1966 1692 2022 ἐν
1732 1969 1868 2040 ἡμῖν
1899 1974 2041 2038 ζωο-

381 2059 590 2133 ποιήσῃ
639 2059 728 2112 καὶ
778 2057 842 2112 τὰ
899 2058 1068 2127 θνητά
1117 2057 1346 2130 σώματα
1395 2058 1555 2128 ἡμῶν
1615 2063 1716 2125 τῆς
1771 2056 2041 2131 ἁμαρτίας

382 2147 484 2218 τῆς
538 2148 590 2203 ἐν
661 2153 742 2220 τῷ
803 2149 1014 2222 σώματι
1088 2145 1503 2222 κατακριθείσης
1559 2148 1696 2220 πρὸς
1743 2148 2036 2224 ἀναίρεσιν,

379 2235 475 2292 ’ίνα
517 2236 578 2293 τὸ
611 2235 889 2310 δικαίωμα
913 2240 1012 2292 τοῦ
1041 2237 1179 2292 κατὰ
1219 2239 1318 2306 τὴν
1365 2234 1596 2306 ἐντολὴν
1631 2238 1766 2312 πρὸς
1810 2238 1873 2292 τὸ
1905 2237 2037 2312 ἀγα-

381 2327 474 2381 θὸν
543 2327 695 2400 ἡμᾶς
774 2325 1143 2403 ἐφελκομένου
1218 2330 1446 2404 φυσικοῦ
1511 2325 1682 2398 νόμου
1752 2327 2036 2404 φανερωθῇ

381 2413 622 2491 ἐξαφθέν.
657 2416 732 2474 Τὸ
781 2417 882 2490 γάρ
922 2413 1182 2471 ἀδύνατον
1209 2420 1306 2470 τοῦ
1359 2414 1412 2470 ἐν
1444 2415 1578 2488 ἡμῖν
1629 2421 1860 2494 φυσικοῦ
1903 2417 2036 2492 ἀγα-

387 2506 507 2574 θοῦ,
567 2504 619 2558 ἐν
679 2507 725 2578 ᾧ
782 2505 992 2576 ἠσθένει
1053 2505 1155 2560 ὑπὸ
1211 2512 1310 2574 τῆς
1367 2503 1658 2577 ἐπιθυμίας
1713 2506 2032 2579 ἡττώμενον

384 2600 484 2662 τῆς
526 2592 842 2668 ἐγκειμένης
883 2594 934 2649 ἐν
983 2598 1064 2666 τῷ
1121 2594 1356 2668 σώματι,
1405 2595 1434 2648 6
1493 2595 1623 2656 Θεὸς
1669 2593 2032 2669 ἀνερῥώσατο,

381 2682 599 2756 πέμψας
643 2684 736 2738 τὸν
783 2684 906 2738 Υἱὸν
957 2684 1126 2738 αὐτοῦ
1156 2685 1254 2753 τὴν
1303 2683 1500 2756 ὁμοίαν
1541 2691 1641 2753 τῆς
1691 2685 1890 2759 σαρκὸς
1937 2692 2036 2754 τῆς

384 2772 650 2846 ἁμαρτίας
727 2773 896 2846 σάρκα
979 2770 1338 2850 ἀνειληφότα,
1419 2769 1511 2827 ’ίνα
1593 2779 1692 2842 τῆς
1766 2773 2031 2848 ἁμαρτίας

387 2862 852 2936 κατακεκριμένης
932 2863 1068 2936 πρὸς
1149 2860 1446 2936 ἀναίρεσιν,
1529 2861 1605 2924 είς
1679 2862 1742 2917 τὸ
1839 2863 2034 2936 μηκέτι

380 2956 796 3028 καρποφορῆσαι
844 2949 896 3005 ἐν
939 2952 1068 3023 [486
1117 2951 1212 3022 PL]
1244 2954 1312 3024 τῇ
1364 2949 1544 3024 σαρκὶ,
1577 2950 1638 3006 τὸ
1689 2947 1895 3023 ἰδίωμα
1939 2955 2036 3006 τοῦ

2150 1807 2248 1848 nos
2276 1809 2312 1848 α
2341 1792 2461 1861 lege
2487 1792 2696 1864 peccati
2723 1799 2779 1848 et
2823 1795 3024 1850 mortis
3054 1809 3080 1836 ιι
3113 1813 3126 1852 :
3161 1805 3226 1853 ut
3265 1799 3315 1855 is
3347 1802 3448 1872 qui
3487 1803 3692 1862 Jesum
3723 1824 3792 1864 ex

2149 1882 2400 1938 mortuis
2423 1881 2714 1944 excitavit,
2749 1889 2985 1954 propter
3010 1885 3286 1956 spiritum
3313 1890 3435 1960 ejus
3456 1891 3792 1951 inhabitan-

2149 1973 2264 2026 tem
2289 1969 2349 2025 in
2371 1971 2564 2040 nobis,
2589 1971 2839 2028 viviﬁcet
2863 1973 3135 2031 mortalia
3160 1993 3402 2048 corpora
3415 1988 3638 2052 nostra,
3654 2002 3788 2055 pec-

2148 2063 2277 2116 cato
2299 2059 2616 2130 incorpore
2639 2059 2714 2115 ad
2734 2060 3112 2118 abolitionem
3151 2065 3448 2138 damnato,
3482 2079 3536 2126 ut
3565 2073 3785 2142 justiti.

2148 2149 2296 2204 catio
2328 2149 2617 2204 naturalis
2647 2147 2793 2221 legis
2823 2155 3146 2208 secundum
3181 2161 3536 2228 praeceptum
3574 2177 3679 2216 nos
3710 2163 3784 2218 ad

2147 2239 2366 2295 bonum
2399 2229 2684 2295 trahentis
2717 2255 2960 2297 accensa
2992 2249 3287 2314 appareat.
3319 2248 3458 2302 Nam
3489 2247 3783 2308 inﬁrmam

2146 2333 2368 2400 partem
2402 2327 2686 2384 naturalis
2720 2329 2880 2400 boni,
2913 2347 3040 2402 quas
3071 2333 3220 2390 victa
3250 2351 3284 2390 a
3312 2338 3788 2409 concupiscentia

2144 2417 2206 2473 in
2236 2433 2473 2489 corpore
2513 2419 2754 2491 degente
2785 2423 3114 2491 egrotahat,
3169 2425 3395 2480 sanavit
3424 2426 3598 2497 Deus,
3643 2429 3788 2485 mit-

2147 2511 2276 2563 tens
2306 2507 2516 2563 Filium
2530 2524 2723 2576 suum,
2744 2509 2840 2579 qui
2863 2509 3113 2566 similem
3133 2527 3364 2568 carnem
3381 2517 3542 2570 carni
3567 2519 3786 2588 peccati

2144 2595 2485 2668 assumpsit,
2520 2600 2583 2651 ut
2615 2601 2846 2668 peccato
2878 2597 2946 2652 ad
2979 2597 3432 2657 internecionem
3457 2603 3782 2675 proﬂigato,

2143 2701 2217 2741 ne
2247 2684 2622 2756 repullularet
2651 2685 2710 2739 in
2770 2701 2964 2754 carne,
3003 2690 3059 2742 et
3115 2689 3440 2758 praprietas
3497 2693 3786 2752 naturalis

2143 2773 2290 2846 legis
2311 2773 2734 2845 implereturin
2759 2773 2830 2829 iis
2862 2775 2964 2846 qui
2985 2791 3100 2830 non
3123 2778 3447 2836 secundum
3477 2785 3784 2856 concupis-

2145 2863 2394 2919 centiam
2427 2863 2642 2933 carnis,
2673 2863 2772 2918 sed
2833 2865 3154 2920 secundum
3189 2867 3542 2927 desiderium
3575 2877 3632 2928 et
3679 2875 3784 2930 du-

2143 2955 2302 3008 ctum
2334 2951 2577 3022 spiritus
2612 2951 2938 3006 ambulant.
2993 2952 3106 3008 Lex
3155 2955 3313 3010 enim
3363 2957 3602 3028 spiritus
3633 2962 3785 3028 vitae,

386 3042 615 3115 φυσικοῦ
653 3038 826 3114 νόμου
859 3038 1154 3114 πληρωθῇ,
1205 3036 1508 3094 πλεονάσαν
1541 3043 1608 3114 τῇ
1657 3039 1869 3114 ὑπακοῇ
1917 3046 2030 3105 τοῖς

2142 3041 2300 3114 quod
2331 3045 2419 3096 est
2440 3039 2814 3112 Evangelium
2845 3041 2990 3112 (quae
3032 3041 3146 3098 alia
3186 3047 3276 3100 est
3321 3045 3394 3101 ab
3426 3047 3617 3106 297a
3647 3057 3781 3108 ante

385 3129 460 3200 μή
509 3128 646 3182 κατᾶ
701 3128 802 3197 τήν
859 3127 1146 3201 ἐπιθυμίαν
1202 3135 1302 3198 τῆς
1362 3129 1558 3204 σαρκὸς
1615 3134 2026 3204 περιπατοῦσιν,

375 3215 522 3272 ἀλλὰ
576 3217 713 3272 κατᾶ
766 3219 867 3285 την
927 3215 1215 3290 ἐπιθυμίαν
1269 3222 1366 3273 τοῦ
1423 3219 1731 3292 πνεύματος
1783 3219 1873 3273 καὶ
1926 3221 2023 3289 τὴν

377 3306 668 3382 ὑφήγησιν.
709 3307 766 3362 Ὀ
796 3307 894 3380 γὰρ
943 3305 1110 3379 νόμος
1153 3311 1251 3362 τοῦ
1281 3307 1588 3380 πνεύματος
1637 3315 1738 3378 τῆς
1777 3315 1923 3378 ζωῆς
1954 3309 2024 3376 ³¹,

373 3393 402 3448 ’ὀ
433 3391 500 3465 δή
533 3395 642 3450 ἐστι
693 3395 755 3450 τὸ
787 3395 1125 3472 εὐαγγέλιον,
1166 3392 1352 3471 ἕτερος
1403 3395 1479 3452 ὢν
1529 3402 1636 3452 τῶν
1687 3397 2022 3474 προειρημέ-

2138 3129 2308 3187 dictis
2341 3128 2588 3202 legibus,
2621 3146 2722 3200 per
2759 3131 3232 3202 prazdicationem
3266 3136 3334 3190 ad
3385 3137 3775 3197 obedientiam

2136 3223 2192 3274 et
2221 3217 2629 3273 remissionem
2689 3223 3056 3288 peccatorum
3105 3220 3313 3292 posita)
3361 3221 3628 3280 liberavit
3676 3242 3782 3282 nos

2136 3325 2169 3363 a
2198 3309 2326 3380 lege
2358 3309 2572 3378 peccati
2630 3313 2685 3362 et
2743 3307 2966 3376 mortis,
2997 3309 3221 3366 devicto
3271 3313 3503 3382 penitus
3544 3321 3778 3386 peccato

2133 3398 2287 3469 quod
2320 3395 2480 3452 carni
2513 3395 2936 3452 dominabatur.

369 3507 474 3540 νων
531 3487 743 3559 νόμων,
803 3483 893 3540 διὰ
949 3489 1046 3540 τοῦ
1105 3487 1459 3560 κηρύγματος
1516 3489 1652 3562 πρὸς
1721 3489 1964 3557 ὑπακοὴν
2023 3486 2194 3550 τεθεὶς
2275 3485 2367 3540 καὶ
2426 3483 2610 3564 ἄφεσιν
2680 3485 3115 3560 ἁμαρτημάτων,
3185 3486 3560 3566 ἠλευθέρωσεν
3629 3496 3780 3566 ἡμᾶς

369 3573 476 3630 ἂπὸ
539 3579 638 3630 τοῦ
692 3575 866 3649 νόμου
921 3577 1024 3644 τῆς
1081 3577 1350 3650 ἁμαρτίας
1405 3575 1494 3630 καὶ
1551 3583 1648 3632 τοῦ
1699 3579 1950 3648 θανάτου,
2002 3577 2228 3648 νικήσας
2285 3574 2345 3630 ἐκ
2400 3575 2604 3637 παντὸς
2661 3575 2760 3643 τήν
2821 3575 3085 3649 ἁμαρτίαν
3149 3576 3544 3651 βασιλεύουσαν
3599 3587 3699 3648 τῆς
3731 3586 3776 3621 ⁸³

373 3661 589 3738 σαρκός.

439 3756 562 3812 ’Ότι
629 3755 761 3833 φησὶ
822 3757 898 3830 μὴ
973 3754 1259 3830 τρέφεσθαι
1331 3757 1366 3825 ἢ
1437 3755 1677 3830 αὒξάνειν
1746 3757 1850 3812 ἀπὸ
1923 3765 2024 3827 τῆς

371 3849 472 3916 γῆς
536 3845 602 3899 τά
668 3843 828 3924 φυτά.
899 3843 1054 3918 Λέγει
1109 3846 1234 3920 γὰρ,
1295 3849 1648 3917 Διαπορήσαι
1715 3843 1762 3899 δ’
1825 3845 1884 3900 ἄν
1939 3867 2023 3908 τις

373 3938 492 3996 πῶς
557 3935 633 3994 εἰς
699 3933 792 3989 τὸν
875 3929 1035 4009 ὄγκον
1107 3929 1574 4008 ἀναλαμϐάνεσθαι
1632 3933 1848 3989 δύναται
1915 3941 2024 3989 τῶν

377 4017 608 4096 δένδρῶν
663 4025 697 4092 ἡ
765 4025 835 4098 γῆ
899 4021 1386 4098 μεταλλοιουμένη
1423 4041 1436 4054 ⁸
1501 4021 1674 4098 ἐχρῆν
1741 4022 1866 4096 γὰρ,
1934 4023 2026 4077 ἆίτε

375 4117 476 4179 τῆς
531 4110 892 4185 ὑποκειμένης
951 4119 1054 4187 γῆς
1127 4111 1576 4188 ἀναρπαζομένης
1635 4111 1713 4166 ἀεὶ
1774 4109 1860 4165 διὰ
1916 4115 2024 4166 τῶν

379 4199 546 4272 ῥιζῶν
591 4199 667 4261 εἷς
699 4199 836 4270 ὅλην
871 4202 972 4270 τὴν
1021 4197 1127 4271 ἕξιν
1159 4207 1256 4256 τοῦ
1300 4199 1491 4271 ξύλου,
1531 4203 1620 4256 τὸν
1669 4200 1858 4268 τόπον,
1909 4201 2026 4254 καθ’

375 4285 437 4342 ὃν
477 4288 539 4342 τὸ
590 4286 804 4362 δένδρον
855 4285 1216 4364 βεϐλάστηκε,
1268 4289 1676 4345 κοιλαίνεσθαι·
1727 4288 1864 4344 ὥστε
1925 4289 2026 4363 μά-

372 4399 523 4441 ταιος
553 4381 730 4434 αὐτῶν
762 4381 790 4435 ὁ
839 4383 1088 4444 τοιοῦτος
1129 4387 1228 4450 τῆς
1275 4381 1498 4456 περὶτὰ
1542 4381 1772 4454 σώματα
1822 4379 2025 4456 ῥύσεως

2203 3757 2446 3812 Plantas
2475 3756 2556 3810 ait
2585 3754 2964 3827 [Methodius]
2999 3771 3104 3810 nec
3145 3773 3178 3811 a
3208 3761 3362 3814 terra
3413 3758 3489 3813 ali
3529 3775 3632 3816 nec
3676 3777 3777 3816 au-

2135 3845 2278 3918 geri.
2329 3844 2587 3911 Dubitet,
2645 3842 2858 3914 inquit,
2912 3843 3200 3915 quispiam
3277 3847 3570 3915 quomodo
3625 3851 3780 3904 terra

2139 3935 2443 3990 immutata
2489 3933 2548 3986 in
2589 3935 2813 3986 tantam
2860 3933 3136 3988 arborum
3188 3933 3632 4004 amplitudinem
3681 3955 3778 3992 as—

2135 4023 2292 4078 sumi
2316 4021 2444 4093 (seu
2477 4019 2766 4090 crescere)
2795 4019 2998 4091 possit.
3061 4019 3378 4092 Oportebat
3395 4023 3550 4078 enim
3581 4024 3777 4081 locum

2135 4112 2194 4166 in
2227 4127 2342 4182 quo
2393 4109 2563 4165 arbor
2593 4108 2869 4176 excrevit,
2897 4113 2953 4164 et
2984 4110 3432 4182 circumjecente
3463 4117 3615 4168 terra
3647 4114 3779 4170 sub-

2137 4201 2312 4256 ducta
2336 4200 2393 4255 in
2445 4198 2589 4272 ligni
2614 4203 2888 4254 naturam
2917 4200 3200 4255 excavari.
3236 4201 3434 4256 Inanis
3463 4217 3601 4274 ergo
3655 4203 3780 4259 illo-

2136 4305 2268 4345 rum
2291 4289 2427 4345 talis
2446 4289 2518 4344 de
2539 4303 2846 4358 corporum
2874 4288 3034 4343 ﬂuxu
3057 4289 3460 4347 consideratio.
3477 4291 3778 4356 Quomodo

2137 4379 2290 4435 enim
2325 4377 2443 4434 ulla
2473 4377 2698 4434 ratione
2721 4381 2875 4434 terra
2907 4393 3010 4450 per
3059 4377 3282 4434 radices
3313 4379 3372 4434 in
3421 4383 3662 4439 truncos
3693 4383 3777 4438 in-

373 4466 765 4544 ἆναλογισμός.
830 4474 954 4530 Πῶς
994 4469 1099 4544 γαρ
1157 4468 1306 4532 ὅλως
1351 4473 1386 4540 ἡ
1447 4477 1516 4545 γῆ
1580 4466 1669 4524 διὰ
1705 4473 1812 4524 τῶν
1862 4469 2026 4542 ῥιζῶν

2142 4483 2356 4539 gressa,
2375 4470 2432 4522 et
2461 4483 2564 4539 per
2585 4483 2760 4523 venas
2781 4465 2841 4521 in
2863 4482 3067 4522 omnes
3099 4482 3298 4524 earum
3322 4485 3518 4526 ramos
3543 4471 3776 4543 diﬂ‘usa,

375 4556 452 4618 εἷς
503 4555 631 4619 τοὺς
690 4557 932 4632 κορμοὺς
987 4561 1096 4612 τῶν
1157 4563 1340 4632 φυτῶν
1393 4556 1740 4632 εἶσδυομένη,
1800 4559 1889 4612 καὶ
1935 4555 2024 4612 διὰ

371 4649 480 4700 τῶν
539 4645 724 4719 πόρων
793 4647 869 4706 εἷς
949 4647 1156 4709 πάντας
1217 4647 1388 4702 αὐτῶν
1453 4650 2022 4724 κατακερματιζομένη

373 4734 501 4798 τοῦς
531 4734 789 4801 κλάδους,
843 4735 918 4798 εἰς
961 4735 1146 4815 φύλλα
1175 4737 1264 4791 καὶ
1313 4737 1517 4810 καρπὸν
1571 4733 1974 4810 μεταϐάλλεται
2009 4754 2022 4804 ;

377 4823 610 4894 Εὖμήκη
647 4825 745 4898 μὶ)
777 4821 866 4878 οῦν
901 4821 1117 4900 δένδρα,
1159 4822 1342 4900 κέδροι
1373 4825 1420 4862 ³³
1457 4823 1492 4894 ἢ
1526 4825 1710 4887 πίτυες
1741 4826 1774 4894 ἢ
1813 4822 2024 4894 ἐλάται,

373 4913 466 4968 καὶ
523 4911 747 4983 πολλὴν
816 4912 1042 4990 φέροντα
1123 4915 1240 4970 κατ’
1297 4909 1418 4976 ἔτος
1491 4915 1671 4988 κόμην
1727 4915 1817 4969 καὶ
1893 4935 2026 4990 καρ-

373 5003 504 5070 πὸν,
536 5003 666 5076 [920
731 5003 821 5074 R.]
878 4999 1010 5056 ἰδεῖν
1058 4996 1200 5058 ἔστιν
1229 5003 1276 5039 ³4
1339 5004 1412 5066 ὡς
1462 5001 1614 5059 οὐδὲν
1653 5011 1753 5072 τῆς
1803 5003 2026 5058 ὑποκει-

377 5091 550 5164 μένη-ς
582 5097 686 5167 γῆς
738 5090 814 5153 εἷς
851 5092 944 5146 τὸν
983 5091 1152 5162 αὐτῆς
1181 5093 1228 5128 ³⁵
1277 5091 1438 5167 ὄγκον
1478 5096 1578 5158 τῆς
1629 5089 1857 5168 δρυάδος
1905 5111 2028 5146 κατ-

441 5251 466 5278 ιι
501 5236 668 5294 Rom.
693 5253 810 5308 νιιι,
839 5238 894 5292 2.

2131 4558 2194 4615 in
2225 4558 2362 4615 folia
2392 4568 2448 4614 et
2477 4557 2698 4614 fructus
2750 4559 3195 4614 commutatur?
3236 4561 3494 4618 Procerm
3546 4564 3779 4634 quidem

2137 4649 2372 4705 arbores
2405 4648 2632 4716 cedrus,
2684 4645 2772 4703 vel
2817 4647 3008 4718 pinus,
3055 4647 3140 4703 vel
3175 4647 3416 4719 abietes,
3465 4658 3514 4706 et
3565 4651 3782 4706 multas

2137 4737 2374 4793 frondes
2406 4740 2464 4792 et
2496 4737 2718 4792 fructus
2745 4735 3064 4806 quotannis
3085 4737 3299 4793 ferunt.
3335 4737 3486 4793 Licet
3517 4737 3674 4794 enim
3705 4741 3782 4793 vi-

2136 4827 2294 4896 dere,
2329 4829 2394 4881 ut
2422 4823 2568 4880 nihil
2599 4824 2878 4896 subjectae
2903 4828 3066 4881 terrae
3087 4823 3148 4879 in
3172 4825 3502 4881 vastitatem
3536 4841 3783 4898 quercus

2137 4927 2463 4971 assumant.
2524 4914 2838 4986 Oportebat
2873 4913 3054 4980 enim,
3085 4913 3134 4969 si
3193 4929 3390 4970 verum
3439 4915 3534 4982 sit,
3567 4920 3780 4971 terram

2137 5019 2240 5074 per
2271 5003 2490 5059 radices
2513 5000 3242 5074 ascendenteminlignum
3257 5003 3494 5069 mutari,
3521 5019 3782 5060 omnem-

2137 5109 2247 5164 que
2279 5092 2659 5148 circumcirca
2715 5090 2909 5146 locum
2971 5096 3134 5146 terra)
3166 5092 3356 5148 cavari
3391 5107 3405 5147 :
3456 5093 3592 5165 quia
3622 5094 3778 5166 quod

1720 5389 1962 5447 VARUE
2011 5389 2316 5447 LECTION
2324 5389 2426 5445 ES.

447 5588 476 5600 η

369 5606 404 5640 κ
443 5605 519 5640 ων
563 5604 758 5653 ιησουν
780 5604 820 5660 5
849 5629 862 5642 .
939 5604 984 5624 σι
1006 5605 1106 5656 της
1127 5604 1274 5655 ςωης
1294 5604 1426 5659 post
1457 5604 1557 5658 την
1581 5604 1822 5662 praesa.
1832 5605 1916 5661 p01

375 5604 460 5733 QE:
538 5656 586 5693 ³⁸
623 5657 796 5729 αὐτῆς
825 5689 892 5702 —-
925 5655 1180 5736 δρυάδος]
1209 5657 1402 5729 ἑαυτῆς
1434 5692 1502 5704 -
1541 5657 1772 5738 θρυάδος
1803 5661 1916 5718 AB.

443 5513 490 5600 ξι
517 5513 611 5602 ἦν]
643 5513 896 5602 ἦν’φηξιν
1047 5512 1848 5602 _"’_ei]_iortasse‘legendu‘m
1881 5512 1986 5602 ὅτι.
2107 5515 2195 5602 ηπ
2229 5511 2590 5602 ’ξιγλαόφρων
2613 5513 2760 5602 ς...
2781 5514 2828 5549 ²⁹
2857 5511 3020 5602 λέγει.
3037 5522 3072 5570 Β
3108 5535 3120 5572 :
3147 5515 3336 5602 λέγειν

3438 5561 3450 5574 .
3528 5521 3574 5557 ⁸ο
3603 5519 3662 5575 ἐκ
3691 5543 3778 5576 νε-

545 5584 760 5672 ξξησοῦξ
780 5585 862 5660 ς’.
927 5585 984 5672 3'
1006 5591 1106 5672 τῇξ
1127 5584 1274 5672 Qui:
1294 5592 1426 5672 post
1457 5589 1567 5672 τὴν
1581 5584 1996 5672 ῥνφιοοάηρριιὶί
2017 5587 2188 5646 Roth.
2265 5584 2318 5624 δῖ
2335 5584 2554 5659 βασξκαὶ
2574 5584 2673 5656 τῆς
2697 5585 2779 5659 ς’.
2857 5587 2905 5622 ³³
2931 5584 3119 5662 κέδρος
3141 5590 3204 5663 ς’
3209 5584 3243 5644 .’
3298 5592 3344 5627 ³⁴
3366 5584 3495 5648 ἰδεῖν
3512 5591 3614 5672 γὰρ
3635 5588 3778 5649 ἔστιν
