4100 6242
336 391 490 450 1123

1529 376 1795 438 PHOTII
1842 376 2368 438 ΡΛΤΒῙΑΒΟΗᾸΞΞ
2407 376 2523 437 CP.

3588 386 3752 448 1124

336 523 567 582 aridum
599 526 688 578 est.
716 537 831 577 non
855 521 934 574 ita
957 520 1146 588 potest
1176 516 1414 572 afﬂuere
1433 519 1497 570 ut
1517 513 1730 570 humor
1747 529 1980 586 semper
2009 573 2012 580 η

2124 510 2495 567 ναλίσκουσιν.
2565 513 2772 591 Ἐχρῆν
2850 513 2973 589 γὲιρ,
3043 517 3085 572 εἰ
3156 518 3359 590 ἀληθὲς
3391 522 3437 558 ³⁸
3510 525 3578 592 ἦν
3661 522 3754 578 διὰ

337 613 539 680 afﬂuit,
573 627 705 668 cum
740 609 1039 681 proximus
1071 606 1472 661 submovetur.
1504 605 1630 660 Jam
1662 620 1795 659 vero
1827 608 1882 659 et
1911 604 1974 658 fi-

338 721 443 760 cus
460 701 800 768 similesque
821 697 1031 761 stirpes
1051 695 1107 749 in
1129 695 1336 750 aedium
1361 694 1686 750 recessibus
1711 695 1975 764 frequen-

341 801 425 848 tes
457 795 612 857 satae,
648 787 792 842 nihil
837 786 1075 842 omnino
1126 801 1192 840 ex
1223 783 1468 839 aediﬁcio
1501 784 1558 838 in
1619 799 1682 838 se
1738 782 1981 838 vertisse

341 882 630 936 videntur.
665 879 814 949 Ergo
847 876 895 930 si
949 876 1267 930 multorum
1316 890 1603 930 annorum
1665 874 1884 928 fruetus
1916 890 1984 928 ex

341 970 535 1027 illiset
567 967 704 1024 folia
734 967 866 1036 quis
891 965 1206 1037 colligeret,
1253 965 1549 1035 ingentem
1584 964 1643 1018 in
1676 963 1981 1018 domorum

343 1058 734 1133 penetralibus
767 1063 932 1111 terrae
967 1056 1194 1126 copiam
1227 1071 1294 1110 ex
1331 1053 1444 1108 illis
1490 1054 1701 1107 factam
1745 1053 1983 1106 videret.

345 1151 507 1206 Unde
539 1145 1024 1203 absurdissimum
1059 1149 1146 1200 est
1176 1143 1505 1199 existimare
1539 1147 1749 1197 terram
1780 1141 1839 1196 in
1875 1143 1985 1197 fru-

345 1244 546 1294 ctuum
569 1238 892 1292 ubertatem
921 1233 1154 1299 mutari,
1190 1238 1245 1288 et
1269 1232 1402 1287 folia
1417 1232 1992 1302 consumi,quamvis

347 1346 448 1400 per
478 1328 630 1382 hanc
687 1323 884 1380 omnia
927 1323 1090 1390 tiant,
1143 1338 1277 1377 cum
1339 1327 1500 1376 terrae
1560 1321 1693 1375 sede
1750 1319 1993 1390 locoque

350 1423 611 1475 utuntur.
645 1415 837 1486 Neque
890 1413 1057 1484 panis
1090 1413 1212 1468 sine
1261 1411 1433 1477 mola,
1471 1410 1614 1475 loco,
1651 1415 1910 1480 tempore
1940 1415 1995 1464 et

351 1509 482 1580 igne
517 1509 602 1573 tit,
636 1511 692 1559 ct
725 1511 916 1558 tamen
939 1499 1082 1555 nihil
1117 1501 1324 1555 horum
1358 1505 1446 1554 est
1479 1507 1576 1553 aut
1608 1501 1671 1554 tit
1705 1499 1884 1570 panis,
1911 1499 1996 1552 uti

349 1602 408 1652 et
437 1597 496 1650 in
529 1592 817 1650 sexcentis
849 1593 1000 1646 idem
1031 1595 1120 1646 est
1148 1590 1360 1644 videre.

2086 607 2194 656 τῶν
2272 603 2437 675 ῥιζῶν
2512 601 2887 678 ἆνερχομὲνην
2965 606 3364 677 ἀποξυλοῦσθαι
3440 614 3540 680 τήν
3617 621 3747 687 γῆν,

2091 691 2293 746 ἅπαντα
2337 693 2430 746 τὸν
2479 693 2603 766 περὶ
2650 693 2782 747 αὐτά
2831 695 2999 750 τόπον
3043 704 3143 766 τῆς
3195 707 3294 774 γῆς
3345 700 3748 772 κοιλαίνεσθαι,

2091 781 2173 836 ὅτι
2229 783 2304 854 μὴ
2357 779 2621 858 ἐπιρῥέειν
2672 782 2873 858 πέφυκε
2925 785 2985 839 τὸ
3037 788 3222 860 ξηρὸν,
3259 789 3498 864 καθάπερ
3549 793 3641 846 καὶ
3693 795 3754 848 τὸ

2096 873 2279 947 ὑγρὸν,
2330 871 2410 926 ἀεὶ
2461 873 2596 944 πρὸς
2649 873 2715 928 τὸ
2763 874 3108 947 κινούμενον.
3153 874 3295 948 "Har,
3343 877 3400 934 δὲ
3450 881 3542 935 καὶ
3595 889 3756 936 συκαῖ

2094 962 2182 1014 καὶ
2225 959 2370 1015 ἄλλα
2414 965 2640 1016 τοιαῦτα
2686 964 2825 1041 φυτᾶ
2887 965 3168 1037 μνημείων
3222 967 3273 1022 ἐν
3335 967 3758 1043 οἰκοδομήμασι

2097 1047 2368 1110 πολλάκις
2421 1049 2800 1123 βλαστήσαντα
2846 1050 3000 1107 οὐδὲν
3051 1053 3127 1116 εἷς
3180 1057 3338 1111 ἑαυτὰ
3384 1065 3484 1126 τῆς
3537 1058 3760 1114 οἰκοδο-

2102 1148 2210 1213 μῆς
2249 1139 2394 1201 ὅλως
2454 1142 2796 1216 ἱστοροῦνται
2845 1141 3311 1202 καταναλωκέναι.
3347 1147 3408 1200 Εἰ
3437 1151 3566 1220 γοῦν
3623 1147 3758 1203 ἐτῶν

2101 1228 2325 1284 πολλῶν
2359 1229 2785 1304 συλλογίσασθαί
2818 1252 2899 1294 τις
2945 1233 3036 1287 τὸν
3073 1238 3280 1307 καρπὸν
3332 1237 3508 1292 αὑτῶν
3559 1238 3654 1292 καὶ
3691 1239 3758 1292 τὰ

2105 1317 2288 1392 φύλλα
2328 1317 2655 1394 βουληθείη,
2688 1319 2900 1375 κατίδοι
2934 1321 2993 1375 ἂν
3026 1321 3489 1381 πολλαπλασίονα
3517 1334 3621 1394 τῆς
3672 1325 3761 1381 ἐπὶ

2105 1412 2208 1462 τῶν
2270 1409 2551 1482 μνημείων
2608 1412 2710 1485 γῆς
2761 1410 2852 1464 τὸν
2908 1406 3068 1484 ὄγκον
3131 1413 3306 1469 αὐτῶν
3366 1417 3763 1491 γεγενημένον.

2105 1499 2261 1554 ’Ὁθεν
2323 1498 2673 1554 ἀτοπώτατον
2740 1502 2987 1576 ἡγεῖσθαι
3049 1503 3151 1570 τήν
3219 1513 3321 1580 γῆν
3401 1506 3476 1568 εἰς
3540 1512 3769 1581 καρπῶν

2110 1586 2278 1665 φορὰν
2333 1583 2824 1661 μεταϐαλλομένην
2872 1589 2961 1644 καὶ
3013 1591 3196 1666 φύλλα
3255 1595 3777 1663 καταναλίσκεσθαι,

351 1683 446 1739 κᾶν
507 1681 576 1737 δι’
636 1682 804 1751 αὐτῆς
861 1683 1068 1736 ἅπαντα
1123 1679 1402 1755 γίνωνται,
1469 1677 1600 1749 ἕδρᾳ
1655 1678 1790 1751 αὐτῇ
1846 1679 2111 1752 χρώμενα
2141 1680 2183 1712 ³⁷
2263 1677 2352 1732 καὶ
2411 1678 2586 1750 τόπῳ.
2648 1677 2786 1734 Οὐδὲ
2841 1680 2940 1755 γὰρ
2999 1679 3157 1754 ἄρτος
3236 1680 3370 1759 δίχα
3431 1685 3612 1757 μύλου
3681 1687 3774 1740 καί

353 1774 525 1828 τόπου
573 1772 663 1827 καὶ
711 1770 915 1847 χρόνου
961 1771 1050 1824 καὶ
1096 1770 1266 1842 πυρὸς
1317 1768 1541 1845 γίνεται,
1590 1769 1678 1822 καὶ
1733 1765 1889 1821 οὐδὲν
1937 1763 2078 1820 ἔστιν
2213 1768 2416 1842 γίνεται
2473 1767 2680 1823 τούτων
2723 1770 2750 1823 6
2792 1769 2979 1844 ἄρτος.
3028 1775 3125 1825 Καὶ
3175 1771 3263 1827 ἐπὶ
3312 1772 3500 1830 ἄλλων
3551 1777 3768 1850 μυρίων

355 1862 614 1923 ὡσαύτως
625 1905 636 1917 .

431 1958 546 2014 Hoc
579 1957 742 2010 Pauli
785 1972 798 2010 :

361 2047 551 2102 domus
581 2048 769 2099 nostra
820 2043 982 2113 hujus
1027 2040 1384 2096 habitationis
1429 2042 1764 2096 dissolvatur
1792 2055 1816 2080 0
1849 2084 1864 2108 ,
1897 2049 2003 2094 elc.

366 2135 702 2206 Origenistm
726 2135 792 2187 ad
821 2132 1136 2187 tollendam
1194 2148 1501 2202 corporum
1535 2131 2009 2186 resurrectionem

369 2224 533 2279 aiunt
592 2221 1027 2276 tabernaculum
1062 2220 1243 2290 accipi
1303 2236 1405 2291 pro
1455 2237 1713 2291 corpore,
1746 2226 1801 2274 et
1831 2217 2010 2274 cmle-

370 2318 517 2368 stem
545 2312 786 2366 domum
811 2309 971 2364 nulla
985 2325 1159 2364 manu
1185 2310 1414 2378 factam,
1435 2326 1562 2380 quae
1587 2309 1667 2362 illi
1687 2309 2010 2380 spiritualia

369 2403 718 2457 indumenta
792 2403 1019 2454 vocant.
1079 2397 1222 2453 Hinc
1284 2398 1420 2452 dicit
1488 2402 1722 2454 sanctus
1784 2399 2007 2453 Metho-

370 2491 519 2558 dius,
557 2489 743 2546 297i)
775 2505 875 2560 per
916 2493 1250 2544 terrestrem
1280 2487 1540 2555 domum,
1589 2488 1817 2544 brevem
1863 2487 2010 2544 hanc

368 2581 545 2635 vitam
579 2579 818 2634 abusive
844 2576 1303 2648 intelligendam,
1336 2583 1390 2632 et
1422 2594 1536 2632 non
1569 2577 1678 2632 hoc
1709 2576 2008 2633 habitacu-

367 2670 510 2725 lum.
546 2669 603 2724 Si
637 2667 788 2722 enim
821 2683 923 2738 per
953 2671 1281 2722 terrestrem
1316 2667 1555 2722 domum
1581 2667 2008 2722 dissolvendam

369 2775 580 2830 corpus
610 2760 869 2812 nostrum
895 2756 966 2810 ab
989 2772 1052 2811 eo
1075 2754 1314 2825 intelligi
1339 2757 1591 2826 putatis:
1628 2758 1760 2827 quid
1788 2756 2010 2812 habita-

374 2845 574 2902 culum
612 2845 692 2900 sit
721 2845 939 2914 docele,
1001 2845 1165 2914 cujus
1224 2848 1429 2900 domus
1487 2846 1563 2900 sit
1619 2846 2009 2902 dissolvenda.

372 2937 541 2992 Aliud
575 2936 728 2990 enim
763 2940 851 2990 est
881 2933 1304 3005 habitaculum,
1352 2937 1508 2990 aliud
1550 2936 1865 2991 habitaculi
1909 2938 2014 2990 do-

373 3043 528 3095 mus,
563 3030 620 3081 et
687 3025 842 3080 aliud
889 3042 1012 3092 nos,
1052 3042 1299 3096 quorum
1359 3029 1445 3080 est
1505 3026 1922 3081 habitaculum.
1959 3025 2015 3081 Si

378 3116 557 3181 enim,
593 3115 805 3186 inquit,
830 3115 1125 3170 terrestris
1159 3116 1366 3171 domus
1401 3122 1602 3172 nostra
1641 3115 2015 3171 habitationis

377 3204 716 3260 dissolvitur
748 3222 760 3271 ;
797 3207 960 3275 quasi
991 3206 1230 3276 ﬁgurate
1265 3222 1368 3260 nos
1399 3222 1524 3260 esse
1564 3207 1790 3261 animas
1823 3211 2016 3262 osten-

849 1953 1063 2009 Scimus
1121 1956 1289 2016 enim,
1351 1955 1612 2024 quoniam
1642 1953 1690 2006 si
1729 1954 2006 2007 terrestris
2040 1955 2084 2020 B

2185 1950 2309 2005 ’Ὁτι
2339 1949 2424 2018 τὸ,
2476 1947 2723 2022 Οἴδαμεν
2754 1953 2796 1986 ⁸⁸
2834 1951 2932 2026 γὰρ
2991 1953 3068 2016 ὼς
3099 1952 3183 2007 ἐὰν
3231 1955 3265 2023 ἡ
3311 1953 3554 2028 ἐπίγειος
3600 1958 3770 2028 ἡμῶν

2118 2036 2263 2092 οἰκία
2309 2043 2406 2092 τοῦ
2453 2041 2685 2109 σκήνους
2739 2038 3040 2114 καταλυθῇ,
3099 2041 3188 2096 καί
3245 2042 3389 2113 ἑξῆς,
3450 2045 3503 2097 οἳ
3563 2046 3783 2120 Ὠριγε-

2117 2128 2327 2182 νιασταὶ
2370 2127 2445 2189 εἷς
2491 2129 2756 2202 ἀναίρεσιν
2802 2137 2902 2198 τῆς
2953 2136 3060 2185 τῶν
3104 2134 3373 2203 σωμάτων
3425 2133 3778 2197 ἀναστάσεως

2119 2211 2554 2290 προϐάλλονται,
2598 2225 2794 2286 σκῆνος
2823 2220 2886 2273 τὸ
2929 2225 3088 2294 σῶμα
3117 2222 3207 2274 καὶ
3257 2221 3695 2295 ἀχειροποίηνον
3728 2224 3781 2279 ἐν

2121 2304 2372 2378 οὐρανοῖς
2423 2305 2596 2359 οἰκίαν
2657 2309 2724 2361 τα
2781 2309 2905 2380 παρ’
2972 2311 3148 2364 αὐτῶν
3216 2312 3558 2382 πνευματικὰ
3636 2311 3784 2368 ὲνδοᾶο

2123 2415 2264 2468 ματα
2318 2395 2582 2470 λέγοντες.
2617 2396 2709 2450 Διό
2760 2418 2918 2474 φησιν
2968 2398 2996 2451 6
3041 2397 3191 2472 ἅγιος
3247 2397 3512 2460 Μεθόδιος
3550 2420 3561 2432 ’
3618 2401 3780 2457 Ἐπί-

2117 2505 2262 2560 γειον
2314 2485 2484 2539 οἰκίαν
2535 2487 2632 2553 τὴν
2666 2489 2710 2522 ⁸³
2759 2486 2981 2541 ἐνταῦθα
3041 2484 3343 2563 βραχύϐιον
3397 2491 3547 2559 ζωὴν
3606 2512 3786 2547 κατα-

2120 2579 2436 2648 χρηστικῶς
2470 2572 2730 2644 ληπτέον,
2771 2576 2859 2628 καὶ
2903 2575 2963 2629 οὐ
2999 2577 3057 2629 τὸ
3107 2584 3304 2646 σκῆνος
3343 2584 3528 2634 τοῦτο.
3572 2580 3638 2636 Ei
3673 2583 3785 2656 γὰρ

2121 2664 2355 2741 ἐπίγειον
2392 2665 2562 2719 οἰκίαν
2618 2664 3032 2740 καταλυομένην
3081 2669 3144 2722 τὸ
3193 2673 3350 2741 σῶμα
3396 2672 3642 2725 τίθεσθαι
3683 2670 3784 2724 αὒ-

2121 2756 2211 2808 τὸν
2245 2756 2517 2826 νομίζετε,
2552 2757 2786 2831 φράσατε
2824 2756 2886 2812 τὸ
2928 2765 3126 2827 σκῆνος
3159 2758 3211 2813 τί
3243 2758 3407 2829 ἐστιν,
3439 2760 3500 2814 οὗ
3556 2763 3591 2829 ἡ
3636 2762 3785 2815 οἰκία

2123 2843 2494 2912 καταλύεται;
2543 2847 2764 2920 Ἕτερον
2811 2847 2914 2921 γὰρ
2961 2849 3023 2901 τὸ
3074 2855 3295 2916 σκῆνος,
3344 2850 3434 2903 καὶ
3481 2848 3628 2904 ἄλλο
3685 2854 3785 2904 τοῦ

2126 2938 2358 3006 σκήνους
2399 2938 2431 3004 ἡ
2467 2935 2634 3006 οἰκία,
2685 2938 2772 2990 καὶ
2810 2934 2992 3010 ἕτερον
3043 2941 3226 3010 ἡμεῖς,
3260 2941 3334 2993 ῶν
3387 2941 3500 2994 ἐστι
3534 2941 3595 2994 τὸ
3646 2948 3784 3008 σκῆ-

2123 3046 2236 3086 νος.
2295 3028 2418 3098 [437
2480 3027 2571 3098 IL]
2642 3027 2764 3081 Ἐὰν
2821 3028 2921 3100 γὰρ
2980 3030 3014 3095 ἡ
3085 3027 3324 3106 ἐπίγειος
3384 3031 3548 3100 ἡμῶν
3610 3029 3789 3093 οἰκία,

2128 3115 2282 3187 φησί,
2342 3119 2436 3168 τοῦ
2497 3117 2726 3184 σκήνους
2785 3115 3091 3189 καταλυθῇ,
3160 3120 3274 3172 οἷον
3330 3120 3477 3190 ἡμᾶς
3535 3120 3629 3189 μὲν
3686 3121 3787 3180 τὶς

2128 3204 2308 3277 ψυχὰς
2354 3203 2488 3256 εἶναι
2535 3201 2813 3272 δηλώσας,
2861 3211 3056 3274 σκῆνος
3097 3202 3154 3259 δὲ
3182 3206 3243 3260 τὸ
3283 3210 3467 3278 σῶμα,
3501 3206 3678 3261 οὶκίαν
3729 3204 3790 3260 δὲ

376 3296 552 3363 deret,
588 3293 1005 3349 habitationem
1062 3311 1194 3348 vero
1247 3311 1481 3365 corpus,
1522 3296 1757 3350 domum
1821 3306 2012 3349 autem

2124 3296 2218 3346 τοῦ
2260 3294 2490 3360 σκήνους
2532 3294 2629 3360 τήν
2669 3294 2804 3346 κατᾶ
2831 3294 2930 3362 τὴν
2970 3299 3245 3368 παροῦσαν
3282 3297 3423 3364 ζωὴν
3468 3295 3790 3350 ἀπόλαυσιν

373 3386 748 3442 habitationis
771 3402 1010 3441 usuram
1047 3385 1316 3440 carnisin
1350 3387 1619 3456 praesenti
1643 3387 1778 3441 vita.
1806 3387 2015 3456 Siergo

373 3477 494 3531 haec
525 3477 785 3548 corporis
802 3475 918 3531 vita
951 3478 1130 3529 instar
1153 3476 1363 3529 domus
1383 3474 1747 3541 dissolvatur,
1779 3475 2018 3531 habebi-

376 3582 509 3620 mus
550 3566 606 3620 in
642 3565 782 3620 ccelo
816 3582 930 3619 non
965 3566 1378 3634 manufactam,
1412 3565 1622 3636 inquit,
1681 3567 1832 3636 quod
1897 3565 2018 3620 [nec

377 3655 489 3709 vita
519 3654 862 3709 diti‘erentize
887 3670 1064 3710 causa
1084 3655 1419 3710 manufacta
1444 3660 1750 3726 propterea
1769 3654 2016 3721 dicatur,

377 3761 442 3800 eo
475 3743 631 3814 quod
662 3745 853 3799 omnis
884 3743 1073 3798 cultus
1105 3749 1161 3799 et
1183 3744 1373 3798 studia
1395 3745 1519 3800 vita;
1544 3745 1721 3814 hujus
1747 3745 2020 3800 manibus

378 3833 862 3888 administrentur
895 3837 953 3886 et
983 3840 1277 3903 gerantur.
1313 3834 1535 3904 Corpus
1569 3833 1747 3902 enim,
1782 3849 1911 3890 cum
1947 3832 2024 3886 sit

377 3939 524 3993 opus
557 3921 678 3990 Dei,
714 3923 1114 3976 manul‘actum
1138 3939 1249 3976 non
1274 3922 1504 3990 dicitur,
1539 3939 1604 3977 eo
1627 3923 1782 3993 quod
1815 3939 1931 3980 non
1952 3922 2023 3977 sit

379 4016 499 4066 arte
523 4010 828 4065 hominum
855 4011 1147 4065 effectum.
1181 4012 1236 4065 Si
1263 4019 1458 4066 autem
1485 4029 1696 4084 corpus
1724 4018 2025 4085 propterea

384 4104 784 4158 manufactum
846 4101 1116 4167 dixerint,
1177 4103 1327 4173 quod
1369 4121 1402 4158 a
1465 4105 1574 4159 Deo
1627 4103 1702 4159 sit
1731 4104 2023 4167 etl'ectum,

385 4202 522 4248 tunc
554 4193 728 4246 etiam
749 4191 978 4259 animae,
1012 4197 1065 4246 et
1098 4193 1308 4260 angeli,
1342 4198 1398 4247 et
1429 4193 1559 4264 ipsa
1591 4193 1648 4247 in
1672 4193 1828 4248 caelis
1854 4194 2026 4250 indu-

385 4287 580 4337 menta
614 4282 952 4336 manufacta
979 4280 1265 4337 dicentur.
1301 4281 1508 4336 Omnia
1541 4284 1756 4354 quippe
1783 4283 1903 4336 hare
1928 4282 2025 4337 Dei

386 4377 529 4427 sunt
562 4386 752 4440 Opera.
779 4371 910 4433 Qua:
942 4379 1025 4425 est
1079 4387 1215 4442 ergo
1240 4372 1446 4425 domus
1481 4373 1857 4426 manufacta?
1880 4373 2028 4440 Haec,

385 4459 652 4528 inquam,
714 4459 905 4512 brevis
967 4458 1100 4526 vita,
1134 4474 1240 4521 ope
1290 4459 1546 4514 humana
1579 4463 1896 4514 sustentata
1927 4476 2029 4514 seu

385 4547 661 4602 condita:
698 4548 755 4600 In
789 4547 1004 4613 sudore,
1040 4547 1253 4618 inquit,
1286 4547 1474 4602 vultus
1511 4548 1600 4602 lui
1633 4549 1862 4603 vesceris
1894 4566 2034 4619 pane

388 4644 480 4692 tuo
511 4650 533 4688 P
569 4661 581 4702 ;
617 4653 732 4706 qua
764 4636 1053 4692 dissoluta
1082 4637 1243 4691 illam
1277 4637 1662 4694 immortalem
1699 4655 1812 4693 non
1839 4656 2012 4694 manu

2149 4601 2186 4620 ι.
2334 4601 2366 4610 γι
2461 4601 2469 4602 κ
2829 4601 2839 4611 .
2897 4601 2912 4610 .

2148 4636 2252 4706 ρῶν
2312 4629 2872 4706 δραματουργουμένη
2925 4649 2938 4662 ·

391 4727 600 4782 factam
636 4742 1011 4796 occupamus,
1045 4727 1537 4798 quemadmodum
1591 4729 1874 4783 Dominus
1907 4729 2032 4800 ipse

389 4814 720 4884 declaravit,
777 4833 909 4871 cum
969 4817 1112 4872 dixit
1170 4833 1184 4874 :
1236 4817 1420 4873 Facite
1489 4818 1640 4873 vobis
1702 4820 1905 4874 amicos
1965 4820 2036 4874 de

389 4923 708 4961 mammona
756 4907 1096 4978 iniquitatis,
1130 4916 1189 4962 ul
1216 4924 1338 4962 cum
1397 4909 1728 4979 defecerilis,
1761 4907 2038 4980 recipiunt

389 5011 480 5050 vos
504 4998 560 5050 in
591 5005 798 5053 aeterna
823 4996 1188 5052 tabernacula
1288 4997 1447 5062 Quod
1471 4995 1625 5052 enim
1652 4995 1732 5050 ibi
1756 4997 2037 5052 Dominus

391 5086 706 5157 appellavit
757 5085 1135 5152 tabernacula,
1186 5085 1280 5140 hie
1316 5084 1628 5156 Apostolus
1657 5089 1821 5140 vocat
1870 5085 2036 5140 indu-

392 5184 598 5231 menta.
655 5175 819 5240 Quod
850 5176 928 5231 ibi
973 5175 1179 5232 amicos
1211 5175 1548 5248 iniquitatis,
1602 5175 1692 5229 hic
1724 5173 2041 5246 Apostolus

394 5261 584 5316 domus
642 5265 1045 5321 dissolvendae
1118 5265 1420 5323 diversorii
1479 5281 1582 5322 seu
1639 5263 2038 5321 habitationis.

399 5349 903 5413 Quemadmodum
937 5371 1096 5427 ergo,
1128 5371 1263 5413 cum
1293 5355 1414 5414 dies
1468 5356 1598 5413 vita
1646 5359 1859 5412 nostra:
1891 5371 2041 5426 prm—

468 5461 492 5488 ο
524 5451 571 5504 It
603 5453 728 5507 Cor.
761 5469 814 5520 v,
851 5458 900 5509 1.
977 5468 1002 5509 P
1034 5454 1174 5512 Gen.
1212 5471 1298 5523 Ill,
1333 5455 1417 5511 19.
1496 5470 1522 5512 q
1552 5459 1688 5512 Luc.
1723 5471 1833 5521 xw,
1863 5454 1919 5509 9.

2125 3388 2224 3450 τῆς
2280 3382 2476 3456 σαρκὸς
2533 3386 2832 3455 τροπικῶς.
2893 3383 3014 3437 Ἐὰν
3057 3382 3147 3438 οὖν
3204 3387 3238 3453 ἡ
3273 3387 3318 3420 ⁴⁰
3372 3389 3468 3438 νῦν
3525 3383 3591 3451 δὴ
3638 3385 3776 3455 αὕτη

2126 3473 2160 3540 ἡ
2210 3476 2306 3524 τοῦ
2359 3472 2610 3542 σώματος
2655 3473 2768 3540 ζωή
2823 3469 2978 3542 δίκην
3026 3472 3205 3534 οἰκίας
3255 3472 3562 3546 καταλυθῇ,
3591 3472 3788 3546 ἕξομεν

2126 3561 2225 3629 τὴν
2259 3558 2308 3614 ἐν
2356 3565 2474 3622 τοῖς
2526 3566 2775 3633 οὐρανοῖς
2816 3561 3267 3636 ἀχειροποίητον.
3311 3563 3782 3638 Ἀχειροποὲητὸν

2128 3671 2258 3728 φησι
2291 3646 2377 3703 διὰ
2414 3651 2476 3703 τὸ
2516 3651 2914 3724 χειροποίητον
2944 3653 3144 3721 ταύτην
3193 3651 3442 3725 λέγεσθαι
3484 3654 3584 3720 τήν
3636 3654 3784 3720 ζωῆν

2129 3740 2262 3794 κατὰ
2308 3735 2744 3808 ἀντιδιαστολὴν,
2776 3741 2920 3812 παρᾶ
2949 3740 3010 3794 τὸ
3058 3739 3231 3796 πάντα
3272 3743 3432 3813 ἡμῶν
3471 3743 3540 3794 τα
3577 3743 3791 3812 κοσμή-

2136 3851 2277 3902 ματα
2318 3829 2406 3883 καὶ
2460 3826 2848 3900 σπουδάσματα
2891 3833 2989 3885 τοῦ
3037 3829 3160 3904 βίου
3217 3831 3377 3905 χερσὶ
3427 3828 3790 3902 παλαμᾶσθαι

2133 3919 2452 3991 ἀνθρώπων.
2528 3919 2596 3972 Τὸ
2656 3919 2757 3992 γὰρ
2841 3919 2999 3990 σῶμα
3077 3916 3477 3995 δημιούργημα
3544 3920 3792 3994 ὕπαρχον

2133 4013 2270 4062 Θεοῦ
2323 4007 2716 4082 χειροποίητον
2778 4007 2837 4061 οὐ
2901 4007 3256 4083 λὲγεται,ὅτι
3316 4010 3392 4080 μή
3453 4007 3791 4080 ἐπαλαμῆθη

2132 4097 2350 4174 τέχναις
2401 4097 2719 4170 ἀνθρώπωνο
2754 4097 2813 4151 Εἶ
2861 4094 2918 4152 δὲ
2969 4094 3108 4152 διότι
3162 4099 3265 4152 ὑπὸ
3308 4101 3444 4152 θεοῦ
3489 4095 3796 4171 RUFO"?

2134 4189 2300 4262 γήθη,
2352 4184 2744 4264 χειροποίητον
2797 4185 2925 4240 αὐτὸ
2971 4185 3208 4256 λέξουσι,
3263 4186 3654 4261 χειροποίητοι
3697 4188 3796 4258 ἄρα

2138 4276 2227 4330 καὶ
2279 4276 2332 4329 αἱ
2373 4276 2547 4353 ψυχαὶ
2595 4274 2684 4328 καὶ
2717 4276 2768 4328 οἱ
2815 4274 3037 4351 ἄγγελοι
3087 4277 3176 4330 καὶ
3225 4277 3291 4330 τα
3339 4273 3618 4347 ἐνδύματα
3662 4276 3793 4328 αὖτᾶ

2137 4366 2204 4418 τὰ
2261 4365 2312 4419 ἐν
2359 4369 2476 4425 τοῖς
2531 4363 2777 4437 οὐρανοῖς
2809 4382 2819 4393 ·
2882 4369 3015 4418 Θεοῦ
3072 4364 3174 4439 γὰρ
3225 4365 3659 4439 αὐτουργηματα
3705 4362 3791 4417 καὶ

2143 4457 2329 4509 ταῦτα.
2365 4451 2462 4513 Τίς
2511 4450 2602 4506 οὖν
2639 4450 2777 4506 ἐστιν
2820 4454 2854 4520 ἡ
2903 4453 3296 4530 χειροποίητος
3344 4452 3490 4506 οἰκία
3521 4474 3535 4518 ;
3570 4454 3632 4508 Ἣ
3672 4454 3796 4524 βρα-

2146 4538 2367 4620 χύϐιος,
2399 4542 2472 4602 ὡς
2516 4539 2672 4617 ἔφην,
2705 4540 2839 4611 αὕτη
2886 4542 3022 4610 ζωή,
3063 4544 3099 4610 ἡ
3150 4539 3242 4596 ἀπ’
3271 4541 3621 4616 ἀνθρωπίνων
3671 4560 3788 4612 χει-

3005 4635 3166 4705 Φαγῇ
3211 4633 3253 4666 ⁸¹
3313 4631 3435 4706 γὰρ,
3491 4629 3672 4704 σησῖν,
3729 4626 3783 4681 ἐν

2143 4719 2333 4794 ἱδρῶτι
2387 4724 2483 4774 τοῦ
2531 4723 2830 4794 προσώπου
2880 4739 2976 4773 σου
3021 4719 3115 4774 τὸν
3164 4720 3325 4794 ἄρτον
3382 4740 3473 4773 σου
3503 4739 3514 4750 '
3573 4719 3640 4788 ἦς
3697 4737 3792 4770 κα-

2142 4809 2470 4880 ταλυθείσης
2511 4807 2720 4878 ἐκείνην
2767 4809 2866 4876 τὴν
2899 4807 3332 4882 ἀχειροποίητον
3378 4809 3519 4876 ζωὴν
3564 4804 3799 4882 ἔχομεν.

2145 4902 2398 4975 Καθάπερ
2429 4899 2518 4954 καὶ
2552 4901 2579 4954 ὁ
2628 4898 2832 4973 Κύριος
2884 4897 3049 4952 εἰπὼν
3104 4896 3352 4970 ἐδήλωσε
3379 4915 3391 4928 ⁸
3448 4899 3726 4968 Ποιήσατε
3756 4896 3801 4929 ⁶²

2146 4991 2342 5070 φίλους
2399 4988 2457 5044 ἐκ
2510 4996 2608 5059 τῆς
2676 4985 2885 5048 ἀδικίας
2951 4992 3052 5042 τοῦ
3129 4993 3363 5061 μαμωνᾶ
3395 4987 3462 5053 ‘3,
3516 4983 3608 5040 ἵνα
3677 4985 3802 5039 ὅταν

2147 5079 2412 5136 ἐκλίπωσι
2465 5081 2531 5147 ⁸⁸,
2618 5075 2874 5150 δέξωνται
2977 5079 3115 5150 ὑμᾶς
3201 5077 3277 5139 εἰς
3361 5075 3459 5139 τας
3544 5075 3809 5135 ἀίωνίους

2150 5169 2371 5242 σκηνὰς.
2432 5169 2498 5225 Ὃ
2555 5168 2656 5242 γὰρ
2730 5165 2841 5222 ἐκεῖ
2904 5168 3105 5238 σκηνὰς
3179 5169 3206 5221 6
3274 5166 3480 5239 Κύριος
3561 5162 3809 5230 ἐκάλεσε,

2147 5267 2309 5316 τοῦτο
2361 5257 2582 5314 ἐνταῦθα
2629 5257 2658 5311 ὁ
2717 5252 3050 5317 Ἀπόστολος
3110 5253 3382 5330 ἐνδύματα
3425 5273 3440 5289 ·
3491 5254 3521 5307 ’ὀ
3582 5251 3640 5308 δὲ
3698 5251 3811 5307 ἐκεῖ

2152 5351 2346 5428 φίλους
2403 5347 2460 5402 ἐκ
2522 5351 2621 5415 τῆς
2700 5342 2938 5416 ἀδικίας,
2998 5345 3225 5400 ἐνταῦθα
3300 5341 3715 5417 καταλυομένας
3783 5340 3812 5392 ὁ

1757 5546 1992 5603 VARle
2042 5540 2452 5599 LECTIONES.

477 5634 782 5721 “@0994
814 5642 929 5721 ΑΒ·
1023 5645 1088 5721 ,³⁷
1122 5647 1404 5720 χρώμενοι
1439 5647 1521 5721 ς.

405 5711 448 5747 ’ί
485 5711 632 5787 φάγῃ
669 5710 748 5786 ς’.
826 5713 874 5748 ⁴²
901 5710 1188 5791 ποιήσατέ]
1223 5710 1354 5777 huc.
1381 5710 1498 5788 xvi,
1528 5721 1583 5776 9.

1621 5648 1666 5683 ³⁸
1697 5643 1946 5719 οἴδαμεν]
1988 5644 2031 5700 ΙΙ
2061 5644 2187 5719 C_0r.
2228 5643 2376 5719 vti:
2405 5711 2416 5719 _
2478 5643 2524 5675 θ’
2557 5643 2662 5719 τὴν
2687 5653 2786 5719 9m

1660 5721 1704 5754 "
1738 5705 2023 5792 μαμμὼνᾶ
2061 5705 2592 5789 ςἠηβίὲκλίπωσιν
2619 5705 3182 5785 νΑΒθλέκλίπητεδς.

2478 5640 2524 5675 ³⁸
2557 5637 2660 5706 τὴν
2689 5653 2809 5695 om.
2839 5638 2926 5706 A.r
3005 5635 3053 5670 ⁴⁰
3079 5637 3114 5704 ἡ
3145 5642 3277 5692 ante
3325 5635 3421 5687 τοῦ
3460 5649 3582 5689 om.
3613 5647 3710 5704 pr.
3747 5633 3813 5686 Α.
