4100 6242
389 327 547 388 1125

1449 330 1988 397 BIBLIOTHECA.
2036 366 2112 381 -
2152 335 2324 396 COD.
2371 336 2737 407 CCXXXIV.

3641 371 3670 429 1
3686 372 3797 434 126

387 456 726 521 Ἀπόστολος
767 457 967 530 οἰκίας,
1010 462 1261 536 Καθάπερ
1307 466 1439 540 γοῦν
1485 461 1571 518 ἔάν
1622 462 2032 565 ἐκλείψωσινμῐ

2153 469 2336 526 sentis
2384 471 2719 565 defecerint,
2744 477 2899 538 bona
2947 500 3140 557 opera,
3171 489 3398 551 animas
3449 503 3685 560 nostras
3720 509 3793 565 ad

390 555 490 619 τῆς
520 547 798 619 παρούσης
851 553 994 618 ζωῆς
1027 551 1190 622 ἡμῶν
1240 552 1467 627 ἡμέραι,
1507 554 1576 608 τά
1621 555 1755 629 πρὸς
1789 554 2032 611 εὐποιίαν

390 639 483 700 τὰς
536 637 718 714 ψυχὰς
766 639 1007 710 ἡμῶν⁴⁵
1064 636 1414 709 ὑποδέξονται
1470 641 1944 717 ἀγαθοεργήματα,
2000 644 2034 701 ἃ

388 728 495 782 ἀπὸ
551 732 650 796 τῆς
704 726 757 781 ἐν
815 731 883 801 τῇ
941 724 1129 801 ἀδικίᾳ
1186 733 1332 799 ζωῆς
1380 728 1723 803 ἐκτησάμεθα
1770 735 1889 806 [921
1947 736 2036 808 8.]

385 821 465 888 τῷ
511 816 600 871 τὸν
661 815 865 889 κόσμον
918 816 970 872 ἐν
1019 821 1099 889 τῷ
1158 823 1388 893 πονηρῷ
1442 821 1673 892 κεῖσθαι,
1729 821 1877 876 οὕτω
1933 830 2034 892 τῆς

389 912 533 977 ζωῆς
561 906 956 978 καταλυθείσης
996 914 1097 978 τῆς
1147 907 1445 985 ὠκυμόρου
1473 911 1573 978 τήν
1622 911 1728 986 πρὸ
1774 918 1877 981 τῆς
1907 913 2033 968 ἀνα-

388 997 624 1061 στάσεως
667 994 857 1071 ἓξομεν
910 995 1125 1067 οἷ’κησιν
1184 999 1240 1052 αἱ
1287 1000 1460 1073 ψυχαὶ
1496 1001 1541 1035 ⁴⁶
1576 998 1722 1075 παρά
1767 1004 1845 1071 τῷ
1894 1006 2030 1073 Θεῷ,

385 1080 491 1141 ἔστ’
540 1084 601 1141 ἂν
646 1086 1219 1157 ἀνακαινοποιηθεῖσαν
1267 1090 1403 1159 ἡμῖν
1444 1086 1691 1143 ἄπτωτον
1742 1083 2031 1145 ἀναλάϐω-

389 1197 484 1249 μεν
531 1175 707 1231 οἰκίαν
739 1177 805 1232 4⁷.
856 1178 1016 1235 ’Ὀθεν
1048 1178 1134 1232 καὶ
1188 1180 1532 1250 στενάζομεν,
1567 1179 1643 1251 μή
1684 1178 1930 1242 θέλοντες
1971 1180 2033 1235 τὸ

387 1270 545 1338 σῶμα
591 1263 1010 1336 ἀπεκδύσασθαι,
1052 1264 1179 1321 ἀλλ’
1227 1266 1310 1321 ἐπ’
1358 1267 1504 1340 αύτῷ
1550 1268 1646 1336 τὴν
1694 1266 1899 1337 λοιπὴν
1944 1269 2035 1324 ἐπ-

388 1352 701 1410 ενδύσασθαι
734 1357 904 1427 ζωήν.
945 1357 1015 1411 Τὸ
1062 1356 1166 1431 γὰρ
1209 1356 1528 1433 οἰκητήριον
1568 1358 1631 1412 τὸ
1682 1357 1733 1429 ἐξ
1783 1359 2031 1434 ούρανοῦ,

384 1444 414 1499 ’ὀ
468 1443 841 1518 ἐπιθυμοῦμεν
875 1445 925 1481 ⁴⁸
982 1442 1391 1516 ἐπενδύσασθαι,
1449 1448 1485 1516 ἡ
1552 1446 1807 1503 ἀθανασία
1864 1448 2029 1509 ἐστίν.

381 1534 477 1589 Ἦν
533 1533 620 1589 ἐὰν
675 1531 1114 1608 ἒπενδυσώμεθα,
1173 1537 1613 1607 καταποθήσεται
1681 1541 1785 1593 πᾶν
1850 1539 1913 1594 τὸ
1980 1538 2032 1593 ἐν

383 1622 519 1697 αὐτῇ
553 1622 872 1699 ὁλοσχερῶς
902 1623 1119 1688 ἀσθενὲς
1162 1625 1264 1681 ὑπὸ
1296 1631 1395 1697 τῆς
1426 1625 1668 1702 ἀχρόνου
1712 1631 1858 1698 ζωῆς
1902 1648 2029 1684 κατ-

382 1711 658 1770 αναλωθὶν
690 1714 782 1769 καὶ
816 1716 1033 1786 θνητόν.

2142 562 2575 662 compensanda
2632 563 2955 642 benefacta,
3004 589 3129 645 quis
3176 577 3235 634 in
3292 582 3410 638 vita
3460 562 3791 662 iniquitatis

2141 648 2536 751 possedimus,
2551 655 2643 723 (eo
2672 659 2828 727 quod
2860 664 3116 721 mundus
3146 666 3225 723 sit
3252 668 3313 726 in
3344 648 3602 744 maligno

2143 737 2263 807 tus)
2305 737 2587 811 recipient
2604 754 2638 833 ,ι’
2677 760 2691 800 :
2722 745 2803 803 ita
2844 748 3005 808 brevi
3037 753 3145 810 hac
3183 757 3302 815 vita
3338 737 3546 833 soluta,
3581 737 3790 829 animas

2141 830 2275 883 ante
2305 832 2789 892 resurrectionem
2839 839 3260 904 habitationem
3305 830 3608 913 habebunt
3634 867 3791 934 apud

2139 914 2346 986 Deum,
2368 918 2551 976 donec
2580 922 2965 987 instauratam
2994 937 3051 989 et
3081 952 3381 1011 nunquam
3406 914 3791 1009 casuramrre-

2141 1004 2431 1077 cipiamus
2461 1010 2726 1071 domum.
2761 1014 2924 1075 Unde
2949 1026 3007 1077 et
3036 1004 3496 1100 ingem'iscimus,
3530 1037 3790 1099 nolentes

2140 1109 2351 1167 corpus
2401 1097 2512 1155 hoc
2558 1116 2786 1176 exuere,
2818 1110 2918 1165 sed
2948 1127 3122 1184 super
3161 1115 3357 1187 ipsum
3385 1097 3667 1195 reliquam
3703 1133 3790 1186 vi-

2139 1185 2290 1290 mina
2327 1185 2572 1290 induere
2610 1205 2649 1248 ι.
2700 1193 2845 1252 Illud
2898 1200 3053 1257 enim
3111 1185 3474 1268 domicilium
3509 1185 3787 1290 caeleste,

2142 1271 2332 1330 298a
2357 1278 2513 1347 quod
2544 1283 2963 1353 superinduere
2992 1292 3286 1367 cupimus,
3325 1306 3413 1356 est
3441 1271 3787 1364 immortali:

2139 1364 2231 1461 tas
2280 1378 2459 1434 quam
2490 1367 2589 1424 ubi
2621 1370 3012 1445 induerimus,
3046 1364 3453 1445 absorbebitur
3495 1396 3728 1463 penitus
3758 1416 3791 1456 a

2137 1449 2257 1594 vita
2280 1457 2489 1601 aeteglna
2513 1469 2948 1538 consumptum,
2976 1470 3264 1544 quidquid
3287 1475 3345 1532 in
3368 1476 3468 1536 illa
3485 1449 3786 1545 infirmum

2138 1553 2169 1595 e
2221 1547 2376 1599 mort
2438 1560 2491 1601 θ.

2138 1553 2196 1595 ει
2221 1553 2491 1602 mortale.

453 1806 551 1859 Διὰ
604 1806 841 1869 πίστεως
896 1807 1000 1882 γὰρ
1057 1812 1486 1884 περιπατοῦμεν,
1546 1809 1611 1864 οὐ
1684 1807 1773 1865 διὰ
1830 1807 2031 1883 εἷ’δους,

527 1893 539 1912 Ι
687 1892 711 1912 δ
747 1895 761 1912 ι
869 1896 881 1912 1
1154 1899 1166 1912 ι
1264 1897 1279 1912 ς
1357 1894 1386 1912 Ω
1432 1898 1443 1912 Ι
1654 1895 1677 1912 ιο
1812 1899 1827 1912 ι

2213 1812 2325 1866 Per
2350 1810 2512 1881 fidem
2541 1814 2696 1873 enim
2724 1818 3092 1895 ambulamus,
3124 1842 3235 1884 non
3260 1846 3360 1902 per
3394 1838 3648 1912 speciem,
3678 1841 3790 1901 hoo

383 1893 632 1950 τουτέστι
684 1892 774 1950 διὰ
820 1896 1056 1959 πίστεως
1108 1899 1213 1975 γὰρ
1261 1894 1613 1973 ὲπιϐαίνομεν
1652 1895 1753 1969 ἔτι,
1801 1899 2032 1975 ἀτρανο-

380 1984 527 2057 τάτῳ
584 1983 844 2059 λογισμῷ
916 1985 983 2040 τὰ
1048 1985 1160 2041 ἐκεῖ
1222 1987 1514 2063 πράγματα
1588 1990 2030 2059 κατοπτεύοντες,

385 2072 475 2127 καὶ
508 2072 569 2127 ού
615 2077 817 2152 σαφῶς,
860 2071 999 2130 ὥστε
1047 2074 1137 2129 καί
1186 2076 1312 2151 ὁρᾷν
1362 2076 1452 2131 καὶ
1503 2073 1798 2132 ἀπολαύειν
1847 2076 1938 2132 καὶ
1982 2075 2034 2131 ἐν

390 2159 572 2223 αὐτοῖς
600 2160 756 2221 εἶναι.

460 2250 632 2306 Τοῦτο
663 2252 709 2287 ⁸⁸
773 2247 831 2306 δέ
894 2272 1061 2328 φημι,
1119 2248 1369 2329 ἀδελφοὶ,
1419 2254 1503 2307 δτι
1562 2253 1689 2329 σάρξ
1753 2256 1844 2308 καί
1898 2254 2035 2327 αἷμα

389 2336 806 2413 κληρονομῆσαι
868 2339 1146 2414 βασιλείαν
1214 2345 1350 2396 Θεοῦ
1425 2341 1487 2396 οὐ
1563 2339 1836 2417 δύνανται,
1909 2341 2035 2399 οὐδὲ

390 2429 426 2497 ἡ
468 2429 645 2506 φθορά
688 2430 788 2499 τήν
838 2428 1153 2517 ἀφθαρσίαν
1185 2427 1546 2505 κληρονομεῖ.
1599 2432 1801 2509 Σάρκα,
1848 2434 2031 2517 φησὶν,

381 2518 444 2573 ού
498 2519 597 2587 τήν
658 2518 827 2593 σάρκα
884 2518 1051 2588 αὐτὴν
1110 2515 1407 2590 ἐδήλωσεν,
1471 2518 1617 2577 ἀλλά
1671 2522 1769 2592 τὴν
1823 2515 2030 2598 ἄλογον

378 2609 514 2681 πρὸς
569 2606 664 2670 τὰς
704 2609 751 2644 ⁸ο
818 2607 1126 2683 μαχλώσας
1183 2615 1285 2679 τῆς
1325 2612 1511 2685 ψυχῆς
1569 2612 1748 2686 ὁρμήν
1806 2610 2028 2683 ἡδονάς.

384 2696 564 2752 Εἰπὼν
633 2696 725 2752 οὖν
780 2698 863 2753 ὅτι
908 2698 951 2735 ⁵¹
1021 2698 1162 2772 Σὰρξ
1221 2698 1312 2753 καὶ
1371 2701 1510 2773 αἷμα
1566 2700 1842 2776 βασιλείαν
1898 2706 2032 2757 Θεοῦ

330 2783 801 2861 “κληρονομῆσαι
861 2786 922 2842 οὗ
982 2784 1254 2857 δύνανται,
1314 2787 1691 2868 ἐπαπεφήνατο
1726 2808 1738 2821 ·
1798 2788 1939 2848 Οὐδὲ
1996 2793 2031 2860 ἡ

384 2874 559 2952 φθορά
614 2877 715 2946 τήν
766 2875 1061 2955 ἀφθαρσίαν
1136 2874 1497 2952 κληρονομεῖ.
1552 2879 1738 2950 Φθορά
1812 2876 1869 2934 δὲ
1932 2878 2035 2934 οὐκ

384 2966 514 3019 αύτό
573 2962 683 3019 ἒστι
721 2965 783 3019 τὸ
841 2966 1218 3041 φθειρόμενον,
1276 2964 1423 3021 ἀλλὰ
1468 2965 1530 3021 τὸ
1588 2967 1826 3044 φθεῖρον.
1886 2968 2035 3022 Ἐπι-

378 3055 745 3128 κρατήσαντος
785 3056 881 3127 μὲν
917 3054 1020 3131 γὰρ
1072 3052 1169 3110 τοῦ
1216 3054 1451 3111 θανάτου
1480 3053 1723 3111 κλίνεται
1770 3055 1833 3110 τὸ
1872 3060 2033 3129 σῶμα

2142 1900 2251 1965 est,
2277 1914 2378 1970 per
2399 1901 2574 1959 ﬁdem
2609 1906 2800 1965 adhuc
2829 1900 3492 1989 progredimur,statum
3527 1900 3648 1986 illic
3678 1900 3790 1989 ob?

2141 1991 2485 2050 scurissima
2532 1999 2995 2060 consideratione
3042 2012 3526 2085 contemplantes,
3570 2023 3626 2076 et
3671 2038 3790 2081 non

2143 2087 2359 2153 aperte,
2393 2089 2459 2141 ut
2487 2085 2701 2158 videre,
2733 2095 2791 2147 et
2828 2092 2960 2163 frui,
2991 2100 3050 2153 et
3076 2113 3205 2156 esse
3236 2101 3295 2157 in
3328 2103 3429 2161 illo
3461 2109 3785 2179 possimus.

2210 2245 2320 2301 Hoc
2346 2249 2532 2303 autem
2577 2248 2717 2319 dico,
2756 2254 2991 2326 fratres,
3032 2262 3182 2331 quod
3206 2279 3335 2320 caro
3362 2270 3415 2323 et
3450 2273 3681 2344 sanguis
3704 2291 3790 2333 re-

2139 2349 2310 2406 gnum
2350 2336 2451 2391 Dei
2509 2338 2785 2409 possidere
2839 2360 2951 2401 non
3004 2351 3239 2421 possint,
3286 2370 3460 2427 neque
3512 2336 3792 2434 corruptio

2139 2425 2609 2497 incorruptionem
2654 2429 3006 2493 hareditabit
3044 2448 3078 2493 ι.
3130 2440 3273 2498 Cum
3324 2425 3558 2504 carnem
3605 2425 3789 2522 vocat,

2141 2531 2258 2571 non
2290 2514 2436 2572 banc
2468 2533 2703 2577 carnem
2728 2521 3034 2595 intellexit,
3058 2530 3159 2585 sed
3184 2531 3581 2594 irrationalem
3612 2514 3795 2614 impe-

2140 2609 2260 2661 tum
2291 2610 2494 2663 contra
2536 2607 2784 2667 lascivas
2832 2614 3041 2671 animas
3088 2618 3437 2692 voluptates.
3470 2626 3614 2684 Cum
3656 2607 3795 2703 ergo

2140 2694 2284 2750 dicit
2310 2711 2324 2750 :
2360 2695 2514 2762 Quod
2540 2713 2667 2753 caro
2697 2710 2751 2756 et
2777 2704 3009 2772 sanguis
3030 2722 3261 2776 regnum
3291 2712 3386 2768 Dei
3403 2730 3515 2771 non
3546 2694 3791 2789 posside-

2141 2782 2297 2850 bunt,
2320 2783 2498 2838 simul
2529 2784 2863 2859 declaravit,
2897 2795 3051 2863 quod
3081 2812 3259 2869 neque
3286 2782 3576 2875 carruptio
3605 2805 3793 2865 haere-

2138 2870 2340 2928 dilabit
2359 2873 2855 2947 incorruptionem.
2888 2884 3191 2957 Corruptio
3232 2894 3427 2948 autem
3457 2870 3577 2951 non
3610 2902 3698 2954 est
3728 2899 3789 2955 id

2139 2961 2297 3052 quod
2326 2965 2742 3035 corrumpitur,
2766 2970 2867 3026 sed
2888 2975 3040 3043 quod
3064 2981 3404 3052 corrumpit.
3432 2985 3613 3043 Morte
3629 2990 3788 3045 enim

2141 3051 2621 3123 praedominante,
2648 3072 2860 3127 corpus
2886 3060 2948 3116 in
2978 3051 3410 3138 corruptionem
3438 3077 3643 3148 vergit.
3666 3077 3796 3135 Vita

377 3144 507 3217 [488
576 3146 663 3213 Η.]
696 3142 774 3206 εἰς
833 3145 1032 3223 φθοράν
1069 3163 1081 3176 ·
1138 3142 1503 3218 ἐπιμενούσης
1543 3142 1601 3239 δε
1647 3142 1885 3219 ἔμπαλιν
1923 3152 2029 3239 τῆς

2143 3147 2335 3195 autem
2367 3142 2430 3197 in
2459 3158 2528 3198 eo
2552 3161 2784 3203 rursum
2816 3158 3113 3224 manente,
3142 3164 3339 3216 manet
3367 3161 3796 3239 incorruptum.

383 3236 530 3301 ζωῆς
597 3230 649 3286 ἐν
704 3231 855 3306 αύτῷ
930 3230 1125 3304 ἔστηκε
1185 3235 1260 3308 μή
1337 3233 1784 3309 καθαιρούμενον.
1852 3235 1945 3290 Διὸ
1984 3235 2034 3271 ⁵²

382 3318 572 3390 ἐπειδὴ
644 3321 895 3398 μεθόριον
960 3328 1061 3391 τῆς
1120 3323 1419 3398 ἀφθαρσίας
1477 3324 1707 3399 ἐγενήθη
1783 3323 1873 3379 καὶ
1930 3330 2031 3394 τῆς

390 3413 592 3490 φθορᾶς
621 3412 655 3481 ἠ
689 3411 836 3486 σάρξ,
869 3410 969 3466 οὐκ
1018 3411 1151 3466 οὗσα
1188 3411 1312 3467 οὐδὲ
1361 3415 1533 3489 φθορά
1572 3410 1697 3467 οὐδὲ
1742 3412 2035 3493 ἀφθαρσία,

388 3498 662 3573 ἐκρατήθη
694 3519 753 3555 τε
779 3496 867 3555 διὰ
903 3502 1004 3570 τὴν
1034 3498 1243 3571 ἡδονήν
1277 3502 1381 3557 ὑπὸ
1410 3508 1511 3571 τῆς
1551 3503 1776 3577 φθορᾶς,
1819 3503 2036 3575 ποίημα

384 3596 489 3659 τῆς
545 3588 842 3667 ἀφθαρσίας
898 3590 988 3645 καί
1063 3597 1250 3663 κτῆμα
1316 3591 1658 3667 ὑπάρχουσα,
1719 3589 1809 3647 διά
1873 3596 2034 3648 τοῦτο

382 3674 666 3753 γεγένηται
725 3678 800 3741 εἰς
859 3678 1079 3756 φθοράν.
1152 3680 1249 3736 Καὶ
1310 3677 1426 3734 ἐπεὶ
1493 3682 1864 3756 συνεκροτήθη
1930 3681 2033 3736 ὑπὸ

381 3772 485 3834 τῆς
526 3766 727 3844 φθορᾶς
778 3767 868 3821 καὶ
926 3766 1139 3840 θανάτῳ
1184 3763 1272 3821 διά
1319 3764 1563 3822 παιδείαν
1608 3765 1911 3842 παρεδόθη,
1958 3767 2033 3831 εἰς

384 3859 534 3915 νῖκος
563 3854 732 3923 αὐτὴν
761 3859 829 3929 τῇ
880 3857 1052 3935 φθορᾶ
1096 3856 1339 3930 καθάπερ
1384 3854 1765 3931 κληρονομίαν
1796 3857 1858 3912 ού
1905 3878 2035 3912 κατ-

388 3940 598 4013 έλιπεν,
657 3942 804 3999 ἀλλά
867 3943 1031 3999 πάλιν
1095 3942 1184 4000 διὰ
1238 3951 1339 4014 τῆς
1395 3944 1731 4008 ἀναστάσεως
1805 3948 2033 4017 νικήσας

383 4034 478 4087 τὸν
508 4033 737 4089 θάνατον
787 4032 1032 4091 ἀπέδωκε
1060 4038 1129 4108 τῇ
1178 4033 1470 4112 ἀφθαρσίᾳ,
1496 4033 1587 4090 τίνα
1638 4037 1714 4109 μή
1756 4037 2034 4112 κληρονο-

390 4127 542 4199 μήσῃ
575 4127 610 4195 ἠ
661 4126 833 4202 φθορὰ
892 4128 990 4197 τήν
1044 4125 1362 4203 ἀφθαρσίαν,
1393 4125 1521 4183 ἀλλ’
1572 4129 1607 4197 ἡ
1658 4128 1925 4205 ἀφθαρσία
1969 4129 2033 4184 τὸ

388 4214 643 4290 φθαρτόν.
692 4214 1144 4289 Ἐπαποκρίνεται
1200 4218 1355 4291 γοῦν,
1411 4219 1501 4270 Δεῖ
1543 4217 1641 4292 γὰρ
1690 4216 1753 4272 τὸ
1796 4218 2029 4293 φθαρτὸν

383 4304 548 4357 τοῦτο
623 4300 939 4358 ἐνδύσασθαι
1014 4303 1115 4372 τὴν
1198 4303 1521 4382 ἀφθαρσίαν,
1597 4306 1686 4360 καὶ
1771 4306 1832 4361 τὸ
1905 4308 2033 4377 θνη-

379 4390 475 4443 τὸν
532 4392 633 4461 τὴν
683 4390 989 4447 ἀθανασίαν.
1033 4391 1277 4466 Φθαρτὸν
1335 4389 1392 4446 δὲ
1448 4392 1535 4447 καὶ
1595 4393 1787 4464 θνητὸν
1847 4390 2030 4449 ἐνδυό-

385 4498 549 4551 μενον
606 4478 893 4534 ἀθανασίαν
944 4479 1034 4534 καί
1083 4479 1380 4555 ἀφθαρσίαν
1432 4481 1480 4536 τί
1534 4480 1593 4537 ἂν
1622 4482 1668 4518 ⁵³
1713 4478 1894 4557 ἕτερον
1941 4480 2030 4554 ε⁹ίη
2066 4453 2111 4518 D

381 4569 530 4643 παρά
575 4570 638 4624 τὸ
692 4567 1050 4644 σπειρόμενον
1106 4568 1160 4623 ἐν
1202 4570 1381 4645 φθορά
1426 4571 1515 4625 καὶ
1566 4572 1921 4644 ἀνιστάμενον
1976 4572 2031 4628 ἐν

380 4657 672 4735 ἀφθαρσίᾳ,
727 4656 837 4728 ἵνα,
894 4657 1084 4721 Καθὼς
1145 4658 1475 4737 ἐφορὲσαμεν
1537 4662 1638 4731 τήν
1697 4662 1880 4716 εἰκόνα
1935 4666 2033 4717 τοῦ

378 4754 599 4823 χοῖνου,
664 4751 981 4827 φορέσωμεν
1062 4750 1149 4805 καὶ
1236 4751 1335 4819 τήν
1382 4751 1428 4786 ⁸⁵
1511 4751 1692 4807 εἰκόνα
1769 4758 1870 4807 τοῦ
1946 4751 2040 4809 ἐπ-

380 4840 635 4913 ουρανίου
671 4858 686 4909 ;
720 4843 780 4896 Ἥ
836 4838 937 4915 γὰρ
997 4838 1155 4895 εἰκὼν
1224 4843 1322 4895 τοῦ
1379 4853 1596 4918 χοϊνου,
1647 4841 1712 4911 ἢν
1773 4840 2034 4922 ἐφορὲσα-

379 4947 501 5000 μεν,
531 4929 594 4984 1:6
636 4935 709 4998 Γῆ
744 4929 792 4965 ⁵⁵
842 4930 891 4983 εἶ
947 4929 1037 4983 καὶ
1082 4928 1160 4992 εἰς
1206 4934 1309 5005 γῆν
1367 4927 1637 5004 ἂπελεύοῃ
1686 4929 1853 5002 ἐστὶν,
1894 4934 1929 5001 ἡ
1978 4929 2037 4987 δὲ

376 5015 543 5072 εἰκὼν
579 5022 677 5072 τοῦ
724 5016 1053 5094 ἐπουρανίου
1103 5020 1138 5087 ὴ
1170 5015 1230 5072 ἐκ
1278 5022 1479 5093 νεκρῶν
1531 5018 1815 5083 ἀνάστασις
1863 5022 1953 5074 καὶ
1998 5023 2033 5090 ἡ

378 5104 673 5183 ἀφθαρσία.

2143 3231 2330 3295 Quare
2386 3247 2539 3288 cum-
2572 3233 2727 3291 inter
2781 3240 3034 3298 conﬁnia
3061 3250 3457 3320 corruptionis
3504 3259 3563 3310 et
3605 3231 3801 3313 incor-

2145 3320 2436 3391 ruptionis
2475 3338 2606 3380 caro
2637 3329 2771 3384 nata
2809 3329 2907 3401 sit,
2940 3348 3044 3388 nec
3074 3335 3149 3391 sit
3180 3342 3476 3411 corruptio
3508 3359 3580 3400 ne
3611 3345 3799 3403 incor-

2149 3411 2364 3481 ruptio,
2395 3411 2547 3469 victa
2578 3419 2669 3471 est
2698 3433 2731 3472 a
2777 3422 3164 3494 corruptione,
3197 3434 3433 3500 propter
3461 3431 3798 3492 delectatio-

2151 3515 2305 3568 nem,
2355 3500 2811 3576 incorruptionis
2864 3511 3183 3585 opificium,
3220 3520 3491 3590 quamvis
3536 3529 3692 3581 esset
3734 3526 3788 3582 in

2145 3589 2517 3659 possessione
2552 3592 2982 3672 [incorruptio].
3016 3604 3162 3660 Hinc
3207 3605 3387 3681 [caro]
3432 3616 3566 3667 nata
3606 3622 3690 3668 est
3729 3613 3791 3668 in

2146 3679 2594 3750 corruptionem.
2620 3686 2686 3737 Et
2708 3692 3018 3759 postquam
3052 3692 3197 3749 victa
3227 3700 3312 3750 est
3342 3679 3384 3751 av
3399 3702 3796 3772 corruptione,

2145 3770 2202 3822 et
2252 3768 2422 3824 morti
2462 3775 2695 3842 propter
2742 3776 3188 3849 castigationem
3236 3785 3471 3855 tradita,
3505 3768 3621 3842 non
3658 3768 3793 3844 relis

2146 3856 2274 3926 quit
2294 3856 2455 3912 illam
2479 3862 2837 3931 corruptioni
2861 3868 2931 3921 ad
2954 3866 3253 3925 victoriam
3280 3871 3338 3926 in
3364 3872 3793 3947 hmreditatem,

2146 3945 2245 4000 sed
2279 3961 2515 4001 rursum
2560 3949 2706 4005 victa
2738 3967 2838 4022 per
2867 3959 3350 4016 resurrectionem
3384 3968 3568 4020 morte
3597 3965 3788 4021 reddi-

2144 4036 2231 4091 dit
2259 4035 2705 4111 inoorruptioni,
2738 4047 2802 4098 ut
2844 4059 2916 4099 ne
2950 4048 3242 4120 corruptio
3291 4051 3791 4126 incorruptionem

2142 4125 2202 4180 in
2252 4124 2649 4185 hereditatem
2694 4131 2998 4205 acciperet,
3031 4137 3127 4192 sed
3180 4140 3373 4209 potius
3430 4124 3791 4217 incorruptio

2144 4214 2517 4303 corruptibile
2546 4217 2950 4295 [absorberet].
2982 4224 3133 4281 Dicit
3162 4228 3316 4284 enim
3344 4248 3356 4284 :
3390 4231 3609 4303 Oportet
3640 4214 3792 4291 enim

2142 4302 2498 4374 corruptibile
2526 4305 2626 4361 hoc
2664 4307 2892 4367 induere
2923 4302 3441 4388 incorruptionem,
3466 4324 3517 4376 et
3555 4325 3785 4380 mortale

2141 4393 2625 4452 immortalitatem
2654 4410 2702 4453 ιι.
2754 4399 3140 4473 Corruptibile
3187 4410 3381 4463 autem
3431 4414 3489 4465 et
3545 4414 3793 4470 mortale

2141 4481 2891 4546 induereimmortalitatem
2905 4493 3205 4550 etincorru
3216 4497 3465 4568 ptionem
3483 4502 3619 4573 quid
3636 4502 3794 4560 aliud

2141 4570 2237 4643 sit,
2269 4589 2439 4646 quam
2471 4575 2823 4636 seminatum
2856 4580 2915 4637 in
2956 4585 3351 4656 corruptione,
3384 4570 3698 4663 resurgens
3727 4594 3788 4650 in

2140 4660 2577 4735 incorruptione
2609 4681 2623 4722 :
2682 4668 2748 4725 Ut
2793 4671 2931 4726 sicut
2966 4675 3310 4744 portavimus
3349 4660 3647 4749 imaginem
3677 4690 3793 4737 ler-

2139 4754 2284 4821 reni,
2314 4762 2587 4824 portemus
2614 4761 2668 4812 et
2706 4759 3009 4832 imaginem
3054 4765 3281 4822 cretestis
3305 4779 3330 4806 ν
3349 4768 3379 4822 ?
3406 4768 3602 4840 Imago
3631 4770 3788 4827 enim

2144 4843 2381 4912 terreni,
2411 4859 2589 4916 quam
2622 4849 3001 4920 portavimus,
3026 4852 3171 4909 illud
3204 4860 3292 4912 est
3323 4872 3337 4912 :
3374 4857 3536 4912 Terra
3564 4865 3711 4926 es,et
3731 4860 3790 4915 in

2142 4939 2349 4988 terram
2380 4938 2670 4992 reverteris
2701 4950 2745 4993 ι.
2766 4939 2957 5010 Imago
2979 4945 3179 4999 autem
3203 4945 3459 5003 ccelestis
3480 4950 3569 5004 est
3596 4963 3788 5004 resur-

2140 5022 2317 5079 rectio
2348 5038 2418 5079 ex
2447 5027 2700 5085 mortuis
2731 5034 2789 5086 et
2817 5030 3197 5107 incorruptio.

454 5266 476 5293 τ
506 5253 527 5309 Ι
556 5253 725 5311 Joan.
759 5272 815 5325 ν,
850 5255 933 5310 19.
968 5269 987 5295 ί
1019 5252 1069 5310 ΙΙ
1099 5256 1224 5310 Cor.
1257 5271 1313 5322 v,
1342 5254 1396 5310 2.
1431 5260 1449 5297 ι
1486 5253 1508 5310 Ι
1538 5256 1662 5311 Cor.
1695 5271 1786 5327 xv,
1816 5257 1907 5311 50.
1965 5261 2032 5313 ιι]

2143 5262 2170 5315 ι.
2202 5261 2292 5317 53.
2326 5275 2351 5299 ν
2384 5263 2529 5320 Ibid.
2564 5265 2651 5320 49.
2686 5280 2709 5307 ι
2739 5266 2881 5323 Gen.
2916 5285 3000 5336 tu,
3036 5269 3120 5327 19.

1678 5398 1925 5457 VARIJE
1964 5401 2387 5475 LECTIONES.

457 5528 506 5567 ⁸⁸
536 5530 699 5604 ἡμῶν
732 5547 849 5587 om.
884 5532 945 5588 Β.
1044 5533 1088 5569 ⁸⁸
1115 5531 1171 5586 αἱ
1206 5529 1714 5661 ψυχαὶὶᾶναφυχήν
1750 5535 2028 5607 Scaliger.

457 5604 620 5664 ιῦμεν.
656 5606 731 5658 cf.
764 5605 816 5660 II
846 5604 975 5661 Cor.
1009 5621 1065 5664 ν.
1095 5605 1151 5660 2.
1254 5606 1276 5640 ⁸
1326 5604 1513 5664 τουτο]
1604 5612 1729 5663 Cor.
1762 5623 1857 5664 xv.
1886 5609 1978 5664 50.

386 5604 620 5731 μοῦμεν.
656 5606 731 5658 cf.
764 5605 816 5660 ΙΙ
846 5604 975 5661 Cor.
1009 5621 1065 5673 v,
1095 5605 1151 5660 2.
1221 5604 1513 5693 Ὗθὶτοῦτο]
1543 5604 1566 5661 Ι
1604 5604 1729 5691 Cor.
1762 5623 1857 5677 xv,
1886 5604 1978 5664 5i).

425 5674 439 5695 '
465 5673 528 5728 ἄν
557 5678 622 5734 Δ.
700 5674 745 5712 ⁸⁴
771 5675 872 5746 τὴν
904 5693 1019 5735 om.
1052 5681 1118 5733 Α.
1194 5675 1244 5712 ⁵⁵
1278 5682 1368 5751 γη]
1410 5677 1553 5735 Gen.
1584 5695 1670 5749 tn,
1704 5679 1792 5736 19.

2126 5538 2171 5573 ⁴⁷
2199 5536 2377 5611 οἰκίαν
2404 5547 2493 5596 ΑΒ
2527 5562 2540 5602 :
2572 5544 2670 5611 τὴν
2704 5544 2898 5604 οἰκίαν.

2080 5607 2130 5643 ⁸⁰
2159 5608 2255 5671 τὰς
2287 5628 2403 5669 om.
2437 5620 2503 5672 Δ.

2934 5549 3016 5623 ς’.
3110 5551 3161 5587 ⁴³
3187 5548 3572 5623 ἐπενδύσασθαι
3604 5554 3790 5612 ἐπιθυ-

2607 5617 2651 5653 σί
2682 5618 2764 5672 ὅτι
2798 5636 2913 5676 om.
2948 5617 3010 5678 Ᾰ.
3115 5625 3160 5661 ⁵³
3190 5622 3274 5679 διὸ
3304 5642 3421 5685 om.
3445 5631 3551 5684 ΑΒ.
3627 5628 3674 5663 ⁸³
3702 5627 3791 5703 ἂν]
