4100 6242
385 369 534 428 112⁸1

389 592 788 664 apostolorum
838 586 1200 658 temporibus
1257 588 1313 640 et
1375 582 1686 639 virtutibus
1750 586 2029 653 remotus,

387 687 542 757 quod
579 683 821 738 mortale
843 684 932 736 est
965 679 1298 734 haereditate
1319 677 1501 747 accipi
1518 675 1678 743 dicit,
1698 675 1876 730 vilam
1901 692 2030 731 vero

387 772 780 827 haereditatem
817 769 1096 839 accipere.
1131 768 1198 821 Et
1229 779 1464 822 carnem
1496 764 1734 836 quidem
1765 764 2034 831 mori,vi-

386 877 518 917 vere
567 877 703 915 vero
751 875 998 930 regnum
1049 855 1341 912 cmlorum.
1371 855 1612 920 Quando
1653 870 1786 909 vero
1818 852 2033 908 Paulus

389 950 569 1006 2980
601 966 634 1004 a
675 948 963 1019 sanguine
997 961 1240 1018 regnum
1279 945 1373 999 Dei
1417 942 1701 1015 possideri
1734 959 1902 1013 posse
1933 959 2032 997 ne-

388 1047 507 1110 gat,
532 1056 646 1094 non
671 1039 810 1094 dicit
836 1038 968 1104 hoc,
992 1042 1056 1091 ut
1087 1035 1279 1090 carnis
1309 1033 1799 1105 regenerationem
1833 1031 2034 1086 videa-

388 1137 486 1187 tur
531 1146 756 1200 negare,
789 1130 890 1184 sed
943 1133 1006 1182 ut
1037 1128 1253 1193 doceat,
1292 1141 1404 1180 non
1456 1123 1739 1196 possideri
1789 1139 2036 1194 regnum

394 1221 512 1286 Dei,
549 1220 702 1292 quod
737 1222 826 1275 est
855 1219 972 1273 vita
1002 1223 1235 1282 aeterna,
1269 1232 1302 1270 a
1340 1229 1596 1285 corpore,
1631 1213 1729 1267 sed
1766 1227 1976 1283 corpus
2007 1230 2037 1265 a

393 1311 536 1366 vita.
570 1309 630 1364 Si
661 1309 815 1364 enim
846 1323 1088 1378 regnum
1123 1306 1246 1371 Dei,
1279 1305 1429 1374 quod
1462 1307 1550 1357 est
1578 1301 1712 1367 vita,
1738 1319 1770 1356 a
1800 1318 2038 1373 corpore

392 1399 810 1472 possideretur.
838 1395 1094 1452 eveniret
1124 1399 1190 1449 ut
1217 1393 1334 1448 vita
1368 1410 1400 1448 a
1430 1392 1801 1464 corruptione
1832 1392 2039 1446 absor—

394 1491 645 1546 beretur.
681 1493 842 1541 Nunc
873 1491 1074 1540 contra
1112 1485 1168 1538 id
1205 1484 1358 1554 quod
1390 1488 1685 1537 mortuum
1719 1484 1827 1547 est,
1862 1497 1894 1534 a
1923 1481 2041 1535 vita

399 1579 753 1652 possidetur,
789 1585 844 1631 ut
878 1576 934 1630 in
967 1575 1206 1630 victoria
1235 1589 1393 1628 mors
1425 1589 1457 1627 a
1493 1572 1610 1626 vita
1630 1570 2038 1637 absorbeatur,

396 1674 450 1725 et
482 1665 859 1739 corruptibile
877 1665 948 1719 ab
979 1662 1404 1732 incorruptibili
1441 1661 1720 1733 possideri
1754 1660 2032 1727 videatur,

393 1759 642 1814 liberum
675 1762 870 1811 tamen
906 1771 938 1808 a
986 1758 1172 1808 morte
1203 1757 1260 1806 et
1303 1754 1536 1822 peccato
1568 1751 1814 1816 factum;
1845 1749 1941 1804 sed
1975 1753 2035 1803 ut

1580 357 1848 418 PHOTII
1890 356 2420 418 PATRIARGHE
2461 355 2577 417 GP.

452 503 728 559 Justinus
779 514 915 556 vero
966 497 1376 569 Neapolitanus
1419 494 1506 549 vir
1536 493 1691 550 haud
1740 492 1911 565 longe
1955 493 2026 549 ab
2058 498 2109 564 Α

3634 365 3798 424 1128

2211 493 2503 554 Ἰουστῖνος
2531 490 2589 548 δὲ
2627 495 2655 548 ὁ
2703 494 3072 567 Νεαπολίτης,
3120 496 3254 571 ἀνὴρ
3296 495 3420 554 οὔτε
3468 504 3546 570 τῷ
3602 501 3798 579 χρόνῳ

2139 579 2328 656 πόῤῥω
2360 579 2432 635 ὢν
2481 586 2588 636 τῶν
2639 582 2960 638 ἀποστόλων
2991 582 3112 640 οὕτε
3159 591 3226 660 τῇ
3277 589 3460 661 ἀρετῇ.
3513 588 3799 664 κληρονο-

2145 673 2358 744 μεῖσθαι
2425 671 2519 744 μὲν
2563 672 2626 726 τὸ
2688 673 3050 744 ἀποθνῆσκον,
3110 674 3562 752 κληρονομεῖν⁵6
3625 678 3681 733 δὲ
3735 681 3797 734 τὸ

2142 764 2246 829 ζῶν
2296 759 2467 834 λέγει,
2507 760 2595 815 καὶ
2640 762 2998 832 ἀποθνήσκειν
3054 768 3148 837 μὲν
3177 768 3221 802 ω
3272 768 3461 842 σάρκα,
3509 774 3610 843 ζῇν
3642 771 3692 805 ⁸⁵
3741 767 3797 822 δὲ

2141 851 2240 918 τήν
2305 849 2582 925 βασιλείαν
2643 856 2750 906 τῶν
2807 852 3070 922 οὐρανῶν.
3131 857 3361 912 Ὁπόταν
3423 855 3480 911 δὲ
3528 861 3709 932 σάρκα
3768 862 3795 912 6

2143 941 2364 1002 Παῦλος
2396 943 2441 978 δι’
2482 941 2571 996 καὶ
2604 945 2740 1015 αἷμα
2793 945 2866 1016 μὴ
2919 942 3172 1000 δύνασθαι
3212 949 3310 1016 τὴν
3365 947 3647 1023 βασιλείαν
3697 954 3794 1004 τοῦ

2143 1038 2276 1088 Θεοῦ
2314 1031 2733 1109 κληρονομῆσαι
2778 1032 2936 1111 λέγῃ,
2971 1037 3078 1111 οὐχ
3118 1039 3192 1099 ὡς
3233 1039 3599 1115 ἐκνραυλίζων,
3635 1043 3796 1116 φησὶ,

2141 1129 2241 1191 τῆς
2303 1123 2498 1195 σαρκὸς
2563 1123 2659 1191 τήν
2716 1121 3130 1200 παλιγγενεσίαν
3207 1127 3585 1204 ἀποφαίνεται,
3648 1129 3797 1183 ἀλλά

2145 1210 2413 1267 διδάσκων
2471 1211 2531 1266 οὐ
2589 1211 3057 1287 κληρονομεῖσθαι
3115 1215 3392 1291 βασιλείαν
3454 1223 3616 1288 Θεοῦ,
3668 1219 3798 1274 αἰώ-

2144 1322 2258 1356 νιον
2311 1302 2662 1376 ῦπάρχουσαν
2713 1304 2884 1373 ζωήν,
2913 1302 3015 1358 ὕπὸ
3061 1308 3159 1359 τοῦ
3208 1307 3483 1379 σώματος,
3531 1306 3685 1362 ἀλλὰ
3735 1310 3798 1363 τὸ

2147 1396 2307 1464 σῶμα
2340 1390 2442 1445 ὑπὸ
2472 1397 2572 1459 τῆς
2625 1395 2789 1459 ζωῆς.
2824 1391 2885 1446 Εἰ
2933 1393 3034 1466 γὰρ
3080 1391 3514 1470 ἒκληρονομεῖτο
3545 1400 3582 1465 ἡ
3639 1399 3797 1473 βασις

2148 1477 2266 1534 λεία
2319 1483 2414 1533 τοῦ
2473 1484 2606 1534 Θεοῦ
2648 1480 2750 1534 ὑπὸ
2807 1485 2904 1535 τοῦ
2955 1483 3210 1555 σώματος
3267 1487 3379 1554 ζωὴ
3442 1486 3798 1561 ὑπάρχουσα,

2149 1564 2451 1622 συνέϐαινεν
2501 1568 2559 1622 ἂν
2606 1570 2704 1638 τὴν
2753 1571 2897 1638 ζωήν
2953 1572 3055 1625 ὑπὸ
3103 1579 3203 1642 τῆς
3249 1574 3449 1652 φθορᾶς
3495 1578 3802 1631 καταπίνει

2145 1659 2288 1712 σθαι.
2320 1662 2430 1712 Νῦν
2463 1655 2518 1712 δὲ
2550 1658 2610 1713 τὸ
2657 1660 2914 1729 τεθνηκὸς
2944 1662 2978 1729 ἡ
3031 1663 3144 1730 ζωὴ
3187 1662 3544 1738 κληρονομεῖ,
3573 1662 3673 1719 *ἕνα
3722 1667 3798 1728 εἰς

2143 1752 2289 1808 νῖκος
2339 1749 2616 1820 καταποθῇ
2671 1750 2698 1802 6
2759 1748 2983 1812 Θάνατος
3035 1751 3138 1806 ὑπὸ
3205 1760 3304 1821 τῆς
3356 1758 3524 1823 ζωῆς,
3585 1755 3676 1808 καὶ
3737 1758 3800 1810 τὸ

395 1849 602 1906 serviat
621 1856 671 1903 el
699 1845 989 1902 ministret
1009 1842 1450 1908 immortalitati,
1467 1845 1528 1895 ut
1547 1856 1753 1910 corpus
1767 1839 2040 1894 sitincor-

2157 1836 2381 1910 φθαρτὸν
2440 1843 2538 1905 τῆς
2586 1836 2887 1915 ἀφθαρσίας
2944 1846 3128 1912 κτῆμα
3185 1841 3450 1921 ἀναφανῇ,
3513 1845 3646 1915 [924
3707 1846 3800 1917 Β.]

397 1936 706 2010 ruptionis,
741 1951 856 1990 non
888 1932 1243 2001 incorruptio
1275 1929 1718 2003 corporis.0uod
1749 1931 1959 1983 mortui
1981 1931 2039 1982 in

398 2027 612 2083 Christo
646 2030 930 2095 resurgant
970 2019 1451 2093 primum,deinde
1479 2035 1576 2073 nos
1602 2020 1703 2089 qui
1731 2019 1963 2072 vivimus
1992 2032 2038 2075 γ.

398 2117 479 2172 De
508 2115 616 2170 hoc
649 2116 731 2170 ita
763 2117 958 2168 censet
986 2115 1224 2166 sanctus
1265 2109 1590 2163 Methodius
1625 2124 1637 2160 :
1665 2107 1781 2162 Hoc
1813 2111 1900 2162 est
1928 2108 2043 2178 [in-

401 2206 547 2275 quit]
580 2220 592 2258 :
629 2204 758 2274 Ipsa
794 2208 996 2257 nostra
1021 2201 1140 2255 haec
1172 2215 1427 2268 corpora.
1460 2197 1576 2252 Nos
1598 2196 1751 2252 enim
1777 2197 1875 2267 qui
1909 2197 2046 2251 vivi-

402 2310 555 2362 mus,
589 2293 794 2347 animaa
826 2307 1054 2356 sumus,
1094 2288 1192 2360 qui
1244 2287 1491 2343 excitata
1534 2303 1564 2342 e
1603 2291 1757 2342 terra
1807 2303 2044 2357 corpora

399 2387 634 2439 mortua
683 2380 1027 2452 accipimus,
1065 2383 1122 2433 ut
1153 2377 1210 2430 in
1263 2391 1570 2430 occursum
1604 2374 1832 2430 Domini
1867 2375 2046 2431 simul

395 2487 530 2528 cum
567 2470 708 2543 ipsis
741 2469 885 2540 rapli
920 2467 1170 2540 gloriose
1199 2464 1561 2521 celebremus
1592 2464 1674 2520 illi
1708 2465 1921 2520 festum
1952 2481 2044 2522 re-

395 2559 795 2617 surrectionis.
830 2561 940 2613 Pro
981 2557 1194 2628 quibus
1224 2559 1439 2611 aeterna
1469 2554 1638 2610 nobis
1670 2555 2046 2611 tabernacula

397 2666 512 2705 non
544 2648 856 2704 interitura
886 2651 986 2700 aut
1008 2645 1285 2700 solvenda
1306 2645 1660 2714 accepimus.

2150 1924 2427 2000 ἐλεύθερον
2483 1927 2576 1998 μὲν
2639 1928 2867 1982 θανάτου
2924 1930 3012 1983 καί
3081 1931 3348 2003 ἁμαρτίας
3404 1933 3804 2006 γεγενημένον,

2152 2011 2348 2068 δοῦλον
2383 2012 2439 2068 δὲ
2468 2014 2557 2069 καὶ
2587 2015 2826 2085 ὑπήκοον
2858 2016 3165 2088 ἀθανασίας,
3201 2017 3349 2081 ὅπως
3379 2027 3477 2089 τῆς
3501 2023 3808 2099 ἀφθαρσίας

2149 2104 2213 2158 τὸ
2254 2104 2410 2175 σῶμα
2457 2104 2514 2174 ᾗ,
2560 2105 2649 2157 καὶ
2694 2105 2768 2177 μὴ
2815 2109 2909 2160 τοῦ
2950 2107 3201 2178 σώματος
3250 2111 3284 2177 ἡ
3337 2109 3633 2185 ἀφθαρσία.
3684 2114 3807 2168 Ὀτι

2157 2195 2266 2249 Καὶ
2321 2195 2372 2247 οἱ
2401 2196 2446 2230 ⁶⁰
2494 2194 2673 2268 νεκροί
2737 2192 2788 2248 ἐν
2833 2199 3052 2269 Χριστῷ
3101 2197 3495 2268 ἀναστήσονται
3559 2207 3808 2275 πρῶτον,

2154 2277 2338 2340 ἔπειτα
2390 2286 2552 2354 ἡμεῖς
2583 2285 2627 2320 δί
2674 2284 2724 2337 οἱ
2778 2289 2993 2353 ζῶντες,
3044 2287 3070 2340 6
3123 2288 3276 2361 ἅγιος
3337 2287 3612 2352 Μεθόδιος
3665 2292 3810 2346 οὕτω

2155 2371 2332 2450 φησί·
2393 2372 2676 2427 Τουτὲστιν
2753 2372 2889 2428 αῦτά
2945 2376 3102 2446 ἡμῶν
3162 2381 3328 2430 ταῦτα
3397 2379 3462 2432 τὰ
3532 2380 3809 2452 σώματαο

2153 2465 2317 2534 ἡμεῖς
2357 2463 2460 2536 γὰρ
2500 2463 2552 2515 οἱ
2603 2466 2797 2532 ζῶντες
2839 2465 2893 2517 αἱ
2936 2464 3107 2539 ψυχαί
3153 2465 3330 2537 ἐσμεν,
3375 2469 3424 2520 οἱ
3469 2467 3809 2540 ἀπολαμϐά-

2154 2571 2337 2611 νοντες
2383 2550 2681 2626 ἐγερθέντες
2732 2551 2790 2606 ἐκ
2827 2559 2927 2622 τῆς
2973 2561 3077 2627 γῆς
3125 2556 3250 2617 τοὺς
3295 2557 3537 2631 νεκροὺς,
3585 2557 3685 2612 ’ἕνα
3736 2559 3808 2621 εἷς

2156 2640 2448 2710 ἀπάντησιν
2501 2642 2614 2713 ἅμα
2664 2641 2846 2704 αὐτοῖς
2895 2642 3251 2715 ἁρπασθέντες
3309 2651 3404 2700 τοῦ
3449 2647 3666 2720 Κυρίου
3726 2648 3809 2703 ἒν-

398 2736 567 2811 δόξως
635 2737 982 2812 ἑορτάσωμεν
1044 2733 1191 2805 αὐτῷ
1243 2735 1341 2802 τὴν
1425 2730 1650 2810 φαιδρὰν
1708 2741 1810 2804 τῆς
1869 2733 2208 2793 ἀναστάσεως
2263 2731 2480 2804 ἑορτὴν,
2540 2730 2655 2786 ἀνθ’
2725 2733 2796 2787 ὧν
2869 2733 3128 2797 αἰωνίους
3195 2738 3356 2808 ἡμῶν
3421 2738 3517 2798 τάς
3585 2740 3811 2810 σκηνάς,

400 2828 579 2883 οὐκέτι
610 2827 1003 2899 τεθνηξομὲνας
1035 2825 1069 2893 ἢ
1104 2822 1507 2896 λυθησομένας,
1539 2822 1939 2901 ἀπειλήφαμεν.

472 2918 624 2985 Vidi,
684 2919 897 2988 inquit,
939 2915 997 2971 in
1056 2914 1300 2988 Olympo
1360 2919 1554 2968 monte
1610 2914 1789 2985 Lyciae
1852 2914 2044 2986 ignem

399 3013 604 3080 sponte
637 3024 741 3062 sua
771 3005 829 3060 in
877 3005 1094 3060 montis
1125 3002 1428 3060 cacumine
1459 3020 1527 3058 ex
1557 3003 1675 3057 imo
1708 3008 1871 3058 terra
1905 3020 2044 3058 ena-

401 3094 860 3162 scentem,juxta
881 3108 1049 3161 quem
1082 3093 1281 3161 stirps,
1308 3107 1602 3162 pyragnus
1624 3091 1732 3161 (78)
1766 3089 2047 3162 [nomine]

400 3183 626 3238 exsistit
673 3181 814 3236 adeo
865 3179 1087 3246 ﬂorida,
1122 3179 1332 3245 virens,
1367 3185 1423 3233 et
1471 3195 1672 3249 opaca,
1705 3183 1770 3232 ut
1817 3194 1846 3232 e
1898 3180 2050 3233 fonte

3760 2917 3783 2933 λ

2226 2913 2349 2966 ’Ότι
2391 2910 2576 2986 φησὶν,
2615 2911 2953 2985 Ἐθεασάμην
2996 2912 3047 2967 ἐν
3089 2911 3359 2987 Ὀλύμπῳ
3396 2915 3509 2991 ἐγὼ
3551 2914 3703 2990 (ὅρος
3755 2917 3812 2973 δὲ

2155 2997 2295 3053 ἐστιν
2339 3001 2366 3053 6
2407 2997 2692 3074 Ὄλυμπος
2739 3007 2839 3069 τῆς
2880 3001 3106 3075 Λυκίας)
3146 3007 3252 3078 πῦρ
3301 3004 3629 3077 αὐτομάτως
3673 3011 3814 3062 κατά

2155 3090 2253 3156 τὴν
2287 3088 2585 3162 ἀκρώρειαν
2611 3093 2706 3144 τοῦ
2739 3085 2898 3166 ὅρους
2930 3093 3167 3146 κάτωθεν
3201 3091 3258 3147 ἐκ
3288 3100 3386 3163 τῆς
3417 3102 3521 3168 γῆς
3550 3098 3682 3168 [489

2156 3175 2541 3251 ἀναδιδόμενον
2574 3181 2639 3246 ⁸³,
2681 3181 2802 3254 περί
2843 3180 2872 3234 ὃ
2916 3184 3021 3254 πῦρ
3065 3183 3225 3255 ἄγνος
3266 3183 3312 3218 ⁵³
3354 3183 3520 3260 φυτόν
3561 3183 3708 3240 ἐστιν
3745 3189 3812 3257 ⁸⁵,

401 3271 598 3341 potius
653 3272 790 3323 nata
857 3269 1134 3322 videatur.
1186 3269 1370 3331 Quam
1429 3268 1611 3338 igitur
1677 3268 1750 3321 ob
1807 3283 2044 3322 causam

2161 3266 2305 3322 οὕτω
2349 3268 2442 3341 μὲν
2487 3267 2705 3329 εὐθαλὲς
2740 3267 2827 3322 καὶ
2869 3266 3130 3344 Χλοερὸν,
3174 3271 3315 3326 οὕτω
3357 3269 3415 3326 δὲ
3455 3274 3701 3347 σύσκιον,
3741 3278 3817 3339 ὡς

402 3374 536 3414 cum
569 3362 790 3412 natura:
841 3355 1241 3425 corruptibiles
1273 3354 1409 3417 sint,
1443 3359 1499 3410 et
1545 3371 1787 3425 corpora
1816 3358 1886 3409 ab
1917 3356 2050 3428 igne

403 3449 846 3511 consumantur,
882 3443 1002 3498 haec
1033 3443 1157 3498 sola
1190 3443 1365 3513 stirps
1388 3460 1502 3498 non
1536 3443 1727 3498 solum
1763 3461 1876 3499 non
1920 3461 2051 3500 exu-

403 3537 572 3604 ritur,
606 3535 701 3589 serl
739 3533 925 3604 magis
965 3532 1134 3588 etiam
1169 3532 1502 3600 efﬂorescit,
1537 3533 1803 3604 quamvis
1840 3539 2049 3589 natura

401 3623 570 3681 facile
593 3623 753 3678 exuri
788 3621 992 3692 possit,
1012 3621 1336 3693 praesertim
1359 3622 1426 3676 ad
1464 3621 1646 3693 ipsius
1671 3622 1893 3678 radices
1917 3623 2049 3694 igne

402 3717 703 3770 eructante
722 3713 748 3767 εἰ
779 3711 993 3766 Ramos
1025 3727 1160 3782 ergo
1185 3727 1253 3766 ex
1283 3710 1756 3782 circumjecentis
1781 3710 1936 3766 εἱινω
1957 3729 2051 3766 ar-

405 3801 666 3868 boribus,
693 3800 752 3856 in
776 3800 966 3873 ignem
991 3799 1108 3854 illic
1140 3804 1544 3862 erumpentem
1564 3799 1807 3870 conjeci,
1833 3801 1932 3871 qui
1955 3818 2049 3856 su-

403 3891 522 3947 bito
557 3890 808 3946 ﬂammis
827 3890 1075 3961 correpti
1106 3889 1162 3944 in
1196 3889 1446 3944 cinerem
1467 3890 1682 3945 redacti
1706 3895 1863 3946 sunt.
1899 3889 2046 3954 Quid

404 3998 541 4052 ergo
573 3982 680 4036 sibi
704 3980 830 4036 vult
857 3980 963 4034 hoc
987 3978 1380 4034 miraculum?
1407 3979 1646 4051 Signum
1680 3987 1731 4034 et
1765 3979 2046 4035 indicium

406 4069 584 4126 futuri
607 4071 718 4124 diei
755 4073 900 4124 Deus
933 4068 1042 4123 hoc
1072 4068 1359 4136 exhibuit,
1393 4069 1472 4123 uti
1492 4068 1769 4138 sciamus,
1794 4067 2050 4124 ﬂammis

405 4159 543 4216 olim
575 4159 772 4215 omnia
796 4158 1202 4228 absumpturis
1224 4175 1462 4229 corpora
1491 4175 1617 4229 quae
1643 4158 1696 4213 in
1724 4159 1975 4230 puritate
1998 4166 2050 4212 et

397 4249 629 4320 justilia
661 4249 835 4303 vitam
878 4251 1231 4315 transegere,
1265 4262 1368 4317 per
1395 4247 1588 4318 ignem
1640 4263 1754 4302 non
1789 4263 1954 4302 secus
1986 4263 2049 4300 ac

405 4339 676 4411 frigidam
718 4355 929 4409 aquam
960 4338 1305 4394 transitura.

474 4611 1066 4683 Vide,inquit,utrum
1090 4627 1202 4666 non
1219 4610 1422 4666 beatus
1439 4611 1627 4667 299a
1646 4610 1902 4665 Joannes
1918 4627 2051 4666 cum
2087 4585 2129 4649 Ι)

403 4703 544 4758 dicit
578 4721 590 4757 :
617 4701 772 4758 Dedit
815 4717 968 4756 mare
1010 4704 1247 4757 mortuos
1276 4716 1420 4762 suos,
1453 4702 1550 4771 qui
1579 4701 1638 4755 in
1681 4715 1742 4755 eo
1765 4704 1924 4754 erant
1954 4718 1972 4754 :
2003 4709 2054 4756 et

399 4809 549 4850 mors
577 4796 625 4849 et
675 4794 927 4863 iri/ornus
956 4791 1219 4847 dederunt
1256 4799 1494 4846 mortuos
1523 4805 1669 4855 suos,
1701 4792 1799 4862 qui
1827 4791 1885 4844 in
1917 4793 2051 4861 ipsis

400 4893 558 4941 erant
591 4899 648 4946 z;
678 4887 873 4956 partes
935 4880 1006 4936 ab
1055 4880 1357 4936 elementis
1407 4879 1663 4935 redditas
1719 4878 1793 4934 ad
1842 4880 2048 4936 unius.

401 4980 688 5050 cujusque
737 4973 1182 5045 reparationem,
1214 4970 1577 5028 ostenderit?
1616 4973 1766 5026 Mare
1815 4972 2052 5043 quidem

471 5080 546 5137 yl
579 5078 784 5133 Thess.
819 5090 891 5140 ιν,
928 5073 1014 5143 15,
1052 5073 1136 5128 16.
1167 5086 1186 5112 ι
1220 5075 1398 5143 Apoc.
1432 5088 1524 5138 xx,
1559 5070 1645 5124 13.

2162 3356 2263 3410 ὑπὸ
2303 3363 2485 3430 πηγῆς
2530 3355 2743 3428 μᾶλλον
2777 3357 2906 3412 αὐτὸ
2939 3355 3114 3413 δοκεῖν
3155 3363 3198 3395 ⁸³
3231 3356 3690 3435 βεϐλαστηκέναι.
3734 3376 3796 3421 Δι

2157 3444 2351 3513 ἥντινα
2398 3445 2490 3499 οῦν
2541 3446 2739 3516 αἰτίαν,
2773 3446 2815 3500 εἰ
2865 3447 3051 3525 φύσεις
3104 3448 3202 3503 εἶσὶ
3255 3452 3506 3528 φθαρτῶν
3556 3455 3644 3506 καὶ
3703 3454 3814 3508 ὑπὸ

2158 3533 2327 3608 πυρὸς
2377 3534 2844 3606 καταναλωμένων
2900 3537 3193 3609 σωμάτων,
3257 3537 3318 3593 οὐ
3382 3540 3548 3612 μόνον
3600 3541 3663 3595 οὗ
3709 3563 3818 3596 κα-

2155 3623 2475 3703 ταφλεγεται
2516 3625 2578 3680 τὸ
2620 3625 2780 3701 φυτὸν
2821 3630 3004 3699 τοῦτο,
3049 3626 3194 3683 ἀλλά
3224 3630 3315 3684 καὶ
3357 3630 3571 3703 μᾶλλον
3604 3633 3816 3705 ἀκμαι-

2159 3715 2342 3788 ότερον
2397 3715 2654 3789 ὑπάρχει,
2715 3714 2764 3770 εἲ
2807 3720 2875 3790 τῇ
2926 3717 3079 3792 φύσει
3140 3717 3280 3772 ἐστὶν
3341 3717 3655 3790 εὔκαυστον,
3718 3725 3814 3776 καὶ

2156 3807 2322 3858 ταῦτα
2361 3805 2481 3876 περὶ
2533 3803 2695 3866 αὐτὰς
2749 3805 2910 3860 αὐτοῦ
2955 3808 3049 3867 τὰς
3100 3808 3251 3879 ῥίζας
3291 3813 3386 3863 τοῦ
3435 3811 3608 3873 πυρὸς
3657 3811 3819 3866 ἐντυ-

2159 3893 2392 3971 φομένου
2423 3895 2503 3961 ⁶⁸;
2563 3891 2799 3956 κλάδους
2843 3895 2972 3970 γοῦν
3021 3893 3124 3970 ἐγὼ
3174 3894 3406 3970 δένδρων
3459 3897 3519 3953 ἐκ
3565 3907 3670 3968 τῆς
3714 3923 3822 3955 πα-

2159 3982 2484 4057 ρακειμένης
2544 3982 2681 4052 ὕλης
2731 3983 3015 4058 ἐπέῥριῴα,
3065 3987 3183 4039 καθ’
3233 3987 3290 4040 ὃν
3346 3985 3690 4063 ἀνερεύγεται
3751 3992 3818 4045 τὸ

2158 4077 2265 4146 πῦρ
2297 4073 2482 4142 τόπον,
2525 4072 2614 4126 καὶ
2669 4071 2863 4134 εὐθέως
2913 4072 2988 4134 εἷς
3043 4072 3222 4152 φλόγα
3268 4075 3516 4149 ἀρθέντες
3563 4077 3818 4155 ἐτενρρώ-

2160 4163 2352 4231 θησαν.
2382 4161 2441 4214 Τί
2488 4159 2579 4214 οὖν
2615 4159 2873 4236 βούλεται
2903 4164 2965 4217 τὸ
3014 4162 3352 4237 παράδοξον;
3390 4171 3598 4242 Δεῖγμα
3645 4173 3814 4223 τοῦτο

2157 4257 2256 4320 τῆς
2290 4248 2606 4323 μελλούσης
2657 4251 2684 4304 6
2723 4250 2854 4312 Θεὸς
2894 4252 3104 4325 ἡμέρας
3153 4253 3243 4307 καὶ
3292 4256 3587 4328 προοίμιον
3639 4253 3812 4326 ἔθετο,

2153 4340 2241 4395 ’ίνα
2296 4343 2650 4418 γινώσκωμεν
2711 4340 2795 4396 ὅτι
2853 4343 3064 4397 πάντων
3121 4346 3250 4418 πυρί
3310 4342 3812 4420 κατομϐρουμένων

2158 4432 2223 4486 τὰ
2280 4430 2330 4485 ἐν
2380 4431 2559 4508 ἁγνείᾳ
2617 4432 2840 4505 σώματα
2900 4429 3252 4508 διατρίψαντα
3307 4436 3397 4489 καὶ
3467 4433 3814 4510 δικαιοσύνῃ,

2159 4520 2400 4596 καθάπερ
2432 4525 2632 4595 ψυχρῷ
2663 4517 2840 4590 ὕδατι,
2870 4526 2950 4594 τῷ
2981 4524 3110 4595 πυρί
3142 4519 3520 4594 ἐπιϐήσονται.

2228 4614 2350 4668 ’Ὁτι
2402 4611 2585 4688 φησὶν,
2627 4610 2952 4682 Ἐπίστησον
3003 4609 3058 4667 δὲ
3102 4615 3176 4686 μή
3232 4634 3362 4669 ποτε
3411 4615 3491 4667 καί
3544 4615 3570 4666 ὁ
3621 4615 3802 4683 μακά-

2165 4724 2282 4778 ριος
2355 4701 2632 4771 Ἰωάννης,
2705 4701 2949 4759 ’Έδωκεν
2983 4703 3029 4738 ⁸⁷
3098 4707 3133 4773 ἡ
3213 4705 3448 4759 θάλασσα
3512 4701 3646 4764 τοῦς
3721 4723 3808 4758 νε-

2159 4792 2322 4868 κροὺς
2386 4791 2514 4853 τοὺς
2574 4790 2624 4845 ἐν
2681 4791 2841 4866 αὐτῇ,
2914 4789 3118 4866 λέγων,
3183 4793 3271 4848 καὶ
3331 4794 3358 4847 6
3432 4793 3658 4856 θάνατος
3718 4794 3814 4848 καὶ

2162 4884 2190 4938 6
2258 4877 2394 4951 ᾅδης
2469 4876 2671 4936 ἔδωκαν
2741 4883 2868 4944 τοὺς
2933 4882 3158 4956 νεκροὺς
3213 4884 3340 4943 τοὺς
3408 4882 3462 4938 ἐν
3533 4883 3719 4948 αὐτοῖς
3744 4885 3813 4952 ⁸⁸,

2161 4974 2228 5027 τά
2277 4972 2379 5026 ἀπὸ
2437 4975 2542 5026 τῶν
2596 4971 2883 5046 στοιχείων
2935 4969 3299 5046 ἀναδιδόμενα
3350 4975 3488 5048 πρὸς
3544 4975 3816 5030 ἀποκατά-

1701 5141 1943 5200 VARle
1981 5144 2389 5201 LECTIONES.

473 5237 517 5271 “
545 5237 1035 5311 κληρονομεῖν-ς·-
1061 5232 1460 5311 ἀποθνήσίξιειν]⁸
1485 5232 1729 5311 θνήσκειν

405 5307 493 5363 50.
570 5309 615 5344 ⁶⁰
643 5304 734 5362 καὶ
766 5309 835 5380 οί]
868 5310 886 5363 Ι
915 5308 1122 5363 Thess.
1165 5323 1241 5375 ιν,
1277 5306 1360 5375 15,
1400 5304 1484 5361 [6.
1581 5304 1625 5340 ⁶¹
1651 5305 1840 5376 ἡμεῖς]
1870 5304 1959 5358 καὶ

405 5373 563 5450 ᾅγνος
597 5379 636 5434 Β
691 5384 878 5450 et__rc.
926 5383 970 5434 Α
1001 5394 1015 5432 :
1063 5377 1340 5450 πύραγνος
1556 5375 1614 5450 ﬁ“
1644 5374 1756 5450 ἔστι
1779 5375 1959 5450 Διρυ-ιξόη

403 5394 563 5449 αγνος
597 5394 636 5434 b
691 5394 878 5465 etmrc.
926 5394 970 5434 Α
1001 5394 1015 5432 :
1063 5394 1340 5451 πυραγνος
1373 5394 1413 5450 ι’,
1442 5418 1456 5432 .

404 5447 576 5504 Roth.
656 5451 699 5484 ⁵⁷
734 5447 956 5504 ἔδωκεν]
991 5450 1222 5504 Anocal.
1256 5465 1350 5504 xx.
1385 5450 1451 5504 13

1986 5235 2028 5306 ⁸7⁷
2073 5233 2187 5306 μὶν]
2237 5230 2294 5288 δὲ
2343 5240 2400 5290 Β.

1991 5305 2157 5379 ἡμεῖς
2175 5311 2248 5379 7A-

1567 5375 1614 5453 ξ⁴
1644 5374 1756 5453 ἔστι
1779 5374 1970 5453 Διρυἰῖόν

656 5451 699 5484 ⁵⁷
734 5444 956 5521 ἔδωκεν]
991 5444 1234 5521 Apodoti.-
1256 5465 1350 5520 xx,
1385 5444 1471 5506 i3.
1548 5447 1593 5484 ⁸⁸
1621 5447 1749 5510 τοὺς
1775 5444 1829 5503 ἐν
1860 5447 2022 5523 αὐτῇ]
2052 5448 2222 5518 αὐτῆς
2255 5456 2292 5504 Β

2477 5232 2672 5308 δδλζῇν]
2724 5233 2868 5303 ζωήν
2899 5238 2960 5288 Β.
3055 5234 3109 5308 ᾐ⁸⁹
3139 5233 3172 5308 67
3218 5232 3457 5308 Παῦλος]
3510 5237 3533 5291 Ι
3566 5238 3696 5308 Οοιή.
3727 5254 3824 5304 xv,

2353 5306 2401 5342 ⁶²
2433 5302 2975 5381 ἀναδιδόμενονβιξῑϐ
3002 5303 3236 5381 κάτωθεν
3273 5302 3529 5381 ponit:B.
3636 5307 3686 5342 ⁸³
3707 5302 3825 5381 Δ’πῦρ

2167 5377 2214 5458 ξ⁵
2247 5375 2424 5458 δοκεῖν
2474 5380 2607 5436 add.
2645 5375 2703 5436 Β.
2799 5377 2847 5413 ⁸⁸
2897 5375 3286 5458 ἐντυφωμένοιί
3328 5385 3396 5448 Α,
3441 5375 3828 5452 ἐκτυφομὲνοῦ

1991 5538 2222 5599 NOTAE.

477 5626 594 5698 (78)
619 5626 692 5682 Sa
709 5627 870 5682 licem
902 5629 1160 5686 torrentis
1190 5628 1362 5686 vertit
1395 5630 1519 5687 Lev.
1553 5647 1712 5688 xxru.
1743 5629 1874 5688 Job.
1903 5646 1992 5686 XL.
