4100 6242
273 319 410 380 1129

1311 315 1859 379 BlBLIOTHECA.
1905 347 1982 365 ι·-
2025 316 2198 381 COD.
2246 315 2612 378 CCXXXIV.

3513 321 3669 385 1l30

273 471 440 506 στασιν
467 449 696 505 ἱκάστου
741 427 905 524 μόρια
951 446 1198 518 ἐδήλωσε
1231 465 1244 478 ⁸
1289 448 1388 517 τὴν
1423 449 1514 522 μὲν
1561 450 1663 526 γὰρ
1705 445 1908 504 θάλασ-

2033 450 2302 522 [constat]
2328 466 2455 507 esse
2479 453 2750 506 naturam
2783 441 3114 524 humidam,
3138 453 3430 514 infernum
3451 461 3669 531 autem,

274 564 353 598 σαν
395 541 528 597 εἶναι
567 541 668 610 τὴν
720 539 880 616 ὑγρὰν
917 538 1128 608 οὐσίαν,
1165 533 1300 610 ᾅδην
1353 536 1410 594 δὲ
1455 540 1546 593 τὸν
1597 539 1726 614 ἀέρα
1769 543 1916 615 παρά

271 632 321 686 τὸ
361 625 556 700 ἀειδὲς,
609 625 700 683 διὰ
749 627 813 682 τὸ
862 629 937 700 μὴ
981 627 1229 702 ὁρᾶσθαι,
1281 627 1520 702 καθάπερ
1572 625 1774 702 ἐλέχθη
1822 627 1912 682 καὶ

269 718 538 796 Ὠριγένει,
598 718 690 773 καὶ
755 719 985 772 θάνατον
1041 717 1142 785 τήν
1183 721 1286 793 γῆν
1343 715 1486 790 παρᾶ
1541 717 1602 770 τὸ
1660 715 1711 770 ἐν
1773 716 1907 788 αὐτῇ

273 809 535 866 κλῐνεσθαι
585 807 654 862 τὰ
681 807 730 842 ⁸9
787 807 1108 876 θνήσκοντα,
1178 805 1296 859 ὅθεν
1354 807 1444 860 καί
1502 809 1639 883 χοῦς
1699 803 1906 875 ἐκλήθη

269 900 489 954 θανάτου
519 900 566 934 ⁷ο
625 898 677 953 ἐν
741 897 999 970 Ψαλμοῖς
1029 899 1096 964 ⁷³,
1156 895 1232 956 εἷς
1292 899 1426 974 χοῦν
1483 897 1713 950 θανάτου
1775 917 1912 950 κατ-

269 991 426 1062 ῆχθαι
461 987 746 1063 εἴρηκότος
776 989 1032 1060 Χριστοῦ.

329 1079 447 1134 Ὅτι
518 1077 675 1154 φησὶ,
733 1080 840 1130 Πᾶν
896 1075 1001 1152 γὰρ
1054 1074 1116 1129 τὸ
1175 1073 1233 1129 ὲκ
1287 1075 1528 1149 καθαροῦ
1595 1074 1750 1146 ἀὲρος
1819 1071 1908 1128 καὶ

265 1169 498 1236 καθαροῦ
571 1166 741 1240 πυρὸς
819 1165 1201 1238 συνιστάμενον
1278 1164 1573 1240 σύγκριμα,
1631 1161 1722 1217 καὶ
1795 1169 1911 1224 τοῖς

265 1254 570 1330 ἀγγελικοῖς
609 1253 906 1326 ὁμοο·5σιον
951 1251 1220 1328 ὑπάρχον,
1260 1253 1320 1308 οὗ
1364 1250 1582 1307 δύναται
1625 1259 1728 1328 γῆς
1761 1247 1907 1328 ἔχειν

268 1345 529 1414 ποιότητα
576 1345 666 1398 καὶ
706 1341 926 1412 ὕδατος,
979 1341 1092 1397 ἐπεὶ
1138 1337 1475 1415 συμϐήσεται
1524 1335 1735 1396 ἔσεσθαι
1781 1342 1910 1398 αὖτό

267 1431 484 1512 γεῶδες.
536 1437 794 1488 Τοιοῦτον
833 1433 922 1488 καὶ
955 1430 1015 1486 ἐκ
1061 1432 1268 1486 τούτων
1313 1433 1375 1486 τὸ
1425 1432 1720 1501 ἀναστῆναι
1776 1431 1909 1506 μὲλ-

268 1523 358 1579 λον
407 1526 570 1596 σῶμα
617 1521 906 1597 ἀνθρώπου
951 1521 1000 1557 ⁷³
1055 1521 1338 1596 Ὠριγένης
1367 1523 1413 1557 ⁷³
1469 1519 1812 1600 ἐφαντάζετο,
1882 1522 1910 1575 ’ὸ

267 1614 353 1668 καὶ
383 1615 431 1649 τ⁴
460 1613 830 1686 πνευματικὸν
866 1607 1059 1687 ἔφησεν
1094 1611 1160 1669 ⁷⁵.

333 1704 456 1760 ’Ὁτι
506 1703 662 1780 φησί,
715 1699 970 1756 Ποδαπὸν
1030 1702 1134 1776 ἄρα
1189 1699 1379 1755 ﬁeri"
1434 1699 1524 1754 καὶ
1595 1703 1787 1776 σχῆμα
1847 1701 1910 1754 τὸ

2021 556 2216 595 aerem
2250 539 2322 594 ab
2345 539 2722 608 obscuritate,
2758 541 2912 612 quod
2939 559 3054 597 non
3078 544 3360 612 videatur,
3393 551 3670 618 quemad-

2025 631 2262 684 modum
2297 629 2578 701 Origenes
2610 629 2881 701 explicat,
2933 641 3178 688 mortem
3226 635 3361 689 item
3396 653 3523 692 esse
3553 644 3670 695 ter-

2022 735 2165 784 ram,
2216 733 2280 773 eo
2331 719 2486 789 quod
2531 723 2794 774 mortuus
2845 719 2902 774 in
2937 737 3004 776 ea
3046 727 3377 790 reponatur.
3427 726 3586 781 Unde
3614 733 3672 784 et

2023 808 2210 880 pulvis
2261 813 2347 863 est
2385 808 2674 880 appellata
2707 826 2864 865 mors
2894 811 2952 865 in
3005 811 3277 882 Psalmis,
3323 813 3547 871 Christo
3580 816 3672 871 di-

2023 903 2188 953 cente
2216 913 2271 953 se
2301 897 2362 952 in
2387 899 2676 969 pulverem
2705 902 2899 956 mortis
2929 900 3221 958 deductum
3251 919 3362 960 esse
3425 917 3462 949 ι-

2099 1078 2189 1133 Ait
2218 1075 2590 1150 [Methodius]
2621 1095 2633 1134 :
2669 1079 2964 1152 Quidquid
2999 1097 3066 1137 ex
3099 1100 3243 1152 puro
3275 1101 3406 1140 aere
3437 1089 3494 1142 et
3525 1103 3672 1158 puro

2023 1167 2158 1240 igne
2187 1167 2576 1238 componitur,
2609 1173 2667 1224 et
2709 1170 2989 1242 angelicis
3022 1173 3248 1228 naturis
3279 1175 3672 1232 consubstan-

2023 1256 2159 1312 tiale
2180 1260 2289 1324 est,
2313 1255 2458 1311 illud
2484 1271 2597 1311 non
2623 1261 2813 1328 potest
2837 1258 3045 1315 habere
3069 1265 3233 1316 terrae
3263 1267 3319 1318 et
3341 1280 3505 1336 aqua:
3537 1282 3674 1338 qua-

2025 1345 2270 1412 litatem,
2304 1345 2444 1416 quia
2479 1347 2800 1402 necessario
2825 1347 3019 1420 ipsum
3045 1355 3198 1406 esset
3223 1357 3511 1424 terrestre.
3537 1355 3674 1411 Tale

2022 1438 2217 1488 autem
2241 1439 2297 1488 et
2328 1449 2394 1489 ex
2427 1431 2588 1488 hisce
2623 1433 2774 1506 [aere
2798 1439 2854 1492 et
2876 1437 3028 1508 igne]
3055 1447 3518 1497 resurrecturum
3552 1459 3673 1498 cor~

2025 1539 2134 1595 pus
2167 1523 2338 1594 fingit
2367 1522 2660 1595 Origenes,
2695 1525 2844 1595 quod
2892 1525 3194 1598 spirituale
3227 1531 3561 1600 appellavit.

2094 1705 2291 1778 Atqui,
2331 1705 2542 1777 inquit,
2587 1723 2713 1778 qum
2761 1707 2982 1778 species
3025 1709 3137 1766 erit
3191 1713 3568 1786 resurgentis,
3621 1713 3672 1770 si

266 1793 638 1864 ἀνιστάμενον,
700 1791 744 1846 εἰ
814 1789 958 1855 ὅλως
1016 1790 1076 1846 τὸ
1142 1787 1538 1864 ἀνθρωποειδές
1589 1795 1774 1862 τοῦτο,
1835 1792 1909 1854 ὡς

2033 1775 2206 1850 lorma
2237 1795 2356 1850 haec
2395 1775 2676 1864 humana,
2713 1775 2874 1855 velut
2901 1797 3126 1855 inutilis
3157 1800 3290 1871 ipsi,
3325 1775 3671 1876 eEstingua-

267 1883 540 1958 ἄχρηστον
601 1881 661 1936 ὃν
717 1887 834 1937 κατ’
891 1881 1076 1950 αὐτὸν,
1135 1880 1502 1960 ἐξαφανίζεται
1539 1899 1550 1910 ’
1611 1881 1639 1935 ’ὀ
1697 1881 1908 1936 πάντων

266 1973 376 2029 ἐστὶ
433 1977 541 2028 τῶν
599 1972 676 2034 εἰς
763 1975 871 2041 ζῶα
947 1971 1383 2047 συγκεκριμένων
1435 1971 1739 2046 σχημάτων
1799 1969 1914 2046 ἐρα-

269 2063 568 2138 σμιώτερον
603 2077 616 2092 ⁶
653 2062 698 2134 ᾧ
738 2062 825 2115 καὶ
869 2061 930 2115 τὸ
979 2065 1130 2115 Θεῖον
1180 2067 1384 2134 χρῆται
1431 2059 1622 2130 εἰκόνι,
1673 2061 1912 2134 καθάπερ

267 2154 353 2209 καὶ
387 2155 414 2207 6
447 2153 760 2230 σοφώτατος
793 2151 1010 2212 Παῦλος
1044 2148 1214 2220 δηλοῖ
1237 2171 1250 2183 ·
1283 2151 1450 2224 Ἀνὴρ
1479 2151 1527 2185 ’⁷⁷
1562 2151 1656 2223 μὲν
1681 2151 1785 2226 γὰρ
1818 2147 1918 2205 οὒκ

270 2242 478 2322 ὀφείλει
578 2240 1080 2297 κατακαλύπτεσθαι
1188 2241 1287 2310 τήν
1393 2240 1655 2318 κεφαλὴν,
1754 2241 1915 2296 εἷκὼν

267 2333 356 2388 καὶ
415 2329 544 2404 δόξα
591 2335 724 2387 Θεοῦ
769 2332 1053 2405 ὑπάρχων.
1107 2329 1198 2392 Εἷς
1248 2329 1277 2384 ’ὀ
1326 2329 1416 2383 καὶ
1467 2331 1534 2384 τὰ
1591 2329 1751 2404 νοερᾶ
1807 2333 1914 2384 τῶν

267 2420 512 2499 ἀγγέλων
580 2421 808 2493 σώματα
874 2417 1338 2492 διεκοσμήθησαν.
1399 2422 1537 2493 Ἀρα
1593 2417 1916 2494 κυκλοτερὲς

267 2513 304 2581 ἢ
349 2509 698 2584 πολυγώνων
755 2510 790 2580 ἢ
841 2504 1062 2563 κυϐικὸν
1127 2507 1161 2577 ἢ
1211 2506 1615 2582 πυραμοειδὲςς
1666 2506 1918 2564 πλεῖσται

268 2602 370 2677 γὰρ
424 2603 532 2654 τῶν
594 2597 899 2676 σχημάτων
964 2599 1018 2652 αἱ
1075 2595 1445 2671 παραλλαγαί.
1509 2595 1688 2654 Ἀλλὰ
1757 2602 1915 2652 τοῦτο

269 2691 582 2764 ἀμήχανον.
624 2685 834 2744 Οὐκοῦν
881 2687 963 2748 τίς
1014 2689 1049 2757 ἡ
1104 2685 1516 2761 ἀποκλήρωσις,
1547 2687 1607 2741 τὸ
1663 2687 1756 2760 μὲν
1799 2688 1917 2742 θεο-

270 2776 478 2835 είκελον
543 2783 739 2852 σχῆμα
796 2776 1092 2850 (ὁμολογεῖ
1155 2777 1257 2850 γὰρ
1313 2777 1398 2830 καὶ
1470 2777 1634 2835 αὐτὸς
1688 2773 1916 2846 ὁμοειδῆ

269 2869 406 2924 εἶναι
467 2868 566 2935 τὴν
637 2867 822 2941 ψυχὴν
889 2870 969 2936 τῷ
1036 2865 1274 2938 σώματι)
1342 2863 1768 2940 ἂπαγορεῦεσθαι
1845 2865 1919 2926 ὡς

270 2955 644 3030 ἃκλεέστερον,
686 2953 858 3010 ἄπουν
893 2952 950 3010 δὲ
979 2955 1067 3009 καὶ
1101 2953 1318 3030 ἅχειρον
1353 2953 1702 3023 ἀνὶστασθαι;

341 3048 472 3120 [925
519 3047 606 3118 8.]
654 3045 778 3101 ’Ότι
829 3043 1010 3121 φησὶν,
1063 3045 1124 3100 Ὀ
1178 3043 1706 3121 μετασχηματισμὸς
1747 3046 1780 3112 ἡ
1841 3043 1916 3105 εἰς

268 3137 331 3191 τὸ
389 3135 589 3196 ἀπαθὲς
645 3133 735 3187 καὶ
791 3127 1005 3204 ἔνδοξόν
1081 3135 1225 3187 ἓστιν
1285 3133 1716 3195 ἀποκατάστασις
1749 3151 1762 3164 ο
1822 3132 1914 3186 νῦν

270 3228 364 3300 μὲν
424 3224 528 3300 γὰρ
589 3226 750 3295 σῶμα
787 3225 830 3259 ⁷³
888 3221 1180 3296 ἐπιθυμίας
1231 3220 1340 3276 ἐστί
1397 3223 1487 3276 καὶ
1544 3222 1915 3283 ταπεινώσεως

265 3313 372 3388 (διὸ
417 3316 506 3370 καὶ
572 3311 782 3382 Δανιὴλ
813 3313 860 3350 ⁷9
907 3311 1042 3385 ἀνὴρ
1092 3311 1394 3385 ἐπιθυμιῶν
1443 3308 1654 3385 ἤκουε),
1685 3311 1807 3366 τότε
1861 3307 1917 3365 δὲ

270 3405 916 3480 μετασχηματισθήσεται
959 3401 1034 3464 εἷς
1075 3405 1238 3473 σῶμα
1276 3401 1496 3471 ἀπαθὲς,
1541 3401 1601 3455 οὐ
1640 3403 1708 3474 τῇ
1759 3398 1916 3470 ἐξαλ-

267 3491 415 3570 λαγῇ
464 3501 564 3564 τῆς
616 3487 1035 3567 διακοσμήσεως
1081 3495 1186 3546 τῶν
1243 3489 1447 3564 μελῶν,
1499 3489 1643 3545 ἀλλὰ
1698 3495 1776 3562 τῷ
1836 3491 1913 3562 μή

267 3582 553 3657 ὶπιθυμεῖν
585 3587 694 3639 τῶν
730 3579 934 3638 ὑλικῶν
965 3579 1196 3652 ἡδονῶν.

336 3677 456 3729 ’Ὀτι
507 3673 671 3751 φησὶν
718 3673 844 3746 [490
908 3671 1001 3744 Η.]
1059 3669 1363 3745 ἐξελέγχων
1436 3670 1526 3724 τὸν
1588 3669 1864 3746 Ὤριγένην
1899 3686 1912 3701 ·

269 3761 532 3818 Βούλεται
581 3763 758 3816 τοίνυν
799 3761 827 3815 6
873 3760 1160 3836 Ὠριγένης
1205 3762 1303 3828 τὴν
1367 3759 1460 3830 μὶν
1519 3759 1685 3828 αὐτὴν
1747 3759 1916 3833 σάρκα

269 3855 348 3928 μή
404 3852 864 3909 ἂποκαθίστασθαι
911 3855 979 3924 τῇ
1012 3853 1188 3924 ψυχῇ,
1227 3849 1328 3918 τήν
1381 3845 1436 3902 δὲ
1485 3849 1642 3902 ποιάν
1689 3847 1914 3904 ἑκάστου

269 3943 514 4021 μορφὴν,
545 3941 678 3996 κατὰ
699 3942 762 3994 τὸ
794 3936 934 4002 εἶδος
968 3939 1030 3992 τὸ
1060 3941 1160 4009 τήν
1183 3939 1352 4012 σάρκα
1384 3937 1472 3990 καὶ
1497 3941 1588 3990 νῦν
1626 3957 1916 4012 χαρακτη-

267 4032 445 4106 ρῐζον,
505 4029 557 4085 ἐν
627 4028 794 4104 ἒτέρῷ
853 4031 1200 4100 πνευματικῷ
1274 4025 1718 4098 ἐντετυπωμένην
1788 4027 1916 4079 ἀνα-

267 4121 561 4192 στήσεσθαι
607 4118 843 4191 σώματι,
884 4116 976 4172 ’ἱνα
1016 4113 1243 4178 ἕκαστος
1287 4115 1452 4172 πάλιν
1492 4117 1520 4170 6
1569 4116 1730 4178 αὐτὸς
1771 4119 1914 4194 φανῇ

261 4209 406 4264 κατᾶ
427 4210 527 4278 τήν
583 4208 822 4286 μορφὴν,
871 4205 960 4260 καὶ
999 4209 1160 4261 τοῦτο
1192 4205 1320 4260 εἶναι
1354 4207 1452 4275 τὴν
1501 4201 1915 4282 ἐπαγγελλομέ-

808 4298 1062 4352 Ῥευστοῦ
1128 4295 1254 4370 γὰρ,
1324 4295 1512 4369 φησὶν,
1583 4293 1915 4368 ὑράρχοντος

1188 2241 1255 2310 τὴ
1263 2263 1287 2292 ν

259 4319 366 4370 νην
424 4299 730 4352 ἀνάστασιν.

259 4391 364 4442 τοῦ
397 4384 590 4442 ὗλικοῦ
630 4387 882 4460 σώματος
923 4385 1011 4440 καὶ
1055 4382 1329 4457 μηδέποτε
1373 4382 1621 4457 μένοντος
1677 4383 1758 4461 ἐφ’
1797 4385 1918 4437 ἑαυ-

259 4482 372 4550 τῷ,
433 4475 580 4532 ἀλλὰ
627 4475 1028 4550 ἀπογινομένου
1085 4475 1176 4528 καὶ
1234 4471 1618 4547 ἐπιγινομένου
1676 4473 1796 4548 περῖ
1857 4472 1918 4526 τὸ

263 4565 420 4628 εἶδος
451 4566 514 4620 τὸ
563 4564 968 4640 χαρακτηρίζον
997 4566 1098 4630 τὴν
1151 4566 1370 4640 μορφήν
1403 4563 1492 4642 ὑφ’
1541 4563 1602 4617 οὗ
1649 4563 1739 4617 καὶ
1791 4583 1922 4639 συγ-

259 4661 548 4730 κρατεῖ-ται
596 4657 658 4708 τὸ
717 4659 933 4728 σχῆμα,
977 4651 1182 4727 ἀνάγκη
1234 4649 1300 4722 δὴ
1353 4654 1452 4721 τήν
1509 4653 1790 4706 ἀνάστασιν
1835 4651 1920 4707 ἐπὶ

263 4743 448 4820 μόνου
480 4741 658 4805 εἶ’δους
689 4740 920 4798 ἔσεσθαι.
942 4741 1076 4798 Εἶτα
1107 4741 1226 4814 μετ’
1257 4739 1447 4818 ὀλίγον
1479 4741 1666 4820 φησὶν,
1689 4741 1919 4810 Οὐκοῦν,

257 4837 316 4890 ὥ
367 4835 656 4910 Ὠρίγενες,
707 4831 753 4888 εἷ
797 4831 884 4887 ἐπὶ
929 4837 1028 4886 τοῦ
1079 4829 1256 4894 εἴδους
1307 4831 1470 4904 μόνον
1515 4829 1922 4906 προσδοκᾶσθαι

257 4921 590 5000 διισχυρίζῃ
639 4923 738 4992 τὴν
796 4921 1082 4976 ἀνάστασιν
1119 4919 1169 4975 ἐν
1221 4927 1568 4994 πνευματικῶ
1621 4925 1918 4995 μεταθησο-

259 5013 446 5090 μένου
492 5015 730 5085 σώματι,
781 5009 1055 5083 ἀπόδειξίν
1106 5031 1164 5065 τε
1207 5009 1592 5084 δοκιμωτάτην
1637 5012 1737 5080 τὴν
1791 5013 1925 5066 κατὰ

251 5105 364 5159 τὸν
428 5098 616 5157 Ἠλίαν
673 5101 816 5173 ἡμῖν
874 5099 1140 5154 ὀπτασίαν
1215 5099 1304 5154 καὶ
1375 5107 1580 5156 Μωϋσα
1643 5101 1926 5175 παρέχεις,

249 5191 484 5264 ’Ὠσπερ
537 5188 758 5259 ἐκεῖνοι,
815 5190 1080 5266 φάμενος,
1142 5189 1280 5262 μετά
1333 5187 1430 5257 τὴν
1487 5187 1590 5242 ἀπὸ
1647 5191 1743 5243 τοῦ
1803 5187 1926 5262 βίου

349 5350 370 5378 ι
405 5337 561 5392 Psal.
593 5353 710 5406 xxx,
747 5337 832 5392 l6.
912 5349 934 5375 ι
965 5336 988 5390 Ι
1019 5335 1145 5391 Cor.
1180 5351 1256 5404 χι,
1289 5339 1341 5390 7.
1419 5337 1446 5374 δ
1479 5335 1617 5390 Dan.
1652 5349 1728 5400 ιχ,
1753 5334 1844 5388 23.

2023 1889 2139 1954 tur,
2164 1901 2290 1956 quae
2316 1901 2381 1939 ex
2407 1884 2687 1940 omnibus
2711 1885 2772 1941 in
2803 1887 3078 1944 animalia
3103 1889 3447 1946 cadentibus
3471 1893 3676 1948 formis

2024 1979 2110 2030 est
2141 1973 2464 2042 amabilior,
2509 1990 2622 2044 qua
2665 1975 2892 2032 Numen
2927 1975 3118 2048 ipsum
3150 1979 3356 2049 utitur,
3391 1983 3674 2052 quemad-

2025 2063 2266 2118 modum
2298 2061 2769 2133 sapientissimus
2799 2064 3018 2120 Paulus
3049 2067 3360 2138 explanat:
3417 2069 3509 2125 νίν
3547 2071 3674 2140 qui-

2023 2151 2147 2206 dem
2176 2167 2286 2207 non
2315 2149 2470 2206 debet
2501 2150 2697 2208 velare
2726 2163 2892 2224 caput
2921 2171 3106 2224 suum,
3129 2156 3391 2228 quoniam
3421 2157 3602 2230 imago
3626 2167 3677 2214 et

2023 2241 2204 2310 gloria
2233 2241 2330 2295 Dei
2358 2243 2435 2295 est
2466 2261 2508 2304 ι,
2535 2244 2604 2298 ad
2641 2243 2794 2315 quod
2827 2243 3130 2302 rationalia
3171 2262 3399 2318 quoque
3446 2247 3675 2318 angelo-

2025 2345 2151 2386 rum
2187 2347 2426 2400 corpora
2457 2337 2593 2388 sunt
2636 2339 2929 2387 exornata.
2974 2333 3168 2388 Eritne
3209 2350 3346 2406 ergo
3394 2337 3676 2406 [corporis

2027 2421 2382 2492 resurgentis
2469 2423 2680 2492 forma]
2766 2421 3089 2492 circularis,
3167 2427 3268 2478 aut
3353 2425 3672 2495 angularis,

2026 2513 2124 2565 aut
2181 2510 2405 2573 cubica,
2468 2516 2565 2566 aut
2623 2509 3039 2598 pyramidalis?
3095 2509 3271 2566 Varia
3329 2511 3484 2568 enim
3541 2519 3679 2568 sunt

2027 2599 2350 2672 ﬁgurarum
2393 2603 2656 2674 species;
2708 2589 2818 2656 sed
2850 2601 2958 2657 hoc
3007 2605 3094 2658 est
3133 2601 3519 2674 impossibile.
3568 2605 3677 2660 Ec-

2027 2709 2140 2763 qua
2169 2693 2284 2746 hasc
2317 2710 2442 2747 sors
2473 2701 2642 2761 esset,
2683 2693 2928 2747 formam
2965 2692 3080 2748 Deo
3112 2691 3367 2748 similem
3400 2692 3674 2765 (similem

2028 2781 2184 2837 enim
2208 2783 2467 2838 animam
2495 2799 2623 2838 esse
2649 2781 2874 2854 corpori
2900 2781 3022 2852 ipse
3043 2799 3276 2853 quoque
3301 2782 3534 2854 fatetur)
3556 2783 3677 2838 vel-

2028 2879 2088 2927 ut
2118 2870 2458 2927 deleriorem
2493 2870 2686 2941 abjici,
2721 2875 2778 2926 et
2807 2871 3064 2942 [corpus]
3106 2869 3231 2927 sine
3271 2872 3521 2944 pedibus
3553 2890 3680 2930 ma-

2029 2959 2325 3030 nibusque
2358 2975 2660 3030 resurgere
2677 2959 2706 3014 7

2099 3047 2578 3114 Transformatio,
2621 3047 2835 3120 inquit,
2871 3051 2960 3104 est
2990 3049 3060 3103 ad
3088 3047 3590 3107 immortalitatem
3625 3055 3683 3107 et

2027 3138 2272 3209 gloriam
2297 3140 2728 3193 transmutatio.
2753 3141 2922 3192 Nunc
2944 3138 3098 3192 enim
3132 3155 3344 3210 corpus
3377 3145 3464 3195 est
3493 3141 3554 3196 in
3585 3141 3682 3198 de-

2028 3227 2241 3284 siderio
2259 3235 2312 3282 et
2336 3227 2698 3282 humilitate:
2737 3226 2893 3282 unde
2918 3227 3121 3283 Daniel
3150 3227 3240 3283 vir
3269 3227 3680 3286 desideriorum

2026 3323 2116 3374 est
2160 3307 2489 3390 appellatus
2519 3319 2561 3361 δι
2594 3317 2758 3372 Tunc
2807 3321 3004 3372 autem
3057 3317 3573 3390 transfigurabitur
3619 3321 3678 3376 in

2026 3425 2234 3478 corpus
2265 3405 2652 3478 impassibile,
2687 3423 2800 3462 non
2835 3410 3058 3464 mutato
3091 3407 3150 3462 in
3181 3408 3437 3464 deterius
3467 3415 3677 3466 ornatu

2026 3495 2449 3564 membrorum,
2500 3496 2598 3550 sed
2644 3495 2929 3551 exstincta
2978 3496 3366 3567 corporalium
3411 3498 3675 3568 volupta-

2024 3589 2150 3640 tum
2183 3585 2676 3655 concupiscentia.

2097 3675 2430 3745 Coarguens
2463 3673 2596 3728 dein
2642 3672 2948 3744 Origenem
2999 3672 3117 3727 ait:
3169 3672 3446 3745 Origenes
3494 3673 3676 3745 igitur

2025 3761 2151 3819 vult
2182 3779 2296 3816 non
2329 3759 2592 3816 eamdem
2625 3775 2860 3814 carnem
2892 3773 3023 3814 cum
3057 3758 3253 3815 anima
3284 3761 3664 3829 conjunctum

2025 3851 2116 3918 iri,
2183 3852 2282 3905 sed
2349 3849 2580 3920 qualem
2636 3865 2789 3903 nunc
2839 3847 3200 3919 singulorum
3259 3849 3524 3918 formam,
3574 3867 3666 3906 se-

2024 3939 2279 3996 cundum
2305 3938 2552 4008 Speciem
2580 3953 2790 4007 corpus
2814 3937 2972 3992 carni
2997 3936 3300 4007 imprimit,
3323 3937 3516 4010 [talem
3539 3939 3666 4011 sed]

2025 4029 2082 4083 in
2103 4027 2215 4084 alio
2238 4042 2476 4098 corpore
2500 4025 2784 4098 spirituali
2811 4025 3159 4096 impressam
3185 4035 3668 4094 resurrecturum.

2025 4119 2085 4172 ut
2118 4113 2522 4185 unusquisque
2567 4128 2798 4168 rursum
2841 4111 2995 4167 idem
3045 4111 3312 4167 videatur
3342 4115 3668 4171 secundum

2025 4202 2310 4268 formam;
2345 4205 2400 4255 et
2431 4200 2581 4256 hanc
2611 4217 2740 4256 esse
2785 4201 2972 4256 299!)
3007 4200 3352 4271 promissam
3393 4201 3560 4258 nobis
3593 4218 3675 4259 re-

2028 4290 2468 4348 surrectionem.
2502 4293 2643 4345 Cum
2677 4291 2854 4361 enim,
2891 4291 3098 4362 inquit,
3133 4307 3345 4362 corpus
3377 4291 3677 4348 materiale

2031 4383 2251 4436 fluxum
2287 4380 2383 4448 sit,
2427 4383 2480 4434 et
2513 4379 2571 4434 in
2612 4379 2806 4452 seipso
2849 4395 3218 4451 nequaquam
3252 4381 3542 4451 persistat,
3575 4383 3678 4440 sed

2030 4471 2260 4527 deficiat
2289 4477 2341 4526 et
2364 4473 2584 4525 crescat
2614 4469 2940 4524 secundum
2969 4469 3241 4542 figuram,
3271 4485 3397 4542 quas
3432 4471 3680 4528 formam

2031 4560 2317 4633 exprimit,
2352 4559 2457 4615 sub
2488 4576 2606 4631 qua
2635 4559 2872 4631 [specie]
2896 4561 3223 4615 continetur
3251 4566 3308 4616 et
3339 4561 3549 4632 figura,
3585 4577 3681 4618 ne-

2033 4666 2190 4706 cesse
2224 4653 2311 4705 est
2342 4653 2407 4703 ut
2447 4649 2796 4704 resurrectio
2828 4649 2885 4702 in
2919 4647 3043 4704 sola
3073 4649 3264 4720 specie
3295 4649 3415 4708 fiat.
3459 4651 3682 4706 Deinde

2036 4747 2162 4812 post
2205 4755 2394 4808 pauca
2440 4737 2609 4794 dicit:
2642 4737 2699 4792 Si
2751 4737 2950 4810 igitur,
2994 4755 3026 4793 ο
3073 4738 3370 4810 Origenes,
3421 4754 3678 4794 resurre-

2035 4830 2286 4886 ctionem
2321 4829 2378 4884 in
2412 4826 2534 4883 sola
2559 4829 2750 4898 specie
2775 4827 2833 4882 in
2861 4827 3158 4898 spirituale
3192 4845 3402 4900 corpus
3435 4831 3680 4896 mutata,

2033 4919 2484 4991 exspectandam
2518 4917 2845 4987 contendis,
2880 4921 2935 4974 et
2964 4917 3251 4974 visionem
3275 4917 3408 4973 Elias
3435 4923 3492 4974 et
3521 4917 3682 4988 ΜΟ]-

2035 5010 2114 5064 sis
2149 5009 2316 5065 nobis
2349 5025 2450 5080 pro
2495 5007 2810 5064 cerlissima
2860 5007 3358 5063 demonstratione
3405 5007 3683 5064 exhibes:

2037 5099 2504 5169 Quemadmodum
2551 5099 2665 5168 illi,
2711 5097 2934 5168 inquis,
2981 5106 3096 5170 post
3123 5102 3356 5154 mortem
3405 5115 3516 5154 non
3546 5099 3684 5166 alia,

2037 5207 2204 5261 quam
2247 5191 2485 5244 viventes
2513 5187 2652 5243 olim
2699 5187 2988 5256 habebant,
3039 5191 3237 5258 species
3275 5193 3688 5261 apparuerunt:

1652 5457 1891 5514 VARL‘E
1932 5457 2345 5515 LECTIONES.

349 5587 398 5624 “
435 5587 504 5642 τά
542 5589 590 5644 Α
621 5603 636 5643 :
669 5587 760 5640 τόν
953 5585 1000 5622 το
1041 5581 1294 5657 θανάτου]
1327 5584 1552 5644 θάνατος
1585 5590 1642 5641 Β,
1719 5581 1764 5620 ⁷¹
1793 5578 2061 5654 ψαλμοῖς]
2099 5599 2216 5648 xxx,
2259 5583 2344 5636 16.

361 5660 451 5693 ιιι-ἓ
487 5661 594 5693 ’ΛΑ
663 5661 688 5693 Δ
869 5655 966 5693 ἔτι...
1005 5657 1048 5693 τι
1147 5657 1191 5693 τε
1219 5655 1356 5693 ἔπη
1389 5675 1468 5693 nm
1504 5661 1542 5693 ιι
1639 5653 1684 5688 77
1714 5653 1876 5693 λυτίηῖ
1909 5653 1930 5693 ἶ
1961 5656 2068 5693 nm!
2121 5671 2178 5693 ττ
2232 5655 2266 5693 ’7

869 5655 972 5730 ἔφη
1005 5657 1070 5714 Β.
1147 5657 1191 5693 ⁷⁸
1219 5653 1356 5728 ἐστὶ]
1389 5675 1472 5708 σοι
1503 5661 1556 5714 Β.
1639 5653 1684 5688 ⁷⁷
1714 5653 1876 5727 ἀνήρ]
1909 5653 1931 5712 Ι
1961 5656 2085 5711 Cor.
2121 5671 2202 5723 x1,
2232 5655 2286 5708 7.

254 5661 320 5696 7‘
361 5660 454 5714 καὶ
485 5661 620 5717 add.
651 5661 719 5717 Α.
797 5657 842 5693 ἠ
869 5657 972 5727 ἔφη
1005 5657 1070 5714 Β.

601 5761 868 5823 Panos.
913 5759 1028 5821 Gn.
1074 5755 1230 5820 CIII.

2449 5579 2509 5656 7‘:
2536 5577 2838 5656 ρῖινθᾶὂπου⁸
2857 5597 2974 5638 om.
3096 5655 3107 5656 γ
3175 5581 3222 5617 ’⁷³
3251 5579 3588 5656 θᾼὨριγένης
3623 5589 3690 5638 Δ.

2365 5651 2410 5688 ⁷⁸
2444 5653 2604 5724 σῶμα
2795 5653 2842 5688 ⁷⁹
2875 5651 3111 5726 Δανιήλ]
3143 5671 3222 5725 Ix,
3252 5653 3344 5710 23.

3291 5755 3370 5814 36
