4100 6242
437 307 590 369 1131
1645 296 1910 356 ΡΗΟΤῙῙ
1956 294 2056 354 ΡΑ

2245 295 2498 356 ,ΗΟΗᾸΞ
2543 295 2660 356 CP.
3692 295 3864 356 H33

434 444 522 498 ita
550 449 602 498 at
629 456 729 496 nos
759 449 1148 507 resurgemusr
1188 435 1422 502 Moyses
1454 436 1648 486 autem
1683 435 1741 484 et
1770 429 1918 484 Elias
1949 431 2053 483 ant

2251 424 2375 481 οδον
2431 421 2686 503 ὤφθησαν
2744 425 2853 500 οὐχ
2916 423 3106 502 ἕτερον
3181 427 3308 501 παρ’
3365 428 3394 482 ’ὀ
3476 428 3629 504 εἶχον
3711 425 3862 489 εἶδος

435 530 650 586 Christi
674 527 1003 600 passionem
1027 529 1083 578 ct
1105 522 1609 588 resurrectionem,
1635 520 1881 574 formam
1907 517 2054 572 hanc

2300 516 2478 591 ἀρχῆς
2537 513 2914 584 διασώζοντες,
2978 515 3113 570 κατά
3167 516 3234 570 τὰ
3280 516 3416 572 αὖτὰ
3468 518 3560 571 καὶ
3620 519 3658 585 ἡ
3722 517 3860 571 πάν-

435 637 612 694 quam
645 620 752 685 ais,
787 618 1064 672 habentes
1096 617 1537 669 resurrexerunt
1576 617 1632 666 et
1661 613 2053 680 apparuerunt

2240 628 2292 658 υν
2322 603 2466 659 ἔσται
2499 606 2546 641 ⁸ο
2585 607 2891 674 ἀνάστασις,
2927 606 2954 659 6
2994 610 3234 674 Μωϋσῆς
3273 603 3330 660 δὶ
3358 607 3449 661 καὶ
3481 609 3509 661 6
3541 609 3588 643 ⁸1
3625 607 3859 676 Ἠλίας,

433 709 728 776 Quomodo
759 721 894 776 ergo
925 704 1189 758 Christus
1222 703 1276 771 [ο
1323 699 1622 771 Origenes]
1653 698 2044 768 primogenitu

2240 696 2290 749 >ὸ
2320 699 2421 750 τοῦ
2450 696 2542 750 τὸν
2576 696 2804 767 Χριστὸν
2834 697 3020 749 παθεῖν
3050 696 3140 749 καὶ
3171 695 3460 764 ἀναστῆναι
3477 694 3586 766 ἤδη
3614 698 3680 750 τὸ
3704 696 3859 758 εἶδος

433 801 795 853 mortuorum
830 811 861 848 a
893 792 1187 864 prophetis
1217 796 1274 846 et
1304 789 1580 860 apostolis
1611 786 1983 843 celebratur?
2017 785 2052 839 S

2237 787 2344 838 δῦτο
2367 786 2395 838 ὃ
2420 783 2524 858 φῂς
2549 784 2769 858 ἔχοντες
2791 784 3084 853 ἀνέστησαν
3105 787 3195 839 καὶ
3227 784 3507 862 ὤφθησαν,
3529 790 3653 847 πῶς
3676 785 3748 855 δή
3776 784 3856 840 ἔτι

432 886 587 942 enim
613 881 1042 954 primogenitus
1067 885 1426 934 mortuorum
1457 876 1721 930 Christus
1743 891 1869 929 esse
1891 874 2042 928 credi

2245 876 2473 947 Χριστὸς
2505 874 2862 946 πρωτότοκος
2895 875 3028 929 εἶναι
3057 879 3168 928 τῶν
3200 880 3404 949 νεκρῶν
3437 875 3541 930 ὑπὸ
3571 881 3686 930 τῶν
3721 897 3856 951 προ-

431 978 528 1029 tus
558 975 666 1040 est,
701 969 1123 1041 primogenitus
1147 983 1279 1021 vero
1303 967 1350 1021 is
1373 970 1480 1031 est,
1505 965 1607 1034 qui
1629 968 1761 1017 ante
1783 978 1984 1017 omnes
2006 977 2050 1015 e1

2234 969 2371 1034 ητῶν
2412 966 2500 1019 καὶ
2559 961 2886 1020 ἀποστόλων
2944 962 3166 1035 ᾄδεται;
3228 965 3288 1020 Εἰ
3331 968 3430 1039 γὰρ
3483 967 3853 1038 πρωτότοκος

431 1061 681 1117 mortuis
704 1059 1046 1114 resurrexit:
1084 1057 1308 1127 Moyses
1339 1060 1533 1110 autem
1552 1055 1674 1123 jam
1698 1057 1830 1106 ante
1856 1052 2050 1106 Christ

2235 1057 2286 1106 iw
2335 1058 2534 1127 νεκρῶν
2598 1054 2827 1128 Χριστὸς
2881 1053 3018 1108 εἶναι
3069 1053 3439 1125 πεπίστευται,
3489 1058 3854 1130 πρωτότοκος

429 1151 758 1224 passionem
807 1148 958 1202 hanc
1010 1146 1229 1200 habens
1276 1145 1521 1198 formam
1572 1142 1848 1213 apostolis
1894 1158 2048 1211 appal

2237 1186 2238 1190 η
2286 1142 2392 1196 ἐστι
2445 1147 2550 1196 τῶν
2596 1147 2798 1215 νεκρῶν
2848 1143 2875 1196 6
2942 1143 3050 1217 πρὸ
3099 1144 3317 1198 πάντων
3385 1144 3640 1212 ἀναστὰς,
3703 1149 3736 1201 6
3796 1144 3856 1201 δὶ

427 1240 564 1310 ruit,
595 1239 918 1295 secundum
952 1251 1125 1306 quam
1160 1233 1387 1305 impleri
1422 1233 1508 1287 ais
1551 1231 2035 1288 resurrectionem

2232 1239 2423 1300 mihi};
2454 1229 2564 1302 ἤδη
2606 1231 2696 1286 καὶ
2741 1233 2850 1305 πρὸ
2899 1236 2996 1286 τοῦ
3049 1233 3142 1286 τὸν
3184 1234 3421 1306 Χριστὸν
3469 1237 3665 1289 παθεῖν
3698 1231 3851 1313 ἔχων

427 1329 589 1400 atqui
624 1345 738 1384 non
787 1328 987 1382 formae
1032 1324 1160 1380 sine
1208 1338 1381 1378 carne
1427 1328 1514 1377 est
1564 1321 1926 1387 resurrectio,
1971 1337 2042 1374 au

2236 1318 2420 1383 ιεῖδος
2461 1326 2622 1375 τοῦτο
2674 1319 2840 1397 ἐφάνη
2876 1327 2993 1382 τοῖς
3041 1321 3395 1390 ἀποστόλοις,
3443 1323 3568 1396 περῖ
3612 1324 3642 1378 ’ὁ
3698 1323 3855 1394 πλη-

427 1419 584 1475 enim
618 1417 802 1472 solius
846 1418 1045 1470 formas
1095 1417 1185 1469 est
1233 1411 1597 1477 resurrectio,
1652 1414 1715 1464 ut
1763 1411 1962 1476 doces;
2014 1424 2042 1463 e

2239 1411 2402 1464 600a:
2433 1409 2541 1488 φῂς
2572 1408 2733 1472 αὐτὸς
2763 1411 2863 1478 τὴν
2896 1410 3206 1480 ἀνάστασιν,
3250 1411 3350 1465 οὐκ
3392 1411 3495 1486 ἄρα
3534 1417 3637 1467 τοῦ
3671 1411 3858 1477 εἷ’δους

427 1495 560 1577 [Ι]οο
591 1507 815 1562 ratione
837 1505 1124 1573 Christus]
1152 1519 1262 1558 non
1295 1510 1476 1572 potest
1503 1517 1630 1556 esse
1661 1501 1913 1571 amplius
1945 1498 2046 1570 pri-

2235 1496 2354 1571 υρῖς
2386 1505 2485 1568 τῆς
2536 1499 2733 1573 σαρκός
2766 1497 2906 1552 ἐστιν
2961 1502 2994 1567 ἡ
3038 1499 3346 1561 ἀνάστασις.
3399 1502 3566 1556 Ἤτοι
3608 1501 3715 1577 γὰρ
3757 1507 3854 1556 τοῦ

428 1597 758 1668 mogenitus
776 1602 1160 1659 mortuorum,
1179 1609 1245 1648 eo
1269 1592 1421 1662 quod
1446 1592 1652 1645 animae
1679 1594 1808 1660 post
1832 1596 2047 1644 morten

2239 1585 2363 1649 δονς
2415 1586 2583 1655 ἐστὶν,
2644 1587 2824 1662 ὥσπερ
2894 1586 3058 1663 ἐγγυᾷ
3087 1589 3156 1656 ⁸³,
3200 1591 3368 1661 μόνου
3430 1592 3462 1658 ἡ
3524 1591 3852 1660 ἀνάστασις,

429 1687 752 1742 secundum
786 1685 1026 1740 formam
1057 1686 1190 1738 ante
1215 1681 1512 1736 Christum
1547 1680 1654 1734 hoc
1677 1679 1990 1734 habuerint
2015 1695 2048 1732 u

2236 1678 2272 1729 ιὶ
2316 1676 2374 1730 οὐ
2418 1675 2633 1731 δύναται
2688 1672 2765 1732 ἔτι
2807 1685 3157 1751 πρωτότοκος
3200 1679 3336 1732 εἶναι
3380 1680 3408 1733 ὁ
3461 1681 3696 1754 Χριστὸς
3745 1685 3855 1734 τῶν

429 1782 804 1848 apparerent:
839 1791 914 1828 an
946 1789 1163 1839 revera,
1197 1771 1626 1842 primogenitus
1657 1773 1764 1837 est,
1789 1777 1847 1822 ut
1869 1773 1987 1835 est;
2020 1785 2048 1823 e

2232 1767 2386 1840 ικριῦν
2441 1771 2520 1836 τῷ
2586 1767 2692 1839 πρὸ
2767 1765 2930 1820 αὐτοῦ
3004 1766 3240 1842 ἐχούσας
3303 1771 3462 1822 τοῦτο
3525 1770 3667 1841 μετᾶ
3747 1772 3851 1838 τὴν

429 1864 793 1935 impossibile
817 1867 905 1918 est
925 1877 1163 1934 prorsus
1197 1866 1258 1915 ut
1280 1860 1453 1929 aliqui
1485 1864 1618 1914 ante
1650 1857 1815 1912 illum
1848 1859 2048 1928 dignat

2232 1857 2440 1926 ιλευτὴν
2474 1858 2535 1910 τὸ
2585 1853 2726 1918 εἶδος
2758 1856 3047 1930 πεφηνέναι
3105 1859 3288 1935 ψυχάς
3322 1873 3336 1888 ⁸
3387 1857 3421 1925 ἢ
3477 1859 3851 1931 πρωτότοκος

433 1955 646 2010 fuerint
676 1970 744 2008 ea
789 1950 1211 2006 resurrectione
1257 1953 1315 2002 ut
1348 1965 1460 2004 non
1495 1947 1747 2017 amplius
1781 1964 2041 2002 moreren

2235 1949 2412 2015 Κηθῶς
2472 1947 2652 2019 ὥσπερ
2711 1943 2844 2016 ἔστι,
2903 1947 2994 2000 καὶ
3050 1944 3309 2001 ἀδύνατον
3370 1945 3518 2010 ὅλως
3576 1949 3854 2019 ἠξιῶσθαι

432 2049 549 2100 tur.
583 2044 642 2100 Si
665 2047 859 2098 autem
893 2057 1061 2096 nemo
1093 2045 1228 2095 ante
1258 2039 1425 2094 illum
1459 2039 1812 2094 surrexerit:
1849 2039 2051 2106 Moyse:

2235 2037 2290 2090 :6
2323 2037 2488 2091 αὐτοῦ
2528 2057 2678 2098 τινας
2717 2042 2818 2104 τῆς
2860 2035 2933 2097 εἰς
2968 2037 3030 2090 τὸ
3065 2038 3139 2108 μή
3183 2035 3334 2098 αὖθις
3374 2036 3671 2091 ἀποθανεῖν
3717 2039 3854 2092 ἀνα-

434 2137 630 2188 autem
662 2137 720 2186 et
747 2130 904 2185 Elias
937 2146 1050 2184 non
1078 2129 1134 2183 in
1167 2144 1426 2199 corpore,
1457 2127 1557 2182 sed
1590 2132 1816 2180 tantum
1848 2143 1948 2198 per
1971 2130 2053 2181 l‘or

2233 2127 2447 2187 εάσεως.
2482 2126 2545 2180 Εἰ
2579 2123 2634 2179 δὲ
2665 2124 2854 2194 ἀνέστη
2907 2123 3085 2186 οὐδεὶς
3135 2127 3241 2200 πρὸ
3280 2126 3470 2194 αὐτοῦ,
3514 2127 3565 2180 οἱ
3601 2124 3664 2180 δὲ
3711 2127 3852 2204 ἀμφὶ

436 2238 594 2277 mam
626 2220 905 2292 apostolis
942 2221 1374 2290 apparuerunt;
1425 2216 1682 2287 profecto
1731 2218 2055 2271 resurrectit

2236 2239 2276 2269 ›ν
2313 2217 2544 2270 Μωῡσὲα
2575 2215 2664 2268 καὶ
2717 2215 2806 2268 τὸν
2839 2215 3027 2269 Ἠλίαν
3077 2217 3275 2288 σάρκας
3328 2217 3422 2288 μὲν
3460 2214 3695 2290 ἔχοντες
3735 2224 3855 2277 τοῖς

436 2309 743 2365 manifeste
773 2308 830 2361 in
861 2323 1030 2361 carne
1059 2307 1274 2377 [futura
1303 2304 1452 2374 esse]
1483 2305 1828 2359 declaratur.
1855 2304 2055 2358 Absur‘

2236 2305 2516 2366 ιτοστόλοις
2560 2304 2658 2358 οὐκ
2704 2299 2983 2381 ὤφθησαν,
3030 2306 3192 2378 μόνον
3245 2302 3301 2359 δὲ
3343 2306 3405 2358 τὸ
3453 2302 3626 2375 εἶδος,
3669 2308 3699 2374 ἦ
3757 2308 3855 2380 ἆρα

435 2399 747 2456 dissiinum
771 2396 926 2452 enim
954 2400 1042 2450 est
1072 2393 1553 2449 resurrectionem
1579 2392 1702 2448 sola
1736 2395 1921 2447 forma
1941 2393 2047 2446 deti

2236 2397 2472 2453 νάστασις
2527 2393 2613 2446 ἐπὶ
2666 2400 2766 2461 τῆς
2815 2394 3011 2466 σαρκὸς
3067 2391 3356 2462 δηλοῦται.
3409 2395 3506 2448 Καὶ
3558 2396 3665 2469 γάρ
3724 2395 3855 2449 ἀτο-

436 2488 583 2555 nire,
611 2487 842 2558 quando
873 2485 1079 2539 animas
1104 2488 1236 2556 post
1263 2483 1482 2538 exitum
1508 2499 1541 2536 a
1571 2482 1909 2550 corporibus
1933 2499 2052 2536 nun

2237 2486 2436 2537 ώτατον
2469 2481 2556 2536 ἐπὶ
2609 2482 2774 2555 μόνου
2821 2487 2919 2537 τοῦ
2971 2481 3146 2544 ε’ίδους
3193 2485 3293 2552 τήν
3335 2483 3622 2538 ἀνάστασιν
3674 2481 3856 2550 διορί-

437 2593 612 2650 quam
644 2582 922 2648 apparent
953 2574 1275 2630 secundum
1307 2573 1574 2639 formam,
1614 2573 1764 2641 quod
1796 2573 1863 2625 ad
1899 2587 2056 2626 resur

2235 2576 2394 2643 εσθαι,
2427 2571 2592 2626 ὁπότε
2641 2572 2695 2626 αἱ
2739 2571 2912 2646 ψυχαὶ
2961 2573 3049 2626 καὶ
3106 2571 3239 2644 μετά
3278 2573 3377 2641 τήν
3428 2579 3528 2640 τῆς
3577 2574 3782 2642 σαρκὸς
3810 2575 3854 2608 ⁸³

435 2666 754 2723 rectionem
804 2665 921 2719 sint
965 2663 1247 2734 repositae.
1296 2662 1352 2716 Si
1381 2667 1578 2716 autem
1612 2661 1796 2715 aderit
1827 2661 1940 2715 illis
1975 2660 2054 2715 [λοι

2232 2659 2372 2730 ξοδον
2405 2658 2665 2716 οὒδέποτε
2714 2666 2993 2738 φαίνονται
3022 2662 3086 2716 τὸ
3136 2660 3302 2731 εἶδος,
3335 2661 3364 2715 6'
3408 2683 3572 2739 φησιν
3623 2661 3851 2716 ἀνίστα-

443 2755 601 2828 quod
631 2755 703 2811 ab
734 2754 852 2809 illis
901 2769 1195 2822 nunquam
1240 2752 1553 2820 auferetur,
1585 2751 2062 2820 quemadmodun

2237 2752 2332 2816 iat,
2417 2749 2823 2821 ἀποτιθέμεναι.
2904 2750 2963 2805 Ei
3059 2747 3118 2804 δὲ
3201 2751 3573 2825 συμπαρέσται
3660 2751 3856 2810 αὐταῖς

440 2846 502 2902 in
533 2843 716 2916 Moysi
748 2853 801 2900 et
833 2843 965 2897 Elia:
995 2841 1192 2896 anima
1219 2839 1443 2905 adfuit;
1479 2855 1662 2909 neque
1692 2840 2049 2910 corrumpitu

2231 2844 2350 2893 οὒτο
2391 2839 2768 2915 ἀναφαίρετον,
2810 2836 3052 2913 καθάπερ
3083 2841 3169 2893 καὶ
3221 2837 3308 2892 ἐπὶ
3350 2846 3447 2907 τῆς
3479 2841 3526 2875 ⁸⁸
3564 2840 3850 2901 Μωῠσὲως

443 2935 767 2992 secundum
812 2938 888 2998 te,
935 2948 1123 3002 neque
1164 2929 1332 3002 perit,
1378 2946 1603 3000 semper
1651 2946 1905 3000 praesens
1949 2945 2062 2983 cun

2240 2929 2280 2982 ιὶ
2327 2926 2520 2983 Ἠλίου
2567 2930 2774 3002 ψυχῆς,
2824 2929 2912 2982 καὶ
2964 2929 3028 2984 οὐ
3074 2929 3348 3005 φθείρεται
3414 2927 3552 2983 κατά
3613 2929 3669 2982 σὲ
3726 2927 3859 2983 οὔτε

438 3023 574 3092 illis,
608 3039 721 3079 non
755 3023 941 3077 forma
989 3021 1245 3090 profecto
1288 3020 1552 3088 resurgit,
1600 3035 1726 3088 qua:
1777 3035 2057 3088 nunquan

2243 3016 2522 3087 τόλλυται,
2593 3016 2684 3072 σὺν
2761 3019 2948 3078 αὐτοῖς
3024 3022 3306 3092 πανταχοῦ
3374 3018 3683 3091 συμπαρὸν,
3759 3019 3862 3072 οὒκ

984 3074 1118 3180 quis
1165 3074 1502 3177 indignatqu
1540 3074 1742 3162 ’dicat:
1799 3108 1857 3162 Si
1907 3074 2059 3162 nemt

2509 3074 2522 3087 ,
2937 3074 2946 3078 -
3203 3074 3240 3092 η,
3445 3074 3454 3089 .
3568 3074 3576 3091 .
3668 3074 3682 3084 ,

2240 3128 2293 3161 σα
2331 3107 2393 3161 τὸ
2445 3105 2585 3168 εἶδος
2637 3107 2931 3178 ἀνίσταται,
2985 3109 3012 3162 '6
3049 3106 3325 3180 μηδέποτε
3364 3108 3673 3177 πέπτωκεν,
3723 3110 3859 3166 Ἐὰν

437 3199 750 3255 resurrexit
798 3202 1111 3267 antequam
1158 3195 1422 3250 Christus
1471 3196 1849 3250 descenderet
1890 3197 2056 3250 8004

2246 3240 2248 3247 .
2278 3198 2325 3232 ⁸⁵
2346 3218 2426 3258 τις
2465 3196 2848 3271 δυσχεεράνας,
2876 3197 2972 3252 Καὶ
3003 3202 3121 3259 πῶς
3154 3195 3244 3266 δὴ,
3276 3198 3624 3272 ἀποκριθῇ,εἷ
3661 3195 3865 3268 μηδεὶς

439 3288 508 3344 ad
566 3287 800 3353 inferos,
861 3284 1153 3356 quomodo
1214 3293 1612 3338 memorantur
1661 3285 1900 3354 quidam
1951 3289 2058 3339 antt

2241 3287 2384 3355 νέστη
2418 3288 2522 3359 πρὸ
2564 3291 2659 3340 τοῦ
2707 3284 2985 3342 κατελθεῖν
3025 3287 3100 3347 εἷς
3150 3287 3241 3342 τὸν
3272 3284 3405 3356 ᾅδην
3447 3287 3540 3340 τὸν
3593 3287 3860 3359 Χριστὸν,

439 3377 606 3434 illum
677 3377 1022 3440 surrexisse,
1089 3375 1243 3429 inter
1299 3389 1446 3444 quos
1502 3374 1693 3428 viduae
1752 3373 2058 3444 Sareptana

2240 3377 2513 3435 ιαστάντες
2555 3372 2661 3445 ⁵ἤδη
2705 3377 2847 3435 τινὲς
2886 3376 3252 3448 ἱστορηθησαν
3296 3377 3403 3449 πρὸ
3446 3376 3636 3435 αὐτοῦ,
3671 3374 3726 3430 ἐν
3772 3379 3859 3438 οἷς

441 3467 619 3532 ﬁlius,
675 3475 728 3521 et
795 3463 1178 3521 Sunamitidis
1237 3463 1412 3527 lilius,
1477 3462 1732 3532 itemque
1801 3463 2060 3518 Lazarus'

2241 3472 2291 3533 ῖς
2334 3463 2671 3538 Σαραφθίνης
2722 3467 2899 3538 γήρας
2952 3467 2979 3519 6
3010 3465 3125 3526 υἱὸς
3173 3465 3261 3519 καὶ
3311 3471 3409 3532 τῆς
3460 3462 3860 3536 Σωμανίτιδος

441 3556 906 3628 respondendum
953 3553 1059 3609 hos
1110 3552 1489 3608 resurrexisse
1538 3560 1595 3604 ut
1642 3552 1850 3606 iterum
1897 3569 2051 3607 more

2238 3555 2278 3607 xi
2311 3555 2338 3608 6
2373 3554 2652 3626 Ααί,ἀρος;
2687 3556 2814 3626 [928
2873 3555 2964 3627 R.]
3016 3554 3256 3622 λεκτέον,
3292 3552 3448 3611 Ἀλλ’
3492 3556 3648 3609 οὗτοι
3680 3556 3761 3616 εἰς
3796 3556 3857 3610 τὸ

443 3653 665 3704 rentur.
697 3645 814 3701 Nos
860 3650 1050 3699 autem
1102 3644 1172 3698 de
1204 3643 1274 3696 iis
1307 3645 1775 3712 pronuntiamus,
1825 3643 1920 3713 qui
1958 3661 2058 3713 pos

2238 3644 2278 3696 κὶ
2347 3642 2500 3703 αὖθις
2579 3643 2863 3698 ἀποθανεῖν
2952 3643 3268 3713 ἀνέστησαν,
3342 3647 3507 3716 ἡμεῖς
3591 3642 3650 3700 δὶ
3729 3645 3857 3708 περῖ

441 3737 919 3794 resurrectionem
962 3749 1259 3803 nunquam
1307 3733 1556 3802 amplius
1608 3739 1744 3788 sunt
1793 3735 2056 3788 morituri

2238 3735 2440 3804 ι91Η.]
2490 3738 2596 3786 τῶν
2648 3735 2841 3804 μηκὲτι
2895 3733 3030 3806 μετά
3074 3735 3175 3800 τήν
3226 3732 3433 3808 ἕγερσίν
3487 3731 3857 3808 διοριζόμεθα

442 3829 604 3894 Quod
641 3826 691 3881 si
727 3827 798 3878 de
831 3823 966 3877 Elian
999 3824 1197 3878 anima
1227 3822 1444 3877 dubius
1481 3822 1711 3886 dixerit,
1745 3822 1907 3892 quasi
1935 3823 2061 3879 Scri'

2238 3819 2620 3895 ιθνηξομὲνων.
2663 3823 2787 3879 Ἐἀν
2821 3820 2877 3877 δὲ
2928 3823 3016 3877 καὶ
3066 3825 3189 3896 περὶ
3237 3831 3337 3892 τῆς
3396 3827 3588 3897 ψυχῆς
3653 3822 3857 3878 διαπο-

444 3918 628 3990 pturis
650 3915 1086 3970 affirmantibus
1107 3913 1265 3968 illum
1287 3913 1341 3966 in
1365 3929 1535 3968 carne
1557 3920 1918 3982 assumptum
1939 3930 2061 3968 esse

2242 3915 2360 3981 ςσας
2402 3912 2577 3985 φράσῃ
2605 3915 2704 3966 τοῦ
2754 3911 2964 3976 Ἠλίου,
2999 3913 3074 3975 ὡς
3112 3917 3220 3968 τῶν
3279 3914 3372 3985 μὶν
3425 3918 3658 3988 Γραφῶν
3707 3915 3861 3968 ἀνει-

440 4023 544 4061 nos
581 4007 896 4060 doceamus
937 4003 1103 4058 illum
1136 4001 1410 4072 apostolis
1452 4003 1672 4073 absque
1704 4019 1876 4057 carne
1907 4020 2057 4074 appa

2240 4002 2590 4077 7,?0at1'616v
2633 4002 2902 4074 λεγουσῶν
2941 4001 2992 4055 ἐν
3032 4003 3214 4075 σαρκὶ,
3255 4005 3414 4074 ἡμῶν
3458 3999 3519 4056 δὲ
3562 4001 3859 4073 ἀσύμπλο-

439 4096 675 4151 ruisse?
706 4093 1174 4164 respondendum
1209 4091 1385 4162 quod,
1421 4091 1525 4146 etsi
1557 4092 1885 4148 diceremus
1919 4092 2058 4145 illuu

2235 4111 2284 4143 ον
2365 4092 2560 4165 σαρκὸς
2645 4097 2760 4150 τοῖς
2845 4090 3174 4151 ἀποστόλοις
3241 4092 3416 4169 ὦφθαι
3477 4093 3802 4168 φασκόντων
3841 4108 3854 4120 ·

435 4184 714 4256 apostolis
738 4184 794 4237 in
822 4197 992 4238 carne
1013 4180 1378 4252 apparuisse,
1405 4179 1550 4234 illud
1576 4188 1758 4236 tamen
1786 4198 1888 4251 pro
1913 4181 2044 4235 nobi

2235 4178 2438 4247 εκτέον,
2473 4179 2553 4234 ὅτι
2595 4181 2682 4233 καὶ
2733 4181 2838 4252 μὴν
2895 4179 3107 4252 μᾶλλον
3142 4181 3202 4235 τὸ
3243 4179 3444 4256 λέγειν’
3474 4180 3639 4235 αὐτὸν
3669 4183 3854 4255 ῶσθαι

435 4275 625 4346 magis
659 4273 891 4328 faceret.
937 4269 1353 4325 Ostenderetur
1400 4271 1555 4324 enim
1601 4279 1907 4340 propterea
1936 4287 2048 4339 quo

2234 4274 2307 4332 3i:
2335 4268 2667 4330 ἀποστόλοις
2722 4268 2772 4323 ἐν
2807 4271 2960 4343 σαρκὶ
3013 4270 3148 4343 πρὸς
3183 4273 3342 4343 ἡμῶν
3393 4269 3529 4326 ἐστι.
3565 4270 3853 4325 Δείκνυται

434 4379 544 4433 que
605 4377 814 4431 corpus
874 4365 1139 4414 nostrum
1190 4358 1645 4414 immortalitatis
1698 4375 1826 4413 esse
1875 4378 2053 4430 capax

2237 4359 2296 4431 ἀρ
2351 4358 2441 4412 καὶ
2491 4355 2579 4412 διὰ
2630 4361 2792 4412 τοῦτο
2822 4361 2866 4394 ⁸⁸
2915 4359 3213 4434 ἀφθαρσίας
3258 4361 3418 4430 ἡμῶν
3471 4357 3720 4435 ὑπάρχον
3785 4360 3856 4413 τὸ

436 4450 922 4522 quemadmodum
957 4453 1255 4502 ostensum
1281 4448 1448 4502 estin
1474 4448 1665 4501 Enoch
1691 4448 1990 4505 translato.
2017 4452 2054 4506 S

2242 4451 2352 4518 ὒμα
2402 4444 2664 4514 δεκτικὸν,
2707 4448 2946 4520 καθάπερ
2989 4444 3212 4521 ἐδείχθη
3257 4446 3346 4500 καὶ
3389 4446 3475 4499 ἐπὶ
3524 4451 3620 4500 τοῦ
3663 4447 3861 4522 Ἑνὼχ

435 4541 588 4595 enim
610 4537 1060 4606 incorruptiouis
1085 4553 1261 4606 capax
1287 4553 1400 4590 non
1424 4541 1594 4600 esset,
1620 4537 1773 4590 haud
1801 4540 2052 4606 potuisse

2235 4537 2628 4608 ετατιθεμὲνου.
2697 4535 2752 4590 Εἰ
2812 4537 2886 4608 μὴ
2945 4536 3045 4610 γὰρ
3105 4535 3402 4610 ἀφθαρσίαν
3470 4532 3687 4586 ἐδύνατο
3755 4531 3849 4586 δέ-

432 4635 592 4685 tanto
639 4630 897 4697 tempore
945 4626 1072 4680 sine
1120 4625 1246 4679 labe
1295 4624 1686 4694 corruptionis
1723 4642 2051 4696 permanere

2224 4626 2394 4690 ασθαι,
2446 4623 2545 4678 οὐκ
2591 4623 2648 4677 ἂν
2703 4621 2829 4678 οὐδὲ
2878 4622 3139 4697 διέμεινεν
3201 4623 3251 4679 ἐν
3310 4624 3528 4690 ἀπαθείᾳ
3579 4619 3843 4693 τοσούτῳ

435 4720 580 4791 Ergo
612 4731 742 4773 cum
776 4730 1013 4785 corpore
1033 4714 1323 4785 apparuit,
1357 4722 1481 4766 erat
1513 4712 1608 4768 ille
1639 4715 1873 4784 quidem
1901 4717 2054 4770 mori

2233 4712 2394 4786 ρόνῳ.
2449 4714 2508 4768 Εἰ
2552 4713 2729 4768 τοίνυν
2781 4713 2936 4790 ὤφθη
2974 4715 3109 4786 μετὰ
3155 4718 3252 4768 τοῦ
3308 4714 3575 4783 σώματος,
3622 4709 3713 4764 καὶ
3769 4711 3849 4781 ἦν

432 4816 626 4873 turus,
679 4807 773 4860 sed
810 4803 1069 4857 nondum
1119 4802 1308 4856 adhuc
1355 4807 1700 4858 surrexerat.
1753 4804 1816 4858 Et
1861 4803 1982 4858 haec
2016 4821 2045 4858 u

2235 4800 2514 4872 ῖλευτήσας
2553 4803 2671 4874 μὲν,
2702 4802 2932 4864 ἀναστὰς
2974 4800 3029 4857 δὲ
3059 4803 3103 4839 ⁸⁷
3135 4800 3243 4872 ἤδη
3280 4801 3338 4856 ἐκ
3367 4805 3564 4875 νεκρῶν
3595 4796 3854 4858 οὐδὲ-πω.

431 4900 639 4955 demus
662 4893 908 4961 Origeni,
933 4894 1034 4964 qui
1059 4894 1302 4947 formam
1327 4893 1648 4947 secundum
1675 4893 1876 4948 eadem
1898 4894 2047 4948 linea

2242 4891 2478 4944 ιὶταῦτα
2525 4889 2618 4945 ἵνα
2669 4889 2735 4960 δὴ
2770 4894 3218 4967 συγχωρήσωμεν
3271 4897 3350 4962 τῷ
3384 4890 3669 4967 Ὠριγένει,
3723 4894 3861 4945 καθ’

433 4995 626 5045 menta
659 4991 791 5058 post
837 4989 1081 5038 mortem
1113 4999 1145 5036 a
1193 4997 1430 5052 corpore
1476 4983 1823 5050 sejunctam,
1867 4983 2052 5037 anima

2249 4981 2341 5034 υτὸ
2372 4981 2433 5034 τὸ
2476 4977 2622 5043 εἶδος
2650 4978 2870 5055 λέγοντι
2917 4983 3052 5055 μετὰ
3083 4983 3184 5050 τὴν
3214 4979 3473 5047 τελευτὴν
3506 4981 3863 5057 ἀποζευγνῦ-

429 5077 589 5132 reddi
622 5076 783 5140 dicit,
815 5074 969 5144 quod
996 5071 1155 5127 nulla
1180 5087 1418 5143 prorsus
1456 5073 1674 5126 ratione
1707 5071 1827 5126 ﬁeri
1865 5077 2048 5144 potest

2240 5090 2343 5124 ενον
2392 5070 2497 5124 ἀπὸ
2544 5074 2644 5124 τοῦ
2717 5073 2974 5143 σώματος
3027 5074 3096 5143 τῇ
3153 5074 3308 5145 ψυχῇ
3375 5066 3647 5137 δίδοσθαι,
3715 5071 3859 5145 ὅπερ

430 5178 497 5218 eo
528 5164 680 5233 quod
713 5165 899 5216 forma
940 5160 1132 5216 carnis
1163 5159 1327 5230 prius
1360 5160 1418 5214 in
1463 5159 1907 5216 alterationihus
1947 5178 2044 5216 cor

2254 5158 2322 5213 τὶν
2385 5159 2626 5214 ἀπάντων
2683 5157 2948 5214 ἀδύνατον
2996 5161 3044 5195 ⁸⁸
3111 5164 3190 5230 τῷ
3263 5157 3735 5232 προαπόλλυσθαι
3800 5163 3873 5214 τὸ

427 5256 753 5320 rumpatur,
799 5249 1301 5319 quemadmodum
1335 5253 1390 5304 et
1443 5250 1630 5321 ﬁgura
1673 5250 1812 5305 fusae
1866 5256 2046 5304 statua

2244 5246 2332 5310 δος
2371 5253 2478 5303 τῶν
2533 5255 2746 5322 σαρκῶν
2785 5249 2838 5304 ἐν
2885 5255 3004 5311 ταῖς
3053 5247 3410 5314 ἀλλοιώσεσι,
3450 5249 3706 5320 καθάπερ
3767 5253 3863 5305 καὶ

1787 5378 2022 5434 VARUE
2067 5377 2468 5434 LECTlONES.

493 5483 544 5520 ⁸ο
575 5476 744 5629 ἔστέ]
779 5502 862 5536 σοι
897 5489 952 5538 Β.
1030 5483 1074 5520 δι
1132 5483 1158 5536 6
1191 5484 1327 5566 add.
1371 5493 1434 5540 Α.
1514 5487 1559 5520 ³³
1589 5484 1771 5559 ὥσπερ
1803 5484 1966 5559 ἐγγυᾷ
1994 5493 2058 5553 Α,
2120 5485 2193 5545 ὡς
2234 5489 2512 5560 παρεγγυᾷ
2553 5492 2589 5539 Β
2626 5503 2638 5542 :
2672 5481 2854 5559 ὥσπερ
2885 5483 3078 5561 ἐγγύας
3294 5483 3340 5519 ³³
3369 5489 3469 5551 τῆς
3513 5485 3733 5556 σαρκός
3773 5495 3814 5544 Β
3850 5507 3866 5544 :

493 5559 662 5629 prima
749 5594 762 5607 .
838 5555 884 5629 'f
904 5556 1011 5629 τῆς
1036 5588 1102 5629 —_
1133 5556 1321 5627 φυλῆς
1356 5565 1438 5611 ΑΒ
1475 5576 1486 5612 :
1519 5562 1585 5629 τῇ
1618 5593 1686 5600 -—
1715 5563 1868 5629 ψυχῇ
2062 5560 2108 5592 ⁸⁵
2140 5553 2194 5612 δὲ
2227 5565 2262 5611 Β
2301 5575 2312 5612 :
2360 5555 2426 5626 δή
2622 5558 2668 5593 θδ
2701 5559 2898 5615 malim
2927 5556 3144 5614 τούτου.
3221 5557 3264 5592 ⁸⁷
3298 5551 3356 5609 δὲ
3387 5571 3507 5612 om.
3544 5560 3610 5611 A.
3708 5558 3766 5593 ⁸³
3791 5580 3866 5619 ιο

428 5551 762 5632 ῗὲρκῶν,ςό
838 5555 886 5632 ⁸1
904 5556 1012 5632 τῆς
1036 5588 1102 5632 —_
1133 5555 1321 5627 ψυχῆς
1356 5565 1438 5611 ΑΒ
1475 5576 1486 5612 :
1519 5562 1585 5629 τῇ
1618 5593 1686 5600 -—
2049 5551 2108 5592 '35
2140 5553 2194 5612 ’δέ
2227 5565 2262 5611 Β
2301 5551 2321 5612 ε’
2360 5551 2433 5626 δ’τε·
2622 5558 2668 5593 οδ
2701 5551 2898 5615 malim
2925 5551 3149 5614 τούτουῖ
3221 5557 3264 5592 ⁸⁷
3298 5551 3356 5609 δὲ
3387 5571 3507 5612 om.
3544 5551 3610 5611 AL
3708 5558 3766 5593 88
3791 5580 3867 5619 an

427 5625 836 5686 ἀδὺνατώτανον
860 5625 888 5678 ‘I
913 5627 1013 5699 τῷ]
1042 5627 1105 5680 τό
1135 5625 1197 5684 B.
