4100 6242
253 417 408 480 1133

1303 411 1847 474 BIBLIOTHECA.
1892 444 1970 457 —
2011 413 2188 475 COD.
2232 413 2598 478 CCXXXIV.

3496 424 3654 486 1134

248 554 310 608 τὸ
351 558 546 630 σχῆμα
590 553 687 604 τοῦ
744 546 1228 623 συγχωνευομένου
1281 543 1596 621 ἀνδριάντος
1641 545 1746 620 πρὸ
1794 548 1892 614 τῆς

2012 551 2144 602 ante
2161 548 2337 604 totius
2357 551 2546 620 operis
2569 551 2950 608 solutionem:
2979 551 3230 625 qualitas
3247 557 3404 613 enim
3429 576 3460 614 a
3477 566 3656 618 mate-

250 641 555 702 διαλύσεως
585 643 682 694 τοῦ
712 637 868 706 ὅλου,
912 636 998 692 ὅτι
1041 639 1118 710 μὴ
1161 634 1380 690 δύναται
1425 635 1748 710 χωρίζεσθαι
1783 637 1902 690 καθ’

255 732 546 788 ὑπόστασιν
595 729 702 783 ἀπὸ
747 735 846 795 τῆς
898 725 1036 796 ὕλης
1077 729 1112 794 ἡ
1161 726 1416 796 ποιότης.
1453 725 1756 798 Χωρίζεται
1805 726 1898 798 μὲν

249 821 352 898 γὰρ
417 820 523 874 ἀπὸ
577 822 674 873 τοῦ
733 815 1044 892 ἀνδριάντος
1103 816 1464 890 χωνευθέντος
1530 817 1564 884 ἠ
1633 817 1752 889 περὶ
1821 819 1900 886 τῷ

250 897 452 984 χαλκῷ
503 907 688 984 μορφὴ
737 904 1134 981 ἀφανιζομένη,
1188 904 1252 957 οὗ
1305 905 1414 974 μὴν
1475 905 1754 979 ὑφεστῶσα
1819 897 1896 955 ἔτι

356 999 370 1020 ν
457 999 468 1016 ι
522 997 534 1014 ο
661 995 672 1018 ν
727 1016 760 1028 ,-
799 994 812 1012 \
849 991 870 1010 κ
999 991 1009 1011 Ι
1322 996 1347 1006 -ι
1515 991 1526 1008 r
1699 989 1714 1010 ι
1781 987 1836 1008 νῆ
1879 1010 1900 1024 ρ

251 1019 350 1054 κατ
411 1017 618 1053 ουσιαν.
676 1001 810 1052 Eua:
844 994 900 1048 οὶ
945 991 1158 1069 λεγεται
1189 990 1240 1046 ἐν
1281 1013 1362 1062 τῳ
1402 993 1614 1062 θανατῳ
1652 1012 1714 1046 το
1756 1003 1898 1050 eaeo.

249 1085 581 1163 χωρίζεσθαι
634 1083 740 1138 ἀπὸ
797 1090 894 1152 τῆς
947 1083 1166 1156 σαρκὸς,
1215 1081 1342 1158 φέρε
1395 1085 1458 1134 τὸ
1517 1079 1894 1153 χωριζόμενον

248 1179 510 1250 ποσαχῶς
561 1172 774 1248 λέγεται
821 1171 1152 1250 χωρίζεσθαι
1193 1169 1628 1244 ἕπισκεψώμεθα.
1673 1168 1897 1245 Λέγεται

245 1267 422 1320 τοίνυν
471 1262 804 1339 χωρίζεσθαί
833 1261 888 1316 τί
931 1261 1037 1314 ἀπό
1066 1281 1216 1321 τινος
1262 1261 1298 1330 ἢ
1333 1258 1572 1334 ἐνεργείᾳ
1619 1257 1708 1312 καὶ
1764 1259 1894 1313 ὑπο-

247 1353 450 1422 στάσει,
491 1355 526 1422 ἢ
579 1351 816 1422 ἐπινοίᾳ,
857 1349 892 1418 ἢ
934 1349 1174 1423 ἐνεργείᾳ
1217 1349 1336 1420 μὲν,
1380 1347 1442 1402 οὐ
1487 1349 1594 1420 μὴν
1631 1349 1720 1402 καὶ
1763 1347 1899 1402 ὑπο-

246 1443 450 1496 στάσει.
493 1443 581 1504 Ὡς
631 1439 676 1494 εἰ
709 1439 756 1476 ⁸⁹
807 1436 1012 1513 πυρούς
1057 1457 1143 1497 τις
1197 1435 1286 1490 καὶ
1339 1436 1530 1508 κριθάς
1592 1435 1900 1508 μεμιγμένα

245 1529 534 1608 χωρίσειεν
585 1529 676 1582 ἀπ’
723 1526 992 1597 ἀλλήλων
1029 1542 1042 1556 ’
1192 1525 1286 1596 μὲν
1347 1523 1448 1598 γάρ
1497 1523 1630 1577 κατά
1688 1521 1894 1592 κίνησιν

245 1619 566 1698 χωρίζεται,
617 1615 850 1689 ἐνεργείᾳ
907 1614 1142 1690 λέγεται,
1294 1611 1352 1667 δὲ
1408 1613 1745 1687 χωρισθέντα
1805 1612 1897 1688 ὑφ-

245 1710 468 1778 έστηκεν
551 1705 838 1761 ὑποστάσει
921 1703 1136 1778 λέγεται
1221 1703 1579 1778 κεχωρίσθαι,
1649 1702 1896 1771 Ἐπινοίᾳ

247 1796 326 1866 δὲ,
383 1797 510 1852 ὅταν
565 1797 664 1864 τήν
707 1795 843 1864 ὕλην
889 1795 996 1849 ἀπὸ
1045 1797 1152 1848 τῶν
1203 1794 1520 1862 ποιοτήτων
1569 1791 1896 1866 χωρίζωμεν

2013 637 2097 692 ria
2127 640 2448 694 secundum
2495 641 2832 712 hypostasin
2864 649 3168 714 separatur
3199 647 3434 716 quidem
3463 667 3496 704 a
3528 651 3656 706 fusa

2011 731 2226 796 statua,
2259 729 2440 782 forma
2471 727 2528 784 in
2563 745 2674 784 aire
2705 729 2912 798 deleta,
2957 733 3054 786 sed
3092 749 3218 804 qua:
3251 750 3366 789 non
3401 736 3654 807 amplius

2010 816 2334 872 secundum
2360 817 2754 874 substantiam
2787 819 3089 875 subsistat.
3123 822 3267 886 Quia
3301 838 3435 878 vero
3471 825 3658 882 forma

2010 923 2042 960 a
2073 922 2246 962 carne
2277 908 2336 960 in
2363 913 2544 962 morte
2573 909 2838 964 recedere
2869 910 3100 978 dicitur,
3130 927 3236 983 age
3257 916 3549 984 quomodo
3573 933 3660 972 re-

2009 995 2175 1050 cedat
2203 995 2528 1052 videamus.
2553 999 2815 1069 Separari
2850 999 3070 1069 aliquid
3101 1002 3173 1056 ab
3205 1003 3400 1073 aliquo
3439 1005 3662 1062 dicitur

2007 1087 2108 1138 aut
2137 1083 2288 1139 facto
2318 1089 2373 1139 et
2404 1086 2814 1158 subsistentia,
2847 1093 2946 1144 aut
2977 1090 3346 1161 cogitatione,
3382 1098 3483 1148 aut
3507 1095 3654 1150 facto

2009 1171 2246 1244 quidem
2293 1189 2392 1229 seu
2445 1177 2800 1246 operatione,
2845 1179 2946 1232 sed
2991 1195 3104 1234 non
3139 1180 3476 1252 bypostasi:
3513 1190 3574 1238 ut
3602 1184 3652 1239 si

2007 1263 2139 1332 quis
2167 1262 2426 1318 triticum
2460 1269 2516 1320 et
2545 1264 2830 1321 hordeum
2879 1267 3053 1322 mista
3088 1269 3238 1324 inter
3267 1287 3330 1326 se
3368 1277 3650 1329 secernat.

2007 1352 2308 1418 Quatenus
2338 1352 2494 1408 enim
2527 1356 2852 1410 secundum
2889 1362 3115 1412 motum
3149 1360 3494 1427 secernitur,
3517 1377 3654 1434 ope-

2007 1440 2156 1495 ratio
2185 1441 2770 1513 dicitur;-quatenus
2817 1461 2948 1501 vero
2988 1451 3210 1502 secreta
3241 1465 3344 1520 per
3371 1467 3432 1504 se
3456 1451 3654 1508 subsi-

2007 1533 2190 1596 stunt,
2225 1529 2524 1602 hypostasi
2563 1532 2752 1590 divisa
2793 1535 3090 1592 dicuntur.
3123 1538 3488 1608 Cogitatione
3519 1557 3652 1597 vero

2007 1637 2108 1676 seu
2134 1621 2378 1687 ratione,
2403 1624 2635 1693 quando
2661 1625 2962 1680 materiam
2987 1643 3018 1681 a
3041 1626 3428 1697 qualitatibus
3453 1630 3656 1686 distin-

2007 1711 2260 1780 guimus,
2283 1717 2338 1767 et
2359 1713 2666 1783 qualitates
2698 1731 2730 1769 a
2765 1717 3024 1770 materia.
3051 1716 3396 1787 Operatione
3417 1723 3648 1776 tantum

2007 1807 2060 1854 et
2091 1817 2204 1856 non
2235 1802 2554 1874 hypostasi,
2579 1820 2712 1860 cum
2737 1811 3070 1874 separatum
3105 1806 3322 1878 aliquid
3351 1809 3422 1864 ab
3453 1810 3650 1880 aliquo

245 1887 469 1948 καὶτὰς
523 1885 821 1953 ποιότητας
877 1884 982 1938 ἀπὸ
1025 1889 1126 1952 τῆς
1174 1881 1335 1952 ὕλης.
1387 1882 1658 1956 Ἐνεργείᾳ
1705 1878 1782 1948 δὲ,
1834 1881 1894 1934 οὐ

2010 1906 2118 1945 non
2152 1893 2405 1962 amplius
2439 1893 2632 1960 fuerit,
2658 1895 3001 1950 substantiae
3037 1896 3372 1968 bypostasin
3405 1915 3520 1954 non
3549 1878 3650 1954 ba-

249 1979 357 2051 μήν
416 1974 506 2030 καὶ
568 1973 880 2042 ὑποστάσει,
950 1973 1074 2026 ὅταν
1143 1973 1411 2046 χωρισθὲν
1477 1993 1528 2026 τι
1587 1970 1692 2026 ἀπό
1751 1991 1894 2031 τινος

249 2063 442 2138 μηκὲτι
499 2063 764 2136 ὑπάρχοι,
823 2061 1116 2116 ὑπόστασιν
1165 2059 1350 2120 οὐσίας
1401 2059 1500 2114 οὐκ
1535 2055 1688 2132 ἔχον.
1731 2059 1894 2127 Γνοίη

243 2153 292 2209 δ’
323 2155 380 2208 ἀν
412 2174 496 2216 τις
523 2151 612 2206 καὶ
642 2149 694 2204 ἐν
723 2155 843 2210 τοῖς
874 2151 1378 2227 χειροτεχνήμασιν
1409 2149 1483 2210 ὡς
1515 2145 1896 2222 ἔχει,ἀνδριάν-

239 2265 308 2300 τα
341 2241 470 2298 ἰδὼν
499 2243 534 2310 ἢ
593 2239 767 2296 *ίππον
827 2240 1098 2314 γαλκοῦν.
1157 2244 1336 2296 Ταῦτα
1385 2241 1492 2314 γὰρ
1541 2237 1897 2314 λογιζόμενος

245 2329 436 2407 ὄψεται
490 2333 590 2400 τήν
649 2323 891 2408 ἔμφυτον
953 2329 1168 2406 μόρφήν
1230 2325 1647 2398 διαλλάττοντα,
1707 2329 1782 2388 εἰς
1839 2323 1896 2382 δὲ

245 2423 428 2496 ὶτὲραν
491 2420 614 2493 ὅψιν
678 2418 1040 2492 μεθιστάμενα
1100 2419 1184 2492 ὑφ’
1251 2420 1320 2484 ἧς
1381 2417 1444 2471 τὸ
1504 2415 1894 2490 ξυγγενόμενον

246 2511 390 2572 εἶδος
425 2512 760 2588 ἀφανίζεται.
811 2508 870 2564 Εἰ
919 2509 1020 2584 γάρ
1077 2529 1160 2569 τις
1205 2509 1272 2562 τὰ
1329 2506 1456 2580 ἔργα
1493 2505 1559 2560 τὰ
1613 2527 1892 2583 σχηματι-

249 2601 450 2674 ζόμενα
481 2600 556 2662 εἰς
587 2597 730 2660 εἶδος
759 2599 1048 2672 ἀνθρώπου
1079 2598 1112 2666 ἢ
1138 2595 1317 2650 ’ίππου
1359 2597 1634 2664 συντήκοι,
1677 2595 1896 2668 εὑρήσει

244 2693 306 2746 τὸ
342 2693 438 2764 μὲν
488 2694 586 2745 τοῦ
635 2689 924 2764 σχήματος
976 2684 1117 2747 εἶδος
1168 2685 1586 2763 ἀφανιζόμενον,
1619 2683 1786 2752 αὐτὴν
1839 2681 1896 2738 δε

248 2783 346 2850 τήν
391 2778 530 2850 ὕλην
591 2777 873 2852 μένουσαν,
931 2779 1090 2832 ’Ὠστε
1147 2775 1442 2830 ἀσύστατον
1499 2777 1562 2830 τὸ
1611 2773 1790 2848 λέγειν
1835 2775 1896 2828 τὸ

251 2872 344 2944 μὲν
383 2868 526 2930 εἶδος
564 2868 874 2924 ἀνίστασθαι
915 2868 1315 2940 ἠμαυρωμένον
1361 2863 1556 2938 μηδὲν,
1595 2865 1658 2918 τὸ
1701 2862 1757 2917 δὲ
1799 2869 1899 2917 σῶ-

251 2983 346 3034 μα,
378 2959 432 3016 ἐν
464 2961 510 3030 ᾧ
539 2959 606 3027 ἦν
663 2959 726 3012 τὸ
758 2955 899 3019 εἶδος
959 2957 1419 3028 ἐντετυπωμένον,
1471 2953 1894 3032 διαφθείρεσθαι.

247 3049 424 3108 Ἀλλά
452 3048 559 3118 ναὶ,
600 3047 762 3125 φησίν
795 3066 808 3080 ·
851 3046 902 3100 ἐν
947 3051 1298 3118 πνευματικῷ
1327 3047 1429 3122 γὰρ
1477 3045 1896 3116 μετατεθήσεται

245 3140 480 3213 σώματι.
513 3139 722 3196 Οὐκοῦν
751 3136 954 3209 ἀνάγκη
996 3137 1056 3190 τὸ
1089 3137 1181 3208 μὲν
1214 3133 1357 3196 εἶδος
1403 3133 1554 3196 ἰδίως
1595 3131 1894 3208 ὁμολογεῖν

243 3231 374 3286 αὐτὸ
431 3229 494 3284 τὸ
551 3233 764 3304 πρῶτον
819 3229 894 3300 μὴ
955 3225 1394 3298 ἂνίστασθαι,τῷ
1447 3209 1962 3296 συνηλλοιῶσθαιο

243 3321 374 3376 αὐτὸ
427 3321 727 3393 συμφθῖνον
767 3321 836 3392 τῇ
886 3318 1066 3392 σαρκί.
1117 3315 1220 3376 Κᾶν
1271 3316 1375 3391 γὰρ
1434 3315 1484 3370 ἐν
1540 3319 1890 3388 πνευματικῷ

249 3410 604 3486 μεταπλασθῇ
637 3409 876 3482 σώματι,
917 3407 1050 3462 αὐτὸ
1093 3409 1188 3482 μὲν
1228 3405 1379 3470 ἰδίως
1407 3409 1469 3462 τὸ
1500 3412 1716 3483 πρῶτον
1753 3410 1890 3464 ὑπο-

247 3501 498 3572 κείμενον
532 3497 703 3554 ἐκεῖνο
735 3496 836 3552 οὐκ
873 3495 1020 3552 ἔσται
1051 3497 1118 3568 ⁹⁰,
1169 3498 1434 3570 ὁμοιότης
1467 3495 1524 3552 δέ
1561 3519 1644 3560 τις
1685 3499 1889 3553 ἐκείνου

249 3589 302 3644 ἐν
349 3588 678 3659 λεπτομερεῖ
727 3585 1208 3658 μεταπεπλαιμένη
1261 3586 1494 3660 σώματι.
1539 3587 1598 3642 Ei
1647 3585 1704 3642 δὶ
1753 3591 1893 3660 μήτε

248 3679 312 3736 τὸ
345 3675 490 3739 εἶδος
521 3677 584 3730 τὸ
613 3677 746 3730 αὐτὸ
780 3678 918 3750 μήτε
945 3676 1010 3731 τὸ
1041 3681 1201 3750 σῶμα
1234 3677 1532 3744 ἀνίσταται,
1559 3675 1686 3732 ἀλλ’
1713 3675 1893 3750 ἕτερον

250 3767 368 3822 ἀντὶ
396 3769 494 3821 τοῦ
524 3764 792 3840 προτέρου
829 3767 920 3836 (τὸ
952 3765 1054 3842 γάρ
1086 3763 1280 3838 ὅμοιον
1306 3764 1489 3842 ἕτερον
1519 3771 1614 3820 τοῦ
1646 3768 1774 3839 [492
1805 3769 1896 3838 Η.]

250 3857 444 3912 ἑαυτοῦ
500 3853 700 3926 ὅμοιοι)
757 3851 1022 3926 ὃν),αὐτὸ
1063 3852 1232 3910 ἐκεῖνο
1289 3855 1350 3908 τὸ
1408 3859 1644 3928 πρῶτον,
1702 3854 1838 3930 πρὸς
1869 3855 1898 3909 ὃ

250 3945 486 4021 ἐγένετο,
520 3944 658 3998 εἶναι
699 3943 760 3998 οὐ
793 3939 1036 4000 δύναται.

317 4035 444 4092 Ὀτι
486 4031 626 4095 εἶδός
673 4054 834 4110 φησιν
873 4033 1010 4088 εἶναι
1057 4034 1120 4088 τὸ
1167 4034 1266 4102 τήν
1306 4031 1608 4101 ταυτότητά
1647 4037 1755 4086 τῶν
1804 4051 1898 4104 με·

247 4123 360 4179 λῶν
399 4123 450 4178 ἐν
509 4127 590 4194 τῷ
623 4129 932 4198 χαρακτῆρι
987 4129 1090 4192 τῆς
1149 4129 1366 4202 μορφῆς
1426 4123 1648 4178 ἑκάστου
1701 4119 1900 4200 ἐμφαῖ-

248 4234 366 4270 νον.

319 4305 450 4378 [929
501 4305 594 4375 8.]
651 4305 772 4357 Ὅτι
809 4303 872 4357 τὸ
927 4303 1074 4376 παρά
1129 4306 1224 4357 τοῦ
1283 4305 1568 4380 προφήτου
1637 4299 1899 4372 Ἰεζεκιήλ

243 4394 504 4462 περὶτῆς
563 4391 900 4454 ἀναστάσεως
957 4396 1062 4446 τῶν
1119 4397 1324 4468 νεκρῶν
1385 4391 1551 4466 ῥητὸν
1613 4391 1900 4464 εἰρημένον

242 4487 344 4538 τοῦ
383 4483 696 4558 Ὠριγὲνους
753 4479 1224 4556 ἀλληγοροῦντος,
1259 4481 1350 4536 καὶ
1400 4481 1474 4542 εἷς
1525 4482 1624 4549 τήν
1682 4487 1791 4536 τῶν
1825 4481 1900 4542 εἷς

243 4567 550 4630 Βαϐυλῶνα
605 4570 1164 4646 αἰχμαλωτισθέντων
1225 4569 1583 4646 Ἰσραηλιτῶν
1641 4567 1900 4626 ἐπάνοδον

245 4658 640 4736 ἐκϐιαζομένου
701 4659 972 4734 εἷρῆσθαι,
1053 4659 1354 4735 ἐξελέγχων
1429 4663 1562 4734 μετά
1627 4659 1813 4714 πολλά
1872 4661 1900 4714 ὁ

245 4751 402 4824 ἅγιος
429 4751 522 4806 καὶ
581 4749 742 4805 τοῦτό
782 4771 944 4825 φησιν
981 4770 993 4782 ·
1057 4747 1197 4807 Οὖδὶ
1235 4751 1336 4826 γὰρ
1396 4747 1522 4805 οὐδὲ
1559 4749 1708 4804 αὐτοὶ
1765 4751 1901 4820 πρὸς

241 4839 558 4914 ἐλευθερίαν
630 4839 934 4916 ἀνέσιρηλαν
994 4839 1256 4914 καθαρὰν,
1325 4837 1450 4894 οὐδὲ
1513 4843 1620 4894 τῶν
1685 4839 1900 4913 ἐχθρῶν

241 4931 754 5004 κατακρατήσαντες
841 4929 1381 5002 ἐξουσιαστικώτερον
1483 4929 1804 5000 κατῴκησαν
1857 4931 1900 4964 ⁹ι

239 5023 346 5090 τήν
383 5015 772 5093 Ἰερουσαλήμ.
809 5015 1063 5094 Εἷίργοντο
1093 5021 1222 5092 γοῦν
1255 5018 1356 5072 ὑπὸ
1381 5023 1490 5073 τῶν
1521 5017 1834 5076 ἀλλοεθνῶν
1855 5020 1901 5054 ⁸³

239 5109 522 5170 πολλάκις
549 5103 920 5180 οἰκοδομῆσαι
952 5107 1276 5176 θελήσαντες
1297 5107 1388 5162 τὸν
1418 5108 1541 5162 ναόν
1573 5107 1641 5143 9²⁶
1676 5107 1794 5161 ὅθεν
1815 5107 1902 5160 καὶ

237 5199 296 5255 ἐν
337 5203 392 5272 μ’
448 5196 607 5252 αὐτὸν
663 5197 754 5251 καὶ
805 5191 1014 5261 ς’ἕτεςι
1080 5195 1246 5270 μόλις
1309 5193 1653 5267 ἠδυνήθησαν
1711 5194 1898 5266 δείμα-

239 5289 398 5354 σθαι,
461 5291 560 5341 τοῦ
615 5285 982 5358 Σολομῶντος
1014 5285 1059 5322 ⁹⁴
1087 5285 1140 5339 ἐν
1173 5283 1420 5342 ἑπταετεῖ
1449 5285 1634 5362 χρόνῳ
1662 5285 1722 5340 ὲκ
1751 5287 1904 5358 θεμε-

323 5435 346 5461 e
377 5417 582 5474 Ezech.
617 5433 832 5487 xxxvu,
867 5418 890 5472 1
921 5431 1082 5488 seqq.

2008 1977 2170 2032 bens.
2205 1978 2494 2050 lntelligat
2514 1987 2708 2036 autem
2732 1982 3026 2051 quispiam
3055 1982 3164 2038 hoc
3185 1985 3360 2040 etiam
3387 1985 3446 2040 in
3480 1987 3654 2042 rebus

2011 2066 2340 2134 mecanicis,
2383 2070 2676 2139 quomodo
2709 2086 2772 2124 se
2809 2069 3038 2138 habeat,
3071 2071 3118 2125 si
3159 2077 3412 2128 statuam
3443 2074 3650 2141 videat,

2005 2169 2104 2218 aut
2131 2177 2348 2234 equum
2379 2179 2448 2218 ex
2475 2179 2584 2220 cere
2615 2165 2826 2220 fusum.
2865 2165 2994 2220 Haec
3034 2166 3190 2222 enim
3223 2167 3651 2236 contemplatus

2003 2252 2223 2306 videbit
2245 2252 2568 2308 naturalem
2595 2254 2842 2309 formam
2867 2255 2925 2310 in
2949 2253 3040 2310 his
3063 2255 3296 2324 mutari,
3322 2263 3376 2312 et
3393 2257 3452 2312 in
3474 2257 3649 2312 aliam

2005 2341 2252 2412 figuram
2287 2345 2508 2396 mutata
2559 2342 2990 2412 transformari,
3039 2361 3074 2400 a
3101 2361 3220 2416 qua
3263 2345 3422 2416 prior
3469 2347 3654 2402 forma

2004 2431 2286 2486 naturalis
2317 2433 2562 2488 deletur.
2599 2433 2824 2490 Etenim
2855 2433 2904 2489 si
2939 2433 3070 2504 quis
3101 2436 3266 2504 signa
3295 2435 3354 2489 in
3389 2435 3651 2492 hominis

2004 2525 2106 2576 aut
2149 2521 2336 2576 300b
2367 2523 2502 2592 equi
2553 2519 2796 2592 ﬁguram
2847 2523 3102 2592 efﬁgiata
3151 2523 3399 2594 collique
3447 2525 3650 2593 faciat;

2005 2609 2206 2681 ﬁgurae
2237 2611 2484 2666 formam
2533 2610 2750 2666 videbit
2791 2611 3158 2679 exstinctam,
3191 2611 3490 2667 materiam
3525 2629 3650 2666 ma-

2005 2714 2160 2754 nere.
2181 2698 2382 2768 Itaque
2403 2699 2620 2752 absurd
2633 2713 2726 2752 um
2747 2703 2832 2754 est
2847 2699 3136 2754 affirmare
3157 2701 3398 2756 formam
3421 2701 3653 2771 quidem

2006 2803 2378 2858 nequaquam
2404 2791 2740 2858 corruptam
2765 2803 3088 2858 resurgere,
3107 2803 3322 2859 corpus
3353 2797 3566 2860 autem,
3590 2789 3654 2845 in

2005 2892 2120 2946 quo
2155 2876 2340 2930 forma
2371 2875 2662 2946 descripta
2692 2879 2782 2930 est
2812 2876 3128 2948 corrumpi.
3160 2877 3335 2948 Atqui
3365 2894 3528 2942 sane,
3563 2880 3654 2934 in-

2005 2967 2152 3040 quit,
2187 2967 2244 3020 in
2279 2966 2578 3037 spirituale
2621 2967 3006 3022 transferetur
3043 2983 3268 3037 corpus.
3301 2968 3450 3040 Ergo
3483 2969 3650 3024 fateri

2005 3071 2238 3114 necesse
2268 3061 2356 3111 est
2385 3057 2650 3112 eamdem
2684 3057 2916 3128 proprie
2953 3057 3200 3112 formam
3245 3057 3492 3128 primam
3533 3073 3649 3113 non

2004 3161 2328 3216 resurgere,
2375 3161 2441 3200 eo
2479 3146 2634 3216 quod
2681 3146 2854 3200 simul
2903 3149 3130 3202 mutata
3173 3150 3229 3201 et
3269 3161 3546 3216 corporea
3577 3147 3652 3201 sit

2003 3252 2132 3292 cum
2165 3250 2420 3306 corpore.
2449 3234 2568 3290 Etsi
2600 3235 2754 3290 enim
2789 3235 2848 3289 in
2881 3234 3187 3304 spirituale
3215 3250 3427 3304 corpus
3458 3237 3648 3289 trans-

2001 3327 2119 3381 lata
2150 3327 2257 3380 sit:
2291 3325 2420 3396 ipsa
2461 3329 2653 3380 tamen
2686 3325 2888 3380 eadem
2923 3340 3038 3378 non
3087 3324 3200 3379 erit
3229 3323 3484 3394 primum
3519 3339 3654 3394 pro-

2001 3415 2124 3488 prie
2153 3415 2480 3486 subjectum
2507 3415 2680 3485 [quod
2715 3417 2846 3468 ante
2879 3413 3032 3484 fuit],
3065 3414 3162 3468 sed
3197 3413 3462 3484 quadam
3485 3412 3656 3468 illius-

2001 3504 2060 3558 in
2082 3503 2280 3560 subtili
2304 3521 2540 3576 corpore
2561 3503 2974 3559 transformata
2995 3501 3344 3558 similitudo.
3371 3502 3428 3557 Si
3449 3507 3646 3558 autem

2003 3610 2120 3648 non
2151 3594 2350 3648 eadem
2378 3594 2580 3660 forma,
2607 3608 2788 3662 neque
2815 3593 2970 3646 idem
3002 3607 3213 3660 corpus
3239 3591 3516 3662 resurgit,
3540 3591 3644 3646 sed

2005 3683 2158 3738 aliud
2193 3699 2296 3753 pro
2327 3682 2470 3737 alio:
2503 3681 2696 3736 simile
2717 3683 2872 3736 enim
2905 3681 3152 3735 alterum
3177 3679 3368 3734 simile
3398 3679 3508 3734 sibi
3529 3683 3652 3734 est:

2005 3770 2148 3826 illud
2179 3771 2396 3839 ipsum,
2437 3771 2509 3824 ad
2541 3771 2712 3840 cujus
2760 3769 3096 3840 exemplum
3128 3769 3346 3824 factum
3379 3771 3490 3834 est,
3522 3766 3649 3822 fieri

2007 3876 2122 3915 non
2155 3863 2366 3931 potest.

2081 4043 2348 4097 Formam
2381 4041 2462 4095 ait
2481 4055 2610 4096 esse
2635 4039 2718 4107 id,
2740 4041 2892 4111 quod
2923 4039 2984 4096 in
3017 4041 3206 4112 ﬁgura
3237 4041 3436 4096 forms:
3455 4039 3654 4096 unius-

2011 4131 2318 4202 cujusque,
2353 4127 2742 4184 membrorum
2775 4128 3138 4184 identitatem
3168 4129 3422 4184 exhibet.

2083 4307 2342 4363 Verbum
2391 4307 2544 4378 quod
2591 4307 2736 4362 dixit
2787 4306 3072 4379 propheta
3103 4305 3362 4362 Ezechiel
3395 4307 3466 4362 de
3497 4321 3656 4362 mor-

2010 4403 2246 4453 tuorum
2289 4396 2710 4452 resurrectione
2741 4410 2763 4436 ο
2793 4395 3072 4467 Origenes
3116 4393 3428 4468 allegorice
3471 4395 3654 4452 inter.

2013 4491 2272 4558 pretatus
2326 4489 2433 4552 est,
2494 4489 2548 4542 et
2606 4487 2676 4540 ad
2745 4485 3142 4542 Israelitarum
3201 4501 3272 4542 ex
3327 4487 3656 4554 captivitate

2011 4574 2358 4646 Babylonica
2389 4576 2638 4630 reditum
2682 4574 2850 4646 quasi
2891 4591 2992 4646 per
3031 4575 3146 4630 vim
3181 4574 3448 4640 detorsit,
3480 4587 3652 4645 quem

2013 4669 2142 4736 post
2175 4665 2350 4719 multa
2381 4671 2622 4720 sanctus
2653 4663 2980 4719 Methodius
3002 4679 3322 4733 eoarguens
3355 4661 3464 4718 hoc
3487 4663 3656 4717 dicit:

2015 4759 2212 4824 Neque
2241 4753 2428 4808 Judaei
2474 4753 2704 4823 plenam
2749 4753 3160 4822 sinceramque
3201 4751 3532 4806 libertatem
3566 4767 3658 4804 as-

2014 4841 2196 4896 secuti
2227 4847 2386 4904 sunt,
2439 4857 2625 4913 neque
2671 4841 2940 4896 hostibus
2980 4839 3218 4896 devictis
3265 4839 3471 4910 majori
3521 4853 3656 4893 cum

2017 4934 2302 5002 potestate
2369 4931 2820 5002 Hierosolymam
2883 4929 3272 4985 incoluerunt.
3333 4929 3451 4984 lmo
3507 4943 3662 4998 saepe

2013 5037 2146 5075 cum
2182 5021 2506 5074 instaurare
2529 5021 2728 5074 urbem
2763 5025 3136 5084 conarentur,
3166 5020 3238 5073 ab
3265 5017 3397 5073 aliis
3428 5015 3664 5088 populis

2012 5117 2153 5166 sunt
2185 5109 2470 5180 impediti.
2523 5108 2684 5164 Unde
2727 5114 2784 5164 et
2813 5109 2964 5163 intra
3006 5107 3392 5179 quadraginta
3423 5122 3524 5162 sex
3553 5123 3661 5162 an-

2015 5216 2120 5254 nos
2149 5199 2245 5254 vix
2274 5197 2562 5270 templum
2606 5197 2999 5266 absolverunt,
3043 5213 3177 5252 cum
3211 5196 3354 5251 illud
3387 5195 3658 5252 Salomon

2014 5295 2238 5360 septem
2271 5288 2440 5342 annis
2471 5287 2542 5344 ab
2575 5287 2714 5358 ipsis
2746 5287 3140 5343 fundamentis
3179 5286 3491 5344 excitatum
3525 5301 3662 5357 per-

1609 5541 1848 5599 VARI/E
1887 5541 2298 5598 LECTIONES.

327 5667 386 5752 3°.
407 5667 482 5730 ὡς
512 5665 566 5752 εξ
593 5683 726 5752 ραι..
761 5673 964 5752 pr._‘A‘,
1015 5667 1058 5722 εἰ
1100 5667 1312 5752 σεξλ-’Βξ
1416 5667 1444 5746 ξ

247 5743 304 5780 ⁹⁸
333 5739 430 5800 τὸν
459 5737 614 5812 ναόν]
654 5736 786 5798 libri
819 5736 1064 5814 μᾶλλον.
1139 5741 1184 5776 ⁸⁸
1211 5736 1544 5813 Σολομῶνος
1579 5742 1693 5798 ΑΒ.

1425 5667 1472 5738 ξθ
1507 5665 1608 5720 οὐκ
1656 5663 1824 5738 ἔσται]
1875 5663 1986 5738 οὐχ
2033 5669 2138 5721 ΑΒ.

2246 5665 2288 5700 ⁹¹
2329 5663 2634 5736 κατῴκισαν
2668 5665 2728 5740 ς’
2737 5709 2748 5722 .
2853 5667 2900 5702 ⁸³
2937 5670 3046 5720 τῶν
3096 5665 3281 5724 ἄλλων
3340 5665 3502 5722 ἐθνῶν
3543 5667 3662 5726 ΑΒ.
