4100 6242
267 361 421 423 H37

1344 360 1885 425 BIBLIOTHECA.
1929 391 2008 405 -
2051 363 2224 424 COD.
2273 363 2608 426 CCXXXV.

3517 358 3671 421 H38

271 493 378 548 ὑπὸ
435 491 640 566 ἀλόγου
698 490 761 546 οὗ
816 489 1143 567 παρείλκετο
1212 492 1358 558 ὅλως
1425 495 1736 569 ἐπιθυμίας,
1794 493 1918 552 οὐδὲ

2051 513 2146 568 [ue
2176 513 2352 554 sensu
2386 496 2505 553 ullo
2532 497 2642 553 fuit
2669 500 2846 565 tacta,
2878 497 3036 569 (nam
3082 495 3489 568 incorporeum
3522 509 3671 565 quo—-

272 577 758 657 συμμετεϐἀλλετο
806 581 1069 658 ἀλγοῦντι
1118 584 1209 640 καὶ
1258 586 1534 664 πάσχοντι
1579 591 1658 658 τῷ
1704 586 1918 660 σώματι

2051 588 2202 643 nodo
2233 587 2494 658 corporis
2525 603 2723 654 sensu,
2747 593 2846 642 aut
2867 601 3078 658 corpus
3109 583 3432 655 incorporei
3467 581 3674 639 affectu

272 671 585 746 (ἀσώματον
635 671 738 747 γὰρ
798 674 1012 745 σώματι
1073 673 1108 742 ἢ
1170 679 1330 748 σῶμα
1387 675 1660 749 ἀσωμάτῳ
1719 674 1817 731 οὒκ
1859 673 1918 731 ἄν

2053 682 2302 750 angatur
2327 677 2372 742 7)
2406 675 2674 748 sequitur
2724 675 3135 731 convenienter
3166 672 3458 746 praedictis
3493 676 3554 727 ut
3583 671 3675 726 in-

269 781 402 817 ποτε
457 764 774 836 συμπάθει),
835 763 900 832 ἦν
935 765 977 800 ¹⁵
1049 763 1110 818 ἂν
1169 764 1462 838 ἀσώματον
1534 763 1679 835 δόξαι
1759 765 1924 836 αὐτὴν

269 850 590 914 ἀκολούθως
643 857 760 915 τοῖς
816 851 1150 927 εἰρημένοις.
1213 853 1274 910 Et
1353 852 1409 910 δὲ
1470 855 1789 929 συμπάσχοι
1845 859 1926 927 τῷ

271 942 510 1014 σώματι,
558 941 799 1016 καθάπερ
845 943 934 997 καὶ
988 940 1076 997 διὰ
1127 951 1227 1013 τῆς
1288 941 1776 1018 ἐπιμαρτυρήσεώς
1819 950 1926 999 τῶν

271 1029 616 1111 φαινομένων
667 1027 1071 1104 ἀποδείκνυται,
1130 1034 1422 1106 ἀσώματος
1473 1033 1603 1089 εἶναι
1659 1034 1721 1089 οὐ
1769 1031 1926 1089 δύνα-

273 1139 382 1179 ται.
416 1123 481 1176 Ἦ
529 1123 658 1196 γοῦν
707 1121 972 1196 ἀγένητος
1004 1125 1049 1160 ¹⁶
1079 1123 1165 1177 καὶ
1206 1121 1462 1193 ἀνενδεὴς
1509 1124 1597 1178 καὶ
1647 1124 1928 1198 ἀκάματος

276 1210 433 1288 φύσις
484 1211 512 1264 ὁ
571 1210 702 1272 Θεὸς
753 1211 920 1284 μόνος
967 1208 1174 1282 ᾄδεται,
1225 1212 1520 1286 ἀσώματος
1565 1211 1662 1280 ὢν,
1715 1211 1928 1268 διὸκαὶ

277 1299 526 1376 ἀόρατος·
561 1299 692 1355 Θεὸν
724 1301 830 1374 γὰρ
863 1298 1039 1363 οὐδεὶς
1073 1300 1325 1376 ἑώρακεν.
1352 1302 1420 1359 Αἱ
1453 1299 1510 1357 δὲ
1540 1305 1714 1377 ψυχαὶ
1748 1302 1851 1358 ὑπὸ
1884 1303 1930 1338 ¹⁷

278 1393 376 1444 τοῦ
407 1393 754 1463 Δημιουργοῦ
790 1390 882 1444 καὶ
933 1391 1141 1465 Πατρὸς
1172 1396 1280 1446 τῶν
1327 1391 1497 1463 ὅλων,
1542 1391 1768 1464 σώματα
1815 1413 1930 1448 νοε-

279 1479 348 1554 ρὰ
379 1479 743 1555 ὑπάρχουσαι,
789 1479 865 1541 εἰς
898 1478 1047 1555 λόγῳ
1077 1482 1330 1556 θεωρητά
1365 1480 1506 1554 μέλη
1542 1479 1932 1556 ὃιάκεκόσμην-

277 1588 390 1638 ται,
438 1567 640 1637 ταύτην
691 1564 959 1624 λαϐοῦσαι
989 1571 1090 1639 τὴν
1143 1567 1495 1630 διατύπωσιν.
1528 1573 1686 1626 Ὅθεν
1736 1571 1827 1627 καὶ
1877 1570 1929 1626 ἐν

278 1661 358 1730 τῷ
387 1653 516 1731 ᾅδῃ,
546 1658 785 1732 καθάπερ
821 1659 908 1713 καὶ
948 1657 1037 1713 ἐπὶ
1068 1664 1165 1714 τοῦ
1197 1662 1449 1736 Λαζάρου
1488 1661 1580 1715 καὶ
1609 1665 1705 1716 τοῦ
1745 1658 1930 1716 πλου-

281 1745 426 1813 σίου,
454 1745 543 1801 καὶ
591 1747 845 1823 γλῶσσαν
893 1747 982 1802 καὶ
1034 1746 1302 1805 δάκτυλον
1347 1751 1433 1804 καὶ
1484 1749 1551 1804 τὰ
1594 1747 1738 1804 ἄλλα
1786 1749 1929 1822 μὲλη

283 1836 632 1910 ἱστοροῦνται
661 1830 830 1910 ἔχειν,
867 1837 976 1912 οὐχ
1017 1839 1092 1902 ὡς
1138 1840 1392 1912 σώματος
1440 1839 1624 1914 ὲτὲρου
1669 1839 1938 1915 συνυπάρο

288 1942 488 2001 χοντος
521 1923 708 1989 αὐταῖς
737 1923 973 1995 ἀειδοῦς,
1015 1925 1142 1982 ἀλλ’
1183 1928 1266 1981 ὅτι
1304 1927 1460 1982 αὐταὶ
1493 1930 1536 1964 ¹⁸
1567 1927 1720 2004 φύσει
1752 1929 1806 1983 αἱ
1835 1931 1936 2002 ψυ·

280 2014 405 2091 χαὶ,
457 2015 662 2079 παντὸς
700 2016 1177 2090 ἀπογυμνωθεῖσαι
1225 2011 1661 2092 περιϐλήματος,
1692 2021 1938 2073 τοιαῦται

283 2104 420 2160 κατὰ
448 2105 548 2175 τὴν
578 2104 765 2161 οὐσίαν
799 2105 1157 2181 ὑπάρχουσιν.

358 2196 478 2249 ’Ότι
509 2193 674 2271 φησὶν
704 2195 732 2249 ὁ
758 2195 911 2271 ἅγιος
944 2193 996 2250 ἕν
1025 2193 1196 2264 τὲλει,
1227 2198 1387 2252 Ὥστε
1433 2197 1516 2267 τὸ,
1559 2197 1655 2252 Διὰ
1701 2200 1862 2252 τοῦτο
1895 2197 1939 2234 ¹⁹

279 2283 510 2359 Χριστὸς
590 2284 840 2353 ἀπέθανε,
930 2283 1256 2360 λεγόμενον,
1344 2282 1433 2340 ’ίνα
1536 2286 1754 2356 ζώντων
1845 2284 1937 2341 καὶ

279 2379 482 2449 νεκρῶν
548 2372 830 2450 κυριεύσῃ,
893 2373 982 2429 ἐπὶ
1051 2379 1158 2429 τῶν
1235 2378 1429 2449 ψυχῶν
1493 2375 1584 2430 καὶ
1667 2376 1754 2431 ἐπὶ
1829 2381 1936 2431 τῶν

284 2463 556 2536 σωμάτων
624 2461 1038 2535 παραληπτέον,
1111 2463 1329 2532 ζώντων
1391 2464 1486 2537 μὲν
1553 2469 1661 2520 τῶν
1720 2467 1936 2540 ψυχῶν,

274 2552 413 2608 καθὸ
441 2551 719 2623 ἀθάνατοι,
751 2557 954 2627 νεκρῶν
985 2550 1041 2609 δὲ
1069 2559 1177 2609 τῶν
1211 2556 1506 2627 σωμάτων.

352 2643 472 2696 Ὀτι
534 2642 578 2697 εί
635 2643 964 2717 τιμιώτερον
1013 2647 1173 2715 σῶμα
1233 2644 1521 2719 ἀνθρώπου
1577 2650 1684 2700 τῶν
1745 2645 1935 2702 ἄλλων

287 2732 466 2802 ζώων,
508 2729 592 2786 ὅτι
635 2731 792 2808 χερσί
823 2752 882 2787 τε
931 2737 1066 2788 Θεοῦ
1098 2731 1310 2807 λέγεται
1359 2734 1665 2790 πεπλάσθαι
1720 2736 1810 2789 καὶ
1853 2735 1935 2790 ὅτι

281 2819 615 2893 τιμιωτέρου
645 2827 747 2890 τῆς
793 2823 975 2896 ψυχῆς
1011 2823 1056 2858 ³ο
1103 2821 1399 2897 τετύχηκεν
1452 2824 1739 2900 ὀχήματος
1789 2825 1936 2894 εμπ,

284 2912 404 2973 πῶς
432 2913 594 2965 τοῦτο
629 2909 722 2982 μὲν
766 2908 1180 2985 ὀλιγοχρόνιον,
1213 2911 1427 2988 ἀλόγων
1458 2910 1515 2967 δέ
1545 2935 1707 2968 τινων
1738 2911 1939 2986 πολλῷ

283 2996 820 3074 πολυχρονιώτερα;
861 2998 896 3069 ἢ
939 2997 1111 3069 δῆλον
1153 3001 1227 3064 ὡς
1258 3002 1293 3071 ἠ
1334 3001 1530 3058 τούτου
1566 3001 1939 3078 πολυχρόνιος

287 3086 512 3163 ὅπαρξις
545 3086 680 3162 μετὰ
707 3089 806 3159 τήν
837 3088 1121 3145 ἀνάστασιν
1154 3084 1323 3149 ἔσται.

1029 3364 1196 3420 ΣΛΕ’.

282 3455 387 3506 Τοῦ
446 3453 616 3506 αυτοῦ
673 3452 798 3526 περὶ
863 3455 970 3507 τῶν
1024 3457 1262 3528 γενητῶν
1335 3454 1542 3528 δκλογή

1033 3527 1182 3597 οψιν.

359 3613 700 3689 Ἀνεγνώσθη
762 3613 824 3668 ἐκ
883 3617 980 3668 τοῦ
1034 3612 1191 3690 ἁγίου
1253 3616 1528 3691 μάρτυρος
1589 3612 1940 3671 Μεθοδίου²³

285 3703 376 3756 καὶ
407 3701 712 3757 ἂπισκόπου
736 3706 833 3758 τοῦ
883 3701 1008 3777 περὶ
1037 3707 1144 3757 τῶν
1195 3707 1439 3776 γενητῶν
1472 3704 1540 3775 ²⁴,
1582 3703 1789 3780 ἐκλογή
1838 3725 1941 3761 κα-

286 3790 354 3846 τὰ
384 3790 630 3865 σύνοψιν.

358 3882 481 3936 Ὀτι
519 3881 604 3948 τὸ,
657 3881 746 3950 Μὴ
790 3879 1002 3955 βάλητε
1031 3882 1080 3919 ³⁵
1115 3882 1178 3937 τὸ
1228 3882 1377 3958 ἅγιον
1425 3887 1546 3944 τοῖς
1596 3881 1740 3954 κυσὶ,
1800 3881 1942 3958 μηδὲ

285 3969 415 4032 τοὺς
502 3969 838 4045 μαργαρίτας
920 3971 1073 4044 ὑμῶν
1151 3965 1454 4046 ἔμπροσθεν
1530 3976 1637 4027 τῶν
1711 3973 1939 4050 χοίρων,

289 4059 630 4135 μαργαρίτας
666 4060 761 4133 μὲν
812 4064 908 4115 τοῦ
958 4061 1182 4131 ξενῶνος
1217 4061 1264 4097 ²⁶
1305 4061 1372 4116 τὰ
1421 4064 1796 4139 μυστικώτερα
1843 4065 1944 4133 τῆς

285 4146 584 4204 θεοσδότου
659 4149 946 4222 θρησκείας
1031 4146 1473 4225 ἐκλαμϐάνοντος
1507 4155 1550 4189 ³⁷
1621 4154 1943 4227 μαθήματα,

282 4238 515 4314 χοίρους
565 4235 623 4293 δὶ
675 4237 806 4302 τοὺς
837 4233 915 4294 ἔτι
974 4235 1192 4312 ἀσεϐείᾳ
1249 4242 1340 4297 καὶ
1399 4239 1622 4311 ἡδοναῖς
1667 4245 1794 4316 [494
1847 4247 1941 4317 IL]

281 4327 571 4391 παντοίαις
613 4325 769 4400 δίκην
812 4330 1020 4409 χοίρων
1069 4329 1124 4386 ἐν
1172 4327 1428 4407 βορϐόρῳ
1476 4330 1940 4407 καλινδουμένους

1621 3455 1758 3510 κατὰ
1818 3453 1941 3508 σύν-

286 4418 665 4520 ετιῖύτοιςιγάρ
712 4418 959 4520 εἰρῆσθαι
987 4419 1157 4520 ’παρὰ³
1181 4419 1420 4496 Χριστοῦ
1461 4419 1616 4498 ἔλεγε
1650 4423 1725 4496 μὴ
1767 4443 1944 4499 παρα-
1977 4455 2021 4520 D

286 4502 476 4562 ϐαλεῖν
504 4508 571 4563 τὰ
611 4508 725 4563 θεῖα
774 4510 1095 4582 μαθήματα,
1128 4507 1217 4565 διὰ
1264 4511 1325 4566 τὸ
1367 4512 1443 4584 μή
1494 4508 1748 4567 δύνασθαι
1797 4511 1936 4569 αὐτὰ

287 4597 488 4675 φερειν,
522 4597 613 4652 ἅτε
657 4600 726 4673 τῇ
767 4594 985 4672 ἀσεϐείᾳ
1019 4615 1110 4654 και
1139 4604 1257 4662 ταῖς
1295 4599 1503 4676 ἀγρίαις
1531 4598 1758 4670 ἢδοναῖς
1788 4623 1936 4678 προ-

364 4702 386 4730 ο
418 4685 586 4743 Rom.
617 4703 732 4759 xiv,
763 4689 817 4742 9.
881 4687 900 4729 ί
935 4689 1138 4747 Matth.
1170 4706 1269 4758 vn,
1300 4691 1354 4746 6.

2032 783 2309 838 corporea
2335 781 2462 822 esse
2492 766 2782 821 videatur.
2818 765 2874 818 Si
2903 769 3094 820 autem
3127 780 3259 820 cum
3301 778 3542 833 corpore
3575 777 3676 831 pa-

2035 858 2233 924 tiatur,
2266 859 2757 929 quemadmodum
2791 857 2979 911 301D
3021 871 3088 911 ex
3132 854 3203 910 iis
3253 854 3354 925 qui
3394 866 3677 922 apparue-

2037 951 2173 1002 runt
2229 948 2660 1019 comprobatur,
2711 947 3053 1018 incorporea
3108 959 3236 1001 esse
3296 959 3410 998 non
3468 946 3681 1013 potest.

2035 1037 2184 1110 Ergo
2213 1037 2377 1093 solus
2413 1039 2561 1094 Deus
2592 1041 2803 1093 natura
2833 1036 3112 1108 ingenita,
3137 1033 3360 1091 nullius
3390 1031 3682 1102 indigens,

2036 1131 2094 1184 et
2131 1127 2426 1184 indefessa
2474 1143 2580 1184 nec
2627 1125 2944 1198 fatigabilis
2993 1125 3360 1197 praedicatur,
3395 1120 3517 1193 qui,
3552 1135 3684 1176 cum

2038 1219 2412 1290 incorporeus
2425 1217 2520 1287 sit,
2537 1222 2842 1289 propterea
2864 1220 2953 1273 est
2973 1215 3312 1272 invisibilis.
3327 1213 3514 1269 Deum
3529 1211 3685 1268 enim

2039 1323 2210 1364 nemo
2241 1307 2415 1375 vidit;
2449 1307 2654 1362 anima:
2703 1323 2838 1363 vero
2871 1306 2982 1378 (79)
3017 1323 3049 1360 a
3080 1305 3245 1360 Patre
3277 1302 3683 1359 universorum

2039 1414 2274 1470 corpora
2298 1396 2602 1453 rationalia
2624 1395 2966 1464 conditae,in
2985 1394 3246 1450 membra
3263 1392 3484 1448 ratione
3509 1390 3688 1462 perci-

2041 1486 2256 1558 pienda
2285 1490 2593 1554 exornatis,
2627 1485 2777 1541 hanc
2826 1484 3072 1556 ﬁguram
3117 1489 3505 1552 acceperunt:
3539 1479 3691 1534 unde

2041 1577 2196 1647 apud
2244 1577 2483 1643 inferos,
2517 1581 2578 1631 ut
2620 1575 2680 1631 in
2732 1579 2939 1630 Lazaro
2987 1580 3041 1629 et
3087 1572 3262 1629 divite
3306 1571 3419 1643 [est
3471 1569 3689 1640 videre]

2042 1665 2329 1737 linguam,
2351 1671 2409 1720 et
2427 1665 2700 1737 digitum,
2724 1668 2779 1720 et
2809 1663 2923 1719 alia
2950 1661 3215 1718 membra
3245 1660 3461 1716 habere
3493 1659 3693 1713 dicun-

2044 1758 2160 1821 tur,
2195 1772 2309 1810 non
2340 1756 2490 1825 quod
2540 1754 2798 1810 alienum
2848 1769 3059 1824 corpus
3102 1766 3236 1807 cum
3283 1748 3401 1804 illis
3450 1746 3695 1804 exsistat

2045 1844 2312 1914 informe,
2336 1845 2435 1900 sed
2457 1845 2612 1915 quod
2644 1843 2781 1914 ipsas
2813 1843 3044 1909 animis,
3069 1841 3142 1896 ab
3167 1837 3329 1895 omni
3359 1838 3693 1915 tegumenta

2047 1935 2278 1990 nudata:
2300 1913 2305 1914 ί
2331 1949 2435 2004 per
2464 1913 2524 1990 se
2550 1913 2763 1990 natura
2792 1948 2898 1989 sua
2926 1931 3250 1988 secundum
3299 1913 3694 1984 substantiam

2047 2023 2189 2080 tales
2220 2023 2362 2081 sint.

2115 2205 2292 2262 Addit
2320 2203 2380 2259 in
2421 2203 2533 2259 ﬁne
2580 2201 2670 2258 vir
2715 2203 2979 2269 sanctus,
3012 2199 3157 2255 illud
3208 2197 3472 2254 dictum:
3505 2196 3567 2252 In
3597 2192 3696 2250 hoc

2047 2293 2298 2350 Christus
2344 2302 2587 2349 mortuus
2623 2297 2705 2348 est
2751 2298 2812 2347 ut
2851 2291 3107 2346 vivorum
3136 2291 3188 2343 et
3213 2293 3568 2343 mortuorum
3603 2282 3696 2339 do-

2045 2385 2324 2440 minaturo
2357 2425 2371 2451 ,
2395 2383 2466 2438 de
2487 2381 2798 2438 animabus
2830 2384 2887 2436 et
2915 2377 3256 2450 corporibus
3287 2372 3692 2445 accipiendum

2045 2489 2194 2540 esse,
2227 2473 2370 2529 vivis
2401 2471 2623 2528 scilicet
2645 2470 2971 2539 animabus,
3005 2469 3206 2538 utpote
3236 2461 3691 2528 immortalibus,

2045 2563 2282 2621 mortuis
2311 2579 2443 2618 vero
2475 2559 2838 2632 corporibus.

2118 2655 2282 2720 Quod
2305 2654 2354 2709 si
2369 2653 2479 2723 (80)
2497 2667 2706 2722 corpus
2728 2651 3053 2704 humanum
3067 2643 3328 2702 omnium
3343 2638 3694 2698 animalium

2045 2743 2292 2800 aliorum
2338 2741 2678 2812 corporibus
2723 2743 2808 2794 est
2854 2734 3127 2802 nobilius,
3171 2732 3312 2806 quia
3357 2729 3546 2803 ipsius
3593 2726 3694 2784 Dei

2047 2833 2325 2889 manibus
2363 2831 2731 2887 etl‘ormatum
2763 2833 2820 2884 et
2851 2824 3151 2882 rationalis
3181 2824 3385 2879 anima:
3417 2821 3694 2892 praestan-

2050 2923 2167 2979 tius
2224 2921 2611 2979 vehiculum:
2661 2917 2954 2991 quomodo
3007 2915 3116 2970 hoc
3181 2916 3301 2968 tam
3361 2907 3550 2965 brevis
3606 2908 3698 2962 est

2049 3013 2174 3082 aevi,
2209 3029 2339 3068 cum
2372 3009 2560 3066 multa
2602 3006 2950 3066 animalium
2995 3001 3421 3060 irrationalium
3452 3011 3699 3069 corpora

1999 3139 2019 3166 1
2051 3103 2172 3160 sint
2219 3103 2328 3158 hoc
2377 3100 2556 3158 multo
2599 3096 2882 3170 longioris
2928 3093 3107 3150 vitae?
3136 3091 3512 3148 Manifestum
3559 3099 3696 3156 ergo

2046 3191 2206 3249 illius
2254 3188 2640 3248 substantiam
2672 3189 2803 3258 post
2840 3179 3325 3240 resurrectionem
3371 3175 3693 3246 longarum

2048 3282 2193 3356 [sive
2219 3279 2520 3352 aeternam]
2553 3279 2692 3335 fore.

2721 3361 3028 3422 CCXXXV.

2189 3463 2272 3518 Eas
2301 3460 2442 3518 libro
2470 3457 2649 3516 sancti
2676 3453 2933 3513 Methodii
2959 3451 3026 3509 de
3052 3450 3253 3509 creatis
3279 3453 3552 3520 excerpta.

2119 3631 2506 3702 Legiesancto
2525 3623 2826 3683 Methodio
2849 3622 3121 3694 episcopo
3147 3621 3401 3687 martyre
3423 3630 3523 3687 per
3542 3627 3697 3670 com-

2048 3719 2329 3793 pendium
2360 3719 2629 3788 excerpta
2657 3715 2730 3770 de
2760 3711 2971 3785 genitis
3000 3725 3103 3766 seu
3134 3705 3364 3764 creatis.

2120 3883 2271 3939 Illud
2314 3879 2567 3939 Christi:
2600 3876 2786 3934 Nolite
2829 3874 3102 3947 proiicere
3146 3876 3397 3928 sanctum
3443 3867 3695 3936 canibus,

2048 3988 2224 4045 neque
2235 3971 2579 4042 margaritas
2593 3971 2795 4023 vestras
2808 3968 2938 4020 ante
2945 3977 3138 4034 porcos
3152 3956 3170 3997 ί
3178 3980 3198 4028 ;
3212 3958 3353 4014 dixit
3368 3956 3700 4029 margaritas

2051 4043 2178 4118 esse
2209 4076 2304 4116 eos
2335 4059 2434 4130 qui
2465 4056 2524 4111 in
2555 4053 2814 4111 Ecclesia
2842 4051 3135 4108 sanctiora
3163 4047 3374 4104 divina:
3404 4043 3702 4115 religionis

2052 4148 2326 4223 mysteria
2356 4145 2633 4218 capiunt:
2659 4158 2866 4214 porcos
2895 4157 3052 4206 vero,
3077 4138 3178 4211 qui
3210 4137 3269 4192 in
3302 4134 3463 4191 omni
3493 4148 3704 4204 genere

2052 4221 2374 4311 impietatis
2403 4240 2459 4292 et
2487 4232 2802 4305 voluptatis
2832 4230 3011 4288 veluti
3044 4227 3202 4301 porci
3232 4225 3293 4281 in
3316 4240 3482 4280 cceno
3510 4221 3702 4278 adhuc

2054 4331 2387 4387 volutantur
2434 4326 2568 4399 (81).
2602 4324 2725 4389 His,
2758 4321 2968 4395 inquit,
3006 4337 3040 4376 a
3071 4317 3298 4373 Christo
3347 4315 3570 4371 dictum
3614 4315 3705 4369 est

2054 4436 2171 4477 non
2231 4433 2359 4475 esse
2415 4414 2677 4472 ccelestia
2733 4411 3008 4484 mysteria
3051 4407 3165 4481 (82)
3209 4403 3589 4478 projicienda,
3634 4417 3702 4457 eo

2055 4510 2211 4583 quod
2245 4509 2362 4564 haec
2393 4521 2598 4578 capere
2647 4519 2762 4559 non
2813 4500 3061 4574 possint,
3095 4495 3270 4555 veluti
3299 4490 3614 4583 impietatis
3645 4493 3705 4548 et

2042 4580 2182 4661 feris
2214 4597 2454 4654 fcedisve
2483 4591 2884 4666 voluptatibus
2913 4589 3032 4660 iam
3068 4591 3201 4644 ante
3234 4580 3526 4656 occupati.
3556 4583 3703 4637 San-

1651 4782 1890 4839 VARle
1928 4778 2234 4838 LECTION
2241 4776 2349 4834 ES.

371 4874 416 4909 ¹⁶
442 4873 509 4954 ᾖν
669 4891 683 4933 :
711 4871 804 4930 ’ίνα
1001 4877 1046 4915 ³⁸
1084 4877 1376 4954 ἀγὲννητος
1417 4884 1479 4954 A.

285 4963 421 5028 xiv,
529 4948 622 5028 In”
650 4947 982 5028 τιμιωτὲρου
1003 4955 1113 5028 Δτῆς
1135 4947 1298 5028 ’ψυχῆ
1311 4971 1356 5012 ς.

1582 4882 1622 4916 ίτ
1667 4879 1794 4952 ὑπό]
1823 4881 1954 4937 libri
1986 4873 2114 4933 ἀπό.

287 4963 412 5054 ἓν,
439 4938 496 5002 9.
576 4948 622 4983 ³ο
650 4938 982 5023 τιμιωτῖρου
1013 4955 1113 5018 τῆς
1135 4938 1372 5028 ’ψυχίῆςξ
1461 4950 1580 4986 ²¹·²²
1610 4938 1899 5054 ὀζήμᾶτος
1928 4953 1970 5008 Β
1996 4955 2052 5007 et
2081 4967 2227 5006 corr.
2263 4952 2306 5003 Δ
2338 4965 2350 5002 :
2376 4945 2702 5018 τιμιώτερον
2739 4947 2839 5011 τῆς
2871 4938 3100 5015 λογικῆς

376 5014 642 5054 suanm-..
691 5019 779 5054 νηὶ
824 5021 1126 5054 ’,ωηιιηη
1184 5026 1261 5054 An
1299 5040 1311 5052 .
1353 5021 1441 5054 νηὶ
1493 5021 1650 5054 2......
1692 5044 1794 5054 η..
1828 5019 2097 5054 ιιραηὲιλ..
2128 5021 2190 5054 ν-
2314 5020 2362 5054 ει
2389 5021 2651 5054 "manna...
2687 5015 2748 5054 Γ·
2869 5013 2917 5048 25
2952 5011 3026 5054 .ιῆ
3073 5009 3100 5054 ﬁ

374 5014 642 5095 Μεθοδίου
691 5014 780 5095 καί
824 5014 1127 5095 ἐπισκόπου
1160 5014 1263 5078 ἈΗ
1288 5014 1311 5077 ἐ
1353 5021 1442 5075 καὶ
1493 5014 1795 5078 ἐπισκόπου
1827 5019 2098 5080 Μεθοδίου
2128 5021 2210 5095 ς’Ϊ

3109 4862 3155 4900 ¹⁹
3188 4861 3278 4918 διὰ
3303 4859 3491 4932 τοῦτο]
3530 4858 3702 4932 Rom.

3173 4940 3338 5004 υχῆς.
3385 4926 3581 5004 ὅχῆμα
3617 4927 3703 5004 ς-

2869 4938 3702 5084 ὶδῗᾘξηὲᾗῗῖηιιῖαιῗξτῗιὲῑ

2222 4875 2268 4914 ¹⁸
2297 4871 2452 4929 αὗταί
2481 4878 2524 4928 Δ
2565 4871 2695 4930 ικαὶ
2729 4869 2891 4941 αὗται

2314 5020 2362 5093 ’_‘
2389 5015 2651 5093 γέκςιητίδν
2687 5015 2768 5093 ς“ε

280 5091 333 5127 ³⁸
362 5093 462 5144 τοῦ
494 5089 720 5158 ξενῶνος
752 5093 908 5151 delet
932 5074 1008 5163 7A,,
1175 5074 1270 5165 vi;
1300 5074 1412 5166 legi
1445 5074 2114 5170 ’ίςῑρἶγένουα
2141 5074 2168 5095 ³
2192 5074 2238 5128 in
2273 5074 2726 5161 ἱκλέμϐἀῖιοντοξ
2743 5091 2826 5141 ΑΒ
2864 5101 2878 5140 :
2914 5074 3369 5154 ἐκλαμϐανόντας
3405 5075 3488 5150 ς’.

1854 5185 2085 5243 NOTIE.

506 5272 679 5356 [Error
707 5273 977 5356 Methodii
1005 5277 1236 5356 animas
1261 5292 1390 5356 esse
1421 5294 1750 5356 corporeae.

358 5343 476 5413 (80)
509 5343 569 5400 Si
603 5345 762 5416 legas
791 5345 826 5421 ᾖ
864 5364 965 5421 pro
994 5346 1061 5415 εἷ’,
1095 5354 1157 5404 ut
1187 5349 1416 5405 videtur
1465 5343 1775 5420 legendum
1809 5367 1942 5421 pro-

281 5419 430 5498 pter
470 5413 744 5498 sequens,
796 5413 989 5486 δῆλον,
1027 5413 1186 5498 alius
1243 5437 1453 5478 sensus
1510 5413 1948 5498 estzﬂhristus

285 5489 514 5563 dicitur
573 5497 937 5563 mortuorum
992 5492 1113 5547 sive
1156 5507 1461 5563 corporum
1511 5494 1798 5550 Dominus
1851 5502 1950 5548 aut

288 5558 698 5687 (ἐξέεέηξὲἔριιε
746 5561 1070 5619 humanum
1113 5568 1221 5632 est,
1255 5558 1354 5620 aut
1384 5565 1520 5637 quia
1571 5567 1949 5622 manifestum

371 5701 484 5778 (81)
514 5703 683 5766 Forte
711 5704 984 5781 Origenes
1013 5721 1186 5780 quem
1218 5706 1452 5766 refutat.

2125 5275 2240 5343 (82)
2271 5273 2480 5328 Sacrae
2513 5270 2778 5335 Litteras,
2809 5263 2992 5319 Ξενὼν
3023 5265 3130 5320 hoc
3160 5261 3286 5318 loco
3313 5275 3416 5343 pro
3447 5255 3702 5343 Ecclesia

2057 5329 2458 5416 accipiendum
2508 5347 2665 5416 puto,
2702 5329 3165 5416 quzecouimune
3196 5329 3475 5416 omnium‘
3503 5329 3699 5412 hospi:

2056 5399 2372 5483 {inﬁma
2406 5399 2548 5469 forte
2598 5399 2790 5467 locum
2841 5408 3117 5483 intelligit
3159 5408 3256 5462 ubi
3298 5399 3702 5483 catechumeni

2059 5475 2305 5546 simulet
2322 5488 2524 5556 pagani
2551 5485 2910 5539 docebantur
2934 5475 3268 5556 religionem
3289 5475 3702 5556 _C_hristia_nam.

2059 5544 2242 5614 Ξὲενὼν
2276 5544 2489 5629 alioqui
2523 5561 2612 5612 est
2643 5556 2823 5621 idem,
2850 5554 3003 5625 quod
3025 5544 3452 5609 fenodochium
3485 5544 3582 5602 ubi
3616 5559 3709 5616 pe-

2060 5631 2276 5705 regrini
2307 5629 2680 5700 recipiuntur.
