4100 6242
414 327 567 386 H39

1609 320 1874 381 ΡΗΟΤΙΙ
1919 318 2452 380 ΡΑΊἮΙΑΒΟΗΕ
2495 318 2612 378 CP.

3665 318 3829 380 H40

410 468 539 516 ctus
571 459 897 516 Methodius
930 460 1029 523 ait,
1063 456 1108 511 si
1142 472 1241 526 per
1279 456 1624 523 margaritas
1666 454 2052 527 intelligenda:

2170 452 2653 527 κατισχημένους),
2694 452 2720 504 ὁ
2766 450 2930 527 μέγας
2974 449 3236 513 Μεθόδιός
3283 472 3470 525 φησιν,
3502 452 3547 507 εἰ
3607 473 3828 527 μαργαο

412 554 552 606 sunt
590 549 931 604 venerandae
963 560 1259 616 sacraeque
1291 546 1537 610 Litterae,
1572 561 1675 617 per
1704 560 1909 615 porcos
1949 562 2053 598 au-

408 645 526 695 tem
564 638 829 692 homines
861 636 1145 705 impietati
1179 642 1231 689 et
1260 634 1659 705 voluptatibus
1691 634 1891 702 dediti,
1926 633 2054 703 qui-

411 729 526 782 bus
580 726 894 795 apostolica
944 726 1135 779 302a
1180 725 1335 779 dicta
1367 723 1440 778 ad
1485 724 1751 794 pietatem
1796 729 1851 777 et
1899 723 2064 776 Chri-

408 818 483 871 sti
534 815 707 870 fidem
766 814 1038 869 ducentia
1101 832 1215 868 non
1277 815 1393 867 sint
1455 816 1914 881 accommodata,
1963 814 2063 867 sed

408 905 612 974 celata,
634 905 769 960 vide
792 920 863 958 ne
894 904 1053 959 dicas
1087 904 1270 958 ullum
1305 904 1758 957 Christianorum
1789 902 2063 972 apostoli-

405 994 491 1049 cis
523 992 824 1063 praeconiis
859 1009 925 1047 ex
957 992 1166 1062 prioris
1200 994 1324 1046 vitae
1370 992 1663 1062 impietate
1715 1008 2061 1046 conversum

405 1099 549 1139 esse.
582 1084 783 1154 Neque
831 1084 989 1138 enim
1043 1083 1159 1138 ulla
1207 1084 1427 1138 ratione
1472 1082 1668 1136 divina
1698 1081 1907 1136 Christi
1950 1097 2065 1152 my-

408 1173 586 1228 steria
620 1172 973 1243 projecerint
1001 1172 1094 1238 iis,
1129 1172 1225 1242 qui
1259 1175 1491 1243 propter
1532 1171 1938 1226 inﬁdelitatem
1985 1170 2063 1225 si-

407 1262 583 1319 miles
633 1266 772 1317 sunt
821 1263 1029 1333 porcis.
1082 1266 1192 1316 Aut
1240 1278 1372 1330 ergo
1415 1261 1691 1317 omnibus
1741 1261 1974 1325 Graecis,
2006 1266 2064 1314 et

406 1351 535 1406 aliis
570 1349 905 1405 inﬁdelibus
953 1351 1074 1405 haec
1126 1350 1397 1422 mysteria
1427 1367 1461 1405 a
1491 1350 1704 1404 Christi
1756 1348 2063 1419 discipulis

406 1447 543 1497 sunt
595 1442 887 1512 proposita
917 1446 974 1495 et
1006 1441 1333 1510 praedicata,
1369 1440 1610 1508 illosque
1643 1439 1715 1494 ab
1760 1439 2062 1509 impietate

407 1532 476 1587 ad
530 1530 832 1585 Christum
888 1535 1293 1583 converterunt
1349 1530 1455 1597 (uti
1504 1538 1557 1583 et
1608 1545 1711 1583 nos
1760 1528 2062 1582 credentes

410 1621 803 1689 conﬁtemur),
836 1624 891 1674 et
922 1618 1067 1673 illud
1117 1618 1336 1673 dictum
1369 1635 1382 1673 :
1410 1620 1485 1674 Ne
1531 1620 1784 1689 projicite
1834 1633 2061 1689 marga-

406 1711 549 1764 ritas
600 1716 811 1764 vestras
858 1717 987 1762 ante
1036 1725 1246 1778 porcos,
1282 1726 1395 1763 non
1444 1714 1630 1779 potest
1676 1706 1931 1776 amplius
1980 1707 2061 1760 ita

2169 544 2316 617 ρίτας
2383 541 2449 595 τά
2506 547 2855 615 σεμνοπρεπῆ
2914 541 3003 595 καὶ
3062 542 3177 595 θεῖα
3245 542 3543 614 μαθήματα
3608 540 3695 595 δεῖ
3756 542 3831 611 ἐε-

2164 632 2399 699 ακούειν,
2435 629 2665 706 χοίρους
2692 627 2748 683 δὲ
2768 630 2896 689 τοὺς
2919 623 3136 699 ἀσεϐείᾳ
3156 628 3245 682 xui
3278 627 3501 697 ἡδοναῖς
3522 633 3830 701 συζῶντας,

2168 723 2254 783 οἷς
2302 722 2390 774 καὶ
2444 714 2808 794 ἀπαράϐλητα
2855 720 2944 773 καὶ
3007 720 3291 794 ἀπόκρυφα
3341 720 3407 773 τὰ
3465 720 3611 793 πρὸς
3670 720 3833 773 εὐσέ-

2166 805 2310 865 ϐειαν
2343 810 2431 863 καὶ
2479 811 2577 878 τήν
2613 809 2687 872 εἴς
2730 810 2960 880 Χριστὸν
3012 809 3192 863 πίστιν
3234 808 3579 863 ἀποστολικὰ
3622 807 3831 884 διεγεί-

2166 921 2323 975 ροντα
2362 899 2690 972 κηρύγματα
2722 896 2803 952 δεῖ
2833 899 2988 965 εἶναι,
3024 897 3125 971 ὅρα
3156 898 3229 961 ὡς
3274 896 3464 952 οὐδένα
3505 899 3691 972 λὲγεις
3726 904 3831 952 τῶν

2162 994 2502 1065 Χριστιανων
2534 996 2648 1051 τοῖς
2687 993 2795 1043 τῶν
2848 987 3166 1044 ἀποστόλων
3217 988 3567 1064 κηρύγμασιν
3603 989 3655 1057 ἐξ
3710 990 3831 1044 ἀσε-

2164 1075 2313 1139 ϐείας
2345 1080 2519 1133 αὐτῶν
2566 1086 2666 1148 τῆς
2718 1077 2983 1154 προτέρας
3032 1078 3350 1153 ἐπιπρέψαι
3388 1099 3401 1111 '
3454 1076 3584 1133 οὐδὲ
3613 1081 3723 1153 γάρ
3767 1079 3825 1133 ἃν

2162 1170 2380 1231 πάντως
2440 1163 2753 1241 παρέϐαλον
2782 1171 2829 1204 ²⁸
2876 1169 2943 1222 τὰ
2983 1170 3118 1222 κατά
3165 1168 3396 1243 Χριστὸν
3437 1169 3483 1204 ²⁹
3542 1171 3829 1239 μυστήρια

2161 1263 2278 1319 τοῖς
2311 1258 2379 1311 δι’
2430 1257 2675 1312 ἀπιστίαν
2718 1256 2935 1331 χοίροις
2985 1256 3249 1315 ἓοικόσιν.
3302 1258 3429 1331 [933
3460 1259 3556 1329 Η.]
3600 1260 3679 1313 Ἡ
3729 1257 3824 1311 οὖν

2163 1353 2294 1400 πᾶσι
2341 1352 2458 1408 τοῖς
2490 1344 2729 1416 Ἕλλησι
2783 1347 2873 1402 καὶ
2911 1351 3027 1407 τοῖς
3088 1344 3285 1408 ἄλλοις
3342 1346 3597 1407 ἀπίστοις
3651 1352 3828 1401 ταῦτα

2163 1431 2485 1511 παρεϐλήθη
2521 1437 2667 1510 παρὰ
2694 1440 2800 1490 τῶν
2848 1441 2944 1491 τοῦ
2992 1440 3226 1509 Χριστοῦ
3262 1438 3519 1509 μαθητῶν
3567 1437 3660 1490 καὶ
3695 1437 3826 1507 ἐκή-

2166 1526 2368 1600 ρῦχθη,
2400 1526 2490 1579 καὶ
2544 1526 2648 1580 ἀπὸ
2695 1533 2794 1593 τῆς
2847 1521 3093 1586 ἀσεϐείας
3147 1521 3441 1598 μετέϐαλεν
3492 1525 3696 1587 αὐτοὺς
3747 1529 3822 1588 εἰς

2161 1617 2259 1683 τήν
2300 1615 2374 1675 εἰς
2427 1616 2659 1689 Χριστὸν
2706 1616 2908 1681 πίστιν,
2960 1612 3143 1689 ὥσπερ
3185 1614 3276 1669 οὖν
3328 1616 3417 1668 καὶ
3467 1616 3824 1677 πιστεύοντες

2162 1704 2570 1779 ὁμολογοῦμεν,
2630 1705 2719 1759 καὶ
2779 1704 2958 1759 οὐκέτι
3016 1702 3237 1759 δύναται
3291 1705 3528 1759 νοεῖσθαι
3588 1707 3677 1774 τὸ,
3730 1706 3823 1774 Μὴ

406 1799 609 1870 accipi,
644 1799 730 1853 uti
764 1799 983 1853 dictum
1018 1803 1144 1854 est:
1179 1803 1279 1853 aut
1313 1799 1416 1853 hoc
1445 1797 1548 1863 ita,
1583 1802 1643 1852 ut
1673 1797 1888 1852 dictum
1938 1800 2044 1861 est,

2166 1792 2372 1869 βάλητε
2417 1796 2460 1829 ⁸ο
2544 1791 2673 1854 τοὺς
2745 1792 3077 1868 μαργαρίτας
3166 1794 3317 1864 ὑμῶν
3406 1790 3721 1865 ἔμπροσθεν
3779 1794 3823 1831 δί

406 1895 642 1958 accepto
674 1903 772 1942 seu
817 1887 1131 1954 intellecto,
1175 1888 1484 1942 dicendum
1527 1888 1635 1942 erit
1673 1887 1866 1952 nobis,
1904 1884 2050 1939 nulli

404 1979 726 2033 inﬁdelium
760 1994 906 2048 quos
939 1977 1127 2047 porcis
1159 1993 1588 2048 comparamus,
1615 1994 1715 2047 per
1736 1976 2049 2045 apostolica

402 2069 757 2123 documenta
804 2084 929 2137 qua:
979 2068 1204 2122 animas
1236 2068 1420 2122 instar
1452 2066 1896 2135 margaritarum
1928 2064 2056 2118 illu-

404 2156 651 2223 minant,
685 2157 861 2212 ﬁdem
912 2160 970 2210 in
1023 2155 1316 2210 Christum
1348 2155 1502 2209 etab
1535 2154 1838 2225 impietate
1887 2154 2055 2208 libero

401 2250 578 2301 tatem
627 2252 852 2315 partam
904 2262 1052 2301 esse.
1087 2246 1200 2301 Sed
1252 2245 1362 2300 hoc
1413 2244 1822 2314 blasphemum
1854 2252 1939 2298 est
1971 2244 2052 2298 di-

406 2352 557 2390 cere.
584 2337 731 2404 Ergo
752 2337 1082 2407 margarita:
1107 2337 1212 2391 hoc
1238 2336 1362 2391 loco
1396 2352 1506 2390 non
1542 2339 1678 2390 sunt
1709 2334 2050 2403 accipiendae

401 2442 504 2494 pro
582 2428 974 2482 sanctioribus
1048 2426 1363 2497 [Ecclesiae]
1437 2423 1784 2495 disciplinis,
1863 2439 2051 2493 neque

402 2515 561 2584 porci
598 2532 699 2586 pro
748 2516 967 2586 impiis.
1003 2518 1200 2585 Neque
1252 2513 1399 2569 illud
1444 2514 1687 2580 dictum,
1720 2513 1896 2568 Nolite
1924 2529 2049 2582 pro-

394 2602 572 2674 jicere
605 2605 939 2676 margaritas
986 2610 1190 2661 vestras
1236 2613 1371 2659 ante
1410 2619 1619 2673 porcos,
1652 2603 1732 2657 ita
1761 2603 2049 2672 explican-

400 2693 540 2746 dum
577 2698 706 2748 est:
738 2693 817 2748 Ne
850 2694 1114 2764 projicite
1169 2693 1363 2764 impiis
1393 2705 1449 2746 et
1478 2691 1814 2747 inﬁdelibus
1856 2690 2050 2746 divina

399 2785 456 2836 et
502 2783 675 2837 ﬁdem
726 2783 785 2837 in
836 2783 1128 2838 Christum
1181 2782 1536 2852 perﬁcientia
1590 2787 1916 2853 praecepta;
1951 2780 2048 2834 sed

397 2874 729 2943 margaritae
761 2889 863 2943 pro
894 2873 1211 2927 virtutibus
1243 2872 1592 2941 accipiendae
1642 2875 1799 2938 sunt,
1835 2870 2049 2941 quibus

397 2959 578 3015 veluti
612 2962 880 3031 pretiosis
911 2962 1158 3033 gemmis
1191 2961 1388 3015 anima
1418 2967 1746 3016 exornatur.
1780 2959 1904 3014 Non
1946 2960 2051 3012 ab-

390 3049 681 3119 jiciendas
710 3054 904 3105 autem
937 3068 1035 3107 eas
1068 3051 1279 3123 porcis,
1313 3051 1419 3105 hoc
1450 3054 1559 3116 est,
1596 3067 1707 3104 non
1741 3048 2048 3121 projicien-

2159 1888 2268 1937 τῶν
2302 1882 2534 1956 χοίρων,
2568 1883 2641 1942 ὼς
2690 1880 2894 1956 ἐρῥήθη
2932 1901 2943 1914 ·
3064 1880 3262 1935 τούτου
3295 1881 3369 1942 ὡς
3416 1880 3619 1955 ἐλέχθη
3655 1903 3823 1936 νοου-

2164 1971 2347 2043 μένου,
2401 1973 2599 2047 ἀνάγκη
2633 1973 2780 2043 ἡμᾶς
2833 1969 3012 2045 λέγειν
3054 1972 3127 2031 ὡς
3176 1967 3356 2024 οὐδενὶ
3405 1976 3512 2024 τῶν
3550 1970 3819 2040 ἀπίστων,

2162 2060 2254 2123 οὓς
2290 2061 2511 2136 χοίροις
2543 2058 2927 2131 ἀπεικάζομεν,
2962 2059 3020 2114 ἐκ
3047 2064 3154 2115 τῶν
3189 2058 3575 2115 ἀποπολικῶν
3622 2057 3821 2135 διδαγ-

2165 2152 2372 2224 μάτων,
2416 2155 2761 2225 μαργαριτῶν
2801 2146 2953 2219 δίκην
2996 2151 3090 2211 τὰς
3121 2150 3303 2222 ψυχὰς
3334 2148 3819 2223 καταυγαζόντων,

2159 2241 2193 2309 ἡ
2234 2238 2313 2301 εἷς
2360 2239 2597 2313 Χριστὸν
2638 2237 2813 2298 πίστις
2845 2240 2889 2274 ⁸²
2928 2238 3015 2292 καὶ
3059 2240 3092 2306 ἡ
3144 2245 3244 2306 τῆς
3294 2234 3541 2299 ἀσεϐείας
3590 2237 3819 2293 ἐλευθε-

2160 2330 2250 2404 ρία
2305 2328 2606 2403 γεγένηται.
2665 2327 3001 2403 Βλάσφημον
3060 2324 3116 2381 δὲ
3175 2331 3359 2383 τοῦτο.
3401 2326 3513 2383 Οὐκ
3576 2329 3681 2400 ἄρα
3740 2326 3825 2382 δεῖ

2162 2419 2496 2492 μαργαρίτας
2569 2418 2663 2490 μὲν
2717 2416 2783 2472 τά
2843 2416 3221 2492 μυστικώτερα
3291 2422 3399 2471 τῶν
3465 2417 3820 2489 μαθημάτων

2157 2503 2519 2578 ἐκλαμϐάνειν
2562 2506 2807 2573 ἐνταῦθα,
2852 2506 3082 2580 χοίρους
3116 2503 3171 2560 δὲ
3223 2505 3351 2567 τοὺς
3404 2500 3641 2573 ἀσεϐεῖς,
3694 2505 3824 2560 οὐδὲ

2154 2596 2238 2666 τὸ,
2297 2597 2386 2663 Μὴ
2450 2594 2658 2671 βάλητε
2687 2597 2733 2631 ³³
2788 2597 2913 2656 τοὺς
2979 2596 3309 2670 μαργαρίτας
3383 2596 3536 2664 ὑμῶν
3597 2590 3820 2667 ἔμπροο

2156 2686 2273 2738 σθεν
2325 2689 2433 2739 τῶν
2491 2683 2723 2759 χοίρων,
2784 2684 2859 2745 εἰς
2914 2686 2999 2753 τό,
3049 2686 3139 2753 Μὴ
3199 2678 3559 2756 παραϐαλητε
3592 2684 3639 2717 ⁴³
3698 2690 3818 2743 τοῖς

2155 2769 2366 2829 ἀσεϐέσι
2426 2782 2514 2828 καί
2596 2776 2844 2836 ἀπίστοις
2911 2775 2974 2828 τά
3046 2775 3277 2847 μυστικά
3346 2772 3433 2828 καί
3488 2772 3817 2828 τελειοποιά

2153 2868 2252 2930 τῆς
2300 2862 2374 2923 εἰς
2426 2862 2652 2935 Χριστὸν
2686 2864 2730 2897 ³⁸
2779 2861 3011 2923 πίστεως
3059 2859 3386 2935 διδάγματα,
3435 2857 3813 2935 πάραλαμϐά-

2153 2973 2282 3007 νειν.
2337 2951 2511 3006 Ἀλλά
2562 2957 2896 3027 μαργαρίτας
2949 2952 3041 3023 μὲν
3100 2952 3193 3012 τὰς
3248 2950 3441 3023 ἀρετὰς
3493 2948 3809 3024 ἐκδέχεσθαι

2158 3044 2293 3115 χρὴ,
2354 3043 2440 3102 αἷς
2500 3040 2682 3115 ὥσπερ
2738 3041 3073 3114 πολυτίμοις
3128 3040 3487 3114 μαργαρίταις
3547 3043 3582 3108 ἡ
3648 3042 3811 3114 ψυχῆ

399 3139 505 3192 das
535 3139 795 3205 virtutes,
830 3121 1153 3194 castitatem
1190 3156 1415 3209 nempe,
1450 3140 1918 3209 temperantiam,
1950 3139 2044 3207 ju-

2161 3132 2571 3205 καθιυραίζεται,
2608 3132 2683 3203 μή
2717 3125 3050 3204 παραϐαλεῖν
3082 3128 3138 3184 δὲ
3168 3129 3362 3189 αὐτοὺς
3401 3134 3517 3189 τοῖς
3564 3129 3813 3203 χοίροις,

396 3227 620 3282 stitiam
652 3236 706 3281 et
736 3228 1073 3284 veritatem:
1108 3229 1235 3294 has,
1289 3228 1554 3298 inquam,
1604 3245 1716 3282 non
1770 3226 2046 3296 objicien-

397 3314 500 3368 das
522 3330 651 3370 esse
673 3315 921 3387 impuris
946 3316 1368 3387 voluptatibus:
1396 3316 1481 3369 hi8
1504 3317 1658 3371 enim
1682 3316 1873 3386 porcis
1896 3331 2046 3369 com-

397 3408 713 3474 parantur:
750 3421 821 3459 ne
871 3406 971 3459 has
1018 3406 1415 3474 depascentes,
1452 3405 1579 3460 illos
1627 3406 1805 3459 vitam
1854 3404 2045 3474 porcis

397 3491 652 3548 similem
685 3494 873 3549 vivere
903 3500 1132 3564 cogant,
1166 3498 1222 3548 et
1252 3492 1505 3548 animam
1558 3493 1719 3549 omni
1769 3493 2041 3548 vitiorum

398 3597 607 3653 genere
640 3582 987 3654 compleant.

472 3760 773 3832 Origenes,
806 3777 976 3833 quem
1024 3766 1366 3818 centaurum
1422 3765 1532 3835 (83)
1585 3762 1851 3835 appellat,
1887 3781 2045 3820 asse-

399 3850 565 3905 rebat
613 3850 949 3907 universum
999 3851 1107 3905 hoc
1158 3852 1336 3922 [quod
1388 3856 1645 3908 creatum
1678 3854 1783 3923 est]
1816 3852 1919 3908 soli
1954 3871 2044 3908 sa—

398 3940 581 4011 pienti
615 3945 670 3995 et
702 3941 924 3996 nullius
957 3940 1151 4011 indigo
1183 3941 1298 3996 Deo
1331 3948 1675 3997 coaternum
1708 3959 1855 3998 esse.
1888 3942 2048 3998 Dice-

400 4028 500 4083 bat
531 4028 708 4084 enim.
740 4028 897 4084 Sicut
930 4046 1043 4085 non
1072 4034 1162 4084 est
1190 4030 1378 4101 opifex
1424 4032 1550 4086 sine
1598 4032 1847 4103 opiﬁcio,
1880 4036 2046 4103 poeta

398 4116 526 4172 sine
576 4120 880 4187 poematis,
933 4119 1245 4188 imperator
1293 4119 1419 4174 sine
1469 4121 1768 4191 subjectis,
1813 4136 2046 4176 necesse

398 4211 487 4260 est
538 4206 693 4261 enim
742 4209 804 4261 ut
853 4206 1040 4273 Opifex
1093 4208 1164 4260 ab
1195 4208 1445 4277 opiﬁcio,
1482 4213 1647 4279 poeta
1678 4227 1710 4263 ει
1742 4209 2041 4279 poematis,

398 4301 454 4350 et
494 4295 813 4366 imperator
853 4313 886 4350 a
925 4297 1205 4366 subjectis
1247 4298 1598 4362 nominetur,
1648 4298 1771 4369 {ita}
1813 4314 2045 4354 necesse

399 4392 483 4438 est
534 4399 727 4439 creata
758 4404 789 4439 a
822 4387 1102 4455 principio
1134 4404 1166 4440 a
1198 4385 1312 4441 Dec
1357 4387 1510 4440 facta
1559 4403 1707 4453 esse,
1758 4405 1860 4443 nec
1906 4395 2045 4442 tem-

400 4489 510 4545 pus
542 4472 726 4527 ullum
760 4490 907 4540 esse,
942 4492 1056 4546 quo
1088 4476 1208 4530 haec
1241 4492 1357 4529 non
1394 4476 1626 4529 iuerint.
1662 4476 1718 4530 Si
1752 4478 1906 4531 enim
1941 4478 2047 4532 fuit

399 4568 634 4632 tempus
659 4579 771 4633 quo
806 4580 918 4619 non
945 4566 1181 4620 fuerunt
1210 4563 1461 4635 opiﬁcia,
1486 4580 1621 4635 ergo
1645 4566 1892 4634 opiﬁciis
1925 4569 2051 4621 nul-

402 4652 476 4708 lis
515 4652 952 4721 exsistentibus,
999 4671 1185 4724 neque
1226 4654 1417 4723 opifex
1456 4657 1563 4707 est.
1610 4653 1753 4709 Vide
1798 4673 1924 4725 quae
1970 4673 2056 4712 se-

401 4747 612 4813 quatur
645 4743 735 4813 [ex
764 4742 958 4814 dictis]
990 4743 1292 4814 impietas:
1328 4741 1469 4812 quia
1514 4741 1744 4798 alterari
1781 4744 1954 4800 etiam
1996 4751 2055 4801 et

402 4830 619 4888 mutari
674 4837 952 4903 sequetur
998 4831 1423 4889 immutabilem
1472 4834 1665 4890 302b
1699 4840 1751 4888 et
1801 4835 2050 4890 invaria-

402 4924 579 4980 bilem
617 4924 819 4979 Deum.
846 4922 900 4976 Si
926 4922 1082 4977 enim
1114 4939 1229 4979 non
1252 4923 1324 4978 ab
1347 4929 1559 4979 mterno
1590 4926 1789 4980 omnia
1818 4926 2052 4995 creavit,

405 5013 784 5070 manifestum
835 5016 923 5069 est
969 5011 1139 5068 illum
1170 5030 1202 5068 ει
1234 5030 1349 5068 non
1407 5014 1671 5071 faciendo
1717 5015 1788 5069 ad
1840 5015 2053 5071 facien-

2154 3219 2400 3276 τουτέστι
2456 3222 2531 3294 μή
2590 3215 2927 3295 παραϐαλεῖν
2977 3218 3144 3280 αὐτὰς
3178 3220 3224 3255 ³⁸
3270 3219 3365 3279 τὰς
3416 3218 3631 3291 ἀρετὰς,
3692 3221 3819 3273 οἷον

2157 3311 2364 3383 ἁγνείαν
2419 3310 2509 3365 καὶ
2569 3309 2924 3387 σωφροσύνην
2976 3311 3064 3365 καὶ
3120 3308 3466 3380 δικαιοσύνην
3507 3310 3601 3363 xui
3668 3310 3822 3381 ἀλή-

2159 3402 2325 3468 θειαν,
2378 3399 2575 3464 ταύτας
2635 3398 2701 3468 δὴ
2764 3402 2839 3472 μή
2883 3394 3221 3474 παραϐαλεῖν
3286 3405 3410 3460 ταῖς
3480 3398 3822 3472 μαχλώσαις

2154 3488 2380 3560 ἡδοναῖς
2435 3491 2673 3566 (χοίροις
2729 3492 2833 3566 γάρ
2890 3488 3124 3544 ἐοίκασιν
3186 3490 3388 3560 αὗται),
3432 3487 3525 3543 ’ἕνα
3587 3491 3666 3561 μή
3718 3492 3820 3551 τὰς

2156 3580 2349 3655 ἀρετὰς
2381 3582 2534 3635 αὗται
2576 3584 2985 3655 καταφαγοῦσαι
3034 3578 3287 3655 χοιρώδη
3324 3580 3442 3654 βίον
3494 3579 3585 3634 καὶ
3634 3579 3823 3634 πολυ-

2155 3674 2299 3739 παθῆ
2335 3673 2431 3739 τήν
2465 3672 2651 3749 ψυχὴν
2688 3672 2948 3746 βιοτεύειν
2981 3670 3460 3745 παρασκευάσωσιν
3488 3669 3555 3725 ³⁷.

2224 3762 2344 3818 ’Ὁτι
2397 3763 2423 3815 ὁ
2491 3761 2767 3837 Ὠριγένης
2798 3763 2863 3831 ⁸⁸,
2921 3761 2978 3814 ὃν
3035 3761 3339 3833 Κένταυρον
3409 3761 3589 3821 καλεῖ,
3661 3757 3825 3834 ἔλεγε

2158 3849 2431 3905 συναίδιον
2492 3852 2628 3905 εἶναι
2678 3854 2757 3922 τῷ
2810 3863 2964 3923 μονῳ
3014 3854 3165 3925 σοφῷ
3216 3848 3308 3903 καὶ
3354 3844 3647 3923 ἁπροσδεεῖ
3700 3854 3824 3920 Θεῷ

2154 3940 2217 3994 τὸ
2267 3944 2388 3995 πᾶν.
2422 3942 2656 4017 Ἔφασκε
2705 3939 2831 4014 γὰρ,
2883 3937 2949 3993 Ei
2993 3940 3095 3993 οὐκ
3144 3932 3256 3993 ἔστι
3305 3936 3648 4011 δημιουργὸς
3694 3937 3823 3992 ἄνευ

2157 4027 2692 4105 δημιουργημάτων,
2743 4028 2777 4097 ἢ
2827 4029 3069 4098 ποιητὴς
3113 4031 3235 4083 ἄνευ
3280 4029 3639 4099 ποιημάτων,
3690 4024 3825 4082 οὐδὲ

2154 4121 2548 4193 παντοκράτωρ
2590 4119 2714 4173 ἄνευ
2769 4124 2876 4172 τῶν
2936 4116 3313 4192 κρατουμένων
3373 4117 3490 4188 (τὸν
3551 4118 3657 4192 γὰρ
3720 4115 3825 4187 δη-

2158 4209 2416 4283 μιουργὸν
2483 4205 2569 4262 διὰ
2627 4210 2692 4262 τά
2752 4203 3221 4280 δημιουργήματα
3290 4206 3497 4280 ἀνάγκη
3572 4206 3663 4259 xui
3723 4207 3823 4259 τὸν

2153 4298 2389 4366 ποιητὴν
2423 4294 2513 4351 διὰ
2549 4299 2615 4351 τὰ
2666 4299 2950 4370 ποιήματα
2981 4298 3070 4349 καὶ
3119 4296 3208 4350 τὸν
3262 4296 3686 4370 παντοκράτορα
3729 4293 3825 4348 διὰ

2151 4386 2218 4440 τὰ
2259 4387 2604 4460 κρατοεὸμενα
2641 4385 2933 4461 λέγεσθαι),
2979 4385 3180 4460 ἀνάγκη
3218 4383 3266 4457 ἐξ
3310 4384 3490 4458 ἀρχῆς
3530 4384 3669 4439 αὐτά
3712 4384 3823 4439 ὑπὸ

2154 4476 2251 4532 τοῦ
2302 4481 2434 4532 Θεοῦ
2478 4479 2819 4553 γεγενῆσθαι,
2860 4478 2950 4531 καὶ
3011 4478 3087 4548 μὴ
3149 4476 3277 4530 εἶναι
3319 4476 3523 4553 χρόνον
3576 4476 3668 4530 ὅτε
3715 4475 3829 4529 οὐκ

2162 4569 2227 4635 ἦν
2260 4572 2449 4623 ταῦτα.
2486 4566 2548 4621 Ei
2578 4567 2680 4642 γὰρ
2710 4568 2776 4636 ἦν
2818 4568 3017 4641 χρόνος
3050 4565 3137 4620 ὅτε
3171 4565 3271 4620 οὐκ
3297 4565 3364 4633 ἦν
3405 4565 3468 4617 τά
3497 4566 3816 4633 ποιήματα,

2162 4656 2276 4711 ἐπεὶ
2307 4661 2414 4711 τῶν
2467 4656 2792 4728 ποιημάτων
2846 4664 2919 4728 μή
2971 4650 3139 4710 ὄντων
3182 4652 3307 4710 οὐδὲ
3352 4654 3583 4721 ποιητής
3634 4651 3812 4718 ἐστιν,

2163 4747 2264 4819 ὅρα
2313 4748 2432 4800 οἷον
2480 4740 2668 4808 ἀσεϐὲς
2720 4744 3029 4801 ἀκολουθεῖ.
3082 4744 3262 4801 Ἀλλά
3306 4743 3390 4797 καὶ
3446 4739 3826 4796 ἀλλοιοῦσθαι

2163 4836 2251 4891 καὶ
2302 4830 2662 4909 μεταϐάλλειν
2703 4836 2793 4889 τὸν
2830 4836 3089 4909 ἄτρεπτον
3126 4834 3218 4888 καὶ
3258 4831 3631 4888 ἀναλλοίωτον
3667 4852 3835 4903 συμ-

2165 4921 2388 4996 ϐήσεται
2424 4924 2575 4981 θεόν.
2612 4924 2673 4979 Ei‘
2702 4924 2802 5000 γὰρ
2863 4923 3082 4997 ὕστερον
3115 4923 3384 4993 πεποίηκε
3431 4922 3494 4977 τὸ
3544 4927 3670 4989 πᾶν,
3728 4918 3837 4992 δη-

2164 5013 2260 5069 λον
2292 5016 2373 5069 ὅτι
2404 5014 2509 5069 ἀπὸ
2541 5016 2585 5051 3’
2614 5017 2710 5069 τοῦ
2762 5015 2838 5087 μὴ
2879 5015 3061 5069 ποιεῖν
3100 5014 3179 5075 εἷς
3208 5013 3269 5068 τὸ
3315 5016 3492 5066 ποιεῖν
3531 5006 3831 5083 μετέϐαλε.

1756 5123 1999 5180 VARIzE
2042 5125 2452 5182 LECTIONES.

478 5227 527 5303 ξε
555 5225 864 5303 παρέλαϐον

409 5298 741 5384 στὸνυπίστις
778 5304 867 5384 AB
900 5298 980 5369 δή
1024 5301 1102 5384 εἷς
1151 5302 1333 5355 πίστιν

411 5373 594 5429 αὐτοῖς
652 5374 707 5425 Β.

1068 5230 1118 5264 99
1148 5229 1285 5303 κατὰ
1314 5229 1426 5303 “cui:
1450 5233 1577 5303 Xp.

1563 5292 1877 5377 ³³’βάλλετε

1772 5230 1818 5267 3°
1854 5230 2048 5304 βάλετε
2077 5237 2143 5289 Α.
2248 5234 2290 5269 ³¹
2334 5230 2636 5305 ἔμπροσθεν
2668 5250 2683 5305 ι

1772 5314 1877 5358 tera
2061 5376 2068 5378 _
2104 5305 2150 5378 δέ
2180 5299 2562 5378 παρ-αϐάλλετε

3581 5232 3657 5305 εἷς
3682 5232 3845 5305 *Χρι-

2248 5234 2290 5269 ³ί
2334 5225 2636 5305 ἔμπροσθεν
2668 5238 2797 5305 post
2829 5235 3037 5306 χοιρῶν
3065 5232 3229 5304 ponit
3263 5233 3324 5287 B.
3431 5233 3480 5268 π
3507 5233 3541 5301 ἡ
3581 5232 3657 5292 εἷς
3690 5232 3845 5305 Χρι-

2248 5299 2562 5373 εραϐάλλετε
2788 5306 2832 5340 ³⁵
2862 5303 2939 5365 είς
2986 5303 3475 5376 τὸνλΧριστᾷνλΑη
3556 5303 3605 5339 ³⁵
3635 5302 3849 5376 αὐτάς]

3635 5323 3818 5367 αυτας

2788 5303 2841 5340 ³⁵”
2856 5303 2940 5377 είς
2986 5303 3081 5377 τὸν
3100 5303 3362 5377 Χριστος)-
3379 5309 3450 5359 Α.

814 5372 857 5407 ³⁷
897 5366 1189 5451 ’βιωτεύειγ
1240 5366 1737 5451 παραξςκευάσουσιν
1792 5383 1891 5451 Δ.-
1925 5366 2005 5451 ’ξε
2051 5376 2077 5429 ὁ
2124 5366 2423 5451 Ὠριγὲνης]
2464 5376 2529 5430 οὐ
2578 5366 2671 5451 τὸν
2721 5375 3004 5451 ’ῼριγένην
3054 5366 3219 5449 λέγὶι,
3271 5366 3851 5451 ἀλλ’ᾼὸ-Ὡριγένηξ

409 5437 708 5515 Κένταυρόν
741 5463 857 5496 τινα
887 5437 1117 5517 ὀνόματι
1168 5437 1589 5518 ἐπιλαμδάνεται
1632 5447 1833 5517 ταύτης
1876 5446 2139 5522 ἐχόμενον
2172 5437 2270 5518 τῆς
2302 5437 2463 5520 δάξῆς
2493 5455 2592 5519 τῆς
2640 5437 2867 5511 ἀσεϐοῦς
2909 5437 3024 5521 mg.
3057 5437 3140 5504 rc:
3172 5437 3238 5505 Β.

3344 5448 3392 5483 ³⁸
3415 5446 3522 5500 ἀπὸ
3556 5446 3691 5504 om;
3724 5456 3849 5507 AB.

1998 5556 2232 5612 NOTAE.

488 5645 601 5719 (83)
636 5647 917 5705 Melodius
941 5651 1242 5721 Origenem
1276 5657 1618 5712 centaurum
1648 5656 1971 5729 appellavit.
2012 5657 2179 5712 Bene.
