4100 6242
317 358 465 416 1141

1391 351 1936 413 BIBLIO'l‘HECA.
1984 381 2060 398 --
2105 350 2274 412 COD.
2325 351 2656 416 CCXXXV.

3570 368 3731 429 1H2

311 493 444 565 [495
489 491 582 563 Η.]
620 492 791 544 Τοῦτο
841 485 897 542 δὶ
954 487 1157 543 ἄτοπον
1193 486 1328 558 μετὰ
1373 491 1480 541 τῶν
1532 487 1944 562 προειρημένων

2085 488 2220 542 dum
2254 489 2580 545 transiisse.
2604 489 2714 546 Sed
2739 490 2847 546 hoc
2871 509 2986 549 una
3011 510 3143 551 eum
3177 501 3488 560 antedictis
3518 503 3733 562 absur-

314 581 434 637 Οὐκ
462 578 564 652 ἄρα
596 575 824 632 δυνατὸν
857 575 1035 653 λέγειν
1082 579 1156 650 μή
1193 576 1325 631 εἶναι
1377 576 1618 655 ἄναρχον
1650 577 1740 630 καὶ
1789 575 1965 630 συναί-

315 669 429 722 διον
461 672 540 738 τῷ
571 671 686 739 Θεῷ
715 668 778 721 τὸ
804 671 931 722 πᾶν.

385 759 528 832 Πρὸς
579 757 637 811 ὃν
688 778 822 836 φησι
865 754 933 810 δι’
985 755 1167 828 ἑτέρου
1216 756 1514 830 προσώπου
1564 756 1592 808 6
1641 751 1794 829 ἅγιος
1837 754 1966 827 ἐρω-

310 853 440 905 τῶν.
474 846 610 922 ’Δρά
638 867 698 921 γε
730 845 920 919 σοφίας
968 845 1058 900 καὶ
1091 843 1249 914 δόξης
1280 845 1368 899 καὶ
1418 840 1742 914 συλλήϐδην
1785 844 1967 911 πάσης

309 937 513 1012 ἀρετῆς
557 936 740 1014 ἀρχὴν
789 937 879 990 καὶ
928 937 1114 1012 πηγὴν
1166 933 1468 1002 οὖσιωδῶς,
1519 933 1665 989 ἀλλὰ
1720 935 1793 1005 μή
1846 931 1966 988 ἐπι-

309 1029 527 1097 κτήτως
557 1028 673 1100 ἡγῇ
703 1027 796 1080 τὸν
830 1025 998 1094 Θεόν;
1031 1026 1059 1079 6
1092 1022 1169 1094 δὶ,
1203 1024 1324 1081 Ναί.
1358 1025 1418 1080 Τί
1455 1021 1514 1078 δὲ
1542 1023 1678 1096 πρὸς
1707 1022 1922 1084 τούτοις
1949 1040 1963 1093 ;

311 1115 440 1190 οὐχὶ
469 1115 680 1176 τὲλειος
709 1117 886 1185 πάντη
923 1113 990 1168 δι’
1043 1115 1230 1168 ἑαυτὸν
1262 1113 1350 1168 καὶ
1399 1109 1705 1187 ἀπροσδεής
1734 1133 1749 1182 ;
1798 1110 1966 1182 Ἀλη-

310 1209 398 1274 θῆ.
435 1205 750 1279 Ἀμήχανον
798 1205 901 1281 γὰρ
931 1205 993 1258 τὸ
1045 1200 1335 1277 ἀπροσδεὲς
1381 1199 1448 1256 δι’
1497 1199 1680 1276 ἓτερον
1734 1201 1863 1256 εἶναί
1912 1223 1965 1256 τι

317 1289 610 1366 ἀπροσδεές
637 1319 652 1362 ;
684 1293 1026 1366 Ἀμήχανον.
1062 1296 1168 1345 Πᾶν
1202 1291 1304 1365 γὰρ
1338 1290 1400 1344 τὸ
1432 1286 1502 1343 δι’
1530 1287 1713 1363 ’ἅτερον
1755 1285 1964 1361 πλῆρες

314 1383 374 1437 ὃν
422 1382 509 1437 καὶ
563 1379 749 1442 ἀτελὲς
808 1379 1064 1447 λεκτέονς
1123 1379 1384 1453 Ἀνάγκη.
1440 1380 1508 1432 Τὸ
1567 1378 1671 1452 γὰρ
1710 1377 1840 1432 αὐτὸ
1892 1374 1964 1432 δι’

317 1471 474 1526 ἱαυτὸ
511 1471 706 1526 ἑαυτοῦ
761 1468 1045 1544 πλήρωμα
1094 1470 1176 1538 δν,
1225 1470 1315 1522 καὶ
1366 1467 1496 1523 αὐτὸ
1550 1467 1600 1521 ἐν
1649 1468 1822 1538 ἑαυτῷ
1865 1465 1964 1539 μὲ-

311 1581 424 1630 νον,
449 1559 659 1616 τέλειον
685 1559 1003 1615 εἶναιτοῦτο
1038 1558 1204 1632 μόνον
1238 1555 1516 1627 δοξαστέον
1547 1575 1559 1625 ;
1592 1558 1963 1627 Ἀληθὲστατα

311 1648 514 1725 λέγεις,
541 1651 618 1705 Τὸ
651 1647 707 1704 δὲ
760 1651 898 1722 μήτε
937 1649 1064 1703 αὐτὸ
1099 1646 1167 1703 δι’
1211 1648 1366 1702 ἑαυτὸ
1403 1649 1543 1720 μήτε
1592 1645 1721 1701 αὐτὸ
1762 1647 1955 1700 ἑαυτοῦ

312 1737 601 1811 πλήρωμα
649 1738 706 1792 ὃν
760 1737 924 1814 φαίης
983 1737 1042 1792 ὸὶν
1099 1733 1432 1812 ἀπροσδεές;
1491 1733 1777 1807 Οὐδαμῶς.
1842 1735 1958 1792 Οὐκ

2078 578 2214 632 dum
2248 586 2351 645 est,
2384 595 2518 650 ergo
2567 579 2678 633 dici
2731 598 2845 635 non
2900 588 3090 651 potest
3139 603 3252 642 non
3284 604 3412 647 esse
3443 594 3726 668 principii

2075 682 2281 738 expers
2312 672 2368 722 et
2398 668 2513 723 Deo
2545 678 2887 726 coazternum
2921 671 3027 728 hoc
3061 675 3415 738 universum.

2145 757 2291 813 Huic
2341 762 2649 829 respondet
2698 759 2811 815 alia
2860 763 3026 830 quasi
3073 781 3322 834 persona
3352 785 3453 839 per
3481 771 3722 830 interro-

2074 846 2367 915 gationem
2429 847 2960 917 [sermocinationis
3018 852 3140 908 sive
3199 855 3476 929 dialogi]:
3518 864 3722 918 Nonne

2076 936 2252 990 Deum
2303 936 2605 993 existimas
2654 938 3006 1011 principium
3037 947 3094 998 et
3135 945 3355 1001 fontem
3401 949 3721 1020 sapientiae,

2074 1023 2292 1094 glorias,
2324 1031 2378 1079 et
2424 1025 2602 1080 simul
2649 1028 2840 1084 omnis
2885 1029 3118 1087 virtutis
3167 1034 3634 1094 substantialiter
3669 1046 3727 1096 et

2076 1129 2190 1167 non
2221 1113 2518 1168 ascititie?
2549 1114 2720 1183 Sane,
2754 1117 2963 1188 inquit,
2997 1121 3096 1176 sed
3139 1123 3279 1192 quid
3315 1124 3422 1180 hoc
3454 1127 3526 1181 ad
3559 1131 3728 1184 rem?

2075 1201 2277 1258 Nonne
2323 1203 2590 1258 absolute
2622 1221 2720 1275 per
2751 1208 3011 1276 seipsum
3062 1210 3354 1280 perfectus
3385 1218 3475 1270 est
3506 1220 3564 1270 et
3597 1216 3725 1272 nul-

2075 1290 2187 1346 lius
2216 1290 2530 1362 indigens?
2557 1293 2640 1348 Ita
2678 1300 2786 1352 est.
2836 1295 3205 1368 Impossibile
3237 1302 3390 1357 enim
3427 1309 3538 1371 est,
3571 1310 3634 1360 ut
3664 1307 3722 1362 id

2075 1382 2230 1450 quod
2266 1381 2486 1436 nullius
2515 1383 2760 1454 indiget,
2793 1384 2871 1440 sit
2901 1392 3138 1458 propter
3175 1389 3421 1446 alterum
3471 1393 3718 1466 aliquid,

2075 1469 2272 1540 [quam
2323 1471 2521 1542 etiam]
2573 1473 2793 1529 nullius
2851 1476 3140 1548 indigens.
3191 1478 3554 1551 Impossibile
3599 1483 3724 1556 [in-

2075 1559 2296 1630 quam].
2330 1560 2624 1631 Quidquid
2657 1562 2810 1617 enim
2845 1569 3083 1636 propter
3112 1568 3364 1624 alterum
3401 1572 3718 1642 perfectum

2068 1651 2176 1712 est,
2220 1664 2458 1704 necesse
2505 1659 2591 1705 est
2640 1651 2868 1708 dicatur
2915 1654 3345 1726 imperfectum.
3397 1659 3514 1716 Hoc
3561 1661 3718 1718 enim

2069 1737 2258 1792 solum
2288 1739 2442 1809 quod
2468 1745 2702 1811 propter
2724 1742 2983 1814 seipsum
3007 1745 3100 1799 sui
3125 1746 3310 1816 ipsius
3335 1751 3608 1819 perfectio
3631 1754 3722 1807 est

313 1828 416 1903 ἄρα
447 1830 475 1883 6
524 1830 652 1890 Θεὸς
685 1827 893 1890 τέλειος
940 1825 1029 1882 διά
1057 1849 1108 1882 τι
1157 1829 1565 1900 νομισθήσεται.
1616 1831 1681 1882 ‘0
1722 1826 1822 1898 γὰρ
1873 1823 1953 1878 διά

2069 1830 2126 1880 et
2149 1827 2205 1880 in
2240 1827 2430 1898 seipso
2454 1834 2665 1899 manet,
2691 1831 3010 1901 perfectum
3043 1815 3165 1888 esse
3197 1815 3557 1894 censendum
3591 1841 3722 1896 est?

312 1940 366 1973 τι
425 1916 635 1973 τέλειόν
696 1917 859 1987 ἐστιν,
918 1917 1046 1972 αὐτὸ
1112 1917 1228 1971 καθ’
1285 1917 1442 1970 ἑαυτὸ
1498 1913 1683 1976 ἀτελὲς
1749 1914 1952 1990 ἀνάγκη

300 1999 636 2083 τυγχάνεινξ
687 2007 944 2081 Ἀνάγκη.
998 2005 1204 2062 Οὐκοῦν
1255 2004 1346 2058 καὶ
1405 2005 1431 2058 6
1493 2005 1622 2064 Θεὸς
1681 2002 1842 2063 αὐτὸς
1885 2000 1956 2055 δι’

304 2097 491 2151 ἑαυτὸν
516 2094 748 2164 τὲλειος,
789 2094 915 2152 ἀλλ’
947 2094 1008 2150 οὐ
1041 2092 1111 2149 δι’
1138 2093 1324 2165 ἕτερον
1355 2095 1736 2167 λογισθήσεται
1763 2112 1776 2160 ς
1827 2093 1952 2167 Ὀρ-

305 2185 522 2243 θότατα.
569 2188 699 2256 [936
747 2188 838 2259 Η.]
882 2189 1105 2261 Ἕτερον
1153 2187 1283 2247 Θεὸς
1350 2185 1582 2257 κόσμου,
1632 2185 1721 2238 καὶ
1767 2180 1948 2255 ἕτερον

299 2276 508 2348 κόσμος
535 2280 708 2345 Θεοῦ;
761 2275 1070 2339 Παντελῶς.
1120 2276 1229 2330 Οὐκ
1278 2272 1378 2347 ἄρα
1423 2271 1632 2329 τέλειον
1679 2275 1871 2352 φατὲον
1904 2273 1951 2307 ⁴⁰

298 2366 392 2420 καὶ
451 2362 788 2442 δημιουργὸν
841 2365 926 2419 καὶ
988 2365 1396 2440 παντοκράτορα
1456 2361 1544 2418 διὰ
1599 2362 1805 2435 κόσμον
1854 2363 1946 2417 τὸν

300 2457 471 2526 Θεόν;
504 2452 597 2510 Οὔ.
650 2456 838 2518 Ὅπως
879 2457 1005 2528 [μή]
1038 2453 1109 2510 δι’
1155 2456 1364 2521 ἑαυτὸν,
1401 2452 1544 2508 ἀλλᾶ
1596 2455 1670 2525 μή
1715 2450 1806 2507 διὰ
1852 2452 1950 2507 κό-

300 2566 462 2618 σμον,
496 2545 586 2599 καὶ
636 2550 804 2600 ταῦτα
846 2547 1098 2618 τρεπτὸν,
1131 2544 1290 2606 αὐτὸς
1336 2546 1454 2599 καθ’
1498 2545 1686 2599 ἑαυτὸν
1737 2541 1948 2607 τέλειος

300 2633 644 2709 εὗρίσκοιτος
692 2634 1109 2706 Ιῐροσηκόντως.
1154 2635 1222 2690 Τί
1269 2632 1362 2700 δέ;
1413 2635 1504 2688 τὸν
1551 2633 1812 2688 πλούσιον
1861 2631 1951 2688 διὰ

302 2725 393 2778 τὸν
429 2721 666 2778 πλοῦτον
709 2723 927 2779 λεκτέον
975 2723 1278 2791 πλούσιον;
1332 2725 1561 2794 Ὀρθῶς.
1598 2723 1697 2779 Καὶ
1729 2723 1820 2778 τὸν
1856 2744 1951 2777 σο-

307 2815 407 2892 φὸν
457 2814 591 2869 κατά
634 2817 878 2889 μετοχὴν
909 2821 1008 2883 τῆς
1055 2811 1352 2876 ουσιώδους
1403 2815 1615 2893 σοφίας,
1649 2813 1746 2868 οὐκ
1789 2813 1949 2867 αὐτὸν

302 2905 494 2979 σοφίαν
545 2901 692 2975 ὄντα,
755 2906 921 2980 σοφὸν
977 2905 1481 2979 προσαγορευτέον;
1552 2904 1675 2960 Ναί.
1735 2902 1794 2956 Τί
1853 2901 1946 2972 δὲ;

298 2995 388 3049 καὶ
451 2994 542 3049 τὸν
602 2995 749 3065 Θεὸν,
806 2991 987 3069 ἕτερον
1046 2992 1174 3048 ὄντα
1239 2993 1450 3066 κόσμου
1475 2996 1538 3063 ⁴¹,
1601 2991 1688 3046 διὰ
1743 2993 1948 3064 κόσμον

295 3081 464 3157 ταύτῃ
510 3083 772 3138 πλούσιον
823 3083 913 3138 καὶ
966 3082 1248 3158 εὐεργέτην
1297 3084 1387 3137 καὶ
1428 3080 1768 3156 δημιουργὸν
1816 3081 1952 3150 κλη-

2068 1915 2374 1971 Verissime
2423 1933 2649 1974 censes.
2685 1921 2841 1984 Quod
2887 1925 3080 1977 autem
3109 1939 3300 1996 neque
3331 1926 3545 1998 ipsum.
3580 1946 3718 2000 pro-

2067 2010 2196 2076 pter
2224 2007 2508 2077 seipsum,
2530 2023 2716 2078 neque
2737 2009 2932 2079 ipsum
2955 2011 3046 2065 sui
3080 2012 3266 2082 ipsius
3297 2020 3388 2070 est
3419 2018 3716 2088 perfectio,

2063 2093 2221 2150 dices
2249 2095 2424 2150 alieni
2455 2113 2570 2152 non
2599 2104 2866 2169 egentem
2887 2100 2916 2154 ‘I
2945 2100 3352 2174 Nequaquam.
3391 2106 3539 2162 Deus
3570 2123 3712 2178 ergo

2063 2199 2176 2238 non
2221 2186 2512 2256 perfectus
2563 2196 2798 2258 propter
2846 2190 3004 2245 aliud
3057 2192 3504 2250 existimabitur.
3549 2198 3710 2260 Quod

2059 2273 2214 2328 enim
2247 2279 2480 2344 propter
2501 2275 2656 2332 aliud
2682 2278 2993 2348 perfectum
3018 2284 3126 2349 est,
3152 2297 3346 2338 nonne
3365 2289 3456 2340 est
3477 2301 3712 2342 necesse

2061 2365 2124 2416 ut
2164 2361 2219 2418 id
2263 2363 2322 2418 in
2371 2364 2564 2435 seipso
2613 2367 2689 2421 sit
2732 2368 3182 2438 imperfectum?
3212 2371 3472 2429 Necesse.
3505 2373 3710 2430 Nonne

2060 2467 2196 2522 ergo
2245 2451 2400 2508 Deus
2450 2455 2574 2524 ipse
2623 2461 2858 2526 propter
2905 2459 3164 2529 seipsum
3209 2465 3265 2515 et
3308 2479 3422 2517 non
3472 2468 3708 2534 propter

2061 2541 2217 2596 aliud
2277 2542 2566 2612 perfectus
2616 2544 3035 2613 judicabitur?
3082 2549 3442 2605 Rectissime.
3505 2550 3711 2607 Nonne

2061 2629 2211 2685 alius
2242 2639 2328 2685 est
2357 2631 2511 2688 Deus
2542 2633 2772 2699 mundi,
2804 2639 2861 2688 et
2892 2635 3049 2690 aliud
3084 2638 3341 2692 mundus
3385 2638 3540 2693 Dei?
3568 2638 3710 2694 0m-

2061 2719 2220 2774 nino.
2251 2720 2376 2775 Non
2419 2719 2599 2792 igitur
2646 2722 2796 2778 Deus
2841 2728 2898 2778 et
2946 2729 3167 2780 creator
3215 2731 3271 2780 et
3309 2727 3700 2796 omnipotens,

2060 2809 2344 2878 perfectus
2382 2815 2467 2864 est
2505 2809 2784 2866 dicendus
2837 2818 3068 2883 propter
3115 2814 3446 2870 mundum?
3477 2816 3705 2887 Nequa-

2062 2916 2258 2971 quam,
2284 2918 2355 2956 ne
2387 2907 2622 2973 propter
2651 2905 2964 2970 mundum,
2990 2907 3310 2976 praasertim
3343 2908 3708 2978 mutabilem,

2063 3005 2128 3043 ac
2160 3006 2272 3046 non
2308 2997 2543 3061 propter
2563 2992 2824 3063 seipsum
2858 2993 3100 3066 [potius]
3124 2996 3353 3052 dicatur
3381 2998 3706 3052 secundum

2064 3095 2124 3136 se
2157 3081 2469 3151 perfectus,
2503 3083 2708 3138 merito
2739 3085 3170 3140 convenienter.
3205 3087 3590 3151 Quamobrem
3621 3087 3712 3141 di-

297 3171 416 3229 τέον
448 3190 463 3242 ;
494 3169 784 3246 Οὺδαμῶς,
817 3171 986 3247 ἄπαγε
1021 3175 1089 3229 η.
1121 3172 1326 3228 Οὐκοῦν
1362 3171 1522 3236 αὐτὸς
1551 3173 1742 3226 ἑαυτοῦ
1782 3169 1953 3226 πλοῦ-

2067 3143 2189 3237 ves,
2223 3187 2414 3226 nonne
2447 3143 2676 3243 propter
2708 3173 2945 3228 divitias
2972 3174 3131 3230 dives
3161 3143 3549 3247 appellandus
3579 3176 3714 3231 est?

295 3282 408 3331 τος,
459 3262 547 3317 καὶ
582 3259 651 3318 δι’
700 3262 857 3318 αὐτὸν
909 3263 1178 3324 πλούσιος
1237 3261 1326 3316 καὶ
1380 3259 1611 3324 δυνατὸς
1657 3260 1956 3336 τυγχάνεις

297 3355 536 3408 Ἔοικεν.
568 3357 668 3409 Ἦν
721 3351 823 3427 ἄρα
869 3354 960 3408 καὶ
1009 3354 1116 3427 πρὸ
1165 3353 1374 3424 κόσμου
1423 3352 1598 3421 πάντη
1645 3349 1954 3426 ἀπροσδεὴς

300 3439 374 3494 ὢν
432 3441 525 3496 καὶ
582 3441 768 3516 Πατὴρ
834 3440 923 3496 καὶ
980 3442 1375 3515 παντοκράτωρ
1433 3441 1518 3494 καὶ
1582 3437 1949 3515 δημιουργὸς,

302 3527 452 3591 ὅπως
484 3529 533 3564 ⁴³
591 3526 660 3583 δι’
719 3530 924 3598 ἑαυτὸν,
966 3528 1118 3584 ἀλλὰ
1178 3531 1253 3601 μὴ
1315 3527 1384 3583 δι’
1439 3526 1620 3603 ἕτερον
1657 3533 1827 3584 ταῦτα
1875 3527 1948 3600 fi;

295 3618 558 3693 Ἀνάγκη.
592 3616 656 3674 Et
689 3617 791 3694 γάρ
824 3614 913 3672 διὰ
949 3617 1155 3690 κόσμον
1184 3617 1274 3672 καὶ
1315 3615 1443 3696 οὒχὶ
1487 3615 1557 3672 δι’
1597 3618 1802 3687 ἑαυτὸν,
1837 3617 1952 3670 ἕτε-

303 3727 392 3782 ρος
459 3706 534 3763 ὣν
590 3705 803 3782 κόσμου
832 3711 898 3776 ⁸⁸,
956 3713 1348 3784 παντοκρτάωρ
1418 3709 1746 3783 γνωρίζοιτο
1801 3709 1951 3781 (συγ-

297 3799 531 3875 γνώμην
561 3799 590 3850 ὁ
621 3799 773 3868 Θεὸς,
807 3797 1176 3874 ἀναγκάζομαι
1209 3797 1313 3875 γὰρ
1342 3803 1504 3853 τοῦτο
1545 3798 1758 3869 εἰπεῖν),
1791 3796 1952 3856 αὐτὸς

297 3888 419 3940 καθ’
471 3887 662 3942 ἑαυτὸν
703 3885 902 3956 ἃτελής
931 3887 978 3923 ⁴⁸
1027 3885 1174 3943 ἔσται
1202 3889 1245 3924 ⁸⁸
1291 3886 1380 3940 καὶ
1419 3883 1690 3960 προσδεης
1737 3882 1947 3938 τούτων

299 3973 370 4030 δι’
427 3975 460 4029 ἃ
515 3977 909 4052 παντοκράτωρ
968 3977 1058 4032 καὶ
1121 3975 1465 4052 δημιουργός
1521 3975 1704 4042 ἐστινς
1762 3975 1948 4048 Ὑπερ-

298 4069 470 4142 φυῶς.
501 4065 612 4120 Οὐκ
643 4065 748 4140 ἄρα
776 4063 1098 4120 ἀποδεκτέον
1129 4064 1332 4134 ταύτην
1364 4066 1461 4132 τὴν
1501 4062 1748 4137 ὀλέθριον
1777 4063 1950 4134 ἁμαρ-

294 4155 414 4209 τίαν
463 4155 588 4226 περὶ
643 4159 778 4210 Θεοῦ
823 4159 932 4210 τῶν
995 4154 1270 4230 λεγόντων
1329 4153 1738 4228 παντοκράτορα
1786 4150 1874 4206 καὶ
1905 4153 1948 4189 ⁸⁷

296 4237 643 4315 δημιουργὸν
684 4239 774 4297 διὰ
809 4245 878 4298 τὰ
924 4245 1269 4317 κρατούμενα
1315 4243 1404 4298 καὶ
1457 4240 1950 4316 δημιουργούμενα

293 4333 518 4406 τρεπτὰ,
551 4331 680 4387 ἀλλ’
712 4333 774 4388 οὐ
807 4331 876 4388 δι’
907 4332 1094 4389 ἑαυτὸν
1125 4335 1261 4389 εἶναι
1293 4335 1386 4388 τὸν
1418 4332 1571 4389 Θεόν.

2074 3260 2266 3316 Recte.
2293 3261 2360 3315 Et
2380 3261 2614 3330 sapiens
2646 3263 2968 3318 secundum
2996 3263 3494 3333 participationem
3524 3281 3715 3321 essen-

2063 3349 2222 3404 tialis
2251 3351 2566 3420 sapientia,
2592 3351 2692 3423 qui
2727 3369 2841 3407 non
2874 3357 2962 3408 est
2990 3353 3118 3423 ipsa
3147 3353 3452 3423 sapientia,
3477 3354 3713 3426 sapiens

2061 3444 2254 3494 tamen
2305 3439 2590 3496 dicendus
2638 3443 2774 3496 est?
2804 3444 2974 3497 Sane.
3009 3444 3096 3497 An
3145 3458 3281 3515 ergo
3323 3449 3378 3499 et
3413 3445 3584 3511 Deus,
3616 3441 3717 3515 qui

2062 3543 2176 3583 non
2209 3532 2298 3584 est
2330 3531 2608 3598 mundus,
2633 3537 2870 3602 propter
2891 3532 3176 3587 mundum
3210 3539 3400 3588 tamen
3425 3533 3508 3588 sic
3530 3533 3712 3600 dives,

2061 3616 2393 3674 benefactor
2413 3627 2465 3674 et
2489 3625 2715 3674 creator
2735 3621 3136 3676 nominandus
3161 3621 3283 3675 est?
3302 3621 3710 3703 Nequaquam,

2061 3722 2261 3777 apage.
2297 3707 2499 3763 Nonne
2545 3708 2669 3778 ipse
2717 3708 2774 3763 in
2826 3709 3020 3779 seipso
3065 3713 3123 3763 et
3171 3718 3403 3779 propter
3452 3710 3709 3779 seipsum

2060 3795 2222 3850 dives
2270 3813 2335 3851 ac
2385 3802 2588 3867 potens
2635 3795 3058 3852 est?Videtur.
3095 3800 3298 3851 Eratne
3345 3797 3521 3851 etiam
3573 3800 3708 3851 ante

2061 3884 2264 3938 mundi
2316 3885 2703 3951 molitionem,
2736 3885 2976 3940 omnino
3009 3884 3190 3939 nullis
3220 3884 3510 3956 indigens,
3546 3889 3712 3956 pater

2059 3988 2266 4042 nempe
2292 3977 2350 4027 et
2378 3972 2768 4042 omnipotens,
2801 3977 2857 4028 et
2886 3977 3132 4040 creator,
3165 3973 3308 4028 adeo
3357 3977 3424 4028 ut
3470 3977 3709 4045 propter

2059 4060 2317 4131 seipsum
2350 4068 2403 4116 et
2433 4077 2548 4116 non
2601 4065 2834 4131 pr0pter
2861 4061 3018 4116 aliud
3050 4062 3123 4117 sit
3154 4061 3274 4116 base
3322 4061 3568 4117 omnia?
3596 4065 3710 4118 Ne-

2060 4152 2379 4207 cessarium
2429 4156 2534 4207 est.
2568 4151 2628 4207 Si
2679 4151 2836 4206 enim
2881 4156 3118 4223 propter
3163 4152 3473 4219 mundum,
3505 4156 3562 4207 et
3593 4167 3710 4207 non

2059 4245 2294 4313 pr0pter
2323 4241 2579 4311 seipsum
2614 4240 2766 4296 alius
2797 4258 2830 4296 a
2859 4257 2955 4296 mu
2969 4242 3082 4297 ndo
3113 4241 3418 4308 exsistens,
3444 4241 3711 4312 omnipo-

2057 4336 2187 4387 tens
2217 4347 2337 4386 esse
2369 4330 2790 4402 intelligeretur
2810 4332 2975 4401 (pace
3005 4337 3108 4386 tua
3129 4331 3303 4395 Deus,
3326 4331 3599 4402 cogorita
3625 4331 3712 4386 lo-

294 4423 438 4495 qui;
474 4422 600 4494 ipse
625 4426 950 4480 secundum
998 4425 1258 4497 seipsum
1308 4425 1685 4497 imperfectus
1735 4429 1903 4488 esset,
1937 4424 1993 4476 et
2038 4420 2310 4491 indigens
2342 4420 2454 4488 bis,
2489 4437 2739 4492 quorum
2789 4435 2966 4476 causa
3017 4419 3382 4491 omnipotens
3411 4424 3468 4474 et
3492 4424 3716 4475 creator

295 4517 386 4570 est
407 4514 884 4585 supernaturalis.
901 4515 1272 4586 Rejiciendus
1294 4531 1431 4586 ergo
1456 4514 1810 4588 perniciosus
1830 4527 1992 4567 error
2012 4527 2238 4579 eorum,
2253 4510 2349 4582 qui
2370 4511 2571 4566 dicunt
2593 4512 2664 4565 de
2685 4509 2819 4576 Deo,
2835 4509 3019 4565 Deum
3035 4525 3149 4564 non
3171 4515 3402 4580 propter
3423 4508 3709 4580 seipsum,

295 4602 396 4658 sed
433 4607 672 4674 propter
695 4603 888 4659 808a
919 4604 1212 4674 subjectas
1240 4620 1330 4659 res
1364 4608 1422 4659 et
1453 4608 1692 4670 creatas,
1725 4617 1852 4672 quae
1885 4599 2200 4657 mutabiles
2231 4605 2390 4667 sunt,
2423 4615 2548 4654 esse
2579 4599 3033 4670 omnipotentem
3066 4603 3124 4654 et
3153 4605 3494 4654 creatorem.

367 4692 505 4766 Ὅρα
535 4688 594 4745 δὲ
623 4692 710 4746 καὶ
763 4689 869 4746 ὧδε
911 4710 926 4723 ο

297 4778 506 4853 κόσμος
541 4782 619 4855 μὴ
664 4782 925 4855 πρότερον
960 4781 1008 4817 ‘3
1055 4778 1151 4850 ὢν,
1199 4775 1560 4854 μεταϐάλλειν
1612 4779 1812 4854 ἀνάγκη
1854 4779 1948 4833 τὸν

297 4868 479 4938 ἀπαθῆ
512 4875 601 4924 καί
636 4869 1005 4926 ἀναλλοίωτον
1048 4869 1175 4926 Θεόν
1209 4891 1220 4902 ·
1255 4871 1345 4924 τὸν
1378 4871 1479 4944 γὰρ
1520 4872 1778 4924 ποιοῦντα
1808 4868 1949 4941 πρό-

293 4976 451 5030 τερον
507 4957 697 5030 μηδὲν,
749 4959 967 5036 ὕστερον
1009 4957 1086 5032 δὶ,
1127 4959 1236 5014 ἀπὸ
1281 4963 1378 5014 τοῦ
1429 4960 1503 5032 μὴ
1551 4962 1724 5013 ποιεῖν
1769 4955 1845 5018 εἷς
1885 4957 1948 5010 τὸ

291 5053 471 5102 ποιεῖν
504 5045 870 5122 μεταϐάλλειν
898 5049 989 5105 καὶ
1035 5048 1396 5104 ἀλλοιοῦσθαι
1436 5048 1669 5123 ἀνάγκη.
1711 5045 1945 5122 Ἔλεγον

289 5139 399 5213 γάρ
431 5155 445 5168 ⁸
484 5137 759 5195 Πέπαυται
794 5137 850 5195 δὶ
881 5145 978 5196 τοῦ
1009 5145 1184 5195 ποιεῖν
1212 5159 1345 5194 ποτε
1372 5139 1462 5192 τὸν
1494 5136 1699 5209 κόσμον
1733 5136 1760 5189 6
1793 5135 1944 5204 Θεὸς,

287 5229 325 5298 ἢ
387 5225 490 5298 οἷίς
551 5232 846 5288 Πὲπαυται.
907 5229 1072 5286 Οὔπω
1124 5230 1229 5307 γὰρ
1270 5229 1337 5298 ἦν
1388 5225 1810 5299 τετελειωμένος
1864 5223 1945 5283 ἄν.

287 5315 546 5389 Ἀληθές.
582 5320 645 5374 Εἰ
693 5319 788 5375 οὖν
817 5321 878 5376 τὸ
924 5325 1100 5376 ποιεῖν
1157 5318 1217 5374 ἐκ
1262 5321 1364 5373 τοῦ
1418 5321 1593 5372 ποιεῖν
1642 5313 1944 5370 ἀλλοίωσιν

977 4691 1042 4747 Εἰ
1079 4690 1322 4764 ὕστερον,
1363 4686 1520 4768 ἔφης,
1573 4689 1870 4758 πεποίηται
1918 4689 1946 4742 ὁ

2129 4689 2317 4745 Etiam
2352 4689 2433 4745 ita
2458 4689 2842 4745 ratiocinare:
2876 4688 2936 4744 Si
2964 4705 3077 4745 non
3109 4689 3182 4744 ab
3225 4692 3458 4753 aeterno,
3489 4687 3712 4760 inquis,

2061 4779 2316 4834 mundus
2347 4783 2434 4835 est
2462 4779 2752 4845 conditus,
2788 4783 2843 4834 et
2874 4778 3012 4834 olim
3045 4794 3160 4833 non
3194 4777 3322 4844 fuit,
3355 4791 3592 4832 necesse
3617 4779 3708 4830 est

2059 4868 2240 4924 Deum
2274 4868 2660 4938 impatibiiem
2693 4872 2748 4923 et
2777 4865 3198 4923 inalterabilem
3223 4865 3455 4920 mutari.
3480 4862 3708 4918 Etenim

2060 4973 2297 5013 necesse
2327 4963 2415 5012 est
2445 4957 2612 5012 illum
2665 4957 2825 5027 prius
2873 4955 3019 5010 nihil
3072 4954 3379 5010 facientem
3411 4970 3445 5008 a
3475 4968 3590 5007 non
3631 4953 3710 5007 fa-

2058 5046 2264 5102 ciendo
2297 5047 2367 5102 ad
2403 5047 2728 5102 faciendum
2776 5043 3027 5101 transire
3067 5048 3123 5098 et
3153 5042 3405 5110 mutari;
3437 5040 3709 5097 dicebant

2058 5137 2276 5191 enim:
2340 5135 2717 5206 Requievitne
2802 5134 2955 5190 Deus
3028 5150 3062 5189 a
3137 5133 3357 5188 mundo
3444 5131 3706 5186 faciendo

2057 5240 2237 5280 necne
2257 5226 2286 5280 ?
2307 5225 2642 5296 Requievit;
2677 5223 2894 5295 alioqui
2924 5223 3079 5278 enim
3113 5223 3375 5277 nondum
3403 5225 3557 5276 esset
3586 5235 3712 5290 per-

2057 5316 2266 5370 fectus.
2301 5318 2383 5371 Ita
2414 5321 2521 5372 eet.
2555 5315 2612 5370 Si
2646 5330 2782 5387 ergo
2817 5317 3022 5383 facere,
3055 5333 3086 5370 a
3120 5330 3231 5370 non
3268 5313 3553 5378 faciendo,
3591 5311 3709 5368 Deo

1656 5441 1903 5498 VARl/E
1949 5441 2365 5496 LECTIONES.

371 5563 419 5599 ιο
445 5563 661 5640 φατᾷογ]
696 5561 826 5640 φατέ
853 5566 961 5640 A_C.
1066 5561 1381 5640 ⁸ζκόσμοιρ]
1412 5561 1546 5640 lib-ri
1565 5556 1806 5640 κόσμον.

299 5633 414 5708 τός.
457 5631 493 5708 ’ί
530 5636 577 5670 ’⁸⁸
707 5631 807 5708 καὶΔ
824 5634 1039 5707 κόσμου

297 5706 393 5765 καί
423 5707 541 5768 ΑΒ.
618 5705 670 5747 ⁸⁸
703 5705 974 5787 πρότερος
999 5711 1066 5766 Δ.

1910 5557 1956 5592 η
1986 5555 2192 5631 ἄπαγε]
2217 5552 2473 5631 asscita:
2505 5559 2569 5631 4.-

1256 5630 1302 5678 λι
1328 5630 1530 5702 ἀτελής
1562 5632 1654 5689 bis
1685 5630 1915 5704 ponunt
1941 5630 2056 5686 AB.

2685 5556 2730 5590 ‘3
2763 5561 2894 5628 post
2923 5556 3072 5628 ὅπως
3102 5573 3236 5614 cum
3280 5558 3372 5613 AB
3402 5557 3577 5613 omisi
3604 5556 3714 5628 αὐ-

2153 5622 2199 5664 “
2227 5622 2398 5699 ἔσται]
2428 5628 2490 5682 ἂν
2525 5623 2670 5682 ἔσται
2704 5622 2782 5686 ι’οῖ
2821 5633 2887 5700 Δ,
2928 5626 2988 5684 ἄν
3019 5629 3084 5687 Β.
3184 5628 3230 5666 ⁴’¹
3258 5647 3524 5703 παντοκρ.
3575 5626 3714 5682 εἶναι
