4100 6242
372 343 527 404 1143

1570 341 1840 401 ΡΗΟΤΙΙ
1884 340 2413 403 ΡΑΤΒΙΑΗΟΗΕ
2456 342 2572 401 CP.

3631 340 3801 400 1144

376 474 780 531 alterationem
813 475 998 541 affert,
1034 490 1223 530 nonne
1256 475 1425 529 etiam
1461 489 1573 529 non
1607 473 1815 538 facere,
1868 490 1899 529 a
1932 473 2018 528 fa-

2152 476 2229 525 τοῦ
2280 478 2413 527 Θεοῦ
2454 474 2907 550 καταψηφίζεται,
2940 473 3071 548 οὐχὶ
3119 475 3208 528 καὶ
3254 476 3315 529 τὸ
3366 476 3441 548 μὴ
3496 478 3683 530 ποιεῖν
3745 474 3806 530 ἐκ

374 552 583 621 ciendo
606 565 633 619 ?
666 566 747 619 ita
784 580 1041 635 prorsus.
1077 563 1367 618 Mutatum
1403 566 1594 618 autem
1624 562 1841 618 diceres
1891 578 2023 617 eum

382 652 554 708 hodie
588 658 950 723 operantem,
982 652 1051 707 ab
1082 669 1145 708 eo
1179 655 1329 723 quod
1362 658 1486 707 erat
1516 669 1649 708 cum
1684 668 1797 708 non
1828 668 2028 723 opera-

376 743 581 796 retur?
608 742 1013 813 Nequaquam.
1049 742 1245 812 Neque
1276 760 1410 816 ergo
1454 744 1580 799 ideo
1614 743 1775 797 illum
1810 743 2024 797 mutari

376 846 618 886 necesse
679 831 806 898 erit,
854 834 1005 903 quod
1066 833 1237 888 faciat
1297 834 1605 899 mundum,
1640 834 1710 887 ab
1760 849 1824 888 eo
1874 832 2024 902 quod

375 924 514 988 erat,
554 922 785 989 quando
818 938 931 975 non
968 922 1237 977 faciebat.
1269 924 1455 993 Atque
1486 922 1609 993 [ita]
1661 939 1773 977 non
1828 936 2025 977 neces-

376 1010 531 1064 sario
579 1009 893 1065 dicendum
928 1013 1035 1067 erit
1066 1011 1172 1067 hoc
1207 1012 1545 1068 universum
1578 1012 1856 1067 exsistere
1897 1027 2026 1065 cum

377 1097 478 1153 illo
524 1104 760 1169 propter
807 1101 915 1156 hoc
966 1102 1157 1173 ipsum
1210 1103 1295 1157 illi
1346 1108 1717 1168 comternum,
1753 1118 1823 1158 ne
1854 1118 2029 1173 coga—

381 1203 518 1242 mur
546 1189 737 1245 dicere
766 1188 929 1246 illum
962 1208 1090 1248 esse
1124 1197 1431 1249 mutatum.

452 1280 625 1349 Atqui
658 1280 742 1336 sic
776 1298 1006 1337 mecum
1041 1284 1381 1355 disputant:
1412 1283 1711 1339 Diceresne
1742 1284 2029 1353 genitum,

379 1370 533 1439 quod
562 1371 959 1441 generationis
982 1374 1333 1445 principium
1358 1390 1471 1430 non
1495 1374 1707 1431 habet?
1727 1374 1851 1431 Non
1874 1374 2031 1446 equi~

382 1458 535 1513 dem.
568 1461 729 1526 Quod
762 1462 914 1517 enim
951 1468 1109 1518 caret
1152 1464 1540 1533 generationis
1592 1465 1898 1535 principio,
1934 1481 2033 1520 ne-

381 1548 631 1603 cessario
665 1556 753 1605 est
783 1551 1129 1621 ingenitum.
1157 1553 1213 1607 Si
1241 1557 1433 1610 autem
1466 1554 1724 1625 genitum
1758 1559 1860 1620 est,
1895 1570 2031 1609 con-

382 1639 538 1693 cedis
570 1640 639 1693 ab
688 1640 881 1710 aliqua
911 1658 1086 1697 causa
1118 1658 1239 1697 esse
1273 1645 1534 1713 genitum
1564 1659 1575 1697 :
1610 1660 1846 1713 prorsus
1879 1642 2035 1697 enim

382 1726 754 1799 impossibile
786 1734 872 1785 est
904 1732 1030 1786 sine
1062 1748 1239 1787 causa
1267 1734 1700 1804 generationem
1734 1733 2038 1789 esse?lm-

2134 564 2230 614 τοῦ
2272 562 2399 634 [μὴ]
2446 567 2657 631 ποιεῖν;
2710 563 2975 637 ’Λνάγκη.
3035 560 3408 617 Ἠλλοιῶσθαι
3460 559 3517 617 δὲ
3557 562 3729 617 αὐτὸν
3763 564 3807 598 ⁵⁸

2136 649 2300 727 φαίης
2333 653 2407 722 μή
2442 656 2706 706 ποιοῦντα
2759 654 2999 725 σήμερον
3040 652 3168 727 παρ’
3199 653 3227 706 '6
3259 653 3323 722 ἦν
3358 652 3448 707 ὅτε
3498 651 3681 707 ἐποίει
3714 651 3806 721 ⁵ος

2136 738 2430 813 Οὐδαμῶς·
2478 739 2602 795 Οὐδ’
2647 739 2749 818 ἄρα
2780 742 2859 795 ὅτ’
2908 740 3081 798 ἐποίει
3126 743 3218 797 τὸν
3265 741 3494 817 κόσμον,
3540 740 3801 812 ἠλλοιῶο

2138 831 2258 883 σΟαι
2312 830 2467 884 αὐτὸν
2520 830 2721 906 ἀνάγκη
2774 832 2899 907 παρ’
2948 832 2975 885 ’ὀ
3025 832 3091 900 ἦν
3138 829 3226 886 ὅτε
3277 830 3376 886 οὐκ
3422 830 3601 886 ἐποίει
3644 850 3657 862 ⁸
3708 832 3802 885 καὶ

2138 916 2260 973 οὔτε
2308 919 2515 993 ἀνάγκη
2569 920 2936 994 συνυπάρχειν
2986 920 3132 991 αὺτῷ
3177 921 3242 974 τὸ
3290 925 3391 974 πᾶν
3448 917 3531 974 δεῖ
3592 918 3804 996 λέγειν,

2140 1007 2227 1063 διὰ
2256 1010 2318 1065 τὸ
2362 1012 2436 1082 μή
2472 1010 2859 1083 ἀναγκάζεσθαι
2891 1009 3070 1086 λέγειν
3120 1012 3255 1081 [496
3294 1012 3387 1083 Η.]
3417 1008 3804 1078 ἠλλοιῶσθαι,

2140 1098 2261 1156 οὔτε
2290 1103 2331 1137 ⁸⁸
2368 1096 2638 1154 συναίδιον
2673 1099 2741 1155 δι’
2781 1100 2914 1156 αὐτὸ
2942 1104 3127 1157 τοῦτο.

2217 1280 2313 1336 Καί
2357 1303 2449 1353 μοι
2483 1281 2610 1359 φάθι
2641 1284 2685 1317 ⁸³
2716 1281 2805 1336 καὶ
2839 1278 2945 1336 ὧδε
2974 1299 2987 1313 ⁸
3044 1281 3270 1351 Γενητὸν
3299 1281 3361 1335 τὸ
3411 1281 3489 1352 μὴ
3540 1282 3804 1354 γενέσεως

2142 1366 2267 1444 ἕχον
2302 1369 2482 1442 ἀρχὴν
2532 1368 2699 1441 φαίης
2731 1367 2789 1422 ἄν
2819 1387 2832 1437 ;
2884 1368 2961 1427 Οὐ
2995 1365 3133 1437 δῆτα
3167 1387 3180 1399 °
3233 1369 3279 1423 εἰ
3310 1368 3410 1443 γάρ
3467 1369 3543 1439 μή
3602 1368 3808 1422 67:01:!-

2142 1479 2261 1512 πτει
2301 1457 2560 1531 γενέσεως
2609 1459 2781 1531 ἀρχῇ,
2826 1458 2876 1528 ἐξ
2918 1458 3161 1532 ἀνάγκης
3209 1457 3466 1531 ἀγένητόν
3514 1455 3692 1512 ἐστιν.
3744 1456 3805 1511 Ei

2146 1545 2201 1603 δὲ
2232 1550 2471 1624 γέγονεν,
2504 1548 2608 1604 ὑπὸ
2661 1548 2834 1604 αἷτίου
2880 1550 3030 1611 τινὸς
3075 1545 3240 1610 δίδως
3292 1549 3421 1601 αὐτὸ
3472 1548 3756 1621 γεγονέναι
3790 1563 3806 1578 ·

2145 1639 2318 1707 πάντη
2379 1640 2484 1713 γὰρ
2544 1638 2801 1694 ἀδύνατον
2861 1639 3039 1713 χωρὶς
3118 1637 3297 1693 αἰτίου
3348 1637 3554 1713 γένεσιν
3612 1635 3809 1710 ἔχεινς

2147 1725 2455 1785 Ἀδύνατον.
2494 1729 2707 1802 Κόσμον
2740 1727 2805 1797 δὴ
2839 1727 2951 1797 οὖν,
2985 1728 3073 1783 καὶ
3115 1726 3213 1783 ὅσα
3254 1727 3304 1783 ἐν
3346 1727 3518 1799 αὐτῷ,
3552 1725 3737 1782 ἄλλου
3768 1728 3812 1763 ⁸³

391 1816 692 1886 possibile.
727 1820 927 1875 Nonne
967 1836 1101 1892 ergo
1152 1827 1209 1877 et
1258 1800 1567 1890 mundum,
1601 1830 1651 1879 et
1684 1838 2034 1893 quaecunque

2152 1820 2291 1880 τινὸς
2462 1800 3125 1893 Θεοῦ-δημιουργοῦντος
3200 1820 3445 1895 φήσομεν
3519 1817 3811 1893 γεγονέναι

394 1911 533 1963 sunt
563 1908 621 1964 in
653 1908 752 1965 illo
774 1910 800 1963 ‘2
822 1911 1024 1967 Nonne
1055 1912 1139 1967 vel
1176 1912 1245 1969 ab
1277 1913 1495 1984 aliquo,
1519 1912 1605 1969 vel
1642 1918 1752 1969 Deo
1783 1919 2039 1969 creatore

387 2000 591 2067 postea
621 1998 835 2054 factum
867 2000 1128 2056 dicemus
1160 2018 1295 2057 cum
1328 2002 1492 2073 prius
1524 2019 1639 2058 non
1672 2004 1875 2058 esset?
1904 2004 2039 2058 Per-

388 2088 661 2157 spicuum
694 2094 780 2145 est
810 2108 841 2143 a
876 2092 1009 2145 Deo.
1042 2092 1408 2162 Impossibile
1458 2095 1613 2148 enim
1662 2100 1765 2161 est,
1800 2102 1857 2149 ut
1887 2094 2038 2164 quod

390 2177 779 2247 generationis
832 2180 1118 2251 principio
1167 2182 1691 2251 circumscribitur,
1725 2183 1779 2238 id
1808 2183 2037 2239 inﬁnito

385 2278 514 2319 esse
545 2265 911 2321 coinﬁnitum
935 2267 962 2321 ?
994 2268 1375 2339 Impossibile,

453 2352 604 2424 Ergo
656 2353 897 2425 iterum,
934 2364 1232 2426 centaure,
1264 2360 1332 2414 ad
1368 2359 1719 2433 principium
1771 2362 2039 2432 disputa—

382 2440 559 2496 tionis
611 2452 980 2501 revertamur.
1015 2448 1419 2505 Aftirmatisne
1449 2467 1517 2505 ea
1548 2468 1674 2521 qua:
1721 2452 2034 2519 exsistunt,

384 2531 583 2587 divina
631 2534 878 2591 scientia
931 2538 1082 2593 facta
1127 2555 1256 2593 esse
1299 2540 1525 2595 necne?
1554 2541 1765 2596 Iterum
1800 2541 2032 2597 dicent:

382 2619 621 2699 Minime
639 2622 885 2694 (8i),sed
913 2626 984 2681 ab
1004 2628 1430 2697 elementis,vel
1454 2630 1709 2700 materia,
1726 2634 1827 2685 aut
1849 2632 2038 2685 firma-

384 2710 618 2777 mentis,
675 2718 772 2767 aut
821 2715 1034 2785 quibus
1088 2717 1203 2772 hinc
1253 2718 1441 2773 verbis
1502 2719 1791 2791 appellare
1838 2720 2034 2786 vultis,

386 2799 532 2854 nihil
578 2801 733 2857 enim
787 2804 1047 2860 interest.
1100 2806 1201 2862 His
1255 2808 1410 2862 enim
1470 2809 1689 2879 absque
1748 2810 2038 2866 creatione

384 2892 925 2962 prasexsistenlibus,
944 2897 1708 2970 temerequeoberrantibus,
1724 2905 1874 2957 Deus
1888 2901 2030 2973 [illa]

389 2996 721 3051 secernens,
774 2985 973 3040 omnia
1032 2987 1346 3044 fabricatus
1398 2996 1503 3057 est,
1557 2990 1711 3045 velut
1756 2995 2035 3060 praestans

386 3070 567 3140 pictor
607 3087 676 3127 ex
715 3073 913 3129 multis
962 3075 1252 3133 coloribus
1304 3094 1479 3134 unam
1524 3080 1798 3149 exprimit
1846 3080 2030 3135 ideam

386 3174 487 3213 seu
519 3161 859 3231 imaginem.
893 3163 1007 3218 Nec
1042 3164 1149 3220 hoc
1180 3166 1439 3237 [dicent].
1474 3168 1726 3224 Omnino
1757 3169 1912 3224 enim
1942 3186 2030 3224 re-

380 3246 609 3317 fugient
657 3254 858 3306 contra
906 3252 1127 3323 seipsos
1182 3254 1287 3309 hoc
1336 3257 1563 3323 testari,
1597 3274 1667 3313 ne
1699 3257 1833 3313 dato
1880 3258 2031 3328 quod

384 3337 629 3391 materia
668 3336 935 3395 habuerit
982 3342 1332 3413 principium
1382 3346 1725 3401 secretionis
1757 3352 1811 3401 et
1842 3352 2031 3402 trans-

390 3424 774 3497 formationis,
810 3439 1093 3499 cogantur
1142 3432 1304 3487 fateri
1354 3433 1532 3488 Deum
1575 3435 1817 3506 ccepisse
1857 3440 2034 3491 mate-

386 3513 527 3567 riam
581 3514 744 3585 prius
796 3516 1148 3587 indigestam
1202 3538 1300 3576 seu
1351 3522 1661 3579 informem
1708 3525 1875 3581 verbo
1906 3542 2035 3597 per-

384 3598 527 3656 fecte
558 3602 747 3657 803i:
779 3603 1036 3675 digerere
1068 3616 1122 3663 et
1151 3608 1423 3679 expolire.

458 3694 578 3765 Age
610 3710 739 3750 vero
785 3696 1058 3765 quoniam
1092 3698 1205 3755 Deo
1230 3701 1467 3769 juvante
1498 3702 1743 3759 dicendo
1776 3706 1843 3760 ad
1879 3704 2037 3761 hunc

383 3783 575 3839 locum
608 3787 1001 3857 pervenimus,
1027 3790 1074 3845 si
1101 3792 1192 3845 cui
1219 3797 1411 3848 statua
1443 3794 1565 3848 basi
1598 3812 1705 3850 sua
1736 3796 2035 3865 collocata,

385 3872 738 3947 elegansque
781 3878 879 3943 sit,
928 3880 1097 3951 cujus
1136 3882 1479 3939 concinnam
1540 3885 2036 3956 pulchritudinem

388 3969 748 4035 spectatores
782 3967 1085 4039 mirentur,
1111 3972 1209 4026 sed
1236 3973 1650 4031 dissentientes
1680 3976 1827 4032 inter
1849 3993 1909 4032 se
1942 3994 2037 4033 co-

389 4061 598 4110 nentur
627 4056 888 4113 evincere
920 4061 1128 4129 partim
1158 4078 1285 4118 esse
1316 4066 1570 4134 genitam
1605 4065 1885 4137 [factam],
1913 4084 2039 4139 par-

387 4145 492 4200 tim
542 4164 676 4203 vero
726 4150 1039 4221 ingenitam
1074 4152 1211 4223 [non
1248 4155 1517 4226 factam];
1554 4159 1883 4227 quaesierim
1936 4174 2043 4229 ego

388 4249 457 4289 ex
486 4235 645 4291 vobis
680 4253 798 4307 qua
818 4239 887 4294 de
909 4256 1080 4295 causa
1113 4241 1431 4313 ingenitam
1456 4245 1684 4313 dicatis,
1710 4264 1781 4301 an
1816 4255 2043 4318 propter

388 4323 673 4380 artificem
711 4332 770 4381 ut
800 4344 873 4383 ne
907 4345 1167 4401 unquam
1204 4333 1276 4387 ab
1309 4349 1477 4404 opere
1504 4341 1875 4391 vacuus'esse
1906 4352 2042 4391 cen-

2148 1909 2391 1983 ὕστερον,
2450 1910 2712 1985 πρότερον
2752 1910 2797 1945 ¹⁴
2856 1908 2955 1964 οὐκ
3012 1904 3181 1976 ὄντας
3246 1906 3422 1976 Δῆλον
3499 1906 3586 1962 ὅτι
3646 1910 3812 1961 Θεοῦ.

2149 1996 2444 2056 Ἀδύνατον
2493 2001 2595 2073 γὰρ
2654 2000 2715 2053 τὸ
2777 1999 3035 2075 γενέσεως
3088 1999 3235 2073 ἀρχῇ
3286 1997 3625 2072 περιορισθὶν
3681 2016 3813 2050 συνο

2148 2090 2443 2165 απέραντον
2472 2090 2517 2125 ⁸⁵
2548 2089 2683 2144 εἶναι
2712 2093 2790 2160 τῷ
2820 2088 3105 2165 ἀπεράντῳ
3130 2107 3145 2158 ;
3177 2086 3494 2147 ’Δδόνατον.

2222 2359 2398 2417 Πάλιν
2441 2357 2507 2428 δή
2566 2359 2682 2427 οὖν,
2723 2358 2768 2413 ὦ
2819 2360 3104 2433 Κένταυρε,
3136 2357 3188 2429 ἐξ
3238 2357 3415 2434 ἀρχῆς
3466 2354 3823 2429 διαλεγώμε-

2149 2454 2213 2505 Θα
2244 2455 2307 2488 ⁵⁸·
2353 2450 2481 2511 Θεία
2528 2448 2804 2523 ἐπιστήμῃ
2833 2451 2900 2503 τὰ
2942 2447 3068 2503 ὄντα
3113 2448 3246 2526 φατὶ
3289 2447 3600 2521 γεγονέναι,
3630 2445 3665 2513 ἢ
3708 2443 3823 2512 aii;

2146 2546 2211 2597 Ὦ
2245 2541 2385 2616 βάλῃ
2407 2544 2471 2609 ⁸⁷,
2496 2540 2767 2614 λέξουσιν,
2792 2536 3070 2612 οὐδαμῶς,
3091 2537 3234 2594 ἀλλὰ
3252 2537 3358 2591 ἀπὸ
3380 2540 3485 2590 τῶν
3506 2536 3817 2609 στοιχείων

2146 2631 2180 2701 ἢ
2225 2631 2365 2700 ὕλης
2422 2632 2455 2699 ἢ
2510 2629 2917 2705 στηριγμάτων,
2951 2630 2985 2699 ἢ
3047 2628 3195 2688 ὅπως
3241 2627 3395 2681 αὐτοί
3444 2628 3618 2680 ταῦτα
3669 2624 3815 2699 βοό-

2147 2719 2303 2776 λεσθε
2354 2720 2637 2793 ὀνομάζειν
2673 2739 2684 2751 ·
2734 2716 2885 2774 οὐδὲν
2934 2717 3036 2791 γὰρ
3092 2713 3353 2794 διαφέρει.
3399 2716 3618 2769 Τούτων
3675 2714 3814 2786 ἀγι-

2146 2812 2324 2881 νήτως
2372 2807 2867 2888 προϋφεστηκότων
2916 2808 3005 2862 καὶ
3057 2803 3411 2879 πλημμελῶς
3464 2802 3810 2877 φερομένων,

2143 2901 2170 2954 ὁ
2245 2900 2373 2961 Θεὸς
2435 2896 2708 2973 διακρίνας
2768 2896 3177 2971 ἐτεχνιιὶσιιιτοεδ8
3230 2894 3295 2949 τὰ
3350 2894 3547 2961 πάντα,
3618 2890 3809 2963 ὥσπερ

2148 2992 2340 3066 ἀγαθὸς
2429 2990 2713 3068 ζωγράφος
2791 2988 2898 3043 ἀπὸ
2965 2984 3195 3042 πολλῶν
3275 2984 3592 3060 χρωμάτων
3670 2980 3803 3054 μίαν

2145 3080 2551 3159 τεχνησάμεννς
2604 3076 2787 3147 ἷ’δέαν;
2839 3079 2967 3150 [937
3011 3077 3104 3149 IL]
3137 3072 3273 3130 Οὐδὲ
3318 3078 3482 3129 τοῦτο
3511 3092 3523 3104 ·
3585 3071 3813 3134 πάντως

2147 3172 2251 3247 γὰρ
2310 3169 2700 3247 ἀποφεύξονται
2752 3164 3097 3241 ὁμολογῆσαι
3147 3165 3267 3220 καθ’
3314 3164 3543 3230 ἑαυτῶν,
3586 3160 3679 3216 ἵνα
3728 3162 3811 3234 μὴ

2144 3268 2243 3329 τῆς
2297 3258 2662 3335 κατακρίσεως
2713 3260 2761 3293 ⁵9
2830 3256 2920 3311 καὶ
2977 3263 3075 3325 τῆς
3156 3255 3640 3333 μεταμορφώσεως
3700 3252 3808 3319 τήν

2147 3348 2286 3419 ὕλην
2335 3352 2749 3423 συγχωροῦντες
2805 3346 2983 3421 ἀρχὴν
3035 3345 3366 3423 ἐσχηκυῖαν,
3416 3340 3808 3415 ἀναγκασθῶσι

2146 3442 2225 3509 τῷ
2276 3436 2430 3512 λόγῳ
2477 3439 2614 3492 κατά
2652 3439 2822 3491 πάντα
2868 3436 2962 3490 τὸν
3012 3434 3138 3489 Θεὸν
3172 3433 3381 3508 ἧρχθαι
3428 3434 3529 3485 τοῦ
3579 3428 3811 3485 διοικῖεν

2149 3526 2323 3603 λέγειν
2409 3528 2497 3582 καὶ
2575 3530 2940 3598 κατακοσμεῖν
3015 3526 3113 3593 τήν
3205 3522 3468 3597 πρότερον
3552 3518 3810 3596 ἄμορφον

2152 3616 2309 3672 οὖσαν
2339 3615 2499 3685 ὕλην.

2225 3709 2363 3780 Φέρε
2418 3706 2541 3781 γὰρ,
2601 3702 2812 3773 ἐπειδὴ,
2874 3703 2964 3759 σὺν
3021 3703 3100 3775 τῷ
3158 3705 3277 3772 Ωεῷ
3330 3701 3515 3769 φάναι,
3577 3700 3810 3754 ένταῦθα

2151 3799 2249 3851 τοῦ
2309 3793 2477 3869 λόγου
2516 3793 2829 3870 γεγόναμεν,
2884 3793 3003 3861 ἤτω
3050 3812 3132 3853 τις
3192 3786 3437 3866 ἂνδριας,
3494 3788 3666 3849 ἑστὼς
3718 3787 3807 3841 ἐπὶ

2160 3887 2389 3960 βάσεως,
2442 3882 2654 3947 καλός’
2718 3884 2779 3937 οὗ
2838 3882 3205 3955 θαυμάζοντες
3259 3880 3309 3934 οἱ
3368 3879 3642 3951 Θεώμενοι
3707 3878 3807 3945 τήν

2154 3973 2425 4049 εὔρυθμον
2457 3976 2504 4012 ⁸ο
2540 3972 2818 4043 καλλονήν
2865 3969 3297 4049 διαφερέσθωσαν
3337 3967 3474 4042 πρὸς
3516 3964 3810 4036 ἀλλήλους

2152 4073 2224 4134 πῆ
2266 4065 2358 4139 μὶν
2391 4064 2637 4139 γενητὸν,
2681 4069 2755 4132 πῆ
2813 4060 2870 4117 δι
2899 4062 2988 4117 καὶ
3040 4060 3294 4135 ἀγένητον
3322 4058 3666 4132 πειρώμενοι
3717 4054 3810 4111 λέ-

2154 4176 2268 4230 γειν
2298 4156 2363 4209 ⁸1.
2414 4154 2677 4228 Ἐροίμην
2729 4153 2830 4229 γὰρ
2886 4156 3041 4227 σφᾶς,
3091 4148 3161 4206 δι’
3209 4151 3275 4220 ἢν
3324 4147 3503 4203 αὶτίαν
3545 4144 3809 4220 ἀγένητον

2155 4244 2316 4299 αὐτόν
2360 4264 2530 4321 φατες
2582 4243 2810 4317 πότερον
2851 4239 2939 4297 διὰ
2985 4242 3077 4296 τὸν
3123 4240 3409 4315 τεχνίτην,
3457 4236 3613 4299 ὅπως
3665 4230 3805 4308 μηδο

2154 4339 2309 4408 αμῶς
2346 4334 2585 4409 άργήσας
2636 4340 2733 4402 τῆς
2776 4330 3142 4407 δημιουργίας
3188 4329 3493 4401 νομίζοιτο,
3530 4327 3566 4395 ἢ
3598 4322 3669 4379 δι’
3717 4321 3807 4375 αὑ-

389 4416 585 4507 seatur
625 4415 762 4485 (85),
807 4434 880 4471 an
925 4424 1159 4491 prOpter
1198 4420 1499 4492 seipsam?
1530 4425 1700 4495 Atqui
1734 4424 1781 4479 si
1816 4430 2034 4495 proptel

2152 4426 2243 4479 τόν
2272 4426 2359 4492 ⁸²ς
2395 4428 2493 4479 “AV
2531 4424 2624 4495 μὶν
2672 4422 2775 4497 γὰρ
2827 4418 2914 4475 διὰ
2940 4422 3029 4475 τὸν
3068 4416 3345 4493 τεχνίτην,
3387 4418 3504 4476 πῶς
3544 4413 3805 4487 ἀγένητος

390 4504 694 4570 artiﬁcem,
738 4512 1026 4578 quomodo
1074 4512 1334 4584 ingenita
1382 4516 1493 4571 erit
1541 4532 1668 4572 cum
1716 4518 1785 4571 ab
1829 4518 2047 4572 artifice

390 4592 726 4650 efformetur
748 4598 777 4651 ?
806 4598 951 4654 Nam
984 4601 1031 4657 si
1062 4618 1266 4673 expers
1315 4606 1505 4660 omnis
1550 4607 1784 4676 penitus
1811 4606 1951 4661 artis
1985 4611 2042 4661 et

393 4683 582 4749 rudis,
617 4685 932 4757 effingatur
964 4691 1032 4745 ad
1068 4708 1478 4765 quamcunque
1528 4694 1661 4749 velit
1692 4696 1897 4750 artifex
1930 4696 2041 4749 for.

392 4789 549 4830 mam
586 4791 687 4832 seu
714 4776 983 4848 figuram,
1004 4784 1296 4853 quomodo
1320 4786 1427 4838 erit
1449 4784 1725 4855 ingenita,
1754 4785 2044 4857 [manum]

391 4881 563 4937 passa
594 4871 649 4924 et
677 4872 959 4927 tractata?
978 4872 1033 4927 Si
1061 4888 1291 4930 rursum
1315 4879 1547 4946 propter
1578 4875 1825 4947 seipsam
1862 4876 2045 4947 perfe-

2158 4512 2231 4568 ὢν
2264 4514 2399 4586 πρὸς
2449 4517 2549 4567 τοῦ
2596 4512 2853 4586 τεχνίτου
2904 4507 3365 4583 δημιουργεῖται;
3418 4504 3477 4559 Ei
3523 4504 3626 4577 γάρ
3658 4498 3808 4559 ὅλως

2154 4604 2204 4658 έν
2265 4601 2439 4673 ἐνδείᾳ
2504 4606 2604 4667 τῆς
2670 4604 2873 4677 τέχνης
2930 4599 3228 4669 καθέστηκε
3286 4591 3795 4674 χαλκουργούμενος

2153 4693 2291 4767 πρὸς
2323 4692 2382 4746 τὸ
2416 4697 2569 4769 σχεῖν
2596 4692 2785 4745 ὁποῖον
2817 4692 2843 4745 ὁ
2877 4687 3220 4762 δημιουργὸς
3251 4684 3422 4741 ἐθέλοι
3454 4682 3795 4769 χαρακτῇρα,

2154 4764 2297 4855 ποίῳ
2326 4764 2514 4856 τράτέίρ
2568 4780 2834 4856 ἀγένητος
2886 4776 3030 4834 ἔσται
3057 4778 3105 4815 ⁸³
3148 4778 3380 4851 πάσχων
3417 4792 3471 4828 τε
3517 4770 3606 4825 καὶ
3657 4764 3810 4839 Epdi-

2160 4892 2358 4947 μενος;
2423 4872 2481 4927 Εἰ
2544 4869 2599 4926 δὲ
2654 4869 2719 4925 αὖ
2779 4868 2848 4924 δι’
2896 4869 3082 4924 ἑαυτὸν
3139 4865 3350 4927 τέλειος
3404 4862 3495 4918 καὶ
3557 4860 3811 4933 ἁγένητος

1757 4992 1989 5048 VARI/E
2031 4990 2445 5047 LECTIONES.

421 5103 514 5179 '_‘_°
546 5099 601 5156 δὲ
656 5105 748 5159 τὸν
807 5104 966 5159 αὐτόν
1030 5108 1089 5161 Β.
1223 5109 1268 5142 ⁵ο
1299 5107 1374 5161 ὅτ’
1436 5105 1630 5179 ἐποίει]

400 5169 751 5248 ἄλλου-ουηι
813 5181 898 5232 AB
941 5181 1109 5248 omisi
1178 5183 1316 5248 μῶν.

397 5242 458 5315 35
497 5245 777 5315 γενέσεως,

402 5306 502 5408 λεὶὶ
598 5318 1001 5408 εειέτεχῖαὲτζατο
1221 5323 1551 5397 ἐτεχνήσατο

1672 5108 1801 5163 libri
1862 5107 1949 5161 ὅτε
2002 5112 2171 5162 ποιεῖ.

1423 5182 1467 5214 ⁸⁴
1497 5181 1760 5251 πρότερον
1822 5180 1861 5233 Β
1896 5196 1907 5233 ε
1970 5184 2189 5252 πρῶτον
2410 5179 2455 5212 ⁵⁵

1423 5273 1475 5285 η..
1534 5257 1564 5285 ιι
1605 5271 1614 5281 .
1652 5249 2020 5285 ληὶρηρωηοη
2054 5251 2114 5285 λ’-
2270 5254 2286 5285 1
2326 5248 2455 5285 ρων

857 5250 905 5325 ξδ
938 5247 1314 5325 διαλεγώμεθα
1346 5270 1494 5309 ΟυΓΓ.
1534 5257 1565 5308 Β
1604 5271 1614 5306 :
1652 5247 2022 5325 διαλεγόμεθα
2224 5247 2487 5325 ῨῙἾΔβάλη]
2512 5247 2685 5325 πάλιν
2729 5256 2784 5325 ΒΔ
2801 5257 2855 5305 et
2886 5247 3035 5305 corr.
3071 5256 3117 5304 Δ
3154 5265 3165 5301 :
3204 5247 3306 5325 alii
3343 5247 3501 5325 βάλε.

1773 5314 2238 5396 ⁶⁹’κατακρῖσεως]
2290 5314 2611 5396 διακρίσεως
2639 5322 2938 5396 __Scal_iger,
2993 5314 3354 5393 μετακρίσεως
3407 5314 3528 5371 alii.

2302 5108 2342 5141 ⁵¹
2379 5103 2501 5160 οὔτε
2564 5108 2695 5163 AB:
2752 5104 2835 5158 ὅτι
3073 5103 3119 5138 ⁵⁸
3175 5101 3303 5178 φασί
3359 5102 3472 5156 ΑΒ.
3582 5097 3652 5180 βξ
3685 5102 3817 5177 ante

2302 5223 2305 5231 .
2410 5179 2455 5212 ⁵⁵
2509 5187 2639 5231 post
2699 5197 2870 5230 συναπ
2904 5196 3095 5231 οαντον
3154 5191 3286 5231 cum
3346 5175 3434 5225 AB
3473 5185 3652 5225 emis:
3714 5182 3817 5231 γαρ

2509 5187 2639 5250 post
2699 5175 3095 5249 συναπέραντον
3154 5175 3286 5231 cum
3346 5175 3434 5225 AB
3473 5175 3652 5225 omisi
3714 5175 3821 5292 ξαρ

2520 5248 2685 5292 πάλιν
2729 5256 2769 5292 R
2801 5257 2849 5292 nt
2886 5267 3033 5292 nni-rt
3079 5256 3112 5292 Δ
3154 5265 3165 5292 3
3207 5245 3306 5292 alii
3344 5240 3481 5292 Βάλε
3520 5242 3560 5292 ί.
3594 5258 3647 5292 Θ.
3680 5238 3714 5291 ἀ
3760 5256 3823 5289 α-

2326 5248 2487 5323 βάλΐδ]
2512 5240 2685 5304 ’πάλιν
2729 5256 2769 5303 Β
2801 5257 2855 5305 et
2886 5240 3035 5305 corr.
3071 5256 3117 5304 Δ
3154 5265 3165 5301 :
3207 5245 3306 5300 alii
3343 5240 3481 5317 βάλε
3520 5242 3560 5297 i.
3594 5258 3647 5296 e.
3680 5240 3823 5323 ἀεξ-

2330 5323 2611 5365 σηνηίηςιηι·
2661 5322 2933 5365 Scaliger,
2994 5317 3354 5365 ιιετακοίσεως
3407 5314 3528 5365 ιΙίἱ.
3635 5310 3681 5348 ⁸⁸
3736 5330 3823 5365 ευ-

399 5384 613 5454 ρυθμον
642 5395 730 5444 ΑΒ
765 5384 1103 5465 ἶέῤῥόομιον
1295 5384 1348 5431 θ’(
1372 5384 1549 5471 λέγειν
1582 5384 1920 5469 πειρώμενοι
2115 5396 2161 5431 ⁶²
2195 5384 2382 5449 ἑαυτόν
2416 5384 2483 5451 Ἀ.
2561 5394 2607 5428 ⁶³
2637 5384 2896 5466 {euq-div
2925 5384 3034 5449 ΑΒ.

1997 5514 2228 5571 NOTZE.

410 5690 418 5701 ,
477 5618 589 5690 (84)
620 5620 663 5675 ὦ
690 5620 867 5750 Ξάληι
905 5626 960 5676 Ὅ
984 5644 1161 5699 apage
1197 5631 1481 5705 inquient.
1510 5637 1571 5693 In
1596 5635 1859 5708 margine
1887 5630 2053 5687 πάλιν

410 5696 643 5750 Iterum.
727 5696 994 5750 γεννήτως
1049 5705 1275 5750 nronria
1324 5705 1450 5750 sine.
1503 5710 1888 5750 annprntinnn,
1946 5706 2053 5750 Κα-

408 5696 643 5765 iterum,
690 5696 1292 5771 dyewvi-cmc‘proprie'
1324 5705 1450 5760 sine
1502 5696 1892 5777 generatione.
1946 5706 2053 5759 Κα-

2162 5631 2458 5705 τακρίσεως
2487 5632 2689 5705 malim
2722 5627 3063 5705 διακρίσεως,
3110 5625 3219 5685 nisi
3252 5625 3411 5682 idem
3443 5620 3705 5680 valeant.

2234 5652 2262 5686 κ
2301 5652 2458 5693 ισεως
2487 5652 2689 5690 meum
2722 5652 3063 5705 οιακρισεμὶς,
3111 5652 3219 5685 um
3254 5652 3411 5682 tuum
3449 5652 3468 5680 ν

2234 5652 2348 5777 (ἕὸ)
2380 5707 2632 5763 Causam
2664 5704 2816 5761 hanc
2847 5718 2961 5758 non
2997 5702 3139 5768 bene
3168 5712 3468 5784 assequor.
