  <div class='ocr_page' id='page_1' title='image "/cluster/home/n/w/nwhite01/storage/ocr_20150623/103/hvd.32044054112495/592.png"; bbox 0 0 4100 6242; ppageno 0'>
   <div class='ocr_carea' id='block_1_1' title="bbox 261 370 412 434">
    <p class='ocr_par' dir='ltr' id='par_1_1' title="bbox 261 370 412 434">
     <span class='ocr_line' id='line_1_1' title="bbox 261 370 412 434; baseline -0.007 0"><span class='ocrx_word' id='word_1_1' title='bbox 261 370 412 434; x_wconf 70' lang='grc' dir='ltr'><strong>11ιὸ</strong></span> 
     </span>
    </p>
   </div>
   <div class='ocr_carea' id='block_1_2' title="bbox 1325 363 2588 428">
    <p class='ocr_par' dir='ltr' id='par_1_2' title="bbox 1325 363 2588 428">
     <span class='ocr_line' id='line_1_2' title="bbox 1325 363 2588 428; baseline -0.002 -2"><span class='ocrx_word' id='word_1_2' title='bbox 1325 364 1864 428; x_wconf 85' lang='lat' dir='ltr'><strong>BIBLIOTHECA.</strong></span> <span class='ocrx_word' id='word_1_3' title='bbox 1910 397 1988 409; x_wconf 93' lang='lat'><strong>-—</strong></span> <span class='ocrx_word' id='word_1_4' title='bbox 2030 363 2201 426; x_wconf 84' lang='lat' dir='ltr'><strong>COD.</strong></span> <span class='ocrx_word' id='word_1_5' title='bbox 2262 363 2588 426; x_wconf 77' lang='lat' dir='ltr'><strong>CCXXXV.</strong></span> 
     </span>
    </p>
   </div>
   <div class='ocr_carea' id='block_1_3' title="bbox 3509 365 3666 426">
    <p class='ocr_par' dir='ltr' id='par_1_3' title="bbox 3509 365 3666 426">
     <span class='ocr_line' id='line_1_3' title="bbox 3509 365 3666 426; baseline -0.013 0"><span class='ocrx_word' id='word_1_6' title='bbox 3509 365 3666 426; x_wconf 66' lang='lat'><strong>“46</strong></span> 
     </span>
    </p>
   </div>
   <div class='ocr_carea' id='block_1_4' title="bbox 260 499 1901 580">
    <p class='ocr_par' dir='ltr' id='par_1_4' title="bbox 260 499 1899 580">
     <span class='ocr_line' id='line_1_4' title="bbox 260 499 1899 580; baseline -0.002 -20"><span class='ocrx_word' id='word_1_7' title='bbox 260 503 479 580; x_wconf 78' lang='grc' dir='ltr'><strong>λέγοιτο</strong></span> <span class='ocrx_word' id='word_1_8' title='bbox 541 505 617 576; x_wconf 81' lang='grc' dir='ltr'>μή</span> <span class='ocrx_word' id='word_1_9' title='bbox 671 499 882 557; x_wconf 83' lang='grc' dir='ltr'>δεῖσθαι</span> <span class='ocrx_word' id='word_1_10' title='bbox 911 507 1011 571; x_wconf 81' lang='grc' dir='ltr'><strong>τῆς</strong></span> <span class='ocrx_word' id='word_1_11' title='bbox 1059 502 1109 537; x_wconf 81' lang='grc'><strong>⁶⁴</strong></span> <span class='ocrx_word' id='word_1_12' title='bbox 1153 501 1358 579; x_wconf 65' lang='grc' dir='ltr'>τέχνης</span> <span class='ocrx_word' id='word_1_13' title='bbox 1409 503 1437 556; x_wconf 99' lang='lat'><strong>6</strong></span> <span class='ocrx_word' id='word_1_14' title='bbox 1487 499 1731 576; x_wconf 82' lang='grc' dir='ltr'>ἀνδριὰς,</span> <span class='ocrx_word' id='word_1_15' title='bbox 1762 501 1899 556; x_wconf 80' lang='grc' dir='ltr'>κατὰ</span> 
     </span>
    </p>
   </div>
   <div class='ocr_carea' id='block_1_5' title="bbox 2017 499 3665 580">
    <p class='ocr_par' dir='ltr' id='par_1_5' title="bbox 2017 501 3665 576">
     <span class='ocr_line' id='line_1_5' title="bbox 2017 501 3665 576; baseline 0.002 -19"><span class='ocrx_word' id='word_1_16' title='bbox 2017 505 2108 557; x_wconf 87' lang='lat' dir='ltr'><strong>cta</strong></span> <span class='ocrx_word' id='word_1_17' title='bbox 2155 504 2213 557; x_wconf 91' lang='lat' dir='ltr'><strong>et</strong></span> <span class='ocrx_word' id='word_1_18' title='bbox 2261 501 2543 575; x_wconf 88' lang='lat' dir='ltr'><strong>ingenita,</strong></span> <span class='ocrx_word' id='word_1_19' title='bbox 2592 501 2846 568; x_wconf 79' lang='lat' dir='ltr'><strong>dicatur,</strong></span> <span class='ocrx_word' id='word_1_20' title='bbox 2888 504 3213 558; x_wconf 84' lang='lat' dir='ltr'><strong>secundum</strong></span> <span class='ocrx_word' id='word_1_21' title='bbox 3272 503 3665 576; x_wconf 79' lang='lat' dir='ltr'><strong>perniciosam</strong></span> 
     </span>
    </p>
   </div>
   <div class='ocr_carea' id='block_1_6' title="bbox 255 589 1900 667">
    <p class='ocr_par' dir='ltr' id='par_1_6' title="bbox 255 589 1900 667">
     <span class='ocr_line' id='line_1_6' title="bbox 255 589 1900 667; baseline -0.001 -19"><span class='ocrx_word' id='word_1_22' title='bbox 255 595 318 648; x_wconf 86' lang='grc' dir='ltr'>τὸ</span> <span class='ocrx_word' id='word_1_23' title='bbox 378 593 632 667; x_wconf 69' lang='grc' dir='ltr'>ὀλέθριον</span> <span class='ocrx_word' id='word_1_24' title='bbox 692 589 895 666; x_wconf 81' lang='grc' dir='ltr'>δόγμα,</span> <span class='ocrx_word' id='word_1_25' title='bbox 965 591 1168 666; x_wconf 79' lang='grc' dir='ltr'>ἀνάγκη</span> <span class='ocrx_word' id='word_1_26' title='bbox 1232 591 1640 665; x_wconf 80' lang='grc' dir='ltr'>αὐτοματισμὸν</span> <span class='ocrx_word' id='word_1_27' title='bbox 1693 590 1900 664; x_wconf 85' lang='grc' dir='ltr'>ὁμολο-</span> 
     </span>
    </p>
   </div>
   <div class='ocr_carea' id='block_1_7' title="bbox 256 678 1901 758">
    <p class='ocr_par' dir='ltr' id='par_1_7' title="bbox 256 678 1901 758">
     <span class='ocr_line' id='line_1_7' title="bbox 256 678 1901 758; baseline -0.002 -19"><span class='ocrx_word' id='word_1_28' title='bbox 256 689 393 758; x_wconf 88' lang='grc' dir='ltr'>γεῖν.</span> <span class='ocrx_word' id='word_1_29' title='bbox 426 685 502 738; x_wconf 80' lang='grc' dir='ltr'><strong>’Ἡ</strong></span> <span class='ocrx_word' id='word_1_30' title='bbox 529 678 655 736; x_wconf 74' lang='grc' dir='ltr'><strong>οὐδὲ</strong></span> <span class='ocrx_word' id='word_1_31' title='bbox 690 687 890 736; x_wconf 81' lang='grc' dir='ltr'>τοῦτον</span> <span class='ocrx_word' id='word_1_32' title='bbox 942 679 1076 743; x_wconf 77' lang='grc' dir='ltr'>ἷ¹σως</span> <span class='ocrx_word' id='word_1_33' title='bbox 1125 681 1477 752; x_wconf 77' lang='grc' dir='ltr'><strong>ἐθελήσαντες</strong></span> <span class='ocrx_word' id='word_1_34' title='bbox 1528 683 1901 758; x_wconf 82' lang='grc' dir='ltr'>προσήκασθαι</span> 
     </span>
    </p>
   </div>
   <div class='ocr_carea' id='block_1_8' title="bbox 251 762 1896 848">
    <p class='ocr_par' dir='ltr' id='par_1_8' title="bbox 251 762 1896 848">
     <span class='ocr_line' id='line_1_8' title="bbox 251 762 1896 848; baseline -0.002 -20"><span class='ocrx_word' id='word_1_35' title='bbox 251 773 344 828; x_wconf 82' lang='grc' dir='ltr'><strong>τὸν</strong></span> <span class='ocrx_word' id='word_1_36' title='bbox 379 771 546 848; x_wconf 87' lang='grc' dir='ltr'>λόγον</span> <span class='ocrx_word' id='word_1_37' title='bbox 579 769 903 846; x_wconf 81' lang='grc' dir='ltr'><strong>πικρότερον</strong></span> <span class='ocrx_word' id='word_1_38' title='bbox 954 762 1394 847; x_wconf 78' lang='grc' dir='ltr'>ἀποκρινοῦνται,</span> <span class='ocrx_word' id='word_1_39' title='bbox 1447 771 1511 825; x_wconf 85' lang='grc' dir='ltr'>τὸ</span> <span class='ocrx_word' id='word_1_40' title='bbox 1562 771 1654 843; x_wconf 75' lang='grc' dir='ltr'>μὲν</span> <span class='ocrx_word' id='word_1_41' title='bbox 1707 769 1896 845; x_wconf 72' lang='grc' dir='ltr'>βρέτας</span> 
     </span>
    </p>
   </div>
   <div class='ocr_carea' id='block_1_9' title="bbox 255 860 1898 940">
    <p class='ocr_par' dir='ltr' id='par_1_9' title="bbox 255 860 1898 940">
     <span class='ocr_line' id='line_1_9' title="bbox 255 860 1898 940; baseline -0.001 -23"><span class='ocrx_word' id='word_1_42' title='bbox 255 862 512 940; x_wconf 82' lang='grc' dir='ltr'>άγένητον</span> <span class='ocrx_word' id='word_1_43' title='bbox 561 863 664 918; x_wconf 84' lang='grc' dir='ltr'>οὐκ</span> <span class='ocrx_word' id='word_1_44' title='bbox 711 862 845 918; x_wconf 76' lang='grc' dir='ltr'>εἶναι</span> <span class='ocrx_word' id='word_1_45' title='bbox 892 861 1164 937; x_wconf 69' lang='grc' dir='ltr'>λέγοντες,</span> <span class='ocrx_word' id='word_1_46' title='bbox 1223 863 1452 940; x_wconf 84' lang='grc' dir='ltr'>γενητὸν</span> <span class='ocrx_word' id='word_1_47' title='bbox 1513 860 1570 917; x_wconf 73' lang='grc' dir='ltr'>δὲ</span> <span class='ocrx_word' id='word_1_48' title='bbox 1627 863 1765 917; x_wconf 73' lang='grc' dir='ltr'>εἶναι</span> <span class='ocrx_word' id='word_1_49' title='bbox 1819 861 1898 916; x_wconf 83' lang='grc' dir='ltr'>ἀεὶ</span> 
     </span>
    </p>
   </div>
   <div class='ocr_carea' id='block_1_10' title="bbox 255 949 1898 1029">
    <p class='ocr_par' dir='ltr' id='par_1_10' title="bbox 255 949 1898 1029">
     <span class='ocr_line' id='line_1_10' title="bbox 255 949 1898 1029; baseline -0.001 -23"><span class='ocrx_word' id='word_1_50' title='bbox 255 952 513 1027; x_wconf 80' lang='grc' dir='ltr'>γενέσεως</span> <span class='ocrx_word' id='word_1_51' title='bbox 562 951 740 1028; x_wconf 79' lang='grc' dir='ltr'>ἂρχήν</span> <span class='ocrx_word' id='word_1_52' title='bbox 794 952 892 1008; x_wconf 80' lang='grc' dir='ltr'>οὐκ</span> <span class='ocrx_word' id='word_1_53' title='bbox 948 951 1098 1029; x_wconf 79' lang='grc' dir='ltr'>ἔχον,</span> <span class='ocrx_word' id='word_1_54' title='bbox 1158 951 1306 1014; x_wconf 74' lang='grc' dir='ltr'>ὅπως</span> <span class='ocrx_word' id='word_1_55' title='bbox 1363 953 1614 1028; x_wconf 80' lang='grc' dir='ltr'>ἀνάρχως</span> <span class='ocrx_word' id='word_1_56' title='bbox 1683 949 1898 1026; x_wconf 81' lang='grc' dir='ltr'><strong>λέγοιτο</strong></span> 
     </span>
    </p>
   </div>
   <div class='ocr_carea' id='block_1_11' title="bbox 254 1041 1900 1118">
    <p class='ocr_par' dir='ltr' id='par_1_11' title="bbox 254 1041 1900 1118">
     <span class='ocr_line' id='line_1_11' title="bbox 254 1041 1900 1118; baseline 0 -22"><span class='ocrx_word' id='word_1_57' title='bbox 254 1048 469 1115; x_wconf 79' lang='grc' dir='ltr'><strong>κρατεῖν</strong></span> <span class='ocrx_word' id='word_1_58' title='bbox 517 1046 615 1098; x_wconf 79' lang='grc' dir='ltr'><strong>τοῦ</strong></span> <span class='ocrx_word' id='word_1_59' title='bbox 669 1045 1043 1118; x_wconf 75' lang='grc' dir='ltr'><strong>τεχνάσματος</strong></span> <span class='ocrx_word' id='word_1_60' title='bbox 1093 1045 1120 1098; x_wconf 95' lang='lat'><strong>6</strong></span> <span class='ocrx_word' id='word_1_61' title='bbox 1171 1043 1449 1118; x_wconf 84' lang='grc' dir='ltr'>τεχνίτης.</span> <span class='ocrx_word' id='word_1_62' title='bbox 1488 1043 1720 1112; x_wconf 78' lang='grc' dir='ltr'>Οὐκοῦν,</span> <span class='ocrx_word' id='word_1_63' title='bbox 1771 1041 1815 1096; x_wconf 86' lang='grc' dir='ltr'><strong>ὦ</strong></span> <span class='ocrx_word' id='word_1_64' title='bbox 1853 1042 1900 1079; x_wconf 78' lang='grc'><strong>⁸⁵</strong></span> 
     </span>
    </p>
   </div>
   <div class='ocr_carea' id='block_1_12' title="bbox 257 1129 1894 1206">
    <p class='ocr_par' dir='ltr' id='par_1_12' title="bbox 257 1129 1894 1206">
     <span class='ocr_line' id='line_1_12' title="bbox 257 1129 1894 1206; baseline 0.001 -22"><span class='ocrx_word' id='word_1_65' title='bbox 257 1132 433 1200; x_wconf 78' lang='grc' dir='ltr'>οὗτοι,</span> <span class='ocrx_word' id='word_1_66' title='bbox 468 1129 694 1204; x_wconf 75' lang='grc' dir='ltr'>λέξομεν</span> <span class='ocrx_word' id='word_1_67' title='bbox 726 1129 935 1200; x_wconf 78' lang='grc' dir='ltr'>αὐτοῖς,</span> <span class='ocrx_word' id='word_1_68' title='bbox 968 1132 1014 1186; x_wconf 83' lang='grc' dir='ltr'><strong>εἰ</strong></span> <span class='ocrx_word' id='word_1_69' title='bbox 1063 1133 1138 1204; x_wconf 84' lang='grc' dir='ltr'>μή</span> <span class='ocrx_word' id='word_1_70' title='bbox 1199 1131 1399 1206; x_wconf 84' lang='grc' dir='ltr'>χρόνος</span> <span class='ocrx_word' id='word_1_71' title='bbox 1450 1134 1590 1204; x_wconf 88' lang='grc' dir='ltr'>μήτε</span> <span class='ocrx_word' id='word_1_72' title='bbox 1636 1131 1769 1186; x_wconf 78' lang='grc' dir='ltr'>αἰὼν</span> <span class='ocrx_word' id='word_1_73' title='bbox 1809 1131 1894 1185; x_wconf 75' lang='lat' dir='ltr'><strong>s6-</strong></span> 
     </span>
    </p>
   </div>
   <div class='ocr_carea' id='block_1_13' title="bbox 257 1217 1896 1295">
    <p class='ocr_par' dir='ltr' id='par_1_13' title="bbox 257 1217 1896 1295">
     <span class='ocr_line' id='line_1_13' title="bbox 257 1217 1896 1295; baseline 0.001 -23"><span class='ocrx_word' id='word_1_74' title='bbox 257 1217 746 1295; x_wconf 67' lang='grc' dir='ltr'>ρίσκοιτοέπάνω,</span> <span class='ocrx_word' id='word_1_75' title='bbox 807 1218 895 1275; x_wconf 79' lang='grc' dir='ltr'><strong>ὅτε</strong></span> <span class='ocrx_word' id='word_1_76' title='bbox 957 1221 1060 1275; x_wconf 82' lang='grc' dir='ltr'><strong>οὐκ</strong></span> <span class='ocrx_word' id='word_1_77' title='bbox 1105 1220 1172 1289; x_wconf 83' lang='grc' dir='ltr'><strong>ἧν</strong></span> <span class='ocrx_word' id='word_1_78' title='bbox 1213 1218 1424 1282; x_wconf 72' lang='grc' dir='ltr'>τέλειος</span> <span class='ocrx_word' id='word_1_79' title='bbox 1482 1222 1510 1274; x_wconf 87' lang='lat'><strong>6</strong></span> <span class='ocrx_word' id='word_1_80' title='bbox 1566 1218 1804 1294; x_wconf 74' lang='grc' dir='ltr'>ἀνδριὰς,</span> <span class='ocrx_word' id='word_1_81' title='bbox 1844 1219 1896 1273; x_wconf 89' lang='grc' dir='ltr'><strong>τί</strong></span> 
     </span>
    </p>
   </div>
   <div class='ocr_carea' id='block_1_14' title="bbox 256 1307 1897 1384">
    <p class='ocr_par' dir='ltr' id='par_1_14' title="bbox 256 1307 1897 1384">
     <span class='ocr_line' id='line_1_14' title="bbox 256 1307 1897 1384; baseline 0 -22"><span class='ocrx_word' id='word_1_82' title='bbox 256 1309 526 1382; x_wconf 74' lang='grc' dir='ltr'>παρέσχεν</span> <span class='ocrx_word' id='word_1_83' title='bbox 586 1307 732 1380; x_wconf 77' lang='grc' dir='ltr'><strong>αότῷ</strong></span> <span class='ocrx_word' id='word_1_84' title='bbox 775 1309 803 1363; x_wconf 92' lang='lat'><strong>6</strong></span> <span class='ocrx_word' id='word_1_85' title='bbox 845 1311 1105 1384; x_wconf 81' lang='grc' dir='ltr'>τεχνίτης</span> <span class='ocrx_word' id='word_1_86' title='bbox 1153 1311 1188 1378; x_wconf 81' lang='grc' dir='ltr'><strong>ἢ</strong></span> <span class='ocrx_word' id='word_1_87' title='bbox 1231 1309 1282 1365; x_wconf 88' lang='grc' dir='ltr'><strong>τί</strong></span> <span class='ocrx_word' id='word_1_88' title='bbox 1335 1309 1638 1384; x_wconf 74' lang='grc' dir='ltr'>ἕνήργησσν</span> <span class='ocrx_word' id='word_1_89' title='bbox 1686 1309 1760 1370; x_wconf 80' lang='grc' dir='ltr'><strong>είς</strong></span> <span class='ocrx_word' id='word_1_90' title='bbox 1800 1307 1897 1363; x_wconf 79' lang='grc' dir='ltr'><strong>αὖ·</strong></span> 
     </span>
    </p>
   </div>
   <div class='ocr_carea' id='block_1_15' title="bbox 253 1396 1900 1475">
    <p class='ocr_par' dir='ltr' id='par_1_15' title="bbox 253 1396 1900 1475">
     <span class='ocr_line' id='line_1_15' title="bbox 253 1396 1900 1475; baseline 0.002 -24"><span class='ocrx_word' id='word_1_91' title='bbox 253 1398 390 1466; x_wconf 89' lang='grc' dir='ltr'>τόν;</span> <span class='ocrx_word' id='word_1_92' title='bbox 441 1397 627 1453; x_wconf 77' lang='grc' dir='ltr'>Φατέο</span> <span class='ocrx_word' id='word_1_93' title='bbox 680 1399 726 1453; x_wconf 81' lang='grc' dir='ltr'><strong>εἰ</strong></span> <span class='ocrx_word' id='word_1_94' title='bbox 776 1400 879 1475; x_wconf 77' lang='grc' dir='ltr'>γὰρ</span> <span class='ocrx_word' id='word_1_95' title='bbox 928 1400 956 1453; x_wconf 88' lang='grc' dir='ltr'>ὁ</span> <span class='ocrx_word' id='word_1_96' title='bbox 1016 1399 1174 1460; x_wconf 82' lang='grc' dir='ltr'>αὐτὸς</span> <span class='ocrx_word' id='word_1_97' title='bbox 1224 1396 1476 1468; x_wconf 76' lang='grc' dir='ltr'>ἀνενδεὴς</span> <span class='ocrx_word' id='word_1_98' title='bbox 1521 1396 1594 1453; x_wconf 82' lang='grc' dir='ltr'>ὥν</span> <span class='ocrx_word' id='word_1_99' title='bbox 1649 1398 1740 1453; x_wconf 78' lang='grc' dir='ltr'>καὶ</span> <span class='ocrx_word' id='word_1_100' title='bbox 1799 1399 1900 1454; x_wconf 83' lang='grc' dir='ltr'>οὐκ</span> 
     </span>
    </p>
   </div>
   <div class='ocr_carea' id='block_1_16' title="bbox 255 1484 1898 1564">
    <p class='ocr_par' dir='ltr' id='par_1_16' title="bbox 255 1484 1898 1564">
     <span class='ocr_line' id='line_1_16' title="bbox 255 1484 1898 1564; baseline 0.001 -24"><span class='ocrx_word' id='word_1_101' title='bbox 255 1484 404 1561; x_wconf 80' lang='grc' dir='ltr'><strong>ἔχων</strong></span> <span class='ocrx_word' id='word_1_102' title='bbox 452 1487 633 1562; x_wconf 74' lang='grc' dir='ltr'>ἀρχὴν</span> <span class='ocrx_word' id='word_1_103' title='bbox 679 1488 939 1564; x_wconf 73' lang='grc' dir='ltr'>γενέσεως</span> <span class='ocrx_word' id='word_1_104' title='bbox 997 1490 1277 1564; x_wconf 83' lang='grc' dir='ltr'>τυγχάνει,</span> <span class='ocrx_word' id='word_1_105' title='bbox 1325 1487 1492 1562; x_wconf 76' lang='grc' dir='ltr'>ταύτῃ</span> <span class='ocrx_word' id='word_1_106' title='bbox 1535 1486 1748 1562; x_wconf 80' lang='grc' dir='ltr'>μᾶλλον</span> <span class='ocrx_word' id='word_1_107' title='bbox 1780 1489 1898 1542; x_wconf 83' lang='grc' dir='ltr'>καθ’</span> 
     </span>
    </p>
   </div>
   <div class='ocr_carea' id='block_1_17' title="bbox 256 1573 1899 1654">
    <p class='ocr_par' dir='ltr' id='par_1_17' title="bbox 256 1573 1899 1654">
     <span class='ocr_line' id='line_1_17' title="bbox 256 1573 1899 1654; baseline 0.002 -25"><span class='ocrx_word' id='word_1_108' title='bbox 256 1576 398 1648; x_wconf 81' lang='grc' dir='ltr'>ὑμᾶς</span> <span class='ocrx_word' id='word_1_109' title='bbox 464 1577 492 1630; x_wconf 91' lang='lat'><strong>6</strong></span> <span class='ocrx_word' id='word_1_110' title='bbox 561 1573 900 1653; x_wconf 75' lang='grc' dir='ltr'>δημιουργὸς</span> <span class='ocrx_word' id='word_1_111' title='bbox 961 1575 1219 1633; x_wconf 76' lang='grc' dir='ltr'>οὐδέποτε</span> <span class='ocrx_word' id='word_1_112' title='bbox 1278 1575 1692 1654; x_wconf 72' lang='grc' dir='ltr'><strong>δημιουργήσας</strong></span> <span class='ocrx_word' id='word_1_113' title='bbox 1770 1575 1899 1633; x_wconf 72' lang='grc' dir='ltr'>οὕτε</span> 
     </span>
    </p>
   </div>
   <div class='ocr_carea' id='block_1_18' title="bbox 255 1661 1896 1741">
    <p class='ocr_par' dir='ltr' id='par_1_18' title="bbox 255 1661 1896 1741">
     <span class='ocr_line' id='line_1_18' title="bbox 255 1661 1896 1741; baseline 0.001 -23"><span class='ocrx_word' id='word_1_114' title='bbox 255 1661 616 1741; x_wconf 80' lang='grc' dir='ltr'>δημιουργῶν</span> <span class='ocrx_word' id='word_1_115' title='bbox 654 1667 1025 1741; x_wconf 79' lang='grc' dir='ltr'>εὑρεθήσεται.</span> <span class='ocrx_word' id='word_1_116' title='bbox 1058 1669 1164 1724; x_wconf 85' lang='grc' dir='ltr'>Καὶ</span> <span class='ocrx_word' id='word_1_117' title='bbox 1204 1666 1372 1722; x_wconf 84' lang='grc' dir='ltr'>πάλιν</span> <span class='ocrx_word' id='word_1_118' title='bbox 1422 1667 1499 1729; x_wconf 82' lang='grc' dir='ltr'><strong>είς</strong></span> <span class='ocrx_word' id='word_1_119' title='bbox 1549 1664 1680 1722; x_wconf 69' lang='grc' dir='ltr'>αὐτὸ</span> <span class='ocrx_word' id='word_1_120' title='bbox 1725 1663 1896 1722; x_wconf 65' lang='grc' dir='ltr'>ἔοικεν</span> 
     </span>
    </p>
   </div>
   <div class='ocr_carea' id='block_1_19' title="bbox 257 1752 1895 1830">
    <p class='ocr_par' dir='ltr' id='par_1_19' title="bbox 257 1752 1895 1830">
     <span class='ocr_line' id='line_1_19' title="bbox 257 1752 1895 1830; baseline 0.002 -22"><span class='ocrx_word' id='word_1_121' title='bbox 257 1755 287 1808; x_wconf 88' lang='lat'><strong>6</strong></span> <span class='ocrx_word' id='word_1_122' title='bbox 318 1752 485 1829; x_wconf 82' lang='grc' dir='ltr'>λόγος</span> <span class='ocrx_word' id='word_1_123' title='bbox 525 1752 1070 1830; x_wconf 79' lang='grc' dir='ltr'>περιδεδραμηκέναι,</span> <span class='ocrx_word' id='word_1_124' title='bbox 1120 1756 1528 1830; x_wconf 83' lang='grc' dir='ltr'>αὐτοματισμὸν</span> <span class='ocrx_word' id='word_1_125' title='bbox 1580 1755 1895 1830; x_wconf 83' lang='grc' dir='ltr'>ὁμολογεῖν.</span> 
     </span>
    </p>
   </div>
   <div class='ocr_carea' id='block_1_20' title="bbox 2013 590 3665 664">
    <p class='ocr_par' dir='ltr' id='par_1_20' title="bbox 2013 590 3665 664">
     <span class='ocr_line' id='line_1_20' title="bbox 2013 590 3665 664; baseline 0.004 -20"><span class='ocrx_word' id='word_1_126' title='bbox 2013 594 2267 646; x_wconf 75' lang='lat' dir='ltr'><strong>vestram</strong></span> <span class='ocrx_word' id='word_1_127' title='bbox 2327 590 2848 658; x_wconf 86' lang='lat' dir='ltr'><strong>sententiam,arte</strong></span> <span class='ocrx_word' id='word_1_128' title='bbox 2897 608 3010 647; x_wconf 92' lang='lat' dir='ltr'><strong>non</strong></span> <span class='ocrx_word' id='word_1_129' title='bbox 3061 608 3243 664; x_wconf 84' lang='lat' dir='ltr'><strong>egere,</strong></span> <span class='ocrx_word' id='word_1_130' title='bbox 3278 608 3511 649; x_wconf 89' lang='lat' dir='ltr'><strong>necesse</strong></span> <span class='ocrx_word' id='word_1_131' title='bbox 3554 593 3665 650; x_wconf 90' lang='lat' dir='ltr'><strong>erit</strong></span> 
     </span>
    </p>
   </div>
   <div class='ocr_carea' id='block_1_21' title="bbox 2013 679 3660 753">
    <p class='ocr_par' dir='ltr' id='par_1_21' title="bbox 2013 679 3660 753">
     <span class='ocr_line' id='line_1_21' title="bbox 2013 679 3660 753; baseline 0.002 -18"><span class='ocrx_word' id='word_1_132' title='bbox 2013 679 2178 736; x_wconf 81' lang='lat' dir='ltr'><strong>fateri</strong></span> <span class='ocrx_word' id='word_1_133' title='bbox 2212 683 2468 736; x_wconf 78' lang='lat' dir='ltr'><strong>statuam</strong></span> <span class='ocrx_word' id='word_1_134' title='bbox 2511 697 2612 752; x_wconf 90' lang='lat' dir='ltr'><strong>per</strong></span> <span class='ocrx_word' id='word_1_135' title='bbox 2639 697 2700 737; x_wconf 89' lang='lat' dir='ltr'><strong>se</strong></span> <span class='ocrx_word' id='word_1_136' title='bbox 2732 686 2937 753; x_wconf 83' lang='lat' dir='ltr'><strong>sponte</strong></span> <span class='ocrx_word' id='word_1_137' title='bbox 2967 680 3120 752; x_wconf 85' lang='lat' dir='ltr'><strong>[sine</strong></span> <span class='ocrx_word' id='word_1_138' title='bbox 3150 681 3395 752; x_wconf 82' lang='lat' dir='ltr'><strong>artiﬁce]</strong></span> <span class='ocrx_word' id='word_1_139' title='bbox 3422 681 3660 739; x_wconf 86' lang='lat' dir='ltr'><strong>factam.</strong></span> 
     </span>
    </p>
   </div>
   <div class='ocr_carea' id='block_1_22' title="bbox 2007 769 3664 840">
    <p class='ocr_par' dir='ltr' id='par_1_22' title="bbox 2007 769 3664 840">
     <span class='ocr_line' id='line_1_22' title="bbox 2007 769 3664 840; baseline 0.001 -16"><span class='ocrx_word' id='word_1_140' title='bbox 2007 771 2081 824; x_wconf 83' lang='lat' dir='ltr'><strong>At</strong></span> <span class='ocrx_word' id='word_1_141' title='bbox 2114 785 2300 840; x_wconf 91' lang='lat' dir='ltr'><strong>neque</strong></span> <span class='ocrx_word' id='word_1_142' title='bbox 2325 769 2476 826; x_wconf 86' lang='lat' dir='ltr'><strong>hanc</strong></span> <span class='ocrx_word' id='word_1_143' title='bbox 2509 769 2823 826; x_wconf 90' lang='lat' dir='ltr'><strong>admissuri</strong></span> <span class='ocrx_word' id='word_1_144' title='bbox 2857 770 3202 839; x_wconf 89' lang='lat' dir='ltr'><strong>orationem,</strong></span> <span class='ocrx_word' id='word_1_145' title='bbox 3223 769 3554 826; x_wconf 80' lang='lat' dir='ltr'><strong>mordacius</strong></span> <span class='ocrx_word' id='word_1_146' title='bbox 3578 787 3664 826; x_wconf 89' lang='lat' dir='ltr'><strong>re-</strong></span> 
     </span>
    </p>
   </div>
   <div class='ocr_carea' id='block_1_23' title="bbox 2009 858 3666 932">
    <p class='ocr_par' dir='ltr' id='par_1_23' title="bbox 2009 858 3666 932">
     <span class='ocr_line' id='line_1_23' title="bbox 2009 858 3666 932; baseline 0 -18"><span class='ocrx_word' id='word_1_147' title='bbox 2009 859 2402 930; x_wconf 86' lang='lat' dir='ltr'><strong>spondebunt,</strong></span> <span class='ocrx_word' id='word_1_148' title='bbox 2451 858 2828 915; x_wconf 82' lang='lat' dir='ltr'><strong>simulacrum</strong></span> <span class='ocrx_word' id='word_1_149' title='bbox 2878 859 3115 931; x_wconf 86' lang='lat' dir='ltr'><strong>quidem</strong></span> <span class='ocrx_word' id='word_1_150' title='bbox 3174 860 3500 932; x_wconf 88' lang='lat' dir='ltr'><strong>ingenitum</strong></span> <span class='ocrx_word' id='word_1_151' title='bbox 3552 875 3666 914; x_wconf 90' lang='lat' dir='ltr'><strong>non</strong></span> 
     </span>
    </p>
   </div>
   <div class='ocr_carea' id='block_1_24' title="bbox 2009 947 3671 1021">
    <p class='ocr_par' dir='ltr' id='par_1_24' title="bbox 2009 947 3671 1021">
     <span class='ocr_line' id='line_1_24' title="bbox 2009 947 3671 1021; baseline 0 -17"><span class='ocrx_word' id='word_1_152' title='bbox 2009 964 2136 1004; x_wconf 84' lang='lat' dir='ltr'><strong>esse</strong></span> <span class='ocrx_word' id='word_1_153' title='bbox 2183 947 2542 1018; x_wconf 77' lang='lat' dir='ltr'><strong>dictitantes,</strong></span> <span class='ocrx_word' id='word_1_154' title='bbox 2572 949 2836 1021; x_wconf 88' lang='lat' dir='ltr'><strong>genitum</strong></span> <span class='ocrx_word' id='word_1_155' title='bbox 2888 955 3083 1004; x_wconf 90' lang='lat' dir='ltr'><strong>autem</strong></span> <span class='ocrx_word' id='word_1_156' title='bbox 3117 965 3245 1005; x_wconf 87' lang='lat' dir='ltr'><strong>esse</strong></span> <span class='ocrx_word' id='word_1_157' title='bbox 3275 949 3671 1021; x_wconf 83' lang='lat' dir='ltr'><strong>generationis</strong></span> 
     </span>
    </p>
   </div>
   <div class='ocr_carea' id='block_1_25' title="bbox 2011 1037 3670 1111">
    <p class='ocr_par' dir='ltr' id='par_1_25' title="bbox 2011 1037 3670 1111">
     <span class='ocr_line' id='line_1_25' title="bbox 2011 1037 3670 1111; baseline 0.001 -18"><span class='ocrx_word' id='word_1_158' title='bbox 2011 1037 2292 1110; x_wconf 86' lang='lat' dir='ltr'><strong>principio</strong></span> <span class='ocrx_word' id='word_1_159' title='bbox 2345 1055 2570 1111; x_wconf 79' lang='lat' dir='ltr'><strong>semper</strong></span> <span class='ocrx_word' id='word_1_160' title='bbox 2637 1055 2865 1108; x_wconf 86' lang='lat' dir='ltr'><strong>carens,</strong></span> <span class='ocrx_word' id='word_1_161' title='bbox 2932 1045 2992 1096; x_wconf 89' lang='lat' dir='ltr'><strong>ut</strong></span> <span class='ocrx_word' id='word_1_162' title='bbox 3050 1041 3242 1111; x_wconf 82' lang='lat' dir='ltr'><strong>opifex</strong></span> <span class='ocrx_word' id='word_1_163' title='bbox 3308 1039 3540 1110; x_wconf 82' lang='lat' dir='ltr'><strong>opiﬁcio</strong></span> <span class='ocrx_word' id='word_1_164' title='bbox 3601 1039 3670 1094; x_wconf 88' lang='lat' dir='ltr'><strong>ab</strong></span> 
     </span>
    </p>
   </div>
   <div class='ocr_carea' id='block_1_26' title="bbox 2010 1126 3667 1200">
    <p class='ocr_par' dir='ltr' id='par_1_26' title="bbox 2010 1126 3667 1200">
     <span class='ocr_line' id='line_1_26' title="bbox 2010 1126 3667 1200; baseline 0.002 -19"><span class='ocrx_word' id='word_1_165' title='bbox 2010 1129 2223 1182; x_wconf 62' lang='lat' dir='ltr'><strong>aeterno</strong></span> <span class='ocrx_word' id='word_1_166' title='bbox 2246 1129 2435 1198; x_wconf 82' lang='lat' dir='ltr'><strong>major</strong></span> <span class='ocrx_word' id='word_1_167' title='bbox 2455 1126 2876 1200; x_wconf 83' lang='lat' dir='ltr'><strong>dicatur.Agite</strong></span> <span class='ocrx_word' id='word_1_168' title='bbox 2900 1127 3667 1198; x_wconf 85' lang='lat' dir='ltr'><strong>vos,nonne,illisdicemus,</strong></span> 
     </span>
    </p>
   </div>
   <div class='ocr_carea' id='block_1_27' title="bbox 2011 1214 3664 1289">
    <p class='ocr_par' dir='ltr' id='par_1_27' title="bbox 2011 1214 3664 1289">
     <span class='ocr_line' id='line_1_27' title="bbox 2011 1214 3664 1289; baseline 0.001 -19"><span class='ocrx_word' id='word_1_169' title='bbox 2011 1214 2071 1270; x_wconf 92' lang='lat' dir='ltr'><strong>Si</strong></span> <span class='ocrx_word' id='word_1_170' title='bbox 2103 1231 2293 1285; x_wconf 90' lang='lat' dir='ltr'><strong>neque</strong></span> <span class='ocrx_word' id='word_1_171' title='bbox 2313 1219 2569 1287; x_wconf 87' lang='lat' dir='ltr'><strong>tempus,</strong></span> <span class='ocrx_word' id='word_1_172' title='bbox 2597 1233 2785 1289; x_wconf 89' lang='lat' dir='ltr'><strong>neque</strong></span> <span class='ocrx_word' id='word_1_173' title='bbox 2814 1233 2998 1273; x_wconf 57' lang='lat' dir='ltr'><strong>aevum</strong></span> <span class='ocrx_word' id='word_1_174' title='bbox 3019 1221 3175 1274; x_wconf 90' lang='lat' dir='ltr'><strong>retro</strong></span> <span class='ocrx_word' id='word_1_175' title='bbox 3199 1217 3383 1273; x_wconf 90' lang='lat' dir='ltr'><strong>ullum</strong></span> <span class='ocrx_word' id='word_1_176' title='bbox 3407 1217 3664 1288; x_wconf 85' lang='lat' dir='ltr'><strong>reperia-</strong></span> 
     </span>
    </p>
   </div>
   <div class='ocr_carea' id='block_1_28' title="bbox 2008 1305 3665 1378">
    <p class='ocr_par' dir='ltr' id='par_1_28' title="bbox 2008 1305 3665 1378">
     <span class='ocr_line' id='line_1_28' title="bbox 2008 1305 3665 1378; baseline 0.002 -20"><span class='ocrx_word' id='word_1_177' title='bbox 2008 1305 2363 1375; x_wconf 91' lang='lat' dir='ltr'><strong>tur,quando</strong></span> <span class='ocrx_word' id='word_1_178' title='bbox 2384 1309 2580 1362; x_wconf 88' lang='lat' dir='ltr'><strong>statua</strong></span> <span class='ocrx_word' id='word_1_179' title='bbox 2605 1307 2855 1378; x_wconf 84' lang='lat' dir='ltr'><strong>perfecta</strong></span> <span class='ocrx_word' id='word_1_180' title='bbox 2876 1323 2991 1362; x_wconf 89' lang='lat' dir='ltr'><strong>non</strong></span> <span class='ocrx_word' id='word_1_181' title='bbox 3016 1308 3144 1375; x_wconf 83' lang='lat' dir='ltr'><strong>fuit,</strong></span> <span class='ocrx_word' id='word_1_182' title='bbox 3179 1307 3317 1378; x_wconf 88' lang='lat' dir='ltr'><strong>quid</strong></span> <span class='ocrx_word' id='word_1_183' title='bbox 3351 1305 3436 1361; x_wconf 89' lang='lat' dir='ltr'><strong>illi</strong></span> <span class='ocrx_word' id='word_1_184' title='bbox 3459 1306 3665 1362; x_wconf 80' lang='lat' dir='ltr'><strong>artifex</strong></span> 
     </span>
    </p>
   </div>
   <div class='ocr_carea' id='block_1_29' title="bbox 2009 1392 3662 1467">
    <p class='ocr_par' dir='ltr' id='par_1_29' title="bbox 2009 1392 3662 1467">
     <span class='ocr_line' id='line_1_29' title="bbox 2009 1392 3662 1467; baseline 0.001 -19"><span class='ocrx_word' id='word_1_185' title='bbox 2009 1392 2336 1466; x_wconf 69' lang='lat' dir='ltr'><strong>praestitit?</strong></span> <span class='ocrx_word' id='word_1_186' title='bbox 2365 1399 2464 1450; x_wconf 89' lang='lat' dir='ltr'><strong>aut</strong></span> <span class='ocrx_word' id='word_1_187' title='bbox 2497 1395 2639 1467; x_wconf 89' lang='lat' dir='ltr'><strong>quid</strong></span> <span class='ocrx_word' id='word_1_188' title='bbox 2672 1395 2996 1452; x_wconf 80' lang='lat' dir='ltr'><strong>efformavit</strong></span> <span class='ocrx_word' id='word_1_189' title='bbox 3020 1397 3078 1450; x_wconf 90' lang='lat' dir='ltr'><strong>in</strong></span> <span class='ocrx_word' id='word_1_190' title='bbox 3109 1396 3252 1451; x_wconf 82' lang='lat' dir='ltr'><strong>illa?</strong></span> <span class='ocrx_word' id='word_1_191' title='bbox 3282 1395 3483 1451; x_wconf 86' lang='lat' dir='ltr'><strong>Dicite.</strong></span> <span class='ocrx_word' id='word_1_192' title='bbox 3519 1399 3662 1451; x_wconf 85' lang='lat' dir='ltr'><strong>Nam</strong></span> 
     </span>
    </p>
   </div>
   <div class='ocr_carea' id='block_1_30' title="bbox 2009 1487 3666 1562">
    <p class='ocr_par' dir='ltr' id='par_1_30' title="bbox 2009 1487 3666 1562">
     <span class='ocr_line' id='line_1_30' title="bbox 2009 1487 3666 1562; baseline 0.001 -20"><span class='ocrx_word' id='word_1_193' title='bbox 2009 1487 2059 1542; x_wconf 89' lang='lat' dir='ltr'><strong>si</strong></span> <span class='ocrx_word' id='word_1_194' title='bbox 2074 1487 2203 1558; x_wconf 87' lang='lat' dir='ltr'><strong>ipsa</strong></span> <span class='ocrx_word' id='word_1_195' title='bbox 2216 1487 2436 1544; x_wconf 87' lang='lat' dir='ltr'><strong>nullius</strong></span> <span class='ocrx_word' id='word_1_196' title='bbox 2449 1487 2651 1561; x_wconf 85' lang='lat' dir='ltr'><strong>indiga</strong></span> <span class='ocrx_word' id='word_1_197' title='bbox 2666 1490 3016 1562; x_wconf 87' lang='lat' dir='ltr'><strong>principium</strong></span> <span class='ocrx_word' id='word_1_198' title='bbox 3034 1490 3429 1562; x_wconf 83' lang='lat' dir='ltr'><strong>generationis</strong></span> <span class='ocrx_word' id='word_1_199' title='bbox 3447 1487 3666 1544; x_wconf 88' lang='lat' dir='ltr'><strong>nullum</strong></span> 
     </span>
    </p>
   </div>
   <div class='ocr_carea' id='block_1_31' title="bbox 2009 1577 3666 1651">
    <p class='ocr_par' dir='ltr' id='par_1_31' title="bbox 2009 1577 3666 1651">
     <span class='ocr_line' id='line_1_31' title="bbox 2009 1577 3666 1651; baseline 0.002 -20"><span class='ocrx_word' id='word_1_200' title='bbox 2009 1577 2207 1645; x_wconf 88' lang='lat' dir='ltr'><strong>habet,</strong></span> <span class='ocrx_word' id='word_1_201' title='bbox 2239 1577 2320 1632; x_wconf 88' lang='lat' dir='ltr'><strong>ita</strong></span> <span class='ocrx_word' id='word_1_202' title='bbox 2367 1580 2687 1635; x_wconf 86' lang='lat' dir='ltr'><strong>secundum</strong></span> <span class='ocrx_word' id='word_1_203' title='bbox 2721 1596 2840 1648; x_wconf 86' lang='lat' dir='ltr'><strong>vos,</strong></span> <span class='ocrx_word' id='word_1_204' title='bbox 2875 1580 3066 1650; x_wconf 85' lang='lat' dir='ltr'><strong>potius</strong></span> <span class='ocrx_word' id='word_1_205' title='bbox 3097 1584 3318 1636; x_wconf 89' lang='lat' dir='ltr'><strong>creator</strong></span> <span class='ocrx_word' id='word_1_206' title='bbox 3360 1595 3666 1651; x_wconf 88' lang='lat' dir='ltr'><strong>nunquam</strong></span> 
     </span>
    </p>
   </div>
   <div class='ocr_carea' id='block_1_32' title="bbox 2010 1665 3663 1739">
    <p class='ocr_par' dir='ltr' id='par_1_32' title="bbox 2010 1665 3663 1739">
     <span class='ocr_line' id='line_1_32' title="bbox 2010 1665 3663 1739; baseline 0.001 -18"><span class='ocrx_word' id='word_1_207' title='bbox 2010 1665 2249 1734; x_wconf 83' lang='lat' dir='ltr'><strong>creavit,</strong></span> <span class='ocrx_word' id='word_1_208' title='bbox 2286 1683 2474 1738; x_wconf 90' lang='lat' dir='ltr'><strong>neque</strong></span> <span class='ocrx_word' id='word_1_209' title='bbox 2504 1683 2698 1724; x_wconf 86' lang='lat' dir='ltr'><strong>creare</strong></span> <span class='ocrx_word' id='word_1_210' title='bbox 2739 1669 2980 1724; x_wconf 89' lang='lat' dir='ltr'><strong>dicetur.</strong></span> <span class='ocrx_word' id='word_1_211' title='bbox 3011 1673 3193 1739; x_wconf 82' lang='lat' dir='ltr'><strong>Atque</strong></span> <span class='ocrx_word' id='word_1_212' title='bbox 3225 1671 3306 1724; x_wconf 88' lang='lat' dir='ltr'><strong>ita</strong></span> <span class='ocrx_word' id='word_1_213' title='bbox 3328 1683 3557 1723; x_wconf 86' lang='lat' dir='ltr'><strong>rursum</strong></span> <span class='ocrx_word' id='word_1_214' title='bbox 3592 1667 3663 1723; x_wconf 90' lang='lat' dir='ltr'><strong>ad</strong></span> 
     </span>
    </p>
   </div>
   <div class='ocr_carea' id='block_1_33' title="bbox 2005 1753 3659 1831">
    <p class='ocr_par' dir='ltr' id='par_1_33' title="bbox 2005 1753 3659 1831">
     <span class='ocr_line' id='line_1_33' title="bbox 2005 1753 3659 1831; baseline 0.003 -23"><span class='ocrx_word' id='word_1_215' title='bbox 2005 1753 2160 1810; x_wconf 91' lang='lat' dir='ltr'><strong>idem</strong></span> <span class='ocrx_word' id='word_1_216' title='bbox 2181 1754 2438 1812; x_wconf 82' lang='lat' dir='ltr'><strong>revoluta</strong></span> <span class='ocrx_word' id='word_1_217' title='bbox 2459 1757 2904 1831; x_wconf 86' lang='lat' dir='ltr'><strong>oratio,cogetur</strong></span> <span class='ocrx_word' id='word_1_218' title='bbox 2926 1775 3072 1830; x_wconf 88' lang='lat' dir='ltr'><strong>opus</strong></span> <span class='ocrx_word' id='word_1_219' title='bbox 3087 1775 3194 1814; x_wconf 86' lang='lat' dir='ltr'><strong>sua</strong></span> <span class='ocrx_word' id='word_1_220' title='bbox 3221 1764 3425 1828; x_wconf 87' lang='lat' dir='ltr'><strong>sponte</strong></span> <span class='ocrx_word' id='word_1_221' title='bbox 3445 1759 3659 1813; x_wconf 84' lang='lat' dir='ltr'><strong>factum</strong></span> 
     </span>
    </p>
   </div>
   <div class='ocr_carea' id='block_1_34' title="bbox 255 1833 1901 1920">
    <p class='ocr_par' dir='ltr' id='par_1_34' title="bbox 255 1843 1900 1920">
     <span class='ocr_line' id='line_1_34' title="bbox 255 1843 1900 1920; baseline 0 -22"><span class='ocrx_word' id='word_1_222' title='bbox 255 1843 378 1898; x_wconf 75' lang='grc' dir='ltr'><strong>Ἐὰν</strong></span> <span class='ocrx_word' id='word_1_223' title='bbox 415 1843 519 1919; x_wconf 80' lang='grc' dir='ltr'><strong>γὰρ</strong></span> <span class='ocrx_word' id='word_1_224' title='bbox 553 1843 646 1900; x_wconf 75' lang='grc' dir='ltr'>κᾶν</span> <span class='ocrx_word' id='word_1_225' title='bbox 677 1846 740 1899; x_wconf 89' lang='grc' dir='ltr'>τὸ</span> <span class='ocrx_word' id='word_1_226' title='bbox 770 1847 814 1883; x_wconf 79' lang='grc'>⁸⁸</span> <span class='ocrx_word' id='word_1_227' title='bbox 841 1845 1226 1920; x_wconf 78' lang='grc' dir='ltr'>ἆκαριαίτατον</span> <span class='ocrx_word' id='word_1_228' title='bbox 1268 1843 1560 1920; x_wconf 68' lang='grc' dir='ltr'>ἀνδριάντα</span> <span class='ocrx_word' id='word_1_229' title='bbox 1588 1844 1636 1880; x_wconf 76' lang='grc'><strong>⁸⁷</strong></span> <span class='ocrx_word' id='word_1_230' title='bbox 1679 1845 1900 1915; x_wconf 90' lang='grc' dir='ltr'>κινήσας</span> 
     </span>
    </p>
   </div>
   <div class='ocr_carea' id='block_1_35' title="bbox 2017 1833 3662 1920">
    <p class='ocr_par' dir='ltr' id='par_1_35' title="bbox 2017 1843 3662 1917">
     <span class='ocr_line' id='line_1_35' title="bbox 2017 1843 3662 1917; baseline 0.002 -18"><span class='ocrx_word' id='word_1_231' title='bbox 2017 1843 2410 1909; x_wconf 71' lang='lat' dir='ltr'><strong>&#39;ateri.Quodsi</strong></span> <span class='ocrx_word' id='word_1_232' title='bbox 2425 1846 2879 1917; x_wconf 86' lang='lat' dir='ltr'><strong>enim,quamvis</strong></span> <span class='ocrx_word' id='word_1_233' title='bbox 2893 1847 3269 1902; x_wconf 88' lang='lat' dir='ltr'><strong>rudissimam</strong></span> <span class='ocrx_word' id='word_1_234' title='bbox 3286 1852 3542 1902; x_wconf 88' lang='lat' dir='ltr'><strong>statuam</strong></span> <span class='ocrx_word' id='word_1_235' title='bbox 3554 1863 3662 1902; x_wconf 87' lang='lat' dir='ltr'><strong>mo-</strong></span> 
     </span>
    </p>
   </div>
   <div class='ocr_carea' id='block_1_36' title="bbox 255 1930 1898 2014">
    <p class='ocr_par' dir='ltr' id='par_1_36' title="bbox 255 1930 1898 2014">
     <span class='ocr_line' id='line_1_36' title="bbox 255 1930 1898 2014; baseline 0.001 -27"><span class='ocrx_word' id='word_1_236' title='bbox 255 1933 285 1988; x_wconf 93' lang='lat'><strong>6</strong></span> <span class='ocrx_word' id='word_1_237' title='bbox 328 1930 668 2009; x_wconf 84' lang='grc' dir='ltr'>δημιουργὸς</span> <span class='ocrx_word' id='word_1_238' title='bbox 702 1933 905 2014; x_wconf 79' lang='grc' dir='ltr'>λεχθῇ,</span> <span class='ocrx_word' id='word_1_239' title='bbox 936 1935 1085 2011; x_wconf 79' lang='grc' dir='ltr'>ἀρχῇ</span> <span class='ocrx_word' id='word_1_240' title='bbox 1119 1936 1492 2006; x_wconf 81' lang='grc' dir='ltr'>ὁποπεσεῖται,</span> <span class='ocrx_word' id='word_1_241' title='bbox 1523 1935 1641 1988; x_wconf 87' lang='grc' dir='ltr'>καθ’</span> <span class='ocrx_word' id='word_1_242' title='bbox 1669 1935 1730 2003; x_wconf 86' lang='grc' dir='ltr'>ἢν</span> <span class='ocrx_word' id='word_1_243' title='bbox 1763 1932 1898 2008; x_wconf 61' lang='grc' dir='ltr'>πρός</span> 
     </span>
    </p>
   </div>
   <div class='ocr_carea' id='block_1_37' title="bbox 253 2020 1897 2098">
    <p class='ocr_par' dir='ltr' id='par_1_37' title="bbox 253 2020 1897 2098">
     <span class='ocr_line' id='line_1_37' title="bbox 253 2020 1897 2098; baseline 0.002 -22"><span class='ocrx_word' id='word_1_244' title='bbox 253 2041 410 2096; x_wconf 84' lang='grc' dir='ltr'>τερον</span> <span class='ocrx_word' id='word_1_245' title='bbox 443 2025 572 2096; x_wconf 79' lang='grc'><strong>[497</strong></span> <span class='ocrx_word' id='word_1_246' title='bbox 615 2024 710 2098; x_wconf 86' lang='grc' dir='ltr'><strong>Η.]</strong></span> <span class='ocrx_word' id='word_1_247' title='bbox 741 2023 902 2079; x_wconf 78' lang='grc' dir='ltr'>αὐτὸν</span> <span class='ocrx_word' id='word_1_248' title='bbox 933 2020 1174 2098; x_wconf 75' lang='grc' dir='ltr'>ἄκοσμον</span> <span class='ocrx_word' id='word_1_249' title='bbox 1204 2026 1293 2080; x_wconf 86' lang='grc' dir='ltr'><strong>καὶ</strong></span> <span class='ocrx_word' id='word_1_250' title='bbox 1327 2024 1585 2094; x_wconf 82' lang='grc' dir='ltr'>ἀκίνητον</span> <span class='ocrx_word' id='word_1_251' title='bbox 1627 2024 1756 2079; x_wconf 79' lang='grc' dir='ltr'>ὅντα</span> <span class='ocrx_word' id='word_1_252' title='bbox 1799 2025 1897 2098; x_wconf 60' lang='lat'><strong>£9-</strong></span> 
     </span>
    </p>
   </div>
   <div class='ocr_carea' id='block_1_38' title="bbox 255 2109 1898 2187">
    <p class='ocr_par' dir='ltr' id='par_1_38' title="bbox 255 2109 1898 2187">
     <span class='ocr_line' id='line_1_38' title="bbox 255 2109 1898 2187; baseline 0 -21"><span class='ocrx_word' id='word_1_253' title='bbox 255 2113 384 2181; x_wconf 79' lang='grc' dir='ltr'>ξατο</span> <span class='ocrx_word' id='word_1_254' title='bbox 432 2116 602 2168; x_wconf 82' lang='grc' dir='ltr'>κινεῖν</span> <span class='ocrx_word' id='word_1_255' title='bbox 651 2113 741 2168; x_wconf 83' lang='grc' dir='ltr'><strong>καὶ</strong></span> <span class='ocrx_word' id='word_1_256' title='bbox 790 2119 1038 2187; x_wconf 84' lang='grc' dir='ltr'>κοσμεῖν.</span> <span class='ocrx_word' id='word_1_257' title='bbox 1088 2111 1296 2172; x_wconf 74' lang='grc' dir='ltr'>Οὔκουν</span> <span class='ocrx_word' id='word_1_258' title='bbox 1347 2114 1437 2168; x_wconf 84' lang='grc' dir='ltr'><strong>καὶ</strong></span> <span class='ocrx_word' id='word_1_259' title='bbox 1490 2115 1558 2183; x_wconf 84' lang='grc' dir='ltr'>ἦν</span> <span class='ocrx_word' id='word_1_260' title='bbox 1614 2112 1704 2168; x_wconf 86' lang='grc' dir='ltr'><strong>καὶ</strong></span> <span class='ocrx_word' id='word_1_261' title='bbox 1752 2109 1898 2167; x_wconf 79' lang='grc' dir='ltr'>ἔσται</span> 
     </span>
    </p>
   </div>
   <div class='ocr_carea' id='block_1_39' title="bbox 259 2197 1902 2278">
    <p class='ocr_par' dir='ltr' id='par_1_39' title="bbox 259 2197 1902 2278">
     <span class='ocr_line' id='line_1_39' title="bbox 259 2197 1902 2278; baseline 0.002 -24"><span class='ocrx_word' id='word_1_262' title='bbox 259 2197 524 2270; x_wconf 80' lang='grc' dir='ltr'>διηνεκῶς</span> <span class='ocrx_word' id='word_1_263' title='bbox 573 2203 602 2257; x_wconf 98' lang='lat'><strong>6</strong></span> <span class='ocrx_word' id='word_1_264' title='bbox 649 2201 811 2264; x_wconf 79' lang='grc' dir='ltr'>αὐτὸς</span> <span class='ocrx_word' id='word_1_265' title='bbox 860 2202 943 2258; x_wconf 83' lang='grc' dir='ltr'>ἀεὶ</span> <span class='ocrx_word' id='word_1_266' title='bbox 991 2204 1198 2278; x_wconf 88' lang='grc' dir='ltr'>κόσμος</span> <span class='ocrx_word' id='word_1_267' title='bbox 1231 2224 1244 2238; x_wconf 74' lang='grc' dir='ltr'><strong>ο</strong></span> <span class='ocrx_word' id='word_1_268' title='bbox 1295 2203 1650 2260; x_wconf 73' lang='grc' dir='ltr'>ἀπεικαστέον</span> <span class='ocrx_word' id='word_1_269' title='bbox 1681 2203 1784 2278; x_wconf 78' lang='grc' dir='ltr'><strong>γὰρ</strong></span> <span class='ocrx_word' id='word_1_270' title='bbox 1822 2205 1902 2274; x_wconf 79' lang='grc' dir='ltr'>τῷ</span> 
     </span>
    </p>
   </div>
   <div class='ocr_carea' id='block_1_40' title="bbox 262 2289 1896 2371">
    <p class='ocr_par' dir='ltr' id='par_1_40' title="bbox 262 2289 1896 2371">
     <span class='ocr_line' id='line_1_40' title="bbox 262 2289 1896 2371; baseline 0.001 -27"><span class='ocrx_word' id='word_1_271' title='bbox 262 2289 358 2363; x_wconf 75' lang='grc' dir='ltr'>μὶν</span> <span class='ocrx_word' id='word_1_272' title='bbox 386 2294 500 2362; x_wconf 89' lang='grc' dir='ltr'>Θεῷ</span> <span class='ocrx_word' id='word_1_273' title='bbox 527 2291 622 2346; x_wconf 84' lang='grc' dir='ltr'><strong>τὸν</strong></span> <span class='ocrx_word' id='word_1_274' title='bbox 668 2291 950 2371; x_wconf 80' lang='grc' dir='ltr'>τεχνίτην,</span> <span class='ocrx_word' id='word_1_275' title='bbox 995 2292 1087 2348; x_wconf 84' lang='grc' dir='ltr'>τὸν</span> <span class='ocrx_word' id='word_1_276' title='bbox 1127 2291 1184 2348; x_wconf 74' lang='grc' dir='ltr'>δὲ</span> <span class='ocrx_word' id='word_1_277' title='bbox 1230 2291 1514 2364; x_wconf 80' lang='grc' dir='ltr'>ἀνδριάντα</span> <span class='ocrx_word' id='word_1_278' title='bbox 1559 2297 1638 2365; x_wconf 81' lang='grc' dir='ltr'>τῷ</span> <span class='ocrx_word' id='word_1_279' title='bbox 1685 2291 1896 2364; x_wconf 86' lang='grc' dir='ltr'>κόσμῳ.</span> 
     </span>
    </p>
   </div>
   <div class='ocr_carea' id='block_1_41' title="bbox 257 2376 1900 2452">
    <p class='ocr_par' dir='ltr' id='par_1_41' title="bbox 257 2376 1900 2452">
     <span class='ocr_line' id='line_1_41' title="bbox 257 2376 1900 2452; baseline 0.002 -18"><span class='ocrx_word' id='word_1_280' title='bbox 257 2385 342 2448; x_wconf 84' lang='grc' dir='ltr'>Πῆ</span> <span class='ocrx_word' id='word_1_281' title='bbox 386 2376 452 2448; x_wconf 78' lang='grc' dir='ltr'>δὴ</span> <span class='ocrx_word' id='word_1_282' title='bbox 484 2379 532 2417; x_wconf 80' lang='grc'><strong>⁸⁸</strong></span> <span class='ocrx_word' id='word_1_283' title='bbox 561 2378 676 2450; x_wconf 74' lang='grc' dir='ltr'>οὖν,</span> <span class='ocrx_word' id='word_1_284' title='bbox 709 2378 785 2437; x_wconf 81' lang='grc' dir='ltr'>ὧν</span> <span class='ocrx_word' id='word_1_285' title='bbox 814 2380 1048 2452; x_wconf 83' lang='grc' dir='ltr'>ἠλίθιοι,</span> <span class='ocrx_word' id='word_1_286' title='bbox 1087 2381 1262 2438; x_wconf 67' lang='grc' dir='ltr'>οἴεσθε</span> <span class='ocrx_word' id='word_1_287' title='bbox 1298 2383 1397 2452; x_wconf 74' lang='grc' dir='ltr'><strong>τὴν</strong></span> <span class='ocrx_word' id='word_1_288' title='bbox 1445 2383 1621 2438; x_wconf 84' lang='grc' dir='ltr'>κτίσιν</span> <span class='ocrx_word' id='word_1_289' title='bbox 1671 2383 1900 2437; x_wconf 80' lang='grc' dir='ltr'>συνοιπὲ-</span> 
     </span>
    </p>
   </div>
   <div class='ocr_carea' id='block_1_42' title="bbox 259 2467 1898 2548">
    <p class='ocr_par' dir='ltr' id='par_1_42' title="bbox 259 2467 1898 2548">
     <span class='ocr_line' id='line_1_42' title="bbox 259 2467 1898 2548; baseline 0.001 -27"><span class='ocrx_word' id='word_1_290' title='bbox 259 2487 454 2543; x_wconf 88' lang='grc' dir='ltr'>ραντον</span> <span class='ocrx_word' id='word_1_291' title='bbox 485 2467 649 2525; x_wconf 77' lang='grc' dir='ltr'>οὖσαν</span> <span class='ocrx_word' id='word_1_292' title='bbox 678 2474 758 2542; x_wconf 81' lang='grc' dir='ltr'><strong>τῷ</strong></span> <span class='ocrx_word' id='word_1_293' title='bbox 798 2469 1127 2548; x_wconf 81' lang='grc' dir='ltr'>δημιουργῷ</span> <span class='ocrx_word' id='word_1_294' title='bbox 1162 2473 1237 2545; x_wconf 79' lang='grc' dir='ltr'>μὴ</span> <span class='ocrx_word' id='word_1_295' title='bbox 1263 2468 1469 2527; x_wconf 84' lang='grc' dir='ltr'>δεῖσθαι</span> <span class='ocrx_word' id='word_1_296' title='bbox 1500 2475 1596 2526; x_wconf 81' lang='grc' dir='ltr'>τοῦ</span> <span class='ocrx_word' id='word_1_297' title='bbox 1628 2467 1694 2539; x_wconf 84' lang='grc' dir='ltr'><strong>δη</strong></span> <span class='ocrx_word' id='word_1_298' title='bbox 1706 2489 1898 2544; x_wconf 80' lang='grc' dir='ltr'>μιουρ-</span> 
     </span>
    </p>
   </div>
   <div class='ocr_carea' id='block_1_43' title="bbox 257 2557 1897 2638">
    <p class='ocr_par' dir='ltr' id='par_1_43' title="bbox 257 2557 1897 2638">
     <span class='ocr_line' id='line_1_43' title="bbox 257 2557 1897 2638; baseline 0.001 -26"><span class='ocrx_word' id='word_1_299' title='bbox 257 2561 392 2632; x_wconf 80' lang='grc' dir='ltr'>γοῦς</span> <span class='ocrx_word' id='word_1_300' title='bbox 453 2559 527 2615; x_wconf 89' lang='grc' dir='ltr'><strong>Τὸ</strong></span> <span class='ocrx_word' id='word_1_301' title='bbox 573 2558 677 2634; x_wconf 80' lang='grc' dir='ltr'><strong>γὰρ</strong></span> <span class='ocrx_word' id='word_1_302' title='bbox 729 2559 1119 2632; x_wconf 76' lang='grc' dir='ltr'>συναπέραντον</span> <span class='ocrx_word' id='word_1_303' title='bbox 1178 2557 1451 2635; x_wconf 84' lang='grc' dir='ltr'>μηδαμῶς</span> <span class='ocrx_word' id='word_1_304' title='bbox 1508 2561 1688 2638; x_wconf 79' lang='grc' dir='ltr'>ἀρχὴν</span> <span class='ocrx_word' id='word_1_305' title='bbox 1747 2561 1897 2634; x_wconf 83' lang='grc' dir='ltr'>γενὲ-</span> 
     </span>
    </p>
   </div>
   <div class='ocr_carea' id='block_1_44' title="bbox 259 2643 1894 2727">
    <p class='ocr_par' dir='ltr' id='par_1_44' title="bbox 259 2643 1894 2727">
     <span class='ocr_line' id='line_1_44' title="bbox 259 2643 1894 2727; baseline 0.001 -26"><span class='ocrx_word' id='word_1_306' title='bbox 259 2667 394 2709; x_wconf 86' lang='grc' dir='ltr'>σεως</span> <span class='ocrx_word' id='word_1_307' title='bbox 442 2643 595 2727; x_wconf 70' lang='grc' dir='ltr'>ἔχον,</span> <span class='ocrx_word' id='word_1_308' title='bbox 643 2649 732 2704; x_wconf 84' lang='grc' dir='ltr'><strong>καὶ</strong></span> <span class='ocrx_word' id='word_1_309' title='bbox 790 2649 1144 2724; x_wconf 72' lang='grc' dir='ltr'>ωναγὲνητον</span> <span class='ocrx_word' id='word_1_310' title='bbox 1201 2651 1290 2705; x_wconf 86' lang='grc' dir='ltr'><strong>καὶ</strong></span> <span class='ocrx_word' id='word_1_311' title='bbox 1334 2647 1658 2722; x_wconf 80' lang='grc' dir='ltr'>ἷσοδύναμον</span> <span class='ocrx_word' id='word_1_312' title='bbox 1690 2649 1894 2725; x_wconf 72' lang='grc' dir='ltr'>ἂνάγκη</span> 
     </span>
    </p>
   </div>
   <div class='ocr_carea' id='block_1_45' title="bbox 256 2734 1895 2814">
    <p class='ocr_par' dir='ltr' id='par_1_45' title="bbox 256 2734 1895 2814">
     <span class='ocr_line' id='line_1_45' title="bbox 256 2734 1895 2814; baseline 0.001 -24"><span class='ocrx_word' id='word_1_313' title='bbox 256 2736 566 2810; x_wconf 84' lang='grc' dir='ltr'>τυγχάνειν.</span> <span class='ocrx_word' id='word_1_314' title='bbox 601 2738 681 2794; x_wconf 88' lang='grc' dir='ltr'>Τὸ</span> <span class='ocrx_word' id='word_1_315' title='bbox 725 2734 782 2792; x_wconf 75' lang='grc' dir='ltr'>δὲ</span> <span class='ocrx_word' id='word_1_316' title='bbox 821 2738 1108 2814; x_wconf 79' lang='grc' dir='ltr'>ἀγένητου,</span> <span class='ocrx_word' id='word_1_317' title='bbox 1163 2737 1448 2800; x_wconf 73' lang='grc' dir='ltr'>αὐτοτελὶς</span> <span class='ocrx_word' id='word_1_318' title='bbox 1497 2737 1587 2793; x_wconf 82' lang='grc' dir='ltr'>καὶ</span> <span class='ocrx_word' id='word_1_319' title='bbox 1635 2737 1895 2812; x_wconf 79' lang='grc' dir='ltr'>ἄτρεπτον</span> 
     </span>
    </p>
   </div>
   <div class='ocr_carea' id='block_1_46' title="bbox 257 2825 1898 2907">
    <p class='ocr_par' dir='ltr' id='par_1_46' title="bbox 257 2825 1898 2907">
     <span class='ocr_line' id='line_1_46' title="bbox 257 2825 1898 2907; baseline 0 -27"><span class='ocrx_word' id='word_1_320' title='bbox 257 2827 468 2904; x_wconf 50' lang='lat' dir='ltr'><strong>suo»,</strong></span> <span class='ocrx_word' id='word_1_321' title='bbox 537 2827 628 2882; x_wconf 83' lang='grc' dir='ltr'>καὶ</span> <span class='ocrx_word' id='word_1_322' title='bbox 694 2825 988 2902; x_wconf 73' lang='grc' dir='ltr'>ἀπροσδεὲς</span> <span class='ocrx_word' id='word_1_323' title='bbox 1047 2829 1138 2884; x_wconf 83' lang='grc' dir='ltr'><strong>καὶ</strong></span> <span class='ocrx_word' id='word_1_324' title='bbox 1194 2827 1432 2907; x_wconf 77' lang='grc' dir='ltr'>ἄφθορου</span> <span class='ocrx_word' id='word_1_325' title='bbox 1489 2826 1634 2884; x_wconf 77' lang='grc' dir='ltr'>ἔσται</span> <span class='ocrx_word' id='word_1_326' title='bbox 1665 2829 1732 2886; x_wconf 80' lang='grc'><strong>⁶⁹.</strong></span> <span class='ocrx_word' id='word_1_327' title='bbox 1793 2827 1898 2885; x_wconf 84' lang='grc' dir='ltr'><strong>Καὶ</strong></span> 
     </span>
    </p>
   </div>
   <div class='ocr_carea' id='block_1_47' title="bbox 257 2915 1899 2996">
    <p class='ocr_par' dir='ltr' id='par_1_47' title="bbox 257 2915 1899 2996">
     <span class='ocr_line' id='line_1_47' title="bbox 257 2915 1899 2996; baseline 0.001 -27"><span class='ocrx_word' id='word_1_328' title='bbox 257 2915 302 2970; x_wconf 79' lang='grc' dir='ltr'>εἰ</span> <span class='ocrx_word' id='word_1_329' title='bbox 347 2920 514 2972; x_wconf 82' lang='grc' dir='ltr'>τοῦτο</span> <span class='ocrx_word' id='word_1_330' title='bbox 559 2915 733 2982; x_wconf 75' lang='grc' dir='ltr'>οὕτως</span> <span class='ocrx_word' id='word_1_331' title='bbox 778 2915 920 2996; x_wconf 75' lang='grc' dir='ltr'>ἔχει,</span> <span class='ocrx_word' id='word_1_332' title='bbox 971 2917 1152 2974; x_wconf 71' lang='grc' dir='ltr'>οὐκέτι</span> <span class='ocrx_word' id='word_1_333' title='bbox 1202 2919 1230 2973; x_wconf 89' lang='lat'><strong>6</strong></span> <span class='ocrx_word' id='word_1_334' title='bbox 1270 2917 1478 2992; x_wconf 85' lang='grc' dir='ltr'>κόσμος</span> <span class='ocrx_word' id='word_1_335' title='bbox 1522 2920 1751 2993; x_wconf 85' lang='grc' dir='ltr'>τρεπτὸς</span> <span class='ocrx_word' id='word_1_336' title='bbox 1781 2917 1899 2972; x_wconf 80' lang='grc' dir='ltr'>καθ’</span> 
     </span>
    </p>
   </div>
   <div class='ocr_carea' id='block_1_48' title="bbox 262 3005 423 3078">
    <p class='ocr_par' dir='ltr' id='par_1_48' title="bbox 262 3005 423 3078">
     <span class='ocr_line' id='line_1_48' title="bbox 262 3005 423 3078; baseline 0.006 -19"><span class='ocrx_word' id='word_1_337' title='bbox 262 3005 423 3078; x_wconf 81' lang='grc' dir='ltr'>ὑμᾶς.</span> 
     </span>
    </p>
   </div>
   <div class='ocr_carea' id='block_1_49' title="bbox 2009 1930 3656 2008">
    <p class='ocr_par' dir='ltr' id='par_1_49' title="bbox 2009 1930 3656 2008">
     <span class='ocr_line' id='line_1_49' title="bbox 2009 1930 3656 2008; baseline 0.003 -22"><span class='ocrx_word' id='word_1_338' title='bbox 2009 1930 2148 1988; x_wconf 84' lang='lat' dir='ltr'><strong>litus</strong></span> <span class='ocrx_word' id='word_1_339' title='bbox 2177 1934 2254 1988; x_wconf 87' lang='lat' dir='ltr'><strong>sit</strong></span> <span class='ocrx_word' id='word_1_340' title='bbox 2273 1934 2603 2001; x_wconf 82' lang='lat' dir='ltr'><strong>artifex,illa</strong></span> <span class='ocrx_word' id='word_1_341' title='bbox 2622 1941 2813 1991; x_wconf 85' lang='lat' dir='ltr'><strong>tamen</strong></span> <span class='ocrx_word' id='word_1_342' title='bbox 2836 1936 3275 2008; x_wconf 81' lang='lat' dir='ltr'><strong>[generationis]</strong></span> <span class='ocrx_word' id='word_1_343' title='bbox 3303 1936 3656 2008; x_wconf 91' lang='lat' dir='ltr'><strong>principium</strong></span> 
     </span>
    </p>
   </div>
   <div class='ocr_carea' id='block_1_50' title="bbox 2012 2019 3662 2097">
    <p class='ocr_par' dir='ltr' id='par_1_50' title="bbox 2012 2019 3662 2097">
     <span class='ocr_line' id='line_1_50' title="bbox 2012 2019 3662 2097; baseline 0.003 -22"><span class='ocrx_word' id='word_1_344' title='bbox 2012 2019 2269 2090; x_wconf 88' lang='lat' dir='ltr'><strong>habebit,</strong></span> <span class='ocrx_word' id='word_1_345' title='bbox 2296 2040 2410 2094; x_wconf 92' lang='lat' dir='ltr'><strong>quo</strong></span> <span class='ocrx_word' id='word_1_346' title='bbox 2442 2023 2754 2081; x_wconf 81' lang='lat' dir='ltr'><strong>informem</strong></span> <span class='ocrx_word' id='word_1_347' title='bbox 2786 2030 2843 2080; x_wconf 86' lang='lat' dir='ltr'><strong>et</strong></span> <span class='ocrx_word' id='word_1_348' title='bbox 2873 2026 3076 2081; x_wconf 91' lang='lat' dir='ltr'><strong>rudem</strong></span> <span class='ocrx_word' id='word_1_349' title='bbox 3110 2025 3316 2081; x_wconf 82' lang='lat' dir='ltr'><strong>artifex</strong></span> <span class='ocrx_word' id='word_1_350' title='bbox 3335 2027 3505 2097; x_wconf 70' lang='lat' dir='ltr'><strong>carpit</strong></span> <span class='ocrx_word' id='word_1_351' title='bbox 3537 2035 3662 2080; x_wconf 83' lang='lat' dir='ltr'><strong>tra-</strong></span> 
     </span>
    </p>
   </div>
   <div class='ocr_carea' id='block_1_51' title="bbox 2009 2112 3662 2187">
    <p class='ocr_par' dir='ltr' id='par_1_51' title="bbox 2009 2112 3662 2187">
     <span class='ocr_line' id='line_1_51' title="bbox 2009 2112 3662 2187; baseline 0.002 -21"><span class='ocrx_word' id='word_1_352' title='bbox 2009 2114 2163 2166; x_wconf 88' lang='lat' dir='ltr'><strong>ctare</strong></span> <span class='ocrx_word' id='word_1_353' title='bbox 2195 2119 2248 2167; x_wconf 91' lang='lat' dir='ltr'><strong>et</strong></span> <span class='ocrx_word' id='word_1_354' title='bbox 2295 2112 2569 2184; x_wconf 81' lang='lat' dir='ltr'><strong>expolire.</strong></span> <span class='ocrx_word' id='word_1_355' title='bbox 2607 2114 2749 2186; x_wconf 82' lang='lat' dir='ltr'><strong>Ergo</strong></span> <span class='ocrx_word' id='word_1_356' title='bbox 2789 2131 2893 2172; x_wconf 89' lang='lat' dir='ltr'><strong>nec</strong></span> <span class='ocrx_word' id='word_1_357' title='bbox 2924 2119 3049 2170; x_wconf 90' lang='lat' dir='ltr'><strong>erat</strong></span> <span class='ocrx_word' id='word_1_358' title='bbox 3092 2131 3196 2172; x_wconf 91' lang='lat' dir='ltr'><strong>nec</strong></span> <span class='ocrx_word' id='word_1_359' title='bbox 3235 2116 3340 2172; x_wconf 91' lang='lat' dir='ltr'><strong>erit</strong></span> <span class='ocrx_word' id='word_1_360' title='bbox 3385 2119 3662 2187; x_wconf 87' lang='lat' dir='ltr'><strong>perpetuo</strong></span> 
     </span>
    </p>
   </div>
   <div class='ocr_carea' id='block_1_52' title="bbox 2009 2199 3661 2276">
    <p class='ocr_par' dir='ltr' id='par_1_52' title="bbox 2009 2199 3661 2276">
     <span class='ocr_line' id='line_1_52' title="bbox 2009 2199 3661 2276; baseline 0.002 -22"><span class='ocrx_word' id='word_1_361' title='bbox 2009 2199 2166 2256; x_wconf 91' lang='lat' dir='ltr'><strong>idem</strong></span> <span class='ocrx_word' id='word_1_362' title='bbox 2189 2217 2420 2274; x_wconf 89' lang='lat' dir='ltr'><strong>semper</strong></span> <span class='ocrx_word' id='word_1_363' title='bbox 2433 2204 2688 2259; x_wconf 81' lang='lat' dir='ltr'><strong>mundus</strong></span> <span class='ocrx_word' id='word_1_364' title='bbox 2711 2203 3086 2276; x_wconf 87' lang='lat' dir='ltr'><strong>(oomparand</strong></span> <span class='ocrx_word' id='word_1_365' title='bbox 3099 2222 3164 2260; x_wconf 89' lang='lat' dir='ltr'><strong>us</strong></span> <span class='ocrx_word' id='word_1_366' title='bbox 3178 2209 3266 2260; x_wconf 89' lang='lat' dir='ltr'><strong>est</strong></span> <span class='ocrx_word' id='word_1_367' title='bbox 3286 2204 3441 2260; x_wconf 91' lang='lat' dir='ltr'><strong>enim</strong></span> <span class='ocrx_word' id='word_1_368' title='bbox 3457 2204 3661 2260; x_wconf 80' lang='lat' dir='ltr'><strong>artifex</strong></span> 
     </span>
    </p>
   </div>
   <div class='ocr_carea' id='block_1_53' title="bbox 2012 2289 3662 2365">
    <p class='ocr_par' dir='ltr' id='par_1_53' title="bbox 2012 2289 3662 2365">
     <span class='ocr_line' id='line_1_53' title="bbox 2012 2289 3662 2365; baseline 0.003 -20"><span class='ocrx_word' id='word_1_369' title='bbox 2012 2289 2146 2358; x_wconf 90' lang='lat' dir='ltr'><strong>Deo,</strong></span> <span class='ocrx_word' id='word_1_370' title='bbox 2173 2295 2230 2346; x_wconf 90' lang='lat' dir='ltr'><strong>et</strong></span> <span class='ocrx_word' id='word_1_371' title='bbox 2255 2296 2452 2348; x_wconf 88' lang='lat' dir='ltr'><strong>statua</strong></span> <span class='ocrx_word' id='word_1_372' title='bbox 2482 2293 2744 2365; x_wconf 87' lang='lat' dir='ltr'><strong>mundo).</strong></span> <span class='ocrx_word' id='word_1_373' title='bbox 2780 2294 3082 2359; x_wconf 89' lang='lat' dir='ltr'><strong>Quomodo</strong></span> <span class='ocrx_word' id='word_1_374' title='bbox 3115 2310 3272 2365; x_wconf 83' lang='lat' dir='ltr'><strong>ergo,</strong></span> <span class='ocrx_word' id='word_1_375' title='bbox 3308 2310 3340 2349; x_wconf 91' lang='grc' dir='ltr'><strong>ο</strong></span> <span class='ocrx_word' id='word_1_376' title='bbox 3374 2294 3662 2364; x_wconf 72' lang='grc' dir='ltr'>ειυρίᾶὶεο</span> 
     </span>
    </p>
   </div>
   <div class='ocr_carea' id='block_1_54' title="bbox 2009 2377 3663 2450">
    <p class='ocr_par' dir='ltr' id='par_1_54' title="bbox 2009 2377 3663 2450">
     <span class='ocr_line' id='line_1_54' title="bbox 2009 2377 3663 2450; baseline 0.002 -16"><span class='ocrx_word' id='word_1_377' title='bbox 2009 2377 2168 2450; x_wconf 83' lang='lat' dir='ltr'><strong>simi,</strong></span> <span class='ocrx_word' id='word_1_378' title='bbox 2219 2381 2569 2438; x_wconf 87' lang='lat' dir='ltr'><strong>existimatis</strong></span> <span class='ocrx_word' id='word_1_379' title='bbox 2621 2388 2948 2439; x_wconf 86' lang='lat' dir='ltr'><strong>creaturam</strong></span> <span class='ocrx_word' id='word_1_380' title='bbox 3003 2384 3263 2440; x_wconf 89' lang='lat' dir='ltr'><strong>Creatori</strong></span> <span class='ocrx_word' id='word_1_381' title='bbox 3319 2387 3663 2438; x_wconf 77' lang='lat' dir='ltr'><strong>coaaternam</strong></span> 
     </span>
    </p>
   </div>
   <div class='ocr_carea' id='block_1_55' title="bbox 2009 2470 3658 2543">
    <p class='ocr_par' dir='ltr' id='par_1_55' title="bbox 2009 2470 3658 2543">
     <span class='ocr_line' id='line_1_55' title="bbox 2009 2470 3658 2543; baseline 0.001 -18"><span class='ocrx_word' id='word_1_382' title='bbox 2009 2470 2316 2542; x_wconf 89' lang='lat' dir='ltr'><strong>[adeoque]</strong></span> <span class='ocrx_word' id='word_1_383' title='bbox 2373 2471 2642 2528; x_wconf 88' lang='lat' dir='ltr'><strong>Creatore</strong></span> <span class='ocrx_word' id='word_1_384' title='bbox 2685 2471 2848 2543; x_wconf 85' lang='lat' dir='ltr'><strong>[non]</strong></span> <span class='ocrx_word' id='word_1_385' title='bbox 2918 2471 3232 2542; x_wconf 83' lang='lat' dir='ltr'><strong>indigere?</strong></span> <span class='ocrx_word' id='word_1_386' title='bbox 3299 2472 3658 2527; x_wconf 66' lang='lat' dir='ltr'><strong>Coeternum</strong></span> 
     </span>
    </p>
   </div>
   <div class='ocr_carea' id='block_1_56' title="bbox 2010 2558 3660 2632">
    <p class='ocr_par' dir='ltr' id='par_1_56' title="bbox 2010 2558 3660 2632">
     <span class='ocr_line' id='line_1_56' title="bbox 2010 2558 3660 2632; baseline 0.001 -17"><span class='ocrx_word' id='word_1_387' title='bbox 2010 2558 2185 2628; x_wconf 89' lang='lat' dir='ltr'><strong>enim,</strong></span> <span class='ocrx_word' id='word_1_388' title='bbox 2219 2575 2352 2614; x_wconf 91' lang='lat' dir='ltr'><strong>cum</strong></span> <span class='ocrx_word' id='word_1_389' title='bbox 2385 2559 2616 2616; x_wconf 88' lang='lat' dir='ltr'><strong>nullum</strong></span> <span class='ocrx_word' id='word_1_390' title='bbox 2644 2561 3034 2631; x_wconf 88' lang='lat' dir='ltr'><strong>generationis</strong></span> <span class='ocrx_word' id='word_1_391' title='bbox 3066 2559 3415 2632; x_wconf 89' lang='lat' dir='ltr'><strong>principium</strong></span> <span class='ocrx_word' id='word_1_392' title='bbox 3449 2559 3660 2616; x_wconf 86' lang='lat' dir='ltr'><strong>admit-</strong></span> 
     </span>
    </p>
   </div>
   <div class='ocr_carea' id='block_1_57' title="bbox 2009 2650 3661 2723">
    <p class='ocr_par' dir='ltr' id='par_1_57' title="bbox 2009 2650 3661 2723">
     <span class='ocr_line' id='line_1_57' title="bbox 2009 2650 3661 2723; baseline 0 -17"><span class='ocrx_word' id='word_1_393' title='bbox 2009 2655 2115 2716; x_wconf 88' lang='lat' dir='ltr'><strong>tat,</strong></span> <span class='ocrx_word' id='word_1_394' title='bbox 2146 2667 2381 2707; x_wconf 89' lang='lat' dir='ltr'><strong>necesse</strong></span> <span class='ocrx_word' id='word_1_395' title='bbox 2411 2656 2500 2706; x_wconf 89' lang='lat' dir='ltr'><strong>est</strong></span> <span class='ocrx_word' id='word_1_396' title='bbox 2531 2657 2594 2706; x_wconf 92' lang='lat' dir='ltr'><strong>ut</strong></span> <span class='ocrx_word' id='word_1_397' title='bbox 2624 2653 2701 2708; x_wconf 89' lang='lat' dir='ltr'><strong>sit</strong></span> <span class='ocrx_word' id='word_1_398' title='bbox 2748 2653 2922 2708; x_wconf 91' lang='lat' dir='ltr'><strong>etiam</strong></span> <span class='ocrx_word' id='word_1_399' title='bbox 2953 2654 3276 2723; x_wconf 91' lang='lat' dir='ltr'><strong>ingenitum</strong></span> <span class='ocrx_word' id='word_1_400' title='bbox 3313 2655 3368 2706; x_wconf 94' lang='lat' dir='ltr'><strong>et</strong></span> <span class='ocrx_word' id='word_1_401' title='bbox 3397 2650 3661 2720; x_wconf 86' lang='lat' dir='ltr'><strong>ejusdem</strong></span> 
     </span>
    </p>
   </div>
   <div class='ocr_carea' id='block_1_58' title="bbox 2009 2739 3666 2812">
    <p class='ocr_par' dir='ltr' id='par_1_58' title="bbox 2009 2739 3666 2812">
     <span class='ocr_line' id='line_1_58' title="bbox 2009 2739 3666 2812; baseline 0 -18"><span class='ocrx_word' id='word_1_402' title='bbox 2009 2739 2297 2812; x_wconf 73' lang='lat' dir='ltr'><strong>potentiae.</strong></span> <span class='ocrx_word' id='word_1_403' title='bbox 2330 2741 2492 2805; x_wconf 89' lang='lat' dir='ltr'><strong>Quod</strong></span> <span class='ocrx_word' id='word_1_404' title='bbox 2529 2745 2723 2796; x_wconf 87' lang='lat' dir='ltr'><strong>autem</strong></span> <span class='ocrx_word' id='word_1_405' title='bbox 2757 2741 3082 2812; x_wconf 88' lang='lat' dir='ltr'><strong>ingenitum</strong></span> <span class='ocrx_word' id='word_1_406' title='bbox 3125 2747 3236 2809; x_wconf 89' lang='lat' dir='ltr'><strong>est,</strong></span> <span class='ocrx_word' id='word_1_407' title='bbox 3267 2739 3324 2795; x_wconf 87' lang='lat' dir='ltr'><strong>id</strong></span> <span class='ocrx_word' id='word_1_408' title='bbox 3352 2739 3666 2796; x_wconf 85' lang='lat' dir='ltr'><strong>manifeste</strong></span> 
     </span>
    </p>
   </div>
   <div class='ocr_carea' id='block_1_59' title="bbox 2009 2828 3668 2900">
    <p class='ocr_par' dir='ltr' id='par_1_59' title="bbox 2009 2828 3668 2900">
     <span class='ocr_line' id='line_1_59' title="bbox 2009 2828 3668 2900; baseline 0 -17"><span class='ocrx_word' id='word_1_409' title='bbox 2009 2829 2186 2884; x_wconf 90' lang='lat' dir='ltr'><strong>etiam</strong></span> <span class='ocrx_word' id='word_1_410' title='bbox 2221 2845 2321 2898; x_wconf 90' lang='lat' dir='ltr'><strong>per</strong></span> <span class='ocrx_word' id='word_1_411' title='bbox 2350 2845 2410 2884; x_wconf 90' lang='lat' dir='ltr'><strong>se</strong></span> <span class='ocrx_word' id='word_1_412' title='bbox 2451 2830 2771 2900; x_wconf 80' lang='lat' dir='ltr'><strong>perlectum</strong></span> <span class='ocrx_word' id='word_1_413' title='bbox 2803 2831 2994 2886; x_wconf 67' lang='lat' dir='ltr'><strong>804a</strong></span> <span class='ocrx_word' id='word_1_414' title='bbox 3025 2837 3076 2884; x_wconf 91' lang='lat' dir='ltr'><strong>et</strong></span> <span class='ocrx_word' id='word_1_415' title='bbox 3121 2828 3508 2898; x_wconf 88' lang='lat' dir='ltr'><strong>immutabile,</strong></span> <span class='ocrx_word' id='word_1_416' title='bbox 3534 2830 3668 2883; x_wconf 91' lang='lat' dir='ltr'><strong>nul-</strong></span> 
     </span>
    </p>
   </div>
   <div class='ocr_carea' id='block_1_60' title="bbox 2010 2918 3666 2994">
    <p class='ocr_par' dir='ltr' id='par_1_60' title="bbox 2010 2918 3666 2994">
     <span class='ocr_line' id='line_1_60' title="bbox 2010 2918 3666 2994; baseline 0.002 -20"><span class='ocrx_word' id='word_1_417' title='bbox 2010 2918 2248 2991; x_wconf 89' lang='lat' dir='ltr'><strong>liusqne</strong></span> <span class='ocrx_word' id='word_1_418' title='bbox 2276 2935 2452 2991; x_wconf 86' lang='lat' dir='ltr'><strong>egens</strong></span> <span class='ocrx_word' id='word_1_419' title='bbox 2483 2925 2542 2975; x_wconf 92' lang='lat' dir='ltr'><strong>et</strong></span> <span class='ocrx_word' id='word_1_420' title='bbox 2572 2921 3014 2994; x_wconf 88' lang='lat' dir='ltr'><strong>incorruptibile</strong></span> <span class='ocrx_word' id='word_1_421' title='bbox 3043 2919 3260 2975; x_wconf 89' lang='lat' dir='ltr'><strong>erit.Et</strong></span> <span class='ocrx_word' id='word_1_422' title='bbox 3289 2920 3339 2975; x_wconf 88' lang='lat' dir='ltr'><strong>si</strong></span> <span class='ocrx_word' id='word_1_423' title='bbox 3371 2919 3451 2974; x_wconf 89' lang='lat' dir='ltr'><strong>ita</strong></span> <span class='ocrx_word' id='word_1_424' title='bbox 3483 2935 3545 2975; x_wconf 91' lang='lat' dir='ltr'><strong>se</strong></span> <span class='ocrx_word' id='word_1_425' title='bbox 3574 2935 3666 2977; x_wconf 85' lang='lat' dir='ltr'><strong>res</strong></span> 
     </span>
    </p>
   </div>
   <div class='ocr_carea' id='block_1_61' title="bbox 2006 3007 3659 3077">
    <p class='ocr_par' dir='ltr' id='par_1_61' title="bbox 2006 3007 3659 3077">
     <span class='ocr_line' id='line_1_61' title="bbox 2006 3007 3659 3077; baseline 0 -14"><span class='ocrx_word' id='word_1_426' title='bbox 2006 3007 2201 3077; x_wconf 89' lang='lat' dir='ltr'><strong>habet,</strong></span> <span class='ocrx_word' id='word_1_427' title='bbox 2225 3025 2293 3065; x_wconf 89' lang='lat' dir='ltr'><strong>ex</strong></span> <span class='ocrx_word' id='word_1_428' title='bbox 2311 3013 2502 3065; x_wconf 88' lang='lat' dir='ltr'><strong>vestra</strong></span> <span class='ocrx_word' id='word_1_429' title='bbox 2522 3011 2813 3067; x_wconf 88' lang='lat' dir='ltr'><strong>sententia</strong></span> <span class='ocrx_word' id='word_1_430' title='bbox 2834 3011 3092 3066; x_wconf 90' lang='lat' dir='ltr'><strong>mundus</strong></span> <span class='ocrx_word' id='word_1_431' title='bbox 3117 3009 3223 3066; x_wconf 88' lang='lat' dir='ltr'><strong>erit</strong></span> <span class='ocrx_word' id='word_1_432' title='bbox 3248 3007 3659 3066; x_wconf 86' lang='lat' dir='ltr'><strong>immutabilis.</strong></span> 
     </span>
    </p>
   </div>
   <div class='ocr_carea' id='block_1_62' title="bbox 325 3157 1901 3267">
    <p class='ocr_par' dir='ltr' id='par_1_62' title="bbox 325 3187 1901 3266">
     <span class='ocr_line' id='line_1_62' title="bbox 325 3187 1901 3266; baseline -0.001 -20"><span class='ocrx_word' id='word_1_433' title='bbox 325 3189 450 3246; x_wconf 86' lang='grc' dir='ltr'>’Ότι</span> <span class='ocrx_word' id='word_1_434' title='bbox 481 3187 786 3260; x_wconf 79' lang='grc' dir='ltr'>Ἐκκλησία</span> <span class='ocrx_word' id='word_1_435' title='bbox 814 3192 960 3266; x_wconf 76' lang='grc' dir='ltr'>παρὰ</span> <span class='ocrx_word' id='word_1_436' title='bbox 1006 3191 1069 3247; x_wconf 84' lang='grc' dir='ltr'>τὸ</span> <span class='ocrx_word' id='word_1_437' title='bbox 1119 3189 1483 3248; x_wconf 67' lang='grc' dir='ltr'>ἕκκεκλικέναι</span> <span class='ocrx_word' id='word_1_438' title='bbox 1525 3193 1572 3229; x_wconf 73' lang='lat'><strong>7°</strong></span> <span class='ocrx_word' id='word_1_439' title='bbox 1618 3189 1713 3253; x_wconf 80' lang='grc' dir='ltr'><strong>τὰς</strong></span> <span class='ocrx_word' id='word_1_440' title='bbox 1770 3187 1901 3259; x_wconf 70' lang='grc' dir='ltr'>ἡδο·</span> 
     </span>
    </p>
   </div>
   <div class='ocr_carea' id='block_1_63' title="bbox 2017 3157 3667 3267">
    <p class='ocr_par' dir='ltr' id='par_1_63' title="bbox 2084 3194 3667 3267">
     <span class='ocr_line' id='line_1_63' title="bbox 2084 3194 3667 3267; baseline 0 -17"><span class='ocrx_word' id='word_1_441' title='bbox 2084 3194 2394 3252; x_wconf 84' lang='lat' dir='ltr'><strong>Ecclesiam</strong></span> <span class='ocrx_word' id='word_1_442' title='bbox 2431 3195 2502 3251; x_wconf 85' lang='lat' dir='ltr'><strong>ab</strong></span> <span class='ocrx_word' id='word_1_443' title='bbox 2535 3194 2848 3251; x_wconf 83' lang='lat' dir='ltr'><strong>evocandis</strong></span> <span class='ocrx_word' id='word_1_444' title='bbox 2877 3195 3278 3267; x_wconf 78' lang='lat' dir='ltr'><strong>voluptatibus</strong></span> <span class='ocrx_word' id='word_1_445' title='bbox 3305 3195 3437 3267; x_wconf 84' lang='lat' dir='ltr'><strong>(hoc</strong></span> <span class='ocrx_word' id='word_1_446' title='bbox 3457 3202 3547 3252; x_wconf 90' lang='lat' dir='ltr'><strong>est</strong></span> <span class='ocrx_word' id='word_1_447' title='bbox 3575 3210 3667 3252; x_wconf 87' lang='lat' dir='ltr'><strong>ex-</strong></span> 
     </span>
    </p>
   </div>
   <div class='ocr_carea' id='block_1_64' title="bbox 252 3276 1288 3357">
    <p class='ocr_par' dir='ltr' id='par_1_64' title="bbox 252 3276 1288 3357">
     <span class='ocr_line' id='line_1_64' title="bbox 252 3276 1288 3357; baseline 0.006 -24"><span class='ocrx_word' id='word_1_448' title='bbox 252 3279 345 3342; x_wconf 80' lang='grc' dir='ltr'>νὰς</span> <span class='ocrx_word' id='word_1_449' title='bbox 375 3276 621 3354; x_wconf 77' lang='grc' dir='ltr'>λέγεσθαί</span> <span class='ocrx_word' id='word_1_450' title='bbox 654 3301 840 3357; x_wconf 76' lang='grc' dir='ltr'>φησιν.</span> <span class='ocrx_word' id='word_1_451' title='bbox 1283 3322 1288 3328; x_wconf 67' lang='grc' dir='ltr'><strong>ι</strong></span> 
     </span>
    </p>
   </div>
   <div class='ocr_carea' id='block_1_65' title="bbox 327 3367 1902 3445">
    <p class='ocr_par' dir='ltr' id='par_1_65' title="bbox 327 3367 1902 3445">
     <span class='ocr_line' id='line_1_65' title="bbox 327 3367 1902 3445; baseline 0.001 -23"><span class='ocrx_word' id='word_1_452' title='bbox 327 3369 450 3423; x_wconf 80' lang='grc' dir='ltr'>’Ότι</span> <span class='ocrx_word' id='word_1_453' title='bbox 503 3367 669 3442; x_wconf 78' lang='grc' dir='ltr'>φησίν</span> <span class='ocrx_word' id='word_1_454' title='bbox 724 3370 752 3424; x_wconf 88' lang='lat'><strong>6</strong></span> <span class='ocrx_word' id='word_1_455' title='bbox 797 3370 967 3444; x_wconf 72' lang='grc' dir='ltr'>ἅγιος,</span> <span class='ocrx_word' id='word_1_456' title='bbox 1021 3369 1124 3426; x_wconf 78' lang='grc' dir='ltr'><strong>Δύο</strong></span> <span class='ocrx_word' id='word_1_457' title='bbox 1174 3367 1230 3426; x_wconf 82' lang='grc' dir='ltr'>δὶ</span> <span class='ocrx_word' id='word_1_458' title='bbox 1275 3371 1329 3409; x_wconf 80' lang='grc'>⁷¹</span> <span class='ocrx_word' id='word_1_459' title='bbox 1381 3368 1638 3445; x_wconf 85' lang='grc' dir='ltr'>δυνάμεις</span> <span class='ocrx_word' id='word_1_460' title='bbox 1687 3371 1739 3426; x_wconf 77' lang='grc' dir='ltr'>ἐν</span> <span class='ocrx_word' id='word_1_461' title='bbox 1784 3374 1902 3434; x_wconf 90' lang='grc' dir='ltr'>τοῖς</span> 
     </span>
    </p>
   </div>
   <div class='ocr_carea' id='block_1_66' title="bbox 257 3457 1893 3538">
    <p class='ocr_par' dir='ltr' id='par_1_66' title="bbox 257 3457 1893 3538">
     <span class='ocr_line' id='line_1_66' title="bbox 257 3457 1893 3538; baseline 0.005 -29"><span class='ocrx_word' id='word_1_462' title='bbox 257 3457 834 3532; x_wconf 87' lang='grc' dir='ltr'>προωμολογημένοις</span> <span class='ocrx_word' id='word_1_463' title='bbox 885 3457 1085 3538; x_wconf 73' lang='grc' dir='ltr'>ἔφαμεν</span> <span class='ocrx_word' id='word_1_464' title='bbox 1141 3461 1279 3516; x_wconf 78' lang='grc' dir='ltr'>εἶναι</span> <span class='ocrx_word' id='word_1_465' title='bbox 1327 3461 1616 3532; x_wconf 76' lang='grc' dir='ltr'>ποιητικὰς</span> <span class='ocrx_word' id='word_1_466' title='bbox 1656 3460 1726 3532; x_wconf 77' lang='grc'><strong>⁷³,</strong></span> <span class='ocrx_word' id='word_1_467' title='bbox 1793 3461 1893 3528; x_wconf 80' lang='grc' dir='ltr'><strong>τήν</strong></span> 
     </span>
    </p>
   </div>
   <div class='ocr_carea' id='block_1_67' title="bbox 258 3541 1897 3625">
    <p class='ocr_par' dir='ltr' id='par_1_67' title="bbox 258 3541 1897 3625">
     <span class='ocr_line' id='line_1_67' title="bbox 258 3541 1897 3625; baseline 0.004 -26"><span class='ocrx_word' id='word_1_468' title='bbox 258 3541 308 3618; x_wconf 68' lang='grc' dir='ltr'><strong>ἔξ</strong></span> <span class='ocrx_word' id='word_1_469' title='bbox 331 3545 430 3601; x_wconf 78' lang='grc' dir='ltr'>οὐκ</span> <span class='ocrx_word' id='word_1_470' title='bbox 450 3543 621 3602; x_wconf 72' lang='grc' dir='ltr'>ὄντων</span> <span class='ocrx_word' id='word_1_471' title='bbox 643 3553 834 3624; x_wconf 87' lang='grc' dir='ltr'>γυμνῷ</span> <span class='ocrx_word' id='word_1_472' title='bbox 854 3553 934 3622; x_wconf 85' lang='grc' dir='ltr'>τῷ</span> <span class='ocrx_word' id='word_1_473' title='bbox 956 3548 1276 3623; x_wconf 82' lang='grc' dir='ltr'>βουλήματι</span> <span class='ocrx_word' id='word_1_474' title='bbox 1298 3551 1474 3625; x_wconf 86' lang='grc' dir='ltr'>χωρὶς</span> <span class='ocrx_word' id='word_1_475' title='bbox 1501 3549 1830 3624; x_wconf 77' lang='grc' dir='ltr'>μελλησμοῦ</span> <span class='ocrx_word' id='word_1_476' title='bbox 1851 3549 1897 3587; x_wconf 78' lang='grc'><strong>’³³</strong></span> 
     </span>
    </p>
   </div>
   <div class='ocr_carea' id='block_1_68' title="bbox 258 3635 1896 3715">
    <p class='ocr_par' dir='ltr' id='par_1_68' title="bbox 258 3635 1896 3715">
     <span class='ocr_line' id='line_1_68' title="bbox 258 3635 1896 3715; baseline 0.004 -28"><span class='ocrx_word' id='word_1_477' title='bbox 258 3635 370 3707; x_wconf 76' lang='grc' dir='ltr'><strong>ἅμα</strong></span> <span class='ocrx_word' id='word_1_478' title='bbox 434 3640 515 3708; x_wconf 80' lang='grc' dir='ltr'><strong>τῷ</strong></span> <span class='ocrx_word' id='word_1_479' title='bbox 571 3635 799 3707; x_wconf 79' lang='grc' dir='ltr'>Θελῆσαι</span> <span class='ocrx_word' id='word_1_480' title='bbox 859 3637 1258 3714; x_wconf 81' lang='grc' dir='ltr'>αὐτουργοῦσαν</span> <span class='ocrx_word' id='word_1_481' title='bbox 1299 3641 1328 3694; x_wconf 79' lang='grc' dir='ltr'><strong>’ὁ</strong></span> <span class='ocrx_word' id='word_1_482' title='bbox 1383 3638 1642 3715; x_wconf 78' lang='grc' dir='ltr'>βούλεται</span> <span class='ocrx_word' id='word_1_483' title='bbox 1672 3645 1845 3696; x_wconf 86' lang='grc' dir='ltr'>ποιεῖν</span> <span class='ocrx_word' id='word_1_484' title='bbox 1882 3659 1896 3674; x_wconf 79' lang='grc' dir='ltr'><strong>ο</strong></span> 
     </span>
    </p>
   </div>
   <div class='ocr_carea' id='block_1_69' title="bbox 255 3723 1899 3804">
    <p class='ocr_par' dir='ltr' id='par_1_69' title="bbox 255 3723 1899 3804">
     <span class='ocr_line' id='line_1_69' title="bbox 255 3723 1899 3804; baseline 0.004 -27"><span class='ocrx_word' id='word_1_485' title='bbox 255 3727 514 3801; x_wconf 81' lang='grc' dir='ltr'>τυγχάνει</span> <span class='ocrx_word' id='word_1_486' title='bbox 575 3723 634 3781; x_wconf 77' lang='grc' dir='ltr'>δὶ</span> <span class='ocrx_word' id='word_1_487' title='bbox 687 3727 714 3781; x_wconf 90' lang='lat'><strong>6</strong></span> <span class='ocrx_word' id='word_1_488' title='bbox 768 3730 956 3804; x_wconf 79' lang='grc' dir='ltr'>Πατήρ</span> <span class='ocrx_word' id='word_1_489' title='bbox 999 3747 1013 3762; x_wconf 84' lang='grc'><strong>·</strong></span> <span class='ocrx_word' id='word_1_490' title='bbox 1056 3731 1278 3804; x_wconf 75' lang='grc' dir='ltr'>Θατὲραν</span> <span class='ocrx_word' id='word_1_491' title='bbox 1344 3725 1401 3783; x_wconf 80' lang='grc' dir='ltr'>δὶ</span> <span class='ocrx_word' id='word_1_492' title='bbox 1450 3733 1899 3804; x_wconf 81' lang='grc' dir='ltr'>κατακυσμοῦσαν</span> 
     </span>
    </p>
   </div>
   <div class='ocr_carea' id='block_1_70' title="bbox 258 3811 1906 3893">
    <p class='ocr_par' dir='ltr' id='par_1_70' title="bbox 258 3811 1906 3893">
     <span class='ocr_line' id='line_1_70' title="bbox 258 3811 1906 3893; baseline 0.002 -25"><span class='ocrx_word' id='word_1_493' title='bbox 258 3813 351 3868; x_wconf 79' lang='grc' dir='ltr'><strong>καὶ</strong></span> <span class='ocrx_word' id='word_1_494' title='bbox 406 3811 806 3871; x_wconf 84' lang='grc' dir='ltr'>ποικίλλουσαν</span> <span class='ocrx_word' id='word_1_495' title='bbox 855 3817 990 3872; x_wconf 81' lang='grc' dir='ltr'>κατὰ</span> <span class='ocrx_word' id='word_1_496' title='bbox 1052 3817 1284 3892; x_wconf 84' lang='grc' dir='ltr'>μίμησιν</span> <span class='ocrx_word' id='word_1_497' title='bbox 1339 3824 1438 3887; x_wconf 82' lang='grc' dir='ltr'><strong>τῆς</strong></span> <span class='ocrx_word' id='word_1_498' title='bbox 1505 3817 1772 3893; x_wconf 76' lang='grc' dir='ltr'>προτέρας</span> <span class='ocrx_word' id='word_1_499' title='bbox 1838 3818 1906 3874; x_wconf 77' lang='grc' dir='ltr'>τὰ</span> 
     </span>
    </p>
   </div>
   <div class='ocr_carea' id='block_1_71' title="bbox 256 3898 1904 3980">
    <p class='ocr_par' dir='ltr' id='par_1_71' title="bbox 256 3898 1904 3980">
     <span class='ocr_line' id='line_1_71' title="bbox 256 3898 1904 3980; baseline 0.002 -24"><span class='ocrx_word' id='word_1_500' title='bbox 256 3898 364 3972; x_wconf 70' lang='grc' dir='ltr'>ἤδη</span> <span class='ocrx_word' id='word_1_501' title='bbox 395 3902 655 3979; x_wconf 81' lang='grc' dir='ltr'>γεγονότα</span> <span class='ocrx_word' id='word_1_502' title='bbox 697 3924 712 3938; x_wconf 72' lang='grc' dir='ltr'><strong>ο</strong></span> <span class='ocrx_word' id='word_1_503' title='bbox 743 3906 858 3960; x_wconf 80' lang='grc' dir='ltr'>ὅστι</span> <span class='ocrx_word' id='word_1_504' title='bbox 902 3902 960 3960; x_wconf 79' lang='grc' dir='ltr'>δὲ</span> <span class='ocrx_word' id='word_1_505' title='bbox 1009 3906 1037 3960; x_wconf 92' lang='lat'><strong>6</strong></span> <span class='ocrx_word' id='word_1_506' title='bbox 1076 3904 1222 3976; x_wconf 76' lang='grc' dir='ltr'>Υἱὸς,</span> <span class='ocrx_word' id='word_1_507' title='bbox 1272 3908 1307 3976; x_wconf 82' lang='grc' dir='ltr'><strong>ἡ</strong></span> <span class='ocrx_word' id='word_1_508' title='bbox 1358 3903 1770 3980; x_wconf 82' lang='grc' dir='ltr'>παντοδύναμος</span> <span class='ocrx_word' id='word_1_509' title='bbox 1813 3907 1904 3962; x_wconf 80' lang='grc' dir='ltr'><strong>καὶ</strong></span> 
     </span>
    </p>
   </div>
   <div class='ocr_carea' id='block_1_72' title="bbox 257 3992 1904 4072">
    <p class='ocr_par' dir='ltr' id='par_1_72' title="bbox 257 3992 1904 4072">
     <span class='ocr_line' id='line_1_72' title="bbox 257 3992 1904 4072; baseline 0.002 -26"><span class='ocrx_word' id='word_1_510' title='bbox 257 3992 487 4066; x_wconf 76' lang='grc' dir='ltr'>κραταιὰ</span> <span class='ocrx_word' id='word_1_511' title='bbox 525 3993 648 4072; x_wconf 85' lang='grc' dir='ltr'>χεὶρ</span> <span class='ocrx_word' id='word_1_512' title='bbox 679 3998 776 4048; x_wconf 78' lang='grc' dir='ltr'>τοῦ</span> <span class='ocrx_word' id='word_1_513' title='bbox 809 3996 1043 4070; x_wconf 82' lang='grc' dir='ltr'>Πατρὸς,</span> <span class='ocrx_word' id='word_1_514' title='bbox 1083 3994 1136 4050; x_wconf 73' lang='grc' dir='ltr'>ἔν</span> <span class='ocrx_word' id='word_1_515' title='bbox 1247 3997 1382 4070; x_wconf 84' lang='grc' dir='ltr'>μετὰ</span> <span class='ocrx_word' id='word_1_516' title='bbox 1410 3997 1473 4052; x_wconf 86' lang='grc' dir='ltr'><strong>τὸ</strong></span> <span class='ocrx_word' id='word_1_517' title='bbox 1517 4003 1747 4066; x_wconf 81' lang='grc' dir='ltr'>ποιῆσαι</span> <span class='ocrx_word' id='word_1_518' title='bbox 1802 3997 1904 4066; x_wconf 64' lang='grc' dir='ltr'>τὴν</span> 
     </span>
    </p>
   </div>
   <div class='ocr_carea' id='block_1_73' title="bbox 258 4074 1198 4156">
    <p class='ocr_par' dir='ltr' id='par_1_73' title="bbox 258 4074 1198 4156">
     <span class='ocr_line' id='line_1_73' title="bbox 258 4074 1198 4156; baseline 0.005 -24"><span class='ocrx_word' id='word_1_519' title='bbox 258 4077 396 4148; x_wconf 70' lang='grc' dir='ltr'>ὕλην</span> <span class='ocrx_word' id='word_1_520' title='bbox 429 4077 481 4148; x_wconf 77' lang='grc' dir='ltr'><strong>ἐξ</strong></span> <span class='ocrx_word' id='word_1_521' title='bbox 513 4079 614 4134; x_wconf 82' lang='grc' dir='ltr'>οὐκ</span> <span class='ocrx_word' id='word_1_522' title='bbox 643 4074 814 4136; x_wconf 74' lang='grc' dir='ltr'>ὄντων</span> <span class='ocrx_word' id='word_1_523' title='bbox 842 4087 1198 4156; x_wconf 76' lang='grc' dir='ltr'>κατακοσμεῖ.</span> 
     </span>
    </p>
   </div>
   <div class='ocr_carea' id='block_1_74' title="bbox 326 4159 1904 4252">
    <p class='ocr_par' dir='ltr' id='par_1_74' title="bbox 326 4159 1904 4252">
     <span class='ocr_line' id='line_1_74' title="bbox 326 4159 1904 4252; baseline 0.004 -29"><span class='ocrx_word' id='word_1_524' title='bbox 326 4167 454 4223; x_wconf 78' lang='grc' dir='ltr'>’Ὁτι</span> <span class='ocrx_word' id='word_1_525' title='bbox 484 4166 547 4223; x_wconf 88' lang='grc' dir='ltr'>τὸ</span> <span class='ocrx_word' id='word_1_526' title='bbox 580 4163 707 4224; x_wconf 76' lang='grc' dir='ltr'><strong>Ἰὼϐ</strong></span> <span class='ocrx_word' id='word_1_527' title='bbox 743 4163 966 4244; x_wconf 79' lang='grc' dir='ltr'>βιϐλίου</span> <span class='ocrx_word' id='word_1_528' title='bbox 994 4171 1234 4234; x_wconf 79' lang='grc' dir='ltr'><strong>Μωσέως</strong></span> <span class='ocrx_word' id='word_1_529' title='bbox 1268 4170 1403 4228; x_wconf 79' lang='grc' dir='ltr'>εἶναι</span> <span class='ocrx_word' id='word_1_530' title='bbox 1450 4174 1479 4228; x_wconf 92' lang='lat'><strong>6</strong></span> <span class='ocrx_word' id='word_1_531' title='bbox 1523 4173 1674 4248; x_wconf 75' lang='grc' dir='ltr'>ἅγιός</span> <span class='ocrx_word' id='word_1_532' title='bbox 1717 4159 1904 4252; x_wconf 68' lang='grc' dir='ltr'>φησιν.</span> 
     </span>
    </p>
   </div>
   <div class='ocr_carea' id='block_1_75' title="bbox 331 4257 1900 4336">
    <p class='ocr_par' dir='ltr' id='par_1_75' title="bbox 331 4257 1900 4336">
     <span class='ocr_line' id='line_1_75' title="bbox 331 4257 1900 4336; baseline 0.001 -23"><span class='ocrx_word' id='word_1_533' title='bbox 331 4257 461 4329; x_wconf 73' lang='grc'><strong>[940</strong></span> <span class='ocrx_word' id='word_1_534' title='bbox 492 4257 585 4330; x_wconf 80' lang='lat' dir='ltr'><strong>R.]</strong></span> <span class='ocrx_word' id='word_1_535' title='bbox 643 4260 768 4316; x_wconf 89' lang='grc' dir='ltr'>Ὅτι</span> <span class='ocrx_word' id='word_1_536' title='bbox 833 4259 956 4335; x_wconf 84' lang='grc' dir='ltr'>περὶ</span> <span class='ocrx_word' id='word_1_537' title='bbox 1012 4264 1131 4333; x_wconf 81' lang='grc' dir='ltr'>τοῦ,</span> <span class='ocrx_word' id='word_1_538' title='bbox 1191 4261 1276 4316; x_wconf 88' lang='grc' dir='ltr'>Ἐν</span> <span class='ocrx_word' id='word_1_539' title='bbox 1327 4259 1475 4336; x_wconf 72' lang='grc' dir='ltr'><strong>ἀρχῂ</strong></span> <span class='ocrx_word' id='word_1_540' title='bbox 1525 4259 1778 4332; x_wconf 81' lang='grc' dir='ltr'>ἐποίησεν</span> <span class='ocrx_word' id='word_1_541' title='bbox 1808 4261 1900 4316; x_wconf 87' lang='grc' dir='ltr'>τὸν</span> 
     </span>
    </p>
   </div>
   <div class='ocr_carea' id='block_1_76' title="bbox 259 4345 1906 4426">
    <p class='ocr_par' dir='ltr' id='par_1_76' title="bbox 259 4345 1906 4426">
     <span class='ocr_line' id='line_1_76' title="bbox 259 4345 1906 4426; baseline 0.002 -25"><span class='ocrx_word' id='word_1_542' title='bbox 259 4346 490 4420; x_wconf 79' lang='grc' dir='ltr'>οὐρανὸν</span> <span class='ocrx_word' id='word_1_543' title='bbox 531 4345 620 4401; x_wconf 85' lang='grc' dir='ltr'><strong>καὶ</strong></span> <span class='ocrx_word' id='word_1_544' title='bbox 645 4349 745 4417; x_wconf 75' lang='grc' dir='ltr'><strong>τήν</strong></span> <span class='ocrx_word' id='word_1_545' title='bbox 774 4355 900 4425; x_wconf 79' lang='grc' dir='ltr'>γῆν,</span> <span class='ocrx_word' id='word_1_546' title='bbox 934 4351 1120 4426; x_wconf 75' lang='grc' dir='ltr'>φησὶν,</span> <span class='ocrx_word' id='word_1_547' title='bbox 1152 4351 1364 4425; x_wconf 79' lang='grc' dir='ltr'>’Λρχήν</span> <span class='ocrx_word' id='word_1_548' title='bbox 1415 4348 1472 4405; x_wconf 76' lang='grc' dir='ltr'>δὲ</span> <span class='ocrx_word' id='word_1_549' title='bbox 1519 4349 1684 4419; x_wconf 72' lang='grc' dir='ltr'>αὐτὴν</span> <span class='ocrx_word' id='word_1_550' title='bbox 1725 4352 1825 4420; x_wconf 72' lang='grc' dir='ltr'><strong>τὴν</strong></span> <span class='ocrx_word' id='word_1_551' title='bbox 1858 4351 1906 4387; x_wconf 71' lang='grc'>⁷⁸</span> 
     </span>
    </p>
   </div>
   <div class='ocr_carea' id='block_1_77' title="bbox 258 4435 1908 4516">
    <p class='ocr_par' dir='ltr' id='par_1_77' title="bbox 258 4435 1908 4516">
     <span class='ocr_line' id='line_1_77' title="bbox 258 4435 1908 4516; baseline 0.004 -27"><span class='ocrx_word' id='word_1_552' title='bbox 258 4435 450 4515; x_wconf 74' lang='grc' dir='ltr'>σοφίαν</span> <span class='ocrx_word' id='word_1_553' title='bbox 479 4436 658 4512; x_wconf 77' lang='grc' dir='ltr'>λέγων</span> <span class='ocrx_word' id='word_1_554' title='bbox 684 4458 768 4500; x_wconf 89' lang='grc' dir='ltr'><strong>τις</strong></span> <span class='ocrx_word' id='word_1_555' title='bbox 800 4437 898 4494; x_wconf 80' lang='grc' dir='ltr'>οὐκ</span> <span class='ocrx_word' id='word_1_556' title='bbox 939 4436 997 4494; x_wconf 74' lang='grc' dir='ltr'><strong>ἂν</strong></span> <span class='ocrx_word' id='word_1_557' title='bbox 1037 4440 1293 4514; x_wconf 82' lang='grc' dir='ltr'>ἁμάρτοι.</span> <span class='ocrx_word' id='word_1_558' title='bbox 1343 4438 1560 4514; x_wconf 77' lang='grc' dir='ltr'>Λέγεται</span> <span class='ocrx_word' id='word_1_559' title='bbox 1608 4440 1711 4516; x_wconf 71' lang='grc' dir='ltr'><strong>γὰρ</strong></span> <span class='ocrx_word' id='word_1_560' title='bbox 1761 4441 1908 4516; x_wconf 89' lang='grc' dir='ltr'>παρά</span> 
     </span>
    </p>
   </div>
   <div class='ocr_carea' id='block_1_78' title="bbox 254 4524 1906 4604">
    <p class='ocr_par' dir='ltr' id='par_1_78' title="bbox 254 4524 1906 4604">
     <span class='ocr_line' id='line_1_78' title="bbox 254 4524 1906 4604; baseline 0.002 -24"><span class='ocrx_word' id='word_1_561' title='bbox 254 4547 364 4580; x_wconf 89' lang='grc' dir='ltr'>τινι</span> <span class='ocrx_word' id='word_1_562' title='bbox 404 4531 512 4580; x_wconf 85' lang='grc' dir='ltr'><strong>τῶν</strong></span> <span class='ocrx_word' id='word_1_563' title='bbox 543 4524 601 4581; x_wconf 82' lang='grc' dir='ltr'>ἐκ</span> <span class='ocrx_word' id='word_1_564' title='bbox 633 4531 730 4583; x_wconf 79' lang='grc' dir='ltr'>τοῦ</span> <span class='ocrx_word' id='word_1_565' title='bbox 759 4527 906 4584; x_wconf 78' lang='grc' dir='ltr'>θείου</span> <span class='ocrx_word' id='word_1_566' title='bbox 937 4534 1113 4604; x_wconf 78' lang='grc' dir='ltr'>χοροῦ</span> <span class='ocrx_word' id='word_1_567' title='bbox 1146 4529 1380 4604; x_wconf 72' lang='grc' dir='ltr'>λέγουσα</span> <span class='ocrx_word' id='word_1_568' title='bbox 1426 4528 1547 4604; x_wconf 76' lang='grc' dir='ltr'>περὶ</span> <span class='ocrx_word' id='word_1_569' title='bbox 1597 4530 1767 4600; x_wconf 85' lang='grc' dir='ltr'>αὑτῆς</span> <span class='ocrx_word' id='word_1_570' title='bbox 1813 4531 1906 4585; x_wconf 88' lang='grc' dir='ltr'>τὸν</span> 
     </span>
    </p>
   </div>
   <div class='ocr_carea' id='block_1_79' title="bbox 257 4613 1906 4693">
    <p class='ocr_par' dir='ltr' id='par_1_79' title="bbox 257 4613 1906 4693">
     <span class='ocr_line' id='line_1_79' title="bbox 257 4613 1906 4693; baseline 0.004 -27"><span class='ocrx_word' id='word_1_571' title='bbox 257 4613 470 4686; x_wconf 88' lang='grc' dir='ltr'>τρόπον</span> <span class='ocrx_word' id='word_1_572' title='bbox 527 4618 743 4684; x_wconf 78' lang='grc' dir='ltr'>τοῦτον,</span> <span class='ocrx_word' id='word_1_573' title='bbox 804 4616 1007 4692; x_wconf 77' lang='grc' dir='ltr'>Κύριος</span> <span class='ocrx_word' id='word_1_574' title='bbox 1056 4617 1104 4652; x_wconf 85' lang='grc'>⁷⁵</span> <span class='ocrx_word' id='word_1_575' title='bbox 1159 4614 1335 4672; x_wconf 81' lang='grc' dir='ltr'>ἔκτισὲ</span> <span class='ocrx_word' id='word_1_576' title='bbox 1406 4638 1472 4689; x_wconf 88' lang='grc' dir='ltr'><strong>με</strong></span> <span class='ocrx_word' id='word_1_577' title='bbox 1529 4616 1710 4693; x_wconf 72' lang='grc' dir='ltr'>ἀρχὴν</span> <span class='ocrx_word' id='word_1_578' title='bbox 1767 4615 1906 4673; x_wconf 82' lang='grc' dir='ltr'>ὁδῶν</span> 
     </span>
    </p>
   </div>
   <div class='ocr_carea' id='block_1_80' title="bbox 261 4699 1910 4781">
    <p class='ocr_par' dir='ltr' id='par_1_80' title="bbox 261 4699 1910 4781">
     <span class='ocr_line' id='line_1_80' title="bbox 261 4699 1910 4781; baseline 0.004 -23"><span class='ocrx_word' id='word_1_579' title='bbox 261 4705 454 4776; x_wconf 73' lang='grc' dir='ltr'>αὑτοῦ,</span> <span class='ocrx_word' id='word_1_580' title='bbox 513 4703 594 4768; x_wconf 66' lang='grc' dir='ltr'>εἷς</span> <span class='ocrx_word' id='word_1_581' title='bbox 653 4699 786 4781; x_wconf 73' lang='grc' dir='ltr'>ἔργα</span> <span class='ocrx_word' id='word_1_582' title='bbox 833 4706 996 4762; x_wconf 78' lang='grc' dir='ltr'>αὐτοῦ</span> <span class='ocrx_word' id='word_1_583' title='bbox 1035 4707 1140 4781; x_wconf 84' lang='grc' dir='ltr'><strong>πρὸ</strong></span> <span class='ocrx_word' id='word_1_584' title='bbox 1183 4711 1280 4762; x_wconf 85' lang='grc' dir='ltr'>τσῦ</span> <span class='ocrx_word' id='word_1_585' title='bbox 1329 4707 1522 4770; x_wconf 79' lang='grc' dir='ltr'>αἰῶνος</span> <span class='ocrx_word' id='word_1_586' title='bbox 1581 4706 1910 4780; x_wconf 68' lang='grc' dir='ltr'>ἂθεμελίωσέ</span> 
     </span>
    </p>
   </div>
   <div class='ocr_carea' id='block_1_81' title="bbox 269 4794 1912 4876">
    <p class='ocr_par' dir='ltr' id='par_1_81' title="bbox 269 4794 1912 4876">
     <span class='ocr_line' id='line_1_81' title="bbox 269 4794 1912 4876; baseline 0.003 -27"><span class='ocrx_word' id='word_1_587' title='bbox 269 4815 356 4868; x_wconf 83' lang='grc' dir='ltr'>με.</span> <span class='ocrx_word' id='word_1_588' title='bbox 412 4797 509 4854; x_wconf 85' lang='grc' dir='ltr'>Ἠν</span> <span class='ocrx_word' id='word_1_589' title='bbox 554 4794 656 4871; x_wconf 81' lang='grc' dir='ltr'><strong>γὰρ</strong></span> <span class='ocrx_word' id='word_1_590' title='bbox 709 4795 1013 4852; x_wconf 80' lang='grc' dir='ltr'>ἀκόλουθον</span> <span class='ocrx_word' id='word_1_591' title='bbox 1053 4800 1142 4854; x_wconf 88' lang='grc' dir='ltr'><strong>καί</strong></span> <span class='ocrx_word' id='word_1_592' title='bbox 1187 4795 1630 4876; x_wconf 79' lang='grc' dir='ltr'>πρεπωδέστερον</span> <span class='ocrx_word' id='word_1_593' title='bbox 1673 4800 1849 4854; x_wconf 85' lang='grc' dir='ltr'>πάντα</span> <span class='ocrx_word' id='word_1_594' title='bbox 1879 4798 1912 4854; x_wconf 76' lang='grc' dir='ltr'>ἃ</span> 
     </span>
    </p>
   </div>
   <div class='ocr_carea' id='block_1_82' title="bbox 261 4882 1915 4964">
    <p class='ocr_par' dir='ltr' id='par_1_82' title="bbox 261 4882 1915 4964">
     <span class='ocr_line' id='line_1_82' title="bbox 261 4882 1915 4964; baseline 0.005 -27"><span class='ocrx_word' id='word_1_595' title='bbox 261 4882 342 4945; x_wconf 80' lang='grc' dir='ltr'><strong>εἰς</strong></span> <span class='ocrx_word' id='word_1_596' title='bbox 371 4882 576 4959; x_wconf 81' lang='grc' dir='ltr'>γένεσιν</span> <span class='ocrx_word' id='word_1_597' title='bbox 605 4883 780 4953; x_wconf 83' lang='grc' dir='ltr'>ἦλθον</span> <span class='ocrx_word' id='word_1_598' title='bbox 813 4887 951 4942; x_wconf 78' lang='grc' dir='ltr'>εἶναι</span> <span class='ocrx_word' id='word_1_599' title='bbox 981 4886 1186 4959; x_wconf 77' lang='grc' dir='ltr'>ταύτης</span> <span class='ocrx_word' id='word_1_600' title='bbox 1229 4889 1487 4964; x_wconf 84' lang='grc' dir='ltr'>νεώτερα,</span> <span class='ocrx_word' id='word_1_601' title='bbox 1539 4888 1654 4945; x_wconf 72' lang='grc' dir='ltr'>ὶπεὶ</span> <span class='ocrx_word' id='word_1_602' title='bbox 1697 4891 1784 4945; x_wconf 77' lang='grc' dir='ltr'><strong>καὶ</strong></span> <span class='ocrx_word' id='word_1_603' title='bbox 1841 4886 1915 4945; x_wconf 85' lang='grc' dir='ltr'>δι’</span> 
     </span>
    </p>
   </div>
   <div class='ocr_carea' id='block_1_83' title="bbox 261 4972 1911 5056">
    <p class='ocr_par' dir='ltr' id='par_1_83' title="bbox 261 4972 1911 5056">
     <span class='ocr_line' id='line_1_83' title="bbox 261 4972 1911 5056; baseline 0.004 -29"><span class='ocrx_word' id='word_1_604' title='bbox 261 4972 435 5042; x_wconf 77' lang='grc' dir='ltr'>αὐτῆς</span> <span class='ocrx_word' id='word_1_605' title='bbox 462 4975 764 5050; x_wconf 85' lang='grc' dir='ltr'>γεγόνασιν.</span> <span class='ocrx_word' id='word_1_606' title='bbox 801 4975 1127 5048; x_wconf 84' lang='grc' dir='ltr'>Ἐπίστησον</span> <span class='ocrx_word' id='word_1_607' title='bbox 1156 4977 1282 5056; x_wconf 78' lang='grc' dir='ltr'>γὰρ,</span> <span class='ocrx_word' id='word_1_608' title='bbox 1313 4978 1360 5034; x_wconf 80' lang='grc' dir='ltr'><strong>εί</strong></span> <span class='ocrx_word' id='word_1_609' title='bbox 1412 4981 1489 5053; x_wconf 85' lang='grc' dir='ltr'>μή</span> <span class='ocrx_word' id='word_1_610' title='bbox 1539 4980 1628 5035; x_wconf 81' lang='grc' dir='ltr'><strong>καὶ</strong></span> <span class='ocrx_word' id='word_1_611' title='bbox 1687 4980 1772 5051; x_wconf 84' lang='grc' dir='ltr'>τὸ,</span> <span class='ocrx_word' id='word_1_612' title='bbox 1821 4979 1911 5036; x_wconf 79' lang='lat' dir='ltr'><strong>’Ev</strong></span> 
     </span>
    </p>
   </div>
   <div class='ocr_carea' id='block_1_84' title="bbox 261 5061 1911 5144">
    <p class='ocr_par' dir='ltr' id='par_1_84' title="bbox 261 5061 1911 5144">
     <span class='ocr_line' id='line_1_84' title="bbox 261 5061 1911 5144; baseline 0.005 -28"><span class='ocrx_word' id='word_1_613' title='bbox 261 5061 417 5139; x_wconf 77' lang='grc' dir='ltr'>ἀρχῇ</span> <span class='ocrx_word' id='word_1_614' title='bbox 475 5065 543 5133; x_wconf 74' lang='grc' dir='ltr'>ἦν</span> <span class='ocrx_word' id='word_1_615' title='bbox 603 5066 632 5119; x_wconf 88' lang='lat'><strong>6</strong></span> <span class='ocrx_word' id='word_1_616' title='bbox 685 5065 887 5142; x_wconf 86' lang='grc' dir='ltr'>Λόγος,</span> <span class='ocrx_word' id='word_1_617' title='bbox 943 5067 1034 5122; x_wconf 80' lang='grc' dir='ltr'><strong>καὶ</strong></span> <span class='ocrx_word' id='word_1_618' title='bbox 1091 5067 1120 5122; x_wconf 90' lang='lat'><strong>6</strong></span> <span class='ocrx_word' id='word_1_619' title='bbox 1181 5068 1358 5144; x_wconf 78' lang='grc' dir='ltr'>Λόγος</span> <span class='ocrx_word' id='word_1_620' title='bbox 1443 5067 1511 5137; x_wconf 79' lang='grc' dir='ltr'>ἦν</span> <span class='ocrx_word' id='word_1_621' title='bbox 1597 5070 1736 5144; x_wconf 85' lang='grc' dir='ltr'>πρὸς</span> <span class='ocrx_word' id='word_1_622' title='bbox 1820 5070 1911 5124; x_wconf 85' lang='grc' dir='ltr'>τὸν</span> 
     </span>
    </p>
   </div>
   <div class='ocr_carea' id='block_1_85' title="bbox 260 5153 1916 5231">
    <p class='ocr_par' dir='ltr' id='par_1_85' title="bbox 260 5153 1916 5231">
     <span class='ocr_line' id='line_1_85' title="bbox 260 5153 1916 5231; baseline 0.005 -25"><span class='ocrx_word' id='word_1_623' title='bbox 260 5153 424 5220; x_wconf 82' lang='grc' dir='ltr'>Θεὸν,</span> <span class='ocrx_word' id='word_1_624' title='bbox 479 5155 615 5208; x_wconf 84' lang='grc' dir='ltr'>κατὰ</span> <span class='ocrx_word' id='word_1_625' title='bbox 652 5155 745 5210; x_wconf 83' lang='grc' dir='ltr'><strong>τὸν</strong></span> <span class='ocrx_word' id='word_1_626' title='bbox 805 5153 1213 5231; x_wconf 79' lang='grc' dir='ltr'>εὖαγγελιστήν,</span> <span class='ocrx_word' id='word_1_627' title='bbox 1269 5158 1357 5213; x_wconf 86' lang='grc' dir='ltr'><strong>καὶ</strong></span> <span class='ocrx_word' id='word_1_628' title='bbox 1416 5159 1546 5220; x_wconf 85' lang='grc' dir='ltr'>Θεὸς</span> <span class='ocrx_word' id='word_1_629' title='bbox 1602 5159 1670 5228; x_wconf 83' lang='grc' dir='ltr'>ἦν</span> <span class='ocrx_word' id='word_1_630' title='bbox 1729 5158 1758 5213; x_wconf 81' lang='grc' dir='ltr'><strong>ὁ</strong></span> <span class='ocrx_word' id='word_1_631' title='bbox 1797 5157 1916 5214; x_wconf 85' lang='grc' dir='ltr'><strong>Λό-</strong></span> 
     </span>
    </p>
   </div>
   <div class='ocr_carea' id='block_1_86' title="bbox 260 5244 1911 5324">
    <p class='ocr_par' dir='ltr' id='par_1_86' title="bbox 260 5244 1911 5324">
     <span class='ocr_line' id='line_1_86' title="bbox 260 5244 1911 5324; baseline 0.004 -28"><span class='ocrx_word' id='word_1_632' title='bbox 260 5260 367 5320; x_wconf 86' lang='grc' dir='ltr'><strong>γος</strong></span> <span class='ocrx_word' id='word_1_633' title='bbox 427 5261 440 5274; x_wconf 83' lang='grc'>⁶</span> <span class='ocrx_word' id='word_1_634' title='bbox 500 5244 657 5306; x_wconf 81' lang='grc' dir='ltr'>οὗτος</span> <span class='ocrx_word' id='word_1_635' title='bbox 715 5244 782 5314; x_wconf 82' lang='grc' dir='ltr'>ἦν</span> <span class='ocrx_word' id='word_1_636' title='bbox 841 5245 893 5300; x_wconf 73' lang='grc' dir='ltr'>ιν</span> <span class='ocrx_word' id='word_1_637' title='bbox 947 5246 1099 5324; x_wconf 79' lang='grc' dir='ltr'>ἀρχῇ</span> <span class='ocrx_word' id='word_1_638' title='bbox 1173 5247 1310 5320; x_wconf 87' lang='grc' dir='ltr'>πρὸς</span> <span class='ocrx_word' id='word_1_639' title='bbox 1365 5248 1458 5304; x_wconf 83' lang='grc' dir='ltr'><strong>τὸν</strong></span> <span class='ocrx_word' id='word_1_640' title='bbox 1515 5247 1665 5317; x_wconf 75' lang='grc' dir='ltr'>Θεὸν,</span> <span class='ocrx_word' id='word_1_641' title='bbox 1733 5247 1778 5304; x_wconf 76' lang='grc' dir='ltr'><strong>εἰ</strong></span> <span class='ocrx_word' id='word_1_642' title='bbox 1835 5248 1911 5321; x_wconf 84' lang='grc' dir='ltr'>μή</span> 
     </span>
    </p>
   </div>
   <div class='ocr_carea' id='block_1_87' title="bbox 334 5353 1757 5430">
    <p class='ocr_par' dir='ltr' id='par_1_87' title="bbox 334 5353 1757 5430">
     <span class='ocr_line' id='line_1_87' title="bbox 334 5353 1757 5430; baseline 0.005 -23"><span class='ocrx_word' id='word_1_643' title='bbox 334 5365 364 5407; x_wconf 76' lang='grc' dir='ltr'><strong>ε</strong></span> <span class='ocrx_word' id='word_1_644' title='bbox 392 5353 534 5413; x_wconf 88' lang='lat' dir='ltr'><strong>Gen.</strong></span> <span class='ocrx_word' id='word_1_645' title='bbox 575 5371 616 5424; x_wconf 83' lang='grc' dir='ltr'><strong>ι,</strong></span> <span class='ocrx_word' id='word_1_646' title='bbox 653 5358 702 5412; x_wconf 83' lang='lat' dir='ltr'><strong>t.</strong></span> <span class='ocrx_word' id='word_1_647' title='bbox 741 5353 768 5396; x_wconf 73' lang='grc' dir='ltr'>ιι</span> <span class='ocrx_word' id='word_1_648' title='bbox 798 5354 960 5411; x_wconf 83' lang='lat' dir='ltr'><strong>Prov.</strong></span> <span class='ocrx_word' id='word_1_649' title='bbox 1001 5371 1124 5427; x_wconf 79' lang='grc' dir='ltr'>νιιι,</span> <span class='ocrx_word' id='word_1_650' title='bbox 1163 5357 1251 5412; x_wconf 87' lang='lat'><strong>22.</strong></span> <span class='ocrx_word' id='word_1_651' title='bbox 1303 5357 1585 5430; x_wconf 78' lang='lat' dir='ltr'><strong>iJoan.1,</strong></span> <span class='ocrx_word' id='word_1_652' title='bbox 1618 5359 1672 5426; x_wconf 83' lang='grc'>1,</span> <span class='ocrx_word' id='word_1_653' title='bbox 1702 5361 1757 5414; x_wconf 82' lang='grc'><strong>2.</strong></span> 
     </span>
    </p>
   </div>
   <div class='ocr_carea' id='block_1_88' title="bbox 2011 3283 2742 3357">
    <p class='ocr_par' dir='ltr' id='par_1_88' title="bbox 2011 3283 2742 3357">
     <span class='ocr_line' id='line_1_88' title="bbox 2011 3283 2742 3357; baseline -0.005 -16"><span class='ocrx_word' id='word_1_654' title='bbox 2011 3284 2360 3357; x_wconf 86' lang='lat' dir='ltr'><strong>stirpandis)</strong></span> <span class='ocrx_word' id='word_1_655' title='bbox 2391 3283 2608 3340; x_wconf 89' lang='lat' dir='ltr'><strong>dictam</strong></span> <span class='ocrx_word' id='word_1_656' title='bbox 2643 3283 2742 3339; x_wconf 87' lang='lat' dir='ltr'><strong>ait.</strong></span> 
     </span>
    </p>
   </div>
   <div class='ocr_carea' id='block_1_89' title="bbox 2084 3372 3660 3445">
    <p class='ocr_par' dir='ltr' id='par_1_89' title="bbox 2084 3372 3660 3445">
     <span class='ocr_line' id='line_1_89' title="bbox 2084 3372 3660 3445; baseline 0 -17"><span class='ocrx_word' id='word_1_657' title='bbox 2084 3373 2263 3430; x_wconf 92' lang='lat' dir='ltr'><strong>Porro</strong></span> <span class='ocrx_word' id='word_1_658' title='bbox 2313 3381 2554 3430; x_wconf 88' lang='lat' dir='ltr'><strong>sanctus</strong></span> <span class='ocrx_word' id='word_1_659' title='bbox 2593 3373 2730 3429; x_wconf 89' lang='lat' dir='ltr'><strong>dicit</strong></span> <span class='ocrx_word' id='word_1_660' title='bbox 2764 3390 2778 3429; x_wconf 73' lang='grc' dir='ltr'><strong>ε</strong></span> <span class='ocrx_word' id='word_1_661' title='bbox 2813 3372 2968 3429; x_wconf 86' lang='lat' dir='ltr'><strong>Duas</strong></span> <span class='ocrx_word' id='word_1_662' title='bbox 2997 3373 3058 3428; x_wconf 92' lang='lat' dir='ltr'><strong>in</strong></span> <span class='ocrx_word' id='word_1_663' title='bbox 3091 3389 3268 3445; x_wconf 89' lang='lat' dir='ltr'><strong>supra</strong></span> <span class='ocrx_word' id='word_1_664' title='bbox 3297 3372 3470 3429; x_wconf 88' lang='lat' dir='ltr'><strong>dictis</strong></span> <span class='ocrx_word' id='word_1_665' title='bbox 3501 3373 3660 3428; x_wconf 77' lang='lat' dir='ltr'><strong>affir-</strong></span> 
     </span>
    </p>
   </div>
   <div class='ocr_carea' id='block_1_90' title="bbox 2017 3461 3674 3532">
    <p class='ocr_par' dir='ltr' id='par_1_90' title="bbox 2017 3461 3674 3532">
     <span class='ocr_line' id='line_1_90' title="bbox 2017 3461 3674 3532; baseline 0.001 -16"><span class='ocrx_word' id='word_1_666' title='bbox 2017 3461 2326 3518; x_wconf 87' lang='lat' dir='ltr'><strong>mabamus</strong></span> <span class='ocrx_word' id='word_1_667' title='bbox 2356 3479 2486 3519; x_wconf 90' lang='lat' dir='ltr'><strong>esse</strong></span> <span class='ocrx_word' id='word_1_668' title='bbox 2517 3462 2833 3518; x_wconf 73' lang='lat' dir='ltr'><strong>effectrices</strong></span> <span class='ocrx_word' id='word_1_669' title='bbox 2866 3461 3210 3518; x_wconf 77' lang='lat' dir='ltr'><strong>facultates:</strong></span> <span class='ocrx_word' id='word_1_670' title='bbox 3241 3478 3418 3518; x_wconf 89' lang='lat' dir='ltr'><strong>unam</strong></span> <span class='ocrx_word' id='word_1_671' title='bbox 3451 3479 3577 3532; x_wconf 74' lang='lat' dir='ltr'><strong>qua:</strong></span> <span class='ocrx_word' id='word_1_672' title='bbox 3605 3478 3674 3518; x_wconf 91' lang='lat' dir='ltr'><strong>ex</strong></span> 
     </span>
    </p>
   </div>
   <div class='ocr_carea' id='block_1_91' title="bbox 2012 3550 3666 3622">
    <p class='ocr_par' dir='ltr' id='par_1_91' title="bbox 2012 3550 3666 3622">
     <span class='ocr_line' id='line_1_91' title="bbox 2012 3550 3666 3622; baseline -0.001 -17"><span class='ocrx_word' id='word_1_673' title='bbox 2012 3550 2185 3607; x_wconf 86' lang='lat' dir='ltr'><strong>rebus</strong></span> <span class='ocrx_word' id='word_1_674' title='bbox 2210 3569 2324 3609; x_wconf 87' lang='lat' dir='ltr'><strong>non</strong></span> <span class='ocrx_word' id='word_1_675' title='bbox 2348 3553 2766 3609; x_wconf 89' lang='lat' dir='ltr'><strong>exsistentibus</strong></span> <span class='ocrx_word' id='word_1_676' title='bbox 2789 3551 2913 3607; x_wconf 89' lang='lat' dir='ltr'><strong>sola</strong></span> <span class='ocrx_word' id='word_1_677' title='bbox 2934 3551 3248 3622; x_wconf 89' lang='lat' dir='ltr'><strong>voluntate,</strong></span> <span class='ocrx_word' id='word_1_678' title='bbox 3265 3551 3391 3607; x_wconf 90' lang='lat' dir='ltr'><strong>sine</strong></span> <span class='ocrx_word' id='word_1_679' title='bbox 3413 3551 3666 3621; x_wconf 88' lang='lat' dir='ltr'><strong>partium</strong></span> 
     </span>
    </p>
   </div>
   <div class='ocr_carea' id='block_1_92' title="bbox 2015 3639 3662 3712">
    <p class='ocr_par' dir='ltr' id='par_1_92' title="bbox 2015 3639 3662 3712">
     <span class='ocr_line' id='line_1_92' title="bbox 2015 3639 3662 3712; baseline -0.002 -15"><span class='ocrx_word' id='word_1_680' title='bbox 2015 3641 2390 3698; x_wconf 87' lang='lat' dir='ltr'><strong>distinctione</strong></span> <span class='ocrx_word' id='word_1_681' title='bbox 2411 3643 2588 3698; x_wconf 81' lang='lat' dir='ltr'><strong>simul</strong></span> <span class='ocrx_word' id='word_1_682' title='bbox 2617 3647 2788 3712; x_wconf 86' lang='lat' dir='ltr'><strong>atque</strong></span> <span class='ocrx_word' id='word_1_683' title='bbox 2809 3641 2949 3706; x_wconf 88' lang='lat' dir='ltr'><strong>vult,</strong></span> <span class='ocrx_word' id='word_1_684' title='bbox 2983 3640 3271 3712; x_wconf 89' lang='lat' dir='ltr'><strong>quidquid</strong></span> <span class='ocrx_word' id='word_1_685' title='bbox 3293 3641 3422 3695; x_wconf 88' lang='lat' dir='ltr'><strong>vult</strong></span> <span class='ocrx_word' id='word_1_686' title='bbox 3442 3639 3662 3708; x_wconf 80' lang='lat' dir='ltr'><strong>efﬁcit;</strong></span> 
     </span>
    </p>
   </div>
   <div class='ocr_carea' id='block_1_93' title="bbox 2015 3726 3665 3797">
    <p class='ocr_par' dir='ltr' id='par_1_93' title="bbox 2015 3726 3665 3797">
     <span class='ocr_line' id='line_1_93' title="bbox 2015 3726 3665 3797; baseline -0.003 -12"><span class='ocrx_word' id='word_1_687' title='bbox 2015 3738 2100 3785; x_wconf 87' lang='lat' dir='ltr'><strong>est</strong></span> <span class='ocrx_word' id='word_1_688' title='bbox 2133 3734 2328 3786; x_wconf 90' lang='lat' dir='ltr'><strong>autem</strong></span> <span class='ocrx_word' id='word_1_689' title='bbox 2362 3731 2456 3786; x_wconf 90' lang='lat' dir='ltr'><strong>hic</strong></span> <span class='ocrx_word' id='word_1_690' title='bbox 2488 3731 2654 3786; x_wconf 89' lang='lat' dir='ltr'><strong>Paler</strong></span> <span class='ocrx_word' id='word_1_691' title='bbox 2686 3744 2699 3784; x_wconf 88' lang='lat'><strong>:</strong></span> <span class='ocrx_word' id='word_1_692' title='bbox 2726 3727 2992 3792; x_wconf 87' lang='lat' dir='ltr'><strong>alteram,</strong></span> <span class='ocrx_word' id='word_1_693' title='bbox 3017 3742 3142 3797; x_wconf 75' lang='lat' dir='ltr'><strong>quae</strong></span> <span class='ocrx_word' id='word_1_694' title='bbox 3175 3727 3416 3797; x_wconf 82' lang='lat' dir='ltr'><strong>perficit,</strong></span> <span class='ocrx_word' id='word_1_695' title='bbox 3448 3726 3665 3780; x_wconf 87' lang='lat' dir='ltr'><strong>variat-</strong></span> 
     </span>
    </p>
   </div>
   <div class='ocr_carea' id='block_1_94' title="bbox 2017 3814 3666 3891">
    <p class='ocr_par' dir='ltr' id='par_1_94' title="bbox 2017 3814 3666 3891">
     <span class='ocr_line' id='line_1_94' title="bbox 2017 3814 3666 3891; baseline -0.005 -16"><span class='ocrx_word' id='word_1_696' title='bbox 2017 3835 2130 3891; x_wconf 90' lang='lat' dir='ltr'><strong>que</strong></span> <span class='ocrx_word' id='word_1_697' title='bbox 2161 3828 2215 3875; x_wconf 88' lang='lat' dir='ltr'><strong>et</strong></span> <span class='ocrx_word' id='word_1_698' title='bbox 2261 3823 2519 3884; x_wconf 82' lang='lat' dir='ltr'><strong>exornat,</strong></span> <span class='ocrx_word' id='word_1_699' title='bbox 2554 3818 2872 3873; x_wconf 88' lang='lat' dir='ltr'><strong>secundum</strong></span> <span class='ocrx_word' id='word_1_700' title='bbox 2907 3815 3114 3885; x_wconf 87' lang='lat' dir='ltr'><strong>prioris</strong></span> <span class='ocrx_word' id='word_1_701' title='bbox 3145 3815 3414 3884; x_wconf 74' lang='lat' dir='ltr'><strong>potentias</strong></span> <span class='ocrx_word' id='word_1_702' title='bbox 3447 3814 3666 3880; x_wconf 88' lang='lat' dir='ltr'><strong>ideam,</strong></span> 
     </span>
    </p>
   </div>
   <div class='ocr_carea' id='block_1_95' title="bbox 2016 3901 3668 3979">
    <p class='ocr_par' dir='ltr' id='par_1_95' title="bbox 2016 3901 3668 3979">
     <span class='ocr_line' id='line_1_95' title="bbox 2016 3901 3668 3979; baseline -0.005 -16"><span class='ocrx_word' id='word_1_703' title='bbox 2016 3908 2171 3979; x_wconf 89' lang='lat' dir='ltr'><strong>quod</strong></span> <span class='ocrx_word' id='word_1_704' title='bbox 2198 3909 2321 3978; x_wconf 81' lang='lat' dir='ltr'><strong>jam</strong></span> <span class='ocrx_word' id='word_1_705' title='bbox 2353 3912 2486 3962; x_wconf 87' lang='lat' dir='ltr'><strong>ante</strong></span> <span class='ocrx_word' id='word_1_706' title='bbox 2520 3908 2732 3963; x_wconf 80' lang='lat' dir='ltr'><strong>factum</strong></span> <span class='ocrx_word' id='word_1_707' title='bbox 2757 3910 2870 3972; x_wconf 90' lang='lat' dir='ltr'><strong>est,</strong></span> <span class='ocrx_word' id='word_1_708' title='bbox 2899 3908 2956 3960; x_wconf 87' lang='lat' dir='ltr'><strong>et</strong></span> <span class='ocrx_word' id='word_1_709' title='bbox 2985 3903 3080 3958; x_wconf 90' lang='lat' dir='ltr'><strong>hic</strong></span> <span class='ocrx_word' id='word_1_710' title='bbox 3109 3907 3195 3958; x_wconf 90' lang='lat' dir='ltr'><strong>est</strong></span> <span class='ocrx_word' id='word_1_711' title='bbox 3230 3902 3435 3973; x_wconf 85' lang='lat' dir='ltr'><strong>Filius,</strong></span> <span class='ocrx_word' id='word_1_712' title='bbox 3467 3901 3668 3957; x_wconf 89' lang='lat' dir='ltr'><strong>omni-</strong></span> 
     </span>
    </p>
   </div>
   <div class='ocr_carea' id='block_1_96' title="bbox 2016 3990 3668 4068">
    <p class='ocr_par' dir='ltr' id='par_1_96' title="bbox 2016 3990 3668 4068">
     <span class='ocr_line' id='line_1_96' title="bbox 2016 3990 3668 4068; baseline -0.004 -16"><span class='ocrx_word' id='word_1_713' title='bbox 2016 4000 2219 4068; x_wconf 86' lang='lat' dir='ltr'><strong>potens</strong></span> <span class='ocrx_word' id='word_1_714' title='bbox 2242 4012 2449 4068; x_wconf 90' lang='lat' dir='ltr'><strong>nempe</strong></span> <span class='ocrx_word' id='word_1_715' title='bbox 2478 3999 2534 4051; x_wconf 88' lang='lat' dir='ltr'><strong>et</strong></span> <span class='ocrx_word' id='word_1_716' title='bbox 2558 3994 2769 4050; x_wconf 87' lang='lat' dir='ltr'><strong>invicta</strong></span> <span class='ocrx_word' id='word_1_717' title='bbox 2784 4008 2991 4049; x_wconf 86' lang='lat' dir='ltr'><strong>manus</strong></span> <span class='ocrx_word' id='word_1_718' title='bbox 3011 3991 3342 4064; x_wconf 82' lang='lat' dir='ltr'><strong>Patris,qua</strong></span> <span class='ocrx_word' id='word_1_719' title='bbox 3363 3990 3668 4046; x_wconf 89' lang='lat' dir='ltr'><strong>materiam</strong></span> 
     </span>
    </p>
   </div>
   <div class='ocr_carea' id='block_1_97' title="bbox 2015 4081 3668 4156">
    <p class='ocr_par' dir='ltr' id='par_1_97' title="bbox 2015 4081 3668 4156">
     <span class='ocr_line' id='line_1_97' title="bbox 2015 4081 3668 4156; baseline -0.004 -15"><span class='ocrx_word' id='word_1_720' title='bbox 2015 4100 2083 4141; x_wconf 87' lang='lat' dir='ltr'><strong>ex</strong></span> <span class='ocrx_word' id='word_1_721' title='bbox 2113 4084 2297 4142; x_wconf 89' lang='lat' dir='ltr'><strong>nihilo</strong></span> <span class='ocrx_word' id='word_1_722' title='bbox 2328 4085 2489 4156; x_wconf 89' lang='lat' dir='ltr'><strong>prius</strong></span> <span class='ocrx_word' id='word_1_723' title='bbox 2519 4085 3008 4154; x_wconf 89' lang='lat' dir='ltr'><strong>creatam,postea</strong></span> <span class='ocrx_word' id='word_1_724' title='bbox 3026 4081 3245 4153; x_wconf 75' lang='lat' dir='ltr'><strong>perficit</strong></span> <span class='ocrx_word' id='word_1_725' title='bbox 3276 4097 3377 4137; x_wconf 93' lang='lat' dir='ltr'><strong>seu</strong></span> <span class='ocrx_word' id='word_1_726' title='bbox 3402 4083 3668 4136; x_wconf 83' lang='lat' dir='ltr'><strong>exornat.</strong></span> 
     </span>
    </p>
   </div>
   <div class='ocr_carea' id='block_1_98' title="bbox 2084 4168 3628 4230">
    <p class='ocr_par' dir='ltr' id='par_1_98' title="bbox 2084 4168 3628 4230">
     <span class='ocr_line' id='line_1_98' title="bbox 2084 4168 3628 4230; baseline -0.004 -1"><span class='ocrx_word' id='word_1_727' title='bbox 2084 4174 2358 4230; x_wconf 80' lang='lat' dir='ltr'><strong>Afﬁrmat</strong></span> <span class='ocrx_word' id='word_1_728' title='bbox 2387 4173 2564 4230; x_wconf 89' lang='lat' dir='ltr'><strong>etiam</strong></span> <span class='ocrx_word' id='word_1_729' title='bbox 2598 4181 2868 4230; x_wconf 89' lang='lat' dir='ltr'><strong>sanctum</strong></span> <span class='ocrx_word' id='word_1_730' title='bbox 2898 4172 3112 4227; x_wconf 85' lang='lat' dir='ltr'><strong>librum</strong></span> <span class='ocrx_word' id='word_1_731' title='bbox 3145 4170 3254 4228; x_wconf 88' lang='lat' dir='ltr'><strong>Job</strong></span> <span class='ocrx_word' id='word_1_732' title='bbox 3286 4187 3412 4226; x_wconf 88' lang='lat' dir='ltr'><strong>esse</strong></span> <span class='ocrx_word' id='word_1_733' title='bbox 3435 4168 3628 4224; x_wconf 85' lang='lat' dir='ltr'><strong>Mosis.</strong></span> 
     </span>
    </p>
   </div>
   <div class='ocr_carea' id='block_1_99' title="bbox 2089 4257 3669 4337">
    <p class='ocr_par' dir='ltr' id='par_1_99' title="bbox 2089 4257 3669 4337">
     <span class='ocr_line' id='line_1_99' title="bbox 2089 4257 3669 4337; baseline -0.003 -18"><span class='ocrx_word' id='word_1_734' title='bbox 2089 4263 2261 4319; x_wconf 86' lang='lat' dir='ltr'><strong>Docet</strong></span> <span class='ocrx_word' id='word_1_735' title='bbox 2311 4267 2588 4337; x_wconf 61' lang='lat' dir='ltr'><strong>praeterea</strong></span> <span class='ocrx_word' id='word_1_736' title='bbox 2638 4279 2814 4334; x_wconf 85' lang='lat' dir='ltr'><strong>super</strong></span> <span class='ocrx_word' id='word_1_737' title='bbox 2859 4261 2978 4317; x_wconf 89' lang='lat' dir='ltr'><strong>illis</strong></span> <span class='ocrx_word' id='word_1_738' title='bbox 3015 4260 3253 4317; x_wconf 85' lang='lat' dir='ltr'><strong>verbis:</strong></span> <span class='ocrx_word' id='word_1_739' title='bbox 3287 4260 3344 4314; x_wconf 86' lang='lat' dir='ltr'><strong>In</strong></span> <span class='ocrx_word' id='word_1_740' title='bbox 3392 4257 3669 4332; x_wconf 84' lang='lat' dir='ltr'><strong>principio</strong></span> 
     </span>
    </p>
   </div>
   <div class='ocr_carea' id='block_1_100' title="bbox 2017 4348 3671 4421">
    <p class='ocr_par' dir='ltr' id='par_1_100' title="bbox 2017 4348 3671 4421">
     <span class='ocr_line' id='line_1_100' title="bbox 2017 4348 3671 4421; baseline -0.002 -13"><span class='ocrx_word' id='word_1_741' title='bbox 2017 4351 2224 4409; x_wconf 79' lang='lat' dir='ltr'><strong>creavit</strong></span> <span class='ocrx_word' id='word_1_742' title='bbox 2251 4353 2389 4409; x_wconf 77' lang='lat' dir='ltr'><strong>Deus</strong></span> <span class='ocrx_word' id='word_1_743' title='bbox 2418 4354 2614 4409; x_wconf 70' lang='lat' dir='ltr'><strong>costum</strong></span> <span class='ocrx_word' id='word_1_744' title='bbox 2637 4362 2688 4408; x_wconf 77' lang='lat' dir='ltr'><strong>et</strong></span> <span class='ocrx_word' id='word_1_745' title='bbox 2710 4357 2921 4408; x_wconf 81' lang='lat' dir='ltr'><strong>terram</strong></span> <span class='ocrx_word' id='word_1_746' title='bbox 2948 4363 3015 4418; x_wconf 82' lang='lat'><strong>8;</strong></span> <span class='ocrx_word' id='word_1_747' title='bbox 3045 4365 3175 4406; x_wconf 90' lang='lat' dir='ltr'><strong>eum</strong></span> <span class='ocrx_word' id='word_1_748' title='bbox 3197 4349 3296 4421; x_wconf 88' lang='lat' dir='ltr'><strong>qui</strong></span> <span class='ocrx_word' id='word_1_749' title='bbox 3316 4348 3671 4420; x_wconf 88' lang='lat' dir='ltr'><strong>principium</strong></span> 
     </span>
    </p>
   </div>
   <div class='ocr_carea' id='block_1_101' title="bbox 2018 4441 3672 4515">
    <p class='ocr_par' dir='ltr' id='par_1_101' title="bbox 2018 4441 3672 4515">
     <span class='ocr_line' id='line_1_101' title="bbox 2018 4441 3672 4515; baseline -0.004 -15"><span class='ocrx_word' id='word_1_750' title='bbox 2018 4445 2207 4515; x_wconf 90' lang='lat' dir='ltr'><strong>ipsam</strong></span> <span class='ocrx_word' id='word_1_751' title='bbox 2257 4444 2470 4500; x_wconf 87' lang='lat' dir='ltr'><strong>dixerit</strong></span> <span class='ocrx_word' id='word_1_752' title='bbox 2503 4459 2631 4500; x_wconf 88' lang='lat' dir='ltr'><strong>esse</strong></span> <span class='ocrx_word' id='word_1_753' title='bbox 2670 4441 3042 4514; x_wconf 87' lang='lat' dir='ltr'><strong>sapientiam,</strong></span> <span class='ocrx_word' id='word_1_754' title='bbox 3075 4457 3189 4496; x_wconf 93' lang='lat' dir='ltr'><strong>non</strong></span> <span class='ocrx_word' id='word_1_755' title='bbox 3242 4441 3672 4496; x_wconf 86' lang='lat' dir='ltr'><strong>aberraturum.</strong></span> 
     </span>
    </p>
   </div>
   <div class='ocr_carea' id='block_1_102' title="bbox 2019 4527 3672 4606">
    <p class='ocr_par' dir='ltr' id='par_1_102' title="bbox 2019 4527 3672 4606">
     <span class='ocr_line' id='line_1_102' title="bbox 2019 4527 3672 4606; baseline -0.002 -18"><span class='ocrx_word' id='word_1_756' title='bbox 2019 4534 2244 4589; x_wconf 92' lang='lat' dir='ltr'><strong>Dicitur</strong></span> <span class='ocrx_word' id='word_1_757' title='bbox 2271 4532 2428 4590; x_wconf 82' lang='lat' dir='ltr'><strong>enim</strong></span> <span class='ocrx_word' id='word_1_758' title='bbox 2460 4533 2614 4606; x_wconf 89' lang='lat' dir='ltr'><strong>apud</strong></span> <span class='ocrx_word' id='word_1_759' title='bbox 2646 4533 2958 4602; x_wconf 89' lang='lat' dir='ltr'><strong>quemdam</strong></span> <span class='ocrx_word' id='word_1_760' title='bbox 2983 4545 3014 4585; x_wconf 90' lang='lat' dir='ltr'><strong>e</strong></span> <span class='ocrx_word' id='word_1_761' title='bbox 3048 4533 3200 4586; x_wconf 71' lang='lat' dir='ltr'><strong>cmtu</strong></span> <span class='ocrx_word' id='word_1_762' title='bbox 3231 4545 3396 4584; x_wconf 85' lang='lat' dir='ltr'><strong>sacro</strong></span> <span class='ocrx_word' id='word_1_763' title='bbox 3420 4527 3672 4599; x_wconf 87' lang='lat' dir='ltr'><strong>scripto-</strong></span> 
     </span>
    </p>
   </div>
   <div class='ocr_carea' id='block_1_103' title="bbox 2021 4618 3674 4695">
    <p class='ocr_par' dir='ltr' id='par_1_103' title="bbox 2021 4618 3674 4695">
     <span class='ocr_line' id='line_1_103' title="bbox 2021 4618 3674 4695; baseline -0.004 -17"><span class='ocrx_word' id='word_1_764' title='bbox 2021 4639 2147 4678; x_wconf 88' lang='lat' dir='ltr'><strong>rum</strong></span> <span class='ocrx_word' id='word_1_765' title='bbox 2182 4622 2265 4678; x_wconf 89' lang='lat' dir='ltr'><strong>sic</strong></span> <span class='ocrx_word' id='word_1_766' title='bbox 2295 4622 2366 4679; x_wconf 91' lang='lat' dir='ltr'><strong>de</strong></span> <span class='ocrx_word' id='word_1_767' title='bbox 2389 4623 2580 4695; x_wconf 89' lang='lat' dir='ltr'><strong>seipsa</strong></span> <span class='ocrx_word' id='word_1_768' title='bbox 2615 4622 2774 4694; x_wconf 90' lang='lat' dir='ltr'><strong>loqui</strong></span> <span class='ocrx_word' id='word_1_769' title='bbox 2812 4639 2826 4677; x_wconf 92' lang='lat'><strong>:</strong></span> <span class='ocrx_word' id='word_1_770' title='bbox 2860 4622 3125 4676; x_wconf 74' lang='lat' dir='ltr'><strong>Dominus</strong></span> <span class='ocrx_word' id='word_1_771' title='bbox 3171 4618 3412 4675; x_wconf 78' lang='lat' dir='ltr'><strong>condidit</strong></span> <span class='ocrx_word' id='word_1_772' title='bbox 3442 4632 3528 4674; x_wconf 85' lang='lat' dir='ltr'><strong>me</strong></span> <span class='ocrx_word' id='word_1_773' title='bbox 3558 4618 3674 4672; x_wconf 83' lang='lat' dir='ltr'><strong>ini-</strong></span> 
     </span>
    </p>
   </div>
   <div class='ocr_carea' id='block_1_104' title="bbox 2019 4707 3677 4782">
    <p class='ocr_par' dir='ltr' id='par_1_104' title="bbox 2019 4707 3677 4782">
     <span class='ocr_line' id='line_1_104' title="bbox 2019 4707 3677 4782; baseline -0.005 -14"><span class='ocrx_word' id='word_1_774' title='bbox 2019 4713 2163 4768; x_wconf 79' lang='lat' dir='ltr'><strong>tium</strong></span> <span class='ocrx_word' id='word_1_775' title='bbox 2209 4714 2432 4769; x_wconf 86' lang='lat' dir='ltr'><strong>viarum</strong></span> <span class='ocrx_word' id='word_1_776' title='bbox 2486 4728 2715 4768; x_wconf 77' lang='lat' dir='ltr'><strong>suarum</strong></span> <span class='ocrx_word' id='word_1_777' title='bbox 2765 4711 2835 4766; x_wconf 85' lang='lat' dir='ltr'><strong>ad</strong></span> <span class='ocrx_word' id='word_1_778' title='bbox 2871 4725 3038 4782; x_wconf 80' lang='lat' dir='ltr'><strong>opera</strong></span> <span class='ocrx_word' id='word_1_779' title='bbox 3085 4723 3208 4778; x_wconf 86' lang='lat' dir='ltr'><strong>sua,</strong></span> <span class='ocrx_word' id='word_1_780' title='bbox 3241 4712 3367 4764; x_wconf 78' lang='lat' dir='ltr'><strong>ante</strong></span> <span class='ocrx_word' id='word_1_781' title='bbox 3412 4707 3677 4763; x_wconf 65' lang='lat' dir='ltr'><strong>iaculum</strong></span> 
     </span>
    </p>
   </div>
   <div class='ocr_carea' id='block_1_105' title="bbox 2019 4796 3677 4872">
    <p class='ocr_par' dir='ltr' id='par_1_105' title="bbox 2019 4796 3677 4872">
     <span class='ocr_line' id='line_1_105' title="bbox 2019 4796 3677 4872; baseline -0.004 -15"><span class='ocrx_word' id='word_1_782' title='bbox 2019 4801 2280 4872; x_wconf 81' lang='lat' dir='ltr'><strong>fundavit</strong></span> <span class='ocrx_word' id='word_1_783' title='bbox 2306 4817 2392 4857; x_wconf 83' lang='lat' dir='ltr'><strong>me</strong></span> <span class='ocrx_word' id='word_1_784' title='bbox 2415 4801 2464 4856; x_wconf 79' lang='grc' dir='ltr'>ιι.</span> <span class='ocrx_word' id='word_1_785' title='bbox 2499 4801 2636 4857; x_wconf 85' lang='lat' dir='ltr'><strong>Erat</strong></span> <span class='ocrx_word' id='word_1_786' title='bbox 2681 4801 2837 4856; x_wconf 91' lang='lat' dir='ltr'><strong>enim</strong></span> <span class='ocrx_word' id='word_1_787' title='bbox 2878 4814 3244 4870; x_wconf 85' lang='lat' dir='ltr'><strong>consequens</strong></span> <span class='ocrx_word' id='word_1_788' title='bbox 3288 4802 3345 4852; x_wconf 87' lang='lat' dir='ltr'><strong>et</strong></span> <span class='ocrx_word' id='word_1_789' title='bbox 3376 4796 3677 4853; x_wconf 82' lang='lat' dir='ltr'><strong>decentius</strong></span> 
     </span>
    </p>
   </div>
   <div class='ocr_carea' id='block_1_106' title="bbox 2022 4886 3673 4962">
    <p class='ocr_par' dir='ltr' id='par_1_106' title="bbox 2022 4886 3673 4962">
     <span class='ocr_line' id='line_1_106' title="bbox 2022 4886 3673 4962; baseline -0.004 -16"><span class='ocrx_word' id='word_1_790' title='bbox 2022 4891 2214 4946; x_wconf 90' lang='lat' dir='ltr'><strong>omnia</strong></span> <span class='ocrx_word' id='word_1_791' title='bbox 2263 4906 2388 4962; x_wconf 69' lang='lat' dir='ltr'><strong>quae</strong></span> <span class='ocrx_word' id='word_1_792' title='bbox 2439 4895 2634 4947; x_wconf 88' lang='lat' dir='ltr'><strong>creata</strong></span> <span class='ocrx_word' id='word_1_793' title='bbox 2664 4897 2822 4960; x_wconf 82' lang='lat' dir='ltr'><strong>sunt,</strong></span> <span class='ocrx_word' id='word_1_794' title='bbox 2847 4904 2973 4946; x_wconf 87' lang='lat' dir='ltr'><strong>esse</strong></span> <span class='ocrx_word' id='word_1_795' title='bbox 3021 4888 3131 4944; x_wconf 90' lang='lat' dir='ltr'><strong>hac</strong></span> <span class='ocrx_word' id='word_1_796' title='bbox 3161 4886 3502 4957; x_wconf 87' lang='lat' dir='ltr'><strong>posteriora,</strong></span> <span class='ocrx_word' id='word_1_797' title='bbox 3537 4900 3673 4940; x_wconf 90' lang='lat' dir='ltr'><strong>cum</strong></span> 
     </span>
    </p>
   </div>
   <div class='ocr_carea' id='block_1_107' title="bbox 2022 4978 3675 5056">
    <p class='ocr_par' dir='ltr' id='par_1_107' title="bbox 2022 4978 3675 5056">
     <span class='ocr_line' id='line_1_107' title="bbox 2022 4978 3675 5056; baseline -0.004 -17"><span class='ocrx_word' id='word_1_798' title='bbox 2022 4999 2123 5056; x_wconf 88' lang='lat' dir='ltr'><strong>per</strong></span> <span class='ocrx_word' id='word_1_799' title='bbox 2151 4998 2276 5039; x_wconf 87' lang='lat' dir='ltr'><strong>eam</strong></span> <span class='ocrx_word' id='word_1_800' title='bbox 2324 4983 2472 5039; x_wconf 86' lang='lat' dir='ltr'><strong>facta</strong></span> <span class='ocrx_word' id='word_1_801' title='bbox 2512 4984 2649 5040; x_wconf 89' lang='lat' dir='ltr'><strong>sint.</strong></span> <span class='ocrx_word' id='word_1_802' title='bbox 2689 4981 3024 5048; x_wconf 87' lang='lat' dir='ltr'><strong>Considera,</strong></span> <span class='ocrx_word' id='word_1_803' title='bbox 3055 4995 3246 5036; x_wconf 86' lang='lat' dir='ltr'><strong>annon</strong></span> <span class='ocrx_word' id='word_1_804' title='bbox 3275 4983 3332 5034; x_wconf 94' lang='lat' dir='ltr'><strong>et</strong></span> <span class='ocrx_word' id='word_1_805' title='bbox 3363 4978 3471 5035; x_wconf 89' lang='lat' dir='ltr'><strong>hoc</strong></span> <span class='ocrx_word' id='word_1_806' title='bbox 3503 4993 3675 5033; x_wconf 83' lang='lat' dir='ltr'><strong>evan-</strong></span> 
     </span>
    </p>
   </div>
   <div class='ocr_carea' id='block_1_108' title="bbox 2022 5067 3681 5143">
    <p class='ocr_par' dir='ltr' id='par_1_108' title="bbox 2022 5067 3681 5143">
     <span class='ocr_line' id='line_1_108' title="bbox 2022 5067 3681 5143; baseline -0.003 -16"><span class='ocrx_word' id='word_1_807' title='bbox 2022 5070 2261 5143; x_wconf 82' lang='lat' dir='ltr'><strong>gelistas,</strong></span> <span class='ocrx_word' id='word_1_808' title='bbox 2313 5073 2372 5126; x_wconf 85' lang='lat' dir='ltr'><strong>In</strong></span> <span class='ocrx_word' id='word_1_809' title='bbox 2427 5073 2706 5143; x_wconf 79' lang='lat' dir='ltr'><strong>principio</strong></span> <span class='ocrx_word' id='word_1_810' title='bbox 2733 5074 2853 5127; x_wconf 83' lang='lat' dir='ltr'><strong>erat</strong></span> <span class='ocrx_word' id='word_1_811' title='bbox 2896 5069 3150 5136; x_wconf 71' lang='lat' dir='ltr'><strong>Verbum,</strong></span> <span class='ocrx_word' id='word_1_812' title='bbox 3181 5076 3233 5125; x_wconf 75' lang='grc' dir='ltr'>ιι</span> <span class='ocrx_word' id='word_1_813' title='bbox 3287 5067 3512 5124; x_wconf 74' lang='lat' dir='ltr'><strong>Verbum</strong></span> <span class='ocrx_word' id='word_1_814' title='bbox 3558 5072 3681 5123; x_wconf 71' lang='lat' dir='ltr'><strong>erat</strong></span> 
     </span>
    </p>
   </div>
   <div class='ocr_carea' id='block_1_109' title="bbox 2022 5157 3680 5234">
    <p class='ocr_par' dir='ltr' id='par_1_109' title="bbox 2022 5157 3680 5234">
     <span class='ocr_line' id='line_1_109' title="bbox 2022 5157 3680 5234; baseline -0.003 -16"><span class='ocrx_word' id='word_1_815' title='bbox 2022 5163 2176 5234; x_wconf 84' lang='lat' dir='ltr'><strong>apud</strong></span> <span class='ocrx_word' id='word_1_816' title='bbox 2232 5163 2422 5224; x_wconf 81' lang='lat' dir='ltr'><strong>Deum,</strong></span> <span class='ocrx_word' id='word_1_817' title='bbox 2455 5162 2578 5218; x_wconf 70' lang='lat' dir='ltr'><strong>hinc</strong></span> <span class='ocrx_word' id='word_1_818' title='bbox 2616 5160 3053 5232; x_wconf 82' lang='lat' dir='ltr'><strong>consequatur?</strong></span> <span class='ocrx_word' id='word_1_819' title='bbox 3103 5161 3169 5215; x_wconf 80' lang='lat' dir='ltr'><strong>Et</strong></span> <span class='ocrx_word' id='word_1_820' title='bbox 3200 5159 3342 5216; x_wconf 74' lang='lat' dir='ltr'><strong>Deus</strong></span> <span class='ocrx_word' id='word_1_821' title='bbox 3386 5163 3508 5215; x_wconf 73' lang='lat' dir='ltr'><strong>erat</strong></span> <span class='ocrx_word' id='word_1_822' title='bbox 3553 5157 3680 5215; x_wconf 75' lang='lat' dir='ltr'><strong>Ver-</strong></span> 
     </span>
    </p>
   </div>
   <div class='ocr_carea' id='block_1_110' title="bbox 2026 5248 3673 5324">
    <p class='ocr_par' dir='ltr' id='par_1_110' title="bbox 2026 5248 3673 5324">
     <span class='ocr_line' id='line_1_110' title="bbox 2026 5248 3673 5324; baseline 0.001 -19"><span class='ocrx_word' id='word_1_823' title='bbox 2026 5252 2150 5307; x_wconf 84' lang='lat' dir='ltr'><strong>bum</strong></span> <span class='ocrx_word' id='word_1_824' title='bbox 2171 5272 2189 5308; x_wconf 90' lang='lat'><strong><em>:</em></strong></span> <span class='ocrx_word' id='word_1_825' title='bbox 2213 5252 2312 5308; x_wconf 80' lang='lat' dir='ltr'><strong>hoc</strong></span> <span class='ocrx_word' id='word_1_826' title='bbox 2339 5259 2459 5308; x_wconf 80' lang='lat' dir='ltr'><strong>erat</strong></span> <span class='ocrx_word' id='word_1_827' title='bbox 2487 5253 2546 5307; x_wconf 84' lang='lat' dir='ltr'><strong>in</strong></span> <span class='ocrx_word' id='word_1_828' title='bbox 2575 5250 2850 5324; x_wconf 80' lang='lat' dir='ltr'><strong>principio</strong></span> <span class='ocrx_word' id='word_1_829' title='bbox 2877 5249 3024 5322; x_wconf 84' lang='lat' dir='ltr'><strong>apud</strong></span> <span class='ocrx_word' id='word_1_830' title='bbox 3037 5251 3205 5308; x_wconf 82' lang='lat' dir='ltr'><strong>Deum</strong></span> <span class='ocrx_word' id='word_1_831' title='bbox 3244 5249 3279 5306; x_wconf 76' lang='grc' dir='ltr'>ί.</span> <span class='ocrx_word' id='word_1_832' title='bbox 3313 5248 3673 5322; x_wconf 85' lang='lat' dir='ltr'><strong>Principium</strong></span> 
     </span>
    </p>
   </div>
   <div class='ocr_carea' id='block_1_111' title="bbox 1623 5465 2321 5524">
    <p class='ocr_par' dir='ltr' id='par_1_111' title="bbox 1623 5465 2321 5524">
     <span class='ocr_line' id='line_1_111' title="bbox 1623 5465 2321 5524; baseline 0 -4"><span class='ocrx_word' id='word_1_833' title='bbox 1623 5465 1869 5521; x_wconf 63' lang='lat' dir='ltr'><strong>VARUS</strong></span> <span class='ocrx_word' id='word_1_834' title='bbox 1910 5466 2210 5523; x_wconf 87' lang='lat' dir='ltr'><strong>LECTION</strong></span> <span class='ocrx_word' id='word_1_835' title='bbox 2217 5467 2321 5524; x_wconf 88' lang='lat' dir='ltr'><strong>ES.</strong></span> 
     </span>
    </p>
   </div>
   <div class='ocr_carea' id='block_1_112' title="bbox 339 5549 3675 5632">
    <p class='ocr_par' dir='ltr' id='par_1_112' title="bbox 339 5549 3675 5632">
     <span class='ocr_line' id='line_1_112' title="bbox 339 5549 3675 5632; baseline 0.002 -27"><span class='ocrx_word' id='word_1_836' title='bbox 339 5550 390 5632; x_wconf 62' lang='grc' dir='ltr'><strong>ξ⁴</strong></span> <span class='ocrx_word' id='word_1_837' title='bbox 416 5557 516 5632; x_wconf 64' lang='grc' dir='ltr'>τῆς</span> <span class='ocrx_word' id='word_1_838' title='bbox 542 5568 662 5632; x_wconf 76' lang='lat' dir='ltr'><strong>9m.</strong></span> <span class='ocrx_word' id='word_1_839' title='bbox 694 5555 799 5632; x_wconf 79' lang='lat' dir='ltr'><strong>_A._</strong></span> <span class='ocrx_word' id='word_1_840' title='bbox 837 5549 958 5632; x_wconf 48' lang='grc' dir='ltr'><strong>⁸⁵Αῷ</strong></span> <span class='ocrx_word' id='word_1_841' title='bbox 987 5569 1106 5632; x_wconf 74' lang='lat' dir='ltr'><strong>om.</strong></span> <span class='ocrx_word' id='word_1_842' title='bbox 1136 5554 1250 5632; x_wconf 64' lang='grc' dir='ltr'><strong>ᾼΒ.</strong></span> <span class='ocrx_word' id='word_1_843' title='bbox 1325 5553 1608 5632; x_wconf 50' lang='grc' dir='ltr'>θξ-τόλτόν</span> <span class='ocrx_word' id='word_1_844' title='bbox 1641 5557 1750 5632; x_wconf 38' lang='grc' dir='ltr'><strong>ΑΒ..</strong></span> <span class='ocrx_word' id='word_1_845' title='bbox 1827 5554 1875 5632; x_wconf 57' lang='lat' dir='ltr'><strong>f&quot;</strong></span> <span class='ocrx_word' id='word_1_846' title='bbox 1907 5551 2212 5632; x_wconf 62' lang='grc' dir='ltr'>ἀνδριάντα]</span> <span class='ocrx_word' id='word_1_847' title='bbox 2247 5556 2462 5632; x_wconf 61' lang='lat' dir='ltr'><strong>malitn</strong></span> <span class='ocrx_word' id='word_1_848' title='bbox 2479 5557 2571 5611; x_wconf 84' lang='grc' dir='ltr'>τὸν</span> <span class='ocrx_word' id='word_1_849' title='bbox 2598 5553 2905 5632; x_wconf 46' lang='grc' dir='ltr'>ῂδριάντα,</span> <span class='ocrx_word' id='word_1_850' title='bbox 2936 5561 2995 5614; x_wconf 90' lang='lat' dir='ltr'><strong>et</strong></span> <span class='ocrx_word' id='word_1_851' title='bbox 3034 5573 3168 5614; x_wconf 89' lang='lat' dir='ltr'><strong>mox</strong></span> <span class='ocrx_word' id='word_1_852' title='bbox 3182 5557 3436 5632; x_wconf 59' lang='grc' dir='ltr'>κινῆσαι.</span> <span class='ocrx_word' id='word_1_853' title='bbox 3511 5557 3556 5594; x_wconf 77' lang='grc'><strong>⁸⁸</strong></span> <span class='ocrx_word' id='word_1_854' title='bbox 3579 5553 3675 5629; x_wconf 83' lang='grc' dir='ltr'><strong>δὴ]</strong></span> 
     </span>
    </p>
   </div>
   <div class='ocr_carea' id='block_1_113' title="bbox 261 5620 3688 5703">
    <p class='ocr_par' dir='ltr' id='par_1_113' title="bbox 261 5620 3688 5703">
     <span class='ocr_line' id='line_1_113' title="bbox 261 5620 3688 5703; baseline 0.001 -24"><span class='ocrx_word' id='word_1_855' title='bbox 261 5624 385 5703; x_wconf 79' lang='lat' dir='ltr'><strong>_A_B.</strong></span> <span class='ocrx_word' id='word_1_856' title='bbox 463 5623 511 5658; x_wconf 72' lang='lat'><strong>‘9</strong></span> <span class='ocrx_word' id='word_1_857' title='bbox 540 5620 836 5703; x_wconf 46' lang='lat' dir='ltr'><strong>{quiﬁt}</strong></span> <span class='ocrx_word' id='word_1_858' title='bbox 880 5627 990 5703; x_wconf 52' lang='grc' dir='ltr'><strong>ΑΒ,</strong></span> <span class='ocrx_word' id='word_1_859' title='bbox 1145 5620 1294 5703; x_wconf 77' lang='grc' dir='ltr'>ἔσται</span> <span class='ocrx_word' id='word_1_860' title='bbox 1325 5626 1388 5701; x_wconf 88' lang='grc' dir='ltr'>ς·</span> <span class='ocrx_word' id='word_1_861' title='bbox 1395 5670 1408 5683; x_wconf 93' lang='grc'><strong>.</strong></span> <span class='ocrx_word' id='word_1_862' title='bbox 1466 5620 1534 5663; x_wconf 65' lang='grc' dir='ltr'><strong>’⁷ο</strong></span> <span class='ocrx_word' id='word_1_863' title='bbox 1564 5625 1932 5703; x_wconf 56' lang='grc' dir='ltr'>ικκεκλικὲναι</span> <span class='ocrx_word' id='word_1_864' title='bbox 2091 5643 2114 5703; x_wconf 86' lang='lat'><strong>:_</strong></span> <span class='ocrx_word' id='word_1_865' title='bbox 2162 5620 2564 5703; x_wconf 59' lang='grc' dir='ltr'>ᾗκκεκληκίναι</span> <span class='ocrx_word' id='word_1_866' title='bbox 2591 5628 2654 5703; x_wconf 84' lang='grc' dir='ltr'><strong>ς’</strong></span> <span class='ocrx_word' id='word_1_867' title='bbox 2659 5673 2676 5703; x_wconf 89' lang='lat'><strong>._</strong></span> <span class='ocrx_word' id='word_1_868' title='bbox 2697 5620 2708 5632; x_wconf 85' lang='grc'><em>’</em></span> <span class='ocrx_word' id='word_1_869' title='bbox 2750 5620 2904 5703; x_wconf 49' lang='grc' dir='ltr'><strong>⁷⁸-δὶ</strong></span> <span class='ocrx_word' id='word_1_870' title='bbox 2943 5629 3226 5703; x_wconf 79' lang='lat' dir='ltr'><strong>expungit</strong></span> <span class='ocrx_word' id='word_1_871' title='bbox 3283 5620 3356 5699; x_wconf 75' lang='grc' dir='ltr'>Α,</span> <span class='ocrx_word' id='word_1_872' title='bbox 3417 5644 3534 5686; x_wconf 78' lang='lat' dir='ltr'><strong>om.</strong></span> <span class='ocrx_word' id='word_1_873' title='bbox 3619 5620 3688 5684; x_wconf 47' lang='lat'><strong>16-.</strong></span> 
     </span>
    </p>
   </div>
   <div class='ocr_carea' id='block_1_114' title="bbox 262 5695 3296 5778">
    <p class='ocr_par' dir='ltr' id='par_1_114' title="bbox 262 5695 3296 5778">
     <span class='ocr_line' id='line_1_114' title="bbox 262 5695 3296 5778; baseline 0.002 -28"><span class='ocrx_word' id='word_1_874' title='bbox 262 5697 315 5732; x_wconf 72' lang='grc' dir='ltr'><strong>τ’</strong></span> <span class='ocrx_word' id='word_1_875' title='bbox 348 5697 646 5766; x_wconf 83' lang='grc' dir='ltr'>ποιητικῆς</span> <span class='ocrx_word' id='word_1_876' title='bbox 697 5695 806 5755; x_wconf 54' lang='lat' dir='ltr'><strong>AB.</strong></span> <span class='ocrx_word' id='word_1_877' title='bbox 883 5697 930 5733; x_wconf 83' lang='grc'><strong>⁷⁸</strong></span> <span class='ocrx_word' id='word_1_878' title='bbox 961 5695 1294 5774; x_wconf 80' lang='grc' dir='ltr'>μελλησμοῦ</span> <span class='ocrx_word' id='word_1_879' title='bbox 1323 5695 1410 5757; x_wconf 75' lang='grc' dir='ltr'><strong>ᾸΒ</strong></span> <span class='ocrx_word' id='word_1_880' title='bbox 1451 5715 1465 5757; x_wconf 90' lang='lat'><strong>:</strong></span> <span class='ocrx_word' id='word_1_881' title='bbox 1510 5697 1790 5775; x_wconf 81' lang='grc' dir='ltr'>μελισμοῦ</span> <span class='ocrx_word' id='word_1_882' title='bbox 1824 5699 1908 5774; x_wconf 82' lang='grc' dir='ltr'><strong>ς’.</strong></span> <span class='ocrx_word' id='word_1_883' title='bbox 1982 5699 2034 5738; x_wconf 72' lang='grc'><strong>⁷⁸</strong></span> <span class='ocrx_word' id='word_1_884' title='bbox 2058 5698 2182 5774; x_wconf 75' lang='grc' dir='ltr'>τὴν]</span> <span class='ocrx_word' id='word_1_885' title='bbox 2211 5698 2302 5756; x_wconf 87' lang='grc' dir='ltr'><strong>καί</strong></span> <span class='ocrx_word' id='word_1_886' title='bbox 2330 5695 2446 5761; x_wconf 77' lang='grc' dir='ltr'><strong>ΑΒ.</strong></span> <span class='ocrx_word' id='word_1_887' title='bbox 2519 5701 2568 5740; x_wconf 77' lang='grc'>⁷⁸</span> <span class='ocrx_word' id='word_1_888' title='bbox 2601 5695 2828 5778; x_wconf 65' lang='grc' dir='ltr'>Κύριοςῖ</span> <span class='ocrx_word' id='word_1_889' title='bbox 2856 5695 3033 5761; x_wconf 60' lang='lat' dir='ltr'><strong>Prov:</strong></span> <span class='ocrx_word' id='word_1_890' title='bbox 3054 5695 3174 5773; x_wconf 65' lang='grc' dir='ltr'>τως</span> <span class='ocrx_word' id='word_1_891' title='bbox 3203 5703 3296 5758; x_wconf 72' lang='grc'><strong>22.</strong></span> 
     </span>
    </p>
   </div>
  </div>
