4138 6224
449 341 604 399 1147

1659 340 1928 401 PHOTII
1972 340 2507 403 PATRIARCHIE
2550 342 2666 401 (ΞΡ.

3696 345 3853 402 1148

444 477 669 542 enim,a
700 492 815 548 quo
836 476 1189 547 germinavit
1213 475 1587 531 verissimum
1608 475 1888 543 Verbum,
1915 475 2091 531 faten-

2230 473 2418 534 ςούτοις
2446 475 2678 547 ὁμαρτεῖ
2706 473 2772 530 ⁷⁸.
2814 473 2925 541 Τήν
2974 472 3067 544 μὶν
3104 473 3204 547 γὰρ
3256 472 3461 547 ἀρχήν,
3514 472 3603 548 ἀφ’
3651 474 3717 540 ἧς
3766 472 3849 526 ἂν.

445 566 587 621 dum
621 570 707 620 est
741 581 868 621 esse
900 564 1126 621 Patrem
1160 566 1520 622 conditorem
1547 566 1950 621 universorum
1987 582 2000 619 :
2033 565 2091 619 in

450 670 565 724 quo
608 659 733 707 erat
769 654 1096 724 [Verbum].
1131 654 1278 709 Illud
1313 663 1529 717 autem,
1561 656 1666 709 Hoc
1696 662 1810 709 erat
1848 656 1907 708 in
1937 652 2095 723 prin-

2206 561 2536 633 εὗλάστησεν
2572 563 2599 615 6
2632 560 2927 635 ὀρθότατος
2962 562 3164 635 Λόγος,
3192 561 3281 614 τὸν
3324 559 3539 633 Πατέρα
3560 560 3651 613 καὶ
3692 580 3855 629 ποιη-

2204 658 2303 724 τὴν
2333 659 2439 708 τῶν
2474 654 2620 708 ὅλων
2663 650 2855 728 φατέον
2886 652 2955 721 ⁷⁷,
2987 650 3039 705 ἐν
3091 651 3136 722 ᾧ
3181 651 3249 719 ἦν
3286 670 3298 683 ’
3351 650 3411 705 τὸ
3462 650 3507 686 ⁷⁸
3560 648 3643 717 δὲ,
3691 650 3851 709 Οὗτος

446 744 591 813 σὶρίο
640 741 787 812 apud
835 745 1029 810 Deum,
1064 742 1383 811 potentiam
1434 742 1626 811 Verbi,
1670 760 1847 813 quam
1897 742 2099 797 habuit

2230 745 2271 814 iv
2333 745 2384 798 ἐν
2451 744 2599 819 ἀρχῇ
2662 744 2797 817 πρὸς
2850 742 2941 795 τὸν
3004 741 3154 808 Θεὸν,
3207 741 3269 794 τὸ
3321 738 3726 809 ἒξουσιαστικὸν
3766 742 3853 793 τοῦ

450 834 603 905 apud
655 832 903 901 Patrem,
932 838 1245 905 antequam
1288 834 1544 889 mundus
1590 838 1907 899 crearetur,
1953 832 2096 887 insi-

450 937 631 977 nuare
662 922 910 988 videtur,
934 939 1065 979 cum
1099 923 1419 993 potentiam
1453 924 1791 995 principium
1824 920 2098 993 appellat.

450 1011 599 1081 Ergo
631 1015 762 1081 post
804 1012 1099 1082 proprium
1134 1016 1534 1084 aeternumque
1565 1012 1917 1083 principium
1947 1010 2101 1081 quod

456 1103 621 1154 Pater
660 1105 769 1166 est,
795 1100 1046 1156 Verbum
1081 1118 1309 1172 quoque
1344 1106 1431 1158 est
1459 1102 1707 1157 aliorum
1750 1100 2102 1172 principium

452 1206 556 1262 per
587 1190 740 1259 quod
773 1191 969 1245 omnia
999 1196 1288 1247 creantur.

525 1278 801 1351 Origenes
816 1284 1125 1351 postquam
1149 1280 1329 1336 multa
1343 1280 1637 1336 fabulatus
1653 1284 1742 1335 est
1760 1280 1829 1335 de
1852 1277 2109 1334 universi

452 1369 798 1436 aeternitate,
820 1371 993 1426 etiam
1018 1371 1127 1426 hoc
1158 1372 1335 1427 infert
1366 1388 1379 1426 :
1412 1372 1609 1441 Neque
1634 1388 1770 1443 ergo
1794 1372 1865 1425 ab
1898 1370 2110 1436 Adam,

455 1468 517 1515 ut
566 1460 805 1531 quidam
856 1461 1174 1527 afﬁrmant,
1198 1477 1332 1515 cum
1367 1461 1530 1532 prius
1562 1478 1675 1515 non
1728 1467 1879 1515 esset
1910 1458 2108 1523 homo,

456 1556 594 1604 tunc
644 1549 904 1603 omnium
954 1548 1176 1621 primus
1211 1549 1573 1604 formatusin
1607 1548 1890 1603 mundum
1933 1546 2110 1603 venit.

454 1636 655 1707 Neque
685 1638 940 1691 mundus
966 1642 1371 1701 rursum,ante
1401 1654 1501 1692 sex
1522 1637 1861 1707 dies,quam
1885 1651 2106 1691 creare-

459 1730 558 1781 tur
606 1726 814 1795 Adam,
871 1726 1042 1797 coepit
1075 1726 1402 1792 ὕει-ἱ.ουοᾱ
1454 1727 1507 1781 si
1564 1726 1696 1797 quis
1745 1726 1865 1781 hac
1914 1723 2110 1794 cupiat

2209 837 2411 909 Λόγου,
2442 836 2470 888 ὃ
2522 835 2639 913 εἶχε
2677 835 2823 909 παρὰ
2867 837 2947 905 τῷ
2996 833 3165 907 Πατρὶ
3204 832 3296 888 καὶ
3346 833 3453 907 πρὸ
3500 836 3600 887 τοῦ
3636 832 3729 885 τὸν
3767 829 3854 882 κό-

2212 947 2351 999 σμον
2410 925 2484 986 εἷς
2544 922 2750 998 γένεσιν
2809 920 3120 998 παρελθεῖν,
3170 917 3315 977 ἔοικε
3372 919 3679 995 σημαίνειν,
3760 920 3851 987 τήν

2212 1014 2452 1085 ἐξουσίαν
2486 1013 2664 1087 ἀρχὴν
2695 1013 2879 1069 εἰπών.
2913 1011 3118 1066 Οὐκοῦν
3151 1012 3324 1085 ἀρχή,
3378 1010 3512 1083 μετᾶ
3556 1012 3659 1078 τήν
3722 1006 3852 1063 ἰδίαν

2214 1103 2452 1179 ἄναρχον
2480 1104 2659 1177 ἀρχὴν
2692 1102 2781 1156 τὸν
2828 1102 3057 1175 Πατέρα,
3109 1100 3273 1162 αὐτὸς
3320 1104 3427 1155 τῶν
3480 1097 3668 1155 ἄλλων
3720 1099 3858 1173 γίνε-

2214 1216 2323 1262 ται,
2367 1192 2437 1247 δι’
2474 1196 2540 1261 ἧς
2582 1193 2786 1247 ἅπαντα
2816 1190 3261 1266 δημιουργεῖται.

2288 1286 2407 1338 Ὅτι
2458 1282 2741 1358 Ὠριγὲνης
2795 1283 2930 1354 μετὰ
2977 1284 3037 1336 τὸ
3091 1279 3280 1336 πολλὰ
3340 1280 3681 1352 μυθήσασθαι
3744 1277 3859 1349 περὶ

2217 1380 2317 1443 τῆς
2366 1378 2461 1427 τοῦ
2508 1374 2705 1434 παντὸς
2752 1368 3065 1442 ἀϊδιότητος
3124 1371 3313 1443 ἐπάγει
3362 1370 3450 1423 καὶ
3498 1372 3683 1425 τοῦτο.
3731 1364 3864 1423 Οὔτε

2220 1461 2313 1517 οὖν
2347 1462 2452 1517 ἀπὸ
2491 1460 2691 1534 Ἀδὰμ,
2752 1460 2824 1522 ὥς
2871 1462 2998 1535 φασί
3042 1481 3205 1529 τινες,
3259 1460 3522 1533 πρότερον
3574 1456 3674 1511 οὐκ
3720 1456 3793 1510 ὥν
3837 1456 3863 1509 ὁ

2217 1552 2502 1626 ἅνθρωπος
2541 1550 2661 1606 τότε
2701 1550 2933 1624 πρώτως
2974 1551 3022 1585 79
3051 1548 3317 1610 πλασθεὶς
3349 1547 3425 1609 είς
3472 1548 3682 1619 κόσμον
3730 1566 3866 1619 παρ-

2216 1640 2403 1709 ῆλθεν,
2463 1638 2586 1694 οὕτε
2652 1637 2717 1693 αὖ
2774 1639 2982 1711 κόσμος
3041 1637 3147 1712 πρὸ
3316 1639 3539 1711 ἡμερῶν
3614 1643 3719 1704 τῆς
3776 1638 3864 1688 τοῦ

2219 1726 2393 1801 Ἀδάμ
2421 1729 2680 1805 γενὲσεως
2718 1729 2918 1800 ἤρξατο
2952 1725 3432 1802 δημιοῦργεῖσθαι.
3479 1722 3544 1780 Εἰ
3595 1720 3654 1776 δὲ
3706 1722 3868 1798 φιλο‹

462 1814 944 1885 dispicere,prius
978 1816 1316 1886 perpendat,
1344 1832 1538 1870 annon
1572 1815 1895 1871 secundum
1924 1813 2113 1868 ὃθΔὸ

2230 1824 2477 1895 φρονοῖτο
2536 1818 2879 1891 διαφέρεσθαι
2953 1817 3089 1890 πρὸς
3162 1815 3333 1870 ταῦτά
3417 1834 3523 1882 τις,
3602 1813 3867 1887 πρότερον

459 1903 660 1959 Mosen
694 1903 770 1958 sit
820 1904 1005 1958 facilis
1036 1909 1348 1960 numeratu
1399 1921 1550 1960 unus
1599 1905 1744 1969 dies,
1780 1904 1851 1959 iis
1897 1902 1996 1974 qui
2037 1903 2115 1957 ita

454 1995 653 2049 Mosen
684 1995 1024 2061 exponunt?
1055 1993 1398 2065 prophetica
1426 2010 1566 2049 voce
1597 1993 1690 2049 hic
1721 1994 1895 2049 etiam
1930 1992 2113 2048 accla-

462 2085 659 2136 mante
692 2097 704 2134 :
737 2082 777 2135 A
809 2083 1003 2136 sacculo
1033 2090 1082 2136 et
1111 2098 1277 2153 usque
1302 2085 1361 2137 in
1389 2084 1723 2139 secutumtu
1752 2098 1829 2148 es,
1852 2080 2113 2152 quoniam

460 2169 616 2225 milia
655 2172 795 2225 anni
834 2176 962 2226 ante
1010 2172 1189 2226 oculos
1229 2176 1368 2239 tuos,
1400 2175 1662 2244 tanquam
1694 2172 1809 2226 dies
1858 2172 2113 2225 hesterna

461 2273 586 2329 qua!
630 2259 925 2329 praeteriit,
957 2267 1007 2314 et
1032 2260 1279 2315 custodia
1311 2263 1369 2316 in
1391 2266 1547 2315 nocte
1606 2300 1618 2313 .
1655 2260 1811 2315 Mille
1852 2260 2021 2314 annis
2053 2258 2111 2312 in

468 2364 652 2403 unum
714 2349 867 2404 diem
913 2350 1226 2416 conclusis,
1280 2351 1340 2407 in
1400 2350 1587 2407 oculis
1646 2351 1768 2420 Dei,
1800 2368 1833 2406 a
1878 2350 2113 2405 condito

468 2438 686 2494 mundo
718 2455 906 2510 usque
935 2440 1004 2493 ad
1041 2440 1297 2510 requiem
1332 2445 1593 2495 nostram
1627 2438 1983 2511 (86),optimi
2006 2438 2115 2492 cal-

474 2525 711 2581 culandi
766 2527 1032 2599 magistri
1078 2528 1377 2583 afﬁrmant
1426 2544 1527 2584 sex
1575 2529 1697 2583 dies
1746 2527 2114 2599 praeteriisse.

466 2618 701 2672 Annum
730 2633 864 2673 vero
899 2619 1084 2672 sexies
1118 2617 1518 2685 millesimum,
1550 2618 1621 2673 ab
1654 2618 1876 2673 Adamo
1908 2618 1979 2673 ad
2013 2633 2118 2671 nos

470 2723 655 2777 usque
685 2707 847 2762 aiunt
870 2708 1284 2777 extendi.Ergo
1317 2725 1350 2762 a
1382 2708 1547 2763 nobis
1581 2722 1764 2778 usque
1796 2707 1866 2761 ad
1900 2704 2118 2777 princi-

468 2797 631 2867 pium
663 2799 719 2851 in
746 2814 860 2866 quo
884 2797 1036 2852 Deus
1059 2798 1275 2853 creavit
1295 2798 1505 2852 castum
1529 2800 1586 2852 et
1606 2802 1822 2853 terram
1848 2794 2117 2850 tredecim

470 2886 593 2941 dies
616 2890 1001 2941 numerantur
1023 2886 1181 2956 (nam
1204 2889 1261 2942 in
1282 2888 1531 2957 septimo
1556 2885 1762 2941 mundi
1794 2882 2119 2941 millenario

458 2974 746 3045 judicium
783 2975 946 3028 aiunt
978 2976 1512 3047 futurum),quibus
1546 2978 1696 3031 Deus
1727 2973 2121 3045 antiquior,ul

463 3080 565 3118 vos
597 3064 710 3134 ipsi
751 3065 1071 3118 secundum
1114 3073 1366 3120 vestram
1399 3064 1689 3119 insaniam
1722 3063 1938 3130 dicitis,
1973 3059 2117 3115 nihil

464 3151 781 3222 quidquam
844 3152 999 3220 [ante
1058 3152 1115 3205 id
1157 3153 1412 3224 tempus]
1462 3154 1580 3224 egit
1625 3156 1726 3207 aut
1782 3150 2021 3214 creavit,
2062 3153 2118 3204 et

462 3239 649 3294 Patris
692 3240 923 3293 nomine
965 3257 1031 3295 ac
1083 3241 1366 3296 Creatoris
1400 3242 1658 3312 privatus
1690 3244 1796 3297 est.
1831 3240 1889 3294 Si
1922 3243 2116 3293 autem

462 3327 745 3382 tredecim
779 3327 905 3382 dies
937 3333 1075 3383 sunt
1106 3329 1166 3383 in
1197 3328 1382 3384 oculis
1416 3330 1509 3384 Dei
1543 3347 1576 3384 a
1610 3329 1829 3383 mundo
1860 3328 2117 3394 condito,

466 3415 761 3486 quomodo
816 3416 1109 3487 Sapientia
1140 3417 1199 3471 in
1249 3417 1389 3473 Jesu
1420 3418 1617 3473 Sirach
1662 3418 1802 3474 dicit
1836 3434 1847 3471 :
1881 3418 2119 3471 Arenam

461 3504 658 3570 maris,
692 3514 743 3559 et
779 3504 988 3574 pluviz
1016 3514 1221 3576 guttas,
1252 3510 1304 3563 et
1334 3507 1445 3563 dies
1476 3506 1666 3563 saeculi
1695 3508 1819 3580 quis
1856 3506 2124 3562 dinume-

462 3594 661 3648 ravitk
689 3594 718 3647 ?
764 3593 894 3648 Haac
944 3594 1093 3650 serio
1145 3594 1454 3667 disputans
1485 3596 1764 3668 Origenes
1808 3596 1936 3652 vide
1982 3611 2124 3666 quo-

466 3682 639 3738 modo
671 3688 945 3754 nugetur.

1136 3951 1475 4009 CCXXXVI.

861 4035 1136 4112 Ejusdem,
1167 4043 1239 4098 De
1270 4043 1441 4099 libero
1481 4042 1737 4099 arbitrio.

552 4149 689 4221 Legi
713 4150 976 4221 ejusdem
1005 4152 1269 4221 quadam
1302 4168 1371 4208 ex
1400 4152 1549 4207 libro
1568 4153 1640 4208 De
1668 4151 1838 4207 libero
1868 4146 2126 4214 arbitrio,

474 4239 1053 4311 pariterque(nactus
1070 4240 1193 4311 ipse
1211 4242 1504 4312 ejusmodi
1525 4240 1962 4312 compendium)
1977 4242 2132 4298 unde

476 4329 597 4385 sint
631 4330 803 4397 mala,
839 4337 892 4386 et
921 4330 1052 4400 quis
1084 4347 1281 4386 eorum
1315 4336 1529 4388 auctor.
1562 4331 1713 4387 Deus
1744 4331 1899 4386 enim
1933 4332 1982 4387 is
2014 4347 2131 4387 non

480 4422 602 4483 est;
640 4434 828 4489 neque
859 4420 1014 4475 enim
1043 4420 1212 4476 malis
1243 4420 1585 4491 delectatur,
1612 4421 1749 4492 quin
1781 4421 1953 4475 etiam
1982 4419 2134 4475 mala

480 4504 762 4563 facientes
828 4508 1219 4565 abominatur.
1253 4510 1609 4583 Quapropter
1660 4509 1862 4565 censui
1919 4509 2137 4581 aliquid

478 4594 764 4651 exsistere
810 4611 945 4653 cum
995 4597 1130 4666 Deo,
1165 4601 1319 4669 quod
1367 4599 1663 4655 materiam
1696 4598 2024 4666 nominant,
2066 4614 2133 4655 ex

479 4699 594 4755 qua
627 4683 901 4742 universa
948 4688 1228 4756 condidit,
1261 4704 1329 4744 ex
1378 4706 1492 4760 qua
1523 4689 1678 4745 mala
1707 4704 1834 4745 esse
1875 4688 2017 4743 mihi
2049 4687 2131 4742 vi-

476 4774 693 4829 dentur
713 4773 1115 4846 (87-88).Cum
1146 4777 1299 4833 enim
1335 4778 1575 4834 materia
1600 4779 1870 4834 informis
1899 4780 2057 4834 esset
2077 4780 2134 4833 et

474 4862 694 4935 absque
726 4863 845 4920 ulla
864 4865 1073 4939 figura,
1097 4871 1153 4922 et
1182 4867 1423 4939 insuper
1444 4870 1659 4924 temere
1690 4868 1990 4938 inerraret,
2018 4882 2132 4924 non

470 4968 676 5025 passus
725 4958 814 5011 est
842 4971 972 5011 eam
1013 4956 1254 5013 omnino
1303 4956 1389 5013 ita
1418 4972 1556 5013 casu
1604 4956 1993 5025 circumferri,
2029 4955 2133 5012 sed

550 5062 565 5114 i
608 5063 764 5121 Psal.
797 5080 1026 5123 LXXXIX.
1056 5066 1112 5132 2,
1154 5067 1210 5122 4.
1240 5065 1268 5108 ιι
1294 5066 1469 5124 Eccli.
1503 5085 1544 5136 ι,
1576 5071 1631 5125 2.

2226 1908 2481 1987 φρασάτω
2523 1908 2567 1962 εἰ
2623 1909 2696 1979 μὴ
2740 1905 3103 1980 εὐαρίθμητος
3160 1904 3266 1958 ἀπὸ
3332 1910 3433 1972 τῆς
3498 1906 3595 1957 τοῦ
3659 1900 3867 1973 κόσμου

2222 1996 2478 2073 γενέσεως
2520 1998 2655 2050 κατά
2700 1998 2799 2065 τήν
2854 1995 3092 2055 Μωσέως
3146 1989 3339 2068 βίϐλον
3384 1997 3503 2054 τοῖς
3554 1988 3734 2052 οὕτως
3775 1988 3871 2043 αὖ·

2224 2091 2321 2157 τήν
2357 2082 2861 2160 ἐκλαμϐανομένοις
2894 2086 2920 2138 6
2961 2084 3165 2159 χρόνος
3204 2080 3353 2138 ἔσται
3383 2084 3453 2150 ⁸ο,
3502 2086 3602 2146 τῆς
3652 2101 3872 2156 προφη-

2221 2186 2377 2246 τικῆς
2408 2178 2497 2232 καὶ
2524 2174 2705 2232 ἐνθάδε
2749 2177 2966 2249 βοώσης
3009 2180 3215 2246 φωνῆς,
3268 2174 3403 2230 Ἀπὸ
3428 2173 3474 2211 ⁸¹
3524 2177 3624 2226 τοῦ
3673 2172 3873 2229 αἰῶνος

2225 2270 2313 2323 καὶ
2343 2265 2446 2329 ἕως
2474 2271 2571 2322 τοῦ
2602 2266 2800 2327 αἰῶνος
2831 2265 2893 2319 σύ
2924 2265 2975 2319 εἶ
3004 2283 3017 2296 ⁵
3069 2265 3152 2318 ὅτι
3204 2262 3367 2341 χίλια
3413 2257 3507 2332 ἔτη
3554 2261 3606 2315 ἐν
3656 2260 3874 2335 ὀφθαλ-

2230 2364 2354 2431 μοῖς
2405 2379 2499 2411 σου
2550 2357 2625 2418 ὡς
2676 2356 2805 2428 [498
2854 2356 2946 2427 Η.]
2999 2353 3181 2427 ἡμέρα
3229 2355 3263 2421 ἠ
3316 2353 3468 2427 χθὲς,
3500 2350 3625 2420 ἥτις
3660 2348 3879 2419 διῆλθε,

2228 2447 2318 2503 καὶ
2366 2446 2580 2523 φυλακή
2633 2444 2684 2500 ἐν
2743 2464 2917 2499 νυκτι.
2978 2441 3189 2500 Χιλίων
3226 2443 3332 2517 γὰρ
3401 2439 3534 2496 ἐτῶν
3571 2448 3885 2515 περιοριζο·

2234 2535 2406 2609 μὲνων
2437 2535 2513 2597 εἰς
2546 2534 2673 2607 μίαν
2701 2532 2912 2607 ἡμέραν
2952 2532 3004 2587 ἐν
3064 2529 3372 2604 ὀφθαλμοῖς
3422 2533 3578 2597 Θεοῦ,
3630 2530 3742 2583 ἀπὸ
3790 2532 3882 2593 τῆς

2229 2628 2324 2681 τοῦ
2353 2624 2563 2695 κόσμου
2594 2624 2852 2698 γενέσεως
2878 2622 2925 2657 ⁸⁵⁸
2954 2622 3152 2695 μὲχρις
3191 2622 3371 2692 ἡμῶν,
3404 2620 3482 2682 ὡς
3520 2620 3573 2672 οἱ
3614 2618 3743 2692 περὶ
3786 2620 3880 2686 τὴν

2230 2714 2600 2790 ἀριθμητικὴν
2635 2710 2899 2788 φάσκουσι
2932 2708 3119 2778 δεινοὶ,
3150 2706 3205 2779 ’ἐξ
3237 2710 3442 2783 ἡμέραι
3484 2711 3884 2781 συμπεραιοῦν-

2230 2826 2337 2862 ται.
2389 2801 2899 2877 Ἑξακισχιλιοστὸν
2955 2799 3039 2870 ἄρ’
3091 2794 3209 2861 ἔτος
3270 2799 3429 2873 φασὶν
3458 2798 3565 2853 ἀπὸ
3598 2795 3784 2869 ’Δδάμ
3814 2798 3886 2857 εἷς

2232 2892 2389 2968 δεῦρο
2441 2892 2730 2949 συντείνειν
2773 2910 2786 2924 ·
2831 2894 2900 2964 τῇ
2949 2890 3055 2965 γὰρ
3113 2884 3381 2963 ἒϐδομάδι
3438 2889 3518 2959 τῷ
3558 2887 3884 2961 ἑπτακισχι-

2232 2985 2438 3055 λιοστῷ
2488 2976 2592 3036 ἔτει
2642 2981 2817 3054 κρίσιν
2868 2979 3144 3058 ἀφίξεσθαί
3196 3000 3379 3058 φασιν.
3431 2976 3639 3032 Οὐκοῦν
3689 2978 3747 3030 αἱ
3778 2982 3885 3031 πᾶ-

2232 3095 2317 3127 σαι
2349 3070 2552 3146 ἡμέραι
2584 3068 2711 3124 δέκα
2739 3069 2827 3123 καὶ
2860 3070 3008 3143 τρεῖς
3058 3068 3149 3145 ἀφ’
3191 3069 3351 3140 ἡμῶν
3401 3064 3507 3129 ἕως
3556 3064 3635 3127 εἷς
3681 3068 3787 3135 τὴν
3836 3064 3885 3118 ὲν

2231 3163 2402 3237 ἀρχῇ,
2437 3162 2488 3215 ἐν
2577 3158 2827 3229 εποίησεν
2858 3159 2885 3212 6
2914 3158 3042 3219 Θεὸς
3073 3160 3166 3212 τὸν
3200 3156 3423 3231 οὐρανὸν
3451 3156 3541 3211 καὶ
3600 3157 3702 3223 τὴν
3761 3161 3888 3227 γῆν,

2234 3256 2575 3326 μετροῦνται.
2630 3252 2695 3303 Ὠ
2746 3250 2773 3303 ὁ
2834 3248 2961 3309 Θεὸς
3018 3246 3288 3321 ἀνώτερον
3343 3247 3480 3302 κατά
3540 3246 3640 3313 τήν
3738 3248 3890 3323 σφῶν

2229 3338 2403 3394 αὐτῶν
2456 3339 2636 3393 ἄνοιαν
2694 3333 2847 3392 οὒδὶν
2905 3333 3161 3409 οὐδαμῶς
3220 3332 3642 3409 δημιουργήσας
3697 3331 3892 3406 ἐγεγύ-

2235 3450 2417 3502 μνωτο
2446 3432 2543 3483 τοῦ
2575 3428 2762 3501 Πατὴρ
2800 3426 2889 3480 καὶ
2946 3426 3336 3499 παντοκράτωρ
3398 3424 3558 3481 εἶναι,
3628 3420 3693 3476 Εἴ
3751 3418 3811 3475 δὲ
3840 3423 3885 3457 ⁸³

2230 3515 2573 3593 τρισκαίδεκά
2633 3515 2763 3571 εἶσιν
2814 3516 3018 3590 ἡμέραι
3076 3514 3129 3568 ἐν
3190 3512 3504 3587 ὀφθαλμοῖς
3572 3515 3710 3567 Θεοῦ
3781 3510 3887 3565 ἀπὸ

2233 3606 2490 3685 γενέσεως
2529 3610 2763 3681 κόσμου,
2796 3610 2911 3667 πῶς
2942 3626 3104 3683 φησιν
3135 3606 3169 3673 ἡ
3204 3602 3256 3659 ἐν
3287 3609 3365 3675 τῷ
3392 3603 3599 3677 Σειρὰχ
3634 3604 3681 3638 ⁸⁴
3705 3600 3890 3679 σοφία,

2233 3699 2455 3773 Ἀμμον
2551 3698 2597 3733 ⁸⁵
2670 3694 2953 3751 θαλασσῶν
3042 3694 3134 3748 καὶ
3212 3693 3475 3767 σταγόνας
3552 3692 3712 3746 ὑετοῦ
3800 3689 3888 3744 καὶ

2233 3787 2443 3861 ἡμέρας
2501 3786 2699 3849 αἰῶνος
2754 3784 2835 3847 τίς
2911 3781 3301 3857 ἐξαριθμήσει;
3368 3784 3553 3839 Ταῦτα
3622 3801 3796 3857 φησιν
3863 3778 3889 3831 6

2234 3876 2522 3952 Ὠριγένης
2553 3872 2898 3944 σπουδάζων,
2930 3874 3021 3927 καὶ
3055 3873 3152 3946 δρα
3186 3874 3279 3927 οἷα
3308 3872 3512 3941 παίζει.

2973 3963 3145 4037 mg"

2552 4059 2658 4110 Τοῦ
2689 4055 2854 4109 αὐτοῦ
2893 4052 3016 4127 περὶ
3058 4056 3155 4107 τοῦ
3195 4048 3563 4120 αὐτεξουςίου.

2304 4146 2649 4221 Ἀνεγνώσθη
2706 4148 2805 4198 τοῦ
2856 4143 3023 4197 αὐτοῦ
3080 4141 3140 4196 ἐκ
3196 4145 3292 4196 τοῦ
3334 4140 3464 4214 Περὶ
3512 4138 3892 4209 αὖτεξουσίου,

2231 4242 2332 4305 τῆς
2372 4237 2416 4272 ⁸⁸
2460 4233 2583 4304 ἴσης
2617 4232 2705 4289 καὶ
2760 4233 2916 4295 αὐτὸς
2972 4232 3159 4307 τυχὼν
3217 4228 3535 4301 συντομίας.
3596 4228 3776 4283 Πόθεν
3832 4227 3896 4281 τά

2231 4324 2371 4381 κακὰ
2398 4327 2487 4379 καὶ
2538 4322 2622 4386 τίς
2673 4325 2700 4377 ὁ
2744 4322 2955 4378 τούτων
3016 4322 3292 4391 ποιητής;
3346 4320 3407 4376 'O
3458 4319 3553 4391 μὲν
3600 4318 3703 4394 γὰρ
3764 4318 3899 4377 Θεὸς

2242 4411 2343 4469 οὒκ
2372 4408 2537 4483 ἔστιν,
2573 4412 2656 4467 ὅτι
2701 4408 2841 4483 μηδὲ
2896 4408 3114 4469 τούτοις
3161 4404 3371 4478 ἣδεται,
3421 4405 3568 4461 ἀλλᾶ
3622 4406 3712 4459 καὶ
3766 4404 3894 4461 τοὺς

2250 4500 2491 4579 δρῶντας
2551 4500 2686 4555 αὖτά
2736 4497 3114 4574 βδελύσσεται.
3158 4497 3358 4569 Διόπερ
3408 4490 3557 4565 ἔδοξέ
3624 4514 3716 4566 μοι
3772 4513 3900 4547 συν-

2242 4592 2508 4670 υπάρχειν
2538 4612 2589 4645 τι
2614 4588 2781 4661 αὐτῷ,
2810 4585 3051 4660 τοῦνομα
3090 4583 3223 4655 ὕλη,
3260 4584 3311 4655 ἐξ
3352 4587 3417 4653 ἧς
3475 4582 3541 4637 τά
3582 4579 3898 4670 Sicca-5'61;-

2245 4668 2598 4757 μιούρίγησεν,
2650 4679 2701 4750 ἐξ
2752 4680 2817 4748 ἧς
2896 4678 2987 4733 καὶ
3044 4677 3109 4730 τὰ
3167 4675 3307 4729 κακὰ
3365 4672 3497 4729 εἶναί
3565 4693 3653 4745 μοι
3710 4668 3899 4728 δοκεῖ.

2240 4771 2469 4829 Ἀποίου
2524 4791 2582 4825 τε
2633 4768 2733 4845 γὰρ
2789 4766 2879 4821 καὶ
2935 4763 3352 4841 ἀσχηματίστου
3412 4764 3534 4837 [941
3589 4763 3681 4835 3.]
3719 4758 3904 4829 οὔσης

2240 4860 2433 4933 αὒτῆς,
2474 4859 2609 4935 πρὸς
2663 4855 2731 4925 δὴ
2782 4857 2827 4892 ⁸⁸⁷
2867 4856 3084 4917 τούτοις
3133 4854 3224 4909 καὶ
3264 4852 3511 4914 ἀτάκτως
3562 4851 3907 4930 φερομένης,

2242 4951 2305 5007 οὐ
2356 4950 2447 5006 διὰ
2493 4948 2690 5010 παντὸς
2739 4945 3025 5003 κατέλιπεν
3081 4943 3248 5013 αὐτὴν
3305 4944 3450 5000 οὕτω
3490 4944 3775 5019 φέρεσθαι,
3812 4937 3912 4994 ἆλ-

1860 5166 2089 5222 νΑΒῙιΕ
2125 5162 2539 5221 LECTIONES.

554 5250 602 5285 ⁷⁸
633 5252 868 5329 ἁμάρτοι
900 5255 1013 5329 ᾼΒ·
1068 5256 1135 5329 ’⁷⁷
1165 5255 1299 5329 φατέ
1335 5257 1429 5313 ΑΒ
1465 5274 1480 5312 :
1538 5256 1601 5329 ,⁷⁸
1628 5257 1715 5329 τό]
1750 5255 1951 5329 malim
1983 5258 2085 5327 τῷ.
2160 5255 2207 5329 τξ
2235 5257 2451 5329 πρῶτος
2608 5245 2896 5329 3036131]
2927 5268 2989 5329 αν
3021 5248 3105 5329 A_B
3153 5264 3165 5302 :
3198 5245 3274 5329 eoi;
3431 5313 3442 5329 I
3472 5242 3519 5279 ⁸¹
3539 5242 3929 5329 ῂάπόὶζΡξιῙ-

562 5270 602 5285 ’ν
633 5270 797 5379 apag

481 5339 710 5380 Lxxxtv.
784 5366 797 5380 .

486 5366 678 5378 --.μω
740 5366 797 5380 υ.
1004 5366 1220 5388 ωηεν..
1254 5366 1344 5384 ηυ
1378 5372 1391 5384 .
1466 5366 1685 5389 “ww,
1764 5366 1786 5381 ε

486 5413 613 5468 μον,
646 5366 772 5463 ι,’2.
848 5395 894 5431 ⁸⁵
929 5366 1031 5467 si}:
1064 5402 1101 5455 A
1148 5416 1162 5455 :
1196 5366 1453 5461 ὡσαύτωέ
1483 5406 1582 5470 τῆς
1720 5366 1794 5436 μ’

877 5326 925 5430 ξε
963 5317 1221 5398 γενέσεώς
1254 5330 1344 5384 AB
1378 5345 1392 5384 :
1427 5317 1916 5435 γενέσεωίμέᾉρις
1947 5317 2332 5385 καταπαύσεως
2498 5317 2571 5360 ’⁸³
2605 5318 2661 5377 δέ
2685 5327 2728 5378 Α
2762 5339 2774 5377 :
2810 5317 2989 5375 δὲ’καί

929 5404 1031 5467 τῆς
1064 5402 1101 5455 Α
1148 5416 1162 5455 ε
1196 5399 1453 5461 ὡσαύτως
1483 5406 1582 5470 τῆς
1615 5400 1697 5473 ς.
1773 5401 1794 5436 ⁸
1850 5397 1942 5472 δή]
1975 5398 2381 5473 exspectabam
2414 5392 2491 5455 δὲ.

3210 5317 3258 5351 ⁸⁴
3309 5313 3492 5391 Σιράχ
3538 5317 3599 5371 Β.
3699 5313 3764 5350 ⁸⁵
3820 5315 3936 5387 ἄμ-

2088 5504 2302 5562 NOTIE

556 5602 670 5675 (86)
705 5602 900 5675 Usque
928 5606 1002 5661 ad
1032 5606 1288 5679 requiem
1318 5612 1603 5671 nostram,
1637 5608 1692 5665 id
1727 5615 1813 5667 est
1837 5625 2019 5681 usque
2050 5609 2123 5674 ad
2165 5604 2519 5664 creationem
2551 5601 2806 5663 hominis
2847 5606 3158 5674 postquam
3191 5596 3411 5670 quievit
3440 5596 3611 5653 Deus.

560 5694 771 5771 (87-88)
805 5696 934 5755 Hec
962 5713 1034 5756 ex
1070 5697 1265 5759 aliena
1289 5701 1574 5769 sententia
1602 5701 1767 5761 dicit.
