4100 6242
295 320 455 381 1149
1347 329 1892 395 BIBLIOTHECA.

2080 338 2236 397 30D.
2284 339 2643 402 CCXXXVI.
3543 355 3699 416 1150

289 453 361 511 λὰ
393 453 750 529 δημιουργεῖν
778 457 1007 531 ἡρχετο,
1038 461 1128 513 καὶ
1175 460 1282 515 ἀπὸ
1330 467 1439 517 τῶν
1482 466 1770 539 χειρίστων
1831 469 1908 522 αό‹

2078 471 2326 528 terficere
2359 475 2550 545 caepit,
2585 477 2980 548 Optimumque
3023 496 3054 535 a
3087 483 3358 552 pessimis
3398 502 3697 544 secernere

286 551 387 612 τῆς
434 545 497 598 τὰ
547 542 820 600 κάλλιστα
865 544 1158 622 διακρίνειν
1220 550 1406 618 ἤθελε.
1459 553 1563 609 Καὶ
1613 553 1757 610 οὕτω
1807 560 1905 632 γοῦ

2074 561 2245 616 'oluit.
2298 542 2493 634 Itaque
2550 542 2686 636 ει·έο
2743 542 2977 622 molitus
3021 542 3106 624 est
3169 588 3235 626 ea
3274 590 3398 643 quae
3448 542 3574 633 Deo

281 632 726 710 ἐδημιούργησεν
759 636 860 692 8σά
909 638 958 708 ἐξ
1007 640 1179 708 αὐτῆς
1227 643 1441 714 ἥρμοζε
1493 648 1607 715 Θεῴ
1664 643 1900 720 δημιουρ

2076 649 2364 704 reandum
2420 657 2586 707 erant
2663 659 2812 724 apta.
2866 655 3235 730 Quaecunque
3279 677 3430 730 vero,
3481 669 3545 719 ut
3611 666 3695 721 sic

286 731 421 800 γεῖν.
474 727 560 783 Τὰ
607 725 664 781 δὲ
710 728 808 784 ὅσα
857 728 1045 802 αὐτῇς,
1087 731 1162 792 ὼς
1229 729 1362 794 ἔπος
1423 731 1615 803 εἰπεῖν,
1673 733 1905 810 τρυγώδ·

2076 754 2274 809 oquar,
2291 740 2778 810 erantfeculenta,
2796 743 2916 814 illa,
2943 750 3006 799 ut
3027 747 3097 801 ad
3114 725 3463 807 creationem
3485 755 3695 823 inepta,

287 813 570 891 ἐτύγχανε,
618 821 789 871 ταῦτα
835 816 1150 892 ἀνάρμοστα
1200 817 1328 875 ὄντα
1377 823 1514 895 πρὸς
1565 819 1906 898 δημιουργία

2076 832 2113 880 it
2159 834 2327 883 erant
2354 829 2610 900 reliquit.
2646 831 2810 887 Unde
2843 813 2982 888 mihi
3034 852 3186 893 nunc
3236 839 3506 895 videntur
3555 813 3695 913 pro;

290 903 363 965 ὡς
416 905 535 983 εἶχε
588 904 893 961 κατέλιπεν·
949 906 996 977 ἐξ
1049 910 1122 962 ὦν
1177 905 1326 964 δοκεῖ
1358 932 1452 983 μοι
1483 915 1573 966 νῦν
1605 909 1842 988 έπιρῥεῐν
1872 937 1902 968 τ

2082 915 2284 972 uxisse
2318 917 2484 973 mala.
2521 920 2649 975 Haec
2693 921 2929 992 quidem
2975 924 3109 991 ille;
3142 932 3341 983 contra
3372 903 3701 1000 quemuis-

284 994 442 1051 κακά.
475 996 660 1050 Ταῦτα
693 996 789 1068 μὶν
823 997 981 1058 οὗτος
1015 1015 1028 1028 ⁶
1073 999 1214 1070 πρὸς
1260 998 1420 1054 αὐτὸν
1466 997 1523 1055 δέ
1573 1023 1759 1080 φησιν,
1814 1003 1903 1057 ’Ότ

2078 1009 2214 1060 ιυῐειῐ
2244 1006 2640 1079 [Methodius].
2674 1010 2834 1074 Quod
2869 1013 2917 1066 si
2947 1014 3070 1068 fieri
3101 1015 3260 1071 nullo
3296 994 3466 1073 modo
3491 1022 3697 1093 possit,

287 1084 380 1155 μὲν
415 1082 506 1138 οὖν
538 1082 797 1141 ἀδύνατον
829 1085 1066 1163 ἀγένητα
1097 1085 1192 1143 δύο
1244 1091 1379 1162 ἅμα,
1430 1087 1558 1146 οὐδὲ
1610 1091 1666 1145 σὲ
1716 1092 1906 1166 ἀγνοεῖ

2080 1098 2111 1149 ηι
2141 1095 2256 1150 duo
2289 1095 2466 1151 simul
2499 1097 2616 1153 sint
2647 1099 2922 1170 increata,
2945 1119 3048 1158 nec
3081 1111 3132 1160 te
3165 1105 3401 1176 quidem
3435 1082 3699 1172 ignorare

281 1173 516 1246 νομίζω.
550 1177 620 1230 ’Ἡ
650 1177 751 1250 γάρ
801 1179 1044 1246 ἡνῶσθαι
1091 1178 1127 1246 ἢ
1184 1181 1521 1255 κεχωρίσθαι
1573 1182 1709 1235 αὐτὰ
1760 1179 1900 1257 λέγει

2090 1192 2184 1238 uto
2219 1200 2232 1250 ;
2265 1189 2366 1240 aut
2395 1186 2552 1242 enim
2585 1186 2681 1242 illa
2702 1187 2855 1244 inter
2876 1206 2936 1245 se
2961 1192 3141 1260 unita,
3168 1173 3264 1250 aut
3286 1202 3555 1266 separata
3577 1214 3701 1254 esse

282 1263 508 1352 ἀνάγκη.
542 1263 606 1320 Ei
637 1265 730 1337 μὲν
770 1264 860 1320 οὖν
901 1269 1142 1352 ἡνῶσθαι
1183 1266 1355 1340 λέξοι,
1401 1268 1454 1323 ἓν
1519 1271 1582 1324 τὸ
1631 1269 1895 1344 ἀγένητον

2085 1274 2376 1329 ecessario
2408 1276 2724 1332 dicendum
2767 1283 2910 1334 erat.
2943 1280 3000 1334 Si
3056 1284 3188 1352 quis
3239 1263 3397 1339 unita
3445 1287 3700 1344 dixerit:

282 1345 503 1408 ἕκαστον
530 1353 630 1428 γάρ
669 1353 876 1409 τούτων
911 1357 1074 1430 μέρος
1115 1351 1263 1413 ἔσται
1293 1357 1341 1392 ⁸⁸
1369 1362 1467 1411 τοῦ
1515 1356 1776 1428 πλησίον,
1832 1357 1901 1413 ἀλ

2080 1361 2152 1417 rit
2175 1379 2358 1418 unum
2383 1363 2730 1432 increatum,
2759 1383 3127 1442 unaquaeque
3151 1372 3303 1428 enim
3327 1391 3464 1444 pars
3490 1376 3696 1433 borum

283 1438 476 1510 λήλων
510 1439 567 1495 δὲ
607 1442 745 1516 μέρη
777 1443 1124 1522 τυγχάνοντα
1155 1446 1439 1519 ἀγένητον,
1479 1445 1608 1502 ἀλλ’
1668 1448 1771 1502 οὐκ
1808 1447 1902 1520 ἀγέ

2081 1451 2152 1506 rit
2201 1451 2366 1508 alteri
2427 1453 2658 1523 similis,
2723 1462 2918 1526 partes
2977 1459 3132 1515 enim
3210 1462 3363 1518 inter
3417 1481 3474 1520 se
3533 1482 3698 1537 pares

281 1551 416 1598 νητα
446 1525 592 1585 ἔσται
630 1550 642 1562 ·
676 1529 806 1587 οὐδὲ
843 1537 945 1606 γᾶρ
983 1533 1077 1588 τὸν
1113 1533 1397 1609 ἄνθρωπον
1431 1536 1570 1609 μέρη
1605 1532 1808 1610 ἔχοντα
1845 1558 1900 1590 κα

2080 1546 2180 1595 unt
2231 1558 2414 1596 unum
2475 1543 2819 1616 increatum,
2881 1552 2938 1602 et
2995 1565 3109 1604 non
3183 1559 3351 1606 erunt
3419 1554 3693 1624 increata,

282 1620 748 1693 τακερματίζομεν
799 1620 875 1682 εἷς
925 1621 1112 1677 πολλά
1159 1625 1379 1698 γενητά.
1451 1623 1513 1679 Ei
1583 1621 1639 1678 δὲ
1696 1625 1901 1700 κεχωρὲ

2080 1645 2235 1701 eque
2293 1633 2483 1689 805a
2509 1633 2666 1688 enim
2722 1635 3011 1693 hominem
3065 1655 3132 1694 ex
3181 1641 3380 1696 multis
3439 1620 3699 1714 partibus

282 1711 402 1762 σθαι
431 1711 478 1746 ⁸⁹
516 1712 674 1786 φήσει
706 1731 810 1780 τις,
844 1711 1048 1785 ἀνάγκη
1092 1712 1226 1766 εἶναί
1257 1734 1311 1766 τι
1363 1714 1425 1768 τὸ
1472 1715 1572 1768 ὀινά
1624 1717 1785 1787 μέσον
1835 1717 1901 1787 ἂμ

2081 1723 2411 1776 onstantem
2445 1721 2504 1776 in
2539 1723 2718 1778 multa
2749 1730 2943 1780 creata
2987 1727 3325 1785 dividimus.
3357 1731 3415 1786 Si
3441 1711 3577 1788 vero
3609 1734 3694 1787 di-

289 1797 555 1873 φοτέρων,
611 1798 745 1872 ὅπερ
791 1801 881 1854 καὶ
926 1802 1020 1854 τὸν
1080 1803 1369 1876 χωρισμὸν
1429 1801 1604 1857 αὐτῶν
1676 1800 1908 1858 δείκνυσι

2085 1809 2170 1864 isa
2201 1825 2299 1866 seu
2351 1815 2615 1881 separata
2662 1813 2796 1883 quis
2842 1814 3049 1870 dixerit
3083 1817 3206 1888 [illa
3247 1820 3505 1876 increata
3535 1822 3695 1894 duo],

288 1889 463 1942 Τοῦτο
523 1885 580 1941 δὲ
635 1888 759 1956 ἤτοι
815 1889 1010 1943 ταυτὸν
1069 1889 1128 1944 ’ὀν
1187 1889 1394 1959 ἥνωται
1426 1890 1636 1965 θατέρῳ
1666 1896 1772 1946 τῶν
1814 1890 1907 1948 δύο

2076 1914 2284 1954 ιΘΟΕΒΒΘ
2313 1903 2401 1954 est
2434 1905 2493 1954 ut
2525 1901 2572 1955 si
2604 1901 2836 1974 aliquod
2874 1905 3131 1961 medium
3169 1907 3322 1964 inter
3355 1915 3695 1982 utrumque,

279 1976 370 2029 καὶ
411 1977 613 2051 ἀνάγκη
645 1977 810 2032 πάλιν
839 1977 874 2046 ἢ
913 1975 1104 2033 ἕνωσιν
1137 1978 1172 2048 ἢ
1206 1983 1492 2055 χωρισμὸν
1525 1981 1660 2057 πρὸς
1704 1983 1766 2036 τὸ
1819 1979 1898 2037 ἓτε

2072 1989 2192 2057 ;υο(1
2227 1988 2648 2059 separationem
2683 1990 2920 2048 illorum
2953 1997 3242 2052 ostendat.
3268 1999 3382 2054 Hoc
3415 2005 3608 2056 autem
3642 2002 3691 2056 si

281 2085 373 2139 ρον
416 2070 616 2134 ζητεῖν.
665 2069 901 2124 ’Ένωσιν
949 2069 1044 2141 μὲν
1093 2067 1353 2124 ἀδύνατον
1405 2068 1562 2141 ἴδεῖν,
1623 2070 1776 2145 εἷ’περ
1832 2074 1898 2126 θα

2073 2075 2118 2130 it
2147 2077 2294 2132 idem
2318 2093 2448 2133 cum
2481 2077 2660 2134 altero
2682 2097 2749 2135 ex
2766 2081 3164 2150 duobus,cum
3199 2086 3300 2142 illo
3332 2089 3559 2144 unitum
3585 2094 3690 2154 est,

277 2155 418 2228 τέρῳ
443 2156 636 2210 ταυτὸν
669 2155 804 2210 εἶναι
854 2158 940 2212 καὶ
993 2160 1233 2226 ἡνῶσθαι
1295 2156 1528 2214 δέδοται·
1591 2163 1794 2230 ἡνοῦτο
1829 2162 1896 2236 γά

2066 2170 2100 2220 :t
2130 2182 2365 2221 rursum
2390 2168 2499 2222 erit
2531 2183 2768 2224 necesse
2799 2187 3057 2242 quaerere
3079 2183 3174 2228 aut
3215 2177 3685 2245 conjunctionem

281 2250 342 2306 ἂν
389 2252 563 2314 οὕτως
594 2254 642 2288 ⁹⁰
689 2253 776 2308 καὶ
831 2254 894 2308 τὸ
944 2254 994 2327 ἐξ
1045 2255 1243 2330 ἀρχῆς,
1297 2261 1342 2328 ᾧ
1382 2258 1575 2313 ταυτὸν
1612 2259 1741 2312 εἶναι
1771 2255 1900 2312 τοῦτ

2066 2262 2139 2310 tut
2171 2257 2595 2326 separationem
2615 2257 2857 2314 alterius
2888 2261 2960 2316 ab
2991 2262 3188 2329 altero,
3213 2263 3495 2321 Unionem
3528 2267 3685 2323 enim

285 2339 470 2413 ἐδόθη.
506 2344 566 2400 Ei
599 2341 655 2399 δὲ
684 2344 1018 2419 κεχωρίσθαι
1067 2345 1288 2402 ἀπαιτεῖ
1344 2349 1370 2401 ὁ
1422 2346 1608 2424 λόγος,
1659 2347 1826 2403 πάλιν
1874 2370 1904 2402 τ

2068 2345 2238 2400 ridere
2269 2344 2630 2416 impossibile
2661 2356 2766 2414 est,
2793 2349 2839 2403 si
2865 2349 3114 2407 alterum
3149 2353 3225 2408 sit
3256 2356 3408 2410 idem
3433 2373 3566 2410 cum
3599 2372 3687 2423 eo,

289 2431 533 2508 χωρίζον
577 2433 931 2504 ἀπαιτητέον,
989 2432 1095 2496 ἕως
1151 2433 1214 2490 ἃν
1273 2437 1510 2512 ἀπείρων
1562 2438 1697 2509 ἡμῖν
1738 2437 1904 2512 ἀγενή

2071 2438 2101 2487 ιι
2134 2434 2360 2488 unitum
2395 2449 2519 2490 esse
2549 2437 2918 2495 concedatur.
2937 2441 3027 2496 Sic
3048 2443 3201 2496 enim
3239 2444 3500 2499 uniretur
3517 2446 3690 2501 etiam

288 2547 396 2580 των
428 2524 591 2598 ἑσμὸς
619 2526 879 2603 ἀναφανῇ.
911 2529 1014 2583 "Av
1050 2525 1095 2582 δ’
1126 2525 1228 2602 ἄρα
1274 2549 1356 2590 τις
1388 2528 1477 2583 καὶ
1515 2531 1698 2603 τρίτον
1732 2528 1860 2604 λέξῃ
1894 2532 1907 2566 ί

2075 2523 2243 2578 'idere
2275 2523 2638 2594 impossibile
2668 2531 2778 2592 est,
2803 2529 2852 2582 si
2885 2528 3134 2584 alterum
3167 2531 3243 2585 sit
3266 2533 3413 2587 idem
3448 2550 3579 2588 cum
3608 2549 3694 2599 eo,

294 2613 484 2690 λόγον,
533 2618 780 2672 τουτέστι
828 2619 891 2672 τὸ
937 2619 1077 2690 μήτε
1113 2617 1450 2693 κεχωρίσθαι
1499 2620 1591 2673 τὸν
1652 2620 1779 2675 Θεὸν
1839 2626 1904 2688 τῆ

2074 2617 2108 2667 ει
2139 2613 2372 2668 unitum
2397 2629 2521 2669 esse
2543 2617 3018 2674 concedatur.Sic
3049 2621 3204 2674 enim
3231 2621 3498 2676 uniretur
3518 2621 3693 2678 etiam

301 2703 460 2774 ὕλης,
505 2703 636 2778 μηδ’
675 2705 741 2760 αὖ
774 2704 938 2761 πάλιν
973 2708 1048 2769 ὡς
1080 2707 1135 2762 ἐν
1178 2709 1330 2783 μέρει
1381 2711 1649 2780 ἡνῶσθαι,
1699 2710 1834 2764 εἶναι
1887 2707 1920 2763 δ

2075 2702 2108 2755 d
2135 2703 2287 2772 quod
2321 2719 2355 2757 a
2385 2702 2670 2774 principio
2710 2705 2859 2761 idem
2891 2723 3024 2762 cum
3057 2725 3117 2763 eo
3148 2709 3329 2765 fuisse
3350 2726 3692 2766 concessum

300 2793 375 2857 ὡς
404 2793 456 2848 ἐν
492 2796 648 2868 τόπῳ
680 2797 967 2870 [καθάπερ]
1010 2801 1078 2870 τῇ
1108 2797 1214 2872 ὕλῃ
1245 2799 1336 2853 τὸν
1373 2801 1500 2873 [499
1554 2802 1645 2872 Η.]
1679 2801 1806 2854 Θεὸν
1852 2819 1919 2853 κα

2075 2793 2161 2844 ist.
2195 2790 2254 2845 Si
2285 2794 2476 2845 autem
2502 2797 2828 2863 separatum
2861 2795 3038 2852 fuisse
3069 2798 3213 2852 ratio
3244 2799 3428 2868 docet,
3462 2815 3694 2853 rursum

297 2884 398 2952 τήν
444 2883 582 2953 ὕλην
640 2883 692 2939 έν
741 2889 820 2957 τῷ
875 2890 1012 2958 Θεῷ,
1074 2886 1315 2942 ἀκουέτω
1357 2887 1440 2942 ὅτι
1490 2886 1578 2943 ἐὰν
1623 2889 1789 2943 τόπον
1846 2894 1916 2942 τοῖ

2076 2879 2433 2949 [merendum
2465 2885 2556 2936 est
2573 2897 2675 2952 per
2696 2883 2850 2952 quod
2884 2883 2993 2938 fuit
3022 2891 3378 2956 separatum,
3407 2887 3590 2943 donec
3611 2887 3695 2942 in-

300 2976 434 3027 Θεοῦ
484 2974 582 3042 τήν
635 2972 775 3043 ὕλην
823 2973 1088 3048 εἷ’πωμεν,
1139 2973 1191 3045 ἐξ
1249 2975 1484 3052 ἀνάγκης
1543 2977 1630 3031 καὶ
1685 2977 1913 3052 χωρητὸ

2081 2970 2350 3024 initurum
2383 2970 2552 3026 nobis
2574 2972 2740 3042 copia
2762 2973 3147 3029 increatorum
3171 2977 3626 3040 occurrat.0uod
3654 2979 3700 3032 si

296 3055 444 3116 ἔσται
477 3063 542 3132 ⁸³,
571 3063 642 3133 τῇ
669 3061 771 3136 ὕλῃ
796 3083 894 3137 περ
907 3063 1262 3140 ιγραφόμενος
1293 3065 1361 3137 9³,
1393 3065 1481 3120 καὶ
1513 3069 1581 3140 τῇ
1600 3063 1706 3137 ὕλη
1731 3067 1912 3139 ὁμοίω

2081 3059 2190 3130 [uis
2227 3058 2401 3113 etiam
2451 3060 2674 3116 tertiam
2718 3063 3069 3118 sententiam
3119 3064 3405 3132 habuerit,
3439 3067 3546 3122 hoc
3594 3073 3700 3135 est,

299 3110 443 3116 nm-
525 3110 542 3132 ,
583 3110 639 3133 Ἦ
674 3110 733 3118 -..
761 3110 771 3129 ,
803 3110 862 3118 ..-
909 3110 920 3118 .
995 3110 1095 3136 ..γν
1148 3110 1260 3127 -.η
1346 3110 1361 3137 ,
1396 3110 1481 3120 η...
1524 3110 1706 3140 .,,-...,
1733 3110 1911 3139 ..μνη

292 3148 540 3213 ἀτάκτως
592 3110 910 3226 φερόμενοῐς·
937 3110 1062 3208 ΙΙτοῦ
1106 3110 1215 3229 γὰρ
1265 3153 1317 3208 έν
1364 3156 1410 3226 ᾧ
1450 3156 1562 3210 ἐστι
1588 3153 1911 3228 πλημμελῶ

2083 3110 2186 3130 ι--τ
2235 3110 2400 3113 -------
2455 3110 2674 3116 -----ν---
2718 3110 3069 3118 ν---ν-σν---ο-
3119 3110 3405 3132 -υ-υ-υο--ν
3441 3110 3545 3122 "vv
3595 3110 3701 3135 ννσι

2083 3162 2247 3218 teque
2269 3151 2594 3219 separatum
2630 3150 2809 3206 fuisse
2831 3152 3012 3209 Deum
3039 3170 3070 3209 a
3089 3156 3351 3223 materia,
3371 3171 3558 3228 neque
3581 3173 3702 3212 rur-

292 3240 638 3311 κινουμένου,
700 3240 908 3316 ἀνάγκη
965 3240 1056 3296 καὶ
1114 3243 1178 3297 τὸ
1235 3243 1287 3297 έν
1345 3242 1492 3315 αὐτῷ
1552 3246 1911 3319 συγκινεῖσθαι

2085 3255 2184 3294 um
2205 3237 2357 3294 velut
2379 3238 2434 3293 in
2462 3245 2620 3310 parte
2643 3241 2763 3312 [seu
2786 3258 2920 3298 cum
2952 3243 3131 3300 altera
3150 3245 3427 3316 partium]
3450 3247 3700 3311 unitum,

294 3329 533 3402 Πότερον
587 3329 645 3386 δὲ
693 3330 940 3403 ἐπλήρου
1005 3334 1104 3401 τήν
1156 3333 1296 3404 ὕλην
1348 3336 1376 3390 ὁ
1426 3334 1577 3406 Θεὸς,
1627 3335 1664 3404 ἢ
1705 3335 1757 3390 έν
1794 3338 1913 3412 μέρε

2082 3331 2156 3384 ed
2190 3346 2318 3386 esse
2345 3331 2526 3384 Deum
2549 3330 2610 3386 in
2635 3331 2872 3387 materia
2894 3333 3050 3390 velut
3069 3335 3126 3389 in
3148 3334 3294 3401 loco,
3318 3340 3374 3390 et
3397 3335 3701 3391 materiam

295 3419 490 3489 αὐτῆς,
523 3418 860 3496 ἐτύγχανεν;
894 3421 954 3476 Εἰ
990 3423 1084 3495 μὶν
1143 3422 1246 3497 γὰρ
1293 3423 1346 3478 έν
1402 3426 1575 3499 μέρει,
1621 3424 1912 3500 μικρότερο

2082 3437 2114 3474 n
2133 3419 2268 3486 Deo,
2286 3419 2336 3474 is
2357 3418 2825 3492 intelligat,quod
2852 3423 2899 3477 si
2921 3423 3108 3478 locum
3132 3425 3560 3492 Dei,materiam
3577 3440 3701 3480 esse

295 3509 464 3580 αὐτῆς
507 3512 599 3565 ἅτε
631 3509 696 3580 δή
732 3511 784 3566 έν
821 3508 970 3588 μέρει
1001 3512 1170 3582 αὐτῆς
1198 3514 1472 3590 χωρηθείς
1507 3534 1520 3547 ·
1573 3515 1618 3570 εί
1671 3513 1728 3570 δὲ
1767 3514 1908 3586 ἐπλή

2080 3509 2920 3578 lixerimus,necessarioetiam
2946 3515 3699 3587 materiacircumscriptus,

296 3621 417 3675 pou,
449 3605 569 3663 πῶς
598 3599 800 3672 ταύτην
832 3601 1307 3678 ἐδημιούργησενς
1358 3605 1563 3678 ἀνάγκη
1615 3605 1718 3680 γὰρ
1853 3627 1914 3659 συ

2086 3599 2233 3653 'eluti
2266 3599 2390 3653 loco
2424 3599 3027 3671 includetur,unaque
3051 3618 3182 3657 cum
3218 3605 3460 3658 materia
3489 3608 3705 3658 temere

298 3689 502 3761 στολήν
534 3712 653 3746 τινα
681 3694 778 3746 τοῦ
807 3692 854 3727 9⁸
895 3696 1029 3746 Θεοῦ
1079 3691 1277 3765 λέγειν,
1339 3695 1404 3760 ἧς
1459 3693 1760 3767 γενομένης
1820 3692 1913 3765 έδη

2084 3686 2520 3742 :ircuml'eretur.
2549 3687 2768 3743 Etenim
2799 3687 2898 3744 illo
2930 3694 3144 3744 temere
3167 3695 3322 3746 moto
3353 3693 3411 3746 in
3448 3707 3564 3761 quo
3593 3695 3703 3759 est,

303 3781 635 3856 μιοὺργησιν
665 3780 834 3836 ἐκεῖνο
885 3781 974 3860 ἀφ’
1023 3782 1084 3835 οὗ
1140 3781 1516 3860 ὑπεχώρησιν,
1567 3784 1601 3852 ἢ
1651 3782 1740 3837 καὶ
1786 3783 1922 3838 αὐτὸ

2084 3777 2384 3832 necessario
2413 3776 2589 3832 etiam
2624 3777 2678 3830 id
2733 3794 2847 3832 una
2879 3782 3138 3833 movetur
3175 3779 3330 3850 quod
3363 3784 3450 3834 est
3479 3778 3539 3832 in
3581 3777 3703 3834 illo.

296 3873 366 3942 τῇ
417 3867 522 3944 ὕλη
569 3867 1051 3946 συνδημιουργεῖν,
1111 3871 1211 3926 οὐκ
1267 3866 1466 3949 ἔχοντα
1533 3871 1915 3946 ὑποχωρήσεω

2084 3870 2336 3920 ῗοῑειωιιε
2396 3864 2694 3920 materiam
2752 3865 2906 3921 Deus
2945 3868 3288 3939 occupabat,
3349 3884 3422 3923 an
3482 3871 3703 3938 partem

294 3958 484 4014 τόπον.
536 3957 598 4014 Ei
650 3955 706 4013 δὲ
751 3960 847 4027 τήν
901 3958 1039 4030 ὕλην
1086 3959 1138 4015 έν
1190 3963 1271 4031 τῷ
1311 3963 1428 4030 Θεῷ
1478 3959 1615 4014 εἶναι
1661 3958 1810 4034 λέγοι
1841 3981 1913 4022 τις

2089 3952 2218 4008 llius
2249 3953 2519 4007 tantum?
2566 3953 2624 4008 Si
2659 3958 2878 4024 partem
2913 3959 3155 4024 tantum,
3190 3971 3325 4028 ergo
3359 3956 3546 4012 minor
3587 3965 3708 4014 erat

297 4045 494 4122 ῥητέον
533 4046 762 4124 πότερον
796 4049 871 4112 ὡς
911 4046 1254 4121 διισταμένου
1307 4047 1472 4104 αὐτοῦ
1521 4049 1567 4085 9⁸
1615 4048 1708 4123 ἀφ’
1755 4050 1916 4104 αὑτοῦ

2083 4040 2183 4107 lla,
2215 4045 2414 4112 utpote
2449 4058 2564 4096 una
2594 4045 2821 4097 tantum
2855 4043 3014 4099 illius
3051 4049 3213 4116 parte
3239 4049 3400 4101 totus
3447 4045 3702 4102 circum-

292 4137 386 4191 καὶ
417 4135 599 4210 ὥσπερ
631 4139 684 4192 ἐν
733 4136 849 4212 ἀέρι
901 4140 1057 4208 ζώων
1106 4138 1340 4213 ὑπάρχει
1370 4139 1418 4174 ⁹⁶
1464 4137 1615 4212 γένη,
1661 4139 1911 4215 μεριζομί

2091 4132 2344 4201 criptus;
2377 4131 2426 4186 si
2457 4135 2658 4199 totam,
2693 4132 2984 4202 quomodo
3003 4133 3152 4190 hanc
3177 4135 3438 4191 creavit?
3457 4135 3704 4193 Necesse

293 4245 390 4280 vou
423 4225 588 4280 αὐτοῦ
621 4225 696 4288 εἰς
743 4223 1032 4302 ὑποδοχὴν
1081 4233 1189 4282 τῶν
1237 4226 1540 4302 γινομένων
1592 4227 1644 4282 ὲν
1691 4228 1864 4300 αὐτῷ,
1910 4251 1912 4257 ·

2084 4224 2146 4276 εει
2171 4221 2326 4276 enim
2358 4223 2421 4275 ut
2451 4221 2713 4275 dicamus
2731 4221 2912 4277 Deum
2935 4223 3117 4279 fuisse
3145 4224 3336 4296 aliquo
3367 4224 3537 4280 modo
3559 4224 3618 4281 in
3641 4242 3703 4282 se

296 4313 479 4388 ὥσπερ
514 4313 566 4369 έν
598 4319 670 4388 γῇ
705 4313 850 4389 ὕδωρ
880 4335 894 4384 ;
929 4315 990 4371 Ei
1025 4317 1120 4389 μὲν
1149 4315 1252 4392 γὰρ
1285 4317 1361 4378 ὡς
1401 4315 1453 4371 ἐν
1499 4317 1638 4392 ἀέρι,
1694 4317 1914 4392 μεριστὸ

2089 4314 2397 4377 etractum,
2443 4313 2505 4366 ut
2552 4313 2944 4368 contractione
2987 4313 3141 4369 facta
3189 4314 3351 4369 illam
3399 4320 3639 4386 partem,
3674 4334 3706 4372 a

301 4403 510 4479 ἀνάγκη
566 4403 741 4479 λέγειν
795 4404 888 4459 τὸν
939 4404 1088 4460 Θεόν·
1139 4404 1188 4459 si
1236 4403 1292 4460 δὲ
1336 4406 1410 4467 ὡς
1460 4402 1700 4499 ὕδωρᾳέν
1753 4410 1920 4499 τῇγῇ

2091 4419 2173 4473 [υει
2201 4417 2264 4456 se
2295 4399 2549 4469 retraxit,
2577 4405 2833 4470 crearet;
2860 4410 2960 4458 aut
2980 4402 3145 4459 illum
3176 4419 3288 4460 una
3308 4421 3440 4460 cum
3467 4405 3710 4462 materia

298 4493 368 4561 ἦν
410 4489 467 4547 δὲ
493 4491 721 4555 ἄτακτος
754 4494 844 4548 καὶ
875 4491 1117 4568 ἄκοσμος
1177 4497 1209 4563 ἦ
1258 4493 1388 4565 ὕλη,
1439 4495 1574 4568 πρὸς
1619 4493 1684 4565 δὴ
1736 4494 1917 4551 τούτοι

2095 4505 2308 4556 reasse,
2341 4506 2474 4547 cum
2520 4507 2634 4547 non
2686 4490 2916 4548 haberet
2965 4491 3183 4561 locum,
3216 4509 3330 4564 quo
3377 4511 3436 4550 se
3477 4493 3707 4552 interim

298 4578 506 4656 ἔχουσα
553 4582 642 4637 καὶ
691 4583 852 4655 κακὰ,
897 4585 988 4638 τὸν
1034 4583 1162 4638 Θεὸν
1213 4581 1390 4660 λέγειν
1433 4583 1642 4658 ἀνάγκη
1678 4589 1784 4640 τῶν
1819 4584 1916 4640 ἀκο

2089 4580 2356 4651 eciperet.
2388 4580 2445 4634 Si
2503 4597 2636 4636 vero
2677 4581 2808 4652 quis
2859 4587 3084 4638 asserat
3127 4582 3426 4639 materiam
3487 4584 3544 4638 in
3596 4585 3707 4640 Deo

304 4673 534 4744 σμήτων
563 4673 652 4727 καὶ
683 4677 862 4729 κακῶν
889 4675 1096 4728 τούτων
1129 4671 1327 4730 αἶ’τιον.
1378 4675 1474 4728 Καὶ
1522 4673 1622 4750 ὅρα
1671 4676 1817 4750 [γὰρ]
1871 4676 1923 4729 ὡ.

2088 4670 2260 4734 uisse,
2289 4670 2667 4740 quaerendum
2701 4674 2789 4726 est
2819 4687 2892 4726 an
2926 4675 3076 4726 Deus
3105 4689 3140 4727 a
3165 4672 3353 4744 seipse
3386 4672 3512 4728 loco
3535 4673 3707 4729 fuerit

305 4759 445 4830 ὕλην
492 4761 901 4836 ὕποτιθέμενος,
949 4760 1040 4817 τίνα
1087 4763 1161 4836 μή
1204 4767 1310 4817 τῶν
1360 4767 1540 4818 κακῶν
1586 4766 1822 4836 ποιητὴν
1875 4762 1924 4819 εἶ’

2087 4758 2308 4827 livisus,
2341 4763 2397 4814 et
2424 4757 2583 4814 velut
2611 4759 2670 4814 in
2703 4775 2834 4815 aere
2865 4759 3141 4816 animalia
3173 4765 3330 4829 sunt,
3365 4761 3463 4816 illo
3497 4760 3706 4826 diviso,

307 4871 433 4914 ποις
465 4853 512 4888 ⁵⁷
570 4853 664 4908 τὸν
723 4853 874 4922 Θεὸν,
934 4850 1156 4928 δοχεῖον
1215 4851 1376 4908 αὐτὸν
1432 4857 1540 4909 τῶν
1599 4858 1780 4909 κακῶν
1821 4855 1926 4910 sive:

2099 4863 2227 4905 acus
2249 4848 2327 4904 sit
2349 4847 2536 4905 factus
2565 4847 2637 4904 iis
2670 4849 2845 4905 rebus
2879 4866 3006 4920 quas
3037 4849 3099 4906 in
3128 4866 3194 4906 eo
3220 4850 3420 4906 ﬁunt?
3441 4857 3537 4905 aut
3560 4847 3718 4905 velut

306 4937 506 5016 λέγεις.
2065 4937 2127 4993 in
2155 4941 2313 4994 terra
2355 4938 2552 5008 aqua?
2581 4938 2646 4992 Et
2677 4937 2962 5010 siquidem
2991 4943 3052 4995 ut
3079 4939 3139 4994 in
3177 4955 3328 5008 aere,
3360 4943 3500 4996 tunc
3530 4937 3712 4994 Deum

2067 5026 2322 5082 divisum
2363 5041 2642 5098 cogemur
2684 5041 2940 5084 asserere
2973 5047 2988 5097 ;
3039 5029 3088 5083 si
3121 5033 3313 5084 autem
3345 5034 3407 5084 ut
3464 5043 3618 5100 aqua
3656 5026 3716 5084 in

2066 5121 2247 5184 terra,
2279 5133 2411 5173 cum
2460 5116 2707 5173 materia
2736 5121 2889 5174 esset
2936 5118 3207 5175 informis
3248 5126 3301 5174 et
3329 5117 3637 5186 indigesta,
3661 5123 3718 5172 et

302 5206 463 5267 mala
493 5210 776 5282 prastat-ea
804 5207 864 5264 in
895 5223 955 5265 se
983 5207 1325 5278 contineret,
1359 5223 1594 5266 necesse
1624 5209 1733 5266 erit
1763 5209 1956 5264 dicere
1986 5207 2165 5264 Deum
2211 5222 2407 5264 rerum
2436 5205 2779 5263 informium
2812 5212 2870 5263 et
2917 5208 3206 5264 malarum
3238 5225 3365 5265 esse
3393 5213 3715 5265 auctorem.

298 5303 370 5358 Et
419 5301 672 5369 adverte,
716 5299 1215 5370 quemadmodum
1267 5299 1572 5356 materiam
1625 5299 2031 5372 supponendo,
2069 5315 2140 5354 ne
2186 5297 2469 5353 malorum
2501 5297 2861 5354 conditorem
2908 5297 3094 5354 Deum
3135 5299 3427 5358 afﬁrmare
3466 5299 3712 5373 cogaris,

297 5393 485 5448 Deum
519 5389 700 5448 facias
725 5387 1157 5462 receptaculum
1194 5389 1498 5446 malorum.

1688 5460 1930 5518 VARIIE
1968 5459 2376 5518 LECTIONES.

376 5541 1129 5626 εξεστςιιιᾶνᾼθ,
1166 5549 1264 5626 ς.-
1323 5550 1878 5626 ⁸⁹κεχάιριστοιιΑΒο
1957 5546 2094 5626 es:
2134 5545 2703 5626 οιςωωθε-οίξτωε
2760 5545 2821 5626 ἄγ
2877 5549 2975 5626 si:
3035 5549 3080 5626 ξι
3133 5545 3262 5624 nam
3302 5556 3405 5626 ἐξ
3635 5550 3718 5626 ς’.

304 5624 355 5660 θ’
397 5621 582 5730 gesti].
605 5617 665 5718 ἀν
695 5623 809 5714 ᾼΒ.
847 5617 853 5620 ⁷
886 5622 932 5657 ⁸⁸
959 5617 1436 5730 πέριγρᾶφιξμξνος
1467 5617 1657 5730 κῗὶτῇ
1691 5619 1810 5730 ἕλῃ.
1824 5639 1942 5730 01;.
1973 5621 2089 5680 AB‘
2165 5619 2211 5656 ⁹⁴
2235 5639 2354 5675 τινα
2376 5619 2501 5692 τοῦ]
2532 5617 2696 5674 αὐτοῦ
2741 5625 2854 5678 ΑΒ.
2891 5617 2979 5656 ’9⁵
3035 5617 3246 5680 ἱαυτοῖῖ
3445 5617 3524 5660 κ’
3548 5617 3722 5694 δπάβ.

312 5695 422 5773 χει]
450 5692 586 5756 libri
620 5694 908 5772 ὑπάρχειν.
989 5692 1041 5730 ⁷⁷
1071 5692 1467 5769 timid—siste“
1498 5697 1585 5752 AB
1619 5692 1642 5752 τ’
1667 5692 1837 5751 εἰπεῖν
1867 5693 1951 5771 ς’.
