4138 6224
446 375 595 434 1151

512 510 662 575 Quin
684 514 738 566 et
752 512 834 566 ita
849 519 1256 584 argumentare
1275 514 1604 571 :Materiam
1619 530 1755 586 ergo
1769 514 2081 569 informem
2116 513 2166 579 Α

440 597 527 653 ais
557 600 853 655 exstitisse
884 618 1019 657 cum
1046 607 1179 671 Deo,
1198 620 1266 659 ex
1298 620 1413 676 qua
1434 605 1720 660 mundum
1740 602 2091 659 creavit?lta

444 687 589 742 mihi
624 690 870 747 videtur.
906 691 1106 748 Nonne
1129 694 1323 763 igitur,
1341 694 1388 750 si
1412 694 1679 751 informis
1709 698 1833 749 erat
1854 692 2094 747 materia

440 776 592 848 [sine
626 779 1048 853 qualitatibus],
1075 783 1360 839 formatus
1382 789 1472 840 est
1495 784 1749 839 mundus
1776 800 1808 837 a
1840 787 1951 836 Deo
1974 780 2001 835 ?
2033 782 2090 835 in

438 869 659 924 mundo
679 873 875 925 autem
899 876 1039 926 sunt
1070 872 1416 943 qualitates;
1450 873 1801 945 qualitatum
1834 871 2095 928 conditor

436 954 739 1012 fuit‘Deus.
756 957 839 1013 Ita
857 965 964 1015 est.
983 961 1267 1025 Quoniam
1282 979 1413 1018 vero
1436 963 1543 1018 tibi
1566 962 1799 1017 videtur
1828 960 2093 1030 impossi-

436 1043 552 1100 bile
574 1062 704 1102 esse
722 1049 985 1107 ut305b
1016 1066 1084 1106 ex
1114 1051 1295 1107 nihilo
1327 1052 1427 1107 fiat
1449 1051 1686 1122 aliquid,
1719 1051 1998 1122 responde
2021 1051 2091 1105 ad

437 1134 814 1204 quaestionem
851 1156 863 1192 :
912 1137 1270 1195 Videnturne
1303 1141 1408 1196 tibi
1451 1140 1757 1212 qualitates
1790 1139 1992 1195 mundi
2023 1156 2092 1194 ex

439 1239 554 1278 non
587 1225 869 1295 subjectis
899 1229 1284 1299 qualitatibus
1316 1230 1480 1285 factas
1504 1231 1533 1285 ?
1560 1229 1859 1285 Videntur.
1892 1230 1959 1283 Et
1987 1228 2091 1284 has

439 1326 569 1368 esse
596 1313 814 1385 aliquid
841 1317 999 1372 aliud
1018 1335 1051 1373 a
1073 1319 1403 1374 substantia
1422 1318 1759 1375 existimas?
1779 1319 1883 1384 Ita,
1908 1318 2087 1373 aliud.

438 1401 641 1458 Nonne
689 1419 848 1475 ergo,
894 1406 942 1460 si
994 1411 1143 1462 Deus
1196 1408 1498 1478 qualitates
1542 1425 1612 1464 ex
1646 1426 1759 1464 non
1809 1408 2090 1478 subjectis

438 1490 815 1562 qualitatibus
856 1496 1137 1562 condidit,
1169 1514 1296 1568 qua
1327 1514 1395 1552 ex
1425 1498 1763 1553 substantiis
1805 1514 1919 1553 non
1957 1502 2089 1552 sunt

435 1580 619 1645 factae,
655 1598 783 1637 cum
819 1583 1161 1640 substantia
1191 1602 1305 1641 non
1340 1584 1458 1641 sint
1479 1586 1814 1657 qualitates,
1849 1586 1957 1641 erit
1988 1603 2090 1642 ne-

436 1684 598 1724 cesse
632 1670 823 1726 dicere
844 1672 975 1728 illas
1008 1690 1073 1729 ex
1106 1673 1291 1729 nihilo
1317 1693 1350 1730 a
1384 1676 1492 1730 Deo
1523 1692 1651 1731 esse
1683 1683 1907 1732 creatas
1942 1692 1954 1729 :
1988 1692 2090 1731 su-

439 1774 857 1830 pervacaneum
882 1766 1072 1818 autem
1092 1764 1203 1820 erit
1232 1766 1437 1821 dooere
1458 1765 1604 1821 nihil
1629 1783 1662 1821 a
1689 1770 1799 1822 Deo
1821 1782 1890 1821 ex
1906 1765 2089 1820 nihilo

1651 378 1918 440 PHOTII
1962 374 2243 437 PATRIA
2258 372 2483 434 RCHE
2523 372 2638 432 GP.

3696 372 3855 431 “52

2270 524 2405 597 Λὲγε
2437 522 2493 577 δὲ
2523 521 2611 577 καὶ
2644 518 2768 576 ῶδὲ’
2806 518 2926 595 Φῄς
2957 520 3141 575 τοίνυν
3175 517 3369 574 ἄποιον
3406 518 3551 590 ὅλην
3586 518 3857 595 συνυπάρ-

2201 632 2321 690 χειν
2349 617 2426 683 τῷ
2459 616 2594 684 Θεῷ,
2629 610 2679 681 ἐξ
2709 613 2775 679 ἧς
2801 611 2900 679 τὴν
2938 613 3033 663 τοῦ
3060 607 3277 681 κόσμου
3318 609 3523 683 γένεσιν
3552 607 3857 683 ἐδημιούρ-

2202 721 2408 779 γησεν;
2441 705 2595 758 Οὕτω
2628 724 2723 776 μοι
2769 699 2938 759 δοκεῖ.
2990 701 3200 759 Οὐκοῦν
3236 702 3281 757 εί
3315 699 3509 764 ἄποιος
3558 701 3856 779 ἐτύγχανεν

2203 796 2238 862 ἡ
2289 794 2418 863 ὕλη,
2468 794 2658 868 γέγονε
2702 791 2757 848 δὲ
2803 792 3012 864 κόσμος
3061 793 3198 865 πρὸς
3237 796 3335 848 τοῦ
3384 790 3543 860 Θεού,
3604 790 3660 846 ἐν
3691 789 3755 847 δὲ
3783 796 3858 863 τῷ

2201 878 2393 954 κόσμῳ
2423 882 2477 935 αἱ
2504 883 2816 951 ποιότητες,
2846 885 2951 935 τῶν
2982 882 3295 950 ποιοτήτων
3328 881 3517 957 γέγονε
3543 882 3797 950 ποιητὴς
3827 882 3854 935 ὁ

2204 972 2374 1039 Θεός;
2408 970 2598 1033 Οὕτως
2629 967 2766 1046 ἔχει.
2800 973 2928 1044 [944
2979 971 3074 1045 R.]
3122 969 3273 1025 Ἐπεὶ
3324 967 3381 1025 δέ
3428 991 3514 1025 σοι
3573 968 3731 1025 δοκεῖ
3770 970 3856 1025 καὶ

2203 1063 2276 1124 ὡς
2327 1060 2584 1117 ἀδύνατον
2630 1060 2682 1132 ἐξ
2740 1061 2845 1116 οὐκ
2900 1056 3065 1115 ὄντων
3122 1058 3362 1136 γίνεσθαί
3402 1080 3480 1133 τι,
3548 1061 3691 1136 πρὸς
3758 1062 3854 1129 τήν

2201 1150 2467 1225 ἐρώτησιν
2520 1152 2803 1225 ἀπόκριναι
2853 1150 2921 1209 9⁸,
2972 1153 3131 1204 Δοκεῖ
3190 1170 3276 1204 σοι
3334 1150 3427 1211 τὰς
3492 1153 3593 1205 τοῦ
3642 1148 3854 1223 κόσμου

2200 1241 2497 1311 ποιότητας
2531 1240 2576 1277 ⁹⁹
2629 1241 2704 1313 μή
2758 1237 2808 1311 ἐξ
2866 1238 3240 1311 ὑποκειμένων
3289 1234 3568 1315 γεγονέναι
3621 1241 3857 1307 ποιοτή-

2198 1351 2351 1400 των;
2405 1334 2589 1392 Δοκεῖ.
2640 1331 2863 1404 Ἕτερον
2919 1327 2977 1384 δέ
3023 1350 3075 1384 τι
3123 1330 3269 1403 παρὰ
3313 1329 3411 1392 τὰς
3449 1328 3639 1389 οὐσίας
3676 1326 3855 1401 ὑπάρ-

2198 1439 2316 1495 χειν
2364 1420 2566 1487 αὐτάςς
2611 1416 2794 1481 Οὕτως
2846 1416 2984 1497 ἔχει.
3036 1417 3245 1476 Οὐκοῦν
3294 1417 3339 1472 εἷ
3376 1418 3515 1489 μήτε
3545 1417 3598 1487 ἐξ
3636 1416 3859 1471 ὑποκει-

2204 1507 2375 1579 μὲνων
2431 1510 2744 1579 ποιοτήτων
2802 1508 2898 1571 τὰς
2954 1506 3254 1576 ποιότητας
3324 1503 3770 1581 ἐδημιούργησεν
3829 1505 3855 1558 ὁ

2200 1599 2350 1666 Θεὸς,
2390 1599 2529 1670 μήτε
2559 1596 2620 1652 ἐκ
2646 1603 2755 1652 τῶν
2790 1597 2987 1652 οὐσιῶν
3029 1596 3339 1674 ὑπάρχουσι
3369 1599 3449 1667 τῷ
3484 1592 3626 1668 μηδὲ
3665 1594 3856 1656 οὐσίας

2199 1685 2360 1746 αὐτὰς
2411 1688 2567 1756 εἶναι,
2619 1686 2680 1741 ἐκ
2740 1688 2814 1759 μὴ
2868 1681 3037 1741 ὄντων
3080 1684 3247 1747 αὐτὰς
3300 1685 3402 1740 ὑπὸ
3452 1688 3587 1739 Θεοῦ
3633 1686 3857 1760 γεγονὲ-

2200 1779 2331 1831 ναι¹
2390 1777 2595 1851 ἀνάγκη
2657 1776 2847 1835 εἰπεῖν.
2910 1776 3161 1852 [Ιεριττὸν
3223 1773 3325 1850 ἄρα
3378 1776 3441 1831 τὸ
3502 1772 3748 1847 δοξάζειν
3782 1775 3855 1836 ὡς

438 1846 651 1903 factum
685 1864 834 1904 esse.
860 1852 1162 1909 Enimvero
1197 1871 1287 1909 res
1317 1855 1385 1910 de
1426 1855 1531 1910 hoc
1563 1855 1957 1927 [argumento]
2015 1855 2094 1910 ita

2205 1866 2349 1922 οὐδὲν
2387 1865 2439 1935 ἐξ
2473 1837 2571 1921 οὐκ
2618 1861 2789 1921 ὅντων
2829 1837 3033 1940 γίνεται
3082 1865 3216 1941 πρὸς
3274 1868 3370 1919 τοῦ
3421 1866 3576 1920 Θεοῦ.
3621 1860 3790 1920 Ἀλλ’
3830 1864 3857 1917 ὁ

440 1937 915 1994 decidatur.Nam
934 1942 1107 1996 etiam
1134 1944 1286 2013 apud
1308 1960 1413 1999 nos
1434 1943 1696 1999 videmus
1709 1944 1972 2014 quaedam
1992 1958 2094 2014 per

440 2024 705 2082 homines
745 2044 813 2083 ex
845 2028 1047 2083 nihilio
1081 2031 1225 2099 fieri,
1261 2036 1320 2087 ut
1352 2034 1401 2087 si
1435 2032 1764 2102 exemplum
1796 2032 1867 2087 ab
1900 2029 2091 2086 archi-

439 2115 743 2169 tectonicis
775 2116 1075 2186 capiamus
1104 2135 1116 2173 :
1150 2122 1385 2190 quando
1417 2121 1476 2175 hi
1508 2121 1681 2176 urbes
1703 2138 1770 2176 ex
1795 2139 1907 2177 non
1932 2120 2090 2176 urbi-

438 2200 554 2256 bus
603 2204 879 2268 condunt,
911 2210 968 2260 et
1007 2207 1221 2276 templa
1267 2224 1335 2262 ex
1383 2225 1497 2265 non
1548 2210 1804 2281 templis.
1850 2208 2090 2275 Quodsi,

440 2288 579 2360 quia
610 2289 703 2346 his
724 2292 1065 2349 substantiae
1090 2295 1363 2365 subjecta:
1387 2297 1527 2363 sint,
1553 2298 1856 2354 existimas
1883 2298 1953 2353 ab
1976 2298 2092 2354 illis

440 2377 565 2434 hec
614 2395 679 2435 ex
738 2381 911 2437 rebus
959 2383 1344 2440 existentibus
1383 2387 1530 2455 ﬁeri,
1579 2388 1799 2443 falleris
1845 2388 2090 2442 ratione.

444 2470 638 2541 Neque
658 2472 813 2527 enim
838 2474 1166 2530 substantia
1182 2477 1380 2533 condit
1404 2477 1717 2547 civitatem,
1734 2485 1833 2536 aut
1850 2479 2090 2551 templa,

442 2560 538 2613 sed
568 2577 660 2616 ars
691 2578 818 2633 quas
851 2564 1000 2620 circa
1030 2566 1421 2623 substantiam
1455 2568 1579 2639 (seu
1609 2570 1939 2643 materiam)
1967 2588 2093 2628 ver-

439 2651 620 2719 satur,
655 2667 786 2722 quas
819 2668 931 2708 non
963 2670 1033 2710 ex
1079 2656 1343 2726 subjecta
1373 2656 1571 2729 aliqua
1602 2667 1722 2714 arte
1767 2676 1891 2731 qua
1925 2660 2003 2715 sit
2032 2661 2092 2715 in

438 2737 788 2808 substantia,
822 2744 1179 2813 producitur,
1214 2748 1315 2803 sed
1373 2765 1441 2803 ex
1480 2765 1546 2805 ea
1577 2766 1699 2821 quas
1740 2768 1855 2807 non
1907 2756 1995 2808 est
2032 2752 2091 2808 in

436 2825 577 2897 illis,
612 2830 858 2885 exsistit.
893 2832 1003 2888 Sed
1056 2836 1267 2891 videris
1299 2836 1441 2892 mihi
1494 2838 1602 2895 hac
1651 2841 1872 2899 ratione
1921 2842 2093 2898 dictis

440 2930 762 2985 occurrere,
788 2920 858 2975 ab
890 2923 1110 2978 artiﬁce
1142 2941 1243 2995 per
1272 2931 1455 2982 artem
1481 2927 1703 3000 aliquid
1737 2930 1797 2987 in
1821 2932 2094 2988 substan-

443 3004 522 3060 tia
556 3006 677 3061 ﬁeri
714 3024 726 3063 :
761 3011 1081 3081 respondeo
1113 3015 1185 3069 ad
1215 3014 1345 3085 hoc,
1379 3033 1485 3073 nec
1512 3019 1571 3073 in
1598 3018 1834 3077 homine
1862 3021 2092 3092 quidem

443 3102 626 3151 artem
673 3112 743 3151 ex
784 3098 1047 3168 subjecta
1094 3106 1215 3158 arte
1265 3104 1462 3177 aliqua
1492 3107 1638 3178 ﬁeri,
1669 3124 1737 3165 eo
1786 3111 1941 3182 quod
1974 3127 2093 3168 non

445 3184 630 3255 possit
662 3185 993 3244 substantia
1024 3204 1089 3245 ex
1135 3206 1197 3247 se
1224 3170 1406 3248 artem
1446 3170 1768 3265 procreare.
1794 3170 1889 3255 bist
1935 3202 2090 3256 enim
2124 3170 2167 3239 θ

441 3287 537 3327 ars
569 3288 637 3327 ex
685 3272 803 3329 illis
852 3276 1273 3349 accidentibus,
1306 3299 1430 3353 quas
1480 3288 1606 3341 tum
1659 3286 1871 3343 habent
1918 3305 2092 3345 suum

441 3376 589 3427 esse,
605 3363 836 3430 quando
858 3364 918 3420 in
941 3366 1275 3425 substantia
1296 3370 1515 3443 aliquat
1536 3374 1713 3430 ﬁunt:
1734 3375 1911 3433 homo
1933 3379 2089 3434 enim

441 3448 618 3505 etiam
670 3450 795 3507 sine
844 3458 1127 3513 tectonioa
1174 3459 1283 3514 erit
1323 3459 1515 3518 homo.
1549 3463 1858 3521 Tectonica
1896 3472 2092 3524 autem

444 3538 606 3595 nulla
631 3540 758 3610 erit,
788 3543 900 3599 nisi
940 3546 1103 3615 prius
1134 3547 1307 3605 homo
1341 3551 1614 3610 extiterit.
1649 3554 1811 3611 Unde
1853 3561 2005 3613 artes
2034 3556 2094 3612 in

445 3628 778 3687 hominibus
809 3650 877 3689 ex
910 3652 1023 3691 non
1056 3640 1210 3707 ente,
1233 3642 1522 3710 procreari
1546 3647 1873 3703 necessario
1902 3647 2097 3704 dicen-

445 3718 587 3774 dum
627 3725 733 3775 est.
768 3720 913 3794 Ergo
944 3724 995 3779 si
1043 3724 1152 3782 hoc
1193 3728 1271 3785 ita
1300 3747 1361 3786 se
1405 3730 1617 3789 habere
1664 3734 1723 3790 in
1755 3735 2096 3795 hominibus

446 3809 834 3881 ostendimus,
866 3819 1159 3885 quomodo
1191 3834 1305 3874 non
1339 3836 1573 3892 aequum
1594 3824 1703 3880 erit
1731 3825 1944 3897 dicere,
1980 3845 2095 3884 non

447 3896 641 3953 solum
674 3901 991 3971 qualitates
1039 3921 1072 3960 a
1106 3906 1216 3963 Deo
1255 3923 1325 3964 ex
1372 3928 1488 3967 non
1533 3896 1964 3985 exsislentibus,
1997 3919 2096 3973 sed

446 3987 623 4078 etiam
656 3990 1009 4049 substantias
1038 4011 1209 4066 posse
1249 3998 1372 4054 ﬁeri
1395 4001 1423 4055 ?
1450 4006 1602 4059 Dum
1632 4005 1789 4061 enim
1822 4007 2099 4078 possibile

444 4076 694 4149 videtur,
730 4084 793 4135 ut
822 4080 1042 4155 aliquid
1077 4101 1144 4141 ex
1184 4087 1368 4144 nihilo
1400 4090 1520 4161 ﬁat,
1552 4076 1882 4151 ostenditur
1920 4098 2097 4154 etiam

445 4167 807 4225 substantias
840 4187 907 4226 ex
934 4173 1116 4231 nihilo
1150 4177 1272 4232 fieri
1303 4195 1494 4249 posse.

522 4255 739 4313 Iterum
800 4275 930 4317 vero
977 4263 1420 4336 disceptandum
1480 4276 1569 4327 est
1615 4273 1687 4328 de
1730 4275 1923 4332 malis.
1958 4277 2101 4334 Mala

448 4344 796 4404 videaturne
826 4350 934 4405 tibi
966 4368 1093 4408 esse
1125 4355 1489 4413 substantias.
1513 4377 1585 4415 an
1620 4362 1930 4433 qualitates
1961 4366 2101 4421 sub-

452 4434 800 4491 stantiarum
822 4438 849 4492 ?
871 4439 1211 4504 Qualitates.
1229 4444 1468 4503 Materia
1489 4454 1688 4506 eratne
1709 4451 1835 4507 sine
1855 4454 2097 4525 qualita-

448 4521 698 4591 tibus,et
718 4525 1025 4584 informis?
1046 4530 1364 4590 Erat.Sunt
1379 4537 1534 4594 enim
1560 4538 1678 4594 haec
1709 4508 1915 4598 omnia
1935 4508 2093 4598 éolal
2129 4508 2174 4572 Β

446 4611 644 4681 posita
664 4628 796 4669 cum
821 4615 1153 4675 substantia
1170 4636 1238 4676 ex
1268 4622 1341 4678 iis
1370 4642 1497 4696 quae
1523 4626 1798 4683 accidunt
1820 4631 2097 4686 substan-

444 4698 559 4793 tiae.
584 4700 779 4773 Neque
810 4705 965 4762 enim
996 4707 1381 4770 homicidium
1413 4720 1503 4772 est
1532 4716 1883 4789 substantia,
1909 4735 2095 4793 neque

445 4789 769 4863 quidquam
783 4794 1029 4852 aliorum
1048 4800 1355 4873 malorum,
1374 4806 1474 4863 sed
1490 4789 2097 4878 abOperationedeno-

445 4881 770 4939 minantur.
790 4884 989 4957 Neque
1004 4888 1159 4946 enim
1184 4894 1367 4949 caedes
1386 4899 1475 4951 est
1497 4895 1694 4966 homo,
1712 4900 1810 4955 sed
1832 4899 2094 4957 faciendo

445 4970 618 5042 hanc,
694 4973 988 5033 homicida
1064 4979 1199 5037 inde
1275 4985 1741 5057 cognominatur,
1814 4990 1915 5061 qui
1980 5007 2093 5048 non

442 5064 533 5152 est
593 5061 719 5133 ipsa
780 5065 986 5136 credes,
1048 5084 1260 5143 neque,
1325 5078 1387 5130 ut
1461 5077 1807 5148 compendio
1879 5079 2095 5152 dicam,

440 5150 762 5221 quidquam
794 5170 861 5211 ex
893 5156 1025 5214 aliis
1060 5160 1229 5216 malis
1261 5165 1350 5218 est
1382 5164 1734 5235 substantia,
1752 5168 1853 5224 sed
1886 5150 2093 5227 806d

444 5237 599 5294 mala
647 5241 759 5296 dici
810 5249 996 5315 potest
1042 5248 1308 5308 faciendo
1356 5253 1577 5326 aliquid
1625 5256 1784 5312 mali.
1816 5256 2096 5315 Similiter

442 5326 820 5387 ratiocinare:
864 5335 925 5390 Si
964 5336 1098 5407 quid
1132 5340 1287 5397 aliud
1332 5343 1527 5401 animo
1574 5348 1908 5419 conceperis
1939 5350 2094 5420 quod

443 5414 670 5473 homini
700 5420 778 5477 sit
807 5440 989 5483 causa
1015 5429 1304 5489 malorum
1338 5452 1352 5491 :
1380 5434 1537 5492 velut
1566 5442 1658 5495 est
1677 5414 1820 5495 illud
1845 5414 2089 5510 mal-um,

2207 1956 2299 2028 μὲν
2340 1954 2465 2027 περὶ
2523 1953 2717 2010 τούτου
2777 1952 2945 2030 λόγος
3006 1951 3115 2008 ὧδε
3179 1952 3373 2027 ἐχέτω.
3442 1951 3547 2008 Καὶ
3592 1950 3698 2028 γὰρ
3730 1953 3857 2027 παρ’

2203 2046 2337 2117 ἡμῖν
2400 2045 2615 2119 ὁρῶμεν
2670 2044 2992 2117 ἀνθρώπους
3050 2040 3099 2112 ἐξ
3160 2041 3260 2097 οὐκ
3316 2037 3488 2097 ὅντων
3561 2039 3857 2102 ποιοῦντιὶς

2201 2156 2344 2202 τινα,
2400 2135 2517 2187 οἷον
2565 2132 2653 2187 ἐπὶ
2700 2138 2807 2188 τῶν
2869 2133 3333 2208 ἀρχιτεκτονικων
3386 2132 3450 2187 τὸ
3504 2128 3860 2206 παράδειγμα

2204 2218 2482 2296 λάϐωμεν·
2513 2223 2547 2291 ἧ
2592 2224 2613 2257 ²
2641 2222 2741 2298 γὰρ
2774 2222 2924 2276 οὗτοι
2950 2225 3170 2276 ποιοῦσι
3201 2218 3396 2285 πόλεις
3426 2220 3529 2275 οὐκ
3550 2219 3611 2275 ὲκ
3638 2218 3862 2276 πόλεων

2202 2314 2289 2367 καὶ
2330 2312 2489 2372 ναοὺς
2521 2312 2621 2366 οὐκ
2650 2310 2709 2366 ὲκ
2739 2315 2897 2367 ναῶν.
2932 2310 3000 2366 Ei
3029 2307 3075 2364 δ’
3118 2312 3200 2365 ὅτι
3232 2310 3454 2373 τούτοις
3496 2307 3675 2366 οὐσίαι
3724 2308 3860 2364 ὒπό-

2200 2422 2427 2469 κεινται,
2459 2400 2563 2457 οἷέι
2603 2399 2652 2473 ἐξ
2704 2400 2852 2474 [οὐκ]
2915 2399 3083 2455 ὄντων
3131 2399 3329 2462 αὐτοὺς
3361 2399 3384 2435 ³
3434 2403 3605 2454 ταῦτα
3652 2403 3859 2466 ποιεῖν,

2200 2495 2279 2562 τῷ
2310 2490 2462 2565 λόγῳ
2494 2487 2736 2567 σφάλλῃ.
2770 2484 2909 2545 Οὐδὲ
2937 2488 3036 2563 γὰρ
3070 2492 3105 2558 ἡ
3148 2486 3305 2544 οὐσία
3350 2486 3491 2543 ἐστὶν
3539 2490 3575 2558 ἡ
3624 2490 3859 2543 ποιοῦσα

2199 2581 2298 2649 τὴν
2331 2577 2495 2633 πόλιν
2528 2578 2563 2647 ἢ
2596 2577 2721 2640 τοὺς
2745 2578 2927 2647 ναοὺς,
2956 2576 3084 2634 ἀλλ’
3108 2580 3142 2647 ἡ
3166 2578 3291 2652 περὶ
3314 2579 3413 2647 τὴν
3440 2578 3634 2633 οὐσίαν
3659 2577 3859 2651 τέχνη,

2202 2668 2236 2738 ἣ
2272 2669 2376 2722 οὐκ
2405 2667 2457 2739 ἐξ
2502 2666 2865 2742 ὑποκειμένης
2909 2668 3056 2730 τινὸς
3113 2666 3318 2742 τέχνης
3364 2666 3416 2722 ἐν
3462 2672 3584 2728 ταῖς
3643 2666 3857 2727 οὐσίαις

2202 2759 2427 2835 γίνεται,
2453 2756 2582 2813 ἀλλ’
2613 2757 2661 2828 ἐξ
2698 2758 2799 2813 οὐκ
2838 2752 3011 2827 ούσης
3051 2756 3102 2811 ἐν
3149 2758 3339 2820 αὐταῖς
3384 2756 3612 2833 γίνεται.
3652 2757 3855 2814 Ἀπαν-

2200 2849 2384 2919 τήσειν
2418 2844 2474 2902 δέ
2508 2868 2603 2920 μοι
2636 2844 2814 2909 δοκεῖς
2845 2845 2988 2901 οὕτω
3026 2850 3105 2918 τῷ
3136 2844 3308 2921 λόγῳ,
3342 2844 3425 2901 ὅτι
3471 2846 3738 2921 τεχνίτης
3788 2848 3857 2918 τῇ

2202 2936 2253 2992 ἐν
2294 2939 2363 3009 τῇ
2413 2934 2572 3007 οὐσίᾳ
2619 2935 2788 3011 τέχνῃ
2829 2940 2998 2994 ποιεῖ.
3054 2934 3211 3008 Φημὶ
3253 2932 3311 2989 δὲ
3350 2936 3487 3009 πρὸς
3552 2938 3718 2989 τοῦτο
3769 2932 3854 2988 ὅτι

2204 3023 2329 3081 οὐδὲ
2374 3024 2425 3080 ἐν
2474 3030 2555 3097 τῷ
2602 3025 2877 3099 ἀνθρώπῳ
2925 3019 2985 3079 ἔκ
3030 3044 3178 3087 τινος
3227 3022 3594 3097 ὑποκειμένης
3642 3024 3855 3101 τίχνης

2202 3115 2572 3191 προσγίνεται.
2606 3111 2746 3170 Οὐδὶ
2779 3114 2880 3188 γὰρ
2911 3108 3078 3169 ἔνεστι
3134 3114 3233 3182 τὴν
3279 3111 3361 3191 ἐφ’
3414 3113 3611 3182 εαυτῆς
3663 3112 3853 3168 οὐσίαν

2205 3202 2386 3260 δοῦναι
2443 3204 2543 3272 τήν
2595 3203 2798 3283 τέχνην
2835 3222 2847 3235 ’
2907 3207 3014 3258 τῶν
3071 3203 3174 3279 γὰρ
3235 3196 3666 3276 ωμῦεὸηκότων
3716 3200 3858 3270 ἐστὶ,

2200 3295 2291 3350 καὶ
2321 3298 2430 3351 τῶν
2461 3291 2585 3348 τότε
2616 3294 2679 3349 τὸ
2712 3292 2849 3348 εἶναι
2882 3291 3146 3368 ἑχόντων,
3183 3291 3383 3347 ὁπόταν
3432 3291 3487 3347 ἐν
3539 3290 3696 3363 οὐσίᾳ
3750 3290 3861 3345 τινὶ

2200 3386 2440 3462 γένηται.
2493 3388 2621 3458 [500
2677 3386 2772 3457 Η.]
2815 3386 2874 3442 Ὀ
2926 3384 3019 3457 μὲν
3068 3382 3167 3460 γὰρ
3219 3382 3505 3458 ἄνθρωπος
3554 3383 3647 3438 καὶ
3678 3383 3863 3459 χωρὶς

2198 3478 2297 3548 τῆς
2329 3481 2648 3544 τεκτονικῆς
2678 3472 2849 3542 ἔσται,
2871 3475 2907 3543 ἡ
2938 3470 2995 3529 δὲ
3027 3474 3128 3528 οὐκ
3150 3470 3297 3528 ἔσται
3322 3476 3341 3510 ⁸
3366 3471 3453 3528 ἐὰν
3488 3474 3567 3546 μή
3589 3473 3856 3548 πρότερον

2202 3565 2481 3638 ἄνθρωπος
2602 3564 2764 3621 ’ΌΘεν
2794 3562 2890 3624 τὰς
2912 3563 3109 3640 τὲχνας
3133 3560 3183 3631 ἐξ
3208 3560 3317 3636 οὐχ
3336 3557 3506 3615 ὅντων
3536 3559 3615 3621 εἱς
3648 3559 3861 3635 ἀνθρώ-

2200 3675 2335 3717 πους
2358 3654 2651 3731 πεφυκέναὶ
2685 3653 2927 3726 γίνέσθαι
2979 3648 3152 3726 λέγειν
3203 3650 3518 3727 ἀναγκαῖον.
3559 3649 3627 3707 Εἴ
3674 3649 3857 3705 τοίνυν

2201 3748 2365 3799 τοῦτο
2420 3740 2594 3805 οὕτως
2650 3740 2796 3817 ἔχειν
2852 3741 2935 3797 ἐπ’
3012 3741 3309 3816 ἀνθρώπων
3370 3738 3668 3813 ἐδείξαμεν,
3738 3744 3859 3803 πῶς

2206 3831 2333 3908 οὐχὶ
2359 3838 2603 3906 προσῆκε
2631 3833 2722 3886 τὸν
2757 3833 2887 3887 Θεὸν
2924 3833 3001 3905 μὴ
3064 3831 3226 3905 μὸνον
3295 3831 3596 3900 ποιότητας
3657 3829 3710 3900 ἐξ
3762 3829 3863 3884 οὐκ

2206 3917 2377 3978 ὅντων
2410 3922 2572 4000 φάναι
2605 3918 2856 3976 δύνασθαι
2883 3925 3084 3993 ποιεῖν,
3116 3918 3263 3976 ἀλλὰ
3293 3920 3380 3974 καὶ
3424 3918 3611 3981 οὐσίας
3638 3938 3651 3987 ;
3711 3923 3804 3989 Τῷ
3842 3919 3864 3954 ⁸

2205 4012 2308 4086 γὰρ
2369 4008 2596 4068 δυνατὸν
2646 4013 2874 4088 φανῆναι
2921 4012 2984 4065 τὸ
3033 4008 3272 4084 γίνεσθαί
3322 4030 3373 4065 τι
3414 4007 3464 4079 ἐξ
3525 4008 3627 4063 οὐκ
3665 4006 3861 4077 ὄντων,

2205 4101 2293 4155 καὶ
2324 4100 2418 4162 τὰς
2448 4097 2633 4161 οὐσίας
2666 4100 2839 4163 οὕτως
2878 4094 3027 4176 ἔχειν
3062 4096 3354 4156 δείκνυται.

2279 4276 2451 4334 Πάλιν
2500 4276 2557 4334 δὲ
2605 4275 2942 4349 διαληπτέον
2998 4282 3108 4334 τῶν
3155 4281 3334 4334 κακῶν
3373 4276 3517 4351 πὲρι.
3587 4276 3666 4332 Τὰ
3723 4278 3864 4333 κακᾶ

2207 4369 2435 4444 πότερον
2469 4370 2648 4425 οὐσίαι
2679 4390 2764 4424 σοι
2796 4367 3045 4426 δοκοῦσιν
3072 4369 3199 4425 εἶναι
3231 4370 3266 4440 ἢ
3298 4370 3591 4437 ποιότητες
3623 4367 3861 4436 οὐσιῶν;

2208 4458 2523 4529 Ποιότητες.
2552 4460 2615 4515 Ἠ
2656 4457 2712 4515 δὲ
2760 4458 2865 4530 ὕλη
2917 4460 3108 4522 ἄποιος
3149 4460 3214 4528 ἦν
3256 4459 3347 4513 καὶ
3396 4458 3865 4533 ἆσχημᾶτιστοςς

2206 4547 2417 4610 Οὕτως.
2462 4547 2766 4605 Πέπλεκται
2816 4548 2919 4623 ἄρα
2965 4548 3033 4604 τὰ
3082 4548 3323 4621 ὀνόματα
3368 4552 3537 4604 ταῦτα
3577 4552 3650 4621 τῇ
3699 4548 3865 4619 οὐσιᾳ

2208 4636 2268 4692 ἐκ
2294 4641 2402 4692 τῶν
2436 4633 2867 4712 συμϐεϐηκότων
2906 4637 3065 4711 αὐτῇ.
3099 4636 3237 4695 Οὕτέ
3274 4639 3375 4714 γὰρ
3422 4636 3562 4693 ἐστιν
3613 4637 3640 4691 ὁ
3684 4637 3858 4713 φόνος

2204 4727 2239 4794 ἡ
2274 4725 2432 4781 οὐσίὰ
2462 4724 2587 4782 οὔτε
2613 4728 2666 4781 τὶ
2696 4730 2802 4782 τῶν
2836 4724 3026 4782 ἄλλων
3067 4730 3271 4796 κακῶν,
3304 4725 3433 4782 ἀλλ’
3462 4725 3523 4781 ἐκ
3568 4729 3673 4779 τῶν
3704 4723 3860 4802 ἐνερ-

2204 4819 2365 4890 γειῶν
2413 4817 2875 4890 παρονομάζεται.
2933 4816 3073 4875 Οὔτε
3119 4816 3223 4891 γὰρ
3272 4816 3434 4889 φόνος
3485 4816 3514 4870 ὁ
3544 4812 3859 4888 ἄνθρωπος,

2204 4901 2352 4958 ἀλλὰ
2415 4908 2493 4976 τῷ
2550 4902 2906 4981 ἐνηργηκέναι
2968 4909 3162 4960 τοῦτον
3249 4903 3600 4978 παρωνύμως
3662 4902 3864 4979 φονεὺς

2204 4994 2664 5069 παρονομάζεται,
2702 4996 2778 5068 μὴ
2812 4992 2886 5051 ὢν
2929 4995 3093 5073 φόνος
3132 4992 3313 5058 αὐτός’
3363 4993 3486 5049 οὔτε
3530 4990 3861 5063 συλλήϐδην

2204 5081 2372 5137 εἰπεῖν
2417 5104 2471 5138 τι
2517 5088 2624 5139 τῶν
2672 5082 2858 5141 ἄλλων
2910 5087 3091 5141 κακῶν
3134 5084 3274 5140 ἐστιν
3308 5086 3341 5153 ἦ
3374 5083 3555 5150 οὐσία,
3590 5080 3745 5138 ἀλλὰ
3780 5086 3865 5153 τῷ

2203 5171 2398 5245 πρᾶξαί
2438 5195 2489 5229 τι
2528 5179 2635 5229 τῶν
2664 5178 2846 5230 κακῶν
2873 5176 3017 5245 κακὴ
3051 5173 3300 5250 λέγεσθαι
3333 5170 3576 5229 δύναται,
3612 5171 3860 5245 Ὁμοίως

2204 5259 2520 5336 ἐπινόησον,
2551 5262 2604 5318 εἷ’
2628 5284 2681 5319 τι
2707 5260 2891 5334 ἕτερον
2920 5262 3287 5327 ἀναπλάττεις
3318 5261 3368 5317 ἑν
3421 5266 3502 5334 τῷ
3548 5266 3625 5333 νῷ
3669 5264 3858 5316 κακῶν

2200 5357 2317 5414 τοῖς
2382 5353 2693 5429 ἀνθρώποις
2744 5352 2943 5424 αἴτιον,
3003 5354 3079 5417 ὡς
3140 5353 3409 5409 κάκεῖνοδ
3464 5350 3633 5407 κακόν
3679 5348 3732 5406 ἐν
3776 5355 3861 5422 τῷ

2203 5442 2423 5505 τούτοις
2479 5442 2708 5520 ἐνεργεῖν
2767 5445 2859 5499 καὶ
2918 5439 3254 5501 ὑποϐάλλειν
3310 5446 3487 5499 ποιεῖν
3542 5440 3611 5496 τὰ
3694 5436 3861 5497 κακά.

1818 5539 2059 5597 νΑΗιιΕ
2096 5540 2397 5600 LECTION
2405 5544 2502 5601 ES.

515 5617 557 5653 "
588 5616 847 5697 ἀπόκρινε
878 5623 959 5697 ς’.

438 5688 463 5723 ⁵
483 5683 632 5745 ἔσται
664 5683 757 5749 bis
787 5683 1046 5758 nmiae.
1124 5700 1149 5735 ⁸
1172 5683 1584 5780 τῷί

1038 5628 1082 5663 ⁸⁸
1109 5630 1405 5718 ποιότητας
1437 5635 1775 5718 τοὶκὸσμου
1959 5639 1975 5673 ¹
2008 5638 2224 5718 γέγονεν
2249 5645 2312 5698 Δ.
2390 5640 2415 5677 ⁸
2441 5640 2477 5713 ἦ
2509 5642 2551 5700 Β
2578 5647 2636 5703 et
2668 5660 2815 5703 corr.
2846 5645 2892 5702 Α
2926 5659 2939 5702 :
2971 5640 3021 5699 εἲ
3208 5645 3229 5681 ³
3250 5640 3450 5704 αὐτούς
3470 5643 3510 5699 Β
3535 5658 3547 5701 :
3577 5638 3747 5703 αὐτάς
3766 5637 3860 5712 ς’.

1704 5708 1949 5772 κᾶκεῖνος
1978 5708 2145 5773 κακός
2171 5717 2211 5768 Β
2238 5721 2297 5772 It
2324 5708 2477 5773 corr.
2513 5718 2581 5775 Α.
