4100 6242
307 333 462 396 1183

1363 331 1908 394 BIBLIOTHECA.
1952 366 2030 379 —
2074 335 2250 418 COD.
2296 335 2656 400 CCXXXVI.

3557 348 3714 410 1154

304 465 458 522 Ἐστι
500 465 606 542 γὰρ
655 464 745 520 καὶ
796 463 958 527 αὐτὸς
1007 463 1170 526 κακὸς
1203 461 1255 536 ἐξ
1305 464 1379 518 ὧν
1405 469 1553 520 ποιεῖ
1583 481 1599 496 ·
1659 461 1750 518 διὰ
1794 467 1945 519 τοῦτο

2070 467 2225 540 quod
2256 469 2436 525 situm
2487 475 2573 526 est
2619 471 2678 526 in
2729 473 3219 532 subministrando
3249 481 3306 532 et
3344 481 3713 552 suggerendo

304 555 406 630 γὰρ
462 554 681 618 κακὸς⁷
751 553 883 608 εἶναι
951 551 1189 627 λέγεται,
1248 551 1334 608 ὅτι
1408 558 1516 608 τῶν
1591 556 1769 608 κακῶν
1844 553 1952 608 ἐστι

304 645 560 715 ποιητής.
593 651 660 699 *Α
688 641 745 698 δὲ
773 665 855 706 τις
894 647 1061 714 ποιεῖ,
1098 641 1196 697 οὐκ
1233 636 1376 697 ἔστιν
1408 641 1590 710 αὐτὸς,
1633 642 1760 697 ἀλλ’
1809 641 1952 718 ἐνέρ-

303 753 426 808 γεια
476 732 664 803 αὐτοῦ,
710 731 799 810 ἀφ’
853 733 926 785 ὧν
979 733 1078 801 τὴν
1131 731 1512 806 προσηγορίαν
1570 735 1667 786 τοῦ
1734 732 1897 796 κακὸς
1933 732 1958 767 ⁸

305 822 556 899 λέγεσθαι
617 817 912 894 λαμϐάνει.
962 821 1028 878 Ei
1071 823 1178 897 γὰρ
1236 819 1397 876 αὑτὸν
1447 820 1690 894 ε’ίποιμεν
1747 823 1882 876 εἶναι
1929 821 1960 877 ἃ

303 915 474 979 ποιεῖ,
506 915 658 965 ποιεῖ
704 907 760 964 δὲ
792 909 989 988 φόνους
1041 911 1132 964 καὶ
1177 911 1433 985 μοιχείας
1482 910 1568 964 καὶ
1622 911 1720 964 ὅσα
1769 908 1956 982 ὅμοια,

303 1000 463 1062 αὐτὸς
491 995 640 1056 ἔσται
673 1002 692 1037 ⁵
736 1004 906 1055 ταῦτα
939 1019 952 1032 ⁶
1005 999 1056 1054 εἷ
1087 1000 1144 1054 δὲ
1172 1000 1334 1063 αὐτός
1382 999 1492 1054 ἐστι
1539 1003 1726 1070 ταῦτα,
1760 998 1847 1054 ὅτε
1878 1000 1960 1074 γί-

301 1111 470 1158 νεται,
519 1090 622 1158 τήν
675 1088 925 1145 σύστασιν
973 1085 1113 1167 ἔχει.
1167 1089 1244 1146 Οὐ
1294 1089 1551 1164 γινόμενα
1603 1085 1659 1144 δὲ
1715 1090 1804 1143 καὶ
1862 1094 1958 1144 τοῦ

304 1178 440 1234 εἶναι
494 1177 740 1234 παύεταυ
803 1177 1004 1232 Γίνεται
1074 1174 1131 1232 δὲ
1189 1181 1357 1232 ταῦτα
1425 1178 1561 1253 πρὸς
1639 1179 1956 1253 ἀνθρώπων.

305 1271 560 1326 Ἔσονται
621 1270 724 1341 ἄρα
783 1269 992 1323 τούτων
1026 1269 1070 1303 ί⁰
1125 1268 1177 1321 οἱ
1233 1266 1511 1341 ἄνθρωποι
1569 1269 1817 1336 ποιηταὶ,
1870 1268 1960 1322 καὶ

309 1362 406 1413 τοῦ
435 1358 573 1414 εἶναι
604 1357 696 1412 καί
749 1355 948 1432 μηκέτι
982 1357 1113 1412 εἶναι
1162 1356 1351 1414 αἴτιοι.
1397 1359 1523 1430 [945
1579 1358 1672 1431 R.]
1720 1354 1878 1414 Ἀλλ’
1910 1356 1958 1411 εἴ
1994 1430 2000 1436 Ι

300 1447 355 1518 EE
400 1447 472 1502 ὧν
515 1445 722 1523 ἐνεργεῖ
767 1442 992 1508 ἵκαστος
1033 1447 1269 1524 ὑπάρχει
1317 1447 1503 1518 κακὸς,
1553 1445 1586 1501 ’ὰ
1633 1443 1691 1501 δὲ
1729 1445 1957 1521 ἐνεργεῖ,

305 1535 486 1611 ἀρχὴν
545 1539 642 1591 τοῦ
701 1536 834 1590 εἶναι
906 1530 1196 1608 λαμϐάνει,
1253 1535 1456 1610 ἤρξατο
1514 1536 1764 1598 κάκεῖνος
1822 1535 1956 1590 εἶναι

304 1625 493 1692 κακὸς,
525 1621 726 1700 ἤρξατο
759 1623 815 1679 δὲ
842 1623 933 1679 καὶ
965 1627 1132 1680 ταῦτα
1157 1625 1224 1680 τὰ
1250 1625 1408 1682 κακά.
1442 1623 1560 1681 Εἰδ’
1601 1624 1772 1688 οὕτως
1814 1619 1958 1699 ἔχει,

303 1713 405 1769 οὐκ
432 1709 577 1768 ἔστιν
609 1713 865 1790 ἀνάρχως
894 1735 977 1777 τις
1027 1714 1216 1787 κακὸς,
1250 1713 1373 1771 οὐδὲ
1421 1713 1660 1790 ἀγένητα
1686 1716 1754 1770 τὰ
1794 1716 1954 1770 κακά.

375 1983 387 2003 ρ
529 1983 543 2000 \
622 1983 636 1999 \
817 1982 833 2000 ς
1000 1983 1015 2001 \
1124 1983 1138 2000 ἱ
1225 1979 1250 2004 υ
1507 1985 1517 2002 Ι
1786 1988 1813 1998 ’³
1919 1985 1948 2006 Υ

391 1982 552 2039 Αλλα
583 2003 646 2038 το
678 1985 722 2020 ¹¹
777 2002 872 2056 μεν
917 2003 1055 2058 προς
1085 2003 1176 2037 τον
1229 2003 1410 2059 ετερον
1452 1981 1618 2059 λογον
1661 1984 1875 2055 ἱκανως,
1907 2006 1953 2038 ω

301 2069 448 2151 φίλε,
507 2070 862 2142 πεποιηκέναι
897 2093 990 2145 μοι
1043 2069 1238 2137 δοκεῖς.
1275 2073 1360 2143 Ἐξ
1392 2075 1466 2127 ὦν
1507 2076 1608 2149 γὰρ
1655 2071 1950 2149 προλαϐὼν

299 2158 469 2216 ἔδωκε
511 2165 590 2234 τῷ
636 2160 812 2239 λόγῳ,
861 2160 922 2217 ἐκ
961 2162 1174 2218 τούτων
1216 2163 1460 2237 συνάγειν
1511 2158 1694 2234 ἔδοξας
1741 2162 1950 2227 καλῶς.

298 2249 387 2310 Ὠς
421 2249 646 2320 ἀληθῶς
674 2251 799 2326 γὰρ,
833 2250 879 2305 εἰ
930 2249 1122 2313 ἄποιος
1174 2249 1470 2326 ἐτύγχανεν
1500 2254 1534 2321 ἡ
1586 2251 1714 2322 ὕλη,
1754 2257 1862 2307 τῶν
1896 2251 1952 2308 δὲ

301 2341 616 2410 ποιοτήτων
650 2341 697 2378 ¹²
745 2338 1081 2415 δημιουργὸς
1139 2342 1166 2395 6
1225 2342 1375 2410 Θεὸς,
1429 2342 1716 2411 ποιότητες
1772 2339 1828 2396 δὲ
1885 2343 1953 2398 τὰ

297 2430 456 2499 κακὰ,
489 2430 728 2500 ποιητὴς
759 2431 804 2465 ¹³
843 2434 951 2484 τῶν
983 2434 1161 2484 κακῶν
1211 2431 1238 2484 6
1270 2429 1416 2490 Θεός.
1454 2431 1616 2502 Ἐμοὶ
1650 2427 1707 2484 δὲ
1753 2428 1948 2505 ψεῦδος

301 2514 452 2573 δοκεῖ
506 2519 603 2588 τήν
660 2520 794 2585 ὕλην
853 2517 1046 2573 ἄποιον
1105 2517 1278 2594 λέγειν
1326 2538 1338 2550 ·
1410 2516 1534 2572 οὐδὲ
1586 2518 1689 2594 γὰρ
1748 2517 1947 2574 ἔνεστιν

302 2606 471 2663 εἰπεῖν
503 2607 628 2682 περὶ
676 2615 776 2678 τῆς
823 2629 968 2670 τινος
1000 2607 1188 2670 οὐσίας
1238 2609 1311 2669 ὡς
1360 2603 1499 2663 ἔστιν
1532 2605 1741 2672 ἄποιος.
1779 2607 1951 2664 Ἀλλᾶ

304 2697 411 2768 μὴν
463 2697 552 2752 καὶ
603 2695 656 2752 ἐν
707 2697 752 2771 ᾧ
818 2696 1010 2752 ἄποιον
1060 2698 1194 2752 εἶναι
1244 2695 1386 2772 λέγει
1423 2701 1490 2766 ¹⁴,
1539 2698 1637 2765 τὴν
1684 2698 1951 2769 ποιότητα

305 2783 474 2853 αὐτῆς
507 2785 722 2858 μηνύει,
758 2787 922 2840 ὁποία
951 2786 1094 2840 ἐστὶν
1125 2787 1159 2855 ἡ
1192 2785 1296 2856 ὕλη
1330 2783 1782 2864 διαγραφόμενος,
1817 2787 1950 2862 ὅπερ

297 2872 412 2930 ἕστὶ
444 2875 740 2944 ποιότητος
771 2874 934 2938 εἶδος.
969 2877 1127 2932 ’Ὁθεν
1161 2875 1214 2929 εἷ’
1236 2897 1323 2930 σοι
1353 2876 1514 2952 φίλον
1557 2876 1723 2946 ἐστὶν,
1752 2875 1952 2932 ἄνωθεν

297 2962 475 3042 ἄρχου
509 2965 550 3000 ¹⁵
578 2969 674 3019 τοῦ
706 2961 898 3039 λόγου.
930 2965 1091 3036 Ἐμοὶ
1121 2964 1224 3039 γὰρ
1251 2966 1286 3033 ἡ
1319 2963 1424 3034 ὕλη
1454 2964 1750 3034 ποιότητας
1784 2967 1946 3041 ἀνάρ‹

296 3076 419 3132 χως
477 3050 626 3132 ἔχειν
677 3050 871 3109 δοκεῖ·
925 3053 1068 3108 οὕτω
1117 3055 1220 3129 γὰρ
1275 3054 1364 3107 καὶ
1422 3056 1486 3108 τά
1544 3055 1684 3109 κακᾶ
1731 3055 1791 3108 ἐκ
1845 3063 1945 3124 τῆς

2065 555 2247 627 [hisce
2278 555 2639 630 hominibus]
2669 564 2735 616 ut
2757 561 2975 616 faciant
2999 562 3172 618 mala.
3197 563 3296 619 Est
3325 567 3482 622 enim
3509 572 3565 623 et
3587 569 3713 639 ipse

2065 645 2275 712 malus,
2305 646 2380 702 ob
2409 662 2475 702 ea
2499 663 2626 718 quas
2652 649 2788 704 facit
2817 655 3156 721 ;pr0pterea
3184 653 3340 708 enim
3372 657 3566 712 malus
3587 673 3716 715 esse

2067 734 2304 798 dicitur,
2337 737 2491 808 quod
2526 738 2601 792 sit
2659 746 2864 794 auctor
2894 739 3200 796 malorum.
3238 743 3368 806 Qua
3420 762 3549 801 vero
3591 751 3719 817 quis

2069 823 2230 890 facit,
2262 824 2313 880 is
2342 841 2458 880 non
2490 831 2581 881 est
2609 826 2667 882 id
2718 829 2915 899 ipsum
2973 831 3125 899 quod
3161 831 3323 898 facit,
3375 834 3473 887 sed
3527 835 3717 906 ipsius

2068 914 2347 983 operatio,
2378 915 2531 970 unde
2588 916 2714 987 ipse
2755 934 2968 974 nomen
3020 918 3160 975 mali
3215 920 3326 975 sibi
3383 924 3717 992 acquisivit.

2069 1001 2292 1057 Etenim
2325 1003 2374 1057 si
2407 1003 2596 1073 ipsum
2617 1020 2746 1060 esse
2771 1006 3092 1062 dixerimus
3125 1007 3178 1063 id
3213 1011 3370 1080 quod
3403 1013 3558 1081 facit,
3581 1013 3719 1069 facit

2068 1095 2264 1147 autem
2295 1093 2497 1162 cedes,
2533 1095 2825 1151 adulteria
2880 1101 2937 1152 et
2966 1096 3075 1152 hoc
3114 1114 3301 1168 genus
3332 1101 3570 1167 similia,
3603 1105 3715 1159 erit

2066 1179 2192 1250 ipse
2222 1179 2343 1236 haec
2373 1181 2526 1255 [qua
2558 1183 2735 1255 facit].
2778 1185 2839 1240 Si
2871 1193 3063 1241 autem
3095 1192 3185 1243 est
3214 1189 3340 1260 ipse
3373 1190 3513 1260 hac,
3541 1191 3715 1249 habet

2067 1285 2238 1325 suum
2272 1286 2420 1338 esse,
2444 1273 2676 1341 quando
2710 1273 3137 1346 fiunt,quando
3161 1282 3356 1333 autem
3392 1296 3505 1334 non
3542 1281 3714 1353 fiunt,

2065 1359 2239 1414 etiam
2271 1359 2396 1430 ipse
2416 1376 2543 1416 esse
2572 1361 2808 1416 desinit.
2845 1362 3020 1418 Fiunt
3048 1369 3246 1421 autem
3281 1366 3400 1422 hinc
3424 1368 3496 1424 ab
3521 1369 3712 1425 homi-

2065 1448 2242 1504 nibus
2274 1467 2290 1517 ;
2325 1448 2595 1505 homines
2625 1465 2762 1522 ergo
2793 1457 2966 1508 erunt
3015 1452 3227 1510 horum
3259 1464 3541 1529 auctores,
3574 1468 3630 1514 et
3655 1465 3722 1516 ut

2065 1537 2202 1605 sint,
2228 1538 2318 1594 vel
2333 1554 2448 1594 non
2466 1539 2604 1610 sint,
2629 1555 2841 1596 causa.
2857 1543 3033 1613 Atqui
3057 1542 3107 1598 si
3127 1544 3200 1600 ob
3223 1560 3288 1600 ea
3309 1562 3432 1616 quae
3467 1548 3720 1620 quisque

2062 1626 2223 1697 facit,
2238 1626 2429 1684 malus
2448 1631 2565 1696 est;
2582 1645 2707 1701 quae
2730 1633 2922 1685 autem
2947 1630 3082 1687 facit
3105 1632 3459 1706 principium
3474 1635 3716 1706 habent,

2064 1732 2198 1789 ergo
2227 1717 2400 1788 ccepit
2429 1721 2487 1774 et
2510 1717 2607 1773 ille
2623 1733 2752 1774 esse
2775 1718 2990 1790 malus,
3021 1724 3077 1776 et
3097 1727 3398 1793 cmperunt
3427 1740 3555 1780 esse
3584 1725 3714 1796 ipsa

1985 1808 2033 1876 Β
2065 1823 2298 1878 quoque
2331 1806 2501 1862 mala.
2565 1807 2726 1873 Quod
2777 1809 2825 1864 si
2863 1824 3066 1866 verum
3123 1815 3232 1879 est,
3265 1828 3402 1884 ergo
3435 1830 3605 1871 nemo
3638 1816 3710 1872 ab

2065 1900 2277 1952 aeterno
2293 1897 2506 1965 malus,
2522 1911 2712 1968 neque
2734 1904 2949 1954 mterna
2962 1899 3084 1955 sive
3105 1899 3368 1971 ingenita
3389 1905 3710 1960 suntmela.

2135 1985 2462 2054 Enimvero,
2494 1985 2702 2053 amice,
2727 1990 3066 2057 praesentem
3100 1990 3338 2059 quidem
3363 1991 3712 2063 disputatio-

2064 2090 2194 2130 nem
2211 2072 2356 2128 mihi
2380 2078 2582 2129 contra
2598 2073 2777 2129 alium
2794 2076 3719 2146 opportuniusviderisinstituis-

2062 2178 2146 2218 se.
2179 2161 2345 2217 Unde
2373 2161 2528 2218 enim
2558 2161 2660 2218 ille
2691 2162 2849 2218 visus
2881 2167 2974 2218 est
3014 2165 3296 2221 orationis
3335 2167 3720 2226 fundamenta

2062 2267 2313 2318 sumere,
2339 2250 2474 2306 inde
2499 2255 2560 2306 tu
2595 2251 2741 2307 bene
2784 2251 2946 2309 visus
2976 2253 3344 2311 concludere.
3383 2257 3519 2312 Vere
3550 2259 3708 2314 enim

2061 2341 2379 2413 disputasti
2405 2357 2418 2396 :
2442 2340 2490 2396 si
2514 2342 2754 2398 materia
2768 2341 3040 2398 informis
3053 2359 3155 2399 seu
3185 2344 3310 2400 sine
3323 2347 3708 2417 qualitatibus

2061 2429 2193 2496 fuit,
2249 2429 2595 2500 qualitatum
2647 2435 2840 2486 autem
2900 2435 3101 2487 auctor
3138 2431 3337 2502 Deus;
3392 2435 3544 2490 mala
3575 2451 3708 2492 vero

2061 2517 2376 2591 qualitates
2433 2518 2572 2586 sint,
2605 2519 2891 2574 malorum
2923 2535 3059 2591 ergo
3091 2521 3360 2576 conditor
3388 2521 3541 2578 Deus
3574 2525 3706 2579 erit.

2058 2609 2130 2663 At
2187 2607 2330 2662 mihi
2391 2607 2607 2662 falsum
2647 2608 2894 2674 videtur,
2928 2608 3230 2664 materiam
3265 2610 3571 2666 informem
3605 2629 3704 2669 seu

2063 2697 2189 2752 sine
2220 2695 2604 2768 qualitatibus
2635 2713 2784 2754 esse.
2837 2697 2918 2752 De
2964 2697 3128 2752 nulla
3161 2699 3317 2753 enim
3376 2700 3709 2758 substantia

2062 2787 2250 2860 possis
2281 2787 2570 2842 affirmare
2589 2786 2747 2842 illam
2774 2787 3077 2843 informem
3101 2803 3250 2844 esse.
3275 2788 3422 2854 Quin
3449 2789 3556 2845 hoc
3576 2791 3706 2862 ipso

2063 2876 2217 2947 quod
2249 2874 2559 2930 informem
2594 2874 2868 2946 appellat,
2903 2874 3242 2947 qualitatem
3272 2877 3398 2946 ejus
3419 2878 3697 2945 declarat,

2059 2969 2116 3020 et
2165 2962 2358 3035 qualis
2391 2963 2640 3018 materia
2671 2964 2750 3019 sit
2805 2963 3100 3034 describit,
3132 2966 3284 3035 quod
3345 2974 3429 3021 est
3478 2968 3701 3038 species

2057 3053 2378 3126 qualitatis.
2399 3053 2605 3119 Quare,
2631 3052 2678 3108 si
2712 3053 2813 3108 tibi
2844 3052 3050 3123 placet,
3083 3054 3258 3109 altius
3290 3055 3480 3124 ordire
3501 3055 3701 3128 dispu-
3751 3065 3753 3068 ‘

291 3142 588 3219 ἆποῤῥοίας
649 3142 813 3213 αὐτῆς
872 3144 1009 3197 εἶναι
1069 3143 1230 3216 λέγω.
1281 3148 1346 3197 Ὠ
1412 3143 1558 3222 φίλε,
1615 3145 1660 3198 εἶ
1718 3139 1945 3217 ἔμποιος

2062 3145 2359 3199 tationem.
2397 3142 2538 3197 Mihi
2570 3143 2724 3197 enim
2759 3143 3000 3197 materia
3030 3142 3341 3212 qualitates
3381 3146 3454 3199 ab
3484 3150 3698 3202 eterna

291 3233 358 3302 ἦν
412 3233 668 3308 ἀνάρχως
708 3234 741 3302 ἡ
805 3232 937 3304 ὕλη,
997 3232 1141 3294 τίνος
1192 3230 1293 3308 ἄρα
1345 3227 1492 3288 ἔσται
1527 3237 1569 3272 ¹⁸
1623 3237 1858 3305 ποιητὴς
1918 3235 1944 3290 ὁ

291 3325 420 3386 Θεός
451 3343 466 3395 ;
508 3323 614 3379 εἴτε
646 3325 747 3401 γὰρ
782 3323 966 3385 οὐσίας
998 3323 1252 3397 ἐροῦμεν,
1283 3324 1534 3399 προεῖναὶ
1579 3345 1753 3402 φαμεν
1788 3345 1800 3359 ο
1839 3323 1944 3380 εἷ’τε

290 3411 354 3466 αὑ
423 3409 744 3483 ποιότητος,
825 3414 914 3467 καὶ
1001 3414 1168 3474 αὑτὰς
1221 3415 1264 3450 ¹⁷
1334 3415 1600 3490 ὑπάρχειν
1677 3415 1938 3490 λὲγομεν.

290 3500 500 3557 Οὐκοῦν
561 3504 685 3575 [501
759 3503 854 3575 Η.)
914 3501 1096 3566 οὐσίας
1149 3523 1207 3557 τε
1267 3501 1433 3574 οὔσης
1487 3505 1576 3558 καὶ
1633 3505 1942 3574 ποιοτήτων

289 3591 538 3664 περιττὸν
568 3590 701 3646 εἶναι
745 3612 840 3663 μοι
883 3588 1034 3646 δοκεῖ
1072 3588 1408 3669 δημιουργὸν
1443 3592 1620 3667 λέγειν
1665 3594 1754 3647 τὸν
1791 3593 1937 3648 Θεὸν.

2057 3232 2270 3288 habere
2301 3232 2547 3286 videtur.
2607 3231 2692 3286 Ita
2722 3229 2962 3302 quippe,
2993 3247 3026 3286 ο
3083 3230 3289 3297 amice,
3321 3237 3380 3288 et
3435 3233 3585 3289 mala
3633 3251 3701 3291 ex

2053 3323 2254 3378 eodem
2316 3321 2471 3376 fonte
2502 3336 2841 3391 promanare
2889 3335 3102 3374 assero.
3154 3320 3212 3375 Si
3271 3322 3516 3376 materia
3573 3323 3698 3378 suis

2053 3413 2259 3468 affecta
2277 3409 2658 3482 qualitatibus
2676 3408 2746 3464 ab
2765 3417 2976 3464 interno
2995 3409 3124 3476 fuit,
3153 3409 3320 3479 cujus
3342 3409 3451 3465 erit
3473 3416 3699 3467 creator

2051 3501 2206 3558 Deus
2235 3500 2410 3555 ?Sive
2459 3499 2612 3554 enim
2655 3499 3016 3570 substantias
3067 3497 3389 3554 dixerimus
3450 3506 3694 3569 creatas,

2054 3591 2422 3648 afﬁrmamus
2453 3588 2721 3659 illasjam
2755 3593 2886 3643 ante
2919 3587 3138 3656 fuisse;
3172 3587 3293 3643 sive
3323 3605 3531 3646 rursus
3561 3607 3703 3661 qua-

286 3680 490 3748 litatis,
547 3687 604 3738 et
667 3682 798 3738 illas
855 3683 1126 3739 cxsitisse
1183 3687 1521 3741 asserimus.
1573 3685 1722 3756 Ergo
1783 3689 1839 3739 et
1869 3682 2211 3740 substantias
2273 3685 2329 3736 et
2382 3679 2732 3751 qualitatum
2795 3678 3156 3734 conditorem
3216 3694 3477 3734 asserere
3509 3681 3694 3735 Deum

286 3787 782 3843 supervacaneum
813 3773 958 3829 mihi
989 3773 1234 3830 videtur.
1896 3809 1900 3814 -

357 3857 520 3914 Ἀλλ’
561 3860 844 3933 ἀπόκριναι
887 3861 1264 3937 ἐρωτώμενος,
1297 3859 1403 3915 τίνι
1445 3858 1632 3933 τρόπῳ
1673 3857 1945 3933 δημιουρ-

284 3948 379 4022 γὸν
430 3947 568 4002 εἶναι
634 3947 742 4026 φῂς
806 3951 898 4004 τὸν
967 3957 1116 4020 Θεον,
1176 3951 1402 4025 πότερον
1464 3949 1546 4003 ὅτι
1605 3950 1698 4011 τὰς
1759 3947 1941 4010 οὐσίας

285 4033 504 4112 ἔτρεψεν
587 4037 787 4100 ἐκείνας
857 4037 932 4102 εἷς
1007 4041 1070 4094 τὸ
1151 4041 1347 4112 μηκέτι
1423 4037 1708 4113 ὑπάρχειν,
1780 4035 1942 4112 α’ίπερ

284 4127 422 4197 ἦσάν
481 4147 636 4200 ποτε,
684 4129 718 4196 ἢ
771 4129 853 4182 ὅτι
911 4129 1006 4190 τὰς
1064 4131 1158 4203 μὲν
1210 4127 1396 4190 οὐσίας
1444 4126 1693 4204 ἐφύλαξε,
1743 4127 1838 4187 τὰς
1887 4123 1944 4181 Si

283 4215 585 4287 ποιότητας
635 4215 808 4271 αὐτῶν
859 4215 1118 4292 iit-pedi“;
1169 4216 1294 4272 Οὕτι
1352 4238 1443 4291 μοι
1501 4214 1650 4272 δοκεῖ
1697 4215 1943 4292 ἀλλαγὴν

286 4305 487 4361 οὐσιῶν
524 4307 820 4384 γεγονέναι,
883 4305 1034 4362 ἀλλᾶ
1097 4307 1258 4382 μόνον
1327 4309 1660 4380 ποιοτήτων,
1703 4308 1819 4363 καθ’
1878 4306 1938 4369 ἃς

283 4394 631 4471 δημιουργὸν
675 4397 808 4450 εἶναι
866 4395 1103 4470 λέγομεν
1140 4399 1232 4452 τὸν
1292 4399 1420 4454 Θεόν
1459 4414 1476 4432 ⁸
1531 4399 1619 4452 καὶ
1680 4397 1860 4470 ὥσπερ
1895 4399 1938 4432 ¹⁸

310 4482 524 4541 ἷτύγοι
561 4482 740 4541 λέγειν
788 4484 847 4539 ἐκ
878 4483 1048 4539 λίθων
1095 4483 1271 4540 οἰκίαν
1319 4486 1620 4541 γεγονέναι.
1663 4484 1742 4541 ἐφ’
1776 4487 1821 4521 ¹⁹
1861 4487 1894 4540 ἆ

283 4503 329 4538 ει
359 4503 524 4559 τυχοι
563 4503 740 4560 Αεγειν
788 4503 847 4539 εκ
880 4503 1048 4539 Αιυων
1095 4503 1271 4540 οικιαν
1319 4503 1620 4562 γεγονεναι,
1663 4503 1740 4565 εφ’
1776 4503 1821 4521 ¹³
1861 4503 1935 4540 ων
1969 4515 2016 4577 D

282 4573 386 4628 οὐκ
444 4570 641 4628 ἔνεστιν
691 4572 858 4628 εἰπεῖν
900 4575 976 4637 ὡς
1027 4574 1207 4629 οὐκέτι
1248 4573 1398 4629 λίθοι
1466 4575 1684 4648 μένουσι
1733 4578 1801 4649 τῇ
1853 4573 1936 4629 oi:-

281 4663 373 4733 σία
418 4663 562 4718 οἰκία
605 4662 897 4739 λεγόμενοι
944 4664 995 4718 οἳ
1051 4663 1196 4718 Λίθοι
1241 4667 1331 4738 (τῇ
1382 4664 1482 4741 γὰρ
1534 4665 1788 4734 ποιότητι
1837 4671 1937 4734 τῆς

282 4753 579 4813 συνθέσεως
627 4754 727 4821 τήν
803 4751 974 4807 οἰκίαν
1039 4755 1315 4828 γεγονέναι
1375 4753 1566 4830 φημὶ),
1624 4755 1770 4809 οὕτω
1841 4774 1935 4827 μοι

281 4839 434 4895 δοκεῖ
471 4841 682 4895 καὶτὸν
729 4841 880 4912 Θεὸν,
925 4842 1302 4916 ὑπομενούσης
1344 4849 1443 4913 τῆς
1486 4842 1691 4914 οὐσίας,
1722 4845 1930 4918 τροπήν

279 4951 403 4986 τινα
467 4936 574 4986 τῶν
631 4932 946 5001 ποιοτήτων
1003 4931 1170 5002 αὐτῆς
1247 4932 1636 5002 πεποιηκέναι,
1693 4934 1811 4987 καθ’
1867 4933 1932 5001 ἢν

277 5022 382 5089 τήν
413 5017 575 5074 τοῦδε
601 5024 698 5075 τοῦ
740 5020 954 5094 κόσμου
1002 5021 1202 5095 γένεσιν
1233 5022 1368 5096 πρὸς
1419 5025 1514 5075 τοῦ
1545 5026 1683 5076 Θεοῦ
1725 5020 1935 5097 γεγονὲ·

275 5130 364 5164 ναι
407 5107 574 5186 φημί.
617 5110 852 5185 Πότερον
904 5109 996 5165 καὶ
1039 5110 1123 5166 σοὶ
1174 5107 1324 5165 δοκεῖ
1351 5111 1420 5165 τὰ
1456 5111 1594 5165 κακὰ
1645 5111 1935 5180 ποιότητες

274 5200 484 5256 οὐσιῶν
517 5199 694 5268 εῖναις
748 5203 924 5255 Δοκεῖ.
961 5201 1198 5257 Ἀνωθεν
1252 5198 1308 5255 δὲ
1353 5201 1488 5270 ἦσαν
1537 5202 1590 5255 αἱ
1640 5202 1931 5271 ποιότητες

2125 3860 2234 3914 Sed
2271 3860 2666 3929 interrogatus
2712 3857 2998 3928 responde
3031 3873 3044 3912 :
3077 3857 3200 3920 Qua
3258 3857 3484 3912 ratione
3513 3858 3697 3913 Deum

2053 3955 2370 4002 creatorem
2393 3962 2522 4001 esse
2551 3945 2718 4010 dicis,
2743 3962 2816 4000 an
2850 3946 3000 4016 quod
3026 3945 3414 4014 substantias,
3446 3963 3569 4016 quas
3593 3947 3698 4000 ali-

2051 4037 2286 4108 quando
2327 4036 2594 4102 fuerunt,
2640 4035 2699 4088 in
2752 4033 2999 4089 nihilum
3058 4033 3400 4104 redegerit?
3435 4051 3504 4088 an
3539 4037 3695 4106 quod

2052 4123 2415 4180 substantias
2445 4123 2682 4194 quidem
2717 4122 3092 4187 conservarit,
3127 4123 3225 4177 sed
3251 4115 3563 4193 qualitates
3595 4140 3692 4178 ea-

2051 4230 2179 4270 rum
2202 4211 2478 4268 mutarit?
2495 4211 2663 4267 Nulla
2680 4211 2818 4266 mihi
2834 4210 3064 4266 videtur
3083 4212 3542 4267 substantiarum
3561 4228 3692 4267 mu-

2050 4304 2193 4360 tatio
2224 4304 2392 4369 facta,
2427 4303 2524 4356 sed
2557 4304 2788 4356 tantum
2821 4300 3010 4355 θυοδ
3043 4299 3412 4369 qualitatum,
3437 4316 3686 4372 quarum

2048 4410 2224 4450 causa
2237 4392 2591 4448 creationem
2609 4407 2737 4446 esse
2750 4390 2932 4446 Deum
2953 4405 3376 4445 asseveramus.
3399 4390 3466 4444 Et
3488 4406 3690 4460 quem-

2047 4485 2361 4542 admodum
2394 4483 2440 4537 si
2493 4482 2624 4554 quis
2655 4482 2832 4549 dicat,
2864 4497 2931 4536 ex
2967 4479 3262 4552 lapidibus
3307 4480 3516 4536 factam
3562 4497 3692 4536 esse

2046 4575 2306 4640 domum,
2331 4573 2402 4627 de
2433 4572 2647 4644 quibus
2679 4588 2794 4626 non
2826 4569 2975 4626 solet
2995 4569 3132 4638 dici,
3156 4570 3306 4641 quod
3343 4569 3534 4625 adhuc
3550 4571 3689 4626 sub-

2045 4664 2261 4721 stantia
2293 4661 2834 4734 maneantlapides,
2868 4661 2966 4716 sed
3001 4659 3222 4730 lapides
3251 4660 3462 4714 domus
3483 4660 3690 4715 dicun-

2044 4757 2140 4809 tur
2155 4771 2168 4809 ε
2183 4769 2319 4808 nam
2338 4769 2404 4808 ex
2419 4753 2766 4824 qualitatum
2783 4748 3208 4821 compositione
3225 4749 3457 4803 domum
3475 4749 3687 4804 factam

2046 4845 2170 4901 dico
2198 4861 2211 4899 :
2244 4844 2325 4899 ita
2355 4858 2561 4898 censeo
2591 4842 2795 4910 Deum,
2830 4847 3104 4896 manente
3130 4838 3478 4906 substantia,
3502 4843 3692 4892 muta-

2044 4934 2262 4990 tionem
2295 4933 2612 5004 quamdam
2662 4930 3010 5002 qualitatum
3054 4928 3281 4992 fecisse,
3324 4927 3492 4998 cujus
3511 4942 3690 4983 causa

2045 5024 2328 5079 mundum
2349 5022 2503 5078 hunc
2517 5038 2547 5077 a
2561 5021 2678 5077 Deo
2691 5023 3056 5092 procreatum
3072 5033 3198 5073 esse
3211 5017 3462 5071 affirmo.
3477 5014 3690 5071 Viden-

2044 5114 2214 5168 turne
2233 5111 2334 5167 tibi
2361 5126 2593 5183 quoque
2610 5109 2782 5174 mala,
2797 5106 3262 5164 substantiarum
3285 5121 3413 5161 esse
3431 5103 3686 5175 qualita-

2045 5203 2176 5257 tes?
2198 5202 2494 5256 Videntur.
2524 5200 2850 5254 Fueruntne
2877 5197 2963 5251 bas
2996 5194 3307 5268 qualitates
3337 5194 3411 5250 ab
3444 5197 3682 5262 aeterno,

1634 5335 1876 5394 VARIE
1918 5334 2327 5392 LECTIONES.

347 5453 369 5488 τ
400 5449 588 5526 κακός]
616 5452 752 5506 κατά
788 5456 850 5510 Α.
927 5454 948 5490 ⁸
977 5453 1168 5526 κακός]
1198 5457 1370 5508 κακοῦ
1401 5460 1512 5511 AB.
1588 5453 1612 5488 θ
1637 5452 1784 5508 ἔσται
1817 5469 1935 5509 om.
1975 5453 2085 5509 ΑΒ.
2163 5453 2209 5487 ¹⁰
2236 5450 2443 5506 τούτων
2478 5468 2588 5526 om.
2635 5453 2745 5507 AB.
2777 5525 2797 5526 η
2824 5450 2866 5485 ¹¹
2898 5446 2960 5503 τό
2995 5451 3089 5526 ,ᾼΒ
3111 5465 3134 5526 ,ς
3163 5445 3254 5502 τόν
3443 5445 3684 5526 “-309-

271 5523 487 5596 τήτων]
516 5523 764 5592 ποιητῶν
795 5543 882 5632 Pr.
915 5528 981 5581 A.

276 5600 327 5636 ίδ
366 5594 547 5636 ἱένςιυ
589 5600 676 5636 Δρ
775 5600 789 5633 ί
847 5595 981 5636 ἔζη-νη

276 5600 327 5636 ¹⁵
366 5595 547 5671 λέγειν
583 5600 696 5652 ΑΒ.
775 5595 820 5633 ¹⁸
847 5595 1047 5672 ἄρχου]
1081 5596 1212 5670 ἀνάρ

271 5666 473 5742 καίπερ
503 5672 608 5722 ΑΒ.
688 5666 734 5703 ¹⁹
759 5666 842 5747 ἄγ’
869 5672 962 5725 ΑΒ
992 5684 1006 5722 2
1041 5667 1132 5746 ἀφ’

1089 5517 1402 5595 ¹⁸”ποιητῆς
1451 5529 1558 5579 τῶν
1608 5529 1790 5580 κακῶν
1821 5528 1885 5591 Α,
1939 5528 2046 5595 τῶν
2075 5527 2253 5579 κακῶν
2304 5525 2542 5595 ποιητής
2579 5527 2680 5595 _BA:
2732 5525 2839 5576 τῶν
2879 5525 3061 5595 κακῶς
3107 5517 3255 5595 ἔσται
3299 5517 3543 5595 ποιητής
3593 5520 3677 5595 ς“”ἷ

847 5590 1326 5672 ἄρχουλάνάυιου
1359 5590 1423 5670 Α,
1458 5597 1690 5672 ἐνάρχου
1720 5598 1782 5654 C.
1861 5590 1904 5634 ίδ
1933 5594 2080 5651 ἔσται
2110 5613 2226 5652 om.
2264 5599 2378 5652 AB.
2427 5590 2507 5630 ’1⁷
2533 5593 2694 5657 αὐτάς
2725 5595 2812 5650 ΑΒ
2846 5611 2859 5650 :
2891 5593 3087 5654 ταύτας
3278 5593 3320 5629 ¹³
3350 5591 3440 5646 καὶ
3473 5590 3679 5667 ὥσπερ]
