  <div class='ocr_page' id='page_1' title='image "/cluster/home/n/w/nwhite01/storage/ocr_20150623/103/hvd.32044054112495/597.png"; bbox 0 0 4100 6242; ppageno 0'>
   <div class='ocr_carea' id='block_1_1' title="bbox 418 382 570 441">
    <p class='ocr_par' dir='ltr' id='par_1_1' title="bbox 418 382 570 441">
     <span class='ocr_line' id='line_1_1' title="bbox 418 382 570 441; baseline 0 -1"><span class='ocrx_word' id='word_1_1' title='bbox 418 382 570 441; x_wconf 79' lang='grc'><strong>1155</strong></span> 
     </span>
    </p>
   </div>
   <div class='ocr_carea' id='block_1_2' title="bbox 1621 377 2614 443">
    <p class='ocr_par' dir='ltr' id='par_1_2' title="bbox 1621 377 2614 443">
     <span class='ocr_line' id='line_1_2' title="bbox 1621 377 2614 443; baseline 0 -3"><span class='ocrx_word' id='word_1_2' title='bbox 1621 380 1886 440; x_wconf 85' lang='grc' dir='ltr'>ΡΗΟΤΙΙ</span> <span class='ocrx_word' id='word_1_3' title='bbox 1930 377 2458 440; x_wconf 69' lang='grc' dir='ltr'>ΡΑΤΒΙΑΗΟΗᾸΞ</span> <span class='ocrx_word' id='word_1_4' title='bbox 2499 381 2614 443; x_wconf 83' lang='grc' dir='ltr'>ΟΡ.</span> 
     </span>
    </p>
   </div>
   <div class='ocr_carea' id='block_1_3' title="bbox 3673 387 3824 446">
    <p class='ocr_par' dir='ltr' id='par_1_3' title="bbox 3673 387 3824 446">
     <span class='ocr_line' id='line_1_3' title="bbox 3673 387 3824 446; baseline 0 0"><span class='ocrx_word' id='word_1_5' title='bbox 3673 387 3824 446; x_wconf 75' lang='lat'>“56</span> 
     </span>
    </p>
   </div>
   <div class='ocr_carea' id='block_1_4' title="bbox 413 515 2060 594">
    <p class='ocr_par' dir='ltr' id='par_1_4' title="bbox 413 517 2054 590">
     <span class='ocr_line' id='line_1_4' title="bbox 413 517 2054 590; baseline -0.002 -14"><span class='ocrx_word' id='word_1_6' title='bbox 413 522 472 576; x_wconf 92' lang='lat' dir='ltr'>in</span> <span class='ocrx_word' id='word_1_7' title='bbox 516 520 777 587; x_wconf 87' lang='lat' dir='ltr'>materia,</span> <span class='ocrx_word' id='word_1_8' title='bbox 827 537 896 573; x_wconf 83' lang='lat' dir='ltr'>an</span> <span class='ocrx_word' id='word_1_9' title='bbox 945 517 1293 590; x_wconf 86' lang='lat' dir='ltr'>principium</span> <span class='ocrx_word' id='word_1_10' title='bbox 1335 517 1649 573; x_wconf 84' lang='lat' dir='ltr'>exsistendi</span> <span class='ocrx_word' id='word_1_11' title='bbox 1690 517 2054 573; x_wconf 86' lang='lat' dir='ltr'>habuerunt?</span> 
     </span>
    </p>
   </div>
   <div class='ocr_carea' id='block_1_5' title="bbox 2173 515 3830 594">
    <p class='ocr_par' dir='ltr' id='par_1_5' title="bbox 2173 515 3830 594">
     <span class='ocr_line' id='line_1_5' title="bbox 2173 515 3830 594; baseline 0.002 -25"><span class='ocrx_word' id='word_1_12' title='bbox 2173 515 2322 570; x_wconf 82' lang='grc' dir='ltr'>αὗται</span> <span class='ocrx_word' id='word_1_13' title='bbox 2355 515 2408 571; x_wconf 84' lang='grc' dir='ltr'>ἐν</span> <span class='ocrx_word' id='word_1_14' title='bbox 2435 520 2504 589; x_wconf 83' lang='grc' dir='ltr'>τῇ</span> <span class='ocrx_word' id='word_1_15' title='bbox 2533 515 2666 592; x_wconf 73' lang='grc' dir='ltr'>ὕλῃ,</span> <span class='ocrx_word' id='word_1_16' title='bbox 2693 520 2729 588; x_wconf 73' lang='grc' dir='ltr'><strong>ἢ</strong></span> <span class='ocrx_word' id='word_1_17' title='bbox 2779 518 2959 594; x_wconf 71' lang='grc' dir='ltr'>ἀρχὴν</span> <span class='ocrx_word' id='word_1_18' title='bbox 2995 516 3156 594; x_wconf 77' lang='grc' dir='ltr'>ἔσχον</span> <span class='ocrx_word' id='word_1_19' title='bbox 3212 523 3310 574; x_wconf 66' lang='grc' dir='ltr'>τοῦ</span> <span class='ocrx_word' id='word_1_20' title='bbox 3343 520 3478 575; x_wconf 77' lang='grc' dir='ltr'>εἶναι</span> <span class='ocrx_word' id='word_1_21' title='bbox 3507 539 3520 590; x_wconf 93' lang='grc'><strong>;</strong></span> <span class='ocrx_word' id='word_1_22' title='bbox 3575 519 3830 577; x_wconf 83' lang='grc' dir='ltr'>Συνεῖναί</span> 
     </span>
    </p>
   </div>
   <div class='ocr_carea' id='block_1_6' title="bbox 417 605 2052 679">
    <p class='ocr_par' dir='ltr' id='par_1_6' title="bbox 417 605 2052 679">
     <span class='ocr_line' id='line_1_6' title="bbox 417 605 2052 679; baseline -0.004 -13"><span class='ocrx_word' id='word_1_23' title='bbox 417 612 614 667; x_wconf 85' lang='lat' dir='ltr'>Fuisse</span> <span class='ocrx_word' id='word_1_24' title='bbox 648 611 752 665; x_wconf 90' lang='lat' dir='ltr'>has</span> <span class='ocrx_word' id='word_1_25' title='bbox 783 607 1088 679; x_wconf 77' lang='lat' dir='ltr'>qualitates</span> <span class='ocrx_word' id='word_1_26' title='bbox 1131 609 1203 663; x_wconf 87' lang='lat' dir='ltr'>ab</span> <span class='ocrx_word' id='word_1_27' title='bbox 1248 611 1462 662; x_wconf 85' lang='lat' dir='ltr'>aeterno</span> <span class='ocrx_word' id='word_1_28' title='bbox 1494 624 1623 662; x_wconf 91' lang='lat' dir='ltr'>cum</span> <span class='ocrx_word' id='word_1_29' title='bbox 1660 607 1904 663; x_wconf 83' lang='lat' dir='ltr'>materia</span> <span class='ocrx_word' id='word_1_30' title='bbox 1932 605 2052 662; x_wconf 86' lang='lat' dir='ltr'>exi-</span> 
     </span>
    </p>
   </div>
   <div class='ocr_carea' id='block_1_7' title="bbox 416 695 2053 768">
    <p class='ocr_par' dir='ltr' id='par_1_7' title="bbox 416 695 2053 768">
     <span class='ocr_line' id='line_1_7' title="bbox 416 695 2053 768; baseline -0.004 -12"><span class='ocrx_word' id='word_1_31' title='bbox 416 701 610 756; x_wconf 89' lang='lat' dir='ltr'>stimo.</span> <span class='ocrx_word' id='word_1_32' title='bbox 638 699 759 753; x_wconf 89' lang='lat' dir='ltr'>Non</span> <span class='ocrx_word' id='word_1_33' title='bbox 785 698 1086 752; x_wconf 88' lang='lat' dir='ltr'>arbitraris</span> <span class='ocrx_word' id='word_1_34' title='bbox 1108 697 1489 752; x_wconf 76' lang='lat' dir='ltr'>mutationem</span> <span class='ocrx_word' id='word_1_35' title='bbox 1516 696 1771 768; x_wconf 81' lang='lat' dir='ltr'>aliquam</span> <span class='ocrx_word' id='word_1_36' title='bbox 1806 695 2053 766; x_wconf 85' lang='lat' dir='ltr'>qualita—</span> 
     </span>
    </p>
   </div>
   <div class='ocr_carea' id='block_1_8' title="bbox 413 785 2056 844">
    <p class='ocr_par' dir='ltr' id='par_1_8' title="bbox 413 785 2056 844">
     <span class='ocr_line' id='line_1_8' title="bbox 413 785 2056 844; baseline -0.002 -1"><span class='ocrx_word' id='word_1_37' title='bbox 413 793 534 844; x_wconf 82' lang='lat' dir='ltr'>tum</span> <span class='ocrx_word' id='word_1_38' title='bbox 559 803 687 843; x_wconf 90' lang='lat' dir='ltr'>esse</span> <span class='ocrx_word' id='word_1_39' title='bbox 711 805 742 841; x_wconf 87' lang='lat' dir='ltr'>a</span> <span class='ocrx_word' id='word_1_40' title='bbox 765 787 880 841; x_wconf 92' lang='lat' dir='ltr'>Deo</span> <span class='ocrx_word' id='word_1_41' title='bbox 905 787 1152 842; x_wconf 81' lang='lat' dir='ltr'>factam?</span> <span class='ocrx_word' id='word_1_42' title='bbox 1177 787 1445 840; x_wconf 80' lang='lat' dir='ltr'>Arbitror</span> <span class='ocrx_word' id='word_1_43' title='bbox 1468 786 1695 840; x_wconf 78' lang='lat' dir='ltr'>factam.</span> <span class='ocrx_word' id='word_1_44' title='bbox 1720 788 1780 840; x_wconf 92' lang='lat' dir='ltr'>In</span> <span class='ocrx_word' id='word_1_45' title='bbox 1806 785 2056 840; x_wconf 87' lang='lat' dir='ltr'>melius?</span> 
     </span>
    </p>
   </div>
   <div class='ocr_carea' id='block_1_9' title="bbox 412 875 2056 945">
    <p class='ocr_par' dir='ltr' id='par_1_9' title="bbox 412 875 2056 945">
     <span class='ocr_line' id='line_1_9' title="bbox 412 875 2056 945; baseline -0.003 -11"><span class='ocrx_word' id='word_1_46' title='bbox 412 877 552 934; x_wconf 85' lang='lat' dir='ltr'>Mihi</span> <span class='ocrx_word' id='word_1_47' title='bbox 585 877 828 932; x_wconf 88' lang='lat' dir='ltr'>videtur.</span> <span class='ocrx_word' id='word_1_48' title='bbox 853 877 1000 945; x_wconf 81' lang='lat' dir='ltr'>Ergo</span> <span class='ocrx_word' id='word_1_49' title='bbox 1033 875 1081 929; x_wconf 86' lang='lat' dir='ltr'>si</span> <span class='ocrx_word' id='word_1_50' title='bbox 1116 875 1424 945; x_wconf 73' lang='lat' dir='ltr'>qualitates</span> <span class='ocrx_word' id='word_1_51' title='bbox 1457 876 1708 930; x_wconf 78' lang='lat' dir='ltr'>materiae</span> <span class='ocrx_word' id='word_1_52' title='bbox 1733 877 1882 930; x_wconf 91' lang='lat' dir='ltr'>inter</span> <span class='ocrx_word' id='word_1_53' title='bbox 1905 875 2056 929; x_wconf 88' lang='lat' dir='ltr'>mala</span> 
     </span>
    </p>
   </div>
   <div class='ocr_carea' id='block_1_10' title="bbox 410 963 2052 1035">
    <p class='ocr_par' dir='ltr' id='par_1_10' title="bbox 410 963 2052 1035">
     <span class='ocr_line' id='line_1_10' title="bbox 410 963 2052 1035; baseline -0.002 -13"><span class='ocrx_word' id='word_1_54' title='bbox 410 976 548 1022; x_wconf 85' lang='lat' dir='ltr'>sunt</span> <span class='ocrx_word' id='word_1_55' title='bbox 580 970 923 1029; x_wconf 58' lang='lat' dir='ltr'>numerata},</span> <span class='ocrx_word' id='word_1_56' title='bbox 957 965 1111 1021; x_wconf 85' lang='lat' dir='ltr'>Deus</span> <span class='ocrx_word' id='word_1_57' title='bbox 1143 970 1333 1020; x_wconf 90' lang='lat' dir='ltr'>autem</span> <span class='ocrx_word' id='word_1_58' title='bbox 1369 965 1620 1019; x_wconf 61' lang='lat' dir='ltr'>materiae</span> <span class='ocrx_word' id='word_1_59' title='bbox 1655 964 1964 1035; x_wconf 85' lang='lat' dir='ltr'>qualitates</span> <span class='ocrx_word' id='word_1_60' title='bbox 1995 963 2052 1018; x_wconf 93' lang='lat' dir='ltr'>in</span> 
     </span>
    </p>
   </div>
   <div class='ocr_carea' id='block_1_11' title="bbox 412 1054 2055 1124">
    <p class='ocr_par' dir='ltr' id='par_1_11' title="bbox 412 1054 2055 1124">
     <span class='ocr_line' id='line_1_11' title="bbox 412 1054 2055 1124; baseline -0.001 -13"><span class='ocrx_word' id='word_1_61' title='bbox 412 1057 622 1111; x_wconf 89' lang='lat' dir='ltr'>melius</span> <span class='ocrx_word' id='word_1_62' title='bbox 651 1054 862 1124; x_wconf 90' lang='lat' dir='ltr'>aliquid</span> <span class='ocrx_word' id='word_1_63' title='bbox 898 1054 1198 1120; x_wconf 84' lang='lat' dir='ltr'>convertit,</span> <span class='ocrx_word' id='word_1_64' title='bbox 1226 1055 1546 1108; x_wconf 87' lang='lat' dir='ltr'>necessario</span> <span class='ocrx_word' id='word_1_65' title='bbox 1569 1055 1946 1124; x_wconf 75' lang='lat' dir='ltr'>quaarendum</span> <span class='ocrx_word' id='word_1_66' title='bbox 1971 1061 2055 1109; x_wconf 89' lang='lat' dir='ltr'>est</span> 
     </span>
    </p>
   </div>
   <div class='ocr_carea' id='block_1_12' title="bbox 412 1143 2052 1209">
    <p class='ocr_par' dir='ltr' id='par_1_12' title="bbox 412 1143 2052 1209">
     <span class='ocr_line' id='line_1_12' title="bbox 412 1143 2052 1209; baseline -0.001 -10"><span class='ocrx_word' id='word_1_67' title='bbox 412 1146 569 1200; x_wconf 88' lang='lat' dir='ltr'>unde</span> <span class='ocrx_word' id='word_1_68' title='bbox 589 1143 742 1198; x_wconf 86' lang='lat' dir='ltr'>mala</span> <span class='ocrx_word' id='word_1_69' title='bbox 766 1143 902 1197; x_wconf 89' lang='lat' dir='ltr'>sint.</span> <span class='ocrx_word' id='word_1_70' title='bbox 929 1146 1042 1197; x_wconf 91' lang='lat' dir='ltr'>Aut</span> <span class='ocrx_word' id='word_1_71' title='bbox 1063 1145 1216 1198; x_wconf 90' lang='lat' dir='ltr'>enim</span> <span class='ocrx_word' id='word_1_72' title='bbox 1240 1159 1465 1208; x_wconf 89' lang='lat' dir='ltr'>omnes,</span> <span class='ocrx_word' id='word_1_73' title='bbox 1494 1159 1623 1198; x_wconf 91' lang='lat' dir='ltr'>cum</span> <span class='ocrx_word' id='word_1_74' title='bbox 1646 1145 1810 1197; x_wconf 69' lang='lat' dir='ltr'>malae</span> <span class='ocrx_word' id='word_1_75' title='bbox 1835 1147 2052 1209; x_wconf 89' lang='lat' dir='ltr'>essent,</span> 
     </span>
    </p>
   </div>
   <div class='ocr_carea' id='block_1_13' title="bbox 412 1233 2057 1303">
    <p class='ocr_par' dir='ltr' id='par_1_13' title="bbox 412 1233 2057 1303">
     <span class='ocr_line' id='line_1_13' title="bbox 412 1233 2057 1303; baseline -0.001 -15"><span class='ocrx_word' id='word_1_76' title='bbox 412 1234 473 1289; x_wconf 86' lang='lat' dir='ltr'>in</span> <span class='ocrx_word' id='word_1_77' title='bbox 503 1233 713 1288; x_wconf 88' lang='lat' dir='ltr'>melius</span> <span class='ocrx_word' id='word_1_78' title='bbox 744 1238 880 1288; x_wconf 89' lang='lat' dir='ltr'>sunt</span> <span class='ocrx_word' id='word_1_79' title='bbox 920 1248 1209 1288; x_wconf 64' lang='lat' dir='ltr'>conversae</span> <span class='ocrx_word' id='word_1_80' title='bbox 1245 1249 1256 1286; x_wconf 92' lang='lat'>:</span> <span class='ocrx_word' id='word_1_81' title='bbox 1293 1237 1394 1287; x_wconf 91' lang='lat' dir='ltr'>aut</span> <span class='ocrx_word' id='word_1_82' title='bbox 1448 1233 1572 1286; x_wconf 66' lang='lat' dir='ltr'>aliae</span> <span class='ocrx_word' id='word_1_83' title='bbox 1614 1233 1850 1303; x_wconf 88' lang='lat' dir='ltr'>quidem</span> <span class='ocrx_word' id='word_1_84' title='bbox 1892 1236 2057 1287; x_wconf 89' lang='lat' dir='ltr'>erant</span> 
     </span>
    </p>
   </div>
   <div class='ocr_carea' id='block_1_14' title="bbox 412 1321 2054 1392">
    <p class='ocr_par' dir='ltr' id='par_1_14' title="bbox 412 1321 2054 1392">
     <span class='ocr_line' id='line_1_14' title="bbox 412 1321 2054 1392; baseline -0.001 -13"><span class='ocrx_word' id='word_1_85' title='bbox 412 1323 600 1392; x_wconf 73' lang='lat' dir='ltr'>malas,</span> <span class='ocrx_word' id='word_1_86' title='bbox 625 1323 748 1377; x_wconf 66' lang='lat' dir='ltr'>alia;</span> <span class='ocrx_word' id='word_1_87' title='bbox 785 1340 915 1378; x_wconf 89' lang='lat' dir='ltr'>vero</span> <span class='ocrx_word' id='word_1_88' title='bbox 951 1324 1172 1378; x_wconf 90' lang='lat' dir='ltr'>non.Et</span> <span class='ocrx_word' id='word_1_89' title='bbox 1204 1321 1369 1377; x_wconf 77' lang='lat' dir='ltr'>malae</span> <span class='ocrx_word' id='word_1_90' title='bbox 1401 1321 1639 1392; x_wconf 87' lang='lat' dir='ltr'>quidem</span> <span class='ocrx_word' id='word_1_91' title='bbox 1675 1326 1910 1376; x_wconf 60' lang='lat' dir='ltr'>mutata:</span> <span class='ocrx_word' id='word_1_92' title='bbox 1941 1338 2054 1377; x_wconf 87' lang='lat' dir='ltr'>non</span> 
     </span>
    </p>
   </div>
   <div class='ocr_carea' id='block_1_15' title="bbox 413 1410 2059 1482">
    <p class='ocr_par' dir='ltr' id='par_1_15' title="bbox 413 1410 2059 1482">
     <span class='ocr_line' id='line_1_15' title="bbox 413 1410 2059 1482; baseline -0.002 -13"><span class='ocrx_word' id='word_1_93' title='bbox 413 1422 549 1469; x_wconf 86' lang='lat' dir='ltr'>sunt</span> <span class='ocrx_word' id='word_1_94' title='bbox 590 1412 646 1466; x_wconf 93' lang='lat' dir='ltr'>in</span> <span class='ocrx_word' id='word_1_95' title='bbox 695 1411 907 1467; x_wconf 86' lang='lat' dir='ltr'>melius</span> <span class='ocrx_word' id='word_1_96' title='bbox 944 1430 954 1464; x_wconf 92' lang='lat'>:</span> <span class='ocrx_word' id='word_1_97' title='bbox 990 1410 1228 1482; x_wconf 73' lang='lat' dir='ltr'>reliquae</span> <span class='ocrx_word' id='word_1_98' title='bbox 1282 1427 1436 1476; x_wconf 87' lang='lat' dir='ltr'>vero,</span> <span class='ocrx_word' id='word_1_99' title='bbox 1483 1425 1841 1481; x_wconf 69' lang='lat' dir='ltr'>quascunque</span> <span class='ocrx_word' id='word_1_100' title='bbox 1893 1415 2059 1466; x_wconf 87' lang='lat' dir='ltr'>erant</span> 
     </span>
    </p>
   </div>
   <div class='ocr_carea' id='block_1_16' title="bbox 413 1500 2059 1569">
    <p class='ocr_par' dir='ltr' id='par_1_16' title="bbox 413 1500 2059 1569">
     <span class='ocr_line' id='line_1_16' title="bbox 413 1500 2059 1569; baseline -0.002 -11"><span class='ocrx_word' id='word_1_101' title='bbox 413 1502 753 1569; x_wconf 70' lang='lat' dir='ltr'>commodzr,</span> <span class='ocrx_word' id='word_1_102' title='bbox 798 1507 1041 1556; x_wconf 89' lang='lat' dir='ltr'>ornatus</span> <span class='ocrx_word' id='word_1_103' title='bbox 1089 1517 1268 1556; x_wconf 86' lang='lat' dir='ltr'>causa</span> <span class='ocrx_word' id='word_1_104' title='bbox 1298 1518 1331 1555; x_wconf 91' lang='lat' dir='ltr'>a</span> <span class='ocrx_word' id='word_1_105' title='bbox 1362 1501 1476 1555; x_wconf 89' lang='lat' dir='ltr'>Deo</span> <span class='ocrx_word' id='word_1_106' title='bbox 1519 1503 1752 1554; x_wconf 75' lang='lat' dir='ltr'>mutatae</span> <span class='ocrx_word' id='word_1_107' title='bbox 1786 1505 1940 1555; x_wconf 90' lang='lat' dir='ltr'>sunt.</span> <span class='ocrx_word' id='word_1_108' title='bbox 1977 1500 2059 1554; x_wconf 89' lang='lat' dir='ltr'>Ita</span> 
     </span>
    </p>
   </div>
   <div class='ocr_carea' id='block_1_17' title="bbox 413 1589 2062 1662">
    <p class='ocr_par' dir='ltr' id='par_1_17' title="bbox 413 1589 2062 1662">
     <span class='ocr_line' id='line_1_17' title="bbox 413 1589 2062 1662; baseline -0.004 -14"><span class='ocrx_word' id='word_1_109' title='bbox 413 1608 518 1662; x_wconf 82' lang='lat' dir='ltr'>ego</span> <span class='ocrx_word' id='word_1_110' title='bbox 542 1605 767 1656; x_wconf 87' lang='lat' dir='ltr'>censeo,</span> <span class='ocrx_word' id='word_1_111' title='bbox 805 1592 874 1645; x_wconf 89' lang='lat' dir='ltr'>ab</span> <span class='ocrx_word' id='word_1_112' title='bbox 905 1596 1115 1645; x_wconf 82' lang='lat' dir='ltr'>aeterno</span> <span class='ocrx_word' id='word_1_113' title='bbox 1147 1589 1460 1660; x_wconf 79' lang='lat' dir='ltr'>qualitates</span> <span class='ocrx_word' id='word_1_114' title='bbox 1519 1589 1754 1644; x_wconf 82' lang='lat' dir='ltr'>fuerunt</span> <span class='ocrx_word' id='word_1_115' title='bbox 1784 1589 2062 1644; x_wconf 88' lang='lat' dir='ltr'>constitu-</span> 
     </span>
    </p>
   </div>
   <div class='ocr_carea' id='block_1_18' title="bbox 413 1678 2059 1749">
    <p class='ocr_par' dir='ltr' id='par_1_18' title="bbox 413 1678 2059 1749">
     <span class='ocr_line' id='line_1_18' title="bbox 413 1678 2059 1749; baseline -0.001 -13"><span class='ocrx_word' id='word_1_116' title='bbox 413 1683 501 1736; x_wconf 83' lang='lat' dir='ltr'>tae.</span> <span class='ocrx_word' id='word_1_117' title='bbox 546 1681 842 1746; x_wconf 84' lang='lat' dir='ltr'>Quomodo</span> <span class='ocrx_word' id='word_1_118' title='bbox 875 1695 1012 1749; x_wconf 84' lang='lat' dir='ltr'>ergo</span> <span class='ocrx_word' id='word_1_119' title='bbox 1046 1678 1222 1734; x_wconf 87' lang='lat' dir='ltr'>malas</span> <span class='ocrx_word' id='word_1_120' title='bbox 1251 1678 1586 1749; x_wconf 87' lang='lat' dir='ltr'>qualitates,</span> <span class='ocrx_word' id='word_1_121' title='bbox 1623 1683 1683 1732; x_wconf 90' lang='lat' dir='ltr'>ut</span> <span class='ocrx_word' id='word_1_122' title='bbox 1714 1697 1745 1732; x_wconf 88' lang='lat' dir='ltr'>a</span> <span class='ocrx_word' id='word_1_123' title='bbox 1779 1679 2059 1748; x_wconf 91' lang='lat' dir='ltr'>principio</span> 
     </span>
    </p>
   </div>
   <div class='ocr_carea' id='block_1_19' title="bbox 414 1767 2058 1838">
    <p class='ocr_par' dir='ltr' id='par_1_19' title="bbox 414 1767 2058 1838">
     <span class='ocr_line' id='line_1_19' title="bbox 414 1767 2058 1838; baseline -0.001 -14"><span class='ocrx_word' id='word_1_124' title='bbox 414 1773 672 1838; x_wconf 82' lang='lat' dir='ltr'>fuerunt,</span> <span class='ocrx_word' id='word_1_125' title='bbox 708 1769 934 1824; x_wconf 86' lang='lat' dir='ltr'>relictas</span> <span class='ocrx_word' id='word_1_126' title='bbox 981 1769 1166 1823; x_wconf 81' lang='lat' dir='ltr'>dicis?</span> <span class='ocrx_word' id='word_1_127' title='bbox 1215 1771 1297 1822; x_wconf 88' lang='lat' dir='ltr'>An</span> <span class='ocrx_word' id='word_1_128' title='bbox 1352 1767 1610 1837; x_wconf 89' lang='lat' dir='ltr'>potuisse</span> <span class='ocrx_word' id='word_1_129' title='bbox 1656 1768 1786 1822; x_wconf 89' lang='lat' dir='ltr'>illas</span> <span class='ocrx_word' id='word_1_130' title='bbox 1827 1768 1884 1838; x_wconf 90' lang='lat' dir='ltr'>[a</span> <span class='ocrx_word' id='word_1_131' title='bbox 1919 1768 2058 1838; x_wconf 88' lang='lat' dir='ltr'>Deo]</span> 
     </span>
    </p>
   </div>
   <div class='ocr_carea' id='block_1_20' title="bbox 2167 607 3825 684">
    <p class='ocr_par' dir='ltr' id='par_1_20' title="bbox 2167 607 3825 684">
     <span class='ocr_line' id='line_1_20' title="bbox 2167 607 3825 684; baseline 0.003 -23"><span class='ocrx_word' id='word_1_132' title='bbox 2167 629 2311 684; x_wconf 68' lang='grc' dir='ltr'>φημι</span> <span class='ocrx_word' id='word_1_133' title='bbox 2342 607 2623 682; x_wconf 71' lang='grc' dir='ltr'>ἀγενήτως</span> <span class='ocrx_word' id='word_1_134' title='bbox 2662 614 2730 682; x_wconf 82' lang='grc' dir='ltr'>τῇ</span> <span class='ocrx_word' id='word_1_135' title='bbox 2779 608 2886 684; x_wconf 79' lang='grc' dir='ltr'>ὕλῃ</span> <span class='ocrx_word' id='word_1_136' title='bbox 2927 610 3124 671; x_wconf 83' lang='grc' dir='ltr'>ταύτας</span> <span class='ocrx_word' id='word_1_137' title='bbox 3156 609 3223 678; x_wconf 83' lang='grc' dir='ltr'>δῆ</span> <span class='ocrx_word' id='word_1_138' title='bbox 3256 612 3300 646; x_wconf 82' lang='grc'>²⁰</span> <span class='ocrx_word' id='word_1_139' title='bbox 3347 612 3444 674; x_wconf 77' lang='grc' dir='ltr'>τὰς</span> <span class='ocrx_word' id='word_1_140' title='bbox 3498 613 3825 683; x_wconf 74' lang='grc' dir='ltr'>ποιότητας,</span> 
     </span>
    </p>
   </div>
   <div class='ocr_carea' id='block_1_21' title="bbox 2169 694 3825 774">
    <p class='ocr_par' dir='ltr' id='par_1_21' title="bbox 2169 694 3825 774">
     <span class='ocr_line' id='line_1_21' title="bbox 2169 694 3825 774; baseline -0.014 1"><span class='ocrx_word' id='word_1_141' title='bbox 2169 697 2313 772; x_wconf 63' lang='grc' dir='ltr'>Οὐκί</span> <span class='ocrx_word' id='word_1_142' title='bbox 2365 694 2420 750; x_wconf 60' lang='grc' dir='ltr'>δὲ</span> <span class='ocrx_word' id='word_1_143' title='bbox 2450 697 2538 751; x_wconf 70' lang='grc' dir='ltr'>τὸν</span> <span class='ocrx_word' id='word_1_144' title='bbox 2593 699 2723 752; x_wconf 76' lang='grc' dir='ltr'>θεὸν</span> <span class='ocrx_word' id='word_1_145' title='bbox 2779 698 2888 773; x_wconf 72' lang='grc' dir='ltr'>φῇς</span> <span class='ocrx_word' id='word_1_146' title='bbox 2936 702 3147 774; x_wconf 72' lang='grc' dir='ltr'>τροπήν</span> <span class='ocrx_word' id='word_1_147' title='bbox 3188 721 3310 754; x_wconf 79' lang='grc' dir='ltr'>τινα</span> <span class='ocrx_word' id='word_1_148' title='bbox 3348 706 3457 754; x_wconf 84' lang='grc' dir='ltr'>τῶν</span> <span class='ocrx_word' id='word_1_149' title='bbox 3506 706 3825 771; x_wconf 67' lang='grc' dir='ltr'>ποιοτήτων</span> 
     </span>
    </p>
   </div>
   <div class='ocr_carea' id='block_1_22' title="bbox 2163 786 3824 863">
    <p class='ocr_par' dir='ltr' id='par_1_22' title="bbox 2163 786 3824 863">
     <span class='ocr_line' id='line_1_22' title="bbox 2163 786 3824 863; baseline 0.004 -23"><span class='ocrx_word' id='word_1_150' title='bbox 2163 786 2558 856; x_wconf 73' lang='grc' dir='ltr'>πεποιηκέναις</span> <span class='ocrx_word' id='word_1_151' title='bbox 2609 789 2778 842; x_wconf 72' lang='grc' dir='ltr'>Τοῦτό</span> <span class='ocrx_word' id='word_1_152' title='bbox 2848 810 3014 861; x_wconf 78' lang='grc' dir='ltr'>φημι.</span> <span class='ocrx_word' id='word_1_153' title='bbox 3078 790 3168 850; x_wconf 84' lang='grc' dir='ltr'>Εἰς</span> <span class='ocrx_word' id='word_1_154' title='bbox 3198 790 3259 844; x_wconf 82' lang='grc' dir='ltr'>τὸ</span> <span class='ocrx_word' id='word_1_155' title='bbox 3315 795 3609 861; x_wconf 77' lang='grc' dir='ltr'>κρεῖττονς</span> <span class='ocrx_word' id='word_1_156' title='bbox 3665 792 3824 863; x_wconf 77' lang='grc' dir='ltr'>Ἑμοέ</span> 
     </span>
    </p>
   </div>
   <div class='ocr_carea' id='block_1_23' title="bbox 2166 873 3826 950">
    <p class='ocr_par' dir='ltr' id='par_1_23' title="bbox 2166 873 3826 950">
     <span class='ocr_line' id='line_1_23' title="bbox 2166 873 3826 950; baseline 0.004 -20"><span class='ocrx_word' id='word_1_157' title='bbox 2166 873 2332 931; x_wconf 82' lang='grc' dir='ltr'>δοκεῖ.</span> <span class='ocrx_word' id='word_1_158' title='bbox 2385 877 2589 931; x_wconf 78' lang='grc' dir='ltr'>Οὐκοῦν</span> <span class='ocrx_word' id='word_1_159' title='bbox 2641 878 2685 932; x_wconf 84' lang='grc' dir='ltr'>εἰ</span> <span class='ocrx_word' id='word_1_160' title='bbox 2745 879 3035 948; x_wconf 73' lang='grc' dir='ltr'>ποιότητες</span> <span class='ocrx_word' id='word_1_161' title='bbox 3095 878 3234 950; x_wconf 78' lang='grc' dir='ltr'>ὕλης</span> <span class='ocrx_word' id='word_1_162' title='bbox 3284 881 3350 934; x_wconf 79' lang='grc' dir='ltr'>τὰ</span> <span class='ocrx_word' id='word_1_163' title='bbox 3405 881 3563 950; x_wconf 69' lang='grc' dir='ltr'>κακὰ,</span> <span class='ocrx_word' id='word_1_164' title='bbox 3615 881 3711 942; x_wconf 69' lang='grc' dir='ltr'>τὰς</span> <span class='ocrx_word' id='word_1_165' title='bbox 3771 880 3826 937; x_wconf 68' lang='grc' dir='ltr'>δὲ</span> 
     </span>
    </p>
   </div>
   <div class='ocr_carea' id='block_1_24' title="bbox 2164 967 3821 1044">
    <p class='ocr_par' dir='ltr' id='par_1_24' title="bbox 2164 967 3821 1044">
     <span class='ocr_line' id='line_1_24' title="bbox 2164 967 3821 1044; baseline 0.004 -24"><span class='ocrx_word' id='word_1_166' title='bbox 2164 967 2465 1036; x_wconf 73' lang='grc' dir='ltr'>ποιότητας</span> <span class='ocrx_word' id='word_1_167' title='bbox 2514 967 2682 1038; x_wconf 77' lang='grc' dir='ltr'>αὑτης</span> <span class='ocrx_word' id='word_1_168' title='bbox 2751 968 2825 1030; x_wconf 76' lang='grc' dir='ltr'>εἰς</span> <span class='ocrx_word' id='word_1_169' title='bbox 2879 967 2943 1022; x_wconf 82' lang='grc' dir='ltr'>τὸ</span> <span class='ocrx_word' id='word_1_170' title='bbox 2995 974 3242 1039; x_wconf 83' lang='grc' dir='ltr'>κρεῖττον</span> <span class='ocrx_word' id='word_1_171' title='bbox 3303 969 3521 1044; x_wconf 76' lang='grc' dir='ltr'>ἔτρεψεν</span> <span class='ocrx_word' id='word_1_172' title='bbox 3579 973 3608 1026; x_wconf 87' lang='grc' dir='ltr'><strong>ὁ</strong></span> <span class='ocrx_word' id='word_1_173' title='bbox 3671 973 3821 1040; x_wconf 78' lang='grc' dir='ltr'>Θεὸς,</span> 
     </span>
    </p>
   </div>
   <div class='ocr_carea' id='block_1_25' title="bbox 2167 1056 3823 1133">
    <p class='ocr_par' dir='ltr' id='par_1_25' title="bbox 2167 1056 3823 1133">
     <span class='ocr_line' id='line_1_25' title="bbox 2167 1056 3823 1133; baseline 0.002 -25"><span class='ocrx_word' id='word_1_174' title='bbox 2167 1056 2326 1108; x_wconf 82' lang='grc' dir='ltr'>πόθεν</span> <span class='ocrx_word' id='word_1_175' title='bbox 2360 1056 2427 1110; x_wconf 82' lang='grc' dir='ltr'>τὰ</span> <span class='ocrx_word' id='word_1_176' title='bbox 2473 1056 2632 1122; x_wconf 72' lang='grc' dir='ltr'>κακὰ,</span> <span class='ocrx_word' id='word_1_177' title='bbox 2673 1062 2851 1125; x_wconf 83' lang='grc' dir='ltr'>ζητεῖν</span> <span class='ocrx_word' id='word_1_178' title='bbox 2902 1059 3132 1132; x_wconf 80' lang='grc' dir='ltr'>ἀνάγκη.</span> <span class='ocrx_word' id='word_1_179' title='bbox 3185 1059 3254 1112; x_wconf 88' lang='grc' dir='ltr'><strong>Ἦ</strong></span> <span class='ocrx_word' id='word_1_180' title='bbox 3305 1058 3404 1133; x_wconf 71' lang='grc' dir='ltr'>γὰρ</span> <span class='ocrx_word' id='word_1_181' title='bbox 3445 1065 3612 1113; x_wconf 78' lang='grc' dir='ltr'>πᾶσαι</span> <span class='ocrx_word' id='word_1_182' title='bbox 3667 1060 3823 1114; x_wconf 81' lang='grc' dir='ltr'>κακαὶ</span> 
     </span>
    </p>
   </div>
   <div class='ocr_carea' id='block_1_26' title="bbox 2169 1143 3822 1222">
    <p class='ocr_par' dir='ltr' id='par_1_26' title="bbox 2169 1143 3822 1222">
     <span class='ocr_line' id='line_1_26' title="bbox 2169 1143 3822 1222; baseline 0.004 -25"><span class='ocrx_word' id='word_1_183' title='bbox 2169 1143 2323 1198; x_wconf 70' lang='grc' dir='ltr'>οὖσαι</span> <span class='ocrx_word' id='word_1_184' title='bbox 2367 1143 2454 1199; x_wconf 73' lang='grc' dir='ltr'>ἐπὶ</span> <span class='ocrx_word' id='word_1_185' title='bbox 2494 1145 2554 1199; x_wconf 89' lang='grc' dir='ltr'>τό</span> <span class='ocrx_word' id='word_1_186' title='bbox 2602 1151 2848 1219; x_wconf 90' lang='grc' dir='ltr'>κρεῖττον</span> <span class='ocrx_word' id='word_1_187' title='bbox 2906 1146 3214 1222; x_wconf 80' lang='grc' dir='ltr'>ἐτράπησαν</span> <span class='ocrx_word' id='word_1_188' title='bbox 3263 1169 3275 1180; x_wconf 93' lang='grc'><strong>·</strong></span> <span class='ocrx_word' id='word_1_189' title='bbox 3329 1149 3362 1218; x_wconf 78' lang='grc' dir='ltr'>ἢ</span> <span class='ocrx_word' id='word_1_190' title='bbox 3409 1149 3463 1202; x_wconf 78' lang='grc' dir='ltr'>αἱ</span> <span class='ocrx_word' id='word_1_191' title='bbox 3514 1149 3609 1220; x_wconf 76' lang='grc' dir='ltr'>μὲν</span> <span class='ocrx_word' id='word_1_192' title='bbox 3672 1148 3822 1203; x_wconf 78' lang='grc' dir='ltr'>οὖσαι</span> 
     </span>
    </p>
   </div>
   <div class='ocr_carea' id='block_1_27' title="bbox 2167 1232 3825 1310">
    <p class='ocr_par' dir='ltr' id='par_1_27' title="bbox 2167 1232 3825 1310">
     <span class='ocr_line' id='line_1_27' title="bbox 2167 1232 3825 1310; baseline 0.004 -24"><span class='ocrx_word' id='word_1_193' title='bbox 2167 1233 2349 1304; x_wconf 82' lang='grc' dir='ltr'>κακαὶ,</span> <span class='ocrx_word' id='word_1_194' title='bbox 2391 1236 2444 1288; x_wconf 73' lang='grc' dir='ltr'>αἱ</span> <span class='ocrx_word' id='word_1_195' title='bbox 2491 1232 2547 1289; x_wconf 75' lang='grc' dir='ltr'>δὲ</span> <span class='ocrx_word' id='word_1_196' title='bbox 2600 1237 2700 1308; x_wconf 78' lang='grc' dir='ltr'>μὴ,</span> <span class='ocrx_word' id='word_1_197' title='bbox 2733 1237 2786 1290; x_wconf 73' lang='grc' dir='ltr'>αἱ</span> <span class='ocrx_word' id='word_1_198' title='bbox 2848 1237 2941 1309; x_wconf 76' lang='grc' dir='ltr'>μὲν</span> <span class='ocrx_word' id='word_1_199' title='bbox 3003 1237 3164 1292; x_wconf 87' lang='grc' dir='ltr'>κακαὶ</span> <span class='ocrx_word' id='word_1_200' title='bbox 3222 1237 3319 1292; x_wconf 82' lang='grc' dir='ltr'>οὐκ</span> <span class='ocrx_word' id='word_1_201' title='bbox 3366 1235 3678 1310; x_wconf 79' lang='grc' dir='ltr'>ἐτράπησαν</span> <span class='ocrx_word' id='word_1_202' title='bbox 3738 1237 3825 1293; x_wconf 85' lang='grc' dir='ltr'>ἐπὶ</span> 
     </span>
    </p>
   </div>
   <div class='ocr_carea' id='block_1_28' title="bbox 2167 1323 3828 1403">
    <p class='ocr_par' dir='ltr' id='par_1_28' title="bbox 2167 1323 3828 1403">
     <span class='ocr_line' id='line_1_28' title="bbox 2167 1323 3828 1403; baseline 0.002 -26"><span class='ocrx_word' id='word_1_203' title='bbox 2167 1324 2229 1378; x_wconf 82' lang='grc' dir='ltr'>τὸ</span> <span class='ocrx_word' id='word_1_204' title='bbox 2258 1329 2522 1398; x_wconf 86' lang='grc' dir='ltr'>κρεῖττον,</span> <span class='ocrx_word' id='word_1_205' title='bbox 2574 1325 2629 1378; x_wconf 75' lang='grc' dir='ltr'>αῖ</span> <span class='ocrx_word' id='word_1_206' title='bbox 2671 1323 2729 1379; x_wconf 73' lang='grc' dir='ltr'>δὲ</span> <span class='ocrx_word' id='word_1_207' title='bbox 2779 1324 2995 1392; x_wconf 80' lang='grc' dir='ltr'>λοιπαὶ,</span> <span class='ocrx_word' id='word_1_208' title='bbox 3027 1328 3152 1381; x_wconf 84' lang='grc' dir='ltr'>ὅσαι</span> <span class='ocrx_word' id='word_1_209' title='bbox 3205 1323 3460 1403; x_wconf 71' lang='grc' dir='ltr'>διάφοροι</span> <span class='ocrx_word' id='word_1_210' title='bbox 3506 1325 3828 1402; x_wconf 80' lang='grc' dir='ltr'>ἐτυγχανον,</span> 
     </span>
    </p>
   </div>
   <div class='ocr_carea' id='block_1_29' title="bbox 2168 1409 3827 1487">
    <p class='ocr_par' dir='ltr' id='par_1_29' title="bbox 2168 1409 3827 1487">
     <span class='ocr_line' id='line_1_29' title="bbox 2168 1409 3827 1487; baseline 0.004 -22"><span class='ocrx_word' id='word_1_211' title='bbox 2168 1415 2264 1480; x_wconf 85' lang='grc' dir='ltr'>τῆς</span> <span class='ocrx_word' id='word_1_212' title='bbox 2336 1409 2754 1486; x_wconf 72' lang='grc' dir='ltr'>διακοσμήσεως</span> <span class='ocrx_word' id='word_1_213' title='bbox 2829 1417 2983 1468; x_wconf 83' lang='grc' dir='ltr'>ἕνεκα</span> <span class='ocrx_word' id='word_1_214' title='bbox 3049 1415 3186 1485; x_wconf 87' lang='grc' dir='ltr'>πρὸς</span> <span class='ocrx_word' id='word_1_215' title='bbox 3273 1419 3412 1468; x_wconf 71' lang='grc' dir='ltr'>Θεοῦ</span> <span class='ocrx_word' id='word_1_216' title='bbox 3490 1413 3827 1487; x_wconf 73' lang='grc' dir='ltr'>ἐτράπησαν.</span> 
     </span>
    </p>
   </div>
   <div class='ocr_carea' id='block_1_30' title="bbox 2170 1500 3826 1580">
    <p class='ocr_par' dir='ltr' id='par_1_30' title="bbox 2170 1500 3826 1580">
     <span class='ocr_line' id='line_1_30' title="bbox 2170 1500 3826 1580; baseline 0.003 -26"><span class='ocrx_word' id='word_1_217' title='bbox 2170 1501 2358 1562; x_wconf 66' lang='grc' dir='ltr'>Οὕτως</span> <span class='ocrx_word' id='word_1_218' title='bbox 2398 1501 2597 1557; x_wconf 80' lang='grc' dir='ltr'>ἄνωθεν</span> <span class='ocrx_word' id='word_1_219' title='bbox 2652 1503 2806 1580; x_wconf 79' lang='grc' dir='ltr'>εἶχον</span> <span class='ocrx_word' id='word_1_220' title='bbox 2837 1500 2963 1578; x_wconf 85' lang='grc' dir='ltr'>ἐγώ.</span> <span class='ocrx_word' id='word_1_221' title='bbox 3007 1508 3131 1563; x_wconf 85' lang='grc' dir='ltr'>Πῶς</span> <span class='ocrx_word' id='word_1_222' title='bbox 3175 1504 3352 1558; x_wconf 78' lang='grc' dir='ltr'>τοίνυν</span> <span class='ocrx_word' id='word_1_223' title='bbox 3386 1503 3480 1566; x_wconf 72' lang='grc' dir='ltr'>τὰς</span> <span class='ocrx_word' id='word_1_224' title='bbox 3529 1509 3640 1559; x_wconf 84' lang='grc' dir='ltr'>τῶν</span> <span class='ocrx_word' id='word_1_225' title='bbox 3689 1508 3826 1579; x_wconf 67' lang='grc' dir='ltr'>φαυ-</span> 
     </span>
    </p>
   </div>
   <div class='ocr_carea' id='block_1_31' title="bbox 2171 1589 3826 1666">
    <p class='ocr_par' dir='ltr' id='par_1_31' title="bbox 2171 1589 3826 1666">
     <span class='ocr_line' id='line_1_31' title="bbox 2171 1589 3826 1666; baseline 0.002 -20"><span class='ocrx_word' id='word_1_226' title='bbox 2171 1589 2281 1646; x_wconf 85' lang='grc' dir='ltr'>λων</span> <span class='ocrx_word' id='word_1_227' title='bbox 2312 1590 2610 1660; x_wconf 81' lang='grc' dir='ltr'>ποιότητας</span> <span class='ocrx_word' id='word_1_228' title='bbox 2642 1592 2714 1653; x_wconf 82' lang='grc' dir='ltr'>ὡς</span> <span class='ocrx_word' id='word_1_229' title='bbox 2756 1592 2910 1665; x_wconf 80' lang='grc' dir='ltr'>εἶχον</span> <span class='ocrx_word' id='word_1_230' title='bbox 2942 1589 3402 1647; x_wconf 74' lang='grc' dir='ltr'>καταλελοιπέναι</span> <span class='ocrx_word' id='word_1_231' title='bbox 3437 1590 3620 1666; x_wconf 86' lang='grc' dir='ltr'>λέγεις</span> <span class='ocrx_word' id='word_1_232' title='bbox 3649 1613 3663 1660; x_wconf 90' lang='grc'>;</span> <span class='ocrx_word' id='word_1_233' title='bbox 3709 1595 3826 1649; x_wconf 77' lang='grc' dir='ltr'>Πό-</span> 
     </span>
    </p>
   </div>
   <div class='ocr_carea' id='block_1_32' title="bbox 2167 1677 3831 1755">
    <p class='ocr_par' dir='ltr' id='par_1_32' title="bbox 2167 1677 3831 1755">
     <span class='ocr_line' id='line_1_32' title="bbox 2167 1677 3831 1755; baseline 0.001 -20"><span class='ocrx_word' id='word_1_234' title='bbox 2167 1701 2319 1753; x_wconf 85' lang='grc' dir='ltr'>τερον</span> <span class='ocrx_word' id='word_1_235' title='bbox 2355 1677 2650 1753; x_wconf 78' lang='grc' dir='ltr'>δυνάμενον</span> <span class='ocrx_word' id='word_1_236' title='bbox 2686 1682 2778 1755; x_wconf 76' lang='grc' dir='ltr'>μὲν</span> <span class='ocrx_word' id='word_1_237' title='bbox 2812 1681 3014 1744; x_wconf 80' lang='grc' dir='ltr'>ἐκείνας</span> <span class='ocrx_word' id='word_1_238' title='bbox 3046 1680 3258 1736; x_wconf 81' lang='grc' dir='ltr'>ἀνελεῖν</span> <span class='ocrx_word' id='word_1_239' title='bbox 3292 1685 3360 1750; x_wconf 81' lang='grc'>²¹,</span> <span class='ocrx_word' id='word_1_240' title='bbox 3401 1682 3435 1751; x_wconf 73' lang='grc' dir='ltr'><strong>ἢ</strong></span> <span class='ocrx_word' id='word_1_241' title='bbox 3481 1681 3831 1755; x_wconf 82' lang='grc' dir='ltr'>βουληθέντα</span> 
     </span>
    </p>
   </div>
   <div class='ocr_carea' id='block_1_33' title="bbox 2176 1767 3830 1848">
    <p class='ocr_par' dir='ltr' id='par_1_33' title="bbox 2176 1767 3830 1848">
     <span class='ocr_line' id='line_1_33' title="bbox 2176 1767 3830 1848; baseline 0.003 -25"><span class='ocrx_word' id='word_1_242' title='bbox 2176 1772 2292 1842; x_wconf 80' lang='grc' dir='ltr'>μὶν,</span> <span class='ocrx_word' id='word_1_243' title='bbox 2331 1771 2404 1842; x_wconf 78' lang='grc' dir='ltr'>μὴ</span> <span class='ocrx_word' id='word_1_244' title='bbox 2451 1767 2745 1842; x_wconf 73' lang='grc' dir='ltr'>δυνάμενον</span> <span class='ocrx_word' id='word_1_245' title='bbox 2780 1769 2874 1838; x_wconf 87' lang='grc' dir='ltr'>δέ;</span> <span class='ocrx_word' id='word_1_246' title='bbox 2910 1771 2969 1826; x_wconf 79' lang='grc' dir='ltr'>Εἰ</span> <span class='ocrx_word' id='word_1_247' title='bbox 3023 1771 3121 1844; x_wconf 75' lang='grc' dir='ltr'>μὲν</span> <span class='ocrx_word' id='word_1_248' title='bbox 3152 1773 3254 1846; x_wconf 82' lang='grc' dir='ltr'>γὰρ</span> <span class='ocrx_word' id='word_1_249' title='bbox 3305 1770 3602 1844; x_wconf 77' lang='grc' dir='ltr'>δυνάμενον</span> <span class='ocrx_word' id='word_1_250' title='bbox 3650 1773 3830 1848; x_wconf 76' lang='grc' dir='ltr'>λέγεις</span> 
     </span>
    </p>
   </div>
   <div class='ocr_carea' id='block_1_34' title="bbox 411 1833 2060 1936">
    <p class='ocr_par' dir='ltr' id='par_1_34' title="bbox 411 1833 2058 1928">
     <span class='ocr_line' id='line_1_34' title="bbox 411 1833 2058 1928; baseline -0.002 -13"><span class='ocrx_word' id='word_1_251' title='bbox 411 1859 586 1916; x_wconf 88' lang='lat' dir='ltr'>tolli?</span> <span class='ocrx_word' id='word_1_252' title='bbox 628 1833 727 1914; x_wconf 80' lang='lat' dir='ltr'>aut</span> <span class='ocrx_word' id='word_1_253' title='bbox 781 1860 957 1914; x_wconf 90' lang='lat' dir='ltr'>Deum</span> <span class='ocrx_word' id='word_1_254' title='bbox 1011 1858 1249 1928; x_wconf 89' lang='lat' dir='ltr'>quidem</span> <span class='ocrx_word' id='word_1_255' title='bbox 1303 1833 1576 1924; x_wconf 82' lang='lat' dir='ltr'>voluisse,</span> <span class='ocrx_word' id='word_1_256' title='bbox 1627 1873 1740 1912; x_wconf 87' lang='lat' dir='ltr'>non</span> <span class='ocrx_word' id='word_1_257' title='bbox 1795 1833 2058 1927; x_wconf 77' lang='lat' dir='ltr'>potuisse</span> 
     </span>
    </p>
   </div>
   <div class='ocr_carea' id='block_1_35' title="bbox 2173 1833 3831 1936">
    <p class='ocr_par' dir='ltr' id='par_1_35' title="bbox 2175 1857 3831 1936">
     <span class='ocr_line' id='line_1_35' title="bbox 2175 1857 3831 1936; baseline 0.002 -22"><span class='ocrx_word' id='word_1_258' title='bbox 2175 1862 2251 1933; x_wconf 83' lang='grc' dir='ltr'>μή</span> <span class='ocrx_word' id='word_1_259' title='bbox 2289 1859 2625 1936; x_wconf 70' lang='grc' dir='ltr'>βουληθέντα</span> <span class='ocrx_word' id='word_1_260' title='bbox 2659 1857 2735 1928; x_wconf 74' lang='grc' dir='ltr'>δὲ,</span> <span class='ocrx_word' id='word_1_261' title='bbox 2777 1860 2938 1916; x_wconf 83' lang='grc' dir='ltr'>αὐτὸν</span> <span class='ocrx_word' id='word_1_262' title='bbox 2971 1859 3148 1915; x_wconf 77' lang='grc' dir='ltr'>αἶ’τιον</span> <span class='ocrx_word' id='word_1_263' title='bbox 3179 1861 3384 1916; x_wconf 80' lang='grc' dir='ltr'>τούτων</span> <span class='ocrx_word' id='word_1_264' title='bbox 3418 1865 3486 1928; x_wconf 73' lang='grc'>³³,</span> <span class='ocrx_word' id='word_1_265' title='bbox 3530 1865 3616 1916; x_wconf 80' lang='grc' dir='ltr'>ὅτι</span> <span class='ocrx_word' id='word_1_266' title='bbox 3669 1861 3831 1917; x_wconf 70' lang='grc' dir='ltr'>δυνα-</span> 
     </span>
    </p>
   </div>
   <div class='ocr_carea' id='block_1_36' title="bbox 410 1945 2057 2018">
    <p class='ocr_par' dir='ltr' id='par_1_36' title="bbox 410 1945 2057 2018">
     <span class='ocr_line' id='line_1_36' title="bbox 410 1945 2057 2018; baseline -0.003 -12"><span class='ocrx_word' id='word_1_267' title='bbox 410 1955 602 2006; x_wconf 90' lang='lat' dir='ltr'>tamen</span> <span class='ocrx_word' id='word_1_268' title='bbox 629 1965 725 2003; x_wconf 88' lang='lat' dir='ltr'>eas</span> <span class='ocrx_word' id='word_1_269' title='bbox 758 1948 956 2002; x_wconf 89' lang='lat' dir='ltr'>tollere</span> <span class='ocrx_word' id='word_1_270' title='bbox 976 1950 1003 2000; x_wconf 68' lang='grc' dir='ltr'><strong><em>Ῥ</em></strong></span> <span class='ocrx_word' id='word_1_271' title='bbox 1025 1947 1085 2002; x_wconf 88' lang='lat' dir='ltr'>Si</span> <span class='ocrx_word' id='word_1_272' title='bbox 1119 1947 1373 2018; x_wconf 87' lang='lat' dir='ltr'>potuisse</span> <span class='ocrx_word' id='word_1_273' title='bbox 1400 1947 1502 2015; x_wconf 87' lang='lat' dir='ltr'>ais,</span> <span class='ocrx_word' id='word_1_274' title='bbox 1534 1950 1588 2001; x_wconf 88' lang='lat' dir='ltr'>ct</span> <span class='ocrx_word' id='word_1_275' title='bbox 1613 1945 1889 2012; x_wconf 85' lang='lat' dir='ltr'>noluisse,</span> <span class='ocrx_word' id='word_1_276' title='bbox 1917 1947 2057 2002; x_wconf 83' lang='lat' dir='ltr'>facis</span> 
     </span>
    </p>
   </div>
   <div class='ocr_carea' id='block_1_37' title="bbox 414 2036 2058 2105">
    <p class='ocr_par' dir='ltr' id='par_1_37' title="bbox 414 2036 2058 2105">
     <span class='ocr_line' id='line_1_37' title="bbox 414 2036 2058 2105; baseline -0.003 -10"><span class='ocrx_word' id='word_1_277' title='bbox 414 2040 579 2096; x_wconf 89' lang='lat' dir='ltr'>illum</span> <span class='ocrx_word' id='word_1_278' title='bbox 627 2043 922 2094; x_wconf 80' lang='lat' dir='ltr'>auctorem</span> <span class='ocrx_word' id='word_1_279' title='bbox 979 2037 1185 2092; x_wconf 89' lang='lat' dir='ltr'>borum</span> <span class='ocrx_word' id='word_1_280' title='bbox 1240 2037 1570 2090; x_wconf 88' lang='lat' dir='ltr'>malorum:</span> <span class='ocrx_word' id='word_1_281' title='bbox 1608 2036 1763 2105; x_wconf 93' lang='lat' dir='ltr'>quod</span> <span class='ocrx_word' id='word_1_282' title='bbox 1814 2036 2058 2105; x_wconf 87' lang='lat' dir='ltr'>potuerit</span> 
     </span>
    </p>
   </div>
   <div class='ocr_carea' id='block_1_38' title="bbox 412 2123 2063 2193">
    <p class='ocr_par' dir='ltr' id='par_1_38' title="bbox 412 2123 2063 2193">
     <span class='ocr_line' id='line_1_38' title="bbox 412 2123 2063 2193; baseline -0.003 -10"><span class='ocrx_word' id='word_1_283' title='bbox 412 2128 639 2184; x_wconf 77' lang='lat' dir='ltr'>efﬁcere</span> <span class='ocrx_word' id='word_1_284' title='bbox 701 2131 762 2179; x_wconf 88' lang='lat' dir='ltr'>ut</span> <span class='ocrx_word' id='word_1_285' title='bbox 821 2142 935 2180; x_wconf 93' lang='lat' dir='ltr'>non</span> <span class='ocrx_word' id='word_1_286' title='bbox 995 2133 1186 2180; x_wconf 85' lang='lat' dir='ltr'>essent</span> <span class='ocrx_word' id='word_1_287' title='bbox 1245 2125 1418 2189; x_wconf 86' lang='lat' dir='ltr'>mala,</span> <span class='ocrx_word' id='word_1_288' title='bbox 1479 2129 1535 2178; x_wconf 89' lang='lat' dir='ltr'>et</span> <span class='ocrx_word' id='word_1_289' title='bbox 1586 2128 1780 2178; x_wconf 85' lang='lat' dir='ltr'>tamen</span> <span class='ocrx_word' id='word_1_290' title='bbox 1832 2123 1952 2193; x_wconf 89' lang='lat' dir='ltr'>illa,</span> <span class='ocrx_word' id='word_1_291' title='bbox 2000 2129 2063 2179; x_wconf 91' lang='lat' dir='ltr'>ut</span> 
     </span>
    </p>
   </div>
   <div class='ocr_carea' id='block_1_39' title="bbox 415 2213 2062 2285">
    <p class='ocr_par' dir='ltr' id='par_1_39' title="bbox 415 2213 2062 2285">
     <span class='ocr_line' id='line_1_39' title="bbox 415 2213 2062 2285; baseline -0.004 -13"><span class='ocrx_word' id='word_1_292' title='bbox 415 2221 599 2281; x_wconf 87' lang='lat' dir='ltr'>erant,</span> <span class='ocrx_word' id='word_1_293' title='bbox 640 2231 766 2270; x_wconf 87' lang='lat' dir='ltr'>esse</span> <span class='ocrx_word' id='word_1_294' title='bbox 800 2214 1146 2284; x_wconf 87' lang='lat' dir='ltr'>permiserit.</span> <span class='ocrx_word' id='word_1_295' title='bbox 1199 2213 1481 2279; x_wconf 85' lang='lat' dir='ltr'>Quoniam</span> <span class='ocrx_word' id='word_1_296' title='bbox 1525 2230 1657 2267; x_wconf 90' lang='lat' dir='ltr'>cum</span> <span class='ocrx_word' id='word_1_297' title='bbox 1693 2219 1920 2285; x_wconf 87' lang='lat' dir='ltr'>partem</span> <span class='ocrx_word' id='word_1_298' title='bbox 1953 2214 2062 2269; x_wconf 84' lang='lat' dir='ltr'>ali-</span> 
     </span>
    </p>
   </div>
   <div class='ocr_carea' id='block_1_40' title="bbox 415 2301 2058 2377">
    <p class='ocr_par' dir='ltr' id='par_1_40' title="bbox 415 2301 2058 2377">
     <span class='ocr_line' id='line_1_40' title="bbox 415 2301 2058 2377; baseline -0.001 -17"><span class='ocrx_word' id='word_1_299' title='bbox 415 2321 591 2377; x_wconf 88' lang='lat' dir='ltr'>quam</span> <span class='ocrx_word' id='word_1_300' title='bbox 628 2303 878 2358; x_wconf 68' lang='lat' dir='ltr'>materia:</span> <span class='ocrx_word' id='word_1_301' title='bbox 911 2303 1228 2373; x_wconf 79' lang='lat' dir='ltr'>perficeret,</span> <span class='ocrx_word' id='word_1_302' title='bbox 1273 2307 1497 2373; x_wconf 74' lang='lat' dir='ltr'>partem</span> <span class='ocrx_word' id='word_1_303' title='bbox 1541 2307 1736 2356; x_wconf 88' lang='lat' dir='ltr'>autem</span> <span class='ocrx_word' id='word_1_304' title='bbox 1772 2301 1927 2357; x_wconf 90' lang='lat' dir='ltr'>illius</span> <span class='ocrx_word' id='word_1_305' title='bbox 1962 2319 2058 2358; x_wconf 90' lang='lat' dir='ltr'>ne-</span> 
     </span>
    </p>
   </div>
   <div class='ocr_carea' id='block_1_41' title="bbox 414 2391 2062 2468">
    <p class='ocr_par' dir='ltr' id='par_1_41' title="bbox 414 2391 2062 2468">
     <span class='ocr_line' id='line_1_41' title="bbox 414 2391 2062 2468; baseline -0.002 -18"><span class='ocrx_word' id='word_1_306' title='bbox 414 2395 676 2468; x_wconf 83' lang='lat' dir='ltr'>gligeret,</span> <span class='ocrx_word' id='word_1_307' title='bbox 694 2410 828 2448; x_wconf 90' lang='lat' dir='ltr'>cum</span> <span class='ocrx_word' id='word_1_308' title='bbox 846 2397 902 2448; x_wconf 91' lang='lat' dir='ltr'>et</span> <span class='ocrx_word' id='word_1_309' title='bbox 925 2391 1088 2447; x_wconf 89' lang='lat' dir='ltr'>illam</span> <span class='ocrx_word' id='word_1_310' title='bbox 1107 2393 1165 2446; x_wconf 92' lang='lat' dir='ltr'>in</span> <span class='ocrx_word' id='word_1_311' title='bbox 1196 2391 1402 2446; x_wconf 79' lang='lat' dir='ltr'>melius</span> <span class='ocrx_word' id='word_1_312' title='bbox 1428 2396 1625 2461; x_wconf 87' lang='lat' dir='ltr'>posset</span> <span class='ocrx_word' id='word_1_313' title='bbox 1648 2396 1898 2458; x_wconf 86' lang='lat' dir='ltr'>mutare,</span> <span class='ocrx_word' id='word_1_314' title='bbox 1919 2391 2062 2446; x_wconf 86' lang='lat' dir='ltr'>mihi</span> 
     </span>
    </p>
   </div>
   <div class='ocr_carea' id='block_1_42' title="bbox 415 2481 2062 2552">
    <p class='ocr_par' dir='ltr' id='par_1_42' title="bbox 415 2481 2062 2552">
     <span class='ocr_line' id='line_1_42' title="bbox 415 2481 2062 2552; baseline -0.002 -14"><span class='ocrx_word' id='word_1_315' title='bbox 415 2485 643 2540; x_wconf 88' lang='lat' dir='ltr'>videtur</span> <span class='ocrx_word' id='word_1_316' title='bbox 700 2499 880 2537; x_wconf 84' lang='lat' dir='ltr'>causa</span> <span class='ocrx_word' id='word_1_317' title='bbox 936 2481 1253 2550; x_wconf 87' lang='lat' dir='ltr'>malorum,</span> <span class='ocrx_word' id='word_1_318' title='bbox 1323 2481 1473 2550; x_wconf 91' lang='lat' dir='ltr'>quod</span> <span class='ocrx_word' id='word_1_319' title='bbox 1530 2489 1751 2552; x_wconf 84' lang='lat' dir='ltr'>partem</span> <span class='ocrx_word' id='word_1_320' title='bbox 1814 2481 2062 2536; x_wconf 66' lang='lat' dir='ltr'>materie</span> 
     </span>
    </p>
   </div>
   <div class='ocr_carea' id='block_1_43' title="bbox 421 2569 2061 2644">
    <p class='ocr_par' dir='ltr' id='par_1_43' title="bbox 421 2569 2061 2644">
     <span class='ocr_line' id='line_1_43' title="bbox 421 2569 2061 2644; baseline -0.002 -16"><span class='ocrx_word' id='word_1_321' title='bbox 421 2572 722 2644; x_wconf 88' lang='lat' dir='ltr'>reliquerit</span> <span class='ocrx_word' id='word_1_322' title='bbox 755 2572 988 2626; x_wconf 89' lang='lat' dir='ltr'>malam.</span> <span class='ocrx_word' id='word_1_323' title='bbox 1035 2571 1178 2640; x_wconf 80' lang='lat' dir='ltr'>Ergo</span> <span class='ocrx_word' id='word_1_324' title='bbox 1223 2571 1280 2624; x_wconf 93' lang='lat' dir='ltr'>in</span> <span class='ocrx_word' id='word_1_325' title='bbox 1324 2570 1561 2625; x_wconf 86' lang='lat' dir='ltr'>exitium</span> <span class='ocrx_word' id='word_1_326' title='bbox 1605 2570 1785 2642; x_wconf 84' lang='lat' dir='ltr'>partis</span> <span class='ocrx_word' id='word_1_327' title='bbox 1815 2569 2061 2642; x_wconf 89' lang='lat' dir='ltr'>[partem</span> 
     </span>
    </p>
   </div>
   <div class='ocr_carea' id='block_1_44' title="bbox 421 2659 2067 2733">
    <p class='ocr_par' dir='ltr' id='par_1_44' title="bbox 421 2659 2067 2733">
     <span class='ocr_line' id='line_1_44' title="bbox 421 2659 2067 2733; baseline -0.002 -15"><span class='ocrx_word' id='word_1_328' title='bbox 421 2663 598 2733; x_wconf 87' lang='lat' dir='ltr'>Deus]</span> <span class='ocrx_word' id='word_1_329' title='bbox 631 2659 904 2716; x_wconf 89' lang='lat' dir='ltr'>condidit.</span> <span class='ocrx_word' id='word_1_330' title='bbox 953 2661 1069 2715; x_wconf 89' lang='lat' dir='ltr'>lmo</span> <span class='ocrx_word' id='word_1_331' title='bbox 1113 2659 1271 2713; x_wconf 88' lang='lat' dir='ltr'>illius</span> <span class='ocrx_word' id='word_1_332' title='bbox 1313 2674 1488 2715; x_wconf 90' lang='lat' dir='ltr'>causa</span> <span class='ocrx_word' id='word_1_333' title='bbox 1521 2659 1642 2713; x_wconf 77' lang='lat' dir='ltr'>haec</span> <span class='ocrx_word' id='word_1_334' title='bbox 1677 2676 1810 2729; x_wconf 87' lang='lat' dir='ltr'>pars</span> <span class='ocrx_word' id='word_1_335' title='bbox 1843 2676 2067 2715; x_wconf 87' lang='lat' dir='ltr'>summa</span> 
     </span>
    </p>
   </div>
   <div class='ocr_carea' id='block_1_45' title="bbox 427 2747 2062 2822">
    <p class='ocr_par' dir='ltr' id='par_1_45' title="bbox 427 2747 2062 2822">
     <span class='ocr_line' id='line_1_45' title="bbox 427 2747 2062 2822; baseline -0.002 -14"><span class='ocrx_word' id='word_1_336' title='bbox 427 2751 642 2822; x_wconf 86' lang='lat' dir='ltr'>injuria</span> <span class='ocrx_word' id='word_1_337' title='bbox 663 2752 864 2806; x_wconf 65' lang='lat' dir='ltr'>affecta</span> <span class='ocrx_word' id='word_1_338' title='bbox 898 2747 1037 2804; x_wconf 86' lang='lat' dir='ltr'>mihi</span> <span class='ocrx_word' id='word_1_339' title='bbox 1069 2749 1336 2803; x_wconf 85' lang='lat' dir='ltr'>videtur:</span> <span class='ocrx_word' id='word_1_340' title='bbox 1361 2765 1533 2817; x_wconf 88' lang='lat' dir='ltr'>quam</span> <span class='ocrx_word' id='word_1_341' title='bbox 1565 2749 1818 2804; x_wconf 69' lang='lat' dir='ltr'>materiae</span> <span class='ocrx_word' id='word_1_342' title='bbox 1841 2755 2062 2820; x_wconf 88' lang='lat' dir='ltr'>partem</span> 
     </span>
    </p>
   </div>
   <div class='ocr_carea' id='block_1_46' title="bbox 427 2839 2062 2911">
    <p class='ocr_par' dir='ltr' id='par_1_46' title="bbox 427 2839 2062 2911">
     <span class='ocr_line' id='line_1_46' title="bbox 427 2839 2062 2911; baseline -0.004 -11"><span class='ocrx_word' id='word_1_343' title='bbox 427 2863 459 2900; x_wconf 91' lang='lat' dir='ltr'>a</span> <span class='ocrx_word' id='word_1_344' title='bbox 492 2841 662 2898; x_wconf 89' lang='lat' dir='ltr'>malis</span> <span class='ocrx_word' id='word_1_345' title='bbox 695 2846 977 2897; x_wconf 88' lang='lat' dir='ltr'>secretam</span> <span class='ocrx_word' id='word_1_346' title='bbox 1028 2839 1344 2895; x_wconf 87' lang='lat' dir='ltr'>exornavit.</span> <span class='ocrx_word' id='word_1_347' title='bbox 1390 2845 1716 2910; x_wconf 83' lang='lat' dir='ltr'>Antequam</span> <span class='ocrx_word' id='word_1_348' title='bbox 1749 2841 1902 2894; x_wconf 90' lang='lat' dir='ltr'>enim</span> <span class='ocrx_word' id='word_1_349' title='bbox 1940 2857 2062 2911; x_wconf 90' lang='lat' dir='ltr'>per-</span> 
     </span>
    </p>
   </div>
   <div class='ocr_carea' id='block_1_47' title="bbox 428 2928 2062 3006">
    <p class='ocr_par' dir='ltr' id='par_1_47' title="bbox 428 2928 2062 3006">
     <span class='ocr_line' id='line_1_47' title="bbox 428 2928 2062 3006; baseline -0.002 -17"><span class='ocrx_word' id='word_1_350' title='bbox 428 2931 868 3006; x_wconf 82' lang='lat' dir='ltr'>poliretur(89),</span> <span class='ocrx_word' id='word_1_351' title='bbox 903 2928 1101 2984; x_wconf 86' lang='lat' dir='ltr'>nullus</span> <span class='ocrx_word' id='word_1_352' title='bbox 1126 2929 1209 2982; x_wconf 90' lang='lat' dir='ltr'>illi</span> <span class='ocrx_word' id='word_1_353' title='bbox 1243 2945 1456 2985; x_wconf 85' lang='lat' dir='ltr'>sensus</span> <span class='ocrx_word' id='word_1_354' title='bbox 1497 2929 1785 2984; x_wconf 89' lang='lat' dir='ltr'>malorum</span> <span class='ocrx_word' id='word_1_355' title='bbox 1819 2931 2015 2984; x_wconf 90' lang='lat' dir='ltr'>aderat</span> <span class='ocrx_word' id='word_1_356' title='bbox 2049 2947 2062 2985; x_wconf 90' lang='lat'>:</span> 
     </span>
    </p>
   </div>
   <div class='ocr_carea' id='block_1_48' title="bbox 427 3017 2063 3090">
    <p class='ocr_par' dir='ltr' id='par_1_48' title="bbox 427 3017 2063 3090">
     <span class='ocr_line' id='line_1_48' title="bbox 427 3017 2063 3090; baseline -0.002 -12"><span class='ocrx_word' id='word_1_357' title='bbox 427 3039 582 3078; x_wconf 89' lang='lat' dir='ltr'>nunc</span> <span class='ocrx_word' id='word_1_358' title='bbox 605 3037 736 3076; x_wconf 91' lang='lat' dir='ltr'>vero</span> <span class='ocrx_word' id='word_1_359' title='bbox 755 3018 998 3089; x_wconf 59' lang='lat' dir='ltr'>singulae</span> <span class='ocrx_word' id='word_1_360' title='bbox 1023 3017 1180 3073; x_wconf 90' lang='lat' dir='ltr'>illius</span> <span class='ocrx_word' id='word_1_361' title='bbox 1200 3023 1392 3088; x_wconf 87' lang='lat' dir='ltr'>partes</span> <span class='ocrx_word' id='word_1_362' title='bbox 1415 3035 1657 3074; x_wconf 88' lang='lat' dir='ltr'>sensum</span> <span class='ocrx_word' id='word_1_363' title='bbox 1682 3019 1920 3090; x_wconf 88' lang='lat' dir='ltr'>capiunt</span> <span class='ocrx_word' id='word_1_364' title='bbox 1946 3037 2063 3074; x_wconf 89' lang='lat' dir='ltr'>ma-</span> 
     </span>
    </p>
   </div>
   <div class='ocr_carea' id='block_1_49' title="bbox 2173 1949 3833 2026">
    <p class='ocr_par' dir='ltr' id='par_1_49' title="bbox 2173 1949 3833 2026">
     <span class='ocr_line' id='line_1_49' title="bbox 2173 1949 3833 2026; baseline 0.003 -23"><span class='ocrx_word' id='word_1_365' title='bbox 2173 1969 2330 2023; x_wconf 89' lang='grc' dir='ltr'>μενος</span> <span class='ocrx_word' id='word_1_366' title='bbox 2389 1957 2614 2017; x_wconf 86' lang='grc' dir='ltr'>ποιῆσαι</span> <span class='ocrx_word' id='word_1_367' title='bbox 2669 1953 2744 2023; x_wconf 75' lang='grc' dir='ltr'>μή</span> <span class='ocrx_word' id='word_1_368' title='bbox 2807 1950 2936 2004; x_wconf 77' lang='grc' dir='ltr'>εἶναι</span> <span class='ocrx_word' id='word_1_369' title='bbox 3004 1949 3165 2020; x_wconf 76' lang='grc' dir='ltr'>κακὰ,</span> <span class='ocrx_word' id='word_1_370' title='bbox 3245 1952 3627 2026; x_wconf 77' lang='grc' dir='ltr'>συνεχώρησεν</span> <span class='ocrx_word' id='word_1_371' title='bbox 3695 1954 3833 2007; x_wconf 71' lang='grc' dir='ltr'>αὐτα</span> 
     </span>
    </p>
   </div>
   <div class='ocr_carea' id='block_1_50' title="bbox 2175 2037 3831 2115">
    <p class='ocr_par' dir='ltr' id='par_1_50' title="bbox 2175 2037 3831 2115">
     <span class='ocr_line' id='line_1_50' title="bbox 2175 2037 3831 2115; baseline 0.001 -21"><span class='ocrx_word' id='word_1_372' title='bbox 2175 2041 2350 2112; x_wconf 84' lang='grc' dir='ltr'>μένειν</span> <span class='ocrx_word' id='word_1_373' title='bbox 2390 2040 2464 2101; x_wconf 84' lang='grc' dir='ltr'>ὡς</span> <span class='ocrx_word' id='word_1_374' title='bbox 2492 2041 2581 2108; x_wconf 79' lang='grc' dir='ltr'>ἦν,</span> <span class='ocrx_word' id='word_1_375' title='bbox 2614 2040 2704 2094; x_wconf 86' lang='grc' dir='ltr'>καὶ</span> <span class='ocrx_word' id='word_1_376' title='bbox 2747 2038 2989 2112; x_wconf 81' lang='grc' dir='ltr'>μάλεστα</span> <span class='ocrx_word' id='word_1_377' title='bbox 3021 2041 3113 2095; x_wconf 81' lang='grc' dir='ltr'>ὅτε</span> <span class='ocrx_word' id='word_1_378' title='bbox 3144 2037 3506 2115; x_wconf 78' lang='grc' dir='ltr'>δημιουργεῖν</span> <span class='ocrx_word' id='word_1_379' title='bbox 3548 2043 3651 2110; x_wconf 81' lang='grc' dir='ltr'>τῆν</span> <span class='ocrx_word' id='word_1_380' title='bbox 3693 2043 3831 2114; x_wconf 73' lang='grc' dir='ltr'>ὕλην</span> 
     </span>
    </p>
   </div>
   <div class='ocr_carea' id='block_1_51' title="bbox 2170 2126 3830 2203">
    <p class='ocr_par' dir='ltr' id='par_1_51' title="bbox 2170 2126 3830 2203">
     <span class='ocr_line' id='line_1_51' title="bbox 2170 2126 3830 2203; baseline 0.002 -21"><span class='ocrx_word' id='word_1_381' title='bbox 2170 2128 2391 2202; x_wconf 75' lang='grc' dir='ltr'>ἤρξατο.</span> <span class='ocrx_word' id='word_1_382' title='bbox 2445 2127 2507 2184; x_wconf 81' lang='grc' dir='ltr'>Εἰ</span> <span class='ocrx_word' id='word_1_383' title='bbox 2557 2130 2657 2203; x_wconf 79' lang='grc' dir='ltr'>γαρ</span> <span class='ocrx_word' id='word_1_384' title='bbox 2704 2126 2844 2200; x_wconf 76' lang='grc' dir='ltr'>μηδὶ</span> <span class='ocrx_word' id='word_1_385' title='bbox 2891 2128 3037 2191; x_wconf 80' lang='grc' dir='ltr'>ὅλως</span> <span class='ocrx_word' id='word_1_386' title='bbox 3085 2127 3276 2201; x_wconf 80' lang='grc' dir='ltr'>ἔμελεν</span> <span class='ocrx_word' id='word_1_387' title='bbox 3328 2128 3476 2202; x_wconf 80' lang='grc' dir='ltr'>αὐτῷ</span> <span class='ocrx_word' id='word_1_388' title='bbox 3523 2137 3626 2199; x_wconf 83' lang='grc' dir='ltr'>τῆς</span> <span class='ocrx_word' id='word_1_389' title='bbox 3668 2131 3830 2200; x_wconf 69' lang='grc' dir='ltr'>ὕλης,</span> 
     </span>
    </p>
   </div>
   <div class='ocr_carea' id='block_1_52' title="bbox 2173 2217 3834 2295">
    <p class='ocr_par' dir='ltr' id='par_1_52' title="bbox 2173 2217 3834 2295">
     <span class='ocr_line' id='line_1_52' title="bbox 2173 2217 3834 2295; baseline 0.003 -23"><span class='ocrx_word' id='word_1_390' title='bbox 2173 2217 2271 2272; x_wconf 83' lang='grc' dir='ltr'>οὐκ</span> <span class='ocrx_word' id='word_1_391' title='bbox 2302 2217 2360 2271; x_wconf 78' lang='grc' dir='ltr'>ἂν</span> <span class='ocrx_word' id='word_1_392' title='bbox 2411 2217 2583 2278; x_wconf 71' lang='grc' dir='ltr'>αἴτιος</span> <span class='ocrx_word' id='word_1_393' title='bbox 2639 2218 2704 2286; x_wconf 73' lang='grc' dir='ltr'>ἦν</span> <span class='ocrx_word' id='word_1_394' title='bbox 2756 2219 2829 2271; x_wconf 81' lang='grc' dir='ltr'>ὧν</span> <span class='ocrx_word' id='word_1_395' title='bbox 2881 2219 3229 2295; x_wconf 81' lang='grc' dir='ltr'>συνεχώρησε</span> <span class='ocrx_word' id='word_1_396' title='bbox 3281 2219 3450 2291; x_wconf 81' lang='grc' dir='ltr'>μένειν</span> <span class='ocrx_word' id='word_1_397' title='bbox 3485 2239 3498 2250; x_wconf 87' lang='grc'><strong>·</strong></span> <span class='ocrx_word' id='word_1_398' title='bbox 3545 2220 3676 2292; x_wconf 69' lang='grc'>[948</span> <span class='ocrx_word' id='word_1_399' title='bbox 3738 2222 3834 2294; x_wconf 43' lang='lat' dir='ltr'>HJ</span> 
     </span>
    </p>
   </div>
   <div class='ocr_carea' id='block_1_53' title="bbox 2173 2304 3834 2383">
    <p class='ocr_par' dir='ltr' id='par_1_53' title="bbox 2173 2304 3834 2383">
     <span class='ocr_line' id='line_1_53' title="bbox 2173 2304 3834 2383; baseline 0.001 -21"><span class='ocrx_word' id='word_1_400' title='bbox 2173 2306 2287 2362; x_wconf 79' lang='grc' dir='ltr'>ἐπεὶ</span> <span class='ocrx_word' id='word_1_401' title='bbox 2331 2304 2386 2360; x_wconf 76' lang='grc' dir='ltr'>δὲ</span> <span class='ocrx_word' id='word_1_402' title='bbox 2423 2306 2583 2381; x_wconf 80' lang='grc' dir='ltr'>μέρος</span> <span class='ocrx_word' id='word_1_403' title='bbox 2619 2306 2712 2379; x_wconf 88' lang='grc' dir='ltr'>μέν</span> <span class='ocrx_word' id='word_1_404' title='bbox 2761 2328 2814 2361; x_wconf 86' lang='grc' dir='ltr'>τι</span> <span class='ocrx_word' id='word_1_405' title='bbox 2847 2307 3014 2376; x_wconf 79' lang='grc' dir='ltr'>αὐτῆς</span> <span class='ocrx_word' id='word_1_406' title='bbox 3061 2305 3418 2382; x_wconf 83' lang='grc' dir='ltr'>δημιουργεῖ,</span> <span class='ocrx_word' id='word_1_407' title='bbox 3455 2307 3624 2383; x_wconf 82' lang='grc' dir='ltr'>μέρος</span> <span class='ocrx_word' id='word_1_408' title='bbox 3678 2309 3736 2363; x_wconf 81' lang='grc' dir='ltr'>δέ</span> <span class='ocrx_word' id='word_1_409' title='bbox 3782 2331 3834 2363; x_wconf 87' lang='grc' dir='ltr'>τι</span> 
     </span>
    </p>
   </div>
   <div class='ocr_carea' id='block_1_54' title="bbox 2173 2389 3834 2471">
    <p class='ocr_par' dir='ltr' id='par_1_54' title="bbox 2173 2389 3834 2471">
     <span class='ocr_line' id='line_1_54' title="bbox 2173 2389 3834 2471; baseline 0.002 -25"><span class='ocrx_word' id='word_1_410' title='bbox 2173 2392 2340 2462; x_wconf 78' lang='grc' dir='ltr'>αὐτῆς</span> <span class='ocrx_word' id='word_1_411' title='bbox 2371 2393 2451 2462; x_wconf 79' lang='grc' dir='ltr'>ἐᾷ,</span> <span class='ocrx_word' id='word_1_412' title='bbox 2487 2389 2778 2465; x_wconf 76' lang='grc' dir='ltr'>δυνάμενος</span> <span class='ocrx_word' id='word_1_413' title='bbox 2828 2393 3040 2447; x_wconf 72' lang='grc' dir='ltr'>κακεῖνο</span> <span class='ocrx_word' id='word_1_414' title='bbox 3072 2393 3285 2467; x_wconf 86' lang='grc' dir='ltr'>τρέπειν</span> <span class='ocrx_word' id='word_1_415' title='bbox 3341 2394 3416 2456; x_wconf 80' lang='grc' dir='ltr'>εἷς</span> <span class='ocrx_word' id='word_1_416' title='bbox 3445 2396 3507 2448; x_wconf 88' lang='grc' dir='ltr'>τὸ</span> <span class='ocrx_word' id='word_1_417' title='bbox 3556 2402 3834 2471; x_wconf 74' lang='grc' dir='ltr'>κρεῖττον,</span> 
     </span>
    </p>
   </div>
   <div class='ocr_carea' id='block_1_55' title="bbox 2173 2478 3833 2557">
    <p class='ocr_par' dir='ltr' id='par_1_55' title="bbox 2173 2478 3833 2557">
     <span class='ocr_line' id='line_1_55' title="bbox 2173 2478 3833 2557; baseline 0.002 -23"><span class='ocrx_word' id='word_1_418' title='bbox 2173 2478 2346 2543; x_wconf 58' lang='grc' dir='ltr'>αἴτιός</span> <span class='ocrx_word' id='word_1_419' title='bbox 2382 2501 2474 2553; x_wconf 90' lang='grc' dir='ltr'>μοι</span> <span class='ocrx_word' id='word_1_420' title='bbox 2527 2485 2634 2535; x_wconf 86' lang='grc' dir='ltr'>τῶν</span> <span class='ocrx_word' id='word_1_421' title='bbox 2685 2481 2861 2536; x_wconf 83' lang='grc' dir='ltr'>κακῶν</span> <span class='ocrx_word' id='word_1_422' title='bbox 2906 2478 3074 2550; x_wconf 84' lang='grc' dir='ltr'>δοκεῖ,</span> <span class='ocrx_word' id='word_1_423' title='bbox 3107 2482 3421 2537; x_wconf 84' lang='grc' dir='ltr'>καταλιπὼν</span> <span class='ocrx_word' id='word_1_424' title='bbox 3468 2483 3636 2557; x_wconf 82' lang='grc' dir='ltr'>μέρος</span> <span class='ocrx_word' id='word_1_425' title='bbox 3690 2483 3833 2554; x_wconf 74' lang='grc' dir='ltr'>ὕλης</span> 
     </span>
    </p>
   </div>
   <div class='ocr_carea' id='block_1_56' title="bbox 2173 2568 3832 2648">
    <p class='ocr_par' dir='ltr' id='par_1_56' title="bbox 2173 2568 3832 2648">
     <span class='ocr_line' id='line_1_56' title="bbox 2173 2568 3832 2648; baseline 0.002 -24"><span class='ocrx_word' id='word_1_426' title='bbox 2173 2571 2412 2643; x_wconf 88' lang='grc' dir='ltr'>πονηρὸν</span> <span class='ocrx_word' id='word_1_427' title='bbox 2476 2569 2556 2624; x_wconf 85' lang='grc' dir='ltr'>ἐπ’</span> <span class='ocrx_word' id='word_1_428' title='bbox 2635 2568 2844 2643; x_wconf 85' lang='grc' dir='ltr'>ὀλέθρῳ</span> <span class='ocrx_word' id='word_1_429' title='bbox 2899 2571 2959 2622; x_wconf 75' lang='grc' dir='ltr'>οὗ</span> <span class='ocrx_word' id='word_1_430' title='bbox 2989 2572 3033 2607; x_wconf 73' lang='grc'>³³</span> <span class='ocrx_word' id='word_1_431' title='bbox 3112 2568 3522 2648; x_wconf 74' lang='grc' dir='ltr'>ἐδημιούργησε</span> <span class='ocrx_word' id='word_1_432' title='bbox 3606 2575 3832 2645; x_wconf 76' lang='grc' dir='ltr'>μέρους.</span> 
     </span>
    </p>
   </div>
   <div class='ocr_carea' id='block_1_57' title="bbox 2173 2657 3832 2736">
    <p class='ocr_par' dir='ltr' id='par_1_57' title="bbox 2173 2657 3832 2736">
     <span class='ocr_line' id='line_1_57' title="bbox 2173 2657 3832 2736; baseline 0.001 -22"><span class='ocrx_word' id='word_1_433' title='bbox 2173 2657 2352 2715; x_wconf 83' lang='grc' dir='ltr'>Ἀλλὰ</span> <span class='ocrx_word' id='word_1_434' title='bbox 2397 2659 2504 2731; x_wconf 71' lang='grc' dir='ltr'>μὴν</span> <span class='ocrx_word' id='word_1_435' title='bbox 2548 2661 2637 2713; x_wconf 76' lang='grc' dir='ltr'>καὶ</span> <span class='ocrx_word' id='word_1_436' title='bbox 2681 2659 2746 2713; x_wconf 77' lang='grc' dir='ltr'>τὰ</span> <span class='ocrx_word' id='word_1_437' title='bbox 2799 2661 3028 2734; x_wconf 87' lang='grc' dir='ltr'>μέγιστα</span> <span class='ocrx_word' id='word_1_438' title='bbox 3077 2661 3212 2714; x_wconf 86' lang='grc' dir='ltr'>κατά</span> <span class='ocrx_word' id='word_1_439' title='bbox 3257 2664 3416 2714; x_wconf 74' lang='grc' dir='ltr'>τοῦτο</span> <span class='ocrx_word' id='word_1_440' title='bbox 3449 2664 3496 2696; x_wconf 72' lang='grc'>³⁸</span> <span class='ocrx_word' id='word_1_441' title='bbox 3546 2664 3611 2715; x_wconf 85' lang='grc' dir='ltr'>τὸ</span> <span class='ocrx_word' id='word_1_442' title='bbox 3667 2663 3832 2736; x_wconf 82' lang='grc' dir='ltr'>μέρος</span> 
     </span>
    </p>
   </div>
   <div class='ocr_carea' id='block_1_58' title="bbox 2174 2747 3832 2823">
    <p class='ocr_par' dir='ltr' id='par_1_58' title="bbox 2174 2747 3832 2823">
     <span class='ocr_line' id='line_1_58' title="bbox 2174 2747 3832 2823; baseline 0.002 -21"><span class='ocrx_word' id='word_1_443' title='bbox 2174 2747 2462 2818; x_wconf 82' lang='grc' dir='ltr'>ἠδικῆσθαί</span> <span class='ocrx_word' id='word_1_444' title='bbox 2538 2769 2632 2820; x_wconf 91' lang='grc' dir='ltr'>μοι</span> <span class='ocrx_word' id='word_1_445' title='bbox 2692 2747 2860 2821; x_wconf 82' lang='grc' dir='ltr'>δοκεῖ,</span> <span class='ocrx_word' id='word_1_446' title='bbox 2921 2748 3051 2823; x_wconf 76' lang='grc' dir='ltr'>ὅπερ</span> <span class='ocrx_word' id='word_1_447' title='bbox 3117 2749 3470 2805; x_wconf 75' lang='grc' dir='ltr'>κατεσκεύασε</span> <span class='ocrx_word' id='word_1_448' title='bbox 3528 2758 3630 2819; x_wconf 82' lang='grc' dir='ltr'>τῆς</span> <span class='ocrx_word' id='word_1_449' title='bbox 3692 2751 3832 2821; x_wconf 72' lang='grc' dir='ltr'>ὕλης</span> 
     </span>
    </p>
   </div>
   <div class='ocr_carea' id='block_1_59' title="bbox 2181 2835 3831 2918">
    <p class='ocr_par' dir='ltr' id='par_1_59' title="bbox 2181 2835 3831 2918">
     <span class='ocr_line' id='line_1_59' title="bbox 2181 2835 3831 2918; baseline 0.001 -24"><span class='ocrx_word' id='word_1_450' title='bbox 2181 2841 2342 2914; x_wconf 83' lang='grc' dir='ltr'>μέρος</span> <span class='ocrx_word' id='word_1_451' title='bbox 2377 2835 2917 2912; x_wconf 76' lang='grc' dir='ltr'>ἀντιλαμϐανόμενον</span> <span class='ocrx_word' id='word_1_452' title='bbox 2949 2842 3018 2894; x_wconf 79' lang='grc' dir='ltr'>τὰ</span> <span class='ocrx_word' id='word_1_453' title='bbox 3065 2840 3124 2896; x_wconf 80' lang='grc' dir='ltr'>ἐκ</span> <span class='ocrx_word' id='word_1_454' title='bbox 3152 2846 3262 2896; x_wconf 87' lang='grc' dir='ltr'>τῶν</span> <span class='ocrx_word' id='word_1_455' title='bbox 3304 2847 3502 2898; x_wconf 87' lang='grc' dir='ltr'>κακῶν.</span> <span class='ocrx_word' id='word_1_456' title='bbox 3549 2844 3681 2916; x_wconf 77' lang='grc' dir='ltr'>Πρῖν</span> <span class='ocrx_word' id='word_1_457' title='bbox 3727 2845 3831 2918; x_wconf 74' lang='grc' dir='ltr'>γαρ</span> 
     </span>
    </p>
   </div>
   <div class='ocr_carea' id='block_1_60' title="bbox 2176 2928 3834 3002">
    <p class='ocr_par' dir='ltr' id='par_1_60' title="bbox 2176 2928 3834 3002">
     <span class='ocr_line' id='line_1_60' title="bbox 2176 2928 3834 3002; baseline 0 -17"><span class='ocrx_word' id='word_1_458' title='bbox 2176 2930 2345 2998; x_wconf 78' lang='grc' dir='ltr'>αὐτὴν</span> <span class='ocrx_word' id='word_1_459' title='bbox 2381 2928 2724 3002; x_wconf 76' lang='grc' dir='ltr'>διακριθῆναι</span> <span class='ocrx_word' id='word_1_460' title='bbox 2754 2931 2800 2965; x_wconf 76' lang='grc'>³⁵</span> <span class='ocrx_word' id='word_1_461' title='bbox 2826 2931 2889 2984; x_wconf 87' lang='grc' dir='ltr'>τὸ</span> <span class='ocrx_word' id='word_1_462' title='bbox 2934 2928 3071 3002; x_wconf 77' lang='grc' dir='ltr'>μηδὲ</span> <span class='ocrx_word' id='word_1_463' title='bbox 3105 2931 3378 2984; x_wconf 76' lang='grc' dir='ltr'>αἰσθέσθαι</span> <span class='ocrx_word' id='word_1_464' title='bbox 3411 2933 3477 2967; x_wconf 68' lang='lat'>“-</span> <span class='ocrx_word' id='word_1_465' title='bbox 3511 2938 3620 2986; x_wconf 86' lang='grc' dir='ltr'>τῶν</span> <span class='ocrx_word' id='word_1_466' title='bbox 3653 2938 3834 2986; x_wconf 80' lang='grc' dir='ltr'>κακῶν</span> 
     </span>
    </p>
   </div>
   <div class='ocr_carea' id='block_1_61' title="bbox 2177 3016 3832 3094">
    <p class='ocr_par' dir='ltr' id='par_1_61' title="bbox 2177 3016 3832 3094">
     <span class='ocr_line' id='line_1_61' title="bbox 2177 3016 3832 3094; baseline -0.001 -19"><span class='ocrx_word' id='word_1_467' title='bbox 2177 3027 2355 3094; x_wconf 89' lang='grc' dir='ltr'>παρῆν</span> <span class='ocrx_word' id='word_1_468' title='bbox 2399 3019 2534 3092; x_wconf 76' lang='grc' dir='ltr'>αὐτῇ</span> <span class='ocrx_word' id='word_1_469' title='bbox 2572 3040 2582 3051; x_wconf 93' lang='grc'>·</span> <span class='ocrx_word' id='word_1_470' title='bbox 2617 3023 2706 3072; x_wconf 76' lang='grc' dir='ltr'>νῦν</span> <span class='ocrx_word' id='word_1_471' title='bbox 2740 3016 2796 3072; x_wconf 75' lang='grc' dir='ltr'>δὲ.</span> <span class='ocrx_word' id='word_1_472' title='bbox 2825 3016 3045 3073; x_wconf 77' lang='grc' dir='ltr'>ἕκαστον</span> <span class='ocrx_word' id='word_1_473' title='bbox 3079 3023 3186 3073; x_wconf 89' lang='grc' dir='ltr'>τῶν</span> <span class='ocrx_word' id='word_1_474' title='bbox 3222 3024 3402 3093; x_wconf 82' lang='grc' dir='ltr'>μερῶν</span> <span class='ocrx_word' id='word_1_475' title='bbox 3435 3021 3607 3089; x_wconf 80' lang='grc' dir='ltr'>αὐτῆς</span> <span class='ocrx_word' id='word_1_476' title='bbox 3638 3021 3832 3089; x_wconf 65' lang='grc' dir='ltr'>αἴσθη-</span> 
     </span>
    </p>
   </div>
   <div class='ocr_carea' id='block_1_62' title="bbox 423 3104 2060 3210">
    <p class='ocr_par' dir='ltr' id='par_1_62' title="bbox 423 3107 2060 3180">
     <span class='ocr_line' id='line_1_62' title="bbox 423 3107 2060 3180; baseline -0.004 -11"><span class='ocrx_word' id='word_1_477' title='bbox 423 3113 633 3169; x_wconf 88' lang='lat' dir='ltr'>lorum.</span> <span class='ocrx_word' id='word_1_478' title='bbox 665 3109 876 3180; x_wconf 88' lang='lat' dir='ltr'>Accipe</span> <span class='ocrx_word' id='word_1_479' title='bbox 917 3109 988 3163; x_wconf 90' lang='lat' dir='ltr'>ab</span> <span class='ocrx_word' id='word_1_480' title='bbox 1023 3108 1256 3162; x_wconf 91' lang='lat' dir='ltr'>homine</span> <span class='ocrx_word' id='word_1_481' title='bbox 1296 3107 1658 3178; x_wconf 82' lang='lat' dir='ltr'>exemplum:</span> <span class='ocrx_word' id='word_1_482' title='bbox 1713 3109 2060 3179; x_wconf 86' lang='lat' dir='ltr'>priusquam</span> 
     </span>
    </p>
   </div>
   <div class='ocr_carea' id='block_1_63' title="bbox 2173 3104 3835 3210">
    <p class='ocr_par' dir='ltr' id='par_1_63' title="bbox 2175 3104 3835 3210">
     <span class='ocr_line' id='line_1_63' title="bbox 2175 3104 3835 3184; baseline 0.001 -21"><span class='ocrx_word' id='word_1_483' title='bbox 2175 3131 2256 3164; x_wconf 90' lang='grc' dir='ltr'>σιν</span> <span class='ocrx_word' id='word_1_484' title='bbox 2314 3104 2583 3181; x_wconf 71' lang='grc' dir='ltr'>λημϐάνει</span> <span class='ocrx_word' id='word_1_485' title='bbox 2640 3113 2745 3162; x_wconf 87' lang='grc' dir='ltr'>τῶν</span> <span class='ocrx_word' id='word_1_486' title='bbox 2803 3113 3002 3165; x_wconf 86' lang='grc' dir='ltr'>κακῶν.</span> <span class='ocrx_word' id='word_1_487' title='bbox 3072 3109 3175 3164; x_wconf 83' lang='grc' dir='ltr'>Καί</span> <span class='ocrx_word' id='word_1_488' title='bbox 3239 3129 3334 3183; x_wconf 89' lang='grc' dir='ltr'>μοι</span> <span class='ocrx_word' id='word_1_489' title='bbox 3391 3109 3473 3164; x_wconf 85' lang='grc' dir='ltr'>ἐπ’</span> <span class='ocrx_word' id='word_1_490' title='bbox 3533 3111 3835 3184; x_wconf 77' lang='grc' dir='ltr'>ἀνθρώπου</span> 
     </span>
     <span class='ocr_line' id='line_1_64' title="bbox 2177 3194 3809 3210; baseline 0 0"><span class='ocrx_word' id='word_1_491' title='bbox 2177 3194 2282 3210; x_wconf 61' lang='grc' dir='ltr'>ς..</span> <span class='ocrx_word' id='word_1_492' title='bbox 2381 3200 2392 3210; x_wconf 85' lang='grc'>.</span> <span class='ocrx_word' id='word_1_493' title='bbox 2579 3195 2625 3210; x_wconf 60' lang='grc' dir='ltr'>..ι</span> <span class='ocrx_word' id='word_1_494' title='bbox 2847 3203 2886 3210; x_wconf 88' lang='grc'><strong>..</strong></span> <span class='ocrx_word' id='word_1_495' title='bbox 2931 3197 2943 3210; x_wconf 85' lang='grc'>.</span> <span class='ocrx_word' id='word_1_496' title='bbox 3077 3200 3089 3210; x_wconf 78' lang='lat'>.</span> <span class='ocrx_word' id='word_1_497' title='bbox 3193 3203 3255 3210; x_wconf 80' lang='lat'>--_</span> <span class='ocrx_word' id='word_1_498' title='bbox 3432 3197 3442 3210; x_wconf 93' lang='lat'>.</span> <span class='ocrx_word' id='word_1_499' title='bbox 3703 3201 3717 3210; x_wconf 89' lang='lat'>.</span> <span class='ocrx_word' id='word_1_500' title='bbox 3799 3201 3809 3210; x_wconf 93' lang='lat'>.</span> 
     </span>
    </p>
   </div>
   <div class='ocr_carea' id='block_1_64' title="bbox 423 3197 2064 3263">
    <p class='ocr_par' dir='ltr' id='par_1_64' title="bbox 423 3197 2064 3263">
     <span class='ocr_line' id='line_1_65' title="bbox 423 3197 2064 3263; baseline -0.001 -7"><span class='ocrx_word' id='word_1_501' title='bbox 423 3199 635 3256; x_wconf 87' lang='lat' dir='ltr'>animal</span> <span class='ocrx_word' id='word_1_502' title='bbox 667 3200 788 3263; x_wconf 80' lang='lat' dir='ltr'>fiat,</span> <span class='ocrx_word' id='word_1_503' title='bbox 833 3197 986 3252; x_wconf 89' lang='lat' dir='ltr'>mala</span> <span class='ocrx_word' id='word_1_504' title='bbox 1017 3213 1131 3251; x_wconf 93' lang='lat' dir='ltr'>non</span> <span class='ocrx_word' id='word_1_505' title='bbox 1165 3197 1358 3253; x_wconf 89' lang='lat' dir='ltr'>sentit.</span> <span class='ocrx_word' id='word_1_506' title='bbox 1411 3199 1481 3251; x_wconf 86' lang='lat' dir='ltr'>At</span> <span class='ocrx_word' id='word_1_507' title='bbox 1513 3198 1610 3252; x_wconf 88' lang='lat' dir='ltr'>ubi</span> <span class='ocrx_word' id='word_1_508' title='bbox 1666 3199 1854 3253; x_wconf 75' lang='lat' dir='ltr'>807a</span> <span class='ocrx_word' id='word_1_509' title='bbox 1888 3215 1918 3252; x_wconf 88' lang='lat' dir='ltr'>a</span> <span class='ocrx_word' id='word_1_510' title='bbox 1951 3200 2064 3254; x_wconf 91' lang='lat' dir='ltr'>Deo</span> 
     </span>
    </p>
   </div>
   <div class='ocr_carea' id='block_1_65' title="bbox 423 3285 2063 3351">
    <p class='ocr_par' dir='ltr' id='par_1_65' title="bbox 423 3285 2063 3351">
     <span class='ocr_line' id='line_1_66' title="bbox 423 3285 2063 3351; baseline -0.002 -8"><span class='ocrx_word' id='word_1_511' title='bbox 423 3290 702 3343; x_wconf 80' lang='lat' dir='ltr'>formatus</span> <span class='ocrx_word' id='word_1_512' title='bbox 731 3287 902 3342; x_wconf 88' lang='lat' dir='ltr'>homo</span> <span class='ocrx_word' id='word_1_513' title='bbox 934 3289 1017 3351; x_wconf 84' lang='lat' dir='ltr'>tit,</span> <span class='ocrx_word' id='word_1_514' title='bbox 1052 3295 1188 3339; x_wconf 90' lang='lat' dir='ltr'>tunc</span> <span class='ocrx_word' id='word_1_515' title='bbox 1219 3285 1394 3340; x_wconf 90' lang='lat' dir='ltr'>simul</span> <span class='ocrx_word' id='word_1_516' title='bbox 1425 3291 1481 3339; x_wconf 92' lang='lat' dir='ltr'>et</span> <span class='ocrx_word' id='word_1_517' title='bbox 1514 3286 1648 3340; x_wconf 89' lang='lat' dir='ltr'>mali</span> <span class='ocrx_word' id='word_1_518' title='bbox 1672 3287 2063 3341; x_wconf 89' lang='lat' dir='ltr'>incumbentis</span> 
     </span>
    </p>
   </div>
   <div class='ocr_carea' id='block_1_66' title="bbox 423 3373 2062 3444">
    <p class='ocr_par' dir='ltr' id='par_1_66' title="bbox 423 3373 2062 3444">
     <span class='ocr_line' id='line_1_67' title="bbox 423 3373 2062 3444; baseline -0.003 -10"><span class='ocrx_word' id='word_1_519' title='bbox 423 3392 663 3435; x_wconf 85' lang='lat' dir='ltr'>sensum</span> <span class='ocrx_word' id='word_1_520' title='bbox 697 3374 921 3444; x_wconf 87' lang='lat' dir='ltr'>accipit.</span> <span class='ocrx_word' id='word_1_521' title='bbox 953 3374 1034 3428; x_wconf 88' lang='lat' dir='ltr'>Ita</span> <span class='ocrx_word' id='word_1_522' title='bbox 1059 3373 1185 3441; x_wconf 85' lang='lat' dir='ltr'>hoc,</span> <span class='ocrx_word' id='word_1_523' title='bbox 1213 3375 1366 3444; x_wconf 92' lang='lat' dir='ltr'>quod</span> <span class='ocrx_word' id='word_1_524' title='bbox 1400 3391 1431 3428; x_wconf 89' lang='lat' dir='ltr'>a</span> <span class='ocrx_word' id='word_1_525' title='bbox 1453 3374 1568 3429; x_wconf 90' lang='lat' dir='ltr'>Deo</span> <span class='ocrx_word' id='word_1_526' title='bbox 1603 3375 1865 3429; x_wconf 84' lang='lat' dir='ltr'>beneﬁcii</span> <span class='ocrx_word' id='word_1_527' title='bbox 1891 3392 2062 3430; x_wconf 89' lang='lat' dir='ltr'>causa</span> 
     </span>
    </p>
   </div>
   <div class='ocr_carea' id='block_1_67' title="bbox 424 3463 2065 3534">
    <p class='ocr_par' dir='ltr' id='par_1_67' title="bbox 424 3463 2065 3534">
     <span class='ocr_line' id='line_1_68' title="bbox 424 3463 2065 3534; baseline -0.002 -12"><span class='ocrx_word' id='word_1_528' title='bbox 424 3466 682 3522; x_wconf 79' lang='lat' dir='ltr'>materiae</span> <span class='ocrx_word' id='word_1_529' title='bbox 703 3463 977 3519; x_wconf 89' lang='lat' dir='ltr'>collatum</span> <span class='ocrx_word' id='word_1_530' title='bbox 1005 3463 1170 3529; x_wconf 87' lang='lat' dir='ltr'>dicis,</span> <span class='ocrx_word' id='word_1_531' title='bbox 1192 3463 1386 3533; x_wconf 90' lang='lat' dir='ltr'>potius</span> <span class='ocrx_word' id='word_1_532' title='bbox 1405 3463 1461 3518; x_wconf 93' lang='lat' dir='ltr'>in</span> <span class='ocrx_word' id='word_1_533' title='bbox 1486 3463 1723 3518; x_wconf 87' lang='lat' dir='ltr'>exitium</span> <span class='ocrx_word' id='word_1_534' title='bbox 1743 3463 1902 3519; x_wconf 91' lang='lat' dir='ltr'>illius</span> <span class='ocrx_word' id='word_1_535' title='bbox 1927 3482 2065 3534; x_wconf 88' lang='lat' dir='ltr'>pro-</span> 
     </span>
    </p>
   </div>
   <div class='ocr_carea' id='block_1_68' title="bbox 419 3551 2064 3623">
    <p class='ocr_par' dir='ltr' id='par_1_68' title="bbox 419 3551 2064 3623">
     <span class='ocr_line' id='line_1_69' title="bbox 419 3551 2064 3623; baseline -0.001 -12"><span class='ocrx_word' id='word_1_536' title='bbox 419 3560 679 3612; x_wconf 85' lang='lat' dir='ltr'>creatum</span> <span class='ocrx_word' id='word_1_537' title='bbox 730 3552 1210 3623; x_wconf 83' lang='lat' dir='ltr'>deprehenditur.</span> <span class='ocrx_word' id='word_1_538' title='bbox 1245 3553 1303 3607; x_wconf 89' lang='lat' dir='ltr'>Si</span> <span class='ocrx_word' id='word_1_539' title='bbox 1336 3568 1464 3606; x_wconf 87' lang='lat' dir='ltr'>vero</span> <span class='ocrx_word' id='word_1_540' title='bbox 1507 3551 1669 3606; x_wconf 89' lang='lat' dir='ltr'>dicas</span> <span class='ocrx_word' id='word_1_541' title='bbox 1703 3569 1735 3606; x_wconf 90' lang='lat' dir='ltr'>a</span> <span class='ocrx_word' id='word_1_542' title='bbox 1759 3553 1874 3608; x_wconf 91' lang='lat' dir='ltr'>Deo</span> <span class='ocrx_word' id='word_1_543' title='bbox 1909 3554 2064 3610; x_wconf 88' lang='lat' dir='ltr'>mala</span> 
     </span>
    </p>
   </div>
   <div class='ocr_carea' id='block_1_69' title="bbox 415 3639 2065 3715">
    <p class='ocr_par' dir='ltr' id='par_1_69' title="bbox 415 3639 2065 3715">
     <span class='ocr_line' id='line_1_70' title="bbox 415 3639 2065 3715; baseline 0 -16"><span class='ocrx_word' id='word_1_544' title='bbox 415 3643 537 3701; x_wconf 84' lang='lat' dir='ltr'>tolli</span> <span class='ocrx_word' id='word_1_545' title='bbox 571 3660 682 3698; x_wconf 92' lang='lat' dir='ltr'>non</span> <span class='ocrx_word' id='word_1_546' title='bbox 719 3642 980 3714; x_wconf 88' lang='lat' dir='ltr'>potuisse</span> <span class='ocrx_word' id='word_1_547' title='bbox 1017 3658 1030 3709; x_wconf 88' lang='lat'>;</span> <span class='ocrx_word' id='word_1_548' title='bbox 1090 3640 1208 3696; x_wconf 50' lang='lat' dir='ltr'>bsic</span> <span class='ocrx_word' id='word_1_549' title='bbox 1251 3639 1697 3712; x_wconf 84' lang='lat' dir='ltr'>impossibilitas</span> <span class='ocrx_word' id='word_1_550' title='bbox 1741 3646 1839 3697; x_wconf 90' lang='lat' dir='ltr'>aut</span> <span class='ocrx_word' id='word_1_551' title='bbox 1871 3644 2065 3715; x_wconf 84' lang='lat' dir='ltr'>arguit</span> 
     </span>
    </p>
   </div>
   <div class='ocr_carea' id='block_1_70' title="bbox 420 3730 2064 3799">
    <p class='ocr_par' dir='ltr' id='par_1_70' title="bbox 420 3730 2064 3799">
     <span class='ocr_line' id='line_1_71' title="bbox 420 3730 2064 3799; baseline -0.001 -8"><span class='ocrx_word' id='word_1_552' title='bbox 420 3736 584 3791; x_wconf 90' lang='lat' dir='ltr'>illum</span> <span class='ocrx_word' id='word_1_553' title='bbox 611 3739 818 3788; x_wconf 88' lang='lat' dir='ltr'>natura</span> <span class='ocrx_word' id='word_1_554' title='bbox 851 3748 976 3787; x_wconf 87' lang='lat' dir='ltr'>esse</span> <span class='ocrx_word' id='word_1_555' title='bbox 998 3730 1377 3799; x_wconf 86' lang='lat' dir='ltr'>imbecillum,</span> <span class='ocrx_word' id='word_1_556' title='bbox 1410 3738 1506 3785; x_wconf 90' lang='lat' dir='ltr'>aut</span> <span class='ocrx_word' id='word_1_557' title='bbox 1539 3732 1747 3788; x_wconf 89' lang='lat' dir='ltr'>timore</span> <span class='ocrx_word' id='word_1_558' title='bbox 1778 3749 1811 3786; x_wconf 87' lang='lat' dir='ltr'>a</span> <span class='ocrx_word' id='word_1_559' title='bbox 1833 3733 2064 3790; x_wconf 83' lang='lat' dir='ltr'>fortiore</span> 
     </span>
    </p>
   </div>
   <div class='ocr_carea' id='block_1_71' title="bbox 419 3821 2066 3898">
    <p class='ocr_par' dir='ltr' id='par_1_71' title="bbox 419 3821 2066 3898">
     <span class='ocr_line' id='line_1_72' title="bbox 419 3821 2066 3898; baseline -0.002 -17"><span class='ocrx_word' id='word_1_560' title='bbox 419 3827 616 3898; x_wconf 89' lang='lat' dir='ltr'>aliquo</span> <span class='ocrx_word' id='word_1_561' title='bbox 648 3825 868 3880; x_wconf 88' lang='lat' dir='ltr'>vietum</span> <span class='ocrx_word' id='word_1_562' title='bbox 905 3839 919 3876; x_wconf 76' lang='grc' dir='ltr'>ε</span> <span class='ocrx_word' id='word_1_563' title='bbox 954 3823 1080 3878; x_wconf 84' lang='lat' dir='ltr'>vide</span> <span class='ocrx_word' id='word_1_564' title='bbox 1113 3826 1308 3877; x_wconf 90' lang='lat' dir='ltr'>utrum</span> <span class='ocrx_word' id='word_1_565' title='bbox 1353 3821 1562 3877; x_wconf 86' lang='lat' dir='ltr'>horum</span> <span class='ocrx_word' id='word_1_566' title='bbox 1596 3823 1979 3894; x_wconf 86' lang='lat' dir='ltr'>omnipotenti</span> <span class='ocrx_word' id='word_1_567' title='bbox 2008 3830 2066 3879; x_wconf 89' lang='lat' dir='ltr'>et</span> 
     </span>
    </p>
   </div>
   <div class='ocr_carea' id='block_1_72' title="bbox 413 3911 1237 3983">
    <p class='ocr_par' dir='ltr' id='par_1_72' title="bbox 413 3911 1237 3983">
     <span class='ocr_line' id='line_1_73' title="bbox 413 3911 1237 3983; baseline -0.007 -12"><span class='ocrx_word' id='word_1_568' title='bbox 413 3917 568 3971; x_wconf 89' lang='lat' dir='ltr'>bono</span> <span class='ocrx_word' id='word_1_569' title='bbox 600 3914 714 3968; x_wconf 93' lang='lat' dir='ltr'>Deo</span> <span class='ocrx_word' id='word_1_570' title='bbox 748 3911 888 3968; x_wconf 89' lang='lat' dir='ltr'>velis</span> <span class='ocrx_word' id='word_1_571' title='bbox 917 3912 1237 3983; x_wconf 85' lang='lat' dir='ltr'>assignare.</span> 
     </span>
    </p>
   </div>
   <div class='ocr_carea' id='block_1_73' title="bbox 2177 3194 3838 3273">
    <p class='ocr_par' dir='ltr' id='par_1_73' title="bbox 2177 3194 3838 3273">
     <span class='ocr_line' id='line_1_74' title="bbox 2177 3194 3838 3273; baseline 0 -20"><span class='ocrx_word' id='word_1_572' title='bbox 2177 3194 2310 3254; x_wconf 73' lang='grc' dir='ltr'>λάϐε</span> <span class='ocrx_word' id='word_1_573' title='bbox 2343 3200 2402 3253; x_wconf 87' lang='grc' dir='ltr'>τὸ</span> <span class='ocrx_word' id='word_1_574' title='bbox 2449 3195 2810 3272; x_wconf 79' lang='grc' dir='ltr'>παράδειγμα.</span> <span class='ocrx_word' id='word_1_575' title='bbox 2847 3197 2976 3272; x_wconf 75' lang='lat' dir='ltr'>Ilin</span> <span class='ocrx_word' id='word_1_576' title='bbox 3034 3200 3134 3273; x_wconf 70' lang='grc' dir='ltr'>γαρ</span> <span class='ocrx_word' id='word_1_577' title='bbox 3192 3203 3331 3268; x_wconf 86' lang='grc' dir='ltr'>ζῶον</span> <span class='ocrx_word' id='word_1_578' title='bbox 3387 3197 3636 3273; x_wconf 83' lang='grc' dir='ltr'>γένηται,</span> <span class='ocrx_word' id='word_1_579' title='bbox 3693 3201 3838 3255; x_wconf 78' lang='grc' dir='ltr'>ἀναί-</span> 
     </span>
    </p>
   </div>
   <div class='ocr_carea' id='block_1_74' title="bbox 2935 3287 3834 3364">
    <p class='ocr_par' dir='ltr' id='par_1_74' title="bbox 2935 3287 3834 3364">
     <span class='ocr_line' id='line_1_75' title="bbox 2948 3287 3663 3308; baseline 0.003 -6"><span class='ocrx_word' id='word_1_580' title='bbox 2948 3287 2962 3302; x_wconf 82' lang='lat'>.</span> <span class='ocrx_word' id='word_1_581' title='bbox 3013 3289 3026 3306; x_wconf 87' lang='lat'>.</span> <span class='ocrx_word' id='word_1_582' title='bbox 3093 3289 3118 3305; x_wconf 61' lang='grc' dir='ltr'><strong>ν</strong></span> <span class='ocrx_word' id='word_1_583' title='bbox 3175 3287 3215 3304; x_wconf 56' lang='grc' dir='ltr'>..κ</span> <span class='ocrx_word' id='word_1_584' title='bbox 3307 3288 3320 3308; x_wconf 85' lang='grc'><em>,</em></span> <span class='ocrx_word' id='word_1_585' title='bbox 3522 3291 3533 3304; x_wconf 86' lang='lat'>.</span> <span class='ocrx_word' id='word_1_586' title='bbox 3639 3288 3663 3304; x_wconf 73' lang='grc' dir='ltr'>υ</span> 
     </span>
     <span class='ocr_line' id='line_1_76' title="bbox 2935 3292 3834 3364; baseline 0.002 -23"><span class='ocrx_word' id='word_1_587' title='bbox 2935 3308 3008 3364; x_wconf 69' lang='grc' dir='ltr'>αφ</span> <span class='ocrx_word' id='word_1_588' title='bbox 3057 3308 3119 3342; x_wconf 89' lang='grc' dir='ltr'>ου</span> <span class='ocrx_word' id='word_1_589' title='bbox 3171 3307 3225 3342; x_wconf 80' lang='grc' dir='ltr'>οε</span> <span class='ocrx_word' id='word_1_590' title='bbox 3277 3292 3574 3343; x_wconf 86' lang='grc' dir='ltr'>εικονισθεν</span> <span class='ocrx_word' id='word_1_591' title='bbox 3629 3292 3834 3363; x_wconf 79' lang='grc' dir='ltr'>ανθρω-</span> 
     </span>
    </p>
   </div>
   <div class='ocr_carea' id='block_1_75' title="bbox 2175 3376 3834 3451">
    <p class='ocr_par' dir='ltr' id='par_1_75' title="bbox 2175 3376 3834 3451">
     <span class='ocr_line' id='line_1_77' title="bbox 2175 3376 3834 3451; baseline 0.001 -19"><span class='ocrx_word' id='word_1_592' title='bbox 2175 3398 2276 3440; x_wconf 87' lang='grc' dir='ltr'>πος</span> <span class='ocrx_word' id='word_1_593' title='bbox 2309 3378 2444 3451; x_wconf 86' lang='grc' dir='ltr'>πρὸς</span> <span class='ocrx_word' id='word_1_594' title='bbox 2503 3381 2636 3432; x_wconf 78' lang='grc' dir='ltr'>Θεοῦ</span> <span class='ocrx_word' id='word_1_595' title='bbox 2677 3376 2904 3451; x_wconf 81' lang='grc' dir='ltr'>γίνεται,</span> <span class='ocrx_word' id='word_1_596' title='bbox 2940 3377 3061 3432; x_wconf 87' lang='grc' dir='ltr'>τότε</span> <span class='ocrx_word' id='word_1_597' title='bbox 3119 3377 3207 3431; x_wconf 87' lang='grc' dir='ltr'>καὶ</span> <span class='ocrx_word' id='word_1_598' title='bbox 3263 3380 3362 3446; x_wconf 80' lang='grc' dir='ltr'>τῆν</span> <span class='ocrx_word' id='word_1_599' title='bbox 3419 3377 3674 3448; x_wconf 64' lang='grc' dir='ltr'>αἴσθησιν</span> <span class='ocrx_word' id='word_1_600' title='bbox 3733 3385 3834 3434; x_wconf 72' lang='grc' dir='ltr'>τοῦ</span> 
     </span>
    </p>
   </div>
   <div class='ocr_carea' id='block_1_76' title="bbox 2174 3461 3832 3541">
    <p class='ocr_par' dir='ltr' id='par_1_76' title="bbox 2174 3461 3832 3541">
     <span class='ocr_line' id='line_1_78' title="bbox 2174 3461 3832 3541; baseline 0.001 -20"><span class='ocrx_word' id='word_1_601' title='bbox 2174 3465 2647 3541; x_wconf 76' lang='grc' dir='ltr'>προσπελάζοντος</span> <span class='ocrx_word' id='word_1_602' title='bbox 2725 3471 2892 3520; x_wconf 78' lang='grc' dir='ltr'>κακοῦ</span> <span class='ocrx_word' id='word_1_603' title='bbox 2958 3461 3389 3540; x_wconf 73' lang='grc' dir='ltr'>προσλαμὸάνει.</span> <span class='ocrx_word' id='word_1_604' title='bbox 3470 3467 3571 3521; x_wconf 76' lang='grc' dir='ltr'>Καὶ</span> <span class='ocrx_word' id='word_1_605' title='bbox 3643 3473 3832 3537; x_wconf 72' lang='grc' dir='ltr'>τοῦτο,</span> 
     </span>
    </p>
   </div>
   <div class='ocr_carea' id='block_1_77' title="bbox 2174 3551 3832 3629">
    <p class='ocr_par' dir='ltr' id='par_1_77' title="bbox 2174 3551 3832 3629">
     <span class='ocr_line' id='line_1_79' title="bbox 2174 3551 3832 3629; baseline -0.001 -19"><span class='ocrx_word' id='word_1_606' title='bbox 2174 3556 2306 3629; x_wconf 79' lang='grc' dir='ltr'>ὅπερ</span> <span class='ocrx_word' id='word_1_607' title='bbox 2339 3555 2423 3610; x_wconf 78' lang='grc' dir='ltr'>ἐπ’</span> <span class='ocrx_word' id='word_1_608' title='bbox 2483 3553 2754 3628; x_wconf 74' lang='grc' dir='ltr'>εὐεργεσίᾳ</span> <span class='ocrx_word' id='word_1_609' title='bbox 2811 3575 2911 3624; x_wconf 88' lang='grc' dir='ltr'>της</span> <span class='ocrx_word' id='word_1_610' title='bbox 2969 3551 3108 3623; x_wconf 75' lang='grc' dir='ltr'>ὕλης</span> <span class='ocrx_word' id='word_1_611' title='bbox 3167 3553 3303 3627; x_wconf 83' lang='grc' dir='ltr'>πρὸς</span> <span class='ocrx_word' id='word_1_612' title='bbox 3362 3559 3500 3608; x_wconf 75' lang='grc' dir='ltr'>Θεοῦ</span> <span class='ocrx_word' id='word_1_613' title='bbox 3559 3555 3832 3629; x_wconf 83' lang='grc' dir='ltr'>γεγονέναι</span> 
     </span>
    </p>
   </div>
   <div class='ocr_carea' id='block_1_78' title="bbox 2173 3640 3832 3721">
    <p class='ocr_par' dir='ltr' id='par_1_78' title="bbox 2173 3640 3832 3721">
     <span class='ocr_line' id='line_1_80' title="bbox 2173 3640 3832 3721; baseline -0.001 -22"><span class='ocrx_word' id='word_1_614' title='bbox 2173 3643 2376 3721; x_wconf 88' lang='grc' dir='ltr'>λέγεις,</span> <span class='ocrx_word' id='word_1_615' title='bbox 2413 3644 2716 3717; x_wconf 80' lang='grc' dir='ltr'>εὑρισκεται</span> <span class='ocrx_word' id='word_1_616' title='bbox 2761 3640 2979 3716; x_wconf 78' lang='grc' dir='ltr'>μᾶλλον</span> <span class='ocrx_word' id='word_1_617' title='bbox 3028 3641 3116 3696; x_wconf 85' lang='grc' dir='ltr'>ἐπὶ</span> <span class='ocrx_word' id='word_1_618' title='bbox 3146 3647 3224 3712; x_wconf 73' lang='grc' dir='ltr'>τῷ</span> <span class='ocrx_word' id='word_1_619' title='bbox 3277 3643 3481 3717; x_wconf 81' lang='grc' dir='ltr'>χείρονι</span> <span class='ocrx_word' id='word_1_620' title='bbox 3525 3646 3832 3718; x_wconf 79' lang='grc' dir='ltr'>προσγενό-</span> 
     </span>
    </p>
   </div>
   <div class='ocr_carea' id='block_1_79' title="bbox 2178 3729 3834 3808">
    <p class='ocr_par' dir='ltr' id='par_1_79' title="bbox 2178 3729 3834 3808">
     <span class='ocr_line' id='line_1_81' title="bbox 2178 3729 3834 3808; baseline -0.002 -20"><span class='ocrx_word' id='word_1_621' title='bbox 2178 3754 2330 3808; x_wconf 89' lang='grc' dir='ltr'>μενον</span> <span class='ocrx_word' id='word_1_622' title='bbox 2362 3734 2407 3768; x_wconf 79' lang='grc'>²⁶</span> <span class='ocrx_word' id='word_1_623' title='bbox 2445 3731 2605 3805; x_wconf 80' lang='grc' dir='ltr'>αὐτῇ.</span> <span class='ocrx_word' id='word_1_624' title='bbox 2657 3731 2720 3785; x_wconf 81' lang='grc' dir='ltr'>Εἰ</span> <span class='ocrx_word' id='word_1_625' title='bbox 2773 3729 2830 3786; x_wconf 72' lang='grc' dir='ltr'>δὲ</span> <span class='ocrx_word' id='word_1_626' title='bbox 2884 3732 2958 3804; x_wconf 73' lang='grc' dir='ltr'>μὴ</span> <span class='ocrx_word' id='word_1_627' title='bbox 3013 3729 3264 3785; x_wconf 69' lang='grc' dir='ltr'>δύνασθαι</span> <span class='ocrx_word' id='word_1_628' title='bbox 3322 3734 3526 3784; x_wconf 75' lang='grc' dir='ltr'>παῦσαι</span> <span class='ocrx_word' id='word_1_629' title='bbox 3574 3733 3642 3784; x_wconf 74' lang='grc' dir='ltr'>τὰ</span> <span class='ocrx_word' id='word_1_630' title='bbox 3689 3734 3834 3786; x_wconf 71' lang='grc' dir='ltr'>κακὰ</span> 
     </span>
    </p>
   </div>
   <div class='ocr_carea' id='block_1_80' title="bbox 2170 3815 3836 3898">
    <p class='ocr_par' dir='ltr' id='par_1_80' title="bbox 2170 3815 3836 3898">
     <span class='ocr_line' id='line_1_82' title="bbox 2170 3815 3836 3898; baseline -0.002 -22"><span class='ocrx_word' id='word_1_631' title='bbox 2170 3821 2262 3876; x_wconf 87' lang='grc' dir='ltr'>τὸν</span> <span class='ocrx_word' id='word_1_632' title='bbox 2317 3820 2446 3874; x_wconf 88' lang='grc' dir='ltr'>Θεὸν</span> <span class='ocrx_word' id='word_1_633' title='bbox 2506 3822 2633 3892; x_wconf 75' lang='lat'>[502</span> <span class='ocrx_word' id='word_1_634' title='bbox 2685 3820 2775 3892; x_wconf 88' lang='lat' dir='ltr'>H.]</span> <span class='ocrx_word' id='word_1_635' title='bbox 2834 3817 2965 3898; x_wconf 67' lang='grc' dir='ltr'>φῂς,</span> <span class='ocrx_word' id='word_1_636' title='bbox 3024 3818 3088 3872; x_wconf 87' lang='grc' dir='ltr'>τὸ</span> <span class='ocrx_word' id='word_1_637' title='bbox 3147 3815 3202 3871; x_wconf 75' lang='grc' dir='ltr'>δὲ</span> <span class='ocrx_word' id='word_1_638' title='bbox 3261 3815 3524 3872; x_wconf 76' lang='grc' dir='ltr'>ἀδύνατον</span> <span class='ocrx_word' id='word_1_639' title='bbox 3587 3819 3712 3886; x_wconf 73' lang='grc' dir='ltr'>ἤτοι</span> <span class='ocrx_word' id='word_1_640' title='bbox 3765 3823 3836 3891; x_wconf 76' lang='grc' dir='ltr'>τῇ</span> 
     </span>
    </p>
   </div>
   <div class='ocr_carea' id='block_1_81' title="bbox 2173 3902 3838 3985">
    <p class='ocr_par' dir='ltr' id='par_1_81' title="bbox 2173 3902 3838 3985">
     <span class='ocr_line' id='line_1_83' title="bbox 2173 3902 3838 3985; baseline -0.001 -23"><span class='ocrx_word' id='word_1_641' title='bbox 2173 3909 2325 3976; x_wconf 67' lang='grc' dir='ltr'>φύσει</span> <span class='ocrx_word' id='word_1_642' title='bbox 2351 3907 2544 3976; x_wconf 79' lang='grc' dir='ltr'>ἀσθενῆ</span> <span class='ocrx_word' id='word_1_643' title='bbox 2584 3906 2850 3985; x_wconf 81' lang='grc' dir='ltr'>ὑπάρχειν</span> <span class='ocrx_word' id='word_1_644' title='bbox 2893 3905 3036 3961; x_wconf 79' lang='grc' dir='ltr'>ἐστὶν</span> <span class='ocrx_word' id='word_1_645' title='bbox 3082 3905 3116 3974; x_wconf 74' lang='grc' dir='ltr'><strong>ἢ</strong></span> <span class='ocrx_word' id='word_1_646' title='bbox 3148 3911 3226 3977; x_wconf 81' lang='grc' dir='ltr'>τῷ</span> <span class='ocrx_word' id='word_1_647' title='bbox 3254 3908 3499 3961; x_wconf 77' lang='grc' dir='ltr'>νικᾶσθαι</span> <span class='ocrx_word' id='word_1_648' title='bbox 3550 3912 3633 3979; x_wconf 78' lang='grc' dir='ltr'>τῷ</span> <span class='ocrx_word' id='word_1_649' title='bbox 3678 3902 3838 3984; x_wconf 70' lang='grc' dir='ltr'>φόϐῳ</span> 
     </span>
    </p>
   </div>
   <div class='ocr_carea' id='block_1_82' title="bbox 2175 3289 2878 3357">
    <p class='ocr_par' dir='ltr' id='par_1_82' title="bbox 2175 3289 2878 3357">
     <span class='ocr_line' id='line_1_84' title="bbox 2175 3289 2878 3357; baseline -0.003 -15"><span class='ocrx_word' id='word_1_650' title='bbox 2175 3291 2369 3356; x_wconf 85' lang='grc' dir='ltr'>σθητον</span> <span class='ocrx_word' id='word_1_651' title='bbox 2400 3289 2463 3357; x_wconf 70' lang='grc' dir='ltr'>ἢν</span> <span class='ocrx_word' id='word_1_652' title='bbox 2515 3293 2621 3342; x_wconf 89' lang='grc' dir='ltr'>τῶν</span> <span class='ocrx_word' id='word_1_653' title='bbox 2651 3291 2828 3342; x_wconf 84' lang='grc' dir='ltr'>κακῶν</span> <span class='ocrx_word' id='word_1_654' title='bbox 2868 3307 2878 3318; x_wconf 88' lang='grc'>·</span> 
     </span>
    </p>
   </div>
   <div class='ocr_carea' id='block_1_83' title="bbox 414 3996 3838 4076">
    <p class='ocr_par' dir='ltr' id='par_1_83' title="bbox 414 3996 3838 4076">
     <span class='ocr_line' id='line_1_85' title="bbox 414 3996 3838 4076; baseline -0.002 -17"><span class='ocrx_word' id='word_1_655' title='bbox 414 4001 822 4075; x_wconf 82' lang='grc' dir='ltr'>δεδουλωμένον</span> <span class='ocrx_word' id='word_1_656' title='bbox 857 3998 990 4074; x_wconf 85' lang='grc' dir='ltr'>πρός</span> <span class='ocrx_word' id='word_1_657' title='bbox 1037 4021 1183 4062; x_wconf 89' lang='grc' dir='ltr'>τινος</span> <span class='ocrx_word' id='word_1_658' title='bbox 1228 3998 1551 4076; x_wconf 79' lang='grc' dir='ltr'>κρείττονος,</span> <span class='ocrx_word' id='word_1_659' title='bbox 1584 3999 1682 4075; x_wconf 78' lang='grc' dir='ltr'>ὅρα</span> <span class='ocrx_word' id='word_1_660' title='bbox 1732 4001 1920 4056; x_wconf 85' lang='grc' dir='ltr'>ὁποῖον</span> <span class='ocrx_word' id='word_1_661' title='bbox 1949 4000 2154 4057; x_wconf 81' lang='grc' dir='ltr'>τούτων</span> <span class='ocrx_word' id='word_1_662' title='bbox 2207 3997 2534 4075; x_wconf 79' lang='grc' dir='ltr'>προσάπτειν</span> <span class='ocrx_word' id='word_1_663' title='bbox 2581 3997 2788 4058; x_wconf 81' lang='grc' dir='ltr'>ἐθέλοις</span> <span class='ocrx_word' id='word_1_664' title='bbox 2822 3996 2868 4033; x_wconf 73' lang='grc'>³⁷</span> <span class='ocrx_word' id='word_1_665' title='bbox 2921 4000 3001 4066; x_wconf 79' lang='grc' dir='ltr'>τῷ</span> <span class='ocrx_word' id='word_1_666' title='bbox 3051 3997 3451 4069; x_wconf 78' lang='grc' dir='ltr'>παντοκράτορι</span> <span class='ocrx_word' id='word_1_667' title='bbox 3496 3996 3591 4050; x_wconf 80' lang='grc' dir='ltr'>καὶ</span> <span class='ocrx_word' id='word_1_668' title='bbox 3646 3997 3838 4073; x_wconf 78' lang='grc' dir='ltr'>ἀγαθῷ</span> 
     </span>
    </p>
   </div>
   <div class='ocr_carea' id='block_1_84' title="bbox 415 4098 552 4166">
    <p class='ocr_par' dir='ltr' id='par_1_84' title="bbox 415 4098 552 4166">
     <span class='ocr_line' id='line_1_86' title="bbox 415 4098 552 4166; baseline -0.007 -16"><span class='ocrx_word' id='word_1_669' title='bbox 415 4098 552 4166; x_wconf 81' lang='grc' dir='ltr'>Θεῷ.</span> 
     </span>
    </p>
   </div>
   <div class='ocr_carea' id='block_1_85' title="bbox 490 4181 2064 4254">
    <p class='ocr_par' dir='ltr' id='par_1_85' title="bbox 490 4181 2064 4254">
     <span class='ocr_line' id='line_1_87' title="bbox 490 4181 2064 4254; baseline -0.003 -14"><span class='ocrx_word' id='word_1_670' title='bbox 490 4185 598 4240; x_wconf 93' lang='lat' dir='ltr'>Sed</span> <span class='ocrx_word' id='word_1_671' title='bbox 633 4183 844 4239; x_wconf 89' lang='lat' dir='ltr'>iterum</span> <span class='ocrx_word' id='word_1_672' title='bbox 878 4181 948 4238; x_wconf 92' lang='lat' dir='ltr'>de</span> <span class='ocrx_word' id='word_1_673' title='bbox 981 4181 1223 4237; x_wconf 85' lang='lat' dir='ltr'>materia</span> <span class='ocrx_word' id='word_1_674' title='bbox 1255 4183 1565 4254; x_wconf 86' lang='lat' dir='ltr'>responde.</span> <span class='ocrx_word' id='word_1_675' title='bbox 1606 4182 1781 4237; x_wconf 86' lang='lat' dir='ltr'>Estne</span> <span class='ocrx_word' id='word_1_676' title='bbox 1816 4181 2064 4254; x_wconf 84' lang='lat' dir='ltr'>simplex</span> 
     </span>
    </p>
   </div>
   <div class='ocr_carea' id='block_1_86' title="bbox 420 4270 2065 4344">
    <p class='ocr_par' dir='ltr' id='par_1_86' title="bbox 420 4270 2065 4344">
     <span class='ocr_line' id='line_1_88' title="bbox 420 4270 2065 4344; baseline -0.002 -15"><span class='ocrx_word' id='word_1_677' title='bbox 420 4274 619 4344; x_wconf 87' lang='lat' dir='ltr'>aliqua</span> <span class='ocrx_word' id='word_1_678' title='bbox 655 4272 892 4327; x_wconf 87' lang='lat' dir='ltr'>materia</span> <span class='ocrx_word' id='word_1_679' title='bbox 922 4287 995 4326; x_wconf 90' lang='lat' dir='ltr'>an</span> <span class='ocrx_word' id='word_1_680' title='bbox 1053 4270 1376 4342; x_wconf 88' lang='lat' dir='ltr'>composita</span> <span class='ocrx_word' id='word_1_681' title='bbox 1403 4273 1431 4326; x_wconf 89' lang='lat'><strong>?</strong></span> <span class='ocrx_word' id='word_1_682' title='bbox 1459 4271 1515 4325; x_wconf 93' lang='lat' dir='ltr'>Si</span> <span class='ocrx_word' id='word_1_683' title='bbox 1555 4271 1703 4326; x_wconf 90' lang='lat' dir='ltr'>enim</span> <span class='ocrx_word' id='word_1_684' title='bbox 1734 4270 1979 4342; x_wconf 83' lang='lat' dir='ltr'>simplex</span> <span class='ocrx_word' id='word_1_685' title='bbox 2007 4275 2065 4326; x_wconf 91' lang='lat' dir='ltr'>et</span> 
     </span>
    </p>
   </div>
   <div class='ocr_carea' id='block_1_87' title="bbox 425 4360 2060 4431">
    <p class='ocr_par' dir='ltr' id='par_1_87' title="bbox 425 4360 2060 4431">
     <span class='ocr_line' id='line_1_89' title="bbox 425 4360 2060 4431; baseline -0.002 -13"><span class='ocrx_word' id='word_1_686' title='bbox 425 4361 738 4418; x_wconf 82' lang='lat' dir='ltr'>uniformis</span> <span class='ocrx_word' id='word_1_687' title='bbox 767 4360 1002 4416; x_wconf 87' lang='lat' dir='ltr'>materia</span> <span class='ocrx_word' id='word_1_688' title='bbox 1035 4360 1167 4428; x_wconf 86' lang='lat' dir='ltr'>fuit,</span> <span class='ocrx_word' id='word_1_689' title='bbox 1202 4361 1495 4430; x_wconf 89' lang='lat' dir='ltr'>quomodo</span> <span class='ocrx_word' id='word_1_690' title='bbox 1523 4376 1654 4415; x_wconf 91' lang='lat' dir='ltr'>vero</span> <span class='ocrx_word' id='word_1_691' title='bbox 1698 4361 2060 4431; x_wconf 89' lang='lat' dir='ltr'>compositus</span> 
     </span>
    </p>
   </div>
   <div class='ocr_carea' id='block_1_88' title="bbox 421 4448 2059 4514">
    <p class='ocr_par' dir='ltr' id='par_1_88' title="bbox 421 4448 2059 4514">
     <span class='ocr_line' id='line_1_90' title="bbox 421 4448 2059 4514; baseline -0.002 -8"><span class='ocrx_word' id='word_1_692' title='bbox 421 4455 511 4506; x_wconf 89' lang='lat' dir='ltr'>est</span> <span class='ocrx_word' id='word_1_693' title='bbox 535 4450 810 4514; x_wconf 88' lang='lat' dir='ltr'>mundus,</span> <span class='ocrx_word' id='word_1_694' title='bbox 843 4453 899 4504; x_wconf 92' lang='lat' dir='ltr'>et</span> <span class='ocrx_word' id='word_1_695' title='bbox 929 4465 994 4504; x_wconf 86' lang='lat' dir='ltr'>ex</span> <span class='ocrx_word' id='word_1_696' title='bbox 1017 4448 1258 4504; x_wconf 88' lang='lat' dir='ltr'>diversis</span> <span class='ocrx_word' id='word_1_697' title='bbox 1280 4448 1625 4504; x_wconf 84' lang='lat' dir='ltr'>substantiis</span> <span class='ocrx_word' id='word_1_698' title='bbox 1648 4453 1874 4504; x_wconf 85' lang='lat' dir='ltr'>constat</span> <span class='ocrx_word' id='word_1_699' title='bbox 1891 4452 1916 4502; x_wconf 82' lang='lat'>.&#39;</span> <span class='ocrx_word' id='word_1_700' title='bbox 1941 4449 2059 4504; x_wconf 79' lang='lat' dir='ltr'>fieri</span> 
     </span>
    </p>
   </div>
   <div class='ocr_carea' id='block_1_89' title="bbox 418 4537 2062 4610">
    <p class='ocr_par' dir='ltr' id='par_1_89' title="bbox 418 4537 2062 4610">
     <span class='ocr_line' id='line_1_91' title="bbox 418 4537 2062 4610; baseline -0.003 -14"><span class='ocrx_word' id='word_1_701' title='bbox 418 4557 534 4596; x_wconf 89' lang='lat' dir='ltr'>non</span> <span class='ocrx_word' id='word_1_702' title='bbox 579 4543 768 4609; x_wconf 84' lang='lat' dir='ltr'>potest</span> <span class='ocrx_word' id='word_1_703' title='bbox 800 4541 863 4591; x_wconf 88' lang='lat' dir='ltr'>ut</span> <span class='ocrx_word' id='word_1_704' title='bbox 893 4538 1122 4593; x_wconf 87' lang='lat' dir='ltr'>dicatur</span> <span class='ocrx_word' id='word_1_705' title='bbox 1154 4537 1262 4594; x_wconf 89' lang='lat' dir='ltr'>hoc</span> <span class='ocrx_word' id='word_1_706' title='bbox 1299 4538 1689 4610; x_wconf 89' lang='lat' dir='ltr'>compositum</span> <span class='ocrx_word' id='word_1_707' title='bbox 1722 4554 1788 4592; x_wconf 81' lang='lat' dir='ltr'>ex</span> <span class='ocrx_word' id='word_1_708' title='bbox 1821 4537 2062 4593; x_wconf 89' lang='lat' dir='ltr'>materia</span> 
     </span>
    </p>
   </div>
   <div class='ocr_carea' id='block_1_90' title="bbox 418 4626 2059 4699">
    <p class='ocr_par' dir='ltr' id='par_1_90' title="bbox 418 4626 2059 4699">
     <span class='ocr_line' id='line_1_92' title="bbox 418 4626 2059 4699; baseline -0.002 -14"><span class='ocrx_word' id='word_1_709' title='bbox 418 4631 653 4692; x_wconf 85' lang='lat' dir='ltr'>factum,</span> <span class='ocrx_word' id='word_1_710' title='bbox 687 4644 752 4682; x_wconf 92' lang='lat' dir='ltr'>eo</span> <span class='ocrx_word' id='word_1_711' title='bbox 783 4628 936 4698; x_wconf 90' lang='lat' dir='ltr'>quod</span> <span class='ocrx_word' id='word_1_712' title='bbox 967 4627 1295 4699; x_wconf 85' lang='lat' dir='ltr'>composita</span> <span class='ocrx_word' id='word_1_713' title='bbox 1326 4644 1440 4682; x_wconf 91' lang='lat' dir='ltr'>non</span> <span class='ocrx_word' id='word_1_714' title='bbox 1473 4626 1698 4698; x_wconf 84' lang='lat' dir='ltr'>possint</span> <span class='ocrx_word' id='word_1_715' title='bbox 1738 4644 1806 4682; x_wconf 84' lang='lat' dir='ltr'>ex</span> <span class='ocrx_word' id='word_1_716' title='bbox 1858 4643 1971 4683; x_wconf 91' lang='lat' dir='ltr'>uno</span> <span class='ocrx_word' id='word_1_717' title='bbox 2002 4626 2059 4682; x_wconf 92' lang='lat' dir='ltr'>in</span> 
     </span>
    </p>
   </div>
   <div class='ocr_carea' id='block_1_91' title="bbox 417 4716 2059 4789">
    <p class='ocr_par' dir='ltr' id='par_1_91' title="bbox 417 4716 2059 4789">
     <span class='ocr_line' id='line_1_93' title="bbox 417 4716 2059 4789; baseline -0.002 -15"><span class='ocrx_word' id='word_1_718' title='bbox 417 4717 590 4776; x_wconf 86' lang='lat' dir='ltr'>formi</span> <span class='ocrx_word' id='word_1_719' title='bbox 622 4718 893 4788; x_wconf 89' lang='lat' dir='ltr'>componi</span> <span class='ocrx_word' id='word_1_720' title='bbox 953 4717 1386 4789; x_wconf 82' lang='lat' dir='ltr'>[subsistereve]</span> <span class='ocrx_word' id='word_1_721' title='bbox 1423 4733 1434 4770; x_wconf 75' lang='grc' dir='ltr'>ι</span> <span class='ocrx_word' id='word_1_722' title='bbox 1479 4717 1868 4788; x_wconf 86' lang='lat' dir='ltr'>compositum</span> <span class='ocrx_word' id='word_1_723' title='bbox 1903 4716 2059 4772; x_wconf 90' lang='lat' dir='ltr'>enim</span> 
     </span>
    </p>
   </div>
   <div class='ocr_carea' id='block_1_92' title="bbox 411 4804 2058 4882">
    <p class='ocr_par' dir='ltr' id='par_1_92' title="bbox 411 4804 2058 4882">
     <span class='ocr_line' id='line_1_94' title="bbox 411 4804 2058 4882; baseline -0.004 -16"><span class='ocrx_word' id='word_1_724' title='bbox 411 4807 769 4882; x_wconf 89' lang='lat' dir='ltr'>simplicium</span> <span class='ocrx_word' id='word_1_725' title='bbox 803 4806 1132 4876; x_wconf 88' lang='lat' dir='ltr'>aliquorum</span> <span class='ocrx_word' id='word_1_726' title='bbox 1159 4807 1501 4862; x_wconf 88' lang='lat' dir='ltr'>mistionem</span> <span class='ocrx_word' id='word_1_727' title='bbox 1536 4806 1780 4861; x_wconf 87' lang='lat' dir='ltr'>iudicat.</span> <span class='ocrx_word' id='word_1_728' title='bbox 1813 4804 1979 4869; x_wconf 88' lang='lat' dir='ltr'>Quod</span> <span class='ocrx_word' id='word_1_729' title='bbox 2011 4807 2058 4861; x_wconf 90' lang='lat' dir='ltr'>si</span> 
     </span>
    </p>
   </div>
   <div class='ocr_carea' id='block_1_93' title="bbox 411 4894 2058 4964">
    <p class='ocr_par' dir='ltr' id='par_1_93' title="bbox 411 4894 2058 4964">
     <span class='ocr_line' id='line_1_95' title="bbox 411 4894 2058 4964; baseline -0.003 -11"><span class='ocrx_word' id='word_1_730' title='bbox 411 4898 628 4955; x_wconf 88' lang='lat' dir='ltr'>iterum</span> <span class='ocrx_word' id='word_1_731' title='bbox 685 4895 989 4951; x_wconf 88' lang='lat' dir='ltr'>materiam</span> <span class='ocrx_word' id='word_1_732' title='bbox 1042 4895 1202 4950; x_wconf 89' lang='lat' dir='ltr'>dicas</span> <span class='ocrx_word' id='word_1_733' title='bbox 1245 4909 1374 4950; x_wconf 88' lang='lat' dir='ltr'>esse</span> <span class='ocrx_word' id='word_1_734' title='bbox 1429 4894 1567 4964; x_wconf 89' lang='lat' dir='ltr'>quid</span> <span class='ocrx_word' id='word_1_735' title='bbox 1617 4895 2058 4962; x_wconf 78' lang='lat' dir='ltr'>compositum;</span> 
     </span>
    </p>
   </div>
   <div class='ocr_carea' id='block_1_94' title="bbox 417 4982 2061 5055">
    <p class='ocr_par' dir='ltr' id='par_1_94' title="bbox 417 4982 2061 5055">
     <span class='ocr_line' id='line_1_96' title="bbox 417 4982 2061 5055; baseline -0.003 -12"><span class='ocrx_word' id='word_1_736' title='bbox 417 4989 656 5044; x_wconf 90' lang='lat' dir='ltr'>omnino</span> <span class='ocrx_word' id='word_1_737' title='bbox 688 4985 887 5040; x_wconf 89' lang='lat' dir='ltr'>debuit</span> <span class='ocrx_word' id='word_1_738' title='bbox 917 5001 984 5039; x_wconf 88' lang='lat' dir='ltr'>ex</span> <span class='ocrx_word' id='word_1_739' title='bbox 1043 4982 1415 5055; x_wconf 82' lang='lat' dir='ltr'>simplicibus</span> <span class='ocrx_word' id='word_1_740' title='bbox 1470 4983 1766 5054; x_wconf 89' lang='lat' dir='ltr'>componi,</span> <span class='ocrx_word' id='word_1_741' title='bbox 1808 4988 1863 5038; x_wconf 90' lang='lat' dir='ltr'>et</span> <span class='ocrx_word' id='word_1_742' title='bbox 1893 4988 2061 5039; x_wconf 87' lang='lat' dir='ltr'>erant</span> 
     </span>
    </p>
   </div>
   <div class='ocr_carea' id='block_1_95' title="bbox 417 5071 2061 5149">
    <p class='ocr_par' dir='ltr' id='par_1_95' title="bbox 417 5071 2061 5149">
     <span class='ocr_line' id='line_1_97' title="bbox 417 5071 2061 5149; baseline -0.003 -17"><span class='ocrx_word' id='word_1_743' title='bbox 417 5077 552 5133; x_wconf 90' lang='lat' dir='ltr'>olim</span> <span class='ocrx_word' id='word_1_744' title='bbox 573 5082 838 5149; x_wconf 87' lang='lat' dir='ltr'>separata</span> <span class='ocrx_word' id='word_1_745' title='bbox 861 5073 1174 5145; x_wconf 88' lang='lat' dir='ltr'>simplicia,</span> <span class='ocrx_word' id='word_1_746' title='bbox 1200 5074 1414 5146; x_wconf 89' lang='lat' dir='ltr'>quibus</span> <span class='ocrx_word' id='word_1_747' title='bbox 1433 5071 1776 5144; x_wconf 85' lang='lat' dir='ltr'>compositis</span> <span class='ocrx_word' id='word_1_748' title='bbox 1801 5072 1952 5128; x_wconf 85' lang='lat' dir='ltr'>facta</span> <span class='ocrx_word' id='word_1_749' title='bbox 1972 5076 2061 5127; x_wconf 89' lang='lat' dir='ltr'>est</span> 
     </span>
    </p>
   </div>
   <div class='ocr_carea' id='block_1_96' title="bbox 2249 4175 3834 4251">
    <p class='ocr_par' dir='ltr' id='par_1_96' title="bbox 2249 4175 3834 4251">
     <span class='ocr_line' id='line_1_98' title="bbox 2249 4175 3834 4251; baseline -0.004 -18"><span class='ocrx_word' id='word_1_750' title='bbox 2249 4177 2421 4234; x_wconf 83' lang='grc' dir='ltr'>Ἀλλᾶ</span> <span class='ocrx_word' id='word_1_751' title='bbox 2467 4178 2632 4232; x_wconf 76' lang='grc' dir='ltr'>πάλιν</span> <span class='ocrx_word' id='word_1_752' title='bbox 2689 4177 2812 4249; x_wconf 85' lang='grc' dir='ltr'>περὶ</span> <span class='ocrx_word' id='word_1_753' title='bbox 2870 4180 2968 4242; x_wconf 81' lang='grc' dir='ltr'>τῆς</span> <span class='ocrx_word' id='word_1_754' title='bbox 3034 4175 3174 4246; x_wconf 74' lang='grc' dir='ltr'>ὕλης</span> <span class='ocrx_word' id='word_1_755' title='bbox 3231 4175 3548 4247; x_wconf 85' lang='grc' dir='ltr'>ἀπόκριναι,</span> <span class='ocrx_word' id='word_1_756' title='bbox 3600 4178 3834 4251; x_wconf 79' lang='grc' dir='ltr'>πότερον</span> 
     </span>
    </p>
   </div>
   <div class='ocr_carea' id='block_1_97' title="bbox 2176 4264 3832 4339">
    <p class='ocr_par' dir='ltr' id='par_1_97' title="bbox 2176 4264 3832 4339">
     <span class='ocr_line' id='line_1_99' title="bbox 2176 4264 3832 4339; baseline -0.002 -18"><span class='ocrx_word' id='word_1_757' title='bbox 2176 4267 2323 4336; x_wconf 81' lang='grc' dir='ltr'>ἁπλῆ</span> <span class='ocrx_word' id='word_1_758' title='bbox 2354 4267 2436 4328; x_wconf 80' lang='grc' dir='ltr'>τίς</span> <span class='ocrx_word' id='word_1_759' title='bbox 2469 4266 2611 4321; x_wconf 71' lang='grc' dir='ltr'>ἐστιν</span> <span class='ocrx_word' id='word_1_760' title='bbox 2643 4268 2677 4334; x_wconf 81' lang='grc' dir='ltr'>ἡ</span> <span class='ocrx_word' id='word_1_761' title='bbox 2712 4265 2815 4336; x_wconf 79' lang='grc' dir='ltr'>ὕλη</span> <span class='ocrx_word' id='word_1_762' title='bbox 2846 4265 2880 4336; x_wconf 72' lang='grc' dir='ltr'><strong>ἢ</strong></span> <span class='ocrx_word' id='word_1_763' title='bbox 2913 4267 3166 4327; x_wconf 73' lang='grc' dir='ltr'>σύνθετος</span> <span class='ocrx_word' id='word_1_764' title='bbox 3199 4267 3282 4333; x_wconf 65' lang='lat'>28;</span> <span class='ocrx_word' id='word_1_765' title='bbox 3325 4264 3385 4320; x_wconf 75' lang='lat' dir='ltr'>Ei</span> <span class='ocrx_word' id='word_1_766' title='bbox 3413 4265 3519 4339; x_wconf 69' lang='grc' dir='ltr'>γὰρ</span> <span class='ocrx_word' id='word_1_767' title='bbox 3553 4265 3710 4334; x_wconf 81' lang='grc' dir='ltr'>ἁπλῆ</span> <span class='ocrx_word' id='word_1_768' title='bbox 3750 4287 3832 4326; x_wconf 86' lang='grc' dir='ltr'>τις</span> 
     </span>
    </p>
   </div>
   <div class='ocr_carea' id='block_1_98' title="bbox 2176 4349 3831 4434">
    <p class='ocr_par' dir='ltr' id='par_1_98' title="bbox 2176 4349 3831 4434">
     <span class='ocr_line' id='line_1_100' title="bbox 2176 4349 3831 4434; baseline -0.003 -23"><span class='ocrx_word' id='word_1_769' title='bbox 2176 4356 2474 4434; x_wconf 72' lang='grc' dir='ltr'>ἐτύγχανεν</span> <span class='ocrx_word' id='word_1_770' title='bbox 2501 4353 2606 4425; x_wconf 77' lang='grc' dir='ltr'>ὕλη</span> <span class='ocrx_word' id='word_1_771' title='bbox 2632 4356 2678 4389; x_wconf 74' lang='grc'>²9</span> <span class='ocrx_word' id='word_1_772' title='bbox 2698 4354 2786 4408; x_wconf 84' lang='grc' dir='ltr'>καὶ</span> <span class='ocrx_word' id='word_1_773' title='bbox 2813 4351 3133 4426; x_wconf 69' lang='grc' dir='ltr'>μονοειδής,</span> <span class='ocrx_word' id='word_1_774' title='bbox 3153 4354 3400 4415; x_wconf 70' lang='grc' dir='ltr'>σύνθετος</span> <span class='ocrx_word' id='word_1_775' title='bbox 3418 4349 3474 4406; x_wconf 73' lang='grc' dir='ltr'>δὲ</span> <span class='ocrx_word' id='word_1_776' title='bbox 3498 4354 3527 4406; x_wconf 87' lang='grc' dir='ltr'><strong>ὁ</strong></span> <span class='ocrx_word' id='word_1_777' title='bbox 3551 4355 3762 4426; x_wconf 79' lang='grc' dir='ltr'>κόσμος</span> <span class='ocrx_word' id='word_1_778' title='bbox 3785 4354 3831 4388; x_wconf 73' lang='lat'>3°</span> 
     </span>
    </p>
   </div>
   <div class='ocr_carea' id='block_1_99' title="bbox 2173 4440 3830 4522">
    <p class='ocr_par' dir='ltr' id='par_1_99' title="bbox 2173 4440 3830 4522">
     <span class='ocr_line' id='line_1_101' title="bbox 2173 4440 3830 4522; baseline -0.004 -23"><span class='ocrx_word' id='word_1_779' title='bbox 2173 4446 2262 4500; x_wconf 83' lang='grc' dir='ltr'>καὶ</span> <span class='ocrx_word' id='word_1_780' title='bbox 2313 4446 2370 4499; x_wconf 83' lang='grc' dir='ltr'>ἐκ</span> <span class='ocrx_word' id='word_1_781' title='bbox 2429 4442 2700 4522; x_wconf 80' lang='grc' dir='ltr'>διαφόρων</span> <span class='ocrx_word' id='word_1_782' title='bbox 2759 4445 2959 4498; x_wconf 81' lang='grc' dir='ltr'>οὐσιῶν</span> <span class='ocrx_word' id='word_1_783' title='bbox 3018 4444 3284 4506; x_wconf 83' lang='grc' dir='ltr'>συνεστώς</span> <span class='ocrx_word' id='word_1_784' title='bbox 3339 4441 3501 4509; x_wconf 82' lang='grc' dir='ltr'>ἐστιν,</span> <span class='ocrx_word' id='word_1_785' title='bbox 3563 4440 3830 4496; x_wconf 72' lang='grc' dir='ltr'>ἀδύνατον</span> 
     </span>
    </p>
   </div>
   <div class='ocr_carea' id='block_1_100' title="bbox 2174 4530 3832 4608">
    <p class='ocr_par' dir='ltr' id='par_1_100' title="bbox 2174 4530 3832 4608">
     <span class='ocr_line' id='line_1_102' title="bbox 2174 4530 3832 4608; baseline -0.002 -20"><span class='ocrx_word' id='word_1_786' title='bbox 2174 4539 2363 4589; x_wconf 76' lang='grc' dir='ltr'>τοῦτον</span> <span class='ocrx_word' id='word_1_787' title='bbox 2392 4536 2434 4571; x_wconf 76' lang='grc'>⁸¹</span> <span class='ocrx_word' id='word_1_788' title='bbox 2489 4532 2536 4602; x_wconf 73' lang='grc' dir='ltr'>ἐξ</span> <span class='ocrx_word' id='word_1_789' title='bbox 2603 4533 2739 4603; x_wconf 75' lang='grc' dir='ltr'>ὕλης</span> <span class='ocrx_word' id='word_1_790' title='bbox 2788 4530 3058 4608; x_wconf 79' lang='grc' dir='ltr'>γεγονέναι</span> <span class='ocrx_word' id='word_1_791' title='bbox 3107 4532 3304 4606; x_wconf 84' lang='grc' dir='ltr'>λέγειν,</span> <span class='ocrx_word' id='word_1_792' title='bbox 3362 4536 3440 4602; x_wconf 76' lang='grc' dir='ltr'>τῷ</span> <span class='ocrx_word' id='word_1_793' title='bbox 3488 4531 3551 4584; x_wconf 78' lang='grc' dir='ltr'>τὰ</span> <span class='ocrx_word' id='word_1_794' title='bbox 3606 4531 3832 4584; x_wconf 66' lang='grc' dir='ltr'>σύνθετα</span> 
     </span>
    </p>
   </div>
   <div class='ocr_carea' id='block_1_101' title="bbox 2175 4619 3822 4696">
    <p class='ocr_par' dir='ltr' id='par_1_101' title="bbox 2175 4619 3822 4696">
     <span class='ocr_line' id='line_1_103' title="bbox 2175 4619 3822 4696; baseline -0.004 -19"><span class='ocrx_word' id='word_1_795' title='bbox 2175 4626 2250 4696; x_wconf 76' lang='grc' dir='ltr'>μὴ</span> <span class='ocrx_word' id='word_1_796' title='bbox 2295 4622 2471 4678; x_wconf 87' lang='grc' dir='ltr'>οἷόντε</span> <span class='ocrx_word' id='word_1_797' title='bbox 2510 4621 2561 4692; x_wconf 80' lang='grc' dir='ltr'>ἐξ</span> <span class='ocrx_word' id='word_1_798' title='bbox 2593 4623 2708 4684; x_wconf 73' lang='grc' dir='ltr'>ἑνὸς</span> <span class='ocrx_word' id='word_1_799' title='bbox 2740 4621 2936 4676; x_wconf 81' lang='grc' dir='ltr'>ἀποίου</span> <span class='ocrx_word' id='word_1_800' title='bbox 2967 4625 3066 4692; x_wconf 78' lang='grc' dir='ltr'>τῆν</span> <span class='ocrx_word' id='word_1_801' title='bbox 3101 4623 3352 4676; x_wconf 73' lang='grc' dir='ltr'>σύστασιν</span> <span class='ocrx_word' id='word_1_802' title='bbox 3398 4619 3538 4694; x_wconf 74' lang='grc' dir='ltr'>ἔχειν</span> <span class='ocrx_word' id='word_1_803' title='bbox 3571 4637 3583 4648; x_wconf 85' lang='grc'><strong>·</strong></span> <span class='ocrx_word' id='word_1_804' title='bbox 3627 4619 3688 4672; x_wconf 87' lang='grc' dir='ltr'>τὸ</span> <span class='ocrx_word' id='word_1_805' title='bbox 3719 4620 3822 4692; x_wconf 67' lang='grc' dir='ltr'>γαρ</span> 
     </span>
    </p>
   </div>
   <div class='ocr_carea' id='block_1_102' title="bbox 2172 4704 3824 4783">
    <p class='ocr_par' dir='ltr' id='par_1_102' title="bbox 2172 4704 3824 4783">
     <span class='ocr_line' id='line_1_104' title="bbox 2172 4704 3824 4783; baseline -0.004 -17"><span class='ocrx_word' id='word_1_806' title='bbox 2172 4712 2426 4766; x_wconf 73' lang='grc' dir='ltr'>σύνθετον</span> <span class='ocrx_word' id='word_1_807' title='bbox 2466 4709 2654 4766; x_wconf 78' lang='grc' dir='ltr'>ἁπλῶν</span> <span class='ocrx_word' id='word_1_808' title='bbox 2683 4732 2845 4765; x_wconf 87' lang='grc' dir='ltr'>τινων</span> <span class='ocrx_word' id='word_1_809' title='bbox 2889 4709 3028 4783; x_wconf 78' lang='grc' dir='ltr'>μίξει</span> <span class='ocrx_word' id='word_1_810' title='bbox 3065 4709 3259 4782; x_wconf 77' lang='grc' dir='ltr'>μηνύει</span> <span class='ocrx_word' id='word_1_811' title='bbox 3300 4730 3310 4741; x_wconf 90' lang='grc'><strong>·</strong></span> <span class='ocrx_word' id='word_1_812' title='bbox 3367 4707 3410 4764; x_wconf 75' lang='grc' dir='ltr'>εἲ</span> <span class='ocrx_word' id='word_1_813' title='bbox 3449 4706 3493 4761; x_wconf 85' lang='grc' dir='ltr'>δ’</span> <span class='ocrx_word' id='word_1_814' title='bbox 3533 4704 3596 4760; x_wconf 70' lang='grc' dir='ltr'>αὖ</span> <span class='ocrx_word' id='word_1_815' title='bbox 3647 4706 3824 4761; x_wconf 68' lang='grc' dir='ltr'>πάλιν</span> 
     </span>
    </p>
   </div>
   <div class='ocr_carea' id='block_1_103' title="bbox 2170 4795 3829 4876">
    <p class='ocr_par' dir='ltr' id='par_1_103' title="bbox 2170 4795 3829 4876">
     <span class='ocr_line' id='line_1_105' title="bbox 2170 4795 3829 4876; baseline -0.004 -21"><span class='ocrx_word' id='word_1_816' title='bbox 2170 4802 2420 4856; x_wconf 73' lang='grc' dir='ltr'>σύνθετον</span> <span class='ocrx_word' id='word_1_817' title='bbox 2474 4799 2648 4876; x_wconf 86' lang='grc' dir='ltr'>λέγεις</span> <span class='ocrx_word' id='word_1_818' title='bbox 2702 4801 2800 4869; x_wconf 75' lang='grc' dir='ltr'>τὴν</span> <span class='ocrx_word' id='word_1_819' title='bbox 2858 4798 3020 4869; x_wconf 75' lang='grc' dir='ltr'>ὕλην,</span> <span class='ocrx_word' id='word_1_820' title='bbox 3064 4800 3280 4860; x_wconf 78' lang='grc' dir='ltr'>πάντως</span> <span class='ocrx_word' id='word_1_821' title='bbox 3338 4797 3388 4868; x_wconf 76' lang='grc' dir='ltr'>ἒξ</span> <span class='ocrx_word' id='word_1_822' title='bbox 3445 4795 3636 4852; x_wconf 74' lang='grc' dir='ltr'>ἁπλῶν</span> <span class='ocrx_word' id='word_1_823' title='bbox 3703 4818 3829 4851; x_wconf 87' lang='grc' dir='ltr'>συν-</span> 
     </span>
    </p>
   </div>
   <div class='ocr_carea' id='block_1_104' title="bbox 2170 4886 3830 4960">
    <p class='ocr_par' dir='ltr' id='par_1_104' title="bbox 2170 4886 3830 4960">
     <span class='ocr_line' id='line_1_106' title="bbox 2170 4886 3830 4960; baseline -0.004 -15"><span class='ocrx_word' id='word_1_824' title='bbox 2170 4890 2352 4960; x_wconf 81' lang='grc' dir='ltr'>ετέθη,</span> <span class='ocrx_word' id='word_1_825' title='bbox 2391 4890 2480 4944; x_wconf 80' lang='grc' dir='ltr'>καὶ</span> <span class='ocrx_word' id='word_1_826' title='bbox 2510 4891 2576 4959; x_wconf 83' lang='grc' dir='ltr'>ἦν</span> <span class='ocrx_word' id='word_1_827' title='bbox 2609 4909 2741 4944; x_wconf 88' lang='grc' dir='ltr'>ποτε</span> <span class='ocrx_word' id='word_1_828' title='bbox 2777 4889 2893 4943; x_wconf 81' lang='grc' dir='ltr'>καθ’</span> <span class='ocrx_word' id='word_1_829' title='bbox 2935 4888 3097 4943; x_wconf 73' lang='grc' dir='ltr'>ἑαυτὰ</span> <span class='ocrx_word' id='word_1_830' title='bbox 3137 4886 3304 4957; x_wconf 72' lang='grc' dir='ltr'>ἁπλᾶ,</span> <span class='ocrx_word' id='word_1_831' title='bbox 3345 4888 3418 4940; x_wconf 82' lang='grc' dir='ltr'>ὧν</span> <span class='ocrx_word' id='word_1_832' title='bbox 3472 4887 3830 4941; x_wconf 81' lang='grc' dir='ltr'>συντεθέντων</span> 
     </span>
    </p>
   </div>
   <div class='ocr_carea' id='block_1_105' title="bbox 2169 4974 3830 5056">
    <p class='ocr_par' dir='ltr' id='par_1_105' title="bbox 2169 4974 3830 5056">
     <span class='ocr_line' id='line_1_107' title="bbox 2169 4974 3830 5056; baseline -0.004 -21"><span class='ocrx_word' id='word_1_833' title='bbox 2169 4980 2382 5056; x_wconf 88' lang='grc' dir='ltr'>γέγονεν</span> <span class='ocrx_word' id='word_1_834' title='bbox 2417 4982 2448 5049; x_wconf 82' lang='grc' dir='ltr'>ἡ</span> <span class='ocrx_word' id='word_1_835' title='bbox 2483 4979 2590 5050; x_wconf 79' lang='grc' dir='ltr'>ὕλη</span> <span class='ocrx_word' id='word_1_836' title='bbox 2628 4998 2638 5010; x_wconf 95' lang='grc'><strong>·</strong></span> <span class='ocrx_word' id='word_1_837' title='bbox 2683 4980 2750 5033; x_wconf 79' lang='grc' dir='ltr'>τὰ</span> <span class='ocrx_word' id='word_1_838' title='bbox 2801 4977 2858 5033; x_wconf 70' lang='grc' dir='ltr'>δὲ</span> <span class='ocrx_word' id='word_1_839' title='bbox 2896 4980 2943 5014; x_wconf 59' lang='grc'>³⁸</span> <span class='ocrx_word' id='word_1_840' title='bbox 2972 4977 3197 5032; x_wconf 67' lang='grc' dir='ltr'>σύνθετα</span> <span class='ocrx_word' id='word_1_841' title='bbox 3240 4977 3290 5047; x_wconf 77' lang='grc' dir='ltr'>ἐξ</span> <span class='ocrx_word' id='word_1_842' title='bbox 3343 4974 3536 5030; x_wconf 80' lang='grc' dir='ltr'>ἁπλῶν</span> <span class='ocrx_word' id='word_1_843' title='bbox 3582 4979 3687 5045; x_wconf 72' lang='grc' dir='ltr'>τὴν</span> <span class='ocrx_word' id='word_1_844' title='bbox 3742 4975 3830 5030; x_wconf 63' lang='grc' dir='ltr'>σί-</span> 
     </span>
    </p>
   </div>
   <div class='ocr_carea' id='block_1_106' title="bbox 2173 5064 3833 5145">
    <p class='ocr_par' dir='ltr' id='par_1_106' title="bbox 2173 5064 3833 5145">
     <span class='ocr_line' id='line_1_108' title="bbox 2173 5064 3833 5145; baseline -0.005 -20"><span class='ocrx_word' id='word_1_845' title='bbox 2173 5090 2355 5125; x_wconf 89' lang='grc' dir='ltr'>στασιν</span> <span class='ocrx_word' id='word_1_846' title='bbox 2402 5066 2542 5145; x_wconf 75' lang='grc' dir='ltr'>ἔχει.</span> <span class='ocrx_word' id='word_1_847' title='bbox 2575 5073 2673 5125; x_wconf 86' lang='grc' dir='ltr'>Ἦν</span> <span class='ocrx_word' id='word_1_848' title='bbox 2722 5087 2853 5124; x_wconf 86' lang='grc' dir='ltr'>ποτε</span> <span class='ocrx_word' id='word_1_849' title='bbox 2909 5066 3096 5143; x_wconf 87' lang='grc' dir='ltr'>καιρὸς</span> <span class='ocrx_word' id='word_1_850' title='bbox 3147 5069 3235 5122; x_wconf 77' lang='grc' dir='ltr'>ὅτε</span> <span class='ocrx_word' id='word_1_851' title='bbox 3275 5069 3308 5135; x_wconf 81' lang='grc' dir='ltr'>ἡ</span> <span class='ocrx_word' id='word_1_852' title='bbox 3340 5066 3386 5102; x_wconf 81' lang='grc'><strong>³³</strong></span> <span class='ocrx_word' id='word_1_853' title='bbox 3429 5064 3540 5135; x_wconf 76' lang='grc' dir='ltr'>ὕλη</span> <span class='ocrx_word' id='word_1_854' title='bbox 3591 5065 3696 5121; x_wconf 69' lang='grc' dir='ltr'>οὐκ</span> <span class='ocrx_word' id='word_1_855' title='bbox 3742 5066 3833 5132; x_wconf 76' lang='grc' dir='ltr'>ῆν,</span> 
     </span>
    </p>
   </div>
   <div class='ocr_carea' id='block_1_107' title="bbox 1769 5189 2458 5247">
    <p class='ocr_par' dir='ltr' id='par_1_107' title="bbox 1769 5189 2458 5247">
     <span class='ocr_line' id='line_1_109' title="bbox 1769 5189 2458 5247; baseline 0.001 -2"><span class='ocrx_word' id='word_1_856' title='bbox 1769 5189 2016 5247; x_wconf 70' lang='grc' dir='ltr'>νΑΗΙιΕ</span> <span class='ocrx_word' id='word_1_857' title='bbox 2043 5189 2458 5246; x_wconf 83' lang='lat' dir='ltr'>LECTIONES.</span> 
     </span>
    </p>
   </div>
   <div class='ocr_carea' id='block_1_108' title="bbox 492 5288 1237 5366">
    <p class='ocr_par' dir='ltr' id='par_1_108' title="bbox 492 5288 1237 5366">
     <span class='ocr_line' id='line_1_110' title="bbox 492 5288 1237 5366; baseline 0 -20"><span class='ocrx_word' id='word_1_858' title='bbox 492 5289 638 5366; x_wconf 66' lang='lat'>’°_81$_</span> <span class='ocrx_word' id='word_1_859' title='bbox 679 5289 807 5366; x_wconf 45' lang='lat'>8,41</span> <span class='ocrx_word' id='word_1_860' title='bbox 845 5297 884 5345; x_wconf 84' lang='lat' dir='ltr'>A</span> <span class='ocrx_word' id='word_1_861' title='bbox 925 5310 935 5347; x_wconf 93' lang='lat'>:</span> <span class='ocrx_word' id='word_1_862' title='bbox 980 5288 1045 5360; x_wconf 77' lang='grc' dir='ltr'>δὴ</span> <span class='ocrx_word' id='word_1_863' title='bbox 1087 5289 1237 5366; x_wconf 69' lang='grc' dir='ltr'>ἧς’.</span> 
     </span>
    </p>
   </div>
   <div class='ocr_carea' id='block_1_109' title="bbox 424 5361 1723 5436">
    <p class='ocr_par' dir='ltr' id='par_1_109' title="bbox 424 5361 1723 5436">
     <span class='ocr_line' id='line_1_111' title="bbox 424 5361 1723 5436; baseline 0.002 -22"><span class='ocrx_word' id='word_1_864' title='bbox 424 5367 490 5436; x_wconf 68' lang='grc' dir='ltr'>Α,</span> <span class='ocrx_word' id='word_1_865' title='bbox 525 5361 686 5418; x_wconf 77' lang='grc' dir='ltr'>αὐτὸν</span> <span class='ocrx_word' id='word_1_866' title='bbox 717 5364 924 5436; x_wconf 63' lang='grc' dir='ltr'>τουτων</span> <span class='ocrx_word' id='word_1_867' title='bbox 956 5361 1195 5434; x_wconf 68' lang='grc' dir='ltr'>ποιητὴν</span> <span class='ocrx_word' id='word_1_868' title='bbox 1229 5361 1397 5419; x_wconf 73' lang='grc' dir='ltr'>εἰπεῖν</span> <span class='ocrx_word' id='word_1_869' title='bbox 1425 5361 1628 5436; x_wconf 71' lang='grc' dir='ltr'>ἆνᾴγκη</span> <span class='ocrx_word' id='word_1_870' title='bbox 1665 5365 1723 5418; x_wconf 91' lang='grc' dir='ltr'>Β.</span> 
     </span>
    </p>
   </div>
   <div class='ocr_carea' id='block_1_110' title="bbox 427 5431 1336 5543">
    <p class='ocr_par' dir='ltr' id='par_1_110' title="bbox 427 5431 1336 5543">
     <span class='ocr_line' id='line_1_112' title="bbox 427 5431 1336 5543; baseline 0.006 -57"><span class='ocrx_word' id='word_1_871' title='bbox 427 5435 587 5502; x_wconf 80' lang='grc' dir='ltr'>θῆναι</span> <span class='ocrx_word' id='word_1_872' title='bbox 613 5441 697 5488; x_wconf 84' lang='lat' dir='ltr'>AB</span> <span class='ocrx_word' id='word_1_873' title='bbox 731 5451 744 5489; x_wconf 85' lang='lat'><strong>:</strong></span> <span class='ocrx_word' id='word_1_874' title='bbox 781 5431 1220 5506; x_wconf 83' lang='grc' dir='ltr'>διακοσμηθῆναι</span> 
     </span>
     <span class='ocr_line' id='line_1_113' title="bbox 436 5505 1336 5543; baseline -0.001 0"><span class='ocrx_word' id='word_1_875' title='bbox 436 5512 511 5543; x_wconf 68' lang='grc' dir='ltr'><strong>Δρ</strong></span> <span class='ocrx_word' id='word_1_876' title='bbox 610 5508 654 5542; x_wconf 78' lang='lat'>80</span> <span class='ocrx_word' id='word_1_877' title='bbox 683 5505 890 5543; x_wconf 61' lang='grc' dir='ltr'>νέκυν</span> <span class='ocrx_word' id='word_1_878' title='bbox 922 5524 1012 5543; x_wconf 88' lang='lat' dir='ltr'>nm</span> <span class='ocrx_word' id='word_1_879' title='bbox 1077 5510 1156 5543; x_wconf 78' lang='lat' dir='ltr'>An</span> <span class='ocrx_word' id='word_1_880' title='bbox 1255 5508 1276 5541; x_wconf 80' lang='lat'><strong>8</strong></span> <span class='ocrx_word' id='word_1_881' title='bbox 1330 5528 1336 5542; x_wconf 82' lang='grc'><strong>.</strong></span> 
     </span>
    </p>
   </div>
   <div class='ocr_carea' id='block_1_111' title="bbox 425 5505 1964 5580">
    <p class='ocr_par' dir='ltr' id='par_1_111' title="bbox 425 5505 1964 5580">
     <span class='ocr_line' id='line_1_114' title="bbox 425 5505 1964 5580; baseline 0.003 -22"><span class='ocrx_word' id='word_1_882' title='bbox 425 5512 534 5561; x_wconf 80' lang='grc' dir='ltr'>ΑΒ.</span> <span class='ocrx_word' id='word_1_883' title='bbox 610 5508 654 5542; x_wconf 79' lang='grc' dir='ltr'>³ο</span> <span class='ocrx_word' id='word_1_884' title='bbox 683 5505 890 5578; x_wconf 86' lang='grc' dir='ltr'>κόσμος</span> <span class='ocrx_word' id='word_1_885' title='bbox 922 5505 1039 5565; x_wconf 77' lang='lat' dir='ltr'>om.</span> <span class='ocrx_word' id='word_1_886' title='bbox 1069 5510 1178 5565; x_wconf 85' lang='lat' dir='ltr'>AB.</span> <span class='ocrx_word' id='word_1_887' title='bbox 1255 5505 1298 5543; x_wconf 62' lang='grc' dir='ltr'>δῖ</span> <span class='ocrx_word' id='word_1_888' title='bbox 1330 5510 1520 5562; x_wconf 78' lang='grc' dir='ltr'>τοῦτον</span> <span class='ocrx_word' id='word_1_889' title='bbox 1554 5511 1600 5564; x_wconf 82' lang='grc' dir='ltr'><strong>Α</strong></span> <span class='ocrx_word' id='word_1_890' title='bbox 1633 5525 1646 5565; x_wconf 89' lang='lat'><strong>:</strong></span> <span class='ocrx_word' id='word_1_891' title='bbox 1678 5505 1964 5580; x_wconf 61' lang='grc' dir='ltr'>τοῦτο’ς.</span> 
     </span>
    </p>
   </div>
   <div class='ocr_carea' id='block_1_112' title="bbox 1316 5283 2610 5398">
    <p class='ocr_par' dir='ltr' id='par_1_112' title="bbox 1316 5283 2610 5398">
     <span class='ocr_line' id='line_1_115' title="bbox 1316 5283 2610 5361; baseline -0.003 -13"><span class='ocrx_word' id='word_1_892' title='bbox 1316 5292 1358 5327; x_wconf 82' lang='grc'>²¹</span> <span class='ocrx_word' id='word_1_893' title='bbox 1393 5295 1522 5361; x_wconf 85' lang='lat' dir='ltr'>post</span> <span class='ocrx_word' id='word_1_894' title='bbox 1549 5287 1756 5344; x_wconf 88' lang='grc' dir='ltr'>ἀνελεῖν</span> <span class='ocrx_word' id='word_1_895' title='bbox 1791 5291 2002 5346; x_wconf 88' lang='lat' dir='ltr'>desunt</span> <span class='ocrx_word' id='word_1_896' title='bbox 2044 5287 2120 5360; x_wconf 79' lang='grc' dir='ltr'>μὴ</span> <span class='ocrx_word' id='word_1_897' title='bbox 2168 5286 2503 5361; x_wconf 82' lang='grc' dir='ltr'>βουληθέντα</span> <span class='ocrx_word' id='word_1_898' title='bbox 2533 5283 2610 5344; x_wconf 82' lang='grc' dir='ltr'>δέ.</span> 
     </span>
     <span class='ocr_line' id='line_1_116' title="bbox 1316 5359 2610 5398; baseline 0 0"><span class='ocrx_word' id='word_1_899' title='bbox 1316 5367 1397 5398; x_wconf 44' lang='grc' dir='ltr'>γετ..</span> <span class='ocrx_word' id='word_1_900' title='bbox 1425 5361 1626 5398; x_wconf 45' lang='lat' dir='ltr'>sua...”</span> <span class='ocrx_word' id='word_1_901' title='bbox 1665 5365 1702 5398; x_wconf 62' lang='grc' dir='ltr'>ιι</span> <span class='ocrx_word' id='word_1_902' title='bbox 1829 5362 1874 5398; x_wconf 71' lang='lat' dir='ltr'>sa</span> <span class='ocrx_word' id='word_1_903' title='bbox 1915 5362 1975 5398; x_wconf 55' lang='lat' dir='ltr'>nr.</span> <span class='ocrx_word' id='word_1_904' title='bbox 2007 5365 2091 5398; x_wconf 72' lang='lat' dir='ltr'>an</span> <span class='ocrx_word' id='word_1_905' title='bbox 2125 5375 2137 5388; x_wconf 85' lang='lat'><strong>-</strong></span> <span class='ocrx_word' id='word_1_906' title='bbox 2173 5360 2265 5398; x_wconf 67' lang='lat' dir='ltr'>nr...</span> <span class='ocrx_word' id='word_1_907' title='bbox 2301 5359 2362 5398; x_wconf 67' lang='grc' dir='ltr'>τ·</span> <span class='ocrx_word' id='word_1_908' title='bbox 2487 5359 2533 5395; x_wconf 72' lang='lat'>24</span> <span class='ocrx_word' id='word_1_909' title='bbox 2560 5378 2610 5398; x_wconf 74' lang='grc' dir='ltr'>ιη</span> 
     </span>
    </p>
   </div>
   <div class='ocr_carea' id='block_1_113' title="bbox 1392 5359 2382 5508">
    <p class='ocr_par' dir='ltr' id='par_1_113' title="bbox 1392 5359 2382 5508">
     <span class='ocr_line' id='line_1_117' title="bbox 1392 5359 2382 5436; baseline 0 -20"><span class='ocrx_word' id='word_1_910' title='bbox 1392 5359 1628 5436; x_wconf 70' lang='grc' dir='ltr'>ἷᾶνάγκη</span> <span class='ocrx_word' id='word_1_911' title='bbox 1665 5365 1723 5418; x_wconf 91' lang='grc' dir='ltr'>Β.</span> <span class='ocrx_word' id='word_1_912' title='bbox 1829 5362 1874 5398; x_wconf 82' lang='grc'>³³</span> <span class='ocrx_word' id='word_1_913' title='bbox 1915 5362 1975 5415; x_wconf 80' lang='grc' dir='ltr'>οὗ</span> <span class='ocrx_word' id='word_1_914' title='bbox 2000 5359 2092 5417; x_wconf 84' lang='grc' dir='ltr'><strong>ΑΒ</strong></span> <span class='ocrx_word' id='word_1_915' title='bbox 2125 5375 2138 5416; x_wconf 77' lang='grc' dir='ltr'>ε</span> <span class='ocrx_word' id='word_1_916' title='bbox 2170 5359 2265 5414; x_wconf 82' lang='grc' dir='ltr'>οὗν</span> 
     </span>
     <span class='ocr_line' id='line_1_118' title="bbox 1392 5432 2382 5508; baseline -0.003 -20"><span class='ocrx_word' id='word_1_917' title='bbox 1392 5436 1437 5470; x_wconf 77' lang='grc'>³⁵</span> <span class='ocrx_word' id='word_1_918' title='bbox 1468 5434 1807 5488; x_wconf 76' lang='grc' dir='ltr'>αἰσθάνεσθαι</span> <span class='ocrx_word' id='word_1_919' title='bbox 1837 5433 1944 5508; x_wconf 32' lang='grc' dir='ltr'>ςξ</span> <span class='ocrx_word' id='word_1_920' title='bbox 1963 5434 2009 5468; x_wconf 73' lang='grc'>³⁸</span> <span class='ocrx_word' id='word_1_921' title='bbox 2047 5432 2382 5508; x_wconf 70' lang='grc' dir='ltr'>προγενόμεν</span> 
     </span>
    </p>
   </div>
   <div class='ocr_carea' id='block_1_114' title="bbox 2044 5499 2157 5556">
    <p class='ocr_par' dir='ltr' id='par_1_114' title="bbox 2044 5499 2157 5556">
     <span class='ocr_line' id='line_1_119' title="bbox 2044 5499 2157 5556; baseline -0.009 -16"><span class='ocrx_word' id='word_1_922' title='bbox 2044 5499 2102 5540; x_wconf 73' lang='lat'><strong>3:“</strong></span> <span class='ocrx_word' id='word_1_923' title='bbox 2129 5499 2157 5556; x_wconf 84' lang='grc' dir='ltr'>δ</span> 
     </span>
    </p>
   </div>
   <div class='ocr_carea' id='block_1_115' title="bbox 2689 5281 3835 5430">
    <p class='ocr_par' dir='ltr' id='par_1_115' title="bbox 2689 5281 3835 5430">
     <span class='ocr_line' id='line_1_120' title="bbox 2689 5281 3835 5340; baseline -0.006 1"><span class='ocrx_word' id='word_1_924' title='bbox 2689 5286 2737 5322; x_wconf 71' lang='grc' dir='ltr'>η</span> <span class='ocrx_word' id='word_1_925' title='bbox 2765 5285 2925 5340; x_wconf 80' lang='grc' dir='ltr'>αὐτὸν</span> <span class='ocrx_word' id='word_1_926' title='bbox 2958 5284 3130 5340; x_wconf 75' lang='grc' dir='ltr'>αἴτιον</span> <span class='ocrx_word' id='word_1_927' title='bbox 3159 5282 3362 5339; x_wconf 76' lang='grc' dir='ltr'>τούτων</span> <span class='ocrx_word' id='word_1_928' title='bbox 3421 5281 3583 5337; x_wconf 80' lang='grc' dir='ltr'>αὐτὸν</span> <span class='ocrx_word' id='word_1_929' title='bbox 3619 5283 3835 5338; x_wconf 68' lang='grc' dir='ltr'>τούτων</span> 
     </span>
     <span class='ocr_line' id='line_1_121' title="bbox 2693 5286 3835 5430; baseline -0.004 -17"><span class='ocrx_word' id='word_1_930' title='bbox 2693 5379 2722 5430; x_wconf 81' lang='grc' dir='ltr'>ο</span> <span class='ocrx_word' id='word_1_931' title='bbox 2751 5361 2843 5430; x_wconf 63' lang='grc' dir='ltr'>ΑΒ</span> <span class='ocrx_word' id='word_1_932' title='bbox 2877 5375 2889 5412; x_wconf 94' lang='lat'>:</span> <span class='ocrx_word' id='word_1_933' title='bbox 2921 5360 3106 5422; x_wconf 80' lang='grc' dir='ltr'>τοῦτο,</span> <span class='ocrx_word' id='word_1_934' title='bbox 3145 5359 3306 5430; x_wconf 57' lang='grc' dir='ltr'>τουτο</span> <span class='ocrx_word' id='word_1_935' title='bbox 3496 5352 3835 5430; x_wconf 39' lang='grc' dir='ltr'>μίξδιακρι-</span> 
     </span>
    </p>
   </div>
   <div class='ocr_carea' id='block_1_116' title="bbox 2487 5352 3837 5429">
    <p class='ocr_par' dir='ltr' id='par_1_116' title="bbox 2487 5352 3837 5429">
     <span class='ocr_line' id='line_1_122' title="bbox 2487 5352 3837 5429; baseline -0.003 -17"><span class='ocrx_word' id='word_1_936' title='bbox 2487 5359 2533 5395; x_wconf 79' lang='grc'><em>²⁴</em></span> <span class='ocrx_word' id='word_1_937' title='bbox 2560 5361 2722 5429; x_wconf 78' lang='grc' dir='ltr'>τοῦτο</span> <span class='ocrx_word' id='word_1_938' title='bbox 2751 5361 2843 5429; x_wconf 71' lang='grc' dir='ltr'>ΑΒ</span> <span class='ocrx_word' id='word_1_939' title='bbox 2877 5375 2889 5412; x_wconf 93' lang='lat'>:</span> <span class='ocrx_word' id='word_1_940' title='bbox 2921 5360 3106 5422; x_wconf 79' lang='grc' dir='ltr'>τοῦτο,</span> <span class='ocrx_word' id='word_1_941' title='bbox 3145 5359 3306 5429; x_wconf 58' lang='grc' dir='ltr'>τοῦτο</span> <span class='ocrx_word' id='word_1_942' title='bbox 3497 5352 3837 5429; x_wconf 25' lang='grc' dir='ltr'>μίξδιακρι-</span> 
     </span>
    </p>
   </div>
   <div class='ocr_carea' id='block_1_117' title="bbox 2158 5425 3838 5558">
    <p class='ocr_par' dir='ltr' id='par_1_117' title="bbox 2158 5425 3838 5558">
     <span class='ocr_line' id='line_1_123' title="bbox 2158 5425 3838 5558; baseline -0.002 -72"><span class='ocrx_word' id='word_1_943' title='bbox 2158 5425 2452 5558; x_wconf 68' lang='grc' dir='ltr'>γενόμῖενον</span> <span class='ocrx_word' id='word_1_944' title='bbox 2624 5430 2668 5466; x_wconf 71' lang='grc'>³⁷</span> <span class='ocrx_word' id='word_1_945' title='bbox 2699 5427 2902 5491; x_wconf 70' lang='grc' dir='ltr'>ἐθέλεις</span> <span class='ocrx_word' id='word_1_946' title='bbox 2936 5435 2999 5486; x_wconf 90' lang='grc' dir='ltr'><strong>Β.</strong></span> <span class='ocrx_word' id='word_1_947' title='bbox 3038 5430 3085 5464; x_wconf 74' lang='grc'>³⁸</span> <span class='ocrx_word' id='word_1_948' title='bbox 3113 5430 3147 5500; x_wconf 72' lang='grc' dir='ltr'><strong>ἤ</strong></span> <span class='ocrx_word' id='word_1_949' title='bbox 3179 5425 3450 5488; x_wconf 64' lang='grc' dir='ltr'>σύνθετος.</span> <span class='ocrx_word' id='word_1_950' title='bbox 3493 5427 3541 5463; x_wconf 75' lang='grc'>³⁸</span> <span class='ocrx_word' id='word_1_951' title='bbox 3565 5425 3676 5497; x_wconf 74' lang='grc' dir='ltr'>ὕλη</span> <span class='ocrx_word' id='word_1_952' title='bbox 3710 5425 3838 5484; x_wconf 77' lang='lat' dir='ltr'>om.</span> 
     </span>
     <span class='ocr_line' id='line_1_124' title="bbox 2193 5501 3036 5558; baseline -0.002 0"><span class='ocrx_word' id='word_1_953' title='bbox 2193 5503 2208 5558; x_wconf 84' lang='lat' dir='ltr'>l</span> <span class='ocrx_word' id='word_1_954' title='bbox 2246 5505 2428 5558; x_wconf 88' lang='lat' dir='ltr'>malin</span> <span class='ocrx_word' id='word_1_955' title='bbox 2457 5523 2584 5558; x_wconf 81' lang='grc' dir='ltr'>γαο.</span> <span class='ocrx_word' id='word_1_956' title='bbox 2657 5501 2707 5539; x_wconf 78' lang='grc'>³³</span> <span class='ocrx_word' id='word_1_957' title='bbox 2733 5503 2769 5558; x_wconf 66' lang='grc' dir='ltr'>ἢ</span> <span class='ocrx_word' id='word_1_958' title='bbox 2800 5503 2935 5558; x_wconf 90' lang='lat' dir='ltr'>add.</span> <span class='ocrx_word' id='word_1_959' title='bbox 2965 5505 3036 5557; x_wconf 84' lang='lat' dir='ltr'>A.</span> 
     </span>
    </p>
   </div>
   <div class='ocr_carea' id='block_1_118' title="bbox 2190 5501 3036 5578">
    <p class='ocr_par' dir='ltr' id='par_1_118' title="bbox 2190 5501 3036 5578">
     <span class='ocr_line' id='line_1_125' title="bbox 2190 5501 3036 5578; baseline -0.005 -18"><span class='ocrx_word' id='word_1_960' title='bbox 2190 5503 2208 5576; x_wconf 95' lang='lat'>]</span> <span class='ocrx_word' id='word_1_961' title='bbox 2246 5501 2428 5561; x_wconf 84' lang='lat' dir='ltr'>malin</span> <span class='ocrx_word' id='word_1_962' title='bbox 2457 5501 2584 5578; x_wconf 84' lang='grc' dir='ltr'>γᾶρ.</span> <span class='ocrx_word' id='word_1_963' title='bbox 2657 5501 2707 5539; x_wconf 80' lang='grc'>³³</span> <span class='ocrx_word' id='word_1_964' title='bbox 2733 5503 2770 5574; x_wconf 77' lang='grc' dir='ltr'>ἡ</span> <span class='ocrx_word' id='word_1_965' title='bbox 2800 5503 2935 5560; x_wconf 89' lang='lat' dir='ltr'>add.</span> <span class='ocrx_word' id='word_1_966' title='bbox 2965 5505 3036 5557; x_wconf 85' lang='lat' dir='ltr'>A.</span> 
     </span>
    </p>
   </div>
   <div class='ocr_carea' id='block_1_119' title="bbox 2024 5623 2254 5682">
    <p class='ocr_par' dir='ltr' id='par_1_119' title="bbox 2024 5623 2254 5682">
     <span class='ocr_line' id='line_1_126' title="bbox 2024 5623 2254 5682; baseline -0.009 -2"><span class='ocrx_word' id='word_1_967' title='bbox 2024 5623 2254 5682; x_wconf 73' lang='lat' dir='ltr'>NOTE.</span> 
     </span>
    </p>
   </div>
   <div class='ocr_carea' id='block_1_120' title="bbox 499 5717 1609 5798">
    <p class='ocr_par' dir='ltr' id='par_1_120' title="bbox 499 5717 1609 5798">
     <span class='ocr_line' id='line_1_127' title="bbox 499 5717 1609 5798; baseline -0.001 -19"><span class='ocrx_word' id='word_1_968' title='bbox 499 5720 612 5798; x_wconf 87' lang='lat'>(89)</span> <span class='ocrx_word' id='word_1_969' title='bbox 645 5717 848 5781; x_wconf 82' lang='lat' dir='ltr'>Malim</span> <span class='ocrx_word' id='word_1_970' title='bbox 879 5718 940 5778; x_wconf 88' lang='lat' dir='ltr'>id</span> <span class='ocrx_word' id='word_1_971' title='bbox 967 5719 1027 5780; x_wconf 88' lang='lat' dir='ltr'>in</span> <span class='ocrx_word' id='word_1_972' title='bbox 1058 5736 1159 5780; x_wconf 83' lang='lat' dir='ltr'>ora</span> <span class='ocrx_word' id='word_1_973' title='bbox 1188 5726 1609 5781; x_wconf 81' lang='lat' dir='ltr'>ecernsretur.</span> 
     </span>
    </p>
   </div>
  </div>
