4100 6242
249 299 398 360 H57

1301 297 1842 362 BIBLIOTHECA.
1887 335 1968 347 —
2009 301 2187 362 COD.
2233 300 2592 362 CCXXXVI.

3490 313 3646 374 1158

249 429 484 487 τουτέστι
522 428 652 505 πρὶν
680 429 728 465 ³⁸
771 428 838 483 τὰ
882 425 1031 484 ἁπλᾶ
1078 425 1374 488 συνελθεῖν,
1421 429 1486 484 Ei
1538 427 1593 484 δὲ
1640 431 1708 500 ἦν
1757 451 1891 486 ποτε

2032 430 2266 488 nateria.
2299 431 2634 504 Composita
2665 437 2858 490 autem
2891 451 2960 490 ex
2981 435 3347 508 simplicibus
3376 447 3648 500 constant

249 520 429 595 καιρὸς
459 519 549 572 ὅτε
587 519 622 586 ἡ
655 515 761 586 ὕλη
817 516 914 571 οὐκ
942 517 1028 586 ἦν,
1061 517 1161 572 οὐκ
1206 518 1273 587 ἧν
1307 516 1364 572 δέ
1391 539 1527 572 ποτε
1575 520 1764 592 καιρὸς
1803 517 1893 574 ὅτε

251 611 510 684 ἀγένητον
559 607 664 660 οὐκ
712 607 798 675 ἦν,
852 607 952 660 οὗκ
993 606 1095 679 ἄρα
1144 603 1289 662 ἔσται
1339 607 1601 679 ἀγένητος
1652 610 1686 676 ἡ
1738 607 1844 678 ὕλη
1876 625 1888 638 ·

249 700 308 754 τὸ
349 697 394 752 δ’
423 698 665 752 ἒντεῦθεν
712 693 814 771 ἄρα
862 693 1006 750 ἔσται
1045 693 1232 752 πολλά
1277 696 1343 751 τά
1389 695 1641 772 ἀγένητα.
1687 695 1746 751 Εἴ
1794 696 1893 770 γάρ

253 791 316 858 ἦν
347 787 608 864 ἀγένητος
643 787 670 839 ὁ
718 787 866 854 Θεὸς,
907 787 974 854 ἦν
1027 783 1082 840 δὲ
1131 785 1368 859 ἀγένητα
1408 807 1496 840 και
1545 787 1612 840 τὰ
1649 785 1796 840 ἁπλᾶ
1845 785 1894 855 ἐξ

255 881 324 934 ὧν
355 881 391 948 ἡ
435 874 540 946 ὕλη
595 875 866 944 συνετέθη,
901 873 1004 930 οὒκ
1051 873 1152 948 ἄρα
1201 869 1345 930 ἔσται
1377 876 1424 911 ³⁵
1473 874 1571 930 δύο
1617 875 1704 928 καὶ
1759 876 1899 948 μόνα

253 967 316 1021 τὰ
360 966 622 1042 ἀγένητα,
645 961 738 1019 ’ἱνα
776 967 1006 1040 παρήσω
1052 964 1118 1018 τὸ
1163 963 1490 1036 ἐπιζητῆσαι
1519 963 1568 1018 τί
1603 963 1728 1018 ὄντα
1759 962 1900 1018 ἐστὶν

256 1055 420 1124 ἁπλᾶ,
455 1053 566 1126 ὕλη
597 1056 632 1124 ἢ
667 1052 810 1116 εἶδος
845 1075 856 1087 ·
892 1053 1078 1110 πολλά
1108 1054 1212 1130 γὰρ
1243 1055 1332 1110 καὶ
1365 1053 1538 1116 οὕτως
1567 1053 1740 1109 ἄτοπα
1771 1054 1900 1109 ἀκο-

256 1147 575 1215 λουθήσειαν
587 1188 600 1200 .

2002 526 2058 577 et
2087 519 2440 576 subsistunt.
2473 521 2608 578 Erat
2638 522 2952 594 aliquando
2983 541 3116 580 cum
3148 529 3390 585 materia
3413 547 3526 588 non
3551 549 3652 591 es—

2005 614 2113 678 set,
2151 609 2255 666 hoc
2299 613 2404 677 est,
2441 613 2754 682 antequam
2787 612 3082 683 simplicia
3137 629 3646 688 componerentur.

2006 699 2064 757 Si
2084 717 2215 757 vero
2235 702 2346 756 fuit
2363 701 2682 772 aliquando
2697 707 2952 774 tempus,
2969 721 3084 776 qua
3109 708 3351 764 materia
3374 728 3490 766 non
3509 713 3646 770 fuit:

2007 805 2122 845 non
2155 789 2262 844 fuit
2280 795 2476 846 autem
2509 806 2764 862 unquam
2783 799 3018 864 tempus
3039 811 3155 866 quo
3187 796 3509 868 ingenitum
3536 820 3652 858 non

2007 882 2132 933 erat
2162 895 2175 932 :
2211 895 2321 933 non
2353 883 2462 934 erit
2513 896 2646 950 ergo
2699 880 2961 952 ingenita
2992 885 3086 952 [ab
3117 889 3354 959 aeterno]
3389 893 3650 952 materia.

2007 966 2128 1022 Hoc
2159 971 2350 1022 autem
2381 967 2522 1024 hinc
2551 977 2826 1039 sequetur
2873 971 3058 1027 multa
3107 973 3228 1029 fore
3260 975 3521 1046 ingenita
3554 995 3566 1036 :
3603 981 3652 1036 si

2009 1058 2165 1111 enim
2199 1057 2352 1111 Deus
2400 1057 2716 1128 ingenitus,
2762 1063 2818 1114 et
2847 1065 3014 1116 erant
3043 1061 3337 1134 simplicia
3369 1065 3650 1140 ingenita,

2012 1146 2306 1217 exquibus
2329 1147 2910 1220 materiacomposita
2929 1155 3042 1220 est,
3059 1168 3176 1208 non
3205 1164 3375 1210 erunt
3395 1159 3650 1230 amplius

255 1237 364 1292 duo
395 1240 453 1290 et
481 1234 606 1290 sola
634 1233 916 1306 ingenita,
954 1237 1014 1289 ut
1045 1235 1487 1305 praetermittam
1517 1250 1774 1306 quaerere
1805 1234 1948 1306 quid
2011 1235 2226 1292 fuerint
2281 1235 2381 1292 illa
2437 1235 2744 1308 simplicia,
2795 1239 3041 1296 materia
3088 1257 3162 1296 an
3213 1243 3419 1300 forma.
3475 1249 3656 1306 Multa

253 1325 402 1382 enim
425 1329 482 1381 et
513 1324 649 1380 hinc
680 1323 936 1378 absurda
965 1327 1302 1394 sequentur.

325 1418 483 1468 Δοκεῖ
527 1409 584 1467 δέ
627 1433 714 1466 σοι
769 1409 938 1485 μηδὲν
988 1415 1095 1465 τῶν
1145 1408 1316 1466 ὅντων
1368 1411 1496 1466 αὐτὸ
1542 1413 1715 1484 ἑαυτῷ
1763 1413 1906 1468 ἀντι-

255 1505 501 1572 κεῖσθαις
537 1505 721 1562 Δοκεῖ,
771 1499 1090 1556 Ἀντίκειται
1139 1498 1196 1556 δὲ
1225 1505 1302 1574 τῷ
1332 1500 1460 1574 πυρὶ
1510 1502 1572 1556 τὸ
1613 1499 1782 1575 ὕδωρ,
1813 1504 1904 1558 καὶ

256 1599 334 1664 τῷ
365 1592 506 1670 φωτὶ
551 1590 614 1646 τὸ
662 1591 876 1660 σκότος,
926 1591 1016 1644 καὶ
1054 1595 1134 1662 τῷ
1183 1593 1384 1665 ψυχρῷ
1432 1591 1494 1645 τὸ
1541 1591 1765 1664 θερμὸν,
1814 1593 1903 1647 καὶ

257 1687 336 1754 τῷ
367 1682 516 1753 ξηρῷ
546 1679 608 1734 τὸ
641 1679 801 1754 ὑγρόν
829 1698 842 1746 ;
877 1678 1061 1742 Οὕτως
1093 1675 1240 1758 ἔχειν
1288 1700 1382 1752 μοι
1414 1681 1460 1716 ³⁸
1501 1677 1668 1735 δοκεῖ.
1704 1681 1908 1736 Οὐκοῦν

2085 1413 2408 1470 Videturne
2437 1413 2544 1470 tibi
2577 1415 2720 1472 nihil
2752 1431 2952 1474 eorum
2979 1435 3106 1492 quae
3139 1423 3655 1498 exsistunt,ipum

2015 1502 2128 1560 sibi
2149 1501 2262 1574 ipsi
2294 1503 2651 1560 contrarium
2682 1506 2710 1560 ?
2744 1506 3008 1563 Videtur.
3059 1511 3134 1566 At
3189 1511 3312 1584 igni
3363 1517 3656 1574 contraria

2014 1605 2106 1648 est
2135 1609 2284 1662 aqua
2317 1609 2330 1660 ;
2363 1592 2559 1649 etluci
2591 1594 2840 1650 tenebrae
2871 1613 2887 1666 ;
2918 1601 2975 1652 et
3002 1597 3213 1671 frigido
3263 1601 3519 1659 calidum
3553 1620 3568 1672 ;
3600 1611 3656 1662 et

2015 1680 2180 1737 arido
2213 1681 2524 1738 humidum
2557 1685 2586 1738 ?
2621 1683 2764 1738 Mihi
2795 1684 2876 1740 ita
2905 1686 3156 1743 videtur.
3217 1690 3366 1762 Ergo
3415 1695 3466 1748 si
3507 1695 3654 1751 nihil

261 1770 306 1826 εἶ
362 1767 534 1844 μηδὲν
576 1773 684 1824 τῶν
731 1764 897 1824 ὄντων
940 1769 1070 1823 αὐτὸ
1125 1769 1300 1842 ἑαυτῷ
1356 1769 1673 1841 ἀντίκειται,
1733 1769 1908 1841 ἀλλή-

2032 1788 2211 1828 ιοτυω
2233 1789 2363 1843 quas
2379 1773 2670 1829 exsistunt
2686 1775 3004 1846 ipsumsibi
3028 1781 3384 1837 contrarium
3401 1789 3510 1850 est,
3536 1785 3658 1842 haec

261 1861 382 1923 λοις
432 1859 489 1914 δὲ
553 1863 718 1914 ταῦτα
776 1858 1068 1914 ἀντίκειται
1096 1859 1164 1932 ³⁷,
1211 1858 1310 1914 οὐκ
1357 1857 1567 1914 ἔσονται
1627 1859 1734 1930 ὕλη
1789 1860 1905 1934 μία,

260 1949 384 2005 οὐδὶ
419 1950 525 2022 μὴν
559 1947 609 2018 ἐξ
641 1947 779 2018 ὕλης
813 1953 961 2020 μιᾶς.

333 2037 506 2096 Πάλιν
541 2035 598 2092 δὲ
646 2039 908 2092 πυθέσθαι
965 2038 1239 2114 βούλομαι
1277 2058 1286 2070 ·
1341 2044 1499 2093 Δοκεῖ
1537 2059 1622 2094 σοι
1668 2039 1734 2094 τά
1767 2039 1905 2116 μέρη

261 2132 338 2204 μή
393 2129 704 2203 ἀναιρετικά
760 2127 1027 2199 ἀλλήλων
1063 2131 1236 2200 εἶναι;
1300 2135 1478 2188 Δοκεῖ.
1513 2131 1663 2185 Εἶναι
1724 2127 1780 2184 δὲ
1809 2137 1910 2200 τῆς

259 2219 398 2290 ὕλης
431 2223 600 2292 μέρος
629 2218 691 2272 τό
735 2239 794 2273 τε
823 2222 930 2294 πῦρ
975 2219 1064 2273 καὶ
1097 2220 1160 2274 τὸ
1211 2217 1380 2292 ὕδωρ,
1412 2219 1670 2280 ὡσαύτως
1723 2218 1778 2273 δὲ
1818 2219 1909 2274 καὶ

259 2310 326 2364 τὰ
354 2309 560 2376 λοιπά;
607 2307 791 2369 Οὕτως
823 2305 958 2382 ἔχω.
992 2308 1052 2362 Τί
1085 2304 1180 2376 δέ;
1215 2306 1274 2362 οὔ
1318 2305 1468 2363 δοκεῖ
1514 2329 1598 2362 σοι
1629 2307 1904 2382 ἀναιρετι-

259 2399 353 2453 κὸν
391 2399 484 2466 μὶν
514 2397 652 2451 εἶναι
698 2399 794 2450 τοῦ
825 2399 995 2470 πυρὸς
1044 2397 1106 2450 τὸ
1137 2394 1303 2470 ὕδωρ,
1331 2401 1426 2450 τοῦ
1477 2394 1534 2450 δὲ
1581 2397 1804 2458 σκότους
1849 2399 1910 2452 τὸ

235 2493 404 2566 ῖφῶς,
451 2488 542 2542 καὶ
601 2485 784 2542 τᾶλλα
839 2487 940 2540 ὅσα
992 2487 1211 2548 τούτοις
1268 2486 1666 2562 παραπλήσια;
1731 2493 1905 2543 Δοκεῖ.

265 2579 476 2636 Οὐκοῦν
518 2577 565 2632 εἰ
614 2578 680 2632 τὰ
730 2577 870 2652 μέρη
926 2577 1025 2632 οὐκ
1070 2575 1210 2632 ἔστιν
1261 2577 1528 2647 ἀλλήλων
1581 2577 1908 2654 ἀναιρετικά,

263 2673 430 2724 ταῦτα
474 2665 530 2723 δὲ
578 2667 886 2744 ἀναιρετικά
931 2668 1212 2744 τυγχάνει,
1263 2667 1362 2722 οὐκ
1390 2665 1492 2742 ἄρα
1538 2661 1685 2724 ἔσται
1716 2669 1766 2704 ³⁸
1813 2667 1910 2722 ἀλ-

269 2755 461 2828 λήλων
496 2759 632 2834 μέρη
667 2777 680 2789 ·
734 2759 779 2812 εἰ
821 2755 866 2812 δ’
899 2759 945 2795 ²⁹
976 2759 1078 2813 οὐκ
1107 2756 1254 2813 ἔσται
1305 2755 1572 2827 ἀλλήλων
1619 2759 1782 2831 μέρη,
1815 2757 1916 2813 οὐκ

265 2845 478 2903 ἔσονται
510 2845 650 2918 ὕλης
683 2852 828 2922 μιᾶς.
863 2845 1038 2902 Ἀλλά
1071 2848 1178 2920 μὴν
1211 2843 1327 2902 οὐδ’
1357 2845 1422 2901 αὖ
1451 2847 1496 2882 ⁴⁰
1526 2842 1740 2902 ἔσονται
1780 2847 1912 2916 ὕλη,

267 2942 344 3008 τῷ
404 2934 572 3011 μηδὲν
629 2957 678 2989 τι
737 2939 844 2989 τῶν
905 2931 1076 2990 ὅντων
1135 2936 1269 2991 αὐτὸ
1333 2935 1524 2991 ἑαυτοῦ
1581 2935 1916 3011 ἀναιρετικὸν

267 3027 420 3084 εἶναι,
475 3025 658 3086 Οὕτως
717 3021 808 3078 οὖν
839 3045 946 3078 των
1006 3023 1390 3098 ἀντικειμένων
1424 3024 1682 3100 ἑχόντων,
1715 3025 1778 3080 τὸ
1838 3025 1912 3097 μὴ

266 3115 397 3170 εἶναι
435 3117 536 3185 τήν
569 3113 706 3182 ὕλην
741 3111 1030 3172 δείκνυται.

339 3205 468 3278 Περὶ
513 3204 606 3276 μὲν
653 3207 752 3268 τῆς
785 3202 922 3274 ὒλης
971 3201 1254 3279 αὐτάρκως
1303 3199 1420 3280 ἔχει
1455 3223 1466 3236 ·
1511 3206 1638 3276 [949
1688 3205 1780 3278 11.]
1829 3203 1916 3260 ἐπὶ

271 3293 328 3350 δὲ
365 3297 465 3363 τήν
511 3298 617 3349 τῶν
669 3297 848 3347 κακῶν
897 3293 1130 3362 ἐξέτασιν
1172 3291 1423 3369 ἔρχεσθαι
1475 3291 1574 3364 δεῖ,
1626 3297 1715 3347 καὶ
1759 3293 1921 3368 ἀναγ-

272 3384 442 3446 καίως
503 3383 784 3452 ἀναζητεῖν
838 3384 904 3437 τά
959 3384 1104 3458 ποιρά
1151 3383 1480 3456 ἀνθρώποις.
1534 3383 1608 3438 Τά
1653 3384 1780 3457 παρ’
1829 3383 1925 3438 ἀν-

281 3475 524 3551 Θρώποις
589 3474 728 3527 κακά
783 3471 1011 3546 πότερον
1045 3475 1087 3507 δι
1153 3469 1271 3542 ε’ἱδη
1343 3473 1599 3547 τυγχάνει
1657 3475 1828 3526 κακοῦ
1887 3471 1921 3540 ἢ

293 3563 432 3638 μέρη
459 3581 472 3630 ;
509 3561 568 3618 Ei
601 3561 702 3638 γὰρ
736 3557 882 3631 ε’ἱδτη
924 3562 1023 3616 οὐκ
1053 3561 1154 3638 ἄρα
1186 3559 1332 3616 ἔσται
1362 3557 1544 3636 ἓτερον
1573 3561 1718 3634 παρὰ
1761 3565 1928 3615 ταῦτα

286 3656 349 3710 τὸ
392 3653 559 3708 κακὸν
608 3653 724 3707 καθ’
772 3651 924 3721 αὐτὸ,
963 3656 1042 3721 τῷ
1089 3653 1156 3708 τὰ
1184 3652 1314 3726 γένη
1365 3650 1416 3704 ἐν
1467 3657 1582 3712 τοῖς
1634 3647 1825 3706 ε’ἷδεσιν
1855 3649 1930 3719 ἐξ·

283 3745 556 3814 ετάζεσθαι
605 3741 696 3796 καὶ
749 3741 1054 3818 ὑφεστάναι.
1099 3741 1163 3796 Ei
1215 3739 1272 3796 δὲ
1313 3744 1496 3808 τοῦτο,
1553 3740 1778 3814 γενητὸν
1829 3737 1930 3812 ἄρα

281 3833 430 3888 ἔσται
461 3833 510 3868 ⁴³
555 3833 618 3886 τὸ
657 3829 820 3886 κακόν
857 3852 868 3863 ·
915 3829 982 3886 τά
1009 3831 1110 3906 γάρ
1156 3827 1278 3899 ε’ίδη
1329 3827 1530 3904 γενητὰ
1578 3825 1702 3881 ὄντα
1731 3827 1776 3862 ⁸³
1823 3825 1930 3880 δεί-

281 3943 491 3989 κνυται,
525 3922 648 3976 οἷον
679 3921 838 3998 φόνος
892 3925 982 3974 καὶ
1019 3918 1242 3994 μοιχεία
1284 3918 1374 3972 καὶ
1405 3916 1472 3972 τὰ
1499 3917 1714 3978 τούτοις
1759 3937 1932 3991 παρα-

279 4012 514 4082 πλήσια.
551 4011 614 4067 Ei
648 4007 704 4065 δὲ
736 4009 874 4084 μέρη
907 4010 1055 4070 τινὸς
1077 4011 1246 4062 κακοῦ
1274 4011 1442 4062 ταῦτα
1473 4007 1604 4061 εἶναι
1631 4004 1844 4066 ἐθέλοις
1868 4007 1932 4074 ⁸⁸,

281 4099 399 4157 ἔστι
431 4099 488 4155 δὲ
515 4104 682 4154 ταῦτα
720 4099 946 4173 γενητὰ,
985 4098 1196 4174 ἀνάγκη
1237 4097 1452 4153 κάκεῖνο
1497 4094 1724 4170 γενητὸν
1767 4093 1935 4170 ὑπάρ-

289 4212 435 4270 χειν.
466 4195 562 4243 Ὦν
613 4191 718 4265 γάρ
755 4189 822 4243 τὰ
875 4190 1014 4263 μὲρη
1066 4187 1268 4260 γενητά
1300 4189 1363 4254 ⁴⁵,
1412 4189 1582 4242 ταῦτα
1630 4183 1839 4258 ὁμοίως
1886 4183 1938 4254 ἐξ

288 4280 530 4357 ἀνάγκης
592 4278 702 4332 ἐστὶ
749 4277 946 4352 γενητά
979 4319 992 4332 .
1045 4275 1104 4330 τὸ
1141 4277 1242 4350 γὰρ
1292 4274 1421 4330 ὅλον
1474 4275 1534 4330 ἐκ
1583 4295 1762 4350 μερων
1814 4294 1942 4327 συν-

289 4371 508 4438 έστηκε.
543 4367 642 4423 Καὶ
671 4367 732 4420 τὸ
763 4367 854 4438 μὲν
891 4363 1018 4420 δλον
1053 4364 1151 4419 οὐκ
1181 4359 1326 4419 ἔσται
1371 4367 1445 4438 μή
1481 4361 1648 4419 ὄντων
1692 4366 1818 4437 [503
1853 4362 1942 4436 Η.]

1944 3107 1994 3174 C

2019 1867 2212 1918 autem
2228 1861 2340 1917 sibi
2371 1867 2704 1934 repugnant
2727 1881 2741 1932 ;
2766 1880 2900 1936 ergo
2925 1881 3038 1922 non
3061 1873 3232 1924 erunt
3255 1886 3372 1926 una
3391 1876 3658 1943 materia,

2019 1967 2208 2022 neque
2239 1968 2306 2007 ex
2337 1966 2452 2006 una
2483 1953 2724 2008 materia
2753 1955 3103 2026 composita.

2087 2041 2339 2096 Rursum
2355 2039 2526 2096 velim
2560 2042 2778 2097 audire.
2803 2042 3284 2103 Videnturnetibi
3325 2055 3514 2119 partes
3545 2053 3657 2108 sibi

2015 2136 2221 2189 mutuo
2251 2131 2499 2186 nocere?
2523 2132 2826 2188 Videntur.
2853 2133 3106 2190 Materiae
3137 2143 3358 2208 partem
3391 2143 3660 2210 agnoscis

2017 2237 2198 2278 unam
2227 2221 2444 2292 ignem,
2477 2220 2717 2278 alteram
2769 2239 3003 2294 aquam,
3038 2229 3096 2280 et
3127 2225 3204 2282 ita
3252 2227 3552 2300 reliquas?
3585 2232 3664 2288 lla

2019 2327 2247 2367 censeo.
2281 2309 2430 2376 Quid
2462 2326 2594 2366 vero
2618 2310 2646 2366 ‘2
2677 2327 2794 2366 non
2843 2312 3066 2369 videtur
3109 2315 3214 2370 tibi
3265 2333 3418 2388 aqua
3457 2335 3664 2377 nocere

2017 2400 2161 2472 igni,
2193 2399 2290 2456 lux
2323 2399 2574 2455 tenebris
2631 2400 2972 2473 [adversari]
3021 2406 3077 2458 et
3137 2403 3250 2460 alia
3299 2422 3664 2479 quascunque

2020 2495 2160 2548 sunt
2189 2489 2282 2545 his
2311 2487 2574 2560 similia?
2603 2488 2860 2546 Videtur.
2891 2491 3094 2546 Nonne
3150 2509 3306 2564 ergo,
3367 2495 3415 2549 si
3471 2503 3664 2565 partes

2021 2581 2170 2635 inter
2201 2595 2262 2634 se
2294 2578 2408 2634 sibi
2432 2582 2636 2633 mutuo
2652 2595 2766 2634 non
2787 2583 3017 2646 nocent,
3043 2580 3133 2636 has.
3153 2587 3346 2636 autem
3371 2599 3436 2638 se
3461 2589 3662 2641 mutuo

2021 2670 2339 2740 perimunt,
2360 2683 2476 2722 non
2491 2674 2658 2722 erunt
2673 2667 2824 2722 inter
2837 2684 2900 2724 se
2911 2674 3104 2738 partes
3127 2687 3139 2724 :
3163 2669 3210 2725 si
3244 2675 3441 2727 autem
3456 2674 3638 2729 807h
3663 2733 3670 2742 ,

2022 2774 2136 2813 non
2167 2759 2340 2812 erunt
2372 2759 2584 2810 mutum
2613 2755 2762 2810 inter
2800 2773 2863 2812 se
2887 2763 3100 2828 partes,
3133 2775 3249 2814 non
3281 2764 3451 2815 erunt
3491 2761 3668 2819 unius

2021 2844 2272 2902 materias
2306 2861 2319 2898 :
2355 2843 2471 2898 imo
2502 2859 2606 2898 nec
2637 2849 2808 2900 erunt
2840 2845 3102 2914 materia,
3122 2863 3189 2902 eo
3212 2849 3366 2920 quod
3391 2849 3534 2906 nihil
3553 2853 3666 2908 sibi

2021 2935 2134 3006 ipsi
2166 2934 2240 2988 sit
2279 2933 2638 2990 contrarium
2689 2949 2790 2988 seu
2825 2933 3082 2991 noxium.
3117 2937 3262 2992 Cum
3309 2953 3446 3010 ergo
3503 2941 3667 2996 seita

2021 3023 2272 3080 habeant
2293 3023 2580 3094 opposita,
2606 3027 2762 3094 patet
2792 3021 2927 3078 inde
2953 3039 3021 3079 ea
3043 3040 3160 3080 non
3181 3041 3306 3082 esse
3337 3029 3659 3086 materiam.

2101 3204 2283 3272 Atque
2309 3199 2790 3256 demateriasatis
2813 3201 3438 3260 dictum.Veniendum
3462 3211 3661 3262 autem

2029 3297 2112 3346 est
2145 3289 2216 3345 ad
2249 3290 2529 3346 malorum
2556 3289 3048 3361 disquisitionem,
3074 3298 3130 3349 et
3150 3295 3478 3351 necessario
3508 3313 3680 3353 excu-

2033 3379 2226 3434 tienda
2240 3379 2546 3434 hominum
2563 3379 2896 3436 mala.Mala
2913 3381 3218 3438 hominum
3235 3391 3445 3440 suntne
3457 3388 3682 3454 species

2036 3467 2196 3534 mali,
2230 3485 2301 3524 an
2335 3474 2532 3540 partes
2561 3469 2588 3524 ‘2
2619 3469 2678 3525 Si
2711 3469 2957 3542 species,
2987 3487 3100 3526 non
3133 3473 3418 3528 eritaliud
3433 3475 3681 3544 malum,

2037 3561 2242 3628 preter
2265 3556 2369 3612 has
2409 3557 2655 3629 species,
2688 3561 3013 3614 secundum
3078 3561 3338 3631 seipsum
3399 3579 3464 3617 eo
3524 3565 3682 3633 quod

2037 3661 2250 3718 genera
2263 3645 2318 3699 in
2334 3646 2639 3717 speciebus
2655 3646 3050 3718 inquirantur,
3065 3653 3121 3703 et
3133 3650 3486 3705 subsistant:
3515 3653 3563 3706 si
3579 3669 3684 3707 au-

2037 3737 2156 3790 tem
2172 3735 2280 3789 hoc
2293 3733 2874 3806 [genusestj,malum
2889 3736 2996 3790 erit
3008 3738 3292 3807 genitum:
3311 3754 3444 3794 nam
3459 3739 3687 3810 species

2040 3823 2248 3896 genitas
2281 3825 2604 3894 probantur
2637 3838 2648 3876 :
2684 3827 2748 3877 ut
2778 3829 2867 3879 est
2896 3825 3559 3895 cades,adulterium,et
3577 3828 3686 3884 hoc

2041 3929 2230 3986 genus
2251 3911 2491 3967 similia.
2509 3913 2569 3967 Si
2591 3915 2786 3967 autem
2809 3917 3006 3984 partes
3028 3913 3279 3984 alicujus
3309 3915 3439 3971 mali
3461 3917 3686 3987 species

2044 4005 2152 4060 has
2164 4019 2288 4058 esse
2303 4001 2474 4059 velis:
2497 4007 2638 4058 sunt
2658 4007 2851 4058 autem
2879 4005 2962 4058 bs:
2985 4007 3222 4076 genitas:
3246 4023 3482 4064 necesse
3501 4007 3692 4064 eritut

2045 4099 2101 4151 et
2113 4098 2301 4149 totum
2315 4091 2460 4147 illud
2476 4091 2740 4163 genitum
2754 4093 3103 4157 sit.Quorum
3117 4099 3266 4151 enim
3287 4098 3692 4169 partesgenila

2046 4189 2202 4246 sunt,
2263 4181 2586 4238 necessario
2631 4186 2688 4238 et
2736 4181 2856 4237 haec
2915 4187 3030 4239 tota
3083 4185 3354 4241 similiter
3410 4199 3546 4242 sunt
3597 4203 3694 4258 ge-

2049 4273 2402 4337 nita,‘totum
2435 4270 2592 4325 enim
2620 4287 2690 4326 ex
2715 4271 2980 4342 partibus
3013 4277 3258 4330 constat.
3290 4277 3555 4332 Aetolum
3579 4277 3692 4348 (90)

2051 4361 2284 4432 quidem
2301 4377 2414 4415 non
2436 4360 2566 4427 erit,
2592 4361 2860 4432 partibus
2883 4378 2997 4417 non
3021 4362 3470 4433 existentibus;
3496 4371 3692 4437 partes

297 4464 502 4533 μερῶν,
544 4451 690 4512 ἔσται
751 4452 808 4510 δέ
835 4475 951 4510 τινα
1005 4459 1112 4510 τῶν
1173 4459 1372 4530 μερῶν,
1406 4455 1500 4509 κᾶν
1565 4457 1640 4527 μή
1697 4455 1758 4508 τὸ
1807 4451 1917 4508 δλο·

2051 4427 2184 4508 νει-ο
2208 4449 2416 4521 aliquae
2440 4427 2910 4522 erunt,quamvis
2935 4455 3122 4506 totum
3138 4469 3252 4510 non
3277 4427 3696 4514 adsit.l‘iullius

295 4551 465 4622 παρῇ.
499 4545 726 4606 Οὐδενὸς
757 4543 816 4600 δὲ
853 4549 961 4600 τῶν
991 4543 1162 4600 ὄντων
1215 4543 1377 4620 μέρος
1413 4543 1506 4618 μὲν
1553 4543 1662 4598 ἐστι
1697 4544 1946 4620 γενητὸνν

295 4638 460 4710 μέρος
509 4633 564 4690 δὲ
621 4636 908 4708 ἀγένητον.
943 4635 1006 4691 Εἰ
1065 4631 1121 4690 δὲ
1170 4635 1257 4690 καὶ
1316 4639 1478 4689 τοῦτο
1523 4635 1945 4708 συγχωρήσαιμι

289 4731 374 4800 τῷ
404 4725 582 4800 λόγῳ,
635 4725 702 4792 ἦν
739 4744 874 4778 ποτε
903 4723 964 4778 τὸ
1012 4725 1200 4793 κακὸν,
1244 4723 1333 4778 ὅτε
1375 4720 1686 4794 ὁλόκληρον
1720 4721 1818 4776 οὐκ
1855 4721 1946 4792 ἦν,

289 4813 538 4870 τουτέστι
571 4811 696 4881 πρὶν
731 4809 1146 4885 δημιουργῆσαι
1175 4811 1272 4878 τήν
1309 4807 1450 4878 ὕλην
1491 4809 1581 4862 τὸν
1611 4808 1736 4863 Θεὸν
1769 4827 1781 4840 ·
1825 4807 1948 4863 τότε

291 4902 352 4959 δὲ
383 4902 698 4977 ὁλόκληρον
739 4901 963 4976 γίνεται,
995 4899 1084 4954 ὅτε
1132 4899 1270 4974 πρὸς
1318 4902 1452 4953 Θεοῦ
1483 4897 1702 4973 γέγονεν
1734 4898 1946 4972 ἄνθρωο

491 4995 600 5044 τῶν
637 4991 740 5066 γὰρ
778 4994 956 5064 μερῶν
1009 4993 1106 5044 τοῦ
1157 4991 1324 5042 κακοῦ
1375 4989 1661 5061 ἄνθρωπος
1713 4987 1947 5061 ὑπάρχει

285 5014 395 5054 ,πος
430 5011 443 5024 .

2058 4545 2252 4598 autem
2289 4539 2372 4594 rei
2401 4539 2734 4595 exsistentis
2767 4556 2901 4612 pars
2931 4540 3112 4597 altera
3141 4546 3232 4599 est
3250 4545 3468 4614 genita,
3513 4544 3700 4602 altera

2056 4629 2316 4702 ingenita
2349 4644 2361 4682 :
2397 4627 2668 4684 siautem
2701 4636 2754 4684 et
2795 4629 2900 4684 hoc
2934 4631 3184 4686 orationi
3217 4633 3696 4700 concedam,Ma-

2055 4719 2180 4775 lum
2213 4717 2324 4773 fuit
2346 4716 2508 4780 olim,
2542 4732 2676 4772 cum
2707 4720 2891 4772 totum
2923 4717 3215 4790 integrum
3242 4737 3357 4775 non
3379 4727 3556 4788 esset,
3589 4722 3696 4778 hoc

2056 4811 2167 4878 est,
2187 4811 2499 4880 antequam
2527 4806 2678 4862 Deus
2701 4806 3006 4861 materiam
3034 4811 3276 4863 crearet.
3311 4809 3474 4864 Tunc
3505 4817 3696 4864 autem

2055 4901 2244 4952 totum
2269 4897 2558 4966 integrum
2577 4893 2820 4962 exstitit,
2845 4897 3078 4966 quando
3110 4913 3144 4951 a
3165 4895 3280 4951 Deo
3301 4897 3476 4953 homo
3499 4897 3700 4953 condi-

2057 4991 2154 5044 tus
2187 4993 2290 5043 est.
2327 4986 2582 5042 Partium
2616 4985 2774 5042 enim
2807 4984 2946 5040 mali
2979 4994 3175 5042 auctor
3205 4990 3294 5042 est
3325 4985 3522 5044 homo.
3555 4987 3702 5044 Hinc

1643 5103 1878 5159 VARI/li
1907 5103 2313 5160 LECTIONES.

1107 5205 1156 5239 ³⁵
1185 5197 1331 5258 ἔσται
1366 5220 1480 5260 om.
1515 5209 1620 5259 AB.

366 5215 412 5248 ³⁵
442 5210 570 5281 πρίν
601 5211 646 5264 Α
680 5225 692 5263 :
735 5203 882 5276 πλήν
1107 5205 1156 5239 ³⁵
1185 5203 1331 5258 ἔσται
1366 5220 1480 5260 om.
1515 5209 1620 5259 AB.
1724 5203 1745 5236 ³

371 5281 520 5338 ἔσται
552 5299 670 5336 om.
705 5285 810 5333 AB.
888 5272 1092 5348 3945i”?
1131 5307 1209 5348 -ν
1235 5277 1374 5348 μὲρη
1407 5293 1524 5334 om.
1550 5281 1620 5348 _A.
1698 5273 1746 5308 ⁴⁰

285 5287 342 5324 ³⁸
371 5272 520 5338 ἔσται
552 5299 670 5336 om.
705 5285 810 5333 AB.
841 5272 849 5276 Ἴ
888 5272 950 5312 3"—
967 5275 1012 5330 εἰ
1045 5272 1092 5329 δ’
1131 5307 1200 5317 —-

1724 5203 1768 5237 ³⁸
1805 5221 1898 5272 μοι
1927 5207 2051 5273 A-__=
2090 5203 2164 5272 μή
2201 5200 2281 5273 ςτ

1776 5271 2166 5345 αὗΑεᾶνς.

2386 5199 2430 5235 37
2463 5195 2738 5267 ἀλλήλοις
2773 5195 2828 5252 δὲ
2879 5201 3045 5253 ταῦτα
3091 5199 3386 5267 ἀντίκειται
3435 5216 3551 5258 om.
3590 5203 3701 5260 AB.

2245 5273 2290 5308 ⁴¹
2324 5271 2550 5344 πότερον
2585 5265 2652 5311 4-
2677 5273 2850 5323 κακοῦ
2881 5288 2996 5328 om.
3035 5277 3144 5329 AB.
3218 5272 3266 5307 ⁴²
3293 5265 3440 5326 ἔσται
3471 5276 3702 5331 om.AB.

281 5359 340 5394 4³
372 5352 500 5410 ὄντα
537 5369 654 5409 om.
687 5356 799 5405 AB.
874 5351 920 5385 “
949 5342 1152 5410 ἐθέλεις
1193 5342 1256 5404 Βζ
1290 5342 1334 5384 ⁸⁵
1363 5342 1564 5422 γενητά
1595 5347 1876 5418 expungit
1907 5349 1968 5400 A.
2004 5342 2119 5400 om:
2163 5350 2219 5397 Β.

1886 5451 2120 5508 ΝΟΤΛΕ.

365 5564 478 5637 (90)
509 5561 728 5616 Totum
750 5558 1036 5628 integrum
1061 5555 1354 5628 intelligit.
1389 5554 1596 5612 Positis
1622 5553 1896 5611 omnibus
1926 5551 2186 5625 partibus
2247 5551 2485 5624 ponitur
2537 5553 2730 5606 totum
2765 5568 2778 5618 ;
2812 5549 3038 5606 sublata
3097 5565 3212 5607 una
3267 5555 3429 5622 parte
3486 5552 3706 5610 tollitur

287 5643 514 5696 totum.
