4100 6242
254 401 374 464 1161

253 543 465 611 ματικῶς
540 538 627 593 καὶ
705 539 864 601 θείως
921 542 1046 613 [504
1100 540 1188 615 Η.]
1245 537 1713 617 τελεσφορηθῆναι
1779 560 1790 574 ⁸

251 630 559 703 Πνεῦματος.

1261 406 1803 470 BlBLIOTﬂECA.
1848 440 1924 454 —
1966 409 2140 469 COD.
2185 409 2581 471 CGXXXVII.

3468 424 3625 485 1162

1852 538 2078 597 πολλῶν
2130 542 2231 618 γὰρ
2302 548 2518 619 μοιχῶν
2588 546 2749 601 τέκνα
2808 544 3000 622 πλήρη
3076 546 3320 627 ἒγένοιτο
3360 556 3405 592 ⁵⁵
3464 556 3622 631 ἃγίου

305 722 413 778 Ὅτι
467 719 662 795 ἀπορεῖ
716 717 921 797 λέγων,
980 719 1046 776 Εἴ
1097 722 1243 795 ποιρά
1311 724 1443 777 Θεοῦ
1510 718 1752 777 δίδονται
1811 724 1865 777 αἱ

2054 726 2254 796 Neque
2284 727 2355 781 de
2385 726 2673 798 spirituali
2722 731 2779 784 et
2821 728 3015 785 divina
3055 732 3409 802 perfectione
3444 744 3629 809 potest

246 808 396 884 ψυχαὶ
426 807 555 864 ἀλλ’
599 809 665 863 οὐ
698 809 845 883 παρᾶ
874 813 971 865 τοῦ
1018 808 1221 883 πατρός
1251 812 1298 847 ⁵⁸
1343 815 1462 873 τοῖς
1501 812 1866 883 τικτομένοις,

246 904 345 959 πῶς
382 895 571 953 δίδωσι
611 899 700 953 καὶ
730 904 847 960 τοῖς
886 898 944 954 ἐκ
979 901 1235 975 μοιχείας
1263 900 1645 973 τικτομένοις;
1691 900 1735 954 εἷ
1765 901 1868 976 γὰρ

248 985 438 1058 δίδωσι,
491 992 758 1063 συνεργεῖν
804 987 865 1042 ἂν
913 984 1111 1061 δόξειεν
1142 990 1187 1025 ⁵⁷
1234 993 1349 1049 τοῖς
1397 987 1819 1063 μοιχευομένοις
1850 1007 1863 1021 ⁸

245 1077 401 1153 εἰγαρ
437 1079 513 1150 μή
564 1072 733 1132 ἔδωκε
771 1077 871 1146 τὴν
903 1078 1107 1154 ψυχὴν,
1155 1078 1254 1133 οὐκ
1298 1078 1357 1134 ἂν
1406 1075 1700 1135 ἐτίκτοντο.
1745 1077 1867 1133 Δύει

244 1165 294 1223 δὲ
342 1167 435 1235 τήν
495 1166 721 1241 ἀπορίαν
780 1164 869 1222 διὰ
934 1165 1206 1225 πλειόνων
1262 1169 1352 1223 καὶ
1430 1172 1610 1246 σαφῶν
1691 1188 1869 1242 παρα-

242 1256 561 1333 δειγμάτων.

301 1439 420 1512 ηΟτι
449 1437 516 1493 τὰ
545 1435 595 1492 ἐν
626 1441 693 1511 τῇ
734 1434 939 1493 Γενέσει
971 1438 1014 1473 ⁵³
1052 1438 1343 1515 φερόμενα,
1376 1437 1489 1490 οἷον
1545 1436 1604 1490 τό
1639 1456 1651 1468 ⁸
1703 1438 1871 1493 Τοῦτο

235 1525 319 1583 οὖν
362 1527 553 1582 ὀστοῦν
620 1525 681 1582 ἐκ
727 1531 835 1582 τῶν
890 1525 1064 1582 ὀστῶν
1130 1547 1257 1600 μου,
1316 1526 1406 1581 καὶ
1465 1526 1593 1600 σὰρξ
1651 1525 1711 1581 ἔκ
1763 1530 1871 1582 τῶν

235 1622 435 1689 σαρκῶν
496 1638 600 1691 μου
643 1637 655 1649 ⁸
712 1617 846 1689 αὕτη
898 1615 1231 1688 κληθήσεται
1288 1618 1452 1694 γυνή,
1511 1616 1594 1671 ὅτι
1660 1614 1720 1672 ἐκ
1774 1620 1870 1672 τοῦ

235 1704 418 1780 ἀνδρὸς
475 1706 642 1777 αὐτῆς
708 1704 923 1784 ἐλήφθη
958 1724 972 1736 ⁸
1031 1703 1205 1761 ἕνεκεν
1281 1706 1477 1761 τούτου
1552 1706 1869 1780 καταλείψει

233 1796 511 1869 ἄνθρωπος
566 1796 659 1849 τὸν
713 1792 916 1868 πατέρα
961 1793 1126 1849 αὐτοῦ
1181 1793 1268 1849 καὶ
1330 1795 1427 1862 τὴν
1493 1793 1722 1869 μητέρα,
1778 1795 1870 1851 καὶ

231 1882 776 1961 προσκολληθήσεται
835 1888 904 1958 τῇ
963 1885 1175 1961 γυναικὶ
1242 1881 1427 1953 αὺτοῦ,
1493 1883 1583 1938 καὶ
1659 1882 1867 1940 ἔσονται

233 1975 286 2030 οἱ
315 1972 407 2029 δύο
435 1972 513 2036 εἷς
546 1974 715 2047 σάρκα
756 1972 901 2047 μίαν,
935 1978 1102 2028 ταῦτα
1150 1972 1239 2028 οὖν
1277 1972 1338 2028 οὐ
1369 1972 1504 2028 κατὰ
1549 1973 1611 2027 τὸ
1641 1974 1870 2048 γράμμα

1978 811 2274 884 explicari,
2308 813 2631 870 multorum
2680 816 2836 871 enim
2889 817 3288 876 adulterorum
3326 822 3431 879 ﬁlii
3471 824 3622 895 pleni

1980 900 2216 957 fuerunt
2245 901 2460 973 Spiritu
2492 908 2713 961 sancto.
2758 905 3001 962 Dubitat
3042 907 3255 964 etiam:
3288 910 3369 979 Si,
3410 913 3622 984 inquit,

1982 989 2188 1045 anima:
2219 1007 2251 1045 a
2281 990 2419 1061 Deo,
2451 995 2506 1047 et
2538 1009 2651 1048 non
2700 1010 2732 1048 a
2764 1001 2922 1064 patre
2973 996 3274 1070 [naturali]
3317 1000 3627 1058 nascituris

1981 1080 2216 1148 dantur,
2249 1081 2534 1152 quomodo
2558 1083 2655 1137 dat
2675 1084 2846 1139 etiam
2871 1100 2938 1139 ex
2959 1085 3240 1144 adulterio
3263 1092 3629 1159 procreatis?

1980 1170 2207 1225 videtur
2236 1172 2390 1227 enim
2415 1171 2695 1228 adulteris
2724 1175 3041 1246 cooperari.
3064 1177 3122 1231 Si
3144 1178 3301 1249 enim
3336 1197 3452 1236 non
3473 1196 3628 1239 crea-

1982 1267 2062 1313 ret
2109 1260 2385 1329 animam,
2438 1278 2554 1317 non
2603 1268 3001 1319 nascerentur.
3038 1265 3215 1322 Solvit
3241 1270 3626 1339 quaestionem

1984 1348 2181 1404 multis
2213 1354 2269 1403 et
2295 1350 2618 1422 perspicuis
2649 1351 2948 1424 exemplis.

2053 1438 2155 1494 Illa
2196 1455 2265 1494 ex
2296 1438 2503 1495 Genesi
2549 1440 2794 1511 prolata,
2842 1443 3012 1514 quale
3055 1449 3176 1501 est:
3224 1449 3334 1502 Hoc
3383 1464 3532 1504 nunc
3573 1466 3629 1506 os

1976 1546 2046 1586 ex
2073 1530 2281 1586 ossibus
2310 1529 2468 1598 meis,
2500 1537 2552 1586 et
2579 1546 2713 1588 caro
2756 1547 2827 1589 ea:
2855 1549 3030 1589 carne
3066 1551 3194 1591 mea
3219 1553 3240 1599 ;
3280 1539 3393 1593 haec
3420 1540 3630 1595 vocabi-

1982 1624 2073 1674 tur
2103 1618 2294 1689 virago
2325 1619 2600 1692 [mulier],
2626 1624 2895 1693 quoniam
2924 1623 2992 1678 de
3023 1625 3137 1680 viro
3162 1641 3260 1682 suo
3286 1636 3507 1698 sumpta
3527 1632 3625 1683 est.

1979 1711 2345 1779 Quamobrem
2377 1708 2649 1781 relinquet
2688 1712 2844 1767 homo
2873 1721 3089 1783 patrem
3117 1732 3276 1769 suum
3309 1727 3360 1772 et
3398 1724 3629 1774 matrem

1979 1814 2158 1866 suam,
2190 1804 2241 1851 et
2280 1796 2577 1852 adhaerebit
2628 1799 2810 1855 δι)δὸ
2841 1804 3011 1857 uxori
3049 1819 3184 1871 sua’,
3232 1808 3284 1861 et
3330 1812 3494 1862 erunt
3523 1807 3630 1863 duo

1982 1887 2039 1941 in
2071 1903 2245 1941 carne
2275 1902 2389 1941 una
2414 1899 2458 1925 η·
2493 1889 2624 1943 Haec
2673 1895 2847 1961 negat
2893 1895 3217 1949 secundum
3251 1894 3504 1951 litteram
3536 1913 3629 1952 ex-

1981 1973 2269 2046 plicanda,
2291 1976 2389 2031 sed
2424 1977 2802 2048 spiritualiter
2831 1980 2899 2034 de
2929 1979 3158 2037 Christo
3187 1987 3245 2038 et
3273 1983 3401 2053 ejus
3431 1984 3627 2047 Eccle:

232 2064 361 2144 φησῖ
410 2061 519 2119 δεῖν
551 2066 595 2100 ⁵³
646 2064 809 2137 μόνον
855 2065 1111 2129 νοεῖσθαι,
1163 2063 1308 2119 ἀλλὰ
1354 2065 1442 2117 καὶ
1495 2068 1870 2135 πνευματικῶς

1989 2063 2080 2120 sia.
2116 2063 2323 2120 Divum
2357 2082 2588 2138 quoque
2619 2067 2867 2123 Paulum
2890 2069 2993 2137 ait,
3028 2075 3157 2140 post
3186 2072 3476 2128 dictorum
3510 2090 3627 2128 vcr-

229 2155 307 2217 εἱς
352 2153 578 2229 Χριστὸν
624 2151 713 2206 καὶ
763 2151 837 2213 εἰς
882 2153 981 2221 τήν
1014 2150 1360 2215 Ἐκκλησίαν.
1416 2152 1515 2207 Καί
1563 2173 1725 2229 φησιν
1787 2151 1869 2206 ὅτι

225 2242 316 2297 καὶ
370 2244 398 2297 ὁ
446 2243 587 2304 θεῖος
648 2238 867 2305 Παῦλος
925 2242 1060 2315 μετὰ
1105 2243 1204 2311 τήν
1265 2245 1370 2297 τῶν
1422 2242 1604 2316 ῥητῶν
1662 2240 1870 2297 τούτων

223 2331 425 2388 ἔκθεσιν
480 2328 630 2407 λέγει
674 2349 687 2363 ⁸
746 2330 816 2386 Τὸ
880 2333 1179 2407 μυστήριον
1221 2332 1269 2369 ⁸ο
1331 2335 1493 2386 τοῦτο
1556 2331 1697 2406 μέγα
1754 2332 1867 2388 ἐστι

222 2420 372 2495 λέγω
422 2419 469 2476 δ’
515 2420 619 2495 ἐγὼ
678 2423 753 2482 εἰς
794 2420 1022 2495 Χριστὸν
1079 2422 1169 2476 καὶ
1224 2422 1299 2485 εἰς
1356 2423 1454 2489 τήν
1517 2420 1863 2492 Ἐκκλησίαν.

220 2508 398 2566 Ἀλλὰ
436 2508 522 2564 καὶ
554 2510 641 2577 τὸ,
692 2507 988 2578 Αὖξοὶνεσθε
1018 2509 1063 2545 ⁶¹
1113 2508 1202 2563 καὶ
1243 2507 1611 2579 πληθύνεσθε,
1642 2509 1740 2564 οὐκ
1777 2509 1866 2566 ἐπὶ

221 2604 332 2657 τῶν
392 2599 451 2654 ἐκ
518 2601 828 2674 σπέρματος
876 2598 965 2654 καὶ
1023 2599 1219 2673 μίξεως
1275 2598 1615 2673 γεννωμένων
1670 2600 1868 2675 ἀνθρώ-

220 2712 339 2746 πων
376 2690 465 2744 καὶ
508 2689 703 2750 σιτίοις
752 2688 1121 2761 αὒξανομένων
1174 2689 1338 2767 φησὶν
1388 2689 1633 2762 εἰρῆσθαι
1678 2689 1864 2762 μόνον,

220 2779 369 2835 ἀλλᾶ
398 2777 489 2833 καὶ
518 2780 566 2815 ⁸2
612 2778 735 2853 περὶ
782 2782 889 2833 τῶν
939 2779 1076 2833 κατὰ
1125 2782 1346 2850 Πνεῦμα
1373 2778 1419 2815 ⁸³
1467 2777 1864 2851 τελειουμένων

220 2870 311 2923 καὶ
358 2866 731 2942 γεννωμένων,
796 2868 975 2929 καθὼς
1037 2867 1125 2922 καὶ
1210 2865 1427 2930 Παῦλος
1516 2868 1641 2941 βοᾷ,
1708 2867 1869 2922 τέκνα

217 2957 406 3014 καλῶν
436 2958 483 2995 ⁶⁴
509 2956 637 3020 τοὺς
675 2955 817 3011 οὕτω
866 2954 935 3011 δι’
983 2955 1146 3011 αὐτοῦ
1187 2955 1535 3031 γεννηθέντας
1569 2996 1581 3010 .
1625 2957 1791 3011 Τέκνα
1821 2958 1868 2992 ⁸⁸

1980 2153 2180 2209 borum
2200 2155 2617 2224 expositionem
2639 2155 2855 2211 dicere:
2878 2161 2993 2212 Hoc
3010 2162 3337 2231 mysterium
3359 2178 3627 2233 magnum

1973 2246 2070 2312 est,
2116 2243 2235 2298 dico
2282 2253 2470 2299 autem
2506 2260 2623 2313 ego,
2667 2246 2726 2299 in
2770 2245 2981 2301 Christo
3028 2255 3079 2302 et
3126 2249 3366 2305 Ecclesia
3395 2265 3434 2293 ο·
3475 2251 3624 2315 Quin

1970 2337 2027 2387 et
2059 2332 2199 2388 hoc:
2245 2332 2480 2389 Crescite
2523 2342 2574 2389 et
2613 2334 3064 2405 multiplicamini
3093 2351 3130 2392 Ρ·
3173 2355 3287 2394 non
3322 2340 3391 2394 de
3433 2340 3625 2395 homi-

1974 2422 2146 2478 nibus
2162 2438 2229 2477 ex
2241 2422 2483 2477 seminis
2497 2424 2900 2479 commistione
2921 2427 3257 2496 procreatis,
3271 2432 3327 2484 et
3343 2428 3619 2484 alimento

1972 2510 2366 2567 crescentibus
2428 2511 2619 2567 solum
2660 2528 2789 2568 esse
2827 2513 3072 2580 dictum,
3114 2516 3215 2569 sed
3259 2517 3327 2569 de
3368 2517 3519 2572 natis
3563 2520 3621 2571 et

1974 2602 2240 2673 perfectis
2255 2602 2868 2673 secundumSpiritum
2886 2605 3276 2675 quemadmod
3290 2624 3320 2660 u
3333 2623 3384 2660 m
3403 2606 3619 2662 Paulus

1972 2690 2221 2745 clamat:
2264 2707 2395 2745 cum
2433 2690 2583 2746 ﬁlios
2616 2692 2864 2763 appellat
2896 2693 3026 2748 illos
3061 2710 3208 2764 quos
3239 2695 3316 2749 ita
3343 2696 3466 2766 [pcr
3496 2696 3621 2765 spi—

1974 2779 2175 2851 ritum]
2198 2784 2508 2849 genuerat:
2551 2781 2760 2846 Filivli,
2798 2781 3010 2854 inquit,
3046 2799 3176 2855 quos
3203 2787 3401 2839 iterum
3430 2788 3622 2854 partu-

1972 2870 2078 2933 rio,
2109 2870 2281 2924 donec
2315 2868 2559 2924 Christus
2600 2868 2659 2923 in
2711 2869 2859 2925 vobis
2896 2871 3172 2943 formetur
3197 2884 3242 2926 τις
3286 2877 3343 2929 et
3374 2871 3617 2929 iterum:

1973 2959 2035 3014 In
2066 2957 2278 3013 Christo
2303 2959 2428 3013 Jesu
2457 2959 2608 3012 enim
2631 2973 2730 3024 per
2752 2960 3108 3031 Evangelium
3127 2976 3225 3030 ego
3255 2978 3344 3016 vos
3374 2963 3543 3030 genui
3583 2976 3621 3006 r-

213 3048 339 3124 γὰρ,
393 3046 581 3123 φησὶν,
633 3046 727 3107 οὓς
773 3044 938 3101 πάλιν
988 3044 1189 3112 ὠδίνω,
1230 3042 1333 3107 ἓως
1385 3044 1447 3099 οὗ
1494 3045 1726 3121 Χριστὸς
1775 3044 1825 3099 ἐν
1877 3046 2003 3118 ὑμῖν
2054 3043 2322 3124 μορφωθῇ
2353 3062 2367 3075 ⁸
2417 3045 2509 3099 καὶ
2559 3045 2749 3113 πάλιν,
2799 3046 2884 3101 Ἐν
2933 3048 3036 3123 γὰρ
3067 3050 3111 3084 ⁸⁸
3168 3051 3388 3122 Χριστῷ
3437 3049 3621 3119 Ἰησοῦ

215 3136 305 3192 διὰ
337 3140 436 3191 τοῦ
470 3133 805 3211 Εὐαγγελίου
845 3133 954 3208 ἐγὼ
987 3134 1125 3206 ὑμᾶς
1159 3133 1432 3209 ἐγέννησα.

282 3228 411 3283 ’Ὁτι
458 3225 520 3279 τὸ
567 3224 613 3259 ⁸⁷
660 3221 713 3278 ἐν
741 3225 785 3259 ⁸⁸
832 3228 949 3284 τοῖς
1008 3221 1363 3299 Εὗαγγελίοις
1418 3222 1706 3297 εἰρημένον
1761 3244 1862 3278 πα·

212 3312 554 3392 ραϐολικῶς,
607 3314 704 3377 Τίς
736 3315 783 3351 ⁸9
830 3312 971 3368 ἐστιν
1023 3312 1076 3383 ἐξ
1129 3314 1280 3386 ὑμῶν
1328 3312 1613 3388 ἄνθρωπος
1662 3314 1720 3377 ὃς
1753 3311 1869 3392 ἔχει

214 3406 409 3463 ἑκατὸν
465 3398 712 3480 πρόϐατα
766 3403 857 3459 καὶ
934 3402 1215 3458 ἀπώλεσεν
1272 3402 1325 3458 ’ἐν
1404 3403 1452 3474 ἐξ
1513 3402 1714 3471 αὒτῶν,
1780 3405 1871 3459 καὶ

211 3498 362 3566 ἑξῆς,
414 3495 730 3564 ἐνενήκοντα
777 3490 920 3547 ἐννέα
990 3492 1084 3564 μὲν
1134 3487 1381 3566 πρόϐατα
1434 3494 1531 3555 τὰς
1591 3492 1872 3567 οὐρανίους

215 3583 475 3657 δυνάμεις
509 3583 673 3661 φησὶν
724 3579 1036 3657 ἐκδέχεσθαι
1072 3583 1207 3656 χρὴ,
1248 3581 1302 3636 ἓν
1356 3578 1414 3635 δὲ
1462 3582 1525 3636 τὸ
1576 3581 1871 3644 ἀπολωλὸς

224 3677 319 3731 τὸν
374 3676 657 3747 ἄνθρωπον
702 3669 869 3747 ἤγουν
917 3672 1017 3740 τὴν
1066 3671 1402 3746 ἀνθρωπείαν
1450 3672 1629 3747 φύσιν,
1690 3668 1759 3725 δι’
1816 3674 1875 3741 ἦν

226 3764 324 3820 καὶ
371 3760 800 3829 κατεληλυθέναι
827 3760 921 3815 τὸν
961 3759 1134 3836 Λόγον
1170 3763 1266 3815 τοῦ
1308 3760 1517 3835 Ματρὸς
1550 3760 1607 3815 ἐκ
1644 3764 1749 3815 τῶν
1781 3760 1874 3814 οὗ·

218 3858 423 3928 ρανῶν.

290 3944 423 4001 ’Ότι
461 3941 547 4010 τὸ,
615 3940 735 3996 Ἐπὶ
768 3943 815 3977 ⁷ο
870 3943 1132 4012 ποταμῶν
1192 3934 1540 4009 Βαϐυλῶνος,
1608 3938 1697 3993 καὶ
1756 3939 1878 4007 ἑξῆς

212 4035 271 4087 αἱ
336 4033 537 4107 ψυχαὶ,
595 4032 751 4110 φησί,
810 4028 1081 4106 λέγουσιν.
1132 4036 1384 4085 ’Έστενον
1443 4030 1546 4103 γὰρ
1599 4024 1802 4103 ὄργανα
1833 4030 1876 4065 τί

209 4119 489 4177 καλοῦσαι
533 4122 600 4174 τὰ
659 4119 992 4192 σκηνώματα
1048 4119 1275 4187 ἒαυτῶν,
1325 4119 1359 4173 ’ὰ
1417 4115 1715 4193 ἐκρέμασαν
1773 4118 1878 4173 ἀπὸ

208 4215 327 4265 τῶν
384 4209 700 4282 πεισμάτων
757 4216 858 4278 τῆς
935 4207 1151 4283 ἁγνείας
1210 4207 1466 4283 ἐξάψασαι
1535 4212 1632 4263 τοῦ
1688 4207 1880 4278 ξύλου,

203 4297 304 4354 ’ίνα
366 4299 442 4371 μή
487 4295 789 4368 δυνηθῶσιν
838 4297 1247 4372 ἐξαρπασθεῖσαι
1296 4296 1461 4353 πάλιν
1503 4304 1880 4371 παρασυρῆναι

208 4394 297 4460 τῷ
342 4388 573 4463 ῥεύματι
621 4389 718 4455 τῆς
762 4385 1043 4462 ἀκρασίας.
1098 4381 1358 4441 Βαϐυλὼν
1397 4387 1519 4462 γὰρ,
1560 4386 1802 4463 τάραχος
1845 4388 1879 4458 ἢ

209 4478 490 4553 σύγχυσις
540 4474 1074 4552 ὲρμηνευομένη,τὸν
1135 4475 1455 4550 περίρρυτον
1488 4477 1608 4549 βίον
1649 4473 1880 4531 δείκνυσι

2047 3224 2196 3280 Illud
2229 3226 2400 3280 etiam
2436 3224 2496 3279 in
2529 3224 2837 3295 Evangelia
2869 3243 2970 3295 per
2991 3226 3325 3297 parabolam
3358 3225 3619 3282 dictum:

1980 3315 2113 3383 Quis
2157 3319 2235 3371 est
2282 3331 2355 3369 ex
2392 3315 2539 3370 vobis
2583 3315 2760 3385 homo,
2806 3316 2907 3387 qui
2949 3315 3107 3370 habet
3145 3319 3364 3371 centum
3395 3329 3541 3382 oves,
3573 3322 3628 3370 et

1981 3421 2152 3459 unam
2200 3403 2433 3475 perdidit
2477 3420 2547 3460 ex
2595 3403 2713 3459 illis
2744 3417 2779 3454 ιι
2823 3409 2879 3460 et
2937 3422 3059 3477 quae
3109 3414 3470 3477 sequuntur:
3524 3406 3629 3459 Per

1986 3494 2301 3566 nonaginta
2340 3510 2545 3549 novem
2589 3510 2722 3549 oves
2763 3493 3153 3565 intelligenda
3192 3499 3332 3549 sunt
3364 3492 3628 3549 ccelestes

1985 3588 2300 3654 potestates
2324 3583 2442 3638 sive
2465 3582 2653 3654 angeli
2677 3600 2690 3648 ;
2722 3599 2831 3637 una
2854 3589 3049 3637 autem
3085 3583 3311 3653 perdita
3335 3582 3627 3637 hominem

1984 3672 2298 3743 signiﬁcat,
2348 3672 2469 3727 sive
2509 3675 2779 3726 naturam
2815 3671 3151 3739 humanam,
3186 3675 3421 3742 propter
3452 3685 3627 3741 quam

1985 3761 2067 3816 ait
2095 3759 2347 3817 Verbum
2380 3759 2568 3815 Patris
2598 3775 2627 3815 e
2659 3758 2801 3814 cmlo
2833 3759 3217 3814 descendisse.

2059 3937 2243 3993 Illud:
2301 3938 2479 4007 Super
2514 3935 2752 4007 ﬂumina
2788 3935 3082 4007 Babylonis
3114 3943 3145 3987 ιν
3196 3940 3329 4003 etc.,
3381 3935 3453 3990 ab
3504 3936 3631 3990 ani-

1990 4030 2199 4084 mabus
2232 4028 2453 4083 dictum
2499 4027 2823 4084 existimat:
2857 4044 3072 4100 organa
3112 4028 3265 4084 enim
3299 4025 3631 4082 habitacula

1989 4134 2100 4173 sua
2119 4116 2437 4189 appellant,
2467 4132 2591 4187 quae
2610 4117 3048 4188 suspenderunt
3077 4135 3110 4171 a
3143 4116 3380 4172 funibus
3402 4115 3630 4171 castita-

1991 4207 2086 4275 tis,
2111 4214 2171 4261 ut
2192 4205 2488 4277 laquearia
2512 4210 2839 4278 tangerent,
2882 4223 2953 4263 ne
2985 4223 3219 4262 rursum
3253 4206 3519 4261 detractae
3553 4203 3635 4259 in-

1991 4294 2388 4368 temperantiae
2418 4294 2549 4351 lacu
2573 4292 2990 4352 volutarentur.
3016 4295 3271 4368 Babylon
3294 4301 3483 4349 autem
3506 4308 3633 4364 per-

1990 4386 2227 4442 turbatio
2275 4390 2376 4442 aut
2412 4386 2661 4455 confusio
2696 4385 3038 4459 explicatur,
3079 4390 3136 4441 et
3173 4384 3347 4439 vitam
3396 4382 3544 4438 hanc
3573 4383 3631 4439 in

1995 4475 2311 4532 ﬂuentibus
2343 4474 2516 4530 sitam
2550 4476 2821 4542 ostendit,
2857 4475 2914 4531 in
2945 4476 3116 4546 cujus
3148 4474 3340 4529 medio
3369 4473 3635 4529 sedentes

207 4570 445 4635 τοῦτον,
480 4566 543 4621 οῦ
575 4572 626 4621 ἐν
685 4565 833 4639 μέσῳ
886 4564 1227 4627 καθεσθέντες
1281 4565 1717 4640 περικλξὸὗμεθα
1765 4570 1872 4621 τῶν

1989 4565 2318 4638 iniquitatis
2350 4565 2697 4621 ﬂuminibus
2721 4565 3080 4620 irruentibus
3101 4563 3353 4620 conclusi
3384 4562 3637 4617 inunda-

208 4661 493 4728 ποταμῶν
540 4663 642 4725 τῆς
692 4655 881 4717 κακίας
940 4654 1325 4731 ἐφορμώντων.
1360 4655 1451 4709 Διὸ
1509 4654 1598 4709 καὶ
1659 4656 1877 4730 βοῶμεν

209 4745 370 4819 μετά
407 4743 692 4816 κλαυθμοῦ
733 4745 868 4817 πρὸς
901 4744 993 4798 τὸν
1026 4744 1180 4809 Θεὸν,
1216 4741 1308 4798 ’ίνα
1359 4746 1433 4816 μὴ
1467 4742 1880 4815 κατολισθησω-

204 4856 305 4890 σιν
342 4835 508 4905 ἡμῶν
550 4831 977 4909 ἀποῤῥηχθέντα
1014 4838 1130 4893 τοῖς
1165 4832 1370 4906 δώμασι
1400 4840 1499 4902 τῆς
1540 4832 1745 4903 ἡδονῆς
1776 4834 1882 4890 ἀπὸ

201 4927 322 4980 τοῦ
366 4926 538 5000 φυτοῦ
567 4929 666 4992 τῆς
705 4923 916 4996 ἁγνείας
954 4922 1021 4977 τὰ
1059 4918 1283 4999 ὄργανα.
1330 4923 1417 4978 Ἐν
1456 4922 1611 4996 τύπῳ
1647 4923 1747 4997 γὰρ
1786 4929 1885 4992 τῆς

201 5009 522 5087 παρθενίας
578 5012 678 5081 τὴν
719 5009 859 5065 ἰτέαν
910 5016 1194 5087 πανταχοῦ
1250 5007 1771 5087 παραλαμϐάνουσιν
1831 5012 1884 5066 αἱ

205 5102 465 5177 Ι¹ραφαὶ,
504 5098 798 5175 ἐπειδήπερ
836 5101 900 5157 τὸ
940 5099 1100 5164 ἄνθος
1141 5102 1318 5157 αὐτῶν
1359 5102 1434 5167 εἷς
1475 5100 1623 5177 ὕδωρ
1662 5103 1884 5176 ἀποτρι-

290 5245 319 5272 ιι
357 5231 506 5289 Gen.
556 5249 620 5302 ιι,
665 5232 759 5299 23,
803 5231 892 5287 24.

972 5244 997 5272 ο
1028 5231 1239 5304 Ephes.
1286 5249 1339 5301 v,
1390 5233 1476 5287 32.

192 5315 215 5351 ι
276 5304 451 5365 Psal.
484 5319 712 5373 cxxxvn,
748 5307 798 5359 1.

1556 5246 1581 5287 P
1612 5233 1755 5288 Gen.
1806 5248 1846 5297 ι,
1894 5231 1982 5285 28.

1993 4672 2139 4711 mur.
2176 4655 2361 4719 Quare
2392 4670 2526 4710 cum
2568 4654 2838 4727 lacrymis
2870 4658 2926 4710 et
2956 4653 3172 4725 gemitu
3207 4651 3531 4707 clamamus
3562 4650 3635 4705 ad

1992 4747 2198 4811 Deum,
2230 4761 2299 4799 ne
2331 4761 2552 4816 organa
2585 4754 2783 4799 nostra
2812 4763 2844 4799 a
2876 4744 3056 4814 stirpe
3085 4741 3373 4797 castitatis
3406 4756 3506 4811 per
3536 4739 3639 4794 ﬂu-

1992 4839 2119 4889 ctus
2149 4834 2513 4904 voluptatum
2548 4833 2749 4888 avulsa
2781 4838 3041 4905 pereant.
3078 4831 3182 4887 Per
3212 4831 3449 4886 salicem
3484 4829 3639 4881 enim

1993 4924 2306 4994 Scriptura:
2340 4924 2557 4994 ubique
2589 4922 2942 4978 adumbrant
2980 4921 3225 4991 ﬁguram
3256 4916 3638 4988 virginitatis.

1994 5013 2142 5077 Quia
2191 5010 2295 5067 flos
2354 5011 2597 5068 salicum
2638 5011 2687 5067 si
2732 5011 2791 5065 in
2842 5027 2994 5082 aqua
3036 5010 3305 5064 decoctus
3349 5012 3640 5070 sumatur,

1999 5101 2279 5173 quidquid
2304 5101 2370 5156 ad
2397 5100 2608 5156 coitum
2637 5101 2848 5158 excitat
2867 5106 2924 5156 et
2947 5099 3274 5163 libidinem,
3302 5095 3641 5167 exstinguit,

2059 5245 2084 5287 ιι
2115 5229 2303 5286 Galat.
2349 5244 2425 5293 ιν,
2472 5230 2555 5283 t9.
2634 5228 2708 5283 rI
2758 5229 2886 5283 Cor.
2939 5244 3011 5295 iv,
3054 5226 3140 5283 15.
3219 5237 3237 5265 ³
3270 5227 3397 5283 Luc.
3449 5241 3541 5294 xv,
3586 5223 3640 5281 4.

1601 5410 1838 5467 νΑΒῙΑΞ
1874 5408 2288 5466 LECTIONES.

292 5529 348 5566 ⁸⁵
377 5521 591 5637 ἐγένετο
802 5526 850 5561 ⁵⁵
876 5524 1108 5600 πατρὸς]
1146 5525 1454 5598 πνεύματος
1485 5528 1595 5583 ΑΒ.

442 5602 459 5637 1
489 5596 609 5637 ηιξζι
660 5614 753 5637 -nn
815 5616 828 5637 ι
881 5599 952 5637 9R
1048 5599 1097 5634 η
1123 5597 1208 5637 νη)
1244 5616 1335 5637 nm
1429 5605 1504 5637 AR

200 5606 333 5672 32.,
411 5596 461 5672 δέ
489 5596 609 5672 ubi]
638 5596 778 5672 Gen.
814 5616 855 5665 I,
881 5596 999 5654 28.⁷
1048 5596 1361 5672 “xulem.
1420 5605 1527 5655 AB.
1621 5598 1670 5633 ⁸³

198 5675 263 5711 eo
314 5671 378 5747 ἐν
411 5670 539 5747 γὰρ]
574 5668 607 5727 1'
627 5668 753 5747 por,
788 5671 986 5747 13,15.
1034 5738 1047 5747 _
1110 5668 1155 5704 ⁸⁷
1185 5668 1248 5747 τὸ
1272 5687 1404 5747 _om.
1436 5689 1523 5747 pr.
1558 5674 1621 5726 A.

200 5747 263 5785 ’³⁸
311 5738 537 5820 5973mm
556 5738 825 5796 καλοῦσαι
852 5745 941 5799 AB
977 5758 991 5798 :
1022 5738 1392 5796 ἀνακαλοῦσαι
1425 5741 1507 5815 ς.

564 5840 845 5907 ΡΑτιοι..
893 5842 1001 5906 Gn.
1047 5840 1198 5905 CIII.

1691 5526 1735 5562 ⁸⁷
1767 5521 1894 5598 δόξῃ
1929 5522 2009 5598 ς.

1707 5596 1992 5671 mappam
2032 5596 2114 5667 ς’.

1725 5670 1771 5706 6⁸
1805 5669 1860 5722 ἐν
1890 5686 2008 5726 om.
2048 5673 2123 5724 A.

2107 5522 2155 5559 ⁸
2584 5518 2859 5649 sese

2280 5594 2469 5649 καλῶν
2500 5600 2541 5649 Δ
2584 5611 2597 5650 :
2631 5594 2895 5669 λέγωνς.

2255 5666 2303 5701 δυ
2333 5665 2437 5740 τίς]
2472 5668 2605 5723 Luc.
2638 5683 2728 5735 xv,
2764 5668 2816 5723 4.

2954 5522 3005 5595 “ﬁ
3026 5522 3090 5577 τὸ
3118 5521 3309 5595 μυσὶ]
3347 5520 3643 5595 Ephesust.

2988 5594 3035 5667 ἥδ
3070 5591 3246 5667 τέκνα]
3286 5591 3412 5650 Gai:
3449 5610 3524 5657 ιν,
3558 5591 3646 5667 is.

2918 5667 2963 5703 ⁷ο
3000 5664 3112 5741 ἐπὶ]
3154 5664 3303 5725 Psal.
3338 5680 3557 5733 cxxxvr,
3599 5664 3646 5716 l.

3253 5838 3330 5896 3'7
