4138 6224
500 307 652 369 1163

1695 305 1964 366 PHOTII
2011 303 2536 365 PATRIARCH/E
2578 306 2698 366 ΟΡ.

3750 304 3903 364 HG!

494 444 682 503 donec
701 442 1013 516 genitalem
1035 446 1352 498 sementem
1375 440 1602 512 penitus
1623 439 1883 495 sterilem
1901 440 2131 496 reddat.

2253 433 2336 491 ϐὲν
2369 436 2428 490 ἃν
2461 440 2630 510 ποθῇ,
2663 441 2764 490 πᾶν
2816 438 2939 492 ὅσον
2984 436 3060 500 είς
3111 437 3302 517 ὀχείας
3340 438 3525 506 άναζεῖ
3554 437 3601 473 ⁷³
3647 436 3741 490 καὶ
3785 434 3903 509 ξρε-

495 533 996 601 Quemadmodum
1026 535 1083 587 et
1114 531 1400 587 Homerus
1431 529 1770 599 declaravit,
1803 531 1899 601 qui
1931 529 2138 586 salices

493 627 796 696 propterea
826 621 1192 694 frugiperdas
1223 618 1568 676 nominavit.

569 887 714 944 illud
734 887 1020 945 Jeremias:
1048 887 1313 959 Sponsam
1343 885 1642 941 sollicitam
1673 901 1804 953 esse,
1827 902 1895 942 ne
1919 886 2138 942 oblivis-

489 984 649 1035 catur
684 977 998 1035 ornamenti
1015 977 1127 1044 sui,
1159 981 1210 1032 et
1241 979 1511 1048 virginem
1540 993 1610 1030 ne
1629 977 1919 1047 pectoralis
1947 978 2035 1031 sui
2067 991 2140 1016 υον

491 1069 644 1125 809
667 1081 733 1132 a;
761 1069 930 1124 docet
978 1083 1092 1122 non
1139 1066 1557 1121 committenda
1599 1081 1705 1120 nec
1737 1065 1984 1120 laxanda
2013 1081 2139 1121 esse

494 1155 796 1215 fraudibus
840 1158 1002 1213 frena
1032 1172 1135 1212 seu
1169 1155 1403 1212 vincula
1445 1156 1862 1226 temperantiae.
1897 1156 2004 1210 Per
2033 1172 2139 1228 pe—

489 1252 654 1304 ctora
681 1247 837 1303 enim
871 1263 1082 1303 sensus
1106 1246 1306 1316 animi,
1335 1261 1476 1301 sane
1498 1246 1861 1302 convenienti
1893 1245 2137 1311 ratione.

491 1342 548 1392 et
578 1352 741 1392 mene
783 1341 978 1393 nostra
1018 1333 1382 1406 intelligitur.
1419 1333 1713 1390 Pectorale
1750 1338 1966 1402 autem,
2001 1350 2134 1405 pro-

494 1428 748 1497 positum
780 1426 962 1484 animi
983 1427 1052 1482 ad
1086 1426 1414 1482 castitatem
1437 1424 1741 1497 colligens,
1768 1432 1853 1481 est
1883 1425 2136 1482 charitas

490 1518 548 1572 in
580 1517 902 1573 Christum.

563 1605 712 1664 Illud
731 1623 745 1662 :
763 1610 934 1663 Sume
947 1605 1090 1662 mihi
1109 1606 1341 1661 vitulam
1355 1606 1652 1674 triennem,
1667 1609 1718 1660 et
1731 1603 1955 1660 arietem
1974 1606 2140 1660 trien-

490 1712 636 1763 nem,
659 1705 710 1752 et
734 1700 1026 1763 turturem,
1051 1705 1101 1752 et
1119 1695 1429 1752 columbam
1447 1708 1472 1736 ι
1503 1694 1585 1750 ait
1607 1693 1939 1767 significare
1961 1693 2141 1765 [boc,]

2252 525 2481 599 θισμοὺς
2540 522 2950 596 ἀποσϐέννυσιν,
3007 524 3114 582 ἔστ’
3157 526 3215 581 ἂν
3268 527 3344 590 εἷς
3405 523 3574 601 ἄρδην
3644 527 3905 580 ἀποστειο

2250 617 2399 690 ρώσῃ
2441 616 2539 684 τήν
2594 615 2681 670 ἐπὶ
2735 613 3088 671 παιδοποιίαν
3137 616 3329 690 φεράν,
3389 616 3571 690 ὥσπερ
3615 613 3686 684 δὴ
3736 614 3832 669 καὶ
3880 615 3904 668 ὁ

2249 707 2503 780 ’Όμηρος
2535 708 2580 742 ⁷³
2626 705 2884 779 ἐμήνυσε,
2943 705 3030 761 διὰ
3084 711 3246 762 τοῦτο
3304 706 3537 768 καλέσας
3601 705 3904 779 ὠλεσικάρ·

2249 815 2386 856 πους
2423 796 2520 857 τὰς
2553 795 2720 856 ἰτέας.

2321 887 2444 958 [953
2485 887 2576 958 Ρι.]
2630 891 2749 942 Ὁτι
2795 885 2981 963 φησὶν,
3033 885 3258 959 Ἀμέλει
3304 887 3366 941 τὸ
3420 887 3495 958 μή
3546 885 3903 941 ἐπιλαθέσθαι

2249 971 2465 1049 νύμφην
2519 975 2610 1028 τὸν
2682 975 2890 1048 κόσμον
2958 972 3101 1048 μηδὲ
3158 976 3421 1049 παρθένον
3485 976 3584 1044 τήν
3646 972 3906 1043 στηθοδε-

2250 1060 2415 1133 σμίδα
2446 1065 2574 1136 [505
2597 1065 2710 1135 Η.],
2735 1061 3030 1139 λέγομενον
3064 1062 3117 1118 ἐν
3147 1063 3383 1139 Ἱερεμίᾳ
3413 1064 3478 1136 ⁷⁴,
3503 1065 3565 1118 τὸ
3601 1064 3681 1138 μὴ
3713 1062 3903 1118 ἒνδοῦ-

2246 1172 2331 1204 ναι
2361 1150 2450 1204 καὶ
2483 1149 2720 1224 χαλάσαι
2763 1152 2854 1206 τὸν
2889 1149 3086 1226 δεσμὸν
3119 1160 3218 1222 τῆς
3267 1153 3622 1228 σωφροσύνης
3669 1153 3901 1214 ἀπάταις

2249 1239 2428 1312 δηλοῖ.
2475 1247 2656 1314 Στήθη
2700 1244 2802 1320 γὰρ
2843 1245 2897 1298 αἱ
2937 1243 3144 1321 φρένεις
3187 1245 3355 1300 εἰκότι
3387 1243 3538 1319 λόγῳ
3582 1245 3673 1299 καὶ
3708 1245 3736 1299 ὁ
3778 1250 3903 1306 νοῦς

2247 1334 2406 1404 ἡμῶν
2442 1333 2571 1387 εἶναι
2603 1332 2880 1406 νομίζεται
2917 1353 2928 1366 ο
2971 1336 3006 1402 ἡ
3041 1331 3097 1388 δὲ
3136 1331 3518 1406 στηθοδεσμὶς,
3559 1336 3595 1403 ἡ
3637 1330 3904 1387 συνδοῦσα

2249 1423 2362 1490 ζωὴ
2395 1423 2441 1457 ⁷⁵
2487 1424 2588 1491 τὴν
2618 1422 2870 1497 πρόθεσιν
2910 1430 3010 1492 τῆς
3063 1427 3247 1498 ψυχῆς
3283 1424 3358 1486 εἷς
3398 1421 3635 1498 ἁγνείαν,
3671 1421 3818 1477 ἐστὶν
3871 1426 3901 1490 ἡ

2245 1511 2382 1585 πρὸς
2414 1511 2646 1587 Χριστὸν
2679 1511 2883 1588 ἀγάπη.

2323 1603 2446 1658 Ὅτι
2501 1601 2584 1671 τὸ,
2649 1596 2794 1655 Λάϐε
2824 1602 2870 1636 ’³⁸
2930 1622 3022 1674 μοι
3085 1598 3320 1675 δάμαλιν
3375 1602 3752 1676 τριετίζουσαν
3815 1603 3903 1654 καὶ

3137 1692 3291 1765 κριὸν
3391 1691 3730 1765 τριετίζοντα
3816 1692 3903 1745 καὶ

2252 1693 2382 1766 αἶγα
2493 1689 2866 1766 τριετίζουσαν
2947 1691 3036 1746 καὶ

493 1785 632 1842 αποι-
665 1785 808 1841 mihi
836 1785 963 1858 jugi
994 1788 1286 1855 expertem
1320 1783 1602 1852 animam,
1635 1783 1822 1838 instar
1849 1781 2066 1850 vitulus,
2090 1787 2138 1837 et

2253 1780 2489 1855 τρυγόνα
2570 1781 2660 1834 καὶ
2739 1781 3056 1854 περιστεράν
3130 1780 3476 1847 αἰνίττεσθαί,
3544 1801 3730 1858 φησιν,
3823 1781 3902 1834 ὅτι

491 1874 651 1931 omni
668 1873 888 1930 malitia
903 1879 1191 1931 carentem
1209 1891 1224 1941 ;
1239 1872 1602 1946 corpusitem
1618 1876 1671 1927 et
1685 1873 1968 1927 rationem
1987 1888 1999 1925 :
2015 1888 2143 1928 cor-

490 1981 601 2038 pus
614 1963 850 2036 quidem
863 1962 1042 2019 veluti
1056 1962 1462 2036 capram,quia
1477 1978 1575 2034 per
1588 1961 1736 2017 altas
1752 1976 1920 2031 rupes
1933 1966 1990 2016 et
2004 1978 2143 2032 prae-

489 2052 944 2124 cipitiaincedit;
963 2053 1246 2108 rationem
1259 2068 1392 2107 vero
1407 2051 1744 2119 utarietem,
1760 2066 1830 2106 ne
1843 2051 2141 2106 exsultans

490 2142 718 2200 excidat
749 2159 783 2199 a
803 2142 1060 2198 veritate.
1082 2141 1174 2196 Sic
1191 2141 1345 2196 enim
1370 2140 1745 2212 inculpabilis
1777 2140 1908 2207 eris,
1933 2156 2142 2210 quem-

491 2233 810 2289 admodum
869 2230 1183 2298 Abraham,
1236 2229 1287 2286 si
1332 2229 1476 2285 mibi
1522 2228 1780 2284 animam
1829 2234 1885 2286 et
1933 2245 2141 2285 sensus

400 2335 402 2342 '
489 2326 869 2393 mentemque
891 2319 1278 2386 consecraris,
1303 2335 1430 2390 quas
1455 2317 1701 2390 ﬁgurate
1724 2317 1865 2372 dicit
1894 2317 2136 2373 vitulam

489 2418 543 2467 et
592 2426 857 2482 capram,
905 2413 964 2465 et
1009 2408 1246 2465 arietem
1303 2407 1618 2478 triennem,
1652 2407 1822 2479 quasi
1853 2408 2138 2477 Optimam

487 2499 792 2556 Trinitatis
835 2498 1231 2572 cognitionem
1273 2496 1539 2554 tollentia
1577 2496 1712 2569 (92).
1753 2497 1919 2552 Forte
1959 2497 2138 2552 etiam

487 2599 546 2645 et
591 2589 845 2661 primam
897 2593 954 2644 et
985 2587 1257 2657 mediam,
1308 2592 1366 2643 et
1408 2586 1680 2642 ultimam
1729 2586 1862 2642 vita:
1909 2591 2136 2642 aetatem

487 2680 628 2751 {Deo
687 2678 1168 2750 consecrandam]
1225 2677 1544 2743 insinuant,
1607 2679 1672 2732 ut
1728 2675 1825 2746 qui
1883 2679 2138 2731 maxime

488 2768 624 2824 velit
675 2783 782 2824 nos
832 2771 889 2824 et
936 2783 1122 2823 annos
1170 2765 1454 2839 pueritiae,
1503 2770 1561 2822 et
1606 2764 1791 2821 virilis
1838 2765 2040 2833 aetatis,
2082 2769 2139 2820 et

488 2856 805 2914 senectutis
857 2856 980 2928 pari
1032 2856 1244 2928 pietate
1293 2855 1591 2911 traductos
1630 2853 1744 2909 sibi
1785 2854 2012 2910 offerre.
2048 2854 2132 2908 Ad

489 2962 664 3019 quem
698 2946 939 3001 modum
985 2947 1156 3001 etiam
1201 2945 1257 3000 in
1291 2943 1616 3016 Evangeliis
1660 2943 1941 2998 Dominus
1966 2943 2135 3000 nobis

485 3035 778 3108 praecipit:
815 3036 1166 3106 Quapropter
1203 3038 1255 3089 et
1299 3049 1390 3089 vos
1422 3035 1631 3089 similes
1665 3035 1792 3088 estis
1820 3033 2136 3088 hominibus

487 3127 587 3196 qui
615 3128 931 3195 exspectant
963 3125 1257 3178 Dominum
1311 3139 1473 3177 suum
1516 3122 1729 3193 quando
1768 3126 2073 3177 revertatur
2101 3137 2134 3176 a

484 3215 720 3284 nuptiis,
753 3221 813 3268 ut
842 3228 966 3267 cum
989 3211 1217 3271 venerit,
1251 3214 1303 3266 et
1328 3211 1655 3282 pulsaverit,
1679 3211 1966 3280 con/estim
1999 3227 2135 3281 ape-

485 3304 636 3356 riant
682 3303 766 3356 ei:
837 3302 986 3356 beati
1030 3300 1181 3366 estis,
1231 3302 1361 3371 quia
1416 3300 1588 3370 faciet
1633 3315 1720 3356 vos
1763 3301 2135 3366 discumbere,

485 3395 539 3446 et
567 3391 843 3445 transiens
889 3389 1234 3445 ministrabit
1281 3389 1450 3445 vobis.
1502 3390 1566 3444 Et
1604 3389 1655 3444 si
1691 3389 1750 3444 in
1790 3389 2045 3457 secunda,
2089 3394 2139 3447 et

488 3478 679 3546 tertia,
715 3479 860 3534 beati
889 3479 1022 3533 estis
1048 3491 1089 3530 y-

483 3565 622 3638 ἐστε,
725 3564 808 3621 ὅτι
893 3564 1172 3621 ἀνακλινεῖ
1225 3567 1273 3602 ⁸³

496 3653 754 3732 μακάριοί
790 3654 929 3711 έστε.

559 3747 934 3803 Considerate
977 3748 1134 3803 enim
1201 3747 1355 3818 quod
1399 3751 1516 3803 tres
1563 3747 1794 3820 vigilias
1845 3751 2138 3821 ponendo,

487 3838 902 3908 vespertinam,
942 3836 1201 3904 alteram,
1226 3842 1283 3892 et
1305 3837 1562 3903 tertiam,
1584 3841 1704 3893 tres
1737 3853 1967 3909 quoque
1997 3843 2140 3893 aeta—

485 3927 564 3980 tis
597 3926 951 3981 mutationes
982 3925 1360 3997 signiﬁcarit:
1397 3926 1878 3992 adolescentiam,
1911 3927 2138 3984 virilem

487 4019 732 4081 natalem,
765 4019 821 4070 et
851 4020 1233 4082 senectutem,
1280 4016 1433 4086 quod
1467 4015 1606 4071 velit
1636 4031 1764 4082 nos,
1797 4032 1928 4071 cum
1966 4033 2136 4071 vene-

489 4105 566 4160 rit
599 4104 882 4158 mundum
917 4103 998 4174 [in
1026 4103 1275 4178 judicio]
1304 4111 1734 4175 assumpturus,
1759 4113 1990 4176 paratos
2013 4121 2140 4161 esse

488 4207 556 4249 ac
584 4208 758 4264 puros
788 4193 1053 4262 quamvis
1088 4191 1279 4248 adhuc
1307 4192 1366 4247 in
1415 4193 1661 4263 pueritia
1690 4198 2020 4261 versantes;
2054 4195 2141 4250 si-

489 4280 704 4336 militer
769 4281 1090 4336 secundam
1160 4286 1217 4336 et
1277 4280 1506 4336 tertiam
1577 4281 1830 4354 vigiliam
1897 4281 2136 4338 indicat.

483 4367 828 4439 Vespertina
858 4369 1011 4424 enim
1037 4367 1234 4440 vigilia
1265 4374 1354 4424 est
1380 4369 1640 4424 florentis
1661 4371 1849 4426 astatis
1872 4371 2138 4425 humanae

489 4461 700 4521 status,
731 4473 847 4528 quo
890 4457 1096 4529 incipit
1138 4459 1382 4513 rationis
1415 4458 1726 4529 imperium
1762 4459 2140 4531 passionibus

493 4546 776 4618 agitatum
826 4545 1090 4615 turbari;
1142 4546 1320 4602 altera
1382 4563 1532 4616 vero,
1586 4549 1820 4619 quando
1864 4549 2141 4620 deinceps

491 4637 550 4693 in
588 4638 901 4708 perfectum
927 4637 1118 4693 virum
1151 4639 1399 4695 evadene
1432 4638 1636 4708 incipit
1663 4655 1826 4694 meus
1851 4641 2140 4710 perpetuis

490 4727 858 4799 negotiorum
935 4727 1290 4782 tumultibus
1362 4727 1652 4798 occupari.
1720 4728 1912 4783 Tertia
1983 4746 2138 4797 vero,

489 4817 725 4890 quando
754 4816 996 4872 inlinitas
1027 4816 1412 4886 cupiditatum
1451 4817 1734 4888 imagines
1767 4819 2140 4890 corporejam

490 4909 882 4962 marcescente
904 4910 959 4961 et
976 4905 1034 4960 in
1058 4906 1285 4960 senium
1309 4913 1578 4977 vergente
1597 4907 1810 4962 sensim
1837 4909 2136 4963 deficiunt.

489 4995 852 5066 QuaprOpter
898 4999 1112 5050 aeterna
1162 4993 1294 5049 ﬁdei
1347 4995 1499 5050 309
1532 4993 1805 5067 blampas
1857 4997 1914 5052 in
1965 4998 2140 5053 corde

559 5105 632 5137 ιιο*
659 5091 874 5150 Jerem.
908 5110 969 5160 ιι,
999 5095 1092 5157 3'3.
1170 5106 1192 5131 ι
1226 5092 1368 5148 GCD-
1401 5109 1490 5163 XV,
1521 5094 1572 5147 9-

1369 3565 1508 3639 ὑμᾶς
1594 3567 1682 3620 καὶ
1783 3565 2068 3641 παρελθών

2176 3565 2509 3640 διακονήσει.

1651 5108 1677 5148 γ
1710 5095 1844 5152 Luc.
1879 5113 1978 5164 xu,
2014 5097 2170 5150 3-27.

2254 1867 2584 1944 ΙΙροσένεγκὲ
2616 1890 2708 1943 μοι
2734 1868 2907 1944 ἄζυγα
2945 1871 3033 1924 καὶ
3066 1869 3345 1924 άκάκωτόν
3374 1870 3417 1906 7"
3450 1891 3545 1924 σου
3576 1871 3680 1939 τήν
3712 1873 3903 1947 ψυχήν

2254 1955 2545 2032 δαμάλεως
2595 1956 2768 2029 δίκην,
2813 1959 2902 2014 καὶ
2950 1959 3050 2028 τήν
3103 1958 3274 2032 σάρκα
3328 1959 3415 2012 καὶ
3465 1961 3556 2014 τὸν
3608 1958 3901 2032 λογισμὸν,

2247 2051 2347 2118 τήν
2385 2049 2479 2121 μὲν
2513 2049 2586 2109 ὡς
2628 2050 2748 2122 αἶγα
2778 2050 2843 2120 ⁷8,
2875 2045 3061 2118 ἐπειδὴ
3095 2050 3160 2102 τὰ
3213 2050 3456 2123 μετέωρα
3493 2050 3582 2102 καὶ
3631 2052 3898 2122 κρημνώ-

2251 2135 2317 2208 δη
2351 2136 2662 2212 περιπολεῖ,
2695 2139 2786 2193 τὸν
2821 2135 2878 2192 δὶ
2907 2137 2982 2202 ὡς
3009 2138 3186 2212 κριὸν,
3213 2135 3308 2192 ’ἱνα
3343 2135 3615 2210 μηδαμῶς
3636 2137 3898 2210 ἀποσκιρσ

2247 2229 2417 2296 τήσας
2476 2225 2800 2297 ἐξολισθήση
2853 2233 2952 2296 τῆς
3001 2225 3281 2297 ἀληθείας.
3341 2226 3496 2282 Οὕτω
3548 2227 3652 2301 γὰρ
3714 2228 3901 2281 ἀνεπί-

2250 2317 2461 2389 ληπτος
2505 2316 2598 2388 ἔση
2653 2320 2725 2380 ὡς
2759 2313 3011 2394 ’Λϐραάμ
3039 2319 3109 2386 7°,
3160 2318 3218 2372 ἃν
3245 2321 3444 2393 ἂναθῇς
3492 2317 3618 2391 ἐμοὶ
3668 2319 3761 2373 καί
3803 2319 3899 2386 τήν

2249 2409 2434 2482 ψυχὴν
2463 2408 2553 2462 καὶ
2581 2409 2680 2476 τήν
2719 2405 2966 2478 αἴσθησιν
2998 2407 3089 2462 καὶ
3137 2407 3229 2462 τὸν
3256 2411 3381 2462 νοῦν
3413 2425 3426 2439 ·
3478 2407 3510 2462 ἃ
3542 2402 3901 2480 συμϐολικῶς

2251 2495 2486 2570 δάμαλιν
2534 2492 2635 2574 ἔφη
2686 2496 2777 2551 καὶ
2829 2497 2950 2571 αἶγα
2994 2495 3088 2552 καὶ
3134 2496 3287 2571 κριὸν
3327 2498 3691 2570 τριετίζοντα,
3732 2497 3900 2551 οἱονεὶ

2247 2588 2346 2655 τήν
2397 2590 2594 2660 γνῶσιν
2643 2584 3021 2664 ἆκακέμφατον
3072 2591 3172 2655 τῆς
3216 2584 3434 2660 τριάδος
3487 2585 3899 2660 ἐπανῃρημένα.

2247 2675 2403 2753 Τάχα
2460 2672 2516 2728 δῖε
2570 2674 2659 2730 καὶ
2718 2676 2816 2744 τὴν
2867 2675 3092 2749 πρώτην
3143 2672 3235 2729 καὶ
3283 2675 3382 2744 τήν
3437 2672 3605 2746 μέσην
3661 2673 3753 2728 καὶ
3803 2675 3897 2741 τήν

2245 2763 2557 2819 τελευταίαν
2611 2767 2708 2818 τοῦ
2767 2762 2889 2838 βίου
2943 2770 3045 2832 τῆς
3100 2762 3324 2833 ἡλικίας
3386 2765 3548 2836 ἡμῶν
3607 2763 3898 2816 αἶνίσσεται

2245 2848 2455 2927 τρίϐον,
2509 2851 2847 2927 βουλόμενος
2895 2853 2971 2914 ὡς
3012 2852 3098 2908 ὅτι
3127 2853 3175 2887 ⁸ο
3225 2851 3466 2926 μάλιστα
3513 2852 3604 2906 καὶ
3653 2852 3744 2907 τὸν
3795 2858 3898 2906 τῶν

2246 2939 2454 2997 παίδων
2482 2943 2570 2996 καὶ
2622 2943 2712 2996 τὸν
2751 2947 2862 2996 τῶν
2895 2939 3105 3016 ἀνδρῶν
3155 2941 3369 2996 καὶτὸν
3413 2946 3521 2995 τῶν
3571 2942 3896 3015 γεραιτέρων

2245 3033 2448 3108 χρόνον
2488 3033 2812 3107 συμφρόνως
2859 3032 3160 3107 βιώσαντας
3201 3031 3348 3104 αὐτῷ
3396 3031 3898 3107 προσενέγκασθαι·

2245 3124 2362 3176 καθ’
2410 3121 2467 3176 ὃν
2511 3121 2713 3196 τρόπον
2759 3121 2850 3176 καὶ
2896 3120 2948 3176 ἐν
3003 3120 3360 3198 Εὖαγγελίοις
3408 3121 3434 3174 ὁ
3488 3122 3686 3194 Κύριος
3728 3142 3898 3193 νομο-

2247 3213 2430 3265 θετεῖ⁶
2483 3211 2582 3265 Διὰ
2626 3214 2787 3266 τοῦτο
2818 3212 2860 3247 ⁸¹
2923 3211 3012 3265 καὶ
3076 3211 3230 3284 ὑμεῖς
3287 3209 3476 3279 ὅμοιοι
3541 3210 3756 3284 γίνεσθε
3816 3210 3904 3264 άν-

2248 3300 2488 3373 θρώποις
2600 3296 3070 3375 προσδεχομένοις
3190 3299 3284 3354 τὸν
3397 3299 3586 3373 κύριον

2247 3390 2379 3445 πότε
2445 3388 2696 3444 ἀναλύσει
2757 3388 2816 3444 ἐκ
2887 3393 2994 3444 τῶν
3070 3389 3285 3465 γάμων,
3351 3386 3442 3443 ἳνα
3525 3387 3736 3443 ἐλθόντι
3815 3388 3905 3443 καὶ

2247 3479 2536 3551 κρούσαντι
2665 3479 2815 3551 αὐτῷ
2927 3477 3123 3541 εὐθέως
3238 3477 3514 3548 ἀνοίξωσι.
3631 3479 3908 3550 Μακάριοι

2603 3567 2709 3624 Κάν
2812 3571 2884 3642 τῇ
2979 3566 3202 3643 δευτέρᾳ
3301 3570 3392 3623 καὶ

3700 3299 3902 3365 αὐτῶν,

3477 3572 3546 3642 τῇ
3605 3570 3651 3605 ⁸³
3752 3569 3911 3643 τρίτῃ

2318 3751 2708 3824 Ἐπισκέψασθε
2750 3750 2855 3826 γὰρ
2896 3748 2979 3804 ὅτι
3019 3755 3165 3824 τρεῖς
3211 3749 3545 3823 ὑποθέμενος
3574 3753 3620 3787 ⁸⁴
3662 3749 3908 3829 φυλακὰς

2249 3841 2462 3908 νυκτὸς,
2540 3837 2847 3911 ἒσπερινήν,
2908 3838 2998 3892 καὶ
3073 3835 3322 3912 δευτέραν
3383 3840 3470 3894 καὶ
3538 3839 3753 3912 τρίτην,
3817 3842 3904 3895 καὶ

2246 3934 2392 4004 τρεῖς
2446 3931 2606 4001 ἡμῶν
2651 3926 2746 3988 τάς
2803 3927 2979 3996 τῆς⁸⁵
3027 3927 3249 3996 ἡλικίας
3299 3927 3520 4001 ᾐνίξατο
3573 3927 3904 4000 μεταϐολὰς,

2247 4019 2346 4086 τὴν
2381 4014 2717 4092 μειρακιώδη
2750 4016 2838 4071 καὶ
2870 4017 2969 4085 τήν
3019 4012 3301 4092 πρόσηϐον
3330 4019 3420 4072 καὶ
3465 4020 3565 4087 τήν
3609 4014 3901 4089 πρεσϐυτι-

2247 4109 2370 4175 κὴν,
2436 4105 2773 4182 βουλόμενος
2822 4103 2914 4160 ἵνα
2970 4107 3060 4160 καὶ
3113 4103 3313 4167 παῖδας
3380 4106 3559 4174 ὄντας,
3617 4107 3707 4162 ἐὰν
3774 4107 3905 4180 ἔλθῃ

2249 4194 2716 4270 παραληψόμενος
2754 4195 2844 4250 τὸν
2893 4196 3121 4268 κόσμον,
3168 4195 3422 4268 ἑτοίμους
3471 4193 3776 4253 καταλάϐοι
3817 4199 3904 4252 καὶ

2249 4287 2540 4361 καθαροὺς,
2573 4285 2662 4339 καὶ
2711 4286 2811 4354 τὴν
2863 4282 3112 4357 δευτέραν
3165 4285 3376 4358 ὁμοίως
3407 4287 3498 4340 καὶ
3541 4289 3642 4357 τήν
3690 4288 3903 4361 τρίτην.

2247 4375 2536 4450 Ἑσπερινὴ
2561 4374 2662 4450 γὰρ
2712 4372 2926 4450 φυλακή
2963 4376 2989 4428 6
3038 4375 3225 4449 καιρός
3272 4374 3384 4430 ἐστι
3417 4382 3516 4444 τῆς
3567 4378 3752 4448 ἀκμῆς
3801 4383 3900 4432 τοῦ

2249 4466 2564 4538 ἀνθρώπου,
2605 4465 2720 4527 καθ’
2757 4467 2817 4533 ἣν
2864 4463 3091 4539 ἄρχεται
3137 4465 3490 4538 ταράσσεσθαι
3531 4465 3596 4519 τὸ
3645 4469 3904 4542 ἡγεμονι-

2251 4553 2344 4606 κὸν
2373 4550 2803 4624 ἐπιθολούμενον
2851 4556 2969 4612 τοῖς
3001 4550 3190 4605 πάθεσι
3226 4571 3238 4583 ·
3291 4548 3512 4625 δευτέρα
3553 4549 3628 4620 δὲ,
3669 4553 3912 4620 ὁπηνίκα

2175 4615 2218 4679 D
2251 4639 2449 4696 λοιπὸν
2485 4640 2560 4701 εἰς
2601 4637 2768 4715 ἄνδρα
2815 4639 3021 4694 τέλειον
3055 4640 3250 4702 ἐλάσας
3310 4615 3536 4718 ἄρχεται
3572 4635 3910 4715 βεϐαιότητα

2251 4735 2359 4786 τῶν
2407 4725 2654 4804 θορύϐων
2706 4731 2734 4784 6
2783 4734 2910 4793 νοῦς
2939 4725 3384 4804 προσλαμϐάνειν
3419 4749 3430 4763 ⁸
3485 4730 3636 4804 τρίτη
3682 4727 3763 4798 δὲ,
3819 4729 3910 4785 ὅτε

2250 4818 2305 4872 αἱ
2371 4816 2625 4872 πλεῖσται
2701 4815 2982 4894 φαντασίαι
3059 4821 3165 4871 τῶν
3237 4816 3540 4890 ἐπιθυμιῶν
3602 4816 3908 4892 φθίνουσιν,

2252 4906 2776 4980 ἀπομαραινομένης
2835 4903 2944 4977 ἤδη
3012 4913 3111 4974 τῆς
3171 4907 3368 4980 σαρκὸς
3434 4907 3521 4960 καὶ
3595 4905 3672 4970 εἷς
3733 4914 3905 4981 γῆρας

2250 4995 2695 5070 προκοπτούσης.
2729 4995 2820 5050 Διὸ
2869 5000 3140 5069 προσῆκεν
3181 4990 3438 5050 ἄσϐεστον
3492 4993 3542 5050 ἐν
3590 4999 3661 5069 τῇ
3713 4993 3907 5070 καρδίᾳ

1859 5203 2095 5260 νΑιιιιΕ
2137 5204 2549 5261 LECTIONES.

778 5301 906 5322 -μ-

565 5301 610 5334 ⁷³
634 5298 807 5372 ἀναζῇ

491 5391 666 5444 τριετ.
709 5376 839 5444 add.
871 5377 976 5427 All.

493 5440 541 5481 δέ
571 5440 835 5516 ἀνακλίνῃ

1016 5301 1060 5336 ⁷³
1087 5302 1367 5374 ῘΟμηρος]
1402 5303 1511 5374 Od.
1543 5319 1596 5369 Χ,
1629 5303 1756 5374 510.

1084 5373 1129 5408 7³
1162 5372 1290 5428 libri
1343 5372 1709 5427 ἀκακώτατόν.

1029 5446 1073 5478 ⁸³
1101 5447 1168 5515 τῇ
1201 5464 1315 5501 om.
1350 5453 1410 5498 Α.

2001 5377 2012 5389 ο

1492 5446 1536 5479 ⁸⁸
1568 5444 1887 5518 ἐπιθέμενος

1863 5305 1914 5378 ⁷⁸.
1939 5307 2082 5378 Ἰερ.]
2113 5310 2166 5378 ξ,
2200 5307 2288 5378 33.

1813 5377 1858 5411 79
1888 5371 2021 5450 ὡςὸ
2052 5371 2305 5450 ’ξκϐραᾶμ

2390 5304 2437 5380 7⁵
2467 5303 2768 5380 anguina}?
2868 5303 2913 5337 7'5
2945 5297 3269 5380 loi65]_G_en.
3303 5323 3397 5370 xv,
3430 5307 3486 5380 9.
3515 5377 3528 5380 Α
3590 5309 3631 5340 ττ
3663 5308 3754 5360 καὶ
3791 5311 3918 5380 οἷγα

2522 5377 2568 5410 ³⁹
2599 5373 2701 5447 ὅτι]
2731 5371 2832 5446 ἄρα
2864 5380 2968 5429 ΑΒ.
3077 5371 3125 5449 ξι
3161 5374 3248 5430 διὰ
3279 5378 3463 5449 τοῦτο]
3515 5377 3645 5434 Luc.
3683 5397 3789 5445 xu,
3829 5371 3915 5435 3B.

3060 5447 3117 5466 ρ-

2071 5449 2115 5483 εδ
2145 5447 2239 5508 τὰς
2270 5447 2514 5519 signa;
2549 5454 2584 5501 B
2618 5453 2673 5502 et
2705 5465 2788 5518 pr.
2827 5452 2887 5502 Δ.
2925 5453 3022 5515 τῆς
3058 5447 3137 5519 ς.

2383 5493 2398 5520 J

2075 5547 2302 5602 ΝΟΤιΕ.

565 5633 677 5703 (92)
714 5635 832 5688 Prae
863 5649 926 5689 se
959 5633 1218 5701 ferentia,
1252 5633 1662 5704 signiﬁcantia.
