4138 6224
279 437 435 497 “69

1346 431 1886 493 BIBLIOTHECA.
1937 465 2008 473 —
2051 429 2224 491 COD.
2273 431 2652 492 CCXXXVII.

3528 442 3686 505 M70

275 569 605 644 ἑξαημίρου,
658 567 917 638 ἑξήκοντα
989 563 1306 641 βασιλίσσας
1381 560 1482 640 ἔφη
1545 558 1878 648 συμϐολικῶς

1990 611 2002 632 ι
2033 565 2310 621 ﬁduciam
2344 566 2612 621 habuerit
2652 566 2788 621 Seth
2821 567 2890 622 ad
2936 567 3138 638 Deum,
3185 578 3470 642 quantam
3503 579 3672 648 Abel,

277 657 366 714 διά
411 660 473 714 τὸ
521 657 655 732 μετά
701 658 798 726 τήν
851 655 1146 729 ἑξαήμερον
1195 654 1391 715 ταύτας
1445 654 1520 716 ὡς
1561 647 1717 730 ἔφην,
1750 673 1920 729 γεγο-

272 746 418 803 νέναι
453 769 465 781 ·
515 745 763 823 μεγάλην
819 745 922 822 γὰρ
982 744 1136 798 οὗτοι
1181 745 1352 816 τιμὴν
1412 740 1710 815 ἐσχήκασιν
1752 740 1920 814 ἀγγὲο

273 837 393 901 λοις
452 836 820 910 ὁμιλήσαντες
873 833 964 889 καὶ
1022 834 1111 888 τὸν
1169 834 1295 888 Θεὸν
1373 831 1520 905 ὕπαρ
1606 827 1704 885 οὒκ
1789 825 1917 905 ὄναρ

270 927 612 1000 θεασάμενοι.
673 925 1064 999 Ἐπισκὲψασθε
1121 923 1222 998 γὰρ
1284 920 1415 992 ὅσην
1474 917 1602 995 ἔσχε
1658 917 1964 993 παῤῥησίαν
2023 919 2050 973 6
2110 919 2224 987 Σήθ
2282 919 2418 994 πρὸς
2475 919 2567 975 τὸν
2627 921 2773 990 Θεὸν,
2840 920 2970 993 ὅσην
3031 926 3058 979 6
3143 922 3336 998 Ἅϐελ,

2031 660 2306 724 quantam
2329 653 2547 724 Enocb,
2573 660 2847 724 quantam
2883 655 3230 728 Mathusala,
3253 670 3528 730 quantam
3559 670 3674 724 Noe

2031 741 2454 813 primijustitize
2484 741 2781 799 cultores?
2808 745 2916 800 Sed
2943 745 3012 802 de
3043 745 3136 803 his
3157 751 3320 806 satis.
3349 751 3427 808 De
3456 770 3672 813 concu-

2031 831 2189 887 binis
2219 833 2428 888 iterum
2469 831 2799 888 dicendum.

3429 928 3559 1001 ὅσην
3641 935 3670 988 6

269 1017 468 1094 Ἑνὼχ,
511 1016 678 1087 ὅσηνὸ
709 1013 1066 1083 Μαθουσάλα,
1099 1015 1233 1083 ὅσην
1267 1013 1294 1067 6
1327 1014 1469 1081 Νῶε,
1513 1016 1722 1085 πρῶτοι
1765 1006 2114 1079 δικαιοσύνης
2146 1003 2292 1071 ὄντες
2319 1006 2556 1083 ἐρασται.
2591 1009 2688 1064 Καὶ
2731 1011 2853 1086 περὶ
2911 1008 3116 1068 τούτων
3177 1016 3275 1088 μὲν
3333 1017 3616 1093 αὐτάρκως
3649 1041 3666 1058 ·

266 1109 390 1182 περὶ
431 1105 488 1163 δὲ
525 1109 635 1163 τῶν
667 1105 969 1163 παλλακῶν
999 1103 1162 1160 πάλιν
1195 1103 1432 1160 λεκτέον.

336 1200 466 1260 Τοῖς
517 1198 650 1271 μετά
702 1198 796 1252 τὸν
851 1193 1234 1268 κατακλυσμὸν
1296 1191 1560 1266 ἀπωτέρω
1618 1189 1811 1246 λοιπὸν
1871 1191 1906 1259 ἡ

261 1293 461 1364 γνῶσις
519 1287 586 1354 ἦν
638 1292 736 1342 τοῦ
780 1291 936 1355 Θεοῦ,
984 1286 1073 1340 καὶ
1134 1281 1367 1359 ἔχρῃζον
1433 1279 1612 1354 ἒτὲρας
1673 1276 1908 1353 διδαχῆς

264 1377 534 1451 ἑρπούσης
561 1373 668 1446 ἤδη
702 1383 802 1444 τῆς
835 1372 1315 1446 είδωλολατρείας.
1365 1371 1421 1425 '0
1470 1368 1562 1425 οὖν
1615 1369 1768 1437 Θεὸς,
1820 1367 1906 1423 ξ’να

266 1468 342 1538 μὴ
393 1467 564 1534 πάντη
613 1467 675 1520 τὸ
723 1464 875 1539 γένος
921 1468 1029 1519 τῶν
1079 1462 1374 1537 ἀνθρώπων
1427 1460 1667 1532 ἀΐστωθῇ
1695 1460 1715 1494 ⁸
1763 1455 1906 1531 λήθῃ

259 1559 366 1608 τῶν
399 1553 605 1625 καλῶν,
638 1555 728 1610 τὸν
765 1551 902 1608 ἴδιον
955 1549 1129 1607 Παῖδα
1176 1556 1292 1614 τοῖς
1339 1550 1646 1626 προφήταις
1696 1545 1906 1601 ἐκελευο

259 1663 342 1697 σεν
379 1643 654 1718 ὑφηγῆσαι
685 1645 706 1679 ⁹
733 1643 832 1711 τὴν
869 1641 1134 1715 ἐσομένην
1166 1641 1358 1695 ἑαυτοῦ
1391 1640 1436 1674 ¹⁰
1465 1635 1760 1712 παρουσίαν
1813 1632 1902 1690 διὰ

256 1733 454 1807 σαρκὸς
501 1731 576 1793 είς
622 1733 715 1786 τὸν
764 1731 992 1804 κόσμον,
1043 1731 1160 1785 καθ’
1214 1729 1278 1797 ἢν
1325 1731 1359 1797 ἡ
1400 1735 1500 1797 τῆς
1533 1733 1900 1795 πνευματικῆς

2091 1191 2176 1246 Ab
2206 1191 2280 1246 iis
2310 1191 2408 1262 qui
2454 1195 2586 1263 post
2628 1190 2910 1248 diluvium
2943 1193 3232 1268 vixerunt,
3267 1199 3362 1255 Dei
3412 1202 3667 1273 cognitio

2020 1279 2194 1352 paulo
2232 1279 2465 1352 longius
2507 1281 2766 1348 recessit,
2798 1280 3027 1354 aliaque
3068 1284 3290 1344 ratione
3319 1288 3474 1345 docti
3504 1298 3664 1361 sunt,

2017 1370 2418 1440 serpentejam
2446 1369 2660 1441 passim
2685 1370 3033 1429 idololatria.
3063 1378 3210 1430 Deus
3233 1392 3370 1448 ergo
3389 1394 3460 1434 ne
3482 1396 3664 1449 genus

2016 1457 2344 1514 humanum
2381 1457 2671 1515 oblivione
2701 1458 3022 1517 honestatis
3056 1464 3287 1534 penitus
3311 1465 3660 1536 aboleretur,

2015 1562 2184 1602 suum
2210 1546 2415 1602 Filium
2439 1564 2538 1618 per
2557 1546 3064 1620 prophetasjussit
3089 1552 3325 1622 dictare,
3346 1556 3661 1616 adventum

2013 1635 2141 1705 ejus
2171 1633 2228 1689 in
2254 1635 2540 1690 mundum
2566 1651 2734 1691 carne
2753 1645 3058 1709 assumpta
3082 1639 3368 1712 futurum,
3392 1659 3504 1714 quo
3537 1648 3659 1716 spi-

2012 1723 2236 1780 ritualis
2259 1724 2544 1780 octonarii
2564 1724 2841 1796 gaudium
2872 1729 2929 1781 et
2960 1728 3212 1799 cognitio
3243 1733 3658 1802 praedicaretur

253 1804 522 1897 ὁγδοάδος
573 1822 719 1895 χαρά
766 1819 855 1874 καὶ
905 1825 1104 1895 γνῶσις
1161 1819 1593 1893 κηρυχθήσεται,
1656 1814 1878 1892 ἀφίσεωέ

2009 1815 2078 1870 ad
2113 1813 2496 1869 exhibendam
2530 1813 2930 1870 remissionem
2956 1826 3344 1886 peccatorum,
3369 1826 3426 1876 et
3457 1840 3656 1880 resur-

252 1909 664 1982 ἁμαρτημάτων
755 1906 886 1962 οὖσα
969 1909 1058 1962 καὶ
1152 1907 1494 1968 ἀναστάσεως
1570 1906 1890 1978 παρεκτική·

250 1999 755 2074 περιτμηθήσεσθαι
813 1997 918 2074 γάρ
976 1995 1045 2052 δι’
1101 1996 1269 2066 αὐτῆς
1322 1996 1415 2050 τὸν
1474 1993 1756 2070 ἄνθρωπον
1829 1992 1897 2048 τὰ

250 2087 392 2158 πάθη
429 2087 520 2142 καὶ
549 2088 648 2155 τήν
684 2086 906 2164 φθοράν,
942 2087 1040 2142 Καὶ
1083 2083 1171 2141 διὰ
1221 2091 1384 2141 τοῦτο
1443 2084 1535 2140 τὸν
1586 2081 1892 2159 κατάλογον

249 2181 355 2232 τῶν
397 2177 501 2232 ἀπὸ
532 2181 630 2231 τοῦ
661 2171 913 2250 Ἀϐραὰμ
941 2180 1267 2250 προφητῶν,
1311 2173 1400 2229 διὰ
1444 2176 1544 2243 την
1587 2180 1690 2242 τῆς
1737 2192 1892 2247 περι-

249 2274 426 2341 τομῆς
481 2261 764 2342 πρεσὸείαν
811 2266 902 2320 τὸν
955 2265 1100 2320 ὀκτὼ
1183 2263 1550 2339 περιεχούσης
1637 2263 1887 2336 ἀριθμὸν,

245 2357 313 2425 ἧς
359 2356 648 2430 ἰξήρτηται
695 2355 783 2409 καὶ
830 2355 857 2409 6
900 2354 1093 2428 νόμος,
1144 2352 1432 2415 παλλακὰς
1484 2350 1754 2422 ἐκάλεσεν,
1803 2350 1888 2407 ὅτι

245 2447 349 2520 πρὸ
395 2449 492 2500 τοῦ
544 2446 642 2513 τήν
690 2443 906 2522 νύμφην
974 2446 1072 2513 τῆν
1126 2442 1452 2512 Ἐκκλησίαν
1508 2442 1882 2516 κατεγγυηθῆ-

239 2556 325 2589 ναι
355 2539 434 2607 τῷ
465 2535 651 2608 Λόγῳ,
681 2535 750 2588 τά
776 2536 892 2588 θεῖα
940 2528 1308 2595 συλλαϐόντες
1337 2533 1379 2568 ¹¹
1431 2531 1733 2607 σπέρματα,
1779 2534 1880 2596 τῆς

238 2628 442 2694 νοητῆς
523 2622 946 2699 προεξήγγειλαν
1031 2620 1294 2698 ὀγδοάδος
1364 2623 1463 2692 τὴν
1549 2623 1875 2693 περιτομήν.

240 2709 493 2774 Νεάνιδας
550 2710 605 2767 δί
663 2711 828 2767 πάλιν
908 2713 984 2774 εὶς
1063 2712 1434 2786 ἀναρίθμητον
1520 2710 1878 2772 συντελούσας

236 2801 436 2874 ὅμιλον
467 2803 533 2856 τὰ
574 2802 676 2856 ὑπὸ
706 2807 824 2865 τοῖς
849 2800 1119 2872 κρείττοσι
1165 2802 1286 2874 [508
1338 2802 1431 2872 Η.]
1478 2797 1878 2874 δικαιοπραγή-

237 2913 401 2946 σαντα
448 2890 656 2963 πλήθη,
715 2892 802 2946 καὶ
855 2895 1111 2953 νεανικῶς
1156 2891 1246 2945 καὶ
1321 2888 1586 2966 γενναίως
1641 2886 1873 2958 διαθλήο

236 3002 396 3036 σαντα
426 2981 562 3056 πρὸς
601 2981 698 3050 τήν
729 2981 1018 3056 ἁμαρτίαν,
1064 2978 1240 3034 καλεῖ.
1278 2976 1453 3035 Ἀλλά
1493 2978 1702 3034 τούτων
1754 2975 1874 3049 οὔθ,

230 3071 284 3125 αἱ
321 3069 631 3145 βασίλισσαι
664 3066 778 3123 ὥθ’
812 3070 865 3123 αἱ
897 3067 1176 3124 πιλλακαὶ
1218 3067 1585 3144 συγκρίνονται
1634 3070 1703 3140 τῇ
1748 3066 1878 3123 Ἐκ-

227 3159 436 3232 κλησίᾳ
495 3179 508 3192 ·

229 3245 633 3323 ὀνομαζομένη,
687 3252 721 3318 ἡ
769 3248 827 3303 ἐκ
868 3248 1081 3303 πάντων
1143 3248 1448 3304 συνεστῶσά
1507 3268 1565 3302 τε
1611 3248 1698 3302 καὶ
1760 3269 1875 3301 συν-

227 3340 476 3412 ημμένη,
533 3343 639 3394 τῶν
711 3337 1034 3392 ἀποστόλων
1120 3337 1287 3407 ἐστὶν,
1345 3339 1381 3406 ὴ
1453 3331 1872 3410 ὑπερϐάλλουσα

224 3427 412 3500 νύμφη
471 3431 550 3498 τῷ
605 3425 799 3482 κάλλει
855 3433 955 3495 τῆς
1010 3427 1189 3498 ἀκμῆς
1255 3425 1345 3480 καὶ
1402 3432 1500 3496 τῆς
1578 3425 1870 3501 παρθενίας

225 3518 424 3578 πάσας.
480 3517 582 3572 Διὸ
631 3517 721 3571 καὶ
766 3515 1112 3590 μακαρίζεται
1161 3514 1296 3589 πρὸς
1336 3519 1443 3570 τῶν
1505 3511 1713 3586 ἄλλων,
1785 3515 1867 3568 ὅτι

222 3606 358 3677 αὕτη
407 3604 517 3662 εἶδε
562 3607 653 3661 καὶ
696 3605 930 3675 ἤκουσεν
985 3605 1228 3682 ἀφθόνως
1280 3607 1311 3659 ἃ
1356 3603 1555 3658 ἐκεῖναι
1593 3603 1870 3674 ἐπεπόθη-

222 3717 318 3751 σαν
365 3693 497 3750 ίδεῖν
544 3696 634 3750 καὶ
683 3693 906 3750 ἀκοῦσαι
956 3693 1045 3748 καὶ
1095 3694 1197 3748 οὐκ
1243 3689 1385 3748 εἶδον
1443 3689 1562 3747 οὐδ’
1610 3691 1864 3761 ἤκουσαν.

220 3786 494 3860 Μακάριοι
532 3786 576 3822 ¹²
604 3785 708 3859 γάρ
741 3785 793 3838 οἱ
827 3781 1130 3860 ὀφθαλμοὶ,
1164 3781 1350 3858 φησὶν,
1385 3782 1558 3856 ὑμῶν,
1591 3781 1618 3835 ὁ
1669 3781 1864 3856 Κύριος

218 3879 340 3934 τοῖς
397 3876 689 3948 μαθηταῖς,
735 3875 786 3928 οἱ
841 3872 1132 3948 βλέποντες
1177 3870 1208 3925 ἃ
1262 3870 1509 3946 βλέπετε.
1560 3871 1712 3946 Λέγω
1764 3871 1864 3947 γὰρ

218 3966 349 4039 ὒμῖν
409 3964 492 4020 ὅτι
576 3961 778 4018 πολλοὶ
857 3967 1134 4038 προφῆται
1194 3961 1536 4034 ἐπεθύμησαν
1623 3957 1753 4016 ἰδεῖν
1834 3958 1866 4015 ἃ

222 4054 475 4130 βλέπετε,
535 4054 629 4108 καὶ
679 4049 780 4106 οὒκ
845 4048 1005 4118 εἶδον,
1059 4050 1147 4105 καὶ
1215 4050 1436 4106 ἀκοῦσαι
1505 4050 1536 4104 ἃ
1618 4049 1858 4119 ἀκούετε,

214 4144 306 4199 καὶ
363 4142 462 4198 οὐκ
505 4143 741 4211 ἤκουσαν
812 4141 938 4215 [560
979 4142 1069 4214 R].
1119 4140 1327 4198 Οὐκοῦν
1385 4137 1473 4194 διὰ
1529 4144 1697 4194 ταῦτα
1758 4162 1859 4214 μα-

214 4233 531 4308 καρίζουσιν
590 4233 757 4301 αὐτὴν
819 4232 870 4286 o't
929 4237 1228 4308 προφῆται,
1276 4231 1358 4285 ὅτι
1420 4231 1492 4284 ὧν
1544 4229 1699 4286 αὐτοὶ
1782 4233 1855 4304 μή

209 4323 478 4398 ἀπέτυχον
506 4325 541 4392 ἡ
570 4321 868 4392 Ἐκκλησία
903 4319 1200 4398 μετείληφε
1227 4321 1316 4375 καὶ
1347 4321 1578 4393 ἠξιώθη.
1630 4321 1858 4375 Δύναται

2007 1903 2348 1972 rectionem,
2382 1921 2480 1974 per
2518 1901 2680 1958 illum
2715 1905 2869 1958 enim
2903 1903 3319 1966 circumcisum
3351 1910 3418 1966 iri
3451 1911 3650 1968 homi-

2007 2007 2164 2060 nem,
2198 1994 2358 2063 vitia,
2389 1995 2654 2068 inquam,
2687 2001 2744 2054 et
2772 2000 3223 2072 corruptionem.
3258 1999 3402 2057 Hinc
3431 2001 3653 2058 catalo-

2005 2097 2142 2150 gum
2175 2083 2594 2156 prophetarum
2634 2087 2704 2142 ab
2735 2088 3068 2144 Abrahamo
3108 2092 3384 2160 emptum,
3416 2095 3653 2162 propter

2003 2171 2486 2240 circumcisionis,
2503 2190 2627 2247 quae
2649 2177 3009 2232 octonarium
3033 2181 3292 2234 continet
3307 2194 3645 2245 numerum,

2002 2261 2431 2333 antiquitatem,
2452 2279 2484 2319 a
2506 2280 2621 2335 qua
2642 2263 2732 2320 lex
2755 2265 2988 2336 pendet,
3010 2266 3370 2322 concubinas
3391 2267 3648 2339 appella-

1996 2351 2094 2406 vit.
2127 2351 2268 2408 Nam
2299 2357 2606 2425 antequam
2639 2370 2856 2426 sponsa
2885 2354 3142 2411 Ecclesia
3173 2355 3356 2412 Verbo
3385 2357 3642 2428 despon-

1995 2439 2248 2507 deretur,
2270 2442 2665 2513 concipientes
2687 2441 2942 2499 divinam
2966 2449 3286 2501 sementem
3311 2445 3639 2515 spiritualis

1992 2531 2296 2602 octonarii,
2325 2532 2825 2589 circumcisionem
2852 2535 3334 2604 praenuntiarunt.
3364 2534 3448 2589 Ad
3486 2535 3639 2590 mul-

1992 2619 2296 2676 titudinem
2322 2637 2452 2677 vero
2475 2637 2710 2677 rursum
2736 2621 3225 2678 innumerabilem
3254 2623 3637 2696 (hominum),

1989 2724 2118 2780 quin
2148 2725 2252 2781 pro
2285 2711 2573 2780 majorum
2596 2711 2842 2783 imperio
2857 2711 3019 2783 juste
3039 2711 3198 2777 vivit,
3230 2715 3287 2768 et
3315 2711 3557 2769 viriliter
3577 2717 3635 2769 et

1987 2814 2261 2871 generose
2277 2805 2478 2856 contra
2493 2799 2630 2856 vitia
2647 2801 2921 2867 decertat,
2945 2799 3412 2857 adulescentulas
3433 2803 3631 2875 appel-

1987 2885 2087 2943 lat.
2139 2888 2247 2944 Sed
2297 2905 2364 2944 ex
2406 2889 2480 2944 iis
2527 2904 2712 2960 neque
2756 2890 2989 2962 regine,
3034 2906 3225 2962 neque
3265 2892 3628 2962 concubinas,

1987 2993 2120 3034 cum
2156 2978 2409 3034 Ecclesia
2446 2983 2878 3050 comparantur.
2924 2981 3051 3035 Haec
3089 2979 3246 3036 enim
3293 2981 3546 3052 perfecta
3575 2989 3629 3037 et

1986 3067 2171 3124 electa
2210 3085 2329 3140 pm
2376 3069 2648 3126 omnibus
2697 3069 3017 3141 nominata,
3066 3087 3194 3142 qua
3243 3086 3312 3127 ex
3357 3071 3628 3130 omnibus

1297 3124 1308 3144 ,
1355 3124 1365 3142 ,
1679 3124 1703 3140 ,.

576 3161 608 3228 ἡ
665 3159 766 3234 γάρ
823 3157 1008 3213 τελεία
1065 3158 1154 3212 καὶ
1214 3155 1442 3226 ἐκλεκτή
1503 3156 1650 3232 παρά
1702 3158 1877 3222 πάσας

1990 3124 2228 3214 constat‘
2243 3124 2316 3214 et
2345 3124 2692 3214 concinnata
2739 3124 2848 3227 est,
3003 3124 3629 3233 ἐιῖᾇέιοὶὸὶυῖίςυω

1985 3263 2203 3318 sponsa
2252 3248 2393 3303 ﬂore
2442 3249 2892 3318 pulchritudinis
2941 3254 3000 3305 et
3055 3249 3336 3307 castitatis
3393 3257 3633 3324 superat

1984 3353 2207 3394 omnes.
2231 3337 2596 3409 Quapropter
2623 3339 2793 3394 beata
2823 3339 2895 3394 ab
2926 3337 3057 3394 aliis
3089 3340 3458 3411 praedicatur,
3492 3343 3633 3413 quia

1983 3427 2104 3482 haec
2135 3433 2329 3499 aperte
2362 3429 2502 3484 vidit
2533 3431 2589 3483 et
2618 3427 2861 3497 audivit,
2895 3445 3022 3500 quae
3071 3427 3188 3484 illis
3213 3428 3410 3486 videre
3439 3436 3496 3488 et
3526 3448 3633 3488 au-

1982 3516 2104 3573 dire
2135 3516 2622 3573 desideraverunt.
2672 3516 2830 3572 Beati
2856 3515 3030 3585 oculi,
3079 3517 3265 3573 ιιια
3293 3517 3482 3591 inquit
3514 3520 3629 3577 Do-

1981 3606 2176 3662 minus
2220 3605 2540 3676 discipulis,
2573 3608 2670 3677 qui
2698 3607 2904 3674 vident,
2945 3619 3071 3678 quae
3107 3622 3200 3663 vos
3251 3607 3466 3664 videtis.
3500 3610 3630 3666 Dico

1977 3696 2127 3750 enim
2164 3694 2338 3762 vobis,
2369 3695 2509 3766 quod
2546 3696 2708 3750 multi
2741 3695 3018 3767 prophetae
3056 3694 3504 3752 desideraverunt
3536 3700 3594 3753 vi
3605 3729 3624 3742 -

1976 3783 2102 3840 dere
2122 3799 2248 3856 qua:
2287 3785 2497 3850 videtis,
2529 3793 2578 3839 et
2608 3799 2718 3840 non
2747 3783 3005 3840 viderunt
3025 3803 3045 3852 ;
3067 3789 3118 3840 et
3146 3786 3345 3842 audire
3372 3803 3492 3859 qua
3519 3804 3622 3842 au-

1975 3873 2124 3940 ditis,
2156 3879 2209 3928 et
2255 3889 2362 3928 non
2400 3872 2696 3928 audierunt
2726 3886 2768 3926 ει
2808 3872 3011 3930 Nonne
3048 3878 3351 3946 propterea
3389 3876 3616 3932 beatam

1975 3963 2292 4034 pradicant
2337 3961 2524 4034 ipsam
2567 3963 2879 4034 prophetae,
2927 3964 3075 4035 quod
3106 3964 3318 4037 quibus
3359 3965 3464 4038 ipsi
3498 3983 3614 4023 non

1973 4059 2302 4122 potuerunt,
2325 4051 2417 4108 bis
2448 4051 2701 4108 Ecclesia
2725 4053 2904 4124 potita
2930 4053 3022 4122 sit,
3049 4058 3105 4110 et
3133 4055 3391 4127 dignata.
3426 4055 3617 4112 Possit

1973 4140 2098 4212 quis
2124 4157 2401 4212 sponsam
2434 4141 2606 4196 etiam
2641 4141 2808 4198 aliter
2836 4141 3142 4215 explicare,
3175 4147 3233 4200 et
3262 4143 3456 4202 dicere
3491 4162 3616 4202 car-

1972 4246 2105 4286 nem
2133 4246 2262 4286 eese
2291 4230 2696 4287 intemeratam
2721 4231 2975 4299 Domini,
2999 4234 3168 4304 cujus
3190 4250 3368 4290 causa
3391 4240 3613 4306 patrem

1970 4321 2224 4376 deseruit
2253 4327 2309 4376 et
2337 4321 2396 4376 in
2429 4325 2642 4377 terram
2676 4322 2786 4377 huc
2817 4322 3136 4391 descendit,
3169 4322 3370 4394 illique
3403 4339 3504 4396 per
3533 4324 3616 4380 in-

210 4411 270 4468 δὲ
301 4433 385 4474 τις
415 4413 503 4466 καὶ
539 4411 736 4485 ἑτέρως
773 4412 872 4480 τήν
919 4410 1138 4487 νύμφην
1186 4409 1343 4487 φάναι
1394 4409 1492 4477 τῆν
1536 4408 1706 4484 σάρκα
1759 4410 1860 4478 τῆν

1990 4411 2369 4467 sarnationem
2427 4410 2731 4482 copulatus
2790 4415 2898 4467 est.
2948 4410 3094 4467 Hinc
3151 4411 3397 4484 figurate
3454 4412 3615 4470 illam

210 4500 519 4576 ἆμόλυντον
571 4500 705 4556 εἶναι
755 4503 850 4555 τοῦ
901 4498 1124 4573 Κυρίου,
1182 4501 1248 4568 ἧς
1305 4498 1467 4573 χάριν
1526 4497 1855 4573 καταλείψας

203 4591 301 4647 τὸν
332 4593 542 4665 Πατέρα
569 4587 838 4659 κατῆλθεν
873 4587 1098 4644 ἐνταῦθα
1129 4589 1218 4643 καὶ
1249 4586 1670 4662 προσεκολλήθη
1721 4587 1856 4663 αὐτῇ

207 4680 651 4755 ἐνανθρωπήσας.
711 4677 806 4733 Διὸ
864 4674 932 4745 δὴ
985 4677 1074 4731 καὶ
1133 4677 1450 4751 περιστερὰν
1507 4676 1677 4744 αύτήν
1752 4675 1851 4754 ἔφη

201 4775 483 4846 τροπικῶς
506 4772 571 4840 ¹⁸,
604 4766 792 4838 ἐπειδὴ
824 4767 1040 4823 τιθασὸν
1074 4768 1120 4803 ¹⁴
1156 4767 1219 4822 τὸ
1249 4771 1389 4837 ζῶον
1418 4767 1508 4822 καὶ
1541 4767 1853 4847 ὑπωρόφιον

201 4861 300 4916 καὶ
332 4857 511 4932 διαίτῃ
543 4862 612 4932 τῇ
645 4857 942 4933 ἀνθρώπων
976 4859 1021 4894 ¹⁸
1073 4855 1382 4930 ἀσμενίζον.
1426 4857 1524 4911 Καὶ
1573 4855 1624 4911 ἐν
1671 4861 1750 4928 τῷ
1802 4859 1854 4930 μ’

198 4950 296 5005 καὶ
331 4947 374 5004 δ’
405 4947 636 5023 ψαλμῷ,
667 4953 760 5004 Ἐκ
790 4944 979 5016 δεξιῶν
1005 4948 1047 4984 1⁸
1079 4946 1453 5021 παρισταμένη
1504 4949 1600 5001 τοῦ
1634 4945 1678 4983 ¹⁷
1718 4951 1851 5000 Θεοῦ

203 5043 391 5116 μερῶν
421 5035 732 5114 βασίλισσα,
770 5039 804 5107 ἡ
831 5040 910 5109 τῷ
942 5033 1227 5114 διαχρύσῳ
1269 5041 1370 5104 τῆς
1420 5034 1617 5110 ἀρετῆς
1658 5036 1852 5108 κόσμῳ

193 5127 691 5203 κατεστολισμένη,
724 5130 792 5197 ἧς
833 5125 1144 5200 ἐπεθύμησε
1187 5129 1284 5181 τοῦ
1321 5123 1563 5187 κάλλους
1613 5126 1640 5180 ὁ
1695 5125 1847 5202 βασις

265 5302 295 5343 s
324 5287 460 5345 Luc.
494 5303 551 5357 ι,
581 5285 675 5356 24,
704 5285 794 5344 25.
871 5283 900 5326 δ
926 5283 1078 5342 Psal.
1111 5299 1262 5357 xmv,
1293 5283 1381 5342 10.

1970 4499 2302 4556 columbam
2336 4499 2667 4573 appellavit,
2699 4502 2853 4572 quod
2887 4500 3104 4557 animal
3136 4501 3214 4557 sit
3240 4501 3402 4559 cicur
3421 4507 3480 4559 et
3503 4503 3614 4560 sub

1967 4589 2134 4645 tectis
2168 4591 2406 4662 degens,
2440 4590 2826 4662 convictuque
2848 4590 3150 4646 hominum
3184 4590 3518 4648 delectetur.
3546 4592 3616 4648 Et

1965 4678 2025 4734 in
2075 4680 2523 4752 quadragesimo
2573 4687 2776 4752 quarto
2820 4679 3083 4750 psalmo:
3132 4680 3295 4737 Stans
3339 4684 3538 4752 regina
3577 4698 3614 4738 α

1963 4767 2176 4823 dextris
2205 4768 2244 4810 ιι-
2281 4769 2421 4840 (Deo
2442 4769 2548 4824 sibi
2568 4769 2842 4825 sinistras
2864 4771 3149 4839 sumente)
3173 4785 3349 4826 aureo
3374 4770 3610 4826 virtutis

1963 4856 2118 4913 cultu
2164 4863 2480 4928 exornata;
2532 4859 2702 4930 cujus
2744 4857 3238 4930 pulchritudinem
3277 4859 3608 4932 concupivit

1961 4950 2099 5018 Rex,
2132 4963 2265 5004 caro
2296 4952 2404 5015 est,
2439 4951 2502 5003 ut
2548 4947 2684 5015 dixi,
2717 4947 2818 5003 illa
2857 4947 3077 5003 illibata
3116 4956 3169 5004 et
3200 4949 3388 5020 beata,
3424 4965 3603 5021 quam

1959 5053 2158 5095 secum
2191 5037 2248 5092 in
2275 5037 2483 5093 ccslum
2516 5037 2839 5109 deportavit
2869 5037 3144 5107 Verbum,
3177 5046 3350 5110 atque
3380 5039 3439 5094 in
3472 5039 3607 5094 dex-

1959 5133 2047 5184 tra
2079 5127 2266 5185 Patris
2297 5129 2620 5199 collocavit,
2670 5129 2875 5187 vestitu
2924 5131 3196 5188 deaurato
3241 5136 3602 5203 exornatam,

1547 5479 1792 5540 VARIJE
1834 5483 2245 5542 LECTIONES.

255 5639 278 5676 ³
317 5633 560 5713 ἀϊστωθῇ
593 5651 710 5713 om.
743 5638 853 5713 All.
929 5633 966 5713 ᾖ
987 5631 1672 5713 ὗφῃγήσασθαιῼδοαῌςον.
1746 5639 1797 5713 ﬂ)
1827 5639 1995 5713 αὐτοῦ
2027 5639 2109 5713 ς.

175 5714 274 5786 24,
356 5708 403 5786 is
425 5701 595 5786 τρόπῖ
623 5701 725 5783 ἔφη
923 5706 970 5744 ¹⁴
997 5701 1250 5761 τὶθασσὸν
1279 5713 1335 5764 et
1367 5701 1697 5785 ὑποῤῥὸφιον
1896 5711 1940 5748 ¹⁵
1975 5701 2182 5784 τῇ’τῶν
2211 5701 2361 5786 ἀνθρ.
2560 5715 2603 5750 ¹⁸
2639 5701 2700 5768 εκ
2729 5718 2837 5770 τῶν
2895 5713 2944 5773 δ.
3147 5722 3163 5757 ¹

178 5784 275 5841 καὶ
308 5785 409 5837 τοῦ
448 5798 536 5856 pr.
567 5783 634 5837 A.

3361 5648 3495 5705 Luc.
3541 5669 3596 5716 ι,

3024 5641 3304 5719 μακάριοι]

3249 5721 3369 5793 τοῦ]
3418 5719 3594 5776 λαιῶν

2190 5632 2669 5713 ίί-προσλὲαϐόντες
2729 5643 2836 5700 ΑΒ.
2916 5643 2964 5681 1⁸
