4138 6224
461 398 609 460 11⁸71
1665 386 1931 448 PHOTII
1975 388 2130 447 PAT

2256 387 2502 448 .RCH/E
2546 389 2661 449 GP.
3715 392 3850 452 1172

460 534 615 605 quod
650 530 891 604 mystice
921 533 1009 585 est
1041 528 1258 583 studiis
1291 525 1637 583 innocentiae
1669 540 1770 580 seu
1803 529 2106 595 incorrup-

2263 521 2369 589 εὺς,
2403 523 2436 590 ἡ
2473 520 2594 593 σάρξ
2629 521 2790 588 ἐστιν,
2822 521 2895 581 ὡς
2928 516 3086 596 ἔφην,
3137 523 3172 589 ἡ
3224 519 3498 596 ἄχραντος
3552 523 3733 594 ἐκείνη
3781 527 3858 579 καὶ

462 622 666 680 tionis.
2220 610 2477 685 μακαρία,
2512 611 2577 678 ἢν
2606 610 2769 670 αὐτὸς
2804 609 3138 680 ἀνακομίσας
3177 610 3205 664 ὁ
3249 609 3419 687 λόγος
3469 612 3547 675 εἰς
3607 609 3853 687 οὐρανοὺς

464 709 525 764 ἐκ
591 708 777 778 δεξιῶν
846 709 1152 783 παρέστησε
1207 710 1304 761 τοῦ
1358 705 1592 781 ΙΙατρὸς,
1662 701 1713 758 ἐν
1774 704 2060 776 ἱματισμῳ
2119 699 2402 777 διαχρύσῳ
2457 700 2897 773 κεκοσμημένην,
2959 698 2988 753 ὅ
3047 699 3114 770 δή
3187 699 3296 756 ἐστι
3371 697 3732 775 συμϐολικῶς
3757 711 3858 767 τοῖς

465 795 858 870 ἐπιτηδεύμασι
883 803 983 866 τῆς
1031 794 1348 870 ἀφθαρσίας.

538 889 735 960 (Dicit)
789 890 942 960 quod
993 887 1246 962 παρθενία
1295 888 1408 960 (95)
1459 889 1685 945 dicatur
1729 905 1762 943 a
1803 885 1949 959 παρὰ
1997 882 2111 938 θεία

467 978 792 1035 mutatione
825 977 1002 1033 unius
1029 977 1254 1045 litterae,
1279 977 1444 1047 quasi
1479 993 1605 1047 quae
1634 975 1759 1031 sola
1788 975 1978 1042 illum,
2012 974 2110 1042 qui

466 1067 824 1140 virginitatis
847 1068 1190 1123 intemerata
1214 1066 1506 1122 contineat
1529 1064 1803 1137 mysteria
1824 1065 1938 1120 Deo
1961 1079 2115 1118 com-

467 1162 648 1230 paret,
682 1174 793 1228 quo
825 1157 1044 1212 bonum
1078 1154 1306 1211 nullum
1338 1155 1580 1210 inveniri
1605 1155 1798 1225 majus
1830 1157 2039 1224 potest.

540 1243 846 1309 Virtutem,
895 1244 997 1312 ait,
1046 1243 1168 1298 sive
1217 1247 1449 1312 propter
1493 1241 1770 1312 seipsam,
1819 1241 1934 1294 sive
1965 1239 2116 1308 quod

469 1332 698 1389 animas
742 1331 1020 1387 sublimet
1060 1336 1118 1386 et
1148 1331 1205 1385 in
1239 1330 1448 1386 caelum
1481 1328 1648 1384 tollat
1686 1329 1836 1383 hanc
1868 1326 2118 1384 nominis

469 1421 922 1494 appellationem
957 1419 1270 1492 accepisse.

541 1515 685 1571 Cum
708 1514 881 1570 dictis
920 1513 1202 1569 hactenus
1234 1512 1412 1567 etiam
1445 1511 1554 1567 hoc
1585 1511 1666 1566 ait
1696 1509 1875 1565 videri
1911 1511 2119 1570 facere.

473 1604 782 1661 Oraculum
804 1601 1034 1659 caelitus
1050 1620 1082 1658 a
1105 1602 1271 1658 Patre
1291 1600 1520 1656 Christo
1537 1600 1595 1655 in
1613 1599 1864 1656 Jordane
1887 1599 2117 1653 datum:

2256 1599 2475 1653 ιάλιστα
2522 1605 2827 1675 συμφωνεῖν
2877 1600 2939 1655 τὸ
3007 1599 3521 1676 χρησμῳδούμενον
3585 1606 3779 1659 ἄνωθεν
3818 1605 3858 1674 ἐξ

476 1695 652 1750 Filius
697 1710 852 1751 meus
896 1710 951 1750 es
982 1700 1061 1761 tu,
1109 1708 1201 1763 ego
1251 1691 1413 1748 hodie
1440 1691 1611 1762 genui
1643 1694 1693 1746 te
1725 1690 1754 1732 ί·
1791 1689 2122 1745 Observan-

2256 1687 2402 1742 ιῦτοῢ
2431 1692 2530 1742 τοῦ
2574 1690 2784 1762 Πατρὸς
2814 1687 2894 1761 τῷ
2926 1691 3150 1764 Χριστῷ
3199 1689 3253 1746 ἐν
3305 1696 3385 1764 τῷ
3434 1691 3710 1768 Ἰορδάνῃ·
3755 1694 3859 1754 Υἱός

477 1788 616 1840 dum
649 1784 766 1854 hic,
800 1783 941 1839 illud
966 1783 1156 1838 ﬁlium
1187 1797 1358 1838 suum
1394 1796 1543 1851 esse,
1575 1779 1880 1835 indeﬁnite
1911 1782 1967 1832 et
1997 1777 2124 1832 sine

2256 1799 2340 1831 ιον)
2394 1778 2444 1831 εἴ
2481 1778 2565 1844 οὺ,
2616 1775 2722 1852 ἐγὼ
2780 1780 3019 1853 σήμερον
3075 1780 3371 1854 γεγέννηκά
3420 1803 3501 1838 σε.
3555 1787 3857 1858 Παρατηρη·

475 1879 730 1945 tempore
760 1873 1000 1929 dictum.
1025 1873 1093 1927 Es
1114 1873 1268 1928 enim
1293 1870 1443 1940 ﬁlius
1470 1887 1574 1926 suo
1605 1869 1718 1941 ipsi
1743 1869 1906 1936 dixit,
1929 1871 2122 1922 etnon

2256 1869 2348 1922 ’έον
2380 1868 2482 1942 γὰρ
2513 1867 2597 1921 ὅτι
2626 1868 2690 1922 τὸ
2725 1868 2819 1940 μὲν
2852 1869 2975 1923 Υίὸν
3011 1868 3174 1924 αὐτοῦ
3207 1873 3248 1906 ²¹
3292 1871 3424 1926 εἶναι
3466 1872 3732 1945 ἀορίστως
3776 1873 3858 1926 ἀπ·

2293 882 2416 937 ’Ότι
2444 879 2672 956 παρθείικ
2705 882 2748 916 ¹⁸
2779 881 2813 949 ἡ
2847 879 3106 954 παρθενία
3136 883 3272 936 κατὰ
3308 884 3433 955 μίαν
3464 881 3791 958 ἀπαλλαγὴν
3823 889 3857 924 I9

2224 969 2468 1024 καλεῖται
2501 969 2800 1044 στοιχείου,
2829 971 2903 1031 ὡς
2938 967 3004 1038 δὴ
3051 971 3190 1044 μόνη
3225 972 3318 1026 τὸν
3351 967 3551 1048 ἔχοντα
3583 973 3855 1043 αὖτῆςτάς

2225 1061 2494 1136 ἀφθόρους
2526 1058 2744 1121 τελετὰς
2793 1064 2908 1132 Θεῷ
2950 1061 3332 1131 άπεικάζουσα,
3389 1063 3450 1117 οὗ
3498 1069 3690 1136 μεῖζον
3740 1065 3852 1139 ἀγα·

2227 1150 2320 1202 Οὸν
2354 1145 2613 1202 ἀδύνατον
2645 1149 2816 1222 εὑρεῖν
2829 1193 2840 1204 .

2299 1240 2419 1291 Ὅτι
2451 1239 2641 1315 φησὶν,
2672 1240 2734 1295 ἹΙ
2769 1240 2930 1312 ἀρετὴ
2965 1237 3091 1308 ἤτοι
3119 1236 3188 1293 δι’
3229 1241 3421 1310 ἑαυτήν
3455 1243 3523 1310 ²⁰,
3560 1242 3669 1298 εἷ’τε
3699 1241 3782 1297 διὰ
3806 1245 3857 1298 τὸ

2229 1328 2398 1404 αἶ’ρειν
2432 1330 2519 1384 καὶ
2557 1331 2903 1404 μετεωρίζειν
2943 1332 3078 1406 πρὸς
3121 1333 3342 1407 οὐρανὸν
3381 1335 3476 1396 τάς
3517 1335 3704 1413 ψυχὰς
3751 1340 3860 1390 ταΰ-

2231 1441 2330 1488 την
2364 1418 2566 1494 ἔσχηκε
2605 1422 2702 1489 τὴν
2746 1419 3081 1493 ἐπωνυμίαν.

2302 1510 2425 1566 ’Ὁτι
2491 1509 2675 1584 φησὶν,
2727 1515 2912 1564 ’Έοικε
2961 1508 3018 1565 δὲ
3061 1517 3178 1574 τοῖς
3228 1512 3550 1587 εἰρημένοις
3594 1514 3860 1570 καὶτοῦτο

477 1964 666 2036 (dixit)
697 1965 880 2035 factus
909 1978 1003 2024 es;
1055 1960 1358 2017 declarans
1392 1975 1580 2030 neque
1629 1973 1839 2014 novum
1884 1973 1986 2013 seu
2027 1972 2124 2011 re-

479 2058 704 2109 centem
763 2053 961 2123 ipsum
1024 2050 1294 2120 adeptum
1345 2063 1474 2105 esse
1519 2046 1884 2114 filiationem,
1943 2060 2124 2116 neque

479 2144 654 2197 finem
678 2140 1095 2196 habuisseeum
1112 2139 1212 2212 qui
1232 2139 1395 2210 prius
1417 2137 1715 2203 exstiterit,
1731 2137 1831 2192 sed
1855 2134 2126 2190 eumdem

481 2245 713 2303 semper
732 2245 880 2286 esse.
911 2228 1056 2283 lllud
1088 2245 1219 2283 vero
1241 2247 1256 2288 :
1280 2229 1399 2296 Ego
1440 2227 1611 2283 hodie
1636 2228 1805 2297 genui
1826 2229 1920 2290 te;
1949 2223 2125 2286 volui,

481 2320 697 2391 inquit,
721 2337 850 2375 eum
884 2319 984 2391 qui
1007 2318 1308 2389 priusjam
1333 2318 1467 2373 inde
1489 2322 1620 2374 ante
1645 2315 1858 2371 saecula
1887 2316 1945 2370 in
1969 2313 2130 2369 ccelis

480 2408 669 2464 fuerat
699 2407 874 2463 etiam
908 2408 1128 2463 mundo
1160 2421 1463 2478 generare,
1496 2405 1604 2462 hoc
1639 2409 1742 2470 est,
1776 2404 1939 2474 prius
1970 2405 2134 2475 igno-

483 2501 632 2565 tum,
658 2501 860 2553 notum
887 2497 1139 2553 reddere.
1166 2495 1478 2563 Nimirum,
1504 2494 1576 2550 iis
1601 2494 1701 2564 qui
1724 2493 2130 2548 multimodam

486 2585 588 2642 Dei
609 2584 960 2657 sapientiam
984 2586 1248 2640 nondum
1271 2583 1604 2655 intelligunt
1624 2598 1926 2653 nunquam
1945 2581 2133 2636 adhuc

488 2681 662 2731 natus
693 2678 782 2730 est
809 2674 1099 2742 Christus,
1142 2673 1252 2730 hoc
1282 2679 1392 2742 est,
1444 2688 1746 2744 nunquam
1778 2672 2048 2745 cognitus
2079 2675 2137 2726 et

487 2763 795 2821 revelatus.

557 2944 821 3000 Plurima
845 2960 914 3002 ex
949 2943 1298 3016 Apocalypsi
1332 2943 1516 3000 sancti
1557 2943 1801 2999 Joannis
1831 2941 2014 2998 Μιῡ
2045 2943 2138 2998 di—

488 3038 579 3090 cta
592 3035 662 3090 ad
680 3031 997 3091 Ecclesiam
1018 3037 1076 3089 et
1091 3032 1400 3104 virginales
1415 3034 1642 3089 animas
1658 3033 1848 3089 refert.
1866 3033 2139 3098 Quinimo

2233 1959 2469 2035 ειρήνατο
2512 1957 2600 2010 καὶ
2630 1956 2902 2031 ἀχρόνως.
2946 1959 3008 2014 Εἰ
3037 1960 3138 2034 γάρ
3183 1959 3306 2022 Υἱὸς
3337 1962 3488 2030 αὐτῷ
3522 1955 3624 2036 ἔφη
3668 1963 3773 2034 [καὶ
3805 1959 3858 2015 οὒ

2235 2047 2458 2121 γέγονας
2489 2047 2552 2119 22]
2585 2045 2859 2125 ἐμφαίνων
2896 2050 3035 2119 μήτε
3080 2048 3390 2127 πρόσφατον
3435 2050 3605 2106 αὐτὸν
3649 2069 3861 2124 τετυχη-

2236 2137 2385 2190 κέναι
2443 2141 2540 2204 τῆς
2590 2135 2875 2208 νῖοθεςίας,
2932 2139 3071 2209 μήτε
3118 2136 3182 2191 αὖ
3241 2139 3665 2215 πσοϋπάρξαντα
3724 2137 3860 2198 τέλος

2239 2224 2553 2299 ἐσχηκέναι,
2610 2222 2755 2279 ἀλλὰ
2803 2225 2939 2279 εἶναι
2980 2225 3062 2280 ἀεὶ
3110 2228 3199 2282 τὸν
3251 2227 3432 2286 αὐτόν.
3488 2230 3562 2283 Υὸ
3612 2227 3666 2283 δέ
3701 2248 3713 2262 ·
3745 2227 3861 2302 Ἐγὼ

2242 2315 2480 2388 σήμερον
2536 2313 2830 2390 γεγέννηκά
2880 2335 2959 2384 σε,
3011 2313 3091 2368 ὅτι
3149 2315 3391 2390 Προόντα
3437 2314 3552 2386 ἤδη
3622 2318 3724 2392 πρὸ
3773 2320 3860 2370 τῶν

2242 2403 2471 2474 αὶώνων,
2505 2401 2652 2479 λέγει
2685 2404 2749 2470 ²³,
2791 2403 2841 2457 ἐν
2875 2408 2992 2464 τοῖς
3023 2403 3276 2479 οὐρανοῖς
3316 2400 3631 2477 ἐϐουλήθην
3677 2406 3759 2460 καὶ
3799 2409 3864 2476 τῷ

2243 2495 2434 2565 κόσμῳ
2491 2499 2764 2566 γεννῆσαι,
2819 2493 2848 2547 ’ὁ
2906 2490 2971 2563 δή
3031 2492 3144 2550 ἐστι
3211 2496 3436 2569 πρόσθεν
3539 2495 3864 2570 ἀγνοούμενον

2244 2584 2524 2658 γνωρίσαι.
2559 2582 2780 2656 Ἀμέλει
2816 2586 2862 2620 ³⁸
2889 2588 3006 2646 τοῖς
3042 2583 3272 2657 μηδέπω
3301 2589 3408 2640 τῶν
3439 2587 3738 2661 ἀνθρώπων
3768 2607 3865 2640 συν-

2245 2673 2581 2747 ῃσθημένοις
2610 2673 2709 2742 τῆν
2743 2671 3140 2728 πολυποίκιλον
3172 2673 3269 2729 τοῖ’)
3301 2674 3435 2729 Θεοῦ
3474 2675 3666 2752 σοιρίαν
3696 2677 3722 2730 ὁ
3749 2675 3861 2748 Χρι-

2249 2762 2374 2824 στὸς
2405 2758 2622 2816 οὐδέπω
2659 2762 2970 2837 γεγέννηται
3005 2804 3019 2818 .
3081 2762 3213 2838 ὅπερ
3263 2762 3406 2818 ἐστὶν
3455 2761 3671 2820 οὐδέπω
3713 2762 3860 2838 ἒγνώ-

2250 2855 2377 2921 σθη,
2411 2849 2628 2906 οὐδέπω
2659 2850 3052 2929 πεφανέρωται.

2317 2945 2438 2996 Ὅτι
2468 2943 2536 2996 τὰ
2563 2940 2793 2996 πλεῖστα
2823 2949 2924 3011 τῆς
2961 2945 3057 2998 τοῦ
3081 2945 3238 3017 ἁγίου
3281 2945 3544 3000 Ἰωάννου
3595 2941 3861 3000 ’Δποκαλῦ-

2251 3036 2395 3107 ψεως
2448 3032 2586 3105 ῥητὰ
2633 3032 2708 3093 εἰς
2755 3033 2852 3100 τήν
2907 3033 3230 3103 Ἐκκλησίαν
3281 3035 3369 3088 καὶ
3402 3035 3501 3097 τὰς
3527 3031 3860 3108 παρθενευο·3ο

493 3125 694 3181 omnia
744 3125 862 3180 fere
909 3123 1062 3179 dicta
1113 3122 1352 3178 aliunde
1425 3122 1863 3193 interpretatur,
1915 3139 2019 3178 nec
2066 3123 2135 3178 ad

2256 3143 2341 3184 σας
2376 3121 2553 3196 ψυχὰς
2588 3121 2797 3198 ἀνάγει.
2834 3120 3008 3177 Ἀλλά
3048 3119 3242 3200 σχεδὸν
3275 3123 3363 3177 καὶ
3396 3124 3525 3196 [509
3554 3125 3643 3194 Η.]
3687 3120 3774 3175 ὅσα
3813 3117 3860 3172 ἂν

488 3212 774 3281 litteram,
807 3213 909 3269 sed
939 3211 1245 3282 allegorice
1270 3211 1330 3266 in
1361 3211 1470 3267 hoc
1501 3211 1729 3284 dialogo
1759 3213 2012 3284 exponit.

567 3393 799 3451 Refellit
847 3409 946 3450 eos
995 3394 1095 3465 qui
1146 3395 1330 3450 fatum
1379 3399 1625 3468 ponunt,
1678 3395 1771 3452 his
1815 3396 2045 3452 verbis:
2079 3396 2140 3452 Si

498 3487 656 3540 astra
708 3481 1051 3539 mortalibus
1097 3483 1458 3540 calamitates
1505 3490 1561 3541 et
1616 3485 1831 3542 malam
1883 3491 2140 3542 mentem

499 3572 830 3642 conciliant,
870 3573 1023 3629 circa
1064 3572 1358 3630 luxuriam
1411 3579 1468 3630 et
1509 3575 1640 3631 vitae
1689 3575 2142 3632 inconstantiam

499 3666 800 3734 occupata,
818 3663 964 3734 ipsis
985 3662 1324 3719 hominibus
1341 3664 1658 3722 infeliciora
1674 3671 1828 3732 sunt,
1853 3667 2007 3738 quod
2029 3682 2143 3722 non

498 3752 627 3823 ipsa
659 3751 854 3823 (astra)
887 3757 1086 3808 ament
1115 3752 1306 3814 mala:
1345 3755 1442 3808 sed
1477 3753 1748 3811 homines
1787 3755 1954 3811 etiam
1987 3759 2051 3810 ut
2081 3772 2147 3811 ea

499 3839 829 3913 designent,
863 3846 1092 3914 cogant.
1127 3846 1411 3898 Pratarea
1442 3844 1492 3898 si
1525 3843 1684 3899 nulla
1714 3843 1864 3899 actio
1895 3844 2019 3900 sine
2053 3846 2149 3899 de-

500 3929 712 3986 siderio
746 3930 829 4000 ﬁt,
862 3938 916 3986 et
956 3947 1128 3986 omne
1173 3931 1526 3988 desiderium
1569 3937 1761 3989 careat
1798 3933 2146 4002 desiderato,

503 4023 656 4075 Deus
686 4023 883 4074 autem
917 4019 1134 4075 nullius
1159 4020 1230 4075 sit
1262 4021 1548 4092 indigens,
1573 4038 1708 4094 ergo
1741 4038 1845 4079 nec
1867 4022 2147 4078 malitiam

505 4111 836 4164 meditatur.
868 4111 1171 4164 Astrorum
1203 4115 1414 4166 natura
1437 4111 1671 4184 pr0pior
1695 4116 1783 4168 est
1813 4114 1950 4179 Deo,
1984 4113 2148 4168 adeo-

509 4214 620 4270 que
653 4196 850 4253 melior
884 4197 1167 4254 bonorum
1200 4198 1506 4256 hominum
1539 4201 1790 4271 virtute;
1822 4218 1959 4274 ergo
1999 4207 2153 4257 astra

511 4287 652 4341 mali
674 4291 812 4341 sunt
832 4289 1111 4358 expertia,
1141 4303 1246 4343 nec
1284 4287 1458 4344 ullius
1497 4289 1778 4361 indigent.
1808 4292 1888 4345 Ad
1916 4290 2055 4356 haec,
2079 4290 2150 4345 ad

511 4374 913 4445 refellendum,
933 4379 1086 4447 quod
1108 4377 1336 4446 genesis
1355 4381 1622 4449 quaedam
1648 4385 1933 4451 operetur,
1956 4382 2148 4448 (dicit:

2249 3215 2387 3287 ῥητά
2417 3213 2504 3268 καὶ
2536 3211 2768 3268 ἄλλοθεν
2809 3207 3018 3282 ἔλαϐεν,
3067 3211 3460 3286 ἀλληγορικῶς
3513 3212 3645 3267 αὐτὰ
3689 3212 3766 3264 καὶ
3811 3208 3861 3262 οὐ

2248 3304 2385 3358 κατὰ
2415 3303 2477 3356 τὸ
2507 3302 2738 3377 γράμμα
2768 3301 3037 3376 διηγεῖται
3067 3301 3118 3357 ἐν
3150 3299 3292 3374 τῷδε
3320 3307 3400 3374 τῷ
3431 3299 3701 3378 διαλόγῳ.

2326 3393 2450 3448 ’Ὁτι
2482 3392 2717 3468 ἀναιρῶν
2745 3391 2872 3454 τοὺς
2914 3391 3250 3466 εἱμαρμένην
3285 3390 3613 3462 δοξάζοντας
3661 3390 3806 3468 φησίν
3850 3404 3860 3418 ‘

2254 3481 2313 3537 Εἰ
2361 3484 2458 3544 τὰς
2505 3486 2612 3536 τῶν
2665 3483 2875 3552 θνητῶν
2926 3483 3209 3558 συμφορὰς
3249 3481 3341 3536 καὶ
3392 3480 3785 3560 κακοφροσῦνας
3811 3475 3864 3530 ri

2253 3574 2424 3646 ἄστρα
2479 3571 2829 3640 τεκταίνεται,
2887 3571 3010 3644 περὶ
3067 3571 3162 3631 τάς
3221 3568 3510 3644 ἀσελγείας
3569 3568 3656 3623 καὶ
3693 3560 3863 3639 τροπάς

2253 3665 2348 3717 τοῦ
2385 3660 2506 3734 βίου
2540 3659 2927 3735 ἁσχολοῦμενα
2957 3662 3061 3734 ἄρα
3104 3658 3406 3714 ἂθλιώτετα
3452 3663 3566 3712 τῶν
3609 3653 3866 3729 ἀνθρώπων

2257 3750 2424 3822 ἔστὶν,
2485 3755 2569 3808 ὅτι
2620 3753 2682 3806 οὐ
2736 3752 2898 3824 μόνον
2947 3750 3084 3806 αὐτὰ
3127 3754 3234 3804 τῶν
3285 3753 3466 3804 κακῶν
3519 3748 3723 3817 ἐρῶσιν,
3747 3739 3864 3798 ἀλλὰ

2255 3843 2346 3897 καὶ
2404 3840 2530 3903 τοὺς
2589 3841 2908 3915 ἀνθρώπους
2967 3840 3328 3917 ἀναγκάζουσι
3391 3842 3562 3894 ταῦτα
3626 3835 3864 3911 πράττειν.

2259 3936 2378 3988 Ἔτι
2413 3931 2455 3986 εἰ
2497 3937 2640 3986 πᾶσα
2669 3933 2858 4006 πρᾶξις
2889 3930 3062 4005 χωρὶς
3094 3929 3385 4002 ἐπιθυμίας
3419 3927 3481 3983 οὐ
3525 3946 3735 4002 γινεται,
3766 3917 3866 3976 οὖδέ

2266 4026 2371 4097 μὴν
2420 4019 2680 4094 ἐπιθυμία
2729 4020 2905 4098 χωρὶς
2957 4019 3184 4085 ἐνδείας,
3235 4015 3471 4081 ἀνενδεές
3517 4016 3570 4072 δὲ
3611 4016 3670 4070 τὸ
3720 4015 3864 4075 Θεῖον,

2261 4109 2581 4177 ἀνεννόητον
2633 4097 2737 4182 ἄρα
2784 4107 3066 4182 πονηρίας.
3127 4112 3188 4161 Ἡ
3242 4103 3299 4160 δὲ
3346 4109 3452 4159 τῶν
3503 4103 3703 4179 ἄστρων
3739 4097 3865 4176 φύσις

2263 4199 2538 4276 ἐγγυτέρω
2595 4200 2844 4253 τέτακται
2902 4201 3057 4266 Θεοῦ,
3113 4197 3376 4271 κρείσσων
3431 4193 3564 4248 οὖσα
3623 4197 3714 4259 τῆς
3775 4189 3861 4240 τῶν

2263 4289 2587 4364 κρεισσόνων
2648 4288 2946 4362 ἀνθρώπων
3007 4286 3204 4360 ἀρετῆς
3259 4305 3276 4324 ο
3341 4284 3662 4353 ἀννεννόητα
3703 4275 3856 4335 κακίας

2263 4379 2366 4454 ἄρα
2404 4379 2495 4434 καὶ
2535 4377 2746 4448 ἀνενδεῆ
2779 4378 2890 4433 ἐστι
2919 4380 2984 4433 τά
3012 4376 3202 4453 ἄστρα.
3245 4380 3366 4434 Ἔτι
3398 4376 3473 4438 εἷς
3519 4378 3563 4413 ’⁸
3587 4376 3645 4429 τὸ
3673 4367 3862 4430 ἀνελεῖν,

509 4463 628 4518 Ηοο
659 4462 773 4534 lex)
805 4465 1093 4536 prohibet,
1133 4467 1480 4537 impostores
1513 4467 1700 4539 punit,
1735 4469 2025 4540 minisque
2057 4471 2136 4524 Ge

2265 4471 2398 4527 Τινὰ
2446 4472 2654 4545 γένεσις
2702 4468 3004 4545 ἐργάζεται,
3053 4473 3215 4523 τοῦτο
3265 4465 3321 4522 δὲ
3358 4467 3529 4539 νόμος
3564 4461 3764 4528 κωλύει,
3792 4475 3868 4510 κο-

515 4551 940 4608 nethliacorum
989 4555 1311 4611 doctrinam
1347 4557 1691 4626 proscribit:
1735 4575 1866 4629 ergo
1899 4559 1986 4614 lex
2018 4576 2159 4615 con-

510 4640 693 4697 traria
722 4648 812 4698 est
858 4644 1078 4714 genesi.
1131 4646 1502 4717 Quaecunque
1549 4647 1708 4704 enim
1750 4647 1840 4704 lex
1874 4649 2159 4720 prohibet,

511 4730 746 4803 genesis
777 4731 1019 4800 deﬁnit;
1051 4750 1412 4806 quiscunque
1434 4740 1628 4791 autem
1653 4737 1808 4809 cogit
1827 4738 2059 4810 genesis
2087 4740 2166 4796 fa-

512 4833 660 4886 cere,
696 4834 764 4874 ea
793 4819 884 4874 lex
916 4819 1250 4889 interdicit;
1283 4837 1414 4894 ergo
1437 4822 1528 4879 lex
1557 4823 1798 4880 inimica
1829 4826 2029 4896 genesi
2056 4831 2164 4883 est.

509 4907 568 4963 Si
599 4916 792 4965 autem
826 4908 1085 4981 inimica,
1117 4926 1254 4983 ergo
1294 4911 1660 4984 legislatores
1692 4931 1807 4970 non
1840 4919 1978 4970 sunt
2004 4915 2170 4989 legis-

516 4997 727 5055 latores
759 5001 1087 5055 secundum
1133 5001 1398 5072 genesin.
1448 5005 1568 5059 Hoc
1597 5007 1705 5073 est,
1746 5020 1861 5060 non
1902 5010 2038 5062 sunt
2073 5023 2170 5078 ge-

589 5097 603 5137 i
647 5096 798 5153 Psal.
833 5098 885 5165 2,
920 5103 973 5156 7.

2268 4558 2452 4629 λάζων
2492 4561 2618 4621 τοὺς
2650 4557 2956 4633 ἀλάστορας
2987 4559 3077 4612 καὶ
3127 4555 3196 4612 δι’
3235 4554 3469 4624 ἀπειλῆς
3525 4555 3764 4626 άπείργων
3811 4543 3864 4596 τά

2267 4653 2367 4714 τῆς
2399 4648 2650 4724 γενέσεως
2682 4645 2945 4723 δόγματα,
3007 4645 3244 4702 ἐναντίον
3291 4645 3395 4721 ἄρα
3446 4645 3613 4718 νόμος
3652 4638 3821 4713 γενέσει
3849 4650 3861 4662 ’

2274 4739 2374 4793 ὅσα
2425 4738 2519 4811 μὲν
2560 4739 2664 4813 γὰρ
2712 4740 2882 4810 νόμος
2922 4735 3149 4808 κωλύει,
3208 4739 3375 4791 ταῦτα
3441 4734 3637 4809 γένεσις
3684 4725 3867 4813 ὦριςενι

2276 4825 2374 4881 ὅσα
2405 4823 2461 4880 δὲ
2501 4824 2708 4902 γένεσις
2739 4831 2914 4880 ποιεῖν
2950 4825 3214 4900 βιάζεται,
3255 4828 3423 4879 ταῦτα
3469 4823 3631 4895 νόμος
3675 4809 3868 4871 κωλύει.

2279 4898 2556 4988 Πολέμιον
2589 4915 2694 4990 ἄρα
2721 4914 2924 4990 γενέσει
2952 4898 3143 4986 νόμος.
3181 4912 3243 4968 Ei’
3272 4911 3330 4967 δὲ
3360 4910 3647 4985 πολέμιον,
3677 4904 3762 4960 οὐκ
3793 4898 3871 4990 ἄρξι

2279 4985 2675 5082 κατά-γένεσιν
2729 4985 2782 5060 οἱ
2847 4985 3138 5078 νομοθέται
3203 5005 3493 5078 νομοθέται
3531 5002 3643 5074 [961
3696 4991 3774 5066 Ριι]
3819 4985 3870 5040 Τά

1881 5217 2119 5273 VARI/E
2158 5217 2564 5276 LECTIONES.

598 5299 816 5381 “grape:
853 5305 976 5381 θεῖα
997 5310 1140 5381 post
1169 5307 1474 5381 Sphottum
1502 5309 1720 5381 Sui_cer.
1753 5307 1931 5364 Thes.
1957 5326 2018 5376 ιι,
2053 5325 2108 5380 p.
2141 5309 2246 5363 593
2279 5326 2292 5364 :
2328 5309 2569 5365 frustra.
2650 5308 2692 5343 ¹⁹
2719 5302 3054 5381 ὑπαλλαγὴν
3101 5309 3211 5381 ΑΒ.
3273 5305 3336 5381 ,³ο
3389 5295 3748 5381 μυεῖ-ἑαυτὴν
3780 5288 3877 5381 ,ξᾴς

525 5363 782 5452 dendum
816 5363 1048 5452 αἱρετιήέ
1110 5363 1529 5452 “angina;
1556 5363 1719 5452 esset)
1753 5363 2072 5437 Gatakerus
2098 5363 2196 5452 ap.
2229 5363 2616 5452 sumere.)
2669 5379 2793 5436 544.
2870 5379 2916 5414 υ
2956 5363 3046 5431 ἐωξὶ
3115 5377 3176 5431 οὐ
3230 5363 3478 5451 γέγονας]
3535 5373 3729 5430 horum
3779 5363 3876 5418 loco

523 5441 736 5501 lacuna
761 5451 850 5502 est
879 5441 938 5504 in
974 5441 1086 5506 ᾸΒ.
1165 5451 1212 5485 ³⁸
1242 5441 1413 5526 λέγει.
1493 5453 1538 5487 2⁸
1567 5448 1761 5524 ἀμέλει
1803 5468 1912 5509 om.
1947 5456 2056 5508 AB.
2133 5441 2180 5486 5'
2209 5450 2254 5505 ei
2285 5455 2331 5508 A
2367 5469 2379 5509 :
2415 5449 2486 5512 εἷς

2123 5562 2346 5616 NOT/‘E.

595 5653 1007 5734 (πὶ-παρθενίᾳ
1041 5657 1251 5734 _i_nter_e
1281 5663 1336 5715 et
1371 5679 1385 5710 ι
1417 5675 1566 5734 pone
1596 5664 1712 5734 vet
1742 5680 1774 5713 α
1814 5658 2172 5734 praepositio-
2285 5680 2322 5734 v_
2343 5673 2444 5730 pro
2475 5677 2506 5710 α
2538 5657 2909 5734 Etymologus
2940 5657 3056 5715 huc
3077 5673 3193 5715 non
3223 5655 3360 5713 facit
3393 5655 3628 5716 dictum,
3662 5635 3880 5717 quidic“

531 5725 626 5781 nis
656 5724 927 5782 ultimum
959 5728 1165 5798 abjice.
1191 5729 1276 5784 Ita
1300 5735 1390 5786 est
1411 5724 1584 5786 unius
1607 5724 2178 5804 littere’perinutatio
2294 5724 2385 5784 ὅτι
2424 5727 2570 5804 παρὰ
2608 5724 2741 5783 Θεοῦ
2780 5724 2967 5801 ἐδόθη.

4013 5171 4058 6051 (

4017 5895 4028 5926 ἑ
