4100 6242
196 382 348 442 1173

1259 375 1800 440 BIBLIOTHECA.
1848 411 1924 419 -—
1969 378 2139 438 COD.
2182 378 2569 440 CCXXXVII.

3444 386 3599 445 1174

194 516 298 592 γὰρ
353 509 562 567 ἐναντία
619 509 1040 586 δογματίζοντες
1099 511 1301 590 γενέσει
1349 511 1547 589 γενὲσει
1591 511 1834 568 λύουσιν.

1962 514 2077 569 nesi
2109 517 2436 571 necessario
2470 532 2567 587 per
2596 517 2778 571 fatum
2811 517 3083 588 subjecti.
3106 519 3250 576 Nam
3283 524 3424 580 dum
3445 540 3582 580 con-

197 603 348 661 Ἤτοι
401 598 496 656 οὗν
545 600 748 677 γένεσίς
800 599 934 673 ἐστι,
983 602 1073 656 καὶ
1125 601 1187 656 ού
1233 604 1344 676 χρὴ
1379 602 1512 656 εἶναι
1543 601 1837 675 νόμους,ἢ

199 692 298 748 εἶσὶ
330 689 515 763 νόμοι,
546 691 636 746 καὶ
669 689 769 745 οὐκ
797 689 898 745 sic?
939 692 1074 745 κατὰ
1112 690 1336 766 γένεσιν.
1387 688 1562 747 Ἀλλὰ
1615 691 1843 765 ἀμήχα-

198 803 284 837 νον
312 779 489 856 χωρὶς
521 779 778 855 γενέσεως
818 780 974 856 φῦναί
1006 778 1110 834 τινί
1143 801 1263 835 τινα
1311 779 1401 834 καὶ
1452 777 1841 853 διαπράξασθαί

198 893 249 925 τι
279 889 291 903 ·
325 867 454 925 οὐδὲ
483 871 584 946 γὰρ
613 870 707 924 τὸν
739 866 1004 924 δάκτυλον
1039 868 1228 943 ἐξεῖναι
1263 891 1420 947 φασιν
1451 871 1626 945 χωρὶς
1659 870 1844 941 εἱμαρ-

203 959 362 1032 μένης
421 965 660 1028 κινῆσαι.
728 960 877 1015 Κατὰ
951 959 1152 1032 γένεσιν
1213 957 1313 1034 ἄρα
1377 959 1466 1013 καὶ
1527 957 1710 1020 Μίνως
1751 956 1841 1012 καὶ

201 1046 564 1121 Ῥαδάμανθυς
615 1047 708 1103 καὶ
759 1049 980 1122 Δράκων
1026 1047 1116 1104 καὶ
1163 1052 1473 1124 Λυκοῦργος
1514 1051 1604 1102 καὶ
1650 1045 1839 1101 Σόλων

199 1139 284 1193 καὶ
315 1136 584 1200 Ζάλευκος
637 1137 934 1210 νομοθέται
978 1139 1166 1212 φύντες
1215 1135 1521 1208 διετάξαντο
1569 1137 1697 1197 τοὺς
1744 1136 1843 1190 νό-

203 1249 355 1300 μους,
388 1226 826 1302 ἀπαγορεύοντας
858 1225 1070 1289 κλοπὰς
1111 1228 1310 1304 φόνους
1349 1225 1439 1281 καὶ
1469 1227 1536 1280 τὰ
1587 1223 1775 1299 ὅμοια,
1810 1223 1841 1278 ἃ

196 1339 327 1373 κατα
393 1317 597 1393 γένεσιν
661 1313 1068 1389 ἐπισυμϐαίνειν
1151 1313 1592 1390 δογματίζουσιν.
1668 1316 1839 1387 ’Όπερ

197 1405 452 1462 ἀδύνατον
485 1427 498 1442 ο
534 1407 668 1476 αύτῆ
711 1407 815 1481 γὰρ
848 1404 906 1469 ἂν
942 1407 1029 1484 ὑφ’
1061 1406 1255 1475 ἑαυτῆ(
1288 1407 1543 1480 ἀνῃρεῖτο
1572 1407 1606 1474 ἡ
1648 1405 1695 1440 26
1747 1405 1840 1480 ’ίὲ’

197 1518 354 1565 νεσις,
408 1495 542 1565 αύτή
590 1495 784 1563 ἑαυτὴν
825 1496 1117 1569 ἀκυροῦσα,
1175 1495 1264 1550 καὶ
1323 1492 1550 1548 ἐνταῦθα
1610 1494 1703 1566 μὲν
1747 1494 1842 1546 ἀπο

197 1584 581 1661 αγορευτικοὺς
618 1583 875 1659 μοιχείας
905 1585 994 1639 καὶ
1051 1588 1160 1639 τῶν
1202 1581 1388 1640 ἄλλων
1447 1584 1648 1657 νόμους
1696 1585 1841 1637 τιθε-

199 1676 354 1748 μένη,
407 1673 630 1728 ἐνταῦθα
679 1670 734 1728 δὲ
780 1675 910 1735 τοὺς
962 1674 1168 1746 νόμους
1207 1675 1251 1710 ⁸⁸⁷
1299 1675 1388 1728 καὶ
1438 1675 1533 1735 τὰς
1587 1671 1839 1746 μοιχείας

197 1763 533 1840 ἐργαζομένη
570 1781 583 1795 ’
619 1760 770 1818 οὐδὲν
820 1764 920 1839 γὰρ
980 1761 1290 1818 ἀλλόκοτον
1341 1761 1441 1836 [αὖ]
1490 1761 1619 1816 αὐτὸ
1664 1761 1839 1833 ἑαυτῷ

1953 603 2128 658 traria
2157 604 2353 674 genesi
2404 605 2752 674 decernunt,
2804 607 3063 677 genesim
3117 609 3404 667 destrunt.
3451 617 3600 685 Ergo

1953 698 2055 749 aut
2085 694 2312 764 genesis
2341 696 2450 761 est,
2483 697 2539 749 et
2568 693 2854 749 tolluntur
2883 693 3036 766 leges
3065 712 3078 752 :
3103 703 3202 753 aut
3243 698 3399 770 leges
3435 709 3595 764 sunt.

1949 786 2005 837 et
2035 798 2144 836 non
2192 787 2332 836 sunt
2377 798 2506 852 qua;
2547 783 2744 854 genesi
2791 785 3164 855 respondent.
3201 788 3311 842 Sed
3355 805 3470 845 non
3510 795 3602 846 est

1951 871 2249 943 possibile,
2279 871 2572 943 inquiunt,
2598 873 2907 944 quisquam
2936 883 2993 928 ut
3017 881 3310 943 nascatur,
3337 885 3395 932 ut
3428 880 3597 948 quid-

1951 975 2126 1030 quam
2159 975 2192 1014 a
2230 977 2523 1030 quoquam
2566 961 2668 1015 ﬁat
2706 962 2833 1016 sine
2865 964 3088 1034 genesi,
3124 981 3312 1036 neque
3341 966 3593 1038 digitum

1952 1049 2078 1104 sine
2121 1049 2236 1105 fato
2282 1066 2450 1119 posse
2483 1052 2696 1106 moveri
2728 1051 2910 1106 aiunt.
2961 1055 3047 1108 Aa
3096 1070 3232 1126 ergo
3264 1057 3592 1112 secundum

1951 1140 2190 1211 genesin
2225 1139 2342 1194 nati
2376 1139 2585 1207 Minos,
2619 1139 3070 1210 Rbadamantus,
3104 1142 3348 1214 Dracon,
3376 1144 3596 1214 Lycur-

1951 1244 2082 1300 gus,
2140 1228 2332 1296 Solon,
2392 1227 2670 1284 Seleucus
2728 1229 3110 1300 legislatores,
3167 1233 3324 1304 leges
3391 1234 3594 1289 condi-

1951 1319 2160 1374 derunt
2207 1335 2332 1386 qua;
2379 1319 2735 1374 damnarunt
2774 1319 2949 1385 furta,
2993 1322 3196 1390 caedes,
3243 1330 3297 1377 et
3345 1321 3454 1378 hoc
3493 1339 3594 1396 ge-

1950 1423 2061 1463 nus
2110 1407 2242 1475 alia,
2291 1424 2417 1479 quze
2467 1408 2583 1462 l'ato
2633 1407 2756 1462 fieri
2802 1425 2904 1466 seu
2967 1410 3164 1481 genesi
3215 1412 3594 1476 contendunt,

1953 1495 2106 1567 quod
2136 1495 2257 1552 ﬁeri
2311 1513 2424 1553 non
2458 1502 2669 1568 potest,
2721 1516 2852 1554 nam
2885 1501 3117 1572 genesis
3149 1518 3182 1556 a
3211 1500 3406 1572 seipse
3428 1518 3596 1558 ever-

1950 1590 2192 1653 teretur,
2225 1589 2367 1642 dum
2395 1587 2526 1658 ipsa
2555 1589 2810 1660 seipsam
2861 1594 3218 1647 exauctorat.
3258 1591 3406 1647 Hinc
3439 1592 3596 1648 enim

1953 1680 2127 1749 ponat
2156 1677 2384 1749 genesis
2432 1677 2588 1748 leges
2637 1695 2763 1750 quze
2795 1679 3077 1736 adulteria
3118 1685 3175 1736 et
3204 1681 3318 1737 alia
3348 1682 3599 1738 crimina

1951 1767 2254 1837 damnant,
2283 1766 2444 1824 illinc
2465 1783 2596 1823 vero
2623 1768 2846 1838 [eadem
2869 1770 3118 1842 genesis]
3145 1771 3330 1826 caedes
3360 1774 3417 1825 et
3437 1769 3599 1826 adul-

201 1855 518 1930 μαχόμενον
546 1853 636 1908 καὶ
695 1851 824 1908 αὐτὸ
876 1853 1032 1908 ἑαυτὸ
1088 1851 1375 1908 καταλύειν
1423 1849 1673 1906 σπεῦδον.
1727 1852 1843 1908 Οὐκ

1962 1855 2093 1911 teris
2126 1859 2434 1927 operetur:
2470 1855 2613 1911 nihil
2640 1857 2794 1913 enim
2819 1859 2972 1914 idem
2996 1877 3029 1914 a
3050 1859 3245 1931 seipso
3276 1860 3594 1931 diversum,

199 1941 297 2020 ἄρα
326 1941 556 2020 γένεσις.

266 2125 389 2180 ’Ότι
423 2121 612 2200 φησὶν,
670 2122 734 2177 Ἦ
778 2121 914 2175 κατὰ
964 2121 1317 2197 σωφροσύνην
1364 2119 1528 2196 ἀρετὴ
1578 2119 1839 2193 κρείσσων

197 2208 305 2266 ἐστὶ
344 2216 451 2280 τῆς
482 2209 615 2264 κατά
646 2209 902 2284 ἀκρασίαν
943 2209 1154 2277 κακίας,
1210 2209 1393 2281 μαθεῖν
1439 2201 1551 2262 ἔστι
1602 2207 1689 2260 καὶ
1737 2207 1842 2260 ἀπὸ

201 2298 496 2374 βασιλέων,
547 2298 652 2353 ἀπὸ
700 2297 1012 2373 ἀρχόντων,
1059 2298 1164 2352 ἀπὸ
1215 2301 1558 2373 στρατηγῶν,
1605 2297 1710 2350 ἀπὸ
1757 2294 1845 2351 τὲ-

199 2409 357 2459 κνων,
413 2388 523 2443 ἀπὸ
573 2389 842 2457 πολιτῶν,
890 2388 996 2443 ἀπὸ
1031 2387 1276 2457 οἰκετῶν,
1310 2387 1413 2441 ἀπὸ
1454 2383 1841 2461 παιδαγωγῶν.

196 2481 470 2539 Ἕκαστος
503 2477 605 2554 γὰρ
637 2478 842 2532 τούτῶν
872 2475 1048 2548 ἐαυτῷ
1077 2475 1168 2530 καὶ
1215 2479 1296 2548 τῷ
1345 2479 1510 2546 κοινῷ
1564 2473 1846 2553 ὠφέλιμος

198 2569 400 2643 γίνεται
465 2571 786 2643 σωφρονῶν,
840 2563 1247 2621 ἀκολασταίνων
1305 2565 1351 2620 δ’
1405 2565 1579 2637 ἑαυτῷ
1633 2565 1720 2618 καὶ
1767 2567 1846 2636 τῷ

196 2662 362 2730 κοινῷ
403 2652 705 2732 βλαϐερός.

267 2767 388 2824 ’Ότι
466 2765 648 2844 φησὶν,
708 2765 769 2821 Ὀ
830 2763 924 2836 μὲν
985 2765 1152 2837 νόμος
1210 2764 1381 2825 τύπος
1439 2762 1550 2817 ἐστὶ
1601 2761 1691 2816 καὶ
1725 2762 1846 2815 σκιὰ

198 2859 291 2922 τῆς
350 2854 586 2922 εἰκόνος,
628 2853 872 2910 τουτέστι
937 2859 1034 2908 τοῦ
1092 2851 1453 2928 Εύαγγελίοψ
1513 2854 1544 2921 ἡ
1599 2849 1654 2906 δὲ
1686 2851 1845 2906 εἰκὼν

198 2947 256 3000 τὸ
293 2940 637 3020 Εύαγγὲλιον
670 2944 838 3012 αὐτῆς
866 2950 967 3013 τῆς
1013 2941 1272 3014 ἀληθείας
1329 2949 1430 3011 τῆς
1480 2940 1745 3015 ἐσομένης
1793 2939 1844 2995 ἐν

198 3039 262 3109 τῇ
291 3031 523 3108 δευτέρᾳ
550 3037 646 3089 τοῦ
677 3031 880 3102 Κυρίου
911 3031 1197 3107 παρουσίᾳ.

1953 1961 2151 2001 secum
2187 1949 2426 2016 pugnat,
2459 1945 2733 2018 idemque
2761 1947 2829 2003 ad
2862 1947 2952 2004 sui
2985 1948 3174 2020 ipsius
3205 1947 3448 2005 exitium
3477 1964 3600 2005 ver-

1953 2032 2055 2104 git.
2086 2032 2238 2104 Ergo
2267 2033 2493 2102 genesis
2523 2033 2687 2089 nulla
2717 2037 2826 2091 est.

2023 2123 2446 2195 Temperantia)
2494 2123 2768 2180 virtutem
2818 2124 2900 2180 ait
2941 2124 3236 2181 utiliorem
3287 2141 3418 2181 esse
3461 2125 3598 2181 vitio

1955 2212 2438 2285 intemperantia,
2471 2212 2648 2284 idque
2677 2217 2874 2284 patere
2904 2231 2973 2270 ex
2998 2214 3258 2286 regibus,
3290 2214 3604 2287 magistra-

1956 2301 2135 2368 tibus,
2168 2301 2304 2358 belli
2335 2301 2610 2370 ducibus,
2652 2301 2811 2371 ﬁliis,
2860 2301 3105 2372 civibus,
3157 2303 3362 2370 servis,
3408 2303 3604 2375 paeda-

1955 2391 2156 2463 gogis:
2200 2391 2423 2463 singuli
2469 2392 2626 2447 enim
2677 2391 2910 2460 horum,
2957 2409 3089 2448 cum
3139 2393 3324 2448 δίκα
3381 2397 3603 2463 tempe-

1957 2485 2156 2536 ranter
2183 2479 2406 2546 vivunt,
2431 2488 2672 2552 prosunt
2707 2481 2820 2538 sibi
2853 2486 2909 2536 et
2949 2481 3312 2554 reipublicae;
3343 2498 3477 2537 cum
3508 2480 3601 2537 in-

1957 2573 2340 2641 temperanter
2369 2569 2485 2625 sibi
2515 2575 2571 2626 et
2599 2569 2929 2642 reipublicae
2961 2575 3192 2628 nocent.

2027 2759 2160 2822 Lex,
2211 2753 2425 2825 inquit,
2480 2756 2660 2825 ﬁgura
2705 2761 2758 2810 et
2802 2755 2998 2810 umbra
3044 2757 3123 2809 est
3163 2749 3429 2821 imaginis
3467 2752 3599 2824 (84),

1956 2845 2065 2900 hoc
2095 2847 2184 2900 est
2213 2840 2541 2912 Evangelii;
2593 2842 2965 2912 Evangelium
2997 2858 3132 2899 vero
3174 2841 3364 2913 imago
3396 2841 3602 2898 futuris

1956 2935 2016 2990 in
2046 2934 2300 2992 secundo
2331 2932 2561 2990 Domini
2591 2933 2864 3002 adventu,
2895 2931 3175 2989 veritatis.

267 3124 389 3181 ’Ότι
421 3124 493 3179 τὸ
524 3123 571 3159 ’⁸
609 3121 660 3178 ὲν
707 3126 784 3193 τῷ
843 3126 1113 3192 Λευῖτικῷ
1159 3120 1283 3196 περὶ
1331 3127 1431 3191 τῆς
1477 3118 1844 3194 σκηνοπηγίας

2031 3121 2259 3176 Dictum
2307 3117 2370 3174 in
2419 3117 2671 3173 Levitico
2702 3117 2772 3173 de
2801 3112 3164 3187 scenopegiis
3197 3129 3299 3170 seu
3333 3111 3600 3168 taberna-

200 3213 507 3288 λεγόμενον
542 3210 617 3274 εἷς
645 3212 742 3280 τὴν
777 3208 828 3265 ἐν
860 3215 928 3284 τῇ
966 3211 1010 3284 β’
1039 3215 1134 3266 τοῦ
1168 3210 1370 3286 Κυρίου
1407 3209 1676 3285 παρουσίᾳ
1725 3209 1846 3264 ἐσο⁹

204 3302 358 3372 μένην
409 3306 527 3357 τῶν
575 3299 870 3374 ἀνθρώπων
928 3299 1212 3354 ἀνάστασιν
1271 3296 1573 3374 ἐκδέχεται,
1641 3300 1846 3369 σκηνὴν

202 3391 422 3446 ἑκάστου
452 3392 521 3446 τὸ
555 3389 754 3444 οἰκεῖον
793 3390 962 3450 τιθεὶς
993 3391 1038 3425 ²⁹
1069 3393 1248 3462 σῶμα,
1287 3389 1380 3452 τάς
1429 3387 1484 3443 δὲ
1523 3389 1655 3443 ἒπτᾶ
1700 3389 1848 3461 ἠμε-

204 3499 292 3552 ρας
322 3481 398 3545 εἰς
428 3481 606 3536 τύπον
641 3483 747 3534 τῶν
797 3477 932 3533 ἑπτὰ
989 3477 1225 3548 αῗώνων,
1277 3479 1370 3534 καὶ
1434 3476 1612 3533 τᾶλλα
1654 3477 1848 3532 ἀναλό-

201 3589 327 3643 γως.

269 3659 385 3713 Ὅτι
419 3658 784 3733 ἆναγωγικῶς
815 3659 861 3694 ³ο
891 3653 1170 3732 ἐκδέχεται
1203 3657 1264 3711 τὸ
1299 3657 1373 3719 εἰς
1411 3657 1534 3718 τοὺς
1564 3657 1764 3730 Κριτὰς
1797 3655 1842 3692 ³ί

200 3745 504 3820 εἰρημένον.
567 3747 914 3822 Πορευόμενα
963 3744 1286 3821 ἐπορεύοντο
1335 3749 1463 3818 [510
1520 3746 1608 3818 Η.]
1657 3746 1726 3800 τὰ
1755 3743 1844 3815 ξύ-

201 3833 266 3890 λα
294 3841 390 3892 τοῦ
431 3843 628 3914 χρῖσαι
677 3837 758 3914 ἐφ’
816 3837 1019 3891 ἑαυτῶν
1047 3837 1094 3872 ³³
1147 3834 1393 3910 βασιλέα,
1443 3835 1532 3888 καὶ
1587 3834 1739 3888 εἶπαν
1769 3835 1848 3870 ³³⁸

197 3928 262 3998 τῇ
307 3927 485 4000 ἐλαίᾳ,
553 3926 885 3982 Βασίλευσον
951 3926 1037 4001 ἔφ’
1085 3927 1268 3998 ἡμῶν·
1338 3923 1427 3979 καὶ
1476 3925 1618 3979 εἶπεν
1662 3922 1845 3986 αύτοῖς

203 4016 235 4084 ἡ
281 4015 457 4088 ἐλαία,
501 4019 729 4094 Ἀῳεῖσα
774 4018 874 4085 τὴν
928 4016 1163 4086 πιότητά
1225 4036 1352 4086 μου,
1407 4015 1472 4084 ἢν
1534 4010 1780 4082 ἐδόξασεν
1821 4013 1848 4067 ὁ

195 4106 325 4168 Θεὸς
389 4108 484 4162 καὶ
542 4106 597 4161 οἱ
655 4103 958 4180 ἂνθρωποι,
1025 4107 1276 4178 πορευθῶ
1332 4103 1522 4178 ἄρχειν
1581 4109 1688 4158 τῶν
1765 4101 1854 4172 ζύ-

198 4194 306 4250 λων
347 4199 434 4267 ³³ς
494 4199 606 4255 Καὶ
666 4197 814 4252 εἶπαν
869 4195 935 4251 τὰ
991 4193 1126 4269 ξύλα
1180 4198 1250 4268 τῇ
1311 4198 1470 4268 συκῇ,
1531 4199 1698 4270 Δεῦρο
1758 4195 1844 4263 οὺ,

201 4283 526 4356 βασίλευσον
591 4284 673 4362 ἐφ’
729 4287 912 4358 ἡμῶν·
971 4284 1064 4339 καὶ
1121 4284 1264 4339 εἶπεν
1343 4283 1528 4345 αὐτοῖς
1585 4285 1619 4352 ἡ
1692 4289 1852 4353 συκῆ,

200 4374 423 4452 Ἀφεῖσα
452 4379 558 4447 τὴν
597 4375 914 4452 γλυκύτητα
956 4396 1060 4448 μου
1110 4375 1202 4430 καὶ
1249 4375 1311 4429 τὸ
1352 4372 1592 4449 γέννημα
1645 4394 1743 4446 μον
1793 4375 1855 4427 τὸ

1959 3210 2108 3267 culis
2139 3210 2312 3266 refert
2342 3206 2415 3263 ad
2457 3205 2938 3263 resurrectionem
2994 3203 3300 3259 hominum
3346 3203 3600 3258 secundo

1959 3298 2190 3356 Domini
2249 3298 2498 3354 adventu
2566 3297 2873 3352 futuram:
2936 3291 3375 3350 tabernaculum
3443 3289 3600 3346 enim

1957 3388 2422 3458 uniuscujusque
2443 3401 2653 3456 corpus
2675 3386 3090 3456 interpretatur
3112 3399 3127 3449 ;
3151 3388 3371 3452 septem
3406 3383 3600 3436 autem

1956 3480 2081 3534 dies
2131 3478 2376 3548 ﬁguram
2426 3475 2508 3531 ait
2555 3479 2781 3547 septem
2841 3472 3208 3541 saeculorum,
3260 3469 3492 3542 aliaque
3543 3468 3600 3524 id

1955 3585 2141 3641 genus
2172 3566 2470 3637 analogice
2500 3565 2756 3637 exponit.

2025 3656 2350 3729 Anagogice
2373 3655 2509 3710 illud
2552 3655 2636 3725 [in
2672 3653 2944 3708 Judicum
2969 3650 3158 3721 libris]
3180 3649 3237 3704 in
3259 3648 3495 3705 Judices
3517 3646 3601 3702 di-

1955 3750 2113 3802 ctum
2167 3745 2414 3816 accipit:
2475 3742 2680 3798 Bantia
2735 3743 2952 3798 iverunt
3007 3739 3165 3808 ligna
3213 3742 3273 3792 ut
3338 3740 3606 3807 ungerent

1954 3851 2118 3905 super
2171 3851 2228 3890 se
2283 3849 2484 3903 regem,
2542 3836 2595 3888 et
2648 3831 2912 3886 dixerunt
2957 3831 3159 3885 olivae:
3206 3827 3395 3893 Regna
3438 3838 3606 3894 super

1954 3940 2070 3980 nos.
2104 3925 2168 3978 Et
2195 3922 2342 3978 dixit
2371 3921 2450 3977 eis
2481 3921 2666 3976 oliva:
2697 3925 2959 3976 Deserene
2987 3916 3378 3989 pinguedinem
3401 3928 3604 3978 meam,

1958 4029 2121 4085 quam
2151 4011 2211 4066 in
2253 4026 2337 4066 me
2373 4010 2703 4081 gloriﬁcavit
2751 4009 2890 4063 Deus
2938 4010 2990 4061 et
3032 4005 3297 4070 homines,
3339 4002 3498 4058 abibo
3545 4004 3608 4056 ut

1959 4099 2213 4157 rtominer
2240 4100 2386 4154 inter
2415 4097 2572 4168 tigna
2593 4101 2618 4151 γ
2645 4101 2717 4152 Et
2748 4095 3021 4152 dixerunt
3055 4093 3214 4164 tigna
3249 4092 3421 4162 ﬁcui:
3455 4090 3604 4156 Veni,

1961 4208 2131 4263 regna
2177 4207 2344 4264 super
2388 4206 2505 4245 nos.
2551 4189 2610 4244 Et
2660 4190 2742 4243 ait
2785 4188 2861 4242 eis
2900 4187 3067 4257 ﬁcus:
3118 4184 3376 4240 Deserem
3422 4180 3610 4236 dulce-

1962 4282 2148 4339 dinem
2206 4297 2406 4347 meam,
2457 4282 2507 4336 et
2553 4281 2799 4350 fructum
2843 4292 3026 4332 meum
3073 4275 3297 4341 bonum,
3345 4269 3506 4326 abibo
3550 4272 3610 4324 ut

1962 4373 2227 4445 imperem
2259 4371 2424 4442 tignis
2446 4371 2474 4425 ?
2508 4370 2574 4424 Et
2620 4369 2889 4424 dixerunt
2937 4367 3092 4436 tigna
3136 4361 3276 4420 viti:
3318 4375 3505 4432 usque
3537 4359 3612 4414 ad

207 4462 404 4538 ἀγαθὸν
451 4467 711 4542 πορευθῶ
756 4463 946 4543 ἄρχειν
996 4467 1104 4518 τῶν
1160 4461 1377 4534 ξύλων;
1438 4464 1536 4519 Καὶ
1601 4462 1750 4518 εἶπαν
1791 4465 1846 4518 τᾶ

1964 4462 2150 4518 illud:
2215 4463 2280 4517 Et
2330 4460 2592 4516 dixerunt
2648 4456 2936 4513 rhamnoi.
2988 4459 3046 4512 et
3091 4469 3215 4526 quae
3258 4453 3608 4543 sequuntur:

211 4552 360 4623 ξύλα,
437 4555 509 4630 τῇ
587 4553 821 4628 ἀμπέλῳ
904 4556 949 4590 ³⁸
1026 4552 1116 4608 καὶ
1202 4553 1352 4608 εἶπαν
1417 4558 1486 4627 τῇ
1543 4550 1734 4627 ῥάμνῳ
1785 4554 1852 4624 ⁸⁵,

210 4642 476 4716 καῖὲξῆς.
531 4644 683 4715 Φησὶ
747 4645 870 4719 γὰρ,
929 4646 1109 4699 Ταῦτα
1166 4643 1224 4696 ὁὶ
1274 4641 1357 4697 ὅτι
1412 4643 1486 4715 μή
1530 4642 1652 4717 περὶ
1685 4641 1862 4713 ξύλων

213 4731 437 4812 ὲλὲχθη,
491 4732 661 4812 σαφές
711 4731 854 4790 ἐστιν
891 4752 905 4767 °
958 4730 1104 4788 ἀλλά
1152 4734 1275 4806 περὶ
1331 4736 1525 4808 ψυχῶν
1563 4733 1860 4807 ἱστορεῖται

215 4824 394 4895 ταῦτα,
430 4822 486 4878 αἶ
517 4823 630 4898 πρὸ
660 4823 760 4890 τής
803 4821 1260 4896 ἑνανθρωπήσεως
1310 4825 1407 4876 τοῦ
1456 4823 1689 4895 Χριστοῦ
1739 4824 1863 4876 καθα

211 4909 634 4985 υλομανήσασαι
672 4917 790 4976 τοῖς
843 4913 1252 4988 παραπτώμασι
1311 4911 1616 4986 προσίασιν,
1677 4913 1859 4966 οἶκτον

211 5001 386 5056 αὐτῶν
409 5003 662 5077 ἀξιοῦσαι
691 4996 880 5056 λαϐεῖν
923 5001 1015 5056 τὸν
1071 5002 1220 5074 Θεὸν,
1269 5001 1360 5055 καὶ
1415 5000 1730 5075 βασιλεῦσαι
1768 5002 1859 5055 τὸν

208 5084 359 5146 ἔλεον
389 5090 474 5147 ἐπ’
507 5091 681 5153 αὐτὰς
702 5087 814 5160 ἤδη
846 5093 937 5146 καί
967 5091 1066 5160 τὴν
1097 5088 1526 5169 εύσπλαγχνίαν,
1560 5089 1624 5159 ἢν
1673 5087 1861 5152 ἐλαίας

279 5258 294 5315 l
333 5260 528 5320 Judic.
565 5275 644 5330 ix,
675 5258 828 5316 8-14.

1967 4553 2118 4623 Haec,
2151 4551 2362 4624 inquit,
2404 4552 2630 4606 constat
2667 4564 2779 4603 non
2825 4561 2953 4603 esse
2982 4546 3053 4601 de
3085 4544 3259 4616 lignis
3301 4543 3479 4608 dicta,
3512 4539 3612 4594 sed

1971 4644 2040 4698 de
2069 4641 2378 4698 animabus
2429 4638 2551 4694 haec
2591 4641 2922 4702 narrantur,
2956 4651 3082 4707 quae
3111 4637 3244 4690 ante
3275 4629 3490 4688 Christi
3522 4629 3612 4684 in-

1972 4731 2370 4788 carnationem
2430 4726 2674 4783 luxurias
2731 4724 2888 4781 vitiis
2936 4721 3274 4794 inquinatas,
3329 4719 3617 4776 accedunt

1971 4829 2236 4893 rogantes
2276 4822 2342 4874 ut
2373 4815 2831 4873 misericordiam
2882 4831 2913 4868 a
2943 4812 3059 4868 Deo
3099 4812 3432 4881 impetrent,
3465 4810 3521 4863 et
3551 4809 3617 4860 ut

1965 4911 2092 4982 jam
2124 4906 2417 4965 miseratio
2450 4922 2628 4978 super
2673 4920 2772 4960 eas
2805 4905 3006 4974 regnet
3047 4905 3106 4956 et
3135 4899 3356 4954 viscera
3387 4894 3616 4952 miseri-

1973 4981 2202 5067 cordia,
2235 5013 2410 5069 quam
2442 4995 2579 5052 olea-
2627 4993 2808 5065 figura
2853 4989 3135 5060 eXpressit
3173 4987 3502 5057 Scriptura.
3552 4981 3621 5036 Et

1972 5089 2252 5144 advertite
2283 5093 2479 5143 utrum
2510 5100 2626 5140 non
2659 5099 2693 5138 a
2727 5080 3086 5154 protoplasto
3117 5092 3306 5148 usque
3327 5075 3398 5131 ad
3429 5070 3619 5128 Chris-

1608 5437 1843 5496 VARl/E
1889 5438 2300 5495 LECTIONES.

287 5588 334 5626 ⁸⁸
362 5588 398 5659 ἡ
432 5589 573 5645 add.
681 5591 738 5662 et
766 5593 944 5662 rc.7A.
1097 5584 1547 5662 νόμους-φόνους
1580 5604 1698 5662 mg.
1777 5590 1822 5626 ²⁸
1876 5587 1940 5662 τὸ
1997 5589 2135 5662 θάῤ.
2323 5585 2386 5662 ξεν
2418 5585 2652 5662 ⁴’τεθεῖσα
2827 5581 2886 5662 3‘:
2922 5579 3297 5662 ἀναγωγικῶς]
3344 5576 3625 5662 ἀναλόγως

288 5607 398 5659 “ﬂ
432 5607 573 5645 ααα.
610 5607 650 5643 D
681 5607 738 5644 ει
766 5607 848 5646 1³6.
881 5607 944 5644 Δ.
1023 5607 1062 5623 ¹¹
1097 5607 1320 5660 νομους]
1393 5607 1547 5650 ονους
1580 5607 1698 5662 mg.
1779 5607 1822 5626 "
1876 5608 1940 5641 το
1997 5607 2135 5643 800.
2195 5607 2259 5641 Α.
2341 5607 2384 5620 ⁵⁸
2442 5607 2652 5638 ’ζευεισα
2692 5607 2748 5638 υ.
2827 5607 2871 5618 *ν
2922 5607 3297 5656 αναγωγικως]
3344 5607 3624 5654 αναΛυγως

403 5657 712 5750 ³ίξριτᾲς]
742 5677 819 5728 Ix,
849 5661 903 5746 8:
979 5659 1288 5750 εἷς-ἑαυτῶν]
1321 5607 1454 5717 “(lui
1485 5658 1710 5750 ἔαυτίξ)...
1748 5662 1823 5750 ,η’
1855 5658 2003 5747 εἷπον
2206 5659 2252 5692 ³-³
2282 5654 2434 5729 ξύλα]
2468 5653 2600 5725 ξύλα
2648 5653 2822 5708 πάντα
2854 5658 2915 5713 Β.
2991 5653 3038 5688 ³⁴
3069 5659 3197 5725 post
3225 5647 3458 5724 ἀμπέλῳ
3491 5667 3625 5708 cum

225 5736 314 5790 ΑΒ
351 5729 652 5790 οωὶςῖκαὶ
676 5729 783 5797 ἕως
807 5734 925 5790 τοῦ.
1001 5733 1047 5769 ⁸⁸
1074 5732 1174 5802 τήν
1206 5729 1412 5806 ῥάμνον
1491 5739 1551 5790 ut
1580 5729 1715 5789 addi
1747 5741 1838 5790 [ur
1867 5731 2023 5809 πρὸς.
