4100 6242
389 156 542 217 1175

1586 154 1851 215 PHOTlI
1901 153 2426 213 PATBIABCH/E
2471 153 2586 213 CP.

3647 149 3810 210 1176

387 297 543 347 stum
567 290 841 363 deinceps
861 290 1152 361 Scriptura
1180 292 1461 360 praecepta
1483 288 1788 359 signiﬁcet,
1814 289 2027 359 quibus

2145 288 2298 358 τύπῳ
2328 283 2627 360 παρέλαϐεν
2669 288 2703 354 ἡ
2771 285 2976 361 Γραφή.
3022 282 3120 340 Καί
3167 281 3531 355 ἐπισκέψασθε
3585 285 3810 354 μήποτε

389 396 498 436 sua
517 379 786 436 diabolus
802 398 833 435 ο
848 379 1150 451 pponendo
1172 379 1517 433 adumbrata
1533 377 1829 449 ﬁgmenta,
1851 394 2035 448 genus

390 469 715 525 humanum
759 472 1002 539 decepit.
1056 468 1252 522 Ficum
1306 469 1518 539 quippe
1567 484 1699 522 cum
1752 476 2034 539 praecepto

390 558 611 614 homini
647 559 700 611 in
734 557 1000 629 paradiso
1031 558 1163 610 dato
1198 557 1572 628 comparavit,
1599 560 1737 628 quia
1761 559 2035 627 deceptus

389 647 562 701 homo
588 647 738 701 foliis
763 646 856 700 fici
885 647 1203 700 nuditatem
1239 663 1405 701 suam
1429 646 1670 711 velavit;
1697 645 1872 700 vitem
1906 662 2035 700 vero

388 735 500 804 legi
533 740 660 804 post
692 735 969 790 diluvium
1001 736 1119 791 Noe
1151 738 1316 807 data),
1351 754 1414 792 eo
1449 739 1599 808 quod
1635 738 1771 792 vino
1803 736 2036 807 sepitus

396 823 571 878 fuerit
600 824 845 891 irrisus;
898 825 1080 880 oleam
1135 843 1262 882 vero
1308 826 1420 898 legi
1471 827 1647 881 Mosis
1699 828 1756 881 in
1791 827 2034 892 deserto,

391 912 529 983 quia
577 913 767 968 oleum
819 919 1088 970 sanctum
1123 915 1244 971 sive
1288 917 1473 985 gratia
1504 915 1859 986 prophetica,
1897 932 2036 985 pra:-

387 1002 789 1059 varicantibus
838 1005 955 1060 illis
987 1007 1273 1062 defecerat
1319 1007 1389 1062 ab
1428 1007 1779 1062 hmreditate.
1825 1006 2036 1060 Rham-

391 1108 532 1146 num
565 1101 856 1162 comparat
905 1095 1050 1150 datae
1098 1095 1209 1168 legi
1247 1100 1314 1151 ad
1352 1097 1600 1152 salutem
1648 1096 1852 1151 mundi
1903 1112 2037 1165 apo-

392 1181 578 1250 stolis,
617 1181 754 1252 quia
793 1199 888 1252 per
920 1183 1153 1239 illorum
1189 1186 1514 1240 doctrinam
1539 1187 1859 1240 castitatem
1895 1183 2038 1238 didi-

392 1270 600 1338 cimus,
654 1272 745 1326 cui
797 1274 902 1328 soli
965 1274 1211 1329 similem
1275 1275 1494 1329 nullam
1553 1277 1740 1345 potuit
1787 1274 2036 1343 speciem

395 1360 663 1415 diabolus
693 1361 971 1418 invenire.
1018 1365 1170 1420 3'12
1201 1363 1224 1405 ὁ
1259 1365 1404 1419 Hinc
1444 1371 1692 1435 quatuor
1730 1363 2040 1434 Evangelia

394 1449 547 1504 edita
562 1455 720 1518 sunt,
744 1452 860 1507 Deo
880 1458 1083 1523 quater
1103 1455 1518 1509 humanitatem
1537 1453 2038 1526 [incarnationem]

397 1540 801 1606 annuntianle,
834 1547 888 1595 et
921 1543 1219 1611 quaternis
1243 1543 1468 1615 legibus
1499 1545 1760 1607 docente,
1795 1559 2035 1613 quarum

2144 379 2238 437 τας
2269 375 2355 430 ἐπὶ
2395 380 2490 430 τοῦ
2522 373 2956 449 πρωτοπλάστου
3002 373 3167 446 μέχρι
3224 376 3321 427 τοῦ
3375 376 3616 444 Χριστοῦ
3672 377 3810 426 καθ-

2149 468 2269 538 εξῆς
2305 469 2337 534 ’ἦ
2380 466 2564 541 Γραφὴ
2598 465 2924 536 νομοθεσίας
2959 460 3146 532 δηλοῖ,
3179 462 3252 514 ὧν
3297 463 3323 515 ὁ
3356 456 3625 522 διάϐολος
3663 461 3813 514 ἀντι-

2149 555 2343 628 μίμοις
2384 554 2690 628 ἐξηπάτησε
2722 552 3006 627 πλάσμασι
3036 554 3098 608 τὸ
3129 553 3427 626 ἀνθρώπων
3471 555 3660 630 γένος,
3711 556 3811 620 τὴν

2150 647 2242 717 μὲν
2276 643 2362 699 οὖν
2399 652 2564 713 συκῆν
2613 645 2975 712 άπεικ-ὂιζουσα
3027 647 3094 716 τῇ
3146 644 3284 697 κατὰ
3331 643 3421 698 τὸν
3465 639 3809 715 παράδεισον

2149 732 2361 808 δοθείσῃ
2403 738 2481 806 τῷ
2531 735 2794 808 ἀνθρώπῳ
2844 731 3065 805 ἐντολῇ,
3113 729 3299 800 ἐπειδὴ
3356 733 3452 800 τήν
3510 733 3804 806 γύμνωσιν

2148 824 2441 894 ἀπατηθεὶς
2475 825 2632 884 οὗτος
2665 821 2922 883 πετάλοις
2956 820 3261 895 ἐπεκάλυψε
3301 828 3474 890 συκῆς
3519 839 3532 850 ·
3585 822 3690 886 τήν
3753 818 3808 874 δὲ

2148 912 2393 985 ἄμπελον
2431 919 2496 987 τῇ
2538 912 2624 966 ἐπὶ
2656 917 2750 966 τοῦ
2791 912 3179 985 κατακλυσμοῦ
3221 915 3302 981 τῷ
3332 912 3375 946 ⁸6
3407 912 3556 982 Νῶε,⁹
3602 906 3698 963 διὰ
3744 910 3806 962 τῇ

2148 1002 2279 1074 οἷ’νῳ
2322 1001 2689 1080 χλευασθέντα
2719 1005 3057 1074 κοιμηθῆναι
3092 1019 3103 1031 ·
3140 1002 3236 1069 τὴν
3263 997 3317 1054 δὲ
3349 998 3535 1054 ἐλαίαν
3558 1003 3635 1072 τῇ
3670 998 3808 1052 κατὰ

2146 1094 2243 1159 τὴν
2278 1087 2482 1164 ἔρημον
2521 1096 2597 1162 τῷ
2637 1095 2846 1164 Μωϋσῇ
2878 1093 2943 1161 ³⁷,
2978 1088 3164 1160 ἐπειδὴ
3195 1090 3256 1144 τὸ
3291 1090 3539 1163 χάρισμα
3566 1089 3638 1142 τὸ
3669 1108 3807 1161 προ-

2149 1182 2398 1256 φητικὸν,
2456 1183 2519 1235 τὸ
2567 1176 2749 1235 ἔλαιον
2797 1181 2860 1234 τὸ
2927 1179 3100 1255 ἅγιον,
3171 1177 3560 1251 ἂνομησάντων
3630 1177 3807 1231 αὗτιῖιν

2149 1268 2459 1324 ἐκλελοίπει
2491 1276 2589 1338 τῆς
2616 1269 2991 1343 κληρονομίας
3037 1289 3048 1301 ’
3085 1270 3181 1336 τὴν
3221 1265 3278 1322 δὲ
3338 1266 3541 1343 ῥάμνον
3592 1270 3670 1338 τῇ
3719 1265 3805 1320 ἐπὶ

2147 1365 2247 1426 τῆς
2281 1358 2551 1432 σωτηρίας
2575 1358 2623 1394 ³8
2661 1362 2756 1413 τοῦ
2783 1360 2993 1430 κόσμου
3023 1363 3140 1430 τρῖς
3172 1353 3527 1419 ἆποστολοις,
3573 1351 3809 1423 ἐπειδή-

2149 1467 2250 1520 περ
2281 1445 2348 1501 δι’
2382 1448 2555 1501 αὐτῶν
2587 1444 2954 1520 ἐδιδάχθημεν
2992 1445 3225 1522 άγνείαν,
3261 1448 3325 1514 ἧς
3358 1440 3654 1512 ἀπατηλὸν
3705 1442 3810 1514 μό-

2149 1557 2246 1604 νης
2268 1533 2498 1590 εἷ’δωλον
2531 1538 2558 1590 ὁ
2583 1531 2841 1596 διάϐολος
2874 1536 2974 1590 οὐκ
3005 1533 3199 1610 ἴσχυσε
3229 1533 3500 1588 σκευάσαι.
3551 1533 3682 1605 [964
3714 1533 3808 1602 Ρι.]

396 1633 508 1682 tem
521 1645 658 1698 pora
683 1641 895 1700 aperte,
919 1648 1019 1701 per
1034 1632 1260 1687 fructuu
1275 1651 1327 1687 m
1343 1633 1680 1688 discrimina
1705 1633 2033 1704 intelligun-

2150 1626 2247 1681 Καὶ
2295 1624 2383 1679 διά
2429 1630 2588 1680 τοῦτο
2637 1625 2726 1680 καὶ
2775 1624 3086 1702 Εὐαγγέλια
3141 1626 3372 1697 τέσσαρα
3403 1618 3808 1696 παραδέδοται,

397 1722 511 1772 tur.
539 1718 707 1774 Ficus
735 1720 884 1776 enim
914 1727 1146 1792 prepter
1167 1723 1533 1779 dulcedinem
1558 1729 1613 1779 et
1633 1725 2038 1793 nutritionem,

395 1806 576 1877 legem
611 1815 745 1864 ante
797 1811 1319 1880 praevaricationem
1373 1813 1544 1868 latam
1578 1813 1848 1868 declarat.
1882 1813 2038 1867 Non—

401 1912 703 1966 nunquam
737 1900 894 1953 enim
920 1899 1062 1953 ﬁcus
1090 1901 1146 1954 in
1178 1903 1478 1972 Scriptura
1502 1903 1556 1955 in
1587 1902 1881 1956 meliorem
1910 1919 2038 1972 par-

401 1994 511 2040 tem
543 1986 844 2057 accipitur.
889 1988 1034 2044 Vitis
1083 2006 1212 2044 vero
1254 1991 1325 2044 ob
1369 1991 1490 2046 vini
1521 1991 1953 2060 jucunditatem
1987 1995 2042 2046 et

400 2074 684 2142 laetitiam,
732 2091 929 2131 eorum
964 2080 1062 2148 qui
1106 2096 1170 2133 ex
1205 2079 1290 2133 ira
1334 2080 1431 2134 Dei
1484 2086 1539 2135 et
1584 2079 1799 2134 diluvio
1831 2081 2040 2135 servati

403 2166 562 2228 sunt,
596 2163 856 2218 timorem
899 2170 954 2219 et
984 2165 1437 2222 sollicitudinem
1479 2169 1537 2222 in
1569 2170 1841 2240 gaudium
1877 2185 2042 2224 versa

401 2249 679 2307 insinuat.
705 2253 841 2308 Olea
869 2270 1020 2322 vero,
1055 2262 1288 2326 propter
1320 2257 1429 2312 olei
1463 2258 1736 2326 fructum,
1772 2258 2037 2331 intimam

402 2338 504 2394 Dei
535 2342 996 2398 misericordiam
1021 2344 1342 2415 signiﬁcat;
1370 2348 1482 2402 Deo
1514 2364 1745 2402 rursum
1781 2347 2042 2402 homines

404 2428 478 2483 ad
508 2428 867 2500 impietatem
909 2439 1039 2503 post
1078 2435 1356 2490 diluvium
1397 2435 1696 2507 prolapsos
1741 2435 2041 2502 tolerante,

402 2520 459 2572 et
503 2518 777 2590 dignanle
824 2523 1175 2592 quibusdam
1226 2525 1406 2595 legem
1455 2527 1593 2581 dare
1638 2530 1694 2580 et
1741 2543 2040 2597 apparere.

401 2605 706 2664 Rhamnus
754 2620 944 2667 autem
995 2613 1382 2684 virginitatem
1432 2616 1690 2671 denotat.
1745 2616 2043 2670 Rhamnus

400 2696 557 2752 enim
582 2700 752 2754 arbor
783 2707 942 2756 casta
972 2708 1077 2772 est,
1113 2708 1170 2758 et
1201 2705 1445 2760 fortasse
1478 2721 1544 2760 ex
1577 2704 1755 2760 simili
1787 2707 2036 2777 quadam

401 2802 528 2842 cum
563 2789 781 2860 virgine
833 2799 1041 2848 natura
1090 2794 1267 2864 stirps
1314 2793 1433 2849 hmc
1483 2794 1712 2866 ῥάμνος,
1761 2794 1849 2848 καὶ
1880 2791 2038 2868 ἄγνος

396 2877 758 2949 appellatur;
784 2880 1068 2938 rbamnus
1095 2883 1329 2954 quidem
1363 2890 1599 2955 propter
1630 2886 1804 2940 robur
1833 2891 1888 2941 et
1920 2887 2034 2940 for-

393 2966 705 3023 titudinem
757 2975 959 3025 contra
1005 2973 1352 3044 voluptates,
1399 2971 1556 3046 ἄγνος
1610 2975 1836 3046 (96-85)
1880 2991 2032 3042 vero,

396 3057 547 3124 quod
573 3057 730 3112 omni
759 3074 828 3112 ex
849 3068 1008 3129 parte
1035 3068 1196 3116 casta
1222 3067 1277 3117 et
1299 3078 1443 3132 pura
1466 3064 1563 3118 sit.
1594 3063 1755 3118 Unde
1778 3073 1829 3119 et
1854 3063 2032 3118 Eliam

396 3143 593 3198 ferunt
651 3162 684 3200 a
735 3148 877 3202 facie
938 3149 1223 3205 Jezabelis
1282 3151 1544 3207 mulieris
1597 3154 1910 3223 fugientem
1963 3153 2032 3208 ad

396 3231 710 3312 rhamnum
743 3238 994 3306 primum
1014 3239 1261 3303 venisse,
1285 3246 1458 3310 atque
1479 3243 1809 3297 exauditam
1837 3242 2034 3308 fuisse,

396 3320 711 3393 cibumque
763 3326 1071 3397 accepisse,
1127 3329 1260 3400 quia
1319 3329 1679 3400 fugientibus
1727 3331 2031 3385 stimulum

396 3409 613 3480 carnis,
657 3417 711 3467 et
752 3414 1052 3483 feminam,
1097 3423 1153 3471 et
1200 3419 1573 3490 voluptatem,
1617 3421 1947 3492 perfugium
1980 3426 2036 3477 et

393 3505 815 3572 tegumentum,
839 3505 1125 3561 castitatis
1147 3506 1370 3578 lignum
1395 3509 1757 3576 germinavit,
1783 3511 1936 3581 quod
1963 3511 2032 3565 ab

393 3591 643 3646 adventu
695 3593 977 3665 principis
1026 3596 1313 3668 virginum
1374 3599 1611 3667 Christi,
1671 3615 1911 3670 regnum
1972 3601 2030 3655 in

391 3678 658 3736 homines
690 3683 946 3739 obtinuit
977 3686 1108 3757 (86).
1147 3686 1261 3743 Hoc
1291 3689 1445 3744 enim
1481 3690 1718 3744 unicum
1748 3690 2031 3744 castitatis

388 3783 658 3838 regnum,
727 3771 898 3842 cujus
955 3775 1112 3844 ipsos
1164 3793 1465 3848 nunquam
1528 3779 1851 3850 paeniteret,
1903 3783 2031 3851 post

391 3857 603 3914 Christi
626 3861 939 3918 adventum
967 3864 1333 3934 arripuerunt
1364 3867 1652 3937 homines,
1678 3886 1809 3924 cum
1836 3869 2031 3940 singu-

388 3944 578 4001 lorum
627 3947 895 4018 aliorum,
951 3953 1164 4022 quibus
1212 3955 1356 4010 data:
1417 3957 1645 4011 fuerant
1695 3957 1845 4029 leges
1894 3962 2029 4012 ante

388 4035 599 4092 Christi
657 4040 996 4110 adventum,
1053 4060 1364 4115 regnorum
1424 4045 1683 4102 habenas
1739 4067 1769 4102 a
1817 4049 2027 4120 seipsis

387 4125 650 4182 celeriter
679 4130 1095 4198 excussissent,
1128 4140 1184 4188 et
1216 4135 1500 4190 contrario
1543 4136 1800 4207 falsoque
1826 4155 2026 4209 parere

385 4219 441 4269 et
471 4232 530 4270 se
560 4219 842 4288 subjicere
876 4221 1238 4278 maluissent.
1274 4224 1615 4294 Quanquam
1659 4243 1809 4297 saepe
1842 4227 2026 4298 pmni-
2055 4258 2102 4322 Β

385 4310 568 4360 tentes
585 4310 971 4376 quasiverunt
989 4312 1199 4366 iterum
1232 4314 1420 4384 regale
1449 4315 1540 4368 Dei
1559 4315 1701 4385 legis
1717 4317 2020 4386 imperium

384 4403 649 4463 recteque
693 4401 975 4454 factorum
1018 4402 1195 4456 animi
1228 4402 1380 4457 vitiis
1419 4411 1821 4474 corruptorum
1857 4423 2023 4460 reno-

384 4481 690 4539 vationem.
747 4486 889 4542 Nam
943 4488 1190 4544 hostium
1242 4491 1538 4561 manibus,
1590 4499 1645 4548 et
1692 4494 2024 4564 ignominiae

380 4573 754 4642 passionibus
803 4579 1021 4647 traditi,
1067 4597 1294 4636 rursum
1335 4582 1576 4652 imperio
1608 4584 2024 4654 praeceptisque

378 4661 481 4716 Dei
506 4663 623 4734 regi
647 4667 972 4733 voluerunt,
993 4673 1055 4724 ut
1077 4686 1144 4724 ex
1167 4670 1411 4725 infinitis
1437 4673 1710 4726 aerumnis
1735 4672 2023 4744 malisque

377 4751 760 4825 eriperentur.
793 4755 903 4812 Sed
944 4757 1062 4812 haec
1099 4758 1289 4830 legum
1323 4774 1503 4830 regna
1525 4765 1759 4831 propter
1788 4762 2023 4819 fetentia

375 4847 430 4898 et
488 4843 938 4902 immedicabilis.
998 4847 1182 4903 Slaa
1221 4847 1462 4904 vulnera
1512 4850 1858 4920 animarum,
1918 4869 2021 4908 no-

2153 1715 2401 1789 τετράκις
2437 1712 2932 1790 εῦαγγελισαμένου
2962 1717 3058 1768 τοῦ
3089 1717 3222 1769 Θεοῦ
3250 1714 3348 1780 τὴν
3398 1710 3811 1783 ἀνθρωπότητα

2151 1806 2240 1858 καὶ
2272 1802 2794 1881 παιδαγωγῆσαντος
2828 1805 3042 1876 τέτρασι
3074 1804 3120 1840 ³9
3146 1804 3358 1874 νόμοις,
3393 1803 3467 1854 ὧν
3503 1802 3554 1854 οἱ
3618 1800 3805 1872 καιροὶ

2151 1898 2334 1971 σαφῶς
2366 1892 2470 1948 άπὸ
2507 1901 2605 1962 τῆς
2639 1891 3033 1972 διαφορότητος
3067 1891 3360 1962 δηλοῦνται
3393 1896 3500 1945 τῶν
3548 1894 3804 1962 καρπῶν.

2151 1989 2210 2040 Ἣ
2248 1985 2342 2057 μὶν
2370 1984 2472 2058 γάρ
2503 1987 2638 2048 συκῆ
2673 1981 2762 2037 διὰ
2801 1985 2898 2051 τὴν
2928 1983 3228 2057 γλυκασίαν
3261 1981 3353 2035 καὶ
3380 1981 3479 2047 τὴν
3513 1981 3732 2055 τρυφὴν
3759 1977 3806 2013 ⁴⁶

2147 2075 2246 2141 τήν
2301 2074 2406 2149 πρὸ
2453 2081 2553 2142 τῆς
2605 2069 2960 2146 παραϐάσεως
3019 2077 3115 2127 τοῦ
3173 2071 3463 2142 ἀνθρώπου
3493 2069 3800 2143 παρίστησι

2149 2162 2540 2238 γεγενημένην
2593 2161 2703 2218 ἔστι
2752 2162 2855 2238 γὰρ
2907 2161 2992 2217 ὅτε
3035 2165 3134 2226 τῆς
3175 2167 3340 2229 συκῆς
3379 2161 3408 2213 ὅ
3457 2161 3670 2232 καρπὸς
3731 2164 3802 2231 τῇ

2151 2260 2336 2332 Γραφῇ
2367 2254 2454 2308 ἐπὶ
2484 2255 2544 2308 τὸ
2575 2259 2819 2328 κρεῖττον
2851 2248 3268 2325 ἐκλαμϐάνεται.
3305 2253 3367 2308 Ἠ
3401 2249 3458 2306 δὲ
3517 2249 3804 2324 ἄμπελος,

2152 2343 2242 2399 διὰ
2280 2346 2377 2412 τὴν
2411 2343 2713 2417 ἱλαρότητα
2750 2345 2846 2413 τὴν
2881 2342 2938 2397 ἐκ
2966 2340 3062 2396 τοῦ
3095 2339 3240 2396 οἷ’νου
3270 2342 3360 2396 καὶ
3386 2342 3484 2409 τὴν
3529 2339 3804 2416 εὐφροσύ-

2151 2455 2246 2503 νην
2297 2439 2404 2487 τῶν
2457 2433 2862 2506 περισωθέντων
2913 2439 3012 2500 τῆς
3064 2433 3232 2507 ὁργής
3271 2431 3497 2485 καὶτοῦ
3528 2428 3810 2484 κατακλυ-

2155 2526 2317 2594 σμοῦ,
2348 2523 2447 2588 την
2488 2521 2592 2575 ἀπὸ
2622 2527 2718 2575 τοῦ
2752 2516 2928 2598 φόϐου
2949 2520 3036 2575 καὶ
3068 2527 3168 2589 τῆς
3198 2517 3486 2598 φροντίδος
3520 2519 3595 2579 εἷς
3627 2521 3672 2553 ⁴¹
3705 2520 3808 2586 τήν

2152 2612 2325 2686 χαρὰν
2361 2611 2535 2665 αὐτῶν
2573 2607 2882 2682 μεταϐολὴν
2922 2609 3235 2679 αἷνίσσεται,
3269 2614 3332 2664 Ἡ
3382 2606 3441 2662 δὲ
3498 2606 3660 2662 ἐλαία
3711 2604 3810 2661 διὰ

2150 2702 2238 2755 τὸν
2271 2701 2474 2775 καρπὸν
2506 2706 2603 2754 τοῦ
2635 2698 2821 2755 ἐλαίου
2851 2703 2895 2736 ⁴²
2925 2701 3025 2768 τὴν
3068 2699 3473 2777 εὐσπλαγχνίαν
3514 2701 3610 2751 τοῦ
3664 2700 3803 2751 Θεοῦ

2154 2792 2366 2866 μηνύει,
2425 2791 2591 2845 πάλιν
2635 2791 3112 2862 ἀνεξικακήσαντος
3171 2794 3267 2844 τοῦ
3325 2793 3461 2845 Θεοῦ
3524 2788 3663 2860 μετά
3704 2789 3802 2840 τὸν

2149 2880 2551 2951 κατακλυσμὸν,
2585 2883 2693 2933 τῶν
2742 2880 3041 2953 ἀνθρώπων
3093 2877 3464 2948 ἐκτραπέντων
3509 2876 3585 2938 εἷς
3635 2875 3800 2929 ἀθεά-

2147 2991 2304 3042 τητα,
2366 2967 2550 3024 δοῦναι
2589 2969 2757 3042 νόμον
2806 2972 2896 3023 καὶ
2953 2969 3343 3044 ἐμφανισθῆναί
3393 2989 3554 3024 τισιν.
3611 2970 3677 3021 (Η
3739 2964 3798 3020 δὲ

2147 3059 2348 3136 ῥάμνος
2379 3062 2476 3126 τήν
2511 3060 2723 3134 ἁγνείαν
2765 3059 3085 3128 συνίστησι·
3127 3059 3189 3113 τὸ
3237 3059 3340 3133 γὰρ
3392 3057 3521 3111 αὐτὸ
3572 3053 3796 3128 δένδρον

2147 3148 2350 3224 ῥάμνος
2382 3150 2470 3202 καὶ
2502 3149 2661 3221 ἄγνος
2695 3149 2826 3218 ἐστὶ,
2856 3150 2945 3204 καὶ
2985 3150 3130 3224 τάχα
3172 3146 3259 3202 διὰ
3296 3148 3360 3202 τὸ
3414 3146 3669 3222 συγγενὲς
3729 3145 3794 3199 τό

2146 3241 2310 3314 φυτὸν
2341 3246 2505 3294 τοῦτο
2553 3245 2621 3314 τῇ
2654 3241 2910 3315 παρθενίᾳ
2941 3243 2986 3277 ³³
3014 3243 3184 3314 ταύτῇ
3237 3238 3439 3314 ῥάμνος
3483 3237 3573 3292 καὶ
3629 3240 3795 3312 ἄγνος

2144 3330 2592 3405 προσηγορεύθη,
2627 3332 2830 3405 ῥάμνος
2885 3333 2977 3404 μὲν
3021 3330 3166 3404 παρᾶ
3215 3329 3277 3383 τό
3326 3327 3644 3402 στερέμνιον
3695 3327 3789 3379 καὶ

2142 3421 2403 3493 καρτερὸν
2435 3421 2569 3493 πρὸς
2590 3421 2686 3482 τὰς
2711 3417 2934 3488 ἡδονὰς,
2967 3417 3126 3492 ἄγνος
3161 3416 3216 3471 δὲ
3257 3419 3398 3490 παρὰ
3438 3417 3501 3470 τὸ
3535 3413 3623 3469 διὰ
3651 3435 3787 3468 πανο

2141 3510 2231 3568 τὸς
2266 3510 2524 3585 ἁγνεύειν.
2559 3512 2712 3563 Ὅθεν
2745 3509 2834 3563 καὶ
2864 3509 2955 3562 τὸν
2986 3507 3196 3576 Ἠλίαν,
3240 3505 3299 3560 ἐκ
3336 3506 3641 3580 προσώπου
3691 3511 3794 3571 τῆς

2142 3594 2376 3666 Ἰεζάϐελ
2409 3599 2663 3672 γυναικὸς
2695 3599 2740 3632 ⁴⁴
2772 3598 3060 3672 φεύγοντα,
3106 3596 3274 3671 λόγος
3301 3596 3404 3650 ὑπὸ
3438 3594 3644 3670 ῥάμνον
3703 3591 3797 3646 ἐλ-

2142 3690 2252 3741 θεῖν
2302 3692 2517 3761 πρῶτον
2562 3688 2649 3742 καὶ
2706 3688 3115 3755 εἷσακουσθῆναι
3182 3686 3272 3740 καὶ
3323 3679 3512 3739 λαϐεῖν
3549 3685 3790 3761 τροφὴν,

2142 3777 2224 3830 ὅτι
2257 3782 2361 3831 τῶν
2397 3778 2700 3854 φευγόντων
2733 3778 2821 3832 τὸν
2852 3777 3068 3852 οἶστρον
3102 3776 3191 3829 καὶ
3222 3777 3323 3844 τὴν
3377 3778 3608 3847 γυναῖκα
3656 3773 3779 3846 [5H

2140 3867 2228 3939 IL]
2260 3867 2348 3920 καὶ
2377 3867 2475 3935 τὴν
2514 3863 2717 3936 ἡδονὴν
2763 3872 2824 3921 τὸ
2871 3864 3209 3943 καταγώγιον
3262 3865 3350 3918 καὶ
3403 3865 3438 3932 ἡ
3500 3861 3674 3931 σκέπη
3725 3864 3789 3916 τὸ

2137 3963 2235 4024 τῆς
2268 3955 2478 4029 ἁγνείας
2511 3951 2812 4026 ἐϐλάστησε
2843 3953 3025 4026 ξύλον,
3068 3956 3172 4010 ὰπὸ
3205 3956 3304 4025 τῆς
3356 3953 3660 4026 παρουσίας
3691 3956 3790 4006 τοῦ

2138 4045 2538 4118 ἀρχιπειρθένου
2605 4049 2844 4120 Χριστοῦ
2903 4042 3220 4120 βασιλεῦσαν
3288 4047 3394 4097 τῶν
3453 4043 3785 4113 ἀνθρώπων.

2136 4135 2350 4203 Ταύτην
2382 4134 2482 4210 γάρ
2521 4131 2687 4208 μὸνην
2719 4136 2818 4203 τήν
2848 4142 2946 4204 τῆς
2981 4132 3195 4210 ἁγνείας
3229 4130 3510 4206 βασιλείαν
3544 4131 3651 4184 άπὸ
3684 4138 3785 4198 τῆς

2134 4227 2230 4278 τοῦ
2272 4225 2501 4298 Χριστοῦ
2533 4225 2831 4300 παρουσίας
2890 4222 3268 4297 ἆμεταμελητῖ
3324 4224 3676 4294 προσήκαντο
3730 4223 3778 4274 οἱ

2140 4311 2442 4390 ἄνθρωποι,
2477 4315 2707 4386 ἑκάστης
2740 4321 2846 4371 τῶν
2876 4312 3286 4390 προδεδομένων
3318 4313 3505 4372 αὐτοῖς
3545 4309 3783 4366 ἐντολῶν

2136 4407 2242 4479 πρὸ
2290 4407 2389 4474 τῆς
2445 4410 2678 4479 Χριστοῦ
2723 4405 3021 4480 παρουσίας
3068 4405 3204 4458 κατᾶ
3261 4404 3436 4477 τάχος
3499 4400 3782 4476 βασιλείας

2137 4494 2358 4556 ἑαυτοὺς
2392 4495 2800 4570 ἂφηνιάζοντες,
2841 4495 2927 4549 καὶ
2960 4499 3029 4568 τῇ
3062 4493 3348 4566 ἀντιμίμῳ
3383 4489 3590 4567 μᾶλλον
3621 4489 3773 4542 πειθ-

2135 4589 2326 4661 αρχεῖν
2367 4585 2455 4638 καὶ
2493 4584 2581 4637 ὑπ’
2613 4583 2780 4652 αὐτῆς
2823 4583 3198 4658 βασιλεύεσθαι
3237 4581 3677 4658 προαιρούμενοι,
3723 4578 3770 4630 εί

2134 4674 2221 4726 καὶ
2259 4672 2693 4746 μεταμελόμενοι
2724 4675 2768 4710 ⁸⁸
2806 4671 3080 4733 πολλάκις
3141 4671 3434 4742 ἐπεζήτουν
3466 4666 3630 4724 πάλιν
3667 4670 3771 4738 τήν

2133 4763 2268 4837 πρὸς
2311 4767 2443 4817 Θεοῦ
2495 4759 2786 4836 δεδομένην
2831 4761 3018 4824 αὐτοῖς
3071 4759 3508 4836 βασιλικωτάτην
3547 4758 3779 4826 ἐντολὴν

2133 4852 2221 4906 καὶ
2255 4853 2643 4928 ἀνακαινισμὸν
2673 4857 2779 4907 τῶν
2809 4849 3204 4930 διαφθαρέντων
3264 4851 3438 4906 αὐτῶν
3487 4849 3546 4905 ἐκ
3583 4847 3775 4910 κακίας

1755 4987 1997 5043 νΑΒιίΕ
2037 4989 2447 5047 LECTIONES.

444 5096 492 5176 ’ξ
518 5102 596 5176 τῷ
631 5107 676 5156 A
712 5105 858 5176 I_'t.’0§_
892 5102 987 5176 CI;
1052 5100 1308 5176 37_p_u_)cr_ei
1348 5104 1454 5156 AB.
1522 5102 1586 5176 ξίδ
1615 5107 1682 5176 τῇ
1717 5124 1982 5176 σωτηριᾳ.

1660 5107 1982 5194 ῇῆσωτηρὲᾳ.
2061 5106 2114 5194 τίξ
2144 5103 2296 5164 παιδ.
2323 5111 2442 5194 ςεοῖς
2469 5104 2795 5194 τέτρασι-ς.

371 5166 414 5202 ⁸¹
448 5165 530 5229 εἲς
560 5165 606 5225 Α
641 5188 653 5226 :
687 5173 785 5239 τήν
817 5173 891 5234 εἰς
907 5165 1006 5246 ζ’.
1085 5165 1144 5208 θ’
1169 5171 1323 5227 ἐλέου
1365 5180 1431 5229 Α.
1510 5174 1557 5209 4³
1587 5165 1952 5249 παρθένῳ
2028 5179 2073 5212 “
2103 5177 2222 5246 Ἰεζ.
2251 5177 2339 5232 καὶ
2371 5165 2620 5253 γυναικὸς
2654 5165 2755 5252 gf
2810 5178 2859 5213 ‘5
2892 5165 3361 5252 μείαμέλούμενοι

2875 5106 2923 5141 ⁴⁰
2951 5105 3158 5183 τρυιρήν
3216 5108 3350 5162 AB:
3417 5125 3448 5159 τ
3490 5110 3628 5182 οιρῆν

2892 5175 3361 5250 μεταμελούμενοι

1980 5313 2027 5368 Ν
2033 5313 2210 5369 ΟΤλΕ.

443 5418 658 5498 (QQ-8?)
691 5421 870 5498 ἁγνός,
910 5431 1104 5482 castus
1138 5443 1340 5498 purus.

440 5491 550 5565 (86)
585 5491 750 5559 Quod
791 5491 866 5552 ab
893 5491 1154 5555 auctore'
1182 5497 1530 5574 virginitatis
1576 5501 1801 5560 Christo
1850 5501 2016 5576 plan-

2129 5434 2311 5487 tatum
2345 5433 2435 5486 est
2466 5429 2535 5505 iis
2559 5430 2656 5505 qui
2689 5431 3082 5505 virginitatem
3109 5430 3598 5504 complectuntur.
3632 5429 3780 5490 Vide

2129 5508 2296 5560 notas
2326 5502 2660 5560 Hceschelii.
