4138 6224
285 357 439 415 1177

1323 356 1858 418 BIBLIOTHECA.
1906 389 1964 398 —
2025 355 2200 416 COD.
2246 357 2638 420 CCXXXVll.

3529 361 3684 419 H78

287 493 541 565 ψυχικῶν
589 489 1057 561 κατορθωμάτων.
1089 486 1518 564 Παραδιδόμενοι
1559 490 1663 565 γὰρ
1693 491 1766 552 εἰς
1807 494 1931 564 χεῖ-

2061 493 2286 549 luerunt
2315 493 2433 549 illis
2463 492 2766 564 imperare,
2801 493 2983 548 donec
3011 493 3187 560 Deus,
3213 497 3484 563 quartum
3520 491 3694 548 mise-

287 600 381 652 ρας
425 581 638 654 ἐχθρῶν
687 579 774 633 καὶ
827 579 970 648 πάθη
1003 579 1246 650 ἀτιμίας,
1295 576 1588 648 ἐπεζήτουν
1645 577 1934 653 βασιλεύε-

286 667 408 720 σθαι
439 669 507 738 τῇ
557 666 753 738 ἐντολῇ
785 666 874 718 καὶ
918 671 1034 729 τοῖς
1073 665 1454 741 προστάγμασι
1505 670 1600 720 τοῦ
1643 669 1798 734 Θεοῦ,
1845 664 1938 720 τίνα

287 755 506 829 γένηται
541 753 728 816 αὐτοῖς
759 753 916 816 λύσις
947 759 1054 810 τῶν
1107 753 1476 810 πολυπλόκων
1525 759 1817 831 συμφορῶν
1847 755 1938 809 καὶ

288 842 592 918 ἀπαλλαγή
625 847 738 897 τῶν
770 848 972 898 κακῶν.
1005 843 1074 900 Αἱ
1106 842 1162 897 δὲ
1211 841 1298 897 διὰ
1336 843 1714 917 τὸπροσὸζειν
1767 843 1941 898 αὐτῶν

288 935 378 988 καὶ
417 935 669 994 ,ἀνιάτως
736 931 886 1007 ἔχειν
937 935 1070 995 τοὺς
1123 940 1223 1002 τῆς
1265 937 1450 1008 ψυχῆς
1507 931 1787 1005 μώλωπας
1838 935 1941 987 οὐκ

289 1015 584 1076 ἐϐούλοντο
617 1019 926 1095 βασιλεύειν
968 1021 1166 1089 αὐτῶν,
1212 1021 1410 1094 μέχρις
1453 1021 1480 1074 6
1512 1023 1640 1082 Θεὸς
1689 1021 1941 1095 τέταρτον

285 1109 616 1180 κατελεήσας
649 1109 742 1163 τὸν
789 1107 1074 1184 ἄνθρωπον
1103 1111 1202 1178 τὴν
1251 1109 1466 1183 ἁγνείαν
1519 1108 1800 1164 ἀπέστειλε
1844 1110 1938 1184 βα-

286 1196 558 1268 σιλεῦσαι,
589 1199 652 1267 ἣν
707 1197 908 1274 ῥάμνον
957 1197 1276 1258 ἀκολούθως
1326 1197 1575 1254 ἐκάλεσεν
1625 1201 1660 1268 ἡ
1703 1199 1888 1274 Γραφή
1924 1215 1937 1227 ·

291 1285 415 1353 ἥτις
445 1283 878 1342 καταναλώσασα
906 1288 1002 1348 τὰς
1050 1284 1270 1355 ἡδονὰς,
1309 1286 1400 1341 καὶ
1448 1283 1791 1356 ἀπειλήσασα
1823 1285 1940 1340 λοι-

289 1377 412 1448 πὸν,
462 1378 508 1431 εἰ
561 1379 636 1450 μή
695 1376 831 1451 αὐτῇ
881 1378 1159 1432 πείθονται
1209 1378 1406 1438 πάντες
1455 1379 1543 1433 καὶ
1606 1378 1656 1432 ἐν
1717 1377 1944 1449 ἀληθείᾳ

290 1467 710 1542 προσέρχοιντο,
762 1469 890 1542 πυρὶ
939 1466 1387 1537 καταδαπανῆσαι
1436 1469 1640 1530 πάντας
1689 1487 1700 1500 ·

2048 589 2206 636 ratus
2226 581 2546 652 hominem,
2573 581 2730 636 misit
2749 581 3098 648 castitatem,
3125 598 3158 636 a
3180 581 3478 651 Scriptura
3499 581 3693 636 rham-

2049 685 2187 726 num
2236 675 2626 742 congruenter
2672 669 3047 742 appellatam,
3080 687 3210 742 quae
3241 670 3322 724 illi
3357 669 3694 740 imperaret,

2049 777 2175 831 qua:
2231 760 2626 832 voluptatibus
2679 760 2990 830 superatis,
3051 761 3219 816 etiam
3283 761 3338 814 in
3400 758 3690 830 reliquum

2048 853 2278 920 tempus
2302 849 2418 904 illis
2441 849 2816 905 interminata
2839 857 2940 916 est,
2961 849 3136 920 quod,
3160 849 3274 904 nisi
3297 848 3406 906 sibi
3430 853 3699 919 parerent

2049 953 2276 1002 omnes,
2308 943 2364 992 et
2412 939 2635 994 sincere
2681 940 2750 993 ad
2801 956 2863 994 se
2907 941 3269 1004 accederent,
3321 939 3580 993 futurum
3631 940 3698 991 ut

2050 1015 2252 1082 omnes
2283 1027 2530 1082 ﬂammis
2563 1029 3044 1096 absumerentur;
3079 1027 3302 1084 nullam
3359 1027 3516 1082 enim
3566 1029 3698 1096 post

2053 1115 2200 1170 hanc
2249 1113 2424 1170 aliam
2476 1115 2660 1186 legem
2695 1123 2796 1170 aut
2828 1117 3149 1172 doctrinam
3199 1121 3560 1184 secuturam,
3593 1114 3696 1168 sed

2045 1203 2323 1274 judicium
2352 1209 2408 1259 et
2437 1204 2655 1276 ignem.
2689 1205 2835 1260 Hinc
2886 1205 3158 1277 deinceps
3197 1205 3372 1261 homo
3402 1205 3575 1276 coepit
3598 1204 3696 1274 ju-

2051 1293 2274 1348 stitiam
2319 1293 2526 1360 colere,
2563 1295 2789 1366 Deoque
2837 1299 3175 1350 constanter
3224 1312 3325 1367 per
3369 1294 3540 1350 {idem
3590 1293 3698 1348 ad-

2053 1381 2289 1446 haerere,
2323 1391 2374 1438 et
2399 1399 2459 1438 se
2491 1399 2523 1438 a
2553 1382 2782 1438 diabolo
2813 1383 3135 1454 sejungere.

1764 1468 1943 1524 οὐκέτι
1997 1468 2100 1544 γὰρ
2159 1471 2292 1542 μετά
2330 1469 2528 1541 ταύτην
2589 1467 2799 1526 ἔσεσθαι
2860 1473 3029 1546 νόμον
3177 1471 3528 1529 διδασκαλίαν
3588 1475 3697 1529 ἑτέ-

292 1577 409 1631 ραν,
467 1555 612 1610 ἀλλὰ
650 1557 738 1612 καὶ
792 1561 969 1632 κρίσιν
1023 1558 1250 1634 καὶπῦρ
1286 1575 1300 1590 ⁸
1341 1559 1429 1613 καὶ
1492 1556 1580 1612 διὰ
1624 1563 1786 1614 τοῦτο
1818 1557 2014 1613 λοιπὸν
2072 1558 2165 1613 ἀπ’
2216 1559 2452 1615 ἐντεῦθεν
2511 1558 2924 1638 δικαιοπραγεῖν
2967 1563 2994 1615 ὁ
3054 1561 3336 1636 ἅνθρωπος
3375 1559 3578 1636 ἤρξατο
3603 1562 3693 1618 καὶ

287 1644 554 1700 πιστεύειν
587 1642 824 1719 βεϐαίως
853 1649 932 1719 τῷ
963 1653 1080 1720 Θεῷ
1110 1648 1198 1702 καὶ
1230 1647 1619 1724 ἀποσχίζεσθαι
1651 1653 1749 1703 τοῦ
1781 1643 2070 1707 διαϐόλου.

359 1735 483 1792 ’Ότι
513 1736 847 1809 σημειωτέον
887 1738 960 1799 ὡς
1010 1738 1166 1800 οὗτος
1201 1739 1228 1792 ὁ
1262 1734 1544 1813 διάλογος,
1586 1739 1631 1810 ᾧ
1673 1737 1940 1814 ἐπιγραφή

2125 1741 2584 1809 Observandum,
2636 1743 2930 1815 dialogum
2982 1743 3140 1800 hunc
3190 1745 3287 1815 qui
3343 1745 3694 1816 Symposium

297 1819 610 1896 Συμπόσιον
655 1825 690 1893 ἢ
732 1827 856 1900 περί
905 1827 1117 1902 ἁγνείας
1157 1828 1224 1895 ⁸⁸,
1274 1827 1422 1901 παρὰ
1467 1825 1612 1882 πολύ
1658 1827 1766 1881 ἐστι
1812 1848 1947 1881 νενο-

302 1911 556 1986 θευμένος
597 1915 642 1948 ‘7
674 1935 686 1946 '
743 1915 990 1990 εὑρήσεις
1020 1917 1120 1989 γὰρ
1161 1913 1212 1969 ἐν
1259 1915 1404 1987 αὐτῴ
1451 1911 1944 1990 παραϐεϐλημένας

294 2001 386 2055 καὶ
427 2003 766 2078 Ἀρειανικόις
834 2001 1156 2076 δοξοκοπίας
1197 2006 1286 2058 καὶ
1331 2005 1524 2078 ἐτέρων
1575 2010 1732 2060 τινῶν
1783 2024 1946 2065 κακος

301 2087 602 2160 δοξούντων
637 2091 1094 2167 μυθολογήματα.

377 2181 501 2236 ’Ότι
561 2181 896 2253 σημειωτέον
945 2183 998 2237 τί
1053 2185 1184 2239 ποτέ
1232 2181 1344 2238 ἐστι
1399 2185 1462 2238 τὸ
1505 2186 1620 2239 κατ’
1671 2185 1870 2254 εἰκόνα,
1919 2185 1948 2238 '6

308 2271 475 2343 μόνος
542 2269 840 2348 ἐσχηκέναι
897 2271 1110 2348 λέγεται
1159 2270 1439 2347 ἅνθρωπος
1495 2279 1603 2328 τῶν
1658 2275 1760 2330 ὑπὸ
1820 2279 1950 2330 Θεοῦ

305 2361 700 2437 γεγενημένων.
735 2361 874 2420 Οὐδέ
902 2363 1004 2438 γὰρ
1034 2366 1164 2437 [965
1211 2367 1300 2438 Β.]
1334 2364 1392 2419 Ξὶν
1427 2364 1574 2440 εὕροι
1606 2386 1686 2427 τις
1727 2365 1809 2420 ἐπ’
1849 2367 1949 2420 ἀν-

309 2451 532 2522 θρώπου
565 2471 617 2505 τι
647 2457 755 2506 τῶν
806 2454 1032 2524 τιμίων,
1064 2454 1124 2507 οὗ
1185 2456 1262 2527 μή
1303 2455 1394 2508 καὶ
1441 2453 1690 2530 ἀγγέλων
1722 2454 1954 2533 μετέσχε

305 2539 486 2617 φύσις.
515 2537 650 2594 Οὔτε
695 2541 798 2615 γὰρ
845 2541 907 2595 τὸ
938 2543 1220 2611 ἀθάνατον,
1271 2544 1360 2597 καὶ
1408 2545 1510 2618 γὰρ
1557 2545 1646 2598 καὶ
1703 2543 1952 2620 ἄγγελος,

310 2625 434 2684 οῦτε
461 2631 520 2684 τὲ
568 2630 916 2699 αὐτεξούσιον
945 2648 958 2662 ⁸
1010 2631 1053 2686 εἷ
1101 2632 1202 2707 γὰρ
1254 2633 1336 2688 ὅτι
1386 2633 1637 2709 ἀγγέλοις
1681 2633 1818 2689 κατᾶ
1864 2635 1955 2689 τὸν

307 2718 578 2792 Θεολόγον
611 2718 698 2774 ἐπὶ
745 2721 808 2774 τὸ
847 2719 1048 2796 ἀγαθὸν
1086 2720 1298 2793 μᾶλλον
1340 2724 1374 2791 ἡ
1427 2723 1589 2795 ῥνπή,
1621 2725 1756 2778 κατά
1792 2728 1954 2778 τοῦτο

306 2805 407 2881 δρα
437 2807 516 2860 ὅτι
553 2805 682 2879 μηδ’
731 2807 878 2870 ὅλως
909 2805 1132 2864 δυνατὸν
1162 2810 1226 2864 τὸ
1277 2810 1394 2864 κατ’
1422 2810 1604 2865 εἰκόνα
1651 2813 1810 2866 τοῦτο
1861 2811 1954 2866 έν-

304 2901 468 2956 νοεῖν,
527 2897 588 2952 Εἰ
643 2895 700 2952 δὶ
757 2899 820 2953 τὸ
879 2899 1104 2974 ἀρχικὸν
1185 2897 1358 2976 λέγεις
1417 2899 1628 2976 (ἄρχειν
1687 2902 1790 2975 γὰρ
1846 2907 1953 2956 τῶν

311 2983 518 3062 ἰχθύων
547 2986 636 3040 καὶ
683 2991 790 3042 τῶν
819 2984 1006 3042 ἄλλων
1038 2990 1066 3042 ὁ
1113 2987 1396 3062 ἄνθρωπος
1434 2994 1568 3063 πρὸς
1617 2993 1749 3046 Θεοῦ
1789 2990 1956 3060 ἠξίω-

305 3095 392 3129 ται
435 3073 488 3128 ἐν
540 3077 609 3148 τῇ
665 3082 764 3144 τῆς
823 3077 1208 3152 κοσμογενιίας
1265 3081 1585 3156 ξυγγραφῇ),
1619 3075 1734 3134 οὐδ’
1781 3079 1956 3141 οὕτως

305 3163 700 3238 ἀλλοτριώσιις
730 3165 822 3220 τὸν
862 3166 1086 3241 ἄγγελον
1121 3185 1138 3201 ·
1179 3165 1368 3242 ἄρχειν
1414 3169 1516 3243 γὰρ
1557 3173 1662 3222 τῶν
1708 3167 1954 3244 ἀγγέλων

305 3251 434 3316 τοὺς
488 3252 712 3316 πλείους
766 3252 948 3317 ἔθνους
1006 3256 1096 3310 καὶ
1156 3255 1334 3335 φυλῆς
1389 3261 1534 3330 παρὰ
1583 3264 1684 3326 τῆς
1735 3264 1955 3336 Γραφῆς

309 3339 386 3362 ’Νι
513 3340 537 3360 n
576 3340 598 3360 ει
632 3339 688 3360 sv
995 3345 1008 3362 ν
1075 3341 1117 3362 λι
1172 3344 1180 3360 ν
1341 3347 1354 3364 ε
1597 3349 1610 3368 ι
1821 3346 1834 3366 ν
1910 3353 1932 3363 ν

311 3355 466 3406 ιοιως
510 3345 896 3418 οεοιοαγμεθα.
949 3349 1010 3399 Ει
1072 3365 1098 3398 ο
1151 3346 1232 3399 ὃτι
1287 3367 1362 3418 μη
1414 3349 1728 3420 χειροηθεις
1777 3367 1960 3409 αυτοις

303 3435 430 3496 τοὺς
488 3433 827 3510 ἀρχομένους
883 3433 1110 3490 τελοῦσι
1186 3439 1284 3506 τὴν
1365 3433 1626 3516 διαφορὰν
1704 3437 1958 3512 εἷσάγεις,

303 3521 544 3598 καθάπερ
575 3522 766 3578 ἐκεῖνοι
816 3523 882 3579 τὰ
913 3523 1101 3580 πολλά
1136 3530 1244 3580 τῶν
1294 3526 1470 3596 ζώων,
1518 3523 1669 3582 οὐδὲν
1722 3528 1856 3601 πρὸς
1897 3529 1960 3582 τὸ

306 3609 511 3686 γέλωτι
544 3615 848 3686 κομπάζεις
884 3633 895 3645 ·
933 3611 1058 3668 οῦδὲ
1098 3615 1204 3691 γὰρ
1243 3615 1304 3668 οὗ
1347 3615 1528 3670 εἰκόνα
1577 3615 1755 3693 φέρειν
1786 3617 1813 3670 6
1863 3615 1959 3670 ἅν-

309 3701 528 3776 θρωπος
561 3701 803 3776 λέγεται,
835 3703 1148 3777 γειροήθεις
1177 3703 1305 3764 τοῦς
1347 3703 1692 3778 ἀρχομένους
1741 3701 1958 3782 (ἄπαγε)

307 3788 558 3849 δεικνύει.
617 3793 678 3847 Τί
736 3792 830 3847 οὖν
889 3791 998 3848 ἐστι
1057 3794 1140 3862 τὸ,
1215 3795 1330 3848 κατ’
1390 3792 1616 3862 εΐκόνα;
1677 3793 1796 3849 ὅσοι
1852 3795 1956 3870 γὰρ

302 3881 406 3948 τήν
465 3885 563 3936 τοῦ
638 3887 953 3954 σωματικοῦ
1026 3884 1156 3956 [512
1225 3885 1316 3954 Η]
1393 3885 1682 3956 σχήματος
1760 3883 1960 3957 εὐπρέ-

303 3989 462 4023 πειαν
521 3968 936 4044 ἐρραψῴδησαν,
993 3971 1130 4044 πρὸς
1192 3975 1307 4032 τοῖς
1387 3971 1602 4045 μυρίοις
1677 3969 1954 4046 ἐλέγχοις,

305 4057 434 4114 οὐδὲ
483 4066 582 4128 τῆς
631 4063 770 4135 πρὸς
821 4061 912 4115 τὸν
959 4059 1190 4136 ἄγγελον
1240 4060 1522 4116 κοινωνίας
1588 4062 1724 4116 κατὰ
1770 4065 1953 4132 τοῦτο,

302 4147 440 4224 ὅπερ
490 4146 600 4203 ἐστὶ
650 4149 712 4203 τὸ
761 4151 1116 4224 ζητούμενον⁹
1163 4150 1255 4204 τὸν
1305 4149 1586 4224 ἄνθρωπον
1641 4148 1956 4225 ἠλευθέρω-

307 4257 451 4292 σαν*
513 4238 984 4318 ἀνθρωπόμορφον
1047 4239 1152 4314 γὰρ
1219 4239 1274 4293 αἱ
1352 4241 1490 4294 θεῖαι
1559 4241 1760 4317 Γραφαὶ
1828 4239 1956 4304 τοὺς

303 4325 574 4403 ἀγγέλους
611 4329 750 4401 ἡμῖν
798 4325 1109 4383 ἐνδεδύσθαι
1155 4336 1348 4403 σχῆμα
1394 4328 1750 4384 ὑπετύπωσαν
1790 4331 1856 4386 *⁸.
1893 4329 1952 4384 Εἰ

2057 1829 2416 1898 inscribitur,
2440 1831 2560 1887 sive
2581 1833 2651 1886 de
2673 1833 2952 1900 castitate,
2979 1848 3253 1904 magnam
3277 1839 3499 1904 partem
3532 1833 3698 1889 adul-

2061 1923 2308 1974 teratum
2358 1935 2525 1976 esse:
2559 1921 2816 1976 oﬂ‘endes
2873 1921 3028 1976 enim
3079 1923 3141 1976 in
3195 1922 3290 1978 illo
3340 1923 3594 1992 adjeclas
3645 1929 3702 1977 et

2057 2007 2301 2063 Arianas
2333 2026 2630 2080 venasque
2678 2010 3058 2081 Opinationes,
3091 2009 3354 2082 aliasque
3383 2011 3532 2066 male
3565 2028 3702 2068 sen-

2060 2097 2332 2152 tientium
2364 2099 2614 2154 fabulas.

2128 2185 2482 2242 Notandum.
2514 2187 2662 2252 Ouid
2695 2189 2774 2243 sit
2801 2205 2908 2244 cur
2937 2189 3096 2244 solus
3127 2189 3300 2246 homo
3331 2206 3402 2246 ex
3431 2191 3705 2246 omnibus

2060 2292 2093 2330 a
2123 2275 2238 2330 Deo
2268 2277 2474 2332 creatis
2503 2278 2680 2332 rebus
2711 2277 2958 2347 dicatur,
2983 2278 3170 2332 {actus
3202 2280 3528 2334 secundum
3559 2279 3705 2334 ima-

2061 2364 2258 2436 ginem
2309 2365 2634 2421 Dei?Nihil
2685 2367 2838 2422 enim
2888 2367 2948 2420 in
2998 2365 3234 2422 homine
3283 2367 3530 2437 reperiat
3575 2367 3705 2438 quis

2063 2453 2278 2522 nobile,
2312 2471 2426 2527 quo
2473 2460 2664 2512 careat
2711 2455 2974 2527 angelica
3020 2460 3264 2511 natura:
3297 2472 3412 2512 non
3465 2457 3706 2512 immor-

2063 2542 2279 2611 talitas,
2313 2561 2448 2600 nam
2488 2549 2544 2600 et
2583 2544 2822 2616 angelus
2869 2544 3254 2610 immortalis;
3291 2561 3406 2598 non
3454 2544 3704 2598 liberum

2064 2633 2397 2700 arbitrium,
2422 2651 2556 2688 nam
2590 2635 2641 2689 si
2666 2633 2878 2706 angeli,
2903 2638 2968 2688 ut
2989 2633 3166 2689 sentit
3193 2634 3539 2702 Theologus,
3566 2632 3705 2704 [Na-

2064 2723 2394 2794 zianzenus]
2447 2723 2630 2792 magis
2681 2723 2881 2795 [quam
2933 2721 3222 2792 homines]
3257 2723 3612 2792 pr0pendent
3643 2723 3700 2775 in

2065 2811 2307 2878 bonum,
2341 2812 2664 2867 secundum
2699 2811 2805 2867 hoc
2837 2809 3099 2882 intellige
3131 2810 3289 2865 nullo
3325 2811 3498 2866 modo
3543 2824 3706 2881 posse

2066 2901 2249 2972 accipi
2278 2901 2422 2956 illud
2455 2902 2778 2957 secundum
2811 2899 3281 2956 similitudinem.
3306 2900 3364 2955 Si
3395 2899 3708 2971 imperium

2065 2991 2226 3046 dicas
2255 2991 2552 3062 (dignatus
2583 2994 2670 3046 est
2694 2989 2850 3045 enim
2881 2989 3054 3045 homo
3080 3005 3113 3043 a
3142 2994 3256 3044 Deo
3299 2987 3542 3060 imperio
3589 2989 3712 3060 pis-

1989 3062 2030 3128 C
2071 3079 2222 3134 cium
2275 3084 2331 3134 et
2373 3079 2619 3134 aliorum
2650 3078 2711 3133 in
2751 3078 2880 3150 ipsa
2929 3078 3131 3132 mundi
3181 3077 3444 3133 fabricati
3488 3077 3709 3132 descri-

2069 3168 2309 3240 ptione),
2334 3185 2405 3224 ne
2425 3169 2510 3223 sic
2530 3168 2762 3238 quidem
2795 3166 3030 3236 angelos
3059 3167 3334 3222 ostendes
3363 3181 3491 3221 esse
3520 3166 3710 3220 diver-

2069 3273 2186 3313 sos.
2218 3258 2516 3313 Dominari
2546 3257 2702 3313 enim
2735 3256 2932 3328 plures
2963 3257 3301 3328 angelorum
3335 3255 3627 3328 gentibus,
3661 3263 3716 3311 et

2067 3346 2398 3404 nationibus
2449 3347 2786 3418 singulatim
2821 3361 2851 3400 ο
2882 3346 3175 3415 Scriptura
3229 3345 3544 3400 didicimus
3572 3344 3618 3399 ιι.
3653 3344 3712 3399 Si

2065 3440 2283 3504 autem,
2305 3436 2459 3507 quod
2481 3436 2774 3505 subjectos
2807 3451 2921 3490 non
2953 3433 3286 3490 tractabiles
3305 3433 3418 3490 sibi
3439 3435 3709 3498 reddant,

2066 3525 2558 3596 quemadmodum
2607 3523 2692 3579 illi
2743 3523 2927 3578 multa
2974 3523 3269 3591 animalia,
3322 3523 3709 3580 differentiam

2067 3613 2412 3681 constituas,
2435 3611 2580 3668 nihil
2609 3611 3142 3681 nisirisumjactas,
3160 3613 3510 3682 nequeenim
3537 3613 3708 3667 homo

2065 3703 2236 3774 cujus
2265 3701 2579 3774 imaginem
2612 3703 2759 3758 ferre
2787 3700 3006 3756 dicitur
3035 3701 3236 3771 (apage
3267 3699 3537 3770 dictum),
3571 3699 3709 3754 sub-

2057 3791 2246 3861 jectos
2267 3791 2459 3846 reddit
2479 3789 2598 3846 sive
2615 3788 2864 3846 ostendit
2883 3793 3235 3843 mansuetos.
3255 3787 3400 3852 Quid
3421 3788 3600 3858 igitur
3619 3791 3710 3842 est

2062 3879 2231 3948 illud,
2278 3879 2576 3936 secundum
2623 3877 2972 3948 imaginem?
3008 3877 3152 3932 Nam
3200 3877 3536 3947 quicunque
3579 3892 3707 3932 cor-

2063 3985 2248 4041 porea
2279 3969 2476 4039 figurae
2507 3967 2855 4037 elegantiam
2886 3965 3202 4023 commenti
3233 3969 3392 4033 sunt,
3428 3965 3704 4022 omnibus

2062 4057 2182 4114 suis
2203 4059 2569 4130 argumentis
2595 4057 2891 4113 hominem
2916 4073 3100 4128 neque
3122 4058 3194 4112 ab
3218 4054 3556 4127 angelorum
3582 4056 3708 4126 qui-

2059 4147 2194 4203 dem
2242 4148 2437 4203 [οι-ωε
2486 4147 2894 4202 communione
2943 4162 3046 4218 pro
3089 4145 3312 4201 ratione
3363 4144 3706 4214 quaestionis

2057 4235 2380 4294 liberarunt
2405 4237 2539 4308 (87).
2565 4237 2649 4292 Ab
2673 4236 2896 4306 angelis
2914 4236 3070 4292 enim
3093 4234 3410 4291 humanam
3436 4231 3706 4290 indutam

2060 4341 2188 4382 esse
2219 4327 2490 4396 formam,
2523 4324 2692 4381 nobis
2723 4325 2931 4381 divina:
2958 4323 3187 4380 Litterae
3217 4323 3620 4395 prodiderunt.
3647 4323 3703 4378 Si

303 4413 361 4469 δὲ
401 4417 462 4470 τὸ
511 4413 910 4490 δημιουργικὸν
951 4417 1043 4471 καὶ
1088 4418 1384 4492 πρακτικὸν
1417 4421 1461 4454 ‘9
1500 4418 1575 4480 εἰς
1625 4415 1847 4494 ὕπαρξιν
1889 4419 1950 4472 τὸ

2061 4421 2256 4473 autem
2314 4389 2540 4488 opiﬁcis
2587 4421 2645 4472 et
2692 4415 2979 4472 effectoris
3037 4389 3385 4470 substantiae
3431 4413 3703 4469 humana:

297 4505 420 4557 κατ’
450 4502 630 4558 εῗκόνα
677 4503 1008 4583 φυλλάσσειν
1039 4497 1184 4580 ἔχεις
1234 4502 1317 4561 ἔπ’
1347 4505 1634 4580 ἀνθρώπου
1666 4503 1954 4582 (δημιουρ-

299 4599 387 4668 γεῖ
430 4593 529 4669 γὰρ
576 4593 706 4654 Θεὸς
731 4595 776 4630 ⁶⁰
821 4595 883 4649 τὸ
932 4599 1058 4664 πᾶν,
1111 4595 1396 4672 ἀφράστως
1441 4595 1532 4649 καὶ
1578 4594 1949 4663 ἀνεπινοήτως

300 4683 558 4758 προάγων
596 4683 662 4738 τὰ
696 4686 772 4758 μὴ
827 4683 978 4754 ὄντα,
1009 4683 1156 4740 ἀλλὰ
1201 4705 1292 4739 και
1323 4683 1606 4760 ἄνθρωπος
1653 4684 1824 4742 ἐνίοτε
1857 4689 1950 4761 μὲν

299 4771 362 4826 ἐκ
416 4779 518 4841 τῆς
577 4768 716 4834 ἰδίας
777 4772 962 4836 οὐσίας
1023 4772 1112 4828 καὶ
1166 4773 1376 4852 φύσεως
1415 4781 1619 4850 σπορᾶς
1667 4771 1948 4852 καταϐολῇ

299 4859 496 4932 ὅμοιον
549 4859 834 4936 ἄνθρωπον
883 4863 1161 4938 γεωργῶν,
1214 4862 1384 4918 ἐνίοτε
1441 4861 1500 4918 δὲ
1548 4863 1711 4940 τέχνῃ
1767 4863 1953 4921 πολλά

295 4953 412 5006 τῶν
464 4955 743 5023 τεχνητῶν
771 4953 816 4988 ⁵¹
869 4949 1246 5028 δημιουργῶν,
1296 4953 1342 5006 εἰ
1392 4951 1480 5007 καὶ
1541 4956 1618 5026 μὴ
1657 4955 1706 4990 ⁵²
1751 4953 1811 5009 ἐκ
1855 4959 1950 5010 τοῦ

298 5036 537 5114 μηδαμῆ
578 5037 850 5114 μηδαμῶς
879 5043 922 5077 ⁸³
953 5038 1150 5112 ὄντος),
1183 5039 1331 5096 ἀλλὰ
1359 5043 1448 5096 καὶ
1488 5042 1648 5098 τοῦτό
1687 5065 1740 5098 τι
1769 5045 1814 5080 ⁵⁴
1865 5065 1952 5100 πι-

283 5128 452 5184 θανὸν
509 5121 637 5203 ἔχον
699 5127 900 5203 ῥᾳδίως
956 5129 1266 5206 ἐλέγχεται.
1327 5127 1395 5188 Οἳ
1455 5133 1554 5205 [τε]
1614 5131 1718 5208 γὰρ
1779 5135 1948 5206 μονά-

2060 4507 2312 4579 efﬁgiem
2343 4505 2404 4562 in
2436 4505 2674 4562 homine
2705 4505 2851 4560 dicis
2882 4519 3118 4560 manere
3166 4501 3279 4576 (88)
3319 4504 3498 4574 (creat
3545 4501 3703 4558 enim

2061 4595 2232 4664 Deus,
2259 4597 2525 4654 universa
2543 4593 2936 4666 inexplicabili
2955 4598 3012 4650 et
3029 4591 3514 4664 incomprehenso
3533 4591 3705 4648 modo

2065 4687 2436 4758 producendo
2466 4701 2535 4741 ea
2563 4702 2690 4756 quas
2722 4701 2838 4740 non
2871 4683 3056 4754 sunt),
3087 4682 3262 4737 etiam
3311 4681 3488 4736 homo
3518 4697 3706 4752 quan-

2063 4778 2252 4848 doque
2309 4775 2490 4832 3136
2521 4791 2591 4831 ex
2645 4791 2752 4832 sua
2813 4773 3147 4830 substantia
3191 4775 3250 4828 et
3297 4776 3524 4836 natura,
3575 4773 3702 4826 satu

2061 4866 2306 4923 seminis
2353 4865 2608 4922 similem
2658 4865 2772 4921 sibi
2814 4863 3106 4920 hominem
3149 4865 3326 4929 creat,
3354 4859 3704 4932 quandoque

2061 4972 2196 5012 vero
2227 4955 2472 5012 artificio
2503 4953 2688 5011 multa
2717 4953 2986 5026 opiﬁcum
3036 4950 3303 5018 artificia,
3335 4949 3598 5020 quamvis
3635 4963 3705 5002 ex

2062 5043 2226 5100 nulla
2256 5059 2316 5100 re
2347 5045 2506 5116 prius
2553 5043 2889 5112 exsistente,
2921 5040 3127 5112 ﬁngit;
3159 5039 3454 5095 enimvero
3485 5041 3542 5092 et
3570 5036 3699 5106 hoc,

2061 5135 2110 5190 si
2144 5133 2282 5206 quid
2334 5131 2632 5206 probabile
2679 5130 2875 5201 habet,
2909 5127 3077 5186 facile
3125 5127 3428 5184 refellitur.
3463 5125 3606 5182 Nam
3645 5129 3704 5182 et

1652 5250 1892 5308 VARIE
1933 5250 2340 5308 LECTIONES.

365 5347 410 5382 ιθ
448 5344 780 5420 ᾧ-ἀγνείας
814 5365 930 5406 om.
961 5349 1069 5406 AC.
1148 5347 1196 5382 ⁴⁷
1225 5347 1336 5401 ἐστι
1366 5346 1746 5420 νενοθευμένος
1785 5351 1852 5404 Α.
1883 5348 1986 5422 γὰρ
2015 5345 2396 5418 νενοθευμένος
2426 5346 2566 5402 ἐστίν
2768 5345 2816 5383 ’⁸⁸
2845 5343 3192 5400 ἐπετύπωσαν
3227 5341 3289 5416 ς’

371 5415 621 5456 Mys”)...
678 5424 731 5456 ,ι
773 5436 906 5456 mnv
937 5413 1056 5456 ἕω.
1177 5421 1222 5455 ιο
1252 5419 1351 5456 ηε,
1381 5420 1408 5456 Α
1441 5420 1570 5456 ma.
1603 5419 1664 5456 τ’·
1790 5421 1836 5456 ει
1869 5425 2134 5456 "unum...
2172 5425 2201 5456 Α
2334 5421 2380 5455 Is
2415 5419 2489 5456 na
2524 5437 2614 5456 nm
2684 5425 2709 5456 Α
2841 5417 2890 5452 53
2925 5413 3154 5456 ....'.§....:
3195 5411 3289 5456 ..τιὸ

1869 5425 2134 5494 τεχνιτῶν
2165 5425 2230 5477 Α.

260 5413 736 5496 εεροακτικὸνηθέ
773 5413 1087 5496 ΨΘΧ-ἔχειἶ
1175 5421 1222 5496 _'°
1252 5419 1351 5496 γὰρ
1381 5420 1408 5473 6
1441 5413 1684 5496 Θεὸςςῖ

260 5442 645 5492 προακτικον,
678 5442 736 5475 er.
775 5442 910 5476 mox
937 5442 1082 5496 εχει.
1177 5442 1222 5455 -ν
1252 5442 1266 5454 α
1289 5442 1351 5494 αρ
1381 5442 1408 5473 ο
1441 5442 1559 5481 uso:

258 5491 440 5564 δαμῆ
467 5497 536 5558 Α,
575 5485 852 5562 μηδαμῶς
1041 5491 1091 5526 ⁶⁴
1118 5491 1190 5564 τι]
1219 5442 1282 5546 τό
1312 5507 1462 5548 corr.
1493 5495 1559 5549 A.

3413 5343 3460 5377 ⁴⁹
3493 5341 3696 5398 malim

2334 5385 2394 5455 ὗ..
2427 5385 2564 5438 εις...
2599 5385 2638 5421 ξ,
2668 5391 2681 5405 .
2845 5385 3189 5434 “ense”?
3230 5385 3268 5416 ,³
3297 5385 3310 5399 .
3395 5417 3421 5427 η
3493 5385 3696 5398 um"...

2415 5440 2490 5492 μη
2524 5437 2640 5478 om.
2675 5425 2736 5473 A.
2841 5417 2890 5452 ⁵³
2925 5431 3158 5491 μηοαμῃ
3193 5411 3464 5488 μηδαμως
3494 5419 3551 5480 Β,
3588 5432 3696 5486 μη-

1891 5583 2122 5641 ΝΟΤΕ.

361 5679 470 5758 (87)
505 5677 638 5746 Quae
669 5683 810 5753 erat,
841 5699 958 5758 qua
987 5682 1208 5740 ratione
1238 5681 1451 5738 similis
1481 5691 1633 5742 eset
1657 5685 1796 5743 Deo.

2121 5683 2232 5758 (88)
2261 5681 2528 5756 Efﬁgiem
2560 5681 2854 5739 custodire
2879 5695 3056 5756 penes
3083 5678 3376 5737 hominem
3409 5681 3596 5752 putas.
