4100 6242
397 352 551 414 H79

1590 364 1857 425 PHO'I‘II
1900 366 2432 429 PATRIARCH/E
2473 372 2593 433 ΟΡ.

3646 388 3812 449 1180

399 486 498 557 qui
548 488 872 544 solitariam
925 486 1102 544 vitam
1153 488 1389 562 degunt,
1432 496 1489 548 et
1534 501 1835 567 pr0pterea
1885 501 2026 570 quod

2153 505 2355 573 ζοντες,
2406 501 2497 556 καὶ
2538 501 2627 558 διὰ
2672 506 2733 560 τὸ
2784 503 2961 562 δοκεῖν
3005 509 3295 577 φυλάσσειν
3345 516 3406 568 τὸ
3456 519 3573 571 κατ’
3624 518 3815 573 εἰκόνα

399 575 707 631 videantur
728 576 894 646 illud,
925 575 992 631 ad
1023 578 1345 648 imaginem,
1381 598 1628 654 servare,
1663 592 2037 659 posteaquam

400 665 626 736 seipsos
662 682 840 737 supra
871 683 1042 723 omne
1072 668 1385 726 artificium
1420 671 1740 731 humanum
1774 681 1829 732 et
1858 683 2036 734 artem

398 755 783 825 perfecerunt,
809 756 1007 812 miseri
1026 758 1376 827 viderentur,
1402 765 1554 833 quod
1580 764 1687 821 hoc
1719 766 1843 835 ipso
1875 767 2041 837 illud,

394 843 686 899 secundum
743 844 1188 919 similitudinem,
1234 852 1643 920 perdidissent.
1704 857 1849 920 Quid
1907 873 2041 930 ergo

395 938 485 988 est
515 935 642 999 hoc,
683 936 981 991 secundum
1020 940 1447 997 similitudinem
1472 950 1499 997 Ρ
1528 945 1815 1001 Virtutum
1866 948 2037 1003 indu-

394 1022 539 1078 stria
572 1028 869 1095 partarum
903 1027 1217 1085 thesaurus
1239 1035 1345 1086 est.
1370 1032 1574 1102 Angeli
1598 1036 1749 1091 enim
1775 1039 2040 1107 quamvis

392 1112 662 1171 virtutem
695 1115 968 1185 habeant,
994 1135 1107 1174 non
1132 1121 1407 1178 dicuntur
1434 1127 1631 1180 tamen
1650 1142 1752 1198 per
1782 1127 2035 1183 laborem

392 1206 449 1258 et
479 1203 822 1261 industriam
859 1212 1081 1279 partam
1114 1210 1327 1267 habere
1350 1212 1487 1283 quia
1509 1230 1623 1269 non
1646 1214 2038 1272 sollicitantur

391 1310 425 1348 a
457 1298 708 1364 peccato.
746 1296 854 1351 Sed
908 1300 1172 1370 quamvis
1224 1300 1331 1357 hoc
1380 1304 1805 1373 concederetur,
1838 1306 1909 1359 ab
1942 1324 2036 1362 an-

389 1382 535 1452 gelis
557 1383 828 1441 virtutem
852 1386 978 1442 sine
1001 1387 1195 1444 labore
1221 1400 1573 1463 possessam,
1597 1398 1699 1449 aut
1722 1394 1779 1448 hi
1806 1411 2037 1466 quoque

387 1470 553 1540 illud,
589 1474 657 1529 ad
687 1474 1007 1545 imaginem,
1032 1478 1159 1534 sine
1183 1480 1380 1536 labore
1409 1481 1677 1538 habendo
1710 1486 1901 1555 magis
1920 1485 2034 1541 Deo

389 1560 611 1618 similes
635 1564 931 1621 habebunt
956 1567 1134 1623 hanc:
1162 1573 1283 1634 aut,
1304 1570 1354 1624 si
1377 1571 1434 1625 hi
1460 1588 1598 1637 non,
1623 1572 1808 1629 multo
1842 1574 2036 1631 minus

387 1652 582 1721 homo,
629 1654 766 1725 quia
813 1673 946 1712 cum
994 1656 1178 1726 illius,
1224 1667 1321 1714 aut
1370 1666 1503 1717 ante
1552 1660 1710 1718 illius
1762 1663 2036 1735 imaginis

386 1743 841 1812 possessionem,
874 1745 1077 1802 multis
1127 1750 1397 1805 aerumnis
1428 1754 1484 1806 et
1512 1751 1813 1809 laboribus
1843 1760 2035 1809 exant-

383 1829 519 1889 latis
550 1831 702 1889 hanc
734 1836 1090 1906 assequitur.

1014 1944 1398 2005 CCXXXVIII.

488 2048 668 2104 Flavii
694 2050 919 2120 Iosephi
943 2052 1349 2123 Antiquitatum
1378 2054 1738 2113 Iudaicarum
1769 2060 1920 2115 libri.

453 2155 587 2224 Legi
657 2155 893 2225 Josephi
957 2157 1353 2229 Antiquitates,
1414 2177 1665 2233 quarum
1724 2165 2025 2238 Excerpta,

384 2257 514 2311 quae
543 2242 613 2297 de
644 2243 864 2301 Herode
896 2255 1152 2315 narrant,
1176 2248 1516 2305 describunt
1546 2252 2024 2313 instaurationem

383 2330 604 2402 templi,
631 2336 695 2386 ut
714 2334 1045 2391 .ludzeorum
1078 2338 1442 2407 occupaverit
1472 2340 1822 2411 dominium,
1848 2349 2027 2416 utque

384 2419 511 2488 ejus
545 2420 725 2493 stirps
757 2422 1068 2495 imperium
1095 2427 1301 2496 adepta
1324 2427 1417 2493 sit,
1444 2434 1505 2483 ut
1526 2430 1768 2502 denique
1800 2432 1856 2489 in
1882 2435 2029 2504 opti-

384 2512 598 2564 matum
631 2526 873 2583 regnum
902 2514 1159 2583 verterit,
1186 2515 1575 2588 principatum
1609 2522 1856 2578 summis
1890 2540 2027 2594 pon-

377 2596 635 2655 tiﬁcibus
664 2600 1097 2672 invadentibus,
1122 2610 1177 2660 et
1202 2604 1315 2660 alia
1337 2623 1464 2677 quaa
1489 2607 1579 2664 his
1602 2610 2022 2684 adjunguntur.

446 2868 761 2939 Josephus,
794 2873 865 2927 ad
901 2872 1075 2930 finem
1114 2875 1245 2932 libri
1281 2879 1469 2950 quinti
1511 2882 1721 2938 decimi
1765 2886 2018 2958 Antiqui-

377 2959 573 3024 tatum,
607 2959 800 3015 tradit.
840 2962 1051 3019 Octavo
1101 2965 1327 3023 decimo
1368 2970 1527 3039 regni
1573 2973 1816 3029 Herodis
1869 2992 2021 3032 anno

378 3046 694 3115 perfectum
746 3051 1030 3120 templum
1072 3052 1529 3128 Hierosolymis:
1563 3063 1715 3132 quod
1750 3064 2017 3121 Salomon

2150 590 2348 651 παντὸς
2428 592 2764 666 ἀνθρωπίνου
2841 598 3210 672 [τεχνήματος
3428 605 3815 680 τεχνάσματος

2150 677 2403 754 ἀνωτέρω
2450 681 2670 745 ἑαυτοὺς
2725 683 3109 760 ἐργασάμενοι,
3142 689 3321 745 ἄθλιοι
3365 692 3422 746 ἂν
3475 701 3715 771 φανεῖεν,
3748 698 3813 751 τὸ

2154 771 2273 821 γαῖ’
2320 768 2495 823 εἰκόνα
2541 769 2610 825 δι’
2659 772 2791 827 αὐτὸ
2845 773 3016 831 έκεῖνο
3050 781 3093 815 ⁸⁵
3156 768 3520 838 ἀπολέσαντες
3596 785 3668 842 Τί
3724 786 3817 841 οὖν

2174 811 2186 820 .
2580 816 2591 825 .
2742 814 2757 828 .
2845 816 2903 830 ν.
3308 825 3328 837 .
3496 823 3545 845 ...
3656 829 3668 838 .

2151 858 2233 924 τὸ,
2276 859 2392 911 κατ’
2442 858 2657 929 εἰκόνα;
2783 868 2888 917 τῶν
2937 865 3143 941 ἀρετῶν
3191 866 3260 923 δι’
3306 870 3621 944 ἐπιμελείας
3673 896 3815 944 κτη-

2152 966 2233 1006 σις
2266 963 2278 976 ⁸
2314 944 2539 1023 ἄγγελοι
2588 951 2683 1022 μὲν
2706 953 2807 1027 γὰρ
2859 947 3006 1029 ἔχειν
3039 956 3259 1031 ἀρετὴν,
3307 959 3434 1015 ἀλλ’
3469 963 3529 1016 οὗ
3578 966 3685 1033 τὴν
3739 964 3812 1020 δι’

2149 1035 2463 1110 ἐπιμελείας
2507 1040 2595 1095 καὶ
2647 1043 2841 1111 κόπου,
2877 1047 2959 1100 ὅτι
3012 1050 3087 1120 μὴ
3143 1051 3495 1121 μεθέλκονται
3552 1056 3657 1109 ὑπὸ
3710 1077 3808 1111 κα-

2148 1126 2289 1193 κίας,
2342 1126 2677 1199 δοξάζονται.
2708 1132 2862 1189 Ἀλλ’
2920 1136 2964 1189 εἷ
3014 1138 3102 1192 καὶ
3156 1140 3316 1195 τοῦτο
3376 1146 3805 1219 συγχωρηθείη,

2148 1215 2349 1271 ἄκοπον
2410 1219 2610 1293 ἀρετῶν
2670 1230 2860 1292 κτῆσιν
2918 1232 3035 1289 τοῖς
3092 1227 3347 1302 ἀγγέλοις
3405 1232 3811 1311 ἀποκεκληρῶ-

2147 1308 2287 1371 σθαι,
2319 1308 2352 1376 ἢ
2404 1310 2492 1362 καὶ
2526 1311 2677 1365 οὗτοι
2719 1313 2803 1383 τὸ,
2852 1316 2968 1369 κατ’
3022 1317 3221 1388 εἰκόνα,
3254 1324 3331 1390 τῷ
3378 1320 3600 1384 ἀκόπως
3655 1323 3810 1403 ἔχειν

2146 1401 2261 1467 Θεῷ
2322 1397 2536 1469 μᾶλλον
2594 1401 3015 1474 πλησιάζοντες,
3060 1405 3096 1475 ἢ
3148 1407 3195 1461 εί
3248 1411 3323 1481 μὴ
3374 1410 3547 1483 οὗτοι,
3597 1414 3809 1486 πολλῷ

2147 1484 2360 1558 μᾶλλον
2404 1486 2518 1543 οὐδ’
2567 1491 2595 1545 ὁ
2654 1488 2958 1566 ἅνθρωπος,
3019 1497 3101 1550 ὁτι
3162 1499 3296 1569 μετά
3352 1500 3555 1571 ταύτης
3614 1502 3652 1570 ἢ
3697 1506 3809 1577 πρὸ

2144 1576 2349 1645 τ;.·5της
2412 1579 2510 1646 τήν
2570 1587 2759 1649 κτῆσιν
2819 1583 3045 1638 πολλῶν
3106 1590 3365 1663 ταράχων
3435 1590 3527 1643 καὶ
3607 1594 3801 1647 πόνων

2146 1664 2569 1742 ἐμπιπλάμενος
2600 1670 2800 1743 ταύτην
2838 1671 3140 1753 ἐκδέχεται.

2889 1948 3041 2001 ΣΛΗ¹

2352 2049 2623 2118 Ἰωσήπου
2662 2056 2761 2119 τῆς
2801 2052 3225 2129 Ἀρχαιολογίας
3268 2058 3301 2123 ἡ
3342 2053 3570 2129 ἐκλογή.

2212 2157 2552 2233 Ἀνεγνώσθη
2621 2160 2892 2229 Ἰωσήπου
2968 2163 3001 2229 ἡ
3068 2161 3464 2236 ’Δρχαιολογία
3510 2184 3523 2195 ⁸
3611 2169 3684 2234 ἧς
3764 2172 3802 2237 ἡ

2138 2244 2365 2317 ἐκλογὴ,
2398 2247 2495 2300 ὅσα
2523 2267 2579 2300 τε
2610 2248 2815 2323 ἱστορεῖ
2853 2250 2974 2324 περῖ
3018 2250 3264 2325 Ἡρώδου
3293 2252 3434 2321 ⁵⁸⁸⁵7,
3474 2252 3799 2329 καταλέγει,

2137 2336 2236 2403 τήν
2267 2355 2325 2388 τε
2381 2334 2751 2408 ἀνοικοδομήν
2808 2342 2907 2393 τοῦ
2962 2343 3112 2407 ναοῦ,
3164 2342 3313 2401 ὅπως
3368 2363 3427 2397 τε
3483 2345 3588 2411 τήν
3653 2346 3800 2402 Ἰου-

2138 2419 2326 2489 δαϊκὴθ
2380 2423 2676 2489 ὑπεισῆλθε
2738 2424 3037 2500 βασιλείαν,
3107 2430 3193 2483 καὶ
3256 2429 3406 2493 ὅπως
3463 2431 3632 2487 αὐτοῦ
3692 2436 3799 2503 τήν

2136 2513 2314 2588 ἀρχήν
2363 2515 2414 2568 οἳ
2466 2514 2525 2570 ἐκ
2581 2515 2769 2591 γένους
2830 2517 3154 2591 διεδέξαντο,
3188 2520 3340 2583 ὅπως
3396 2543 3455 2576 τε
3512 2522 3651 2593 αὕτη
3716 2526 3797 2587 εἷς

2135 2605 2550 2679 ἀριστοκρατίαν
2627 2607 3012 2679 καταλέλυται,
3098 2613 3198 2682 τήν
3275 2616 3606 2689 προστασίαν
3698 2622 3798 2672 τοῦ

2134 2691 2319 2757 ἔθνους
2364 2700 2471 2750 τῶν
2523 2696 2821 2773 ἀρχιερέων
2880 2698 3306 2774 ἀναδεξαμένων,
3357 2703 3446 2757 καὶ
3496 2704 3595 2759 ὅσα
3642 2704 3797 2762 ἄλλα

2134 2786 2348 2846 τούτοις
2384 2782 2848 2846 συνδιαπλέκεται.

2204 2877 2326 2932 ’Ὁτι
2357 2876 2404 2911 ⁵⁸
2450 2877 2715 2945 Ἰώσηπος
2755 2880 2890 2953 πρὸς
2939 2876 3017 2952 δῷ
3063 2878 3207 2936 τέλει
3254 2890 3353 2951 τῆς
3397 2886 3460 2938 ιε’
3507 2884 3645 2939 κατᾶ
3692 2889 3795 2954 τήν

2135 2967 2392 3045 Ἀρχαιο)
2410 2967 2560 3045 ογίαν
2592 2969 2855 3042 ἱστορίας,
2890 2970 3358 3028 ὀκτωκαιδέκατον
3388 2972 3512 3035 ἔτος
3551 2983 3655 3044 τῆς
3689 2978 3791 3050 βαο

2135 3055 2343 3117 σιλείας
2369 3058 2489 3129 [968
2540 3056 2900 3132 Η.]”11ρώὸην
2929 3060 2976 3096 ⁵9
3002 3060 3232 3116 ἀνύοντα
3262 3062 3353 3117 τὸν
3384 3064 3437 3117 ἓν
3471 3064 3791 3139 Ἱεροσολῦ-

376 3149 474 3187 rex
520 3136 909 3208 exaediﬁcavit,
946 3143 1099 3211 quod
1152 3159 1416 3200 eversum
1471 3148 1684 3205 iterum
1734 3154 1945 3224 captivi
1988 3172 2018 3211 e

2141 3167 2257 3207 αοις
2285 3147 2435 3217 νεὼν,
2463 3147 2521 3201 ’ὸν
2564 3141 2738 3202 ἔκτισε
2768 3147 3037 3221 Σολομὼν
3074 3152 3102 3204 ὁ
3148 3150 3424 3218 ϐασιλεὺς,
3468 3174 3751 3229 καταστρα
3773 3190 3789 3198 ε

376 3221 668 3293 Babylone
719 3227 944 3284 reducti
1003 3229 1307 3288 Persarum
1367 3252 1495 3307 rege
1550 3238 1722 3295 Dario
1780 3221 2017 3315 coadju-

373 3316 549 3366 vante
590 3320 893 3371 erexerunt
945 3332 1041 3373 sex
1090 3324 1147 3375 et
1192 3325 1579 3397 quadraginta
1628 3332 1819 3387 annis.
1858 3334 2019 3389 Hunc

374 3398 659 3457 Herodem
693 3404 891 3471 refert,
923 3408 1277 3467 auferentem
1328 3414 1707 3474 fundamenta
1755 3422 2013 3495 antiqua,

375 3488 491 3545 alia
520 3505 655 3547 vero
686 3496 887 3550 contra
916 3494 1016 3551 illa
1039 3498 1375 3569 jacientem,
1400 3504 1576 3576 duplo
1608 3508 1796 3579 priore
1829 3488 2019 3583 majus

374 3576 601 3670 fecisse.
634 3580 938 3651 Superavit
985 3586 1143 3643 enim
1192 3589 1501 3650 altitudine
1549 3576 1828 3668 templum
1870 3576 2016 3670 quod

376 3667 588 3739 captivi
637 3680 944 3728 erexerunt
993 3676 1281 3749 templum
1335 3667 1685 3742 Salomonis,
1726 3667 2018 3747 mens—uris

378 3756 752 3827 quibusdam.
788 3761 1129 3821 Continebat
1171 3770 1458 3841 templum
1492 3771 1731 3831 Herodis
1780 3782 2019 3835 centum

379 3846 609 3903 cubitos
638 3846 1036 3921 longitudine:
1063 3854 1309 3915 altitudo
1340 3861 1592 3934 amplius
1622 3864 1849 3937 viginti,
1875 3886 2023 3941 quos

379 3938 555 3995 etiam
589 3943 967 4013 transcendit,
1001 3952 1256 4018 tempore
1287 3950 1683 4013 fundamentis
1713 3938 2023 4016 subsiden-

379 4026 560 4096 tibus,
590 4045 765 4101 quam
796 4032 972 4088 etiam
1004 4037 1246 4094 Neronis
1277 4039 1519 4113 imperio
1547 4044 1732 4102 Judaei
1765 4049 2025 4106 attollere

382 4116 734 4187 cogitarunt.
771 4120 1134 4181 Ediﬁcatum
1177 4143 1307 4184 vero
1356 4132 1637 4204 templum
1689 4137 1759 4192 ab
1804 4138 2026 4195 Herode

383 4222 498 4261 uno
556 4224 707 4265 anno
766 4218 819 4266 et
878 4228 978 4269 sex
1035 4217 1335 4273 mensibus
1390 4221 1677 4295 Iosephus
1734 4227 1926 4297 refert,
1971 4232 2027 4284 et

383 4296 613 4364 domus,
663 4302 721 4354 et
760 4308 1141 4361 monumenta
1198 4307 1382 4363 814a
1410 4326 1537 4381 quis
1592 4314 1806 4370 circum
1866 4321 2027 4374 erant

382 4391 507 4439 octo
538 4384 782 4458 integris
811 4392 1001 4446 annis.
1035 4391 1279 4466 Lapides
1309 4398 1521 4469 quibus
1553 4403 1843 4475 templum
1886 4405 2024 4460 aedi-

2129 3238 2289 3312 φὲντα
2337 3234 2393 3290 δὲ
2438 3235 2605 3291 πάλιν
2659 3239 2709 3291 οἱ
2760 3238 2817 3292 ὲκ
2866 3233 3197 3302 Βαϐυλῶνος
3241 3240 3560 3316 ἀναχθέντες
3609 3243 3787 3319 αἷχμ·

2129 3325 2335 3381 ἀλωτοι
2385 3326 2608 3391 Δαρείου
2654 3331 2749 3381 τοῦ
2795 3333 3016 3402 Περσῶν
3075 3327 3348 3405 βασιλέως
3397 3335 3781 3406 συναραμένου

2129 3415 2314 3477 αὐτοῖς
2360 3414 2650 3486 ἀνέστησαν
2700 3414 2751 3469 ἒν
2809 3418 2851 3480 ς’

2126 3505 2219 3558 τὸν
2260 3505 2606 3579 περιώνυμον
2646 3506 2777 3560 νεὼν
2807 3508 2851 3543 ⁸ο
2894 3506 3029 3579 μετὰ
3067 3504 3159 3578 ἔτη
3205 3508 3473 3577 ἑξακόσια,
3516 3509 3780 3567 ἀνελόντα

2898 3414 3039 3472 ἔτεσι
3096 3419 3183 3472 καὶ
3254 3420 3326 3491 μ’,
3389 3420 3584 3475 τοῦτόν
3639 3444 3779 3500 φησι

2134 3595 2228 3667 μὶν
2274 3592 2403 3658 τοὺς
2458 3593 2723 3668 ἀρχαίους
2771 3595 3080 3667 θεμελίους,
3141 3595 3356 3669 ἑτέρους
3424 3594 3481 3652 δὲ
3540 3596 3779 3655 καταϐιαο

2130 3681 2296 3739 λόντα
2325 3682 2408 3737 ἐπ’
2446 3681 2620 3737 αὐτῶν
2652 3685 2695 3721 ⁶¹
2735 3684 2826 3739 τὸν
2868 3682 3117 3759 Ἡρώδην
3161 3683 3449 3741 διπλάσιον
3489 3692 3590 3743 τοῦ
3634 3709 3778 3763 προ-

2129 3772 2287 3847 τέρου
2337 3772 2630 3841 ἀναστῆσαι
2662 3790 2676 3805 ·
2738 3772 3017 3828 λείπεσθαι
3073 3774 3175 3850 γὰρ
3222 3775 3313 3830 τὸν
3376 3777 3480 3832 ὑπὸ
3537 3782 3647 3832 τῶν
3702 3778 3783 3833 αἶ-

2132 3860 2452 3938 χμαλώτων
2480 3866 2577 3916 τοῖ)⁹
2630 3861 3051 3935 Σολομωντείου
3086 3862 3301 3938 μέτροις
3348 3868 3484 3920 κατὰ
3532 3868 3594 3922 τὸ
3644 3868 3785 3942 ὕψος

2134 3952 2290 4007 τισίν.
2326 3952 2455 4026 Εἶχε
2497 3949 2551 4005 δὲ
2583 3952 2610 4006 ὁ
2648 3950 2895 4027 Ἡρώδου
2934 3953 3071 4015 νεὼς
3112 3960 3287 4027 μῆκος
3334 3957 3430 4028 μὲν
3471 3958 3682 4035 πήχεις
3715 3963 3788 4033 ρ’,

2134 4040 2269 4113 ὕψος
2298 4038 2353 4095 δὲ
2383 4044 2432 4094 κ’
2462 4046 2756 4115 περιττοῖς,
2798 4040 2893 4104 οὓς
2926 4043 2975 4079 ⁸³
3004 4043 3093 4097 καὶ
3138 4039 3309 4114 ὑπέϐη
3343 4049 3422 4117 τῷ
3452 4047 3641 4120 χρόνῳ
3671 4053 3782 4102 τῶν

2137 4128 2407 4202 θεμελίων
2459 4132 2863 4200 συνιζησάντων
2897 4148 2910 4161 ·
2962 4133 2990 4185 ’ὀ
3029 4132 3119 4187 καὶ
3172 4132 3308 4187 κατᾶ
3352 4132 3481 4196 τοὺς
3533 4135 3795 4208 Νέρωνος

2136 4219 2357 4295 καιροὺς
2416 4217 2673 4275 Ἰουδαῖοι
2734 4220 3055 4295 ἐγνώκεισαν
3115 4222 3426 4297 ἐπεγείρειν.
3470 4223 3791 4299 Οἰκεδομη-

2137 4312 2292 4379 θῆναι
2342 4307 2389 4363 δ’
2437 4311 2565 4382 [513
2608 4312 2700 4383 Η.]
2728 4308 2947 4385 Ἡρώδῃ
3006 4312 3096 4366 τὸν
3149 4313 3276 4367 ναὸν
3318 4314 3591 4384 Ἰώσηπός
3620 4336 3787 4393 φησιν

2136 4399 2365 4472 ἐνιαυτῷ
2410 4401 2484 4454 ἑνὶ
2533 4402 2617 4455 καὶ
2670 4402 2834 4472 μησὶν
2888 4403 2950 4471 ς’,
2992 4406 3099 4456 τῶν
3128 4404 3172 4439 ⁵³
3221 4401 3278 4457 δὲ
3325 4403 3447 4477 περὶ
3508 4405 3603 4458 τὸν
3654 4405 3789 4460 νεὼν

380 4471 614 4565 ﬁcetum
647 4476 927 4565 candidos
959 4498 1025 4537 ac
1058 4482 1280 4556 firmos,
1311 4467 1578 4560 singulos
1617 4467 1799 4548 fuisse
1835 4492 2025 4565 longi-

2141 4488 2300 4544 οἷ’κων
2340 4467 2445 4544 ’καὶ
2519 4484 2829 4565 περιϐόλων
2863 4493 2909 4527 ⁸⁸
2982 4486 3151 4547 ἔτεσιν
3224 4492 3378 4554 ὅλοις
3439 4500 3506 4563 η’,
3580 4495 3788 4555 Λῖθους

378 4560 583 4649 tudine
612 4564 936 4623 cubitorum
969 4570 1174 4643 viginti
1208 4574 1486 4647 quinque,
1519 4578 1828 4637 altitudine
1872 4560 2022 4649 octo,

377 4648 689 4708 latitudine
736 4653 1045 4714 duodecim
1075 4678 1090 4727 ;
1122 4660 1354 4719 finitum
1404 4682 1539 4723 vero
1572 4667 1680 4723 hac
1709 4648 2022 4727 industria.

379 4739 458 4798 Eo
488 4740 549 4798 in
581 4759 751 4815 opere
782 4761 990 4817 magna
1020 4748 1267 4808 Herodis
1315 4754 1529 4811 enituit
1556 4756 1893 4830 diligentia:
1926 4761 2025 4816 ad-

378 4834 527 4890 vexit
550 4833 710 4908 prius
731 4852 958 4894 omnem
984 4841 1310 4912 materiam,
1337 4850 1615 4919 erantque
1635 4847 1718 4904 illi
1741 4849 2023 4921 plaustra,

380 4922 541 4980 mille
590 4924 815 4998 lapides
864 4926 1071 4987 vehere
1123 4940 1418 5003 consueta,
1450 4936 1651 4993 decem
1684 4938 1870 4995 millia
1900 4939 2025 5013 opi-

378 5010 578 5085 ﬁcum,
611 5017 997 5087 sacerdotum,
1028 5021 1129 5092 qui
1171 5022 1231 5078 in
1272 5024 1459 5096 adytis
1503 5027 1789 5084 servirent
1841 5010 2021 5086 mille.

379 5096 480 5188 His
510 5103 665 5160 enim
697 5107 979 5165 aediﬁcare
1011 5110 1284 5184 lignaque
1305 5116 1505 5173 cedere
1531 5116 1803 5188 instituit,
1828 5135 2023 5176 sacras

376 5183 492 5245 illis
524 5194 795 5253 omnibus
826 5203 1015 5255 vestes
1044 5183 1338 5272 coemens,
1370 5209 1425 5261 et
1454 5211 1792 5280 apparatus,
1824 5206 2025 5266 volun-

2136 4578 2203 4650 8',
2251 4579 2299 4649 ἐξ
2348 4580 2420 4634 ὢν
2469 4579 2713 4656 ἠγείρετο
2772 4580 2800 4635 ὁ
2859 4580 2994 4643 νεὼς
3051 4579 3277 4643 λευκοῦς
3340 4583 3431 4656 μὶν
3488 4582 3623 4635 εἶναι
3687 4586 3781 4636 καί

2129 4667 2444 4743 κραταιοὺς,
2491 4666 2637 4743 ἔχειν
2677 4667 2723 4723 δ’
2767 4666 2990 4724 ἕκαστον
3039 4671 3219 4725 αὐτῶν
3274 4674 3477 4744 μήκους
3536 4670 3613 4743 μὴ
3662 4672 3780 4741 πή-

2131 4778 2252 4833 χεις
2294 4762 2341 4813 κ’
2390 4758 2480 4812 καὶ
2522 4760 2579 4830 ε’,
2624 4760 2793 4831 ὓψους
2843 4758 2899 4814 δὲ
2946 4761 2998 4829 η’
3043 4762 3133 4814 καὶ
3182 4758 3371 4837 εὔρους
3418 4760 3539 4835 περῖ
3591 4761 3662 4835 ιβ’
3711 4762 3788 4818 ⁸⁵.

2129 4848 2459 4917 Τελεσθῆναι
2494 4846 2550 4902 δὲ
2579 4849 2640 4903 τὸ
2673 4846 2824 4924 ἔργον
2863 4850 2996 4928 φησί
3038 4849 3253 4921 ἐπινοίᾳ
3289 4851 3513 4923 τοιαυτῃ
3549 4870 3565 4884 “
3605 4852 3788 4926 Ἡρώο

2132 4935 2197 5012 δῃ
2244 4936 2429 5008 πολλή
2478 4959 2560 5001 τις
2609 4937 2813 5014 ἐγένετο
2861 4940 2983 5015 περὶ
3029 4942 3073 4977 ⁵⁵
3117 4941 3181 4995 τὸ
3220 4936 3383 5017 ἔργον
3439 4938 3738 5017 φιλοτιμία
3773 4964 3793 4979 ο

2132 5025 2332 5101 ἀγείρει
2384 5025 2474 5080 οὗν
2507 5026 2770 5101 πρότερον
2819 5029 3030 5082 ἅπασαν
3059 5028 3220 5100 ὕλην,
3267 5030 3356 5083 καὶ
3407 5028 3594 5107 χίλιαι
3637 5031 3793 5103 αὐτῷ

2132 5119 2329 5191 ἅμαξαι
2364 5116 2553 5180 λίθους
2608 5114 2753 5191 ἄγειν
2810 5117 3085 5194 εὐτρεπεῖς
3114 5121 3157 5155 ⁸⁷
3215 5119 3372 5188 ἦσαν,
3434 5117 3659 5196 ἐργάται
3728 5119 3792 5177 δί

2131 5204 2300 5263 ἄλλοι
2362 5207 2457 5281 μὲν
2517 5206 2865 5283 μύριοι,τῶν
2923 5205 2981 5263 δὲ
3036 5208 3249 5285 ἱερέων,
3290 5209 3342 5263 οἳ
3395 5214 3508 5264 τῶν
3564 5208 3787 5266 ἀδύτων

1728 5365 1959 5423 VARI/ﬂ
1998 5365 2415 5424 LECTIONES.

448 5489 492 5525 ⁵⁸
522 5489 809 5588 ἐκεῖνοὶΑβ
844 5503 1052 5588 ινξοῢτο
1067 5504 1182 5588 Ag“
1211 5507 1359 5588 156;,"
1390 5506 1613 5588 ἡρώξην
1647 5516 1713 5568 Α,
1791 5512 1837 5588 5t
1865 5509 2373 5588 "AveyvmoOn—fb'rt
2405 5511 2693 5588 Ἰῴσηςκος]
2724 5511 2934 5588 hasc‘in
2968 5512 3278 5588 _mg.habet
3306 5512 3463 5588 (λιιι
3502 5513 3793 5586 praefatus

376 5557 599 5637 εὕρηται
638 5565 726 5619 καὶ
760 5565 813 5622 έν
846 5566 1005 5644 ἄλλῳ
1036 5557 1269 5650 ’βῗέλίῳ
1300 5557 1713 5687 agragas;
1741 5586 1841 5657 qui
1871 5557 2523 5643 i‘£"t‘a§i"éoig"ohii
2539 5557 2937 5657 Ἷᾟκῖἐγῖξίῖξθῆξ

376 5633 421 5728 Ξῖ
445 5632 669 5728 ἡεώδην
701 5642 787 5728 ᾼΒ
822 5657 836 5696 2
865 5641 1118 5728 ξξρώδου
1402 5652 1525 5706 ναὸν
1670 5724 1679 5728 _
1735 5655 1778 5691 ⁶¹
1815 5655 1973 5710 αὐτὸν
2184 5656 2231 5692 ⁶²
2263 5602 2382 5728 οόςῖ
2402 5654 2462 5717 ὃς
2492 5661 2530 5709 Β
2556 5661 2614 5713 et
2642 5672 2791 5713 corr.
2834 5658 2901 5712 A.
2993 5655 3041 5690 ⁸³
3062 5676 3125 5728 ,το

373 5632 669 5729 ξξῆεώδην
701 5642 787 5729 es
822 5632 1118 5729 :jpgibaag
1150 5632 1250 5729 ς]
1327 5632 1683 5729 έδναὸῖξῖἶ
1735 5632 1973 5710 a‘a‘av

373 5654 421 5670 ν’
445 5654 669 5729 ηρωοην
701 5654 787 5695 ΑΒ
822 5657 836 5696 :
868 5654 1118 5715 Ἡρώδου
1150 5654 1231 5721 ς.
1327 5654 1374 5687 ⁸ο
1402 5654 1525 5706 ναὸν
1735 5654 1778 5691 δῖ
1815 5655 1973 5710 αὐτὸν

372 5707 421 5744 ⁶⁴
451 5730 602 5766 οικον
630 5710 724 5767 καὶ
750 5708 1051 5791 περίϐολον
1087 5724 1124 5771 Β
1158 5726 1216 5775 et
1246 5736 1388 5776 corr.
1424 5729 1485 5777 A.
1588 5727 1608 5760 ⁵
1641 5724 1970 5783 εἰκοσιπέντε

3134 5602 3236 5657 που
3271 5584 3447 5657 *πρὸς
3502 5584 3612 5657 τῷ,
3664 5594 3792 5646 etc.

2993 5655 3041 5690 ⁸³
3064 5656 3199 5727 τῶν]
3230 5654 3324 5709 τὸν
3350 5654 3394 5709 Β
3424 5661 3483 5712 et
3512 5654 3665 5713 corr.
3712 5666 3791 5719 Δ.

2951 5728 2997 5763 (³⁷
3026 5726 3309 5801 εὐπρεπεῖς
3344 5734 3400 5784 Β.

2184 5656 2231 5692 σί
2263 5653 2373 5717 οὓς]
2402 5654 2462 5717 ὃς
2492 5661 2530 5709 Β
2556 5661 2614 5713 et
2642 5653 2791 5713 corr.
2834 5658 2901 5712 A.

2161 5728 2208 5764 ⁵⁸
2234 5729 2357 5801 περὶ
2390 5734 2475 5782 ΛΒ
2509 5744 2522 5784 :
2564 5729 2600 5797 ἡ
2633 5728 2757 5802 περὶ
