4100 6242
249 406 403 466 1181

245 536 420 613 ἔργων
461 533 698 612 ἔμελλον
759 539 1038 611 ἅπτεσθαι,
1090 537 1270 612 χίλιοι
1316 559 1329 572 °

248 625 561 701 ὀίκσδομεῖν
625 628 714 682 καὶ
775 625 1088 703 ξυλουργεῖν
1157 625 1546 697 ἐξεπαίδευσεν,
1625 630 1896 704 ἱερατικὰς

250 716 432 778 αὐτοῖς
462 718 656 772 ἅπασιν
708 718 1061 791 ὠνησάμενος
1102 717 1323 780 στολάς.
1359 717 1455 773 Καὶ
1505 717 1605 788 ἥδε
1643 721 1678 788 ἡ
1719 739 1896 793 παρα--

252 804 412 872 σκευὴ
477 805 666 858 θᾶττον
726 803 820 876 μὲν
880 801 1104 865 ἐλπίδος
1163 803 1239 868 εἷς
1294 802 1462 879 πέρας
1518 805 1580 859 τὸ
1637 802 1899 879 βούλημα

249 888 438 966 ἤγαγε,
487 890 728 967 μεγάλας
776 889 832 947 δὲ
863 894 952 946 καί
1001 891 1216 954 πολλὰς
1248 893 1353 947 ἀπὸ
1393 897 1488 947 τοῦ
1527 890 1774 963 πλήθους
1803 894 1899 954 τάς

1280 407 1796 470 BIBLIO'I‘HECA
1839 436 1916 453 —
1958 405 2131 468 COD.
2180 405 2606 468 CCXXXVIII.

3496 403 3653 465 1182

1379 539 1672 602 τοσούτους
1705 543 1750 576 6⁸
1796 540 1898 615 γὰρ

2025 544 2210 607 tatem,
2269 539 2540 611 Opinione
2606 537 2776 594 citius
2834 539 2905 593 ad
2965 537 3180 592 exitum
3253 538 3540 610 perduxit,
3600 542 3656 592 et

2007 645 2281 701 magnam
2333 629 2580 700 gratiam
2614 628 2767 699 apud
2803 625 3083 698 populum
3139 627 3466 682 conciliavit
3517 626 3654 684 sibi.

2009 718 2310 774 Sacrificat
2341 721 2533 772 autem
2561 716 2810 772 Herodes
2833 714 3102 771 absoluto
3125 714 3334 786 templo
3366 719 3654 770 trecentas

2008 824 2242 878 vaccas;
2271 811 2553 879 quantum
2587 822 2718 862 vero
2746 804 2933 862 Judaei
2964 805 3363 872 sacriﬁcarint,
3395 803 3510 859 dici
3540 819 3653 858 non

2011 900 2219 966 potest.

254 981 602 1055 εὐχαριστίας
662 981 713 1036 ἐν
772 986 890 1044 τοῖς
949 980 1146 1045 ἄλλοις
1205 980 1401 1037 ἅπασιν
1456 980 1770 1057 ἀχθομένου
1808 981 2026 1058 Ἡρώδῃ
2059 987 2105 1021 ⁶⁹
2161 984 2513 1058 προύξένησε.
2559 981 2681 1038 Θύει
2740 980 2788 1036 δ’
2843 979 3096 1054 Ἡρώδης
3157 977 3271 1054 ἅμα
3323 984 3421 1036 τοῦ
3481 1000 3658 1034 συντε-

256 1070 408 1127 λέσαι
435 1073 526 1126 τὸν
559 1073 692 1126 νεὼν
739 1074 869 1147 βοῦς
899 1071 1213 1147 τριακοσίας
1248 1092 1261 1105 ·
1305 1078 1414 1128 τῶν
1448 1071 1492 1127 δ’
1521 1071 1708 1128 ἄλλων
1740 1071 2020 1130 Ἰουδαίων
2053 1072 2152 1128 ὅσα
2181 1073 2417 1141 θύσειαν,
2451 1071 2566 1128 οὐδ’
2597 1069 2803 1148 ἐγένετο
2837 1068 3025 1127 λαϐεῖν
3055 1072 3294 1148 ἀριθμῷ.

323 1163 492 1225 Οὗτος
549 1160 800 1238 Ἡρώδης
853 1162 994 1218 ἐστὶν
1061 1165 1088 1217 6
1148 1164 1503 1238 Ἀντιπάτρου
1564 1168 1659 1219 τοῦ
1726 1162 1901 1219 Ἰδου-

257 1252 418 1324 μαίου
473 1253 565 1308 καὶ
614 1259 714 1322 τῆς
774 1248 1100 1328 ’Δραϐίσσης
1148 1253 1379 1328 (Κύπρις
1431 1251 1478 1308 δ’
1520 1252 1695 1327 ὄνομα
1742 1255 1900 1325 αὐτῆ)

251 1351 401 1413 παῖς,
441 1343 522 1423 ἐφ’
573 1343 636 1398 οὗ
684 1344 771 1398 καὶ
806 1345 1036 1417 Χριστὸς
1081 1345 1108 1398 6
1149 1345 1276 1406 Θεὸς
1320 1347 1479 1417 ἡμῶν
1520 1345 1607 1400 ἐπὶ
1657 1343 1902 1419 σωτηρίᾳ

255 1441 352 1492 τοῦ
409 1433 683 1507 ἡμετέρου
737 1433 924 1507 γένους
981 1435 1309 1509 παρθενικῆς
1368 1434 1712 1490 ἀποτίκτεται
1792 1437 1902 1508 μή-

251 1545 378 1600 τρας
413 1540 426 1554 ⁸
459 1524 578 1577 καθ’
608 1523 671 1576 οὗ
702 1523 788 1576 καὶ
828 1523 1008 1595 μανεὶς
1052 1519 1304 1596 Ἡρώδης
1340 1528 1439 1578 τοῦ
1483 1525 1576 1597 μὲν
1629 1523 1900 1579 Δεσπότου

256 1612 546 1687 διήμαρτε,
596 1613 790 1686 φονεὺς
851 1607 908 1665 δὲ
962 1609 1190 1666 πολλῶν
1246 1610 1458 1683 νηπίων
1517 1612 1742 1688 γίνεται.
1804 1613 1900 1676 Εἰς

255 1702 520 1776 ὠμότητα
578 1697 636 1755 δὲ
688 1700 778 1755 καὶ
841 1699 1148 1778 μιαιφονίαν
1205 1701 1404 1767 πάντας
1469 1703 1586 1758 ὅσοι
1651 1702 1900 1779 τύραννοι

258 1787 657 1865 ὑπερϐαλέσθαι
714 1789 1020 1865 ἱστόρηται.
1072 1791 1173 1847 Καὶ
1231 1793 1485 1866 γυναικὸς
1531 1790 1588 1846 δὲ
1633 1799 1734 1862 τῆς
1785 1800 1898 1849 Μα-

259 1881 510 1957 ριάμμης
541 1883 587 1916 ⁷ο
643 1880 906 1955 (θυγάτηρ
973 1876 1020 1933 δ’
1076 1881 1144 1948 ἧν
1203 1880 1338 1950 αὕτη
1401 1879 1754 1957 Ἀλεξάνδρας
1798 1889 1898 1952 τῆς

2082 1165 2184 1220 Hic
2213 1182 2346 1222 vero
2379 1166 2630 1221 Herodes
2665 1166 2818 1221 ﬁlius
2851 1166 2958 1220 fuit
2987 1165 3276 1237 Antipatri
3312 1165 3567 1231 Idumaei,
3599 1167 3656 1219 et

2013 1255 2294 1310 Arabissae
2325 1257 2420 1312 cui
2451 1271 2665 1310 nomen
2688 1254 2911 1328 Cypris,
2930 1271 3041 1326 quo
3063 1259 3359 1324 regnante,
3385 1253 3656 1308 Christus

2010 1361 2040 1400 e
2080 1345 2309 1416 Virgine
2339 1345 2409 1400 ad
2442 1343 2848 1400 redimendum
2896 1359 3082 1416 genus
3130 1343 3454 1398 humanum
3487 1350 3656 1398 natus

2011 1441 2119 1491 est.
2173 1436 2236 1490 In
2281 1451 2450 1506 quem
2509 1435 2753 1491 saaviens
2813 1435 3091 1507 peccavit,
3135 1438 3193 1490 et
3235 1430 3655 1490 contrucidatis

2010 1529 2092 1579 tot
2142 1523 2490 1591 infantibus,
2550 1540 2668 1595 qua
2717 1524 3056 1578 crudelitate
3114 1539 3180 1578 ac
3243 1522 3396 1578 caede
3455 1536 3656 1577 omnes

2010 1621 2160 1668 retro
2207 1617 2489 1686 tyrannos
2533 1629 2848 1685 superasse
2896 1613 3098 1668 fertur.
3132 1613 3273 1682 Ejus
3307 1610 3505 1667 uxoris
3537 1614 3660 1666 Ma-

2009 1705 2306 1770 riammes,
2346 1721 2473 1776 quea
2506 1703 2841 1759 Alexandrea
2892 1703 3186 1775 pontificis
3231 1701 3479 1771 Hyrcani
3526 1699 3657 1754 filiis

2011 1794 2132 1850 filia
2161 1793 2292 1861 fuit,
2327 1797 2598 1850 venustas
2631 1794 2887 1873 corporis
2924 1798 3085 1848 tanta
3124 1793 3230 1847 fuit
3263 1797 3325 1846 ut
3355 1790 3517 1846 nulla
3547 1806 3660 1844 un-

2011 1900 2182 1955 quam
2215 1883 2302 1938 illi
2334 1900 2439 1955 par
2487 1883 2671 1938 fuisse
2710 1883 3022 1938 videretur.
3059 1885 3136 1937 Ex
3165 1881 3274 1936 hac
3322 1879 3502 1951 igitur
3543 1879 3657 1934 duo

258 1975 517 2046 Ὑρκανοῦ
547 1973 643 2024 τοῦ
675 1967 976 2044 ἀρχιερέως
1016 1967 1232 2038 παιδὸς,
1279 1968 1395 2046 ὥρᾳ
1445 1970 1702 2046 σώματος
1731 1969 1904 2027 οὐδενὶ

2025 1972 2135 2028 nati
2187 1972 2290 2027 ﬁlii
2335 1971 2730 2041 Aristobulus,
2776 1975 2832 2027 et
2884 1971 3220 2038 Alexander,
3254 1969 3354 2040 qui
3407 1967 3661 2041 pulchri-

257 2061 444 2136 χρόνῳ
469 2057 704 2114 λιποῦσα
734 2059 779 2096 ⁷¹
834 2057 998 2129 δεῖξαι
1045 2059 1246 2129 ταύτης
1296 2059 1646 2138 ἐφάμιλλον),
1695 2062 1896 2132 ταύτης

255 2148 346 2205 οὖν
375 2151 464 2204 καὶ
497 2145 593 2202 δύο
622 2151 731 2202 τῶν
777 2147 829 2218 ἐξ
860 2147 1027 2217 αὐτῆς
1059 2147 1156 2203 αὐτ
1171 2153 1206 2220 ξ)
1253 2148 1608 2222 γεννηθέντων
1661 2148 1896 2224 παίδων,

253 2232 688 2314 Ἀριστοϐούλου
717 2238 803 2292 καὶ
840 2234 1217 2312 Ἀλεξάνδρου,
1249 2240 1300 2293 οἳ
1341 2237 1536 2294 κάλλει
1565 2261 1622 2295 τε
1665 2241 1752 2294 καὶ
1805 2239 1896 2295 λό-

252 2351 365 2406 γων
421 2327 646 2398 ἀσκήσει
697 2327 783 2381 καὶ
835 2331 1038 2402 χειρῶν
1088 2324 1270 2401 ἔργοις
1315 2326 1466 2384 οὐδὲν
1519 2333 1679 2399 ἧττον
1727 2330 1761 2398 ἢ
1812 2331 1895 2384 ὅτι

260 2417 530 2489 βασιλέως
563 2418 700 2486 ἦσαν
739 2413 927 2479 παῖδες
966 2417 1065 2472 ἀνά
1101 2419 1317 2473 πάντων
1364 2418 1614 2498 ἐφέροντο
1645 2421 1898 2492 στόμασι,

252 2506 465 2562 τούτων
525 2505 851 2577 συμπάντων
880 2504 926 2540 ⁷⁸
974 2499 1259 2568 διαϐολαῖς
1311 2507 1668 2583 Ἀντιπάτρου
1716 2507 1900 2580 μανεὶς

260 2593 464 2668 δήμιος
511 2593 732 2668 γίνεται,
781 2597 997 2667 πρῶτον
1047 2595 1140 2665 μὲν
1189 2601 1290 2665 τῆς
1336 2603 1599 2669 γαμετῆς,
1646 2597 1762 2651 εἶτα
1811 2597 1903 2651 καὶ

257 2689 366 2739 τῶν
398 2681 630 2754 παίδων,
675 2683 768 2738 καὶ
815 2682 1123 2738 τελευταίον
1175 2685 1538 2761 Ἀντιπάτρου
1579 2686 1670 2740 καὶ
1718 2685 1903 2756 αὐτοῦ,

258 2772 454 2836 παιδὸς
487 2773 547 2828 ἐκ
590 2771 855 2848 προτέρας
898 2773 1170 2847 γυναικός.
1203 2775 1365 2847 Νὸσῳ
1415 2772 1471 2830 δὲ
1514 2780 1681 2850 πικρᾷ
1729 2795 1906 2844 παρα-

257 2861 436 2925 δοθεὶς
500 2860 755 2936 (ἕλκωσις
831 2863 931 2937 γὰρ
1016 2864 1241 2933 ἐντέρων
1310 2865 1431 2938 εἶχε
1477 2865 1570 2920 τὸν
1647 2862 1910 2936 δύστηνον

258 2952 446 3028 ὅρθιόν
507 2973 564 3006 τε
611 2951 789 3025 ἆσθμα
833 2953 924 3007 καὶ
972 2951 1155 3008 ποδῶν
1216 2952 1413 3009 λευκοῦ
1471 2955 1787 3033 φλέγματος
1835 2954 1908 3010 οἷ’-

263 3041 439 3116 δημα,
491 3039 659 3097 δειναί
705 3061 764 3096 τε
811 3044 907 3095 τοῦ
954 3039 1141 3096 κώλου
1189 3040 1509 3118 ἀλγηδόνες,
1560 3043 1649 3100 καὶ
1700 3043 1911 3100 αἰδοίου

263 3137 434 3208 σῆψις
466 3129 757 3201 σκώληκας
805 3127 1127 3203 ἐμποιοῦσα,
1160 3131 1248 3186 καὶ
1292 3133 1458 3208 μυρία
1487 3132 1655 3208 ἄλλα)
1706 3137 1840 3209 μετά
1869 3135 1916 3172 ⁷³

259 3223 518 3296 πέμπτην
556 3220 625 3290 [δ’
654 3222 724 3294 7‘]
773 3220 981 3294 ἡμέραν
1017 3229 1115 3292 τῆς
1162 3224 1523 3299 Ἀντιπάτρου
1568 3232 1780 3303 σφαγῆς
1819 3231 1916 3281 τοῦ

2007 2061 2232 2129 tudine,
2265 2061 2662 2132 orationisque
2693 2063 2900 2134 gratia,
2931 2075 3338 2130 manuumque
3379 2056 3662 2130 prompti-

2007 2153 2232 2220 tudine,
2256 2151 2402 2208 nihil
2435 2169 2549 2208 non
2582 2152 2804 2223 regium
2838 2151 3069 2215 habere,
3092 2150 3358 2207 omnium
3391 2164 3488 2204 ore
3520 2149 3663 2203 fere-

2008 2241 2242 2298 bantur.
2295 2241 2508 2298 Contra
2567 2241 2675 2297 hos
2732 2257 2937 2297 omnes
2994 2238 3309 2296 calumniis
3367 2235 3660 2309 Antipatri

2007 2334 2281 2390 efferatus
2338 2338 2448 2390 est.
2500 2333 2696 2389 Primo
2755 2331 2995 2404 quidem
3042 2332 3100 2386 in
3147 2346 3407 2397 uxorem,
3450 2328 3660 2384 deinde

2009 2422 2182 2491 filios,
2211 2427 2267 2478 et
2293 2423 2527 2478 demum
2556 2422 2931 2492 Antipatrum
2959 2438 2989 2478 e
3012 2419 3198 2494 priore
3222 2425 3426 2475 natum
3461 2432 3658 2474 uxore.

2010 2512 2226 2568 Acerbo
2283 2517 2485 2569 morbo
2546 2519 2806 2577 vexatus,
2839 2511 3156 2566 vexabatur
3211 2509 3366 2565 enim
3427 2505 3662 2562 intesti-

2013 2619 2218 2659 norum
2269 2601 2714 2668 exulceratione,
2761 2599 2996 2658 nonnisi
3045 2602 3274 2656 erectus
3319 2594 3658 2659 anhelabat,

2015 2692 2192 2764 pedes
2219 2692 2518 2747 tumebant
2548 2691 2882 2762 phlegmata
2923 2689 3188 2756 humido,
3226 2692 3282 2742 et
3312 2701 3518 2758 graves
3550 2679 3661 2739 coli

2016 2783 2339 2855 passiones,
2370 2782 2622 2839 verenda
2651 2780 2968 2852 putrefacta
2996 2778 3294 2836 scatebant
3335 2775 3630 2833 vermibus
3655 2790 3670 2829 :

2019 2880 2073 2928 et
2104 2871 2220 2928 alia
2250 2872 2453 2928 multa.
2488 2872 2555 2926 Et
2584 2871 2789 2943 quinto
2821 2874 2952 2941 post
2989 2869 3206 2924 eisdem
3237 2864 3528 2938 Antipatri
3562 2862 3671 2917 filii

2023 2963 2116 3017 die
2147 2961 2320 3018 etiam
2351 2961 2533 3030 vitam
2566 2960 2738 3016 finiit.
2765 2959 2974 3015 Vivens
3015 2974 3200 3014 annos
3223 2971 3426 3012 omnes
3459 2951 3646 3010 3145

2024 3051 2469 3124 [septuaginta],
2519 3049 2810 3121 imperans
2867 3065 2937 3105 ex
2994 3046 3111 3102 illis
3167 3062 3269 3102 sex
3317 3053 3370 3102 et
3416 3043 3672 3114 triginta.

2027 3141 2251 3212 Regnat
2272 3156 2402 3197 vero
2426 3139 2746 3212 illegitime,
2771 3146 2823 3194 et
2845 3140 3052 3210 praeter
3073 3151 3234 3207 spem
3264 3151 3454 3199 suam,
3479 3129 3677 3189 studio

2025 3228 2259 3286 Antonii
2309 3229 2476 3284 ducis
2531 3227 2925 3284 Romanorum
2983 3224 3226 3297 pecunia
3285 3221 3564 3294 corrupti,
3615 3225 3672 3278 et

257 3310 457 3376 παιδὸς
485 3311 575 3367 καὶ
625 3310 787 3372 αὐτὸς
817 3309 910 3366 τὸν
962 3312 1082 3385 βίον
1124 3312 1468 3389 κατέστρεψε,
1521 3301 1766 3377 διαϐιοὺς
1818 3317 1910 3389 μὶν

2025 3317 2271 3392 Augusti
2289 3317 2814 3386 commendatione,
2833 3315 3065 3372 decreto
3087 3314 3157 3370 ad
3177 3310 3677 3370 confirmationem

257 3400 355 3474 ἔτη
392 3403 678 3476 σύμπαντα
703 3405 750 3456 0'
780 3401 848 3468 ⁷⁵,
907 3400 1230 3476 βασιλεύσας
1259 3401 1306 3458 δ’
1339 3403 1386 3474 ἐξ
1438 3405 1616 3460 αὐτῶν
1649 3407 1689 3476 ζ’
1718 3407 1808 3462 καὶ
1843 3407 1917 3464 λ’.

2030 3413 2268 3466 senatus
2299 3407 2568 3465 Romani.

265 3491 549 3548 Βασιλεύει
585 3490 630 3547 δ’
663 3492 825 3553 οὗτος
852 3493 1171 3568 παρανὸμος
1202 3514 1259 3547 τε
1287 3494 1375 3548 καὶ
1416 3496 1542 3569 παρ’
1571 3493 1799 3559 ἐλπίδας
1835 3497 1926 3552 καὶ
1961 3498 2006 3534 ⁷⁸
2045 3497 2210 3553 αὐτοῦ
2258 3495 2486 3567 ἐκείνου,
2539 3493 2748 3570 σπουδῇ
2783 3497 2878 3570 μὲν
2908 3495 3200 3552 Ἀντωνίου
3247 3497 3342 3548 τοῦ
3375 3495 3678 3567 στρατηγοῦ

258 3583 581 3657 ,Ρωμαίων,
627 3583 909 3657 χρήμασιν
959 3583 1384 3657 ὑπηρετοῦντος,
1445 3585 1535 3640 καὶ
1592 3586 1908 3661 Αὐγούστου
1967 3587 2265 3644 καταινέσει
2333 3589 2456 3656 [969
2523 3589 2640 3660 R.j,
2698 3588 2868 3662 ψήφῳ
2932 3583 2988 3641 δὲ
3036 3585 3173 3657 πρὸς
3233 3581 3529 3661 ἀφοσίωσιν
3589 3580 3679 3635 καὶ

273 3681 376 3743 τῆς
411 3671 619 3746 βουλῆς
649 3673 964 3744 Ῥωμαίων.

341 3766 464 3821 ’Ότι
523 3759 770 3836 Ἡρώδου
825 3759 1007 3832 τοῦδε,
1039 3767 1136 3816 τοῦ
1197 3763 1418 3836 πρώτου
1476 3762 1527 3833 ἐξ
1585 3763 1920 3844 ἀλλοφύλων

265 3855 416 3929 παρά
457 3851 588 3916 τοὺς
640 3853 843 3926 νόμους
905 3850 1332 3927 βασιλεύσαντος
1382 3851 1680 3923 Ἰουδαίων,
1725 3854 1922 3910 τούτου

264 3944 448 4017 πατὴρ
479 3941 546 4008 ἦν
588 3939 906 4014 Ἰδουμαῖος
961 3942 1110 4017 γένος
1145 3939 1195 4014 ἐξ
1257 3941 1603 4004 Ἀσκάλωνος
1662 3946 1788 4014 [514
1832 3945 1923 4016 Η.]

266 4032 513 4101 πόλεως,
568 4035 696 4092 παῖς
757 4029 1004 4098 Ἀντίπα,
1066 4030 1320 4092 Ἀντίπας
1371 4030 1461 4085 καὶ
1519 4032 1678 4094 αὐτὸς
1741 4030 1931 4086 ἐπικα-

270 4119 548 4193 λούμενος
613 4119 902 4194 πρότερον,
964 4119 1324 4195 Ἀντίπατρος
1384 4117 1430 4174 δ’
1490 4117 1694 4178 ἔπειτα.
1755 4122 1929 4184 Οὗτος

268 4209 501 4267 πολλῶν
540 4210 633 4282 μὶν
687 4209 996 4283 χρημάτων
1043 4209 1312 4283 εὐπορῶν,
1359 4207 1699 4285 δραστήριως
1748 4208 1804 4266 δὲ
1833 4212 1932 4279 τήν

270 4300 432 4379 φύσιν
510 4297 601 4352 καὶ
685 4299 1012 4368 στασιαστὴς
1093 4300 1380 4374 τυγχάνων
1409 4301 1477 4369 ⁷⁷,
1535 4301 1774 4374 ’Υρκανῷ
1853 4305 1931 4372 τῷ

270 4385 556 4448 Ἰουδαίων
613 4387 869 4463 ἀρχιερεῖ
923 4384 996 4441 δι’
1053 4387 1262 4450 εὐνοίας
1317 4387 1608 4464 ἆτύγχανεν
1650 4389 1716 4459 ⁷8,
1785 4391 1934 4462 Ἀρι-

274 4474 563 4552 στοϐούλῳ
594 4475 651 4533 δὲ
679 4475 937 4555 τάδελφῷ
966 4478 1014 4513 ⁷⁹
1043 4478 1303 4552 Ὑρκανοῦ
1337 4475 1596 4558 διάφορος
1631 4497 1642 4510 ·
1689 4477 1774 4534 διὸ
1814 4479 1933 4534 πεί-

275 4572 356 4624 Θει
412 4569 692 4644 Ὑρκανὸν,
751 4565 1028 4629 πολλάκις
1087 4566 1420 4642 ἐνοχλήσας,
1480 4571 1580 4638 την
1650 4568 1932 4642 βασιλείαν

278 4657 446 4714 πάλιν
503 4657 782 4728 ἀναζητεῖν
836 4656 1000 4711 ἅπασι
1048 4658 1293 4731 τρόποις,
1343 4659 1404 4725 ἢν
1455 4657 1661 4713 ἐκείνου
1709 4678 1932 4734 συγχωο

2104 3769 2352 3826 Herodis
2391 3768 2591 3839 hujus,
2627 3767 2729 3839 qui
2770 3767 2996 3839 primus
3045 3769 3419 3822 externorum
3468 3757 3682 3814 Iudaeis

2035 3857 2360 3929 imperavit,
2385 3862 2550 3928 pater
2579 3856 2692 3911 fuit
2713 3855 3005 3911 Idumaeos
3036 3853 3272 3909 natione
3290 3866 3358 3906 ex
3378 3845 3682 3914 Ascalone,

2038 3945 2192 4002 filius
2221 3946 2470 4017 Antipas,
2502 3943 2679 4000 etiam
2709 3945 2960 4014 Antipas
2989 3942 3153 4014 prius
3183 3941 3446 4006 vocatus,
3478 3932 3688 3990 deinde

2037 4035 2361 4106 Antipater.
2394 4033 2497 4089 Hic
2529 4031 2726 4088 multis
2758 4031 3022 4104 pecuniis
3051 4029 3378 4094 abundans,
3412 4022 3690 4078 factiosus

2039 4125 2274 4198 ingenio
2296 4128 2353 4180 et
2375 4123 2713 4190 seditiosus,
2737 4138 2870 4178 cum
2893 4121 3158 4191 Hyrcano
3186 4117 3518 4173 Iudaeorum
3551 4127 3691 4182 pon-

2041 4215 2212 4284 tifice,
2245 4231 2312 4270 eo
2362 4213 2516 4286 quod
2567 4213 2784 4268 faveret
2825 4207 3164 4266 Aristobulo
3207 4204 3369 4261 fratri
3415 4199 3690 4274 Hyrcani,

2040 4302 2387 4360 inimicitias
2443 4301 2644 4374 gessit.
2677 4301 2866 4366 Quare
2914 4314 3044 4354 cum
3104 4295 3323 4352 multas
3366 4306 3515 4361 saepe
3550 4305 3690 4345 con-

2042 4393 2187 4449 ciret
2231 4391 2460 4458 turbas,
2491 4406 2558 4446 eo
2608 4391 2907 4461 permovet
2960 4387 3288 4458 Hyrcanum
3335 4385 3401 4438 ut
3447 4393 3692 4453 regnum

2043 4481 2259 4537 iterum
2292 4479 2555 4552 requirat
2584 4478 2859 4534 omnibus
2885 4475 3100 4544 modis,
3123 4474 3275 4547 quod
3308 4470 3409 4528 illo
3439 4470 3696 4526 donante

2042 4569 2333 4628 habuerat
2353 4567 2727 4626 Aristobulus
2743 4565 3288 4623 fraterinterfectus.
3302 4561 3434 4618 Haec
3451 4559 3695 4616 fratrum

2046 4659 2338 4718 discordia
2359 4675 2576 4732 magna
2598 4657 2887 4714 malorum
2902 4647 3696 4726 causaipsis,etcognationi,

282 4749 546 4822 ρήσαντος
579 4744 931 4820 ἀφελόμενος
964 4740 1390 4819 Ἀριστόϐουλος
1422 4747 1566 4821 εἶχεν
1601 4747 1628 4802 6
1678 4745 1910 4826 ἀδελφός

2047 4751 2324 4822 gentique
2353 4749 2692 4805 Judteorum
2717 4745 2844 4814 fuit,
2869 4749 2923 4802 et
2947 4762 3051 4802 cur
3072 4758 3315 4814 regnum
3336 4741 3406 4796 ad
3429 4743 3698 4795 externos

280 4834 432 4905 Αὕτη
493 4839 600 4890 τῶν
666 4831 916 4912 ἀδελφῶν
973 4837 1007 4903 ἡ
1081 4835 1264 4897 στάσις
1336 4833 1592 4910 μεγάλων
1644 4835 1691 4871 ⁸ο
1761 4841 1909 4890 κακῶ

2051 4839 2428 4895 delaberetur.
2465 4838 2529 4895 In
2559 4838 2668 4894 hac
2700 4836 2994 4892 discordia
3041 4833 3230 4890 multa
3252 4832 3564 4902 :Antipater
3594 4839 3698 4897 pro

282 4924 428 4980 αἶτία
481 4924 671 4986 αὐτοῖς
729 4944 785 4979 τε
842 4924 932 4979 καὶ
989 4922 1130 4999 γένει
1178 4924 1270 4979 καὶ
1330 4929 1411 4997 τῷ
1468 4922 1744 4982 Ἰουδαίων
1805 4924 1910 4980 ἔθνε

2053 4928 2316 5000 Hyrcano
2386 4932 2589 4984 contra
2649 4924 3049 4983 Aristobulum
3113 4923 3274 4978 visus
3329 4925 3416 4976 est
3473 4916 3698 4972 fecisse.

281 5011 538 5084 κατέστη,
607 5014 697 5068 καὶ
753 5016 854 5082 τῆς
912 5013 991 5076 εἰς
1049 5012 1406 5090 ἀλλοφύλους
1482 5022 1582 5084 τῆς
1663 5015 1910 5090 βασιλεία

2054 5017 2313 5074 Tandem
2341 5015 2712 5073 Aristobulus
2756 5031 2871 5071 una
2900 5030 3034 5070 cum
3065 5010 3264 5068 liberis
3295 5007 3559 5081 captivus
3589 5005 3698 5060 du-

2057 5106 2230 5163 citur.
2254 5106 2398 5163 Inde
2429 5107 2564 5178 fuga
2595 5109 2852 5178 ereptus,
2876 5104 2947 5160 ad
2967 5118 3088 5159 rem
3119 5100 3454 5157 Judmorum
3485 5097 3698 5152 iterum

289 5104 710 5177 μεταπτώσεως.
757 5105 848 5161 Ἐν
896 5106 967 5176 τῇ
1016 5104 1195 5159 στάσει
1243 5103 1412 5175 ταύτη
1468 5102 1656 5160 πολλά
1703 5104 1944 5185 φαίνεται

283 5192 645 5268 Ἀντίπατρος
680 5194 815 5269 ὑπὲρ
847 5195 1142 5268 Ὑρακανοῦ
1179 5197 1299 5250 κατ’
1330 5190 1764 5271 Ἀριστοϐούλου
1814 5200 1910 5271 πρά

2059 5213 2123 5254 se
2164 5197 2468 5266 convertit,
2502 5197 2833 5268 iterumque
2877 5194 3156 5251 obsessus
3186 5209 3220 5249 a
3249 5187 3527 5247 Romanis
3566 5199 3702 5243 cum

1639 5334 1878 5392 VARIE
1920 5335 2337 5392 LECTIONES.

363 5467 406 5504 ⁸⁸
436 5463 735 5541 τοσούτους
764 5468 835 5541 ᾼ,
864 5463 1139 5541 τοσούτων
1362 5467 1409 5503 ⁶⁹
1440 5463 1688 5541 Ἡρώδου
1865 5535 1876 5541 _
1907 5466 1955 5500 ⁷⁰
1988 5463 2273 5541 μαριάμηᾼς
2313 5465 2409 5541 Α,⁸
2483 5463 2528 5498 ⁷¹
2561 5460 2798 5541 λιποῦσα
2829 5457 3286 5541 Βηλεέποῦσαρ,
3323 5453 3587 5541 λείπουσα

289 5539 339 5574 ⁷³
370 5535 723 5612 συμπάντων]
753 5528 847 5592 οὖν
878 5537 1092 5612 πάντων
1124 5546 1162 5592 Β
1190 5528 1247 5596 at
1275 5555 1426 5612 corr.
1461 5528 1532 5606 Ai,
1573 5536 1664 5593 οὖν
1695 5528 2019 5612 σῦμπάντων
2048 5528 2132 5611 .
2165 5528 2175 5539 ’
2208 5528 2254 5572 ’⁷³
2288 5528 2424 5612 μετά
2456 5541 2521 5601 Δ,
2552 5533 2688 5612 καὶτὰ
2719 5532 2780 5606 ς’
2787 5574 2800 5612 τ
2878 5528 2951 5565 ‘7‘
2982 5528 3028 5586 δ’
3047 5549 3173 5612 ρω.
3370 5529 3416 5612 ⁷⁸
3446 5531 3496 5612 0'
3538 5528 3657 5600 mg}
3690 5545 3706 5585 :

291 5603 620 5668 libri'enim
651 5603 770 5666 om.
874 5611 920 5646 ⁷⁸
949 5610 1041 5665 καὶ
1072 5617 1206 5668 ante
1231 5608 1410 5682 αὐτοῦ
1436 5603 1570 5667 add.
1600 5617 1663 5668 Δ.
1765 5603 1807 5647 ⁷⁷
1839 5609 1928 5664 καὶ
1963 5603 2137 5682 σταᾷ
2164 5603 2454 5682 τυγχάνων
2489 5612 2547 5672 Β,
2599 5604 2672 5658 ὢν
2713 5603 2815 5682 καῖ,
2850 5623 2999 5682 ergo:
3039 5603 3708 5682 Jpsgpbus_ftnliq.;‘x1v,

293 5621 430 5668 libri
461 5621 620 5668 enim
651 5627 770 5666 om.
874 5621 920 5646 π
949 5621 1041 5665 καί
1072 5621 1206 5668 ante
1231 5621 1395 5664 αὑτοῦ
1436 5621 1570 5667 add.
1600 5621 1663 5668 Δ.
1765 5621 1806 5647 Π
1839 5621 1928 5664 και
1963 5629 2113 5666 στασ.
2164 5621 2454 5682 τυγχάνων
2490 5621 2547 5672 Β,
2599 5621 2672 5658 ων
2713 5623 2802 5658 και
2850 5623 2999 5661 στασ.
3039 5621 3172 5660 Jose
3219 5621 3327 5659 nus
3354 5621 3557 5672 anth;
3589 5621 3704 5668 xxv,

293 5682 1067 5812 {,bgirupyrgirparticipium
1293 5684 1337 5720 ⁷⁸
1397 5680 1685 5758 ἐτύγχανεν
1743 5685 1873 5740 add.
1931 5688 1992 5738 Β.
2098 5680 2144 5716 ⁷9
2177 5677 2232 5734 δὲ
2293 5675 2687 5754 τάδελνρῷΑΒ,
2753 5679 2831 5730 τῶ
2883 5621 3215 5752 ἀδελφῷςιῖ
3319 5674 3366 5707 ⁸ο
3429 5669 3704 5746 μεγάλων]

319 5774 334 5811 ι
669 5795 702 5812 ,.

319 5771 432 5812 ιρι-ι
467 5771 702 5830 μιγαΑη.
