4100 6242
385 363 540 424 1183

1579 349 1841 411 PHOTII
1890 347 2420 409 PATRIARCHJE
2461 348 2577 408 ΟΡ.

3633 348 3794 408 1184

384 494 500 549 ﬁlio
531 493 821 562 Antigono
853 488 966 560 (hic
1015 489 1168 542 enim
1219 501 1351 543 cum
1399 487 1565 556 patre
1596 499 1712 539 una
1757 483 2012 554 captivus

2135 500 2251 541 σας.
2284 479 2451 540 Τέλος
2502 478 2616 534 δ’⁸¹
2666 475 3088 554 Ἀριστόϐουλος
3142 481 3235 550 μὲν
3289 479 3367 542 είς
3399 479 3628 552 Ῥώμην
3681 483 3796 552 ἅμα

386 584 508 650 fuit)
540 583 784 651 capitur,
822 578 1177 646 Romamque
1228 574 1500 643 mittitur,
1532 581 1584 627 et
1617 572 1834 642 ligatus
1863 588 2023 627 com-

382 671 706 743 prehensus
737 673 840 733 est,
875 682 1006 720 cum
1041 665 1289 734 regalem
1322 668 1377 719 et
1408 661 1795 734 pontiﬁcalem
1831 661 2016 729 digni-

379 764 555 813 tatem
608 771 788 810 annos
820 764 933 810 tres
965 761 1020 808 et
1050 769 1150 807 sex
1183 768 1414 808 menses
1444 751 1739 823 gessisset,
1774 749 2020 806 illustris

380 851 434 901 et
465 845 873 917 magnanimus
905 843 962 898 in
998 859 1173 914 regno
1223 842 1429 896 factus.
1465 841 1726 912 Hyrcano
1780 840 2016 910 quidem

380 935 750 1006 pontiﬁcatus
805 933 1064 987 tributus
1100 937 1206 999 cst,
1240 930 1500 986 nondum
1555 946 1683 986 vero
1731 944 2014 1000 regnum:

380 1024 478 1078 sed
515 1022 763 1094 pupulus
795 1022 1046 1093 propriis
1091 1020 1316 1090 legibus
1364 1019 1609 1086 vivebat,
1645 1017 1841 1089 pepuli
1873 1034 2017 1088 prae~

380 1116 566 1167 t'ectus
598 1128 700 1182 pro
733 1127 867 1182 rege
897 1111 1032 1165 data
1061 1110 1174 1165 sibi
1207 1113 1490 1181 potestate
1512 1109 1703 1163 dictus
1725 1112 1832 1162 est.
1855 1106 2021 1161 Anti-

379 1209 539 1276 pater
595 1208 810 1271 autem,
867 1203 1267 1273 pontiﬁcatum
1325 1204 1557 1274 gerente
1615 1199 1900 1272 Hyrcano,
1946 1200 2016 1255 ad

377 1311 646 1363 magnam
682 1294 998 1364 potentiam
1035 1298 1383 1363 pervenerat.
1411 1295 1546 1345 Nam
1573 1306 1705 1344 cum
1741 1288 2020 1344 Romanis

378 1384 628 1438 ducibus
682 1387 884 1437 contra
937 1380 1284 1436 rebellantes
1337 1379 1670 1435 auxiliando
1703 1379 2016 1450 pugnabat,

377 1487 738 1543 regnumque
785 1470 1114 1525 Judzeorum
1167 1474 1401 1540 pr0pter
1453 1469 1628 1524 robur
1673 1468 1912 1538 injuste,
1964 1473 2020 1522 et

375 1562 724 1618 concedente
757 1562 1018 1632 Hyrcano
1051 1560 1295 1630 adeptus
1329 1564 1434 1614 est.
1457 1557 1652 1613 Julius
1683 1574 1813 1612 vero
1836 1556 2019 1612 Caesar

376 1649 776 1706 Aristobulum
837 1665 1062 1705 carcere
1131 1648 1357 1704 solvens
1415 1647 1471 1701 in
1527 1647 1750 1718 Syriam
1817 1652 2020 1702 contra

374 1742 755 1812 Pompeianos
813 1739 1037 1794 mittere
1093 1738 1360 1792 decrevit.
1416 1736 1523 1790 Sed
1584 1735 1748 1789 illum
1810 1751 2017 1806 praeve-

2132 571 2314 623 παισὶν
2358 569 2720 649 αἰχμάλωτος
2772 569 2982 644 ἄγεται,
3026 568 3224 623 ἐκεῖθεν
3273 566 3332 624 δὲ
3380 571 3562 648 φυγὼν
3627 571 3795 626 πάλιν

2133 658 2209 723 εἷς
2257 661 2322 714 τὰ
2377 661 2500 734 περὶ
2557 663 2657 730 τὴν
2718 660 2983 717 Ἰουδαίαν
3053 661 3421 736 παραγίνεται,
3489 661 3664 716 πάλιν
3737 682 3793 716 τε

2129 749 2521 824 πολιορκηθεὶς
2586 752 2689 805 ὑπὸ
2747 750 3034 824 Ῥωμαίων
3092 753 3204 822 ἅμα
3261 756 3342 823 τῷ
3389 747 3546 805 παιδὶ
3612 752 3792 805 Ἀντι-

2129 837 2275 914 γόνῳ
2318 840 2497 909 (οὗτος
2544 842 2642 913 γαρ
2694 838 2880 915 ἔτυχεν
2933 839 2992 895 ἐκ
3023 841 3247 911 Ῥώμης
3295 845 3372 911 τῷ
3423 841 3588 914 πατρί
3647 859 3788 911 συμ-

2129 929 2342 1002 φυγὼν)
2393 927 2691 992 ἁλίσκεται,
2723 931 2813 984 καί
2853 930 2928 992 εἷς
2977 931 3197 1001 Ῥώμην
3247 928 3645 1001 ἀναπέμπεται,
3694 927 3786 981 καί

2130 1014 2299 1078 δεθεὶς
2336 1016 2643 1092 κατείχετο,
2702 1017 3024 1090 βασιλεύσας
3079 1018 3171 1089 μὲν
3222 1018 3311 1071 καὶ
3351 1017 3788 1092 ἀρχιερατεύσας

2128 1101 2220 1174 ἔτη
2254 1111 2303 1180 γ’
2341 1113 2515 1179 μῆνας
2550 1107 2614 1175 ς’,
2651 1107 2904 1182 λαμπρὸς
2938 1103 2996 1160 δὲ
3041 1106 3133 1160 καὶ
3187 1107 3575 1182 μεγαλόψυχος
3624 1109 3684 1160 ἐν
3713 1112 3783 1180 τῇ

2127 1196 2274 1271 ἀρχῇ
2320 1199 2579 1271 γεγονώς.
2645 1201 2881 1271 Ὑρκανῷ
2930 1194 2975 1251 δ’
3015 1199 3048 1266 ἡ
3108 1197 3202 1268 μὲν
3252 1197 3642 1272 ἀρχιερωσύνη
3706 1194 3787 1250 δί-

2129 1283 2301 1356 δοται,
2336 1285 2517 1340 οὐκέτι
2550 1283 2618 1340 δι’
2658 1289 2692 1354 ἡ
2731 1284 2982 1360 βασιλεία
3014 1306 3027 1318 ·
3064 1285 3189 1341 ἀλλ’
3222 1287 3286 1355 ἦν
3315 1287 3376 1340 τὸ
3417 1281 3565 1346 ἔθνος
3618 1286 3787 1340 αύτο-

2125 1375 2487 1448 νομούμενον,
2519 1375 2788 1450 ἐθνάρχης
2841 1373 2888 1430 δ’
2919 1375 3072 1449 ὅμως
3104 1376 3151 1412 ⁸²
3192 1376 3307 1429 ἀντὶ
3357 1374 3629 1449 βασιλέως
3692 1377 3793 1443 τῆς

2129 1462 2424 1538 δεδομένης
2480 1465 2626 1537 αὐτῷ
2681 1465 2924 1538 ἐξουσίας
2974 1466 3122 1540 εἶχεν
3183 1464 3378 1538 ὅνομα.
3439 1464 3792 1537 Ἀντιπάτρῳ

2129 1552 2172 1608 δ’
2233 1561 2491 1630 ’Υρκανοῦ
2548 1555 3052 1632 ἀρχιερατεύοντος,
3110 1555 3197 1611 ἐπὶ
3247 1554 3502 1610 πλεῖστον
3557 1556 3630 1609 τὰ
3688 1561 3792 1621 τῆς

2803 1645 3087 1719 Ῥωμαίων
3145 1667 3203 1701 τε
3259 1645 3360 1720 γὰρ
3401 1651 3520 1707 τοῖς
3580 1664 3790 1718 στρατ·

2130 1740 2290 1809 ηγοῖς
2348 1735 2482 1789 κατά
2541 1740 2649 1790 τῶν
2724 1736 3124 1808 ἀνθισταμένων
3194 1735 3514 1809 συνεμάχει,
3570 1735 3666 1788 καὶ
3724 1733 3796 1788 τὰ

2129 1642 2440 1707 δυναστείας
2501 1645 2692 1716 ηὔξετο
2727 1666 2737 1677 ⁸

374 1830 600 1886 nientes
633 1827 969 1899 Pompeiani
999 1841 1218 1880 veneno
1252 1828 1651 1894 corrumpunt.
1684 1824 1754 1877 Et
1798 1824 2012 1893 Scipio,

2133 1821 2411 1878 Ἰουδαίων
2446 1821 2534 1877 διὰ
2585 1825 2796 1899 χειρὸς,
2835 1828 2902 1896 τῇ
2954 1824 3342 1898 ἀπραγμοσύνῃ
3394 1824 3483 1878 καὶ
3533 1827 3612 1895 τῷ
3654 1844 3791 1896 συγ-

374 1920 636 1975 mittente
679 1917 950 1989 Pompeio
999 1916 1096 1970 illo
1147 1913 1461 1970 Aristobuli
1511 1929 1757 1984 puerum
1807 1914 1990 1968 315a

370 2007 766 2064 Alexandrum
826 2010 1158 2073 accusante,
1216 2021 1346 2074 quae
1404 2003 1563 2074 prius
1622 2003 1673 2056 in
1725 2004 2016 2059 Romanos

368 2101 724 2164 peccaverat,
760 2094 946 2149 securi
982 2093 1282 2163 percussit.

2127 1913 2476 1987 κεχωρηκότι
2524 1917 2802 1986 Ὑρκανοῦ,
2854 1912 3016 1974 αὐτὸς
3079 1912 3196 1990 εἶχε
3255 1914 3572 1986 πράγματα.
3627 1912 3793 1983 Ἀρι-

2126 1997 2424 2057 στόϐουλον
2457 2000 2511 2057 δὲ
2563 2003 2791 2064 Ἰούλιος
2825 2004 2852 2058 ὁ
2903 2005 3130 2076 Καῖσαρ,
3183 2001 3351 2063 λύσας
3381 2006 3490 2055 τῶν
3541 1999 3792 2074 δεσμῶν,

2126 2091 2202 2152 εἷς
2257 2091 2454 2166 Συρίαν
2513 2093 2650 2146 κατά
2701 2097 2808 2147 τῶν
2872 2089 3169 2164 Πομπηίου
3228 2091 3460 2163 πέμπειν
3527 2088 3788 2164 ἐγνώκει,

3273 2179 3314 2200 ἢν

373 2180 528 2239 Ἀλλ’
588 2184 748 2237 αὐτὸν
809 2183 1104 2258 φθάσαντες
1163 2181 1214 2234 οἱ
1269 2181 1333 2234 τὰ
1394 2177 1688 2253 Πομπηίού
1744 2185 2066 2257 φρονοῦντες
2125 2184 2394 2257 φαρμάκῳ
2447 2183 2748 2260 φθείρουσι.
2813 2182 2911 2236 Καὶ
2970 2183 3216 2237 Σκιπίων
3270 2179 3314 2236 δ’
3373 2179 3791 2241 ἐπιστείλαντος

374 2272 521 2343 αὐτῷ
577 2269 871 2343 Πομπηίου
928 2271 1018 2324 τὸν
1078 2265 1504 2343 Ἀριστοϐούλου
1561 2265 1729 2323 παῖδα
1785 2267 2165 2345 Ἀλέξανδρον,
2225 2269 2614 2334 ἐπικαλοῦντος
2674 2271 2706 2325 ἃ
2762 2272 3025 2346 πρότερον
3084 2271 3161 2332 εἰς
3227 2270 3536 2344 Ῥωμαίους
3596 2272 3789 2345 ἁμαρ-

367 2381 475 2431 τοι,
508 2360 723 2416 πελέκει
755 2357 1109 2438 διεχρήσατο.

442 2451 774 2507 Declaratur
818 2468 946 2508 vero
976 2469 1009 2506 a
1050 2450 1207 2508 Julio
1258 2455 1478 2506 Caesare
1524 2454 1829 2523 Antipater
1882 2457 2015 2524 post

369 2540 669 2597 victoriam
703 2549 901 2596 contra
933 2540 1268 2612 Pompeium
1306 2542 1607 2611 praefectus
1636 2540 1847 2596 Judaeaa
1873 2558 1885 2595 :
1913 2543 2015 2612 qui

375 2631 436 2685 in
465 2629 727 2685 Judmam
759 2631 995 2685 veniens
1025 2629 1302 2685 Pbasaelo
1335 2628 1452 2685 ﬁlio
1480 2629 2014 2701 Hierosolymorum

370 2719 812 2791 vicinarumque
835 2719 1136 2790 imperium
1157 2719 1336 2774 dedit.
1352 2722 1491 2774 Post
1505 2736 1566 2774 se
1587 2736 1720 2775 vero
1733 2719 2013 2775 Herodem

372 2808 688 2864 admodum
705 2811 1000 2880 juvenem,
1016 2809 1239 2863 decimo
1256 2810 1456 2877 quinto
1479 2809 1664 2864 aetatis
1687 2826 1840 2864 anno
1861 2808 2016 2864 Gali-

371 2897 486 2953 ltBtB
519 2901 838 2970 principem
873 2898 1150 2965 declarat,
1189 2897 1332 2953 nihil
1365 2915 1398 2952 a
1423 2899 1728 2967 juventute
1762 2898 2019 2968 prohibi-

370 2991 495 3042 tum
519 3005 796 3060 magnum
817 2988 958 3058 quid
973 2986 1205 3042 etvirile
1228 2992 1518 3058 prazstare.
1537 2992 1784 3058 Haecque
1803 2987 2019 3042 faciens

368 3078 684 3147 Antipater,
713 3085 765 3131 et
802 3076 1182 3131 nihilominus
1209 3093 1242 3129 a
1274 3075 1482 3145 populo
1515 3076 1730 3142 cultus,
1757 3093 1932 3147 quam
1968 3075 2018 3129 si

368 3182 465 3220 rex
495 3171 664 3221 esset.
686 3165 840 3219 Nihil
867 3171 1061 3220 tamen
1098 3181 1332 3235 prorsus
1355 3182 1388 3218 a
1413 3165 1521 3219 ﬁde
1543 3169 1600 3220 et
1620 3164 2020 3220 benevolentia

2191 2449 2603 2507 Ἀποδείκνυται
2661 2451 2717 2507 δὲ
2782 2454 2884 2506 ὑπὸ
2941 2452 3181 2507 Ἰουλίου
3252 2453 3522 2524 Καίσαρος
3597 2451 3786 2505 Ἀντίο

2123 2561 2326 2615 πατρός
2370 2541 2504 2613 μετά
2547 2543 2643 2609 τὴν
2690 2543 2825 2596 κατά
2867 2539 3165 2614 Πομπηίου
3212 2542 3367 2610 νίκην
3415 2540 3503 2594 καὶ
3558 2538 3788 2615 ἐπίτρο-

2124 2651 2223 2691 πος
2274 2629 2559 2692 Ἰουδαίας.
2601 2633 2697 2692 ⁸ος
2743 2630 2831 2685 ἐπὶ
2874 2629 3078 2699 ταύτην
3109 2631 3156 2666 ⁸³
3211 2630 3598 2705 παραγεγονὼς
3665 2636 3790 2684 duo

2129 2717 2320 2790 σαήλῳ
2355 2720 2449 2790 μὶν
2494 2723 2574 2790 τῷ
2619 2716 2772 2775 παιδὶ
2822 2719 3278 2793 Ἱεροσολυμιτῶν
3328 2719 3419 2773 καὶ
3466 2723 3576 2773 τῶν
3626 2720 3789 2791 πέριξ

2127 2809 2225 2875 τήν
2261 2806 2592 2882 στρατηγίδα
2641 2809 2822 2887 ἀρχὴν
2853 2810 2902 2844 ⁸⁴
2950 2805 3163 2877 δίδωσι,
3195 2809 3285 2863 τὸν
3339 2804 3394 2862 δὲ
3451 2809 3565 2879 μετ’
3616 2807 3786 2861 αὐτὸν

2130 2894 2380 2970 Ἡρώδην
2421 2898 2539 2952 νέον
2589 2893 2718 2952 ὅντα
2761 2896 2968 2971 κομιδῇ
3033 2893 3437 2970 (πεντεκαίδεκα
3480 2897 3584 2971 γὰρ
3628 2895 3781 2966 αὖτῷ

2129 2986 2233 3040 ἀπὸ
2263 2985 2522 3058 γενέσεως
2554 2984 2648 3056 ἔτη
2697 2988 2786 3057 ἦν)
2818 2993 2918 3056 τῆς
2970 2984 3267 3048 Γαλιλαίας
3316 2984 3603 3058 ἀποφαίνει
3655 2983 3781 3039 ἒπί-

2125 3094 2348 3147 τροπον,
2381 3071 2534 3128 οὐδὲν
2569 3075 2669 3129 ὑπὸ
2717 3081 2817 3144 τῆς
2846 3073 3102 3145 νεότητος
3130 3077 3230 3128 τοῦ
3281 3074 3358 3147 μὴ
3394 3073 3526 3149 ούχὶ
3571 3073 3635 3127 τὸ
3670 3070 3788 3127 δει-

2129 3164 2220 3217 νὸν
2274 3163 2419 3235 αὐτῷ
2475 3164 2566 3218 καὶ
2624 3170 2865 3238 γενναῖον
2929 3163 3156 3236 ἐκφῆναι
3225 3162 3605 3236 κωλυόμενον.
3671 3163 3782 3218 Καὶ

367 3269 500 3324 erga
519 3254 845 3325 Hyrcanum
871 3254 1203 3324 pontiﬁcem
1237 3253 1556 3307 maximum
1583 3253 1870 3309 alienatus
1899 3258 2006 3308 est.

2129 3254 2289 3304 ταῦτα
2337 3250 2589 3324 πράττων
2639 3250 3016 3326 Ἀντίπατρος,
3071 3250 3161 3305 καὶ
3231 3250 3615 3322 θαμαζόμενος
3675 3249 3780 3304 ού-

367 3342 518 3396 Finit
537 3342 836 3411 Antipater
859 3342 1225 3412 splendidam
1241 3350 1293 3395 et
1316 3340 1530 3395 claram
1555 3341 1792 3396 omnino
1806 3342 2010 3408 vitam,

367 3429 589 3484 occulte
609 3442 850 3493 veneno,
877 3427 1104 3482 Malcho
1129 3427 1458 3498 pincernam
1487 3427 1727 3497 pecunia
1749 3443 2009 3482 corrum-

368 3521 559 3588 pente,
583 3521 648 3571 ut
669 3531 889 3572 veneno
923 3522 1123 3587 potum
1160 3515 1440 3571 inﬁceret.
1466 3516 1728 3571 Malchus
1761 3516 1856 3571 hic
1886 3517 2010 3587 qui-

367 3606 501 3661 dam
530 3609 762 3662 Judaeus
784 3611 926 3673 erat,
948 3605 1370 3661 nectendorum
1394 3605 1657 3661 dolorum
1685 3605 1929 3677 peritus,
1953 3611 2010 3662 et

367 3695 504 3752 data
544 3695 900 3768 suspicione,
927 3696 1266 3766 juramento
1318 3694 1710 3766 suspicionem
1758 3695 1922 3762 lenit,
1957 3701 2011 3750 et

362 3784 597 3840 ﬁctione
628 3783 912 3840 amicitiae.
939 3785 1048 3840 Sed
1081 3784 1225 3838 nihil
1261 3783 1478 3854 minus,
1513 3790 1576 3839 ut
1605 3785 1928 3850 videbatur,
1951 3784 2013 3839 in

363 3875 648 3931 Herodem
676 3875 780 3930 hoc
799 3873 1030 3946 ingenio
1053 3875 1488 3929 machinantem
1506 3874 2011 3943 facere,autetiam

361 3963 856 4019 vehementiorem
889 3963 1176 4028 incidens,
1207 3978 1438 4033 pmnam
1475 3963 1856 4032 postulantem
1909 3980 2013 4034 pa-

366 4058 545 4107 terna
578 4051 772 4120 caedis,
806 4052 1162 4124 pugionibus
1193 4052 1498 4107 confossus
1530 4053 1904 4109 interﬁcitur.

2125 3337 2209 3394 δὶν
2259 3342 2420 3409 ἧττον
2466 3341 2568 3394 ὑπὸ
2617 3338 2712 3395 τοῖ’)
2752 3339 2934 3402 ἔθνους
2974 3340 3008 3410 ἧ
3059 3341 3194 3395 κατά
3243 3338 3473 3415 βασιλέα
3499 3341 3569 3409 ⁸⁵,
3619 3339 3782 3411 ὅμως

2120 3435 2220 3497 τῆς
2253 3429 2391 3503 πρὸς
2423 3429 2676 3503 Ὑρκανὸν
2703 3430 2794 3484 τὸν
2847 3427 3104 3504 ἀρχιερέα
3144 3428 3352 3491 εὐνοίας
3397 3429 3490 3482 καὶ
3536 3429 3782 3490 πίστεως

2123 3515 2276 3572 οὒδὲν
2327 3516 2473 3580 ὅλως
2523 3518 2850 3588 ἠλλοίωσεν.
2903 3519 3233 3595 Ἀναιρεῖται
3283 3515 3341 3572 δὲ
3391 3517 3778 3591 Ἀντίπατρος,

2125 3604 2312 3681 εὔρουν
2373 3606 2463 3662 καὶ
2512 3607 2768 3683 λαμπρὸν
2820 3606 2908 3662 διὰ
2957 3609 3155 3670 παντὸς
3193 3606 3496 3684 ἀναφαίνων
3530 3609 3576 3643 ⁸⁸
3630 3608 3780 3682 βίον,

2121 3696 2171 3764 ἒξ
2205 3691 2506 3762 ἔπιϐουλῆς
2538 3696 2828 3771 φαρμάκῳ,
2863 3699 2990 3771 [515
3037 3698 3128 3771 [1.]
3161 3695 3423 3772 Μαλίχου
3473 3697 3566 3751 τὸν
3619 3695 3786 3750 οἶνο-

2121 3784 2254 3860 χόον
2285 3787 2537 3858 χρήμασι
2567 3785 2853 3848 πείσαντος
2892 3787 3076 3858 στάξαι
3123 3790 3202 3858 τῷ
3233 3787 3441 3858 πόματι
3489 3790 3588 3839 τοῦ
3642 3807 3786 3861 φαρ-

2126 3875 2318 3947 μάκου.
2353 3873 2605 3949 Μαλίχος
2636 3872 2681 3929 δ’
2717 3876 2876 3937 οὗτος
2923 3873 3184 3936 Ἰουδαῖος
3223 3875 3317 3948 μὲν
3366 3875 3455 3942 ἦν,
3503 3871 3682 3936 δεινὸς
3727 3873 3783 3929 δὲ

2122 3961 2285 4018 δόλον
2317 3963 2481 4040 ῥάψαι
2519 3965 2609 4019 καὶ
2661 3961 2909 4035 δοθείσης
2961 3963 3218 4026 ὑπονοίας
3267 3964 3456 4038 ὅρκοις
3496 3965 3598 4034 τὴν
3642 3965 3781 4018 ὑπό-

2116 4073 2264 4107 νοιαν
2308 4054 2631 4126 θεραπεῦσαι
2683 4054 2774 4108 καὶ
2826 4053 3104 4128 ὑποκρίσει
3155 4052 3356 4130 φιλίας.
3408 4050 3573 4110 Ἀλλ’
3623 4051 3785 4108 οὐδὲν

364 4142 551 4210 ἦττον,
585 4140 659 4200 ὡς
709 4137 901 4211 ἔοικεν,
931 4137 1152 4214 Ἡρώδῃ
1193 4144 1414 4194 τοιαῦτα
1469 4142 1818 4214 μηχανᾶσθαι
1865 4141 2023 4220 φύσιν
2075 4142 2306 4217 λαχόντι
2355 4143 2389 4212 ἢ
2441 4142 2528 4197 καὶ
2581 4141 2870 4218 δεινοτέρῳ
2909 4144 3247 4218 περιτυχὼν,
3298 4145 3425 4217 [972
3474 4143 3569 4216 8.]
3622 4141 3785 4212 δίκην

369 4229 812 4303 εἷσπραττομένῳ
842 4235 938 4285 τοῦ
970 4230 1228 4303 πατρῴου
1261 4232 1450 4306 φόνου,
1482 4227 1739 4306 ξιφιδίοις
1770 4231 2264 4304 κατακεντούμενος
2296 4230 2569 4287 κτίννυται
2601 4233 2671 4291 ⁸⁷.

443 4324 765 4396 Antigonus
795 4340 930 4379 vero
961 4323 1116 4378 ﬁlius
1152 4323 1493 4391 Aristobuli,
1529 4323 1705 4378 Fabio
1757 4325 2018 4395 pecuniis

373 4417 668 4483 corrupto,
686 4421 739 4468 et
760 4413 1070 4469 Ptolomzso
1093 4413 1384 4484 Hymenaei
1407 4411 1546 4480 ﬁlio,
1563 4418 1796 4483 propter
1817 4414 2018 4468 matri-

373 4502 632 4558 monium
663 4503 850 4574 (soror
881 4503 1037 4558 enim
1060 4503 1184 4572 ejus
1207 4506 1488 4572 nupserat
1511 4501 1616 4570 illi)
1644 4507 1700 4557 et
1722 4501 1852 4557 aliis
1882 4519 2019 4557 non-

374 4591 574 4660 nullis,
607 4607 914 4663 aggressus
955 4597 1044 4648 est
1083 4591 1433 4647 descendere
1481 4591 1540 4646 in
1579 4589 1860 4646 Judzeam.
1903 4592 2015 4646 Sed

2215 4323 2506 4399 Αντίγονος
2538 4322 2583 4378 δ’
2615 4324 2641 4378 ὁ
2693 4319 3120 4399 Ἀριστοϐούλου
3168 4329 3316 4389 παῖς,
3363 4319 3578 4377 Φαϐίου
3620 4327 3778 4399 χρή-

2129 4433 2258 4480 μασι
2305 4412 2739 4487 θεραπευθέντος,
2770 4413 2859 4467 καὶ
2911 4411 3260 4486 Πτολεμαίου
3308 4416 3404 4467 τοῦ
3455 4411 3699 4469 Μεναίου
3732 4415 3778 4450 ⁸⁸

2129 4499 2216 4556 διὰ
2243 4502 2305 4556 τὸ
2337 4499 2588 4574 κήδευμα
2619 4499 2849 4578 (ἀδελφή
2896 4503 3002 4578 γὰρ
3032 4503 3198 4556 αὐτοῦ
3248 4501 3583 4578 ἐγεγάμητο)
3633 4499 3774 4554 συλ-

2127 4587 2546 4664 λαμϐανομένου
2603 4591 2691 4646 καὶ
2760 4592 2953 4666 ἑτέρων
3019 4596 3207 4655 τινῶν,
3268 4590 3585 4668 ἐπεχείρησε
3637 4608 3765 4642 κατ-

370 4681 626 4738 Herodes
657 4697 856 4753 pugna
876 4697 1224 4753 congressus
1247 4679 1402 4748 vicit,
1424 4689 1474 4735 et
1497 4696 1527 4735 e
1546 4681 1745 4735 Iudae
1765 4679 2012 4750 expellit,

2129 4678 2341 4755 ἀγεσθαι
2372 4681 2459 4736 ἐπὶ
2504 4679 2786 4737 Ἰουδαίαν.
2821 4680 2974 4737 Ἀλλ’
3004 4678 3258 4755 Ἡρώδης
3313 4681 3463 4755 μάχῃ
3508 4676 3765 4752 συμπλαο

371 4780 423 4830 et
447 4773 518 4830 ab
544 4771 976 4845 Hierosolymis,
1002 4780 1055 4827 et
1077 4771 1204 4842 ipso
1227 4773 1485 4843 Hyrcano
1510 4769 1825 4825 honoriﬁce
1850 4774 2017 4838 parta

366 4864 630 4931 victoria,
663 4867 973 4935 susceptus
1005 4867 1108 4919 est.
1141 4861 1430 4917 Antonius
1472 4877 1604 4916 vero
1646 4861 1760 4917 dtix
1801 4860 2012 4916 Roma-

367 4973 598 5028 norum,
633 4955 897 5028 pecuniis
927 4960 1266 5023 excaecatus,
1301 4952 1509 5008 Herodi
1536 4957 1593 5007 et
1627 4952 1788 5007 fratri
1830 4951 2011 5008 Phae-

368 5046 486 5102 selo
533 5047 870 5103 Judaeorum
913 5043 1258 5101 tetrarchias
1287 5042 1466 5112 dedit,
1499 5041 1763 5112 Hyrcano
1811 5045 2014 5098 contra

368 5129 488 5186 haec
516 5151 629 5189 non
680 5134 1046 5204 indignante,
1084 5130 1363 5203 pupulum
1417 5145 1550 5186 vero
1599 5127 2013 5184 accusantibus

366 5217 731 5291 Herodianis,
759 5221 906 5278 nihil
928 5219 1182 5293 amplius
1205 5224 1327 5276 erat
1357 5236 1533 5292 quam
1567 5222 1632 5274 ut
1661 5216 2012 5290 supplicium

2124 4774 2236 4832 κείς
2265 4775 2387 4841 νικᾷ
2432 4770 2649 4838 καὶτῆς
2689 4767 2970 4826 Ἰουδαίων
3019 4777 3122 4845 γῆς
3173 4767 3609 4837 ἀπελαύνει,’καὶ
3665 4767 3775 4823 ὑπὸ

2119 4859 2521 4935 Ἱεροσολύμων
2551 4863 2596 4898 ⁸ο
2649 4861 2741 4915 καὶ
2796 4859 2959 4917 αὐτοῦ
3019 4864 3272 4937 Ὑρκανοῦ
3351 4858 3623 4933 λαμπρῶς
3683 4857 3775 4913 ἐπὶ

2121 4953 2188 5023 τῇ
2241 4951 2365 5025 νίκῃ
2422 4948 2620 5026 ἐδέχθη
2672 4951 3079 5027 παραγεγονώς.
3134 4949 3230 5007 Καὶ
3281 4949 3578 5010 Ἀντώνιος
3630 4951 3777 5024 χρή,

2126 5059 2304 5111 μασιν.
2339 5041 2366 5093 ὁ
2397 5039 2684 5113 Ῥωμαίων
2733 5039 3051 5114 στρατηγὸς,
3084 5035 3299 5113 Ἡρώδῃ
3347 5036 3437 5091 καὶ
3477 5041 3558 5108 τῷ
3608 5035 3776 5092 ἀδελ-

2123 5133 2208 5204 φῷ
2244 5128 2524 5200 Φασαήλῳ
2563 5130 2656 5190 τὰς
2699 5133 2807 5184 τῶν
2843 5125 3119 5186 Ἰουδαίων
3151 5124 3474 5200 τετραρχίας
3525 5122 3774 5195 δίδωσιν,

2126 5214 2278 5272 οὐδὲν
2325 5217 2460 5293 πρὸς
2510 5221 2683 5274 ταῦτα
2732 5215 3176 5294 δυσχεραίνοντος
3234 5218 3516 5290 Ὑρκανοῦ.
3560 5218 3668 5268 Τοῦ
3719 5212 3778 5270 δὲ

1717 5394 1813 5452 VA
1822 5395 1960 5452 RUE
1998 5395 2407 5454 LEGTIONES.

438 5544 481 5582 ³⁸
517 5540 829 5618 δ’,εᾶάοέίιε
923 5544 969 5581 ⁸³
1001 5541 1048 5599 δ’
1079 5542 1255 5618 δμῳς]
1284 5544 1442 5618 ὅμως
1475 5539 1520 5598 δ’
1552 5547 1616 5599 A-

445 5565 481 5582 W
517 5565 560 5598 0‘
591 5565 729 5602 anu.
758 5565 827 5600 Α.
923 5565 968 5581 υ·
1001 5565 1044 5599 ον
1079 5565 1255 5618 ομως]
1284 5565 1311 5598 ο
1364 5565 1442 5604 ως
1475 5565 1503 5598 ο
1552 5565 1616 5599 Α.

445 5662 456 5675 .
562 5615 610 5651 ⁸⁸
639 5609 940 5670 ἀναϐαίνων
976 5624 1041 5673 Α.
1145 5616 1192 5652 ⁸⁷
1220 5565 1522 5671 κτείίρνυται
1573 5620 1634 5672 Α.

377 5686 425 5730 8'9
451 5686 904 5767 Ἱεροσολυμιτῶν
935 5689 1206 5762 Scaliger.

1718 5541 1765 5578 ⁸³
1795 5541 1878 5597 ἐπ’
1907 5541 2073 5611 αὐτὴν
2289 5541 2334 5578 ⁸⁸
2364 5539 2554 5618 ὂίρχειν

1739 5614 1788 5649 ⁸⁸
1848 5613 2062 5687 μεναίου
2116 5619 2182 5686 A,
2237 5613 2524 5681 Ὑμεναίου
2651 5655 2666 5672 .

1739 5614 1788 5649 ⁸⁸
1848 5613 2062 5688 μεναίου
2116 5613 2182 5686 Ἀ,
2237 5613 2524 5681 Ὑμεναίου
2582 5613 2666 5687 ς.

2769 5540 2817 5576 ⁸⁵
2846 5542 2984 5617 κατά
3015 5537 3243 5617 βασιλέα
3270 5544 3336 5611 Α,
3365 5536 3458 5593 καὶ
3478 5533 3773 5617 βασιλέως

2727 5615 2892 5688 Apud
2951 5609 3270 5688 stephum
3322 5609 3418 5668 est
3476 5609 3764 5669 Μενναίου.
