4100 6242
303 300 457 363 1185

1348 299 1891 362 BIBLIOTHECA.
1934 330 2010 343 —
2055 299 2229 360 COD.
2276 301 2695 363 CCXXXVIII.

3542 306 3697 370 1186

300 431 546 503 πλήθους
604 437 711 489 τῶν
771 432 893 508 περὶ
951 429 1204 509 Ἡρώδην
1264 430 1717 506 κατηγορούντων
1779 427 1932 485 οὐδὲν

2055 431 2338 500 subirent,
2355 432 2478 489 loco
2492 450 2673 506 pmnas
2699 437 2997 491 sumendae
3012 438 3085 491 ob
3099 444 3654 509 quaeaccusaverant
3683 457 3698 498 :

299 521 464 579 πλέον
516 521 664 592 πλὴν
718 527 815 578 τοῦ
881 524 1150 598 τιμωρίαν
1211 520 1434 597 ὑπέχειν
1476 520 1595 575 αντὶ
1624 524 1720 575 τοῦ
1752 515 1939 576 λαϐεῖν

298 613 373 667 ὧν
426 610 726 667 ἐπεκάλουν
786 610 991 688 ἐγίνενο
1046 609 1135 666 διά
1187 610 1250 666 τὸ
1309 612 1593 689 χρήμασιν
1646 611 1941 665 Ἀντῶνιον

298 697 609 780 διεφθάρθαι
640 700 730 756 καὶ
767 702 1023 777 Ὑρκανὸν
1064 706 1185 764 τοῖς
1206 701 1329 773 περὶ
1359 697 1613 775 Ἡρώδην
1650 698 1887 754 τίθεσθαι
1922 718 1936 734 ⁸

295 788 402 860 ἤδη
434 790 537 865 γάρ
578 791 665 845 καὶ
707 797 806 859 τῆς
857 790 1121 865 θυγατρὸς
1170 787 1336 845 αὐτοῦ
1382 786 1551 843 παῖδα
1594 788 1937 862 Μαριάμμην

295 877 547 954 Ἡρώδης
578 879 898 954 ἐγγεγύητο.

368 968 720 1042 Πτολεμαίου
771 967 828 1024 δὲ
878 974 975 1024 τοῦ
1028 968 1258 1025 Μεναίου
1295 969 1388 1024 τὸν
1443 966 1557 1044 βίον
1619 967 1879 1031 λιπόντος
1910 969 1939 1024 6

294 1062 420 1120 παῖς
465 1052 734 1130 λαμϐάνει
771 1058 870 1127 τὴν
923 1059 1100 1134 ἀρχὴν
1145 1057 1428 1121 Λυσανίας·
1472 1055 1568 1112 Καὶ
1601 1058 1849 1133 Πάκορος
1882 1055 1940 1113 δὲ

296 1149 324 1202 6
388 1146 658 1223 βασιλέως
739 1152 866 1209 παῖς
951 1148 1036 1201 καὶ
1128 1146 1564 1224 Βαζαφαρμάνης
1658 1147 1940 1221 σατράπης

296 1238 504 1312 Πάρθος
534 1234 802 1311 κατέσχον
832 1238 933 1305 τὴν
964 1236 1184 1311 Συρίαν.
1220 1236 1485 1297 Λυσανίας
1516 1233 1572 1291 δὲ
1601 1236 1694 1291 τὸν
1744 1236 1940 1311 σατρά-

295 1348 402 1396 πην
461 1326 605 1403 ἔχων
662 1326 753 1381 σὺν
804 1326 954 1399 αὑτῷ
1012 1331 1251 1381 ποιεῖται
1289 1326 1426 1401 πρὸς
1480 1325 1785 1400 Ἀντίγονον
1842 1327 1935 1382 τὸν

299 1411 725 1491 Ἀριστοϐούλου
791 1413 1024 1493 φιλίαν·
1084 1417 1175 1470 καὶ
1234 1414 1535 1490 ’Δντίγονος
1594 1416 1936 1490 ὑπισχνεῖται

298 1505 530 1579 Πάρθοις
590 1504 748 1579 χίλια
790 1503 1030 1560 τάλαντα
1080 1501 1272 1558 δώσειν
1331 1504 1421 1559 καὶ
1470 1504 1818 1566 πεντακοσίας
1846 1526 1939 1581 γυ-

294 1599 503 1663 ναῖκας,
535 1592 580 1647 εἰ
609 1595 708 1662 τὴν
748 1612 1004 1667 πατρωαν
1036 1591 1215 1667 ἀρχὴν
1244 1589 1619 1647 ἀποδώσουσιν
1653 1595 1697 1630 ⁸ο
1744 1597 1940 1665 Ὑρκα-

295 1683 384 1738 νὸν
442 1680 768 1758 ἀφελόμενοι
827 1681 916 1736 καὶ
973 1682 1100 1743 τοὺς
1158 1682 1281 1756 περὶ
1345 1678 1597 1756 Ἡρώδην
1674 1681 1933 1737 ἀνέλοιεν.

2051 521 2188 592 quia
2218 523 2507 578 Antonius
2544 530 2857 596 corruptus
2888 526 3076 581 fuerat
3119 544 3279 595 auro,
3312 535 3369 585 et
3401 535 3697 599 Hyrcanus

2050 625 2181 664 cum
2217 610 2557 666 Herodianis
2577 614 2835 669 sentiret.
2859 614 2988 668 Jam
3022 614 3180 670 enim
3213 616 3344 671 filia:
3364 617 3540 672 tiliam
3573 624 3694 676 Ma-

2053 698 2333 755 riamnem
2369 700 2618 755 llerodes
2652 702 3000 772 desponsam
3038 702 3302 759 habebat.

2122 968 2432 1024 Ptolomaeo
2462 985 2596 1026 vero
2629 971 2935 1042 Hymenaeo
2967 972 3081 1027 vita
3117 973 3390 1031 defuncto
3416 975 3698 1047 Lysanias

2050 1057 2208 1113 {ilius
2266 1059 2488 1130 accepit
2526 1060 2876 1129 imperium,
2925 1065 2981 1116 et
3019 1061 3269 1118 Pacorus
3329 1064 3511 1121 8156
3547 1065 3696 1135 regis

2051 1146 2206 1202 filius
2238 1153 2295 1203 et
2337 1148 2842 1220 Bazapbarmanes
2872 1155 3102 1222 satrapa
3141 1154 3415 1220 Parthus,
3448 1170 3696 1227 occupa-

2047 1241 2186 1292 runt
2235 1237 2482 1306 Syriam.
2520 1238 2788 1310 Lysanias
2819 1254 2953 1295 vero
3001 1240 3220 1297 habens
3266 1259 3461 1299 secum
3504 1250 3699 1299 satra—

2049 1341 2206 1394 pem,
2238 1326 2347 1380 init
2389 1326 2707 1381 amicitiam
2742 1343 2874 1383 cum
2916 1329 3205 1402 Antigono
3234 1330 3551 1389 Aristobuli
3582 1332 3699 1389 tilio

2048 1418 2105 1468 et
2134 1415 2461 1487 Antigonus
2493 1416 2778 1487 promittit
2801 1417 3028 1472 Parthis
3068 1418 3225 1474 mille
3257 1420 3475 1477 talenta
3505 1439 3565 1477 se
3595 1423 3696 1478 da-

2046 1507 2270 1572 turum,
2303 1510 2359 1559 et
2389 1506 2740 1578 quingentas
2774 1506 3070 1573 mulieres,
3104 1507 3151 1563 si
3186 1514 3485 1580 paternum
3517 1512 3695 1583 impe-

2049 1592 2199 1648 rium
2260 1593 2487 1661 darent,
2546 1593 2850 1651 interfecto
2899 1600 3164 1667 Hyrcano
3223 1603 3280 1653 et
3334 1600 3691 1656 Herodianis.

2048 1681 2355 1753 Propterea
2402 1684 2653 1738 Pacorus
2728 1688 2783 1739 et
2844 1685 3342 1756 Bazapharmanes
3398 1689 3696 1744 adducunt

297 1773 388 1827 Διὸ
455 1755 699 1845 Πάκορος
757 1771 846 1825 καὶ
904 1755 1343 1848 Βαζαιραρμάνης
1397 1755 1720 1847 κατάγουσιν
1761 1770 1937 1826 Ἀντί-

2055 1771 2398 1841 Antigonum
2421 1780 2472 1826 et
2500 1772 2660 1828 illato
2674 1772 2744 1827 ab
2760 1774 3106 1829 Herodianis
3132 1774 3486 1845 bello,multi
3505 1780 3696 1834 utrin-

293 1881 474 1937 γονον,
532 1861 622 1916 καὶ
662 1859 911 1934 πολέμου
964 1859 1147 1921 αὐτοῖς
1208 1860 1311 1915 ὑπὸ
1366 1865 1476 1914 τῶν
1514 1860 1641 1933 περὶ
1685 1858 1936 1936 Ἡρώδην

296 1950 585 2012 συστάντος
616 1948 822 2005 πολλοὶ
881 1950 968 2028 ἀφ’
1026 1949 1289 2023 ἑκατέρων
1343 1950 1667 2020 κτείνονται,
1725 1947 1936 2004 εὐδοκι-

300 2044 531 2112 μοῦντος
557 2038 798 2113 μάλιστα
825 2044 943 2101 τοῖς
972 2038 1162 2103 πόνοις
1200 2036 1470 2114 Ἡρώδου,
1524 2036 1689 2101 Τέλος
1748 2043 1938 2106 ’Υρκα-

296 2130 384 2193 νὸς
413 2129 503 2184 καὶ
530 2126 824 2199 Φασάηλος
858 2125 1009 2200 δόλῳ
1040 2122 1477 2200 συλλαμϐάνεται
1518 2127 1622 2181 ὒπὸ
1664 2128 1888 2202 Πάρθων
1920 2146 1934 2160 ·

294 2219 382 2273 καὶ
440 2218 468 2272 6
538 2219 631 2291 μὶν
689 2216 985 2287 Φασάηλος
1022 2221 1129 2272 τῶν
1196 2216 1411 2292 ἐχθρῶν
1468 2218 1779 2291 προφθάσας
1836 2218 1934 2285 τὴν

297 2307 527 2383 σραγὴν,
584 2308 756 2382 πέτρᾳ
801 2308 901 2376 τὴν
949 2304 1191 2385 κεφαλήν
1247 2308 1584 2382 προσαράξας
1643 2301 1801 2376 ἔξεισι
1841 2309 1938 2360 τοῦ

300 2396 441 2471 βίου,
475 2396 727 2471 Ὑρκανὸς
760 2394 817 2450 δὲ
847 2393 1068 2468 δέσμιος
1099 2394 1301 2471 εἴχετο·
1336 2397 1436 2450 Καὶ
1468 2395 1519 2450 οἱ
1570 2396 1773 2470 Πάρθοι
1824 2394 1939 2451 λοι-

293 2484 392 2540 πὸν
424 2487 492 2539 τά
528 2484 885 2558 Ἱεροσόλυμα
915 2479 1200 2555 λαϐόντες,
1236 2483 1400 2557 μόλις
1444 2483 1637 2546 αὐτοὺς
1687 2481 1938 2557 Ἡρώδου

297 2571 566 2644 δεινότητι
615 2572 842 2649 γνώμης
873 2573 963 2629 καὶ
1010 2574 1167 2648 τάχει
1198 2578 1295 2628 τοῦ
1335 2574 1667 2647 προμηθοῦς
1695 2573 1785 2627 καὶ
1817 2591 1935 2648 χει-

297 2667 403 2737 ρῶν
435 2662 601 2737 ἀρετῇ
634 2664 724 2717 σὺν
756 2666 824 2736 τῇ
855 2668 1011 2738 γενεᾷ
1069 2660 1450 2741 διαφυγόντος,
1510 2662 1576 2715 τὰ
1618 2666 1726 2716 τῶν
1775 2666 1938 2734 Ἱερο-

297 2751 613 2825 σολυμιτῶν
661 2749 959 2825 διήρπαζον
1023 2753 1288 2830 χρήματα
1335 2750 1480 2819 πλὴν
1527 2756 1637 2805 τῶν
1681 2752 1939 2824 Ὑρκανοῦ

296 2842 371 2911 (π’
428 2837 476 2896 δ’
522 2841 590 2909 ἧν
642 2840 904 2912 τάλαντα)
943 2843 1006 2905 ⁸⁸,
1057 2841 1147 2896 καὶ
1188 2840 1360 2902 οὕτως
1403 2840 1479 2902 είς
1540 2842 1640 2910 τήν
1683 2840 1940 2913 πατρῴαν

294 2929 473 3005 ἀρχὴν
522 2929 827 3005 Ἀντίγονον
875 2928 1277 3004 έγκαθιστῶσιν.
1340 2929 1652 3003 Ἀντίγονος
1712 2926 1755 2982 δ’
1819 2933 1939 3001 ’Υρ-

294 3017 462 3074 κανοῦ
499 3023 595 3073 τοῦ
647 3019 794 3073 θείου
841 3018 973 3093 ὑπὲρ
1023 3022 1120 3073 τοῦ
1172 3020 1247 3091 μή
1292 3017 1456 3072 πάλιν
1504 3012 1797 3072 ἀναλαϐεῖν
1837 3018 1936 3086 τήν

2046 1876 2157 1931 que
2189 1862 2514 1929 ceduntur,
2549 1862 2796 1918 multum
2824 1864 3047 1919 Herode
3069 1862 3367 1922 laboribus
3384 1867 3691 1924 celebrato.

2045 1950 2296 2004 Tandem
2358 1949 2614 2007 Herodes
2661 1955 2720 2007 et
2767 1951 3084 2008 Phasaelus
3134 1953 3264 2010 dolo
3312 1956 3625 2026 capiuntur
3663 1975 3698 2013 a

2048 2036 2295 2105 Parthis,
2326 2044 2383 2093 et
2426 2039 2741 2095 Phasaelus
2789 2042 3001 2096 caedem
3034 2041 3293 2098 hostium
3328 2054 3697 2115 prreverlens,

2046 2126 2201 2182 illiso
2233 2128 2301 2183 ad
2337 2135 2557 2197 petram
2593 2129 2784 2200 capite
2814 2128 3007 2185 finivit
3037 2129 3214 2186 vitam
3251 2135 3535 2204 :captivus
3564 2150 3697 2192 vero

2047 2216 2680 2289 tenebaturHyrcanus.
2708 2218 2773 2273 Et
2792 2218 3044 2291 denique
3068 2221 3265 2275 Parthi
3298 2221 3700 2294 Hierosolyma

2047 2311 2420 2378 occupantes,
2451 2307 2545 2362 vix
2596 2307 2729 2362 illos
2778 2310 3026 2375 Herode,
3058 2308 3237 2364 animi
3276 2314 3613 2380 praestantia
3642 2320 3701 2370 et

2048 2395 2339 2452 celeritate
2364 2397 2616 2462 consilii,
2642 2412 3045 2468 manuumque
3077 2398 3281 2454 robore
3311 2416 3440 2455 cum
3474 2401 3700 2458 familia

2049 2484 2319 2556 fugiente,
2352 2485 2630 2554 pecunias
2653 2484 3314 2557 Hierosolymitanorum
3358 2496 3699 2560 rapuerunt,

2052 2579 2258 2646 praeter
2285 2589 2382 2629 eas
2414 2590 2537 2644 qua:
2561 2581 2722 2627 erant
2753 2573 3001 2645 Hyrcani
3029 2590 3041 2640 ;
3067 2576 3359 2646 octoginta
3383 2593 3513 2632 vero
3538 2586 3700 2634 erant

2049 2663 2292 2732 talenta,
2310 2670 2368 2717 et
2388 2662 2472 2717 sic
2494 2663 2552 2717 in
2574 2664 2825 2732 patrium
2843 2678 3084 2731 regnum
3110 2665 3465 2736 Antigonum
3483 2668 3698 2723 consti-

2054 2756 2311 2806 tuerunt.
2337 2750 2656 2822 Antigonus
2679 2765 2810 2805 vero
2833 2749 3126 2823 Hyrcano;
3152 2769 3224 2807 ne
3245 2754 3497 2823 amplius
3519 2772 3704 2813 sacer-

2053 2840 2280 2895 dotium
2302 2840 2696 2912 gereret(nam
2715 2839 2810 2910 qui
2836 2838 3031 2909 aliqua
3052 2846 3214 2910 parte
3234 2844 3491 2912 corporis
3509 2846 3701 2900 mutili

2050 2932 2207 2995 sunt,
2241 2944 2353 2983 non
2402 2932 2544 2983 sunt
2592 2928 2711 2998 apti
2742 2928 2814 2983 ad
2857 2929 3185 2984 sacerdotia
3236 2932 3389 3001 apud
3421 2932 3698 3003 Judaeos).

2050 3032 2222 3074 aures
2250 3016 2477 3085 incidit,
2493 3021 2550 3073 et
2566 3017 2800 3072 Parthis
2822 3033 3020 3072 secum
3048 3022 3109 3072 ut
3131 3019 3347 3075 ducant
3366 3023 3693 3078 committit.

295 3106 590 3182 ἱερωσύνην
622 3110 705 3178 (τὸ
742 3111 844 3185 γάρ
886 3108 1242 3180 σεσινωμένον
1272 3109 1411 3164 κατά
1475 3129 1527 3162 τι
1585 3112 1679 3161 τοῦ
1723 3108 1978 3178 σώματος
2046 3106 2214 3179 μέρος
2267 3102 2559 3174 ἀπείρηται
2620 3101 2903 3165 Ἰουδαίοις
2970 3104 3232 3178 ἱερᾶσθαι)
3286 3108 3591 3180 περιτέμνει
3631 3110 3699 3164 τά

295 3194 430 3261 ὦτα,
462 3196 552 3250 καὶ
595 3197 825 3269 Πάρθοις
857 3193 1002 3272 ἄγειν
1036 3197 1128 3250 σὺν
1157 3196 1341 3257 αὐτοῖς
1373 3193 1614 3251 δίδωσιν.

362 3283 616 3360 Ἡρώδης
674 3284 720 3340 δ’
779 3283 1033 3358 οὐδαμῶς
1090 3287 1310 3361 ἠρέμει,
1369 3284 1514 3341 ἀλλά
1573 3290 1786 3361 πρῶτον
1836 3287 1933 3359 μὲν

2119 3285 2377 3340 Herodes
2400 3301 2767 3357 nequaquam
2788 3285 3155 3357 quiescebat;
3182 3286 3280 3342 sed
3300 3286 3552 3357 primum
3579 3289 3701 3361 qui-

292 3374 367 3436 εἰς
400 3373 654 3450 Μάλιχον
683 3375 774 3429 τὸν
826 3370 1077 3448 Ἀράϐων
1126 3375 1290 3448 ἀπῄει
1335 3375 1584 3449 βασιλέα,
1627 3374 1936 3448 ἐπικουρίαν

292 3464 427 3517 κατὰ
477 3465 728 3536 πατρῴαν
783 3460 968 3540 φιλίαν
1015 3462 1237 3525 ἐλπίδας
1281 3462 1424 3539 ἔχων
1482 3465 1688 3541 εὑρεῖν*
1736 3466 1935 3518 ἀποτυ-

292 3551 410 3625 χὼν
482 3554 605 3626 [516
661 3552 748 3625 Η.]
804 3550 860 3607 δὲ
919 3550 1006 3605 ἐπὶ
1067 3554 1387 3624 Βρεντήσιον
1443 3553 1581 3627 πρὸς
1642 3554 1936 3607 Ἀντώνιον

291 3644 382 3698 τὸν
400 3644 450 3678 ⁹²
508 3643 798 3715 Ῥωμαίων
869 3644 1196 3720 στρατηγὸν,
1255 3644 1497 3698 κάκεῖθεν
1556 3644 1632 3705 εἶς
1708 3645 1936 3715 Ῥώμην

301 3730 393 3786 σὺν
436 3734 586 3802 αὒτῷ
616 3732 891 3806 ἀνάγεται,
926 3731 1417 3808 ἀπολοφυράμενος
1450 3734 1517 3786 τὰ
1565 3731 1941 3807 συνενεχθέντα

302 3820 515 3876 καὶτὸν
554 3817 831 3897 τάδελφοῦ
861 3820 1110 3876 θάνατον.
1144 3821 1420 3875 Ἐποιεῖτο
1475 3818 1532 3874 δὲ
1583 3822 1812 3895 γνώμην
1862 3826 1942 3893 τῷ

301 3914 404 3977 τῆς
446 3914 688 3982 γαμετῆς
743 3905 982 3985 ἀδελφῷ,
1021 3912 1273 3981 Ὑρκανοῦ
1324 3905 1381 3963 δὲ
1446 3909 1708 3983 θυγατρὸς
1765 3905 1941 3975 παιδὶ,

306 3995 358 4052 εἷ’
381 4017 500 4058 πως
533 3993 774 4065 δύναιτο,
806 3998 906 4064 τήν
949 3995 1232 4071 βασιλείαν
1272 3997 1709 4071 καταπράξασθαι
1733 4016 1746 4028 ’
1797 3997 1946 4068 αὐτῷ

303 4084 405 4159 γὰρ
464 4083 784 4139 ἀνέλπιστον
853 4084 922 4153 ἦν
985 4082 1289 4141 παντάπασι
1354 4085 1555 4155 ταύτην
1641 4083 1943 4157 περιελθεῖν

306 4171 612 4249 ἀλλοφύλῳ
642 4172 778 4229 ὅντι.
810 4171 1290 4235 ³Αλλ’.Ἀντώνιος
1317 4172 1406 4227 καὶ
1451 4170 1774 4246 Αὔγουστος,
1807 4173 1948 4245 συμ-

305 4267 488 4339 ψηφον
518 4257 777 4324 λαϐόντες
814 4262 917 4331 τήυ
978 4263 1212 4337 βουλὴν,
1258 4262 1348 4316 καὶ
1401 4263 1626 4337 βασιλέα
1668 4260 1947 4318 Ἰουδαίων

305 4353 692 4432 ἀποφαίνουσι,
751 4354 839 4409 καὶ
896 4354 1035 4409 κατά
1092 4352 1405 4430 Ἀντιγόνου
1459 4353 1734 4416 πολλὰκις
1802 4354 1949 4426 αὖτῷ

309 4444 770 4517 συμμαχήσαντες
818 4443 952 4516 μετά
1007 4442 1221 4506 πολλάς
1281 4443 1485 4521 σφαγὰς
1539 4443 1629 4497 καί
1673 4443 1952 4516 πολέμους

310 4534 629 4608 ’Δντίγονον
676 4534 767 4607 μὲν
810 4532 1171 4609 αἰχμάλωτον
1212 4535 1433 4609 ἅχουσι,
1481 4533 1710 4588 Σοσσίου
1760 4555 1952 4608 στρατ-

2047 3374 2179 3429 dem
2233 3374 2304 3428 ad
2366 3374 2682 3430 Malichum
2750 3375 3002 3429 Arabum
3057 3390 3245 3441 regem
3301 3375 3474 3445 vadit,
3533 3378 3698 3433 auxi-

2048 3464 2191 3520 lium
2217 3466 2390 3535 juxta
2420 3469 2719 3534 paternam
2753 3464 3071 3519 amicitiam
3108 3465 3473 3522 inventurum
3497 3483 3559 3522 se
3580 3484 3703 3538 spc-

2049 3569 2184 3607 rans
2237 3571 2249 3607 :
2297 3554 2614 3607 frustratus
2670 3568 2801 3608 vero
2853 3552 3233 3608 Brundisium
3274 3554 3341 3606 ad
3382 3556 3701 3612 Antonium

2050 3642 2256 3696 ducem
2284 3641 2791 3707 Romanum,inde
2823 3658 2953 3695 cum
2984 3641 3084 3696 illo
3108 3647 3350 3696 Romam
3381 3644 3704 3714 contendit,

2051 3730 2366 3800 deplorans
2397 3746 2464 3784 ea
2509 3747 2637 3799 quas
2685 3732 3051 3795 accidissent,
3087 3731 3400 3801 fratrisque
3434 3739 3701 3789 mortem.

2052 3820 2413 3890 Cogitaverat
2460 3836 2593 3875 vero
2638 3820 2797 3874 fratri
2830 3821 3047 3888 uxoris,
3082 3820 3199 3875 filio
3250 3819 3379 3873 filias
3433 3823 3701 3894 Hyrcani,

2055 3906 2103 3961 si
2123 3924 2234 3978 quo
2260 3908 2428 3962 modo
2454 3916 2661 3978 posset,
2679 3922 2921 3977 regnum
2946 3910 3198 3976 tradere;
3221 3909 3522 3965 difﬁdebat
3546 3913 3703 3966 enim

2054 3996 2327 4050 omnibus
2352 3996 2542 4050 modis
2556 3996 2666 4051 sibi
2689 4002 2923 4052 externo
2948 3998 2998 4051 id
3027 4013 3193 4069 posse
3216 3997 3568 4069 contingere.
3597 4001 3705 4055 Sed

2060 4086 2357 4155 Augustus
2406 4092 2460 4139 et
2502 4084 2791 4140 Antonius
2847 4085 3049 4140 eodem
3103 4086 3188 4141 usi
3238 4086 3482 4143 consilio
3515 4105 3705 4156 regem

2055 4172 2389 4229 Judaaorum
2446 4179 2659 4244 creant,
2692 4178 2748 4228 et
2776 4181 2976 4229 contra
3006 4177 3360 4247 Antigonum
3396 4192 3545 4246 saepe
3576 4194 3705 4234 cum

2058 4261 2160 4317 illo
2191 4250 2517 4335 pugnantes
2541 4267 2671 4333 post
2704 4262 2919 4318 multas
2950 4264 3144 4319 clades
3176 4268 3229 4319 et
3266 4265 3435 4328 bella,
3468 4266 3710 4339 Antigo-

2060 4368 2201 4407 num
2234 4352 2525 4423 captivum
2558 4352 2801 4419 ducunt,
2835 4352 3023 4419 Sosio,
3049 4352 3309 4408 Romano
3338 4354 3506 4419 duce,
3534 4356 3707 4411 linem

2063 4441 2199 4498 huic
2229 4442 2381 4498 bello
2413 4442 2766 4511 imponente.
2801 4442 2971 4499 Illum
3006 4460 3134 4498 vero
3167 4443 3353 4514 magis
3377 4444 3434 4499 in
3466 4444 3711 4517 imperio

2063 4532 2415 4587 conﬁrmant
2470 4531 2756 4588 Antonius
2780 4533 2895 4586 dux
2918 4531 3207 4602 accipiens
3229 4532 3523 4604 captivum
3557 4534 3716 4589 Anti-

308 4627 488 4700 τηγοῦ
516 4621 802 4695 Ῥωμαίων
831 4622 989 4684 τέλος
1017 4627 1179 4678 τοῦτο
1211 4629 1331 4685 τοῖς
1379 4621 1652 4695 πολέμοις
1701 4622 1943 4697 ἐπιθεμέ-

2062 4638 2301 4693 gonum,
2329 4623 2587 4677 vinctum
2620 4623 2914 4692 triumpho
2946 4638 3170 4678 servare
3196 4623 3465 4680 decrevit.
3500 4623 3693 4680 alea

310 4734 433 4783 νου,
461 4711 610 4784 αὐτῷ
641 4710 699 4766 δὲ
726 4713 790 4766 τὰ
819 4719 919 4781 τῆς
960 4714 1140 4788 ἀρχῆς
1171 4710 1258 4767 ἒπὶ
1312 4711 1525 4785 μᾶλλον
1574 4714 1945 4787 κρατύνουσιν.

314 4803 610 4865 Ἀντώνιος
652 4797 710 4856 δὲ
757 4801 786 4854 6
835 4802 1140 4877 στρατηγὸς
1202 4798 1387 4857 λαϐὼν
1456 4800 1821 4877 αἰχμάλωτον
1863 4801 1952 4856 τὸν

222 4905 226 4908 ‘
316 4888 631 4965 Ἀντίγονον
662 4892 788 4963 [973
820 4892 906 4964 R.]
935 4888 1156 4963 δέσμιον
1208 4888 1348 4964 ἔγνω
1400 4889 1567 4966 μέχρι
1608 4896 1707 4945 τοῦ
1757 4889 1955 4964 θριάμ-

315 4975 420 5035 6ου
467 4977 754 5056 φυλάττειν
786 4998 800 5014 ο
855 4980 1042 5053 μαθὼν
1088 4977 1145 5034 δὶ
1200 4980 1533 5056 νεωτερίζειν
1586 4981 1649 5033 τὸ
1681 4977 1955 5037 Ἰουδαίων

313 5063 470 5133 ἔθνος
501 5067 562 5125 έκ
586 5066 685 5124 τοῦ
723 5070 860 5145 πρὸς
902 5068 1153 5144 Ἡρώδην
1189 5069 1400 5144 μίσους,
1431 5074 1621 5125 τοῦτον
1656 5070 1708 5125 έν
1746 5071 1962 5125 Ἀντιο-

320 5157 452 5235 χείᾳ
516 5156 840 5217 ἐπελέκισεν.
901 5159 1153 5234 Ὑρκανὸς
1209 5156 1256 5212 δ’
1313 5155 1429 5214 ἐπεὶ
1483 5155 1734 5234 Ἡρώδην
1818 5160 1967 5233 βασις

317 5247 500 5305 λεόειν
537 5246 789 5318 ἤκουσεν,
828 5243 1025 5319 ἐδεήθη
1078 5248 1331 5323 Φραάτου
1379 5245 1670 5322 βασιλέως,
1712 5247 1801 5302 καὶ
1852 5267 1972 5301 συν-

322 5336 612 5409 δεηθέντος
645 5333 897 5411 Ἡρώδου
925 5337 1141 5415 ἀφίεται
1178 5336 1256 5401 είς
1290 5338 1391 5405 τὴν
1440 5334 1694 5411 πατρίδα,
1739 5336 1967 5394 πολλῶν

323 5425 554 5488 ελπίσας
601 5426 728 5501 παρ’
771 5424 989 5502 Ἡρώδῃ
1036 5429 1246 5505 τυχεῖν.
1299 5422 1550 5501 Ἡρώδης
1614 5422 1672 5482 δὲ
1711 5429 1972 5507 σχήματα

2054 4711 2296 4782 Cognito
2318 4717 2504 4766 autem
2533 4711 2869 4767 Judaaorum
2901 4710 3180 4783 populum
3207 4712 3407 4767 odioin
3436 4712 3716 4767 Herodem

2060 4816 2205 4856 nova
2225 4800 2441 4867 moliri,
2466 4802 2824 4872 Antigonum
2847 4800 3170 4855 Antiochia:
3194 4802 3380 4856 securi
3401 4801 3707 4873 percussit.

2060 4892 2363 4965 Hyrcanus
2389 4898 2743 4961 autem,cum
2773 4893 3051 4948 Herodem
3080 4910 3319 4963 regnare
3343 4892 3723 4959 intelleit,im-

2065 4983 2312 5055 ploravit
2341 4983 2651 5038 Phraatem
2686 4998 2877 5051 regem
2914 4998 2927 5037 :
2963 4987 3019 5037 et
3049 4982 3226 5037 simul
3255 4981 3580 5051 postulante
3610 4981 3720 5038 He-

2067 5074 2207 5129 rode
2261 5072 2321 5127 in
2383 5071 2634 5142 patriam
2694 5070 2968 5140 mittitur,
3009 5070 3189 5126 multa
3238 5086 3299 5126 se
3359 5086 3603 5142 sperans
3649 5072 3721 5127 ab

2071 5162 2294 5218 Herode
2316 5166 2789 5217 consecuturum.
2818 5159 3074 5216 Herodes
3097 5175 3229 5217 vero
3251 5160 3505 5231 speciem
3537 5160 3721 5218 bene-

2074 5249 2338 5306 volentiae
2361 5253 2418 5304 et
2442 5248 2614 5320 primi
2633 5247 2873 5304 honoris
2896 5248 2956 5304 in
2977 5263 3111 5304 eum
3136 5249 3718 5320 magnam’ostendit:

2074 5339 2282 5395 deinde
2312 5354 2440 5394 vero
2471 5337 2520 5391 ei
2551 5337 2982 5410 corruptionem
3004 5336 3377 5409 largitionum
3420 5338 3722 5411 objiciens,

2078 5434 2135 5485 et
2179 5428 2561 5501 proditionem
2614 5427 2765 5498 apud
2821 5430 3058 5497 Arabes,
3099 5428 3391 5485 hominem
3440 5428 3730 5487 interfecit

1678 5527 1921 5584 VARI/E
1963 5527 2265 5586 LECTION
2277 5526 2376 5583 ES.

401 5630 447 5665 ὀ
476 5622 882 5700 ἀποδώσουσιν]
922 5626 1069 5699 αὐτῷ
1104 5623 1366 5681 δώσουσιν
1400 5629 1465 5683 Α.
1544 5627 1586 5665 ³⁸
1619 5625 1766 5696 πλὴν
1797 5658 1866 5671 -—-
1895 5626 2130 5683 τάλαντα
2160 5643 2276 5685 om.
2312 5630 2377 5684 A.
2455 5625 2500 5663 ⁹²
2527 5624 2644 5699 τὸν]
2677 5627 2784 5681 τῶν
2816 5628 2882 5684 Α.
