4138 6224
525 287 680 348 118⁸7

1729 279 1991 341 ΡΗΟἹἪ
2037 277 2560 339 PATRIARCHE
2603 280 2722 342 ΟΡ.

3735 295 3849 355 1188

520 438 744 479 annum
777 418 1195 492 octogesimum
1220 417 1475 488 primum
1499 419 1940 488 agentem,cum
1961 430 2165 486 magna

2289 413 2383 484 μεν
2419 413 2627 475 εὐνοίας
2658 415 2749 468 καὶ
2805 423 2978 489 τιμῆς
3025 423 3123 484 τῆς
3183 418 3556 491 πρωτευούσης
3603 422 3758 478 πολλὰ
3799 430 3851 490 εἷς

523 519 580 569 et
637 510 916 568 ineffabili
965 505 1276 565 clementia
1320 510 1376 561 et
1425 505 1822 560 incuriositate
1852 504 1896 558 ιι.
1941 503 2087 567 Quin
2121 506 2177 559 et

523 599 925 658 Aristobulum
955 595 1203 668 Hyrcani
1236 594 1445 662 filium,
1475 592 1809 650 Mariamna:
1833 593 2031 648 uxoris
2065 593 2178 647 fra-

523 695 694 759 trem,
728 688 1020 744 adnitente
1044 685 1370 741 Alexandra
1403 699 1718 756 puerorum
1751 687 2022 753 matre,et
2053 682 2176 737 Ma-

522 781 776 845 riamna,
793 793 1091 834 summum
1113 775 1446 847 pontiticem
1465 773 1690 828 decimo
1713 772 1960 844 septimo
1988 772 2176 826 etatis

523 885 678 926 anno
700 871 876 922 creat.
899 870 963 920 Et
984 865 1194 920 deinde
1211 863 1268 918 in
1285 862 1518 918 Jericho
1542 862 1596 916 in
1623 860 1846 934 piscina
1868 860 1988 916 illic
2008 861 2177 916 suffo-

524 958 642 1017 cari
685 956 885 1028 jussit.
917 955 1025 1020 Sed
1060 954 1315 1010 Herodes
1359 952 1590 1022 quidem
1637 951 1788 1022 talis,
1824 950 2014 1022 qualis
2051 966 2176 1005 esse

515 1050 640 1121 jam
674 1047 898 1103 dictum
927 1053 1033 1101 est.

2287 501 2448 557 αὐτὸν
2506 500 2734 571 ἐδείκνυ,
2777 504 2828 559 ἐν
2891 506 3097 580 ὑστέρῳ
3157 504 3214 561 δὲ
3281 506 3533 571 διαϐολὰς
3613 510 3848 591 ἐπενεγκὼν

2289 589 2621 664 δωροδοκίας
2651 593 2740 648 καὶ
2783 601 2884 664 τῆς
2918 597 3051 669 πρὸς
3083 591 3326 670 ’Ἄραϐας
3377 597 3649 674 προδοσίας
3691 589 3849 662 ἀνεῖλεν

2287 677 2450 754 ἄνδρα
2509 682 2640 755 ὑπὲρ
2679 683 2746 736 τά
2793 685 2846 738 π’
2893 679 2985 754 ἔτη
3033 684 3260 752 ἐνιαυτῷ
3318 686 3393 740 ἐνὶ
3427 688 3554 760 μετά
3580 690 3764 760 πολλῆς
3786 698 3849 748 καὶ

2285 768 2491 848 ἀφάτου
2520 777 2620 840 τῆς
2653 769 2942 834 ἐπιεικείας
2983 772 3070 828 καὶ
3129 774 3541 850 ἀπραγμοσύνης
3590 776 3848 852 βεϐιωκότα.

2288 859 2392 914 Καὶ
2425 856 2846 932 Ἀριστόϐουλον
2879 859 2936 916 δὲ
2964 863 3054 917 τὸν
3101 863 3298 919 υἱωνὸν
3331 865 3378 900 93
3433 867 3523 937 μὶν
3570 870 3610 904 ⁹⁴
3652 871 3850 944 ’Υρκανοῦ

2288 949 2628 1022 Μαριάμμης
2659 950 2706 986 9‘
2745 947 2802 1004 δὲ
2830 958 2929 1020 τῆς
2957 955 3199 1028 γαμετῆς
3253 951 3504 1029 ἀδελφὸν,
3542 955 3853 1033 ἐνοχλησάτης

2286 1036 2636 1113 Ἀλεξάνδρας
2696 1047 2796 1109 τῆς
2863 1047 2970 1096 τῶν
3027 1040 3236 1096 παίδων
3290 1046 3492 1118 μητρὸς
3572 1049 3653 1101 καί
3726 1049 3848 1118 αὐτῆς

521 1135 888 1211 Μαριάμμης,
947 1131 1208 1206 ἀρχιερέα
1289 1131 1386 1202 μὲν
1442 1128 1759 1199 καθίστησιν
1821 1129 1887 1196 ιζ’
1945 1121 2061 1188 ἔτος
2094 1124 2312 1200 ἄγοντα,
2365 1128 2454 1180 καὶ
2489 1128 2604 1199 μετ’
2637 1125 2828 1202 ὀλίγον
2860 1128 2910 1183 ἐν
2945 1135 3265 1205 Ἱεριχοῦντι
3296 1133 3344 1166 9⁸
3362 1139 3478 1194 ταῖς
3512 1135 3663 1190 ἐκεῖσε
3689 1137 3853 1210 κολυμ-

527 1224 756 1300 ϐήθραις
785 1221 1214 1294 ἐναποπνιγῆναι
1253 1218 1640 1294 κατεπράξατο.
1684 1214 1841 1273 Ἀλλ’
1871 1213 2122 1290 Ἡρώδης
2166 1215 2260 1287 μὲν
2297 1219 2567 1284 τοιοῦτος,
2600 1216 2688 1270 καὶ
2721 1219 2836 1278 οἷος
2869 1219 3002 1273 εἶνάι
3035 1221 3379 1294 προείρηται.

599 1317 846 1372 Moriens
877 1313 1131 1369 Herodes
1181 1311 1527 1367 Archelaum
1579 1308 1763 1363 filium
1796 1307 2016 1363 Caesare
2047 1322 2175 1377 per-

527 1407 796 1463 mittente
845 1418 1243 1460 successorem
1278 1400 1439 1471 regni
1473 1397 1791 1454 constituit.
1825 1395 2012 1451 Caasar
2042 1412 2172 1452 vero

527 1499 820 1566 Augustus
857 1493 1113 1548 dimidia:
1157 1491 1320 1562 regni
1377 1489 1553 1559 partis
1584 1487 1934 1542 Archelaum
1967 1501 2173 1542 creans

525 1586 854 1651 dominum,
887 1587 944 1636 et
971 1580 1124 1652 regis
1159 1577 1327 1635 titulo
1359 1582 1702 1634 ornaturum
1730 1574 2029 1640 sedixit,si
2056 1574 2172 1630 cle-

524 1672 989 1742 menteretjuste
1017 1685 1258 1741 regnum
1284 1667 1758 1723 administratum
1785 1665 2170 1735 cognovisset.

523 1762 775 1819 Alteram
798 1733 933 1817 vero
961 1733 1186 1832 partam
1220 1733 2165 1825 dividens,PhilippumetAntipa-

2288 1733 2450 1821 μάθοι
2504 1750 2812 1824 χειρίζοντα

523 1857 681 1908 trum
729 1849 1070 1914 tetrarchas,
1107 1845 1348 1902 Herodis
1381 1852 1437 1900 et
1468 1845 1625 1914 ipsos
1659 1843 1810 1898 ﬁlios
1851 1841 2168 1898 constituit.

523 1943 634 1999 Sed
671 1939 992 1995 Archelaus
1022 1953 1158 1993 cum
1191 1935 1472 1990 violenter
1500 1949 1658 1988 more
1687 1938 1924 2002 paterno
1940 1930 2172 1986 Judaaos

524 2036 769 2103 regeret,
803 2027 1014 2085 Ctesari
1055 2026 1423 2098 supplicante
1471 2023 1706 2095 populo,
1741 2023 2043 2096 tyrannide
2074 2039 2169 2091 0p-

523 2136 746 2192 presso,
777 2118 1004 2174 decimo
1037 2131 1190 2170 anno
1221 2130 1400 2186 regno
1423 2113 1657 2180 excidit,
1681 2121 1735 2166 et
1757 2112 2178 2167 condemnatur

525 2212 588 2264 ut
617 2207 908 2262 habitaret
937 2205 1220 2260 Viennam
1249 2203 1445 2258 Galliae
1470 2201 1698 2270 urbem,
1728 2207 1780 2255 et
1811 2201 1946 2256 inde
1971 2199 2177 2255 recidit

525 2298 726 2354 Judaa
755 2313 784 2351 ο
815 2311 992 2368 regno
1023 2293 1081 2349 in
1115 2292 1517 2366 praefecturam
1561 2289 1596 2348 ι.

595 2475 849 2531 Herodes
879 2473 1168 2530 tetrarcba
1188 2471 1435 2529 Galilaeae
1467 2475 1524 2526 et
1543 2471 1768 2534 Peraeae,
1793 2468 1948 2525 filius
1972 2469 2172 2541 magni

523 2564 788 2632 Herodis,
831 2563 1064 2633 amavit,
1117 2570 1179 2618 ut
1234 2560 1439 2617 scribit
1483 2560 1796 2630 Josephus,
1841 2559 2034 2614 fratris
2080 2559 2171 2615 sui

526 2655 767 2711 Herodis
822 2669 1058 2708 uxorem
1116 2650 1517 2714 llerodiadem,
1553 2665 1679 2719 quae
1712 2654 1768 2705 et
1807 2649 1931 2718 ipsa
1961 2665 2171 2720 magno

525 2745 750 2799 Herode
780 2741 1051 2809 oriunda,
1086 2745 1221 2796 nata
1252 2757 1281 2796 e
1311 2739 1430 2794 ﬁlio
1463 2738 1807 2809 Aristobulo,
1841 2754 2014 2810 quem
2048 2739 2172 2809 ipse

521 2832 836 2888 interfecit.
871 2831 1007 2886 Erat
1036 2829 1172 2885 huic
1203 2830 1380 2884 frater
1409 2827 1663 2900 Agrippa
1697 2844 1710 2882 :
1737 2828 1887 2884 hanc
1919 2827 2171 2883 Herodes

527 2939 560 2977 a
617 2922 741 2976 viro
799 2921 1164 2990 disjungcns,
1210 2934 1452 2973 uxorum
1501 2917 1735 2972 duxitm.
1773 2917 1871 2972 Hic
1932 2921 2022 2971 est
2068 2913 2170 2987 qui

523 3026 804 3082 maguum
851 3010 1133 3064 Joannem
1182 3009 1602 3062 Prascursorem
1654 3005 1962 3072 interfecit,
1995 3013 2057 3059 ut
2088 3005 2168 3060 ait

516 3099 832 3170 Josephus,
862 3113 934 3154 ne
981 3095 1262 3166 populum
1309 3095 1378 3150 ad
1425 3094 1769 3150 seditionem
1823 3095 2163 3150 concitaret.

517 3187 734 3242 Omnes
783 3186 939 3241 enim
1005 3184 1075 3239 ob
1147 3183 1547 3240 excellentiam
1605 3183 1859 3253 virtutis,
1918 3183 2164 3240 Joannis

513 3291 711 3332 vocem
743 3275 1150 3346 sequebantur.
1185 3273 1300 3327 Sub
1326 3271 1424 3328 illo
1453 3271 1719 3328 Salvator
1748 3277 1835 3328 est
1867 3289 2091 3342 passus.

585 3541 838 3615 Agrippa
869 3539 1040 3612 primi
1075 3539 1314 3597 Herodis
1337 3555 1538 3612 nepos,
1563 3538 1882 3595 Aristobuli
1909 3540 2165 3611 ejus,qui

513 3632 903 3702 interemptus
962 3633 1051 3686 est
1108 3628 1284 3692 ﬁlius,
1336 3629 1509 3684 frater
1566 3629 1747 3684 διεδ
1799 3628 2162 3697 Herodiadis,

511 3721 802 3778 sexcentis
833 3721 1069 3777 casibus
1101 3725 1159 3777 et
1191 3719 1612 3775 mutationibus
1643 3719 2162 3782 obnoxius.tamen

509 3829 539 3869 e
571 3811 838 3868 custodia
857 3815 912 3866 et
939 3811 1213 3875 vinculis,
1239 3811 1451 3880 quibus
1476 3808 1640 3864 illum
1674 3809 2162 3881 comprehensum

506 3902 777 3958 Tiberius
818 3901 1074 3957 moriens
1132 3899 1462 3968 reliquerat,
1496 3899 1552 3955 Ο.
1586 3899 1825 3954 Caesarie
1858 3900 2163 3970 providen-

509 3991 610 4059 tia,
645 4007 741 4046 rex
797 3989 1117 4046 tetrarchia:
1178 3988 1430 4060 Philippi
1475 3988 1858 4045 renuntiatur.
1894 3988 1995 4044 Hic
2043 3994 2166 4045 erat

514 4081 724 4151 prioris
772 4079 1011 4134 Herodis
1040 4080 1215 4133 frater
1251 4094 1262 4132 :
1317 4077 1563 4148 adeptus
1593 4083 1683 4133 est
1719 4094 1748 4134 e
1791 4078 2046 4146 Lysaniaa
2079 4084 2163 4134 te-

509 4166 850 4234 trarchiam,
881 4170 936 4220 et
983 4164 1042 4220 in
1073 4166 1324 4220 Judmam
1360 4165 1612 4236 navigat,
1640 4165 1917 4220 omnibus
1953 4166 2159 4221 obstu-

508 4254 1100 4326 pescenlibus,ettam
1135 4253 1380 4308 subitam
1408 4253 1792 4310 mutationem
1826 4254 2163 4309 admiranti-

2359 1308 2478 1360 Ὅτι
2512 1305 2777 1361 τελευτῶν
2823 1306 3074 1382 Ἡρώδης
3104 1309 3402 1384 Ἀρχέλαον
3453 1315 3540 1368 τὸν
3583 1316 3685 1370 υἱὸν
3729 1314 3856 1371 διατί-

2283 1398 2450 1463 θεται,
2495 1394 2756 1470 Καίσαρος
2803 1395 3082 1461 διδοῦντος
3115 1400 3159 1436 ⁸⁷
3206 1407 3308 1470 τῆς
3358 1402 3623 1476 βασιλείας
3671 1407 3853 1480 γενέσθαι

2282 1482 2562 1560 διάδοχον.
2623 1491 2835 1561 Καῖσαρ
2879 1485 2938 1542 δὲ
2977 1489 3024 1560 (6
3064 1487 3377 1555 Αὔγουστος
3423 1489 3469 1546 δ’
3507 1493 3585 1560 ἦν)
3625 1500 3709 1562 τῆς
3756 1498 3852 1566 ἡμι-

2283 1574 2428 1635 σείας
2460 1573 2769 1652 Ἀρχέλαον
2801 1577 3079 1654 ἀποφήνας
3138 1579 3350 1654 κύριον,
3420 1582 3506 1634 καὶ
3559 1581 3775 1658 βασιλείᾳ
3800 1606 3856 1638 τι-

2287 1664 2478 1734 μήσειν
2538 1664 2705 1731 εἶπεν,
2762 1663 2806 1718 εί
2866 1663 3118 1727 ἐπιεικῶς
3174 1668 3263 1722 καὶ
3324 1665 3544 1731 δικαίως
3597 1673 3685 1739 τήν
3721 1672 3854 1745 ἀργήν

2867 1772 2878 1784 ’
2922 1754 3022 1821 τὴν
3083 1751 3130 1808 δ’
3159 1754 3338 1826 ἄλλην
3377 1763 3568 1830 μοῖραν
3601 1757 3770 1813 διελὼν
3793 1780 3856 1813 τε-

2281 1839 2524 1918 τράρχας
2557 1838 2838 1895 Φίλιππον
2858 1841 2945 1896 καὶ
2975 1843 3358 1917 Ἀντίπατρον,
3389 1847 3478 1900 καὶ
3509 1847 3684 1910 αὐτοὺς
3725 1851 3855 1920 Ἠρώ.

2287 1925 2382 1982 δου
2414 1925 2611 1991 παῖδας
2643 1927 2825 1996 ὄντας,
2857 1932 3198 2000 καθίστησιν.
3255 1932 3411 1990 Ἀλλ’
3460 1935 3734 2014 Ἀρχέλαος
3773 1935 3854 1991 ἐπεὶ

2286 2018 2456 2092 ὠμῶς
2509 2019 2601 2074 καὶ
2659 2023 2793 2075 κατά
2847 2022 2939 2076 τὸν
2998 2022 3202 2098 πατέρα
3265 2023 3543 2082 Ἰουδαίων
3598 2029 3740 2102 ἦρχε,
3771 2027 3859 2082 Καί·

2286 2129 2448 2182 σαρος
2509 2107 2804 2180 δεηθέντων
2858 2116 2964 2166 τῶν
3022 2113 3474 2188 τυραννουμένων
3528 2114 3716 2189 δεκάτῳ
3782 2112 3859 2172 ἔτει

2282 2200 2380 2266 τῆς
2413 2197 2691 2272 βασιλείας
2742 2197 3076 2270 ἐκπέπτωκε,
3125 2204 3212 2257 καὶ
3268 2204 3487 2259 Βίενναν
3518 2206 3565 2240 9⁸
3607 2205 3750 2260 οίκεῖν
3787 2213 3858 2272 τῆς

2286 2285 2526 2349 Γαλλίας
2591 2291 2632 2324 9⁸
2681 2287 3118 2360 καταδικάζεται,
3169 2292 3258 2346 καὶ
3330 2294 3639 2367 μεταπίπτει
3677 2293 3857 2348 ἐντεῦθεν

2282 2376 2316 2444 ἡ
2351 2373 2588 2432 Ἰουδαία
2618 2377 2676 2433 ἐκ
2710 2378 2985 2453 βασιλείας
3029 2379 3103 2441 εἰς
3137 2379 3431 2456 ἐπαρχίαν.

2353 2468 2478 2522 ’Ότι
2510 2464 2760 2539 Ἡρώδης
2793 2469 2820 2522 6
2849 2469 3156 2544 τετράρχης
3193 2471 3491 2534 Γαλιλαίας
3527 2471 3610 2528 καὶ
3664 2472 3858 2545 Περαίας,

2281 2561 2408 2618 παῖς
2455 2555 2702 2630 Ἡρώδου
2753 2563 2850 2613 τοῦ
2901 2558 3170 2633 μεγάλου,
3221 2563 3464 2636 ἠράσθη,
3515 2564 3586 2625 ὡς
3648 2561 3858 2629 Ἰώσηπός

2281 2667 2466 2720 φησιν,
2500 2643 2738 2720 ἀδελφοῦ
2769 2645 3024 2722 Ἡρώδου
3057 2656 3286 2725 γυναῖκα
3344 2648 3518 2724 ὄνομα
3568 2647 3857 2727 Ἠρωδιάδιυ

2280 2734 2547 2809 ἀπόγονος
2582 2733 2627 2789 δ’
2657 2737 2723 2804 ἦν
2759 2737 2890 2807 αὕτη
2923 2742 3020 2792 τοῦ
3064 2739 3310 2815 μεγάλου
3357 2739 3619 2816 Ἡρώδου,
3667 2744 3861 2813 ’Δριρτοο

2281 2819 2468 2896 δούλῳ
2496 2828 2574 2895 τῷ
2603 2823 2778 2891 παιδὶ,
2838 2827 2898 2880 δν
2948 2825 3146 2889 ἐκεῖνος
3193 2829 3380 2885 ἀνεῖλε
3411 2832 3478 2898 9°,
3526 2830 3813 2904 γεγενημένη
3847 2845 3856 2858 ·

2279 2913 2345 2981 ἦν
2389 2912 2432 2968 δ’
2464 2915 2603 2988 αὐτῇ
2636 2916 2725 2968 καὶ
2758 2916 2786 2968 6
2817 2913 3051 2994 ἀδελφὸς
3085 2917 3414 2992 Ἀγρίππας.
3471 2923 3587 2995 [517
3634 2921 3718 2990 Η.]
3753 2916 3860 2973 Ταύ-

2267 3021 2375 3072 την
2431 3002 2680 3077 Ἡρώδης
2733 3003 2957 3080 τάνδρὸς
3017 3003 3313 3077 διαστήσας
3379 3010 3612 3085 ἠγάγετο
3662 3012 3858 3082 γυναῖκα.

2278 3091 2451 3156 Οὗτός
2481 3093 2620 3147 ἐστιν
2675 3095 2703 3148 ὁ
2741 3095 2835 3150 τὸν
2887 3095 3050 3169 μέγαν
3101 3096 3312 3152 ἀνελὼν
3362 3099 3608 3168 Ἰωάννην
3644 3098 3721 3152 τὸν
3760 3097 3862 3169 Πρό-

2278 3179 2504 3255 δρομον,
2537 3179 2729 3244 δεδιὼς
2759 3185 3050 3256 (Ἰώσηπός
3082 3207 3213 3260 φησι
3258 3189 3301 3260 ί)
3341 3189 3416 3258 μὴ
3450 3189 3510 3242 τὸ
3558 3183 3694 3249 ἔθνος
3734 3187 3860 3238 αύτοῦ

2278 3268 2577 3341 διαστήσειο
2628 3272 2820 3332 πάντες
2871 3273 2973 3347 γάρ
3025 3270 3096 3326 δι’
3148 3271 3466 3346 ὑπερϐολὴν
3515 3276 3694 3350 ἀρετῆς
3725 3271 3862 3331 τοῖςί

2277 3360 2531 3417 Ἰωάννου
2563 3359 2748 3435 λόγοις
2791 3359 3027 3418 εἵποντο.
3065 3365 3216 3420 Κατά
3251 3370 3449 3421 τοῦτον
3498 3366 3583 3421 καὶ
3621 3365 3674 3420 τὸ
3717 3364 3858 3429 σωτήο

2279 3469 2392 3524 ριον
2422 3449 2651 3525 ἐγεγόνει
2683 3451 2876 3514 πάθος.

2347 3542 2470 3597 ’Ὁτι
2533 3539 2836 3614 Ἀγρίππας
2896 3543 2924 3595 6
2985 3541 3234 3616 Ἡρώδου
3299 3546 3396 3618 μὲν
3477 3547 3718 3619 ἀπόγονος
3791 3543 3862 3594 τοῦ

2278 3629 2526 3700 πρώτου,
2585 3627 3014 3704 Ἀριστοϐούλου
3075 3629 3133 3687 δὲ
3197 3638 3300 3687 τοῦ
3371 3635 3701 3709 ἀνῃρημένου
3748 3635 3861 3695 παῖς,

2277 3714 2510 3794 ἀδελφὸς
2565 3715 2610 3771 δ’
2668 3716 3030 3793 Ἡρωδιάδος,
3085 3723 3315 3796 μυρίαις
3363 3725 3558 3802 τύχαις
3612 3723 3693 3776 καὶ
3739 3739 3862 3793 μετα-

2276 3803 2472 3868 ϐολαῖς
2519 3810 2824 3882 περιπεσὼν
2882 3811 3034 3880 ὅμως
3087 3808 3148 3864 ἐκ
3205 3810 3464 3888 φυλακῆς
3518 3812 3604 3868 καὶ
3677 3808 3862 3880 δεσμῶν,

2276 3899 2359 3958 οἷς
2417 3895 2573 3951 αὐτὸν
2629 3898 2997 3972 κατεχόμενον
3063 3894 3318 3974 Τιϐέριος
3379 3907 3578 3975 Καῖσαρ
3647 3899 3861 3954 τελευτῶν

2274 3985 2652 4054 ἀπολελοίπει,
2700 3985 2756 4040 ἐκ
2785 3985 2990 4042 τσύτων
3046 3987 3390 4065 ἀπαλλαγεὶς
3447 3992 3602 4046 Γαίου
3649 3993 3861 4059 Καῖσαρος

2272 4075 2500 4149 προνοίᾳ
2547 4077 2636 4130 καὶ
2690 4075 2942 4150 βασιλεὺς
3006 4085 3408 4153 χειροτονεῖται
3457 4078 3754 4154 τετραρχίας
3785 4082 3860 4129 Φι⁶

2277 4164 2481 4220 λίππου
2513 4162 2786 4238 (Ἡρώδου
2819 4163 2864 4220 δ’
2893 4167 2960 4235 ἦν
3011 4167 3168 4229 οὗτος
3221 4165 3461 4246 ἀδελφὸς
3509 4173 3600 4224 τοῦ
3646 4167 3857 4240 πρώτου).

2273 4253 2686 4328 προσλαμϐάνει
2729 4251 2785 4308 δὲ
2823 4256 2912 4310 καὶ
2957 4257 3056 4324 τήν
3119 4257 3394 4313 Λυσανίου
3437 4256 3756 4332 τετραρχίαν,
3794 4251 3857 4305 καῖ

511 4344 646 4398 bus.
706 4344 847 4398 Cum
909 4343 1124 4414 quibus
1179 4346 1237 4396 et
1289 4341 1566 4398 Herodias
1625 4342 1893 4414 perculsa
1949 4342 2162 4399 lethale

2278 4341 2514 4397 ἀποπλεῖ
2559 4344 2696 4418 πρὸς
2745 4345 2843 4411 τὴν
2896 4342 3183 4417 Ἰουδαίαν,
3234 4349 3456 4403 πάντων
3517 4346 3747 4414 ἐκπλήξει
3792 4338 3858 4393 καὶ

508 4432 721 4488 vulnus
770 4433 980 4504 accipit
1011 4432 1227 4486 invidia
1260 4451 1274 4500 ;
1309 4447 1413 4486 nec
1461 4430 1633 4487 desiit
1671 4431 1859 4487 virum
1910 4433 2157 4500 turbare,

507 4523 693 4577 donec
728 4521 974 4577 Romam
1009 4522 1092 4576 ire
1123 4525 1332 4592 cocgtt,
1367 4525 1424 4575 et
1453 4519 1509 4574 in
1541 4536 1779 4588 regnum
1804 4520 1913 4576 sibi
1948 4521 2160 4591 adjun-

507 4625 642 4683 gere
663 4610 915 4666 studere.
933 4609 1043 4666 Sed
1068 4610 1165 4664 ille
1189 4625 1317 4665 eam
1342 4611 1654 4666 comitatus
1677 4615 1784 4676 est,
1811 4614 2165 4680 secutusque

507 4699 774 4773 Agrippa
811 4703 869 4754 et
906 4702 1208 4755 assecutus
1239 4703 1327 4755 est
1349 4700 1472 4770 jam
1525 4697 1832 4755 solventes.
1865 4705 2164 4755 Accusans

503 4791 792 4847 Herodem
826 4789 976 4860 apud
1003 4789 1062 4843 C.
1090 4788 1398 4855 Caesarem,
1433 4790 1585 4859 quod
1616 4788 1898 4845 Romanis
1930 4803 2163 4858 semper

502 4882 757 4936 infestus
783 4877 978 4934 fuerit.
1010 4878 1237 4934 Tiberio
1269 4877 1424 4932 enim
1457 4877 1649 4933 adhuc
1678 4877 2160 4948 superstite,cum

501 4971 711 5042 Sejano
755 4969 1086 5025 adversario
1136 4968 1530 5024 Romanorum
1562 4965 1879 5022 amicitiam
1933 4967 2157 5035 iniisse,

505 5063 562 5114 et
595 5073 751 5114 nunc
779 5057 932 5130 apud
971 5056 1326 5112 Artabanem
1358 5071 1548 5126 regem
1579 5053 1920 5110 Parthorum
1955 5056 2157 5110 eadem

501 5155 700 5207 contra
723 5152 1014 5207 Romanos
1036 5147 1224 5204 moliri
1261 5165 1274 5204 :
1307 5147 1529 5204 obtinet
1563 5151 1623 5204 ut
1646 5147 1769 5204 loco
1803 5147 2156 5219 regni,quod

2272 4433 2507 4504 θαύματι
2536 4433 2598 4487 τὸ
2637 4440 2735 4500 τῆς
2781 4430 3093 4505 μεταϐολῆς
3143 4435 3342 4510 ἀθρόον
3391 4437 3722 4509 ποιουμένον.
3765 4428 3864 4487 Μεθ’

2270 4521 2342 4574 ὧν
2405 4521 2493 4574 καὶ
2555 4519 2824 4596 Ἡρωδιὰς
2886 4522 3312 4600 ἐκπεπληγμένη
3404 4528 3613 4600 καιρίαν
3687 4521 3858 4594 δέχεται

2267 4608 2490 4683 πληγὴν
2547 4609 2607 4664 ἐκ
2654 4611 2874 4688 φθόνου,
2915 4612 3005 4666 καὶ
3061 4613 3161 4668 οὐκ
3217 4615 3350 4670 ἀνίει
3413 4613 3749 4690 διενοχλοῦσα
3785 4607 3858 4661 τὸν

2268 4697 2456 4774 ἄνδρα,
2515 4697 2619 4762 ἕως
2676 4703 3062 4778 κατειργάσατο
3131 4703 3377 4761 ἀυελθεῖν
3441 4707 3518 4768 είς
3567 4706 3757 4775 Ῥώμην
3786 4694 3858 4751 καὶ

2271 4787 2554 4863 βασιλείαν
2610 4791 2784 4862 ἐαυτῷ
2825 4789 3064 4861 σπουδὴν
3124 4796 3400 4850 ποιεῖσθαι
3459 4789 3862 4867 καταπράξασθαι-

2271 4877 2422 4933 Ἀλλ’
2481 4878 2510 4931 6
2573 4878 2666 4950 μὲν
2724 4878 2876 4952 ἀνῄει
2927 4881 3018 4934 ουν
3075 4881 3212 4956 αὐτῇ
3269 4882 3456 4939 εἷ’πετο
3489 4881 3533 4938 δ’
3587 4878 3862 4958 Ἀγρίππας,

2265 4970 2354 5024 καὶ
2414 4966 2824 5042 καταλαμϐάνει
2892 4970 3011 5047 ἄρτι
3079 4975 3436 5048 κατάραντας.
3527 4971 3863 5048 Κατηγορῆσκ

2268 5055 2315 5112 δ’
2343 5057 2595 5132 Ἡρώδην
2626 5062 2772 5134 παρά
2806 5062 2946 5134 Γαίῳ
2978 5062 3201 5137 Καίσαρι
3231 5065 3307 5125 ὡς
3353 5062 3581 5126 δύσνους
3638 5063 3713 5130 εἴη
3766 5059 3866 5113 Ῥω·

2269 5145 2450 5220 μαίοις
2481 5150 2500 5184 ⁸
2551 5148 2630 5202 ἀεὶ
2683 5151 2832 5222 ([976
2881 5153 2972 5224 R.)
3021 5147 3272 5227 Τιϐερίου
3328 5155 3425 5226 μὲν
3474 5153 3577 5229 γὰρ
3631 5147 3701 5206 ἔτι
3745 5165 3866 5219 περι-

579 5259 603 5298 Ιι
631 5257 900 5315 Archaeol.
936 5257 1035 5313 lib.
1069 5273 1161 5323 xv,
1195 5272 1320 5329 cap.
1353 5257 1407 5314 9.
1449 5255 1460 5297 ¹
1507 5256 1628 5313 Lib.
1651 5273 1787 5323 xvu,
1822 5272 1952 5329 cap.
1986 5257 2038 5312 1.
2071 5270 2110 5298 ιιι
2137 5257 2262 5314 Lib.
2293 5273 2448 5328 xvm,
2476 5259 2534 5314 7.

1856 5372 2089 5428 VARIJE
2129 5371 2550 5430 LECTIONES.

576 5459 622 5496 93
643 5457 841 5534 oiwv6_v
870 5463 915 5516 Α
943 5479 975 5534 7:_
1005 5460 1232 5534 υἱὸν-ς.
1266 5529 1275 5534 _
1310 5459 1357 5494 9‘
1391 5462 1482 5534 μέν
1513 5463 1728 5534 ΟιζιηΑ.

508 5531 746 5639 βίαινναν
937 5532 1012 5567 ⁹⁸¹⁹
1046 5529 1345 5592 Γαλῖλαίας

508 5627 514 5634 .
570 5600 870 5639 ’βοηηηίημ
903 5605 941 5639 r‘.
976 5621 987 5631 -
1024 5601 1099 5639 εἴη
1135 5601 1412 5639 ἐμηνύθη»
1444 5605 1466 5639 r

507 5601 530 5639 3
570 5601 870 5673 Ῥωμαίοις
903 5605 942 5656 C
976 5621 988 5657 :
1024 5601 1099 5662 εἰς
1133 5601 1422 5673 ῥωμαίουξ

1807 5461 1852 5496 ³⁵
1881 5461 2225 5535 Μαριάμμης
2257 5479 2371 5535 om_.
2397 5464 2462 5518 A.

1544 5532 1592 5566 99
1621 5530 1798 5586 ἀνεῖλε
1827 5565 1894 5577 ——
1929 5530 1984 5606 p;
2014 5530 2124 5589 31'8—
2150 5535 2183 5590 b
2215 5535 2305 5602 20,
2337 5530 2678 5591 ἐπιστεύοντο
2709 5553 2826 5600 om,
2861 5541 2928 5594 Α.

3545 5467 3589 5501 9⁸
3614 5464 3784 5536 βίεναν
3795 5463 3866 5536 Α)

2539 5462 2586 5498 9⁸
2615 5463 2848 5536 ἱεροῦντι
2886 5471 2950 5520 A.
3029 5465 3078 5500 97
3103 5462 3350 5528 διδόντος
3545 5467 3589 5501 9⁸
3614 5464 3771 5536 βίεναν
3795 5463 3829 5515 A
3856 5475 3866 5510 ε

2539 5532 2678 5590 ίοντο
2709 5553 2826 5598 om.
2861 5541 2928 5594 A.
3011 5542 3023 5574 ¹
3053 5558 3186 5598 φησι
3215 5555 3330 5596 om.
3364 5539 3427 5595 C.
3509 5539 3661 5598 ²τοῖς
3692 5532 3872 5592 add.C.

3029 5465 3078 5500 97
3103 5462 3350 5528 διδόντος

3011 5542 3023 5574 ¹
3053 5558 3186 5614 φησι
3215 5555 3330 5596 om.
3364 5539 3427 5595 (ἶ.
