4138 6224
317 280 476 340 1189

1361 273 1908 340 BIBLIOTHECA.
1958 309 2034 323 —-
2075 277 2249 340 COD.
2296 277 2709 340 CCXXXVIII.

3571 275 3724 340 1190

319 411 479 474 ὄντος
519 411 656 487 πρὸς
716 411 937 467 Ἰανὸν⁴
997 410 1196 490 ἐχθρὸν
1251 407 1374 465 ὅντα
1432 409 1718 484 Ῥωμαίων
1784 409 1966 464 θέσθαι

2087 412 2496 480 somniaverat,
2527 413 2758 484 propria
2790 414 3098 470 tetrarchia
3129 417 3374 486 excidat,
3407 424 3460 474 et
3491 417 3724 488 Lugdu-
3757 393 3760 396 ’

322 502 532 580 φιλίαν,
586 503 676 558 καὶ
741 507 828 556 νῦν
894 499 951 556 δὲ
1007 503 1144 578 πρὸς
1203 495 1537 574 Ἀρτάϐανον
1597 501 1688 555 τὸν
1743 501 1968 573 Πάρθων

325 590 556 666 βασιλέα
585 592 650 646 τὰ
679 590 814 646 αὐτᾶ
860 596 1076 668 φρονεῖν
1127 589 1264 645 κατά
1311 589 1628 662 Ῥωμαίων)
1676 609 1971 664 παρασκευ-

326 683 442 752 άζει
490 681 608 736 ἀντὶ
655 686 754 750 τῆς
815 678 1337 756 ὁνειροποληθείσης
1403 678 1681 752 βασιλείας
1737 685 1837 748 τῆς
1911 699 1970 733 τε

323 769 528 832 οἷ’κείας
557 769 798 824 ἐκπεσεῖν
835 770 1172 844 τετραρχίας
1231 765 1318 822 καί
1366 765 1440 829 εἶς
1489 765 1844 842 Λουγδούνων
1883 767 1970 822 an;

323 857 411 930 δίᾳ
468 862 618 933 φυγῇ
679 859 1022 932 ζημιωθέντα
1080 856 1358 926 έλαθῆναι·
1417 857 1520 912 Καὶ
1595 853 1866 925 Ἡρωδιὰς
1924 853 1970 910 δ’

322 949 518 1002 ἑκοῦσα
565 946 644 1018 τῷ
703 944 858 1020 ἀνδρὶ
915 943 1402 1023 συμφυγαδεόεται·
1461 947 1562 1016 τὴν
1629 944 1686 1000 δὲ
1739 965 1968 1020 τετραρ-

321 1039 450 1112 χίαν
493 1037 662 1092 αὐτοῦ
705 1037 864 1098 Γάϊος
917 1037 1190 1110 Ἀγρίππᾳ
1231 1033 1578 1108 προστίθησι.
1629 1033 1828 1089 Τοῦτον
1877 1035 1969 1089 τὸν

321 1126 628 1204 Ἀγρίππαν
679 1126 818 1200 πρὸς
877 1122 1295 1194 ἁντιδιαστολήν
1339 1129 1436 1179 τοῦ
1505 1125 1624 1179 υἱοῦ
1669 1124 1759 1179 καὶ
1805 1124 1968 1198 μέγαν

323 1215 623 1289 Ἀγρίππαν
682 1214 936 1286 καλοῦσι,
993 1216 1082 1269 καὶ
1140 1213 1217 1276 εἷς
1282 1213 1345 1268 τὸ
1435 1212 1672 1286 μάλιστα
1751 1233 1972 1288 κεχαρι-

327 1305 522 1378 σμένον
554 1304 822 1374 Ἰώσηπός
853 1325 1014 1379 φησιν
1057 1301 1335 1362 Ἰουδαίων
1388 1300 1562 1377 ὄίρξαι.
1613 1305 1782 1364 Οὗτος
1833 1301 1973 1358 ὲκεί-

327 1416 460 1464 νοις,
495 1396 570 1457 ὡς
604 1392 768 1463 ἔοικε,
801 1394 1168 1469 χαριζόμενος
1195 1392 1284 1447 καὶ
1315 1387 1572 1447 Ἰάκωϐον
1615 1395 1636 1428 ⁵
1663 1393 1754 1446 τὸν
1811 1389 1968 1447 ἀδελ-

330 1484 428 1562 φὸν
501 1481 754 1540 Ἰωάννου
817 1483 1062 1558 μαχαίρᾳ
1127 1481 1326 1551 ἀνεῖλε,
1384 1481 1474 1538 καὶ
1525 1483 1616 1536 τὸν
1674 1487 1970 1557 κορυφαῖον

328 1578 437 1628 τῶν
473 1577 730 1648 μαθητῶν
772 1574 972 1648 Πέτρον
1004 1572 1381 1648 ἐπεχείρησεν,
1427 1572 1470 1626 εἰ
1513 1571 1601 1626 καὶ
1651 1569 1970 1645 διήμαρτεν,

329 1662 560 1721 ἀνελεῖν.
611 1662 783 1723 Οὗτος
832 1661 1031 1730 ἐσθῆτα
1095 1663 1335 1736 ἀργύρου
1392 1661 1774 1733 πεποιημένην
1817 1681 1968 1734 περι-

329 1753 555 1824 θέμενος
615 1751 704 1804 καὶ
754 1755 832 1822 τῷ
887 1750 1091 1821 πλῆθει
1149 1749 1568 1826 δημηγορήσας,
1627 1747 1740 1804 ἐπεὶ

329 1841 456 1914 παρ’
506 1839 682 1895 αὐτῶν
725 1841 860 1914 μετά
903 1841 966 1894 τὸ
1017 1835 1328 1911 ὑπερϐολὴν
1361 1837 1651 1902 κολακείας
1692 1836 1839 1914 ἔχειν
1878 1836 1968 1892 καὶ

329 1923 573 1990 ἀσεϐείας
603 1928 680 1991 εἷς
711 1926 942 2004 ἔσχατον
971 1925 1124 1997 ἤκειν
1155 1931 1176 1965 ⁶
1224 1927 1438 1982 ἀκούων
1499 1927 1598 1982 οὐκ
1654 1926 1971 1999 ἐπετίμησε,

330 2017 634 2092 παραυτίκα
664 2015 817 2088 δίκην
847 2015 1070 2072 δίδωσιν
1107 2036 1120 2050 ·
1153 2016 1478 2091 ἀλγήματος
1515 2016 1614 2091 γὰρ
1645 2015 1792 2085 αὐτῷ
1835 2020 1972 2070 κατὰ

330 2105 558 2182 γαστέρα
604 2105 841 2183 σφοδροῦ
883 2107 1172 2183 γεγονότος
1231 2103 1300 2160 δί’
1357 2108 1580 2179 ἡμερῶν
1637 2107 1673 2160 ε’
1731 2105 1820 2160 τὸν
1853 2104 1968 2179 βίον

332 2195 705 2271 κατέστρεψεν,
739 2195 884 2269 ἄγων
923 2195 1027 2250 ἀπὸ
1067 2196 1326 2270 γεγέσεως
1359 2189 1473 2256 ἔτος
1536 2194 1580 2249 δ’
1632 2193 1721 2248 καὶ
1761 2194 1825 2265 ν’,
1871 2200 1972 2262 τῆς

335 2283 391 2340 δὲ
442 2286 723 2362 βασιλείας
771 2288 832 2356 ζ’,
885 2287 956 2340 ὧν
1005 2283 1050 2339 δ²
1099 2285 1262 2340 Γαίου
1303 2285 1687 2359 βασιλεύοντος
1718 2285 1867 2358 ἦρξε,
1906 2284 1972 2338 τὰ

338 2377 434 2448 μὲν
491 2378 538 2450 γ’
595 2379 694 2445 τήν
754 2375 1031 2431 Φιλίππον
1090 2371 1234 2450 ἔχων
1293 2375 1642 2449 τετραρχίαν,
1709 2379 1786 2445 τῷ
1845 2371 1887 2427 δ’
1919 2370 1975 2428 δὲ

334 2460 664 2539 προσλαϐὼν
713 2465 802 2519 καὶ
845 2465 942 2532 τὴν
991 2463 1260 2540 Ἡρώδου,
1318 2466 1386 2519 τὰ
1437 2464 1493 2519 δὲ
1550 2463 1719 2520 λοιπὰ
1774 2467 1825 2538 γ’
1885 2463 1970 2517 ἐπὶ

335 2553 636 2622 Κλαυδίου,
697 2555 748 2610 ἐν
806 2557 886 2616 οἱς
953 2552 1210 2610 Ἰουδαίαν
1270 2575 1327 2609 τε
1382 2555 1471 2608 καὶ
1531 2555 1838 2628 Σαμάρειαν
1884 2554 1974 2607 καὶ

341 2643 652 2718 Καισάρειαν
717 2645 982 2717 Καίσαρος
1041 2642 1232 2706 δόντος
1303 2645 1729 2717 προσεκτήσατο.
1791 2641 1974 2703 Οὕτως

337 2735 643 2809 Ἀγρίππας
702 2732 946 2804 τελευτᾷ,
989 2737 1084 2788 τοῦ
1144 2728 1427 2807 βουϐῶνος
1494 2736 1612 2804 (τοῦ
1664 2733 1870 2801 πτηνοῦ
1921 2728 1978 2784 δὲ

339 2825 522 2896 γένους
579 2826 598 2860 ’³
663 2823 810 2897 παρὰ
877 2822 1174 2894 Ῥωμαίοις
1240 2819 1382 2875 ἐστὶν
1441 2821 1583 2874 οὕτω
1637 2819 1976 2892 καλούμενον

341 2916 504 2982 ζῶον)
570 2913 676 2988 πρὸ
735 2913 890 2966 πέντε
947 2917 1047 2980 τῆς
1101 2909 1359 2979 τελευτῆς
1417 2911 1538 2984 [518
1591 2910 1676 2982 H].
1755 2911 1976 2982 ἡμερῶν

339 3004 470 3078 ὑπὲρ
511 3001 756 3077 κεῳαλῆς
787 3003 1058 3078 φανέντος.
1093 3002 1138 3072 ᾦ
1187 3000 1276 3054 καὶ
1325 3002 1425 3069 τήν
1485 2999 1763 3073 βασιλείαν
1821 3019 1981 3070 προσ-

337 3091 585 3167 αγγεῖλαι
619 3094 638 3126 ⁸
667 3092 877 3163 νομίζει
909 3091 1196 3160 Ἰώσηπος.
1237 3090 1470 3158 Τελευτᾷ
1536 3085 1583 3142 δ’
1641 3087 1730 3142 οὖν
1783 3085 1980 3148 παῖδας

332 3181 511 3236 λιπὼν
562 3179 626 3248 δ’,
667 3179 863 3256 ἄρρενα
915 3183 1008 3253 μὲν
1069 3180 1394 3254 Ἀγρίππαν,
1460 3181 1521 3248 ιζ’
1577 3177 1693 3240 ἔτος
1752 3177 1974 3253 ἄγοντα,

332 3269 558 3339 θηλείας
610 3269 666 3324 δὲ
710 3271 756 3344 γ’
803 3268 1086 3341 Βερενίκην
1141 3269 1482 3342 Μαριάμμην
1521 3269 1609 3322 καὶ
1651 3267 1975 3342 Δρουσίλαν.

335 3363 424 3414 Ὠν
477 3363 511 3428 ἡ
568 3359 662 3432 μὲν
713 3355 830 3422 ἔτος
878 3357 1079 3432 ἄγουσα
1132 3359 1192 3419 ις’
1233 3355 1450 3432 Ἡρώδῃ
1498 3359 1702 3431 πατρὸς
1757 3354 1978 3432 ἀδελφῷ

1098 3445 1121 3465 Ν

331 3453 658 3528 ἐγεγάμητο,
719 3449 1028 3524 Μαριάμμῃ
1095 3445 1142 3502 δ’
1198 3449 1390 3518 ἠνύετο
1449 3446 1666 3504 δέκατον
1725 3447 1816 3502 καὶ
1874 3444 2145 3520 Δρουσίλᾳ
2192 3443 2345 3501 ἕκτον
2391 3465 2402 3477 ·

2013 3046 2062 3114 C

2081 518 2225 558 num
2249 504 2408 574 turpi
2447 502 2651 558 exsilio
2685 503 2969 560 multatus
3003 504 3174 560 abeat
3199 518 3244 558 ιι.
3285 508 3562 564 Herodias
3591 524 3724 564 vero

2083 589 2273 648 libens
2315 607 2448 646 cum
2481 593 2688 648 marito
2718 593 2776 648 in
2822 593 3093 648 exsilium
3127 595 3305 649 vadit.
3336 597 3726 654 Tetrarchiam

2079 681 2266 752 ipsius
2282 681 2451 736 Caius
2485 683 2750 754 Agrippa
2773 681 2971 737 tradit.
2991 682 3154 739 Hunc
3175 684 3490 756 Agrippam
3509 687 3580 741 ad
3613 687 3728 742 dis-

2081 771 2302 825 crimen
2355 769 2482 838 ﬁlii,
2515 771 2687 825 etiam
2739 788 3014 841 magnum
3049 773 3364 845 Agrippam
3415 779 3642 842 vocant,
3674 781 3730 831 et

2079 857 2402 930 gratiosum
2427 859 2585 914 hunc
2604 859 2898 931 Josephus
2923 861 3002 915 ait
3030 861 3242 917 Judaeis
3265 862 3606 934 imperasse.
3625 865 3727 918 Hic

2077 948 2389 1017 Judaeis,ut
2403 949 2722 1018 videbatur,
2738 955 2972 1021 gratum
3006 951 3245 1020 faciens,
3258 952 3542 1008 Jacohum
3555 953 3730 1009 Joan-
3775 985 3778 990 ι

2081 1038 2171 1093 nis
2217 1039 2452 1092 fratrem
2506 1039 2692 1110 gladio
2744 1040 3053 1109 percussit,
3079 1049 3131 1096 et
3171 1043 3571 1112 apostolorum
3623 1059 3728 1098 ca-

2081 1131 2182 1198 put
2213 1126 2442 1182 Petrum
2476 1127 2676 1193 voluit,
2709 1127 2844 1182 licet
2868 1129 3235 1196 aberraverit,
3260 1129 3521 1186 occidere
3549 1143 3591 1182 ο.
3627 1129 3732 1186 Hic

2079 1232 2144 1271 ex
2196 1221 2435 1287 argento
2467 1221 2790 1273 contextam
2842 1225 3058 1274 vestem
3107 1219 3372 1288 indutus,
3407 1227 3458 1275 et
3501 1219 3730 1292 plebem

2082 1305 2388 1372 allocutus,
2424 1323 2558 1362 cum
2592 1323 2756 1363 voces
2780 1308 2894 1382 (89)
2924 1308 2974 1377 ej
2992 1325 3056 1364 us
3091 1315 3422 1381 (postquam
3463 1315 3732 1366 assenta-

2079 1396 2257 1451 tionis
2289 1398 2530 1452 modum
2559 1397 2918 1464 excessisset,
2951 1406 3003 1453 et
3036 1399 3106 1453 ad
3139 1415 3434 1455 summam
3466 1398 3711 1471 impleta

2080 1492 2194 1539 tem
2227 1483 2603 1555 pervenisset)
2623 1487 2884 1556 audiens,
2911 1503 3024 1543 non
3055 1486 3366 1559 increpans
3398 1487 3588 1544 statim
3621 1505 3733 1558 pm-

2081 1591 2184 1630 nas
2206 1575 2384 1630 dedit.
2421 1575 2644 1645 Ingenti
2678 1576 2830 1631 enim
2866 1577 3016 1632 circa
3047 1581 3305 1633 ventrem
3337 1577 3536 1634 dolore
3571 1584 3730 1646 nato,

2079 1668 2210 1735 post
2253 1663 2518 1736 quinque
2551 1664 2674 1721 dies
2716 1666 3066 1737 absumptus
3107 1678 3192 1723 est
3233 1683 3244 1720 :
3278 1668 3468 1722 aetatis
3507 1683 3728 1722 annum

1789 1749 1972 1828 φωνὰς
2005 1750 2050 1816 Β
2079 1769 2256 1824 agens
2286 1752 2838 1826 quinquagesimum
2864 1759 3155 1824 quartum,
3191 1756 3353 1828 regni
3385 1755 3726 1826 septimum.

2083 1845 2340 1908 Quorum
2377 1848 2628 1914 quatuor
2675 1843 2807 1899 Caio
2851 1845 3412 1916 Romaaimperante,
3447 1845 3726 1918 regnavit,

2078 1931 2267 1987 tribus
2309 1931 2528 1987 caeteris
2571 1931 2822 2004 Philippi
2867 1933 3054 1989 tenuit
3089 1934 3489 2002 tetrarchiam,
3521 1939 3729 2005 quarto

2083 2036 2233 2076 anno
2265 2019 2555 2089 accipiens
2585 2021 2828 2076 Herodis
2859 2022 3256 2078 tetrarchiam.
3291 2022 3569 2096 Reliquos
3609 2029 3730 2079 tres

2081 2109 2192 2164 sub
2206 2107 2686 2180 Claudio,quihus
2710 2109 2991 2178 Judaaam,
3019 2112 3365 2180 Samariam,
3387 2113 3729 2182 Caesaream,

2083 2198 2455 2269 permittente
2501 2202 2747 2268 Cassare,
2796 2201 3072 2268 possedit.
3118 2201 3211 2256 Sic
3258 2201 3403 2258 obiit
3455 2202 3729 2274 Agrippa,

2083 2287 2314 2343 bubone
2337 2287 2480 2357 (avis
2503 2303 2683 2360 genus
2715 2288 2799 2343 sic
2821 2289 2974 2360 apud
3015 2290 3310 2348 Romanos
3342 2293 3528 2348 sua
3559 2309 3735 2350 voca-

2083 2385 2206 2433 tum
2239 2379 2349 2448 est)
2380 2377 2639 2449 quinque
2671 2384 2804 2434 ante
2835 2385 3081 2435 mortem
3114 2379 3319 2436 diebus
3349 2398 3524 2452 super
3549 2381 3734 2452 capite

2085 2467 2540 2538 apparente,qui
2573 2470 2630 2522 et
2659 2483 2903 2538 regnum
2939 2470 3366 2538 praenuntiasse
3399 2477 3561 2540 putat
3582 2473 3734 2526 Josc-

2088 2555 2257 2624 phus.
2291 2556 2534 2612 Moritur
2563 2560 2815 2627 quatuor
2845 2556 3060 2612 relictis
3087 2559 3302 2630 liberis,
3331 2560 3446 2614 tilio
3478 2560 3736 2630 Agrippa

2088 2644 2378 2699 decimum
2393 2643 2704 2714 septimum
2719 2645 2903 2700 aetatis
2917 2663 3134 2700 annum
3151 2651 3355 2720 agente
3373 2665 3387 2715 ;
3405 2648 3587 2703 tribus
3601 2663 3733 2704 vero

2089 2733 2322 2788 filiabus
2351 2732 2645 2799 Berenice,
2680 2733 3021 2803 Mariamne,
3051 2741 3107 2789 et
3139 2736 3391 2792 Drusilla
3433 2755 3444 2791 :
3480 2753 3736 2808 quarum

2088 2821 2190 2877 illa
2220 2827 2380 2877 sexto
2421 2821 2647 2877 decimo
2679 2821 2864 2878 astatis
2901 2840 3051 2878 anno
3083 2825 3292 2879 Herodi
3343 2825 3523 2895 patris
3571 2825 3735 2881 fratri

2093 2911 2315 2981 nupsit.
2347 2910 2666 2968 Mariamne
2687 2911 3004 2980 decimum,
3027 2911 3274 2968 Drusilla
3295 2913 3606 2984 septimum
3633 2931 3734 2970 an-

2092 3018 2234 3058 num
2268 3002 2614 3060 absolverat.
2637 3003 2792 3067 Quas
2823 3003 3128 3059 Sebasteni
3154 3003 3314 3058 nulla
3337 3005 3408 3059 de
3428 3020 3601 3060 causa
3623 3004 3737 3060 nisi

2092 3093 2163 3148 ob
2194 3107 2363 3147 suam
2388 3091 2738 3147 dementiam
2762 3091 3044 3147 violenter
3073 3093 3381 3164 rapientes,
3399 3099 3455 3148 et
3476 3094 3533 3148 in
3556 3099 3736 3164 Lupa-

2088 3179 2330 3235 naribus
2344 3179 2961 3247 collocantes,omnem
2981 3180 3038 3236 in
3062 3180 3485 3250 illasinjuriam
3503 3183 3737 3236 iamiam

2089 3275 2261 3340 atque
2290 3268 2590 3324 infandam
2623 3269 3012 3325 ostenderunt.
3039 3269 3260 3335 Quibus
3293 3271 3557 3327 infensus
3579 3271 3744 3326 Clau-

2087 3358 2242 3425 dius,
2285 3355 2433 3414 nihil
2491 3363 2690 3413 tamen
2741 3357 2985 3430 dignum
3029 3359 3138 3414 hac
3180 3358 3489 3416 insolentia
3530 3359 3739 3416 en‘ecit.

2461 3443 2522 3512 ἃς
2579 3448 2630 3501 οἱ
2675 3442 3008 3518 Σεϐαστηνοῖ
3067 3449 3182 3502 κατ’
3242 3446 3500 3522 οὐδεμίαν
3561 3447 3738 3517 ἄλλην

329 3543 598 3616 πρόφασιν
633 3537 778 3606 πλὴν
821 3543 918 3592 τοῦ
979 3539 1211 3609 μανῆναι
1267 3538 1595 3607 ἁρπάσαντες
1654 3537 1854 3612 ἁθρόον
1893 3537 1982 3590 καὶ
2040 3536 2314 3610 πορνείοις
2375 3534 2885 3610 έγκαταστήσαντες,
2943 3541 3116 3592 πᾶσαν
3175 3535 3385 3598 αὐταῖς·
3423 3534 3577 3610 ὕϐριν
3639 3537 3732 3614 ρηο

333 3631 432 3697 τήν
465 3628 556 3682 καῖ
589 3627 826 3704 ἄρρητον
861 3624 1222 3695 ἐπεδείξαντο.
1255 3628 1354 3688 Οἷς
1387 3625 1710 3700 χαλεπήνας
1741 3622 2008 3685 Κλαύδιος
2039 3622 2192 3698 ὅμως
2221 3623 2372 3680 οὐδὲν
2407 3625 2550 3697 ἄξιον
2579 3627 2678 3700 τῇς
2711 3625 3054 3699 παρανομίας
3092 3627 3462 3701 εἰσεπράξατο.

405 3721 528 3777 ’Ὁτι
570 3717 874 3794 Ἀγρίππας
926 3717 953 3770 ὁ
1001 3721 1098 3771 τοῦ
1156 3716 1464 3790 Ἀγρίππου
1530 3721 1658 3778 παῖς
1711 3713 1983 3786 τελευτή-

338 3829 530 3871 σαντος
562 3806 710 3879 αὖτῷ
739 3810 836 3860 τοῦ
863 3807 1066 3879 πατρὸς
1111 3804 1185 3868 εἷς
1235 3803 1460 3878 Ῥώμην
1511 3805 1746 3878 ἀπαίρει,
1800 3802 1980 3860 Κλαύ-

340 3897 458 3963 διος
490 3895 536 3953 δ’
569 3897 716 3970 αὖτῷ
745 3899 846 3966 τὴν
875 3897 1130 3971 πατρῴαν
1166 3897 1345 3971 ἀρχὴν
1377 3893 1600 3970 ἐγνώκει
1643 3895 1906 3972 χειρίζειν
1939 3896 1979 3960 9,

337 3987 628 4050 ἀνακοπεῖς
684 3983 729 4040 δ’
784 3985 937 4040 ἐνίων
1003 3983 1236 4061 βουλαῖς
1290 3985 1351 4040 τὸ
1409 3984 1525 4039 νέον
1583 3987 1686 4049 τῆς
1759 3981 1982 4052 ἡλικίας

338 4075 613 4151 Ἀγρίππα
672 4074 1092 4148 αἰτιασαμένων,
1164 4071 1346 4129 Φαίδον
1411 4075 1506 4147 μὲν
1553 4071 1845 4146 ἐπίτροπον
1895 4069 1984 4125 έκ-

337 4167 540 4239 πέμπει
603 4171 703 4234 τῆς
775 4162 1061 4234 Ἰουδαίας,
1154 4164 1466 4238 Ἀγρίππαν
1550 4159 1606 4217 δὲ
1690 4159 1983 4229 Χαλκίδος,

335 4251 584 4330 Ἡρώδου
611 4253 1033 4324 τελευτησαντος
1061 4257 1158 4308 τοῦ
1205 4253 1404 4323 ταύτης
1455 4249 1683 4330 ἔχοντος
1735 4253 1833 4320 τὴν
1887 4251 1984 4325 βα-

335 4341 564 4411 σιλείαν,
623 4341 700 4404 εἷς
763 4339 990 4415 βασιλέα
1044 4341 1354 4411 καθίστησι.
1413 4341 1560 4396 Μετὰ
1619 4336 1676 4394 δὲ
1730 4339 1981 4413 τέταρτον

2158 3719 2413 3789 Agrippa
2459 3719 2728 3788 Agrippas
2777 3717 2954 3784 ﬁlius,
3001 3723 3229 3773 mortuo
3285 3725 3443 3788 patre
3497 3721 3736 3774 Romam

2087 3807 2342 3877 navigat.
2367 3805 2643 3861 Claudius
2667 3822 2800 3862 vero
2825 3805 2906 3860 illi
2931 3811 3232 3876 paternum
3257 3807 3568 3876 imperium
3603 3809 3737 3862 dare

2087 3899 2390 3960 statuerat,
2417 3897 2512 3949 serl
2548 3894 3255 3958 retentusqnonnullorum
3301 3895 3606 3950 sententiis
3637 3896 3736 3966 qui

2088 3988 2311 4038 mtatem
2361 3981 2680 4053 juvenilem
2741 3982 3004 4054 Agrippa!
3056 3987 3463 4050 causarentur,
3523 3983 3737 4038 Fadum

2088 4074 2302 4131 Judaeee
2345 4074 2647 4144 praetorem
2685 4071 2881 4136 mittit,
2914 4071 3230 4143 Agrippam
3263 4088 3395 4127 vero
3427 4071 3740 4140 Chalcidis,

2091 4161 2180 4217 cui
2211 4165 2345 4216 ante
2377 4161 2630 4216 Herodes
2663 4163 2930 4216 mortuus
2965 4163 3292 4232 praefuerat,
3337 4177 3526 4232 regem
3562 4167 3740 4216 creat.

2091 4253 2303 4315 Quarto
2338 4253 2470 4320 post
2497 4265 2648 4304 anno
2675 4249 2852 4304 donat
2874 4253 2930 4304 et
2965 4249 3047 4303 illi
3073 4248 3324 4321 Philippi
3347 4248 3744 4318 tetrarchiam,

2093 4346 2148 4395 et
2181 4341 2524 4405 Batanaeam,
2556 4339 2883 4408 adiungens
2910 4341 2966 4393 et
2994 4337 3391 4405 Trachonitin,
3425 4355 3551 4409 qua
3577 4344 3750 4396 antea

337 4431 456 4494 ἔτος
489 4429 742 4506 δωρεῖται
793 4429 950 4485 αὐτὸν
995 4434 1062 4504 τῇ
1107 4451 1164 4486 τε
1205 4427 1489 4484 Φιλίππου
1547 4430 1842 4505 τετραρχίᾳ
1891 4430 1975 4484 καί

2095 4429 2354 4502 Lysaniae
2383 4401 2520 4492 fuit.
2545 4433 2601 4484 et
2631 4401 2972 4483 illa—dando
3005 4428 3222 4484 ademit
3257 4427 3338 4483 illi
3378 4401 3744 4484 Chalcidem.

339 4521 627 4591 Βαταναίᾳ,
687 4519 946 4594 προσθεὶς
1002 4519 1151 4592 αὐτῷ
1243 4519 1332 4572 καὶ
1415 4519 1514 4587 τήν
1597 4523 1982 4592 Τραχωνῖτιν·

339 4607 612 4664 Λυσανίου
644 4605 690 4662 δ’
718 4607 853 4676 αὕτη
886 4607 1188 4682 τετραρχία
1219 4606 1481 4684 ἐγεγόνει.
1517 4606 1621 4664 Καὶ
1648 4611 1819 4662 ταῦτα
1859 4605 1984 4670 δοὺς

339 4699 648 4776 ἀφαιρεῖται
705 4697 806 4766 τὴν
867 4694 1132 4754 Χαλκίδα.
1193 4695 1500 4772 Ἀγρίππας
1561 4693 1618 4751 δέ
1681 4697 1983 4771 Δρουσίλαν

340 4791 441 4858 τήν
498 4785 738 4867 ἀδελφὴν
787 4789 986 4860 Ἀζιζῷ
1034 4791 1112 4859 τῷ
1163 4787 1405 4862 Ἐμέσων
1457 4785 1674 4862 βασιλεῖ
1712 4808 1982 4862 περιτμη-

345 4877 483 4932 θέντι
547 4875 737 4932 δίδωσι
794 4881 1019 4951 γυναῖκα
1079 4895 1092 4908 ·
1155 4877 1458 4950 Ἐπιφανὴς
1513 4875 1616 4952 γὰρ
1675 4877 1983 4952 Ἀντιόχου,

343 4966 522 5022 καίτοι
559 4967 960 5042 ὑποσχόμενος,
1004 4965 1104 5021 οὐκ
1149 4963 1370 5041 ἐδέχετο
1416 4965 1515 5034 τὴν
1561 4967 1885 5040 περιτομήν,
1935 4965 1983 5035 ἐξ

2094 4518 2348 4591 Agrippa
2397 4533 2652 4574 sororem
2701 4515 3021 4572 Drusillam
3077 4517 3235 4574 Azizo
3295 4517 3568 4573 Emestezn
3617 4518 3744 4588 regi

2098 4608 2444 4663 circumciso
2477 4607 2534 4662 in
2563 4621 2801 4662 uxorem
2824 4606 3002 4662 dedit.
3020 4607 3350 4678 Epiphanes
3370 4607 3527 4662 enim
3551 4607 3750 4662 Antio-

2097 4699 2188 4754 chi
2205 4715 2534 4770 quanquam
2554 4695 2846 4769 pollicitus
2861 4695 3360 4752 circumcisionetn
3379 4711 3488 4751 non
3504 4696 3745 4766 accepit.

2097 4789 2236 4844 Inde
2267 4787 2563 4858 sponsalia
2604 4787 2794 4844 soluta
2823 4791 2980 4844 sunt.
3015 4785 3268 4842 Solvitur
3298 4790 3354 4840 et
3397 4783 3647 4840 Drusilla
3676 4784 3746 4839 ab

2095 4877 2284 4947 Azizo,
2318 4881 2374 4933 et
2404 4876 2578 4933 Felici
2606 4877 2819 4933 Judaete
2853 4875 3120 4949 prefecto
3153 4890 3282 4930 cum
3313 4873 3500 4929 multa
3520 4873 3592 4929 ob
3623 4872 3749 4944 pul-

2097 4966 2491 5022 chritudinem
2515 4967 2642 5036 ejus
2663 4963 3190 5031 moliretur,nubit.
3208 4962 3584 5018 Mariamnem
3617 4977 3746 5018 vero

415 5111 442 5138 ιι
472 5097 598 5154 Lib.
633 5115 788 5170 xvm,
830 5099 886 5154 9.
916 5114 941 5142 ο
971 5097 1168 5156 Matth.
1201 5113 1318 5166 xw,
1348 5097 1420 5166 3;
1450 5096 1628 5154 Marc.
1661 5113 1738 5162 v1,
1774 5097 1877 5166 l7;
1911 5096 2052 5152 Luc.
2087 5111 2172 5165 ιιι,
2206 5096 2272 5150 19
2301 5114 2317 5164 ;
2352 5097 2471 5150 Act.
2505 5111 2606 5162 xu,
2634 5109 2758 5165 sqq.

1703 5225 1946 5281 VARIIE
1987 5224 2398 5282 LECTIONES.

407 5341 432 5375 ⁴
466 5337 661 5411 Ἰανὸν]
695 5337 930 5411 Σηϊανὸν
965 5335 1342 5411 Haschel‘ius:
1371 5407 1382 5411 _
1418 5335 1440 5371 ⁸
1473 5327 1732 5411 Ἰᾴκωϐον
1771 5348 1886 5389 om.
1920 5335 1988 5411 (ξι
2059 5335 2080 5368 ⁸
2108 5329 2186 5411 ’ῑρΔ
2209 5365 2277 5374 -—
2309 5329 2490 5411 ἥκειν]
2519 5332 2718 5389 malim
2740 5334 2842 5411 τοῐξ
2870 5361 2934 5411 -—_-
2989 5328 3246 5411 ᾒκοόσαςἒ
3325 5331 3344 5364 ⁷
3400 5325 3581 5411 γὲνρυς
3638 5331 3678 5385 C
3734 5345 3748 5384 τ

335 5409 494 5484 γένος
643 5401 661 5411 ¹
688 5411 710 5446 ³
821 5441 879 5452 —-
913 5405 1334 5486 προσαγγεῖλαι]
1368 5407 1484 5465 imo
1515 5404 1574 5460 ὅν
1603 5438 1671 5448 -
1701 5403 2083 5480 προαγγεῖλαι.
2117 5405 2200 5460 Cf.
2233 5401 2591 5477 Artabazo—10g.
2625 5421 2784 5474 xvm,
2817 5407 2870 5472 6,
2901 5409 2953 5458 '7.
2989 5405 3008 5438 9
3082 5401 3326 5478 χαρίζειν
3366 5401 3450 5474 pr.
3487 5405 3544 5456 Ο.

1938 5521 2172 5580 NOTAE.

417 5637 532 5710 (89)
563 5639 652 5694 Sc.
692 5635 876 5710 plebis
908 5633 1155 5693 dicentis
1185 5631 1286 5692 Dei
1315 5649 1514 5691 vocem
1539 5647 1600 5690 se
1631 5631 1853 5700 audire,
1885 5645 2001 5687 non
2028 5627 2302 5686 hominis.
