4100 6242
408 357 557 418 1191

1601 355 1864 415 ΡΗΟΤΙῙ
1909 355 2003 415 PA
2018 355 2435 416 ΤΡιΙΑΒΟΗλἘ
2480 356 2598 419 GP.

3658 353 3824 419 1192

407 493 507 549 dat
550 492 826 548 Archelao
860 491 977 546 filio
1010 489 1236 557 Helciae,
1269 490 1362 546 cui
1392 495 1448 546 et
1497 491 1693 547 vivens
1727 496 1890 562 pater
1916 506 2042 546 eam

2164 490 2221 542 οὗ
2253 491 2408 560 καὶὴ
2457 498 2558 560 τῆς
2603 490 2913 565 ἐγγυήσεως
2974 490 3221 553 διάλυσις
3269 491 3596 562 ⁴ἠκολούθει.
3650 501 3824 566 Δρου-

406 584 815 649 destinaverat,
849 589 900 634 et
933 596 1001 635 ex
1032 579 1148 635 illis
1193 582 1454 635 nascitur
1482 581 1774 636 Berenice.
1808 579 2046 636 Claudio

405 673 677 726 defuncto
708 670 1019 727 succedens
1050 673 1216 737 Nero,
1251 671 1430 725 donat
1460 670 1726 741 Agrippa:
1758 670 1874 724 fato
1907 687 2048 740 quo-

405 762 537 815 dam
571 759 817 816 Galilteae
849 759 1229 824 Tiberiadem,
1266 764 1321 815 et
1353 761 1729 825 Taricba’am,
1755 760 2051 830 imperans

406 860 468 904 ut
500 849 608 921 ipsi
633 849 909 903 obedirct.
934 850 1106 903 Addit
1127 854 1182 903 et
1210 849 1502 904 Juliadem
1531 850 1730 904 urbem
1752 851 2051 917 Peraeae,et

401 940 600 993 decem
632 939 851 992 circum
876 938 1109 1006 oppida.
1145 937 1247 992 Hic
1277 942 1364 992 est
1394 938 1669 1009 Agrippa,
1695 937 1847 1008 apud
1873 953 2045 1008 quem

401 1029 568 1081 divus
601 1026 1194 1097 Paulus,praesidente
1229 1027 1414 1093 Festo,
1447 1025 1738 1096 perovavit
1768 1039 1811 1081 P.

399 1113 655 1188 δῶρεῖται
714 1114 1012 1187 Ἀγρίππαν
1087 1112 1252 1186 μοίρᾳ
1305 1113 1409 1166 τινὶ
1475 1121 1574 1183 τῆς
1632 1111 1947 1182 Γαλιλαίας,
2006 1108 2295 1187 Τιϐεριάδα
2352 1116 2440 1168 καὶ
2511 1117 2806 1190 Ταριχαίαν

2157 579 2282 634 σίλα
2333 577 2390 634 δὲ
2441 581 2530 634 καὶ
2576 583 2801 650 Ἀζιζοῦ
2849 579 3154 651 διαλύεται,
3205 582 3295 636 καὶ
3355 582 3567 652 Φήλικι
3611 588 3694 654 τῷ
3726 589 3826 651 τῆς

2161 667 2425 731 Ἰουδαίας
2459 669 2760 745 ἐπιτρόπῳ,
2799 670 2986 726 πολλὰ
3017 670 3418 733 σπουδάσαντος
3468 671 3678 726 ἐκείνου
3734 669 3822 725 διὰ

2157 757 2219 810 τὸ
2277 758 2505 825 κάλλος,
2565 765 2840 831 γαμεῖται.
2902 761 3007 815 Καὶ
3065 761 3409 834 Μαριάμμην
3468 758 3525 814 δὲ
3592 757 3822 814 δίδωσιν

2160 845 2445 920 Ἀρχελάῳ
2475 845 2627 902 παιδί
2658 853 2739 920 τῷ
2767 847 3014 918 ¹Ελκιοῦ,
3048 851 3093 922 ᾦ
3125 849 3214 904 καὶ
3251 854 3351 918 ζῶν
3396 852 3423 904 ὁ
3475 850 3657 922 πατὴρ
3709 852 3822 920 ἦρ-

2161 935 2364 1006 μόσατο
2397 956 2409 968 '
2447 939 2573 1010 [977
2605 939 2693 1010 R.]
2734 936 2785 1008 ἐξ
2812 940 2885 992 ὧν
2935 940 3176 993 τίκτεται
3227 938 3480 1012 Βερενίκη
3518 940 3585 994 ¹³.
3637 938 3820 992 Klam-

2159 1023 2276 1078 δίου
2337 1023 2394 1080 δὲ
2447 1025 2873 1096 τελευτήσαντος
2927 1027 3114 1101 Νέρων
3191 1030 3461 1090 καταστὰς
3545 1025 3821 1105 διάδοχος

2890 1116 3149 1179 κελεύσας
3255 1117 3400 1189 αὐτῷ
3487 1117 3812 1187 ὑπακοῦειν,

397 1204 722 1280 προστίθησι
755 1203 810 1259 δὲ
839 1206 927 1258 καὶ
960 1203 1233 1259 Ἰουλιάδα
1264 1203 1426 1258 πόλιν
1451 1207 1550 1269 τῆς
1595 1205 1843 1276 Περαίας,
1888 1205 1972 1257 καί
2035 1204 2225 1276 κώμας
2267 1207 2358 1268 τάς
2427 1208 2549 1280 περὶ
2606 1207 2772 1275 αὐτὴν
2833 1205 2978 1264 δέκά.
3041 1209 3213 1270 Οὗτός
3276 1207 3415 1264 ἐστιν
3477 1209 3824 1283 Ἀγρίππας,

397 1297 477 1371 ἐφ’
506 1299 571 1351 οὗ
605 1298 631 1350 6
659 1299 800 1357 θεῖος
839 1293 1053 1358 Παῦλος
1082 1298 1300 1365 Φήστου
1333 1293 1770 1366 συνεδριάζοντος
1802 1292 2234 1370 ἐδημηγόρησεν.

472 1390 607 1444 Post
642 1389 884 1452 Fadum,
918 1387 1128 1441 .ludzeae
1180 1391 1505 1457 praetorem,
1539 1387 1790 1441 mittitur
1840 1385 2052 1440 Cuma-

371 1526 375 1531 .
402 1497 532 1545 nus,
567 1486 689 1550 post
720 1495 891 1549 quem
915 1477 1156 1532 Romam
1190 1477 1261 1530 ob
1295 1477 1543 1532 crimina
1566 1481 1860 1531 evocatum
1896 1474 2052 1530 Felix

400 1569 692 1635 mittitur;
729 1572 856 1636 post
886 1583 1051 1636 quem
1080 1565 1522 1633 Festus,deinde
1543 1566 2048 1636 Albinus,postre-

403 1675 494 1712 mo
531 1657 750 1712 Florus.
794 1656 976 1725 Cujus
1004 1656 1258 1710 secundo
1290 1671 1441 1710 anno
1476 1660 1713 1726 propter
1744 1653 1891 1709 mala
1925 1671 2049 1723 quae

403 1748 473 1801 ab
517 1746 615 1800 illo
665 1763 847 1817 supra
897 1745 1128 1798 modum
1188 1730 1422 1813 fiebant,
1471 1745 1776 1799 Iudaicum
1833 1743 2048 1798 bellum

2232 1389 2354 1443 ’Ότι
2429 1388 2562 1459 μετά
2615 1385 2792 1442 Φάδον
2850 1387 3141 1461 ἐπίτροπον
3203 1385 3466 1450 Ἰουδαίας
3527 1390 3828 1461 Κουμανὸς

2162 1475 2453 1548 πέμπεται·
2492 1479 2609 1549 μεθ’
2641 1478 2698 1532 ὃν
2741 1479 2816 1539 εἷς
2867 1478 3092 1550 Ῥώμην
3149 1478 3446 1552 ἀναχθέντα
3487 1477 3571 1532 ἐπ’
3615 1479 3831 1540 αἰτίαις

2163 1569 2338 1642 Φῆλιξ
2363 1568 2654 1643 πέμπεται·
2684 1573 2800 1644 μεθ’
2823 1572 2880 1625 ’ὸν
2907 1577 3148 1639 Φῆστος,
3174 1573 3291 1624 εἶτα
3315 1566 3597 1638 Ἀλϐῖνος,
3622 1570 3832 1632 λοιπὸς

2161 1658 2418 1732 Φλῶρος.
2453 1660 2525 1713 Οὔ
2560 1656 2794 1731 δευτέρῳ
2826 1658 2931 1714 ἔτει
2959 1657 3046 1714 διὰ
3077 1661 3178 1728 τήν
3213 1655 3526 1733 ὑπερϐολῆν
3546 1661 3656 1714 τῶν
3691 1661 3832 1732 παρ’

2163 1747 2309 1820 αὐτῷ
2323 1754 2500 1802 κακῶν
2524 1751 2550 1803 ὁ
2580 1750 2715 1823 πρὸς
2732 1749 3040 1820 Ῥωμαίους
3067 1747 3342 1806 Ἰουδαίων
3358 1749 3611 1821 πόλεμος
3633 1749 3828 1824 ἀρχὴν

406 1844 603 1892 contra
652 1836 942 1889 Romanos
1001 1833 1163 1888 duxit
1209 1833 1465 1900 initium,
1500 1833 1843 1888 duodecimo
1893 1849 2045 1887 anno

2164 1835 2394 1912 δέχεται,
2429 1838 2679 1913 Νέρωνος
2705 1833 2820 1899 ἔτος
2852 1835 3155 1893 δωδέκατον
3184 1837 3233 1893 ἐν
3265 1841 3333 1903 τῇ
3366 1838 3512 1912 ἆρ’χῇ
3575 1835 3838 1892 stay-50y-

404 1925 569 1995 impii
628 1924 892 1991 Neronis,
945 1922 1396 1977 3170Ananus
1457 1923 1641 1977 Anani
1705 1921 1860 1976 filius
1912 1937 2053 1992 pon-

405 2014 690 2069 tificatum
753 2013 1019 2081 adeptus,
1055 2027 1162 2081 quo
1214 2013 1473 2081 privatur
1518 2011 1826 2080 Josephus,
1871 2011 2054 2064 audax

407 2103 537 2169 fuit,
573 2109 628 2156 et
675 2118 851 2170 supra
881 2102 1115 2154 modum
1165 2101 1533 2154 temerarius.
1568 2102 1703 2153 Erat
1745 2098 1899 2153 enim
1951 2114 2051 2152 se-

409 2197 512 2245 ctae
561 2190 1038 2256 Sadducaeorum,
1073 2188 1170 2259 qui
1218 2187 1483 2243 crudeles
1514 2193 1654 2242 sunt
1682 2187 1739 2242 in
1785 2187 2049 2256 judiciis,

406 2285 465 2336 et
497 2280 563 2333 ad
613 2294 844 2333 omnem
902 2277 1288 2348 arrogantiam
1339 2277 1702 2332 inclinantes.
1733 2276 1836 2332 Hic
1877 2276 2052 2348 igitur

407 2373 673 2436 Ananus,
711 2368 875 2422 Festo
920 2368 976 2421 in
1009 2368 1210 2422 Judzea
1240 2366 1533 2434 defuncto,
1557 2372 1614 2421 et
1658 2366 1864 2421 Albino
1905 2383 2048 2421 non-

408 2460 542 2514 dum
574 2457 867 2512 obtinente
888 2457 1166 2521 ofﬁcium,
1199 2457 1537 2512 auctoritate
1558 2473 1661 2511 sua
1685 2472 1895 2527 praeses
1919 2456 2048 2521 fuit,

406 2553 459 2601 et
489 2547 765 2602 Jacobum
799 2547 1034 2600 fratrem
1066 2545 1292 2600 Domini
1328 2560 1458 2598 cum
1488 2543 1617 2600 aliis
1651 2545 2049 2600 condemnans

407 2641 472 2690 ut
518 2635 664 2706 legis
712 2634 1022 2689 violatores
1080 2633 1372 2705 lapidibus
1421 2634 1605 2689 occidi
1636 2634 1817 2703 jussit
1851 2650 1864 2688 :
1899 2634 2050 2689 unde

403 2725 738 2780 Judaeorum
773 2721 1062 2777 mitissimi
1090 2723 1396 2795 indignati,
1425 2728 1479 2778 et
1505 2724 1627 2794 ipse
1657 2723 1910 2794 Agrippa
1933 2739 2046 2788 rex,

405 2814 670 2885 ejiciunt,
705 2829 836 2867 cum
880 2812 1072 2866 tribus
1106 2812 1408 2866 mensibus
1440 2813 1807 2882 imperasset,
1841 2818 1896 2866 et
1925 2812 2048 2868 loco

403 2904 562 2959 illius
590 2905 786 2960 Jesum
817 2904 1138 2959 Damneum
1172 2904 1550 2958 collocarunt.

474 3082 700 3137 Mortuo
752 3083 976 3136 Aarone
1029 3083 1202 3137 fratre
1256 3081 1454 3149 Mosis,
1505 3081 1604 3135 filii
1654 3082 1780 3152 ejus
1839 3083 1896 3136 in
1956 3100 2045 3137 sa-

402 3171 726 3226 cerdotium
773 3171 1114 3236 succedunt,
1148 3179 1201 3224 et
1251 3171 1524 3241 deinceps
1567 3187 1764 3226 omnes
1812 3188 1877 3225 ex
1923 3172 2049 3242 ejus

403 3259 602 3330 stirpe.
653 3258 977 3313 Invaluerat
1025 3259 1179 3312 enim
1232 3259 1321 3312 lex
1371 3261 1576 3329 patria,
1604 3277 1672 3315 ne
1714 3261 1842 3330 quis
1876 3261 1986 3314 nisi
2020 3277 2049 3314 e

403 3349 682 3422 sanguine
701 3349 888 3402 Aaron
914 3347 1300 3402 sacerdotium
1329 3353 1565 3419 gereret.
1597 3349 1851 3404 Fuerunt
1871 3349 2051 3420 igitur

402 3439 474 3492 ab
513 3440 740 3492 Aarone
771 3451 958 3506 usque
991 3437 1059 3490 ad
1092 3435 1445 3503 Pbanasum,
1480 3437 1579 3507 qui
1625 3445 1878 3508 tempore
1916 3436 2047 3492 belli

401 3548 432 3586 a
463 3528 962 3585 tumultuantibus
1008 3528 1402 3600 pontificatum
1444 3529 1684 3599 accepit,
1717 3529 1855 3584 anni
1886 3535 2042 3584 octo-

401 3620 561 3691 ginta
610 3624 748 3674 tres.
783 3618 922 3672 inde
978 3635 1010 3670 a
1068 3616 1414 3672 deductione
1462 3633 1491 3671 e
1548 3619 1791 3686 deserto,
1834 3619 1930 3674 ubi
1990 3622 2046 3672 et

402 3706 846 3763 tabernaculum
902 3707 1243 3761 fabricatum
1293 3713 1400 3771 est,
1435 3723 1616 3776 usque
1657 3708 1724 3760 ad
1760 3706 2045 3778 templum

403 3797 552 3868 quod
586 3795 854 3850 Salomon
888 3795 1188 3862 exstruxit,
1208 3796 1483 3850 tredecim
1511 3796 1907 3866 pontificatum
1927 3812 2050 3866 ges—

404 3892 608 3943 serunt
642 3904 653 3954 ;
689 3887 783 3956 qui
817 3887 1030 3959 singuli
1063 3903 1193 3942 eum
1229 3904 1331 3957 per
1359 3892 1536 3943 totam
1568 3887 1743 3941 vitam
1776 3887 2048 3942 obtinue-

398 3983 558 4032 runt.
595 3977 726 4032 Fuit
773 3975 1006 4030 illorum
1053 3976 1373 4031 dominatio
1424 3978 1608 4046 prima
1653 3975 2050 4032 aristocratica

399 4066 517 4122 sive
549 4069 894 4137 Optimatum
925 4082 936 4131 ;
991 4065 1200 4120 deinde
1244 4066 1313 4120 ad
1349 4082 1532 4120 unum
1567 4066 1794 4120 redacta
1832 4072 1939 4130 est,
1975 4066 2045 4119 ad

399 4173 560 4228 reges
591 4155 779 4210 tertio.
803 4154 982 4226 igitur
1013 4155 1082 4207 ab
1105 4154 1261 4208 exitu
1285 4171 1352 4208 ex
1374 4154 1804 4225 Egypto,usque
1822 4158 1890 4208 ad
1911 4153 2047 4207 aedi-

401 4246 728 4300 ﬁcationem
770 4243 972 4312 templi
1019 4242 1547 4314 Hierosolymitani,
1582 4243 1718 4298 anni
1750 4248 1887 4297 sunt
1923 4259 2046 4297 sex-

399 4335 549 4389 centi
582 4339 638 4388 et
668 4333 993 4388 duodecim.
1016 4331 1147 4386 Post
1179 4332 1286 4387 bos
1327 4349 1456 4387 vero
1511 4331 1783 4386 tredecim
1819 4333 2046 4401 pontifi-

401 4441 516 4488 ces,
537 4427 592 4476 et
626 4427 753 4491 post
788 4422 1229 4477 aedificationem
1256 4422 1451 4490 templi
1478 4421 1795 4476 octodecim
1824 4422 2050 4493 pontifi-
2085 4459 2125 4522 Β

400 4516 596 4568 catum
622 4517 929 4580 gesserunt
953 4529 985 4567 a
1004 4511 1313 4566 Salomone
1337 4526 1484 4579 rege,
1502 4511 1558 4563 in
1585 4509 1796 4580 templo
1817 4509 2046 4566 sacrati.

405 4606 590 4658 Donec
639 4601 1177 4658 Nabuchodonosor
1217 4601 1539 4672 Babyloniae
1585 4617 1677 4655 rex
1711 4599 1927 4670 templo
1957 4600 2048 4654 in-

400 4709 567 4748 censo
597 4691 833 4747 Judaeos
867 4691 1124 4762 captivos
1156 4691 1212 4744 in
1235 4689 1610 4758 Babyloniam
1644 4688 1836 4743 avexit
1857 4691 2050 4744 Amica

401 4783 692 4856 pontifice.
739 4781 954 4836 Horum
1013 4786 1247 4852 tempus
1296 4778 1663 4850 pontificatus
1713 4782 1853 4832 sunt
1912 4776 2048 4832 anni

398 4873 644 4930 trecenti
701 4871 1002 4943 sexaginta
1055 4886 1173 4933 sex,
1207 4883 1432 4924 menses
1492 4884 1611 4927 sex,
1663 4868 1856 4922 decem
1901 4867 2047 4922 dies.

401 4964 536 5018 Post
585 4961 972 5032 captivitatem
1019 4975 1148 5013 vero
1195 4956 1562 5029 septuaginta
1613 4955 1830 5026 elapsis
1883 4956 2052 5011 annis

400 5054 604 5124 Cyrus,
640 5052 942 5107 Persarum
992 5065 1108 5116 rex,
1160 5047 1413 5119 captivos
1462 5047 1520 5101 in
1579 5045 1825 5116 patriam
1883 5061 2049 5100 suam

404 5140 562 5194 abire
630 5140 911 5210 permisit.
966 5135 1129 5192 Ilnus
1186 5135 1367 5206 igitur
1413 5152 1443 5190 e
1492 5134 1744 5190 reductis
1809 5133 2054 5204 captivis

404 5227 800 5296 pontificatum
845 5226 1076 5298 accipit,
1111 5229 1166 5282 et
1214 5226 1350 5280 inde
1394 5224 1729 5296 quindecim
1774 5223 1903 5293 ejus
1954 5238 2053 5294 po-

477 5358 501 5398 r
531 5345 654 5399 Act.
686 5362 848 5414 χχιιι,
884 5349 905 5398 1
945 5359 1071 5415 sqq.

2154 1947 2268 1988 τος.
2303 1931 2422 1982 Ὅτι
2451 1932 2674 1989 Ἄνανος
2714 1930 2741 1982 6
2784 1928 3005 1982 Ἀνάνου
3064 1935 3192 1988 παῖς
3239 1930 3337 1996 τὴν
3390 1927 3825 2002 ἀρχιερωσύνην

2163 2012 2522 2090 παραλαϐὼν,
2573 2014 2950 2094 ἀφαιρεθέντος
2998 2018 3164 2085 αὐτὴν
3241 2017 3536 2086 Ἰωσήπου,
3608 2016 3824 2089 θρασὺς

2164 2105 2227 2171 ἦν
2261 2105 2347 2156 καὶ
2378 2103 2667 2176 τολμητὴς
2699 2102 3085 2178 διαφερόντως
3129 2103 3333 2178 αἷίρεσιν
3372 2104 3473 2180 γάρ
3518 2104 3618 2170 τήν
3669 2101 3832 2157 Σαδ-

2166 2189 2432 2246 δουκαίων
2486 2193 2673 2264 μετῄει
2712 2213 2722 2225 ’
2771 2193 2922 2248 οὗτοι
2974 2194 3074 2266 γὰρ
3135 2194 3280 2264 ὠμοί
3322 2213 3379 2248 τε
3416 2194 3538 2263 περὶ
3567 2193 3665 2252 τὰς
3697 2194 3837 2266 κρί-

2168 2302 2276 2342 σεις
2307 2283 2394 2335 καί
2427 2283 2564 2356 πρὸς
2595 2287 2765 2336 πᾶσαν
2797 2280 3077 2337 αὐθάδειαν
3124 2281 3361 2355 ἕτοιμοι.
3414 2282 3584 2343 Οὗτος
3637 2279 3740 2334 οὖν
3802 2285 3831 2336 6

2164 2376 2399 2432 ’Ἄνανος
2455 2373 2676 2439 Φήστου
2734 2371 2827 2442 μὲν
2890 2370 2940 2424 ἐν
3034 2368 3269 2442 Ἰουδαίᾳ
3360 2371 3832 2442 τελευτήσαντος,

2165 2461 2287 2533 [519
2329 2461 2415 2532 [1.]
2473 2455 2728 2516 Ἀλϐίνου
2774 2457 2829 2514 δὲ
2881 2458 3034 2515 οὔπω
3080 2457 3507 2526 καταλαϐόντος,
3555 2459 3834 2531 αὐθεντή-

2167 2569 2262 2610 σας
2293 2549 2497 2617 καθίζει
2530 2546 2828 2623 συνέδριον,
2869 2549 2959 2602 καὶ
2992 2543 3256 2605 Ἰάκωϐον
3299 2551 3388 2603 τὸν
3431 2546 3665 2624 ἀδελφὸν
3716 2555 3833 2603 to?)

2165 2637 2366 2710 Κυρίου
2400 2637 2489 2692 σὺν
2524 2637 2744 2712 ἑτέροις,
2792 2638 3130 2713 παρανομίαν
3172 2638 3571 2712 αἰτιασάμενος,
3637 2638 3836 2702 λίθοις

2162 2727 2512 2802 ἀναιρεθῆναι
2571 2729 2986 2801 παρασκευάζει.
3061 2730 3175 2805 Ἐφ’
3237 2729 3282 2799 ᾧ
3348 2732 3452 2782 τῶν
3524 2724 3828 2782 Ἰουδαίων

2166 2817 2638 2890 ὑπεραλγήσαντες
2671 2819 2721 2870 οἱ
2757 2820 2793 2853 ¹¹
2829 2816 3238 2890 ἐπιεικέστεροι,
3270 2837 3361 2870 και
3394 2817 3552 2876 αὐτὸς
3587 2818 3835 2890 Ἀγρίπ-

2162 2926 2264 2965 πας
2301 2907 2328 2959 6
2359 2905 2634 2978 βασιλεὺς,
2663 2902 3030 2961 ἐκϐάλλουσιν
3063 2905 3294 2978 ἄρξαντα
3331 2907 3463 2978 μηνὶ
3494 2912 3560 2979 γ’,
3597 2909 3829 2972 Ἰησοῦν

2163 2991 2210 3047 δ’
2249 2995 2356 3047 ἀντ’
2396 2993 2560 3047 αὐτοῦ
2591 2994 2681 3048 τὸν
2717 2997 2956 3066 Δάμνεον
2984 2994 3394 3068 ἐγκατέστησαν.

2231 3085 2352 3138 ’Ότι
2416 3083 2622 3157 Ἀαρὼν
2692 3084 3141 3154 τελευτήσαντος,
3202 3085 3476 3145 Μωυσέως
3547 3082 3833 3160 ἀδελφοῦ,

2160 3175 2211 3227 οἱ
2263 3171 2453 3234 παῖδες
2511 3170 2825 3248 ἐκδέχονται
2882 3175 2981 3242 τὴν
3024 3173 3460 3248 ἀρχιερωσύνην,
3522 3174 3637 3228 εἶτα
3689 3173 3834 3243 ἑξῆς

2160 3265 2210 3318 οἱ
2268 3263 2477 3316 τούτων
2534 3261 2768 3335 ἔκγονοι·
2839 3263 3008 3333 νόμος
3065 3263 3168 3336 γὰρ
3230 3260 3440 3334 μηδένα
3497 3262 3531 3328 ἢ
3571 3261 3660 3314 τὸν
3695 3263 3835 3332 ί²ἐξ

2160 3350 2391 3423 α’ίματος
2425 3352 2635 3424 Ἀαρὼν
2681 3353 2780 3419 την
2850 3351 3265 3428 ἀρχιερωσύνην
3316 3347 3657 3425 εἰσδέχεσθαι
3706 3351 3835 3403 πάι

2155 3460 2310 3513 τριος
2362 3438 2593 3513 ἐκράτει.
2651 3440 2932 3513 Ἐγένοντο
2989 3438 3077 3492 οὖν
3129 3440 3234 3494 ἀπὸ
3293 3441 3574 3511 Ἀαρῶνος
3647 3438 3830 3513 μέχρι

2160 3531 2410 3583 Φανάσου
2443 3534 2538 3584 τοῦ
2568 3529 2703 3583 κατὰ
2742 3531 2832 3583 τὸν
2874 3528 3120 3601 πόλεμον
3175 3529 3276 3582 ὑπὸ
3323 3533 3433 3582 τῶν
3482 3533 3833 3583 στασιαστῶν

2160 3614 2572 3691 ἀναδειχθέντος
2620 3618 2921 3696 ἀρχιερέως
2971 3624 3060 3692 πγ¹
3113 3612 3229 3686 ἔτη.
3292 3623 3389 3671 Ἐκ
3444 3616 3657 3672 τούτων
3706 3619 3824 3671 ἀπὸ

2157 3712 2263 3774 τῆς
2294 3703 2345 3759 ἒν
2377 3710 2445 3778 τῇ
2479 3704 2672 3780 ἐρήμῳ
2716 3705 3010 3782 διαγωγῆς,
3045 3706 3096 3760 ἐν
3210 3705 3298 3759 καὶ
3348 3708 3382 3773 ἡ
3446 3707 3627 3775 σκηνὴ
3680 3705 3824 3775 ἐπτε-

2157 3816 2340 3870 γνυτο,
2378 3796 2543 3872 μέχρι
2573 3801 2668 3850 τοῦ
2702 3798 2804 3851 νεὼ
2836 3797 2892 3851 ὃν
2921 3795 3136 3870 ἤγειρεν
3169 3799 3196 3851 ὁ
3227 3794 3484 3868 βασιλεὺς
3510 3794 3821 3867 Σολομὼν,

2159 3885 2581 3961 ἀρχιεράτευσαν
2617 3883 2913 3959 δεκατρεῖς,
2945 3887 3046 3954 τήν
3079 3885 3499 3963 ἀρχιερωσύνην
3551 3882 3644 3939 διὰ
3685 3884 3814 3957 βίου

2157 3974 2518 4047 κατασχόντες
2549 3971 2792 4035 ἕκαστος.
2856 3975 3097 4048 Ἐγένετο
3147 3971 3202 4028 δὲ
3249 3972 3428 4027 αὐτῶν
3484 3974 3818 4047 ἀριστοκρα-

2157 4064 2352 4138 τορικὴ
2411 4065 2502 4134 μὲν
2553 4066 2588 4132 ἡ
2638 4065 2832 4137 πρώτη
2879 4063 3151 4131 πολιτεία,
3212 4064 3324 4116 εἶτα
3359 4066 3666 4142 μοναρχία,
3700 4066 3817 4118 εἶτα

2162 4150 2428 4225 βασιλέων
2479 4153 2514 4220 ἡ
2565 4151 2746 4227 τρίτη.
2785 4153 2917 4206 Ἀπὸ
2965 4156 3090 4226 γοῦν
3141 4158 3242 4219 τῆς
3285 4151 3377 4205 ἀπ’
3411 4152 3699 4226 Αἰγύπτου
3732 4151 3814 4220 ἐξ·

2159 4238 2288 4294 ὁδου
2453 4245 2554 4294 τοῦ
2586 4241 2636 4295 ἐν
2663 4241 3070 4313 Ἱεροσολύμοις
3101 4240 3204 4294 νεὼ
3243 4242 3346 4307 τῆς
3381 4239 3692 4314 οἰκοδομῆς

2159 4329 2361 4404 γίνεται
2417 4329 2486 4402 ιβ’
2527 4329 2615 4382 καὶ
2672 4337 2744 4407 χ’·
2803 4330 2945 4383 Μετά
2991 4326 3050 4383 δὲ
3087 4328 3216 4388 τοὺς
3278 4348 3349 4402 ιγ·
3405 4329 3685 4403 ἀρχιερεῖς
3723 4327 3803 4381 καί

2157 4419 2254 4486 τήν
2310 4415 2611 4490 οἰκοδομὴν
2661 4422 2756 4472 τοῦ
2804 4419 2907 4472 νεὼ
2960 4419 2989 4471 ι’
3038 4417 3126 4470 καὶ
3172 4418 3222 4487 η’
3252 4419 3352 4485 τήν
3394 4416 3811 4490 ἀρχιερωσύνην

2162 4505 2323 4581 ἔσχον
2355 4507 2460 4560 ἀπὸ
2495 4507 2829 4579 Σολομῶνος
2865 4505 3132 4581 βασιλέως
3155 4507 3206 4560 ἐν
3227 4510 3307 4576 τῷ
3336 4510 3449 4577 ναῷ
3475 4504 3809 4576 ἱερούμενοι,

2156 4593 2260 4658 ἕως
2319 4592 2820 4670 Ναϐουχοδονόσορ
2874 4598 2900 4650 6
2961 4591 3333 4652 Βαϐυλωνίων
3398 4592 3650 4667 βασιλεὺς
3708 4594 3805 4645 τὸν

2160 4685 2293 4739 νεὼν
2323 4683 2606 4756 ἐμπρήσας
2647 4682 3045 4762 αἰχμαλώτους
3093 4683 3157 4738 τὸ
3202 4681 3477 4740 Ἰουδαίων
3523 4677 3678 4741 ’ἐθνος
3730 4679 3810 4741 εἰς

2165 4770 2463 4829 Βαϐυλῶνα
2515 4776 2834 4848 μετήνεγκεν
2884 4773 3077 4846 Ἀμαῗε
3127 4773 3171 4809 '3
3227 4773 3285 4826 ἐκ
3330 4776 3427 4827 τοῦ
3483 4770 3810 4845 ἀρχιερέως.

2160 4863 2380 4918 Τούτων
2414 4864 2611 4936 χρόνος
2643 4860 2753 4916 ἐστὶ
2784 4869 2880 4932 τῆς
2911 4861 3329 4936 ἀρχιερωσύνης
3373 4865 3416 4900 ¹⁵
3456 4865 3585 4934 τξξ,
3640 4869 3810 4931 μῆνες

2163 4954 2226 5020 ς’,
2261 4952 2463 5026 ἡμέραι
2496 4954 2545 5006 ι“.
2582 4952 2730 5008 Μετά
2763 4950 2819 5006 δὲ
2853 4953 2952 5019 τὴν
2987 4951 3188 5007 ἁλῶσιν
3225 4952 3355 5006 ἐτῶν
3403 4954 3446 5005 ο’
3480 4948 3808 5005 διελθόντων

2164 5041 2339 5116 Κῦρος
2387 5042 2413 5094 ὁ
2464 5045 2681 5108 Περσῶν
2737 5039 2991 5115 βασιλεὺς
3059 5043 3188 5102 τοὺς
3247 5039 3649 5115 αἰχμαλώτους
3705 5041 3811 5094 ἀπ-

2165 5129 2350 5185 ἑλυσεν
2407 5130 2482 5190 εἷς
2533 5131 2631 5197 τὴν
2669 5127 2809 5184 ἱδίαν
2859 5128 3036 5184 ἐλθεῖν
3084 5128 3336 5204 πατρίδα.
3388 5131 3490 5190 Εἷς

2167 5221 2509 5294 ἀναχθέντων
2553 5218 2930 5293 αἰχμαλώτων
2961 5213 3230 5292 λαμϐάνει
3260 5219 3360 5288 τὴν
3389 5219 3812 5294 ἀρχιερωσύνην

3535 5127 3630 5184 οὖν
3708 5133 3814 5183 τῶν

1762 5431 2004 5487 VARUE
2044 5430 2458 5489 LECTIONES.

478 5539 522 5574 ¹⁰
551 5535 812 5614 sim-32‘-
846 5543 967 5612 Βερ.
1004 5541 1084 5614 ς’.
1166 5543 1204 5577 ιι
1250 5541 1302 5594 οι
1335 5542 1496 5598 libris
1527 5541 1725 5614 deest.
1787 5537 1950 5614 ξετδν

2006 5539 2101 5590 τοῦ
2134 5537 2194 5592 C.

2277 5538 2320 5574 ‘3
2351 5536 2515 5608 ἀμαίε
2545 5534 2603 5591 ἐκ
2633 5539 2728 5608 τοῦ
2759 5537 2800 5594 C
2831 5556 2843 5592 :
2877 5533 3080 5608 Ἀμαίη
3115 5536 3174 5590 ἐκ
3211 5539 3306 5590 τοῦ
3474 5539 3811 5604 Legendum

406 5612 516 5680 ἅμα
555 5606 802 5682 Ἰωσεδέκ
844 5599 969 5682 ~sic
999 5599 1152 5668 e'nim
1193 5615 1503 5680 Josepbus.
1543 5611 1918 5668 Hmschclius.
1955 5599 2281 5668 Ἰωσάδακος
2330 5599 2416 5664 vel
2472 5605 2802 5670 Ἰωσάδωκος
2848 5599 2954 5666 σοι’
2990 5599 3374 5682 Ατοὶιωοιοεῖ
3398 5627 3454 5675 x,
3511 5599 3646 5672 8,λὸ
3674 5616 3730 5664 et
3756 5610 3814 5663 6.

406 5679 450 5720 ”
481 5689 611 5757 post
643 5679 1050 5758 ἀρχιερωσύνης
1082 5685 1295 5741 excidit
1317 5679 1433 5751 ἔτη.
