  <div class='ocr_page' id='page_1' title='image "/cluster/home/n/w/nwhite01/storage/ocr_20150623/103/hvd.32044054112495/616.png"; bbox 0 0 4138 6224; ppageno 0'>
   <div class='ocr_carea' id='block_1_1' title="bbox 251 325 398 386">
    <p class='ocr_par' dir='ltr' id='par_1_1' title="bbox 251 325 398 386">
     <span class='ocr_line' id='line_1_1' title="bbox 251 325 398 386; baseline 0 -1"><span class='ocrx_word' id='word_1_1' title='bbox 251 325 398 386; x_wconf 87' lang='grc'><strong>1193</strong></span> 
     </span>
    </p>
   </div>
   <div class='ocr_carea' id='block_1_2' title="bbox 1293 325 2637 391">
    <p class='ocr_par' dir='ltr' id='par_1_2' title="bbox 1293 325 2637 391">
     <span class='ocr_line' id='line_1_2' title="bbox 1293 325 2637 391; baseline -0.002 -2"><span class='ocrx_word' id='word_1_2' title='bbox 1293 327 1832 391; x_wconf 78' lang='lat' dir='ltr'><strong>BIBLIOTHECA.</strong></span> <span class='ocrx_word' id='word_1_3' title='bbox 1878 360 1954 373; x_wconf 91' lang='lat'><strong><em>—</em></strong></span> <span class='ocrx_word' id='word_1_4' title='bbox 1999 326 2171 388; x_wconf 90' lang='lat' dir='ltr'><strong>COD.</strong></span> <span class='ocrx_word' id='word_1_5' title='bbox 2218 325 2637 387; x_wconf 87' lang='lat' dir='ltr'><strong>CCXXXVlIl.</strong></span> 
     </span>
    </p>
   </div>
   <div class='ocr_carea' id='block_1_3' title="bbox 3497 330 3654 390">
    <p class='ocr_par' dir='ltr' id='par_1_3' title="bbox 3497 330 3654 390">
     <span class='ocr_line' id='line_1_3' title="bbox 3497 330 3654 390; baseline -0.006 0"><span class='ocrx_word' id='word_1_6' title='bbox 3497 330 3654 390; x_wconf 74' lang='grc'><strong>1194</strong></span> 
     </span>
    </p>
   </div>
   <div class='ocr_carea' id='block_1_4' title="bbox 248 454 1910 541">
    <p class='ocr_par' dir='ltr' id='par_1_4' title="bbox 248 454 1894 541">
     <span class='ocr_line' id='line_1_4' title="bbox 248 454 1894 541; baseline 0.002 -31"><span class='ocrx_word' id='word_1_7' title='bbox 248 456 329 511; x_wconf 84' lang='grc' dir='ltr'><strong>καὶ</strong></span> <span class='ocrx_word' id='word_1_8' title='bbox 364 454 563 514; x_wconf 72' lang='grc' dir='ltr'>ἐκεῖθεν</span> <span class='ocrx_word' id='word_1_9' title='bbox 597 460 647 514; x_wconf 72' lang='grc' dir='ltr'>οἱ</span> <span class='ocrx_word' id='word_1_10' title='bbox 686 458 736 531; x_wconf 79' lang='grc' dir='ltr'>ἐξ</span> <span class='ocrx_word' id='word_1_11' title='bbox 768 457 939 514; x_wconf 79' lang='grc' dir='ltr'>αὐτοῦ</span> <span class='ocrx_word' id='word_1_12' title='bbox 985 458 1202 539; x_wconf 80' lang='grc' dir='ltr'>ἔκγονοι</span> <span class='ocrx_word' id='word_1_13' title='bbox 1248 463 1307 517; x_wconf 90' lang='grc' dir='ltr'>ιε’</span> <span class='ocrx_word' id='word_1_14' title='bbox 1358 462 1554 541; x_wconf 77' lang='grc' dir='ltr'>μέχρις</span> <span class='ocrx_word' id='word_1_15' title='bbox 1602 460 1894 535; x_wconf 82' lang='grc' dir='ltr'><strong>Ἀντιόχου</strong></span> 
     </span>
    </p>
   </div>
   <div class='ocr_carea' id='block_1_5' title="bbox 2021 454 3651 541">
    <p class='ocr_par' dir='ltr' id='par_1_5' title="bbox 2021 460 3651 535">
     <span class='ocr_line' id='line_1_5' title="bbox 2021 460 3651 535; baseline 0.002 -19"><span class='ocrx_word' id='word_1_16' title='bbox 2021 461 2355 531; x_wconf 84' lang='lat' dir='ltr'><strong>steriusque</strong></span> <span class='ocrx_word' id='word_1_17' title='bbox 2386 460 2458 516; x_wconf 87' lang='lat' dir='ltr'><strong>ad</strong></span> <span class='ocrx_word' id='word_1_18' title='bbox 2481 460 3176 533; x_wconf 82' lang='lat' dir='ltr'><strong>Antiochum,Eupatoris</strong></span> <span class='ocrx_word' id='word_1_19' title='bbox 3208 461 3651 535; x_wconf 87' lang='lat' dir='ltr'><strong>ﬁlium,populo</strong></span> 
     </span>
    </p>
   </div>
   <div class='ocr_carea' id='block_1_6' title="bbox 248 546 1903 625">
    <p class='ocr_par' dir='ltr' id='par_1_6' title="bbox 248 546 1903 625">
     <span class='ocr_line' id='line_1_6' title="bbox 248 546 1903 625; baseline 0.003 -25"><span class='ocrx_word' id='word_1_20' title='bbox 248 550 341 600; x_wconf 74' lang='grc' dir='ltr'><strong>τοῦ</strong></span> <span class='ocrx_word' id='word_1_21' title='bbox 372 547 718 621; x_wconf 78' lang='grc' dir='ltr'><strong>Εὐπάτορος,</strong></span> <span class='ocrx_word' id='word_1_22' title='bbox 750 546 1035 612; x_wconf 76' lang='grc' dir='ltr'><strong>πολιτείας</strong></span> <span class='ocrx_word' id='word_1_23' title='bbox 1068 546 1232 622; x_wconf 68' lang='grc' dir='ltr'>οὔσης</span> <span class='ocrx_word' id='word_1_24' title='bbox 1266 550 1319 607; x_wconf 81' lang='grc' dir='ltr'>ἐν</span> <span class='ocrx_word' id='word_1_25' title='bbox 1372 553 1561 613; x_wconf 78' lang='grc' dir='ltr'>αὐτοῖς</span> <span class='ocrx_word' id='word_1_26' title='bbox 1615 548 1903 625; x_wconf 87' lang='grc' dir='ltr'>δημοκρα-</span> 
     </span>
    </p>
   </div>
   <div class='ocr_carea' id='block_1_7' title="bbox 249 633 1904 712">
    <p class='ocr_par' dir='ltr' id='par_1_7' title="bbox 249 633 1904 712">
     <span class='ocr_line' id='line_1_7' title="bbox 249 633 1904 712; baseline 0.004 -27"><span class='ocrx_word' id='word_1_27' title='bbox 249 640 493 707; x_wconf 85' lang='grc' dir='ltr'>τορικῆς.</span> <span class='ocrx_word' id='word_1_28' title='bbox 527 635 624 690; x_wconf 77' lang='grc' dir='ltr'><strong>Καὶ</strong></span> <span class='ocrx_word' id='word_1_29' title='bbox 672 635 879 691; x_wconf 85' lang='grc' dir='ltr'>τούτων</span> <span class='ocrx_word' id='word_1_30' title='bbox 934 633 992 692; x_wconf 75' lang='grc' dir='ltr'>δὲ</span> <span class='ocrx_word' id='word_1_31' title='bbox 1038 639 1240 712; x_wconf 84' lang='grc' dir='ltr'>χρόνος</span> <span class='ocrx_word' id='word_1_32' title='bbox 1289 636 1380 710; x_wconf 83' lang='grc' dir='ltr'>ἔτη</span> <span class='ocrx_word' id='word_1_33' title='bbox 1434 637 1551 693; x_wconf 83' lang='grc' dir='ltr'>υιδ’.</span> <span class='ocrx_word' id='word_1_34' title='bbox 1601 642 1823 712; x_wconf 85' lang='grc' dir='ltr'>Πρῶτος</span> <span class='ocrx_word' id='word_1_35' title='bbox 1857 634 1904 691; x_wconf 88' lang='grc' dir='ltr'>δ’</span> 
     </span>
    </p>
   </div>
   <div class='ocr_carea' id='block_1_8' title="bbox 253 721 1905 803">
    <p class='ocr_par' dir='ltr' id='par_1_8' title="bbox 253 721 1905 803">
     <span class='ocr_line' id='line_1_8' title="bbox 253 721 1905 803; baseline 0.002 -28"><span class='ocrx_word' id='word_1_36' title='bbox 253 721 410 785; x_wconf 83' lang='grc' dir='ltr'>οὗτος</span> <span class='ocrx_word' id='word_1_37' title='bbox 472 723 761 798; x_wconf 82' lang='grc' dir='ltr'>Ἀντίοχος</span> <span class='ocrx_word' id='word_1_38' title='bbox 805 725 894 780; x_wconf 88' lang='grc' dir='ltr'><strong>καὶ</strong></span> <span class='ocrx_word' id='word_1_39' title='bbox 928 727 954 780; x_wconf 86' lang='grc' dir='ltr'>ὁ</span> <span class='ocrx_word' id='word_1_40' title='bbox 995 730 1297 803; x_wconf 78' lang='grc' dir='ltr'>στρατηγὸς</span> <span class='ocrx_word' id='word_1_41' title='bbox 1344 730 1513 784; x_wconf 77' lang='grc' dir='ltr'>αὐτοῦ</span> <span class='ocrx_word' id='word_1_42' title='bbox 1570 728 1770 791; x_wconf 90' lang='grc' dir='ltr'>Λυσίας</span> <span class='ocrx_word' id='word_1_43' title='bbox 1813 729 1905 783; x_wconf 87' lang='grc' dir='ltr'>τὸν</span> 
     </span>
    </p>
   </div>
   <div class='ocr_carea' id='block_1_9' title="bbox 253 811 1903 892">
    <p class='ocr_par' dir='ltr' id='par_1_9' title="bbox 253 811 1903 892">
     <span class='ocr_line' id='line_1_9' title="bbox 253 811 1903 892; baseline 0.002 -25"><span class='ocrx_word' id='word_1_44' title='bbox 253 811 447 880; x_wconf 83' lang='grc' dir='ltr'>Ὀνίαν,</span> <span class='ocrx_word' id='word_1_45' title='bbox 480 813 526 884; x_wconf 79' lang='grc' dir='ltr'>ᾧ</span> <span class='ocrx_word' id='word_1_46' title='bbox 571 811 846 876; x_wconf 75' lang='grc' dir='ltr'>Μενέλαος</span> <span class='ocrx_word' id='word_1_47' title='bbox 896 813 1149 886; x_wconf 79' lang='grc' dir='ltr'>ἐπίκλην,</span> <span class='ocrx_word' id='word_1_48' title='bbox 1196 818 1430 871; x_wconf 81' lang='grc' dir='ltr'>παύουσι</span> <span class='ocrx_word' id='word_1_49' title='bbox 1479 823 1580 887; x_wconf 85' lang='grc' dir='ltr'><strong>τῆς</strong></span> <span class='ocrx_word' id='word_1_50' title='bbox 1628 816 1903 892; x_wconf 83' lang='grc' dir='ltr'>ἀρχιερω-</span> 
     </span>
    </p>
   </div>
   <div class='ocr_carea' id='block_1_10' title="bbox 257 902 1904 980">
    <p class='ocr_par' dir='ltr' id='par_1_10' title="bbox 257 902 1904 980">
     <span class='ocr_line' id='line_1_10' title="bbox 257 902 1904 980; baseline 0.001 -21"><span class='ocrx_word' id='word_1_51' title='bbox 257 902 437 972; x_wconf 80' lang='grc' dir='ltr'>σύνης,</span> <span class='ocrx_word' id='word_1_52' title='bbox 471 902 751 966; x_wconf 76' lang='grc' dir='ltr'><strong>ἀνελόντες</strong></span> <span class='ocrx_word' id='word_1_53' title='bbox 782 904 946 960; x_wconf 77' lang='grc' dir='ltr'>αὐτὸν</span> <span class='ocrx_word' id='word_1_54' title='bbox 999 905 1053 960; x_wconf 82' lang='grc' dir='ltr'>ἐν</span> <span class='ocrx_word' id='word_1_55' title='bbox 1101 904 1320 980; x_wconf 79' lang='grc' dir='ltr'>Βεροίᾳ,</span> <span class='ocrx_word' id='word_1_56' title='bbox 1370 908 1462 961; x_wconf 87' lang='grc' dir='ltr'>καὶ</span> <span class='ocrx_word' id='word_1_57' title='bbox 1507 907 1904 961; x_wconf 81' lang='grc' dir='ltr'>ἀντικαθιστῶ-</span> 
     </span>
    </p>
   </div>
   <div class='ocr_carea' id='block_1_11' title="bbox 253 993 1904 1071">
    <p class='ocr_par' dir='ltr' id='par_1_11' title="bbox 253 993 1904 1071">
     <span class='ocr_line' id='line_1_11' title="bbox 253 993 1904 1071; baseline 0.002 -23"><span class='ocrx_word' id='word_1_58' title='bbox 253 1014 330 1048; x_wconf 91' lang='grc' dir='ltr'><strong>σιν</strong></span> <span class='ocrx_word' id='word_1_59' title='bbox 368 993 637 1066; x_wconf 74' lang='grc' dir='ltr'>Ἰάκιμον,</span> <span class='ocrx_word' id='word_1_60' title='bbox 671 994 858 1069; x_wconf 79' lang='grc' dir='ltr'><strong>γένους</strong></span> <span class='ocrx_word' id='word_1_61' title='bbox 894 995 989 1068; x_wconf 76' lang='grc' dir='ltr'>μὲν</span> <span class='ocrx_word' id='word_1_62' title='bbox 1019 998 1118 1050; x_wconf 85' lang='grc' dir='ltr'><strong>τοῦ</strong></span> <span class='ocrx_word' id='word_1_63' title='bbox 1148 996 1448 1071; x_wconf 85' lang='grc' dir='ltr'>Ἀαρῶνος,</span> <span class='ocrx_word' id='word_1_64' title='bbox 1483 996 1544 1051; x_wconf 86' lang='grc' dir='ltr'>οὐ</span> <span class='ocrx_word' id='word_1_65' title='bbox 1583 1004 1685 1067; x_wconf 69' lang='grc' dir='ltr'>τῆς</span> <span class='ocrx_word' id='word_1_66' title='bbox 1733 996 1904 1067; x_wconf 76' lang='grc' dir='ltr'>αὐτῆς</span> 
     </span>
    </p>
   </div>
   <div class='ocr_carea' id='block_1_12' title="bbox 253 1080 1902 1156">
    <p class='ocr_par' dir='ltr' id='par_1_12' title="bbox 253 1080 1902 1156">
     <span class='ocr_line' id='line_1_12' title="bbox 253 1080 1902 1156; baseline 0.002 -18"><span class='ocrx_word' id='word_1_67' title='bbox 253 1080 296 1138; x_wconf 86' lang='grc' dir='ltr'>δ’</span> <span class='ocrx_word' id='word_1_68' title='bbox 325 1082 521 1145; x_wconf 75' lang='grc' dir='ltr'>οἶκίας·</span> <span class='ocrx_word' id='word_1_69' title='bbox 556 1085 684 1156; x_wconf 84' lang='grc'><strong>[980</strong></span> <span class='ocrx_word' id='word_1_70' title='bbox 715 1086 807 1156; x_wconf 64' lang='grc'><strong>3.]</strong></span> <span class='ocrx_word' id='word_1_71' title='bbox 854 1085 951 1139; x_wconf 77' lang='grc' dir='ltr'>Διά</span> <span class='ocrx_word' id='word_1_72' title='bbox 994 1089 1153 1140; x_wconf 78' lang='grc' dir='ltr'>τοῦτο</span> <span class='ocrx_word' id='word_1_73' title='bbox 1201 1086 1292 1140; x_wconf 81' lang='grc' dir='ltr'><strong>καὶ</strong></span> <span class='ocrx_word' id='word_1_74' title='bbox 1341 1086 1587 1148; x_wconf 78' lang='grc' dir='ltr'>Ἀνανίας</span> <span class='ocrx_word' id='word_1_75' title='bbox 1619 1088 1646 1142; x_wconf 88' lang='grc' dir='ltr'><strong>ὁ</strong></span> <span class='ocrx_word' id='word_1_76' title='bbox 1674 1090 1771 1141; x_wconf 75' lang='grc' dir='ltr'><strong>τοῦ</strong></span> <span class='ocrx_word' id='word_1_77' title='bbox 1818 1107 1902 1142; x_wconf 83' lang='grc' dir='ltr'>τε·</span> 
     </span>
    </p>
   </div>
   <div class='ocr_carea' id='block_1_13' title="bbox 253 1169 1899 1255">
    <p class='ocr_par' dir='ltr' id='par_1_13' title="bbox 253 1169 1899 1255">
     <span class='ocr_line' id='line_1_13' title="bbox 253 1169 1899 1255; baseline 0.002 -28"><span class='ocrx_word' id='word_1_78' title='bbox 253 1170 613 1243; x_wconf 78' lang='grc' dir='ltr'>λευτήσαντος</span> <span class='ocrx_word' id='word_1_79' title='bbox 658 1169 854 1228; x_wconf 78' lang='grc' dir='ltr'>Ὀνίου</span> <span class='ocrx_word' id='word_1_80' title='bbox 895 1170 1207 1248; x_wconf 72' lang='grc' dir='ltr'>ἐξάδελφος,</span> <span class='ocrx_word' id='word_1_81' title='bbox 1257 1175 1332 1230; x_wconf 80' lang='grc' dir='ltr'>εἷς</span> <span class='ocrx_word' id='word_1_82' title='bbox 1376 1174 1652 1251; x_wconf 72' lang='grc' dir='ltr'>Αἴγυπτον</span> <span class='ocrx_word' id='word_1_83' title='bbox 1704 1175 1899 1255; x_wconf 64' lang='grc' dir='ltr'>ἀφικό-</span> 
     </span>
    </p>
   </div>
   <div class='ocr_carea' id='block_1_14' title="bbox 258 1257 1901 1340">
    <p class='ocr_par' dir='ltr' id='par_1_14' title="bbox 258 1257 1901 1340">
     <span class='ocr_line' id='line_1_14' title="bbox 258 1257 1901 1340; baseline 0.002 -24"><span class='ocrx_word' id='word_1_84' title='bbox 258 1280 414 1334; x_wconf 82' lang='grc' dir='ltr'>μενος</span> <span class='ocrx_word' id='word_1_85' title='bbox 444 1257 531 1315; x_wconf 75' lang='grc' dir='ltr'><strong>καί</strong></span> <span class='ocrx_word' id='word_1_86' title='bbox 567 1258 901 1334; x_wconf 73' lang='grc' dir='ltr'><strong>Πτολεμαίῳ</strong></span> <span class='ocrx_word' id='word_1_87' title='bbox 930 1265 1008 1333; x_wconf 82' lang='grc' dir='ltr'><strong>τῷ</strong></span> <span class='ocrx_word' id='word_1_88' title='bbox 1039 1262 1390 1339; x_wconf 76' lang='grc' dir='ltr'>Φιλομήτορι</span> <span class='ocrx_word' id='word_1_89' title='bbox 1441 1265 1530 1320; x_wconf 82' lang='grc' dir='ltr'><strong>καὶ</strong></span> <span class='ocrx_word' id='word_1_90' title='bbox 1578 1263 1901 1340; x_wconf 77' lang='grc' dir='ltr'>Κλεοπάτρᾳ</span> 
     </span>
    </p>
   </div>
   <div class='ocr_carea' id='block_1_15' title="bbox 252 1349 1899 1430">
    <p class='ocr_par' dir='ltr' id='par_1_15' title="bbox 252 1349 1899 1430">
     <span class='ocr_line' id='line_1_15' title="bbox 252 1349 1899 1430; baseline 0.002 -23"><span class='ocrx_word' id='word_1_91' title='bbox 252 1357 319 1426; x_wconf 81' lang='grc' dir='ltr'><strong>τῇ</strong></span> <span class='ocrx_word' id='word_1_92' title='bbox 347 1351 561 1426; x_wconf 80' lang='grc' dir='ltr'>γυναικὶ</span> <span class='ocrx_word' id='word_1_93' title='bbox 607 1349 696 1406; x_wconf 71' lang='grc' dir='ltr'><strong>διὰ</strong></span> <span class='ocrx_word' id='word_1_94' title='bbox 745 1350 934 1430; x_wconf 72' lang='grc' dir='ltr'>φιλίας</span> <span class='ocrx_word' id='word_1_95' title='bbox 995 1351 1192 1425; x_wconf 81' lang='grc' dir='ltr'>ἐλθὼν,</span> <span class='ocrx_word' id='word_1_96' title='bbox 1256 1355 1425 1410; x_wconf 80' lang='grc' dir='ltr'>πείθει</span> <span class='ocrx_word' id='word_1_97' title='bbox 1480 1355 1712 1418; x_wconf 83' lang='grc' dir='ltr'>τούτους</span> <span class='ocrx_word' id='word_1_98' title='bbox 1762 1356 1899 1412; x_wconf 84' lang='grc' dir='ltr'>κατὰ</span> 
     </span>
    </p>
   </div>
   <div class='ocr_carea' id='block_1_16' title="bbox 253 1439 1899 1519">
    <p class='ocr_par' dir='ltr' id='par_1_16' title="bbox 253 1439 1899 1519">
     <span class='ocr_line' id='line_1_16' title="bbox 253 1439 1899 1519; baseline 0.002 -24"><span class='ocrx_word' id='word_1_99' title='bbox 253 1441 343 1495; x_wconf 86' lang='grc' dir='ltr'>τὸν</span> <span class='ocrx_word' id='word_1_100' title='bbox 373 1440 802 1512; x_wconf 77' lang='grc' dir='ltr'>Ἡλιουπολίτην</span> <span class='ocrx_word' id='word_1_101' title='bbox 831 1442 999 1514; x_wconf 84' lang='grc' dir='ltr'>νομὸν</span> <span class='ocrx_word' id='word_1_102' title='bbox 1033 1439 1361 1517; x_wconf 76' lang='grc' dir='ltr'>δειμάμενος</span> <span class='ocrx_word' id='word_1_103' title='bbox 1397 1446 1442 1480; x_wconf 79' lang='grc'><strong>¹⁵</strong></span> <span class='ocrx_word' id='word_1_104' title='bbox 1470 1449 1549 1517; x_wconf 75' lang='grc' dir='ltr'><strong>τῷ</strong></span> <span class='ocrx_word' id='word_1_105' title='bbox 1580 1450 1693 1516; x_wconf 83' lang='grc' dir='ltr'><strong>Θεῴ</strong></span> <span class='ocrx_word' id='word_1_106' title='bbox 1724 1465 1899 1519; x_wconf 89' lang='grc' dir='ltr'>παρα-</span> 
     </span>
    </p>
   </div>
   <div class='ocr_carea' id='block_1_17' title="bbox 255 1527 1900 1609">
    <p class='ocr_par' dir='ltr' id='par_1_17' title="bbox 255 1527 1900 1609">
     <span class='ocr_line' id='line_1_17' title="bbox 255 1527 1900 1609; baseline 0.004 -26"><span class='ocrx_word' id='word_1_107' title='bbox 255 1527 487 1600; x_wconf 85' lang='grc' dir='ltr'>πλήσιον</span> <span class='ocrx_word' id='word_1_108' title='bbox 518 1534 616 1585; x_wconf 79' lang='grc' dir='ltr'><strong>τοῦ</strong></span> <span class='ocrx_word' id='word_1_109' title='bbox 657 1528 710 1585; x_wconf 81' lang='grc' dir='ltr'>ἐν</span> <span class='ocrx_word' id='word_1_110' title='bbox 758 1530 1165 1607; x_wconf 82' lang='grc' dir='ltr'>Ἱεροσολύμοις</span> <span class='ocrx_word' id='word_1_111' title='bbox 1213 1534 1374 1589; x_wconf 86' lang='grc' dir='ltr'>αὐτὸν</span> <span class='ocrx_word' id='word_1_112' title='bbox 1424 1534 1684 1609; x_wconf 79' lang='grc' dir='ltr'>ἀρχιερὲα</span> <span class='ocrx_word' id='word_1_113' title='bbox 1730 1556 1900 1591; x_wconf 89' lang='grc' dir='ltr'>κατα-</span> 
     </span>
    </p>
   </div>
   <div class='ocr_carea' id='block_1_18' title="bbox 257 1619 1899 1701">
    <p class='ocr_par' dir='ltr' id='par_1_18' title="bbox 257 1619 1899 1701">
     <span class='ocr_line' id='line_1_18' title="bbox 257 1619 1899 1701; baseline 0.004 -28"><span class='ocrx_word' id='word_1_114' title='bbox 257 1626 469 1688; x_wconf 86' lang='grc' dir='ltr'>στῆσαι.</span> <span class='ocrx_word' id='word_1_115' title='bbox 530 1624 591 1677; x_wconf 90' lang='grc' dir='ltr'>Ὁ</span> <span class='ocrx_word' id='word_1_116' title='bbox 650 1619 830 1691; x_wconf 82' lang='grc' dir='ltr'>μέντοι</span> <span class='ocrx_word' id='word_1_117' title='bbox 899 1621 1140 1696; x_wconf 76' lang='grc' dir='ltr'>Ἰάκιμος</span> <span class='ocrx_word' id='word_1_118' title='bbox 1217 1620 1310 1693; x_wconf 77' lang='grc' dir='ltr'>ἔτη</span> <span class='ocrx_word' id='word_1_119' title='bbox 1370 1631 1418 1700; x_wconf 84' lang='grc' dir='ltr'>γ’</span> <span class='ocrx_word' id='word_1_120' title='bbox 1472 1624 1899 1701; x_wconf 80' lang='grc' dir='ltr'>ἀρχιερατεύσας</span> 
     </span>
    </p>
   </div>
   <div class='ocr_carea' id='block_1_19' title="bbox 252 1706 1897 1785">
    <p class='ocr_par' dir='ltr' id='par_1_19' title="bbox 252 1706 1897 1785">
     <span class='ocr_line' id='line_1_19' title="bbox 252 1706 1897 1785; baseline 0.004 -22"><span class='ocrx_word' id='word_1_121' title='bbox 252 1707 495 1778; x_wconf 78' lang='grc' dir='ltr'>τελευτῷ</span> <span class='ocrx_word' id='word_1_122' title='bbox 531 1710 593 1762; x_wconf 82' lang='grc' dir='ltr'><strong>οὗ</strong></span> <span class='ocrx_word' id='word_1_123' title='bbox 626 1706 887 1785; x_wconf 81' lang='grc' dir='ltr'>διάδοχος</span> <span class='ocrx_word' id='word_1_124' title='bbox 916 1708 1093 1774; x_wconf 75' lang='grc' dir='ltr'>οὐδεὶς</span> <span class='ocrx_word' id='word_1_125' title='bbox 1126 1712 1353 1781; x_wconf 81' lang='grc' dir='ltr'>κατέστη</span> <span class='ocrx_word' id='word_1_126' title='bbox 1395 1711 1483 1767; x_wconf 80' lang='grc' dir='ltr'><strong>ἐπὶ</strong></span> <span class='ocrx_word' id='word_1_127' title='bbox 1535 1709 1703 1768; x_wconf 82' lang='grc' dir='ltr'>ἔτεσιν</span> <span class='ocrx_word' id='word_1_128' title='bbox 1746 1715 1897 1770; x_wconf 76' lang='grc' dir='ltr'>ἒπτά.</span> 
     </span>
    </p>
   </div>
   <div class='ocr_carea' id='block_1_20' title="bbox 258 1795 1898 1878">
    <p class='ocr_par' dir='ltr' id='par_1_20' title="bbox 258 1795 1898 1878">
     <span class='ocr_line' id='line_1_20' title="bbox 258 1795 1898 1878; baseline 0.004 -28"><span class='ocrx_word' id='word_1_129' title='bbox 258 1796 425 1851; x_wconf 76' lang='grc' dir='ltr'>Πάλιν</span> <span class='ocrx_word' id='word_1_130' title='bbox 464 1795 520 1852; x_wconf 77' lang='grc' dir='ltr'>δὲ</span> <span class='ocrx_word' id='word_1_131' title='bbox 565 1799 621 1851; x_wconf 73' lang='grc' dir='ltr'>οἱ</span> <span class='ocrx_word' id='word_1_132' title='bbox 667 1802 773 1853; x_wconf 88' lang='grc' dir='ltr'><strong>τῶν</strong></span> <span class='ocrx_word' id='word_1_133' title='bbox 827 1800 1213 1873; x_wconf 85' lang='grc' dir='ltr'>Ἀσαμωναίου</span> <span class='ocrx_word' id='word_1_134' title='bbox 1268 1800 1476 1857; x_wconf 83' lang='grc' dir='ltr'>παίδων</span> <span class='ocrx_word' id='word_1_135' title='bbox 1530 1799 1738 1878; x_wconf 83' lang='grc' dir='ltr'>ἔκγονοι</span> <span class='ocrx_word' id='word_1_136' title='bbox 1798 1805 1898 1873; x_wconf 72' lang='grc' dir='ltr'>τὴν</span> 
     </span>
    </p>
   </div>
   <div class='ocr_carea' id='block_1_21' title="bbox 256 1884 1900 1959">
    <p class='ocr_par' dir='ltr' id='par_1_21' title="bbox 256 1884 1900 1959">
     <span class='ocr_line' id='line_1_21' title="bbox 256 1884 1900 1959; baseline 0.005 -20"><span class='ocrx_word' id='word_1_137' title='bbox 256 1887 583 1959; x_wconf 82' lang='grc' dir='ltr'>προστασίαν</span> <span class='ocrx_word' id='word_1_138' title='bbox 610 1892 708 1942; x_wconf 78' lang='grc' dir='ltr'><strong>τοῦ</strong></span> <span class='ocrx_word' id='word_1_139' title='bbox 734 1884 920 1952; x_wconf 83' lang='grc' dir='ltr'>ἔθνους</span> <span class='ocrx_word' id='word_1_140' title='bbox 949 1890 1342 1959; x_wconf 69' lang='grc' dir='ltr'>πιστευθέντες,</span> <span class='ocrx_word' id='word_1_141' title='bbox 1373 1890 1462 1946; x_wconf 71' lang='grc' dir='ltr'><strong>καὶ</strong></span> <span class='ocrx_word' id='word_1_142' title='bbox 1493 1890 1764 1947; x_wconf 81' lang='grc' dir='ltr'>Μακεδόσι</span> <span class='ocrx_word' id='word_1_143' title='bbox 1798 1914 1900 1947; x_wconf 85' lang='grc' dir='ltr'>πο-</span> 
     </span>
    </p>
   </div>
   <div class='ocr_carea' id='block_1_22' title="bbox 258 1973 1899 2057">
    <p class='ocr_par' dir='ltr' id='par_1_22' title="bbox 258 1973 1899 2057">
     <span class='ocr_line' id='line_1_22' title="bbox 258 1973 1899 2057; baseline 0.005 -28"><span class='ocrx_word' id='word_1_144' title='bbox 258 1973 610 2047; x_wconf 85' lang='grc' dir='ltr'>λεμήσαντες,</span> <span class='ocrx_word' id='word_1_145' title='bbox 643 1978 900 2048; x_wconf 77' lang='grc' dir='ltr'>Ἰωάννην</span> <span class='ocrx_word' id='word_1_146' title='bbox 933 1978 1194 2054; x_wconf 67' lang='grc' dir='ltr'>ἀρχιερέα</span> <span class='ocrx_word' id='word_1_147' title='bbox 1248 1981 1596 2052; x_wconf 75' lang='grc' dir='ltr'>καθιστῶσιν,</span> <span class='ocrx_word' id='word_1_148' title='bbox 1634 1980 1691 2043; x_wconf 81' lang='grc' dir='ltr'><strong>ὅς</strong></span> <span class='ocrx_word' id='word_1_149' title='bbox 1740 1979 1899 2057; x_wconf 69' lang='grc' dir='ltr'>ἔρξας</span> 
     </span>
    </p>
   </div>
   <div class='ocr_carea' id='block_1_23' title="bbox 258 2063 1907 2148">
    <p class='ocr_par' dir='ltr' id='par_1_23' title="bbox 258 2063 1907 2148">
     <span class='ocr_line' id='line_1_23' title="bbox 258 2063 1907 2148; baseline 0.005 -30"><span class='ocrx_word' id='word_1_150' title='bbox 258 2063 531 2126; x_wconf 78' lang='grc' dir='ltr'>ἐνιαυτοὺς</span> <span class='ocrx_word' id='word_1_151' title='bbox 563 2065 697 2119; x_wconf 78' lang='grc' dir='ltr'>ἒπτά</span> <span class='ocrx_word' id='word_1_152' title='bbox 724 2065 968 2138; x_wconf 82' lang='grc' dir='ltr'>τελευτᾷ.</span> <span class='ocrx_word' id='word_1_153' title='bbox 1001 2068 1290 2148; x_wconf 68' lang='grc' dir='ltr'>Τρύφωνος</span> <span class='ocrx_word' id='word_1_154' title='bbox 1321 2065 1644 2132; x_wconf 74' lang='grc' dir='ltr'>ἐπιϐουλαῖς</span> <span class='ocrx_word' id='word_1_155' title='bbox 1696 2068 1907 2143; x_wconf 82' lang='grc' dir='ltr'>διαμη-</span> 
     </span>
    </p>
   </div>
   <div class='ocr_carea' id='block_1_24' title="bbox 260 2154 1908 2236">
    <p class='ocr_par' dir='ltr' id='par_1_24' title="bbox 260 2154 1908 2236">
     <span class='ocr_line' id='line_1_24' title="bbox 260 2154 1908 2236; baseline 0.006 -29"><span class='ocrx_word' id='word_1_156' title='bbox 260 2154 592 2227; x_wconf 81' lang='grc' dir='ltr'>χανηθιίσης</span> <span class='ocrx_word' id='word_1_157' title='bbox 629 2157 754 2230; x_wconf 81' lang='grc'><strong>[520</strong></span> <span class='ocrx_word' id='word_1_158' title='bbox 794 2158 885 2230; x_wconf 87' lang='grc' dir='ltr'><strong>Η.]</strong></span> <span class='ocrx_word' id='word_1_159' title='bbox 916 2157 1063 2230; x_wconf 80' lang='grc' dir='ltr'>αὐτῷ</span> <span class='ocrx_word' id='word_1_160' title='bbox 1110 2166 1209 2228; x_wconf 81' lang='grc' dir='ltr'><strong>τῆς</strong></span> <span class='ocrx_word' id='word_1_161' title='bbox 1239 2159 1518 2229; x_wconf 71' lang='grc' dir='ltr'>τελευτῆς*</span> <span class='ocrx_word' id='word_1_162' title='bbox 1554 2160 1616 2214; x_wconf 77' lang='grc' dir='ltr'>οὗ</span> <span class='ocrx_word' id='word_1_163' title='bbox 1650 2157 1908 2236; x_wconf 74' lang='grc' dir='ltr'>διάδοχος</span> 
     </span>
    </p>
   </div>
   <div class='ocr_carea' id='block_1_25' title="bbox 262 2243 1907 2324">
    <p class='ocr_par' dir='ltr' id='par_1_25' title="bbox 262 2243 1907 2324">
     <span class='ocr_line' id='line_1_25' title="bbox 262 2243 1907 2324; baseline 0.007 -28"><span class='ocrx_word' id='word_1_164' title='bbox 262 2243 449 2316; x_wconf 90' lang='grc' dir='ltr'>Σίμων</span> <span class='ocrx_word' id='word_1_165' title='bbox 497 2244 814 2300; x_wconf 83' lang='grc' dir='ltr'>καθίσταται</span> <span class='ocrx_word' id='word_1_166' title='bbox 860 2246 888 2300; x_wconf 87' lang='grc' dir='ltr'>ὁ</span> <span class='ocrx_word' id='word_1_167' title='bbox 939 2243 1194 2324; x_wconf 69' lang='grc' dir='ltr'>ἀδελφός.</span> <span class='ocrx_word' id='word_1_168' title='bbox 1257 2248 1356 2304; x_wconf 78' lang='grc' dir='ltr'><strong>Καὶ</strong></span> <span class='ocrx_word' id='word_1_169' title='bbox 1402 2253 1592 2304; x_wconf 79' lang='grc' dir='ltr'>τοῦτον</span> <span class='ocrx_word' id='word_1_170' title='bbox 1653 2248 1709 2306; x_wconf 76' lang='grc' dir='ltr'>δὲ</span> <span class='ocrx_word' id='word_1_171' title='bbox 1757 2249 1907 2324; x_wconf 83' lang='grc' dir='ltr'>δόλῳ</span> 
     </span>
    </p>
   </div>
   <div class='ocr_carea' id='block_1_26' title="bbox 258 2332 1910 2416">
    <p class='ocr_par' dir='ltr' id='par_1_26' title="bbox 258 2332 1910 2416">
     <span class='ocr_line' id='line_1_26' title="bbox 258 2332 1910 2416; baseline 0.006 -30"><span class='ocrx_word' id='word_1_172' title='bbox 258 2332 404 2407; x_wconf 80' lang='grc' dir='ltr'>παρᾶ</span> <span class='ocrx_word' id='word_1_173' title='bbox 455 2333 501 2370; x_wconf 80' lang='grc'>¹⁶</span> <span class='ocrx_word' id='word_1_174' title='bbox 557 2334 619 2388; x_wconf 86' lang='grc' dir='ltr'>τὸ</span> <span class='ocrx_word' id='word_1_175' title='bbox 680 2334 983 2408; x_wconf 80' lang='grc' dir='ltr'>συμπόσιον</span> <span class='ocrx_word' id='word_1_176' title='bbox 1042 2333 1401 2416; x_wconf 70' lang='grc' dir='ltr'>διαφθαρέντα</span> <span class='ocrx_word' id='word_1_177' title='bbox 1457 2339 1560 2394; x_wconf 83' lang='grc' dir='ltr'>ὑπὸ</span> <span class='ocrx_word' id='word_1_178' title='bbox 1616 2345 1712 2395; x_wconf 74' lang='grc' dir='ltr'><strong>τοῦ</strong></span> <span class='ocrx_word' id='word_1_179' title='bbox 1762 2362 1910 2415; x_wconf 83' lang='grc' dir='ltr'>γαμ-</span> 
     </span>
    </p>
   </div>
   <div class='ocr_carea' id='block_1_27' title="bbox 260 2417 1905 2501">
    <p class='ocr_par' dir='ltr' id='par_1_27' title="bbox 260 2417 1905 2501">
     <span class='ocr_line' id='line_1_27' title="bbox 260 2417 1905 2501; baseline 0.006 -25"><span class='ocrx_word' id='word_1_180' title='bbox 260 2417 393 2497; x_wconf 76' lang='grc' dir='ltr'>ϐροῦ</span> <span class='ocrx_word' id='word_1_181' title='bbox 444 2419 758 2498; x_wconf 71' lang='grc' dir='ltr'>διαδέχεται</span> <span class='ocrx_word' id='word_1_182' title='bbox 807 2431 934 2487; x_wconf 79' lang='grc' dir='ltr'>παῖς</span> <span class='ocrx_word' id='word_1_183' title='bbox 988 2426 1234 2499; x_wconf 81' lang='grc' dir='ltr'>Ὑρκανὸς</span> <span class='ocrx_word' id='word_1_184' title='bbox 1291 2423 1480 2501; x_wconf 78' lang='grc' dir='ltr'>ὄνομα·</span> <span class='ocrx_word' id='word_1_185' title='bbox 1533 2430 1590 2490; x_wconf 84' lang='grc' dir='ltr'><strong>’ὀς</strong></span> <span class='ocrx_word' id='word_1_186' title='bbox 1639 2430 1905 2485; x_wconf 81' lang='grc' dir='ltr'>τελευτῶν</span> 
     </span>
    </p>
   </div>
   <div class='ocr_carea' id='block_1_28' title="bbox 261 2509 1908 2590">
    <p class='ocr_par' dir='ltr' id='par_1_28' title="bbox 261 2509 1908 2590">
     <span class='ocr_line' id='line_1_28' title="bbox 261 2509 1908 2590; baseline 0.003 -21"><span class='ocrx_word' id='word_1_187' title='bbox 261 2509 442 2582; x_wconf 84' lang='grc' dir='ltr'>Ἰούδᾳ</span> <span class='ocrx_word' id='word_1_188' title='bbox 472 2516 555 2583; x_wconf 79' lang='grc' dir='ltr'><strong>τῷ</strong></span> <span class='ocrx_word' id='word_1_189' title='bbox 584 2513 675 2567; x_wconf 86' lang='grc' dir='ltr'><strong>καὶ</strong></span> <span class='ocrx_word' id='word_1_190' title='bbox 703 2509 1121 2589; x_wconf 74' lang='grc' dir='ltr'>Ἃριστοϐούλῳ</span> <span class='ocrx_word' id='word_1_191' title='bbox 1151 2515 1404 2588; x_wconf 72' lang='grc' dir='ltr'>κληθέντι</span> <span class='ocrx_word' id='word_1_192' title='bbox 1446 2518 1762 2575; x_wconf 86' lang='grc' dir='ltr'>καταλείπει</span> <span class='ocrx_word' id='word_1_193' title='bbox 1808 2522 1908 2590; x_wconf 72' lang='grc' dir='ltr'>τήν</span> 
     </span>
    </p>
   </div>
   <div class='ocr_carea' id='block_1_29' title="bbox 261 2600 1907 2684">
    <p class='ocr_par' dir='ltr' id='par_1_29' title="bbox 261 2600 1907 2684">
     <span class='ocr_line' id='line_1_29' title="bbox 261 2600 1907 2684; baseline 0.005 -28"><span class='ocrx_word' id='word_1_194' title='bbox 261 2601 471 2678; x_wconf 85' lang='grc' dir='ltr'>ἀρχήν.</span> <span class='ocrx_word' id='word_1_195' title='bbox 511 2600 864 2677; x_wconf 83' lang='grc' dir='ltr'>Κληρονομεῖ</span> <span class='ocrx_word' id='word_1_196' title='bbox 894 2602 951 2659; x_wconf 75' lang='grc' dir='ltr'>δὲ</span> <span class='ocrx_word' id='word_1_197' title='bbox 998 2606 1084 2660; x_wconf 77' lang='grc' dir='ltr'><strong>καὶ</strong></span> <span class='ocrx_word' id='word_1_198' title='bbox 1126 2611 1318 2663; x_wconf 78' lang='grc' dir='ltr'>τοῦτον</span> <span class='ocrx_word' id='word_1_199' title='bbox 1368 2606 1604 2684; x_wconf 70' lang='grc' dir='ltr'>ἀδελφὸς</span> <span class='ocrx_word' id='word_1_200' title='bbox 1652 2608 1907 2681; x_wconf 78' lang='grc' dir='ltr'>Ἀλέξαν-</span> 
     </span>
    </p>
   </div>
   <div class='ocr_carea' id='block_1_30' title="bbox 265 2686 1908 2773">
    <p class='ocr_par' dir='ltr' id='par_1_30' title="bbox 265 2686 1908 2773">
     <span class='ocr_line' id='line_1_30' title="bbox 265 2686 1908 2773; baseline 0.007 -30"><span class='ocrx_word' id='word_1_201' title='bbox 265 2686 416 2763; x_wconf 86' lang='grc' dir='ltr'>δρος,</span> <span class='ocrx_word' id='word_1_202' title='bbox 459 2691 559 2745; x_wconf 75' lang='grc' dir='ltr'>ὑπὸ</span> <span class='ocrx_word' id='word_1_203' title='bbox 607 2691 768 2747; x_wconf 84' lang='grc' dir='ltr'>νόσου</span> <span class='ocrx_word' id='word_1_204' title='bbox 821 2695 917 2765; x_wconf 73' lang='grc' dir='ltr'>μὲν</span> <span class='ocrx_word' id='word_1_205' title='bbox 976 2693 1396 2769; x_wconf 63' lang='grc' dir='ltr'>τελευτήσαντα,</span> <span class='ocrx_word' id='word_1_206' title='bbox 1450 2700 1550 2769; x_wconf 71' lang='grc' dir='ltr'><strong>τὴν</strong></span> <span class='ocrx_word' id='word_1_207' title='bbox 1610 2699 1908 2773; x_wconf 54' lang='grc' dir='ltr'>ἱερωσύνην</span> 
     </span>
    </p>
   </div>
   <div class='ocr_carea' id='block_1_31' title="bbox 266 2776 1912 2864">
    <p class='ocr_par' dir='ltr' id='par_1_31' title="bbox 266 2776 1912 2864">
     <span class='ocr_line' id='line_1_31' title="bbox 266 2776 1912 2864; baseline 0.007 -32"><span class='ocrx_word' id='word_1_208' title='bbox 266 2776 324 2832; x_wconf 70' lang='grc' dir='ltr'>δὲ</span> <span class='ocrx_word' id='word_1_209' title='bbox 353 2780 697 2856; x_wconf 83' lang='grc' dir='ltr'>κατασχόντα</span> <span class='ocrx_word' id='word_1_210' title='bbox 738 2783 872 2854; x_wconf 79' lang='grc' dir='ltr'>μετὰ</span> <span class='ocrx_word' id='word_1_211' title='bbox 900 2789 1001 2852; x_wconf 79' lang='grc' dir='ltr'><strong>τῆς</strong></span> <span class='ocrx_word' id='word_1_212' title='bbox 1050 2784 1330 2858; x_wconf 85' lang='grc' dir='ltr'>βασιλείας</span> <span class='ocrx_word' id='word_1_213' title='bbox 1377 2786 1622 2864; x_wconf 76' lang='grc' dir='ltr'>(καὶγὰρ</span> <span class='ocrx_word' id='word_1_214' title='bbox 1670 2786 1912 2860; x_wconf 82' lang='grc' dir='ltr'>διάδημα</span> 
     </span>
    </p>
   </div>
   <div class='ocr_carea' id='block_1_32' title="bbox 265 2870 1914 2946">
    <p class='ocr_par' dir='ltr' id='par_1_32' title="bbox 265 2870 1914 2946">
     <span class='ocr_line' id='line_1_32' title="bbox 265 2870 1914 2946; baseline 0.004 -20"><span class='ocrx_word' id='word_1_215' title='bbox 265 2871 542 2945; x_wconf 72' lang='grc' dir='ltr'>περιέθετο</span> <span class='ocrx_word' id='word_1_216' title='bbox 586 2874 802 2944; x_wconf 86' lang='grc' dir='ltr'>πρῶτος</span> <span class='ocrx_word' id='word_1_217' title='bbox 852 2870 1081 2946; x_wconf 86' lang='grc' dir='ltr'>Ἰούδας)</span> <span class='ocrx_word' id='word_1_218' title='bbox 1131 2872 1371 2930; x_wconf 74' lang='grc' dir='ltr'>ἐνιαυτὸν</span> <span class='ocrx_word' id='word_1_219' title='bbox 1418 2874 1529 2931; x_wconf 73' lang='grc' dir='ltr'>ἕνα.</span> <span class='ocrx_word' id='word_1_220' title='bbox 1581 2875 1914 2941; x_wconf 86' lang='grc' dir='ltr'>Βασιλεύσας</span> 
     </span>
    </p>
   </div>
   <div class='ocr_carea' id='block_1_33' title="bbox 265 2957 1916 3047">
    <p class='ocr_par' dir='ltr' id='par_1_33' title="bbox 265 2957 1916 3047">
     <span class='ocr_line' id='line_1_33' title="bbox 265 2957 1916 3047; baseline 0.004 -31"><span class='ocrx_word' id='word_1_221' title='bbox 265 2959 310 3016; x_wconf 88' lang='grc' dir='ltr'>δ’</span> <span class='ocrx_word' id='word_1_222' title='bbox 342 2961 371 3016; x_wconf 86' lang='grc' dir='ltr'>ὁ</span> <span class='ocrx_word' id='word_1_223' title='bbox 413 2957 758 3034; x_wconf 72' lang='grc' dir='ltr'>Ἀλέξανδρος</span> <span class='ocrx_word' id='word_1_224' title='bbox 808 2962 896 3016; x_wconf 84' lang='grc' dir='ltr'>καὶ</span> <span class='ocrx_word' id='word_1_225' title='bbox 939 2962 1240 3035; x_wconf 76' lang='grc' dir='ltr'>ἱερατεύσα,</span> <span class='ocrx_word' id='word_1_226' title='bbox 1291 2962 1383 3036; x_wconf 80' lang='grc' dir='ltr'>ἔτη</span> <span class='ocrx_word' id='word_1_227' title='bbox 1437 2971 1515 3034; x_wconf 83' lang='grc' dir='ltr'>κζ’</span> <span class='ocrx_word' id='word_1_228' title='bbox 1560 2969 1916 3047; x_wconf 68' lang='grc' dir='ltr'>καταστρέφει</span> 
     </span>
    </p>
   </div>
   <div class='ocr_carea' id='block_1_34' title="bbox 2012 549 3655 624">
    <p class='ocr_par' dir='ltr' id='par_1_34' title="bbox 2012 549 3655 624">
     <span class='ocr_line' id='line_1_34' title="bbox 2012 549 3655 624; baseline 0.002 -19"><span class='ocrx_word' id='word_1_229' title='bbox 2012 549 2355 620; x_wconf 81' lang='lat' dir='ltr'><strong>imperante,</strong></span> <span class='ocrx_word' id='word_1_230' title='bbox 2415 552 2472 605; x_wconf 94' lang='lat' dir='ltr'><strong>et</strong></span> <span class='ocrx_word' id='word_1_231' title='bbox 2518 549 2730 606; x_wconf 89' lang='lat' dir='ltr'><strong>horum</strong></span> <span class='ocrx_word' id='word_1_232' title='bbox 2771 554 3003 623; x_wconf 87' lang='lat' dir='ltr'><strong>tempus</strong></span> <span class='ocrx_word' id='word_1_233' title='bbox 3059 551 3198 606; x_wconf 89' lang='lat' dir='ltr'><strong>anni</strong></span> <span class='ocrx_word' id='word_1_234' title='bbox 3246 552 3655 624; x_wconf 81' lang='lat' dir='ltr'><strong>quadringenti</strong></span> 
     </span>
    </p>
   </div>
   <div class='ocr_carea' id='block_1_35' title="bbox 2014 639 3659 711">
    <p class='ocr_par' dir='ltr' id='par_1_35' title="bbox 2014 639 3659 711">
     <span class='ocr_line' id='line_1_35' title="bbox 2014 639 3659 711; baseline 0.001 -16"><span class='ocrx_word' id='word_1_235' title='bbox 2014 644 2071 695; x_wconf 90' lang='lat' dir='ltr'><strong>et</strong></span> <span class='ocrx_word' id='word_1_236' title='bbox 2119 639 2586 711; x_wconf 89' lang='lat' dir='ltr'><strong>quatuordecim.</strong></span> <span class='ocrx_word' id='word_1_237' title='bbox 2636 639 2863 696; x_wconf 85' lang='lat' dir='ltr'><strong>Primus</strong></span> <span class='ocrx_word' id='word_1_238' title='bbox 2912 639 3004 698; x_wconf 90' lang='lat' dir='ltr'><strong>his</strong></span> <span class='ocrx_word' id='word_1_239' title='bbox 3046 639 3368 696; x_wconf 79' lang='lat' dir='ltr'><strong>Antiochus</strong></span> <span class='ocrx_word' id='word_1_240' title='bbox 3440 649 3493 696; x_wconf 88' lang='lat' dir='ltr'><strong>et</strong></span> <span class='ocrx_word' id='word_1_241' title='bbox 3542 642 3659 697; x_wconf 85' lang='lat' dir='ltr'><strong>dux</strong></span> 
     </span>
    </p>
   </div>
   <div class='ocr_carea' id='block_1_36' title="bbox 2013 726 3655 801">
    <p class='ocr_par' dir='ltr' id='par_1_36' title="bbox 2013 726 3655 801">
     <span class='ocr_line' id='line_1_36' title="bbox 2013 726 3655 801; baseline 0.001 -18"><span class='ocrx_word' id='word_1_242' title='bbox 2013 730 2139 801; x_wconf 92' lang='lat' dir='ltr'><strong>ejus</strong></span> <span class='ocrx_word' id='word_1_243' title='bbox 2171 728 2396 801; x_wconf 81' lang='lat' dir='ltr'><strong>Lysias,</strong></span> <span class='ocrx_word' id='word_1_244' title='bbox 2429 726 2637 794; x_wconf 90' lang='lat' dir='ltr'><strong>Onian,</strong></span> <span class='ocrx_word' id='word_1_245' title='bbox 2668 727 2965 784; x_wconf 84' lang='lat' dir='ltr'><strong>Menelaus</strong></span> <span class='ocrx_word' id='word_1_246' title='bbox 2997 734 3403 800; x_wconf 88' lang='lat' dir='ltr'><strong>cognomento,</strong></span> <span class='ocrx_word' id='word_1_247' title='bbox 3423 730 3655 800; x_wconf 85' lang='lat' dir='ltr'><strong>pontiﬁ-</strong></span> 
     </span>
    </p>
   </div>
   <div class='ocr_carea' id='block_1_37' title="bbox 2014 817 3657 884">
    <p class='ocr_par' dir='ltr' id='par_1_37' title="bbox 2014 817 3657 884">
     <span class='ocr_line' id='line_1_37' title="bbox 2014 817 3657 884; baseline -0.001 -9"><span class='ocrx_word' id='word_1_248' title='bbox 2014 824 2145 875; x_wconf 88' lang='lat' dir='ltr'><strong>catu</strong></span> <span class='ocrx_word' id='word_1_249' title='bbox 2166 819 2460 884; x_wconf 86' lang='lat' dir='ltr'><strong>abdicant,</strong></span> <span class='ocrx_word' id='word_1_250' title='bbox 2486 817 2900 873; x_wconf 85' lang='lat' dir='ltr'><strong>interﬁcientes</strong></span> <span class='ocrx_word' id='word_1_251' title='bbox 2929 817 3092 873; x_wconf 90' lang='lat' dir='ltr'><strong>illum</strong></span> <span class='ocrx_word' id='word_1_252' title='bbox 3116 818 3177 874; x_wconf 89' lang='lat' dir='ltr'><strong>in</strong></span> <span class='ocrx_word' id='word_1_253' title='bbox 3202 819 3421 884; x_wconf 82' lang='lat' dir='ltr'><strong>Beroea,</strong></span> <span class='ocrx_word' id='word_1_254' title='bbox 3442 826 3496 874; x_wconf 87' lang='lat' dir='ltr'><strong>et</strong></span> <span class='ocrx_word' id='word_1_255' title='bbox 3517 834 3657 875; x_wconf 81' lang='lat' dir='ltr'><strong>con-</strong></span> 
     </span>
    </p>
   </div>
   <div class='ocr_carea' id='block_1_38' title="bbox 2012 906 3656 978">
    <p class='ocr_par' dir='ltr' id='par_1_38' title="bbox 2012 906 3656 978">
     <span class='ocr_line' id='line_1_38' title="bbox 2012 906 3656 978; baseline 0 -15"><span class='ocrx_word' id='word_1_256' title='bbox 2012 912 2099 963; x_wconf 88' lang='lat' dir='ltr'><strong>tra</strong></span> <span class='ocrx_word' id='word_1_257' title='bbox 2128 907 2496 963; x_wconf 87' lang='lat' dir='ltr'><strong>substituunt</strong></span> <span class='ocrx_word' id='word_1_258' title='bbox 2523 906 2836 973; x_wconf 84' lang='lat' dir='ltr'><strong>Jacimum,</strong></span> <span class='ocrx_word' id='word_1_259' title='bbox 2868 923 2897 963; x_wconf 92' lang='lat' dir='ltr'><strong>e</strong></span> <span class='ocrx_word' id='word_1_260' title='bbox 2922 908 3105 978; x_wconf 80' lang='lat' dir='ltr'><strong>stirpe</strong></span> <span class='ocrx_word' id='word_1_261' title='bbox 3134 908 3367 978; x_wconf 90' lang='lat' dir='ltr'><strong>quidem</strong></span> <span class='ocrx_word' id='word_1_262' title='bbox 3390 908 3656 973; x_wconf 84' lang='lat' dir='ltr'><strong>Aaronis,</strong></span> 
     </span>
    </p>
   </div>
   <div class='ocr_carea' id='block_1_39' title="bbox 2012 996 3660 1053">
    <p class='ocr_par' dir='ltr' id='par_1_39' title="bbox 2012 996 3660 1053">
     <span class='ocr_line' id='line_1_39' title="bbox 2012 996 3660 1053; baseline 0 0"><span class='ocrx_word' id='word_1_263' title='bbox 2012 999 2111 1053; x_wconf 89' lang='lat' dir='ltr'><strong>sed</strong></span> <span class='ocrx_word' id='word_1_264' title='bbox 2144 1014 2257 1052; x_wconf 93' lang='lat' dir='ltr'><strong>non</strong></span> <span class='ocrx_word' id='word_1_265' title='bbox 2282 1012 2312 1052; x_wconf 96' lang='lat' dir='ltr'><strong>e</strong></span> <span class='ocrx_word' id='word_1_266' title='bbox 2343 1000 2498 1051; x_wconf 80' lang='lat' dir='ltr'><strong>recta</strong></span> <span class='ocrx_word' id='word_1_267' title='bbox 2530 996 2703 1052; x_wconf 88' lang='lat' dir='ltr'><strong>linea.</strong></span> <span class='ocrx_word' id='word_1_268' title='bbox 2738 996 2868 1052; x_wconf 89' lang='lat' dir='ltr'><strong>Ideo</strong></span> <span class='ocrx_word' id='word_1_269' title='bbox 2901 1004 2954 1050; x_wconf 85' lang='lat' dir='ltr'><strong>et</strong></span> <span class='ocrx_word' id='word_1_270' title='bbox 2976 998 3230 1052; x_wconf 82' lang='lat' dir='ltr'><strong>Ananiae</strong></span> <span class='ocrx_word' id='word_1_271' title='bbox 3256 997 3469 1053; x_wconf 88' lang='lat' dir='ltr'><strong>mortui</strong></span> <span class='ocrx_word' id='word_1_272' title='bbox 3506 998 3660 1053; x_wconf 69' lang='lat' dir='ltr'><strong>Onia:</strong></span> 
     </span>
    </p>
   </div>
   <div class='ocr_carea' id='block_1_40' title="bbox 2020 1085 3659 1159">
    <p class='ocr_par' dir='ltr' id='par_1_40' title="bbox 2020 1085 3659 1159">
     <span class='ocr_line' id='line_1_40' title="bbox 2020 1085 3659 1159; baseline -0.001 -17"><span class='ocrx_word' id='word_1_273' title='bbox 2020 1085 2299 1159; x_wconf 72' lang='lat' dir='ltr'><strong>patruelis</strong></span> <span class='ocrx_word' id='word_1_274' title='bbox 2328 1086 2386 1140; x_wconf 90' lang='lat' dir='ltr'><strong>in</strong></span> <span class='ocrx_word' id='word_1_275' title='bbox 2408 1085 2721 1157; x_wconf 68' lang='lat' dir='ltr'><strong>Egyptum</strong></span> <span class='ocrx_word' id='word_1_276' title='bbox 2756 1087 3068 1157; x_wconf 86' lang='lat' dir='ltr'><strong>profectus,</strong></span> <span class='ocrx_word' id='word_1_277' title='bbox 3103 1087 3160 1141; x_wconf 93' lang='lat' dir='ltr'><strong>in</strong></span> <span class='ocrx_word' id='word_1_278' title='bbox 3187 1085 3478 1143; x_wconf 72' lang='lat' dir='ltr'><strong>Ptolemaei</strong></span> <span class='ocrx_word' id='word_1_279' title='bbox 3521 1087 3659 1141; x_wconf 86' lang='lat' dir='ltr'><strong>Phi-</strong></span> 
     </span>
    </p>
   </div>
   <div class='ocr_carea' id='block_1_41' title="bbox 2010 1173 3661 1246">
    <p class='ocr_par' dir='ltr' id='par_1_41' title="bbox 2010 1173 3661 1246">
     <span class='ocr_line' id='line_1_41' title="bbox 2010 1173 3661 1246; baseline 0 -16"><span class='ocrx_word' id='word_1_280' title='bbox 2010 1174 2312 1231; x_wconf 90' lang='lat' dir='ltr'><strong>lometoris</strong></span> <span class='ocrx_word' id='word_1_281' title='bbox 2342 1179 2400 1229; x_wconf 90' lang='lat' dir='ltr'><strong>et</strong></span> <span class='ocrx_word' id='word_1_282' title='bbox 2428 1173 2738 1246; x_wconf 74' lang='lat' dir='ltr'><strong>Cleopatras</strong></span> <span class='ocrx_word' id='word_1_283' title='bbox 2791 1173 2985 1230; x_wconf 76' lang='lat' dir='ltr'><strong>uxoris</strong></span> <span class='ocrx_word' id='word_1_284' title='bbox 3040 1175 3356 1231; x_wconf 87' lang='lat' dir='ltr'><strong>amicitiam</strong></span> <span class='ocrx_word' id='word_1_285' title='bbox 3399 1176 3661 1245; x_wconf 78' lang='lat' dir='ltr'><strong>veniens,</strong></span> 
     </span>
    </p>
   </div>
   <div class='ocr_carea' id='block_1_42' title="bbox 2010 1263 3660 1339">
    <p class='ocr_par' dir='ltr' id='par_1_42' title="bbox 2010 1263 3660 1339">
     <span class='ocr_line' id='line_1_42' title="bbox 2010 1263 3660 1339; baseline 0.001 -17"><span class='ocrx_word' id='word_1_286' title='bbox 2010 1266 2323 1339; x_wconf 84' lang='lat' dir='ltr'><strong>persuadet</strong></span> <span class='ocrx_word' id='word_1_287' title='bbox 2353 1263 2494 1331; x_wconf 83' lang='lat' dir='ltr'><strong>illis,</strong></span> <span class='ocrx_word' id='word_1_288' title='bbox 2524 1265 2782 1321; x_wconf 90' lang='lat' dir='ltr'><strong>condens</strong></span> <span class='ocrx_word' id='word_1_289' title='bbox 2813 1264 2871 1320; x_wconf 93' lang='lat' dir='ltr'><strong>in</strong></span> <span class='ocrx_word' id='word_1_290' title='bbox 2905 1264 3188 1337; x_wconf 87' lang='lat' dir='ltr'><strong>Heliopoli</strong></span> <span class='ocrx_word' id='word_1_291' title='bbox 3220 1267 3504 1338; x_wconf 85' lang='lat' dir='ltr'><strong>templum</strong></span> <span class='ocrx_word' id='word_1_292' title='bbox 3545 1267 3660 1323; x_wconf 92' lang='lat' dir='ltr'><strong>Deo</strong></span> 
     </span>
    </p>
   </div>
   <div class='ocr_carea' id='block_1_43' title="bbox 2010 1352 3657 1426">
    <p class='ocr_par' dir='ltr' id='par_1_43' title="bbox 2010 1352 3657 1426">
     <span class='ocr_line' id='line_1_43' title="bbox 2010 1352 3657 1426; baseline 0 -14"><span class='ocrx_word' id='word_1_293' title='bbox 2010 1354 2205 1412; x_wconf 89' lang='lat' dir='ltr'><strong>simile</strong></span> <span class='ocrx_word' id='word_1_294' title='bbox 2233 1354 2285 1409; x_wconf 91' lang='lat' dir='ltr'><strong>ei</strong></span> <span class='ocrx_word' id='word_1_295' title='bbox 2307 1354 2456 1425; x_wconf 90' lang='lat' dir='ltr'><strong>quod</strong></span> <span class='ocrx_word' id='word_1_296' title='bbox 2491 1360 2578 1409; x_wconf 88' lang='lat' dir='ltr'><strong>est</strong></span> <span class='ocrx_word' id='word_1_297' title='bbox 2606 1352 2667 1409; x_wconf 91' lang='lat' dir='ltr'><strong>in</strong></span> <span class='ocrx_word' id='word_1_298' title='bbox 2696 1352 3050 1422; x_wconf 83' lang='lat' dir='ltr'><strong>Jerusalem,</strong></span> <span class='ocrx_word' id='word_1_299' title='bbox 3088 1358 3166 1409; x_wconf 28' lang='lat' dir='ltr'><strong>ut.</strong></span> <span class='ocrx_word' id='word_1_300' title='bbox 3200 1370 3263 1409; x_wconf 91' lang='lat' dir='ltr'><strong>se</strong></span> <span class='ocrx_word' id='word_1_301' title='bbox 3320 1355 3657 1426; x_wconf 88' lang='lat' dir='ltr'><strong>pontiﬁcem</strong></span> 
     </span>
    </p>
   </div>
   <div class='ocr_carea' id='block_1_44' title="bbox 2009 1442 3659 1513">
    <p class='ocr_par' dir='ltr' id='par_1_44' title="bbox 2009 1442 3659 1513">
     <span class='ocr_line' id='line_1_44' title="bbox 2009 1442 3659 1513; baseline 0.001 -13"><span class='ocrx_word' id='word_1_302' title='bbox 2009 1447 2294 1501; x_wconf 83' lang='lat' dir='ltr'><strong>crearent.</strong></span> <span class='ocrx_word' id='word_1_303' title='bbox 2342 1442 2603 1513; x_wconf 86' lang='lat' dir='ltr'><strong>Jacimus</strong></span> <span class='ocrx_word' id='word_1_304' title='bbox 2659 1459 2848 1498; x_wconf 90' lang='lat' dir='ltr'><strong>annos</strong></span> <span class='ocrx_word' id='word_1_305' title='bbox 2899 1450 3016 1499; x_wconf 90' lang='lat' dir='ltr'><strong>tres</strong></span> <span class='ocrx_word' id='word_1_306' title='bbox 3073 1444 3464 1500; x_wconf 84' lang='lat' dir='ltr'><strong>sacerdotium</strong></span> <span class='ocrx_word' id='word_1_307' title='bbox 3527 1461 3659 1501; x_wconf 90' lang='lat' dir='ltr'><strong>cum</strong></span> 
     </span>
    </p>
   </div>
   <div class='ocr_carea' id='block_1_45' title="bbox 2009 1532 3662 1604">
    <p class='ocr_par' dir='ltr' id='par_1_45' title="bbox 2009 1532 3662 1604">
     <span class='ocr_line' id='line_1_45' title="bbox 2009 1532 3662 1604; baseline 0 -13"><span class='ocrx_word' id='word_1_308' title='bbox 2009 1535 2255 1592; x_wconf 85' lang='lat' dir='ltr'><strong>rexisset</strong></span> <span class='ocrx_word' id='word_1_309' title='bbox 2286 1533 2571 1591; x_wconf 86' lang='lat' dir='ltr'><strong>moritur:</strong></span> <span class='ocrx_word' id='word_1_310' title='bbox 2605 1533 2701 1589; x_wconf 90' lang='lat' dir='ltr'><strong>cui</strong></span> <span class='ocrx_word' id='word_1_311' title='bbox 2754 1532 2909 1589; x_wconf 89' lang='lat' dir='ltr'><strong>intra</strong></span> <span class='ocrx_word' id='word_1_312' title='bbox 2967 1537 3188 1604; x_wconf 83' lang='lat' dir='ltr'><strong>septem</strong></span> <span class='ocrx_word' id='word_1_313' title='bbox 3249 1551 3435 1590; x_wconf 89' lang='lat' dir='ltr'><strong>annos</strong></span> <span class='ocrx_word' id='word_1_314' title='bbox 3493 1552 3662 1592; x_wconf 90' lang='lat' dir='ltr'><strong>nemo</strong></span> 
     </span>
    </p>
   </div>
   <div class='ocr_carea' id='block_1_46' title="bbox 2010 1621 3663 1693">
    <p class='ocr_par' dir='ltr' id='par_1_46' title="bbox 2010 1621 3663 1693">
     <span class='ocr_line' id='line_1_46' title="bbox 2010 1621 3663 1693; baseline -0.001 -13"><span class='ocrx_word' id='word_1_315' title='bbox 2010 1623 2290 1681; x_wconf 88' lang='lat' dir='ltr'><strong>succedit.</strong></span> <span class='ocrx_word' id='word_1_316' title='bbox 2315 1622 2571 1678; x_wconf 83' lang='lat' dir='ltr'><strong>Rursum</strong></span> <span class='ocrx_word' id='word_1_317' title='bbox 2596 1637 2730 1677; x_wconf 91' lang='lat' dir='ltr'><strong>vero</strong></span> <span class='ocrx_word' id='word_1_318' title='bbox 2772 1622 2988 1693; x_wconf 86' lang='lat' dir='ltr'><strong>posteri</strong></span> <span class='ocrx_word' id='word_1_319' title='bbox 3038 1621 3288 1679; x_wconf 91' lang='lat' dir='ltr'><strong>ﬁliorum</strong></span> <span class='ocrx_word' id='word_1_320' title='bbox 3332 1624 3663 1680; x_wconf 73' lang='lat' dir='ltr'><strong>Asamontei</strong></span> 
     </span>
    </p>
   </div>
   <div class='ocr_carea' id='block_1_47' title="bbox 2014 1708 3664 1784">
    <p class='ocr_par' dir='ltr' id='par_1_47' title="bbox 2014 1708 3664 1784">
     <span class='ocr_line' id='line_1_47' title="bbox 2014 1708 3664 1784; baseline -0.001 -15"><span class='ocrx_word' id='word_1_321' title='bbox 2014 1714 2322 1784; x_wconf 88' lang='lat' dir='ltr'><strong>imperium</strong></span> <span class='ocrx_word' id='word_1_322' title='bbox 2356 1708 2552 1784; x_wconf 92' lang='lat' dir='ltr'><strong>populi</strong></span> <span class='ocrx_word' id='word_1_323' title='bbox 2573 1709 2750 1779; x_wconf 88' lang='lat' dir='ltr'><strong>nacti,</strong></span> <span class='ocrx_word' id='word_1_324' title='bbox 2796 1714 2855 1767; x_wconf 90' lang='lat' dir='ltr'><strong>et</strong></span> <span class='ocrx_word' id='word_1_325' title='bbox 2907 1727 3040 1766; x_wconf 89' lang='lat' dir='ltr'><strong>cum</strong></span> <span class='ocrx_word' id='word_1_326' title='bbox 3090 1710 3510 1769; x_wconf 83' lang='lat' dir='ltr'><strong>Macedonibus</strong></span> <span class='ocrx_word' id='word_1_327' title='bbox 3551 1730 3664 1784; x_wconf 91' lang='lat' dir='ltr'><strong>pu-</strong></span> 
     </span>
    </p>
   </div>
   <div class='ocr_carea' id='block_1_48' title="bbox 2010 1799 3666 1877">
    <p class='ocr_par' dir='ltr' id='par_1_48' title="bbox 2010 1799 3666 1877">
     <span class='ocr_line' id='line_1_48' title="bbox 2010 1799 3666 1877; baseline 0.001 -18"><span class='ocrx_word' id='word_1_328' title='bbox 2010 1811 2255 1877; x_wconf 87' lang='lat' dir='ltr'><strong>gnantes</strong></span> <span class='ocrx_word' id='word_1_329' title='bbox 2282 1800 2569 1856; x_wconf 86' lang='lat' dir='ltr'><strong>Joannem</strong></span> <span class='ocrx_word' id='word_1_330' title='bbox 2601 1799 2929 1872; x_wconf 88' lang='lat' dir='ltr'><strong>pontiﬁcem</strong></span> <span class='ocrx_word' id='word_1_331' title='bbox 2984 1807 3204 1869; x_wconf 87' lang='lat' dir='ltr'><strong>creant,</strong></span> <span class='ocrx_word' id='word_1_332' title='bbox 3261 1819 3357 1872; x_wconf 80' lang='lat' dir='ltr'><strong>qui</strong></span> <span class='ocrx_word' id='word_1_333' title='bbox 3415 1819 3546 1859; x_wconf 91' lang='lat' dir='ltr'><strong>cum</strong></span> <span class='ocrx_word' id='word_1_334' title='bbox 3580 1821 3666 1860; x_wconf 70' lang='grc' dir='ltr'>σε·</span> 
     </span>
    </p>
   </div>
   <div class='ocr_carea' id='block_1_49' title="bbox 2018 1888 3662 1964">
    <p class='ocr_par' dir='ltr' id='par_1_49' title="bbox 2018 1888 3662 1964">
     <span class='ocr_line' id='line_1_49' title="bbox 2018 1888 3662 1964; baseline 0.001 -18"><span class='ocrx_word' id='word_1_335' title='bbox 2018 1897 2174 1964; x_wconf 87' lang='lat' dir='ltr'><strong>ptem</strong></span> <span class='ocrx_word' id='word_1_336' title='bbox 2208 1890 2380 1946; x_wconf 86' lang='lat' dir='ltr'><strong>annis</strong></span> <span class='ocrx_word' id='word_1_337' title='bbox 2411 1888 2737 1960; x_wconf 70' lang='lat' dir='ltr'><strong>praefuisset</strong></span> <span class='ocrx_word' id='word_1_338' title='bbox 2773 1890 3039 1954; x_wconf 88' lang='lat' dir='ltr'><strong>moritur,</strong></span> <span class='ocrx_word' id='word_1_339' title='bbox 3090 1891 3401 1962; x_wconf 78' lang='lat' dir='ltr'><strong>Tryphone</strong></span> <span class='ocrx_word' id='word_1_340' title='bbox 3450 1891 3532 1947; x_wconf 90' lang='lat' dir='ltr'><strong>illi</strong></span> <span class='ocrx_word' id='word_1_341' title='bbox 3564 1909 3662 1947; x_wconf 87' lang='lat' dir='ltr'><strong>ne-</strong></span> 
     </span>
    </p>
   </div>
   <div class='ocr_carea' id='block_1_50' title="bbox 2015 1978 3662 2049">
    <p class='ocr_par' dir='ltr' id='par_1_50' title="bbox 2015 1978 3662 2049">
     <span class='ocr_line' id='line_1_50' title="bbox 2015 1978 3662 2049; baseline -0.001 -12"><span class='ocrx_word' id='word_1_342' title='bbox 2015 1998 2140 2038; x_wconf 90' lang='lat' dir='ltr'><strong>cem</strong></span> <span class='ocrx_word' id='word_1_343' title='bbox 2167 1980 2465 2049; x_wconf 83' lang='lat' dir='ltr'><strong>moliente,</strong></span> <span class='ocrx_word' id='word_1_344' title='bbox 2495 1978 2587 2033; x_wconf 91' lang='lat' dir='ltr'><strong>cui</strong></span> <span class='ocrx_word' id='word_1_345' title='bbox 2620 1978 2880 2035; x_wconf 87' lang='lat' dir='ltr'><strong>succedit</strong></span> <span class='ocrx_word' id='word_1_346' title='bbox 2926 1979 3128 2035; x_wconf 82' lang='lat' dir='ltr'><strong>Simon</strong></span> <span class='ocrx_word' id='word_1_347' title='bbox 3188 1982 3383 2035; x_wconf 81' lang='lat' dir='ltr'><strong>frater.</strong></span> <span class='ocrx_word' id='word_1_348' title='bbox 3447 1984 3662 2037; x_wconf 83' lang='lat' dir='ltr'><strong>Verum</strong></span> 
     </span>
    </p>
   </div>
   <div class='ocr_carea' id='block_1_51' title="bbox 2014 2068 3663 2142">
    <p class='ocr_par' dir='ltr' id='par_1_51' title="bbox 2014 2068 3663 2142">
     <span class='ocr_line' id='line_1_51' title="bbox 2014 2068 3663 2142; baseline -0.001 -14"><span class='ocrx_word' id='word_1_349' title='bbox 2014 2080 2067 2129; x_wconf 89' lang='lat' dir='ltr'><strong>el</strong></span> <span class='ocrx_word' id='word_1_350' title='bbox 2097 2071 2256 2126; x_wconf 87' lang='lat' dir='ltr'><strong>hunc</strong></span> <span class='ocrx_word' id='word_1_351' title='bbox 2286 2069 2418 2125; x_wconf 92' lang='lat' dir='ltr'><strong>dolo</strong></span> <span class='ocrx_word' id='word_1_352' title='bbox 2471 2068 2531 2124; x_wconf 90' lang='lat' dir='ltr'><strong>in</strong></span> <span class='ocrx_word' id='word_1_353' title='bbox 2558 2069 2889 2124; x_wconf 90' lang='lat' dir='ltr'><strong>convivium</strong></span> <span class='ocrx_word' id='word_1_354' title='bbox 2938 2068 3309 2124; x_wconf 81' lang='lat' dir='ltr'><strong>interfectum</strong></span> <span class='ocrx_word' id='word_1_355' title='bbox 3361 2087 3394 2126; x_wconf 87' lang='lat' dir='ltr'><strong>a</strong></span> <span class='ocrx_word' id='word_1_356' title='bbox 3450 2086 3663 2142; x_wconf 88' lang='lat' dir='ltr'><strong>genero</strong></span> 
     </span>
    </p>
   </div>
   <div class='ocr_carea' id='block_1_52' title="bbox 2017 2157 3664 2233">
    <p class='ocr_par' dir='ltr' id='par_1_52' title="bbox 2017 2157 3664 2233">
     <span class='ocr_line' id='line_1_52' title="bbox 2017 2157 3664 2233; baseline -0.002 -16"><span class='ocrx_word' id='word_1_357' title='bbox 2017 2161 2286 2233; x_wconf 88' lang='lat' dir='ltr'><strong>sequitur</strong></span> <span class='ocrx_word' id='word_1_358' title='bbox 2306 2159 2461 2215; x_wconf 89' lang='lat' dir='ltr'><strong>ﬁlius</strong></span> <span class='ocrx_word' id='word_1_359' title='bbox 2485 2158 2721 2214; x_wconf 90' lang='lat' dir='ltr'><strong>nomine</strong></span> <span class='ocrx_word' id='word_1_360' title='bbox 2750 2157 3074 2230; x_wconf 83' lang='lat' dir='ltr'><strong>Hyrcanus.</strong></span> <span class='ocrx_word' id='word_1_361' title='bbox 3092 2158 3194 2213; x_wconf 87' lang='lat' dir='ltr'><strong>Hic</strong></span> <span class='ocrx_word' id='word_1_362' title='bbox 3212 2160 3664 2228; x_wconf 74' lang='lat' dir='ltr'><strong>moriens,Judae</strong></span> 
     </span>
    </p>
   </div>
   <div class='ocr_carea' id='block_1_53' title="bbox 2018 2245 3660 2321">
    <p class='ocr_par' dir='ltr' id='par_1_53' title="bbox 2018 2245 3660 2321">
     <span class='ocr_line' id='line_1_53' title="bbox 2018 2245 3660 2321; baseline -0.002 -16"><span class='ocrx_word' id='word_1_363' title='bbox 2018 2250 2123 2321; x_wconf 88' lang='lat' dir='ltr'><strong>qui</strong></span> <span class='ocrx_word' id='word_1_364' title='bbox 2155 2254 2213 2303; x_wconf 90' lang='lat' dir='ltr'><strong>et</strong></span> <span class='ocrx_word' id='word_1_365' title='bbox 2240 2246 2615 2304; x_wconf 76' lang='lat' dir='ltr'><strong>Aristobulus</strong></span> <span class='ocrx_word' id='word_1_366' title='bbox 2647 2246 3063 2302; x_wconf 70' lang='lat' dir='ltr'><strong>nominabatur</strong></span> <span class='ocrx_word' id='word_1_367' title='bbox 3092 2245 3372 2319; x_wconf 88' lang='lat' dir='ltr'><strong>relinquit</strong></span> <span class='ocrx_word' id='word_1_368' title='bbox 3398 2263 3660 2319; x_wconf 82' lang='lat' dir='ltr'><strong>regnum.</strong></span> 
     </span>
    </p>
   </div>
   <div class='ocr_carea' id='block_1_54' title="bbox 2017 2335 3662 2411">
    <p class='ocr_par' dir='ltr' id='par_1_54' title="bbox 2017 2335 3662 2411">
     <span class='ocr_line' id='line_1_54' title="bbox 2017 2335 3662 2411; baseline -0.002 -17"><span class='ocrx_word' id='word_1_369' title='bbox 2017 2338 2292 2411; x_wconf 87' lang='lat' dir='ltr'><strong>Sequitur</strong></span> <span class='ocrx_word' id='word_1_370' title='bbox 2339 2338 2494 2393; x_wconf 85' lang='lat' dir='ltr'><strong>hunc</strong></span> <span class='ocrx_word' id='word_1_371' title='bbox 2554 2337 2729 2391; x_wconf 78' lang='lat' dir='ltr'><strong>frater</strong></span> <span class='ocrx_word' id='word_1_372' title='bbox 2777 2335 3118 2402; x_wconf 85' lang='lat' dir='ltr'><strong>Alexander,</strong></span> <span class='ocrx_word' id='word_1_373' title='bbox 3175 2337 3370 2391; x_wconf 75' lang='lat' dir='ltr'><strong>morbo</strong></span> <span class='ocrx_word' id='word_1_374' title='bbox 3429 2337 3662 2408; x_wconf 88' lang='lat' dir='ltr'><strong>quidem</strong></span> 
     </span>
    </p>
   </div>
   <div class='ocr_carea' id='block_1_55' title="bbox 2019 2424 3665 2496">
    <p class='ocr_par' dir='ltr' id='par_1_55' title="bbox 2019 2424 3665 2496">
     <span class='ocr_line' id='line_1_55' title="bbox 2019 2424 3665 2496; baseline -0.002 -13"><span class='ocrx_word' id='word_1_375' title='bbox 2019 2429 2397 2494; x_wconf 86' lang='lat' dir='ltr'><strong>exstinctum,</strong></span> <span class='ocrx_word' id='word_1_376' title='bbox 2432 2426 2533 2481; x_wconf 90' lang='lat' dir='ltr'><strong>sed</strong></span> <span class='ocrx_word' id='word_1_377' title='bbox 2568 2424 2954 2480; x_wconf 81' lang='lat' dir='ltr'><strong>sacerdotium</strong></span> <span class='ocrx_word' id='word_1_378' title='bbox 2988 2440 3121 2480; x_wconf 91' lang='lat' dir='ltr'><strong>cum</strong></span> <span class='ocrx_word' id='word_1_379' title='bbox 3165 2440 3341 2496; x_wconf 88' lang='lat' dir='ltr'><strong>regno</strong></span> <span class='ocrx_word' id='word_1_380' title='bbox 3398 2424 3665 2493; x_wconf 84' lang='lat' dir='ltr'><strong>obtinen-</strong></span> 
     </span>
    </p>
   </div>
   <div class='ocr_carea' id='block_1_56' title="bbox 2019 2511 3666 2585">
    <p class='ocr_par' dir='ltr' id='par_1_56' title="bbox 2019 2511 3666 2585">
     <span class='ocr_line' id='line_1_56' title="bbox 2019 2511 3666 2585; baseline -0.002 -15"><span class='ocrx_word' id='word_1_381' title='bbox 2019 2520 2159 2585; x_wconf 87' lang='lat' dir='ltr'><strong>tem,</strong></span> <span class='ocrx_word' id='word_1_382' title='bbox 2187 2530 2321 2569; x_wconf 82' lang='lat' dir='ltr'><strong>nam</strong></span> <span class='ocrx_word' id='word_1_383' title='bbox 2357 2520 2412 2568; x_wconf 89' lang='lat' dir='ltr'><strong>et</strong></span> <span class='ocrx_word' id='word_1_384' title='bbox 2440 2513 2711 2569; x_wconf 88' lang='lat' dir='ltr'><strong>diadema</strong></span> <span class='ocrx_word' id='word_1_385' title='bbox 2760 2511 2965 2567; x_wconf 91' lang='lat' dir='ltr'><strong>habuit</strong></span> <span class='ocrx_word' id='word_1_386' title='bbox 3025 2512 3253 2581; x_wconf 89' lang='lat' dir='ltr'><strong>primus</strong></span> <span class='ocrx_word' id='word_1_387' title='bbox 3311 2512 3491 2568; x_wconf 85' lang='lat' dir='ltr'><strong>Judas</strong></span> <span class='ocrx_word' id='word_1_388' title='bbox 3552 2529 3666 2567; x_wconf 88' lang='lat' dir='ltr'><strong>uno</strong></span> 
     </span>
    </p>
   </div>
   <div class='ocr_carea' id='block_1_57' title="bbox 2022 2600 3666 2675">
    <p class='ocr_par' dir='ltr' id='par_1_57' title="bbox 2022 2600 3666 2675">
     <span class='ocr_line' id='line_1_57' title="bbox 2022 2600 3666 2675; baseline -0.001 -15"><span class='ocrx_word' id='word_1_389' title='bbox 2022 2620 2194 2660; x_wconf 88' lang='lat' dir='ltr'><strong>anno.</strong></span> <span class='ocrx_word' id='word_1_390' title='bbox 2242 2607 2517 2675; x_wconf 82' lang='lat' dir='ltr'><strong>Regnans</strong></span> <span class='ocrx_word' id='word_1_391' title='bbox 2570 2617 2704 2656; x_wconf 89' lang='lat' dir='ltr'><strong>vero</strong></span> <span class='ocrx_word' id='word_1_392' title='bbox 2754 2600 3076 2658; x_wconf 84' lang='lat' dir='ltr'><strong>Alexander</strong></span> <span class='ocrx_word' id='word_1_393' title='bbox 3143 2605 3200 2657; x_wconf 90' lang='lat' dir='ltr'><strong>et</strong></span> <span class='ocrx_word' id='word_1_394' title='bbox 3261 2600 3666 2658; x_wconf 87' lang='lat' dir='ltr'><strong>Pontiﬁcatum</strong></span> 
     </span>
    </p>
   </div>
   <div class='ocr_carea' id='block_1_58' title="bbox 2022 2688 3670 2767">
    <p class='ocr_par' dir='ltr' id='par_1_58' title="bbox 2022 2688 3670 2767">
     <span class='ocr_line' id='line_1_58' title="bbox 2022 2688 3670 2767; baseline -0.003 -17"><span class='ocrx_word' id='word_1_395' title='bbox 2022 2709 2253 2767; x_wconf 85' lang='lat' dir='ltr'><strong>gerens,</strong></span> <span class='ocrx_word' id='word_1_396' title='bbox 2286 2707 2473 2747; x_wconf 92' lang='lat' dir='ltr'><strong>annos</strong></span> <span class='ocrx_word' id='word_1_397' title='bbox 2506 2691 2574 2745; x_wconf 85' lang='lat'><strong>27</strong></span> <span class='ocrx_word' id='word_1_398' title='bbox 2596 2690 2773 2745; x_wconf 89' lang='lat' dir='ltr'><strong>vitam</strong></span> <span class='ocrx_word' id='word_1_399' title='bbox 2804 2688 2957 2758; x_wconf 86' lang='lat' dir='ltr'><strong>ﬁnit,</strong></span> <span class='ocrx_word' id='word_1_400' title='bbox 2978 2690 3317 2745; x_wconf 71' lang='lat' dir='ltr'><strong>Alexandrea</strong></span> <span class='ocrx_word' id='word_1_401' title='bbox 3353 2689 3514 2745; x_wconf 84' lang='lat' dir='ltr'><strong>uxori</strong></span> <span class='ocrx_word' id='word_1_402' title='bbox 3546 2706 3670 2763; x_wconf 86' lang='lat' dir='ltr'><strong>per-</strong></span> 
     </span>
    </p>
   </div>
   <div class='ocr_carea' id='block_1_59' title="bbox 2024 2778 3664 2850">
    <p class='ocr_par' dir='ltr' id='par_1_59' title="bbox 2024 2778 3664 2850">
     <span class='ocr_line' id='line_1_59' title="bbox 2024 2778 3664 2850; baseline -0.004 -12"><span class='ocrx_word' id='word_1_403' title='bbox 2024 2782 2265 2838; x_wconf 86' lang='lat' dir='ltr'><strong>mittens</strong></span> <span class='ocrx_word' id='word_1_404' title='bbox 2316 2780 2673 2836; x_wconf 88' lang='lat' dir='ltr'><strong>constituere</strong></span> <span class='ocrx_word' id='word_1_405' title='bbox 2729 2779 3136 2849; x_wconf 89' lang='lat' dir='ltr'><strong>pontiﬁcatum</strong></span> <span class='ocrx_word' id='word_1_406' title='bbox 3209 2783 3526 2850; x_wconf 84' lang='lat' dir='ltr'><strong>gerentem.</strong></span> <span class='ocrx_word' id='word_1_407' title='bbox 3579 2778 3664 2836; x_wconf 91' lang='lat' dir='ltr'><strong>Ibi</strong></span> 
     </span>
    </p>
   </div>
   <div class='ocr_carea' id='block_1_60' title="bbox 2022 2868 3664 2944">
    <p class='ocr_par' dir='ltr' id='par_1_60' title="bbox 2022 2868 3664 2944">
     <span class='ocr_line' id='line_1_60' title="bbox 2022 2868 3664 2944; baseline -0.004 -15"><span class='ocrx_word' id='word_1_408' title='bbox 2022 2871 2125 2929; x_wconf 93' lang='lat' dir='ltr'><strong>illa</strong></span> <span class='ocrx_word' id='word_1_409' title='bbox 2156 2870 2563 2944; x_wconf 89' lang='lat' dir='ltr'><strong>pontiﬁcatum</strong></span> <span class='ocrx_word' id='word_1_410' title='bbox 2592 2868 2843 2924; x_wconf 86' lang='lat' dir='ltr'><strong>Hircano</strong></span> <span class='ocrx_word' id='word_1_411' title='bbox 2894 2868 2994 2923; x_wconf 86' lang='lat' dir='ltr'><strong>dat</strong></span> <span class='ocrx_word' id='word_1_412' title='bbox 3048 2868 3166 2923; x_wconf 85' lang='lat' dir='ltr'><strong>ﬁlio</strong></span> <span class='ocrx_word' id='word_1_413' title='bbox 3225 2872 3359 2924; x_wconf 89' lang='lat' dir='ltr'><strong>natu</strong></span> <span class='ocrx_word' id='word_1_414' title='bbox 3421 2868 3664 2940; x_wconf 81' lang='lat' dir='ltr'><strong>majori;</strong></span> 
     </span>
    </p>
   </div>
   <div class='ocr_carea' id='block_1_61' title="bbox 2022 2958 3662 3034">
    <p class='ocr_par' dir='ltr' id='par_1_61' title="bbox 2022 2958 3662 3034">
     <span class='ocr_line' id='line_1_61' title="bbox 2022 2958 3662 3034; baseline -0.002 -16"><span class='ocrx_word' id='word_1_415' title='bbox 2022 2962 2154 3034; x_wconf 88' lang='lat' dir='ltr'><strong>ipsa</strong></span> <span class='ocrx_word' id='word_1_416' title='bbox 2185 2975 2431 3033; x_wconf 86' lang='lat' dir='ltr'><strong>regnum</strong></span> <span class='ocrx_word' id='word_1_417' title='bbox 2467 2974 2671 3015; x_wconf 87' lang='lat' dir='ltr'><strong>novem</strong></span> <span class='ocrx_word' id='word_1_418' title='bbox 2703 2974 2891 3013; x_wconf 88' lang='lat' dir='ltr'><strong>annos</strong></span> <span class='ocrx_word' id='word_1_419' title='bbox 2920 2974 3054 3014; x_wconf 91' lang='lat' dir='ltr'><strong>cum</strong></span> <span class='ocrx_word' id='word_1_420' title='bbox 3098 2958 3481 3028; x_wconf 83' lang='lat' dir='ltr'><strong>gubernasset</strong></span> <span class='ocrx_word' id='word_1_421' title='bbox 3537 2974 3662 3014; x_wconf 88' lang='lat' dir='ltr'><strong>mo-</strong></span> 
     </span>
    </p>
   </div>
   <div class='ocr_carea' id='block_1_62' title="bbox 261 3046 1910 3147">
    <p class='ocr_par' dir='ltr' id='par_1_62' title="bbox 261 3046 1910 3128">
     <span class='ocr_line' id='line_1_62' title="bbox 261 3046 1910 3128; baseline 0.005 -25"><span class='ocrx_word' id='word_1_422' title='bbox 261 3050 355 3104; x_wconf 86' lang='grc' dir='ltr'>τὸν</span> <span class='ocrx_word' id='word_1_423' title='bbox 392 3048 531 3125; x_wconf 88' lang='grc' dir='ltr'>βίον,</span> <span class='ocrx_word' id='word_1_424' title='bbox 565 3046 890 3127; x_wconf 67' lang='grc' dir='ltr'>Ἀλεξάνδρᾳ</span> <span class='ocrx_word' id='word_1_425' title='bbox 922 3049 1025 3125; x_wconf 74' lang='grc' dir='ltr'><strong>[δὲ]</strong></span> <span class='ocrx_word' id='word_1_426' title='bbox 1054 3057 1124 3126; x_wconf 83' lang='grc' dir='ltr'><strong>τῇ</strong></span> <span class='ocrx_word' id='word_1_427' title='bbox 1178 3053 1398 3128; x_wconf 84' lang='grc' dir='ltr'>γυναικί</span> <span class='ocrx_word' id='word_1_428' title='bbox 1445 3063 1775 3126; x_wconf 77' lang='grc' dir='ltr'>καταστῆσαι</span> <span class='ocrx_word' id='word_1_429' title='bbox 1819 3046 1910 3114; x_wconf 82' lang='grc' dir='ltr'>τὸν</span> 
     </span>
    </p>
   </div>
   <div class='ocr_carea' id='block_1_63' title="bbox 2021 3046 3663 3147">
    <p class='ocr_par' dir='ltr' id='par_1_63' title="bbox 2025 3046 3663 3120">
     <span class='ocr_line' id='line_1_63' title="bbox 2025 3046 3663 3120; baseline -0.002 -13"><span class='ocrx_word' id='word_1_430' title='bbox 2025 3051 2177 3107; x_wconf 91' lang='lat' dir='ltr'><strong>ritur</strong></span> <span class='ocrx_word' id='word_1_431' title='bbox 2209 3067 2223 3108; x_wconf 90' lang='lat'><strong>:</strong></span> <span class='ocrx_word' id='word_1_432' title='bbox 2250 3048 2495 3105; x_wconf 82' lang='lat' dir='ltr'><strong>totidem</strong></span> <span class='ocrx_word' id='word_1_433' title='bbox 2529 3048 2700 3103; x_wconf 87' lang='lat' dir='ltr'><strong>annis</strong></span> <span class='ocrx_word' id='word_1_434' title='bbox 2733 3047 3123 3102; x_wconf 85' lang='lat' dir='ltr'><strong>sacerdotium</strong></span> <span class='ocrx_word' id='word_1_435' title='bbox 3159 3046 3309 3118; x_wconf 88' lang='lat' dir='ltr'><strong>gerit</strong></span> <span class='ocrx_word' id='word_1_436' title='bbox 3338 3046 3663 3120; x_wconf 88' lang='lat' dir='ltr'><strong>Hyrcanus.</strong></span> 
     </span>
    </p>
   </div>
   <div class='ocr_carea' id='block_1_64' title="bbox 263 3141 1913 3223">
    <p class='ocr_par' dir='ltr' id='par_1_64' title="bbox 263 3141 1913 3223">
     <span class='ocr_line' id='line_1_64' title="bbox 263 3141 1913 3223; baseline 0.005 -28"><span class='ocrx_word' id='word_1_437' title='bbox 263 3141 818 3215; x_wconf 80' lang='grc' dir='ltr'>ἀρχιερατευσόμενον</span> <span class='ocrx_word' id='word_1_438' title='bbox 851 3141 1163 3217; x_wconf 69' lang='grc' dir='ltr'>ἐπιτρέψας.</span> <span class='ocrx_word' id='word_1_439' title='bbox 1195 3149 1254 3200; x_wconf 77' lang='grc' dir='ltr'><strong>Ἠ</strong></span> <span class='ocrx_word' id='word_1_440' title='bbox 1292 3145 1335 3182; x_wconf 75' lang='grc'>⁸⁷</span> <span class='ocrx_word' id='word_1_441' title='bbox 1366 3143 1423 3200; x_wconf 76' lang='grc' dir='ltr'>δὲ</span> <span class='ocrx_word' id='word_1_442' title='bbox 1452 3146 1552 3214; x_wconf 72' lang='grc' dir='ltr'>τήν</span> <span class='ocrx_word' id='word_1_443' title='bbox 1586 3148 1679 3219; x_wconf 72' lang='grc' dir='ltr'>μὲν</span> <span class='ocrx_word' id='word_1_444' title='bbox 1727 3148 1913 3223; x_wconf 82' lang='grc' dir='ltr'>ἀρχιε-</span> 
     </span>
    </p>
   </div>
   <div class='ocr_carea' id='block_1_65' title="bbox 266 3228 1909 3312">
    <p class='ocr_par' dir='ltr' id='par_1_65' title="bbox 266 3228 1909 3312">
     <span class='ocr_line' id='line_1_65' title="bbox 266 3228 1909 3312; baseline 0.006 -30"><span class='ocrx_word' id='word_1_445' title='bbox 266 3230 511 3303; x_wconf 81' lang='grc' dir='ltr'>ρωσύνην</span> <span class='ocrx_word' id='word_1_446' title='bbox 565 3234 805 3305; x_wconf 77' lang='grc' dir='ltr'>Ὑρκανῷ</span> <span class='ocrx_word' id='word_1_447' title='bbox 854 3228 1045 3287; x_wconf 88' lang='grc' dir='ltr'>δίδωσι</span> <span class='ocrx_word' id='word_1_448' title='bbox 1094 3236 1202 3287; x_wconf 87' lang='grc' dir='ltr'><strong>τῶν</strong></span> <span class='ocrx_word' id='word_1_449' title='bbox 1252 3234 1382 3288; x_wconf 72' lang='grc' dir='ltr'>υἱῶν</span> <span class='ocrx_word' id='word_1_450' title='bbox 1421 3239 1499 3308; x_wconf 81' lang='grc' dir='ltr'>τῷ</span> <span class='ocrx_word' id='word_1_451' title='bbox 1541 3232 1909 3312; x_wconf 74' lang='grc' dir='ltr'>πρεσϐυτέρῳ,</span> 
     </span>
    </p>
   </div>
   <div class='ocr_carea' id='block_1_66' title="bbox 263 3316 1909 3400">
    <p class='ocr_par' dir='ltr' id='par_1_66' title="bbox 263 3316 1909 3400">
     <span class='ocr_line' id='line_1_66' title="bbox 263 3316 1909 3400; baseline 0.005 -26"><span class='ocrx_word' id='word_1_452' title='bbox 263 3320 402 3390; x_wconf 76' lang='grc' dir='ltr'>αὐτὴ</span> <span class='ocrx_word' id='word_1_453' title='bbox 432 3316 489 3374; x_wconf 75' lang='grc' dir='ltr'>δὲ</span> <span class='ocrx_word' id='word_1_454' title='bbox 518 3321 617 3390; x_wconf 79' lang='grc' dir='ltr'>τήν</span> <span class='ocrx_word' id='word_1_455' title='bbox 646 3320 694 3355; x_wconf 81' lang='grc'><strong>¹⁸</strong></span> <span class='ocrx_word' id='word_1_456' title='bbox 726 3320 1007 3395; x_wconf 86' lang='grc' dir='ltr'>βασιλείαν</span> <span class='ocrx_word' id='word_1_457' title='bbox 1059 3318 1149 3393; x_wconf 84' lang='grc' dir='ltr'>ἔτη</span> <span class='ocrx_word' id='word_1_458' title='bbox 1191 3324 1233 3377; x_wconf 87' lang='grc' dir='ltr'>θ’</span> <span class='ocrx_word' id='word_1_459' title='bbox 1264 3329 1614 3400; x_wconf 79' lang='grc' dir='ltr'>κατασχοῦσα</span> <span class='ocrx_word' id='word_1_460' title='bbox 1666 3327 1909 3400; x_wconf 81' lang='grc' dir='ltr'>τελευτᾷ·</span> 
     </span>
    </p>
   </div>
   <div class='ocr_carea' id='block_1_67' title="bbox 258 3405 1913 3489">
    <p class='ocr_par' dir='ltr' id='par_1_67' title="bbox 258 3405 1913 3489">
     <span class='ocr_line' id='line_1_67' title="bbox 258 3405 1913 3489; baseline 0.005 -26"><span class='ocrx_word' id='word_1_461' title='bbox 258 3409 353 3463; x_wconf 86' lang='grc' dir='ltr'>τὸν</span> <span class='ocrx_word' id='word_1_462' title='bbox 388 3406 502 3463; x_wconf 73' lang='grc' dir='ltr'>ἴσον</span> <span class='ocrx_word' id='word_1_463' title='bbox 539 3405 595 3463; x_wconf 79' lang='grc' dir='ltr'>δὲ</span> <span class='ocrx_word' id='word_1_464' title='bbox 626 3408 826 3482; x_wconf 84' lang='grc' dir='ltr'>χρόνον</span> <span class='ocrx_word' id='word_1_465' title='bbox 876 3408 1250 3484; x_wconf 88' lang='grc' dir='ltr'>ἀρχιερατεύει</span> <span class='ocrx_word' id='word_1_466' title='bbox 1300 3413 1391 3467; x_wconf 81' lang='grc' dir='ltr'><strong>καὶ</strong></span> <span class='ocrx_word' id='word_1_467' title='bbox 1439 3414 1711 3489; x_wconf 80' lang='grc' dir='ltr'>Ὑρκανός.</span> <span class='ocrx_word' id='word_1_468' title='bbox 1765 3418 1913 3475; x_wconf 75' lang='grc' dir='ltr'>Μετὰ</span> 
     </span>
    </p>
   </div>
   <div class='ocr_carea' id='block_1_68' title="bbox 262 3495 1911 3578">
    <p class='ocr_par' dir='ltr' id='par_1_68' title="bbox 262 3495 1911 3578">
     <span class='ocr_line' id='line_1_68' title="bbox 262 3495 1911 3578; baseline 0.004 -27"><span class='ocrx_word' id='word_1_469' title='bbox 262 3496 366 3571; x_wconf 76' lang='grc' dir='ltr'>γὰρ</span> <span class='ocrx_word' id='word_1_470' title='bbox 408 3496 502 3552; x_wconf 82' lang='grc' dir='ltr'><strong>τὸν</strong></span> <span class='ocrx_word' id='word_1_471' title='bbox 555 3495 766 3569; x_wconf 84' lang='grc' dir='ltr'>ἐκείνης</span> <span class='ocrx_word' id='word_1_472' title='bbox 817 3497 1040 3554; x_wconf 79' lang='grc' dir='ltr'>θάνατον</span> <span class='ocrx_word' id='word_1_473' title='bbox 1071 3500 1098 3554; x_wconf 87' lang='grc' dir='ltr'>ὁ</span> <span class='ocrx_word' id='word_1_474' title='bbox 1130 3501 1395 3576; x_wconf 91' lang='grc' dir='ltr'>νεώτερος</span> <span class='ocrx_word' id='word_1_475' title='bbox 1458 3508 1586 3570; x_wconf 82' lang='grc' dir='ltr'>παῖς</span> <span class='ocrx_word' id='word_1_476' title='bbox 1634 3502 1771 3578; x_wconf 87' lang='grc' dir='ltr'>πρὸς</span> <span class='ocrx_word' id='word_1_477' title='bbox 1818 3505 1911 3559; x_wconf 79' lang='grc' dir='ltr'>τὸν</span> 
     </span>
    </p>
   </div>
   <div class='ocr_carea' id='block_1_69' title="bbox 262 3581 1910 3663">
    <p class='ocr_par' dir='ltr' id='par_1_69' title="bbox 262 3581 1910 3663">
     <span class='ocr_line' id='line_1_69' title="bbox 262 3581 1910 3663; baseline 0.005 -25"><span class='ocrx_word' id='word_1_478' title='bbox 262 3581 499 3660; x_wconf 68' lang='grc' dir='ltr'>ἀδελφὸν</span> <span class='ocrx_word' id='word_1_479' title='bbox 532 3584 857 3659; x_wconf 72' lang='grc' dir='ltr'>πολεμήσας</span> <span class='ocrx_word' id='word_1_480' title='bbox 887 3583 1346 3662; x_wconf 73' lang='grc' dir='ltr'>(Ἃριστόϐουλος</span> <span class='ocrx_word' id='word_1_481' title='bbox 1376 3588 1523 3662; x_wconf 72' lang='grc' dir='ltr'>αἱ)τῷ</span> <span class='ocrx_word' id='word_1_482' title='bbox 1577 3591 1775 3663; x_wconf 77' lang='grc' dir='ltr'>ὄνομα)</span> <span class='ocrx_word' id='word_1_483' title='bbox 1823 3593 1910 3647; x_wconf 86' lang='grc' dir='ltr'><strong>καὶ</strong></span> 
     </span>
    </p>
   </div>
   <div class='ocr_carea' id='block_1_70' title="bbox 262 3672 1912 3751">
    <p class='ocr_par' dir='ltr' id='par_1_70' title="bbox 262 3672 1912 3751">
     <span class='ocr_line' id='line_1_70' title="bbox 262 3672 1912 3751; baseline 0.004 -23"><span class='ocrx_word' id='word_1_484' title='bbox 262 3672 480 3751; x_wconf 79' lang='grc' dir='ltr'>ἀφελὼν</span> <span class='ocrx_word' id='word_1_485' title='bbox 515 3675 612 3743; x_wconf 79' lang='grc' dir='ltr'>τήν</span> <span class='ocrx_word' id='word_1_486' title='bbox 672 3675 1106 3750; x_wconf 81' lang='grc' dir='ltr'>ἀρχιερωσύνην,</span> <span class='ocrx_word' id='word_1_487' title='bbox 1152 3678 1353 3746; x_wconf 79' lang='grc' dir='ltr'>ταύτην</span> <span class='ocrx_word' id='word_1_488' title='bbox 1408 3699 1466 3734; x_wconf 89' lang='grc' dir='ltr'><strong>τε</strong></span> <span class='ocrx_word' id='word_1_489' title='bbox 1522 3679 1613 3733; x_wconf 86' lang='grc' dir='ltr'><strong>καὶ</strong></span> <span class='ocrx_word' id='word_1_490' title='bbox 1667 3681 1767 3747; x_wconf 73' lang='grc' dir='ltr'><strong>τήν</strong></span> <span class='ocrx_word' id='word_1_491' title='bbox 1813 3687 1912 3749; x_wconf 81' lang='grc' dir='ltr'><strong>τῆς</strong></span> 
     </span>
    </p>
   </div>
   <div class='ocr_carea' id='block_1_71' title="bbox 265 3762 1914 3841">
    <p class='ocr_par' dir='ltr' id='par_1_71' title="bbox 265 3762 1914 3841">
     <span class='ocr_line' id='line_1_71' title="bbox 265 3762 1914 3841; baseline 0.004 -23"><span class='ocrx_word' id='word_1_492' title='bbox 265 3763 481 3835; x_wconf 83' lang='grc' dir='ltr'>μητρὸς</span> <span class='ocrx_word' id='word_1_493' title='bbox 514 3763 795 3839; x_wconf 82' lang='grc' dir='ltr'>βασιλείαν</span> <span class='ocrx_word' id='word_1_494' title='bbox 844 3763 1003 3828; x_wconf 79' lang='grc' dir='ltr'>αὐτὸς</span> <span class='ocrx_word' id='word_1_495' title='bbox 1052 3762 1467 3841; x_wconf 78' lang='grc' dir='ltr'>περιϐάλλεται.</span> <span class='ocrx_word' id='word_1_496' title='bbox 1519 3770 1669 3824; x_wconf 85' lang='grc' dir='ltr'>Ἔτει</span> <span class='ocrx_word' id='word_1_497' title='bbox 1711 3766 1768 3824; x_wconf 72' lang='grc' dir='ltr'>δὲ</span> <span class='ocrx_word' id='word_1_498' title='bbox 1811 3776 1914 3838; x_wconf 84' lang='grc' dir='ltr'>τῆς</span> 
     </span>
    </p>
   </div>
   <div class='ocr_carea' id='block_1_72' title="bbox 261 3851 1915 3929">
    <p class='ocr_par' dir='ltr' id='par_1_72' title="bbox 261 3851 1915 3929">
     <span class='ocr_line' id='line_1_72' title="bbox 261 3851 1915 3929; baseline -0.002 -15"><span class='ocrx_word' id='word_1_499' title='bbox 261 3852 445 3927; x_wconf 80' lang='grc' dir='ltr'>ἀρχῆς</span> <span class='ocrx_word' id='word_1_500' title='bbox 494 3851 684 3926; x_wconf 80' lang='grc' dir='ltr'>τρίτῳ,</span> <span class='ocrx_word' id='word_1_501' title='bbox 742 3853 829 3907; x_wconf 76' lang='grc' dir='ltr'>καὶ</span> <span class='ocrx_word' id='word_1_502' title='bbox 877 3854 1014 3929; x_wconf 88' lang='grc' dir='ltr'>πρὸς</span> <span class='ocrx_word' id='word_1_503' title='bbox 1060 3855 1195 3928; x_wconf 85' lang='grc' dir='ltr'>μησὶ</span> <span class='ocrx_word' id='word_1_504' title='bbox 1235 3861 1352 3918; x_wconf 90' lang='grc' dir='ltr'>τοῖς</span> <span class='ocrx_word' id='word_1_505' title='bbox 1404 3854 1565 3927; x_wconf 63' lang='grc' dir='ltr'>ἴσοις,</span> <span class='ocrx_word' id='word_1_506' title='bbox 1619 3860 1915 3929; x_wconf 81' lang='grc' dir='ltr'>Πομπήϊος</span> 
     </span>
    </p>
   </div>
   <div class='ocr_carea' id='block_1_73' title="bbox 262 3942 1914 4021">
    <p class='ocr_par' dir='ltr' id='par_1_73' title="bbox 262 3942 1914 4021">
     <span class='ocr_line' id='line_1_73' title="bbox 262 3942 1914 4021; baseline 0.002 -23"><span class='ocrx_word' id='word_1_507' title='bbox 262 3942 437 3998; x_wconf 80' lang='grc' dir='ltr'>ἐλθὼν</span> <span class='ocrx_word' id='word_1_508' title='bbox 469 3945 559 3998; x_wconf 82' lang='grc' dir='ltr'><strong>καὶ</strong></span> <span class='ocrx_word' id='word_1_509' title='bbox 587 3945 686 4014; x_wconf 87' lang='grc' dir='ltr'>τήν</span> <span class='ocrx_word' id='word_1_510' title='bbox 710 3944 871 4001; x_wconf 88' lang='grc' dir='ltr'>πόλιν</span> <span class='ocrx_word' id='word_1_511' title='bbox 922 3947 1040 4002; x_wconf 83' lang='grc' dir='ltr'>κατ’</span> <span class='ocrx_word' id='word_1_512' title='bbox 1078 3945 1242 4020; x_wconf 80' lang='grc' dir='ltr'>ἂκρας</span> <span class='ocrx_word' id='word_1_513' title='bbox 1292 3948 1430 4003; x_wconf 73' lang='grc' dir='ltr'>ἑλὼν</span> <span class='ocrx_word' id='word_1_514' title='bbox 1480 3947 1639 4005; x_wconf 74' lang='grc' dir='ltr'>αὺτὸν</span> <span class='ocrx_word' id='word_1_515' title='bbox 1694 3949 1788 4021; x_wconf 76' lang='grc' dir='ltr'>μὲν</span> <span class='ocrx_word' id='word_1_516' title='bbox 1836 3949 1914 4011; x_wconf 80' lang='grc' dir='ltr'><strong>εἰς</strong></span> 
     </span>
    </p>
   </div>
   <div class='ocr_carea' id='block_1_74' title="bbox 260 4033 1916 4114">
    <p class='ocr_par' dir='ltr' id='par_1_74' title="bbox 260 4033 1916 4114">
     <span class='ocr_line' id='line_1_74' title="bbox 260 4033 1916 4114; baseline 0.004 -25"><span class='ocrx_word' id='word_1_517' title='bbox 260 4034 486 4106; x_wconf 81' lang='grc' dir='ltr'>Ῥώμην</span> <span class='ocrx_word' id='word_1_518' title='bbox 519 4036 655 4108; x_wconf 87' lang='grc' dir='ltr'>μετὰ</span> <span class='ocrx_word' id='word_1_519' title='bbox 691 4039 799 4089; x_wconf 89' lang='grc' dir='ltr'><strong>τῶν</strong></span> <span class='ocrx_word' id='word_1_520' title='bbox 849 4037 1048 4092; x_wconf 81' lang='grc' dir='ltr'>τὲκνων</span> <span class='ocrx_word' id='word_1_521' title='bbox 1094 4033 1263 4108; x_wconf 86' lang='grc' dir='ltr'>δήσας</span> <span class='ocrx_word' id='word_1_522' title='bbox 1323 4034 1554 4113; x_wconf 73' lang='grc' dir='ltr'>ἔπεμψε,</span> <span class='ocrx_word' id='word_1_523' title='bbox 1602 4044 1681 4112; x_wconf 79' lang='grc' dir='ltr'>τῷ</span> <span class='ocrx_word' id='word_1_524' title='bbox 1714 4036 1761 4093; x_wconf 81' lang='grc' dir='ltr'>δ’</span> <span class='ocrx_word' id='word_1_525' title='bbox 1794 4044 1916 4114; x_wconf 81' lang='grc' dir='ltr'><strong>Ὑρ-</strong></span> 
     </span>
    </p>
   </div>
   <div class='ocr_carea' id='block_1_75' title="bbox 262 4124 1914 4202">
    <p class='ocr_par' dir='ltr' id='par_1_75' title="bbox 262 4124 1914 4202">
     <span class='ocr_line' id='line_1_75' title="bbox 262 4124 1914 4202; baseline 0.003 -24"><span class='ocrx_word' id='word_1_526' title='bbox 262 4124 415 4196; x_wconf 88' lang='grc' dir='ltr'><strong>κανῷ</strong></span> <span class='ocrx_word' id='word_1_527' title='bbox 444 4125 544 4194; x_wconf 76' lang='grc' dir='ltr'>τὴν</span> <span class='ocrx_word' id='word_1_528' title='bbox 574 4124 985 4200; x_wconf 78' lang='grc' dir='ltr'>ἀρχὶερωσύνην</span> <span class='ocrx_word' id='word_1_529' title='bbox 1010 4124 1249 4191; x_wconf 75' lang='grc' dir='ltr'>ἀποδοὺς</span> <span class='ocrx_word' id='word_1_530' title='bbox 1301 4130 1401 4197; x_wconf 77' lang='grc' dir='ltr'><strong>τήν</strong></span> <span class='ocrx_word' id='word_1_531' title='bbox 1439 4150 1533 4202; x_wconf 82' lang='grc' dir='ltr'><strong>μεν</strong></span> <span class='ocrx_word' id='word_1_532' title='bbox 1585 4134 1682 4184; x_wconf 83' lang='grc' dir='ltr'>τοῦ</span> <span class='ocrx_word' id='word_1_533' title='bbox 1731 4124 1914 4191; x_wconf 79' lang='grc' dir='ltr'>ἔθνους</span> 
     </span>
    </p>
   </div>
   <div class='ocr_carea' id='block_1_76' title="bbox 262 4213 1913 4293">
    <p class='ocr_par' dir='ltr' id='par_1_76' title="bbox 262 4213 1913 4293">
     <span class='ocr_line' id='line_1_76' title="bbox 262 4213 1913 4293; baseline 0.005 -25"><span class='ocrx_word' id='word_1_534' title='bbox 262 4214 599 4289; x_wconf 87' lang='grc' dir='ltr'>προστασίαν</span> <span class='ocrx_word' id='word_1_535' title='bbox 651 4214 936 4291; x_wconf 71' lang='grc' dir='ltr'>ἐπέτρεψε,</span> <span class='ocrx_word' id='word_1_536' title='bbox 986 4213 1231 4290; x_wconf 75' lang='grc' dir='ltr'>διάδημα</span> <span class='ocrx_word' id='word_1_537' title='bbox 1283 4215 1339 4273; x_wconf 76' lang='grc' dir='ltr'>δὲ</span> <span class='ocrx_word' id='word_1_538' title='bbox 1369 4225 1554 4293; x_wconf 76' lang='grc' dir='ltr'>φορεῖν</span> <span class='ocrx_word' id='word_1_539' title='bbox 1618 4219 1913 4276; x_wconf 79' lang='grc' dir='ltr'>ἐκώλυσεν.</span> 
     </span>
    </p>
   </div>
   <div class='ocr_carea' id='block_1_77' title="bbox 260 4302 1917 4383">
    <p class='ocr_par' dir='ltr' id='par_1_77' title="bbox 260 4302 1917 4383">
     <span class='ocr_line' id='line_1_77' title="bbox 260 4302 1917 4383; baseline 0.004 -25"><span class='ocrx_word' id='word_1_540' title='bbox 260 4306 429 4376; x_wconf 86' lang='grc' dir='ltr'>Ἦρξε</span> <span class='ocrx_word' id='word_1_541' title='bbox 460 4302 517 4359; x_wconf 77' lang='grc' dir='ltr'>δὲ</span> <span class='ocrx_word' id='word_1_542' title='bbox 546 4305 681 4380; x_wconf 86' lang='grc' dir='ltr'>πρὸς</span> <span class='ocrx_word' id='word_1_543' title='bbox 705 4310 823 4368; x_wconf 86' lang='grc' dir='ltr'>τοῖς</span> <span class='ocrx_word' id='word_1_544' title='bbox 855 4307 898 4361; x_wconf 89' lang='grc' dir='ltr'>θ’</span> <span class='ocrx_word' id='word_1_545' title='bbox 927 4312 1043 4368; x_wconf 90' lang='grc' dir='ltr'>τοῖς</span> <span class='ocrx_word' id='word_1_546' title='bbox 1079 4308 1125 4343; x_wconf 76' lang='grc'>¹⁹</span> <span class='ocrx_word' id='word_1_547' title='bbox 1154 4308 1397 4379; x_wconf 84' lang='grc' dir='ltr'>πρώτοις</span> <span class='ocrx_word' id='word_1_548' title='bbox 1430 4304 1522 4379; x_wconf 82' lang='grc' dir='ltr'>ἔτη</span> <span class='ocrx_word' id='word_1_549' title='bbox 1551 4309 1782 4383; x_wconf 67' lang='grc' dir='ltr'>τέσσαρα</span> <span class='ocrx_word' id='word_1_550' title='bbox 1826 4311 1917 4365; x_wconf 83' lang='grc' dir='ltr'><strong>καὶ</strong></span> 
     </span>
    </p>
   </div>
   <div class='ocr_carea' id='block_1_78' title="bbox 2024 3135 3664 3209">
    <p class='ocr_par' dir='ltr' id='par_1_78' title="bbox 2024 3135 3664 3209">
     <span class='ocr_line' id='line_1_78' title="bbox 2024 3135 3664 3209; baseline -0.002 -14"><span class='ocrx_word' id='word_1_551' title='bbox 2024 3140 2160 3195; x_wconf 87' lang='lat' dir='ltr'><strong>Post</strong></span> <span class='ocrx_word' id='word_1_552' title='bbox 2189 3138 2367 3209; x_wconf 87' lang='lat' dir='ltr'><strong>hujus</strong></span> <span class='ocrx_word' id='word_1_553' title='bbox 2405 3142 2653 3192; x_wconf 88' lang='lat' dir='ltr'><strong>mortem</strong></span> <span class='ocrx_word' id='word_1_554' title='bbox 2691 3135 2895 3206; x_wconf 90' lang='lat' dir='ltr'><strong>junior</strong></span> <span class='ocrx_word' id='word_1_555' title='bbox 2951 3135 3110 3191; x_wconf 87' lang='lat' dir='ltr'><strong>ﬁlius</strong></span> <span class='ocrx_word' id='word_1_556' title='bbox 3166 3139 3368 3191; x_wconf 85' lang='lat' dir='ltr'><strong>contra</strong></span> <span class='ocrx_word' id='word_1_557' title='bbox 3426 3136 3664 3192; x_wconf 77' lang='lat' dir='ltr'><strong>fratrem</strong></span> 
     </span>
    </p>
   </div>
   <div class='ocr_carea' id='block_1_79' title="bbox 2024 3224 3666 3298">
    <p class='ocr_par' dir='ltr' id='par_1_79' title="bbox 2024 3224 3666 3298">
     <span class='ocr_line' id='line_1_79' title="bbox 2024 3224 3666 3298; baseline -0.001 -16"><span class='ocrx_word' id='word_1_558' title='bbox 2024 3228 2237 3285; x_wconf 76' lang='lat' dir='ltr'><strong>belium</strong></span> <span class='ocrx_word' id='word_1_559' title='bbox 2271 3243 2497 3298; x_wconf 80' lang='lat' dir='ltr'><strong>gerens,</strong></span> <span class='ocrx_word' id='word_1_560' title='bbox 2568 3225 2802 3281; x_wconf 90' lang='lat' dir='ltr'><strong>nomine</strong></span> <span class='ocrx_word' id='word_1_561' title='bbox 2855 3224 3251 3293; x_wconf 89' lang='lat' dir='ltr'><strong>Aristobulus,</strong></span> <span class='ocrx_word' id='word_1_562' title='bbox 3300 3229 3359 3280; x_wconf 92' lang='lat' dir='ltr'><strong>et</strong></span> <span class='ocrx_word' id='word_1_563' title='bbox 3396 3226 3666 3281; x_wconf 87' lang='lat' dir='ltr'><strong>auferens</strong></span> 
     </span>
    </p>
   </div>
   <div class='ocr_carea' id='block_1_80' title="bbox 2022 3314 3664 3391">
    <p class='ocr_par' dir='ltr' id='par_1_80' title="bbox 2022 3314 3664 3391">
     <span class='ocr_line' id='line_1_80' title="bbox 2022 3314 3664 3391; baseline -0.002 -18"><span class='ocrx_word' id='word_1_564' title='bbox 2022 3317 2455 3391; x_wconf 87' lang='lat' dir='ltr'><strong>pontiﬁcatum,</strong></span> <span class='ocrx_word' id='word_1_565' title='bbox 2483 3321 2602 3371; x_wconf 87' lang='lat' dir='ltr'><strong>tam</strong></span> <span class='ocrx_word' id='word_1_566' title='bbox 2627 3314 2757 3378; x_wconf 89' lang='lat' dir='ltr'><strong>hoc,</strong></span> <span class='ocrx_word' id='word_1_567' title='bbox 2791 3330 2969 3386; x_wconf 89' lang='lat' dir='ltr'><strong>quam</strong></span> <span class='ocrx_word' id='word_1_568' title='bbox 3026 3314 3231 3370; x_wconf 86' lang='lat' dir='ltr'><strong>matris</strong></span> <span class='ocrx_word' id='word_1_569' title='bbox 3288 3330 3464 3388; x_wconf 88' lang='lat' dir='ltr'><strong>regno</strong></span> <span class='ocrx_word' id='word_1_570' title='bbox 3514 3314 3664 3386; x_wconf 91' lang='lat' dir='ltr'><strong>poti-</strong></span> 
     </span>
    </p>
   </div>
   <div class='ocr_carea' id='block_1_81' title="bbox 2020 3404 3663 3476">
    <p class='ocr_par' dir='ltr' id='par_1_81' title="bbox 2020 3404 3663 3476">
     <span class='ocr_line' id='line_1_81' title="bbox 2020 3404 3663 3476; baseline -0.002 -14"><span class='ocrx_word' id='word_1_571' title='bbox 2020 3414 2135 3464; x_wconf 88' lang='lat' dir='ltr'><strong>tur.</strong></span> <span class='ocrx_word' id='word_1_572' title='bbox 2179 3407 2375 3462; x_wconf 91' lang='lat' dir='ltr'><strong>Tertio</strong></span> <span class='ocrx_word' id='word_1_573' title='bbox 2436 3422 2588 3462; x_wconf 89' lang='lat' dir='ltr'><strong>anno</strong></span> <span class='ocrx_word' id='word_1_574' title='bbox 2646 3404 2902 3476; x_wconf 89' lang='lat' dir='ltr'><strong>imperii,</strong></span> <span class='ocrx_word' id='word_1_575' title='bbox 2958 3408 3016 3459; x_wconf 92' lang='lat' dir='ltr'><strong>et</strong></span> <span class='ocrx_word' id='word_1_576' title='bbox 3063 3404 3370 3461; x_wconf 89' lang='lat' dir='ltr'><strong>mensibus</strong></span> <span class='ocrx_word' id='word_1_577' title='bbox 3425 3405 3663 3462; x_wconf 89' lang='lat' dir='ltr'><strong>totidem</strong></span> 
     </span>
    </p>
   </div>
   <div class='ocr_carea' id='block_1_82' title="bbox 2020 3492 3663 3568">
    <p class='ocr_par' dir='ltr' id='par_1_82' title="bbox 2020 3492 3663 3568">
     <span class='ocr_line' id='line_1_82' title="bbox 2020 3492 3663 3568; baseline -0.002 -15"><span class='ocrx_word' id='word_1_578' title='bbox 2020 3496 2335 3568; x_wconf 88' lang='lat' dir='ltr'><strong>Pompeius</strong></span> <span class='ocrx_word' id='word_1_579' title='bbox 2366 3494 2620 3559; x_wconf 86' lang='lat' dir='ltr'><strong>veniens,</strong></span> <span class='ocrx_word' id='word_1_580' title='bbox 2644 3492 2921 3549; x_wconf 89' lang='lat' dir='ltr'><strong>eturbem</strong></span> <span class='ocrx_word' id='word_1_581' title='bbox 2955 3492 3006 3547; x_wconf 90' lang='lat' dir='ltr'><strong>vi</strong></span> <span class='ocrx_word' id='word_1_582' title='bbox 3041 3492 3298 3564; x_wconf 84' lang='lat' dir='ltr'><strong>capiens.</strong></span> <span class='ocrx_word' id='word_1_583' title='bbox 3327 3493 3523 3565; x_wconf 88' lang='lat' dir='ltr'><strong>ipsum</strong></span> <span class='ocrx_word' id='word_1_584' title='bbox 3558 3494 3663 3550; x_wconf 76' lang='lat' dir='ltr'><strong>Ro~</strong></span> 
     </span>
    </p>
   </div>
   <div class='ocr_carea' id='block_1_83' title="bbox 2024 3581 3665 3654">
    <p class='ocr_par' dir='ltr' id='par_1_83' title="bbox 2024 3581 3665 3654">
     <span class='ocr_line' id='line_1_83' title="bbox 2024 3581 3665 3654; baseline -0.002 -13"><span class='ocrx_word' id='word_1_585' title='bbox 2024 3603 2176 3642; x_wconf 87' lang='lat' dir='ltr'><strong>mam</strong></span> <span class='ocrx_word' id='word_1_586' title='bbox 2193 3601 2326 3641; x_wconf 92' lang='lat' dir='ltr'><strong>cum</strong></span> <span class='ocrx_word' id='word_1_587' title='bbox 2345 3584 2484 3639; x_wconf 84' lang='lat' dir='ltr'><strong>ﬁliis</strong></span> <span class='ocrx_word' id='word_1_588' title='bbox 2499 3583 2791 3654; x_wconf 88' lang='lat' dir='ltr'><strong>captivum</strong></span> <span class='ocrx_word' id='word_1_589' title='bbox 2822 3581 3003 3636; x_wconf 88' lang='lat' dir='ltr'><strong>misit.</strong></span> <span class='ocrx_word' id='word_1_590' title='bbox 3028 3583 3355 3654; x_wconf 77' lang='lat' dir='ltr'><strong>Hyrcanum</strong></span> <span class='ocrx_word' id='word_1_591' title='bbox 3372 3598 3506 3638; x_wconf 89' lang='lat' dir='ltr'><strong>vero</strong></span> <span class='ocrx_word' id='word_1_592' title='bbox 3529 3600 3665 3654; x_wconf 90' lang='lat' dir='ltr'><strong>pon-</strong></span> 
     </span>
    </p>
   </div>
   <div class='ocr_carea' id='block_1_84' title="bbox 2022 3670 3665 3746">
    <p class='ocr_par' dir='ltr' id='par_1_84' title="bbox 2022 3670 3665 3746">
     <span class='ocr_line' id='line_1_84' title="bbox 2022 3670 3665 3746; baseline -0.002 -17"><span class='ocrx_word' id='word_1_593' title='bbox 2022 3674 2237 3731; x_wconf 86' lang='lat' dir='ltr'><strong>tiﬁcem</strong></span> <span class='ocrx_word' id='word_1_594' title='bbox 2270 3673 2590 3746; x_wconf 86' lang='lat' dir='ltr'><strong>designans</strong></span> <span class='ocrx_word' id='word_1_595' title='bbox 2619 3671 2820 3744; x_wconf 86' lang='lat' dir='ltr'><strong>pepuli</strong></span> <span class='ocrx_word' id='word_1_596' title='bbox 2851 3670 3155 3742; x_wconf 88' lang='lat' dir='ltr'><strong>imperium</strong></span> <span class='ocrx_word' id='word_1_597' title='bbox 3189 3671 3241 3725; x_wconf 91' lang='lat' dir='ltr'><strong>ei</strong></span> <span class='ocrx_word' id='word_1_598' title='bbox 3275 3670 3547 3740; x_wconf 87' lang='lat' dir='ltr'><strong>permisit,</strong></span> <span class='ocrx_word' id='word_1_599' title='bbox 3563 3672 3665 3726; x_wconf 88' lang='lat' dir='ltr'><strong>sed</strong></span> 
     </span>
    </p>
   </div>
   <div class='ocr_carea' id='block_1_85' title="bbox 2023 3769 3662 3840">
    <p class='ocr_par' dir='ltr' id='par_1_85' title="bbox 2023 3769 3662 3840">
     <span class='ocr_line' id='line_1_85' title="bbox 2023 3769 3662 3840; baseline -0.002 -12"><span class='ocrx_word' id='word_1_600' title='bbox 2023 3788 2287 3828; x_wconf 85' lang='lat' dir='ltr'><strong>coronam</strong></span> <span class='ocrx_word' id='word_1_601' title='bbox 2307 3787 2441 3827; x_wconf 88' lang='lat' dir='ltr'><strong>eum</strong></span> <span class='ocrx_word' id='word_1_602' title='bbox 2475 3770 2622 3826; x_wconf 80' lang='lat' dir='ltr'><strong>ferre</strong></span> <span class='ocrx_word' id='word_1_603' title='bbox 2655 3769 2858 3825; x_wconf 91' lang='lat' dir='ltr'><strong>noluit.</strong></span> <span class='ocrx_word' id='word_1_604' title='bbox 2916 3769 3228 3840; x_wconf 77' lang='lat' dir='ltr'><strong>Imperavit</strong></span> <span class='ocrx_word' id='word_1_605' title='bbox 3274 3784 3408 3825; x_wconf 90' lang='lat' dir='ltr'><strong>vero</strong></span> <span class='ocrx_word' id='word_1_606' title='bbox 3456 3778 3662 3839; x_wconf 67' lang='lat' dir='ltr'><strong>praeter</strong></span> 
     </span>
    </p>
   </div>
   <div class='ocr_carea' id='block_1_86' title="bbox 2024 3859 3661 3931">
    <p class='ocr_par' dir='ltr' id='par_1_86' title="bbox 2024 3859 3661 3931">
     <span class='ocr_line' id='line_1_86' title="bbox 2024 3859 3661 3931; baseline -0.002 -12"><span class='ocrx_word' id='word_1_607' title='bbox 2024 3879 2228 3919; x_wconf 90' lang='lat' dir='ltr'><strong>novem</strong></span> <span class='ocrx_word' id='word_1_608' title='bbox 2272 3862 2511 3931; x_wconf 90' lang='lat' dir='ltr'><strong>primos,</strong></span> <span class='ocrx_word' id='word_1_609' title='bbox 2573 3860 2749 3915; x_wconf 90' lang='lat' dir='ltr'><strong>annis</strong></span> <span class='ocrx_word' id='word_1_610' title='bbox 2805 3870 3058 3931; x_wconf 75' lang='lat' dir='ltr'><strong>quatuor</strong></span> <span class='ocrx_word' id='word_1_611' title='bbox 3108 3866 3166 3915; x_wconf 92' lang='lat' dir='ltr'><strong>et</strong></span> <span class='ocrx_word' id='word_1_612' title='bbox 3221 3859 3448 3930; x_wconf 82' lang='lat' dir='ltr'><strong>viginti.</strong></span> <span class='ocrx_word' id='word_1_613' title='bbox 3516 3861 3661 3916; x_wconf 88' lang='lat' dir='ltr'><strong>Basa</strong></span> 
     </span>
    </p>
   </div>
   <div class='ocr_carea' id='block_1_87' title="bbox 2022 3948 3657 4024">
    <p class='ocr_par' dir='ltr' id='par_1_87' title="bbox 2022 3948 3657 4024">
     <span class='ocr_line' id='line_1_87' title="bbox 2022 3948 3657 4024; baseline -0.002 -17"><span class='ocrx_word' id='word_1_614' title='bbox 2022 3953 2371 4024; x_wconf 88' lang='lat' dir='ltr'><strong>pharmanes</strong></span> <span class='ocrx_word' id='word_1_615' title='bbox 2416 3955 2471 4005; x_wconf 90' lang='lat' dir='ltr'><strong>et</strong></span> <span class='ocrx_word' id='word_1_616' title='bbox 2503 3950 2755 4005; x_wconf 87' lang='lat' dir='ltr'><strong>Pacorus</strong></span> <span class='ocrx_word' id='word_1_617' title='bbox 2792 3950 3048 4021; x_wconf 77' lang='lat' dir='ltr'><strong>dynasta:</strong></span> <span class='ocrx_word' id='word_1_618' title='bbox 3098 3948 3463 4017; x_wconf 84' lang='lat' dir='ltr'><strong>Parthorum,</strong></span> <span class='ocrx_word' id='word_1_619' title='bbox 3523 3965 3657 4004; x_wconf 90' lang='lat' dir='ltr'><strong>cum</strong></span> 
     </span>
    </p>
   </div>
   <div class='ocr_carea' id='block_1_88' title="bbox 2022 4039 3661 4113">
    <p class='ocr_par' dir='ltr' id='par_1_88' title="bbox 2022 4039 3661 4113">
     <span class='ocr_line' id='line_1_88' title="bbox 2022 4039 3661 4113; baseline -0.003 -15"><span class='ocrx_word' id='word_1_620' title='bbox 2022 4044 2287 4113; x_wconf 87' lang='lat' dir='ltr'><strong>Hyrcano</strong></span> <span class='ocrx_word' id='word_1_621' title='bbox 2319 4039 2537 4096; x_wconf 90' lang='lat' dir='ltr'><strong>bellum</strong></span> <span class='ocrx_word' id='word_1_622' title='bbox 2567 4044 2854 4111; x_wconf 81' lang='lat' dir='ltr'><strong>gerentes,</strong></span> <span class='ocrx_word' id='word_1_623' title='bbox 2905 4055 3030 4094; x_wconf 90' lang='lat' dir='ltr'><strong>eum</strong></span> <span class='ocrx_word' id='word_1_624' title='bbox 3087 4040 3275 4093; x_wconf 90' lang='lat' dir='ltr'><strong>vivum</strong></span> <span class='ocrx_word' id='word_1_625' title='bbox 3327 4042 3606 4109; x_wconf 90' lang='lat' dir='ltr'><strong>ceperunt</strong></span> <span class='ocrx_word' id='word_1_626' title='bbox 3648 4055 3661 4093; x_wconf 91' lang='lat'><strong>:</strong></span> 
     </span>
    </p>
   </div>
   <div class='ocr_carea' id='block_1_89' title="bbox 2021 4128 3667 4203">
    <p class='ocr_par' dir='ltr' id='par_1_89' title="bbox 2021 4128 3667 4203">
     <span class='ocr_line' id='line_1_89' title="bbox 2021 4128 3667 4203; baseline -0.004 -14"><span class='ocrx_word' id='word_1_627' title='bbox 2021 4131 2374 4203; x_wconf 88' lang='lat' dir='ltr'><strong>Antigonum</strong></span> <span class='ocrx_word' id='word_1_628' title='bbox 2409 4145 2539 4185; x_wconf 84' lang='lat' dir='ltr'><strong>vero</strong></span> <span class='ocrx_word' id='word_1_629' title='bbox 2590 4128 2902 4185; x_wconf 81' lang='lat' dir='ltr'><strong>Aristobuli</strong></span> <span class='ocrx_word' id='word_1_630' title='bbox 2956 4128 3145 4183; x_wconf 84' lang='lat' dir='ltr'><strong>filium</strong></span> <span class='ocrx_word' id='word_1_631' title='bbox 3202 4143 3395 4199; x_wconf 86' lang='lat' dir='ltr'><strong>regem</strong></span> <span class='ocrx_word' id='word_1_632' title='bbox 3448 4129 3667 4184; x_wconf 82' lang='lat' dir='ltr'><strong>consti-</strong></span> 
     </span>
    </p>
   </div>
   <div class='ocr_carea' id='block_1_90' title="bbox 2025 4217 3670 4277">
    <p class='ocr_par' dir='ltr' id='par_1_90' title="bbox 2025 4217 3670 4277">
     <span class='ocr_line' id='line_1_90' title="bbox 2025 4217 3670 4277; baseline -0.002 0"><span class='ocrx_word' id='word_1_633' title='bbox 2025 4224 2286 4277; x_wconf 91' lang='lat' dir='ltr'><strong>tuerunt.</strong></span> <span class='ocrx_word' id='word_1_634' title='bbox 2319 4220 2463 4275; x_wconf 90' lang='lat' dir='ltr'><strong>Tres</strong></span> <span class='ocrx_word' id='word_1_635' title='bbox 2494 4234 2624 4274; x_wconf 85' lang='lat' dir='ltr'><strong>vero</strong></span> <span class='ocrx_word' id='word_1_636' title='bbox 2683 4234 2869 4273; x_wconf 89' lang='lat' dir='ltr'><strong>annos</strong></span> <span class='ocrx_word' id='word_1_637' title='bbox 2924 4222 2980 4273; x_wconf 91' lang='lat' dir='ltr'><strong>et</strong></span> <span class='ocrx_word' id='word_1_638' title='bbox 3041 4221 3163 4272; x_wconf 89' lang='lat' dir='ltr'><strong>tres</strong></span> <span class='ocrx_word' id='word_1_639' title='bbox 3221 4233 3453 4273; x_wconf 82' lang='lat' dir='ltr'><strong>menses</strong></span> <span class='ocrx_word' id='word_1_640' title='bbox 3501 4217 3670 4274; x_wconf 92' lang='lat' dir='ltr'><strong>illum</strong></span> 
     </span>
    </p>
   </div>
   <div class='ocr_carea' id='block_1_91' title="bbox 2024 4304 3674 4380">
    <p class='ocr_par' dir='ltr' id='par_1_91' title="bbox 2024 4304 3674 4380">
     <span class='ocr_line' id='line_1_91' title="bbox 2024 4304 3674 4380; baseline -0.002 -16"><span class='ocrx_word' id='word_1_641' title='bbox 2024 4310 2414 4380; x_wconf 88' lang='lat' dir='ltr'><strong>imperantem</strong></span> <span class='ocrx_word' id='word_1_642' title='bbox 2471 4306 2675 4362; x_wconf 88' lang='lat' dir='ltr'><strong>Sosius</strong></span> <span class='ocrx_word' id='word_1_643' title='bbox 2713 4304 2903 4361; x_wconf 72' lang='lat'><strong>818!)</strong></span> <span class='ocrx_word' id='word_1_644' title='bbox 2953 4310 3008 4361; x_wconf 93' lang='lat' dir='ltr'><strong>et</strong></span> <span class='ocrx_word' id='word_1_645' title='bbox 3057 4304 3313 4360; x_wconf 83' lang='lat' dir='ltr'><strong>Herodes</strong></span> <span class='ocrx_word' id='word_1_646' title='bbox 3381 4320 3674 4376; x_wconf 81' lang='lat' dir='ltr'><strong>expugna-</strong></span> 
     </span>
    </p>
   </div>
   <div class='ocr_carea' id='block_1_92' title="bbox 263 4392 1910 4473">
    <p class='ocr_par' dir='ltr' id='par_1_92' title="bbox 263 4392 1910 4473">
     <span class='ocr_line' id='line_1_92' title="bbox 263 4392 1910 4473; baseline 0.004 -26"><span class='ocrx_word' id='word_1_647' title='bbox 263 4392 465 4449; x_wconf 71' lang='grc' dir='ltr'>εἴκοσι.</span> <span class='ocrx_word' id='word_1_648' title='bbox 500 4395 933 4471; x_wconf 76' lang='grc' dir='ltr'>Βαζαφαρμάνης</span> <span class='ocrx_word' id='word_1_649' title='bbox 963 4392 1021 4451; x_wconf 66' lang='grc' dir='ltr'>δὲ</span> <span class='ocrx_word' id='word_1_650' title='bbox 1077 4395 1167 4451; x_wconf 82' lang='grc' dir='ltr'><strong>καὶ</strong></span> <span class='ocrx_word' id='word_1_651' title='bbox 1214 4396 1483 4473; x_wconf 77' lang='grc' dir='ltr'>Πάκορος,</span> <span class='ocrx_word' id='word_1_652' title='bbox 1534 4399 1585 4453; x_wconf 80' lang='grc' dir='ltr'>οἱ</span> <span class='ocrx_word' id='word_1_653' title='bbox 1635 4406 1734 4469; x_wconf 80' lang='grc' dir='ltr'><strong>τῆς</strong></span> <span class='ocrx_word' id='word_1_654' title='bbox 1786 4405 1910 4472; x_wconf 78' lang='grc' dir='ltr'>Παρ·</span> 
     </span>
    </p>
   </div>
   <div class='ocr_carea' id='block_1_93' title="bbox 2021 4392 3676 4473">
    <p class='ocr_par' dir='ltr' id='par_1_93' title="bbox 2031 4392 3676 4466">
     <span class='ocr_line' id='line_1_93' title="bbox 2031 4392 3676 4466; baseline -0.002 -12"><span class='ocrx_word' id='word_1_655' title='bbox 2031 4403 2185 4455; x_wconf 90' lang='lat' dir='ltr'><strong>runt.</strong></span> <span class='ocrx_word' id='word_1_656' title='bbox 2218 4396 2503 4453; x_wconf 83' lang='lat' dir='ltr'><strong>Antonius</strong></span> <span class='ocrx_word' id='word_1_657' title='bbox 2534 4412 2665 4451; x_wconf 89' lang='lat' dir='ltr'><strong>vero</strong></span> <span class='ocrx_word' id='word_1_658' title='bbox 2697 4400 2933 4466; x_wconf 87' lang='lat' dir='ltr'><strong>captum</strong></span> <span class='ocrx_word' id='word_1_659' title='bbox 2961 4392 3283 4450; x_wconf 73' lang='lat' dir='ltr'><strong>Antiochiae</strong></span> <span class='ocrx_word' id='word_1_660' title='bbox 3321 4394 3510 4450; x_wconf 91' lang='lat' dir='ltr'><strong>securi</strong></span> <span class='ocrx_word' id='word_1_661' title='bbox 3542 4411 3676 4465; x_wconf 90' lang='lat' dir='ltr'><strong>per-</strong></span> 
     </span>
    </p>
   </div>
   <div class='ocr_carea' id='block_1_94' title="bbox 264 4479 1926 4561">
    <p class='ocr_par' dir='ltr' id='par_1_94' title="bbox 264 4479 1926 4561">
     <span class='ocr_line' id='line_1_94' title="bbox 264 4479 1926 4561; baseline 0.005 -26"><span class='ocrx_word' id='word_1_662' title='bbox 264 4483 476 4550; x_wconf 80' lang='grc' dir='ltr'>θυηνῆς</span> <span class='ocrx_word' id='word_1_663' title='bbox 532 4479 807 4555; x_wconf 77' lang='grc' dir='ltr'>δυνάσται,</span> <span class='ocrx_word' id='word_1_664' title='bbox 856 4483 1271 4557; x_wconf 77' lang='grc' dir='ltr'>πολεμήσαντες</span> <span class='ocrx_word' id='word_1_665' title='bbox 1330 4487 1569 4561; x_wconf 79' lang='grc' dir='ltr'>Ὑρκανῷ</span> <span class='ocrx_word' id='word_1_666' title='bbox 1609 4487 1771 4543; x_wconf 79' lang='grc' dir='ltr'>αὐτὸν</span> <span class='ocrx_word' id='word_1_667' title='bbox 1832 4490 1926 4561; x_wconf 78' lang='grc' dir='ltr'>μὲν</span> 
     </span>
    </p>
   </div>
   <div class='ocr_carea' id='block_1_95' title="bbox 266 4567 1926 4651">
    <p class='ocr_par' dir='ltr' id='par_1_95' title="bbox 266 4567 1926 4651">
     <span class='ocr_line' id='line_1_95' title="bbox 266 4567 1926 4651; baseline 0.004 -24"><span class='ocrx_word' id='word_1_668' title='bbox 266 4574 477 4646; x_wconf 84' lang='grc' dir='ltr'>ζωγρίᾳ</span> <span class='ocrx_word' id='word_1_669' title='bbox 526 4574 572 4608; x_wconf 82' lang='grc'><strong>²⁰</strong></span> <span class='ocrx_word' id='word_1_670' title='bbox 619 4567 842 4640; x_wconf 71' lang='grc' dir='ltr'>ἔλαϐον,</span> <span class='ocrx_word' id='word_1_671' title='bbox 890 4573 1192 4651; x_wconf 84' lang='grc' dir='ltr'>Ἀντίγονον</span> <span class='ocrx_word' id='word_1_672' title='bbox 1249 4571 1306 4630; x_wconf 75' lang='grc' dir='ltr'>δὲ</span> <span class='ocrx_word' id='word_1_673' title='bbox 1360 4577 1454 4630; x_wconf 89' lang='grc' dir='ltr'>τὸν</span> <span class='ocrx_word' id='word_1_674' title='bbox 1496 4574 1926 4651; x_wconf 77' lang='grc' dir='ltr'>Ἀριστοϐούλου</span> 
     </span>
    </p>
   </div>
   <div class='ocr_carea' id='block_1_96' title="bbox 264 4660 1926 4745">
    <p class='ocr_par' dir='ltr' id='par_1_96' title="bbox 264 4660 1926 4745">
     <span class='ocr_line' id='line_1_96' title="bbox 264 4660 1926 4745; baseline 0.004 -29"><span class='ocrx_word' id='word_1_675' title='bbox 264 4662 384 4716; x_wconf 78' lang='grc' dir='ltr'>υἱὸν</span> <span class='ocrx_word' id='word_1_676' title='bbox 420 4660 650 4737; x_wconf 73' lang='grc' dir='ltr'>βασιλέα</span> <span class='ocrx_word' id='word_1_677' title='bbox 679 4664 1034 4733; x_wconf 72' lang='grc' dir='ltr'>κατέστησαν.</span> <span class='ocrx_word' id='word_1_678' title='bbox 1068 4665 1121 4719; x_wconf 85' lang='grc' dir='ltr'><strong>Γ¹</strong></span> <span class='ocrx_word' id='word_1_679' title='bbox 1165 4662 1223 4719; x_wconf 70' lang='grc' dir='ltr'>δὲ</span> <span class='ocrx_word' id='word_1_680' title='bbox 1269 4662 1360 4735; x_wconf 78' lang='grc' dir='ltr'>ἔτη</span> <span class='ocrx_word' id='word_1_681' title='bbox 1410 4666 1501 4720; x_wconf 83' lang='grc' dir='ltr'>καὶ</span> <span class='ocrx_word' id='word_1_682' title='bbox 1553 4673 1728 4738; x_wconf 73' lang='grc' dir='ltr'>μῆνας</span> <span class='ocrx_word' id='word_1_683' title='bbox 1760 4669 1809 4745; x_wconf 89' lang='grc' dir='ltr'>γ’</span> <span class='ocrx_word' id='word_1_684' title='bbox 1838 4665 1926 4742; x_wconf 80' lang='grc' dir='ltr'><strong>ἅρ-</strong></span> 
     </span>
    </p>
   </div>
   <div class='ocr_carea' id='block_1_97' title="bbox 263 4750 1922 4830">
    <p class='ocr_par' dir='ltr' id='par_1_97' title="bbox 263 4750 1922 4830">
     <span class='ocr_line' id='line_1_97' title="bbox 263 4750 1922 4830; baseline 0.004 -26"><span class='ocrx_word' id='word_1_685' title='bbox 263 4750 427 4819; x_wconf 84' lang='grc' dir='ltr'>ξαντα</span> <span class='ocrx_word' id='word_1_686' title='bbox 475 4754 667 4805; x_wconf 79' lang='grc' dir='ltr'>τοῦτον</span> <span class='ocrx_word' id='word_1_687' title='bbox 721 4751 946 4814; x_wconf 86' lang='grc' dir='ltr'>Σόσσιος</span> <span class='ocrx_word' id='word_1_688' title='bbox 995 4752 1084 4807; x_wconf 87' lang='grc' dir='ltr'><strong>καὶ</strong></span> <span class='ocrx_word' id='word_1_689' title='bbox 1145 4751 1396 4828; x_wconf 82' lang='grc' dir='ltr'>Ἡρώδης</span> <span class='ocrx_word' id='word_1_690' title='bbox 1441 4753 1922 4830; x_wconf 81' lang='grc' dir='ltr'>ἐξεπολιόρκησαν,</span> 
     </span>
    </p>
   </div>
   <div class='ocr_carea' id='block_1_98' title="bbox 261 4835 1921 4919">
    <p class='ocr_par' dir='ltr' id='par_1_98' title="bbox 261 4835 1921 4919">
     <span class='ocr_line' id='line_1_98' title="bbox 261 4835 1921 4919; baseline 0.004 -25"><span class='ocrx_word' id='word_1_691' title='bbox 261 4839 563 4901; x_wconf 80' lang='grc' dir='ltr'>Ἀντώνιος</span> <span class='ocrx_word' id='word_1_692' title='bbox 623 4835 681 4894; x_wconf 70' lang='grc' dir='ltr'>δὲ</span> <span class='ocrx_word' id='word_1_693' title='bbox 737 4840 1041 4916; x_wconf 70' lang='grc' dir='ltr'>ἀναχθέντα</span> <span class='ocrx_word' id='word_1_694' title='bbox 1096 4840 1149 4896; x_wconf 72' lang='grc' dir='ltr'>ἐν</span> <span class='ocrx_word' id='word_1_695' title='bbox 1206 4842 1521 4919; x_wconf 88' lang='grc' dir='ltr'>Ἀντιοχείᾳ</span> <span class='ocrx_word' id='word_1_696' title='bbox 1589 4842 1921 4901; x_wconf 76' lang='grc' dir='ltr'><strong>ἐπελέκισεν⁹</strong></span> 
     </span>
    </p>
   </div>
   <div class='ocr_carea' id='block_1_99' title="bbox 262 4924 1926 5011">
    <p class='ocr_par' dir='ltr' id='par_1_99' title="bbox 262 4924 1926 5011">
     <span class='ocr_line' id='line_1_99' title="bbox 262 4924 1926 5011; baseline 0.004 -27"><span class='ocrx_word' id='word_1_697' title='bbox 262 4928 378 4995; x_wconf 77' lang='grc' dir='ltr'>Τὴν</span> <span class='ocrx_word' id='word_1_698' title='bbox 428 4924 486 4982; x_wconf 79' lang='grc' dir='ltr'>δὲ</span> <span class='ocrx_word' id='word_1_699' title='bbox 547 4926 825 5003; x_wconf 85' lang='grc' dir='ltr'>βασιλείαν</span> <span class='ocrx_word' id='word_1_700' title='bbox 881 4927 1135 5004; x_wconf 83' lang='grc' dir='ltr'>Ἡρώδης</span> <span class='ocrx_word' id='word_1_701' title='bbox 1192 4932 1338 5006; x_wconf 83' lang='grc' dir='ltr'><strong>παρά</strong></span> <span class='ocrx_word' id='word_1_702' title='bbox 1395 4934 1681 5006; x_wconf 80' lang='grc' dir='ltr'>Ῥωμαίων</span> <span class='ocrx_word' id='word_1_703' title='bbox 1741 4934 1926 5011; x_wconf 78' lang='grc' dir='ltr'>ἐγχει-</span> 
     </span>
    </p>
   </div>
   <div class='ocr_carea' id='block_1_100' title="bbox 264 5016 1920 5095">
    <p class='ocr_par' dir='ltr' id='par_1_100' title="bbox 264 5016 1920 5095">
     <span class='ocr_line' id='line_1_100' title="bbox 264 5016 1920 5095; baseline 0.007 -25"><span class='ocrx_word' id='word_1_704' title='bbox 264 5016 474 5091; x_wconf 86' lang='grc' dir='ltr'>ρισθεὶς</span> <span class='ocrx_word' id='word_1_705' title='bbox 506 5016 685 5073; x_wconf 76' lang='grc' dir='ltr'>οὐκετι</span> <span class='ocrx_word' id='word_1_706' title='bbox 716 5018 777 5073; x_wconf 80' lang='grc' dir='ltr'>ἐκ</span> <span class='ocrx_word' id='word_1_707' title='bbox 803 5023 900 5074; x_wconf 75' lang='grc' dir='ltr'><strong>τοῦ</strong></span> <span class='ocrx_word' id='word_1_708' title='bbox 949 5020 1329 5093; x_wconf 85' lang='grc' dir='ltr'>Ἀσαμωναίου</span> <span class='ocrx_word' id='word_1_709' title='bbox 1375 5017 1564 5095; x_wconf 82' lang='grc' dir='ltr'>γένους</span> <span class='ocrx_word' id='word_1_710' title='bbox 1607 5024 1920 5094; x_wconf 83' lang='grc' dir='ltr'>καθίστησιν</span> 
     </span>
    </p>
   </div>
   <div class='ocr_carea' id='block_1_101' title="bbox 262 5106 1918 5189">
    <p class='ocr_par' dir='ltr' id='par_1_101' title="bbox 262 5106 1918 5189">
     <span class='ocr_line' id='line_1_101' title="bbox 262 5106 1918 5189; baseline 0.004 -28"><span class='ocrx_word' id='word_1_711' title='bbox 262 5106 572 5186; x_wconf 85' lang='grc' dir='ltr'>ἀρχιερεῖς,</span> <span class='ocrx_word' id='word_1_712' title='bbox 603 5107 853 5181; x_wconf 76' lang='grc' dir='ltr'>ἀσήμους</span> <span class='ocrx_word' id='word_1_713' title='bbox 885 5106 943 5164; x_wconf 78' lang='grc' dir='ltr'><strong>δὲ.</strong></span> <span class='ocrx_word' id='word_1_714' title='bbox 972 5130 1120 5173; x_wconf 87' lang='grc' dir='ltr'>τινας</span> <span class='ocrx_word' id='word_1_715' title='bbox 1152 5111 1238 5165; x_wconf 87' lang='grc' dir='ltr'>καὶ</span> <span class='ocrx_word' id='word_1_716' title='bbox 1294 5110 1459 5183; x_wconf 89' lang='grc' dir='ltr'>μόνον</span> <span class='ocrx_word' id='word_1_717' title='bbox 1491 5112 1544 5183; x_wconf 78' lang='grc' dir='ltr'>ἐξ</span> <span class='ocrx_word' id='word_1_718' title='bbox 1593 5113 1780 5189; x_wconf 78' lang='grc' dir='ltr'>ἰερέων</span> <span class='ocrx_word' id='word_1_719' title='bbox 1828 5111 1918 5168; x_wconf 79' lang='grc' dir='ltr'><strong>ὅν-</strong></span> 
     </span>
    </p>
   </div>
   <div class='ocr_carea' id='block_1_102' title="bbox 259 5195 1922 5274">
    <p class='ocr_par' dir='ltr' id='par_1_102' title="bbox 259 5195 1922 5274">
     <span class='ocr_line' id='line_1_102' title="bbox 259 5195 1922 5274; baseline 0.005 -23"><span class='ocrx_word' id='word_1_720' title='bbox 259 5217 389 5267; x_wconf 89' lang='grc' dir='ltr'>τας,</span> <span class='ocrx_word' id='word_1_721' title='bbox 430 5195 580 5267; x_wconf 74' lang='grc' dir='ltr'>πλὴν</span> <span class='ocrx_word' id='word_1_722' title='bbox 632 5197 772 5260; x_wconf 71' lang='grc' dir='ltr'>ἑνός·</span> <span class='ocrx_word' id='word_1_723' title='bbox 823 5196 1248 5274; x_wconf 76' lang='grc' dir='ltr'>Ἀριστόϐουλος</span> <span class='ocrx_word' id='word_1_724' title='bbox 1294 5198 1341 5256; x_wconf 89' lang='grc' dir='ltr'>δ’</span> <span class='ocrx_word' id='word_1_725' title='bbox 1380 5202 1446 5271; x_wconf 80' lang='grc' dir='ltr'><strong>ἧν</strong></span> <span class='ocrx_word' id='word_1_726' title='bbox 1497 5204 1675 5273; x_wconf 75' lang='grc' dir='ltr'>οὗτος,</span> <span class='ocrx_word' id='word_1_727' title='bbox 1725 5204 1922 5266; x_wconf 75' lang='grc' dir='ltr'>υἱωνὸς</span> 
     </span>
    </p>
   </div>
   <div class='ocr_carea' id='block_1_103' title="bbox 264 5283 1922 5366">
    <p class='ocr_par' dir='ltr' id='par_1_103' title="bbox 264 5283 1922 5366">
     <span class='ocr_line' id='line_1_103' title="bbox 264 5283 1922 5366; baseline 0.005 -27"><span class='ocrx_word' id='word_1_728' title='bbox 264 5283 316 5340; x_wconf 86' lang='grc' dir='ltr'>δ’</span> <span class='ocrx_word' id='word_1_729' title='bbox 347 5287 416 5355; x_wconf 79' lang='grc' dir='ltr'>ἦν</span> <span class='ocrx_word' id='word_1_730' title='bbox 450 5286 618 5352; x_wconf 85' lang='grc' dir='ltr'>οὗτος</span> <span class='ocrx_word' id='word_1_731' title='bbox 666 5286 724 5343; x_wconf 81' lang='grc' dir='ltr'>ἐκ</span> <span class='ocrx_word' id='word_1_732' title='bbox 773 5291 1034 5366; x_wconf 86' lang='grc' dir='ltr'>Θυγατρὸς</span> <span class='ocrx_word' id='word_1_733' title='bbox 1080 5290 1334 5364; x_wconf 80' lang='grc' dir='ltr'>Ὑρκανοῦ</span> <span class='ocrx_word' id='word_1_734' title='bbox 1380 5295 1478 5345; x_wconf 79' lang='grc' dir='ltr'><strong>τοῦ</strong></span> <span class='ocrx_word' id='word_1_735' title='bbox 1536 5292 1639 5347; x_wconf 81' lang='grc' dir='ltr'>ὑπὸ</span> <span class='ocrx_word' id='word_1_736' title='bbox 1695 5290 1922 5366; x_wconf 81' lang='grc' dir='ltr'>Πάρθων</span> 
     </span>
    </p>
   </div>
   <div class='ocr_carea' id='block_1_104' title="bbox 264 5374 1920 5459">
    <p class='ocr_par' dir='ltr' id='par_1_104' title="bbox 264 5374 1920 5459">
     <span class='ocr_line' id='line_1_104' title="bbox 264 5374 1920 5459; baseline 0.007 -29"><span class='ocrx_word' id='word_1_737' title='bbox 264 5374 594 5456; x_wconf 69' lang='grc' dir='ltr'>ληφθέντος,</span> <span class='ocrx_word' id='word_1_738' title='bbox 629 5378 691 5432; x_wconf 78' lang='grc' dir='ltr'><strong>οὗ</strong></span> <span class='ocrx_word' id='word_1_739' title='bbox 719 5380 811 5433; x_wconf 81' lang='grc' dir='ltr'>καὶ</span> <span class='ocrx_word' id='word_1_740' title='bbox 849 5382 919 5454; x_wconf 80' lang='grc' dir='ltr'><strong>τῇ</strong></span> <span class='ocrx_word' id='word_1_741' title='bbox 965 5377 1175 5458; x_wconf 78' lang='grc' dir='ltr'>ἀδελφῇ</span> <span class='ocrx_word' id='word_1_742' title='bbox 1210 5384 1253 5420; x_wconf 81' lang='grc'>²¹</span> <span class='ocrx_word' id='word_1_743' title='bbox 1307 5384 1535 5456; x_wconf 80' lang='grc' dir='ltr'>συνῴκει</span> <span class='ocrx_word' id='word_1_744' title='bbox 1584 5384 1920 5459; x_wconf 79' lang='grc' dir='ltr'>Μαριάμμῃ.</span> 
     </span>
    </p>
   </div>
   <div class='ocr_carea' id='block_1_105' title="bbox 2037 4483 3674 4559">
    <p class='ocr_par' dir='ltr' id='par_1_105' title="bbox 2037 4483 3674 4559">
     <span class='ocr_line' id='line_1_105' title="bbox 2037 4483 3674 4559; baseline -0.003 -14"><span class='ocrx_word' id='word_1_745' title='bbox 2037 4489 2241 4545; x_wconf 87' lang='lat' dir='ltr'><strong>cussit.</strong></span> <span class='ocrx_word' id='word_1_746' title='bbox 2276 4487 2539 4559; x_wconf 84' lang='lat' dir='ltr'><strong>Regnum</strong></span> <span class='ocrx_word' id='word_1_747' title='bbox 2575 4489 2771 4540; x_wconf 86' lang='lat' dir='ltr'><strong>autem</strong></span> <span class='ocrx_word' id='word_1_748' title='bbox 2831 4484 3085 4541; x_wconf 86' lang='lat' dir='ltr'><strong>Herodes</strong></span> <span class='ocrx_word' id='word_1_749' title='bbox 3142 4501 3175 4537; x_wconf 89' lang='lat' dir='ltr'><strong>a</strong></span> <span class='ocrx_word' id='word_1_750' title='bbox 3224 4483 3498 4540; x_wconf 78' lang='lat' dir='ltr'><strong>Romanis</strong></span> <span class='ocrx_word' id='word_1_751' title='bbox 3539 4486 3674 4541; x_wconf 89' lang='lat' dir='ltr'><strong>ade-</strong></span> 
     </span>
    </p>
   </div>
   <div class='ocr_carea' id='block_1_106' title="bbox 2038 4573 3675 4650">
    <p class='ocr_par' dir='ltr' id='par_1_106' title="bbox 2038 4573 3675 4650">
     <span class='ocr_line' id='line_1_106' title="bbox 2038 4573 3675 4650; baseline -0.001 -17"><span class='ocrx_word' id='word_1_752' title='bbox 2038 4585 2192 4650; x_wconf 91' lang='lat' dir='ltr'><strong>ptus,</strong></span> <span class='ocrx_word' id='word_1_753' title='bbox 2227 4594 2338 4632; x_wconf 90' lang='lat' dir='ltr'><strong>non</strong></span> <span class='ocrx_word' id='word_1_754' title='bbox 2360 4575 2668 4647; x_wconf 85' lang='lat' dir='ltr'><strong>ampliuse</strong></span> <span class='ocrx_word' id='word_1_755' title='bbox 2710 4590 2919 4646; x_wconf 85' lang='lat' dir='ltr'><strong>genere</strong></span> <span class='ocrx_word' id='word_1_756' title='bbox 2980 4575 3322 4629; x_wconf 74' lang='lat' dir='ltr'><strong>Asamonaao</strong></span> <span class='ocrx_word' id='word_1_757' title='bbox 3372 4573 3675 4644; x_wconf 89' lang='lat' dir='ltr'><strong>pontiﬁces</strong></span> 
     </span>
    </p>
   </div>
   <div class='ocr_carea' id='block_1_107' title="bbox 2035 4662 3676 4735">
    <p class='ocr_par' dir='ltr' id='par_1_107' title="bbox 2035 4662 3676 4735">
     <span class='ocr_line' id='line_1_107' title="bbox 2035 4662 3676 4735; baseline -0.003 -11"><span class='ocrx_word' id='word_1_758' title='bbox 2035 4665 2375 4724; x_wconf 88' lang='lat' dir='ltr'><strong>constituit:</strong></span> <span class='ocrx_word' id='word_1_759' title='bbox 2410 4664 2685 4720; x_wconf 87' lang='lat' dir='ltr'><strong>obscuros</strong></span> <span class='ocrx_word' id='word_1_760' title='bbox 2713 4679 2846 4719; x_wconf 88' lang='lat' dir='ltr'><strong>vero</strong></span> <span class='ocrx_word' id='word_1_761' title='bbox 2877 4662 3127 4735; x_wconf 86' lang='lat' dir='ltr'><strong>aliquos,</strong></span> <span class='ocrx_word' id='word_1_762' title='bbox 3162 4668 3219 4717; x_wconf 90' lang='lat' dir='ltr'><strong>et</strong></span> <span class='ocrx_word' id='word_1_763' title='bbox 3263 4662 3455 4717; x_wconf 88' lang='lat' dir='ltr'><strong>solum</strong></span> <span class='ocrx_word' id='word_1_764' title='bbox 3514 4679 3544 4717; x_wconf 93' lang='lat' dir='ltr'><strong>e</strong></span> <span class='ocrx_word' id='word_1_765' title='bbox 3587 4680 3676 4719; x_wconf 89' lang='lat' dir='ltr'><strong>sa-</strong></span> 
     </span>
    </p>
   </div>
   <div class='ocr_carea' id='block_1_108' title="bbox 2036 4751 3674 4825">
    <p class='ocr_par' dir='ltr' id='par_1_108' title="bbox 2036 4751 3674 4825">
     <span class='ocr_line' id='line_1_108' title="bbox 2036 4751 3674 4825; baseline -0.005 -11"><span class='ocrx_word' id='word_1_766' title='bbox 2036 4756 2373 4814; x_wconf 89' lang='lat' dir='ltr'><strong>cerdotibus</strong></span> <span class='ocrx_word' id='word_1_767' title='bbox 2403 4755 2703 4820; x_wconf 88' lang='lat' dir='ltr'><strong>oriundos,</strong></span> <span class='ocrx_word' id='word_1_768' title='bbox 2749 4758 2955 4825; x_wconf 63' lang='lat' dir='ltr'><strong>praeter</strong></span> <span class='ocrx_word' id='word_1_769' title='bbox 3013 4769 3195 4807; x_wconf 90' lang='lat' dir='ltr'><strong>unum</strong></span> <span class='ocrx_word' id='word_1_770' title='bbox 3247 4751 3674 4818; x_wconf 86' lang='lat' dir='ltr'><strong>Aristobulum,</strong></span> 
     </span>
    </p>
   </div>
   <div class='ocr_carea' id='block_1_109' title="bbox 2035 4842 3676 4919">
    <p class='ocr_par' dir='ltr' id='par_1_109' title="bbox 2035 4842 3676 4919">
     <span class='ocr_line' id='line_1_109' title="bbox 2035 4842 3676 4919; baseline -0.004 -15"><span class='ocrx_word' id='word_1_771' title='bbox 2035 4853 2306 4919; x_wconf 84' lang='lat' dir='ltr'><strong>nepotem</strong></span> <span class='ocrx_word' id='word_1_772' title='bbox 2367 4862 2398 4902; x_wconf 93' lang='lat' dir='ltr'><strong>e</strong></span> <span class='ocrx_word' id='word_1_773' title='bbox 2447 4844 2569 4900; x_wconf 89' lang='lat' dir='ltr'><strong>ﬁlia</strong></span> <span class='ocrx_word' id='word_1_774' title='bbox 2626 4843 2877 4913; x_wconf 80' lang='lat' dir='ltr'><strong>Hyrcani</strong></span> <span class='ocrx_word' id='word_1_775' title='bbox 2912 4860 2945 4898; x_wconf 90' lang='lat' dir='ltr'><strong>a</strong></span> <span class='ocrx_word' id='word_1_776' title='bbox 3002 4842 3229 4898; x_wconf 86' lang='lat' dir='ltr'><strong>Parthis</strong></span> <span class='ocrx_word' id='word_1_777' title='bbox 3274 4842 3447 4913; x_wconf 88' lang='lat' dir='ltr'><strong>capti,</strong></span> <span class='ocrx_word' id='word_1_778' title='bbox 3507 4843 3676 4913; x_wconf 87' lang='lat' dir='ltr'><strong>cujus</strong></span> 
     </span>
    </p>
   </div>
   <div class='ocr_carea' id='block_1_110' title="bbox 2035 4930 3679 4993">
    <p class='ocr_par' dir='ltr' id='par_1_110' title="bbox 2035 4930 3679 4993">
     <span class='ocr_line' id='line_1_110' title="bbox 2035 4930 3679 4993; baseline -0.004 0"><span class='ocrx_word' id='word_1_779' title='bbox 2035 4953 2201 4993; x_wconf 90' lang='lat' dir='ltr'><strong>soror</strong></span> <span class='ocrx_word' id='word_1_780' title='bbox 2220 4951 2354 4990; x_wconf 91' lang='lat' dir='ltr'><strong>cum</strong></span> <span class='ocrx_word' id='word_1_781' title='bbox 2376 4934 2686 4989; x_wconf 85' lang='lat' dir='ltr'><strong>Mariamne</strong></span> <span class='ocrx_word' id='word_1_782' title='bbox 2715 4933 2877 4989; x_wconf 86' lang='lat' dir='ltr'><strong>vixit.</strong></span> <span class='ocrx_word' id='word_1_783' title='bbox 2911 4931 3077 4988; x_wconf 89' lang='lat' dir='ltr'><strong>Hunc</strong></span> <span class='ocrx_word' id='word_1_784' title='bbox 3105 4930 3507 4987; x_wconf 76' lang='lat' dir='ltr'><strong>Aristobulum</strong></span> <span class='ocrx_word' id='word_1_785' title='bbox 3550 4946 3679 4986; x_wconf 79' lang='lat' dir='ltr'><strong>me-</strong></span> 
     </span>
    </p>
   </div>
   <div class='ocr_carea' id='block_1_111' title="bbox 2034 5020 3681 5095">
    <p class='ocr_par' dir='ltr' id='par_1_111' title="bbox 2034 5020 3681 5095">
     <span class='ocr_line' id='line_1_111' title="bbox 2034 5020 3681 5095; baseline -0.004 -13"><span class='ocrx_word' id='word_1_786' title='bbox 2034 5031 2209 5082; x_wconf 90' lang='lat' dir='ltr'><strong>tuens</strong></span> <span class='ocrx_word' id='word_1_787' title='bbox 2232 5032 2508 5095; x_wconf 88' lang='lat' dir='ltr'><strong>tanquam</strong></span> <span class='ocrx_word' id='word_1_788' title='bbox 2534 5021 2807 5090; x_wconf 84' lang='lat' dir='ltr'><strong>nobilem,</strong></span> <span class='ocrx_word' id='word_1_789' title='bbox 2837 5030 2890 5077; x_wconf 91' lang='lat' dir='ltr'><strong>et</strong></span> <span class='ocrx_word' id='word_1_790' title='bbox 2911 5037 3014 5093; x_wconf 88' lang='lat' dir='ltr'><strong>per</strong></span> <span class='ocrx_word' id='word_1_791' title='bbox 3055 5036 3118 5076; x_wconf 92' lang='lat' dir='ltr'><strong>se</strong></span> <span class='ocrx_word' id='word_1_792' title='bbox 3176 5020 3577 5092; x_wconf 84' lang='lat' dir='ltr'><strong>conspicuum,</strong></span> <span class='ocrx_word' id='word_1_793' title='bbox 3610 5036 3681 5076; x_wconf 91' lang='lat' dir='ltr'><strong>ne</strong></span> 
     </span>
    </p>
   </div>
   <div class='ocr_carea' id='block_1_112' title="bbox 2043 5109 3684 5187">
    <p class='ocr_par' dir='ltr' id='par_1_112' title="bbox 2043 5109 3684 5187">
     <span class='ocr_line' id='line_1_112' title="bbox 2043 5109 3684 5187; baseline -0.004 -15"><span class='ocrx_word' id='word_1_794' title='bbox 2043 5116 2292 5187; x_wconf 90' lang='lat' dir='ltr'><strong>populus</strong></span> <span class='ocrx_word' id='word_1_795' title='bbox 2325 5115 2394 5170; x_wconf 90' lang='lat' dir='ltr'><strong>ad</strong></span> <span class='ocrx_word' id='word_1_796' title='bbox 2421 5129 2553 5169; x_wconf 90' lang='lat' dir='ltr'><strong>eum</strong></span> <span class='ocrx_word' id='word_1_797' title='bbox 2590 5112 2915 5172; x_wconf 84' lang='lat' dir='ltr'><strong>inclinaret,</strong></span> <span class='ocrx_word' id='word_1_798' title='bbox 2972 5110 3307 5167; x_wconf 85' lang='lat' dir='ltr'><strong>Jerichunte</strong></span> <span class='ocrx_word' id='word_1_799' title='bbox 3364 5110 3423 5165; x_wconf 89' lang='lat' dir='ltr'><strong>in</strong></span> <span class='ocrx_word' id='word_1_800' title='bbox 3457 5109 3684 5181; x_wconf 90' lang='lat' dir='ltr'><strong>piscina</strong></span> 
     </span>
    </p>
   </div>
   <div class='ocr_carea' id='block_1_113' title="bbox 2035 5198 3678 5274">
    <p class='ocr_par' dir='ltr' id='par_1_113' title="bbox 2035 5198 3678 5274">
     <span class='ocr_line' id='line_1_113' title="bbox 2035 5198 3678 5274; baseline -0.005 -12"><span class='ocrx_word' id='word_1_801' title='bbox 2035 5206 2304 5262; x_wconf 77' lang='lat' dir='ltr'><strong>suffocari</strong></span> <span class='ocrx_word' id='word_1_802' title='bbox 2327 5202 2530 5274; x_wconf 88' lang='lat' dir='ltr'><strong>jussit.</strong></span> <span class='ocrx_word' id='word_1_803' title='bbox 2560 5201 2642 5257; x_wconf 93' lang='lat' dir='ltr'><strong>De</strong></span> <span class='ocrx_word' id='word_1_804' title='bbox 2673 5201 3041 5257; x_wconf 87' lang='lat' dir='ltr'><strong>sacerdotum</strong></span> <span class='ocrx_word' id='word_1_805' title='bbox 3073 5198 3491 5255; x_wconf 87' lang='lat' dir='ltr'><strong>constitutione</strong></span> <span class='ocrx_word' id='word_1_806' title='bbox 3512 5199 3678 5254; x_wconf 89' lang='lat' dir='ltr'><strong>simi-</strong></span> 
     </span>
    </p>
   </div>
   <div class='ocr_carea' id='block_1_114' title="bbox 2036 5287 3686 5361">
    <p class='ocr_par' dir='ltr' id='par_1_114' title="bbox 2036 5287 3686 5361">
     <span class='ocr_line' id='line_1_114' title="bbox 2036 5287 3686 5361; baseline -0.005 -11"><span class='ocrx_word' id='word_1_807' title='bbox 2036 5296 2114 5351; x_wconf 85' lang='lat' dir='ltr'><strong>lia</strong></span> <span class='ocrx_word' id='word_1_808' title='bbox 2145 5293 2388 5349; x_wconf 91' lang='lat' dir='ltr'><strong>molitus</strong></span> <span class='ocrx_word' id='word_1_809' title='bbox 2415 5291 2578 5346; x_wconf 86' lang='lat' dir='ltr'><strong>ﬁlius</strong></span> <span class='ocrx_word' id='word_1_810' title='bbox 2609 5290 2734 5361; x_wconf 77' lang='lat' dir='ltr'><strong>ejus</strong></span> <span class='ocrx_word' id='word_1_811' title='bbox 2767 5289 3183 5359; x_wconf 80' lang='lat' dir='ltr'><strong>Archelaus,et</strong></span> <span class='ocrx_word' id='word_1_812' title='bbox 3213 5292 3344 5361; x_wconf 89' lang='lat' dir='ltr'><strong>post</strong></span> <span class='ocrx_word' id='word_1_813' title='bbox 3365 5288 3536 5343; x_wconf 91' lang='lat' dir='ltr'><strong>illum</strong></span> <span class='ocrx_word' id='word_1_814' title='bbox 3578 5287 3686 5343; x_wconf 84' lang='lat' dir='ltr'><strong>Ro-</strong></span> 
     </span>
    </p>
   </div>
   <div class='ocr_carea' id='block_1_115' title="bbox 2034 5376 3680 5455">
    <p class='ocr_par' dir='ltr' id='par_1_115' title="bbox 2034 5376 3680 5455">
     <span class='ocr_line' id='line_1_115' title="bbox 2034 5376 3680 5455; baseline -0.005 -15"><span class='ocrx_word' id='word_1_815' title='bbox 2034 5383 2213 5451; x_wconf 91' lang='lat' dir='ltr'><strong>mani,</strong></span> <span class='ocrx_word' id='word_1_816' title='bbox 2261 5382 2363 5455; x_wconf 88' lang='lat' dir='ltr'><strong>qui</strong></span> <span class='ocrx_word' id='word_1_817' title='bbox 2412 5380 2721 5453; x_wconf 90' lang='lat' dir='ltr'><strong>imperium</strong></span> <span class='ocrx_word' id='word_1_818' title='bbox 2776 5379 3131 5436; x_wconf 82' lang='lat' dir='ltr'><strong>invaserunt.</strong></span> <span class='ocrx_word' id='word_1_819' title='bbox 3181 5378 3333 5434; x_wconf 91' lang='lat' dir='ltr'><strong>Sunt</strong></span> <span class='ocrx_word' id='word_1_820' title='bbox 3379 5376 3562 5448; x_wconf 82' lang='lat' dir='ltr'><strong>igitur</strong></span> <span class='ocrx_word' id='word_1_821' title='bbox 3608 5378 3680 5433; x_wconf 90' lang='lat' dir='ltr'><strong>ab</strong></span> 
     </span>
    </p>
   </div>
   <div class='ocr_carea' id='block_1_116' title="bbox 1627 5492 2321 5551">
    <p class='ocr_par' dir='ltr' id='par_1_116' title="bbox 1627 5492 2321 5551">
     <span class='ocr_line' id='line_1_116' title="bbox 1627 5492 2321 5551; baseline -0.006 -1"><span class='ocrx_word' id='word_1_822' title='bbox 1627 5494 1874 5551; x_wconf 77' lang='lat' dir='ltr'><strong>VARle</strong></span> <span class='ocrx_word' id='word_1_823' title='bbox 1913 5492 2210 5550; x_wconf 83' lang='lat' dir='ltr'><strong>LEGTION</strong></span> <span class='ocrx_word' id='word_1_824' title='bbox 2218 5492 2321 5549; x_wconf 87' lang='lat' dir='ltr'><strong>ES.</strong></span> 
     </span>
    </p>
   </div>
   <div class='ocr_carea' id='block_1_117' title="bbox 347 5581 1880 5662">
    <p class='ocr_par' dir='ltr' id='par_1_117' title="bbox 347 5581 1880 5662">
     <span class='ocr_line' id='line_1_117' title="bbox 347 5581 1880 5662; baseline 0.007 -24"><span class='ocrx_word' id='word_1_825' title='bbox 347 5586 394 5624; x_wconf 71' lang='lat'><strong>15</strong></span> <span class='ocrx_word' id='word_1_826' title='bbox 425 5581 786 5662; x_wconf 78' lang='grc' dir='ltr'>δειμαμένους</span> <span class='ocrx_word' id='word_1_827' title='bbox 843 5591 1228 5649; x_wconf 70' lang='lat' dir='ltr'><strong>Haaschelius.</strong></span> <span class='ocrx_word' id='word_1_828' title='bbox 1278 5593 1450 5650; x_wconf 85' lang='lat' dir='ltr'><strong>Deest</strong></span> <span class='ocrx_word' id='word_1_829' title='bbox 1489 5599 1682 5651; x_wconf 89' lang='lat' dir='ltr'><strong>autem</strong></span> <span class='ocrx_word' id='word_1_830' title='bbox 1731 5594 1880 5648; x_wconf 86' lang='grc' dir='ltr'>ναόν.</span> 
     </span>
    </p>
   </div>
   <div class='ocr_carea' id='block_1_118' title="bbox 268 5657 964 5733">
    <p class='ocr_par' dir='ltr' id='par_1_118' title="bbox 268 5657 964 5733">
     <span class='ocr_line' id='line_1_118' title="bbox 268 5657 964 5733; baseline 0.009 -19"><span class='ocrx_word' id='word_1_831' title='bbox 268 5657 321 5695; x_wconf 83' lang='grc'>¹⁹</span> <span class='ocrx_word' id='word_1_832' title='bbox 351 5660 471 5719; x_wconf 78' lang='grc' dir='ltr'>τοῖς</span> <span class='ocrx_word' id='word_1_833' title='bbox 501 5657 636 5733; x_wconf 76' lang='lat' dir='ltr'><strong>post</strong></span> <span class='ocrx_word' id='word_1_834' title='bbox 662 5662 707 5714; x_wconf 86' lang='grc' dir='ltr'>θ’</span> <span class='ocrx_word' id='word_1_835' title='bbox 738 5664 870 5720; x_wconf 86' lang='lat' dir='ltr'><strong>add.</strong></span> <span class='ocrx_word' id='word_1_836' title='bbox 903 5667 964 5723; x_wconf 90' lang='lat' dir='ltr'><strong>C.</strong></span> 
     </span>
    </p>
   </div>
   <div class='ocr_carea' id='block_1_119' title="bbox 594 5764 1224 5828">
    <p class='ocr_par' dir='ltr' id='par_1_119' title="bbox 594 5764 1224 5828">
     <span class='ocr_line' id='line_1_119' title="bbox 594 5764 1224 5828; baseline 0 -3"><span class='ocrx_word' id='word_1_837' title='bbox 594 5764 865 5828; x_wconf 66' lang='lat' dir='ltr'><strong>Parma.</strong></span> <span class='ocrx_word' id='word_1_838' title='bbox 912 5769 1024 5827; x_wconf 75' lang='lat' dir='ltr'><strong>Gn.</strong></span> <span class='ocrx_word' id='word_1_839' title='bbox 1073 5765 1224 5827; x_wconf 88' lang='lat' dir='ltr'><strong>Clll.</strong></span> 
     </span>
    </p>
   </div>
   <div class='ocr_carea' id='block_1_120' title="bbox 2624 5585 3679 5660">
    <p class='ocr_par' dir='ltr' id='par_1_120' title="bbox 2624 5585 3679 5660">
     <span class='ocr_line' id='line_1_120' title="bbox 2624 5585 3679 5660; baseline -0.002 -17"><span class='ocrx_word' id='word_1_840' title='bbox 2624 5591 2667 5625; x_wconf 70' lang='grc'>⁸⁷</span> <span class='ocrx_word' id='word_1_841' title='bbox 2704 5590 2738 5657; x_wconf 75' lang='grc' dir='ltr'>ἡ</span> <span class='ocrx_word' id='word_1_842' title='bbox 2772 5590 2845 5644; x_wconf 87' lang='lat' dir='ltr'>C:</span> <span class='ocrx_word' id='word_1_843' title='bbox 2878 5587 3017 5657; x_wconf 84' lang='grc' dir='ltr'><strong>αύτὴ</strong></span> <span class='ocrx_word' id='word_1_844' title='bbox 3243 5587 3286 5623; x_wconf 70' lang='grc'><strong>⁸⁸</strong></span> <span class='ocrx_word' id='word_1_845' title='bbox 3322 5585 3419 5653; x_wconf 77' lang='grc' dir='ltr'><strong>τήν</strong></span> <span class='ocrx_word' id='word_1_846' title='bbox 3449 5586 3585 5643; x_wconf 88' lang='lat' dir='ltr'><strong>add.</strong></span> <span class='ocrx_word' id='word_1_847' title='bbox 3618 5588 3679 5642; x_wconf 89' lang='lat' dir='ltr'><strong>C.</strong></span> 
     </span>
    </p>
   </div>
   <div class='ocr_carea' id='block_1_121' title="bbox 1987 5588 2488 5675">
    <p class='ocr_par' dir='ltr' id='par_1_121' title="bbox 1987 5588 2488 5675">
     <span class='ocr_line' id='line_1_121' title="bbox 1987 5588 2488 5675; baseline -0.004 2"><span class='ocrx_word' id='word_1_848' title='bbox 1987 5592 2031 5628; x_wconf 78' lang='grc'>¹⁶</span> <span class='ocrx_word' id='word_1_849' title='bbox 2059 5588 2387 5675; x_wconf 44' lang='lat' dir='ltr'><strong>“esitare.</strong></span> <span class='ocrx_word' id='word_1_850' title='bbox 2428 5592 2488 5675; x_wconf 63' lang='grc' dir='ltr'><strong>(ὲ</strong></span> 
     </span>
    </p>
   </div>
   <div class='ocr_carea' id='block_1_122' title="bbox 1070 5658 2520 5740">
    <p class='ocr_par' dir='ltr' id='par_1_122' title="bbox 1070 5658 2520 5740">
     <span class='ocr_line' id='line_1_122' title="bbox 1070 5658 2520 5740; baseline -0.021 6"><span class='ocrx_word' id='word_1_851' title='bbox 1070 5665 1118 5700; x_wconf 85' lang='grc'><strong>²⁰</strong></span> <span class='ocrx_word' id='word_1_852' title='bbox 1159 5662 1396 5740; x_wconf 69' lang='grc' dir='ltr'>ζωγρίαν</span> <span class='ocrx_word' id='word_1_853' title='bbox 1432 5664 1513 5739; x_wconf 79' lang='grc' dir='ltr'><strong>ς.</strong></span> <span class='ocrx_word' id='word_1_854' title='bbox 1592 5666 1635 5702; x_wconf 75' lang='grc'><strong>²¹</strong></span> <span class='ocrx_word' id='word_1_855' title='bbox 1669 5667 1736 5738; x_wconf 74' lang='grc' dir='ltr'>τῇ</span> <span class='ocrx_word' id='word_1_856' title='bbox 1770 5662 1978 5738; x_wconf 62' lang='grc' dir='ltr'>ἀδελφῇ</span> <span class='ocrx_word' id='word_1_857' title='bbox 2011 5668 2087 5721; x_wconf 78' lang='lat' dir='ltr'><strong>c:</strong></span> <span class='ocrx_word' id='word_1_858' title='bbox 2120 5658 2154 5734; x_wconf 77' lang='grc' dir='ltr'>ἦ</span> <span class='ocrx_word' id='word_1_859' title='bbox 2188 5658 2397 5739; x_wconf 58' lang='grc' dir='ltr'>ἀδελφὴ</span> <span class='ocrx_word' id='word_1_860' title='bbox 2441 5660 2520 5735; x_wconf 73' lang='grc' dir='ltr'>ς.</span> 
     </span>
    </p>
   </div>
   <div class='ocr_carea' id='block_1_123' title="bbox 3275 5761 3351 5818">
    <p class='ocr_par' dir='ltr' id='par_1_123' title="bbox 3275 5761 3351 5818">
     <span class='ocr_line' id='line_1_123' title="bbox 3275 5761 3351 5818; baseline 0 0"><span class='ocrx_word' id='word_1_861' title='bbox 3275 5761 3351 5818; x_wconf 83' lang='grc'><strong>38</strong></span> 
     </span>
    </p>
   </div>
  </div>
