4138 6224
480 383 636 446 1203

1675 372 1936 432 ΡΗΟΤΙΙ
1985 370 2513 431 ΡΑΤΒΙΑΒΟΗλΕ
2556 371 2673 430 CP.

3734 367 3888 427 1204

482 530 679 573 norem
709 526 908 570 eorum
940 508 1040 580 qui
1067 506 1363 562 victoriam
1412 505 1611 559 essent
1630 502 1845 573 adepti,
1869 503 2119 559 conscri-

2258 521 2313 555 ἰν
2346 503 2389 537 ’⁸
2420 500 2474 555 ἐν
2505 505 2621 561 τοῖς
2674 501 2875 575 ἀγῶσιν
2925 499 3204 577 ἐγράφετο.
3236 500 3307 553 Τὸ
3358 496 3416 554 δὲ
3446 499 3673 554 σκολιον
3722 497 3889 571 μέλος

482 605 754 661 behatur.
787 598 1041 664 Scolion,
1084 609 1317 651 carmen
1370 591 1540 664 quasi
1589 591 1915 662 obliquum,
1975 591 2127 648 inter

484 692 691 766 pocula
765 687 1174 745 accinebatur:
1237 683 1389 739 unde
1450 679 1762 754 Παροίνιον,
1823 681 1932 737 hoc
2014 685 2127 750 est,

492 777 865 838 debacchatio
886 775 1199 840 vinolenta,
1236 772 1543 843 aliquando
1592 775 1681 827 est
1708 769 2070 842 appellatum
2112 785 2126 823 :

490 867 802 925 remissum
832 881 965 921 vero
997 861 1433 933 compositione,
1466 863 1523 916 et
1562 858 1810 930 simplex
1854 858 2129 913 maxime.

490 959 722 1016 Dictum
757 971 909 1022 vero,
934 949 1177 1022 σκολιόν,
1217 966 1333 1007 non
1392 953 1456 1004 ut
1504 949 1859 1021 quibusdam
1918 947 2132 1020 placuit

491 1064 591 1119 per
620 1044 960 1122 ἀντίφρασιν,
1013 1059 1140 1114 quae
1202 1047 1265 1096 ut
1313 1038 1629 1111 plurimum
1688 1038 1907 1095 bonum
1962 1053 2131 1092 omen

494 1136 862 1210 propositum
893 1133 1088 1202 habet,
1121 1148 1237 1187 non
1270 1133 1471 1184 contra
1498 1129 1718 1183 bonum
1752 1142 1920 1183 omen
1953 1127 2011 1181 in
2061 1127 2137 1181 si-

498 1229 750 1283 nistrum
783 1222 1053 1279 traducit.
1089 1221 1196 1276 Sed
1228 1219 1380 1290 quod
1418 1217 1833 1289 praeoccupatis
1857 1217 1978 1286 jam
2008 1233 2135 1273 sen-

504 1332 679 1373 suum
710 1310 1134 1375 instrumentis,
1159 1319 1212 1366 et
1241 1308 1608 1364 auditoribus
1640 1308 1771 1361 vino
1804 1306 2135 1377 languenti-

495 1407 629 1472 bus,
687 1408 829 1459 tunc
895 1401 1162 1457 barbiton
1257 1399 1316 1453 in
1402 1396 1727 1452 convivium
1809 1395 2136 1461 inferretur,

500 1494 837 1566 singulique
852 1489 1295 1556 debacchantes,
1318 1503 1431 1541 non
1448 1486 1571 1542 sine
1588 1485 1834 1539 maximo
1860 1484 2135 1555 periculo,

498 1585 569 1640 ad
598 1597 832 1639 carmen
864 1579 1005 1635 illud
1042 1576 1447 1648 proferendum
1480 1575 1939 1629 incurvarentur.
1975 1575 2138 1639 Quod

497 1675 678 1747 igitur
708 1670 854 1743 ipsis
886 1668 1187 1725 accidebat
1218 1668 1452 1736 propter
1498 1664 1862 1729 ebrietatem,
1923 1664 2032 1719 hoc
2082 1663 2141 1719 in

498 1777 727 1818 carmen
751 1759 1150 1824 traducentes,
1166 1755 1321 1826 quod
1336 1754 1777 1825 simplicissima
1790 1770 1840 1807 m
1861 1757 2005 1823 erat,
2024 1772 2144 1806 σκο-

2235 586 2398 659 ᾕδετο
2430 591 2573 664 παρᾶ
2604 592 2649 627 ²⁹
2692 589 2818 653 τοὺς
2850 591 3052 649 πότους
3088 607 3100 622 ·
3154 587 3240 643 διὸ
3280 589 3371 644 καὶ
3420 588 3710 661 παροίνιον
3758 588 3888 643 αὐτὸ

2238 677 2346 735 ἔσθ’
2395 678 2483 734 ὅτε
2530 677 2788 735 καλοῦσιν
2826 699 2839 713 ⁸
2890 678 3166 752 ἀνειμένον
3207 676 3265 734 δέ
3313 678 3423 735 ἐστι
3466 682 3533 752 τῇ
3576 682 3889 750 κατασκευῇ

2240 770 2330 825 καὶ
2378 765 2751 824 ἁπλούστατον
2808 767 3067 840 μάλιστα.
3118 766 3350 824 Σκολιὸν
3401 765 3458 823 δὲ
3508 765 3754 842 εἴρηται,
3786 765 3892 841 οὺχ

2240 860 2315 920 ὡς
2345 857 2507 921 ἐνίοις
2538 856 2684 928 ἔδοξε
2716 861 2781 926 ³ο,
2823 860 2957 915 κατὰ
3002 859 3314 936 ἀντίφρασιν
3356 859 3442 930 (τὰ
3488 860 3592 932 γαρ
3622 857 3765 912 κατᾶ
3810 857 3895 911 ἆν-

2238 950 2487 1025 τίφρασιν
2516 949 2591 1011 ὡς
2636 948 2830 1003 ἐπίπαν
2862 953 2959 1003 τοῦ
3008 948 3362 1026 εὐφημισμοῦ
3404 950 3760 1023 στοχάζεται,
3797 946 3897 1000 οὐκ

2242 1037 2319 1099 εἷς
2349 1039 2698 1113 κακοφημίαν
2737 1034 3045 1110 μεταϐάλλε
3099 1038 3143 1075 ³¹
3175 1038 3237 1091 τὸ
3277 1035 3570 1113 εὔφημον),
3614 1034 3767 1090 ἂλλὰ
3809 1032 3899 1088 διὰ

2242 1128 2304 1182 τὸ
2334 1127 2897 1202 προκατειλημμένων
2925 1125 3033 1199 ἤδη
3076 1133 3183 1183 τῶν
3216 1128 3585 1203 αἰσθητηρίων
3628 1128 3722 1180 καὶ
3764 1146 3901 1199 παρ-

2245 1216 2473 1290 ειμένων
2511 1216 2644 1290 οἷ’νῳ
2671 1220 2716 1255 ³2
2753 1223 2861 1273 τῶν
2893 1217 3173 1292 ἀκροατῶν
3215 1221 3509 1287 τηνικαῦτα
3552 1215 3898 1293 εἲσφέρεσθαι

2243 1307 2305 1361 τὸ
2350 1302 2605 1381 βάρϐιτον
2644 1308 2719 1369 εἰς
2750 1308 2816 1362 τὰ
2856 1309 3152 1381 συμπόσια,
3192 1307 3283 1361 καὶ
3325 1303 3739 1375 διονυσιάζοντα
3767 1303 3904 1358 ’ἑκα-

2246 1416 2367 1449 στον
2416 1395 2773 1474 ἀκροσφαλῶς
2820 1398 3214 1473 συγκόπτεσθαι
3270 1395 3394 1471 περὶ
3453 1398 3555 1464 τήν
3612 1394 3901 1470 προφορὰν

2247 1490 2345 1552 τῆς
2376 1481 2545 1555 ᾠδῆς·
2577 1487 2749 1559 ’Ὀπερ
2782 1484 2873 1539 οὗν
2915 1482 3153 1559 ἔπασχον
3182 1485 3342 1539 αὐτοῖ
3369 1485 3417 1520 ³³
3447 1481 3536 1539 διὰ
3563 1484 3663 1550 τήν
3707 1483 3901 1554 μέθην,

2246 1576 2409 1627 τοῦτο
2456 1572 2741 1647 τρέψαντες
2799 1574 2874 1635 είς
2929 1574 2992 1629 τὸ
3054 1574 3220 1646 μέλος
3271 1571 3494 1628 σκολιὸν
3543 1572 3782 1626 ἐκάλουν
3844 1571 3903 1624 τὸ

2251 1659 2648 1719 ἁπλούστατον.
2681 1663 2757 1719 Τὰ
2788 1660 2845 1716 δὲ
2876 1662 3107 1736 ἐρωτικά
3156 1659 3328 1731 δῆλον
3369 1660 3451 1716 ὅτι
3502 1666 3783 1736 γυναικῶν
3816 1660 3905 1713 καὶ

2250 1748 2455 1805 παίδων
2533 1751 2622 1805 καὶ
2691 1750 2964 1823 παρθένων
3033 1750 3293 1825 ἐρωτικὰς
3353 1748 3468 1821 ᾅδει
3536 1749 3905 1824 περιστάσεις.

500 1850 644 1918 λιόν,
674 1850 731 1904 id
767 1853 877 1915 est,
919 1849 1248 1912 incurvum,
1280 1848 1337 1898 et
1368 1848 1715 1913 tortuosum,
1748 1843 2141 1914 appellabant.

2258 1840 2446 1893 Καὶτᾶ
2494 1839 2827 1913 ἐπιθαλάμια
2858 1838 2914 1894 δὲ
2960 1846 3076 1901 τοῖς
3107 1839 3229 1914 ἄρτι
3279 1839 3757 1912 θαλαμευομένοις
3798 1839 3909 1909 ἅμα

499 1937 793 2012 Ἐρωτικά,
855 1953 958 1992 seu
1008 1933 1308 1999 amatoria,
1342 1932 1679 2001 mulierum,
1713 1948 2049 2001 puerorum,
2082 1942 2140 1990 et

502 2029 793 2100 virginum
826 2042 1000 2083 casus
1044 2023 1361 2080 amatorios
1396 2023 1730 2078 decantant.
1765 2024 2153 2095 Epithalamia

505 2134 639 2174 vero
662 2118 829 2174 novis
854 2116 1075 2187 nuptis,
1098 2113 1566 2183 thalamumjam
1589 2114 1895 2186 ingressis,
1912 2116 2153 2185 juvenes

510 2206 687 2263 simul
717 2214 772 2262 et
793 2206 1047 2275 virgines
1066 2204 1235 2259 thoro
1256 2208 1515 2258 astantes
1546 2203 1906 2259 accinebant.
1942 2204 2152 2276 Hyme-

510 2314 701 2353 naeum
735 2302 929 2353 autem
953 2295 1011 2351 in
1032 2294 1253 2366 nuptiis
1271 2295 1641 2350 decantatum
1677 2295 1887 2363 ferunt,
1917 2300 2154 2366 propter

508 2387 885 2454 desiderium,
917 2385 1542 2455 investigationemque
1570 2385 1885 2457 Hymenaei,
1921 2385 2147 2455 Terpsi-

508 2475 695 2532 chorte
720 2476 846 2545 ﬁlii,
881 2491 1057 2547 quem
1089 2475 1259 2530 ducta
1294 2490 1472 2530 uxore
1502 2475 1811 2530 evanuisse
1841 2474 2147 2530 aiunt.Alii

504 2581 640 2622 vero
688 2564 747 2619 in
793 2564 1071 2621 honorem
1119 2562 1293 2618 Attici
1326 2561 1639 2633 Hymenzei,
1686 2577 1854 2633 quem
1894 2562 2149 2619 latrones

508 2660 899 2726 persecutum,
933 2658 1126 2722 raptas
1155 2652 1407 2724 virgines
1432 2654 1655 2707 Atticas
1688 2652 1965 2708 liberasse
1996 2668 2149 2708 com-

507 2749 854 2799 memorant.
919 2742 1034 2814 Ego
1083 2758 1215 2798 vero
1274 2740 1459 2797 felicis
1512 2741 1641 2796 vitae
1671 2740 2147 2797 acclamationem

506 2849 634 2889 esse
667 2839 823 2905 puto,
858 2832 1352 2904 praesentibusque
1384 2832 1559 2886 fidam
1586 2832 1941 2887 matrimonii
1974 2834 2147 2887 socie-

507 2927 686 2979 tatem
718 2939 851 2978 curn
886 2926 1084 2979 mutuo
1117 2938 1312 2977 amore
1363 2921 1739 2993 comprecari.
1779 2921 1997 2976 Eolica
2027 2922 2148 2976 dia-

508 3012 657 3068 lecto
702 3017 901 3068 votum
952 3011 1321 3076 innectendo,
1354 3011 1521 3081 quasi
1581 3008 1852 3081 ὑμοναίειν
1902 3018 1959 3066 et
2008 3011 2149 3082 ὁμο-

2251 1931 2303 1984 oi.
2347 1928 2527 1998 ἠίθεοι
2585 1931 2673 1984 καὶ
2725 1931 2779 1983 αἱ
2828 1929 3080 2005 παρθένοι
3135 1928 3222 1983 ἐπὶ
3272 1934 3379 1984 τῶν
3430 1927 3698 2002 Θαλάμων
3750 1924 3910 2000 ᾖδον.

2263 2021 2538 2093 Ὑμέναιον
2592 2016 2648 2074 δὲ
2701 2018 2750 2073 έν
2783 2019 2983 2095 γάμοις
3032 2016 3249 2090 ᾄδεσθαί
3298 2040 3427 2097 φασι
3460 2020 3506 2053 ³⁴
3552 2019 3692 2073 κατὰ
3741 2020 3906 2071 πόθον

2261 2110 2350 2163 καὶ
2384 2112 2608 2179 ζήτησιν
2660 2108 2939 2180 Ὑμεναίου
2968 2111 3064 2163 τοῦ
3112 2110 3473 2184 Τερψιχόρας,
3516 2107 3573 2162 δν
3626 2128 3759 2181 φασι
3811 2109 3909 2182 γή-

2265 2218 2432 2271 μαντα
2463 2198 2634 2275 ἀφανῆ
2676 2200 2918 2272 γενέσθαι
2951 2216 2963 2227 ·
3017 2197 3067 2251 oi.
3101 2194 3157 2251 δὲ
3186 2198 3321 2251 κατὰ
3367 2199 3539 2271 τιμήν
3590 2201 3688 2251 τοῦ
3736 2198 3909 2252 Ἀττι-

2258 2292 2355 2342 κοῦ
2388 2287 2667 2359 Ὑμεναίου
2702 2305 2714 2318 θ
2766 2290 2961 2341 τοῦτον
2999 2288 3100 2359 γάρ
3150 2288 3282 2363 φησί
3330 2307 3463 2341 ποτε
3512 2282 3784 2355 διώξαντα
3821 2284 3912 2360 ἀφ-

2260 2374 2475 2431 ελέσθαι
2504 2377 2703 2449 κούρας
2752 2375 2999 2437 Ἀττικὰς
3028 2376 3270 2449 λῃστῶν.
3305 2375 3449 2448 Ἐγὼ
3491 2372 3548 2429 δὲ
3590 2374 3750 2447 οἶμαι
3798 2374 3910 2447 βίου

2257 2466 2380 2521 τινὰ
2410 2467 2456 2502 ³⁵
2505 2465 2769 2539 εὒτυχοῦς
2818 2466 3272 2543 προαναφώνησιν
3327 2463 3616 2539 ὑπάρχειν,
3647 2464 3744 2519 καὶ
3796 2484 3914 2518 συν-

2259 2554 2513 2630 εύχεσθαι
2542 2560 2659 2615 τοῖς
2692 2558 2933 2609 συνιοῦσι
2963 2556 3010 2591 ⁸⁸
3056 2554 3198 2628 πρὸς
3229 2555 3409 2628 γάμου
3457 2554 3754 2609 κοινωνίαν
3789 2556 3918 2626 μετὰ

2258 2643 2647 2720 φιλοστοργίας
2704 2644 2942 2719 Αίολικῇ
2992 2644 3446 2721 παραπλέκοντας
3475 2646 3522 2681 ³⁷
3579 2648 3681 2715 τὴν
3746 2646 3913 2719 εὐχήν

2258 2732 2549 2808 διαλέκτῳ,
2609 2737 2722 2790 οἷον
2790 2735 3063 2808 ὀμεναίειν
3124 2738 3214 2790 καὶ
3272 2738 3492 2810 ὁμονεῖν
3551 2737 3789 2797 τούτους
3838 2738 3916 2791 ἀεὶ

2259 2827 2426 2899 ὁμόσε
2456 2828 2698 2889 ναίοντας
2728 2828 2861 2885 ³⁸.Ἱ)
2894 2825 2953 2882 δὲ
2983 2826 3173 2889 σίλλος
3195 2829 3243 2864 ³9
3273 2826 3555 2896 λοιδορίας
3586 2828 3678 2882 καὶ
3704 2826 3921 2901 διασυρ-

2262 2918 2397 2990 μοὺς
2430 2916 2805 2996 πεφεισμένως
2836 2918 2880 2953 ⁸ο
2911 2918 3212 2993 ἀνθρώπων
3246 2914 3387 2993 ἔχει.
3423 2920 3683 2996 Διαφέρει
3728 2917 3786 2973 δὲ
3825 2925 3924 2974 τοῦ

2258 3002 2572 3075 ἐπικηδείου
2606 3006 2632 3059 ὁ
2674 3008 2894 3078 Θρῆνος,
2936 3007 3017 3060 ὅτι
3051 3007 3113 3061 τὸ
3149 3008 3242 3079 μὲν
3280 3006 3593 3078 ἐπικήδειον
3624 3012 3754 3083 παρ’
3784 3009 3920 3064 αὐτὸ

507 3103 671 3166 νοεῖν,
705 3102 761 3155 id
794 3106 903 3168 est,
956 3116 1073 3155 una
1129 3099 1391 3155 habitare
1436 3104 1492 3153 et
1538 3100 1744 3154 eadem
1788 3099 2004 3155 sentire
2052 3117 2146 3157 eos

2261 3096 2322 3151 τὸ
2354 3092 2541 3162 κῆδος,
2591 3092 2669 3149 ἔτι
2707 3095 2804 3149 τοῦ
2854 3097 3107 3168 σώματος
3154 3098 3518 3171 προκειμένου
3545 3101 3586 3134 ⁴¹
3644 3097 3864 3172 λέγεται
3898 3101 3923 3153 ὁ

510 3189 878 3244 concorditer
897 3188 1156 3244 viventes
1176 3192 1460 3258 optarent.
1495 3187 1671 3243 Sillus
1704 3204 1873 3259 parce
1895 3190 2156 3246 convicia

2265 3185 2323 3240 δὲ
2352 3187 2547 3259 θρῆνος
2581 3186 2643 3239 οὐ
2676 3187 3060 3262 περιγράφεται
3093 3188 3305 3261 χρόνῳ.

511 3276 930 3347 irrisionesque
960 3276 1267 3333 hominum
1300 3276 1574 3331 continet.
1599 3277 1861 3334 Threnus
1891 3285 1947 3335 et
1976 3279 2306 3352 epicedium
2339 3277 2447 3333 hoc
2480 3277 2777 3347 differunt,
2808 3294 2987 3348 quam
3013 3280 3244 3350 jacente
3286 3281 3409 3351 jam
3464 3282 3769 3344 cadavere,
3815 3282 3923 3337 hoc

521 3384 625 3439 pro
658 3368 858 3424 funere
890 3369 1163 3424 recitetur
1198 3386 1209 3423 :
1238 3367 1336 3423 ille
1366 3385 1499 3425 vero
1522 3367 1680 3425 nullo
1723 3376 1875 3425 certo
1897 3376 2157 3442 tempore
2189 3368 2731 3425 circumscribatur.

592 3458 899 3513 Parthenie
949 3473 1073 3528 quae
1107 3458 1400 3523 dicuntur,
1446 3459 1735 3529 virginum
1780 3460 1973 3515 choris
2004 3460 2149 3515 ada-

511 3546 847 3617 ptabantur,
879 3548 988 3602 sub
1043 3562 1153 3617 qua
1210 3546 1383 3602 etiam
1442 3548 1941 3620 daphnephoriea,
1985 3548 2153 3619 quasi

508 3634 617 3689 sub
669 3649 854 3705 genus
909 3636 1145 3690 cadunt.
1201 3636 1419 3691 Lauros
1482 3636 1637 3692 enim
1715 3653 1865 3692 nono
1924 3653 2154 3708 quoque

505 3739 657 3778 anno
716 3723 788 3778 ad
838 3723 1129 3795 Apollinis
1198 3741 1360 3781 sacra
1422 3726 1731 3781 inferentes
1807 3726 2153 3793 sacerdotes,

506 3812 744 3881 hymnis
800 3829 933 3868 eum
987 3829 1089 3883 per
1124 3814 1420 3886 virgineos
1474 3814 1682 3869 choros
1727 3814 2096 3871 celebrabant
2137 3832 2150 3872 :

506 3903 676 3970 cujus
735 3901 856 3958 haec
887 3918 1057 3959 causa
1116 3904 1398 3971 redditur,
1431 3904 1618 3960 Eoles
1648 3903 1841 3960 3211)
1870 3909 2157 3976 quotquot

506 3992 726 4056 Arnen,
785 4008 971 4064 eaque
1025 3992 1242 4048 circum
1300 3992 1428 4050 loca
1475 3993 1841 4063 habitabant,
1901 4010 1969 4050 ex
2026 4011 2154 4050 ora-

510 4079 640 4135 culo
700 4081 835 4136 inde
890 4082 1132 4153 egressi,
1203 4084 1504 4140 obsidione
1569 4086 1868 4158 cingentes
1925 4086 2155 4142 Thebas

513 4169 842 4237 vastabant,
884 4187 1029 4241 quas
1062 4176 1119 4227 et
1150 4172 1381 4244 Pelasgi
1431 4174 1822 4230 obsidebant:
1883 4192 2013 4231 cum
2076 4174 2154 4230 si-

517 4260 641 4315 mul
674 4261 933 4331 utrisque
962 4260 1211 4331 Apollini
1246 4268 1427 4318 status
1448 4264 1570 4320 dies
1595 4266 1774 4320 festus
1790 4270 1956 4332 esset,
1990 4265 2157 4319 indu-

2334 3455 2406 3510 Τά
2450 3453 2507 3509 δὲ
2555 3453 2823 3531 λεγόμενα
2874 3456 3131 3532 παρθένια
3160 3460 3208 3495 ⁴²
3257 3464 3452 3534 χοροῖς
3502 3458 3783 3535 παρθένων
3842 3459 3921 3513 ἐν·

2263 3546 2548 3624 εγράφετο.
2611 3546 2708 3608 Οἷς
2775 3546 2862 3600 καὶ
2927 3547 2993 3601 τὰ
3061 3545 3440 3626 δαφνηφορικὰ
3493 3548 3570 3609 ὡς
3627 3548 3706 3609 εἷς
3762 3548 3919 3621 γένος

2262 3634 2448 3689 πίπτει
2483 3653 2496 3668 ’
2562 3631 2763 3712 δάφνας
2804 3636 2909 3712 γὰρ
2968 3636 3020 3691 ἐν
3070 3637 3300 3709 Βοιωτίᾳ
3356 3635 3427 3691 δι’
3459 3634 3840 3712 ἐνναετηρίδος
3874 3638 3921 3672 ⁴³

2265 3724 2340 3785 εἷς
2370 3723 2437 3778 τὰ
2463 3728 2559 3779 τοῦ
2590 3724 2945 3788 Ἀπόλλωνος
2965 3726 3281 3798 κομίζοντες
3311 3727 3364 3780 οἱ
3384 3729 3429 3762 ⁸⁸
3456 3727 3621 3802 ἱερεῖς
3653 3725 3919 3799 ἐξόμνουν

2266 3813 2424 3868 αὐτὸν
2456 3810 2545 3868 διὰ
2595 3815 2768 3889 χοροῦ
2816 3817 3118 3891 παρθένων.
3163 3815 3262 3870 Καὶ
3305 3818 3340 3885 ἠ
3373 3814 3522 3871 αἰτία
3552 3836 3569 3850 ο
3617 3820 3729 3870 τῶν
3782 3816 3918 3872 Aio-

2266 3901 2405 3957 λέων
2440 3906 2482 3939 ⁴⁸
2514 3901 2633 3957 ὅσοι
2663 3905 2942 3976 κατῴκουν
2975 3906 3181 3979 ’Λρνην
3212 3904 3300 3960 καὶ
3332 3904 3398 3960 τὰ
3426 3904 3596 3979 ταύτῃ
3629 3906 3679 3940 ⁴⁶
3712 3906 3916 3980 χωρία,

2264 3992 2400 4047 κατὰ
2456 3994 2711 4067 χρησμὸν
2760 3993 3080 4057 ἀναστάντες
3136 3993 3333 4050 ἐκεῖθεν
3392 3996 3481 4049 καὶ
3546 3997 3918 4069 προσκαθεζόο

2270 4102 2419 4156 μενοι
2451 4078 2635 4153 Θήϐας
2665 4082 2928 4160 ἐπόρθουν
2958 4085 3441 4160 προκατεχομένας
3473 4087 3519 4121 ⁴⁷
3550 4085 3653 4139 ὑπὸ
3696 4085 3917 4140 Πελασ-

2264 4176 2399 4247 γῶν.
2432 4178 2637 4241 Κοινῆς
2662 4173 2712 4208 ⁴⁸
2756 4174 2959 4249 ἀμφοῖν
3011 4174 3207 4248 ἑορτῆς
3255 4172 3613 4236 ’Λπόλλωνος
3654 4174 3916 4244 ἐνστάσης

2267 4262 2468 4335 ἀνοχὰς
2523 4260 2726 4332 ἔθεντο,
2784 4262 2875 4316 καὶ
2942 4261 3142 4340 δάφνας
3170 4264 3216 4300 ⁴⁹
3270 4264 3551 4336 τεμόντες,
3613 4264 3662 4317 οἱ
3709 4265 3807 4336 μὶν
3869 4263 3916 4335 ἐξ

517 4348 640 4404 cias
671 4348 823 4419 pacti
854 4354 1015 4419 sunt,
1039 4358 1091 4406 et
1125 4351 1304 4407 lauris
1334 4353 1673 4423 amputatis,
1702 4354 1773 4409 ab
1797 4353 1890 4409 his
1921 4354 2146 4426 quidem

2267 4348 2563 4413 Ἑλικῶνος
2597 4352 2648 4405 o't
2681 4347 2737 4405 δὲ
2784 4349 2940 4425 ἐγγὺς
2971 4356 3069 4406 τοῦ
3113 4351 3362 4415 Μέλανος
3409 4355 3683 4424 ποταμοῦ,
3725 4351 3918 4425 ἐκόμι-

516 4436 579 4491 in
602 4435 894 4504 Helicone,
925 4438 998 4494 ab
1028 4439 1145 4495 illis
1178 4458 1311 4496 vero
1363 4443 1526 4512 juxta
1556 4442 1841 4498 Melanem
1891 4442 2158 4510 ﬂuvium,

516 4525 765 4597 Apollini
784 4526 1128 4584 intulerunt.
1160 4530 1487 4587 Polematae
1506 4548 1639 4587 vero
1662 4533 1984 4588 Bmotorum
2020 4533 2157 4601 dux,

506 4616 783 4686 juvenem
801 4619 1110 4687 quemdam
1134 4621 1455 4674 secundum
1472 4620 1726 4691 quietem
1749 4620 1909 4687 vidit,
1924 4620 2159 4677 solidam

514 4710 876 4761 armaturam
901 4706 1014 4777 ipsi
1070 4706 1427 4775 offerentem,
1469 4713 1718 4780 votaque
1777 4710 1899 4765 ﬁeri
1958 4711 2156 4781 praeci-

511 4793 770 4865 pientem
802 4793 861 4851 in
891 4794 1183 4867 Apollinis
1235 4797 1514 4853 honorem
1548 4815 1702 4854 nono
1734 4815 1965 4871 quoque
2004 4816 2157 4856 anno

512 4900 545 4940 a
566 4882 863 4941 laureatis.
898 4885 1092 4942 Tertio
1123 4892 1253 4957 post
1284 4886 1377 4942 die
1412 4892 1674 4944 conserta
1697 4904 1901 4957 manu,
1932 4888 2157 4944 hostem

510 4973 672 5042 vicit,
725 4974 965 5047 ipseque
995 4974 1143 5031 lauri
1174 4975 1495 5047 gestatione
1536 4981 1732 5033 votum
1767 4977 1940 5034 solvit
1971 4994 1984 5032 :
2020 4977 2157 5033 hinc

2454 4441 2481 4451 θ

2274 4444 2362 4508 ζον
2409 4441 2488 4512 τῷ
2542 4437 2879 4496 Ἀπόλλωνι.
2922 4440 3251 4514 Πολεμάτας
3298 4439 3355 4497 δὲ
3413 4443 3441 4495 ὁ
3497 4442 3606 4497 τῶν
3663 4448 3921 4497 Βοιωτῶν

2269 4526 2654 4604 ἀφηγούμενος
2721 4527 2897 4602 ἔδοξεν
2954 4525 3084 4604 ὄναρ
3140 4532 3348 4585 νεανίαν
3407 4533 3532 4585 τινὰ
3605 4529 3917 4585 πανοπλίαν

2266 4617 2413 4689 αὐτῷ
2467 4614 2671 4672 διδόναι
2731 4619 2820 4672 καί
2877 4618 3045 4693 εὐχὰς
3113 4622 3381 4675 ποιεῖσθαι
3448 4624 3528 4692 τῷ
3593 4617 3922 4675 Ἀπόλλωνι

2270 4705 2748 4784 δαφνηφοροῦντας
2807 4703 2897 4761 διὰ
2952 4710 3080 4781 [525
3110 4710 3202 4781 Η.]
3233 4705 3612 4783 ἐνναετηρίδος
3642 4709 3685 4744 ⁸ο
3742 4727 3922 4782 προσ-

2266 4793 2475 4850 τάττειν
2512 4797 2580 4851 ⁵¹.
2670 4795 2823 4853 Μετὰ
2889 4794 2946 4850 δέ
3029 4796 3217 4871 τρίτην
3302 4796 3511 4871 ἡμέραν
3600 4796 3918 4871 ἐπιθέμενος

2267 4889 2454 4958 κρατεῖ
2479 4890 2587 4939 τῶν
2647 4882 2933 4957 πολεμίων
2968 4904 2982 4918 ·
3041 4886 3132 4941 καὶ
3190 4886 3354 4949 αὐτός
3391 4907 3451 4941 τε
3486 4888 3587 4955 τήν
3638 4883 3918 4964 δαφνηφο-

2269 4974 2390 5047 ρίαν
2440 4971 2635 5045 ἐτέλει,
2691 4974 2781 5028 καὶ
2810 4974 2872 5029 τὸ
2923 4972 3043 5044 ἔθος
3099 4975 3298 5031 ἐκεῖθεν
3359 4972 3727 5049 διατηρεῖται.
3760 4976 3828 5030 Ἥ
3870 4972 3920 5029 δὲ

1846 5132 2086 5188 νΑΡιΙίΕ
2128 5129 2539 5187 LECTIONES.

591 5264 636 5299 ³⁸
666 5268 1020 5355 προτεροῦσιν
1049 5266 1131 5322 Ah
1172 5283 1185 5322 :
1216 5265 1584 5359 πρωτεύουσιν

594 5332 686 5359 ,μδ
706 5356 730 5359 _-
784 5333 813 5359 ρ
894 5357 926 5359 η
966 5338 1025 5359 μ-
1144 5337 1190 5359 ne
1354 5340 1372 5359 τ
1438 5337 1499 5359 νδ
1584 5345 1597 5359 Α

523 5332 932 5411 μεταλαμϐάνει
1143 5337 1190 5374 ⁸³
1221 5332 1372 5411 οἷ’νῳ]
1429 5337 1537 5410 ἤδη
1570 5345 1633 5396 Α.

1143 5337 1190 5374 ⁸³
1221 5337 1299 5393 oi’v

523 5340 932 5408 μεταλαμϐάνει
1143 5340 1190 5374 ⁸³
1221 5340 1299 5393 oi’v
1354 5340 1372 5413 ]
1429 5340 1537 5410 ἤδη
1570 5340 1651 5396 Α(
1738 5340 1784 5375 ³³
1814 5340 1966 5396 αὐτοί

520 5407 565 5442 ³⁸
596 5413 836 5485 συνιοῦσι
868 5412 953 5485 Ah
990 5414 1257 5485 2‘UDV_0§O’t
1452 5412 1521 5485 737
1553 5411 1967 5485 παραπλέκοντα

524 5548 670 5625 ρίδος
711 5558 775 5621 Δ,
818 5552 1062 5677 ἐννεατηὲ

524 5644 611 5677 νας
644 5624 729 5677 Ah
766 5642 778 5677 :
811 5642 1021 5677 ποοσκα
1060 5648 1062 5671 τ

517 5624 611 5685 νας
644 5624 729 5677 Ah
766 5642 778 5679 :
811 5624 1313 5695 προσκαθεζομένας
1529 5628 1572 5663 ⁸⁸
1601 5632 1798 5689 κοινῶς

518 5694 565 5735 δι
600 5694 960 5751 προστάττειν
1004 5705 1131 5751 post
1162 5700 1343 5750 ποιεῖσ
1379 5716 1434 5750 αι
1466 5700 1621 5751 nonit
1650 5700 1731 5751 ς’.

518 5694 565 5735 δι
600 5694 960 5773 προστάττειν
1004 5705 1131 5771 post
1160 5694 1434 5751 ποιεῖσθάι
1465 5700 1621 5770 ponit

1805 5270 1849 5304 29
1878 5266 2021 5304 ρουΑῆ
2062 5267 2136 5304 Ah
2175 5283 2187 5296 -
2222 5265 2342 5304 ann}

1805 5270 1849 5304 ²⁹
1878 5266 2023 5357 παρὰ
2052 5267 2139 5323 Ah
2175 5283 2188 5324 :
2222 5265 2343 5339 περὶ
2379 5265 2463 5339 ς’.
2557 5266 2610 5351 ,⁸ο
2647 5265 2689 5319 ἕξ

1738 5339 1784 5375 ³³
1814 5339 1964 5396 αὐτοι
2024 5344 2157 5409 post
2205 5336 2375 5409 μέθην
2435 5346 2593 5409 ponit
2624 5344 2689 5393 A.

1994 5358 2157 5485 ἔξω
2190 5358 2700 5470 εῗίὲἒιέντίέῒξηἍιῗέ
2746 5358 3003 5482 μέᾇοῗέἕὲ
3035 5358 3124 5484 ἓ.

521 5478 732 5548 σμένως
764 5487 896 5538 ante
928 5479 1208 5553 λοιδορίας
1239 5478 1397 5553 ροῖλίι
1582 5478 2031 5557 ⁴¹’προκειμένου’
2051 5484 2137 5538 Ah
2175 5500 2187 5537 :
2219 5480 2594 5626 κειμένουςς.

524 5548 670 5625 ρίδος
696 5558 775 5626 gA,
818 5552 1184 5626 ἐννεατηρίδος
1207 5560 1275 5626 Β.
1351 5555 1399 5591 ⁴⁴
1428 5557 1478 5609 οἱ
1511 5572 1627 5612 om.
1661 5561 1728 5612 A.
1768 5558 1814 5593 ⁴⁵
1852 5552 2111 5626 Αἷολέωνᾼ
2134 5554 2219 5626 Ah
2256 5571 2268 5607 :
2301 5554 2469 5626 ἐῲωνΔ
2553 5595 2567 5626 _.

1073 5552 1184 5615 ίδος
1218 5552 1275 5611 Β.
1351 5555 1399 5591 ⁴⁴
1428 5552 1478 5609 ὀί
1511 5572 1627 5612 om.
1661 5552 1728 5612 Ᾰ.
1768 5558 1814 5593 ⁴⁵
1852 5552 2095 5611 Ᾱῖολέων
2134 5554 2219 5610 Ah
2256 5571 2268 5607 :
2301 5554 2453 5625 ἐῲων
2608 5554 2651 5589 ⁸⁸
2679 5552 2849 5628 ταύτῇ
2884 5555 2972 5610 Ah
3008 5571 3021 5612 :
3051 5553 3210 5621 tui'rrr

1073 5625 1313 5695 εξομένας
1529 5628 1798 5701 “uagitu:
2017 5629 2063 5661 ⁴⁰
2094 5622 2293 5701 δάφνας
2323 5629 2366 5681 Α
2402 5642 2414 5679 :
2450 5621 2657 5685 δαείνας
2702 5625 2782 5698 ς,
2812 5624 3095 5700 τέμτοντες
3122 5626 3210 5683 Ah

2402 5668 2413 5679 σ
2453 5668 2654 5685 *νυνι-φης
2704 5668 2740 5697 ⁵
2768 5672 2782 5697 ,
2823 5668 3093 5697 'UP'VVUV‘
3122 5668 3231 5684 ιιι-ιο

2565 5266 2610 5301 ⁸ο
2647 5260 2906 5339 ἔδοξε-ΑΙ]
2944 5263 3141 5339 εῆρεσε
3172 5266 3255 5339 ς’,
3339 5266 3389 5339 *ί*
3418 5260 3759 5339 μεταϐάλλει
3787 5271 3878 5325 Ah
3914 5288 3925 5326 :

2792 5286 2906 5321 ;AD
2944 5286 3141 5342 ξηρεσε
3172 5286 3212 5339 ε
3242 5309 3255 5322 .
3339 5286 3381 5301 ’³
3418 5286 3758 5339 μεταοαΛΑει
3787 5286 3878 5325 Ah
3914 5288 3925 5326 :

2792 5336 2840 5412 ξδδ
2868 5357 3003 5412 φησι
3035 5346 3102 5412 A_.
3212 5336 3403 5412 ’j'tuvu
3460 5339 3547 5393 Ah
3583 5355 3596 5394 :
3655 5338 3810 5412 τινὸς

3145 5482 3155 5493 .
3201 5410 3272 5493 ﬂ"
3297 5406 3453 5493 σξλος
3483 5413 3606 5493 A.m
3640 5409 3704 5493 fo
3734 5402 3931 5491 πεφει-

2670 5481 2717 5515 ⁴²
2745 5478 3030 5556 παρθενεῖα
3056 5478 3463 5556 (inierat-ilus1
3558 5481 3607 5515 ‘3
3636 5478 3932 5554 ἐννεαετη-

2608 5554 2651 5589 ⁴⁶
2679 5549 2849 5628 ταύτῂ
2884 5555 2972 5610 Ah
3008 5571 3021 5612 :
3051 5553 3253 5624 ταύτης
3417 5554 3464 5587 ⁴⁷
3496 5571 3740 5625 προκατε
3767 5549 3931 5629 κομέ-

2608 5644 2657 5685 ις
2702 5625 2782 5698 ς,
2812 5624 3095 5699 τέμτοντες
3122 5626 3231 5684 Ah.
3334 5626 3383 5660 ⁵ο
3414 5572 3836 5699 ἰννεαετηρίῇις
3866 5633 3931 5688 Α.
