4138 6224
285 391 316 450 1
327 389 442 449 205

1348 390 1884 452 BIBLIOTHECA.
1933 423 1990 437 -
2051 396 2222 456 COD.
2271 398 2629 460 CCXXXIX.

3529 385 3684 446 1206

287 517 676 599 δαφνηφορία·
737 517 896 592 ξύλον
975 518 1178 588 ἐλαίας,
1255 522 1641 596 καταστέφουσι
1707 521 1931 599 δάφναις

2049 543 2173 584 mos
2222 529 2316 586 ille
2375 531 2646 602 religiose
2684 529 3038 586 observatas.
3073 525 3202 580 Haec
3235 519 3685 595 Daphnephoria

291 609 384 663 καὶ
453 607 705 669 ποκίλοις
773 609 972 674 ἄνθεσι,
1048 609 1136 663 καὶ
1195 609 1276 663 ἐπ’
1345 608 1510 683 ἄκρου
1591 613 1684 684 μὲν
1754 613 1937 686 γαλκῆ

293 697 658 774 ἒφαρμόζεται
755 703 974 772 σφαῖρα,
1055 697 1114 752 ἐκ
1191 695 1246 752 δὲ
1327 700 1528 769 ταύτης
1617 704 1942 776 μικροτέρας

295 786 556 858 ἐξαρτῶσι
592 805 604 817 ·
666 787 794 858 [989
823 786 916 860 IL]
973 789 1110 841 κατά
1166 783 1221 841 δὲ
1279 787 1340 841 τὸ
1401 789 1564 860 μέσον
1619 795 1720 844 τοῦ
1775 790 1942 859 ξύλου

289 873 594 950 περιθέντες
645 873 910 931 ἐλάσσονα
965 877 1064 943 τῆς
1117 875 1200 929 ἐπ’
1249 874 1398 948 ἄκρῳ
1429 879 1474 912 ⁵³
1529 879 1755 956 σφαίρας
1813 881 1943 934 καθ-

291 965 520 1018 άπτουσι
586 969 840 1042 πορφυρᾶ
896 963 1178 1037 στέμματα
1210 985 1221 997 ·
1273 965 1340 1019 τὰ
1399 963 1456 1020 δὲ
1511 966 1796 1022 τελευταῖα
1845 973 1942 1023 τοῦ

289 1051 458 1122 ξύλου
518 1051 941 1129 περιστέλλουσι
997 1059 1282 1130 κροκωτῷ.
1344 1054 1612 1111 Βούλεται
1661 1055 1707 1110 δ’
1758 1057 1944 1119 αὺτοῖς

288 1145 324 1211 ἡ
361 1145 454 1215 μὲν
490 1144 748 1198 ἀνωτάτω
797 1148 996 1221 σφαῖρα
1032 1145 1123 1199 τὸν
1169 1142 1354 1216 ἥλιον,
1387 1146 1432 1217 ᾦ
1465 1147 1553 1200 καὶ
1602 1147 1692 1201 τὸν
1746 1146 1945 1204 Ἀπόλ-

291 1232 443 1287 λωνα
483 1231 855 1309 ἀναφέρουσιν,
888 1236 921 1302 ἡ
976 1231 1032 1288 δὲ
1073 1232 1403 1306 ὑποκειμένη
1436 1237 1534 1304 τὴν
1586 1235 1846 1306 σελήνην,
1878 1239 1944 1291 τὰ

292 1318 350 1375 δὲ
382 1342 665 1398 προσηρτη
679 1321 812 1396 μένα
841 1327 946 1378 τῶν
981 1321 1244 1398 σφαιρίων
1291 1321 1458 1398 ἄστρα
1487 1345 1544 1379 τε
1574 1325 1662 1380 καὶ
1693 1324 1942 1402 ἀστέρας⁹

289 1411 358 1466 τά
407 1408 462 1466 δέ
509 1432 568 1488 γε
619 1411 900 1484 στέμματα
949 1413 1036 1467 τὸν
1090 1411 1353 1467 ἐνιαύσιον
1402 1411 1605 1487 δρόμον
1643 1435 1655 1447 ο
1698 1418 1783 1470 καὶ
1838 1419 1941 1493 γὰρ

290 1502 379 1555 καὶ
424 1501 525 1572 τξέ
572 1505 820 1556 ποιοῦσιν
872 1499 1025 1558 αῦτά.
1079 1497 1273 1578 ’Ἀρχει
1319 1500 1375 1558 δὲ
1423 1511 1524 1573 τῆς
1573 1502 1940 1583 δαφνηφορίας

295 1595 422 1652 παῖς
455 1589 796 1667 ἀμφιθαλὴς,
836 1591 924 1646 καὶ
959 1593 985 1646 ὁ
1039 1592 1276 1663 μάλιστα
1315 1591 1462 1665 αῦτῷ
1494 1593 1695 1656 οἰκεῖος
1749 1597 1942 1671 βαστά-

295 1684 371 1748 ζει
421 1681 484 1733 τὸ
533 1679 962 1753 κατεστεμμένον
1013 1679 1196 1752 ξύλον,
1252 1683 1279 1736 ὃ
1329 1683 1497 1736 κωπὼ
1539 1684 1585 1720 ⁸³
1631 1683 1893 1741 καλοῦσιν
1923 1704 1938 1719 ⁸

293 1765 456 1831 αὒτὸς
490 1765 546 1823 δὲ
577 1770 604 1823 ὁ
637 1767 1007 1846 διαφνηφόρος
1035 1769 1296 1843 ἑπόμενος
1327 1779 1425 1842 τῆς
1467 1769 1669 1848 δάφνης
1697 1773 1938 1848 ἐφάπτε-

287 1879 399 1925 ται,
431 1857 528 1920 τὰς
560 1859 655 1930 μὲν
684 1858 859 1931 κόμας
891 1861 1210 1933 καθειμένος
1243 1861 1308 1930 ⁶⁴,
1354 1866 1598 1939 χρυσοῦν
1651 1861 1706 1918 δὲ
1747 1864 1941 1942 στέφα-

287 1969 379 2002 νον
422 1947 621 2026 φέρων,
675 1949 764 2004 καὶ
813 1948 1070 2024 λαμπράν
1118 1949 1316 2020 ἐσθῆτα
1355 1950 1572 2027 ποδήρη
1620 1953 1944 2026 ἒστολισμέ-

289 2057 400 2108 νος,
435 2035 778 2115 ἷφικρατίδας
807 2039 854 2074 ⁵⁵
901 2060 959 2093 τε
1017 2036 1410 2114 ὑποδεδεμένος
1444 2061 1456 2073 ·
1511 2042 1555 2113 ᾦ
1587 2043 1756 2118 χορὸς
1803 2065 1942 2118 παρα

296 2125 463 2180 θένων
511 2123 896 2194 ἐπακολουθεῖ,
946 2126 1244 2202 προτείνων
1303 2129 1519 2190 κλῶνας
1577 2130 1714 2204 πρὸς
1763 2132 1946 2202 ἱκετη-

297 2214 417 2288 ρίαν
446 2219 556 2303 τῶν
585 2216 630 2252 ⁸⁸
669 2216 872 2290 ὕμνων.
919 2217 1280 2294 Παρέπεμπον
1330 2218 1388 2276 δὲ
1433 2223 1534 2290 τὴν
1579 2221 1948 2303 δαφνηφορίαν

295 2303 373 2366 εἰς
407 2302 760 2368 Ἀπόλλωνος
793 2305 1070 2379 Ἰσμηνίου
1101 2309 1143 2344 ⁸⁷
1171 2309 1260 2364 καὶ
1291 2308 1563 2385 χαλαζίου
1595 2314 1658 2368 ⁵⁸.

367 2484 446 2540 Τὸ
479 2481 536 2538 δὲ
565 2482 1031 2562 τριποδηφορικὸν
1059 2488 1104 2523 ‘9
1151 2487 1319 2560 μέλος
1349 2489 1606 2564 τρίποδος
1656 2512 1946 2567 προηγου-

301 2573 464 2646 μένου
492 2571 636 2646 παρά
665 2577 780 2634 τοῖς
811 2579 1077 2638 Βοιωτοῖς
1109 2572 1294 2649 ᾔδετο.
1331 2583 1502 2654 ’Έσχε
1552 2578 1610 2634 δὲ
1647 2581 1736 2635 καὶ
1781 2587 1945 2637 τοῦτο

298 2662 472 2717 αἰτίαν
532 2663 790 2731 τοιαύτην
829 2683 840 2695 ·
897 2663 1188 2739 Πελασγῶν
1245 2688 1384 2729 τινες
1441 2670 1720 2725 Πάνακτον
1747 2673 1792 2707 ⁸⁸
1847 2679 1948 2742 τῆς

300 2753 566 2814 Βοιωτίας
595 2751 874 2828 ἐπόρθουν,
911 2749 1142 2824 Θηϐαῖοι
1174 2754 1230 2809 δὲ
1258 2754 1474 2828 ἤμυνον
1505 2759 1594 2813 καὶ
1633 2758 1944 2834 πέμψαντες

293 2839 370 2902 είς
404 2835 670 2909 Δωδώνην
721 2841 841 2915 περὶ
886 2848 986 2910 τῆς
1033 2846 1129 2897 τοῦ
1175 2843 1424 2916 πολέμου
1471 2848 1627 2917 νίκης
1671 2847 1935 2924 ἐχρῶντο.

296 2929 564 3003 Χρησμὸς
613 2927 821 3014 δὲτοῖς
872 2925 1130 3000 Θηϐαίοις
1169 2931 1407 3003 ἐξέπεσεν
1441 2935 1534 3004 ὡς,
1582 2937 1627 2991 εἰ
1680 2939 1934 3014 μέγιστον

291 3014 546 3091 ἀσέϐημα
584 3013 928 3088 ἀσεϐήσουσι,
978 3023 1309 3091 νικήσουσιν.
1344 3023 1557 3095 Ἒδοξεν
1607 3025 1698 3080 οῦν
1748 3013 1936 3091 αὐτοῖς

284 3103 646 3180 ἀσεϐημάτων
689 3108 818 3164 εἶναι
873 3111 1125 3186 μέγιστον
1185 3113 1246 3167 τὸ
1294 3116 1392 3184 τὴν
1449 3114 1930 3190 χρησμῳδήσασαν

289 3194 476 3260 αὺτοῖς
513 3197 604 3252 τὸν
636 3199 890 3272 χρησμὸν
923 3197 1132 3254 ἀνελεῖν
1169 3221 1181 3233 ·
1225 3203 1314 3256 καὶ
1347 3171 1690 3262 ἀνεῖλιον.ιΑ⁸ἱ
1720 3203 1776 3260 δὲ
1806 3207 1929 3280 περὶ
1963 3171 2005 3238 c

282 3286 344 3340 τὸ
385 3286 606 3359 τέμενος
641 3285 932 3361 συνιέρειαι
966 3285 1122 3358 δίκην
1157 3287 1344 3345 λαϐεῖν
1402 3291 1651 3366 ἀπῄτουν
1681 3295 1778 3350 τοῦ
1823 3297 1932 3372 φό-

286 3395 381 3429 νου
447 3374 577 3437 τοὺς
635 3369 926 3445 Θηϐαίους.
995 3373 1232 3448 Θηϐαῖοι
1293 3377 1351 3435 δὲ
1412 3383 1512 3437 ούκ
1585 3369 1932 3458 ἐπιτρέπουσι

288 3463 496 3539 γυναιξὶ
549 3463 742 3536 μόναις
797 3466 897 3533 τήν
955 3467 1076 3542 περὶ
1133 3467 1308 3524 αὐτῶν
1370 3467 1524 3542 δίκην
1575 3473 1619 3509 ⁵1
1668 3490 1680 3503 ·
1742 3480 1931 3542 κοινῆς

288 3548 343 3606 δέ
383 3553 609 3626 κρίσεως
663 3551 872 3628 ἀνδρῶν
921 3555 1009 3608 καὶ
1066 3563 1337 3631 γυναικῶν
1393 3559 1784 3636 γεγενημένης,
1841 3565 1930 3618 καὶ

283 3647 393 3697 τῶν
462 3640 672 3718 ἀνδρῶν
741 3643 935 3730 λευκὰς
1001 3644 1187 3710 αῦτοῖς
1245 3647 1630 3724 έπενεγκόντων
1691 3655 1928 3730 ψήφους,

285 3729 558 3810 ἀπέφυγον
628 3735 679 3788 οἱ
749 3729 1001 3804 Θηϐαῖοι.
1075 3739 1326 3814 Ὕστερον
1405 3738 1462 3795 δὲ
1509 3745 1556 3778 ⁸³
1629 3729 1932 3819 ἐπιγνόντες

287 3819 470 3883 αὐτοῖς
500 3823 562 3876 τὸ
613 3822 716 3876 ὑπὸ
745 3827 840 3877 τοῦ
887 3826 1147 3898 χρήσμοῦ
1195 3831 1689 3904 προστασσόμενον,
1725 3833 1930 3904 βαστά-

287 3930 471 3972 σαντες
536 3915 646 3964 τῶν
701 3910 838 3965 κατὰ
883 3914 982 3981 την
1033 3914 1294 3970 Βοιωτίαν
1363 3919 1522 3990 ἱερῶν
1581 3918 1852 3994 τριπόδων
1884 3925 1930 3958 ⁸³

282 3995 396 4068 ἕνα,
459 3999 548 4054 καὶ
597 3999 1067 4076 κατακαλύψαντες
1110 4004 1184 4067 ὡς
1251 4006 1555 4080 ἱερόσυλοι,
1624 4010 1930 4084 ἀνέπεμψαν

285 4090 361 4151 εἷς
393 4089 685 4160 Δωδώνην.
737 4088 1191 4168 Εῦπραγήσαντες
1219 4093 1276 4152 δὲ
1326 4097 1375 4170 ἐξ
1409 4098 1611 4154 ἐκείνου
1660 4104 1755 4155 τοῦ
1805 4100 1928 4156 λοι-

287 4184 394 4236 ποῦ
424 4182 522 4250 τήν
552 4181 740 4256 πρᾶξιν
775 4185 965 4257 ἑορτήν
998 4182 1235 4242 ἐποίουν.

361 4272 735 4352 Ὠσχοφορικά
763 4273 811 4308 ⁸4
864 4270 920 4328 δὲ
981 4273 1124 4346 μέλη
1182 4277 1310 4352 παρ’
1351 4277 1662 4350 Ἀθηναίοις
1719 4275 1881 4354 ᾔδετο
1915 4301 1928 4316 ο

292 4364 394 4418 τοῦ
452 4365 626 4436 χοροῦ
684 4359 742 4417 δὲ
771 4363 819 4398 ⁸⁵
875 4361 970 4420 δύο
1009 4365 1232 4438 νεανίαι,
1292 4368 1430 4424 κατά
1485 4375 1741 4444 γυναῖκας
1783 4370 1934 4426 ἐστο-

2053 617 2412 689 oleagineum
2442 619 2668 692 lignum
2692 617 2874 674 lauris
2906 617 3204 684 coronant,
3236 611 3530 683 variisque
3586 608 3685 664 ﬂo-

2052 707 2217 764 ribus
2247 713 2550 780 exornant,
2582 710 2748 778 cujus
2795 708 2854 762 in
2895 705 3058 777 apice
3111 719 3268 758 sensa
3323 700 3551 773 sphaera
3579 697 3688 752 im-

2050 797 2236 869 posita
2259 815 2272 865 ;
2297 815 2364 854 ex
2384 799 2494 854 hac
2512 799 2766 854 minores
2785 796 3141 868 dependent:
3167 791 3356 848 medio
3377 803 3507 844 vero
3530 786 3689 857 ligno

2051 905 2351 959 purpurea
2384 905 2608 944 corona;
2647 889 3016 959 adaptantur,
3049 883 3305 938 minores
3349 893 3526 952 quam
3558 891 3686 948 quas

2051 993 2280 1033 summo
2315 977 2542 1050 fastigio
2573 977 2880 1049 impositae.
2914 976 3102 1030 Imam
3132 987 3266 1028 vero
3291 967 3439 1041 ligni
3473 967 3689 1039 partem

2050 1066 2531 1123 circumvestiunt
2574 1065 2890 1122 crocotula.
2940 1062 3242 1135 Signiﬁcat
3289 1063 3486 1114 autem
3543 1055 3690 1125 ipsis

2051 1174 2322 1228 suprema
2374 1157 2606 1229 quidem
2657 1156 2902 1227 Sphaera,
2935 1155 3141 1222 solem,
3193 1167 3307 1223 quo
3355 1147 3682 1219 Apollinem

2050 1247 2360 1318 designant
2393 1263 2406 1302 :
2439 1246 2576 1302 huic
2630 1261 2760 1302 vero
2805 1243 3090 1313 subjecta,
3119 1241 3320 1298 lunam
3373 1237 3684 1310 significat.

2050 1334 2278 1392 Globuli
2309 1351 2439 1392 vero
2471 1334 2736 1408 appensi,
2767 1332 2948 1390 stellae
2979 1335 3036 1388 et
3065 1334 3221 1386 astra
3250 1331 3390 1384 sunt
3421 1341 3684 1394 ;coronae

2050 1443 2306 1482 annuum
2365 1441 2602 1482 cursum
2661 1423 3038 1496 signiﬁcant:
3099 1425 3387 1477 trecentas
3419 1415 3574 1472 enim
3635 1417 3692 1470 et

2049 1517 2351 1588 sexaginta
2380 1517 2640 1587 quinque
2695 1513 3032 1572 conﬁciunt.
3083 1511 3298 1567 Praeest
3338 1511 3530 1564 autem
3585 1507 3691 1562 da-

2051 1605 2432 1678 phnephoriis
2457 1621 2600 1677 puer
2630 1605 2937 1678 patrimus,
2968 1605 3027 1658 et
3057 1600 3390 1666 matrimus,
3423 1595 3517 1653 cui
3574 1612 3695 1652 ma-

2048 1695 2202 1750 xime
2233 1696 2602 1767 conjunctus,
2637 1697 2828 1766 gestat
2874 1694 3214 1748 coronatum
3251 1687 3503 1758 lignum,
3535 1684 3692 1757 quod

2048 1781 2219 1837 κωπὼ
2268 1783 2376 1854 ipsi
2422 1787 2650 1838 vocant.
2702 1780 3168 1853 Daphnephorue
3221 1793 3353 1833 vero
3402 1773 3690 1846 sequitur,

1977 1852 2018 1916 Β
2053 1852 2306 1945 tangens
2331 1873 2565 1928 laurum
2599 1889 2612 1926 :
2638 1852 2820 1927 comis
2853 1867 3091 1941 quidem
3122 1865 3398 1922 demissis
3417 1867 3474 1918 et
3493 1863 3688 1928 ﬂuxis,

2055 1978 2344 2033 aureaque
2396 1977 2607 2016 corona
2673 1959 3000 2024 redimitus,
3039 1955 3462 2026 splendidaque
3512 1953 3688 2017 veste,

2054 2055 2110 2106 et
2137 2050 2304 2106 talari
2336 2051 2598 2116 indutus,
2625 2047 3134 2120 calceisque,quos
3151 2045 3224 2100 ab
3248 2042 3539 2114 lphcirate
3561 2042 3692 2115 Ἰφι-

2050 2137 2305 2212 κρατίδας
2346 2140 2524 2196 Graaci
2581 2139 2840 2194 vocant9
2872 2177 2886 2190 .
2936 2136 3102 2190 Hunc
3133 2132 3424 2204 virginum
3478 2129 3691 2185 chorus

2051 2233 2382 2299 comitatur,
2415 2247 2608 2288 ramos
2638 2230 2708 2286 ad
2741 2225 3250 2300 supplicationem,
3293 2238 3418 2293 quae
3462 2219 3694 2292 hymnis

2051 2321 2471 2386 celebrabatur,
2513 2319 2898 2392 praetendens.
2947 2314 3250 2370 Mittebant
3296 2314 3491 2366 autem
3541 2306 3693 2364 lauri

2050 2415 2432 2488 gestationem
2455 2413 2527 2468 ad
2557 2409 2842 2484 Apollinis
2874 2406 3106 2464 Ismenii
3135 2410 3192 2462 et
3216 2402 3440 2461 Galaxii
3466 2401 3689 2457 fanum.

2119 2499 2580 2578 Τριποδιφορικὸν
2622 2514 2878 2567 carmen,
2943 2495 3168 2567 tripode
3201 2492 3435 2565 praelato
3467 2507 3498 2543 a
3529 2489 3691 2578 Βωοτ

2051 2595 2122 2650 tis
2153 2575 2490 2660 cauebatur,
2521 2591 2972 2658 institutumque
2992 2585 3100 2641 hac
3131 2583 3200 2640 de
3231 2597 3432 2638 causa.
3465 2575 3692 2648 Pelasgi

2047 2684 2288 2754 quidam
2319 2683 2658 2747 Panactum,
2681 2678 2913 2734 Bmotise
2945 2676 3148 2732 urbem
3177 2671 3504 2732 vastabant,
3540 2667 3691 2725 The-

2045 2773 2184 2828 bani
2212 2788 2343 2828 vero
2375 2769 2774 2835 defensabant,
2807 2766 3123 2836 missisque
3161 2763 3218 2819 in
3269 2759 3572 2816 Dodonam
3604 2756 3690 2812 le-

2046 2861 2216 2932 gatis,
2242 2861 2313 2916 de
2343 2859 2481 2914 belli
2506 2857 2746 2914 victoria
2768 2853 3174 2912 consulebant.
3212 2849 3524 2906 Oraculum
3555 2861 3687 2902 vero

2042 2953 2326 3010 Thebanis
2375 2965 2718 3022 responsum
2759 2946 2936 3013 dedit,
2955 2944 3003 3000 si
3038 2944 3235 3000 ὓπερ.
3265 2936 3684 3011 impiissimum

2044 3041 2266 3098 crimen
2323 3041 2720 3106 admitterent,
2753 3037 2872 3093 fore
2916 3037 2981 3090 ut
3035 3030 3272 3088 victoria
3332 3028 3678 3100 potirentur.

2043 3131 2244 3186 Visum
2274 3127 2451 3200 igitur
2472 3127 2640 3200 ipsis,
2663 3125 2982 3195 impiorum
3005 3122 3329 3178 faclnorum
3367 3116 3684 3174 maximum

2043 3221 2184 3286 fore,
2259 3223 2448 3275 vatem
2514 3234 2638 3288 quae
2714 3213 3062 3270 reddidisset
3147 3209 3291 3282 ipsis
3359 3205 3682 3269 oraculum,

2045 3307 2476 3364 interfecerunt.
2498 3308 2631 3372 Quas
2653 3320 2783 3360 vero
2808 3302 3137 3359 sacerdotes
3158 3296 3359 3368 templo
3374 3297 3680 3367 praerant,

2043 3399 2383 3470 repetebant
2400 3395 2752 3468 supplicium
2775 3393 2846 3450 de
2861 3392 3016 3450 caede
3037 3386 3400 3446 aThebanis.
3419 3383 3683 3440 Thebani

2041 3503 2178 3544 vero
2212 3492 2272 3543 ut
2303 3485 2437 3543 solas
2497 3485 2771 3541 multeres
2824 3480 3172 3538 sententiam
3203 3479 3274 3534 de
3322 3492 3386 3534 se
3442 3475 3679 3540 ferrent,

2039 3577 2454 3634 detrectabant.
2487 3573 2796 3631 Communi
2827 3573 3024 3643 itaque
3059 3567 3284 3640 judicio
3315 3566 3485 3632 facto,
3517 3563 3674 3620 viro-

2039 3684 2170 3724 rum
2203 3666 2378 3722 simul
2409 3682 2474 3720 ac
2499 3663 2836 3728 mulierum,
2870 3665 2926 3718 et
2944 3661 3086 3714 viris
3117 3656 3395 3714 candidos
3418 3652 3674 3712 calculos

2039 3774 2140 3830 pro
2170 3756 2287 3813 illis
2321 3755 2658 3821 ferentibus,
2692 3754 2944 3824 effugere
2959 3747 3242 3806 Thebani.
3276 3745 3515 3818 Cognito
3545 3747 3676 3798 tan-

2039 3849 2172 3904 dem
2203 3845 2260 3900 id
2283 3846 2354 3901 ab
2386 3844 2618 3901 oraculo
2648 3843 2766 3899 illis
2789 3841 3134 3896 mandatum
3166 3837 3368 3904 fuisse,
3392 3832 3679 3904 tripodem

2039 3951 2223 3991 unum
2254 3951 2322 3991 ex
2349 3934 2445 4002 iis,
2479 3933 2576 4004 qui
2607 3933 2754 3988 sacri
2785 3935 2950 3988 erant
2980 3929 3136 4000 apud
3168 3928 3418 3993 Bmotos,
3450 3927 3684 3996 gestan-

2039 4029 2148 4090 tes,
2181 4041 2248 4080 ac
2292 4028 2456 4089 tecte,
2513 4025 2794 4092 tanquam
2845 4017 3138 4088 sacrilegi,
3179 4013 3682 4081 circumferentes,

2039 4113 2336 4168 Dodonam
2371 4109 2741 4166 remiserunt.
2775 4109 2911 4174 Quae
2960 4123 3050 4162 res
3098 4120 3232 4161 cum
3276 4101 3529 4159 feliciter
3557 4115 3681 4156 ces-

2040 4202 2236 4268 sisset,
2258 4199 2464 4256 exinde
2496 4199 2556 4256 in
2584 4198 2844 4255 solemne
2870 4197 3078 4252 festum
3108 4193 3300 4250 vertit.

2115 4288 2548 4361 Oschophorica
2595 4304 2726 4344 vero
2776 4286 3036 4342 carmina
3093 4284 3164 4340 ab
3219 4278 3686 4338 Atheniensibus

2047 4377 2438 4434 canebantur:
2473 4376 2636 4433 chori
2667 4379 2862 4431 autem
2887 4372 3288 4430 adolescentes
3319 4369 3458 4438 duo,
3492 4365 3689 4422 mulie-

288 4447 564 4550 )tfil‘p‘éVOt,
645 4447 839 4525 κλῆμα
890 4453 937 4488 ⁸⁸
1000 4453 1253 4526 ἀμπέλου
1328 4456 1671 4530 κομίζοντες,
1743 4462 1934 4532 μεστὸν

2049 4467 2132 4524 bri
2163 4470 2322 4522 veste
2371 4465 2580 4532 induti,
2627 4463 2900 4536 palmites
2948 4461 3083 4518 vitis
3124 4461 3444 4533 gestantes,
3485 4455 3690 4527 plenos

289 4537 530 4594 εύθαλῶν
567 4540 814 4614 βοτρύων
841 4541 1096 4615 (ἐκάλουν
1128 4541 1184 4599 δὲ
1224 4547 1357 4601 αὐτὸ
1408 4541 1598 4623 ὤσχην
1630 4549 1697 4617 6⁷,
1743 4551 1834 4627 ἀφ’
1877 4550 1938 4606 οὗ

289 4629 378 4683 καὶ
411 4629 784 4716 τοῖςῗμέλεσιν
813 4633 848 4701 ἡ
882 4631 1188 4708 ἐπωνυμία)
1219 4641 1320 4705 τῆς
1351 4636 1546 4710 ἑορτῆς
1579 4641 1941 4716 καθηγοῦντο.

290 4719 484 4792 ’Δρξαι
536 4715 592 4772 δέ
637 4739 765 4794 φασι
822 4719 998 4791 Θησέα
1026 4723 1076 4758 ⁸⁸
1121 4727 1337 4798 πρῶτον
1400 4729 1496 4781 τοῦ
1554 4715 1764 4803 ἔργου·
1827 4728 1944 4786 ἐπεὶ

288 4807 394 4881 γὰρ
427 4805 682 4868 ἑκούσιος
732 4807 970 4870 ὑποστὰς
1016 4811 1108 4866 τὸν
1155 4812 1232 4875 εἷς
1270 4816 1489 4887 Κρήτην
1537 4815 1710 4872 πλοῦν
1757 4817 1944 4889 ἀπήλ-

289 4894 420 4966 λάξε
449 4897 550 4966 τήν
599 4895 836 4971 πατρίδα
867 4905 966 4970 τῆς
1023 4903 1158 4957 κατά
1216 4905 1308 4959 τὸν
1368 4902 1574 4978 δασμὸν
1637 4912 1948 4986 συμφορᾶς,

291 4989 630 5066 χαριστήρια
667 4987 964 5054 ἀποδιδοὺς
1013 4991 1218 5065 Ἀθηνᾷ
1264 4993 1355 5049 καὶ
1396 4995 1654 5071 Διονύσῳ,
1708 4998 1760 5054 οἳ
1799 4999 1946 5072 αύτῷ

297 5075 438 5134 κατᾶ
497 5077 598 5146 τὴν
671 5085 832 5150 νῆσον
911 5081 1013 5152 τὴν
1090 5083 1216 5138 Δίαν
1284 5082 1644 5163 ἐπιφανησαν,
1714 5085 1946 5160 ἔπραττε

2052 4556 2298 4613 maturis
2341 4554 2489 4624 uvis,
2541 4554 2694 4626 quod
2727 4553 2840 4624 ipsi
2891 4549 3064 4625 δσχην
3115 4551 3416 4616 vocarunt,
3449 4545 3601 4602 unde
3636 4545 3692 4600 et

2053 4646 2408 4704 carminibus
2431 4661 2640 4702 nomen
2663 4643 2936 4709 inditum,
2970 4643 3186 4698 festum
3209 4636 3688 4707 auspicabantur.

2053 4737 2311 4793 Primum
2341 4752 2476 4792 vero
2513 4734 2740 4791 Thesea
2769 4733 2878 4788 hoc
2907 4730 3218 4788 inchoasse
3270 4727 3482 4783 ferunt.
3528 4725 3694 4781 Post-

2053 4841 2224 4896 quam
2257 4825 2412 4881 enim
2433 4827 2639 4896 sponte
2670 4839 2776 4878 sua
2805 4822 2864 4877 in
2895 4823 3120 4876 Cretam
3149 4816 3578 4887 navigationem
3613 4811 3696 4865 in-

2055 4915 2365 4980 stituisset,
2401 4913 2652 4986 patriam
2681 4911 2887 4968 tributi
2923 4908 3226 4966 vexatione
3257 4902 3563 4961 liberavit:
3589 4900 3694 4955 be-

2058 5003 2326 5060 neﬁcium
2359 5001 2736 5076 gratitudinis
2767 5017 2900 5072 ergo
2929 4998 3177 5055 reddens
3207 4995 3498 5060 Minervae,
3521 4994 3579 5047 et
3606 4987 3698 5044 Li-

2057 5093 2219 5162 bero,
2253 5094 2352 5164 qui
2382 5093 2494 5164 ipsi
2525 5093 2586 5148 in
2619 5091 2722 5148 Dia
2743 5089 2934 5147 insula
2955 5091 3358 5160 apparuerant.
3378 5081 3576 5138 Fiebat
3596 5094 3699 5136 au-

360 5225 387 5266 q
445 5189 732 5271 Diodorus
753 5213 982 5273 Siculus
1011 5215 1113 5275 lib.
1144 5235 1218 5274 xv
1247 5217 1522 5275 Biblioth.
1557 5235 1570 5287 ;
1606 5219 1817 5276 Suidas
1847 5229 1901 5277 et
1928 5220 2154 5280 Pollux.

1647 5335 1888 5393 VARIIE
1927 5337 2230 5394 LECTION
2239 5337 2342 5393 ES.

359 5437 406 5476 "
438 5437 706 5530 ἐλάσσονα
733 5441 833 5506 τῆς
862 5439 944 5497 ἐπ’
974 5441 1126 5516 ἄκρῳ
1153 5445 1221 5512 Α,
1262 5440 1530 5498 ἐλάσσονα
1558 5449 1657 5512 τῆς
1688 5441 1770 5498 ἐπ’
1805 5440 1972 5518 ἄκρου
2006 5447 2060 5512 h,
2095 5441 2390 5504 ἐλάσσονας
2417 5449 2516 5512 τῆς
2545 5447 2640 5498 τοῦ
2671 5441 2836 5517 ξύλου

381 5533 552 5550 νων...
585 5513 624 5550 n
722 5512 771 5548 54
797 5515 1122 5550 “sunt...”
1161 5517 1240 5550 An
1275 5533 1287 5546 .
1319 5515 1640 5550 “sunt”...
1676 5515 1738 5550 τ-
1835 5517 1880 5550 es
1914 5513 2278 5550 l......--l:-.1
2311 5513 2658 5550 2.-."---12...
2701 5517 2776 5550 Ak
2903 5517 2925 5550 ε

1981 5513 2280 5590 ικρατίδας]
2301 5513 2665 5590 Διέπικριιτίδας
2680 5513 2827 5590 Ἀμ-
2845 5587 2863 5590 Α
2878 5513 2925 5590 δέ

292 5515 350 5589 ᾔ,
381 5511 552 5589 κῴπω
585 5513 646 5568 Β.
668 5512 771 5589 “5‘
797 5511 1122 5589 καθειμένος
1151 5517 1240 5572 ΑΒ
1275 5533 1298 5589 εΔ
1319 5511 1640 5589 καθειμένας

291 5582 500 5662 ξ’συ-ν-ίου
527 5585 640 5662 _h.“
663 5583 714 5619 ⁸⁸
743 5582 1017 5662 χαλαζίὸυ
1164 5603 1178 5644 :
1211 5582 1490 5662 γαλαξίού
1514 5589 1596 5662 ς’.

1835 5516 1884 5551 es
1914 5516 1930 5569 ἶ

1835 5537 1972 5644 uno:

1725 5589 1748 5623 9
1775 5589 2092 5661 'cplrt_08tx<‘lv
2127 5594 2190 5646 B.

3047 5443 3092 5479 ⁵⁸
3119 5441 3276 5495 κόπω
3307 5454 3406 5508 ρι’.
3433 5438 3493 5503 Α,
3529 5430 3699 5508 ’κοπὼ

2954 5515 3062 5568 τῶν
3091 5515 3278 5568 om.A.
3312 5503 3364 5545 ’Π
3397 5503 3604 5561 ἶσανίου
3635 5507 3702 5565 Β,

2293 5587 2340 5625 ⁶⁰
2367 5576 2668 5660 Πάνακτον]
2701 5589 2774 5660 cf.
2808 5586 3040 5660 Muller,
3073 5583 3446 5660 Orchomen.,
3479 5595 3535 5649 p.
3560 5576 3702 5660 βεξζι·

295 5607 500 5676 ισυνιου
531 5607 615 5673 ιι..⁵
663 5607 714 5619 νυ
743 5607 1017 5672 χαΛαΞιου
1047 5607 1136 5644 An
1164 5607 1178 5644 :
1211 5607 1470 5694 ἙαΑρξιου
1514 5607 1554 5662 5
1582 5631 1596 5646 .
1697 5607 1747 5624 ὐ
1775 5607 2092 5661 τριποοικον
2127 5607 2190 5646 15.
2293 5607 2340 5625 νυ
2367 5607 2668 5660 ιιανακτον]
2701 5607 2774 5645 cl.
2809 5607 3040 5643 mulier.
3073 5607 3446 5644 urcnomem,
3481 5607 3535 5649 μ.
3575 5607 3682 5632 σου

289 5657 335 5748 ﬁ:
588 5653 960 5748 gixnv‘a’ie‘lo'w
994 5659 1145 5716 ABh.
1252 5659 1272 5694 2
1303 5661 1360 5746 οὲ
1391 5657 2002 5748 ερ,Α,ηδῖτριπόδῳν
2162 5678 2174 5715 ε
2208 5658 2440 5748 τρὲοδα
2606 5661 2652 5696 et
2681 5657 3043 5736 ὠσχοφοριχὰ
3073 5657 3156 5713 Ah
3190 5673 3202 5711 ε
3237 5648 3585 5730 ὀσχοφορικά

1438 5731 1498 5756 ρ

290 5727 336 5764 ⁸⁸
367 5725 422 5782 δέ
454 5725 548 5786 om
579 5731 644 5786 Α.
701 5725 769 5767 ⁷⁸⁸
799 5725 1060 5804 κλήματα
1089 5764 1157 5774 -
1188 5735 1398 5805 μεστῶν

1594 5730 1640 5768 ⁸⁷
1679 5727 1870 5808 ὤσῖχην
1906 5735 1987 5790 Δὶ]
2026 5751 2037 5788 :
2069 5727 2252 5808 ὅσχην

2277 5733 2338 5758 ρ-

2438 5731 2695 5804 ⁸δῖ’Θησέα
2727 5731 2866 5806 φασῖ
