4100 6242
290 349 439 411 1209

1393 349 1940 415 BIBLIOTHEGA.
1988 383 2065 397 —
2111 351 2286 415 COD.
2337 353 2556 416 CCXL.

3528 351 3690 414 1210

350 481 466 535 Ὃτι
517 482 720 544 σκοπὸς
755 483 822 549 ἦν
852 484 932 553 τῷ
982 486 1169 537 Μωσεῖ
1206 478 1333 537 οὕτε
1373 480 1777 558 φυσιολογῆσαι
1809 479 1921 536 οὔτε

2119 484 2308 540 Moses
2336 500 2439 541 nec
2460 484 2762 559 physicum
2780 499 2886 540 nec
2898 487 3296 541 astronomum
3311 500 3485 558 agere
3497 483 3695 551 voluit,

282 570 684 643 ἀστρονομῆσαι
738 567 867 625 ἀλλ’
926 569 1002 631 εἰς
1063 571 1391 646 θεογνωσίαν
1479 571 1568 625 καὶ
1659 568 1749 625 διὰ
1833 573 1931 640 τῆς

278 660 641 734 κόσμογονίας
709 660 1030 735 ἀνθρώπους
1089 660 1334 737 ἀγαγεῖν,
1412 662 1501 716 καὶ
1596 668 1928 737 παρασιῆσαι

280 746 361 802 ὅτι
402 745 469 817 δὴ
502 749 565 802 τὸ
602 747 742 824 μέγα
770 752 933 803 τοῦτο
983 749 1074 804 καὶ
1115 747 1370 824 λαμπρὸν
1417 754 1513 805 τοῦ
1556 752 1767 823 κόσμου
1818 747 1927 822 δη-

288 836 611 912 μιούργημα
658 831 776 912 ἔχει
821 837 914 892 τὸν
971 838 1101 893 Θεὸν
1146 841 1407 909 ποιητὴν,
1453 839 1542 893 καὶ
1597 836 1722 894 οὔτε
1760 839 1927 894 αὐτό-

289 944 455 995 ματον
488 920 617 999 ἔσχε
654 927 754 994 τήν
794 926 1019 1001 ὕπαρξιν
1060 924 1183 983 οὕτε
1232 927 1500 1005 ἀγένητον
1545 929 1645 998 τήν
1694 927 1926 983 ὑπόστα-

282 1035 358 1067 σιν
391 1013 481 1068 καὶ
512 1018 592 1085 τῷ
631 1019 747 1088 Θεῷ
779 1013 1069 1074 συναΐδιον.
1103 1018 1202 1074 Καὶ
1238 1015 1508 1072 Πλάτωνα
1558 1015 1614 1072 δε
1656 1019 1751 1072 τὸν
1799 1020 1924 1092 παρ’

277 1101 514 1173 Ἕλλησι
592 1105 917 1177 νομισθέντα
1006 1107 1343 1183 σοφώτατον,
1426 1106 1604 1162 καίτοι
1687 1105 1924 1169 πολλαῖς

279 1189 502 1266 ὕστερον
561 1197 771 1267 γενεαῖς
821 1196 1076 1269 γεγονότα
1131 1195 1219 1250 καὶ
1277 1196 1341 1250 οὐ
1407 1195 1610 1267 πλήθει
1696 1196 1922 1271 τυχόντι

277 1282 404 1344 τοὺς
458 1280 657 1357 λόγους
715 1284 1069 1357 ποιούμενον,
1129 1282 1273 1342 ιῖιλλὸ⁴
1331 1290 1448 1348 τοῖς
1489 1283 1575 1339 ἐπὶ
1624 1284 1923 1363 φιλοσοφίᾳ

274 1374 385 1424 τῶν
410 1367 616 1426 ὅλλων²
639 1368 1000 1446 προῦχουσιν,
1034 1371 1187 1447 ὅμως
1228 1373 1423 1431 Μωσὲα
1454 1372 1714 1428 δείκνυσιν
1761 1374 1812 1428 ἐν
1852 1378 1921 1449 τῇ

272 1465 376 1528 τῆς
460 1460 831 1535 κοσμογονίας
917 1461 1081 1517 αὖτοῦ
1159 1459 1410 1536 διηγήσει
1492 1461 1918 1537 ἔκμιμούμενον.

279 1546 428 1602 Πολῦ
497 1546 555 1603 δε
610 1548 1189 1627 μεγαλοπρεπέστερον
1246 1551 1445 1610 Μωσὲα
1504 1550 1803 1615 Πλάτωνος
1831 1573 1924 1607 τε·

276 1636 671 1713 θεολογηκὲναι
702 1639 1051 1714 παρίστησιν.
1084 1643 1207 1699 ’Ότι
1241 1639 1392 1697 οὐδὲν
1421 1663 1587 1721 φησιν
1628 1638 1742 1696 οὐδ’
1773 1639 1921 1705 δλως

270 1730 382 1782 τῶν
417 1726 470 1781 ἐν
500 1731 568 1802 τῇ
609 1729 951 1805 κοσμογονίᾳ
986 1734 1084 1785 τοῦ
1114 1732 1399 1809 προφήτου
1445 1734 1515 1805 τῇ
1572 1734 1669 1785 τοῖ’)
1718 1731 1917 1794 παντὸς

2041 572 2143 629 sed
2175 572 2442 629 homines
2474 574 2544 628 ad
2590 572 2689 628 Dei
2721 571 3248 646 cognitionem,per
3278 575 3480 630 mundi
3514 572 3692 629 etiam

2040 662 2390 718 creationem
2415 662 2643 718 trahere
2665 666 2722 717 et
2744 662 2991 719 invitare
3017 667 3265 719 conatus
3286 668 3394 718 est.
3413 663 3689 734 Magnum

2041 750 2152 808 hoc
2182 761 2235 808 et
2267 750 2633 823 splendidum
2667 752 2873 808 mundi
2913 768 3063 825 Opus
3093 770 3124 807 a
3164 752 3282 808 Deo
3314 753 3554 821 factum,
3585 768 3695 808 ne—

2041 857 2155 912 que
2186 858 2219 897 a
2265 858 2323 897 se
2354 840 2701 914 principium
2748 840 2981 909 habere,
3013 856 3206 912 neque
3236 839 3693 912 ingenerabilem

2040 929 2367 997 materiam,
2417 944 2606 1002 neque
2671 928 2788 985 Deo
2827 935 3199 986 comternam.
3248 928 3692 998 Platonemque,

2038 1035 2211 1091 quem
2237 1018 2416 1074 Graeci
2451 1017 2959 1089 sapientissimum
2994 1017 3427 1082 existimarunt,
3456 1015 3563 1071 etsi
3585 1032 3691 1070 sie-

2035 1106 2185 1163 culis
2218 1105 2419 1163 multis
2469 1107 2750 1179 posterior
2806 1106 3000 1177 fuerit,
3032 1123 3140 1164 nec
3170 1122 3237 1162 ex
3282 1105 3449 1178 plebe
3479 1104 3692 1176 cuique

2035 1195 2213 1252 libros
2262 1212 2398 1252 suos
2443 1195 2765 1268 scripserit,
2797 1196 2903 1253 sed
2951 1197 3026 1252 iis
3056 1197 3156 1268 qui
3214 1212 3329 1268 prae
3372 1193 3598 1250 caeteris
3628 1194 3686 1249 in

2033 1284 2403 1356 philosophia
2430 1282 2700 1357 ingentes
2730 1301 3067 1357 progressus
3090 1286 3366 1350 fecerunt,
3391 1283 3609 1339 Mosam
3629 1282 3688 1336 in

2033 1373 2235 1427 mundi
2286 1373 2504 1428 conditi
2552 1374 2922 1431 enarratione
2964 1374 3257 1429 imitatum
3317 1373 3515 1428 fuisse.
3575 1371 3685 1427 Sed

2034 1460 2248 1518 Mosem
2282 1463 2600 1519 sublimius
2623 1465 2810 1521 multo
2842 1481 2961 1521 rem
2997 1465 3173 1520 refert
3191 1478 3518 1520 enarrasse.
3540 1460 3692 1516 Nihil

2031 1552 2114 1606 ait
2160 1550 2220 1607 in
2280 1552 2488 1613 mundi
2549 1553 2846 1610 creatione
2909 1569 3060 1619 esse,
3111 1568 3422 1624 rerumque
3486 1550 3690 1606 ordine

2031 1639 2171 1712 quin
2205 1640 2387 1697 Mosis
2431 1642 2627 1699 verbis
2677 1644 3067 1715 respondeat;
3101 1646 3305 1698 contra
3342 1657 3473 1697 vero
3506 1639 3693 1696 multa

2028 1746 2250 1801 eorum,
2298 1746 2553 1802 quorum
2614 1750 2647 1789 a
2704 1733 2965 1806 physicis
3045 1731 3401 1799 investigata;
3471 1745 3685 1797 causae,

275 1812 508 1886 διατάξει
566 1816 891 1894 ἀσύμφωνον
928 1839 941 1852 ·
985 1819 1301 1875 τούναντίον
1351 1817 1408 1874 δε
1460 1821 1549 1875 καὶ
1593 1818 1779 1875 πολλὰ
1809 1824 1917 1875 τῶν

2037 1836 2058 1877 s
2090 1820 2272 1878 Mosis
2303 1822 2538 1895 scriptis
2569 1823 2882 1897 desumpta
2913 1828 3068 1880 sunt.
3087 1824 3149 1879 In
3168 1822 3372 1879 multis
3406 1837 3684 1893 magnum

274 1906 499 1979 ὕστερον
549 1906 1035 1981 αἰτιολογηθὲντων
1086 1908 1190 1964 ὑπὸ
1235 1912 1343 1964 τῶν
1404 1913 1645 1987 φυσικῶν
1695 1908 1755 1965 ὲκ
1810 1914 1914 1965 τῶν

275 1995 523 2056 Μωσέως
553 1994 858 2072 γραφέντων
892 1997 1086 2077 εἶ’ληφε
1113 1999 1213 2068 τήν
1247 1998 1445 2074 ἀρχήν.
1498 2001 1622 2057 ’Ότι
1672 1998 1723 2053 ἐν
1770 1998 1916 2055 πολ-

273 2084 397 2144 λοῖς
454 2084 615 2157 ἀξίως
670 2087 762 2141 τὸν
825 2088 992 2165 μεγαν
1052 2087 1365 2160 ἀποθειάζει
1436 2088 1740 2159 Βασίλειον,
1826 2088 1917 2144 καὶ

2028 1910 2332 1979 Basilium,
2365 1920 2420 1968 et
2449 1912 2816 1969 Theodorum
2850 1913 3221 1985 Mopsuestia:
3261 1911 3531 1967 laudibus
3562 1925 3685 1965 me-

2030 1999 2138 2057 rito
2169 2001 2414 2069 extollit,
2446 2001 2557 2060 etsi
2588 2020 2702 2059 non
2734 2002 2794 2057 in
2826 2003 3100 2059 omnibus
3134 2018 3260 2073 quae
3293 1998 3686 2074 reprehendit,

2026 2090 2165 2148 licet
2196 2110 2311 2150 non
2342 2109 2531 2166 pauca
2552 2096 2689 2167 jure
2716 2094 2966 2152 vellicet.

274 2170 553 2247 Θεόδωρον
609 2175 702 2230 τὸν
757 2176 1155 2250 Μοψουεστίας,
1189 2176 1233 2231 εί
1290 2179 1381 2233 καὶ
1440 2180 1515 2251 μὴ
1576 2179 1627 2234 ἐν
1682 2183 1840 2235 πᾶσιν
1879 2180 1964 2239 οἷς
2016 2176 2346 2250 ἐπαιτιᾶται,
2407 2179 2533 2238 ἄλλ’
2585 2178 2678 2237 οὖν
2736 2181 2839 2237 οὐκ
2886 2181 2937 2237 ἐν
3002 2180 3216 2260 ὀλίγοις
3255 2174 3680 2254 ἐπιλαμϐάνεται

276 2259 521 2327 δικαίως.

347 2355 473 2424 (993
524 2355 617 2429 Η.]
666 2357 788 2411 Ὅτι
830 2362 931 2426 τῆς
981 2356 1161 2434 ἀρχῆς
1207 2357 1516 2439 πολλαχῶς
1575 2382 1707 2433 σησε
1763 2359 1924 2439 λεγο-

297 2441 464 2515 μένης
493 2444 575 2515 τὸ,
606 2446 690 2499 Ἐν
731 2443 904 2522 ἀρχῆ,
934 2447 997 2502 τὸ
1027 2451 1116 2502 νῦν
1144 2449 1244 2518 τήν
1275 2450 1322 2486 ⁷⁵
1358 2449 1494 2505 κατᾶ
1523 2453 1725 2525 χρόνον
1750 2451 1929 2528 ἀρχὴν

278 2528 508 2602 δηλοῦν.
550 2534 699 2590 Κατὰ
740 2535 942 2611 χρόνον
974 2532 1032 2591 δὲ
1070 2536 1251 2614 λεγειν
1284 2539 1447 2615 φησὶν
1478 2539 1586 2616 οὐχ
1615 2541 1676 2596 οὗ
1711 2547 1812 2610 τῆς
1843 2561 1925 2618 γε·

288 2619 489 2684 νέσεως
514 2628 845 2698 προηγεῖται
877 2626 1100 2700 χρόνος,
1125 2626 1200 2688 ὡς
1231 2629 1392 2700 ἡμῶν
1421 2628 1667 2700 ἑκάστου,
1692 2627 1836 2685 ἀλλά
1865 2631 1926 2686 τὸ

280 2710 502 2783 πρῶτον
530 2716 629 2767 τοῦ
668 2713 871 2792 χρόνου
909 2717 1025 2786 νῦν,
1070 2712 1127 2770 ἒν
1177 2715 1221 2788 ᾧ
1269 2717 1361 2772 τὸν
1413 2718 1642 2793 οὐρανὸν
1688 2720 1778 2773 καὶ
1825 2721 1925 2789 τὴν

275 2803 383 2876 γῆν
425 2803 734 2878 παρήγαγεν
793 2804 821 2858 6
881 2804 1034 2870 Θεὸς,
1069 2806 1194 2879 [527
1255 2807 1348 2880 Η.]
1406 2809 1607 2870 παντὸς
1664 2814 1927 2883 χρονικοῦ

280 2889 460 2966 χωρὶς
510 2889 909 2966 διαστήματοσι
961 2900 1141 2950 Πᾶσαν
1177 2896 1280 2972 γὰρ
1327 2896 1507 2971 ἀρχὴν
1558 2894 1742 2973 ἑτέραν
1789 2898 1927 2954 εἶναι

272 2980 490 3043 πάντως
536 2980 723 3060 φησὶν,
775 2983 942 3059 οὗπερ
993 2982 1205 3059 λέγεται
1263 2983 1435 3059 ἀρχή·
1497 2986 1586 3041 καὶ
1643 2984 1929 3043 τοῦτοδιὰ

2102 2363 2461 2436 Principium
2496 2365 2674 2422 variis
2707 2365 2898 2423 modis
2946 2381 3076 2422 cum
3124 2365 3373 2431 dicatur,
3406 2362 3582 2419 refert
3615 2360 3685 2416 il-

2038 2452 2139 2509 lud
2192 2470 2207 2508 :
2247 2455 2313 2509 In
2350 2453 2644 2526 principio,
2671 2469 2827 2511 nunc
2875 2453 3293 2526 temporarium
3327 2450 3680 2524 principium

2038 2542 2297 2598 indicare
2347 2558 2361 2597 :
2421 2542 2612 2599 dicere
2660 2560 2813 2611 vero,
2847 2542 3054 2615 inquit,
3088 2539 3528 2613 temporarium,
3562 2554 3682 2594 non

2038 2630 2211 2700 cujus
2241 2632 2677 2702 generationem
2703 2640 2929 2704 tempus
2960 2632 3263 2702 praecedat,
3298 2633 3363 2686 ut
3394 2629 3566 2685 unius
3595 2642 3691 2682 cu-

2032 2720 2248 2790 jusque
2279 2722 2544 2776 nostrum
2577 2738 2590 2777 :
2624 2720 2725 2775 sed
2757 2719 3007 2792 primum
3042 2719 3322 2791 temporis
3354 2734 3533 2786 nunc,
3566 2731 3684 2788 quo

2039 2813 2192 2864 Deus
2232 2807 2441 2864 caelum
2483 2812 2542 2865 et
2587 2813 2801 2865 terram
2842 2809 2902 2864 in
2935 2808 3192 2865 medium
3225 2808 3517 2880 produxit,
3550 2805 3680 2861 sine

2040 2896 2156 2953 ullo
2195 2898 2477 2969 temporis
2524 2897 2849 2956 intervallo.
2882 2899 3069 2954 Omne
3126 2896 3280 2953 enim
3331 2893 3686 2968 principium

2037 2986 2275 3043 omnino
2298 2987 2453 3043 aliud
2476 3004 2605 3044 esse
2629 2987 2792 3053 dicit,
2812 3004 2987 3060 quam
3010 2988 3070 3044 in
3088 2986 3258 3057 cujus
3288 2984 3501 3041 dicitur
3523 2982 3685 3056 prin-

269 3064 734 3146 παραδειγμάτων
763 3074 1170 3142 κατασκευάζει.
1202 3074 1364 3128 Ὥστε
1409 3073 1461 3128 ἐν
1511 3078 1578 3148 τῇ
1624 3075 1774 3151 ἀρχῇ
1827 3079 1921 3130 τοῦ

2037 3075 2277 3148 cipium,
2311 3076 2488 3149 idque
2518 3077 2814 3149 -exemplis
2860 3076 3137 3133 ostendit.
3172 3078 3359 3141 Quare
3388 3073 3447 3129 in
3477 3071 3693 3144 princi-

267 3156 477 3232 χρόνου
523 3158 613 3213 καὶ
665 3158 764 3215 οὐκ
808 3158 862 3215 ἒν
915 3158 1101 3235 χρόνῳ
1149 3162 1241 3217 τὸν
1289 3161 1515 3240 οὐρανὸν
1567 3163 1659 3219 καὶ
1691 3166 1790 3235 τήν
1818 3172 1921 3241 γῆν

270 3244 526 3318 ἐποίησεν
559 3248 588 3303 6
618 3247 769 3311 Θεός.
821 3247 977 3306 Ἀλλ’
1023 3249 1078 3305 ἓν
1134 3256 1298 3308 τοῦτο
1349 3254 1757 3327 σημαινόμενον
1816 3261 1919 3324 τῆς

270 3333 328 3391 ἐν
368 3335 414 3408 ᾧ
460 3332 677 3414 γέγονεν
718 3337 899 3414 ἀρχῆς
948 3340 977 3394 6
1022 3338 1250 3416 οὐρανὸς
1299 3341 1389 3398 καὶ
1437 3344 1472 3412 ἠ
1514 3349 1608 3412 γῆ.
1663 3342 1918 3419 Δεύτερον

270 3424 334 3479 τὸ
366 3428 586 3498 πρῶτον
615 3430 713 3481 τοῦ
752 3429 1261 3503 κατασκευάσματος
1296 3431 1507 3506 μόριον,
1560 3432 1634 3494 ὡς
1687 3433 1833 3508 ἆρχὴ
1882 3435 1918 3503 ἡ

269 3511 464 3586 τρόπις
496 3517 593 3569 τοῦ
623 3512 825 3570 πλοίο.)
854 3516 945 3570 καὶ
985 3517 1037 3572 οἱ
1068 3515 1317 3590 θεμέλιοι
1346 3525 1446 3590 τῆς
1486 3518 1685 3582 οῗκίας.
1739 3524 1918 3592 Δῆλον

281 3598 326 3656 δ’
359 3598 442 3657 ὅτι
481 3603 572 3657 καὶ
605 3603 740 3660 κατᾶ
767 3606 928 3660 τοῦτό
959 3627 1091 3684 φησι
1121 3608 1183 3661 τὸ
1233 3609 1633 3682 σημαινόμενον
1678 3616 1777 3679 τῆς
1824 3610 1919 3685 ἆρ-

274 3697 385 3769 χῆς
418 3688 645 3748 δυνατὸν
677 3692 930 3765 ἐννοῆσαι
961 3696 1052 3750 τὸν
1073 3694 1294 3773 οὐρανὸν
1316 3699 1403 3752 καὶ
1426 3699 1526 3768 τήν
1550 3705 1652 3775 γῆν
1686 3698 1737 3754 ἐν
1769 3699 1919 3776 ἀρχῆ

273 3785 597 3857 γεγενῆσθαι
630 3804 643 3817 ·
678 3786 797 3841 οἷον
826 3785 930 3863 γὰρ
959 3786 1212 3861 θεμέλιον
1253 3787 1343 3843 καὶ
1382 3787 1562 3864 ἀρχὴν
1605 3793 1713 3845 τῶν
1773 3811 1923 3867 γεγο-

273 3868 450 3925 νότων
484 3870 512 3924 6
545 3871 673 3934 Θεὸς
704 3872 794 3927 τὸν
827 3873 1053 3948 οὐρανὸν
1081 3873 1171 3929 καὶ
1194 3874 1294 3944 τὴν
1326 3880 1428 3951 γῆν
1460 3870 1921 3948 προκατεόάλετο.

275 3960 422 4014 Κατᾶ
480 3956 538 4015 δὲ
594 3960 663 4015 τά
711 3959 858 4017 ἄλλα
898 3968 999 4032 τῆς
1055 3961 1239 4038 ἀρχῆς
1287 3964 1666 4036 σημαινόμενα
1710 3963 1916 4020 οὐκετι·

346 4050 469 4104 Ὅτι
498 4049 611 4104 ἀντὶ
640 4050 692 4086 ’δ
718 4054 837 4122 τοῦ,
870 4052 959 4108 Ἐν
981 4050 1155 4128 ἀρχῇ,
1190 4076 1218 4103 ‹‹
1252 4052 1305 4109 ἐν
1328 4052 1609 4133 κεφαλαίῳ
1642 4077 1669 4105 ››
1702 4052 1868 4110 εἰπὼν
1892 4054 1919 4108 ὁ

270 4136 511 4201 ’Δκόλας
570 4136 790 4195 δίδωσιν
844 4140 1042 4196 ἐννοεῖν
1092 4139 1205 4196 ἀντῖ
1253 4147 1350 4198 τοῦ
1397 4145 1783 4218 συνῃρημένως
1830 4143 1919 4200 καὶ

272 4226 419 4299 ὁμοῦ
450 4226 690 4304 γενέσθαι
723 4228 818 4284 τὸν
849 4229 1075 4304 οὐρανὸν
1135 4229 1422 4305 σημαίνειν
1469 4232 1553 4301 τὸ,
1597 4233 1686 4290 Ἐν
1730 4234 1878 4309 ἀρχῇ
1903 4250 1917 4264 ⁸

271 4312 403 4370 οὐδὲ
432 4315 530 4392 γὰρ
562 4318 624 4373 τὸ
659 4318 755 4391 μεν
789 4319 968 4375 αὐτῶν
995 4317 1285 4396 πρότερον,
1326 4320 1388 4376 τὸ
1440 4318 1496 4377 δὶ
1553 4320 1773 4398 ὕστερον
1823 4322 1920 4399 γὲ-

2034 3163 2131 3236 pio
2150 3164 2455 3236 temporis,
2488 3169 2544 3220 et
2574 3182 2690 3221 non
2723 3167 2781 3220 in
2813 3170 3093 3235 tempore,
3115 3162 3322 3219 caelum
3354 3165 3690 3230 terramque

2028 3252 2290 3309 condidit
2344 3253 2521 3310 Deus.
2562 3254 2672 3310 Sed
2725 3269 2908 3310 unum
2965 3254 3075 3309 hoc
3123 3250 3417 3325 signiﬁcat
3460 3246 3682 3321 princi-

2031 3343 2215 3415 pium,
2232 3344 2292 3399 in
2315 3359 2431 3415 quo
2454 3341 2663 3399 caelum
2687 3347 2744 3399 et
2772 3348 2924 3399 terra
2953 3342 3191 3397 condita
3213 3343 3371 3395 sunt.
3388 3337 3675 3402 Secundo,

2032 3432 2217 3504 prima
2265 3432 2458 3489 828a
2487 3431 2716 3488 fabricae
2765 3448 2922 3503 pars,
2978 3434 3043 3486 ut
3089 3429 3324 3486 initium
3381 3427 3543 3483 navis
3590 3429 3681 3481 est

2035 3522 2250 3583 carina,
2285 3522 2495 3578 domus
2517 3522 2923 3577 fundamenta.
2954 3520 3098 3575 Hinc
3130 3526 3370 3593 apparet
3399 3523 3457 3574 et
3485 3517 3690 3573 eodem

2038 3611 2209 3666 modo
2231 3609 2717 3682 signiﬁcationem
2734 3609 3007 3681 principii
3030 3608 3269 3679 intelligi
3286 3604 3691 3680 posse,coslum

2033 3704 2090 3754 et
2119 3702 2334 3754 terram
2367 3700 2425 3754 in
2476 3698 2767 3770 principio
2817 3699 2968 3753 facta
3014 3713 3158 3753 esse.
3196 3697 3338 3753 Tale
3367 3694 3521 3750 enim
3556 3695 3688 3748 fun-

2029 3788 2375 3843 damentum
2407 3799 2464 3843 et
2484 3786 2835 3858 principium
2860 3802 3077 3853 rerum,
3096 3786 3245 3840 Deus
3272 3784 3482 3841 ccelum
3506 3786 3562 3837 et
3585 3789 3690 3843 ter_

2031 3892 2181 3943 ram,
2209 3876 2466 3948 primum
2488 3875 2704 3947 posuit,
2724 3874 2784 3930 in
2815 3873 2947 3930 aliis
2969 3871 3497 3945 significationibus
3529 3867 3658 3940 prin

2030 3963 2168 4035 cipii
2191 3979 2310 4021 non
2341 3963 2442 4018 ita.

2100 4059 2209 4111 Pro
2270 4055 2358 4110 bis
2417 4056 2478 4110 In
2532 4055 2830 4127 principio,
2890 4057 3121 4110 vertens
3166 4053 3251 4109 sic
3306 4048 3537 4122 Aquila,
3594 4049 3681 4104 Ἐν

2029 4140 2329 4217 κεφαλαίῳ,
2361 4142 2728 4199 occasionem
2763 4141 2920 4198 dedit
2958 4141 3269 4214 cogitandi,
3294 4136 3686 4214 συνηρημένως

2027 4231 2111 4301 τὸ,
2143 4233 2204 4289 in
2243 4231 2531 4307 principio
2552 4230 3161 4304 significarejunctim
3189 4234 3247 4287 et
3273 4229 3447 4286 simul
3471 4229 3685 4285 caelum

2030 4327 2086 4378 et
2104 4326 2318 4379 terram
2342 4321 2494 4377 facta
2515 4337 2661 4378 esse.
2684 4319 2887 4392 Neque
2917 4319 3072 4376 enim
3104 4319 3213 4376 hoc
3252 4334 3320 4376 ex
3352 4317 3470 4374 illis
3502 4318 3690 4390 prius,

274 4425 455 4482 γονεν·
515 4405 800 4480 Εἰώθαμεν
841 4409 943 4485 γὰρ
993 4408 1288 4487 κεφάλαιον
1355 4410 1543 4467 καλεῖν
1602 4415 1702 4482 τὴν
1760 4411 1813 4466 ἐν
1845 4412 1921 4467 ἑνὶ

2037 4411 2140 4469 hoc
2168 4429 2302 4470 vero
2334 4412 2620 4485 posterius
2660 4412 2878 4467 factum
2919 4414 3028 4467 est.
3056 4407 3360 4486 Κεφάλαιον
3390 4407 3547 4464 enim
3581 4424 3689 4480 ap-

282 4493 509 4550 πολλῶν
533 4499 576 4533 ⁷⁷
607 4494 720 4572 ἅμα
751 4497 1070 4574 συναίρεσιν·
1105 4500 1194 4555 καὶ
1218 4498 1406 4571 πολλὴ
1438 4503 1472 4571 ἡ
1507 4509 1732 4580 χρῆσις.
1766 4498 1924 4573 Ἐδή-

271 4585 423 4641 λωσε
478 4581 535 4640 δὲ
581 4586 671 4641 καί
718 4588 751 4657 ἡ
810 4594 909 4658 τῆς
960 4589 1054 4643 σὺν
1100 4590 1410 4664 προσθήκη,
1471 4588 1809 4663 συνδυασμὸν
1847 4592 1920 4653 ὡς

273 4673 342 4728 τὰ
370 4672 559 4730 πολλᾶ
589 4672 857 4747 δηλοῦσα,
897 4678 1001 4734 Καὶ
1036 4677 1138 4754 γὰρ
1173 4678 1359 4748 εἶπὼν,
1394 4681 1480 4737 Ἐν
1519 4678 1802 4758 κεφαλαίῳ
1831 4674 1920 4737 ἔκο

273 4784 393 4818 τισε
448 4763 541 4818 σὺν
606 4765 699 4820 τὸν
759 4765 1006 4843 οὐρανὸν,
1067 4769 1158 4822 σὺν
1246 4771 1346 4839 τήν
1413 4776 1538 4845 γῆν,
1624 4768 1677 4824 ἐν
1771 4770 1922 4849 ἀρχῇ

274 4852 518 4930 παρέσχε
580 4855 681 4925 τήν
732 4852 976 4927 δήλωσιν
1030 4861 1127 4913 τοῦ
1182 4859 1299 4933 ἅμα
1354 4859 1601 4935 γενέσθαι
1657 4860 1723 4915 τὰ
1802 4857 1920 4918 δύο.

269 4944 433 5006 Τινὲς
480 4945 562 5014 τὸ,
622 4943 675 5001 ἐν
738 4945 1036 5021 κεφαλαίῳ,
1097 4946 1204 5025 οὐχ
1252 4947 1447 5023 οὕτως,
1507 4946 1632 5004 ἁλλ’
1676 4948 1783 5004 ἀπὸ
1824 4952 1921 5019 τῆς

271 5029 460 5110 ἀρχῆς
489 5036 586 5087 τοῦ
616 5034 873 5107 σώματος
900 5041 1000 5105 τῆς
1031 5034 1276 5114 κεφαλῆς
1305 5034 1436 5091 αὐτὸ
1463 5033 1819 5111 λογιζόμενοι
1842 5036 1926 5093 ἐσ-

272 5120 641 5197 χηματίσθαι,
676 5123 752 5186 εἰς
781 5123 1046 5195 τοιαύτην
1096 5123 1272 5201 ἀρχὴν
1332 5124 1462 5181 αὐτὸ
1505 5123 1920 5206 μετειλήφασιν.

345 5304 469 5361 Ὅτι
528 5303 741 5383 φησὶν,.
774 5304 1014 5383 Οὐρανὸν
1073 5304 1162 5362 καὶ
1222 5312 1322 5383 γῆν
1397 5304 1565 5362 εἰπὼν
1643 5301 1733 5360 διὰ
1812 5311 1920 5361 τῶν

345 5458 366 5485 ι
403 5445 547 5501 Gen.
580 5460 620 5512 ι,
655 5446 704 5503 1.

2034 4502 2246 4574 pellere
2293 4501 2553 4559 solemus
2602 4500 3072 4573 conjunctionem
3120 4499 3387 4556 omnium
3419 4496 3597 4554 simul
3628 4497 3689 4552 in

2036 4607 2240 4659 unum,
2272 4596 2331 4648 et
2362 4591 2637 4663 frequens
2658 4589 2837 4661 hujus
2868 4605 3027 4646 usus.
3051 4589 3316 4646 Ostendit
3343 4592 3401 4644 et
3420 4586 3686 4643 additum

2033 4681 2378 4739 vocabulum
2411 4678 2503 4734 σὺν
2534 4679 2617 4753 [id
2648 4685 2737 4736 est
2766 4679 2969 4750 simul]
3001 4678 3473 4750 conjunctionem
3499 4693 3512 4744 ;
3545 4674 3686 4747 quia

1995 4776 1999 4780 ’
2034 4770 2218 4828 multa
2265 4772 2652 4828 demonstrat.
2684 4768 2834 4825 Dicit
2864 4768 3021 4825 enim
3083 4785 3097 4825 :
3141 4770 3209 4824 In
3260 4770 3436 4840 capite
3480 4766 3688 4821 creauit

2031 4861 2201 4917 simul
2231 4861 2444 4929 caelum,
2478 4860 2646 4916 simul
2666 4868 2876 4915 terram
2898 4864 2953 4922 t;
2983 4858 3043 4914 in
3075 4856 3360 4929 principio
3393 4853 3687 4927 signiﬁcat

2033 4950 2206 5007 simul
2256 4950 2373 5006 duo
2403 4965 2529 5006 esse
2568 4948 2741 5006 facta.
2776 4947 3052 5006 Nonnulli
3111 4946 3279 5015 illud,
3311 4942 3364 4998 ἓν
3407 4938 3690 5021 κεφαλαίῳ

2032 5056 2149 5097 non
2180 5055 2246 5096 eo
2278 5040 2472 5106 modo,
2506 5038 2607 5095 sed
2658 5036 3060 5108 metaphoram
3093 5052 3128 5092 a
3157 5051 3390 5092 summa
3433 5030 3692 5103 corporis

2032 5133 2216 5204 parte,
2248 5145 2379 5203 quae
2409 5132 2587 5202 caput
2616 5131 2724 5194 est,
2747 5127 2984 5183 ductam
3006 5142 3134 5183 esse
3160 5125 3386 5196 volunt,
3407 5131 3460 5181 et
3481 5122 3552 5180 ad
3577 5121 3682 5178 hoc

2032 5219 2395 5291 principium
2427 5217 2773 5276 retulerunt.

2103 5308 2326 5365 Caelum
2357 5312 2415 5365 et
2443 5312 2662 5365 terram
2695 5306 2892 5364 dicens
2923 5323 3022 5378 per
3051 5309 3311 5363 extrema
3333 5302 3525 5361 media
3545 5318 3680 5359 con-

1630 5569 1871 5628 VARIIE
1909 5570 2326 5628 LECTIONES.

345 5700 390 5736 7‘
416 5699 516 5766 τήν
551 5697 685 5755 add.
720 5700 779 5755 C.
854 5697 903 5734 ⁷⁸
930 5696 1044 5753 ἀντὶ
1074 5699 1116 5756 C
1148 5717 1161 5755 :
1194 5699 1286 5755 καί
1316 5697 1435 5753 ἀντὶ
1631 5697 1677 5735 ⁷⁷
1715 5696 1962 5771 πολλῶν]
1995 5698 2130 5756 libri
2155 5697 2399 5771 πολλήν.
