4138 6224
567 347 716 406 1211

1766 345 2031 407 PHO'I‘II
2073 341 2611 406 PATRIABCH/E
2652 346 2771 407 ΟΡ.

3754 358 3865 417 1212

555 480 773 551 junxit,
852 485 915 535 ut
985 480 1159 535 etiam
1245 480 1440 537 omnia
1522 480 1867 551 loquuntur.
1946 481 2210 535 Extrema

2326 477 2504 550 ἄκρων
2558 477 2647 532 καὶ
2694 479 2759 533 τά
2820 480 2952 551 μέσα
2999 479 3457 557 συμπαρείληφεν,
3512 484 3578 544 ὡς
3629 487 3703 539 xui
3749 488 3868 543 πάντα

562 574 759 625 autem
792 569 915 625 hanc
936 569 1043 625 rite
1063 574 1359 640 vocantur,
1376 578 1526 626 terra
1558 571 1718 627 orbis
1742 575 2006 627 centrum
2040 568 2215 625 susti-

563 659 935 725 nens,omniu
948 675 997 714 m
1013 658 1345 715 inferiorum
1360 659 1811 732 estprincipium
1830 660 2068 727 ;cce1um
2083 675 2215 715 vero

561 746 757 803 omnia
789 748 1074 817 ambiens,
1099 749 1363 804 omnium
1391 750 1523 804 finis
1555 756 1664 805 est.
1690 753 1907 806 Iterum
1938 766 2071 805 vero
2105 766 2218 804 cce-

561 835 684 892 lum
706 837 1381 905 descendendo,initium
1405 840 1765 911 est,ejusque
1786 844 2046 911 respectu
2065 842 2221 894 terra

560 929 700 981 tunc
730 926 883 992 ﬁnis,
919 928 1111 983 media
1133 944 1265 983 vero
1305 937 1653 1000 sunt,aqua,
1680 946 1794 995 aer,
1816 937 1867 985 el
1898 928 2219 1001 ignis.ldco

560 1013 748 1086 pergit
806 1030 819 1068 :
880 1016 1116 1072 Tenebro
1154 1033 1317 1089 super
1359 1018 1659 1090 abyssum;
1709 1035 1909 1089 aquam
1959 1017 2217 1088 abyssum

560 1110 743 1172 vocat,
776 1105 1045 1160 tenebras
1088 1121 1217 1162 vero
1262 1107 1388 1163 luce
1437 1111 1730 1163 carentem
1765 1105 2217 1163 aerem.Etenim

559 1190 788 1262 proprie
804 1192 1071 1249 dicentur
1097 1195 1345 1250 tenebrae
1378 1212 1511 1251 cum
1545 1195 1745 1251 lumen
1766 1196 1951 1251 abest.
1988 1198 2053 1249 Et
2084 1211 2220 1249 con-

562 1280 811 1336 suetudo
852 1284 1118 1339 tenebras
1164 1285 1477 1340 obscurum
1512 1302 1704 1341 aerem
1756 1289 1941 1351 vocat,
1975 1283 2061 1339 vel
2090 1299 2219 1354 spe-

562 1370 710 1427 ciem
745 1373 901 1429 aeris
944 1379 1307 1443 nocturnam,
1351 1376 1441 1431 vel
1472 1392 1536 1431 ex
1574 1377 1685 1432 alio
1718 1378 2045 1433 accidente.

634 1556 930 1613 Tenebras
965 1558 1302 1631 palpabiles,
1324 1560 1521 1630 quales
1548 1564 1861 1616 senserunt
1890 1560 2137 1632 IEgyptii
2174 1565 2191 1601 ι

565 1645 793 1702 duabus
825 1648 895 1702 de
925 1648 1118 1704 causis
1149 1649 1263 1703 dici
1295 1650 1438 1718 vult,
1469 1649 1555 1704 vel
1588 1651 1739 1721 quod
1772 1649 2050 1722 splendor
2081 1649 2220 1705 nul-

2326 568 2503 643 φασίν.
2567 573 2739 641 Ἄκρα
2800 566 2857 624 δὲ
2910 568 3155 643 εὐλόγως
3210 572 3370 624 ταῦτα
3432 569 3677 644 καλεῖται,
3727 575 3868 651 ὅτιγῆ

2330 656 2425 728 μὲν
2472 657 2687 732 κέντρον
2739 663 2833 713 τοῦ
2882 660 3079 720 παντὸς
3135 658 3398 733 ἐπέχουσα
3452 662 3666 716 κάτωθεν
3711 666 3868 720 πάντων

2327 742 2469 801 ἐστὶν
2531 747 2702 821 ἀρχὴ,
2767 749 2934 823 πέρας
2992 746 3048 803 δὲ
3106 748 3132 801 ὁ
3184 750 3355 802 πάντα
3399 751 3645 824 περιέχων
3685 752 3867 827 οὐρανός.

2328 834 2503 889 Πάλιν
2543 835 2743 892 ἄνωθεν
2774 838 2920 913 ἀρχὴ
2959 838 3053 910 μέν
3085 838 3223 893 ἐστιν
3259 840 3285 893 ὁ
3318 838 3553 912 οὐρανὸς,
3590 841 3731 915 πέρας
3767 842 3807 897 δὲ
3845 847 3867 911 ἡ

2328 930 2422 996 γῆ.
2455 925 2605 981 Μέσα
2636 924 2693 979 δὲ
2733 924 2878 1001 ὕδωρ
2908 929 3000 982 καὶ
3034 928 3141 1003 ἀὴρ
3190 926 3282 981 xui
3326 931 3447 1001 πῦρ.
3500 929 3582 983 Διό
3627 952 3760 1006 φησιν
3799 930 3868 1008 ἐο-

2329 1016 2472 1085 εξῆς·
2511 1015 2605 1069 Καὶ
2631 1018 2823 1077 σκότος
2872 1016 3052 1071 έπάνω
3104 1024 3205 1085 τῆς
3252 1012 3500 1085 ἀϐύσσου,
3544 1018 3597 1072 τὸ
3652 1021 3729 1090 μὶν
3770 1017 3871 1092 ὕδωρ

2330 1097 2560 1159 ἄϐυσσον
2606 1106 2794 1171 εἰπὼν,
2845 1106 2907 1160 τὸ
2948 1104 3005 1161 δὲ
3055 1106 3243 1168 σκότος
3293 1107 3382 1161 τὸν
3426 1107 3697 1185 ἀφώτιστον
3744 1107 3838 1179 ἀέρα

2328 1193 2416 1245 xui
2446 1193 2547 1267 γὰρ
2589 1194 2791 1268 κυρίως
2840 1197 3033 1259 σκότος
3081 1194 3221 1250 ἐστὶν
3272 1198 3306 1263 ἡ
3357 1199 3447 1249 τοῦ
3492 1197 3652 1272 φωτὸς
3681 1196 3870 1252 ἀπουσία.

2329 1284 2427 1336 Καὶ
2460 1285 2493 1351 ἡ
2528 1285 2780 1354 συνήθεια
2812 1282 2867 1339 δὲ
2901 1286 3092 1346 σκότος
3120 1286 3209 1340 τὸν
3260 1285 3552 1359 ἀφώτιστον
3598 1284 3723 1358 λέγει
3765 1284 3871 1357 ἀέρι,

2330 1372 2455 1440 ⁹ἤτοι
2510 1374 2571 1427 τὸ
2621 1375 2925 1450 νυκτερινὸν
2968 1379 3066 1430 τοῦ
3121 1375 3278 1448 ἀέρος
3332 1376 3628 1447 κατάστημα
3678 1373 3873 1442 ﬁniri

2332 1460 2519 1523 ἄλλως
2550 1486 2668 1527 πως
2698 1486 2758 1517 συ
2768 1459 3019 1536 μὸαῖνον.

2402 1554 2524 1609 "On
2557 1553 2618 1607 τὸ
2649 1551 2976 1629 ψηλαφητὸν
3010 1555 3200 1615 σκότος
3239 1559 3360 1615 τοῖς
3406 1551 3694 1630 Αἰγυπτίοις
3736 1553 3873 1611 σκότος

2614 1644 2626 1659 \
2724 1644 2736 1658 τ
2784 1650 2808 1660 υ
2975 1641 2998 1661 ἢ
3036 1645 3049 1661 1
3106 1640 3161 1662 ἢν
3291 1644 3304 1661 9
3513 1641 3525 1662 \
3764 1638 3782 1657 λ
3843 1639 3851 1657 ί

2335 1639 2663 1719 ψηλαφητον
2694 1646 2938 1713 ειρησθοιι
2971 1658 3059 1698 eiu
3103 1661 3198 1698 ουο
3252 1642 3444 1711 αιτίας,
3493 1643 3524 1716 ᾖ
3570 1644 3644 1696 ὅτι
3696 1656 3873 1713 μηδεμισ

564 1732 656 1789 lus
686 1736 938 1793 caelestis
969 1738 1268 1793 immistus
1300 1750 1383 1793 est
1410 1739 1547 1806 aeri,
1580 1741 1651 1796 ob
1680 1740 2025 1795 densitatem
2059 1740 2211 1810 ejus.

2329 1729 2481 1791 ἀκτὶς
2538 1736 2643 1786 τῶν
2700 1730 2964 1807 οὒρανίων
3032 1732 3352 1807 εἷσεκρίνετο
3414 1736 3489 1804 τῷ
3550 1729 3653 1805 ἀέρι
3702 1728 3771 1783 διὰ
3805 1730 3873 1797 τήν

2405 1817 2507 1837 ‘\\
2639 1820 2650 1837 7
2730 1825 2754 1835 ~
2947 1821 2960 1837 Ι
3239 1822 3251 1837 \
3336 1822 3361 1837 ν
3498 1823 3508 1837 Ι
3564 1817 3581 1837 Χ
3732 1820 3743 1835 1
3865 1817 3873 1829 ⁵

569 1830 624 1877 ut
651 1824 893 1895 palpari,
928 1834 981 1881 et
1012 1827 1173 1898 tangi
1208 1844 1306 1897 per
1337 1828 1720 1884 resistentiam
1754 1846 1787 1883 a
1830 1828 2213 1900 contingenti-

566 1910 676 1967 bus
700 1919 873 1983 queat
909 1930 920 1967 :
954 1916 1041 1969 vel
1075 1916 1229 1985 quod
1266 1916 1556 1986 tangendo
1589 1916 1823 1971 duriora
1856 1933 2096 1987 corpora
2126 1915 2217 1970 in-

568 2005 685 2056 star
715 2018 998 2058 caecorum
1033 2005 1117 2059 sic
1146 2006 1611 2076 progrediantur,
1647 2009 1699 2061 et
1723 2006 1825 2061 hoc
1859 2006 1984 2077 ipso
2018 2021 2221 2076 cogno-

571 2094 739 2146 scant
761 2093 843 2147 sic
866 2097 1189 2149 attrectata.
1206 2093 1442 2166 Abyssus
1473 2097 1543 2151 ab
1568 2095 1840 2151 omnibus
1864 2096 2049 2152 multa
2069 2113 2221 2166 aqua

570 2178 801 2248 dicitur,
833 2185 889 2236 et
918 2182 975 2237 in
1008 2183 1362 2253 profundum
1396 2184 1984 2256 demersa,quamque
2015 2201 2219 2256 capere

574 2282 689 2320 non
720 2266 1000 2339 valemus,
1037 2285 1142 2326 nec
1172 2270 1354 2325 oculis
1386 2270 1685 2342 consequi.

644 2353 775 2409 Ideo
833 2356 1006 2411 etiam
1059 2357 1247 2413 Moses
1279 2358 1553 2430 abyssum
1604 2359 1750 2414 banc
1782 2376 1994 2430 aquam
2030 2363 2211 2424 vocat,

571 2443 684 2498 nisi
717 2447 868 2515 quod
898 2446 1067 2502 etiam
1105 2449 1342 2503 nomine
1372 2464 1533 2519 aqua:
1566 2448 1846 2504 nominet.
1875 2451 1946 2504 Ac
1977 2450 2214 2521 Spiritus

570 2533 720 2587 enim
778 2534 965 2590 3‘28b
1000 2536 1217 2591 Domini
1243 2540 1527 2605 ferebatur
1568 2549 1731 2609 super
1786 2554 1973 2610 aquas.
2026 2539 2211 2610 Super

566 2638 745 2691 aquas
798 2624 951 2680 enim
1004 2642 1101 2681 aer
1130 2624 1250 2698 ipse
1281 2627 1522 2683 innatat.
1561 2627 1781 2684 Nomen
1833 2633 2025 2683 autem
2064 2628 2211 2684 aeris

569 2710 758 2768 Moses
792 2729 905 2770 non
939 2716 1238 2786 usurpavit
1271 2733 1283 2770 :
1315 2716 1398 2771 vel
1432 2733 1495 2772 eo
1528 2720 1681 2788 quod
1714 2717 1933 2773 Hebraei
1952 2718 2211 2773 nondum

567 2806 790 2856 certum
828 2803 945 2858 aeri
995 2820 1207 2860 nomen
1256 2805 1571 2874 dedissent,
1613 2805 1703 2861 vel
1751 2823 1865 2878 quo
1923 2806 2213 2863 sufficeret

564 2891 710 2945 Mosi
743 2893 1021 2949 vocabulo
1069 2910 1225 2965 aqum
1258 2901 1566 2967 utrumque
1617 2897 1909 2952 denotare.
1944 2896 2211 2969 Magnam

562 2980 714 3036 enim
748 2997 847 3037 aer
876 2988 933 3038 et
964 3000 1115 3054 aqua
1145 2986 1621 3041 communionem
1648 2984 1880 3053 habent,
1910 2991 1967 3041 et
1998 2988 2211 3058 saepius

558 3070 616 3123 in
651 3072 1029 3142 sequentibus
1060 3073 1168 3129 hoc
1201 3076 1431 3130 nomine
1462 3077 1533 3131 de
1565 3079 1812 3147 utroque
1836 3077 2035 3131 utitur.

560 3163 656 3211 τοῦ
690 3156 881 3223 ὕδατος
913 3169 1013 3231 τῆς
1046 3169 1233 3238 φωνῆς
1262 3163 1427 3241 ἄμφω
1468 3162 1671 3235 δηλοῦν

562 3245 642 3301 ἐπ’
677 3250 879 3328 ἀμφοῖν
913 3252 1179 3327 κέχρηται
1213 3259 1293 3326 τῷ
1325 3254 1576 3328 ὀνόματι.

634 3341 819 3396 Moses
867 3344 1207 3415 angelorum
1255 3362 1574 3417 eorumque
1623 3346 1933 3402 creationis
1986 3347 2207 3403 nullam

564 3430 920 3487 mentionem
958 3433 1111 3503 facit,
1137 3434 1302 3505 quasi
1327 3436 1530 3491 mundi
1555 3435 1859 3492 historiam
1887 3435 2206 3508 scripserit.

563 3519 778 3573 Verum
811 3536 925 3575 non
959 3526 1048 3577 est
1080 3522 1391 3579 dicendum
1422 3524 1567 3580 istos
1599 3523 1775 3580 simul
1807 3525 2100 3581 exstitisse
2120 3525 2209 3581 vel

560 3612 693 3677 post
721 3609 931 3665 coelum
968 3612 1149 3667 factos
1182 3628 1328 3679 esse,
1362 3615 1461 3669 sed
1508 3618 1711 3682 antea;
1746 3613 1922 3685 idque
1957 3631 1987 3670 e
2018 3631 2210 3671 rerum

562 3703 788 3765 natura,
824 3700 1119 3772 sacrisque
1162 3702 1389 3759 Litteris
1439 3708 1685 3759 conatur
1728 3703 2133 3760 demonstrare
2192 3721 2207 3760 :

561 3787 909 3860 depugnans
922 3790 1143 3847 scilicet
1162 3792 1439 3848 adversus
1463 3795 1833 3850 Theodorum
1850 3794 2091 3865 ejusque
2119 3811 2215 3849 ra-

560 3878 771 3948 tiones,
805 3880 1021 3951 quibus
1052 3882 1285 3953 angelos
1338 3900 1456 3939 una
1504 3900 1635 3941 cum
1667 3886 1826 3941 caelis
1860 3890 2041 3943 factos
2083 3903 2213 3944 esse

562 3968 792 4036 asserit,
840 3974 896 4024 et
943 3986 1223 4043 magnum
1269 3971 1548 4028 Basilium
1598 3975 1863 4045 ejusdem
1915 3978 2213 4033 sententia

564 4058 873 4124 adducens,
894 4075 997 4130 pro
1025 4076 1136 4131 quo
1169 4062 1342 4116 etiam
1361 4062 1590 4118 videtur
1621 4065 2063 4121 decertandum.
2102 4066 2214 4121 Re-

564 4161 806 4202 censens
834 4147 1015 4219 igitur
1047 4152 1388 4205 summatim
1422 4152 1965 4225 demonstrationes,
1998 4155 2215 4227 quibus

565 4235 661 4290 ille
692 4237 926 4309 angelos
960 4254 1090 4295 cum
1126 4242 1343 4296 mundo
1375 4257 1489 4296 non
1532 4241 1707 4298 simul
1732 4248 1955 4301 creatos
1985 4245 2214 4316 probat,

568 4325 730 4381 addit
754 4342 765 4380 :
793 4327 936 4383 Vide
964 4327 1203 4385 tandem
1226 4346 1294 4385 ex
1320 4329 1534 4401 quibus
1562 4332 1814 4388 ccelestis
1836 4349 2035 4389 eorum
2056 4338 2215 4390 ortus

569 4419 808 4470 constet.
845 4416 1060 4487 Primo,
1093 4420 1248 4490 quod
1283 4436 1388 4476 nec
1418 4422 1624 4490 Moses,
1655 4439 1759 4477 nec
1781 4423 1890 4478 alia
1913 4424 2214 4496 Scriptura

566 4518 748 4604 sacra.
784 4505 925 4561 dicit
971 4523 1106 4563 cum
1150 4508 1293 4564 coelo
1352 4510 1534 4566 factos
1563 4528 1711 4567 esse.
1760 4513 2024 4568 Secundo
2057 4515 2210 4585 quod
2247 4540 2290 4604 ι)

569 4608 681 4649 non
705 4593 821 4649 sint
850 4612 1108 4666 corpora,
1134 4614 1239 4655 nec
1257 4600 1598 4671 corporibus
1621 4604 1909 4672 organicis
1932 4611 1995 4658 ut
2016 4603 2215 4660 anima

565 4686 767 4754 postea
809 4684 1005 4743 vincti.
1046 4687 1261 4757 Tertio,
1294 4704 1324 4743 e
1381 4689 1602 4745 ccelesti
1668 4707 1870 4748 eorum
1929 4693 2208 4764 potentia.

564 4774 799 4846 Quarto,
824 4776 979 4846 quod
1020 4775 1204 4832 Deum
1238 4778 1473 4835 assidue
1505 4779 1737 4836 videant
1770 4796 1783 4846 ;
1834 4782 2048 4853 quibus
2084 4799 2211 4838 om-

560 4863 737 4920 nibus
768 4869 1045 4921 creatures
1082 4868 1390 4923 mundanae
1424 4876 1638 4925 carent.
1674 4870 1907 4942 Quinto,
1942 4872 2097 4943 quod
2131 4871 2210 4927 ir-

561 4954 875 5011 rationales
904 4954 1112 5011 anima
1142 4971 1275 5012 cum
1310 4958 1648 5029 corporibus
1688 4976 1801 5015 non
1833 4959 1953 5016 sint
1984 4967 2212 5029 creatae,

561 5043 667 5097 etsi
697 5044 824 5101 sine
850 5044 1190 5115 corporibus
1221 5060 1349 5103 esse
1376 5052 1687 5118 nequeant.
1714 5048 2034 5116 Postremo,
2056 5050 2211 5120 quod

561 5130 867 5190 hominum
900 5135 1157 5205 animus,
1183 5151 1255 5193 ne
1284 5152 1417 5194 cum
1451 5138 1684 5211 proprio
1715 5154 1952 5210 corpore
1976 5138 2213 5210 quidem

637 5316 656 5353 ι
694 5312 872 5373 Exod.
898 5332 953 5386 ι,
984 5316 1072 5371 21.

2328 1817 2546 1887 πολλην
2593 1820 2759 1875 αὐτοῦ
2816 1821 3105 1897 παχύτητα
3164 1822 3254 1875 xui
3306 1822 3424 1875 οἷον
3486 1817 3773 1895 ψηλαφητὴν
3814 1817 3876 1869 καὶ

2329 1905 2629 1980 δυναμένην
2688 1909 2933 1981 αἶ’σθησιν
3005 1910 3321 1966 ἀντιτυπίας
3380 1914 3492 1971 τοῖς
3580 1906 3875 1983 ἐπαφωμένοις

2328 1999 2606 2073 παρέχειν,
2707 1999 2789 2053 ὅτι
2823 1998 2911 2055 διά
2938 2000 3000 2055 τὸ
3049 1997 3381 2077 ψηλαφητὸν
3429 1998 3492 2054 τά
3536 1997 3877 2069 στερεμνιώτερα

2328 2091 2433 2141 τῶν
2467 2090 2734 2160 σωμάτων
2787 2087 2942 2159 δίκην
2991 2088 3210 2168 τυφλῶν
3260 2088 3349 2143 xui
3398 2086 3535 2141 οὕτω
3577 2087 3661 2146 τὰς
3706 2079 3876 2157 inmai-

2328 2197 2435 2238 σεις
2468 2180 2761 2248 ποιεῖσθαι,
2794 2178 2827 2249 ἢ
2862 2180 2949 2233 καὶ
3001 2178 3134 2233 αὐτὸ
3185 2182 3347 2233 τοῦτο
3396 2176 3653 2254 γνωρίζειν
3689 2173 3801 2228 οὕτω
3833 2172 3876 2225 τὰ

2325 2264 2723 2339 ψηλαφώμενα.

2401 2363 2518 2414 ’Ὁτι
2561 2353 2791 2421 ἄϐυσσος
2822 2359 2966 2433 παρά
2995 2363 3123 2412 πᾶσι
3151 2357 3214 2412 τὸ
3243 2357 3388 2413 πολὺ
3419 2356 3647 2412 καλεῖται
3673 2352 3789 2426 ὕδωρ
3818 2350 3877 2404 καὶ

2324 2450 2400 2513 εἷς
2444 2450 2608 2525 βάθος
2641 2452 2855 2523 χωροῦν
2890 2447 3137 2519 ἄληπτον
3185 2450 3347 2520 ἡμῖν,
3392 2446 3531 2522 παρά
3556 2446 3613 2499 τὸ
3643 2441 3816 2517 μηνύειν
3848 2440 3878 2473 τε

2322 2541 2397 2601 εἰς
2438 2540 2569 2594 αὐτό
2615 2560 2627 2571 ·
2662 2536 2746 2593 διὸ
2785 2538 2876 2591 καὶ
2928 2544 3130 2605 Μωσῆς
3190 2532 3426 2592 ἄϐυσσον
3486 2535 3639 2589 ἐκεῖνο
3688 2533 3740 2587 τὸ
3778 2526 3875 2598 ὕδωρ

2321 2628 2501 2684 καλεῖ.
2536 2627 2687 2695 Πλὴν
2718 2628 2807 2681 καὶ
2840 2624 2985 2700 ὕδωρ
3039 2626 3168 2680 αὐτὸ
3226 2624 3601 2697 κατονομάζει’
3638 2620 3727 2677 Καὶ
3765 2622 3876 2672 τι·δεῦ-

2324 2740 2397 2791 μοι
2455 2717 2558 2792 γάρ
2619 2721 2753 2771 Θεοῦ
2813 2716 3099 2789 ἐπεφέρετο
3155 2715 3342 2769 ἐπάνω
3399 2713 3491 2768 τοῦ
3539 2709 3708 2771 ὕδατος
3742 2728 3753 2741 ·
3797 2710 3878 2764 τοῖς

2321 2805 2473 2861 ὕδασι
2504 2806 2603 2880 γὰρ
2632 2806 2736 2879 ἀὴρ
2770 2804 3113 2879 ἐπινήχεται.
3150 2802 3299 2858 Αὐτὸ
3322 2801 3379 2858 δὲ
3400 2803 3459 2857 τὸ
3479 2806 3570 2857 τοῦ
3590 2800 3727 2873 ἀέρος
3750 2793 3877 2865 ὄνομα

2319 2897 2463 2969 παρά
2494 2900 2561 2969 τῇ
2597 2895 2871 2955 Μωυσέως
2904 2894 3005 2948 οὐκ
3033 2891 3143 2947 ἔστι
3173 2896 3385 2969 γραφῇ,
3423 2894 3457 2963 ἢ
3511 2892 3664 2964 μήπω
3706 2884 3879 2961 ἐχούσης

2317 2986 2441 3040 τότε
2467 2986 2513 3022 7°
2541 2992 2641 3055 τῆς
2694 2979 2977 3058 Ἐϐραΐδος
3029 2979 3321 3037 διαλέκτου
3368 2981 3715 3058 ἀφωρισμένον
3753 2971 3878 3043 ὄνομα

2236 3044 2279 3111 c
2317 3080 2393 3147 τῷ
2454 3044 2923 3148 ἀέρι,’-[528ΙΗ.]
2981 3071 3015 3141 ἢ
3093 3044 3435 3147 ἀρκουμένου
3492 3044 3754 3127 ’Μωυσέως
3819 3058 3880 3114 διὰ

1717 3183 1731 3197 ο
1764 3164 1951 3235 πολλή
1990 3165 2091 3240 γὰρ
2124 3162 2317 3229 ὕδατος
2372 3169 2460 3221 καὶ
2510 3164 2666 3242 ἀέρος
2720 3168 2754 3234 ἡ
2804 3164 3078 3230 κοινωνία,
3118 3163 3209 3217 καὶ
3258 3162 3529 3223 πολλάκις
3577 3160 3625 3214 έν
3664 3163 3761 3217 τοῖς
3796 3155 3881 3224 ἑξῆς

2390 3351 2513 3407 ’Ότι
2544 3346 2670 3408 τοὺς
2699 3343 2966 3421 ἀγγέλους
2989 3345 3076 3401 καὶ
3098 3348 3144 3382 ⁸ο
3163 3343 3432 3418 μηδαμοῦ
3452 3351 3547 3413 τῆς
3566 3343 3833 3416 προαγωγῆς
3848 3333 3877 3367 ⁷³

2319 3439 2492 3493 αὐτῶν
2556 3436 2796 3511 ἐμνήσθη
2866 3442 3094 3505 Μωσῆς,
3146 3436 3238 3489 ἅτε
3296 3440 3403 3490 τῶν
3465 3431 3741 3507 ἐγκοσμίων
3778 3426 3883 3478 ἱστο-

2324 3528 2437 3603 ρίαν
2476 3523 2829 3602 παραδιδοὺς,
2890 3522 3016 3579 ἀλλ’
3068 3521 3157 3578 οὖν
3201 3522 3330 3579 οὐδὲ
3372 3521 3454 3578 δεῖ
3501 3521 3660 3598 λέγειν
3698 3520 3759 3577 ὡς
3798 3534 3885 3613 συξ-

2321 3622 2641 3688 υπέστησαν,
2675 3615 2863 3692 φησὶν,
2903 3616 2929 3685 ’r]
2981 3614 3071 3668 xui
3121 3612 3345 3689 ὕστερον
3391 3612 3653 3688 γεγόνασιν
3692 3607 3884 3679 οὐρανοῦ.

2321 3707 2583 3780 πρότερον
2638 3702 2712 3760 δέ.
2765 3704 2871 3760 Καὶ
2940 3701 3099 3759 τοῦτο
3158 3709 3413 3776 πειρᾶται
3461 3700 3548 3756 xui
3596 3697 3886 3791 enormi-raptu

2318 3797 2408 3852 xui
2440 3795 2499 3850 ὲκ
2529 3801 2635 3850 τῶν
2668 3792 2824 3848 θείων
2856 3795 3071 3869 Λογίων
3103 3794 3471 3866 παριστάνειν,
3510 3791 3580 3850 ὡς
3608 3786 3743 3856 δῆθεν
3791 3786 3887 3853 πρὸς

2323 3882 2615 3955 Θεόδωρον
2660 3884 2792 3957 [996
2825 3883 3381 3957 Β.]ἀπομαχόμενος,
3415 3881 3503 3936 καὶ
3531 3880 3621 3939 τὰς
3648 3876 3756 3948 παρ’
3778 3870 3891 3925 αύτοῦ

2322 3972 2691 4047 κομιζομένας
2752 3968 3052 4041 ἀποδείξεις
3107 3970 3189 4025 ὅτι
3249 3970 3346 4026 σὺν
3413 3971 3615 4041 οὖρανῷ
3674 3960 3885 4041 γεγόνασιν

2324 4064 2838 4135 ἀνασκευαζόμενος,
2887 4061 2977 4116 καὶ
3027 4062 3318 4140 σύμφωνον
3362 4062 3455 4116 τὸν
3508 4060 3661 4133 μέγαν
3705 4055 3891 4149 immiti:-

2327 4156 2552 4226 ζόμενος
2580 4149 2887 4222 Βασίλειον,
2907 4158 2910 4161 ⁷
2927 4150 3059 4226 ὑπὲρ
3093 4138 3162 4204 οὗή
3186 4150 3278 4205 καὶ
3306 4147 3459 4205 δοκεῖ
3483 4145 3725 4219 Θεοδώρῳ
3748 4138 3889 4241 δέοιμξ·

2323 4244 2534 4319 χεσθαι.
2578 4239 3175 4318 Ἀνακεφαλαιούμενος
3206 4237 3300 4294 οὗν
3327 4241 3426 4301 τὰς
3456 4234 3731 4305 ἀποδείξεις
3767 4226 3819 4282 δι’
3840 4226 3890 4328 (ἓν

2322 4332 2448 4394 τοὺς
2494 4328 2755 4407 ἀγγέλους
2805 4331 2880 4403 μὴ
2934 4335 3328 4399 συνυποστῆναι
3378 4334 3459 4401 τῷ
3500 4328 3679 4400 κόσμῳ
3706 4332 3893 4413 πειρίας

2322 4441 2429 4474 νειν
2479 4419 2779 4494 ἠγώνιστο,
2830 4416 2985 4493 φησὶ,
3038 4418 3236 4471 Σκόπει
3285 4417 3467 4471 τοίνυν
3535 4415 3592 4470 ἐκ
3643 4411 3796 4468 πόσων
3832 4411 3894 4507 1"):

2322 4514 2427 4564 τῶν
2498 4510 2533 4576 ἠ
2622 4507 2988 4581 ὑπερκόσμιος
3084 4512 3342 4575 συνῆκται
3428 4507 3642 4580 γένεσις,
3715 4499 3761 4553 ἐκ
3827 4499 3893 4594 τοῦ

2328 4600 2466 4671 μήτε
2534 4591 2732 4652 Μωσέα
2830 4596 2956 4667 μήτ’
3031 4592 3208 4664 ἄλλην
3303 4596 3651 4650 θεόπνευστον
3729 4591 3894 4679 Γριφήξ

2320 4688 2433 4758 ἅμα
2494 4689 2573 4757 τῷ
2638 4684 2835 4757 κόσμῳ
2890 4683 3171 4759 γεγονέναι
3240 4684 3442 4745 αὐτοὺς
3512 4685 3689 4751 εἰπεῖν,
3736 4677 3781 4729 ἐκ
3824 4689 3895 4722 τον

2324 4777 2461 4849 μήτε
2526 4776 2753 4847 σώματα
2833 4774 2966 4827 εἶναι
3058 4775 3195 4845 μήτε
3289 4770 3635 4829 συνδεδέσθαι
3711 4765 3894 4836 σώμασιν

2321 4866 2627 4940 ὀργανικοῖς
2686 4861 2865 4937 ὥσπερ
2932 4864 3031 4931 τὴν
3091 4861 3363 4938 ἡμετέραν
3434 4863 3637 4937 ψυχὴν,
3714 4858 3763 4911 ὲκ
3827 4855 3895 4951 τῆς

2331 4950 2883 4995 '-:"'
3144 4946 3895 5007 ’~g"e=‘m

2326 4974 2691 5029 υπερκοσμου
2758 4971 3041 5025 ουναμεως
3096 4972 3298 5019 αυτων,
3410 4955 3432 5025 ξ
3520 4972 3591 5005 ων
3667 4967 3721 5002 το
3824 4983 3839 4992 -

2324 5043 2583 5115 διηνεκῶς
2670 5045 2980 5116 Θεωροῦσιν,
3067 5043 3139 5096 ὧν
3234 5038 3391 5096 οὒδὲν
3473 5046 3580 5096 τῶν
3659 5029 3897 5111 ἐγκωμίων

2328 5132 2565 5213 μετέχει·
2626 5130 2684 5187 ἒκ
2748 5135 2845 5187 τοῦ
2889 5127 3029 5205 μηδὲ
3065 5133 3160 5193 τάς
3220 5131 3462 5208 ἀλόγους
3531 5128 3702 5207 ψυχὰς
3755 5134 3899 5191 συγιι·

1917 5513 2005 5567 VA
2016 5512 2159 5569 RIE
2198 5512 2618 5570 LECTIONES.

641 5684 689 5721 ⁷⁸
720 5682 965 5758 μηνύειν]
999 5684 1117 5739 imo
1152 5685 1228 5757 μὴ
1263 5681 1428 5741 δύειν.
1462 5687 1535 5742 cf.
1570 5687 1759 5755 Etym.
1784 5686 1860 5741 M.

1942 5684 1984 5721 7°
2011 5686 2157 5758 τότε]
2190 5685 2326 5743 libri
2354 5687 2439 5743 τό.

2515 5686 2559 5722 ⁸ο
2597 5682 2709 5756 καὶ]
2741 5683 2866 5754 lege
2895 5681 2941 5737 εἰ
2972 5682 3083 5741 καὶ.
