4138 6224
129 0 833 27 —__
1087 0 1146 2 _,

345 420 502 482 1213

1439 412 1983 474 BIBLlOTHECA.
2028 445 2106 455 —
2148 414 2374 474 CODD.
2421 414 2668 475 CCXLI.

3591 427 3747 487 12H

343 550 718 623 ταῦεὸλῆσθαι
768 554 884 610 τοῖς
952 548 1189 620 σώμασι,
1254 548 1434 601 καίτοι
1530 547 1707 623 χωρὶς
1791 544 2017 618 σωμά-⁴

2128 545 2178 602 ηἰι
2206 552 2453 604 creatus.
2487 547 2605 605 Hoc
2635 549 2787 606 enim
2819 555 3036 621 eterra,
3059 553 3155 609 ille
3188 572 3290 626 per
3321 572 3378 612 se
3401 557 3604 614 divina
3625 573 3756 629 par-

345 666 456 699 των
519 644 595 717 μή
655 637 952 712 δυναμένας
1009 637 1143 691 εἶναι
1203 655 1217 669 ⁸
1279 633 1337 689 ἐκ
1399 638 1497 689 τοῦ
1579 636 1652 706 μή
1723 635 1822 703 τήν
1904 635 1991 688 ἆν-

2099 635 2303 707 ticipat
2332 637 2727 708 generatione,
2762 645 2872 697 etc.

350 733 629 810 θρωπίνην
687 730 870 805 ψυχὴν
931 723 1072 799 μηδὲ
1129 730 1208 797 τῷ
1266 722 1387 796 ἰδίῳ
1446 730 1843 793 συνυπὸστῆναι
1876 724 2110 796 σώματι·
2170 725 2232 779 τὸ
2293 725 2386 797 μὲν
2440 725 2543 800 γάρ
2595 725 2653 780 ἐκ
2710 733 2835 803 γῆς,
2893 730 2926 798 ἡ
2986 726 3042 784 δὲ
3099 733 3218 786 καθ’
3251 733 3445 803 ἑαυτὴν
3480 734 3753 809 θειοτέρας

351 823 454 880 ὑπὸ
487 827 620 879 Θεοῦ
655 820 884 896 μετέσχε
916 817 1176 896 γενέσεως
1206 817 1274 871 εί.

1078 913 1262 965 ΣΜΑ’.

511 1004 634 1065 Βίος
668 1001 1054 1060 Ἀπαλλωνίου
1077 999 1183 1054 ἀπὸ
1215 1004 1399 1075 φωνῆς
1433 995 1830 1070 Φιλοστράτου.

427 1093 770 1168 Ἀνεγνώσθη
821 1090 879 1145 ἐκ
924 1094 1020 1144 τοῦ
1071 1088 1146 1148 εἷς
1196 1088 1288 1142 τὸν
1348 1085 1730 1143 Ἀπολλώνιον
1796 1085 1845 1120 δῖ
1892 1084 1996 1139 ἀπὸ

355 1189 544 1262 φωνῆς
600 1180 1000 1255 Φιλοστράτου.
1051 1180 1171 1233 ’Ὀτι
1218 1178 1263 1214 ⁸³
1310 1171 1615 1233 Βαϐυλῶνά
1663 1195 1791 1252 φησι
1823 1194 1995 1229 τετει-

355 1260 546 1348 χίσθαι
604 1266 945 1343 ὁγδοήκοντα
1008 1267 1097 1321 καὶ
1157 1266 1480 1340 τετρακόσια
1543 1260 1732 1319 στάδια
1785 1262 1996 1335 κύκλῳ·

356 1366 548 1436 τεῖχος
607 1356 663 1413 δὲ
720 1357 888 1425 αὐτῆς
939 1355 1062 1429 τρία
1122 1356 1217 1428 μὲν
1290 1355 1352 1409 τὸ
1437 1354 1575 1427 ὕψος
1657 1350 1997 1427 ἡμίπλεθρα,

363 1451 604 1523 πλέθρου
663 1445 720 1502 δὲ
777 1452 929 1520 μεῖον
988 1446 1049 1499 τὸ
1108 1442 1280 1519 εὖρος.
1343 1447 1584 1515 Ποταμῷ
1642 1439 1699 1496 δὲ
1750 1441 2002 1520 Εὐφράτῃ

361 1537 613 1613 τέμνεται
673 1535 760 1608 ξὺν
821 1535 1116 1606 ὁμοιότητι
1173 1537 1270 1588 τοῦ
1326 1530 1527 1596 εἴδους,
1580 1531 1639 1585 ’ὸν
1688 1528 2002 1604 ἀπάῥρητος

366 1625 676 1701 ὑποστείχει
724 1623 950 1702 γέφυρα,
997 1624 1062 1678 τά
1115 1621 1362 1698 βασίλεια
1407 1622 1474 1676 τὰ
1521 1619 1610 1675 ἐπὶ
1658 1625 1776 1682 ταῖς
1805 1615 2001 1698 ὄχθαις

363 1717 579 1794 ἀφανῶς
632 1714 982 1785 ξυνάπτουσα.
1054 1713 1191 1780 Γυνή
1278 1711 1380 1786 γάρ
1467 1710 1683 1784 λέγεται
1765 1705 2002 1778 Μήδεια,

2811 914 3038 973 CCXLI.

2384 998 2670 1070 Apollonii
2700 1003 2905 1073 Τυαηεί
2935 1004 3064 1059 Vita
3089 1020 3117 1060 e
3144 1005 3498 1062 Philostrato.

2169 1097 2299 1170 Legi
2350 1091 2523 1150 Vitam
2570 1093 2849 1163 Apollonii
2881 1098 3114 1149 auctore
3155 1094 3532 1151 Philostrato.
3570 1096 3756 1167 Baby-

2104 1193 2275 1259 lonis,
2306 1185 2522 1258 inquit,
2557 1183 2712 1240 muri
2755 1184 3314 1255 quadringentorum
3357 1184 3669 1240 stadiorum
3702 1188 3758 1239 et

2105 1281 2396 1352 octoginta
2426 1276 2712 1333 ambitum
2745 1273 3212 1345 complectuntur
3245 1291 3256 1328 :
3292 1274 3351 1328 in
3384 1273 3754 1329 altitudinem

2106 1387 2236 1428 vero
2283 1368 2396 1425 tria
2445 1365 2802 1435 semijugera
2857 1363 3228 1428 attolluntur,
3263 1379 3392 1418 cum
3427 1363 3544 1418 sint
3584 1361 3757 1433 paulo

2109 1461 2308 1516 minus
2366 1455 2540 1512 unius
2581 1453 2801 1525 jugeris
2842 1450 3171 1507 latitudine.
3206 1452 3371 1507 Secat
3417 1456 3607 1506 autem
3635 1468 3760 1506 me-

2109 1550 2266 1605 diam
2295 1545 2589 1618 Babylona
2609 1542 2952 1614 Euphrates,
2977 1556 3109 1596 cum
3134 1541 3332 1596 formae
3355 1541 3763 1610 similitudine,

2111 1654 2278 1709 quem
2313 1635 2669 1705 Euphratem
2703 1630 2968 1687 occultus
2991 1631 3147 1685 subit
3180 1630 3610 1702 pons,regiam,
3637 1644 3762 1700 quas

2111 1728 2172 1782 in
2205 1731 2452 1796 utraque
2497 1723 2624 1794 ripa
2672 1726 2780 1791 est,
2814 1720 3060 1776 invicem
3093 1721 3266 1775 modo
3309 1718 3590 1775 invisibili
3621 1735 3761 1774 con-

361 1810 472 1861 τῶν
528 1803 702 1877 ἐκείνῃ
763 1823 894 1858 ποτε
945 1799 1211 1876 ἄρχουσα,
1277 1801 1370 1855 τὸν
1425 1799 1673 1871 ποταμὸν
1721 1799 2005 1869 ὑποζεῦξαι

2128 1818 2385 1888 iungens.
2421 1817 2621 1868 Fertur
2667 1812 2823 1866 enim
2867 1808 3078 1864 mulier
3109 1808 3310 1864 Medea
3360 1807 3675 1879 aliquando
3707 1807 3764 1861 id

359 1895 562 1968 τρόπον
621 1893 682 1947 ’ὸν
740 1894 907 1966 μήπω
954 1913 1040 1951 τις
1075 1894 1337 1962 ποταμῶν
1391 1889 1644 1966 ἐζεύχθη.
1679 1885 1876 1950 Λίθους
1905 1887 2006 1960 γὰρ

363 1982 429 2050 δὴ
462 1984 551 2038 καὶ
583 1981 792 2057 χαλκὸν
823 1981 914 2035 καὶ
963 1977 1264 2056 ἄσφαλτον,
1321 1978 1411 2032 καὶ
1453 1977 1627 2031 ὁπόσα
1677 1975 1731 2037 ἐς
1778 1969 2007 2053 ἔφυδρον

364 2070 603 2146 ξύνδεσιν
661 2071 965 2145 ἀνθρώποις
1020 2069 1266 2144 εὕρηται,
1324 2068 1468 2142 παρᾶ
1523 2065 1617 2128 τὰς
1685 2065 1858 2140 ὄχθας
1913 2068 2010 2119 τοῦ

368 2167 620 2234 ποταμοῦ
656 2164 884 2233 νήσασα,
914 2161 975 2215 τὸ
1018 2158 1190 2233 ῥεῦμα
1221 2159 1296 2221 εἷς
1339 2157 1537 2231 λιμνας
1583 2153 1794 2230 ἔτρεψε,
1846 2154 2008 2229 ξηρόν

367 2273 425 2306 τε
454 2249 562 2321 ἤδη
597 2251 688 2305 τὸν
720 2249 970 2322 ποταμὸν
1002 2247 1203 2322 ὢρυγεν
1232 2250 1297 2318 ⁸⁸,
1331 2245 1548 2320 ὀργυιὰς
1578 2243 1631 2306 ἐς
1665 2242 1760 2299 δύο
1802 2247 2008 2319 σήραγο

368 2362 436 2416 γα
483 2339 814 2415 ἐργαζομένη
860 2335 1084 2408 κοίλην,
1129 2335 1223 2391 ἵνα
1271 2335 1321 2396 ἐς
1367 2336 1436 2390 τά
1475 2331 1726 2389 ϐασίλεια
1770 2334 1838 2389 τὰ
1887 2334 2010 2408 περὶ

367 2433 487 2488 ταῖς
537 2423 729 2501 ὄχθαις
779 2422 962 2498 ὥσπερ
997 2424 1057 2479 ἐκ
1101 2430 1202 2496 γῆς
1249 2421 1613 2500 ἀναφαίνοιτο,
1671 2421 1760 2475 καὶ
1810 2421 2010 2495 ἤρεψεν

371 2517 540 2584 αὐτὴν
602 2515 736 2577 ἴσως
793 2519 871 2586 τῷ
935 2518 1032 2568 τοῦ
1074 2512 1343 2590 ῥεύματος
1384 2509 1618 2583 δαπέδῳ.
1680 2512 1743 2566 Οἱ
1796 2511 1888 2583 μὲν
1944 2507 2011 2578 δὴ

372 2605 620 2678 θεμέλιοι
668 2599 993 2674 ἐϐεϐήκεσαν
1041 2604 1132 2658 καὶ
1173 2604 1224 2658 οἱ
1270 2606 1455 2676 τοῖχοι
1497 2608 1597 2669 τῆς
1657 2603 1934 2675 σήραγγος
1996 2616 2010 2631 '

377 2690 469 2749 ἅτε
508 2692 565 2748 δὲ
594 2697 640 2730 ⁸⁵
667 2701 768 2763 τῆς
816 2691 1095 2765 ἀσφάλτου
1146 2689 1408 2764 δεομένης
1454 2695 1550 2746 τοῦ
1598 2687 1792 2751 ὕδατος
1840 2689 1915 2750 εἰς
1952 2689 2014 2744 τὸ

371 2783 653 2838 λιθοῦσθαι
713 2785 802 2838 καὶ
860 2784 1188 2856 πήγνυσθαι,
1257 2783 1286 2835 ὁ
1371 2779 1660 2858 Εὐφράτης
1744 2780 2012 2851 ἒπαφείθη

378 2874 522 2949 ὑγρῷ
586 2877 664 2944 τῷ
717 2872 927 2948 ὀρόφῳ,
977 2871 1070 2926 καὶ
1120 2869 1228 2925 ὧδε
1276 2866 1401 2940 ἔστη
1462 2870 1524 2922 τὸ
1586 2873 1807 2943 ζεῦγμα.
1855 2868 1929 2921 Τά
1959 2865 2015 2921 δὲ

375 2961 625 3037 βασίλεια
671 2960 866 3037 χαλκῷ
917 2961 1010 3035 μὲν
1059 2959 1292 3034 ἤρεπται
1339 2958 1430 3014 καὶ
1462 2959 1554 3013 ἀπ’
1585 2959 1761 3012 αὐτῶν
1821 2957 2014 3031 ἄστρα-

371 3072 515 3107 πτει·
553 3051 794 3124 θάλαμοι
827 3049 884 3106 δὲ
913 3047 1293 3124 καὶάνόρῶνες
1336 3048 1435 3104 καὶ,
1477 3047 1628 3102 στοαὶ
1675 3047 1740 3101 τά
1783 3047 1876 3119 μὲν
1917 3045 2015 3120 ἀρ-

371 3140 539 3215 γύρῳ,
601 3141 667 3195 τά
724 3138 780 3194 δὲ
837 3143 1067 3214 χρυσοῖς
1120 3139 1241 3211 [529
1310 3139 1403 3208 H.]
1465 3135 1760 3213 ὑφάσμασι,
1812 3135 1879 3189 τὰ
1957 3131 2087 3199 ’δὲο

376 3233 565 3302 χρυσῷ
595 3233 766 3300 αὐτῷ,
808 3229 1047 3302 καθάπερ
1087 3232 1348 3305 γραφαῖς,
1387 3223 1702 3302 ἠγλάϊσται.
1764 3224 1910 3296 Φησὶ
1960 3221 2016 3278 δὲ

371 3324 541 3396 φῆσαι
598 3320 643 3354 ⁸⁶
697 3319 789 3372 τὸν
841 3314 1219 3373 Ἀπολλώνιον
1277 3315 1366 3370 καὶ
1451 3311 1683 3390 ἀνδρῶνι
1751 3312 2016 3388 ἐντυχεῖν,

377 3407 437 3460 οὗ
467 3407 558 3462 τὸν
601 3407 804 3483 ὄροφον
838 3406 914 3470 εἷς
945 3404 1113 3461 θόλου
1145 3406 1374 3480 ἀνῆχθαι
1416 3410 1630 3478 σχῆμα,
1673 3404 1886 3475 οὐρανῷ
1911 3423 2018 3457 τινι

377 3494 718 3566 εἰκασμένονο
769 3497 1096 3572 σαπφειρίνῃ
1143 3493 1200 3549 δὲ
1246 3493 1404 3549 αὐτὸν
1463 3493 1796 3570 κατηρέφθαι
1854 3489 2016 3565 λίθῳ’

375 3586 504 3657 [997
538 3586 629 3659 IL]
659 3583 976 3655 κυανωτάτη
1011 3581 1069 3638 δὲ
1097 3584 1145 3618 ⁸⁷
1174 3585 1207 3652 ἡ
1259 3583 1414 3643 λίθος
1453 3583 1540 3637 καὶ
1593 3580 1813 3656 οὐρανία
1863 3579 2016 3638 ἰδεῖν.

383 3679 526 3730 Θεῶν
559 3695 616 3729 τε
643 3672 960 3749 ἀγάλματα,
1004 3673 1096 3736 οὓς
1134 3673 1474 3745 νομίζουσιν,
1517 3669 1732 3747 ἵδρυται
1781 3671 1891 3727 ἅνω
1930 3672 2020 3728 καὶ

383 3769 561 3838 χρυσᾶ
590 3765 830 3840 φαίνεται
858 3763 1097 3836 καθάπερ
1157 3761 1207 3832 ἐξ
1255 3761 1494 3834 αἷθέρος.
1546 3759 1758 3830 Δικάςει
1811 3762 1904 3833 μὲν
1951 3758 2018 3830 δὴ

383 3854 410 3907 ὁ
449 3853 730 3928 βασιλεὺς,
763 3858 967 3928 χρυσαῖ
988 3851 1044 3907 δὲ
1076 3851 1259 3928 ἵϋγγες
1302 3849 1710 3924 ἀποκρεμανται
1740 3855 1837 3905 τοῦ
1896 3850 2023 3926 ὁρό-

383 3963 489 4020 φου
518 3939 768 4016 τέτταρες
799 3943 866 4012 ⁸⁸,
917 3948 1015 4011 τὴν
1060 3938 1404 4016 Ἀδράστειαν
1453 3939 1601 4011 αὐτῷ
1641 3943 2022 4014 παρεγγυῶσαι

380 4030 472 4085 καὶ
501 4032 563 4086 τὸ
599 4033 673 4104 μὴ
724 4031 856 4106 ὑπὲρ
905 4029 1031 4092 τοὺς
1069 4031 1394 4105 ἀνθρώπους
1416 4031 1462 4066 δν
1506 4027 1769 4101 αἴρεσθαι.
1814 4030 2026 4093 Ταύτας

389 4122 441 4174 οἱ
477 4119 641 4195 μάγοι
672 4121 829 4176 αὐτοί
862 4141 1019 4196 φασιν
1065 4118 1448 4194 ἁρμόττεσθαι,
1498 4121 1789 4196 φοιτῶντες
1845 4118 1920 4179 εἰς
1961 4119 2026 4173 τὰ

387 4208 659 4284 βασίλεια·
693 4207 923 4264 καλοῦσι
960 4206 1017 4264 δὲ
1047 4207 1210 4271 αὐτὰς
1239 4211 1373 4263 θεῶν
1405 4207 1675 4282 γλώττας,

2119 1920 2363 1977 regnum
2413 1900 2619 1958 sortita
2648 1899 2888 1954 ﬂuvium
2929 1898 3215 1968 iunxisse,
3244 1914 3357 1969 quo
3393 1898 3561 1953 modo
3593 1901 3768 1951 antea

2120 2009 2311 2049 nemo.
2346 1992 2592 2063 Lapides
2641 1989 2795 2045 enim
2846 1992 2902 2044 et
2950 2004 3049 2056 aes,
3083 1992 3359 2058 praeterea
3397 1987 3665 2041 bitumen
3711 1989 3768 2039 et

2119 2082 2350 2152 reliqua
2398 2079 2588 2135 824a
2621 2075 3108 2148 conglutinationi
3149 2076 3208 2130 in
3262 2073 3431 2145 aquis
3490 2073 3768 2128 faciendas

2119 2171 2190 2226 ab
2241 2169 2580 2225 hominibus
2612 2168 2864 2235 inventa,
2889 2166 2960 2221 ad
3006 2164 3265 2220 ﬂuminis
3315 2164 3471 2235 ripas
3501 2161 3601 2218 ubi
3635 2177 3770 2217 coa-

2120 2258 2392 2327 cervavit,
2424 2256 2686 2312 ﬂuminis
2719 2271 2902 2326 aquas
2932 2254 2990 2310 in
3011 2253 3254 2325 paludes
3279 2251 3572 2317 derivavit,
3595 2255 3771 2322 atque

2121 2349 2409 2406 exsiccata
2440 2345 2699 2402 ﬂuminis
2731 2344 2911 2410 alveo,
2945 2344 3190 2398 duarum
3226 2340 3496 2396 ulnarum
3528 2354 3768 2411 specum

2123 2436 2438 2501 excavavit,
2471 2439 2536 2490 ut
2567 2436 2633 2489 ad
2654 2433 2860 2504 regias,
2883 2448 3011 2503 quas
3034 2431 3309 2500 utrinque
3331 2427 3596 2482 ﬂuminis
3615 2426 3770 2497 ripas

2125 2525 2414 2596 adjacent,
2474 2539 2574 2595 per
2625 2538 2775 2589 eam,
2835 2537 3003 2591 quam
3055 2517 3327 2582 diximus,
3380 2516 3601 2572 foveam
3651 2530 3768 2568 non

2125 2632 2294 2672 secus
2325 2632 2391 2671 ac
2425 2630 2526 2684 per
2555 2613 2774 2669 aridam
2807 2616 3018 2666 terram
3045 2610 3238 2665 aditus
3270 2607 3673 2671 intercederet,
3697 2605 3772 2658 ita

2126 2712 2186 2759 ut
2239 2703 2477 2760 fornicis
2535 2702 2780 2758 altitudo
2830 2699 3092 2755 ﬂuminis
3136 2699 3298 2752 alveo
3345 2697 3772 2766 adsequeretur.

2126 2793 2530 2848 Fundamenta
2552 2793 2972 2862 processerant,
2987 2793 3044 2844 et
3066 2787 3313 2858 parietes
3335 2799 3539 2857 specus
3562 2803 3576 2852 ;
3603 2782 3772 2854 quasi

2127 2883 2392 2940 bitumen
2427 2899 2580 2954 aqua
2607 2881 2916 2953 indigeret,
2949 2883 3014 2934 ut
3040 2877 3510 2948 lapidesceret,el
3531 2874 3769 2929 indura-

2125 2980 2301 3042 relur,
2335 2972 2654 3042 Euphrates
2711 2970 2955 3025 humido
3005 2967 3243 3023 fornicis
3289 2969 3436 3020 tecto
3467 2963 3771 3019 immissus

2125 3064 2234 3126 est,
2267 3065 2440 3132 atque
2472 3056 2894 3130 baecjungendi
2925 3055 3071 3111 ratio
3094 3055 3223 3110 fuit.
3250 3054 3426 3124 Regia
3446 3059 3638 3107 autem
3663 3066 3772 3106 aere

2127 3150 2404 3222 adoperta
2445 3149 2649 3220 fulget,
2673 3147 2919 3204 thalami
2951 3162 3103 3213 vero,
3136 3151 3190 3201 et
3224 3144 3500 3215 porticus,
3525 3158 3591 3197 ac
3621 3140 3776 3196 viro-

2129 3256 2260 3295 rum
2292 3237 2586 3295 domicilia
2615 3237 2824 3309 partim
2859 3240 3120 3308 argento,
3145 3232 3355 3302 partim
3389 3230 3580 3287 aureis
3609 3228 3775 3296 velis,

2128 3328 2337 3400 partim
2389 3344 2529 3384 auro
2564 3327 2690 3397 ipso
2737 3325 2916 3381 veluti
2975 3321 3347 3379 lineamentis
3393 3319 3777 3375 condecorata

2129 3418 2284 3470 sunt.
2319 3414 2411 3469 Ait
2451 3413 2822 3486 Apollonium
2869 3413 2928 3466 in
2977 3411 3262 3482 porticum
3307 3408 3555 3474 venisse,
3603 3405 3774 3476 cujus

2124 3504 2225 3574 jus
2268 3519 2538 3576 snprema
2571 3519 2704 3573 pars
2751 3501 2809 3556 in
2845 3501 3086 3557 formam
3120 3499 3265 3555 tholi
3317 3497 3598 3553 fabricata
3647 3493 3777 3550 caeli

2131 3592 2337 3648 faciem
2387 3593 2730 3648 imitabatur
2779 3591 3015 3662 saphiro
3053 3590 3246 3662 lapide
3303 3589 3580 3658 adoperta
3624 3603 3637 3642 :
3682 3585 3779 3656 qui

2129 3682 2278 3752 lapis
2309 3682 2558 3736 maxime
2591 3681 2903 3736 caeruleum
2939 3679 3065 3735 coeli
3099 3678 3343 3734 colorem
3379 3678 3572 3730 refert.
3608 3675 3780 3728 Erant

2131 3771 2250 3826 illic
2279 3770 2565 3841 imagines
2588 3771 2852 3835 deorum,
2885 3785 3032 3840 quos
3077 3767 3159 3821 illi
3191 3766 3412 3829 colunt,
3446 3761 3781 3831 exsculptaa,

2132 3864 2349 3914 auratas
2389 3858 2518 3914 luce
2567 3859 2750 3914 affusa
2792 3857 3086 3912 videntur.
3122 3855 3175 3909 Is
3225 3857 3420 3910 autem
3472 3850 3634 3904 locus
3666 3856 3776 3915 est,

2134 3947 2230 4002 ubi
2264 3963 2358 4002 rex
2401 3947 2498 4015 jus
2528 3946 2720 4001 dicere
2767 3945 3102 4008 consuevit;
3135 3959 3200 3998 ex
3250 3939 3589 3997 testitudine
3637 3952 3772 3992 vero

2133 4037 2333 4106 iynges
2355 4033 2590 4090 aviculae
2633 4038 2882 4106 quatuor
2911 4033 3234 4106 pendebant
3256 4032 3425 4104 (quas
3453 4025 3774 4084 motacillas

2134 4127 2306 4198 vulgo
2343 4126 2593 4196 vocant),
2626 4125 2915 4181 Nemesim
2946 4124 3031 4182 illi
3061 4124 3418 4191 exhibentes,
3451 4121 3772 4176 admonen-

2134 4217 2341 4283 tesque
2371 4226 2585 4283 regem,
2620 4227 2691 4266 ne
2724 4228 2784 4266 se
2832 4228 3011 4283 supra
3048 4211 3344 4266 hominem
3377 4207 3624 4264 efferret.
3656 4208 3776 4259 Has

2135 4317 2270 4358 vero
2297 4300 2502 4358 dicunt
2531 4317 2751 4372 magos,
2784 4317 2916 4357 cum
2957 4301 3017 4356 in
3049 4299 3265 4372 regiam
3294 4297 3613 4362 venissent,
3639 4293 3777 4364 jus—

2137 4393 2287 4449 sisse
2309 4390 2453 4449 ﬁeri.
2487 4389 2707 4446 Vocant
2731 4398 2919 4446 autem
2953 4390 3110 4462 ipsas
3141 4390 3381 4445 deorum
3413 4386 3667 4458 linguas.

457 4480 580 4537 ’Ὁτι
629 4480 676 4515 9°
722 4480 885 4556 φησὶν
936 4476 1316 4535 Ἀπολλώνιον
1363 4499 1451 4532 και
1507 4476 1634 4538 τοὺς
1693 4477 1809 4548 μετ’
1867 4475 2017 4531 αὐτὸν

2202 4480 2544 4553 Apollonius
2592 4485 2648 4535 et
2695 4480 2790 4535 alii
2844 4453 3208 4550 postOillum,
3239 4453 3548 4534 Persarum
3600 4488 3775 4545 regno

386 4567 623 4637 ἐξιόντας
677 4575 777 4637 τῆς
835 4572 1054 4642 Περσῶν
1112 4567 1294 4643 ἀρχῆς
1371 4567 1462 4622 καὶ
1538 4567 1861 4641 προσιόντας
1951 4569 2029 4638 τῷ

387 4657 659 4730 Καυκάσῳ
737 4654 1098 4732 εὐωδεστέρας
1163 4663 1264 4726 τῆς
1321 4663 1426 4731 γῆς
1477 4653 1769 4713 αἰσθέσθαι.
1839 4655 1916 4712 Τὸ
1975 4651 2030 4709 δὲ

389 4747 517 4821 ὅρος
572 4749 734 4801 τοῦτο
791 4745 972 4821 ἀρχὴν
1031 4745 1340 4819 ποιούμεθα
1396 4749 1494 4801 τοῦ
1548 4744 1762 4819 Ταύρου
1814 4747 1912 4799 τοῦ
1962 4741 2030 4798 δι’

388 4836 683 4910 Ἀρμενίας
739 4856 798 4890 τε
835 4835 926 4890 καὶ
986 4834 1225 4891 Κιλίκων
1295 4833 1382 4889 ἐπὶ
1441 4833 1778 4913 Παμφύλους
1834 4855 1892 4888 τε
1941 4835 2032 4888 καὶ

394 4923 660 4995 Μυκάλην
714 4925 1050 4999 στείχοντος,
1111 4925 1144 4994 ἢ
1199 4923 1507 4980 τελευτῶσα
1583 4924 1658 4986 εἷς
1745 4923 2034 4993 θάλασσαν,

392 5016 460 5085 ἢν
529 5019 696 5089 Κᾶρες
753 5013 986 5086 οἰκοῦσι,
1044 5015 1217 5090 τέρμα
1281 5019 1378 5070 τοῦ
1442 5016 1722 5072 Καυκάσου
1771 5016 2036 5091 νομίζοιτ’

392 5107 478 5175 ἂν,
537 5103 662 5159 ἀλλ’
721 5106 852 5180 οὐχ,
912 5105 984 5167 ὡς
1043 5102 1174 5159 ἔνιοί
1244 5126 1424 5180 φασιν,
1482 5105 1631 5184 ἀρχή
1668 5125 1682 5141 ο
1741 5107 1806 5163 τό
1846 5127 1903 5161 τε
1934 5107 2036 5182 γὰρ

391 5201 492 5265 τῆς
545 5193 812 5265 Μυκάλης
860 5193 997 5268 ὕψος
1052 5191 1205 5250 οὔπω
1259 5194 1418 5269 μέγά,
1483 5196 1574 5250 καὶ
1631 5197 1686 5250 αἱ
1737 5190 2040 5271 ὑπερϐολαὶ

390 5288 488 5340 τοῦ
519 5285 808 5340 Καυκάσου
845 5287 1101 5339 τοσοῦτον
1145 5284 1422 5341 ἀνεστᾶσιν
1471 5286 1545 5347 ὡς
1593 5283 1872 5360 σχίζεσθαι
1917 5285 2041 5359 περὶ

395 5375 562 5438 αὐτὰς
593 5375 633 5411 σί
663 5375 755 5429 τὸν
801 5371 981 5444 ἥλιον.
1025 5370 1354 5450 Περιϐάλλει
1397 5372 1454 5429 at
1499 5374 1695 5449 Ταύρῳ
1738 5372 1906 5451 ἑτέρῳ
1950 5373 2041 5429 καὶ

2135 4576 2429 4639 exeuntes,
2479 4586 2611 4626 cum
2665 4571 2733 4626 ad
2780 4571 3097 4625 Caucasum
3143 4567 3785 4640 appropinquaverunt,

2137 4659 2348 4717 olentis
2393 4663 2560 4715 terris
2596 4660 2929 4730 jucundum
2979 4660 3215 4714 odorem
3248 4660 3577 4713 senserunt.
3615 4655 3780 4709 Hunc

2139 4754 2332 4808 autem
2366 4753 2622 4805 montem
2655 4749 3009 4821 principium
3041 4748 3288 4804 facimus
3315 4747 3513 4814 Tauri,
3545 4745 3638 4815 qui
3683 4759 3787 4815 per

2141 4839 2472 4896 Armeniam
2505 4844 2561 4895 et
2591 4839 2871 4906 Ciliciam,
2907 4842 2964 4894 et
2989 4839 3058 4894 ad
3093 4837 3480 4910 Pamphiliam
3517 4849 3703 4904 usque
3731 4836 3790 4888 et

2145 4929 2333 5001 Mylan
2392 4929 2672 4998 procedit,
2704 4945 2829 5000 quas
2878 4927 3095 4997 Mycale
3126 4927 3186 4982 in
3218 4942 3377 4981 mare
3419 4927 3588 4995 juxta
3629 4920 3788 4994 quod

2145 5018 2320 5074 Cares
2367 5017 2652 5086 habitant,
2685 5017 2992 5082 definiens,
3037 5014 3279 5072 Caucasi
3333 5014 3468 5069 ﬁnis
3527 5016 3784 5085 putatur,

2145 5124 2262 5164 non
2293 5111 2486 5163 autem
2531 5107 2883 5178 principium
2935 5110 3000 5161 ut
3045 5105 3392 5176 quibusdam
3425 5104 3631 5174 placet.
3665 5099 3788 5172 My-

2147 5197 2300 5254 cales
2329 5196 2483 5253 enim
2519 5193 2768 5251 altitudo
2790 5211 2904 5250 non
2936 5196 3250 5251 admodum
3281 5209 3494 5263 magna
3523 5194 3629 5260 est,
3654 5189 3796 5246 Cau-

2147 5286 2267 5342 casi
2300 5289 2495 5342 autem
2521 5284 2892 5340 summitates
2919 5285 2978 5340 in
3010 5287 3234 5341 tantum
3265 5297 3576 5354 exsurgere
3596 5277 3792 5352 perhi-

2147 5375 2381 5445 bentur,
2413 5378 2480 5431 ut
2535 5373 2620 5431 sol
2667 5374 2819 5430 circa
2857 5373 2985 5446 ipsa
3030 5373 3349 5432 scindatur.
3381 5369 3799 5440 Complectitur

1745 5495 1991 5552 VARIIE
2031 5494 2444 5552 LECTIONES.

467 5607 520 5681 “_
544 5608 674 5677 post
704 5602 965 5681 ysvﬁoewq
1007 5607 1066 5662 in
1099 5605 1570 5681 CAvacuiAversus
1598 5605 1702 5681 38.7
1731 5603 1812 5681 ᾃ⁸²
1843 5601 1915 5681 ex“
1929 5605 2026 5656 τοῦ
2057 5602 2132 5663 εἰς
2159 5601 2252 5681 τὲν
2285 5599 2666 5681 ’ἑπολλῴν-ιον
2819 5621 2832 5659 :
2879 5601 3258 5681 ’énollwvlou
3292 5599 3529 5681 βίος-ς,
3605 5600 3653 5638 ⁸³
3692 5597 3803 5681 81¢]

397 5670 727 5733 Philostrat:
787 5679 853 5734 V.
916 5681 980 5732 A.
1052 5695 1093 5741 ι,
1150 5678 1240 5733 25.
1317 5677 1364 5711 ⁸⁸
1414 5673 1622 5751 ὥρυγεν
1677 5678 1817 5732 AB:
1879 5671 2110 5748 ὤρυττεν
2327 5672 2482 5746 εδδὲ]
2533 5674 2667 5730 libri
2729 5670 2818 5742 δὴ.
2897 5677 2941 5712 ⁸⁸
2972 5675 3249 5750 φῆναι
3293 5670 3370 5712 ’⁸⁷
3403 5670 3541 5732 δὲἈ

3574 5675 3802 5746 ετες·

395 5767 446 5803 8⁸
473 5764 724 5842 τέσσαρες
915 5765 961 5802 ⁸9
990 5764 1317 5841 ἀνθρώπους
1350 5770 1394 5821 Δ
1427 5781 1439 5823 :
1474 5762 1737 5841 οὐρααοὺς
1770 5765 1852 5838 ς.
1929 5765 1976 5801 ⁸ο
2004 5763 2112 5840 ὅτι]
2147 5781 2210 5836 ιι,
2244 5768 2296 5821 2.
2377 5764 2422 5800 ⁹¹
2452 5761 2611 5818 αὐτὸν
2643 5768 2754 5821 ΔΒ.
