4100 6242
412 396 567 459 1215

1617 397 1881 458 PHOTII
1928 398 2454 459 PATRIARCHIE
2498 398 2613 459 CP.

3642 69 4026 239 ..η

3667 394 3823 456 1216

410 540 604 588 autem
665 534 845 588 altera
896 536 1057 604 parte
1112 536 1333 587 Taurus
1393 532 1817 587 conterminam
1877 532 2053 585 Indiae

2173 530 2266 597 τὴν
2317 528 2520 600 ὅμορον
2571 532 2637 601 τῇ
2689 526 2888 602 Ἰνδικῇ
2938 528 3163 583 Σκυθίαν
3205 533 3395 591 πᾶσαν,
3451 530 3588 583 κατᾶ
3632 534 3823 583 Metui»-

412 622 707 693 Scythiam
759 636 991 677 omnem
1044 621 1213 691 juxta
1254 620 1600 688 Maaotidem,
1633 626 1690 675 et
1746 619 2054 674 sinistrum

411 712 682 771 Pontum,
736 710 935 781 viginti
995 709 1245 765 millium
1307 709 1623 766 stadiorum
1674 709 2053 781 longitudine.

412 799 663 854 Tantum
696 800 849 854 enim
883 803 1044 855 terrae
1087 800 1324 853 modum
1377 798 1786 869 complectitur
1815 798 2056 853 Caucasi

410 888 687 942 ambitus.
724 889 883 955 Quod
938 893 1131 944 autem
1168 893 1367 944 nostra
1405 904 1473 943 ex
1530 892 1692 958 parte
1731 886 2057 959 appellatus

411 978 633 1031 Taurus
665 994 843 1048 supra
871 978 1207 1033 Armeniam
1250 977 1664 1049 pretendatur,
1699 978 1851 1048 quod
1884 975 2057 1047 longo

407 1072 665 1135 tempore
723 1066 1008 1121 creditum
1072 1084 1187 1121 non
1245 1071 1352 1135 est,
1400 1071 1690 1122 testantur
1740 1066 2053 1137 pantherae,

406 1171 554 1225 quas
605 1156 659 1210 in
721 1155 1069 1227 Pamphylia:
1121 1160 1305 1227 parte,
1336 1172 1457 1226 quae
1516 1163 1774 1211 aromata
1818 1156 2053 1225 profert.

405 1248 610 1315 captas
663 1262 786 1301 esse
835 1246 1247 1317 comperimus.
1291 1245 1461 1301 Tales
1492 1245 1645 1300 enim
1694 1245 1824 1299 ferae
1867 1245 2056 1300 32417

406 1334 765 1390 aromatibus
817 1336 1094 1406 gaudent,
1128 1338 1183 1389 et
1221 1351 1289 1389 ex
1338 1334 1650 1406 longinquo
1699 1334 1935 1389 odorem
1969 1336 2056 1389 at-

407 1424 720 1492 trahentes,
753 1429 809 1479 et
830 1441 894 1478 ex
923 1423 1193 1480 Armenia
1224 1440 1325 1495 per
1348 1428 1575 1478 montes
1602 1422 2055 1492 proficiscentes,

406 1512 478 1567 ad
510 1513 758 1582 styracis
800 1512 1087 1585 lacrymas
1134 1514 1417 1578 feruntur,
1447 1512 1674 1581 quoties
1706 1512 1856 1566 venti
1891 1513 1962 1566 ab
1992 1527 2059 1565 ea

408 1607 570 1671 parte
602 1604 807 1658 ﬂantes
839 1603 910 1658 ab
959 1602 1261 1658 arboribus
1312 1602 1369 1657 id
1418 1600 1639 1673 gummi
1701 1600 2059 1657 stillantibus

405 1691 641 1747 odorem
702 1694 1019 1764 perferunt.
1080 1692 1293 1761 Accepi
1347 1691 1520 1747 etiam
1592 1691 1651 1745 in
1717 1689 2057 1761 Pamphylia

405 1781 752 1853 pantheram
803 1787 1032 1853 captam
1078 1782 1280 1847 fuisse,
1310 1797 1552 1836 aureum
1600 1784 1862 1849 torquem
1905 1780 2056 1835 circa

2164 616 2246 670 τίν
2294 636 2351 670 τε
2398 618 2488 670 καὶ
2539 617 2816 690 ἀριστερὸν
2869 617 3092 685 Πόντον,
3140 613 3372 671 σταδίων
3433 616 3679 688 μάλιστα
3713 614 3824 669 δια-

2171 704 2379 779 μυρίων
2440 712 2637 777 μῆκος·
2694 709 2954 760 τοσοῦτον
3022 706 3125 781 γὰρ
3186 705 3369 780 ἐπέχει
3432 704 3641 780 μέτρον
3729 712 3826 772 τῆς

2165 803 2266 871 γῆς
2318 797 2345 849 ὁ
2397 797 2573 872 ἀγκὼν
2614 801 2711 851 τοῦ
2760 796 3066 853 Καυκάσου.
3124 798 3194 850 Τὸ
3245 794 3301 849 δὲ
3348 797 3469 869 περῖ
3524 801 3623 849 τοῦ
3662 796 3713 849 ἐν
3761 799 3826 867 τῇ

2167 882 2427 958 ἡμεδαπῇ
2492 884 2703 959 Ταύρου
2771 885 3093 959 λεγόμενον,
3138 886 3211 946 ὡς
3264 886 3395 957 ὑπὲρ
3461 888 3563 955 τήν
3622 886 3830 957 Ἀρμε-

2167 974 2282 1028 νίαν
2326 974 2644 1048 πορεύοιτο,
2680 976 2868 1052 χρόνῳ
2918 976 3209 1044 ἀπιστηθὲν
3252 978 3573 1029 πιστοῦνται
3627 973 3825 1027 λοιπὸν

2171 1064 2224 1117 αἱ
2257 1061 2553 1137 παρδάλεις
2580 1063 2641 1125 ἃς
2674 1060 2791 1117 οἶδα
2822 1061 3189 1136 ἁλισκομένας
3215 1066 3259 1099 ⁰²
3290 1061 3345 1116 ἔν
3388 1066 3455 1135 τῇ
3502 1061 3826 1138 Παμφύλων

2168 1153 2613 1228 ἀρωματοφόρῳθ
2678 1152 2933 1228 χαίρουσι
2987 1153 3088 1229 γὰρ
3138 1158 3252 1212 τοῖς
3312 1154 3589 1225 ἀρώμασι,
3645 1153 3738 1206 καὶ
3774 1150 3830 1205 ἐκ

2168 1241 2384 1297 πολλοῦ
2435 1243 2529 1303 τὰς
2576 1243 2749 1315 ὀσμὰς
2795 1240 3050 1298 ἕλκουσαι
3111 1248 3372 1319 φοιτῶσιν
3419 1241 3467 1315 ἐξ
3528 1242 3819 1316 Ἀρμενίας

2172 1330 2258 1386 διὰ
2297 1328 2403 1386 τῶν
2434 1331 2575 1405 ὀρῶν
2618 1332 2753 1405 πρὸς
2793 1333 2854 1385 τὸ
2906 1330 3138 1405 δάκρυον
3179 1337 3276 1387 τοῦ
3328 1333 3631 1405 στύρακος,
3684 1330 3829 1385 ἐπει-

2170 1417 2261 1474 δὰν
2316 1419 2367 1474 o'i
2412 1441 2466 1474 τε
2512 1417 2702 1493 ἄνεμοι
2753 1421 2844 1475 ἀπ’
2893 1420 3071 1475 αὐτῶν
3102 1422 3373 1475 πνεύσωσι
3406 1420 3494 1475 καὶ
3527 1420 3595 1475 τὶ
3627 1418 3825 1492 δένδρα

2171 1508 2362 1580 ὀπώδη
2394 1511 2633 1585 γένηται.
2679 1511 2773 1566 Καὶ
2809 1510 3018 1565 ἁλῶναί
3053 1512 3183 1565 ποτὲ
3216 1532 3372 1588 φασιν
3422 1508 3475 1564 ἐν
3518 1508 3828 1584 Παμφυλίᾳ

2169 1596 2469 1672 πορδάλιον
2526 1600 2569 1635 ³³
2619 1604 2866 1673 στρεπτῷ
2908 1600 3041 1671 ἅμα,
3092 1600 3150 1653 ὃν
3204 1599 3327 1671 περῖ
3374 1604 3443 1671 τῇ
3478 1596 3611 1672 δέρῃ
3647 1594 3826 1675 ἔφερυ

2168 1693 2404 1762 χρυσοῦν
2451 1685 2506 1742 δὲ
2559 1688 2648 1757 ἦν,
2700 1689 2787 1742 καὶ
2845 1687 3210 1763 ἐπεγέγραπτο
3270 1687 3581 1764 Ἀρμενίοις
3639 1689 3826 1761 γράμ-

2171 1798 2298 1849 μασι
2348 1776 2614 1838 Βασιλεὺς
2655 1779 2922 1852 Ἀρσάκης
2972 1782 3089 1849 Θεῷ
3149 1778 3348 1849 Νυσίῷ.
3404 1775 3673 1836 Βασιλεὺς
3728 1778 3823 1849 μὲν

408 1869 619 1925 collum
651 1870 957 1926 habentem
1006 1870 1299 1925 Armeniis
1339 1869 1551 1925 litteris
1596 1868 1933 1938 hujusmodi
1968 1868 2055 1922 in-

2173 1864 2232 1935 δή
2292 1867 2579 1942 Ἀρμενίας
2626 1867 2749 1923 τότε
2804 1868 2870 1936 ἦν
2923 1867 3218 1942 Ἀρσάκης,
3268 1867 3358 1921 καὶ
3426 1866 3592 1928 αὐτὸς
3666 1868 3827 1939 οἶμαι

410 1960 691 2028 scriptum
748 1962 908 2015 :Rex
958 1963 1179 2016 Arsaces
1227 1960 1322 2015 deo
1384 1961 1597 2030 Nysaeo.
1632 1958 1929 2030 Regnabat
1954 1974 2058 2012 au-

408 2056 527 2107 tem
572 2052 932 2123 temporibus
992 2051 1107 2107 illis
1157 2051 1215 2105 in
1264 2050 1537 2105 Armenia
1584 2052 1845 2106 Arsaces.
1888 2049 1961 2115 Is,
1997 2052 2059 2102 ut

408 2141 634 2211 opinor,
699 2141 878 2195 feram
928 2141 1139 2197 eximia
1188 2157 1300 2211 prae.
1372 2139 1594 2195 czeteris
1654 2138 2058 2208 magnitudine

410 2229 633 2285 Baccho
664 2230 923 2284 sacravit.
983 2230 1247 2285 Bacchus
1300 2230 1455 2285 enim
1514 2228 1754 2299 Nysaeus
1803 2244 1836 2282 a
1883 2228 2053 2298 Nysa,

412 2335 535 2389 quae
565 2318 620 2371 in
656 2318 819 2373 India
851 2322 957 2387 est,
984 2323 1376 2390 nuncupatur,
1410 2335 1522 2373 non
1556 2318 1629 2372 ab
1650 2316 1809 2372 Indis
1840 2317 2055 2383 solum,

407 2409 511 2463 sed
542 2408 813 2465 omnibus
844 2409 1129 2480 gentibus,
1163 2426 1288 2480 quis
1320 2409 1391 2464 ad
1424 2407 1715 2463 Orientem
1765 2408 2055 2478 spectant.

410 2495 516 2552 llIa
566 2512 716 2564 vero,
765 2514 940 2567 quam
1001 2498 1140 2564 dixi,
1191 2498 1308 2553 fera
1363 2498 1649 2552 circurata
1695 2497 1767 2551 ab
1825 2495 2060 2551 homine

415 2583 755 2658 aliquandiu
817 2590 923 2654 est,
974 2586 1273 2642 attrectari
1318 2584 1757 2655 demulcerique
1807 2584 2056 2656 patiens.

412 2674 767 2731 Adveniente
825 2681 1020 2731 autem
1070 2691 1222 2743 vere,
1258 2674 1353 2730 ubi
1411 2674 1637 2730 veneris
1688 2690 1811 2729 eam
1848 2672 2058 2743 cupido

415 2764 755 2832 stimulavit,
808 2765 988 2820 maris
1032 2764 1319 2820 desiderio
1368 2768 1523 2819 tacta
1574 2762 1631 2817 in
1678 2766 1910 2817 montes
1968 2776 2061 2816 se-

409 2853 607 2919 cessit,
631 2855 833 2910 eodem
868 2856 1023 2926 quod
1057 2855 1321 2927 gestabat
1350 2856 1717 2909 ornamento.
1750 2851 1930 2923 Capta
1958 2866 2059 2905 au-

408 2948 525 2999 tem
576 2943 761 2999 fuerat
818 2945 876 2999 in
928 2944 1197 3000 inferiore
1262 2944 1435 2998 Tauri
1506 2950 1666 3015 parte
1732 2945 2054 2997 aromatum

410 3034 586 3089 odore
635 3034 858 3089 allecta.
900 3038 1188 3089 Caucasus
1218 3042 1433 3098 autem,
1466 3034 1714 3088 Mediam
1764 3041 1937 3103 atque
1971 3033 2058 3087 In-

413 3123 567 3178 diam
619 3123 966 3190 terminans,
1002 3124 1058 3177 in
1112 3139 1271 3178 mare
1322 3122 1583 3177 Rubrum
1633 3120 1813 3177 altero
1871 3121 2061 3175 cubito

414 3212 732 3269 descendit.
757 3212 1224 3268 Transeuntibus
1255 3216 1450 3267 autem
1484 3212 1802 3267 Caucasum
1832 3208 2065 3281 quadri-

412 3299 639 3355 cubitos
697 3299 966 3357 homines
1024 3300 1315 3358 occurisse
1366 3301 1580 3368 ferunt,
1611 3300 1800 3355 colore
1859 3297 2065 3354 subni-

411 3406 569 3462 gros,
630 3390 897 3462 aliosque
936 3392 1156 3449 vidisse
1202 3393 1535 3449 cubitorum
1589 3392 1872 3463 quinque,
1933 3406 2065 3446 cum

412 3484 577 3534 trans
612 3478 828 3535 ﬂumen
875 3482 1082 3537 Indum
1115 3482 1534 3553 pervenissent.
1570 3483 1715 3537 Cum
1741 3482 1867 3551 jam
1901 3496 2068 3537 mon-

414 3572 533 3623 tem
592 3571 941 3641 transgressi
994 3580 1209 3641 essent,
1241 3571 1347 3627 viri
1397 3575 1777 3628 occurrerunt
1810 3570 1906 3641 qui
1954 3570 2066 3625 ele-

418 3658 656 3728 phantis
689 3659 1073 3718 vehebantur.
1108 3660 1177 3715 Hi
1209 3665 1406 3717 autem
1438 3666 1599 3727 sunt,
1641 3660 1742 3731 qui
1774 3660 2069 3730 regionem

416 3747 620 3819 colunt
652 3747 806 3803 intra
826 3752 1151 3806 Caucasum
1186 3754 1447 3806 montem
1497 3755 1554 3806 et
1582 3750 1916 3822 Cophenem
1951 3748 2069 3803 ﬂu-

419 3837 601 3904 vium,
637 3836 902 3895 homines
934 3840 1102 3910 plane
1132 3838 1359 3905 inculti,
1393 3844 1449 3896 et
1476 3838 1923 3911 elephantorum
1955 3853 2074 3893 ses-

419 3941 604 3995 sores,
637 3943 887 3999 quorum
936 3929 1035 3984 alii
1072 3931 1248 3987 etiam
1293 3929 1533 3987 camelis
1566 3930 1914 4000 insidebant,
1945 3925 2072 4001 qui-

418 4016 533 4072 bus
558 4017 629 4071 ad
661 4033 895 4073 cursum
933 4023 1180 4075 utuntur
1209 4020 1355 4087 Indi,
1382 4019 1593 4091 hisque
1635 4034 1747 4075 uno
1777 4019 1872 4074 die
1913 4018 2073 4074 mille

420 4106 744 4162 stadiorum
778 4106 886 4163 iter
907 4109 1315 4177 conﬁciunt,et
1345 4125 1538 4181 genua
1568 4108 1777 4164 nullibi
1810 4106 2071 4163 ﬂectunt.

423 4195 630 4250 Indum
672 4196 913 4253 ﬂuvium
946 4197 1283 4270 Apollonius
1305 4216 1438 4254 cum
1473 4198 1599 4253 suis
1631 4197 1872 4267 trajecit,
1905 4199 2072 4267 cujus

2172 1955 2299 2011 ἰδὼν
2334 1958 2431 2025 τὴν
2462 1955 2729 2031 πάρδαλιν
2760 1958 2807 1993 9‘
2843 1956 3009 2025 ἀνῆκε
3036 1960 3114 2027 τῷ
3147 1956 3425 2028 Διονυσίῳ
3456 1954 3550 2010 διὰ⁵
3592 1955 3829 2029 μέγεθος

2166 2054 2263 2104 τοῦ
2294 2050 2488 2123 θηρίου
2522 2069 2533 2081 ·
2572 2050 2769 2111 Νύσιος
2798 2050 2898 2125 γὰρ
2931 2051 2958 2103 ὁ
2992 2049 3259 2112 Διόνυσος
3302 2049 3407 2103 ἀπὸ
3463 2055 3566 2118 τῆς
3615 2048 3670 2101 ὲν
3722 2050 3829 2102 Ἰν-

2170 2137 2284 2201 δοῖς
2332 2138 2544 2207 Νύσσης
2604 2136 2799 2203 Ἰνδοῖς
2839 2160 2896 2194 τε
2955 2140 3283 2213 ὀνομάζεται
3358 2138 3447 2193 καὶ
3507 2141 3640 2192 πᾶσι
3701 2143 3825 2198 τοῖς

2168 2232 2303 2305 πρὸς
2360 2230 2546 2285 ἀκτῖνα
2604 2226 2828 2288 ἔθνεσιν.
2891 2236 2953 2287 Ἡ
3008 2229 3066 2286 δὲ
3123 2230 3321 2305 χρόνον
3388 2231 3483 2303 μὲν
3541 2249 3666 2283 τινα
3714 2228 3828 2283 ὐπ-

2169 2320 2399 2397 εζεύχθη
2432 2321 2727 2392 ἀνθρώπῳ,
2759 2321 2848 2374 καὶ
2908 2326 3070 2395 χεῖρα
3125 2319 3391 2398 ἠνέσχετο
3448 2318 3824 2395 ἐπαφωμένῳ

2167 2431 2226 2465 τε
2273 2411 2361 2465 καὶ
2409 2412 2751 2483 καταψῶσαν
2805 2410 2917 2465 ἐπεὶ
2969 2408 3027 2464 δὲ
3075 2410 3430 2484 ἀνοίστρησεν
3473 2408 3644 2477 αὐτὴν
3702 2402 3826 2481 ἔαρ,

2170 2499 2412 2575 ἀνέθορεν
2482 2498 2533 2561 ἐς
2590 2500 2657 2553 τὰ
2707 2496 2807 2572 ὄρη
2868 2500 3021 2571 πόθῳ
3089 2500 3354 2569 ἀρσένων,
3417 2498 3492 2559 ὡς
3549 2498 3673 2571 εἶχε
3724 2500 3828 2550 τοῦ

2170 2588 2400 2661 κόσμου,
2458 2590 2545 2643 καὶ
2594 2586 2718 2657 ⁸ἥλω
2766 2589 2889 2662 περὶ
2936 2590 3028 2644 τὸν
3083 2589 3231 2643 κάτω
3283 2590 3495 2661 Ταῦρον
3557 2586 3662 2640 ὑπὸ
3720 2590 3826 2640 τοῦ

2171 2678 2460 2752 ἀρώματος
2501 2678 2781 2753 ὲλχθεῖσα.
2814 2683 2874 2735 '0
2914 2676 2971 2733 δὲ
3025 2679 3298 2739 Καύκασος
3350 2676 3521 2749 ὁρίζει
3573 2677 3671 2748 μὲν
3716 2679 3828 2745 τήν

2171 2765 2403 2835 Ἰνδικὴν
2439 2768 2529 2821 καὶ
2560 2770 2657 2835 τήν
2692 2764 2964 2839 Μηδικὴν,
2996 2769 3223 2837 καθήκει
3274 2764 3331 2820 δὲ
3379 2766 3465 2820 ἐπὶ
3506 2765 3605 2832 τὴν
3649 2767 3824 2838 Ἐρυ-

2172 2859 2300 2932 θραν
2360 2857 2629 2913 θάλασσαν
2693 2858 2860 2933 ὲτὲρῳ
2917 2858 3137 2932 ἀγκῶνι.
3220 2861 3340 2912 Ὅτι
3434 2857 3827 2930 παραμείψανε-

2168 2970 2263 3011 τας
2312 2950 2355 2985 ⁸³
2400 2950 2492 3003 τὸν
2539 2948 2824 3003 Καύκασον
2866 2952 3235 3023 τετραπήχεις
3302 2946 3620 3021 ἀνθρώπους
3678 2942 3822 2998 ἰδεῖν

2172 3060 2332 3115 φησιν
2380 3042 2444 3106 9°,
2502 3038 2595 3101 οὓς
2655 3036 2764 3109 ἤδη
2828 3036 3171 3111 μελαίνεσθαι
3221 3037 3309 3092 καὶ
3354 3037 3725 3110 πενταπήχεις
3764 3033 3825 3089 δὲ

2094 3170 2136 3236 C
2174 3128 2410 3201 ἑτέρους,
2471 3128 2602 3201 ὑπὲρ
2649 3128 2740 3182 τὸν
2784 3126 2952 3184 Ἰνδὸν
3002 3127 3250 3199 ποταμὸν
3301 3130 3427 3198 [530
3478 3127 3569 3198 Η.]
3630 3122 3831 3178 ἐλθόν-

2334 3223 2393 3236 HA
2475 3221 2522 3236 ΩἿ
2560 3220 2572 3236 ο
2694 3216 2753 3236 ΩΟ
3050 3221 3064 3236 \
3153 3220 3167 3236 \
3230 3218 3253 3236 ν
3439 3220 3452 3233 1
3544 3219 3583 3236 ιν
3639 3218 3653 3235 1

2173 3242 2289 3282 τας.
2334 3221 2522 3275 Ὄτιθ⁷
2554 3216 2885 3289 ὑπερϐάντας
2932 3221 3065 3299 φησί
3113 3220 3175 3275 τὸ
3227 3218 3354 3293 ὄρος
3399 3220 3490 3273 τὸν
3543 3218 3831 3274 Καύκασον

2172 3307 2414 3383 ἐντυχεῖν
2471 3308 2557 3363 ἐπὶ
2618 3308 2926 3387 ἐλεφάντων
2980 3307 3089 3378 ἤδη
3154 3308 3481 3382 ὀχουμένοις
3549 3304 3832 3381 ἀνδράσιν.

2172 3397 2292 3474 Είσὶ
2326 3396 2370 3451 δ’
2405 3400 2553 3454 οὗτοι
2588 3397 2743 3470 μέσοι
2777 3398 3059 3453 Καυκάσου
3087 3400 3177 3452 καὶ
3224 3401 3475 3470 ποταμοῦ
3532 3398 3831 3474 Κωφῆνος,

2174 3471 2327 3539 didici
2359 3508 2415 3541 τε
2444 3488 2533 3541 καὶ
2565 3486 2791 3542 ἱππόται
2820 3494 2917 3556 τῆς
2965 3485 3166 3560 ἀγέλης
3214 3488 3440 3557 ταύτης.
3496 3487 3593 3540 Καὶ
3647 3486 3836 3556 κάμη-

2176 3572 2265 3628 λοι
2299 3573 2355 3629 δὲ
2386 3573 2559 3637 ἐνίους
2590 3576 2748 3651 ἦγον,
2778 3578 2867 3637 αἱς
2896 3579 3142 3651 χρῶνται
3172 3572 3333 3629 Ἰνδοὶ
3374 3575 3429 3635 ἐς
3455 3574 3521 3629 τα
3564 3572 3831 3646 δρομικα.

2175 3663 2493 3736 πορεύονται
2542 3662 2600 3718 δὲ
2650 3664 2811 3738 χίλια
2868 3662 3059 3718 στάδια
3104 3661 3193 3718 διὰ
3240 3670 3342 3732 τῆς
3396 3659 3629 3735 ἡμέρας,
3692 3663 3833 3735 γόνυ

2177 3750 2426 3825 οὐδαμοῦ
2476 3753 2779 3825 κάμψασαι.
2830 3755 2954 3810 ’Ότι
2986 3755 3028 3789 ⁸⁸
3075 3750 3240 3809 Ἰνδὸν
3298 3750 3712 3826 ἐπεραιώθησαν
3777 3752 3834 3804 oi.

2175 3840 2299 3913 περὶ
2365 3836 2742 3893 Ἀπολλώνιον
2800 3835 3051 3899 σταδὶους
3124 3836 3362 3910 μάλιστα
3432 3837 3505 3907 μ’.
3568 3836 3629 3889 τὸ
3724 3834 3831 3909 γὰρ

2174 3927 2432 3999 πλὼϊμον
2490 3928 2660 3983 αὐτοῦ
2714 3932 3001 3985 τοσοῦτου,
3056 3928 3220 3999 [1000
3279 3926 3365 3999 IL]
3426 3926 3730 3998 Ἀρχεσθαι
3774 3921 3835 3977 δὲ

2177 4016 2338 4071 αὐτόν
2398 4037 2553 4092 φασιν
2609 4014 2669 4071 ἐκ
2730 4022 2828 4072 τοῦ
2880 4015 3161 4071 Καυκάσου
3225 4016 3395 4087 μείζω
3437 4013 3665 4067 αὐτόθεν
3778 4014 3832 4066 οἱ

2175 4106 2311 4161 κατὰ
2367 4105 2463 4173 τὴν
2524 4106 2705 4159 Ἀσίαν
2772 4106 3015 4177 ποταμοὶ
3090 4105 3305 4171 πάντες,
3378 4107 3701 4178 προχῶρεῖν
3773 4100 3833 4156 δὶ

2177 4190 2427 4254 πολλοὺς
2458 4197 2563 4247 τῶν
2591 4195 2933 4267 ναυσιπόρων
2965 4194 3157 4248 ἑαυτοῦ
3187 4190 3515 4263 ποιούμενον
3544 4192 3613 4248 9'.

421 4280 685 4350 latitudo,
712 4302 830 4357 qua
868 4288 1196 4359 navigatur,
1230 4288 1439 4344 stadiis
1491 4289 1671 4344 ferme
1702 4305 1773 4342 x1.
1800 4286 2132 4343 extenditur
2160 4299 2174 4339 :
2226 4289 2417 4341 ortum
2466 4300 2497 4339 e
2527 4284 2780 4341 Caucaso
2811 4285 2992 4353 ducit,
3024 4288 3080 4341 et
3106 4286 3229 4355 jam
3262 4282 3397 4339 inde
3428 4281 3651 4338 caeteris
3682 4280 3827 4336 Asiae

423 4370 614 4427 ﬂuviis
647 4376 868 4445 major:
901 4377 1110 4434 deinde
1140 4378 1460 4449 procedens
1491 4376 1703 4434 multos
1736 4375 2094 4447 navigabiles
2126 4373 2333 4429 ﬂuvios
2364 4390 2431 4429 ex
2468 4390 2531 4429 se
2564 4374 2854 4445 producit.

496 4463 656 4519 Ultra
694 4466 934 4521 ﬂuvium
969 4472 1163 4524 autem
1211 4472 1517 4539 pergentes
1559 4467 1719 4537 ipsos
1759 4466 1877 4521 dux
1908 4482 1941 4521 a
1968 4470 2069 4520 Sa-
2102 4467 2147 4531 D

424 4562 591 4626 trapa
628 4556 819 4621 datus,
851 4562 1005 4613 recta
1044 4558 1115 4613 ad
1145 4557 1361 4613 Taxala
1389 4558 1553 4612 duxit
1586 4574 1599 4612 :
1635 4556 1730 4611 ubi
1762 4556 1922 4628 regia
1949 4560 2073 4612 erat

423 4644 702 4700 Indorum
735 4645 905 4717 regis.
939 4646 1047 4710 Qui
1078 4662 1249 4703 secus
1273 4647 1483 4702 Indum
1517 4645 1754 4701 ﬂuvium
1784 4644 2069 4720 habitant,

429 4734 600 4790 lineis
620 4734 876 4791 vestibus
899 4736 1274 4792 amiciuntur.
1295 4737 1503 4792 Linum
1526 4740 1721 4792 autem
1747 4734 2067 4807 plurimum

419 4826 478 4881 in
538 4825 692 4897 agris
753 4826 1030 4883 nascitur.
1081 4826 1480 4883 Calceamenta
1529 4841 1598 4882 ex
1655 4839 1869 4897 papyro
1918 4824 2070 4879 facta

426 4920 697 4987 gestant;
734 4914 1049 4971 nobiliores
1079 4932 1214 4972 vero
1245 4916 1418 4988 bysso
1472 4915 1814 4971 induuntur.
1848 4913 2068 4985 Byssus

422 5021 491 5062 ex
523 5006 725 5063 arbore
755 5005 1017 5061 nascitur
1049 5021 1063 5062 :
1096 5022 1222 5077 quas
1246 5005 1513 5061 interiore
1544 5005 1635 5061 sui
1666 5010 1826 5076 parte
1856 5002 2066 5075 popqu

422 5096 634 5152 similis
666 5100 771 5164 est,
797 5096 949 5153 foliis
979 5100 1175 5153 autem
1207 5095 1392 5152 salici.
1425 5096 1567 5151 Cum
1606 5095 1845 5150 vidisset
1891 5091 2069 5164 Apol-

421 5183 614 5240 lonius
668 5186 940 5257 byssum,
981 5186 1217 5258 gavisus
1266 5189 1374 5253 est,
1409 5184 1548 5257 quia
1598 5185 1761 5240 fusco
1806 5181 2065 5248 amictui,

421 5286 594 5341 quem
650 5275 935 5345 gestabat,
996 5291 1112 5331 non
1169 5274 1471 5332 dissimilis
1521 5273 1835 5329 admodum
1897 5277 2066 5326 esset.

424 5359 621 5418 Taxila
665 5379 799 5421 vero
844 5367 1243 5438 magnitudine
1290 5366 1481 5424 825a
1511 5366 1581 5423 ab
1621 5363 1866 5434 antiqua
1923 5362 2071 5418 Nino

2250 4464 2418 4516 ’Ὀτιί
2470 4463 2626 4540 φησὶ,
2688 4464 3050 4538 Ιιορευθέντας
3098 4462 3291 4524 αὐτοὺς
3339 4461 3471 4535 ὑπὲρ
3524 4461 3617 4515 τὸν
3662 4458 3830 4516 Ἰνδὸν

2180 4552 2425 4624 ποταμὸν
2456 4552 2477 4586 ²
2523 4552 2655 4626 ἦγεν
2707 4553 2734 4605 ὁ
2786 4554 2930 4624 παρὰ
2978 4555 3076 4606 τοῦ
3114 4551 3390 4625 σατράπου
3441 4550 3672 4625 ἡγεμὼν
3702 4549 3829 4602 εὐθὺ

2178 4646 2287 4695 τῶν
2332 4640 2604 4711 Ταξίλων,
2657 4642 2717 4695 οὗ
2760 4641 2825 4695 τὰ
2873 4640 3120 4715 βασίλεια
3164 4642 3231 4709 ἦν
3280 4645 3362 4712 τῷ
3390 4638 3564 4711 Ἰνδῷ,
3602 4636 3825 4706 Στολὴν

2178 4726 2224 4783 δ’
2256 4731 2541 4792 εἶναιτοῖς
2578 4732 2712 4803 μετὰ
2763 4732 2853 4786 τὸν
2914 4729 3079 4789 Ἰνδὸν
3130 4731 3285 4785 λίνου
3327 4729 3483 4804 φασὶν
3536 4727 3823 4802 ἐγχωρίου

2176 4819 2263 4874 καὶ
2300 4818 2625 4893 ὑποδήματα
2661 4817 2890 4895 βύϐλου.
2926 4820 3022 4876 Καὶ
3063 4821 3247 4893 βύσσῳ
3295 4818 3353 4874 δὲ
3401 4820 3529 4880 τοὺς
3579 4839 3825 4893 φανερω-

2175 4909 2364 4984 τέρους
2394 4909 2569 4963 αὐτῶν
2602 4909 2876 4964 ἐστάλθαι·
2923 4909 3023 4978 τήν
3080 4907 3136 4963 δὲ
3188 4909 3382 4983 βύσσον
3433 4906 3658 4984 φύεσθαι
3711 4906 3827 4963 Siv-

2179 4998 2306 5074 δρου
2339 5000 2497 5077 φασὶν
2526 4999 2722 5072 ὁμοίου
2759 5001 2851 5072 μὲν
2882 5003 2950 5073 τῇ
2982 5002 3003 5036 ³
3051 4997 3219 5073 λεύκῃ
3259 5000 3357 5067 τὴν
3415 4999 3596 5072 βάσιν,
3648 5020 3827 5073 παραο

2176 5088 2418 5160 πλησίου
2468 5086 2525 5143 δὲ
2581 5092 2649 5163 τῇ
2698 5089 2811 5159 ἰτέᾳ
2855 5090 2923 5143 τὰ
2970 5086 3198 5144 πέταλα.
3260 5088 3355 5143 Καὶ
3401 5086 3631 5156 ἡσθῆναι
3690 5108 3823 5165 φησι

2176 5183 2242 5252 τῇ
2280 5178 2461 5253 βύσσῳ
2494 5180 2521 5234 ὁ
2562 5177 2964 5248 Ἀπολλώνιος,
2993 5175 3180 5246 ἐπειδὴ
3214 5173 3354 5232 ἔοικε
3386 5182 3534 5253 φαιῷ
3572 5172 3821 5250 τρίϐωνι.

2179 5269 2255 5324 Τὰ
2308 5264 2363 5322 δὶ
2411 5266 2617 5338 Τάξιλα
2670 5267 2895 5343 μέγεθος
2944 5268 3037 5340 μὲν
3098 5266 3229 5321 εἶναι
3284 5266 3420 5320 κατὰ
3474 5267 3574 5332 τὴν
3633 5270 3825 5335 Νῖνον,

2178 5358 2509 5436 τετειχίσθαι
2559 5357 2615 5415 δὲ
2666 5358 2992 5433 συμμέτρως
3049 5356 3231 5434 ὥσπερ
3287 5358 3342 5411 αἱ
3402 5354 3693 5427 Ἐλλαδες,
3727 5360 3825 5431 βαρ

1775 5480 2018 5537 VARI/E
2055 5478 2471 5536 LECTIONES.

501 5584 548 5620 θ’
578 5582 699 5639 οἶδα
725 5584 1087 5661 ἁλισκομένας
1120 5594 1207 5648 ΑΒ
1244 5609 1255 5647 :
1290 5592 1341 5645 οἱ
1373 5588 1793 5660 διαλισκομὲνας
1986 5586 2031 5623 '3
2055 5583 2326 5656 πάρδαλιν
2360 5591 2420 5643 Β.
2498 5587 2543 5621 ⁸⁸
2570 5581 2840 5659 πάρδαλιν

507 5656 775 5715 οαμείψας
807 5659 886 5715 ς.
965 5661 1012 5696 9“
1043 5665 1176 5715 libri
1212 5664 1389 5715 ωασῖν.
1469 5663 1512 5697 '37
1540 5662 1647 5715 ὅτι]
1681 5679 1743 5715 ιι-
1775 5664 1828 5715 6.
1906 5660 1950 5694 9⁸
1983 5658 2063 5712 ὅτι
2098 5654 2288 5715 Ἰνδόν.
2363 5660 2409 5694 ’9
2448 5658 2636 5712 ἓαντοῦ
2674 5658 2978 5715 ποιούμενα

424 5656 775 5730 παραμείψας
931 5656 1012 5696 ’9⁸
1043 5665 1177 5720 libri

429 5662 775 5730 παραμείψας
965 5662 1012 5696 9“
1043 5665 1177 5720 libri
1212 5664 1389 5735 φασὶν.
1469 5663 1512 5697 9⁷
1540 5662 1647 5733 ὅτι]
1681 5679 1743 5733 ιι,
1775 5664 1828 5716 6.

429 5747 547 5787 om.
740 5733 760 5766 ³
794 5730 900 5801 ὁτι]
936 5748 994 5802 ιι,
1035 5735 1124 5789 20.
1204 5736 1223 5769 ³
1254 5739 1323 5802 τῇ
1364 5751 1479 5793 om.
1512 5734 1622 5790 AB.

535 5772 547 5784 .
586 5770 623 5802 τ,
651 5770 664 5787 .
796 5770 900 5801 νυ,
936 5770 994 5803 η,
1035 5770 1124 5789 μυ,

1204 5734 1231 5769 ³⁷
1254 5739 1323 5807 τῇ
1364 5751 1479 5793 om.
1512 5734 1622 5790 AB.

3054 5585 3100 5621 "
3156 5582 3604 5657 παραμείψαντας
3671 5584 3759 5637 ΑΒ
3809 5597 3827 5657 _:

2363 5660 2409 5694 ’9
2448 5654 3000 5729 ἓαντοῦποιούμεῦον
3031 5660 3120 5729 (ιι,
3184 5654 3269 5727 18)
3310 5654 3445 5713 σηι.
3505 5656 3613 5711 AB.
3699 5657 3713 5688 ¹
3776 5654 3827 5705 ei
