4138 6224
299 306 451 366 1217

1410 309 1949 372 BIBLIOTHECA.
1996 343 2070 354 —-
2115 311 2286 372 COD.
2335 313 2585 374 CCXLI.

3544 317 3700 378 1218

297 443 478 500 σίλεια
508 442 554 499 δ’
613 445 743 500 εἶναι
773 442 966 522 ἀνδρὸς
1027 447 1128 516 τήν
1189 447 1384 519 Πώρου
1439 449 1572 502 ποτὲ
1627 446 1805 523 ἀργὴν
1857 447 1948 523 ἄρ-

2066 465 2179 506 non
2213 449 2466 506 multum
2498 450 2707 511 differt.
2741 455 2798 506 et
2825 452 3017 507 Graeco
3060 467 3220 508 more
3264 453 3547 510 aediﬁcata
3594 458 3700 510 est.

300 551 504 610 χοντος
534 535 578 591 ’⁵.

374 625 474 682 Οτι
501 627 526 660 ⁵
557 624 611 678 αἱ
643 623 816 696 πηγαὶ
873 629 974 679 τοῦ
1014 626 1264 703 Ὑφάσιος
1309 631 1582 699 ποταμοῦ,
1615 626 1662 700 ᾧ
1719 625 1951 696 πλησιά-

302 734 391 768 σαι
451 713 583 786 φησί
641 712 770 774 τοὺς
829 715 955 788 περὶ
1031 713 1413 771 Ἀπολλώνιον
1469 717 1562 770 τὸν
1635 713 1948 790 Ὑδραώτην

305 795 640 872 ὑπερϐάντας
698 801 788 854 καὶ
844 798 1032 854 πολλὰ
1100 799 1491 876 διαμείψαντας
1549 797 1694 872 ἔθνη,
1753 803 1950 857 τούτου

302 885 368 957 δὴ
401 893 497 943 τοῦ
545 889 802 960 ποταμοῦ
859 890 912 942 αἱ
976 890 1148 963 πηγαὶ
1199 889 1464 964 βλύζουσι
1519 892 1611 954 μὲν
1661 891 1722 946 ἐκ
1763 890 1952 946 πεδίου

297 978 618 1052 ναυσίποροι
680 979 924 1048 αῦτόθεν,
986 978 1276 1052 προϊοῦσαι
1343 977 1398 1034 δὲ
1455 981 1546 1034 καὶ
1604 981 1786 1034 ναυσὶν
1841 977 1948 1051 ἤδη

298 1065 494 1140 ἄποροί
531 1067 662 1121 εἰσιν
699 1085 712 1099 ο
765 1067 1104 1142 ἀκρῶνυχίαι
1135 1071 1156 1105 ⁶
1203 1069 1306 1143 γὰρ
1339 1069 1362 1103 7
1409 1069 1694 1144 παραλλὰξ
1743 1076 1954 1144 πετρῶν

301 1155 662 1229 ὑπανίσχουσι
717 1159 812 1210 τοῦ
871 1153 1086 1224 ὕδατος,
1135 1157 1260 1233 περὶ
1309 1157 1371 1218 ἃς
1419 1157 1622 1234 ἀνάγκη
1673 1160 1735 1214 τὸ
1785 1161 1957 1233 ῥεῦμα

299 1242 602 1298 ἐλίττεσθαι
639 1243 728 1298 καὶ
779 1249 954 1298 ποιεῖν
994 1246 1083 1300 τὸν
1129 1247 1376 1318 ποταμὸν
1427 1244 1657 1306 ἄπλουν.
1694 1247 1862 1324 Εὖρος
1903 1246 1960 1302 δῖε

304 1332 456 1404 αὐτῷ
485 1335 504 1369 ⁸
549 1335 684 1388 κατά
721 1334 812 1388 τὸν
857 1335 1069 1408 Ἴστρον
1107 1355 1119 1368 ·
1167 1341 1430 1408 ποταμῶν
1491 1333 1546 1390 δὲ
1595 1336 1752 1399 οὗτος
1811 1335 1962 1393 δοκεῖ

309 1423 584 1498 μέγιστος.
620 1421 812 1477 ὁπόσοι
841 1419 910 1476 δι’
942 1423 1019 1479 Εὐ
1061 1425 1254 1496 ρώπης
1307 1425 1510 1498 ῥέουσι.
1553 1424 1753 1500 Δένδρα
1805 1424 1849 1481 δ’
1883 1428 1910 1481 ὁ
1941 1447 1962 1481 ο

302 1513 527 1589 Ὕφασις
568 1511 880 1586 προσόμοια
913 1513 954 1546 ιο
1007 1513 1130 1589 φύει
1164 1513 1206 1551 ιι
1240 1514 1362 1586 περὶ
1415 1513 1509 1575 τὰς
1555 1513 1749 1589 ὄχθας,
1790 1516 1878 1570 καί
1909 1539 1962 1572 τι

307 1599 396 1654 καὶ
432 1599 602 1672 μύρον
635 1596 908 1654 ἐκδίδοται
939 1605 1047 1654 τῶν
1084 1599 1344 1674 δένδρων,
1397 1603 1425 1657 ὃ
1465 1607 1757 1658 ποιοῦνται
1803 1601 1962 1660 Ἰνδοὶ

311 1688 548 1762 γαμικὸν
578 1687 812 1764 χρίσμα.
865 1689 966 1742 Καὶ
1001 1689 1130 1754 τοὺς
1170 1691 1330 1765 ἰχθῦς
1363 1689 1420 1746 δὲ
1449 1692 1575 1753 τοὺς
1624 1695 1766 1755 ταὼς
1808 1692 1964 1768 λεγο-

313 1779 507 1850 μένους
552 1777 718 1849 μόνος
765 1779 926 1844 οὗτος
972 1785 1235 1852 ποταμῶν
1283 1781 1464 1860 τρέφει
1501 1801 1514 1814 ³

308 1865 365 1921 δὲ
395 1866 600 1928 αὐτοὺς
643 1869 972 1942 ὁμῶνόμους
1019 1873 1115 1924 τοῦ
1164 1865 1399 1944 ὄρνιθος,
1441 1869 1556 1925 ἐπεὶ
1606 1871 1820 1927 κυάνεοι
1866 1875 1958 1946 μὲν

303 1957 492 2016 αὐτοῖς
525 1957 578 2010 οῖ
628 1953 812 2034 λόφοι,
847 1959 1056 2014 στικταὶ
1108 1957 1164 2013 δὲ
1196 1960 1250 2014 αἱ
1300 1958 1526 2035 φολίδες
1573 1967 1750 2034 χρυσᾶ
1801 1959 1857 2016 δῖε
1896 1963 1962 2018 τὰ

307 2046 524 2122 οὐραῖα,
570 2047 661 2100 καὶ
703 2047 869 2102 ὁπότε
922 2049 1236 2124 βούλοιντο,
1286 2049 1668 2120 ἀνακλώμενα.
1699 2054 1852 2108 Ἔστι
1905 2051 1961 2108 δέ

310 2156 362 2190 τι
395 2137 441 2172 ¹³
471 2137 664 2210 θηρίον
702 2135 754 2191 ἒν
787 2141 865 2208 τῷ
911 2143 1145 2210 ποταμῷ
1194 2138 1443 2209 σκώληκι
1483 2139 1799 2213 εἷ’κασμένον
1834 2141 1957 2197 λευ-

313 2228 418 2297 κῷ,
457 2230 649 2280 τοῦτον
697 2223 744 2280 δ’
775 2227 830 2279 οἱ
881 2230 1135 2297 τήκοντες
1181 2227 1363 2283 ἔλαιον
1397 2233 1694 2285 ποιοῦνται.
1743 2235 1851 2305 Πῦρ
1903 2229 1959 2286 δὲ

313 2313 415 2390 ἄρα
470 2318 566 2369 τοῦ
626 2313 815 2370 ἐλαίου
861 2317 1058 2370 τούτου
1117 2314 1412 2384 ἐκδίδοται,
1469 2317 1558 2372 καὶ
1599 2319 1772 2393 στέγει
1826 2321 1958 2376 αὐτὸ

311 2401 458 2473 πλὴν
514 2402 676 2459 ὑέλου
727 2401 898 2462 οὐδὲν.
941 2403 1253 2462 Ἀλίσκεται
1301 2405 1365 2476 δὴ
1413 2406 1564 2480 μόνῳ
1611 2413 1690 2480 τῷ
1741 2409 1958 2482 βασιλεῖ

303 2494 368 2548 τὸ
418 2493 605 2566 θηρίον
652 2499 814 2550 τοῦτο
863 2496 999 2570 πρὸς
1047 2501 1252 2572 τειχῶν
1301 2496 1506 2553 ἅλωσιν
1538 2518 1550 2531 ·
1593 2497 1806 2554 ἐπειδὰν
1856 2499 1958 2576 γὰρ

305 2583 428 2658 θίγῃ
455 2587 560 2637 τῶν
606 2581 876 2654 ἐκαλξεων
911 2587 946 2654 ἡ
997 2584 1233 2658 πιμελὴ,
1267 2591 1372 2662 πῦρ
1425 2586 1732 2643 ἐκκαλεῖται
1777 2595 1954 2664 κρεῖτ-

311 2690 404 2756 τον
438 2665 794 2746 σϐεστηρίων,
829 2672 1004 2728 ὁπόσα
1054 2672 1362 2749 ἀνθρώποις
1409 2675 1544 2749 πρὸς
1593 2678 1658 2730 τα
1707 2676 1957 2756 πυρφόρα

307 2755 552 2830 εὕρηται.
589 2760 683 2815 Καὶ
731 2761 859 2822 τοὺς
893 2765 938 2798 ¹⁴
985 2757 1144 2824 ὅνους
1195 2760 1252 2817 δὲ
1287 2762 1416 2824 τοὺς
1467 2763 1694 2838 ἀγρίους
1737 2763 1790 2819 ἐν
1831 2755 1956 2827 τοῖς

303 2843 452 2901 ἕλεσι
490 2848 704 2912 τούτοις
735 2848 1049 2906 ἁλίσκεσθαι
1084 2873 1262 2928 φασιν.
1311 2853 1464 2907 Εἶναι
1498 2850 1554 2908 δὲ
1591 2859 1708 2916 τοῖς
1742 2855 1954 2928 θηρίοις

301 2936 517 2999 τούτοις
552 2938 639 2993 ἐπὶ
693 2941 952 3012 μετώπου
983 2941 1165 3014 κέρας,
1217 2943 1262 3012 ᾧ
1307 2939 1576 3012 ταυρηδόν
1619 2963 1676 2997 τε
1714 2942 1803 2997 καὶ
1853 2944 1955 2998 οὐκ

303 3025 539 3102 ἀγεννῶς
591 3029 886 3102 μάχονται.
924 3029 1022 3084 Καὶ
1075 3031 1397 3108 ἀποφαίνειν
1447 3032 1574 3092 τοὺς
1616 3029 1814 3094 Ἰνδοὺς
1864 3030 1950 3086 ἕκ-

303 3137 474 3188 πωμα
529 3117 592 3172 τὸ
647 3119 808 3190 κέρας
863 3117 1024 3174 τοῦτο
1058 3137 1072 3150 ·
1131 3119 1193 3172 οὐ
1231 3120 1334 3195 γὰρ
1393 3117 1514 3174 οὔτε
1571 3129 1794 3191 νοσῆσαι
1851 3123 1952 3191 τήν

303 3208 512 3278 ἡμεραν
551 3206 756 3276 ἐκείνην
788 3208 814 3260 ὁ
850 3207 896 3242 ¹⁵
944 3207 1034 3261 ἀπ’
1064 3207 1230 3262 αὐτοῦ
1279 3207 1437 3267 πιὼν.
1480 3207 1602 3265 οὕτε
1632 3210 1691 3264 ἂν
1722 3213 1950 3286 τρωθεὶς

306 3293 567 3372 ἀλγῆσαι,
601 3298 770 3370 πυρός
796 3319 855 3350 τε
905 3295 1192 3366 διεξελθεῖν
1223 3297 1306 3364 ἃν,
1340 3301 1428 3353 καὶ
1465 3297 1594 3372 μηδ’
1634 3301 1694 3355 ἂν
1741 3304 1954 3380 φαρμά-

303 3407 420 3446 κοις
455 3388 576 3458 [531
621 3388 713 3458 Η.]
763 3385 996 3458 ἁλῶναι,
1031 3389 1202 3442 ὁπόσα
1245 3387 1332 3442 ἐπὶ
1380 3394 1531 3461 κακῷ
1579 3392 1809 3448 πίνεται.
1855 3398 1954 3445 Βα-

308 3473 504 3529 σιλέων
553 3471 610 3529 δὲ
637 3475 700 3528 τὸ
749 3470 978 3547 ἔκπωμα
1027 3475 1180 3548 εἶναι,
1228 3477 1316 3530 καὶ
1371 3478 1586 3552 βασιλεῖ
1630 3479 1778 3552 μόνῳ
1809 3480 1954 3534 ἀνεῖ-

304 3565 427 3618 σθαι
457 3565 558 3633 τήν
609 3567 797 3638 θήραν.
861 3567 1044 3622 Μῦθον
1103 3565 1158 3620 δὲ
1197 3565 1302 3638 ἄρα
1359 3563 1583 3622 δεικνύει
1631 3573 1796 3622 ταῦτα
1843 3573 1948 3624 τῶν

305 3651 358 3707 ἐν
397 3649 594 3715 Ἰνδοῖς
658 3651 926 3728 βασιλέων
981 3655 1072 3710 καὶ
1128 3655 1278 3710 νόσοι
1336 3656 1427 3709 καὶ
1483 3657 1728 3714 θάνατοι.
1767 3658 1836 3711 Τὸ
1896 3655 1952 3712 δὲ

301 3741 512 3818 θηρίον,
547 3745 662 3798 οἷον
699 3745 742 3782 ιδ
773 3743 1006 3820 εἶ’ρηται,
1038 3749 1284 3800 τοιοῦτον
1314 3745 1522 3818 ὁρᾶται.

375 4011 643 4066 Ἐντεῦθεν
687 4014 726 4049 Π
786 4007 1112 4086 ὑπερϐαλεῖν
1166 4015 1262 4066 τοῦ
1331 4013 1616 4069 Καυκάσου
1673 4013 1736 4066 τὸ
1791 4031 1950 4066 κατα-

295 4103 473 4154 τεῖνον
512 4099 563 4161 ἐς
595 4101 693 4168 τήν
731 4101 994 4174 Ἐρυθρὰν
1027 4099 1296 4156 θάλασσαν
1334 4120 1346 4132 ·

299 4189 498 4264 ηρειρὲς
532 4187 696 4250 ἰδέαις
753 4189 1088 4261 ἀρωμάτων.
1123 4191 1266 4251 Τοὺς
1328 4191 1421 4262 μὲν
1453 4188 1519 4258 δὴ
1579 4195 1798 4265 πρῶνας
1853 4195 1950 4244 τοῦ

299 4273 461 4349 ὅρους
507 4278 567 4330 τὸ
622 4277 972 4350 κιννάμωμον
1027 4277 1225 4351 φέρειν,
1273 4278 1646 4354 προσεοικέναι
1707 4276 1762 4333 δὲ
1817 4279 1949 4334 αὐτὸ

295 4367 439 4426 νὲοις
470 4365 742 4438 κλήμασι.
789 4368 1024 4420 Βάσανον
1083 4365 1140 4422 δὲ
1169 4371 1266 4421 τοῦ
1307 4367 1608 4440 ἀρώματος
1665 4370 1763 4436 τήν
1825 4368 1948 4442 αἶγα

298 4455 430 4508 εἶναι
467 4473 479 4486 ·
513 4456 872 4528 κινναμώμου
927 4457 1030 4530 γὰρ
1071 4455 1124 4510 εἷ’
1157 4477 1238 4518 τις
1289 4455 1404 4531 αἰγὶ
1440 4458 1482 4493 ⁸⁸
1540 4457 1757 4529 ὀρέξειε,
1817 4477 1943 4511 κνυ-

299 4545 514 4612 ζήσεται
555 4545 690 4618 πρὸς
751 4545 852 4612 τὴν
909 4550 1074 4619 χεῖρα
1111 4545 1348 4618 καθάπερ
1406 4547 1576 4614 κύων,
1620 4547 1832 4600 ἀπιόντι
1891 4565 1949 4600 τε

296 4633 598 4706 ὁμαρτήσει
647 4633 748 4700 τὴν
781 4633 903 4706 ῥῖνα
949 4633 1002 4695 ἐς
1041 4633 1198 4688 αὐτὸν
1241 4633 1508 4707 ἐρείσασα,
1558 4633 1653 4688 κᾶν
1705 4636 1732 4689 ὁ
1779 4633 1944 4690 αἰπό-

297 4721 394 4783 λος
427 4721 613 4798 ἆπαγῇ
651 4723 716 4790 ‘9,
751 4723 1009 4795 [100111.]
1045 4725 1301 4796 θρηνήσει
1333 4723 1574 4798 καθάπερ
1607 4721 1786 4778 λωτοῦ
1808 4725 1946 4778 ἀπο-

301 4809 582 4882 σπωμένη.
619 4811 707 4866 Ἐν
740 4808 796 4866 δὲ
826 4817 941 4873 τοῖς
975 4817 1244 4885 κρημνοῖς
1283 4817 1379 4868 τοῦ
1411 4809 1572 4886 ὅρους
1623 4809 1840 4868 λίϐανοί
1891 4835 1948 4870 τε

302 4897 516 4973 ὑψηλαὶ
567 4899 834 4974 πεφύκασι
873 4901 964 4955 καὶ
1016 4900 1204 4956 πολλὰ
1257 4899 1373 4972 εἶ’δη
1431 4898 1588 4976 ἕτερα
1615 4904 1682 4959 ²⁰.
1733 4903 1833 4960 Καὶ
1883 4903 1948 4958 τὰ

303 4985 500 5062 δένδρα
553 4985 612 5043 δὲ
657 4990 712 5044 αἱ
763 4988 1055 5064 πεπερίδες
1083 4993 1152 5060 ²¹,
1203 4991 1275 5045 ῶν
1331 4993 1568 5069 γεωργοὶ
1602 4995 1646 5028 ²²
1701 4992 1944 5063 πίθηκοι,

297 5075 542 5132 εἶ’κασται
579 5079 674 5149 μὲν
707 5083 788 5150 τῷ
823 5085 950 5155 παρ’
981 5078 1250 5152 Ἕλλησιν
1279 5079 1426 5154 ὂίγνῳ
1455 5081 1522 5135 τα
1571 5101 1626 5135 τε
1664 5079 1811 5136 ἄλλα
1857 5081 1945 5136 καὶ

293 5166 386 5221 τὸν
416 5163 698 5240 κόρυμϐον
751 5173 848 5224 τοῦ
888 5173 1124 5242 καρποῦ,
1156 5169 1343 5247 φύεται
1394 5167 1451 5224 δὲ
1483 5170 1534 5224 ἐν
1581 5176 1699 5234 τοῖς
1747 5171 1945 5225 ἀποτό-

1390 4103 1521 4156 εἶναι
1553 4099 1610 4155 δὲ
1656 4102 1788 4156 αὐτὸ
1839 4123 1952 4155 συν-

2061 539 2198 595 Erat
2227 547 2416 595 autem
2449 541 2608 611 regia
2641 539 2790 606 Pori,
2827 555 3072 610 regnum
3105 541 3434 598 obtinentis.

2131 627 2343 684 Fontes
2357 627 2721 700 Hypbasidos
2740 628 2922 697 ﬂuvii,
2937 628 3030 682 cui
3044 630 3543 701 appropinquasse
3565 632 3706 688 dicit

2057 716 2434 786 Apollonium,
2453 717 2740 787 Hydraote
2753 721 3045 787 superato,
3061 717 3437 789 plurimisque
3449 720 3709 790 gentibus

2061 808 2395 879 peragratis,
2421 806 2621 876 hujus,
2645 807 2908 878 inquam,
2935 807 3090 861 ﬂuvii
3115 808 3301 863 fontes
3325 823 3354 863 e
3377 807 3501 863 solo
3525 817 3709 864 scatu-

2062 896 2240 964 riunt,
2257 905 2454 965 estque
2471 895 2678 951 ﬂuvius
2693 896 2818 966 ipse
2833 895 3164 967 aprincipio
3181 896 3548 968 navigabilis,
3565 915 3709 968 pau-

2061 983 2247 1038 lulum
2272 1000 2404 1040 vero
2425 984 2743 1056 procedens
2757 984 3006 1039 navibus
3021 985 3210 1040 invius
3224 989 3330 1040 est.
3347 989 3524 1041 Petrae
3541 1003 3710 1042 nam—

2065 1087 2178 1143 quc
2197 1071 2484 1143 superiori
2510 1076 2675 1143 parte
2697 1077 2900 1136 acutae,
2918 1077 3094 1144 atque
3117 1073 3265 1129 inter
3284 1089 3344 1129 se
3365 1075 3578 1144 densae,
3599 1077 3710 1130 sub

2068 1177 2219 1232 aqua
2239 1160 2484 1216 latentes
2501 1161 2572 1216 ab
2594 1161 2751 1216 alveo
2771 1161 3119 1231 prominent,
3137 1162 3350 1232 quibus
3367 1179 3517 1236 aqua
3537 1163 3711 1231 illisa,

2069 1259 2120 1305 et
2141 1250 2202 1305 in
2217 1265 2278 1304 se
2301 1265 2580 1305 conversa
2598 1248 3056 1320 innavigabilem
3071 1250 3315 1306 ﬂuvium
3333 1253 3542 1308 reddit.
3559 1253 3718 1308 Lati-

2069 1339 2208 1394 tudo
2247 1353 2378 1394 vero
2421 1339 2642 1394 Istrum
2673 1338 2961 1410 adaequat,
2989 1339 3090 1409 qui
3123 1340 3360 1411 Europe
3405 1341 3714 1398 ﬂuminum

2071 1429 2348 1482 maximus
2379 1427 2640 1484 habetur.
2675 1429 2736 1482 In
2772 1428 2914 1499 ripis
2943 1429 3069 1498 ejus
3102 1429 3339 1485 arbores
3372 1437 3714 1502 nascuntur,

2072 1515 2292 1572 similes
2305 1515 2376 1571 iis
2390 1517 2486 1588 qui
2503 1517 2571 1572 ad
2589 1515 2802 1572 Istrum
2818 1522 3160 1586 nascuntur,
3177 1535 3210 1572 a
3224 1519 3439 1590 quibus
3455 1535 3716 1592 unguen-

2071 1611 2196 1661 tum
2228 1605 2496 1672 distillat,
2531 1621 2645 1676 quo
2676 1605 2732 1660 in
2783 1606 3003 1678 nuptiis
3037 1607 3164 1662 Indi
3199 1608 3438 1680 perungi
3473 1625 3721 1665 consue‘

2073 1709 2224 1752 vere.
2279 1695 2470 1752 Pisces
2520 1695 2694 1750 etiam
2754 1713 2902 1767 quos
2959 1697 3108 1751 Taos
3169 1695 3458 1768 appellant
3505 1699 3562 1753 in
3616 1699 3720 1754 boc

1563 1783 1891 1852 πεποίηνται
1921 1787 1953 1821 ³³

2071 1787 2356 1842 duntaxat
2385 1787 2628 1842 ﬂumine
2659 1786 2796 1842 oriri
2833 1785 3142 1858 perhibent
3168 1805 3181 1843 :
3215 1793 3498 1844 vocantur
3527 1795 3724 1845 autem

2071 1877 2274 1931 eodem
2325 1891 2440 1946 quo
2471 1883 2524 1929 et
2553 1890 2801 1945 pavones
2849 1876 3108 1942 nomine,
3151 1875 3288 1947 quia
3335 1877 3484 1949 ipsis
3512 1883 3568 1934 et
3598 1896 3716 1934 cae-

2072 1963 2245 2018 ruleae
2277 1969 2416 2019 sunt
2435 1963 2641 2032 cristas,
2665 1980 2926 2034 squamae
2947 1980 3084 2019 vero
3104 1965 3505 2034 versicolores,
3528 1968 3718 2023 cauda

2071 2069 2202 2108 vero
2234 2068 2434 2118 aurea,
2469 2052 2528 2106 in
2561 2067 2967 2123 quamcunque
2993 2052 3240 2109 voluerit
3272 2060 3490 2124 partem
3524 2073 3718 2112 versa-

2071 2141 2209 2198 tilis.
2246 2141 2344 2196 Est
2391 2145 2667 2212 praeterea
2705 2142 2766 2196 in
2803 2141 3007 2196 eodem
3055 2143 3299 2198 ﬂumine
3349 2143 3535 2198 bellua
3584 2145 3714 2200 albo

2069 2226 2249 2282 vermi
2280 2227 2493 2282 similis
2518 2241 2530 2280 :
2557 2242 2624 2281 ex
2647 2241 2765 2298 qua
2785 2231 2955 2298 capta
2984 2227 3175 2283 oleum
3211 2227 3267 2282 fit
3289 2229 3358 2283 ad
3389 2245 3532 2284 usus
3562 2229 3718 2302 ignis

2069 2317 2595 2383 accommodatum,
2656 2315 2805 2385 quod
2866 2316 2980 2372 nisi
3037 2318 3186 2372 vitro
3247 2319 3533 2374 contineri
3602 2337 3718 2376 non

2069 2405 2268 2478 possit.
2291 2405 2529 2477 Capitur
2558 2410 2751 2461 autem
2775 2406 2894 2477 regi
2918 2409 3328 2464 tantummodo
3358 2409 3716 2479 ejuscemodi

2065 2494 2284 2565 bellua,
2307 2511 2422 2567 qua
2442 2493 2538 2548 ille
2562 2494 2985 2550 diruendorum
3011 2497 3290 2550 moenium
3317 2513 3492 2553 causa
3509 2498 3712 2553 utitur.

2065 2583 2212 2640 Nam
2236 2583 2334 2640 ubi
2353 2599 2654 2639 murorum
2671 2583 3108 2657 propugnacula
3121 2585 3409 2654 ejusmodi
3425 2587 3712 2658 pinguedo

2066 2673 2345 2745 tetigerit,
2369 2672 2520 2744 ignis
2549 2673 2855 2740 excitatur,
2880 2673 3328 2744 quibuscunque
3359 2675 3534 2730 rebus
3564 2691 3713 2746 quas

2067 2761 2340 2818 homines
2372 2762 2646 2816 adversus
2678 2762 2874 2832 ignem
2905 2763 3370 2832 excogitaverint,
3402 2763 3712 2834 potentior.

2065 2852 2275 2907 Asinos
2315 2855 2592 2922 praeterea
2635 2850 2949 2918 silvestres,
2984 2850 3347 2922 palustribus
3397 2852 3538 2908 locis
3585 2854 3715 2926 capi

2063 2941 2284 2996 dicunt.
2343 2941 2483 2995 Esse
2541 2944 2740 2995 autem
2807 2940 3142 3010 bujusmodi
3217 2940 3354 2996 feris
3409 2942 3466 2996 in
3529 2942 3713 3000 fronte

2064 3045 2268 3094 cornu,
2293 3045 2408 3100 quo
2431 3033 2735 3084 taurorum
2771 3045 2926 3084 more
2955 3029 3406 3101 generosissime
3429 3037 3714 3102 pugnent.

1983 3099 2025 3166 Ο
2065 3099 2361 3174 Conﬁcere
2416 3122 2610 3173 autem
2663 3117 2834 3173 Indos
2865 3133 2932 3173 ex
2964 3099 3094 3172 illis
3144 3099 3711 3191 cornibusipocula:

2063 3212 2450 3278 asseruntque
2506 3208 2686 3262 nullis
2745 3206 2964 3262 morbis
3013 3222 3078 3262 eo
3129 3207 3220 3262 die
3268 3208 3441 3279 afﬁci,
3487 3210 3584 3278 qui
3641 3223 3712 3265 ex

2065 3297 2356 3368 ejusmodi
2388 3297 2594 3368 poculo
2646 3297 2944 3366 potaverit,
2973 3313 3162 3367 neque
3193 3297 3242 3351 si
3269 3297 3555 3354 vulnerati
3585 3297 3712 3354 fue-

2065 3391 2221 3454 runt,
2253 3389 2469 3456 dolere,
2505 3393 2562 3444 et
2601 3403 2669 3442 ex
2717 3387 2849 3458 igne
2897 3387 3072 3442 etiam
3119 3387 3442 3444 incolumes
3493 3391 3712 3462 egredi,

2063 3491 2250 3547 neque
2289 3477 2428 3532 ullis
2462 3476 2705 3532 venenis
2730 3476 2882 3546 laedi,
2909 3493 3273 3548 quaecunque
3305 3479 3546 3535 nocendi
3583 3497 3718 3552 gra-

2065 3568 2141 3622 tia
2172 3567 2230 3620 in
2265 3572 2402 3637 potu
2434 3568 2669 3623 dantur.
2707 3567 2922 3622 Idcirco
2957 3583 3157 3636 regum
3190 3583 3318 3621 esse
3353 3567 3451 3622 illa
3483 3568 3712 3638 pocula,

2062 3659 2118 3710 et
2147 3655 2268 3727 regi
2302 3659 2534 3710 tantum
2557 3655 2848 3723 ejusmodi
2875 3655 3008 3709 fere
3033 3655 3394 3710 venationem
3433 3657 3710 3725 permitti.

2059 3743 2345 3799 Fabulosa
2388 3743 2509 3798 bazc
2559 3759 2709 3810 esse,
2742 3747 2799 3798 et
2828 3757 3034 3813 regum
3089 3743 3268 3797 India:
3321 3743 3509 3798 morbi
3555 3760 3710 3797 mor-

2061 3837 2264 3904 tesque
2295 3835 2606 3887 testantur.
2635 3833 2764 3888 Haec
2795 3847 2927 3887 vero
2976 3829 3190 3900 bellua,
3226 3834 3288 3886 ut
3317 3847 3442 3886 eam
3489 3831 3708 3888 descri-

2061 3923 2309 3992 psimus,
2343 3919 2475 3975 talis
2508 3925 2770 3992 apparet.

2131 4010 2269 4064 lnde
2317 4008 2553 4064 Caucasi
2585 4007 2745 4064 illam
2779 4013 2998 4079 partem
3041 4009 3545 4079 transcenderunt,
3577 4027 3699 4081 quae

2061 4100 2114 4153 in
2149 4099 2406 4154 Rubrum
2441 4115 2602 4154 mare
2631 4099 2957 4171 porrigitur.
2991 4101 3068 4154 Ea
3105 4115 3238 4155 vero
3289 4099 3534 4154 diversis
3581 4117 3705 4156 aro-

2060 4193 2282 4244 matum
2332 4189 2643 4260 generibus
2693 4189 2914 4244 consita
2944 4193 3049 4244 est.
3087 4189 3299 4245 Montis
3331 4205 3580 4260 namque
3612 4207 3703 4246 ca-

2059 4278 2284 4334 cumina
2307 4279 2756 4334 Ciunamomum
2785 4279 2998 4346 ferunt,
3025 4281 3176 4350 quod
3201 4279 3364 4335 novis
3386 4280 3703 4335 sarmentis

2059 4368 2458 4424 assimilatur:
2503 4368 2782 4424 bonitatis
2831 4373 3020 4425 autem
3063 4369 3191 4437 ejus
3239 4369 3698 4440 experimentum

2058 4459 2160 4513 dat
2213 4475 2406 4530 capra.
2468 4457 2526 4512 Si
2595 4458 2727 4529 quis
2793 4458 2950 4514 enim
3007 4458 3196 4515 3251)
3252 4458 3698 4516 Cinnamomum

2057 4563 2241 4620 caprae
2273 4549 2608 4620 porrexerit,
2631 4552 2906 4618 tanquam
2931 4547 3157 4603 catulus
3184 4565 3356 4603 manu
3383 4549 3698 4604 demulceri

2057 4637 2308 4705 affectat,
2365 4639 2793 4708 abeuntemque
2855 4637 3208 4709 insequitur,
3279 4654 3446 4693 nares
3514 4639 3699 4708 quoad

2057 4730 2248 4798 potest
2279 4728 2387 4796 ipsi
2422 4729 2728 4783 admovet:
2756 4728 2910 4797 quod
2943 4726 2992 4783 si
3015 4733 3214 4799 pastor
3243 4741 3370 4782 eam
3403 4727 3700 4794 amoverit,

2059 4833 2172 4872 non
2225 4831 2395 4872 secus
2447 4816 2728 4888 queritur,
2779 4831 2950 4888 quam
3000 4816 3048 4872 si
3095 4815 3210 4872 loto
3261 4815 3604 4885 privaretur.
3639 4817 3702 4870 In

2059 4903 2274 4960 montis
2317 4909 2512 4961 autem
2563 4906 2869 4977 praeruptis
2921 4905 3177 4971 arbores,
3223 4921 3253 4960 e
3300 4904 3516 4976 quibus
3565 4903 3700 4959 thus

2058 4992 2322 5062 distillat,
2374 5010 2620 5065 proceras
2677 5001 3017 5055 nascuntur,
3074 4997 3130 5050 et
3186 5001 3513 5049 aromatum
3573 4992 3699 5050 aliaa

2056 5084 2276 5153 species
2308 5082 2528 5152 multaa,
2559 5083 2714 5140 inter
2744 5099 2890 5154 quas
2921 5089 2978 5138 et.
3007 5081 3224 5154 piperis
3271 5083 3510 5139 arbores
3540 5090 3698 5152 sunt,

2055 5173 2210 5243 quod
2263 5173 2446 5245 piper,
2497 5177 2775 5244 tanquam
2828 5172 3112 5245 agricola,
3161 5188 3348 5244 genus
3406 5173 3696 5244 quoddam

1649 5317 1889 5373 VARIAE
1931 5316 2348 5373 LECTIONES.

363 5433 648 5510 :é'xovto:
684 5435 724 5510 ς

557 5507 600 5581 ‘_°
629 5499 1072 5581 np'osdjaocazjzbc
1105 5507 1267 5578 ὅμοια
1292 5509 1368 5581 _A_.

291 5580 344 5616 ¹⁴¹
369 5575 478 5652 καὶ.
501 5575 774 5652 “mild—III,
809 5575 899 5652 2._
1028 5579 1054 5631 ὁ
1093 5575 1184 5652 A::
1218 5577 1370 5652 καὶὸ

295 5654 338 5689 t9
373 5649 552 5722 ὑπάγῃ
751 5652 796 5685 ²⁰
827 5647 944 5718 εἶίδη
977 5647 1158 5724 ἕτερα]
1194 5647 1468 5724 ἡδςώτερα
1504 5653 1604 5710 ΑΒ.

691 5434 764 5510 ζ.
789 5507 799 5524 1
856 5435 876 5471 ⁵
907 5434 1026 5526 ὅτι]ε
1053 5453 1138 5526 ut,
1173 5437 1223 5490 1.
1303 5436 1334 5526 ⁵.
1355 5435 1680 5526 ἀκροινυχίάι
1831 5433 1876 5522 ’⁷
1909 5431 2011 5526 γὰρ
2044 5437 2088 5489 Α
2121 5430 2230 5526 εηδὲ
2369 5504 2380 5524 ⁷
2419 5435 2444 5468 ⁸
2480 5432 2764 5526 αὐτῶνῇς.
2843 5433 2866 5468 9
2895 5429 3022 5522 3"_6]
3051 5430 3245 5526 δ’ἑχει
3280 5435 3376 5526 όῃΒ
3409 5437 3464 5490 et
3494 5449 3574 5526 ac).
3605 5437 3661 5526 ΑΔ
3685 5476 3700 5491 .

1487 5509 1524 5545 ¹¹
1568 5508 1744 5584 φύσει]
1779 5508 1931 5580 φύσει
1961 5509 2028 5560 Α.
2143 5516 2146 5538 ³

1582 5580 1628 5619 16
1660 5579 1775 5632 οἷον
1807 5595 1922 5634 om.
1957 5594 2044 5644 pr.
2079 5579 2146 5634 A.

1685 5653 1724 5687 ²¹
1761 5647 2039 5723 πιπερίδις
2072 5653 2133 5704 Α.

2143 5505 2188 5540 ί²
2219 5504 2540 5574 πεποίηνται
2598 5504 2734 5562 ΑΒἚ
2768 5504 3199 5580 πεποίηται-ςί
3289 5507 3332 5540 ¹³
3359 5526 3412 5558 τι
3464 5505 3597 5580 add.
3632 5512 3696 5580 A_.

2214 5577 2585 5674 ΰςτνέντεῦθεν]
2629 5597 2710 5664 tu,
2741 5581 2792 5634 4.
2901 5573 3266 5653 ¹⁸ὴαῖγὶῖεοτικ
3301 5581 3345 5634 Α
3381 5594 3392 5632 :
3430 5573 3605 5652 αἶ’γιον

2292 5651 2364 5702 ὧν
2395 5651 2444 5702 οἳ
2476 5651 2706 5724 γεωργοὶ
2733 5657 2839 5705 ΑΒ.
