4100 6242
373 299 529 360 1219

1568 294 1829 356 PHOTII
1874 293 2410 356 PATRIARCHjE
2450 297 2569 357 ΟΡ.

3624 306 3776 367 1220

372 438 677 495 simiorum
708 436 861 493 colit.
898 434 1117 505 Piperis
1147 431 1318 487 arbor
1350 429 1431 484 illi
1464 429 1678 485 similis
1730 446 1858 485 esse
1906 436 2017 486 tra-

2157 450 2276 494 ιοις,
2310 428 2409 484 οὐκ
2457 430 2671 509 ἐφικτὸς
2716 437 2830 492 τοῖς
2880 434 3210 507 ἀνθρώποις,
3247 435 3308 489 οὗ
3357 435 3576 511 λέγεται
3619 440 3780 506 21:913-

374 529 554 596 ditur,
588 543 763 598 quam
795 524 974 579 Graeci
1004 520 1162 593 ἄγνον
1196 521 1276 590 (id
1310 524 1415 587 est,
1441 520 1671 590 castam)
1705 519 2017 590 appellant,

374 622 497 673 tum
535 617 793 687 partibus
826 612 977 678 aliis,
1002 616 1122 665 tum
1149 609 1401 666 maxime
1423 610 1717 664 fructuum
1753 610 2017 666 racemis.

378 706 649 764 Nascitur
700 708 896 759 autem
950 703 1005 755 in
1058 700 1327 754 extremis
1387 701 1807 770 praeruptisque
1853 699 2018 764 locis,

372 798 569 872 generi
624 793 928 850 hominum
981 790 1315 857 inaccessis,
1365 788 1461 843 ubi
1510 789 1839 857 simiorum,
1872 806 2019 859 quas

373 888 650 950 diximus,
683 881 933 955 pOpulus
968 880 1183 935 montis
1215 895 1512 945 cavernas,
1545 883 1600 932 et
1630 878 1827 932 omnia
1857 878 2019 933 fora-

373 978 531 1033 mina
581 972 801 1029 incolit.
835 970 1053 1024 Simios
1107 973 1299 1023 autem
1353 967 1544 1037 magni
1596 968 1814 1021 faciunt
1864 967 2019 1034 Indi,

378 1065 656 1139 quoniam
691 1059 925 1133 piperis,
949 1058 1111 1113 utsic
1134 1058 1347 1123 dicam,
1372 1056 1816 1111 vindemiatores
1848 1060 2020 1111 sunt:

376 1158 730 1228 quapropter
756 1159 810 1206 et
840 1149 1015 1204 armis
1048 1152 1104 1202 et
1133 1146 1378 1201 canibus
1428 1144 1647 1213 leones,
1681 1150 1738 1199 et
1788 1154 2021 1202 caeteras

376 1246 525 1301 feras
559 1244 628 1298 ab
662 1239 807 1311 ipsis
856 1241 1074 1293 arcent.
1109 1235 1275 1291 Irruit
1323 1238 1515 1289 autem
1548 1234 1607 1288 in
1641 1234 1882 1289 simium
1935 1236 2023 1290 leo

376 1338 644 1405 aegrotus,
682 1329 979 1384 medicinae
1011 1325 1245 1396 quidem
1276 1325 1482 1396 gratia,
1518 1340 1773 1395 namque
1815 1325 2026 1395 hujus-

377 1424 532 1480 modi
576 1420 880 1475 sitniorum
932 1432 1131 1471 carnes
1176 1413 1413 1469 leonum
1445 1412 1666 1469 morbis
1698 1413 2024 1483 medentur,

377 1526 685 1569 senescens
735 1523 894 1574 vero,
946 1512 1143 1575 pastus
1200 1503 1427 1573 cibique
1475 1518 1671 1557 causa.
1721 1506 1867 1556 Nam
1926 1503 2026 1558 ubi

380 1606 615 1674 propter
646 1597 873 1654 senium
907 1610 1103 1649 cervos
1138 1600 1236 1647 aut
1281 1609 1449 1661 apros
1489 1592 1685 1646 venari
1717 1590 1909 1647 leones
1935 1608 2031 1646 ne-

386 1694 628 1761 queunt,
666 1685 865 1742 simias
897 1685 1193 1749 devorant,
1229 1683 1376 1749 quod
1410 1684 1672 1750 superest
1714 1681 1922 1735 virium
1974 1680 2031 1734 in

2130 542 2238 575 κων
2274 521 2440 575 οἰκεῖν
2484 517 2661 594 δῆμος
2696 521 2746 575 ἐν
2803 529 3006 599 μυχοῖς
3051 526 3140 578 καὶ
3185 524 3215 579 ὅ
3252 547 3304 579 τι
3353 527 3519 581 αὐτοῦ
3569 528 3779 582 κοῖλον.

2132 608 2234 672 Οὓς
2290 607 2511 664 πολλοῦ
2558 610 2739 679 ἀξίους
2790 612 2841 665 o't
2892 610 3051 667 Ἰνδοὶ
3106 615 3440 687 νομίζοντες,
3500 613 3692 685 ἐπειδὴ
3727 616 3785 670 τὸ

2130 699 2322 772 πέπερι
2392 700 2763 774 ἀποτρυγωσι,
2823 700 2953 764 τοὺς
3015 703 3238 766 λέοντας
3285 704 3374 758 ἀπ’
3434 704 3611 759 αὐτῶν
3662 704 3785 777 ἐρύ-

2131 808 2285 842 κουσι
2330 787 2451 841 κυσί
2498 809 2555 843 τε
2602 791 2692 843 καὶ
2743 790 2960 848 ὅπλοις.
3009 792 3340 847 Ἐπιτίθεται
3381 791 3438 847 δὲ
3468 796 3513 829 ³³
3564 795 3786 864 πιθήκῳ

2134 875 2273 931 λέων
2308 878 2478 932 νοσῶν
2535 880 2630 950 μὲν
2664 879 2793 952 ὑπὲρ
2844 882 3137 957 φαρμάκου
3170 883 3291 956 (τὴν
3325 884 3431 958 γὰρ
3474 878 3634 936 νὸσον
3688 881 3789 935 αὖ-

2131 970 2210 1037 τῷ
2239 967 2305 1020 τά
2335 968 2464 1040 κρέα
2502 965 2651 1041 ’ίσχει
2697 972 2910 1039 ταῦτα),
2941 973 3263 1044 γεγηρακὼς
3312 969 3367 1026 δὲ
3408 973 3542 1046 ὑπὲρ
3584 971 3740 1025 σίτου
3773 990 3785 1003 ⁸

2133 1061 2231 1124 τῆς
2261 1055 2361 1129 γὰρ
2412 1060 2517 1109 τῶν
2560 1055 2775 1133 ἐλάφων
2833 1059 2923 1113 καὶ
2974 1064 3114 1115 συῶν
3161 1062 3332 1137 θήρας
3378 1056 3571 1135 ἔξωροι
3620 1081 3786 1134 γεγο-

2134 1144 2282 1205 νότες
2314 1143 2442 1205 τοὺς
2492 1147 2759 1215 πιθήκους
2810 1146 3198 1226 λαφύσσουσιν,
3249 1149 3301 1211 ἐς
3348 1153 3509 1205 τοῦτο
3556 1151 3789 1228 χρώμε-

2134 1254 2214 1287 νοι
2270 1237 2338 1306 τῇ
2383 1232 2552 1305 λοιπῇ
2616 1234 2800 1309 ῥώμῃ.
2843 1238 2915 1291 Τὰ
2974 1235 3031 1292 δὶ
3080 1239 3204 1315 περὶ
3260 1241 3356 1299 τὰς
3414 1238 3718 1313 πεπερίδας
3750 1240 3793 1273 ³⁸

2135 1324 2479 1396 πραττόμενα
2509 1322 2616 1378 ὧδε
2667 1323 2783 1399 ἔχει
2816 1345 2827 1357 ·
2893 1327 3300 1400 Προσελθόντες
3349 1331 3401 1384 οἱ
3452 1326 3611 1383 Ἰνδοὶ
3671 1334 3793 1389 τοῖς

2135 1413 2282 1466 κάτω
2344 1412 2527 1486 μέρεσι
2585 1416 2673 1468 καὶ
2730 1415 2821 1469 τὸν
2890 1418 3095 1490 καρπὸν
3166 1418 3581 1492 ἀποθερίσαντες
3642 1416 3794 1476 ἅλως

2138 1506 2418 1555 ποιοῦνται
2485 1504 2681 1577 μικρὰς
2739 1505 2860 1579 περὶ
2919 1507 2985 1560 τὰ
3046 1504 3259 1581 δένδρα,
3320 1508 3409 1561 καὶ
3466 1508 3529 1562 τὸ
3595 1504 3794 1579 πέπερι

2143 1590 2264 1664 περὶ
2304 1590 2467 1652 αὐτάς
2516 1592 2897 1670 ξυμφέρουσιν,
2935 1598 3049 1650 οἷον
3099 1598 3416 1669 ῥιπτοῦντες
3467 1598 3543 1655 ὡς
3592 1596 3794 1668 ἄτιμόν

2144 1701 2195 1733 τι
2225 1679 2313 1733 καὶ
2363 1682 2437 1751 μή
2487 1680 2537 1734 ἐν
2576 1680 2785 1756 σπουδῇ
2832 1690 2951 1746 τοῖς
3001 1685 3333 1760 ἀνθρώποις.
3370 1687 3433 1740 0".
3484 1683 3543 1738 δὲ
3589 1684 3795 1739 ἄνωθεν

383 1758 519 1835 illas
552 1780 906 1832 exercentes.
932 1774 1065 1837 Quae
1089 1773 1159 1826 de
1192 1771 1402 1840 pipere,
1427 1770 1544 1824 haec
1576 1773 1713 1824 sunt
1742 1783 1838 1824 u-V.
1859 1772 2035 1825 Acce-

2157 1770 2245 1823 ιάκ
2274 1772 2319 1805 ²⁵
2348 1774 2453 1824 τῶν
2488 1766 2701 1826 ἀϐάτων
2749 1774 3151 1848 καθεωρακότες
3196 1780 3387 1845 ταῦτα,
3419 1776 3615 1835 νυκτὸς
3670 1775 3802 1828 ὑποο

389 1870 592 1924 dentes
625 1865 752 1920 Indi
785 1864 855 1917 ad
890 1862 1144 1927 arbores,
1169 1876 1294 1931 quae
1327 1861 1383 1914 in
1418 1869 1574 1929 parte
1598 1860 1812 1914 montis
1835 1860 2038 1913 infima

386 1961 729 2021 nascuntur,
766 1954 1101 2020 fructusque
1132 1950 1203 2004 ab
1235 1949 1350 2003 illis
1398 1950 1793 2018 decerpentes,
1828 1964 2033 2019 parvas

382 2047 668 2117 quasdam
707 2046 939 2113 propter
962 2040 1195 2095 arbores
1219 2036 1709 2104 areolas-faciunt,
1731 2052 1846 2107 quo
1869 2037 2033 2107 piper

2146 1856 2420 1930 κρίνονται
2451 1860 2512 1913 τὸ
2553 1864 2658 1914 τῶν
2712 1859 2894 1917 Ἰνδῶν
2940 1860 3118 1938 ἔργον,
3152 1865 3239 1918 καὶ
3274 1863 3401 1925 τοὺς
3451 1862 3805 1937 βοστρύχους

2144 1950 2250 2000 τῶν
2281 1944 2513 2021 δένδρων
2566 1955 2933 2024 περισπῶντες
2968 1953 3218 2027 ῥίπτουσι
3278 1954 3534 2029 φέροντες
3587 1951 3642 2012 ἐς
3706 1951 3800 2008 τὰς

2142 2032 2290 2097 ἅλως
2324 2056 2335 2068 ·
2370 2037 2421 2091 οἱ
2455 2035 2510 2091 δὲ
2539 2036 2699 2093 Ἰνδοὶ
2739 2039 2954 2103 ἀπόνως
2986 2041 3360 2117 συλλέγουσιν.

384 2137 726 2206 congerunt,
761 2133 955 2202 ipsum
989 2127 1380 2199 projicientes,
1414 2142 1513 2181 ceu
1548 2143 1667 2181 rem
1704 2126 2024 2195 neglectam
2056 2130 2112 2182 et
2143 2128 2367 2183 minimi
2403 2129 2473 2183 ab
2506 2129 2847 2188 hominibus
2879 2134 3291 2191 existimatam.
3325 2134 3512 2190 Simia:
3564 2149 3709 2191 vero
3740 2133 3798 2188 in

383 2227 525 2282 aviis
553 2224 760 2279 abdita
792 2223 1043 2291 desuper
1072 2218 1439 2289 aspicientes,
1475 2218 1571 2272 ubi
1608 2234 1717 2273 nox
1758 2217 2010 2283 advenit,
2044 2218 2322 2274 Indorum
2375 2236 2522 2289 opus
2570 2221 2830 2290 imitate,
2865 2225 3098 2281 avulsos
3148 2228 3423 2281 arborum
3474 2240 3802 2279 ramuscu-

384 2317 471 2372 los
504 2316 560 2370 in
593 2329 778 2377 areas,
811 2328 957 2382 quas
989 2310 1267 2377 diximus,
1302 2309 1626 2364 conferunt.
1663 2308 1800 2363 Inde
1831 2322 1963 2362 vero
1996 2305 2154 2363 nullo
2187 2307 2383 2365 labore
2414 2308 2713 2383 colligunt.

458 2406 741 2476 Superato
775 2405 971 2456 monte
1001 2400 1323 2470 subjectam
1377 2398 1679 2469 planitiem
1733 2398 2038 2469 conspica-

384 2500 481 2551 tus
499 2491 841 2565 Apollonius
866 2506 997 2543 cum
1031 2489 1180 2553 suis,
1206 2488 1375 2543 fossis
1397 2504 1551 2558 aqua
1574 2488 2037 2542 redundantibus

389 2584 751 2640 interiectam
778 2578 1325 2634 animadverterunt.
1344 2578 1517 2632 Erant
1533 2582 1728 2632 autem
1746 2576 2037 2631 fossarum

389 2674 513 2729 aliae
546 2676 735 2738 recte,
768 2670 892 2724 aliae
925 2667 1195 2738 obliquae,
1229 2683 1445 2738 aquam
1478 2683 1512 2721 a
1541 2666 1737 2738 Gange
1774 2666 2039 2721 derivan-

386 2772 492 2819 tes.
521 2761 635 2815 Has
660 2763 853 2814 autem
888 2758 1075 2812 fossas
1101 2756 1304 2827 partim
1337 2756 1603 2811 terminis
1636 2754 2040 2825 designandis,

390 2850 601 2923 partim
636 2846 950 2919 irrigandis
982 2846 1160 2917 agris,
1185 2861 1313 2900 cum
1340 2845 1620 2911 sitissent,
1645 2845 1860 2900 servire
1891 2844 2043 2899 dice-

390 2942 550 2995 bant.
587 2940 734 2993 Sunt
781 2942 971 2991 autem
1026 2933 1148 3006 agri
1202 2933 1468 2990 omnium
1521 2933 1620 3005 qui
1668 2933 1823 3005 apud
1873 2933 2047 2987 Indos

391 3028 664 3085 coluntur
695 3023 1060 3086 feracissimi,
1095 3027 1151 3077 et
1180 3022 1259 3077 ibi
1295 3022 1595 3077 haereditas
1627 3022 1889 3077 omnium
1921 3036 2045 3075 ma-

2219 2400 2599 2475 Ὑπεράραντες
2630 2402 2675 2437 ²⁶
2724 2399 2779 2457 δὲ
2834 2408 2932 2458 τοῦ
2990 2403 3149 2478 ὅρους
3206 2402 3389 2458 πεδίον
3450 2424 3608 2478 φασιν
3672 2400 3807 2457 ἰδεῖν

2150 2488 2297 2543 λεῖον
2349 2490 2823 2564 κατατετμημένον
2873 2493 2946 2555 εἰς
2978 2494 3216 2571 τάφρους
3263 2493 3503 2565 πλήρεις
3552 2489 3755 2552 ῧδτῑτῡς
3788 2509 3798 2521 ’

2154 2579 2287 2632 εἶναι
2328 2577 2384 2633 δὲ
2443 2581 2621 2634 αὑτῶν
2677 2583 2772 2643 τὰς
2819 2583 2912 2654 μὲν
2963 2581 3332 2653 ὲπικαρσίους,
3372 2583 3471 2643 τὰς
3532 2577 3589 2635 δὲ
3651 2581 3814 2653 ὀρθὰς

2154 2663 2450 2741 διηγμένας
2484 2669 2542 2723 ἐκ
2572 2673 2666 2724 τοῦ
2698 2674 2949 2742 ποταμοῦ
2978 2676 3075 2726 τοῦ
3118 2672 3355 2745 Γάγγου,
3386 2677 3488 2738 τῆς
3528 2690 3589 2723 τε
3617 2669 3814 2744 χώρας

2154 2758 2276 2830 ὅρια
2315 2756 2498 2828 οὔσας,
2530 2764 2647 2821 τοῖς
2695 2781 2751 2814 τε
2782 2758 2991 2821 πεδίοις
3034 2761 3392 2835 ἐπαγομένας,
3438 2760 3604 2813 ὁπότε
3656 2762 3692 2827 ἡ
3744 2765 3810 2830 γῆ

2155 2844 2360 2919 διψῴη·
2410 2849 2518 2916 Τὴν
2571 2846 2627 2903 δὲ
2674 2855 2774 2923 γῆν
2823 2850 3026 2919 ταύτην
3058 2850 3285 2923 ἀριστην
3336 2850 3465 2923 φασὶ
3495 2855 3596 2916 τῆς
3649 2846 3809 2901 Ἰνδι-

2156 2946 2257 3008 κῆς
2298 2939 2453 3007 εἶναι,
2505 2938 2596 2992 καὶ
2639 2939 2899 3012 μεγίστην
2939 2944 3047 2994 τῶν
3093 2942 3204 2993 ἐκεῖ
3252 2937 3480 3011 λήξεων,
3526 2936 3806 2992 πεντεκαί-

2158 3026 2283 3082 δεκα
2315 3030 2538 3100 ἡμερῶν
2581 3024 2711 3081 ὁδοῦ
2759 3035 2935 3099 μῆκος
2976 3026 3065 3081 ἐπὶ
3112 3028 3202 3081 τὸν
3256 3026 3493 3103 Γάγγην,
3538 3026 3815 3079 ὀκτωκαί-

391 3118 547 3173 xime
578 3115 788 3185 Opima.
812 3112 1182 3167 Protenditur
1212 3112 1364 3165 enim
1392 3111 1449 3164 in
1473 3110 1894 3183 longitudinem
1921 3108 2042 3163 die-

2158 3114 2284 3171 δεκα
2316 3113 2371 3169 δὲ
2409 3115 2516 3170 ἀπὸ
2567 3116 2845 3186 Θαλάσσης
2888 3115 2973 3171 ἐπὶ
3023 3117 3082 3169 τὸ
3122 3120 3230 3171 τῶν
3282 3118 3536 3184 πιθήκων
3568 3115 3728 3189 ὅρος,
3773 3114 3817 3184 ᾧ

392 3221 519 3260 rum
556 3202 852 3274 quidecim
887 3218 1056 3256 secus
1079 3202 1329 3269 Gangem
1362 3200 1819 3264 ambulantibus,
1844 3199 2047 3253 decem

396 3301 588 3349 autem
626 3295 682 3345 et
712 3294 839 3345 octo
872 3304 901 3343 e
935 3288 1077 3344 mari
1115 3289 1184 3342 ad
1218 3294 1477 3342 montem
1509 3304 1694 3357 usque
1742 3288 2046 3342 simiarum

398 3385 576 3455 patet,
611 3378 703 3434 cui
737 3378 1007 3449 planities
1051 3394 1212 3447 aaqua
1257 3377 1600 3431 extenditur.
1636 3377 1815 3431 Terra
1854 3380 2047 3431 autem

399 3467 592 3527 colore
650 3468 816 3537 nigra
862 3473 967 3533 est,
1002 3471 1058 3522 et
1112 3469 1345 3537 frugum
1402 3466 1666 3520 omnium
1729 3467 1906 3531 ferax,
1951 3464 2047 3518 ubi

406 3559 617 3630 spicas,
652 3554 1005 3612 arundinum
1052 3554 1255 3621 instar,
1301 3554 1557 3625 conspici
1609 3554 1833 3609 dicunt.
1869 3553 2051 3608 Fahas

402 3653 596 3707 autem
624 3644 799 3717 triplo
828 3646 1078 3715 majores
1106 3643 1176 3697 iis
1207 3660 1332 3715 quae
1362 3645 1418 3699 in
1441 3645 1683 3715 .‘Egypto
1710 3650 2049 3698 nascuntur.

410 3739 717 3795 Sesamum
752 3750 983 3806 quoque
1016 3734 1289 3804 proferre,
1320 3739 1375 3789 et
1407 3732 1638 3788 milium
1672 3732 1894 3787 eximiae
1932 3747 2051 3784 ma-

411 3826 762 3901 gnitudinis.
796 3824 1081 3878 Praeterea
1130 3839 1306 3878 nuces
1356 3822 1566 3878 iisdem
1600 3822 1658 3877 in
1702 3822 1845 3877 locis
1895 3819 2054 3875 nasci

413 3916 736 3987 perhibent.
769 3912 928 3967 Viles
976 3915 1173 3966 autem
1219 3927 1405 3981 parvae
1456 3912 1796 3979 admodum,
1830 3912 2055 3980 quantae

414 4005 563 4075 apud
598 4003 845 4059 Maeones
875 4001 1177 4073 Lydosque
1216 3999 1298 4055 ibi
1345 4006 1687 4056 nascuntur.
1724 3999 1937 4053 Vinum
1970 4002 2055 4051 ta-

412 4111 544 4151 men
599 4109 667 4148 ex
716 4091 837 4146 illis
868 4104 1234 4159 expressum,
1270 4089 1465 4145 326a
1496 4094 1735 4162 gustatu
1788 4094 1843 4144 et
1887 4089 2057 4142 odore

403 4181 905 4255 jucundissimum
930 4194 1053 4235 esse
1075 4179 1260 4233 aiunt.
1285 4178 1468 4233 Aliam
1494 4183 1769 4248 praeterea
1794 4176 2056 4231 arborem

409 4272 528 4328 illic
572 4270 816 4326 inveniri
860 4268 943 4323 ait
999 4266 1162 4322 lauro
1221 4266 1515 4322 similem:
1551 4284 1677 4339 quae
1730 4264 2057 4321 folliculum

2156 3205 2573 3277 ξυμπαραττίνει
2624 3201 2813 3266 πεδίας
2846 3208 2911 3261 ²⁷.
2963 3202 3201 3259 Μέλαινα
3246 3211 3388 3259 πᾶσα
3430 3207 3465 3272 ἡ
3514 3205 3682 3278 χώρα
3728 3203 3817 3256 καὶ

2158 3294 2367 3347 πάντων
2421 3290 2649 3368 εὔφορος
2682 3312 2694 3323 ·
2745 3291 2873 3347 ἰδεῖν
2911 3294 3006 3365 μὲν
3055 3294 3158 3367 γὰρ
3218 3294 3458 3367 στάχυας
3503 3294 3819 3350 ἀνεστῶτας

2160 3382 2283 3437 ὅσον
2336 3383 2387 3435 οἱ
2437 3379 2677 3442 δόνακες.
2722 3382 2854 3438 ἰδεῖν
2911 3380 2967 3437 δὲ
3006 3384 3249 3455 κυάμους
3296 3380 3661 3456 τριπλασίους
3709 3385 3815 3434 τῶν

2160 3472 2470 3547 Αἰγυπτίων
2523 3472 2585 3525 τὸ
2646 3472 2893 3546 μέγεθος,
2965 3472 3212 3544 σήσαμόν
3272 3492 3330 3526 τε
3385 3470 3478 3525 καὶ
3546 3472 3817 3545 κέγχρον,

2164 3561 2407 3638 ὑπερφυᾶ
2463 3562 2655 3625 πάντα,
2717 3563 2800 3615 καὶ
2856 3564 2922 3615 τὰ
2969 3562 3140 3634 κάρυα
3210 3560 3435 3639 φύεσθαί
3494 3580 3649 3635 φασι.
3713 3559 3820 3619 Τὰς

2164 3646 2219 3702 δὲ
2273 3646 2555 3719 ἀμπέλους
2608 3646 2832 3725 φύεσθαι
2896 3651 3115 3723 μικράς,
3173 3648 3411 3721 καθάπερ
3472 3644 3671 3701 Λυδῶν
3732 3644 3823 3699 καὶ

2163 3736 2440 3801 Μαιόνων,
2495 3736 2765 3809 ποτίμους
2797 3739 2841 3774 ²⁸
2899 3735 2956 3791 δὲ
3003 3739 3141 3792 εἶναι
3198 3737 3288 3791 καὶ
3327 3736 3627 3807 ἀνθοσμίας
3679 3734 3822 3804 ὁμοῦ

2163 3824 2241 3897 τῷ
2284 3826 2609 3901 ἀποτρυγᾶν.
2646 3827 2905 3881 Ἐνταῦθα
2935 3828 3024 3882 καὶ
3065 3824 3271 3901 δένδρῳ
3322 3825 3487 3905 φησὶν
3520 3823 3822 3897 ἐντετυχη-

2166 3918 2313 3969 κέναι
2340 3916 2686 3988 προσεοικότι
2717 3920 2785 3989 τῇ
2819 3919 2943 3990 [532
2977 3918 3069 3988 H.]
3121 3914 3322 3991 δάφνῃ,
3355 3915 3578 3991 φύεσθαι
3611 3911 3672 3967 δὲ
3724 3911 3821 3966 αῦ-

2165 4008 2261 4058 τοῦ
2305 4002 2515 4058 κάλυκα
2567 4005 2885 4079 εἰκασμένην
2937 4010 3003 4079 τῇ
3049 4007 3281 4081 μεγίστῃ
3332 4005 3453 4078 ῥοᾷ,
3495 4003 3586 4056 καὶ
3633 4000 3817 4074 μῆλον

2168 4092 2441 4167 ἐγκεῖσθαι
2473 4097 2541 4166 τῇ
2592 4095 2791 4149 κάλυκι
2839 4096 3061 4149 κυάνεον
3116 4096 3211 4168 μὲν
3265 4095 3445 4166 ὥσπερ
3483 4096 3593 4146 τῶν
3645 4090 3825 4145 ὑακίν-

2168 4188 2275 4310 ξων
2317 4187 2369 4239 αἱ
2426 4185 2613 4258 καλαί,
2647 4188 2862 4244 πάντων
2923 4186 2978 4243 δὲ
3034 4185 3259 4257 ἥδιστον
3314 4186 3488 4240 ὁπόσα
3548 4185 3598 4253 ἐξ
3659 4185 3819 4256 ὡρῶν

2199 4277 2315 4310 ικει.

2197 4277 2315 4325 λκει.

410 4361 545 4417 mali
580 4359 783 4415 Punici
816 4357 1220 4430 magnitudine
1252 4359 1487 4428 profert.
1522 4358 1799 4414 Folliculo
1850 4363 2043 4411 autem
2095 4364 2333 4423 pomum
2384 4352 2533 4407 inest
2580 4352 2772 4409 colore
2818 4353 3153 4422 caeruleum,
3185 4368 3252 4408 ac
3286 4350 3461 4406 veluti
3494 4347 3825 4420 pulcherri-

416 4468 539 4507 mus
567 4448 917 4521 hyacinthus
945 4465 957 4502 :
991 4448 1405 4503 suavissimum
1442 4465 1574 4503 vero
1606 4449 1892 4514 omnium,
1925 4460 2046 4515 quae
2079 4445 2200 4495 toto
2232 4458 2383 4497 anno
2418 4450 2750 4500 nascantur.

485 4541 632 4595 Cum
681 4544 876 4594 autem
909 4554 939 4592 e
981 4543 1177 4593 monte
1220 4538 1656 4605 descenderent,
1709 4539 2057 4595 invenerunt
2091 4535 2140 4596 D

412 4632 732 4688 draconum
782 4627 1170 4683 venationem.
1204 4627 1407 4683 Omnis
1455 4627 1611 4682 enim
1666 4626 1841 4681 Indiae
1900 4626 2057 4697 regio

414 4717 771 4776 draconibus
801 4716 1078 4784 abundat,
1103 4725 1156 4771 et
1180 4716 1549 4771 multitudine
1571 4722 1628 4771 et
1652 4716 2061 4787 magnitudine

413 4809 719 4867 mirandis.
737 4809 934 4878 Itaque
957 4805 1195 4877 paludes
1216 4806 1419 4878 plenae,
1438 4804 1589 4874 pleni
1613 4809 1863 4871 montes,
1880 4819 2062 4874 neque

413 4898 672 4957 tumulus
703 4897 776 4952 iis
807 4912 1022 4952 vacuus
1050 4895 1353 4967 reperitur.
1389 4893 1601 4948 Verum
1633 4893 1925 4963 palustres
1971 4893 2061 4965 pi-

409 4992 497 5062 gri
521 4988 816 5060 tardique,
838 4990 1091 5057 suntque
1114 4984 1475 5053 longitudine
1498 4982 1827 5038 cubitorum
1856 4982 2031 5053 trigin
2048 5012 2063 5023 -

406 5085 485 5147 ta,
515 5085 572 5134 et
605 5079 696 5132 vix
731 5082 909 5146 caput
938 5072 1270 5129 attollentes
1300 5089 1312 5126 :
1342 5077 1482 5128 sunt
1533 5089 1665 5127 vero
1713 5071 2065 5126 draconibus

402 5166 645 5221 feminis
677 5165 929 5231 similes,
955 5169 1009 5218 et
1041 5168 1197 5231 terga
1230 5163 1511 5217 habentes
1546 5160 1847 5233 subnigra,
1883 5166 1938 5215 et
1968 5178 2069 5215 cae-

408 5256 543 5334 teris
575 5256 775 5309 minus
809 5270 1149 5325 squamosa.
1183 5256 1548 5323 Campestres
1580 5250 1936 5321 palustribus
1970 5267 2071 5322 per

482 5364 535 5393 ιιν
568 5350 876 5423 Horapollo
907 5351 1009 5408 lib.
1041 5367 1104 5417 ιι,
1139 5367 1262 5420 cap.
1294 5350 1388 5404 76.

2252 4526 2673 4593 Καταϐαίνοντες
2706 4533 2752 4570 π
2783 4529 2839 4587 δὲ
2870 4532 2933 4587 τὸ
2973 4530 3098 4606 ὅρος
3132 4529 3439 4604 δρακόντων
3488 4528 3631 4602 θήρᾳ
3670 4546 3823 4597 περι.

2172 4632 2357 4702 τυχεῖν
2393 4640 2562 4701 φασι·
2624 4620 2933 4695 δρακόντων
2971 4622 3064 4695 μὶν
3124 4622 3228 4696 γὰρ
3282 4617 3351 4686 δὴ
3406 4617 3645 4692 ἀπείροις
3702 4618 3818 4685 μή-

2172 4738 2286 4772 κεσι
2337 4712 2621 4782 διέζωσται
2658 4716 2804 4765 πᾶσα
2834 4712 2867 4777 ἡ
2920 4706 3119 4776 Ἰνδική
3171 4708 3352 4786 χώρα,
3385 4706 3476 4760 καὶ
3520 4705 3682 4777 μεστὰ
3725 4703 3823 4774 μὲν

2175 4807 2349 4862 αὐτῶν
2379 4801 2508 4872 ἕλη,
2553 4800 2719 4871 μεστὰ
2769 4796 2826 4855 δὲ
2857 4798 2985 4874 ὅρη,
3014 4800 3167 4859 κενὸς
3209 4794 3265 4851 δὲ
3314 4792 3495 4855 οὐδεὶς
3536 4794 3729 4869 λόφος.
3762 4793 3828 4846 Ο”ι

2180 4897 2271 4970 μὲν
2326 4892 2392 4962 δὴ
2441 4889 2613 4946 ἕλειοι
2658 4888 2856 4963 νωθροί
2908 4888 2966 4942 τέ
3014 4885 3115 4942 εἰσι
3165 4885 3254 4941 καί
3308 4884 3754 4959 τριακοντάπηχυ
3784 4880 3833 4915 ⁸⁵

2185 4992 2359 5060 μῆκος
2392 4976 2602 5058 ἔχουσι,
2635 4978 2722 5033 καὶ
2771 4977 2967 5052 κράνος
2999 4976 3184 5038 αὐταῖς
3216 4974 3317 5030 οὐκ
3355 4974 3671 5044 ἀνέστηκεν,
3701 4969 3831 5025 ἀλλ’

2181 5074 2284 5129 εἰσὶ
2324 5076 2441 5131 ταῖς
2494 5067 2803 5143 δρακαίναις
2858 5066 3069 5139 ὅμοιοι,
3104 5064 3330 5138 μέλανες
3380 5061 3437 5117 δὲ
3487 5063 3687 5121 ἱκανῶς
3734 5061 3829 5113 τὸν

2179 5166 2379 5228 νῶτον,
2406 5160 2497 5215 καὶ
2527 5162 2688 5227 ἧττον
2721 5153 3019 5233 φολιδωτοὶ
3050 5160 3157 5210 τῶν
3197 5151 3405 5209 ἄλλων.
3450 5153 3518 5208 Οἱ
3550 5148 3608 5204 δὲ
3635 5152 3679 5187 ³¹
3730 5168 3829 5203 πε-

2182 5251 2322 5308 δινοὶ
2353 5249 2737 5305 πλεονεκτοῦσι
2789 5250 2899 5300 τῶν
2953 5243 3143 5300 ἑλείων
3198 5243 3366 5297 πάντα
3399 5261 3411 5272 ο
3474 5238 3565 5294 καὶ
3620 5242 3722 5314 γαρ
3772 5234 3827 5295 ἐξ

1790 5457 2029 5514 VARI/E
2066 5457 2479 5517 LEGTIONES.

1062 5565 1107 5598 ³⁸
1137 5559 1429 5636 πιπερίδας
1462 5566 1522 5620 Α.

415 5636 465 5672 ³⁸
494 5627 713 5708 καταϐ.]
750 5627 834 5702 ni,
865 5635 915 5689 6.

1600 5565 1643 5599 ²⁶
1672 5563 1774 5618 κάκ
1801 5567 1845 5621 Λ
1879 5582 1891 5620 :
1925 5562 1983 5617 ἐκ
2169 5567 2214 5601 ²⁶
2243 5563 2497 5639 ὑπεράρ.]
2531 5582 2616 5639 n_1,
2648 5565 2702 5617 5.

998 5635 1045 5669 δ’)
1072 5635 1531 5710 τριακοντάπηχυ
1562 5643 1600 5692 Β
1631 5642 1687 5695 et
1715 5654 1862 5694 corr.
1894 5639 1940 5694 A
1960 5655 1979 5694 :
2008 5635 2497 5712 τριακοντάπηχξον

2781 5560 2825 5596 ²⁷
2853 5556 3009 5615 πεδία
3038 5562 3143 5615 ΑΒ.

3221 5556 3266 5591 ²⁸
3296 5552 3606 5629 ποταμίους
3639 5572 3723 5627 pr.
3759 5562 3822 5608 Α.

2699 5634 2743 5670 ³1
2776 5635 2827 5687 ot
2861 5629 2937 5708 δὲ]
2970 5649 3056 5703 ιιι,
3085 5632 3141 5687 7.
