4100 6242
449 359 606 418 1223

1658 349 1922 412 PHOTII
1965 350 2413 412 PATRIARCH
2427 353 2496 410 [Ε
2538 354 2654 412 CP.

3712 361 3855 419 1224

450 507 560 546 nus
603 491 879 546 crederet.
922 487 1176 558 Impium
1221 487 1431 557 dogma
1467 485 1536 540 de
1583 483 2087 555 transmigratione

2208 479 2385 545 οὐδεὶς
2441 487 2546 537 τῶν
2611 487 2735 538 νοῦν
2794 484 3035 561 ἐχόντων
3093 488 3413 544 πιστεύσειε.
3466 490 3534 544 Τὸ
3587 488 3647 545 δὲ
3674 492 3720 527 ⁵³
3766 499 3854 560 τῆς

454 581 786 636 animarum
821 594 918 650 per
951 575 1245 648 Egyptios
1277 575 1347 630 ad
1380 574 1767 646 Pythagoram
1812 573 1946 629 hinc
1975 589 2102 629 cre-

454 670 600 724 dunt
630 683 953 724 emanasse.
973 666 1179 722 Comas
1207 671 1400 720 autem
1435 664 1720 728 nutriunt,
1741 663 1891 718 sicut
1912 679 2102 735 quon-

454 758 586 811 dam
619 755 1056 824 Lacedaemonii,
1080 759 1134 808 et
1155 755 1356 809 Thurii
1383 769 1394 819 ;
1419 753 1619 808 vittam
1646 767 1879 824 quoque
1911 751 2099 807 albam

452 845 913 910 circumdabant,
939 848 996 899 et
1018 843 1191 897 nudis
1215 843 1456 909 pedibus
1479 841 1879 897 ambulabant.
1904 840 2100 895 Vestis

454 938 647 988 autem
679 949 878 988 eorum
904 933 961 986 in
986 931 1487 1004 superhumeralis
1512 931 1757 986 formam
1783 929 2101 1001 composita

450 1027 558 1078 est.
594 1023 783 1092 Ipsius
815 1021 1057 1077 materia
1091 1023 1304 1092 lanugo
1336 1026 1443 1086 est,
1479 1037 1604 1090 quas
1655 1025 1861 1090 sponte
1901 1035 2006 1074 sua
2039 1018 2098 1072 in

449 1109 572 1167 illis
604 1113 747 1168 locis
780 1114 1006 1176 crescit,
1032 1112 1159 1166 alba
1189 1110 1442 1180 quidem,
1467 1109 1643 1165 veluti
1676 1126 1801 1180 quae
1833 1109 1890 1164 in
1923 1109 2099 1164 Pam-

451 1203 649 1280 phylia
681 1203 955 1260 nascitur.
993 1203 1072 1256 Ex
1121 1218 1187 1256 ea
1217 1217 1442 1256 sacram
1490 1204 1714 1256 vestem
1765 1199 2096 1263 coniiciunt,

453 1295 590 1367 quia
640 1292 874 1349 mollior
919 1297 1027 1358 est,
1064 1309 1096 1346 a
1126 1291 1266 1347 solis
1296 1306 1326 1346 θ
1358 1298 1506 1346 terra
1555 1289 1808 1346 vellitur.
1854 1289 2097 1345 Gestant

461 1383 745 1441 annulum
778 1391 830 1438 et
861 1382 1155 1437 baculum.

522 1559 735 1615 Dicunt
765 1558 1020 1631 lapidem
1045 1559 1389 1629 pantarbem
1417 1557 1650 1613 nomine
1676 1557 1857 1624 nasci,
1881 1558 2099 1630 magni-

455 1649 658 1704 tudine
698 1648 912 1718 unguis
943 1649 1038 1718 qui
1070 1647 1133 1702 in
1164 1646 1390 1718 pollice.
1418 1646 1690 1719 Gignitur
1710 1663 1842 1703 vero
1876 1647 1934 1703 in
1967 1665 2097 1703 con-

455 1738 611 1794 cavis
636 1748 816 1803 terrea,
844 1736 1527 1808 profunditatejugerum
1552 1741 1819 1807 quatuor.
1844 1737 2092 1792 Tantum

2185 1189 2390 1259 ⁸ὥσπερ
2421 1193 2483 1246 τὸ
2533 1193 2872 1270 Παμφύλων,
2924 1195 3314 1271 μαλακώτερον
3344 1195 3401 1252 δὲ
3434 1216 3447 1228 '

2216 573 2698 650 μετεμψυχώσεως
2765 571 3060 647 βδελυκτὸν
3123 573 3300 650 δόγμα
3369 577 3571 634 ἐκεῖθεν
3632 577 3702 632 δι’
3759 582 3855 637 Αἰ-

2212 657 2453 732 γυπτίων
2489 658 2685 733 ἔφασαν
2716 661 2806 714 καὶ
2842 663 3130 738 Πυθαγόρα
3163 663 3423 738 ἐνσκῆψαι
3448 667 3517 723 ⁵⁴.
3561 672 3784 740 Κομῶσι
3813 671 3854 704 ⁸⁵

2213 745 2268 801 δὲ
2327 749 2475 803 οὗτοι
2537 751 2587 802 οἱ
2649 748 2830 818 Ἰνδοὶ,
2894 751 3073 825 ὥσπερ
3108 754 3156 790 ⁵⁸
3215 753 3636 828 Λακεδαιμόνιοι
3691 758 3849 812 πάλαι

2211 837 2298 890 καὶ
2375 839 2617 912 Θούριοι,
2700 840 2893 915 μίτραν
2962 863 3020 896 τε
3086 839 3408 899 ἀναδοῦνται
3488 844 3713 914 λευκήν,
3770 849 3849 900 καὶ

2211 927 2416 999 γυμνὸν
2468 927 2655 990 αὐτοῖς
2711 925 2969 1001 βάδισμα.
3010 932 3110 985 Καὶ
3163 934 3262 1001 τήν
3306 931 3501 1001 ἐσθῆτα
3550 934 3846 1008 ἐσχηματίς

2212 1019 2368 1083 ζοντο
2417 1017 2802 1090 παραπλήσιον
2833 1018 2882 1052 ⁵⁷
2927 1023 3046 1081 ταῖς
3079 1018 3356 1092 ἐξωμίσιν.
3403 1026 3462 1076 Ἠ
3498 1019 3554 1076 δὲ
3605 1022 3711 1091 ὕλη
3760 1030 3852 1091 τῆς

2212 1101 2458 1171 ἐσθῆτος,
2517 1099 2658 1177 ἔριον
2734 1106 2997 1184 αὐτοφυὲς
3056 1112 3091 1178 ἡ
3154 1115 3225 1184 γῆ
3303 1110 3445 1185 φύει,
3505 1108 3699 1164 λευκὸν
3759 1113 3849 1183 μὶν

3498 1203 3660 1254 τοῦτο
3706 1200 3843 1273 ἱερὰν

2211 1277 2408 1349 ἐσθῆτα
2436 1286 2740 1349 ποιοῦνται,
2791 1286 2955 1356 [1005
3003 1287 3096 1358 3.]
3126 1286 3215 1340 καὶ
3268 1287 3460 1358 μόνοις
3498 1288 3686 1349 αὐτοῖς
3732 1291 3852 1343 ανα-

2211 1375 2405 1424 σπᾶται
2465 1377 2565 1438 τῆς
2618 1375 2738 1445 γῆς.
2809 1377 3048 1442 Φοροῦσι
3120 1373 3175 1428 δὲ
3242 1377 3329 1430 καὶ
3409 1374 3701 1432 δακτύλιον
3769 1380 3857 1432 καὶ

2225 1459 2237 1478 ι
2263 1454 2346 1482 ιρκ

2212 1477 2436 1534 ραοοον.

2279 1551 2400 1605 Ὅτι
2434 1550 2482 1585 ⁸⁸
2528 1550 2681 1605 λίθον
2733 1555 2866 1628 φησὶ
2897 1553 2965 1622 ⁵⁸,
3013 1547 3324 1627 παντάρϐην
3386 1552 3578 1628 ὄνομα,
3624 1558 3854 1630 γίνεσθαι

2206 1642 2304 1708 τὴν
2337 1641 2599 1716 μεγίστην
2640 1644 2776 1698 κατὰ
2808 1639 2978 1718 ὄνυχα
3019 1641 3293 1700 δακτύλου
3320 1651 3417 1701 τοὺ
3447 1649 3493 1684 ⁶⁰
3528 1647 3851 1722 ἀντίχειρος·

2205 1727 2512 1784 κυΐσκεσθαι
2564 1729 2618 1785 δὲ
2666 1729 2833 1801 αὑτήν
2886 1730 2940 1786 ἐν
2991 1739 3064 1808 γῇ
3113 1737 3153 1770 ⁶¹
3206 1733 3392 1806 κοίλῃ,
3442 1737 3611 1809 βάθος
3669 1724 3854 1810 ὁργυαῖ

453 1843 584 1882 vero
616 1826 729 1897 ipsi
762 1825 1005 1896 spiritus
1037 1825 1208 1891 inest,
1235 1829 1300 1878 ut
1347 1825 1720 1895 intumescat,
1763 1830 1819 1880 et
1853 1825 2087 1896 plerum

2212 1821 2482 1893 τέσσαρες.
2516 1825 2779 1875 Τοσοῦτον
2813 1818 2870 1875 δὲ
2917 1822 3052 1895 αὐτῇ
3084 1829 3346 1897 περιεῖναι
3377 1829 3474 1879 τοῦ
3527 1826 3857 1898 πνεύματος,

453 1932 564 1987 que
595 1915 900 1970 scindatur
928 1920 1102 1982 terra,
1129 1915 1228 1970 ubi
1257 1915 1545 1984 ejusmodi
1575 1914 1722 1984 lapis
1755 1915 2095 1985 concipitur.

455 2005 709 2061 Evellere
738 2009 934 2060 autem
978 2005 1166 2075 ipsum
1211 2005 1430 2059 nemini
1473 2003 1625 2069 licet,
1660 2004 1772 2058 nisi
1823 2004 1922 2074 qui
1973 2005 2098 2074 ejus

455 2096 533 2149 sit
581 2094 760 2148 sacris
807 2093 999 2148 827a
1036 2092 1338 2148 initiatus:
1373 2092 1473 2163 qui
1522 2100 1690 2147 noctu
1741 2093 1894 2147 diem
1947 2093 2098 2149 velut

455 2179 608 2250 ignis
636 2179 913 2249 ostendit,
933 2181 1205 2250 quoniam
1232 2179 1440 2250 igneus
1461 2183 1550 2234 est
1581 2195 1644 2233 ac
1677 2178 1944 2234 radiosus
1969 2195 1981 2232 :
2006 2179 2093 2234 sin

452 2285 586 2325 vero
616 2269 918 2341 postdiem
944 2267 1624 2339 aspiciatur,innumeris
1657 2266 2093 2323 rutilationibus

451 2359 650 2415 oculos
679 2358 833 2414 ferit.
868 2358 926 2412 Id
963 2366 1153 2413 autem
1189 2358 1340 2428 quod
1375 2357 1430 2411 in
1465 2357 1592 2428 ipso
1639 2355 1838 2412 lumen
1889 2357 2090 2429 fulget,

452 2449 693 2520 spiritus
721 2453 808 2502 est
840 2446 1106 2519 potentia
1156 2446 1414 2502 occultae.
1452 2447 1691 2518 Lapides
1726 2447 1882 2502 enim
1923 2464 2090 2518 spar-

449 2538 554 2592 sim
582 2537 784 2607 jectat,
809 2541 866 2590 et
895 2535 953 2591 in
986 2550 1142 2590 mare
1175 2535 1409 2590 condit:
1436 2535 1809 2606 postmodum
1843 2552 1974 2591 vero
1999 2535 2090 2592 hic

444 2626 594 2698 lapis
623 2626 692 2681 ad
722 2642 816 2680 eos
839 2625 1142 2690 dimissus,
1169 2624 1583 2680 distributione
1605 2624 1694 2679 sui
1715 2625 1951 2696 spiritus
1973 2625 2086 2681 col-

440 2715 589 2788 ligit,
639 2714 719 2770 ita
768 2720 832 2769 ut
881 2713 1197 2770 coacervati
1250 2713 1470 2784 lapides
1514 2719 1796 2786 tanquam
1845 2731 2085 2770 examen

441 2821 617 2877 apum
651 2805 735 2860 illi
767 2804 1126 2875 subiaceant.
1151 2803 1296 2868 Quin
1321 2803 1495 2859 etiam
1529 2803 1686 2858 addit
1716 2803 1812 2858 ille
1845 2809 2090 2874 nugator

443 2894 854 2962 Philostratus,
888 2895 1008 2950 haec
1042 2893 1302 2949 Iarcham
1335 2892 1633 2962 Apollonio
1663 2893 1898 2960 dixisse,
1922 2899 1976 2948 et
2006 2893 2086 2948 la-

443 2985 633 3055 pidem
668 2983 753 3038 illi
785 2984 1131 3048 ostendisse,
1164 2988 1220 3038 et
1249 2999 1452 3038 omnes
1483 2982 1606 3054 ejus
1638 2983 1948 3054 potentias.

507 3169 808 3236 Pygmzeos
853 3167 1042 3218 autem
1099 3163 1205 3218 sub
1257 3167 1411 3218 terra
1457 3163 1734 3234 degentes
1773 3164 1853 3220 ait
1901 3181 2082 3235 supra
2114 3132 2156 3196 Ο

438 3255 697 3326 Gangem
731 3253 920 3324 posita
949 3253 1074 3308 loca
1104 3253 1373 3322 incolere,
1400 3260 1456 3308 et
1479 3255 1628 3308 sicut
1655 3255 1810 3310 fama
1841 3257 1911 3310 de
1944 3257 2086 3327 ipsis

437 3343 715 3416 praedicat
745 3343 954 3398 vivere.
980 3343 1291 3410 Sciapodes
1319 3358 1448 3397 vero
1472 3342 1549 3413 [id
1575 3348 1683 3410 est,
1707 3346 1800 3413 qui
1821 3345 1930 3399 sibi
1960 3361 2080 3398 um-

441 3434 602 3488 bram
651 3431 879 3503 pedibus
924 3431 1144 3503 parant]
1176 3437 1230 3486 et
1263 3433 1753 3502 macrocephalos,
1786 3438 1840 3487 et
1872 3433 2078 3503 hujus-

442 3521 596 3578 modi
648 3528 906 3576 monstra
954 3525 1323 3592 quotcunque
1372 3520 1624 3592 Scylacis
1667 3522 1779 3594 (93)
1828 3523 2079 3578 historiae

440 3613 772 3674 decantant,
806 3626 912 3666 nec
941 3611 1088 3680 apud
1124 3610 1316 3678 Indos,
1351 3626 1456 3666 nec
1490 3609 1628 3665 alini
1659 3616 1944 3667 terrarum
1984 3630 2079 3668 us-

435 3718 613 3775 quam
643 3702 828 3756 vivere
859 3715 1082 3756 censeo.
1115 3702 1336 3755 Aurum
1364 3717 1498 3755 vero
1531 3702 1680 3770 quod
1715 3701 1964 3774 gryphes
1996 3704 2078 3758 ef-

436 3790 631 3846 fodere
662 3790 959 3855 dicuntur,
990 3793 1167 3861 petrae
1198 3793 1340 3844 sunt
1369 3790 1562 3845 aureis
1591 3793 1772 3861 guttis
1807 3791 2078 3847 minutis-

433 3880 598 3936 simis
629 3896 980 3951 conspersae,
1015 3896 1159 3951 quas
1208 3879 1332 3936 haec
1385 3881 1502 3935 fera
1553 3885 1737 3936 rostro
1782 3881 2076 3936 discindit.

433 3973 578 4024 Sunt
625 3969 780 4024 enim
821 3967 1164 4040 hujusmodi
1200 3985 1334 4024 aves
1367 3969 1424 4024 in
1457 3969 1638 4036 India,
1675 3971 2080 4041 magnitudine

431 4064 628 4115 autem
651 4064 708 4114 et
729 4058 952 4114 viribus
984 4058 1245 4114 leonibus
1276 4067 1535 4130 pares,et
1556 4059 1780 4116 alarum
1815 4060 2078 4130 praesidio

436 4149 494 4204 in
525 4148 742 4214 leones,
775 4147 1134 4218 elephantos,
1165 4157 1219 4202 et
1258 4149 1538 4204 dracones
1589 4148 1871 4215 involant,
1903 4167 2080 4220 supe-

433 4237 734 4308 rioresque
764 4237 1034 4292 evadunt.
1067 4235 1274 4291 Volant
1299 4243 1490 4292 autem
1527 4253 1640 4292 non
1673 4237 1950 4304 multum,
1974 4239 2076 4293 sed

431 4335 712 4398 quantum
763 4325 1013 4398 parvulae
1064 4343 1211 4381 aves.
1245 4328 1368 4380 Non
1401 4327 1556 4381 enim
1601 4332 1863 4398 pennata:
1914 4333 2071 4398 sunt,

2208 1909 2281 1971 ὡς
2344 1907 2585 1965 ὑποιδεῖν
2643 1912 2740 1980 τήν
2798 1919 2899 1988 γῆν
2959 1913 3049 1966 καὶ
3108 1915 3244 1967 κατὰ
3318 1913 3505 1969 πολλᾶ
3560 1916 3858 1991 ῥήγνυσθαι

2206 1998 2564 2071 κυῖσκομένης
2615 1998 2666 2054 ἐν
2719 2000 2854 2074 αὐτῇ
2905 2009 3007 2071 τῆς
3067 2001 3247 2058 λίθου.
3299 2003 3378 2059 Οὐ
3427 2007 3556 2058 πᾶσι
3621 2003 3678 2060 δὲ
3732 2006 3855 2060 ἀνα-

2206 2089 2459 2151 σπᾶσθαι,
2493 2087 2640 2144 ἀλλᾶ
2676 2095 2794 2152 τοῖς
2843 2091 2937 2152 τὰς
2987 2090 3070 2146 ἐπ’
3103 2091 3238 2165 αὐτῇ
3285 2095 3509 2154 τελετὰς
3555 2093 3850 2168 ἐπισταμέ-

2203 2198 2339 2238 νοις.
2398 2179 2545 2246 Αὕτη
2596 2179 2808 2250 νύκτωρ
2869 2181 2962 2252 μὲν
3021 2182 3231 2255 ἡμέραν
3281 2181 3553 2258 ἀναφαίνει
3614 2186 3851 2258 καθάπερ

2203 2268 2264 2322 τὸ
2295 2272 2400 2343 πῦρ
2446 2268 2579 2342 (ἔστι
2619 2271 2725 2344 γὰρ
2772 2271 2950 2342 πυρσὴ
2995 2270 3085 2324 καὶ
3135 2267 3456 2340 ἀκτινώδης)
3495 2291 3507 2303 ο
3558 2274 3602 2324 εἰ
3645 2269 3701 2326 δὲ
3737 2274 3859 2346 μεθ’

2201 2358 2408 2430 ἡμέραν
2442 2359 2640 2431 ὁρῷτο,
2678 2357 2873 2432 βάλλει
2915 2358 3038 2420 τοὺς
3092 2358 3417 2438 ὀφθαλμοὺς
3468 2369 3848 2437 μαρμαρυγαῖς

2205 2446 2445 2522 μυρίαις.
2477 2449 2546 2502 Τὸ
2579 2444 2637 2501 δὶ
2669 2447 2722 2502 ἐν
2752 2448 2887 2520 αὐτῇ
2931 2452 3047 2521 φῶς
3076 2449 3290 2520 πνεῦμά
3330 2447 3474 2502 ἐστιν
3523 2449 3842 2524 ἀπορρήτου

2201 2535 2394 2609 ἰσχύος
2429 2555 2441 2569 -
2488 2536 2678 2598 λίθους
2728 2537 2832 2611 γὰρ
2863 2536 3066 2600 ὁπόσας
3097 2537 3284 2610 βούλει
3323 2539 3413 2592 καὶ
3445 2537 3733 2612 σποράδην
3763 2544 3848 2597 καὶ

2198 2625 2440 2699 θαλάσσῃ
2503 2623 2810 2702 διαρρίψας,
2872 2625 2958 2679 καὶ
3014 2625 3214 2695 ταύτην
3275 2627 3459 2688 αὑταῖς
3519 2631 3850 2700 καθιμήσας,

2198 2712 2484 2790 ξυλλέγοις
2513 2717 2558 2750 ⁶²
2616 2713 2675 2767 ἂν
2723 2715 2893 2776 πάσας
2942 2718 3010 2787 τῇ
3057 2719 3154 2768 τοῦ
3194 2714 3504 2787 πνεύματος
3558 2713 3849 2784 διαδόσει,

2199 2802 2574 2858 ὑποκείσονται
2605 2807 2650 2839 ⁸³
2690 2805 2790 2878 γὰρ
2821 2803 2868 2838 ⁶⁴
2920 2804 3058 2876 αὐτῇ
3096 2801 3357 2878 βοτρυδὸν
3392 2806 3447 2858 αἱ
3479 2804 3652 2872 λίθοι,
3683 2809 3850 2861 καθά-

2197 2912 2296 2966 περ
2335 2899 2564 2966 σμῆνος.
2618 2892 2717 2949 Καί
2770 2914 2932 2971 φησιν
2985 2896 3013 2947 ὁ
3066 2893 3411 2970 μυθογράφος
3461 2894 3624 2955 οὗτος
3675 2895 3847 2950 Φιλό-

2195 3003 2420 3048 στρατος
2477 2985 2552 3046 ὡς
2601 2983 2769 3036 ταῦτα
2826 2982 2990 3036 εἶ’πὼν
3060 2981 3277 3056 Ἰάρχας
3333 2989 3414 3054 τῷ
3479 2983 3846 3058 Ἀπολλωνὶῳ

2195 3066 2358 3141 ἔδειξε
2396 3074 2495 3140 τὴν
2530 3069 2690 3126 λίθον
2725 3071 2892 3138 αὐτὴν
2927 3070 3016 3126 καί
3049 3071 3223 3126 ὁπόσα
3254 3071 3556 3147 ἐργάζεται.

2263 3163 2394 3222 Τοὺς
2424 3165 2468 3198 ⁸⁵
2522 3159 2578 3215 δὲ
2627 3161 2934 3234 πυγμαίους
2985 3161 3148 3237 φησὶν
3191 3161 3356 3216 οίκεῖν
3411 3165 3509 3236 μὲν
3553 3165 3843 3242 ὑπογείους

2191 3253 2396 3305 κεῖσθαι
2431 3249 2487 3305 δὲ
2530 3251 2658 3323 ὑπὲρ
2699 3272 2789 3304 τον
2842 3251 3076 3324 Γάγγην,
3110 3255 3316 3320 ζῶντας
3339 3252 3543 3326 τρόπον
3584 3256 3648 3317 ὃς
3688 3261 3845 3311 πᾶσιν

2193 3339 2422 3412 εἷ’ρηται.
2458 3338 2766 3401 Σκιάποδας
2826 3337 2880 3393 δὲ
2941 3339 3321 3413 ἀνθρώπουςῆ
3387 3344 3843 3423 μακροκεφάλους

2190 3427 2224 3496 ἢ
2268 3430 2440 3483 ὁπόσα
2490 3427 2768 3488 Σκύλακος
2820 3429 3120 3504 ξυγγραφαὶ
3170 3431 3293 3502 περὶ
3335 3430 3544 3486 τούτων
3595 3431 3840 3502 ᾅδουσιν,

2192 3515 2313 3572 οὔτε
2343 3517 2544 3574 ἄλλοσε
2584 3538 2676 3571 ποι
2717 3516 2976 3590 βιοτεύειν
3005 3518 3051 3552 εδ
3091 3521 3192 3582 τῆς
3239 3525 3340 3592 γῆς
3373 3517 3496 3574 οὔτε
3529 3520 3580 3574 ἐν
3629 3522 3838 3584 Ἰνδοῖς.

2189 3611 2306 3661 Ὅτι
2339 3610 2381 3644 ⁸⁷
2417 3608 2602 3684 φησιν,
2643 3610 2744 3664 "Ov
2797 3607 3081 3679 ὀρύττουσι
3135 3609 3337 3681 χρυσὸν
3389 3609 3439 3664 οἱ
3472 3615 3702 3686 γρῦπες,
3751 3615 3840 3667 πέ-

2188 3717 2307 3771 τραι
2368 3696 2498 3752 εἰσὶν
2568 3696 2733 3751 οἱονεὶ
2808 3698 3128 3770 σπινθῆρσιν
3202 3696 3512 3772 ἐστιγμέναι
3570 3708 3692 3763 ταῖς
3748 3708 3839 3758 τού

2189 3791 2397 3862 χρυσοῦ
2431 3787 2655 3861 ῥανίσιν,
2688 3786 2749 3847 ἃς
2779 3786 2824 3821 ⁸⁸
2884 3785 3197 3859 λιθοτομεῖν
3249 3787 3310 3842 τὸ
3354 3789 3546 3862 θηρίον
3581 3795 3745 3846 τοῦτο
3774 3796 3836 3864 τῇ

2189 3881 2284 3930 τοῦ
2327 3877 2576 3952 ῥάμφους
2635 3874 2812 3953 ἰσχύϊ.
2861 3877 2939 3930 Τὰ
2989 3877 3089 3949 γὰρ
3149 3876 3313 3950 θηρία
3366 3881 3534 3932 ταῦτα
3595 3880 3730 3934 εἶναί
3784 3902 3838 3935 τε

2190 3963 2242 4018 ἐν
2297 3962 2508 4032 Ἰνέοῖς,
2553 3963 2640 4018 καὶ
2700 3964 2924 4036 μέγεθος
2970 3964 3057 4016 καὶ
3107 3963 3283 4033 ἀλκήν
3344 3964 3589 4021 εἰκασθαι
3643 3970 3833 4030 αὐτοὺς

2187 4059 2302 4115 τοῖς
2337 4051 2575 4118 λέουσιν,
2631 4053 2735 4106 ὑπὸ
2780 4049 2836 4106 δὲ
2885 4051 3196 4122 πλεονεξίας
3234 4057 3340 4107 τῶν
3388 4061 3603 4129 πτερῶν
3652 4058 3830 4118 αὐτοῖς

2186 4165 2244 4197 τε
2274 4142 2499 4203 ἐκείνοις
2549 4141 2882 4196 ἐπιτίθεσθαι
2929 4143 3019 4196 καὶ
3057 4147 3165 4196 τῶν
3218 4140 3528 4223 ἐλεφάντων
3577 4148 3664 4202 καὶ
3708 4146 3829 4222 δρα⁸

2188 4233 2393 4288 κὸντων
2449 4231 2772 4305 ὑπερτέρους
2831 4231 2988 4286 εἶναι.
3024 4230 3278 4287 Πέτονται
3339 4230 3396 4288 δὲ
3453 4233 3608 4290 οὔπω
3675 4239 3830 4311 μέγα,

2184 4321 2311 4377 ἀλλ’
2343 4322 2464 4376 ὅσον
2497 4323 2548 4375 ο¹ι
2585 4321 2929 4396 βραχύποροι
2963 4318 3172 4394 ὄρνιθες
3207 4339 3218 4352 ’
3258 4325 3334 4393 μὴ
3366 4323 3466 4398 γὰρ
3498 4323 3828 4380 ἕπτῑ).ωσθςιι

428 4419 527 4474 sed
563 4416 736 4470 rubra
759 4414 1029 4487 pellicula
1052 4415 1277 4470 alarum
1306 4421 1477 4471 costas
1503 4421 1941 4473 connectuntur.
1969 4419 2070 4474 So-

2201 4417 2317 4488 ιφᾶς
2367 4411 2441 4472 ὡς
2501 4404 2676 4483 ὄρνισι
2737 4409 2982 4485 πάτριον,
3029 4408 3158 4465 ἀλλ’
3218 4413 3374 4484 ὑμέσι
3417 4413 3546 4476 τοὺς
3605 4416 3830 4488 ταρσοὺς

2201 4499 2349 4518 ν...
2648 4504 2670 4514 ..
2771 4501 2837 4518 ...ι
2950 4501 3337 4518 ..η.....
3528 4501 3568 4518 ς..
3692 4507 3803 4518 .-

419 4505 538 4561 lam
583 4521 714 4560 vero
761 4504 982 4576 Tigrim
1025 4505 1478 4577 insuperabilem
1531 4505 1644 4561 illis
1683 4522 1806 4561 esse
1847 4506 2068 4575 dicunt,

422 4593 698 4666 quoniam
733 4593 989 4664 fugiendi
1022 4593 1313 4650 celeritate
1345 4603 1544 4649 venlos
1576 4611 1803 4665 aequare
1830 4597 2064 4652 dicitur.

425 4684 528 4741 Hic
560 4684 630 4739 de
660 4682 932 4739 Phanice
963 4701 1064 4740 ave
1095 4685 1297 4740 eadem
1331 4701 1463 4738 cum
1495 4684 1625 4738 aliis
1657 4684 1879 4738 scribit.
1915 4687 2066 4750 Qua-

420 4781 556 4832 tuor
586 4789 818 4830 menses
845 4773 1001 4846 apud
1038 4773 1210 4828 Indos
1242 4773 1605 4846 Apollonium
1658 4773 1836 4828 fuisse
1870 4774 2066 4842 tradit,

422 4865 561 4922 Inde
592 4866 794 4921 dextra
823 4863 1058 4934 quidem
1094 4863 1377 4934 Gangem,
1411 4861 1637 4917 sinislra
1673 4879 1803 4917 vero
1837 4863 2067 4935 Hypha-

2185 4499 2410 4577 ὑφάνθαι
2470 4504 2721 4572 πυρσοῖς.
2771 4501 2877 4567 Τὴν
2950 4503 3076 4573 [534
3139 4506 3229 4572 [1.]
3285 4501 3465 4577 τίγριν
3524 4501 3578 4558 δὲ
3644 4507 3831 4566 αὐτοῖς

2179 4589 2460 4645 ἀνάλωτον
2502 4591 2636 4644 εἶναι
2671 4590 2866 4662 μόνην,
2901 4587 3086 4659 ἐπειδή
3121 4590 3182 4645 τὸ
3208 4593 3380 4665 ταχος·
3413 4592 3579 4661 αὑτήν
3623 4596 3831 4648 ἐσποιεῖ

2177 4685 2294 4739 τοῖς
2344 4679 2586 4750 ἀνέμοις.
2619 4680 2818 4735 ’Ὁτιδθ
2861 4679 2983 4754 περὶ
3032 4685 3130 4734 τοῦ
3179 4679 3424 4758 φοίνικος
3469 4689 3567 4751 τῆς
3617 4680 3825 4755 ὄρνιθος

2179 4771 2245 4825 τὰ
2296 4767 2427 4823 αὑτᾶ
2483 4768 2570 4822 καὶ
2633 4768 2792 4832 οὗτος
2846 4773 2960 4830 τοῖς
3021 4767 3216 4832 ἄλλοις
3271 4772 3467 4826 ἅπασιν
3513 4772 3826 4849 ἀναγράφει.

2179 4866 2304 4920 ’Ὀτι
2336 4863 2384 4898 ’³ο
2425 4859 2469 4916 δ’
2523 4869 2699 4935 μῆνας
2748 4868 2866 4924 τοῖς
2920 4859 3111 4926 Ἰνδοῖς
3147 4866 3238 4920 τὸν
3292 4864 3671 4922 Ἀπολλώνιον
3713 4889 3828 4922 συν·
3907 4899 3912 4904 -

1793 4992 2036 5049 νΑιιιιΕ
2079 4993 2464 5049 LECTIONES

487 5103 534 5136 ⁵³
565 5103 625 5175 to

800 5120 883 5172 In,
923 5104 1007 5158 19.
1113 5102 1158 5136 ⁵⁴
1188 5100 1448 5174 ἐνσκῆψαι
1514 5107 1637 5155 AB:
1691 5102 1964 5172 ἒνσκῆψαν

902 5176 948 5210 ⁵⁸
981 5173 1088 5230 δτιί
1123 5190 1205 5230 ιιι.
1239 5177 1326 5230 46.
1434 5175 1478 5208 ⁸9
1509 5173 1636 5230 ωτισί
1672 5176 1795 5228 ΑΒ;
1831 5173 1954 5227 ιισασέ
2060 5213 2072 5227 .

427 5170 683 5248 ζιελ-ησίως

902 5176 948 5210 ⁵⁸
981 5173 1088 5246 ὅτι]
1123 5190 1205 5239 ιιι,
1239 5177 1326 5230 46.
1371 5173 1375 5174 ν
1434 5175 1478 5208 ⁵9
1509 5173 1636 5249 φησί
1672 5176 1795 5228 ΑΒ;
1831 5173 1954 5249 φασὶ

420 5241 468 5277 ⁸³
495 5233 895 5333 ὑποκείσόνται]
929 5233 1120 5319 aptius
1157 5233 1397 5303 fortasse
1422 5233 1801 5299 ἐπικείσονται.
1843 5235 1852 5249 ⁸
1907 5245 1952 5279 ⁶⁴
1999 5233 2127 5373 Ῠὰρλ
2156 5244 2244 5299 καὶ
2275 5245 2377 5353 Idm

420 5331 592 5369 τευειν
622 5320 689 5370 Α.
767 5319 810 5354 ⁸⁷
842 5317 950 5388 ὅτι]
984 5335 1069 5385 ιιι,
1103 5320 1188 5375 48.
1268 5318 1314 5352 ⁸⁸
1344 5316 1426 5388 ἃς]
1461 5317 1535 5378 ὡς
1570 5319 1682 5373 ΑΒ.
1759 5317 1806 5352 ⁶⁹
1835 5314 1942 5388 ὅτι]
1977 5335 2062 5387 ιιι,
2130 5317 2184 5372 9.
2260 5319 2280 5352 ’³
2337 5318 2377 5372 ὅ·

1867 5335 1942 5387 τι]
1977 5335 2062 5387 ιιι,

418 5311 592 5369 τεύειν
622 5320 689 5370 Α.
767 5319 810 5354 ⁸⁷
842 5311 1069 5389 simu,
1103 5320 1188 5375 48.
1268 5318 1314 5352 ⁸⁸
1344 5316 1426 5390 ἃς]
1461 5317 1535 5378 ὡς
1570 5319 1682 5373 ΑΒ.

2180 5102 2227 5136 ⁵⁵
2255 5121 2318 5154 κο

2179 5174 2224 5208 ⁶⁰
2247 5177 2344 5227 τοῦ
2374 5176 2507 5229 add.
2537 5177 2603 5230 A.

2554 5119 2636 5208 ιιι,
2670 5103 2756 5208 1?.
2859 5103 3105 5208 5:6361755

2737 5177 2848 5208 n..:
2977 5191 2988 5202 ο
3041 5177 3105 5208 ,α

2479 5179 2507 5302 ί·
2537 5177 2642 5280 Αλδ
2670 5175 2934 5318 ῃδῇ
2967 5175 3234 5313 iniungi.

2337 5318 2444 5385 ὅτι]
2476 5334 2560 5385 ut,
2592 5318 2680 5372 50.

2859 5102 2906 5136 ⁵6
2939 5101 3141 5176 ὥσπερ]
3176 5103 3307 5177 ἅπερ
3353 5104 3464 5159 ΛΒ.
3569 5105 3615 5139 ⁵⁷
3646 5125 3818 5179 παρα-

2889 5176 2917 5210 Δ
2977 5191 2988 5202 ο
3041 5177 3105 5210 ...α
3155 5175 3216 5210 τ-
3337 5175 3384 5210 οι
3417 5173 3704 5210 manu...
3761 5175 3820 5210 r-

3337 5175 3384 5210 ⁸³
3415 5173 3730 5250 ξυλλέγεις’
3761 5175 3818 5249 ς’

3293 5246 3340 5282 ⁵⁵
3377 5243 3553 5309 ἄλλος
3613 5242 3818 5304 ἐπιϐιοο

2329 5103 2495 5174 μῶσι]

2023 5435 2232 5491 ΝΟΤίΕ

491 5537 838 5615 (9§)_$cylax
893 5542 1299 5615 Caryadensis,
1333 5559 1456 5613 quae
1503 5543 1644 5600 urbs
1684 5543 1741 5597 in
1774 5542 1941 5599 Caria
1986 5548 2075 5600 est

423 5610 496 5667 ad
520 5607 1426 5680 Halicarnassum;historicus-et
1447 5615 1915 5672 mathematicus.
1942 5617 2072 5680 Quae

427 5682 730 5756 scripserit
777 5680 998 5739 indicat
1041 5686 1277 5751 Suidas,
1333 5691 1631 5759 exstatque
1678 5686 2077 5760 Geographica

2185 5559 2331 5618 cum
2397 5541 2674 5618 Marciani
2752 5542 3119 5608 Heracleotes,
3168 5542 3548 5618 aliorumque
3624 5547 3816 5602 edente

2186 5615 2252 5672 D.
2287 5614 2611 5671 Hmschelio
2641 5617 2937 5687 Augustae,
2970 5632 3122 5673 anno
3157 5616 3310 5672 1600.
