4100 6242
234 228 264 287 1
275 227 392 286 229

1347 220 1880 285 BIBLIOTHEGA.
1931 257 2006 270 —-
2049 224 2222 285 COD.
2270 226 2513 287 CCXLI.

3483 233 3641 295 1230

231 361 356 434 περὶ
391 358 630 420 Κελτοὺς
664 359 760 432 μὲν
799 358 917 412 κατ’
949 358 1135 433 ὀλίγον
1168 355 1484 417 ὑπανιόντος
1531 359 1574 395 ¹²
1604 362 1699 411 τοῦ
1747 358 1883 411 σκό-

2025 359 2159 428 lein,
2192 377 2512 433 rursusque
2552 363 2676 419 dies
2725 369 2953 422 noctem
2995 368 3226 442 excipit,
3273 371 3426 442 apud
3450 370 3640 427 Celtas

232 471 359 512 τους
414 452 450 520 ἢ
508 451 605 502 τοῦ
645 449 846 525 φωτὸς,
904 446 1084 520 ὥσπερ
1145 444 1389 514 ἐνταῦθα,
1458 447 1579 519 περὶ
1653 444 1878 521 Γάδειρα

235 538 293 595 δὲ
331 539 420 594 καὶ
452 537 658 607 στήλας
689 538 901 611 ἀθρόως
933 535 1194 611 λέγονται
1223 543 1340 598 τοῖς
1381 535 1687 612 ὀφθαλμοῖς
1716 535 1881 609 ἐμπί-

234 651 410 698 πτειν,
477 626 661 703 ὥσπερ
719 629 772 681 αἱ
832 627 1122 700 ἀστραπαί.
1186 625 1325 680 Φασί
1374 627 1598 689 καὶτὰς
1641 628 1880 700 [53611]

241 717 497 792 μακάρων
541 719 740 786 νήσους
774 716 1044 791 ὁρίζεσθαι
1092 719 1172 786 τῷ
1204 711 1424 785 Λιϐυκῷ
1473 714 1700 790 τέρματι
1748 716 1884 791 πρὸς

238 809 301 864 τὸ
330 807 594 877 ἀοίκητον
627 805 931 884 ἀνεχούσας
972 805 1337 878 ἀκρωτήριον.

308 987 366 1041 Τι
416 983 459 1004 tu
555 983 606 1003 In
820 989 843 1000 υ
1214 984 1227 1000 ε
1308 983 1322 1000 ς
1405 982 1446 1002 ην
1516 983 1528 1002 ι
1728 981 1746 1012 ι

349 1009 379 1040 α
413 1005 470 1041 οε
502 992 728 1060 Γαοειρα
757 1005 934 1040 κειται
969 983 1063 1057 μὲν
1101 1004 1239 1039 κατα
1270 1003 1332 1037 το
1382 989 1653 1057 Ευρωπης
1692 1001 1887 1055 τερμα,

236 1077 482 1150 περιττοί
515 1077 561 1112 1⁸
618 1073 674 1130 δὲ
731 1075 837 1130 εἶσι
892 1075 958 1129 τὰ
1005 1076 1143 1131 θεῖα.
1193 1076 1383 1146 Γήρως
1445 1075 1536 1126 οὖν
1595 1074 1637 1108 ¹⁴
1699 1071 1885 1147 βωμὸν

231 1165 506 1237 ἵδρυνται,
557 1165 648 1219 καὶ
697 1166 788 1219 τὸν
843 1165 1063 1218 θάνατον
1110 1163 1266 1237 μόνοι
1317 1163 1614 1237 ἀνθρώπων
1661 1160 1889 1215 παιωνί-

243 1262 446 1326 ζονται.
502 1255 687 1326 Βωμοὶ
749 1250 806 1308 δὲ
854 1251 965 1307 ἐκεῖ
1011 1253 1101 1308 καὶ
1158 1252 1342 1314 πενίας
1406 1251 1496 1306 καὶ
1552 1250 1750 1326 τέχνης
1798 1251 1889 1304 καὶ

239 1342 576 1421 Ἡρακλέους
634 1341 692 1398 δὲ
748 1342 1070 1416 Αἰγυπτίου,
1135 1343 1224 1397 καὶ
1317 1339 1495 1416 ἕτεροι
1581 1336 1821 1410 Θηϐαίου
1874 1358 1888 1374 ο

237 1436 336 1492 τὸν
373 1437 416 1472 ιδ
449 1434 545 1508 μὶν
580 1434 684 1510 γὰρ
726 1432 813 1486 ἐπὶ
865 1434 962 1500 τὴν
1002 1430 1161 1506 ἐγγὺς
1221 1430 1496 1506 Ἐρύθειαν
1551 1429 1738 1485 ἐλάσαι
1790 1451 1893 1503 φα·-

239 1525 346 1590 σίν,
380 1524 468 1578 ὅτε
502 1525 544 1561 ⁸⁸
576 1519 642 1590 δὴ
673 1521 767 1576 τὸν
811 1523 852 1558 ¹⁷
887 1521 1171 1594 Γηρυόνην
1203 1541 1259 1575 τε
1291 1519 1381 1573 καὶ
1411 1520 1510 1581 τὰς
1553 1514 1683 1580 ϐοῦς
1725 1517 1890 1587 ἑλεῖν,

235 1615 337 1669 τὸν
370 1609 427 1667 δὲ
457 1610 619 1688 σοφίᾳ
652 1612 693 1648 ¹⁸
726 1607 887 1664 δόντα
925 1616 1026 1683 γῆν
1074 1630 1132 1664 τε
1189 1609 1664 1682 ἀναμετρήσασθαι
1721 1613 1892 1661 πᾶσαν

1989 449 2224 519 quidem
2241 450 2519 521 paulatim
2537 452 2970 510 discedentibus
2993 462 3093 511 aut
3113 458 3353 527 lumine,
3369 463 3638 516 auttene-

1991 539 2113 594 bris
2167 539 2317 595 sicut
2365 542 2519 612 apud
2567 558 2671 597 nos
2722 544 2899 598 etiam
2952 544 3179 600 accidit.
3241 548 3404 603 Circa
3454 549 3642 606 Gades

1992 633 2188 684 autem
2220 633 2276 683 et
2305 629 2591 686 columnae
2622 632 2921 687 confertim
2956 639 3232 705 tanquam
3259 636 3491 708 fulgura
3512 646 3643 695 ante

1995 717 2193 774 oculos
2225 720 2427 774 cadere
2457 719 2760 776 dicuntur.
2814 721 3126 778 Perhibent
3173 741 3403 796 quoque
3453 727 3642 781 beato-

1997 805 2370 863 ruminsulas
2388 809 2589 865 Africa:
2608 810 2822 866 ﬁnibus
2847 811 3073 866 definiri
3088 856 3100 880 ,
3121 814 3190 868 ad
3208 813 3644 870 inhabilabilem

1999 895 2386 966 promontorii
2415 901 2636 967 partem
2679 904 3002 971 vergentes.

2070 984 2260 1039 Gades
2291 989 2481 1040 autem
2529 986 2586 1041 in
2633 987 2872 1056 Europa
2920 989 3201 1046 lateribus
3243 991 3442 1064 posite
3485 996 3644 1050 sunt.

1997 1079 2070 1128 Su
2083 1073 2398 1145 perstitiosi
2420 1084 2555 1130 sunt
2580 1075 2698 1131 illic
2715 1077 2867 1134 circa
2883 1079 3186 1134 sacriﬁcia.
3205 1081 3462 1138 Senectus
3482 1099 3646 1136 nam-

2000 1178 2113 1235 que
2131 1179 2290 1218 aram
2314 1163 2584 1219 dicarunt
2604 1181 2616 1218 :
2633 1165 2861 1237 solique
2877 1168 3180 1224 hominum
3203 1171 3364 1226 festis
3387 1171 3651 1226 cantibus

2003 1259 2251 1310 mortem
2275 1253 2627 1310 collaudant.
2658 1257 2806 1312 Sunt
2825 1258 2980 1328 apud
3003 1259 3158 1329 ipsos
3180 1259 3301 1314 Arii
3320 1265 3376 1315 et
3398 1260 3649 1332 Pauper-

2000 1343 2105 1397 tati
2148 1359 2259 1397 aras
2293 1342 2515 1412 positae,
2557 1345 2706 1399 sicut
2745 1346 3034 1418 Egyptio,
3077 1353 3132 1404 et
3174 1348 3336 1404 alteri
3377 1349 3652 1406 Thebano

2004 1431 2256 1508 Herculi.
2292 1431 2546 1487 Alterum
2582 1450 2828 1511 namque
2859 1436 3169 1492 ﬁnitimam
3203 1454 3389 1509 usque
3419 1439 3488 1493 ad
3521 1438 3653 1510 Ery-

2005 1520 2146 1575 tiam
2208 1524 2540 1591 penetrasse
2593 1522 2786 1578 ferunt
2853 1541 2984 1579 cum
3053 1529 3332 1598 Geryone,
3409 1527 3655 1597 ejusque

2007 1608 2181 1665 boves
2211 1611 2540 1668 sustulisse.
2576 1613 2838 1668 Alterum
2881 1631 3011 1672 vero
3044 1616 3332 1686 sapientia
3361 1615 3656 1672 excellen—

239 1701 302 1767 ἒς
345 1684 545 1776 τέρμαί
593 1700 693 1756 Καὶ
738 1700 844 1771 μὴν
897 1699 987 1752 καὶ
1047 1696 1410 1768 Ἑλληνικοὺς
1463 1697 1599 1752 εἶναί
1654 1717 1782 1774 φασι
1829 1696 1896 1750 τὰ

2029 1714 2141 1766 em,
2169 1704 2354 1755 totum
2378 1707 2538 1755 terra:
2566 1702 2849 1758 ambitum
2875 1684 3207 1760 dimensum
3238 1720 3385 1760 esse.
3421 1706 3655 1760 Przeter-

243 1788 506 1865 Γάδειρα,
538 1789 628 1844 καὶ
659 1786 1002 1843 παιδεύεσθαι
1045 1789 1137 1842 τὸν
1177 1784 1458 1861 ἡμεδαπὸν
1515 1787 1738 1861 τρόπον.
1802 1787 1901 1842 Καὶ

246 1877 455 1953 δένδρα
495 1880 540 1918 ιο
571 1876 627 1933 δὲ
658 1899 815 1956 φασιν
857 1876 1083 1932 ἐνταῦθα
1115 1878 1207 1930 οἷα
1237 1877 1346 1952 οὐχ
1386 1875 1608 1949 ἑτέρωθι
1637 1883 1737 1946 τῆς
1770 1884 1898 1950 γῆςο

245 1971 552 2044 Γηρυόνεια
609 1970 706 2042 μὲν
762 1968 864 2043 γὰρ
920 1966 1204 2021 καλεῖσθαι
1264 1965 1420 2034 αύτὰ,
1483 1963 1579 2020 δύο
1631 1963 1688 2020 δὲ
1747 1967 1901 2032 εἶναι,

247 2060 478 2138 φύεσθαι
520 2055 577 2112 δὲ
619 2061 717 2112 τοῦ
768 2059 1016 2131 σήματος
1064 2057 1092 2109 ’ὀ
1144 2055 1230 2110 ἐπὶ
1277 2059 1356 2126 τῷ
1417 2055 1662 2128 Γηρυόνῃ
1691 2052 1903 2126 ἕστηκε,

257 2147 722 2222 παραλλάττοντα
753 2145 811 2201 ἐκ
849 2148 898 2183 ²⁰
935 2147 1124 2207 πίτυός
1178 2167 1235 2200 τε
1281 2144 1371 2200 καὶ
1417 2145 1621 2215 πεύκης
1668 2145 1720 2206 ἐς
1769 2142 1909 2207 εἶδος

256 2237 468 2314 ⁴ἕτερον,
521 2232 796 2294 λείϐεσθαι
847 2235 904 2292 δὲ
947 2235 1136 2308 α’ίματι
1184 2237 1422 2309 καθάπερ
1469 2240 1548 2306 τῷ
1587 2240 1775 2310 χρυσῷ
1805 2237 1906 2305 τὴν

260 2325 500 2383 Ἢλιάδα
545 2326 807 2399 αἶ’γειρον.
861 2327 924 2381 Ἣ
975 2321 1032 2379 δὲ
1087 2331 1251 2392 νῆσος
1312 2321 1362 2378 ἐν
1489 2325 1550 2378 τὸ
1601 2324 1764 2396 ἱερὸν,
1797 2321 1908 2376 ἔστι

265 2418 366 2490 μὲν
395 2417 568 2485 ὁπόση
605 2417 632 2470 ὁ
671 2415 831 2478 νεὼς,
878 2410 1171 2487 πετρῶδες,
1222 2410 1280 2466 δὲ
1329 2413 1498 2477 αὐτῆς
1542 2410 1718 2483 οὐδὲν,
1765 2409 1909 2466 ἀλλὰ

265 2501 496 2583 βαλϐῖδι
559 2507 715 2577 ξεστῇ
775 2501 1034 2559 εἴκασται.
1105 2504 1192 2557 Ἐν
1252 2499 1309 2556 δὲ
1374 2506 1454 2572 τῷ
1495 2503 1625 2575 ἱερῷ
1654 2503 1911 2574 τιμᾶσθαι

267 2597 367 2672 μὲν
405 2593 567 2672 ἄμφω
625 2595 702 2648 τὼ
744 2591 1010 2668 Ἡρακλὲε
1049 2591 1233 2669 φασὶν,
1283 2589 1578 2663 ἆλάλματα
1625 2588 1681 2645 δὲ
1729 2589 1912 2645 αύτοῖν

265 2685 372 2741 οὐκ
401 2686 553 2754 εἶναι,
589 2682 813 2759 βωμοὺς
843 2679 900 2738 δὲ
929 2686 1026 2736 τοῦ
1056 2682 1150 2753 μὶν
1181 2679 1482 2757 Αἰγυπτίου
1514 2682 1556 2718 ²¹
1611 2679 1728 2751 δύο,
1779 2679 1915 2754 χαλ-

262 2780 403 2837 κοῦς
441 2776 531 2829 καὶ
572 2773 843 2846 ἀσήμους,
875 2768 969 2826 ἕνα
1000 2768 1057 2825 δὲ
1083 2774 1180 2824 τοῦ
1221 2765 1486 2839 Θηϐαίου.
1517 2770 1627 2832 Τὰς
1660 2767 1717 2823 δὲ
1755 2766 1916 2840 ὕδρας

256 2884 325 2921 τε
372 2864 462 2919 καὶ
508 2865 604 2925 τὰς
649 2859 961 2934 Διομήδους
1004 2857 1211 2920 ’ίππους
1260 2861 1350 2914 καὶ
1396 2860 1464 2914 τὰ
1513 2856 1722 2913 δώδεκα
1753 2863 1915 2932 Ἦρα-

258 2955 466 3016 κλέους
498 2948 626 3029 ἔργα
655 2952 1056 3008 ἐκτετυπῶσθαι
1098 2949 1254 3005 λίθου
1286 2952 1334 2986 ³³
1385 2945 1532 3004 ὅντα.
1581 2952 1642 3005 Ἥ
1691 2954 1913 3021 Πυγμα-

259 3043 468 3104 λίωνος
500 3041 556 3096 δὲ
587 3040 744 3097 ἐλαία
773 3044 808 3110 ἠ
841 3046 1020 3114 χρυσῆ
1056 3038 1354 3111 (ἀνάκειται
1388 3035 1446 3092 δὲ
1484 3037 1704 3105 κάκείνη
1745 3036 1796 3098 ἐς
1855 3036 1915 3090 τὸ

257 3132 610 3206 Ἡράκλειον)
643 3130 760 3202 ἀξία
794 3131 910 3204 μὲν,
944 3128 1017 3191 ὥς
1051 3150 1198 3208 φασι,
1253 3134 1344 3183 καί
1386 3132 1488 3183 τοῦ
1538 3125 1749 3182 θαλλοῦ
1791 3128 1915 3179 θαυ-

268 3221 459 3297 μάζειν
490 3219 536 3292 ᾦ
567 3218 828 3288 εἴκασται,
862 3219 1227 3288 θαυμάζεσθαι
1260 3214 1306 3270 δ’
1354 3217 1412 3270 ἃν
1467 3215 1553 3269 ἐπὶ
1601 3220 1678 3287 τῷ
1727 3218 1920 3288 καρπῷ

273 3309 492 3382 μᾶλλον
528 3327 541 3339 ·
617 3308 767 3383 βρύει
824 3309 926 3382 γὰρ
985 3307 1145 3362 αὐτὸν
1200 3303 1516 3381 σμαράγδου
1574 3305 1752 3362 λίθου.
1814 3303 1918 3359 Καὶ

269 3402 521 3474 Τεύκρου
595 3397 692 3452 τοῦ
743 3395 1107 3467 Τελαμωνίου
1178 3401 1428 3469 ζωστῆρα
1494 3398 1730 3470 χρυσοῦν
1790 3413 1919 3471 φασι

271 3490 601 3558 δείκνυσθαι,
635 3493 751 3550 πῶς
781 3485 839 3542 δὲ
867 3486 921 3547 ἐς
952 3488 1042 3541 τὸν
1075 3485 1322 3542 Ὠκεανόν
1363 3485 1696 3544 πλεύσαντος
1745 3483 1778 3552 ἢ
1839 3481 1918 3560 ἐφ’

272 3580 306 3637 ὅ
355 3601 430 3648 τι,
482 3575 544 3633 οὔ
589 3599 746 3654 φασιν
797 3575 1011 3631 εἰδέναι.
1059 3577 1168 3636 Τὰς
1225 3572 1282 3629 δὲ
1323 3573 1374 3629 ἐν
1414 3579 1494 3646 τῷ
1541 3574 1672 3648 ἱερῷ
1718 3571 1923 3642 στήλας

273 3675 487 3748 χρυσοῦ
544 3671 637 3744 μὲν
699 3669 1027 3736 πεποιῆσθαι
1075 3667 1164 3721 καὶ
1209 3665 1448 3741 ἀργύρου
1514 3665 1920 3734 συντετηκότοιν

274 3762 356 3821 εἰς
386 3759 440 3814 ἓν
473 3763 700 3834 χρῶμα,
733 3760 890 3833 [1012
922 3758 1006 3831 Pa]
1037 3757 1167 3811 εἶναι
1212 3753 1269 3809 δὶ
1316 3755 1480 3816 αὐτὰς
1534 3755 1665 3830 ὑπὲρ
1715 3761 1924 3827 πῆχυν,

269 3850 626 3924 τετραγώνου
692 3850 1003 3924 σχήματος,
1065 3843 1247 3916 ὥσπερ
1307 3845 1359 3899 οἱ
1419 3843 1693 3916 ἄκμωνες,
1752 3843 1928 3916 ἐπίγε-

269 3940 507 4018 γράφθαι
553 3937 607 3994 δὲ
637 3939 732 4000 τὰς
764 3937 1005 4011 κεφαλὰς
1057 3935 1180 3990 οὕτε
1224 3934 1548 4010 Αἰγυπτίοις
1598 3931 1720 3989 οὕτε
1769 3930 1926 3989 Ἰνδι-

270 4033 394 4089 κοῖς
424 4029 741 4102 γράμμασιν
778 4023 903 4082 οὕτε
954 4023 1095 4085 θ’ίοις
1148 4019 1467 4096 ξυμϐαλεῖν.
1516 4024 1578 4080 Ὁ
1628 4019 1684 4076 δὲ
1727 4019 1930 4075 ’Λπολ-

274 4118 504 4186 λώνιος,
536 4118 610 4178 ὡς
638 4113 792 4170 ούδὶν
827 4117 882 4169 οἱ
932 4117 976 4151 ³³
1014 4116 1178 4184 ἱερεῖς
1230 4111 1478 4190 ἔφραζον,
1529 4111 1602 4166 Οὐ
1652 4114 1929 4185 συγχωρεῖ

279 4227 403 4282 μοι,
451 4200 576 4283 ἔφη,
643 4205 670 4259 ὁ
730 4203 1006 4278 Ἡρακλῆς
1069 4203 1096 4257 ὁ
1157 4201 1456 4277 Αἶγύπτιος
1521 4203 1596 4273 μὴ
1657 4199 1719 4254 ού
1753 4199 1929 4274 λέγειν

278 4294 458 4350 ὁπόσα
524 4291 665 4352 οἶδα.
727 4299 834 4362 Γῆς
892 4292 980 4346 καὶ
1037 4292 1294 4345 Ὠκεανοῦ
1343 4286 1612 4362 ξύνδεσμα
1673 4286 1791 4343 α’ίδε
1875 4287 1928 4341 αἱ

283 4383 487 4453 στῆλαι
544 4383 678 4438 εἰσίν
713 4402 724 4414 ⁸
759 4381 1032 4458 ἐγράψατο
1088 4378 1146 4434 δὶ
1216 4378 1376 4440 αύτᾶς
1434 4379 1636 4436 ἐκεῖνος
1695 4377 1746 4431 ἐν
1799 4380 1936 4432 Μοι-

285 4477 397 4549 ρῶν
458 4471 617 4544 οἷ’κῳ,
678 4475 751 4532 ὼς
816 4472 954 4542 μήτε
1011 4474 1187 4531 νεῖκος
1244 4473 1362 4528 τοῖς
1415 4467 1714 4541 στοιχείοις
1791 4465 1938 4542 ἐγγέ-

286 4586 462 4633 νοιτο,
519 4566 657 4638 μήτε
705 4563 1026 4636 ἀτιμάσειαν
1079 4562 1176 4630 τὴν
1233 4559 1508 4636 φιλότητα
1564 4560 1629 4628 ἢν
1668 4556 1932 4629 ἀλλήλων

287 4657 564 4738 ἴσχουσιν.

361 4840 486 4895 ’Ότι
542 4837 591 4872 ²⁴
658 4835 749 4891 τὸν
805 4832 1009 4903 Βαίτην
1049 4833 1095 4867 ’⁵
1146 4832 1235 4887 τὸν
1293 4829 1541 4903 ποταμὸν
1605 4826 1934 4883 ἀναπλεῦσαί

287 4949 468 5006 φασιν,
520 4927 579 4989 ὃς
626 4923 795 4994 δηλοῖ
847 4923 1083 4997 μάλιστα
1139 4923 1238 4992 τὴν
1289 4923 1386 4976 τοῦ
1437 4921 1687 4974 Ὠκεανοῦ
1753 4916 1933 4994 φύσιν

287 5015 504 5074 ἐπειδὰν
534 5017 636 5092 γὰρ
667 5012 782 5083 πλη
797 5012 985 5088 μμυρῇ
1015 5014 1060 5049 ²⁶
1089 5013 1150 5066 τὸ
1183 5010 1443 5084 πέλαγος,
1492 5007 1578 5063 ἐπὶ
1618 5008 1712 5069 τὰς
1753 5007 1934 5081 πηγὰς

285 5110 314 5165 ὁ
349 5106 593 5181 ποταμὸς
627 5103 933 5180 παλίρρους
987 5102 1146 5174 ἵεται,
1200 5100 1506 5174 πνεύματος
1555 5096 1619 5170 δή
1671 5119 1775 5154 που
1827 5097 1934 5152 ἀπ-

2012 1803 2080 1842 ea
2125 1788 2225 1859 qui
2275 1790 2464 1845 Gades
2524 1790 2785 1848 incolunt
2845 1793 3026 1849 Grieci
3075 1811 3206 1850 esse
3254 1795 3652 1866 perhibentur,

2015 1882 2333 1949 nostroque
2381 1895 2538 1935 more
2582 1881 2812 1938 eruditi.
2865 1885 3112 1939 Arbores
3162 1883 3280 1938 illic
3325 1884 3501 1939 etiam
3533 1900 3660 1939 esse

2015 1968 2272 2034 tradunt,
2307 1984 2432 2038 quae
2467 1984 2751 2040 nusquam
2773 1970 2912 2027 alibi
2946 1980 3229 2027 terrarum
3253 1973 3653 2036 inveniuntur,

2015 2055 2335 2127 appellatas
2375 2061 2567 2113 autem
2615 2058 2954 2130 Geryonias,
2980 2065 3037 2116 et
3063 2062 3212 2116 duas
3254 2066 3483 2116 tantum
3515 2077 3658 2116 esse.

2017 2144 2164 2201 Ortaa
2184 2154 2320 2201 sunt
2341 2150 2531 2202 autem
2549 2147 2722 2218 juxta
2746 2151 3103 2221 sepulcrum,
3127 2151 3281 2222 quod
3308 2150 3390 2205 illi
3413 2150 3663 2222 Geryoni

2019 2239 2364 2304 statuerunt,
2398 2236 2651 2306 speciem
2697 2253 2766 2293 ex
2796 2240 2933 2310 pinu
2976 2239 3257 2310 piceaque
3297 2238 3662 2295 commistam

2020 2325 2315 2380 habentes.
2347 2325 2703 2398 Sanguinem
2739 2344 2868 2383 vero
2907 2327 3145 2398 stillare,
3180 2330 3334 2384 sicut
3364 2326 3662 2382 Heliadem

2024 2413 2299 2486 populum
2335 2431 2476 2469 auro
2511 2432 2764 2481 manare,
2798 2417 3015 2472 dicunl.
3060 2417 3258 2472 Insula
3297 2433 3430 2472 vero
3464 2417 3519 2470 in
3551 2430 3668 2486 qua

2022 2505 2306 2575 templum
2335 2505 2534 2572 situm,
2563 2505 2804 2576 aequalis
2834 2512 2924 2562 est
2951 2507 3356 2578 magnitudine
3378 2506 3484 2575 ipsi
3518 2511 3667 2558 tem-

2026 2593 2156 2664 plo;
2190 2592 2352 2648 nulla
2383 2596 2574 2648 autem
2616 2596 2742 2664 ejus
2773 2611 2902 2665 pars
2937 2602 3026 2650 est
3060 2600 3306 2664 petrosa,
3341 2593 3444 2649 sed
3476 2591 3668 2663 politis

2027 2682 2359 2738 carceribus
2391 2681 2611 2738 similis.
2655 2682 2866 2738 Colunt
2895 2683 2951 2736 in
2985 2685 3184 2739 eodem
3216 2683 3434 2752 templo
3467 2681 3668 2735 ambos

2028 2771 2323 2826 Hercules.
2357 2771 2681 2826 Simulacro
2712 2771 2830 2827 illis
2866 2771 3021 2827 nulla
3064 2777 3236 2827 sunt:
3272 2772 3374 2827 sed
3406 2771 3671 2842 [Egyptio

2029 2861 2261 2930 quidem
2309 2877 2421 2915 arae
2469 2865 2604 2916 sunt
2656 2861 2786 2916 duas
2834 2878 3025 2930 teneas,
3071 2862 3292 2932 absque
3335 2859 3670 2926 simulacro,

2027 2950 2297 3005 Thebano
2346 2954 2539 3005 autem
2597 2967 2714 3005 una
2763 2955 3030 3017 tantum;
3081 2951 3284 3023 Hydras
3336 2949 3575 3020 insuper
3619 2951 3676 3004 et

2029 3038 2324 3095 Diomedis
2345 3040 2479 3109 equi
2509 3044 2567 3094 et
2595 3039 2903 3096 duodecim
2942 3039 3206 3095 Herculis
3242 3039 3472 3095 labores
3499 3038 3557 3092 in
3596 3037 3676 3091 la-

2029 3129 2218 3200 pidem
2254 3128 2440 3183 incisa
2483 3128 2945 3199 conspiciuntur.
3000 3127 3395 3201 Pygmalionis
3437 3125 3677 3195 insuper

2031 3235 2206 3274 aurea
2227 3217 2377 3273 oliva
2400 3219 2457 3273 in
2479 3218 2606 3290 ipso
2639 3217 2901 3274 llerculis
2935 3218 3150 3290 templo
3185 3217 3476 3273 dedicata:
3503 3215 3681 3287 digna

2030 3308 2363 3379 quidem,ut
2394 3307 2595 3362 volunt
2618 3307 3002 3363 admiratione
3031 3307 3102 3362 ob
3134 3322 3364 3361 ramum
3397 3304 3490 3360 cui
3514 3302 3679 3359 simi-

2030 3397 2101 3453 lis
2151 3401 2259 3460 est,
2314 3395 2717 3452 admirabilior
2765 3413 2897 3452 vero
2948 3396 3163 3462 fructu,
3209 3411 3322 3467 quo
3363 3394 3622 3450 abundat
3651 3409 3681 3450 e

2032 3487 2338 3556 smaragdo
2372 3486 2524 3541 ficto.
2559 3487 2625 3540 Et
2666 3486 2864 3541 Teucri
2907 3485 3078 3540 etiam
3132 3481 3459 3539 Telamonii
3495 3483 3686 3538 329a

2036 3577 2258 3633 balteus
2277 3593 2490 3632 aureus
2512 3575 2715 3632 eodem
2740 3577 2799 3630 in
2824 3575 2968 3642 loco,
2988 3579 3362 3629 monstratur.
3379 3571 3678 3636 Quomodo

2034 3671 2248 3731 autem,
2283 3669 2384 3720 aut
2429 3681 2547 3735 qua
2576 3663 2646 3718 de
2690 3679 2868 3718 causa
2898 3663 2968 3717 ad
3002 3662 3299 3717 Oceanum
3335 3659 3672 3729 pervenerit,

2035 3773 2095 3810 se
2119 3754 2343 3810 nescire
2361 3753 2582 3808 dicunt.
2607 3754 2739 3817 Quae
2764 3756 2958 3806 autem
2980 3752 3037 3805 in
3065 3750 3274 3819 templo
3299 3752 3438 3805 sunt
3459 3746 3686 3802 colum-

2039 3862 2144 3910 nae,
2173 3859 2242 3898 ex
2274 3858 2413 3896 auro
2447 3845 2803 3910 argentoque
2835 3839 3008 3894 simul
3036 3839 3186 3902 fuso,
3213 3837 3345 3892 etin
3373 3851 3555 3890 unum
3589 3850 3684 3889 co-

2035 3932 2215 3986 lorem
2250 3929 2480 3983 redacto
2512 3928 2695 3983 factas
2731 3943 2856 3981 esse
2889 3934 3100 3982 narrat.
3145 3925 3284 3980 Esse
3317 3930 3509 3978 autem
3543 3937 3684 3992 qua-

2038 4017 2417 4087 drangulares
2450 4015 2605 4070 velut
2649 4015 2908 4082 incuties,
2943 4019 2999 4068 et
3028 4029 3227 4068 eorum
3258 4010 3446 4082 capita
3480 4009 3685 4064 litteris

2040 4109 2326 4178 inscripta
2356 4110 2496 4161 sunt
2528 4121 2641 4159 non
2675 4103 2974 4174 Egyptiis,
3017 4119 3199 4172 neque
3231 4099 3466 4164 Indicis,
3501 4113 3687 4169 neque

2042 4200 2113 4256 ab
2145 4198 2342 4268 aliquo
2373 4194 2601 4265 penitus
2633 4195 2903 4264 cognitis.
2936 4192 3280 4263 Apollonius
3312 4194 3530 4254 autem,
3551 4204 3685 4243 cum

1966 4315 2010 4379 Ι)
2043 4289 2112 4344 de
2138 4287 2245 4342 hac
2276 4301 2336 4340 re
2367 4283 2696 4339 sacerdotes
2739 4282 2883 4336 nihil
2929 4282 3222 4337 dicerent:
3257 4279 3371 4334 Non
3407 4275 3689 4349 permittit

2049 4395 2150 4446 me,
2184 4377 2285 4441 ait,
2338 4376 2636 4448 [Egi/ptius
2679 4374 2928 4429 Hercules
2982 4382 3159 4428 tacere
3205 4387 3324 4441 qua:
3365 4370 3556 4423 sciam.
3599 4367 3690 4421 H2

2045 4469 2319 4524 columnae
2358 4471 2636 4521 terrarum
2684 4463 2993 4533 Oceanique
3035 4459 3319 4516 vinculum
3368 4464 3535 4514 sunt:
3577 4457 3692 4526 ipse

2045 4572 2168 4614 vero
2203 4557 2457 4612 Hercules
2486 4553 2545 4609 in
2577 4553 2732 4610 domo
2774 4554 3074 4607 Parcarum
3123 4551 3448 4620 inscripsit:
3486 4561 3555 4601 ne
3582 4561 3692 4618 qua

2046 4647 2328 4705 elementis
2375 4643 2655 4702 contentio
2700 4643 2996 4710 accideret,
3030 4641 3198 4715 nequi
3225 4638 3536 4694 amicitiam
3567 4635 3691 4691 dis-

2035 4739 2298 4810 jungant,
2334 4753 2442 4808 qua
2477 4736 2710 4790 invicem
2751 4737 3024 4788 tenentur.

2117 4828 2478 4899 Navigarunt
2505 4839 2728 4896 quoque
2766 4823 3010 4878 ﬂuvium
3057 4819 3280 4888 Baetim,
3314 4819 3410 4888 qui
3447 4814 3696 4870 maxime

2047 4927 2316 4973 naturam
2351 4915 2542 4970 ﬂuxus
2573 4919 2630 4970 et
2670 4913 2928 4968 reﬂuxus
2963 4909 3171 4967 Oceani
3195 4907 3464 4962 declarat.
3487 4905 3698 4959 Excre-

2045 5014 2242 5062 scente
2271 5006 2425 5061 enim
2473 5004 2673 5076 pelago
2708 5003 2894 5058 fontes
2936 4999 3159 5070 repetit,
3204 4995 3412 5068 spiritu
3445 4993 3695 5062 quodam

2045 5098 2242 5168 ipsum
2277 5113 2311 5152 a
2342 5093 2487 5151 mari
2517 5092 2856 5164 depellente.
2891 5089 3207 5161 Regionem
3231 5101 3362 5142 vero
3387 5084 3457 5140 ab
3488 5098 3554 5139 eo
3585 5081 3694 5136 ﬂu-

1654 5275 1879 5332 νΑΒνΕ
1917 5272 2328 5329 LECTIONES.

375 5437 423 5472 η
456 5435 780 5507 ύπανιὸντας
813 5439 917 5490 AB.
975 5434 1042 5507 λ¹³
1069 5431 1335 5507 περιττοὶ]
1365 5434 1516 5507 y,__4.

312 5577 442 5659 ἱρασῖ
473 5577 726 5654 λίθου”ς’

681 5622 704 5654 =
735 5622 746 5636 ι

826 5576 874 5613 ³³
903 5575 956 5632 οἱ
988 5595 1100 5636 om.
1135 5581 1248 5636 ΑΒ.
1325 5578 1370 5612 ²⁴
1402 5575 1591 5648 81:]v,
1626 5579 1676 5629 6.

1596 5428 1766 5470 Ιληῦυ
1810 5431 1842 5470 Δ
1881 5427 2011 5470 ενηῖ

375 5437 423 5472 η
456 5435 780 5496 ύπανιὸντας
813 5439 917 5490 AB.
999 5434 1042 5470 ¹³
1069 5431 1335 5507 περιττοὶ]
1365 5450 1420 5499 ν,
1464 5434 1516 5486 4.
1596 5431 1640 5465 ¹⁴
1670 5431 1766 5483 οὗν
1804 5431 1850 5484 Α
1881 5444 1894 5482 :
1924 5431 2014 5480 καὶ
2212 5431 2256 5461 ¹⁶
2287 5431 2379 5479 τὸν
2414 5432 2462 5482 Α
2497 5443 2510 5482 :
2553 5431 2641 5478 καὶ
2679 5431 2772 5477 τὸν
2808 5431 2888 5498 ς.
2968 5431 3014 5458 ’δ
3042 5431 3130 5475 ὅτε
3163 5431 3203 5475 Α
3232 5438 3244 5474 :
3269 5431 3355 5473 ὅτι

311 5509 410 5583 μὲν
448 5513 578 5579 Γηρ.
779 5507 821 5544 ³³
861 5525 922 5560 σο
969 5503 1050 5560 ίαν
1084 5507 1140 5562 Β.
1223 5504 1268 5540 ¹⁹
1295 5502 1385 5558 καὶ
1416 5499 1629 5577 δένδρα]
1661 5519 1717 5572 v,
1747 5502 1801 5555 5.
1878 5499 1924 5535 ²⁰
1955 5496 2014 5551 ἐκ
2044 5503 2085 5569 Α
2122 5515 2134 5552 :
2169 5493 2226 5550 δὲ
2257 5494 2316 5550 ἐκ
2505 5495 2544 5534 ²¹
2578 5499 2675 5550 τοῦ
2709 5495 2806 5566 μὲν
2835 5501 2876 5551 A
2913 5513 2926 5551 :
2958 5495 3086 5552 τοὺς
3135 5493 3228 5565 μὲν

312 5579 442 5642 φασῖ
473 5577 632 5634 λίθου
664 5578 746 5642 ς’.
826 5576 874 5613 ³³
903 5525 962 5632 οῗ
988 5595 1100 5636 om.
1135 5581 1248 5636 ΑΒ.
1325 5578 1370 5612 ²⁴
1402 5575 1506 5642 ὅτι]
1539 5593 1591 5642 v,
1626 5579 1676 5629 6.
1757 5575 1804 5608 2°
1834 5569 2036 5640 Βαίτην
2068 5574 2161 5625 ΑΒ
2196 5587 2206 5624 :
2243 5569 2408 5639 Βέτην
2600 5570 2644 5604 2⁸
2675 5567 3011 5641 πλημμυροῖ

1781 5583 1804 5606 ³
1834 5583 2036 5640 Βαιτην
2068 5583 2161 5625 ΑΒ
2196 5587 2206 5624 :
2243 5583 2408 5639 Βετην
2440 5583 2479 5640 g
2511 5610 2522 5623 .

2968 5422 3014 5458 ¹⁶
3042 5419 3130 5475 ὅτε
3163 5425 3203 5475 Α
3232 5438 3244 5474 :
3269 5417 3355 5492 ὅτι
3531 5415 3592 5492 ,1⁷
3610 5415 3703 5470 τὸν

2047 5426 2130 5500 ς’.
2212 5423 2888 5498 ¹⁶τὸνΑεκαῖτὸνς.
2968 5423 3551 5492 ¹⁶δτεΑεδτιςῖί

2057 5503 2075 5525 Α
2122 5515 2134 5525 .
2171 5493 2222 5525 2‘.
2257 5494 2312 5525 2..
2346 5496 2408 5525 ν-
2505 5495 2543 5525 ει
2578 5499 2673 5525 --τε
2711 5495 2806 5525 ..λη
2845 5501 2866 5525 Α
2914 5513 2926 5525 .
2958 5495 3086 5525 -..τη
3135 5493 3228 5525 η)...
3279 5491 3340 5525 τ’·
3437 5492 3482 5525 2:
3530 5485 3551 5525 ὲ

3438 5508 3481 5525 ⁸⁸
3530 5508 3698 5543 εκτετ.

2600 5570 2644 5604 2⁸
2675 5565 2787 5637 πλη
2801 5571 3011 5641 μμυροῖ
