4138 6224
305 397 458 458 1233

1401 404 1944 466 BIBLIOTHECA.
1993 439 2070 451 —
2115 405 2283 466 COI).
2333 408 2578 468 CCXLI.

3549 415 3701 475 1234

301 529 568 582 Βόσκουσι
601 525 659 582 δὲ
688 529 774 582 καὶ
807 529 970 602 θηρία
1019 532 1103 584 οἶα
1155 533 1262 607 οὐχ
1309 535 1550 608 ἑτέρωθι,
1601 536 1688 590 καῖ
1736 538 1910 612 ἀνθρώ

2065 541 2234 608 feras,
2265 557 2390 605 qum
2423 539 2560 596 alibi
2595 558 2886 612 nusquam
2921 543 3310 614 reperiuntur,
3344 551 3400 600 et
3433 545 3704 605 homines

302 637 438 679 πους
475 616 729 688 μέλανας,
763 620 791 672 ὃ
826 620 902 690 μή
938 617 1105 674 ἄλλαι
1147 622 1366 696 ⁹ἤπειροι
1405 644 1416 655 ·
1453 627 1741 698 ττυγμαίτυν
1781 648 1838 680 τε
1892 627 1944 680 ἐν

300 705 489 767 αὐταῖς
520 704 664 777 ἔθνη.
711 712 915 780 Υρῦπες
968 706 1024 763 δὲ
1076 707 1256 764 Ἰνδῶν
1302 714 1391 766 καὶ
1437 714 1721 788 μύρμηκες
1762 717 1946 771 Αἰθιό-

301 815 436 862 πων,
475 795 518 848 εί
551 796 639 849 καὶ
672 795 926 868 ἀνόμοιοι
958 799 1058 866 τήν
1092 796 1234 852 ἰδέαν
1269 799 1422 870 είσῖν,
1475 801 1602 857 ἀλλ’
1651 802 1820 875 ὅμοιά
1869 825 1950 878 γε,

302 882 375 945 ὥς
408 905 557 961 φασι,
603 886 919 959 βούλονται·
953 894 1163 963 χρυσοῦ
1204 891 1307 964 γὰρ
1349 889 1583 968 φύλακες
1635 891 1684 947 ἐν
1729 894 1952 970 ἑκατέρᾳ

299 970 544 1044 ᾷδονται,
576 977 638 1030 τὸ
671 978 985 1051 χρυσόγεων
1017 982 1120 1033 τῶν
1157 980 1396 1054 ἠπείρων
1426 982 1813 1056 ἀσπαζόμενοι.

371 1153 654 1210 Αἰθιόπων
688 1156 734 1192 ‘7
785 1153 842 1211 δὲ
888 1159 976 1212 καὶ
1033 1158 1347 1233 Αἰγυπτίων
1409 1161 1530 1234 ὅρια
1579 1163 1642 1217 τὸ
1681 1162 1946 1236 καλούμε-

299 1263 390 1296 νον
439 1243 746 1316 Συκάμινον
777 1265 787 1276 ·
843 1247 904 1300 οὗ
970 1249 1376 1325 παραγεγονότας
1433 1251 1526 1304 τὸν
1565 1251 1948 1308 Ἀπολλώνιον

301 1333 431 1403 [538
463 1333 555 1405 H.]
587 1337 778 1406 χρυσῷ
807 1356 864 1390 τε
895 1336 1096 1408 ἀσήμῳ
1128 1337 1290 1414 φησὶν
1323 1337 1566 1414 ἐντυχεῖν
1594 1341 1686 1395 καὶ
1719 1340 1854 1414 λίνῳ
1903 1343 1946 1378 4⁸

299 1417 388 1472 καὶ
451 1416 698 1496 ἐλὲφαντι
769 1422 858 1476 καὶ
915 1423 1088 1494 ῥίζαις
1155 1427 1243 1479 καὶ
1302 1429 1458 1501 μύρῳ
1534 1429 1620 1483 καὶ
1672 1431 1944 1502 ἅρώμασι,

301 1509 510 1562 κεῖσθαι
571 1508 626 1564 δὲ

299 1596 442 1652 αἰτία
473 1597 609 1668 αὕτη
649 1621 660 1632 '

300 1683 520 1742 δίδωσιν
556 1707 567 1721 ·
628 1690 681 1744 οἱ
735 1688 792 1745 δὲ
847 1691 1171 1766 ἀνελόμενοι
1223 1701 1393 1750 πὶσαν
1451 1695 1811 1774 ξυμφέρουσιν
1869 1701 1944 1761 εἷς

294 1773 386 1826 τὸν
447 1773 608 1830 αὐτὸν
663 1781 850 1851 χῶρον
919 1779 1120 1854 ἀγορὰν
1179 1781 1484 1856 Αἰγυπτίαν
1567 1773 1687 1838 ί’σου
1772 1786 1942 1857 ἀξίαν,

689 1512 857 1566 πάντα
915 1513 1198 1593 ἀφύλακτα
1253 1515 1304 1570 ἐν
1365 1515 1475 1588 ὁδῷ
1535 1523 1730 1592 σχιστῇ
1775 1521 1835 1576 Ἣ
1890 1520 1946 1575 δὲ

705 1600 906 1674 ἀγορὰν
939 1602 1196 1666 Αἰθίοπες
1229 1604 1526 1680 ἀπάγουσιν
1556 1609 1629 1661 ὧν
1682 1607 1945 1664 Λτθιοπία

2059 629 2258 700 nigros
2289 630 2413 686 aliae
2465 630 2640 686 nullae
2693 632 3045 687 continentis
3089 637 3278 704 partes
3313 635 3521 702 ferunt,
3557 646 3607 691 et
3641 639 3696 692 in

2055 717 2128 772 iis
2159 718 2556 788 Pygmaaorum
2617 721 2790 774 natio.
2829 720 3104 776 Indorum
3165 738 3296 776 vero
3355 725 3608 794 gryphas
3642 731 3699 781 et

2062 807 2383 879 )Elbiopum
2413 809 2684 878 formicae,
2711 825 3046 880 quanquam
3073 811 3192 864 sint
3225 811 3410 866 forma
3441 813 3700 868 dissimi-

2061 897 2161 962 tes,
2198 897 2394 951 eadem
2430 906 2621 952 tamen
2645 913 2816 968 agere
2847 899 3103 954 student.
3138 899 3280 954 Nam
3314 917 3521 957 aurum
3549 907 3699 958 utro-

2059 986 2232 1056 bique
2273 987 2562 1042 custodire
2596 988 2993 1058 perhibentur,
3041 993 3096 1044 et
3136 994 3350 1046 terram
3387 991 3700 1047 auriferam

2058 1091 2272 1130 amare.
3655 1121 3658 1126 .

2127 1167 2267 1221 Cum
2303 1183 2368 1222 eo
2401 1168 3016 1240 venissetApollonius
3051 1170 3150 1225 ubi
3180 1172 3458 1243 (Egyptus
3488 1173 3703 1228 [Ethio-

2055 1255 2266 1326 piaque
2293 1257 2634 1312 terminatur
2655 1255 3054 1328 (Sycaminum
3087 1268 3278 1314 autem
3311 1260 3408 1314 illa
3440 1262 3694 1333 vocant),

2057 1361 2262 1398 aurum
2289 1361 2401 1400 non
2417 1345 2711 1416 signatum
2738 1347 2973 1402 invenit.
2995 1347 3200 1402 Linum
3227 1354 3498 1420 praeterea
3523 1355 3698 1422 atque

2055 1433 2216 1498 ebur,
2250 1437 2305 1488 et
2327 1435 2549 1490 radices
2581 1435 2770 1490 varias
2807 1451 2819 1488 :
2859 1440 3224 1507 unguentum
3257 1435 3522 1509 insuper,
3547 1443 3600 1494 et
3623 1440 3703 1494 di-

2051 1537 2348 1578 versorum
2383 1539 2664 1594 generum
2697 1529 2978 1579 aromata.
3014 1524 3226 1580 Omnia
3260 1534 3452 1582 autem
3505 1527 3562 1582 in
3609 1529 3702 1583 via

2052 1619 2208 1667 secta
2228 1611 2354 1666 sine
2372 1613 2612 1667 custode
2639 1613 2854 1682 passim
2875 1613 3172 1681 jacebant.
3208 1613 3338 1669 Haec
3359 1631 3492 1670 vero
3526 1632 3700 1671 causa

2053 1705 2142 1755 est
2177 1717 2189 1754 :
2224 1717 2441 1756 merces
2473 1701 2757 1756 invehunt
2787 1701 3105 1773 Ethiopes,
3159 1719 3284 1774 que
3318 1704 3377 1758 in
3408 1704 3700 1776 [Ethiopia

2052 1789 2399 1862 proveniunt
2421 1810 2439 1856 ,-
2461 1790 2710 1861 Egyptii
2741 1805 2873 1846 vero
2905 1807 3004 1846 eas
3035 1807 3239 1846 omnes
3281 1809 3414 1846 cum
3441 1791 3696 1848 sustule-

296 1861 595 1936 ὠνούμενοι
635 1870 742 1920 τῶν
785 1867 966 1928 αὐτοῖς
1007 1865 1178 1924 ὄντων
1209 1871 1274 1926 ri
1315 1871 1412 1926 οὐκ
1453 1872 1600 1928 ὄντα.
1662 1876 1728 1932 Οἱ
1778 1873 1834 1929 δὲ
1881 1897 1920 1930 τε

2059 1861 2195 1946 rint,
2215 1879 2416 1933 eodem
2442 1884 2812 1949 comportant
2831 1895 3080 1934 mercem
3103 1880 3432 1951 Egyptiam
3457 1881 3694 1952 aequalis

297 1949 420 2026 ὅρια
449 1957 556 2008 τῶν
589 1954 834 2028 ἠπείρων
870 1957 1141 2020 οἰκοῦντες
1175 1957 1328 2015 οὔπω
1362 1960 1610 2034 μέλανες,
1642 1961 1765 2018 ἀλλ’
1800 1966 1940 2038 ὁμό-

296 2041 458 2118 φυλοι
491 2042 554 2097 τὸ
587 2049 812 2118 χρῶμα
856 2045 1202 2118 μελαίνονται
1235 2051 1340 2125 γὰρ
1385 2052 1434 2104 οἱ
1492 2052 1586 2122 μὲν
1632 2055 1791 2122 ἦττον
1838 2055 1938 2111 Λί-

295 2133 519 2199 θιόπων,
555 2135 609 2188 οἱ
651 2133 708 2189 δὲ
751 2135 966 2209 μᾶλλον
999 2138 1329 2214 Αἰγυπτίων,

359 2401 630 2457 Ἐντεῦθέν
672 2403 722 2438 ⁴⁹
775 2425 908 2482 φησι
977 2407 1068 2461 τὸν
1129 2407 1506 2464 Ἀπολλώνιον
1575 2417 1780 2486 χωρεῖν
1846 2411 1934 2466 ἐπὶ

289 2489 566 2562 Μένωνος,
620 2495 869 2569 ἡγεῖσθαι
930 2493 986 2550 δὲ
1040 2497 1224 2560 αὐτοῖς
1288 2502 1565 2575 μειράκιον
1616 2505 1929 2580 Αἰγύπτιον,

290 2581 564 2652 Τιμασίων
621 2584 664 2618 ⁵ο
717 2579 913 2657 ὄνομα.
985 2593 1172 2648 Κακῶς
1242 2587 1298 2644 δέ
1369 2613 1500 2669 φησι
1591 2579 1930 2670 πεπραχέναι

291 2667 671 2725 Ἀπολλώνιον
736 2673 1064 2751 ἀφικόμενον
1093 2678 1136 2715 ⁵¹
1201 2677 1252 2739 ἐς
1309 2667 1436 2740 τους
1492 2685 1598 2736 τῶν
1653 2667 1930 2740 Αἰθιόπων

290 2758 554 2828 γυμνοὺς,
587 2761 670 2814 καὶ
706 2761 814 2836 οὐχ
843 2763 1011 2837 ὅμοια
1065 2767 1137 2820 ὧν
1177 2765 1413 2838 ἐξενίσθη
1473 2772 1618 2846 παρά
1656 2775 1777 2835 τοῖς
1823 2779 1930 2830 τῶν

290 2841 476 2900 Ἰνδῶν
508 2853 812 2927 Βραχμᾶσι.
847 2853 920 2908 Τὸ
953 2851 1009 2908 δὲ
1037 2853 1230 2926 αἶ’τιον,
1282 2857 1466 2933 φησὶν,
1515 2859 1596 2915 ὅτι
1645 2862 1929 2941 Εὐφράτης

283 2953 368 2997 τις
414 2935 730 3015 φιλοσοφεῖν
781 2939 1114 3013 ἐπιτηδεύων
1164 2945 1254 2999 καὶ
1315 2947 1390 3008 εἰς
1439 2945 1700 3027 διαφορὰν
1733 2935 1928 3006 ’ἐλθὼν

279 3023 671 3100 Ἀπολλωνίῳ,
731 3031 824 3093 τάς
885 3031 1048 3095 ἀκοὰς
1124 3039 1230 3088 τῶν
1301 3041 1521 3110 γυμνῶν
1595 3046 1714 3104 ταῖς
1789 3043 1924 3096 κατὰ

276 3111 663 3172 Ἀπολλωνίου
703 3123 1092 3196 κροκατασχὼν
1142 3119 1450 3196 διαϐολαῖς,
1501 3133 1680 3190 κακῶς
1728 3130 1920 3192 αὐτοὺς

2051 1968 2218 2039 pretii
2235 1984 2248 2024 :
2265 1967 2440 2022 rebus
2455 1967 2658 2022 suisea
2679 1965 3057 2034 redimentes,
3077 1969 3292 2038 quibus
3317 1979 3570 2024 careant.
3587 1971 3691 2034 Qui

2047 2071 2179 2111 vero
2203 2055 2527 2111 continenti
2551 2055 2859 2110 viciniores
2883 2055 3173 2118 habitant.
3201 2057 3461 2112 nondum
3505 2059 3698 2114 880a

2049 2146 2220 2217 plane
2262 2145 2434 2216 nigri,
2485 2144 2672 2199 colore
2719 2161 2853 2199 vero
2913 2144 3162 2200 invicem
3215 2147 3592 2214 conveniunt,
3619 2147 3691 2201 ab

2047 2233 2175 2290 aliis
2190 2234 2423 2288 diversi.
2439 2232 2958 2302 Nigrescuntenim
2974 2234 3168 2288 minus
3184 2249 3354 2305 quam
3373 2233 3690 2304 IEthiopes,

2045 2323 2218 2395 paulo
2249 2327 2444 2377 autem
2479 2323 2662 2394 magis
2693 2339 2868 2394 quam
2903 2323 3176 2395 Egyptii.

2117 2413 2334 2468 Deinde
2373 2411 2546 2466 refert
2594 2412 2960 2482 Apollonium
2992 2411 3050 2466 in
3105 2412 3434 2468 Memnonis
3467 2413 3687 2485 regiam

2043 2503 2391 2574 pervenisse.
2427 2501 2684 2558 Ducebat
2715 2518 2810 2556 eos
2857 2501 3194 2556 adolescens
3245 2503 3548 2573 Egyptius
3580 2520 3686 2559 no-

2043 2594 2198 2649 mine
2219 2592 2480 2646 Timasii.
2501 2591 2650 2646 Male
2672 2594 2977 2660 acceptum
2997 2590 3523 2661 dicitApollonium
3549 2607 3688 2647 eun-

2041 2688 2154 2738 tem
2190 2683 2260 2736 ad
2305 2680 2832 2752 Gymnosopbistas
2863 2678 3222 2748 EtbiOpum,
3257 2683 3310 2733 et
3343 2695 3458 2734 non
3501 2679 3680 2734 simili

2039 2771 2257 2827 honore
2276 2787 2391 2843 quo
2414 2771 2486 2825 ab
2511 2770 2787 2824 Indorum
2812 2767 3188 2823 Brachmanis
3208 2767 3678 2836 ail'ectusfuerat;

2037 2867 2094 2917 et
2125 2861 2230 2916 hac
2261 2860 2496 2931 quidem
2523 2859 2592 2913 de
2611 2873 2805 2923 causa,
2827 2856 3144 2927 Euphrates
3167 2856 3404 2924 quidam
3429 2856 3684 2927 philoso-

2037 2951 2211 3024 phus,
2242 2947 2581 3004 inimicitias
2638 2963 2773 3002 cum
2832 2944 3140 3017 Apollonio
3190 2960 3410 3014 gerens,
3455 2946 3673 3002 famam

2037 3041 2324 3111 Apollonii
2353 3040 2505 3110 apud
2539 3037 3062 3110 Gymnosophistas
3095 3035 3407 3091 calumniis
3439 3036 3498 3091 in
3548 3052 3675 3092 eum

2027 3132 2198 3203 jactis
2228 3130 2517 3192 minuens,
2541 3127 2674 3181 illos
2697 3127 2752 3180 in
2781 3125 3147 3196 Apollonium
3183 3125 3469 3179 excitavit.
3491 3124 3674 3180 Multo

271 3203 412 3277 πρὸς
450 3205 608 3260 αὑτὸν
643 3205 941 3265 διακεῖσθαι
973 3215 1353 3286 παρεσκεύασε.
1389 3215 1597 3288 Πολλῷ
1628 3216 1684 3273 δὲ
1731 3221 1917 3294 κρείτ-

2041 3197 2410 3292 ὲερὶειιίὶοῐιθς
2423 3233 2550 3273 esse
2577 3217 2741 3271 Indos
2759 3214 3076 3269 Brachman
3086 3229 3149 3268 as
3165 3213 3676 3284 Gymnosopbistis

270 3311 398 3353 τους
429 3291 515 3348 ἐπὶ
547 3296 707 3373 σοφίᾳ
739 3319 792 3352 τε
821 3299 909 3353 καὶ
958 3307 1074 3362 τοῖς
1119 3301 1314 3365 ἄλλοις
1363 3303 1488 3366 τοὺς
1531 3307 1676 3380 παρὰ
1717 3305 1908 3371 Ἰνδοῖς

267 3385 602 3473 βραχμόινας
643 3391 752 3440 τῶν
803 3389 948 3464 παρά
996 3391 1220 3465 Αἰθίοψι
1269 3399 1486 3467 γυμνῶν
1533 3395 1907 3473 ἀποφαίνεται.

266 3467 449 3525 Οἷκεῖν
493 3470 550 3527 δὲ
577 3475 706 3536 τοὺς
745 3477 982 3550 γυμνοὺς
1037 3480 1357 3555 ὑπαιθρίους
1409 3484 1541 3561 τρησὶ
1573 3487 1617 3520 ⁵³
1673 3487 1762 3540 καὶ
1807 3487 1908 3541 ὗπὸ

258 3561 338 3629 τῷ
379 3559 589 3652 οιίρανῷ
642 3565 811 3638 αὐτῷ,
856 3566 944 3652 ἐπί
983 3589 1126 3634 τινος
1178 3568 1234 3626 δὲ
1279 3559 1530 3650 γηλόφου
1575 3575 1905 3652 ξυμμέτρου,

2025 3309 2325 3381 Ᾱὲιιιίορίδε
2385 3306 2546 3361 dixit.
2607 3306 2804 3362 Vivere
2835 3303 2918 3358 ait
2965 3303 3152 3357 nudos
3209 3301 3343 3356 illos
3393 3303 3505 3356 sub
3553 3301 3669 3369 dio,

2021 3399 2274 3454 incolere
2299 3401 2550 3452 montem
2579 3394 2806 3466 egregie
2829 3409 2862 3447 a
2883 3399 3088 3446 natura
3112 3391 3446 3458 formatum,
3473 3406 3674 3462 parum

2020 3507 2052 3544 a
2079 3487 2190 3542 Nili
2218 3487 2359 3558 ripis
2377 3485 2711 3540 distantem.
2750 3483 2884 3537 Mari
2917 3486 2974 3536 et
3003 3479 3132 3535 Nilo
3165 3481 3450 3552 navigans
3474 3480 3544 3534 ad
3570 3495 3668 3535 eos

2019 3575 2364 3648 Apollonius
2398 3575 2668 3630 accessit.

263 3650 457 3723 μικρὸν
517 3651 624 3708 ἀπὸ
675 3661 776 3724 τῆς
834 3651 1007 3732 ὄχθης
1057 3663 1153 3715 τοῦ
1209 3659 1434 3718 Νείλου.
1497 3650 1828 3733 Ἐποιήσατο
1892 3663 1948 3719 δὲ
2001 3665 2099 3734 τὴν
2159 3663 2296 3738 πρὸς
2351 3660 2546 3721 αὐτοὺς
2596 3657 2721 3713 ὁδὸν
2776 3659 2804 3712 ὁ
2836 3659 2880 3693 ⁵³
2919 3654 3284 3717 Απολλώνιος
3327 3655 3432 3710 ἀπὸ
3464 3653 3667 3709 θαλάσ-

261 3755 364 3805 σης
394 3737 482 3792 καὶ
515 3737 602 3794 διὰ
632 3745 728 3796 τοῦ
759 3743 999 3815 Νείλου.ἶ

335 3824 731 3904 Συνδιατρίψας
763 3835 808 3869 ⁵⁵
837 3831 893 3888 δὲ
923 3833 1006 3888 ἐπ’
1037 3835 1226 3908 ὀλίγον
1266 3839 1466 3912 χρόνον
1515 3845 1634 3902 τοῖς
1683 3848 1908 3915 γυμνοῖς

261 3916 351 3969 καὶ
403 3921 712 3991 προσειπὼν
765 3923 876 3994 ἅμα
922 3929 1038 3986 τοῖς
1089 3923 1180 3978 σὺν
1233 3926 1399 3998 αὐτῷ,
1451 3927 1774 4000 ἐπορεύοντο
1804 3932 1903 3998 τήν

261 4003 312 4066 ἐς
379 4007 444 4059 τὰ
504 4003 603 4082 ὅρη
661 4011 937 4066 τείνουσαν
999 4013 1271 4089 ἀριστεροῖ
1328 4020 1423 4070 τοῦ
1479 4017 1700 4090 Νείλου,
1777 4019 1902 4075 τάδε

259 4093 492 4184 ὁρῶντες
525 4095 691 4172 λόγον
725 4095 861 4170 ἄξια.
895 4101 962 4158 Οἱ
997 4099 1342 4159 Κατάδουποι
1368 4103 1547 4181 γεώδη
1577 4103 1702 4182 ὄρη,
1726 4129 1902 4184 παρα-

257 4179 473 4252 πλήσια
502 4189 580 4256 τῷ
621 4185 781 4260 Λυδῷ
812 4191 856 4225 ⁵⁵
903 4190 1130 4264 Τμώλῳ
1165 4211 1176 4226 ⁸
1229 4193 1528 4271 κατάρρους
1579 4194 1635 4250 δὲ
1682 4198 1772 4252 ἀπ’
1813 4197 1901 4253 αὐ-

253 4271 362 4326 τῶν
391 4275 604 4350 φέρεται
646 4277 866 4345 Νεῖλος,
899 4279 965 4348 ἢν
1017 4279 1306 4337 ἐπισπᾶται
1353 4291 1454 4357 γῆν
1499 4289 1674 4340 ποιῶν
1722 4286 1898 4364 Λίγυ-

2089 3843 2268 3898 Parvo
2293 3841 2469 3912 igitur
2493 3845 2754 3910 tempore
2785 3853 2919 3893 cum
2943 3833 3447 3909 Gymnosophistis
3465 3849 3658 3888 versa-

2014 3935 2110 3985 tus
2133 3934 2188 3984 et
2210 3929 2517 4000 disputans
2544 3943 2674 3980 cum
2701 3925 2896 3991 sociis,
2923 3925 3214 3994 protectus
3230 3926 3319 3976 est
3336 3922 3404 3976 ad
3425 3924 3656 3976 montes

2012 4019 2106 4077 via
2127 4018 2369 4073 sinistra
2391 4016 2526 4072 Nili.
2549 4015 2679 4078 Quae
2703 4019 2894 4070 autem
2927 4013 3006 4067 ibi
3032 4013 3303 4067 viderunt
3325 4015 3652 4065 memoratu

2011 4110 2188 4180 digna
2213 4112 2348 4163 sunt
2369 4107 2491 4162 haec
2516 4122 2528 4160 :
2549 4105 2850 4176 Catadupa
2867 4107 3096 4159 montes
3119 4099 3461 4167 suntterrei,
3487 4099 3655 4154 simi-

2008 4199 2092 4255 les
2122 4197 2342 4266 Tmolo,
2375 4198 2470 4267 qui
2529 4197 2586 4250 in
2621 4195 2796 4267 Lydia
2830 4197 2936 4260 est,
2971 4193 3044 4248 ab
3091 4191 3232 4263 ipsis
3263 4194 3456 4245 autem
3487 4187 3653 4244 Nilus

2007 4289 2268 4343 deﬂuens
2299 4304 2366 4342 ex
2397 4303 2463 4342 ea
2494 4301 2671 4357 quam
2706 4283 2900 4338 avellit
2927 4287 3083 4337 terra
3111 4281 3414 4352 Egyptum
3439 4277 3654 4348 impin-

253 4377 408 4414 πτον.
468 4363 532 4416 Ἦ
591 4359 648 4416 δὲ
702 4365 830 4438 ἠχὼ
897 4369 994 4420 τοῦ
1055 4368 1324 4441 ῥεύματος
1387 4359 1898 4448 καταῤῥηγνυμένου

2041 4382 2166 4433 'uat.
2194 4377 2435 4432 Sonitus
2458 4379 2651 4431 autem
2677 4373 2962 4428 ﬂuctuum
2979 4387 3008 4425 e
3033 4370 3327 4426 montibus
3348 4383 3654 4436 erumpen-

251 4451 360 4501 τῶν
392 4449 554 4523 ὀρῶν,
587 4451 677 4506 καὶ
711 4456 871 4530 ψόφῳ
906 4457 1018 4530 ἅμα
1059 4457 1111 4518 ἐς
1152 4461 1243 4514 τὸν
1289 4459 1484 4515 Νεῖλον
1515 4461 1893 4536 ἐκπίπτοντος,

252 4535 475 4610 χαλεπὴ
524 4537 674 4596 δοκεῖ
716 4543 806 4597 καὶ
853 4545 951 4600 οὐκ
1001 4546 1190 4618 ἀνεκτή
1242 4547 1468 4604 ἀκοῦσαι
1503 4569 1516 4581 ·
1558 4553 1646 4606 καὶ
1688 4535 1893 4610 πολλοὶ

247 4629 391 4718 ’τῶνΔ
415 4627 604 4718 πρόσω
661 4636 758 4686 τοῦ
829 4635 1051 4710 μετρίου
1135 4637 1527 4713 προσελθόντες
1614 4642 1889 4718 ἀνέζευξαν

249 4711 622 4782 ἀποϐαλόντες
661 4721 708 4759 ⁵⁸
735 4723 796 4778 τὸ
827 4724 1064 4784 ἀκούειν.

319 4807 572 4880 Προϊόντι
605 4810 650 4846 ⁵⁷
691 4807 748 4865 δὲ
775 4815 856 4884 τῷ
897 4813 1264 4891 Ἀπολλωνίῳ
1292 4821 1383 4873 καὶ
1413 4827 1528 4884 τοῖς
1557 4822 1692 4903 ἀμφ’
1733 4825 1890 4882 αὐτὸν

245 4896 443 4966 μαστοί
494 4898 638 4971 ὀρῶν
699 4899 979 4978 ἐφαίνοντο
1059 4908 1428 4982 παρεχόμεναι
1524 4896 1730 4988 δένδρα,
1814 4919 1888 4972 ὧν

235 4983 496 5047 Αἰθίοπες
533 4987 599 5042 τά
646 4987 834 5065 φύλλα
871 4993 961 5047 καὶ
1013 4995 1105 5049 τὸν
1157 4994 1348 5072 φλοιὸν
1408 4999 1496 5054 καὶ
1543 5003 1606 5056 τὸ
1647 4983 1887 5080 ’δάκρυον

233 5074 442 5148 καρπὸν
476 5077 757 5152 ἡγοῦνται.
791 5080 1010 5156 Ἑώρων
1056 5081 1112 5138 δὲ
1158 5085 1246 5140 καὶ
1297 5084 1515 5151 λέοντας
1559 5074 1885 5167 ἀγχοῦπῆς

2006 4469 2154 4523 tium
2189 4471 2245 4523 et
2267 4483 2398 4523 cum
2430 4466 2675 4538 strepitu
2699 4465 2758 4518 in
2786 4463 2976 4518 Nilum
3001 4460 3334 4516 cadentium
3361 4458 3650 4513 horrenda

2005 4559 2266 4630 quaedam
2297 4575 2410 4626 res,
2434 4561 2490 4612 et
2516 4553 2717 4612 auditu
2753 4550 3134 4608 intolerabilis
3167 4552 3424 4620 apparet,
3449 4546 3646 4601 multi-

2003 4663 2115 4720 que
2138 4664 2314 4720 prope
2341 4647 2680 4702 accedentes
2712 4643 2822 4717 (94)
2859 4641 3124 4697 auditum
3157 4639 3498 4694 amiserunt.

2067 4827 2406 4888 Procedenti
2429 4833 2616 4884 autem
2634 4825 2937 4900 Apollonio
2961 4823 3202 4894 ejusque
3217 4819 3531 4877 comitibus
3554 4822 3642 4872 tu-

1998 4920 2143 4976 muli
2175 4921 2573 4991 apparuerunt
2618 4917 2852 4972 arbores
2883 4915 3129 4969 ferentes
3167 4927 3178 4964 :
3211 4923 3461 4980 quarum
3505 4905 3640 4961 folia

1997 5009 2384 5079 corticemque
2413 5011 2471 5063 et
2497 5006 2783 5078 lacrymas
2835 5004 2989 5058 inter
3030 5001 3252 5056 fructus
3298 4996 3633 5066 fEtbiopum

1995 5103 2324 5154 numerant.
2351 5097 2638 5152 Viderunt
2669 5094 2840 5150 etiam
2873 5107 3043 5148 secus
3065 5090 3214 5144 viam
3252 5089 3468 5153 leones,
3494 5099 3638 5156 pan-

1583 5229 1822 5286 VARI/E
1863 5231 2284 5290 LECTIONES.

299 5329 346 5413 4‘7
391 5329 696 5413 Αζθιάπων]
750 5337 912 5413 νεὶ-2,
999 5339 1166 5413 Amici
1219 5338 1356 5413 λίνῳ
1405 5361 1521 5402 om.
1563 5348 1670 5403 AB.

223 5399 272 5435 5‘
304 5400 634 5528 dezxdgsvoc
667 5399 735 5460 Ᾰ.
813 5399 858 5442 ³²
889 5409 1013 5485 φασὶ

223 5471 268 5507 ⁵⁸
299 5473 432 5528 libri
503 5470 899 5528 ποῦάλλοντες,
978 5483 1022 5518 ⁵⁷
1051 5502 1133 5528 περ

221 5471 268 5507 ⁵⁸
299 5459 432 5531 libri
467 5459 1022 5540 duoﬁdliovrecfm‘i
1051 5459 1325 5556 τῗρόϊόντῖ]

1749 5347 1796 5382 ⁴⁹
1826 5347 2100 5422 λέντεῦθεν]
2145 5369 2218 5418 Vl,
2251 5353 2303 5408 3.

1209 5411 1258 5497 ,5:
1289 5410 1568 5498 οηιχᾼο
1645 5418 1693 5454 “
1726 5417 2024 5498 συνδιατρ.]
2055 5410 2132 5490 vi,
2175 5410 2262 5479 23.
2340 5422 2388 5456 ⁵⁵
2411 5424 2489 5492 τῷ
2520 5410 2672 5492 λυὸᾣ
2705 5425 2738 5472 Β
2779 5425 2834 5477 et
2872 5435 3022 5475 corr.
3056 5421 3104 5472 A
3135 5433 3146 5471 :
3180 5418 3286 5469 τῶν
3320 5410 3518 5470 Τυδῶν

2381 5351 2430 5384 ⁵ο
2474 5347 2739 5418 τιμασίων
2791 5349 2833 5403 Β
2865 5351 2922 5403 et
2953 5361 3100 5403 corr.
3132 5347 3180 5400 Α
3215 5361 3228 5398 :
3259 5360 3512 5414 τιμασιον

2381 5423 2489 5485 ⁵τῷ
2520 5417 2672 5485 λυδῷ
2705 5425 2738 5472 Β
2779 5425 2834 5477 et
2872 5435 3022 5475 corr.
3056 5421 3104 5472 A
3135 5433 3146 5471 :
3180 5418 3286 5469 τῶν
3323 5410 3518 5470 Τυδῶν
3618 5456 3630 5470 .

1838 5633 2069 5690 ΝΟΤᾸΕ.

293 5719 409 5791 (94)
443 5721 590 5778 Vide
620 5723 691 5781 de
722 5724 1038 5801 Gatedupis
1068 5729 1400 5792 Ciceronem
1435 5735 1494 5794 in
1526 5739 1766 5798 Somnio
1808 5742 2121 5818 Scipionis,
2155 5744 2256 5802 lib.
2290 5763 2345 5805 γι
2380 5747 2452 5802 De
2481 5743 2792 5818 republica.
