4138 6224
517 458 675 518 1235

1724 460 1992 520 PHO'I‘II
2041 460 2561 521 PATRIARCHAE
2604 461 2719 521 GP.

3759 470 3787 527 1
3797 470 3897 529 236

518 593 735 660 theras,
768 596 823 647 et
853 591 994 648 alias
1022 591 1360 660 hujusmodi
1415 593 1586 661 feras,
1631 609 1877 663 quarum
1912 595 2073 649 nulla
2106 596 2160 649 in

2280 592 2407 648 ὁδοῦ
2440 594 2527 647 καὶ
2560 590 2854 668 παρδάλεις
2886 592 2975 647 καὶ
3002 597 3224 648 τοιαῦτα
3253 593 3415 667 θηρία
3445 592 3598 668 ἐτερα
3630 612 3643 626 ’
3692 596 3840 671 ἐπῄει
3866 602 3901 634 ι²

518 697 616 736 eos
637 681 924 751 impetum
951 680 1137 735 facere
1153 681 1415 749 tentavit,
1440 683 1833 755 sedtanquam
1866 683 2165 738 hominum

518 774 894 841 conspectum
930 775 1225 840 stupentes
1262 771 1673 842 praeteribant:
1714 789 1905 829 cervos
1938 774 2169 842 insuper

517 863 574 914 et
597 874 859 929 capreas:
885 859 1366 932 struthionesque
1389 868 1445 917 et
1464 862 1660 917 asinos
1684 864 1975 918 silvestres
2007 879 2165 919 com-

517 947 740 1019 plures,
772 953 826 1003 et
851 948 1196 1005 animalium
1226 951 1382 1005 varia
1412 966 1643 1022 genera,
1676 952 1827 1007 inter
1857 970 1983 1024 quas
2009 954 2167 1007 fuere

519 1037 812 1093 silvestres
839 1038 1014 1094 boves
1045 1044 1102 1094 et
1132 1039 1492 1098 hircoboves.
1527 1042 1677 1098 Sunt
1717 1048 1911 1098 autem
1960 1044 2169 1113 hujus-

520 1127 679 1181 modi
706 1126 1041 1183 belluarum
1073 1127 1198 1183 alia
1222 1146 1291 1184 ex
1317 1145 1482 1185 cervo
1516 1130 1792 1202 hircoque
1810 1134 2165 1203 compositae,

520 1232 651 1286 quae
680 1232 747 1272 ex
776 1216 1017 1272 diversis
1076 1218 1611 1275 denominationem
1671 1221 1912 1292 capiunt
1943 1222 2167 1276 anima-

519 1302 696 1359 libus.
732 1305 879 1361 Ossa
910 1307 1146 1377 insuper
1177 1308 1518 1376 hujusmodi
1563 1310 1813 1365 ferarum
1856 1316 1911 1365 et
1944 1327 2169 1366 semesa

521 1397 857 1449 earumdem
881 1396 1541 1453 cadaverainvenerunt.
1566 1398 1779 1454 Leones
1801 1400 1952 1454 enim
1981 1400 2166 1455 calida

522 1485 716 1553 praeda
764 1484 940 1540 semel
989 1486 1257 1553 saturati,
1318 1488 1508 1543 3301)
1558 1487 1836 1559 reliquias
1913 1488 2167 1560 amplius

522 1572 803 1645 attingere
817 1574 1227 1646 dedignantur,
1243 1577 1621 1647 conﬁdentes,
1639 1580 1937 1649 utopinor,
1958 1595 2168 1634 novam

526 1678 733 1718 rursus
764 1677 826 1718 se
858 1665 1106 1733 praedam
1132 1681 1300 1734 posse
1333 1666 1544 1721 venari.

598 1750 719 1806 Illic
763 1751 1059 1823 Ethiopes
1120 1753 1386 1809 habitant
1415 1755 1677 1810 Nomades
1723 1756 2017 1827 appellati,
2074 1755 2168 1827 qui

525 1838 788 1896 civitates
809 1841 867 1895 in
893 1840 1163 1897 curribus
1183 1842 1401 1914 positas
1436 1844 1667 1901 habent.
1694 1844 1946 1901 Proximi
1976 1851 2169 1901 autem

525 1929 641 1985 illis
670 1938 826 1997 sunt,
853 1932 953 2001 qui
975 1931 1307 2001 elephantes
1325 1942 1626 2003 venantur,
1652 1934 1898 2005 illosque
1917 1935 1971 1989 in
1991 1937 2166 1990 frusta

2284 1929 2578 2007 ἐλέφαντας
2636 1933 2909 2005 θηρῶντες
2955 1950 2966 1963 ·

524 2019 743 2075 divisos
773 2022 1053 2089 vendunt,
1091 2022 1247 2077 unde
1296 2039 1618 2095 cognomen
1650 2025 1845 2095 adepti
1898 2026 2168 2095 Elephan-

526 2108 757 2177 tophagi
798 2114 1101 2165 vocantur.
1159 2110 1521 2168 Nasamones
1570 2120 1622 2167 et
1672 2113 2169 2185 Anthropophagi,

526 2197 777 2268 Pygmaei
802 2214 1034 2268 quoque
1064 2204 1122 2254 et
1171 2201 1504 2272 Sciapodes,
1556 2202 1637 2269 hi,
1680 2202 1941 2273 inquam,
1973 2220 2174 2259 omnes

524 2285 824 2356 Ethiopian
856 2292 1059 2359 gentes
1086 2297 1239 2358 sunt,
1274 2290 1615 2359 perveniunt
1645 2297 1844 2346 autem
1879 2293 1947 2346 ad
1992 2293 2171 2348 Ocea~

525 2390 660 2429 num
692 2375 1018 2447 Ethiopian,
1067 2394 1183 2449 quo
1237 2379 1424 2435 solum
1486 2379 1540 2434 vi
1587 2383 1953 2452 tempestatis
1993 2381 2170 2437 delati

523 2462 694 2518 inviti
726 2466 1044 2536 trajiciunt.

598 2554 741 2610 Cum
775 2555 860 2610 illi
890 2557 959 2612 de
1010 2557 1142 2612 feris
1191 2574 1338 2630 quas
1385 2560 1647 2616 viderant
1679 2560 2073 2632 loquerentur,
2115 2566 2171 2617 et

525 2649 797 2699 naturam
831 2644 1285 2714 admirarentur,
1320 2665 1446 2719 quas
1481 2654 1599 2704 tam
1633 2651 1793 2705 varia
1826 2651 2168 2722 diversaque

519 2733 869 2789 animalium
928 2750 1141 2805 genera
1174 2738 1377 2807 pascit,
1412 2739 1648 2794 sonitus
1675 2739 1915 2811 quidam
1966 2757 2167 2796 eorum

519 2840 691 2879 aures
724 2825 1038 2895 percussit,
1071 2831 1351 2897 tanquam
1398 2829 1620 2884 tonitru
1655 2830 1917 2884 nondum
1950 2831 2170 2886 invale-

518 2914 759 2981 scentis,
783 2915 883 2969 sed
904 2914 1095 2970 adhuc
1116 2916 1270 2971 intra
1293 2916 1468 2972 nubis
1493 2920 1906 2975 concavitatem
1932 2918 2165 2975 inclusi.

524 3000 670 3056 Tum
698 3002 996 3058 Timasion
1031 3019 1043 3059 :
1070 3006 1248 3075 Prope
1276 3010 1377 3071 est,
1412 3007 1624 3077 inquit,
1652 3023 1680 3062 ο
1700 3007 1833 3074 viri,
1865 3012 2162 3075 cataracta,

518 3106 637 3161 qua
689 3090 1101 3147 ascendentibus
1178 3096 1380 3165 prima,
1458 3095 1909 3152 descendentibus
1968 3099 2168 3153 ultima

517 3179 783 3245 occurrit,
824 3185 1061 3250 quatuor
1085 3185 1229 3237 enim
1280 3188 1428 3241 sunt.
1481 3186 1696 3243 Deinde
1752 3189 1937 3242 stadia
1984 3187 2165 3243 ferme

518 3266 712 3322 decem
738 3272 1332 3339 progressi,viderunt
1348 3273 1588 3329 ﬂuvium
1609 3292 1676 3331 ex
1691 3285 1885 3331 monte
1908 3275 2164 3332 deﬂuen-

517 3360 659 3423 tem,
688 3358 869 3412 nihilo
892 3360 1164 3428 majorem
1191 3377 1367 3432 quam
1392 3362 1619 3435 Marsya
1641 3366 1739 3434 sit,
1762 3370 1932 3435 atque
1957 3366 2165 3421 Maean-

518 3446 643 3511 der,
685 3447 783 3501 ubi
818 3446 1069 3518 primum
1106 3451 1163 3503 in
1192 3468 1371 3506 unum
1396 3453 1725 3523 conﬂuunt,
1762 3455 2008 3511 ulterius
2036 3472 2169 3514 vero

517 3542 946 3606 processerunt,
964 3554 1068 3593 nec
1086 3539 1230 3594 ullas
1249 3541 1504 3612 amplius
1530 3543 1680 3598 feras
1705 3544 1999 3600 videbant.
2024 3549 2167 3601 Nam

517 3640 651 3680 cum
679 3627 798 3682 sint
820 3633 1028 3683 natura
1059 3630 1298 3701 pavidae,
1326 3632 1495 3702 juxta
1527 3634 1757 3703 quietas
1791 3651 1968 3703 aquas
2002 3634 2168 3690 habi-

519 3718 647 3770 tant
678 3718 893 3787 potius,
928 3735 1106 3789 quam
1140 3720 1303 3788 juxta
1334 3723 1698 3792 confragosas
1729 3728 1785 3778 et
1831 3724 2167 3796 obstrepen-

514 3807 619 3859 tes.
646 3806 787 3860 Inde
819 3814 948 3877 post
982 3809 1178 3864 stadia
1204 3810 1382 3865 ferme
1405 3811 1738 3882 quindecim
1771 3812 1941 3868 aliam
1975 3814 2171 3869 audie-

518 3897 651 3948 runt
681 3899 1042 3951 cataractam
1106 3897 1402 3954 difﬁcilem
1436 3916 1578 3956 sane
1633 3906 1689 3957 et
1738 3901 2165 3958 intolerabilem

519 3982 747 4049 auditu,
764 3990 823 4040 et
844 4002 969 4055 quas
986 3986 1236 4057 priorem
1257 3987 1431 4060 duplo
1446 3991 1624 4047 ferme
1637 3999 1936 4061 superaret
1956 4010 1968 4046 :
1995 4009 2166 4063 quam

518 4088 651 4126 cum
688 4089 757 4128 ex
790 4074 913 4130 loco
946 4073 1115 4147 longe
1164 4092 1336 4145 quam
1372 4079 1525 4147 prior
1568 4078 1770 4136 altiore
1820 4082 2166 4153 praecipitari

515 4160 762 4217 vidisset
782 4162 1005 4233 Darnis,
1022 4167 1267 4221 comites
1292 4167 1671 4238 aliquos,tum
1696 4170 1869 4224 etiam
1884 4172 2165 4243 seipsum,

514 4246 597 4302 ita
632 4253 987 4321 stupefactos
1028 4255 1266 4311 auribus
1311 4258 1504 4325 refert,
1538 4262 1602 4313 ut
1649 4277 1710 4315 se
1742 4261 1813 4315 ab
1862 4262 2166 4332 Apollonio

516 4346 899 4409 semoverent,
937 4350 1326 4415 rogarentque
1349 4362 1420 4402 ne
1444 4347 1685 4404 ulterius
1710 4354 2163 4419 progrederetur.

516 4426 725 4482 Verum
765 4430 860 4485 ille
901 4440 1234 4489 constanter
1280 4435 1409 4491 Nilo
1467 4440 1714 4506 quodam
1748 4441 1982 4494 nomine
2011 4441 2169 4495 dun-

2281 680 2336 737 δὲ
2390 680 2541 737 οὐδὲν
2594 681 2798 751 αὐτοῖς,
2846 680 2971 737 ἀλλ’
3023 680 3277 752 ἀπεπήδα
3324 686 3475 759 αφῶν
3525 682 3706 759 ὥσπερ
3765 686 3899 741 ἐκπεο

2278 771 2573 847 πληγμένα
2603 770 2730 832 τοὺς
2762 771 3103 847 ἀνθρώπους.
3137 771 3372 844 ’Έλαιροι
3422 769 3479 827 δὲ
3528 772 3617 827 καὶ
3668 771 3902 847 δορκάδες

2272 864 2361 918 καὶ
2396 862 2646 935 στρουθοὶ
2686 864 2775 917 καὶ
2807 858 2945 931 ὄνοι,
2989 860 3177 917 πολλᾶ
3228 862 3321 933 μὲν
3373 862 3459 915 καὶ
3498 867 3667 917 ταῦτα
3714 865 3899 938 ἑωρᾶτο

2274 949 2503 1006 πλεῖστα
2535 948 2590 1005 δὲ
2622 954 2671 1006 οἱ
2708 950 2935 1027 βόαγροί
2968 972 3026 1005 τε
3056 951 3145 1004 καὶ
3180 950 3231 1005 οἱ
3264 950 3555 1025 βούτραγοι
3586 972 3596 983 ’
3636 954 3794 1024 [1016

2277 1041 2550 1114 σύγκειται
2584 1037 2638 1094 δὲ
2669 1042 2734 1095 τὰ
2766 1040 2927 1115 θηρία
2965 1044 3153 1107 ταῦτα,
3207 1042 3269 1094 τὸ
3322 1041 3416 1113 μὲν
3469 1039 3677 1116 ἐλάφου
3722 1064 3775 1095 τε
3820 1047 3895 1097 καὶ

2274 1130 2497 1203 τράγου,
2546 1131 2607 1184 τὸ
2653 1126 2709 1183 δὲ
2756 1130 2844 1208 ἀφ’
2895 1131 3061 1203 οὗπερ
3113 1131 3213 1199 τήν
3254 1128 3560 1203 ἐπωνυμίαν
3622 1131 3814 1205 εὕρηκε
3840 1132 3893 1187 ⁸9.

2277 1218 2375 1271 Καὶ
2422 1219 2603 1281 ὀστοῖς
2650 1216 2706 1273 δὲ
2742 1222 2953 1273 τούτων
3007 1217 3363 1293 ἐνετύγχανον
3431 1219 3521 1273 καὶ
3574 1217 3899 1294 ἡμιϐρώτοις

2278 1308 2520 1380 σώμασιν
2554 1327 2566 1339 ⁸
2602 1307 2652 1361 οἱ
2690 1308 2789 1382 γὰρ
2832 1307 3063 1378 λέοντες,
3099 1306 3314 1362 ἐπειδᾶν
3355 1310 3563 1382 θερμῆς
3592 1315 3696 1377 τῆς
3746 1312 3897 1385 θήρας

2277 1394 2687 1473 ἐμφορηθῶσιν,
2747 1396 3100 1469 ἀτιμάζουσιν
3157 1397 3324 1466 αὐτῆς
3378 1398 3447 1452 τὰ
3530 1399 3775 1472 περιττὰ,
3829 1420 3903 1453 πι-

2281 1486 2577 1557 στεύοντες,
2620 1486 2799 1560 οἶμαι,
2832 1488 2893 1541 τὸ
2919 1487 2965 1523 ⁶⁰
2994 1488 3083 1541 καὶ
3113 1484 3265 1547 αὖθις
3297 1486 3571 1560 θηράσειν.

2354 1754 2606 1808 Ἐνταῦοα
2634 1755 2675 1790 ⁶¹
2731 1749 2964 1826 νομάδες
3016 1753 3257 1807 οἰκοῦσιν
3314 1754 3591 1824 Αἰθίοπες,
3656 1754 3737 1829 ἐφ’
3784 1757 3903 1828 ἀμα-

2279 1843 2384 1910 ξῶν
2443 1840 2835 1916 πεπολισμένοι
2870 1843 2941 1913 69,
2987 1841 3077 1897 καὶ
3127 1842 3366 1913 πλησίον
3424 1843 3632 1899 τούτων
3696 1846 3745 1899 οἱ
3800 1846 3905 1905 τοὺς

3046 1934 3171 2005 [539
3232 1934 3325 2005 Η.]
3372 1936 3800 1993 κατακόπτοντες
3858 1931 3903 1987 δὲ

2282 2019 2479 2079 αὐτοὺς
2540 2022 2815 2074 ποιοῦνται
2875 2019 3093 2095 ἀγορὰν,
3151 2020 3269 2074 ὅθεν
3331 2020 3610 2093 ἐπώνυμοῖ
3678 2022 3777 2077 εἶσι
3822 2031 3902 2091 τῆς

2284 2114 2390 2163 τῶν
2423 2108 2729 2186 ἐλεφάντων
2764 2110 3019 2185 βρώσεως
3098 2115 3431 2182 Νασαμῶνες
3472 2114 3517 2148 ⁸³
3557 2109 3615 2166 δὲ
3664 2113 3754 2166 καὶ
3803 2113 3903 2166 Ἀνο

2285 2196 2544 2274 δροφάγοι
2602 2199 2690 2253 καὶ
2756 2200 3028 2272 Πυγμαῖοι
3091 2199 3181 2253 καὶ
3239 2199 3563 2267 Σκιάποδες,
3631 2200 3759 2271 ἔθνη
3826 2204 3902 2274 μὲν

2284 2288 2562 2342 Αἰθιόπων
2616 2289 2703 2342 καὶ
2752 2285 2887 2357 οἵδε,
2940 2290 3242 2359 καθήκουσι
3292 2287 3348 2343 δὲ
3397 2288 3450 2351 ἐς
3517 2290 3610 2344 τὸν
3693 2289 3905 2347 Αἰθίοπα

2283 2376 2538 2447 ὠκεανὸν,
2598 2378 2655 2431 ’ὸν
2720 2378 2879 2450 μόνον
2944 2375 3261 2447 ἐσηλέουσιν
3321 2378 3705 2453 ἀπενεχθέντες
3780 2376 3907 2433 ἄκον-

2279 2486 2365 2502 ηερ

2290 2499 2384 2529 εις.

2350 2553 2779 2627 Διαλεγομὲνους
2819 2555 2866 2590 ⁸⁸
2896 2551 2953 2609 δὲ
2986 2555 3119 2630 ὑπὲρ
3148 2561 3256 2609 τῶν
3289 2555 3492 2629 θηρίων
3525 2559 3657 2620 τοὺς
3706 2554 3895 2630 ἄνδρας,

2277 2645 2367 2698 καὶ
2422 2643 2853 2721 φιλοσοφοῦντας
2922 2644 3053 2717 ὑπὲρ
3115 2651 3215 2713 τῆς
3272 2645 3483 2723 φύσεως
3542 2644 3691 2701 ἄλλο
3740 2645 3902 2704 ἄλλως

2282 2733 2609 2808 βοσκούσης,
2671 2732 2800 2807 ἠχὼ
2868 2728 3242 2809 προσέϐαλλεν
3301 2736 3415 2787 οἷον
3490 2735 3733 2809 βροντῆς
3775 2731 3903 2789 οὔπω

2277 2821 2522 2897 σκληρᾶς
2568 2822 2713 2877 ἀλλὰ
2766 2821 2962 2893 κοίλης
3018 2819 3096 2877 ἔτι
3145 2823 3233 2877 καὶ
3285 2821 3336 2877 ἐν
3398 2829 3476 2895 τῷ
3533 2824 3710 2901 νέφει.
3755 2824 3903 2880 Καὶὸ

2277 2911 2578 2985 Τιμασίων·
2649 2912 2863 2989 Ἐγγὺς,
2932 2907 3057 2989 ἔφη,
3122 2913 3149 2968 ὁ
3218 2910 3596 2987 καταβράκτης
3686 2916 3714 2968 ὁ
3774 2916 3899 2986 πρῶ-

2277 3023 2369 3065 τος
2421 3000 2513 3074 μὲν
2575 3000 2860 3071 ἀνιόντων,
2928 3002 3153 3064 ὕστατος
3204 2998 3259 3055 δὲ
3335 3003 3661 3058 κατιόντων.
3729 3003 3896 3057 Τεσσαι

2414 3088 2543 3145 8’”
3208 3087 3820 3145 2"5>”»-

2278 3112 2363 3168 ρες
2510 3112 2612 3167 αρα
2660 3113 2687 3146 ο
2772 3112 3152 3164 καυαρρακται.
3252 3108 3412 3145 ταοια
3507 3125 3529 3145 ε.
3593 3113 3725 3153 ισως
3794 3111 3897 3165 ηρῦ·

2278 3180 2521 3243 ελθὸντες
2583 3179 2708 3236 δέκα
2769 3178 2898 3235 ἰδεῖν
2960 3201 3085 3255 φασι
3144 3179 3390 3252 ποταμὸν
3448 3176 3791 3254 ἓκδιδόμενον
3819 3184 3896 3234 τοῦ

2278 3266 2459 3344 ὅρους,
2505 3270 2641 3345 μείω
2674 3268 2826 3324 οὐδὲν
2867 3271 2900 3340 ἢ
2934 3270 2985 3323 ἒν
3019 3271 3260 3343 πρώταις
3293 3264 3598 3343 ουμϐολαῖς
3643 3272 3674 3325 ὁ
3717 3278 3895 3326 Μαιαν-

2278 3358 2423 3434 ὃρος.
2458 3365 2779 3436 Χωροῦντες
2809 3360 2857 3396 6⁵
2892 3357 2949 3413 δὲ
2979 3359 3168 3433 πρόσω
3219 3359 3382 3430 θηρία
3424 3361 3518 3433 μὲν
3569 3359 3753 3416 οὐκέτι
3790 3362 3895 3433 ὁρᾷν

2280 3447 2543 3528 (ψοφοδεᾶ
2590 3451 2692 3524 γὰρ
2743 3450 2895 3527 φύσει
2949 3446 3076 3504 ὄντα
3139 3454 3454 3523 προσοικεῖν
3502 3455 3620 3511 τοῖς
3658 3450 3896 3527 γαληνοῖς

2278 3538 2432 3593 ὕδασι
2473 3537 2685 3611 μᾶλλον
2727 3540 2761 3608 ἢ
2794 3544 2908 3601 τοῖς
2944 3535 3225 3613 ῥαγδαίοις
3256 3559 3315 3593 τε
3344 3539 3434 3592 καὶ
3487 3538 3764 3614 ἐνήχοις),
3804 3537 3895 3591 ἑτέ-

2280 3649 2375 3705 ρου
2409 3627 2465 3683 δὲ
2505 3628 2875 3704 καταρῥάκτου
2925 3628 3149 3682 ἀκοῦσαι
3196 3627 3332 3701 μετά
3380 3628 3766 3683 πεντεκαίδεκά
3808 3647 3894 3680 που

2279 3716 2488 3791 στάδια,
2548 3717 2798 3793 χαλεποῦ
2856 3715 2963 3787 ἤδη
3023 3718 3113 3772 καὶ
3164 3715 3259 3771 οὐκ
3315 3718 3537 3772 ἀνεκτοῦ
3595 3717 3815 3773 ἀκοῦσαι
3840 3716 3893 3769 ⁵⁸.

2278 3805 2568 3863 διπλάσιον
2622 3808 2714 3879 μὲν
2764 3806 2863 3882 γὰρ
2907 3808 3041 3861 εἶναι
3093 3807 3255 3861 αὐτὸν
3303 3811 3401 3861 τοῦ
3454 3808 3725 3882 προτὲρου
3776 3806 3893 3879 ὀρῶν

2278 3895 2333 3952 δὲ
2366 3896 2721 3973 ὑψηλοτέρων
2751 3895 3050 3952 ἐκπίπτειν.
3084 3895 3303 3951 Ἑαυτὸν
3346 3896 3439 3969 μὲν
3493 3894 3586 3950 οὖν
3634 3896 3727 3951 καί
3768 3914 3893 3953 τινας

2274 3988 2381 4038 τῶν
2415 3984 2641 4058 ἑταίρων
2674 3986 2717 4020 ⁸⁷
2749 3982 2891 4038 οὕτω
2920 4004 2973 4037 τι
3028 3980 3432 4058 ἐγκτυπηθῆναι
3475 3983 3543 4037 τὰ
3598 3982 3715 4037 ὦτά
3756 4001 3893 4061 φησιν

2275 4072 2303 4126 ὁ
2336 4072 2528 4144 Δάμις,
2570 4072 2643 4134 ὡς
2672 4071 2832 4134 αὐτός
2863 4073 2907 4108 ⁸⁸
2952 4093 3011 4126 τε
3040 4072 3087 4107 ⁸9
3134 4070 3411 4141 ἀναζεῦξαι
3458 4075 3553 4126 τοῦ
3606 4092 3667 4127 τε
3715 4068 3891 4128 Ἀπολο

2276 4159 2477 4217 λωνίου
2509 4158 2713 4217 δεῖσθαι
2749 4163 2824 4234 μὴ
2858 4164 3047 4235 πρόσω
3089 4165 3313 4237 χωρεῖν.
3345 4162 3446 4217 Τὸν
3490 4158 3545 4215 δὲ
3593 4159 3891 4236 ὲῤῥωμὲνως

2278 4252 2365 4323 ξύν
2399 4274 2457 4308 τε
2486 4258 2563 4325 τῷ
2600 4256 2902 4326 Τιμασίωνι
2940 4251 3031 4306 καὶ
3081 4250 3249 4324 ἑτέρῳ
3297 4250 3405 4305 τινὶ
3441 4249 3687 4323 τοῦνομα
3733 4248 3894 4319 Νείλῳ

2275 4346 2370 4397 τοῦ
2423 4341 2610 4416 τρίτου
2676 4338 3049 4415 καταῤῥάκτου
3132 4335 3371 4414 ἔχεσθαι,
3457 4339 3582 4411 περὶ
3650 4340 3712 4394 οὗ
3788 4333 3895 4391 τάδε

2276 4430 2606 4507 ἀπαγγεῖλαι
2663 4430 2885 4500 ἥκοντα.
2942 4430 3373 4503 Ἐπικρεμᾶσθαι
3435 4428 3529 4501 μὲν
3584 4432 3663 4501 τῷ
3737 4424 3894 4495 Νείλῳ

517 4520 695 4585 taxat,
730 4519 1172 4594 Timasioneque
1214 4525 1651 4596 comitantibus,
1703 4534 2000 4583 cataractas
2050 4534 2166 4584 ter-

2277 4514 2519 4598 κορυφὰς
2580 4520 2689 4575 ἐκεῖ
2728 4517 2959 4575 σταδίων
3018 4519 3255 4592 μάλιστα
3310 4516 3454 4571 ὀκτὼ
3514 4515 3670 4591 ὕψος,
3728 4518 3819 4585 τὴν
3849 4510 3895 4566 δὲ

2279 4608 2303 4627 ν
2354 4612 2378 4627 η
2545 4612 2558 4627 ι
2662 4609 2675 4627 9
2911 4610 2921 4627 ι
3147 4612 3165 4623 -
3244 4605 3291 4627 r,
3480 4606 3494 4627 α
3582 4607 3593 4624 ε
3688 4606 3712 4626 τ
3820 4600 3866 4627 ἱ.

516 4604 609 4659 tias
641 4609 1076 4680 propinquavit,
1098 4614 1234 4669 inde
1256 4617 1326 4669 ad
1348 4617 1539 4671 socios
1563 4633 1852 4686 reversus,
1878 4619 2167 4674 nuntiavit

516 4710 842 4767 suspensos
873 4700 990 4755 illic
1021 4719 1151 4758 esse
1176 4703 1418 4761 vertices
1447 4704 1583 4771 Nili,
1616 4707 1928 4763 altitudine
1986 4710 2164 4764 ferme

514 4786 836 4842 stadiorum
871 4798 996 4845 octo
1033 4808 1045 4845 :
1094 4792 1281 4863 ripam
1306 4810 1436 4850 vero
1469 4810 1596 4865 quae
1644 4796 1945 4852 montibus
1974 4814 2163 4868 oppo-

514 4875 697 4944 nitur,
720 4878 1101 4949 supercilium
1134 4882 1348 4938 habere
1373 4883 1702 4956 lapicidinas
1734 4886 2161 4953 inenarrabilis,

508 4962 701 5020 fontes
731 4981 866 5023 vero
888 4984 956 5023 ex
989 4970 1284 5027 montibus
1307 4974 1621 5043 pendentes
1659 4976 1927 5032 decidere
1968 4976 2024 5030 in
2062 4992 2163 5046 pe—

509 5058 723 5111 trosam
760 5057 971 5127 ripam,
1015 5060 1150 5115 inde
1183 5061 1240 5117 in
1281 5061 1477 5119 Nilum
1511 5066 1739 5121 refundi
1772 5082 1984 5137 aquam
2016 5082 2164 5136 spu—

514 5148 770 5199 mantem
804 5152 858 5201 et
884 5152 1250 5206 aestuantem.
1305 5154 1637 5209 Accidentia
1670 5171 1825 5222 vero,
1850 5172 1978 5226 quae
2028 5156 2162 5210 inde

512 5229 777 5287 oriantur
818 5236 1167 5309 multiplicia
1198 5244 1358 5307 sunt,
1413 5241 1717 5314 magisque
1771 5244 1932 5299 varia
1984 5260 2156 5315 quam

512 5334 641 5389 quae
670 5320 727 5378 in
761 5324 890 5382 aliis
921 5328 1226 5385 cataractis
1247 5331 1542 5398 eveniunt,
1576 5337 1633 5387 et
1663 5332 1763 5403 qui
1795 5332 1912 5387 illic
1934 5350 1965 5389 e
1997 5350 2160 5389 mon-

2277 4608 2450 4685 ὅχθην
2500 4612 2600 4680 τήν
2651 4609 3028 4681 ἀντικειμένην
3076 4612 3193 4667 τοῖς
3241 4605 3419 4679 ὄρεσιν
3471 4606 3640 4683 ὀφρὺν
3664 4606 3784 4660 εἶναι
3820 4600 3895 4655 λι-

2279 4698 2545 4771 θοτομίας
2588 4697 2850 4774 ἀρρήτου,
2900 4696 2995 4759 τὰς
3037 4694 3094 4750 δὲ
3141 4695 3322 4771 πηγὰς
3369 4692 3894 4770 ἀποκρεμαννυμένας

2273 4795 2381 4844 τῶν
2415 4790 2555 4865 ὀρῶν
2591 4790 2940 4864 ὑπερπίπτειν
2969 4786 3048 4850 εἰς
3091 4788 3193 4856 τήν
3240 4783 3496 4856 πετρώδη
3545 4782 3741 4860 ὄχθην,
3786 4783 3891 4837 ava-

2274 4880 2488 4953 χεῖσθαι
2524 4877 2579 4934 δὲ
2610 4877 2809 4934 ἐκεῖθεν
2844 4878 2895 4940 ἐς
2927 4877 3016 4931 τὸν
3068 4876 3266 4933 Νεῖλον
3309 4874 3676 4948 κυμαινούσας
3724 4894 3779 4928 τε
3819 4867 3891 4925 καὶ

2274 4967 2493 5040 λευκὰς,
2552 4967 2620 5024 τά
2680 4966 2735 5022 δὲ
2791 4966 2936 5038 πάθη
2990 4966 3059 5021 τά
3111 4964 3234 5039 περὶ
3318 4965 3481 5026 αὐτὰς
3554 4958 3891 5037 ξυμϐαίνοντα

2272 5056 2698 5118 πολλαπλασίας
2731 5056 2766 5126 ἢ
2818 5058 2873 5112 αἱ
2910 5056 3170 5131 πρότεραι
3215 5049 3399 5124 οὔσας,
3442 5054 3533 5110 καὶ
3579 5055 3680 5123 τήν
3726 5048 3890 5122 πηόὡρ

2274 5167 2368 5201 σαν
2422 5144 2482 5201 ἐκ
2526 5148 2734 5203 τούτων
2782 5145 2911 5221 ἠχὼ
2956 5143 3010 5206 ἒς
3058 5145 3125 5199 τὰ
3154 5140 3256 5218 ὅρη
3291 5141 3555 5213 δυσήκοον
3608 5141 3887 5217 ἐργάζεσθαι

2271 5239 2372 5308 τήν
2405 5235 2641 5313 ἱστορίαν
2679 5237 2774 5293 τοῦ
2806 5235 3095 5313 ῥεύματος.
3148 5235 3263 5303 Τὴν
3315 5230 3373 5287 δὲ
3411 5231 3600 5309 πρόσω
3647 5228 3770 5286 ὁδὸν
3810 5229 3887 5295 τήν

2270 5326 2359 5383 ἐπὶ
2410 5328 2502 5389 τὰς
2550 5327 2770 5402 πρώτας
2818 5326 3003 5400 πηγὰς
3052 5322 3287 5400 ἄγουσαν
3338 5320 3542 5398 ἄπορον
3586 5321 3680 5394 μὲν
3740 5318 3888 5374 ἐλθεῖν

1867 5503 2110 5560 ἾΛΡιῙίΕ
2150 5503 2559 5561 LECTIONES.

584 5657 634 5692 ⁸⁸
673 5657 844 5712 ἐποίει

879 5662 1081 5741 ς·-⁸⁹
1112 5660 1309 5741 Eiian
1340 5666 1711 5741 3,4119%}
1748 5665 1974 5741 τέθηκε
2005 5667 2086 5741 ς.
2164 5669 2211 5703 ⁶⁰
2238 5667 2324 5740 τὸ]
2372 5666 2573 5741 malim
2622 5667 2719 5741 Ἑῷ·
2794 5661 3259 5741 ’ζέντίῦθαῌιν
3307 5663 3396 5741 2.5-

3472 5662 3517 5697 υ
3568 5659 3649 5713 ἐπ’
3695 5660 3892 5731 ἁμαξῶν

3484 5730 3498 5749 9
3594 5730 3607 5748 Ι
3691 5732 3718 5749 Λ
3830 5730 3876 5749 μ

514 5729 932 5812 πεπολιωμὲνόι
1124 5729 1184 5812 53:
1205 5729 1696 5812 Nacaapipvsé‘g.
1760 5739 1813 5812 Α⁶⁴
1840 5729 2081 5812 hiulei]
2109 5757 2187 5808 v1,
2218 5729 2323 5795 26:
2375 5738 2432 5812 :5
2462 5729 2780 5812 χωροῦντας
2969 5735 3013 5770 ⁸⁸
3042 5729 3267 5788 ακόὖσαί
3313 5737 3359 5789 Α
3400 5751 3414 5789 :
3472 5729 3779 5785 ἀκούεσθαι

515 5797 560 5834 ⁸⁷
592 5797 821 5873 ἑταίρων
865 5797 1012 5859 θοι-ιτ.
1046 5806 1091 5858 Α
1125 5822 1137 5860 :
1172 5798 1369 5878 ἑτέρων
1552 5797 1800 5864 δεᾎύτόν
1830 5814 1892 5869 Β,
1970 5797 2103 5865 ϐοἰξε

2130 5810 2434 5886 Αεγες.

4006 5320 4051 6083 l
