  <div class='ocr_page' id='page_1' title='image "/cluster/home/n/w/nwhite01/storage/ocr_20150623/103/hvd.32044054112495/638.png"; bbox 0 0 4100 6242; ppageno 0'>
   <div class='ocr_carea' id='block_1_1' title="bbox 311 326 472 388">
    <p class='ocr_par' dir='ltr' id='par_1_1' title="bbox 311 326 472 388">
     <span class='ocr_line' id='line_1_1' title="bbox 311 326 472 388; baseline -0.012 0"><span class='ocrx_word' id='word_1_1' title='bbox 311 330 340 388; x_wconf 90' lang='grc'><strong>1</strong></span> <span class='ocrx_word' id='word_1_2' title='bbox 353 326 472 386; x_wconf 77' lang='grc'><strong>237</strong></span> 
     </span>
    </p>
   </div>
   <div class='ocr_carea' id='block_1_2' title="bbox 311 453 1262 532">
    <p class='ocr_par' dir='ltr' id='par_1_2' title="bbox 311 453 1262 532">
     <span class='ocr_line' id='line_1_2' title="bbox 311 453 1262 532; baseline -0.007 -18"><span class='ocrx_word' id='word_1_3' title='bbox 311 479 489 532; x_wconf 75' lang='grc' dir='ltr'>φασιν,</span> <span class='ocrx_word' id='word_1_4' title='bbox 519 454 725 531; x_wconf 72' lang='grc' dir='ltr'>ἄπορον</span> <span class='ocrx_word' id='word_1_5' title='bbox 759 453 816 509; x_wconf 76' lang='grc' dir='ltr'>δὲ</span> <span class='ocrx_word' id='word_1_6' title='bbox 847 454 1216 527; x_wconf 78' lang='grc' dir='ltr'>ἐνθυμηθῆναι</span> <span class='ocrx_word' id='word_1_7' title='bbox 1253 473 1262 484; x_wconf 93' lang='grc'>·</span> 
     </span>
    </p>
   </div>
   <div class='ocr_carea' id='block_1_3' title="bbox 313 541 1962 620">
    <p class='ocr_par' dir='ltr' id='par_1_3' title="bbox 313 541 1962 620">
     <span class='ocr_line' id='line_1_3' title="bbox 313 541 1962 620; baseline -0.002 -20"><span class='ocrx_word' id='word_1_8' title='bbox 313 545 586 620; x_wconf 82' lang='grc' dir='ltr'>δαιμόνων</span> <span class='ocrx_word' id='word_1_9' title='bbox 647 541 887 615; x_wconf 80' lang='grc' dir='ltr'>ᾅδουσιν,</span> <span class='ocrx_word' id='word_1_10' title='bbox 947 545 1038 598; x_wconf 84' lang='grc' dir='ltr'>οἷα</span> <span class='ocrx_word' id='word_1_11' title='bbox 1097 544 1186 598; x_wconf 78' lang='grc' dir='ltr'><strong>καὶ</strong></span> <span class='ocrx_word' id='word_1_12' title='bbox 1259 541 1510 617; x_wconf 79' lang='grc' dir='ltr'>Πινδάρῳ</span> <span class='ocrx_word' id='word_1_13' title='bbox 1567 544 1703 598; x_wconf 74' lang='grc' dir='ltr'>κατὰ</span> <span class='ocrx_word' id='word_1_14' title='bbox 1772 543 1962 620; x_wconf 59' lang='grc' dir='ltr'>σουίαν</span> 
     </span>
    </p>
   </div>
   <div class='ocr_carea' id='block_1_4' title="bbox 313 630 1963 709">
    <p class='ocr_par' dir='ltr' id='par_1_4' title="bbox 313 630 1963 709">
     <span class='ocr_line' id='line_1_4' title="bbox 313 630 1963 709; baseline -0.002 -19"><span class='ocrx_word' id='word_1_15' title='bbox 313 635 552 709; x_wconf 72' lang='grc' dir='ltr'>ὕμνηται</span> <span class='ocrx_word' id='word_1_16' title='bbox 604 635 724 708; x_wconf 82' lang='grc' dir='ltr'>περὶ</span> <span class='ocrx_word' id='word_1_17' title='bbox 775 637 870 688; x_wconf 73' lang='grc' dir='ltr'>τοῦ</span> <span class='ocrx_word' id='word_1_18' title='bbox 921 630 1198 705; x_wconf 85' lang='grc' dir='ltr'>δαίμονος,</span> <span class='ocrx_word' id='word_1_19' title='bbox 1231 633 1288 687; x_wconf 73' lang='grc' dir='ltr'>ὃν</span> <span class='ocrx_word' id='word_1_20' title='bbox 1340 638 1459 694; x_wconf 81' lang='grc' dir='ltr'>ταῖς</span> <span class='ocrx_word' id='word_1_21' title='bbox 1491 638 1695 707; x_wconf 79' lang='grc' dir='ltr'>πηγαῖς</span> <span class='ocrx_word' id='word_1_22' title='bbox 1741 632 1963 694; x_wconf 87' lang='grc' dir='ltr'>ταύταις</span> 
     </span>
    </p>
   </div>
   <div class='ocr_carea' id='block_1_5' title="bbox 315 722 1586 804">
    <p class='ocr_par' dir='ltr' id='par_1_5' title="bbox 315 722 1586 804">
     <span class='ocr_line' id='line_1_5' title="bbox 315 722 1586 804; baseline -0.002 -23"><span class='ocrx_word' id='word_1_23' title='bbox 315 726 592 804; x_wconf 75' lang='grc' dir='ltr'><strong>ἐφίστησιν</strong></span> <span class='ocrx_word' id='word_1_24' title='bbox 621 728 664 762; x_wconf 80' lang='grc'><strong>⁷⁰</strong></span> <span class='ocrx_word' id='word_1_25' title='bbox 696 725 828 797; x_wconf 73' lang='grc' dir='ltr'>ὑπὲρ</span> <span class='ocrx_word' id='word_1_26' title='bbox 859 723 1192 798; x_wconf 82' lang='grc' dir='ltr'>ξυμμετρίας</span> <span class='ocrx_word' id='word_1_27' title='bbox 1234 727 1329 778; x_wconf 80' lang='grc' dir='ltr'>τοῦ</span> <span class='ocrx_word' id='word_1_28' title='bbox 1357 722 1586 778; x_wconf 82' lang='grc' dir='ltr'><strong>Νείλου.</strong></span> 
     </span>
    </p>
   </div>
   <div class='ocr_carea' id='block_1_6' title="bbox 1405 321 2562 386">
    <p class='ocr_par' dir='ltr' id='par_1_6' title="bbox 1405 321 2562 386">
     <span class='ocr_line' id='line_1_6' title="bbox 1405 321 2562 386; baseline -0.004 -1"><span class='ocrx_word' id='word_1_29' title='bbox 1405 323 1922 386; x_wconf 83' lang='lat' dir='ltr'><strong>BIBLIOTHECA</strong></span> <span class='ocrx_word' id='word_1_30' title='bbox 1970 349 2045 366; x_wconf 85' lang='lat'><strong>---</strong></span> <span class='ocrx_word' id='word_1_31' title='bbox 2089 321 2261 381; x_wconf 85' lang='lat' dir='ltr'><strong>COD.</strong></span> <span class='ocrx_word' id='word_1_32' title='bbox 2310 321 2562 382; x_wconf 85' lang='lat' dir='ltr'><strong>CCXLI.</strong></span> 
     </span>
    </p>
   </div>
   <div class='ocr_carea' id='block_1_7' title="bbox 1317 454 1952 530">
    <p class='ocr_par' dir='ltr' id='par_1_7' title="bbox 1317 454 1952 530">
     <span class='ocr_line' id='line_1_7' title="bbox 1317 454 1952 530; baseline -0.005 -20"><span class='ocrx_word' id='word_1_33' title='bbox 1317 454 1503 510; x_wconf 83' lang='grc' dir='ltr'>πολλὰ</span> <span class='ocrx_word' id='word_1_34' title='bbox 1541 457 1646 530; x_wconf 71' lang='grc' dir='ltr'>γὰρ</span> <span class='ocrx_word' id='word_1_35' title='bbox 1693 454 1780 510; x_wconf 74' lang='grc' dir='ltr'><strong>καὶ</strong></span> <span class='ocrx_word' id='word_1_36' title='bbox 1835 455 1952 528; x_wconf 82' lang='grc' dir='ltr'>περῖ</span> 
     </span>
    </p>
   </div>
   <div class='ocr_carea' id='block_1_8' title="bbox 2071 454 3721 530">
    <p class='ocr_par' dir='ltr' id='par_1_8' title="bbox 2077 455 3721 528">
     <span class='ocr_line' id='line_1_8' title="bbox 2077 455 3721 528; baseline 0.004 -20"><span class='ocrx_word' id='word_1_37' title='bbox 2077 455 2232 510; x_wconf 82' lang='lat' dir='ltr'><strong>tibus</strong></span> <span class='ocrx_word' id='word_1_38' title='bbox 2259 462 2494 510; x_wconf 83' lang='lat' dir='ltr'><strong>resonat</strong></span> <span class='ocrx_word' id='word_1_39' title='bbox 2515 455 2709 528; x_wconf 83' lang='lat' dir='ltr'><strong>fragor</strong></span> <span class='ocrx_word' id='word_1_40' title='bbox 2737 455 3098 526; x_wconf 88' lang='lat' dir='ltr'><strong>asperrimus</strong></span> <span class='ocrx_word' id='word_1_41' title='bbox 3130 461 3238 528; x_wconf 84' lang='lat' dir='ltr'><strong>est,</strong></span> <span class='ocrx_word' id='word_1_42' title='bbox 3273 459 3328 512; x_wconf 90' lang='lat' dir='ltr'><strong>et</strong></span> <span class='ocrx_word' id='word_1_43' title='bbox 3359 459 3721 516; x_wconf 89' lang='lat' dir='ltr'><strong>inenarrabi-</strong></span> 
     </span>
    </p>
   </div>
   <div class='ocr_carea' id='block_1_9' title="bbox 3559 324 3719 388">
    <p class='ocr_par' dir='ltr' id='par_1_9' title="bbox 3559 324 3719 388">
     <span class='ocr_line' id='line_1_9' title="bbox 3559 324 3719 388; baseline 0.013 -2"><span class='ocrx_word' id='word_1_44' title='bbox 3559 329 3586 386; x_wconf 91' lang='grc'><strong>1</strong></span> <span class='ocrx_word' id='word_1_45' title='bbox 3603 324 3719 388; x_wconf 74' lang='grc'><strong>238</strong></span> 
     </span>
    </p>
   </div>
   <div class='ocr_carea' id='block_1_10' title="bbox 2076 543 3722 619">
    <p class='ocr_par' dir='ltr' id='par_1_10' title="bbox 2076 543 3722 619">
     <span class='ocr_line' id='line_1_10' title="bbox 2076 543 3722 619; baseline 0.004 -21"><span class='ocrx_word' id='word_1_46' title='bbox 2076 544 2186 599; x_wconf 90' lang='lat' dir='ltr'><strong>lem</strong></span> <span class='ocrx_word' id='word_1_47' title='bbox 2221 543 2333 598; x_wconf 87' lang='lat' dir='ltr'><strong>Nili</strong></span> <span class='ocrx_word' id='word_1_48' title='bbox 2367 549 2560 599; x_wconf 90' lang='lat' dir='ltr'><strong>ortum</strong></span> <span class='ocrx_word' id='word_1_49' title='bbox 2593 544 2804 600; x_wconf 84' lang='lat' dir='ltr'><strong>reddit.</strong></span> <span class='ocrx_word' id='word_1_50' title='bbox 2843 543 2957 599; x_wconf 88' lang='lat' dir='ltr'><strong>Iter</strong></span> <span class='ocrx_word' id='word_1_51' title='bbox 3007 560 3137 600; x_wconf 89' lang='lat' dir='ltr'><strong>vero</strong></span> <span class='ocrx_word' id='word_1_52' title='bbox 3170 547 3324 616; x_wconf 92' lang='lat' dir='ltr'><strong>quod</strong></span> <span class='ocrx_word' id='word_1_53' title='bbox 3385 549 3454 602; x_wconf 90' lang='lat' dir='ltr'><strong>ad</strong></span> <span class='ocrx_word' id='word_1_54' title='bbox 3499 548 3722 619; x_wconf 88' lang='lat' dir='ltr'><strong>primos</strong></span> 
     </span>
    </p>
   </div>
   <div class='ocr_carea' id='block_1_11' title="bbox 2077 633 3719 706">
    <p class='ocr_par' dir='ltr' id='par_1_11' title="bbox 2077 633 3719 706">
     <span class='ocr_line' id='line_1_11' title="bbox 2077 633 3719 706; baseline 0.005 -19"><span class='ocrx_word' id='word_1_55' title='bbox 2077 635 2266 689; x_wconf 86' lang='lat' dir='ltr'><strong>fontes</strong></span> <span class='ocrx_word' id='word_1_56' title='bbox 2313 635 2494 700; x_wconf 80' lang='lat' dir='ltr'><strong>ducit,</strong></span> <span class='ocrx_word' id='word_1_57' title='bbox 2547 633 2900 706; x_wconf 88' lang='lat' dir='ltr'><strong>perarduum</strong></span> <span class='ocrx_word' id='word_1_58' title='bbox 2955 639 3060 700; x_wconf 85' lang='lat' dir='ltr'><strong>est,</strong></span> <span class='ocrx_word' id='word_1_59' title='bbox 3095 642 3147 690; x_wconf 89' lang='lat' dir='ltr'><strong>et</strong></span> <span class='ocrx_word' id='word_1_60' title='bbox 3197 652 3310 690; x_wconf 91' lang='lat' dir='ltr'><strong>non</strong></span> <span class='ocrx_word' id='word_1_61' title='bbox 3364 637 3553 692; x_wconf 87' lang='lat' dir='ltr'><strong>solum</strong></span> <span class='ocrx_word' id='word_1_62' title='bbox 3613 655 3719 694; x_wconf 88' lang='lat' dir='ltr'><strong>ac-</strong></span> 
     </span>
    </p>
   </div>
   <div class='ocr_carea' id='block_1_12' title="bbox 2075 725 3723 796">
    <p class='ocr_par' dir='ltr' id='par_1_12' title="bbox 2075 725 3723 796">
     <span class='ocr_line' id='line_1_12' title="bbox 2075 725 3723 796; baseline 0.004 -17"><span class='ocrx_word' id='word_1_63' title='bbox 2075 741 2268 792; x_wconf 88' lang='lat' dir='ltr'><strong>cessu,</strong></span> <span class='ocrx_word' id='word_1_64' title='bbox 2301 725 2492 780; x_wconf 73' lang='lat' dir='ltr'><strong>331a</strong></span> <span class='ocrx_word' id='word_1_65' title='bbox 2532 727 2630 782; x_wconf 90' lang='lat' dir='ltr'><strong>sed</strong></span> <span class='ocrx_word' id='word_1_66' title='bbox 2688 726 2938 796; x_wconf 78' lang='lat' dir='ltr'><strong>cogitatu</strong></span> <span class='ocrx_word' id='word_1_67' title='bbox 2991 725 3168 780; x_wconf 88' lang='lat' dir='ltr'><strong>etiam</strong></span> <span class='ocrx_word' id='word_1_68' title='bbox 3227 725 3484 782; x_wconf 84' lang='lat' dir='ltr'><strong>difficile.</strong></span> <span class='ocrx_word' id='word_1_69' title='bbox 3541 727 3723 785; x_wconf 87' lang='lat' dir='ltr'><strong>Multa</strong></span> 
     </span>
    </p>
   </div>
   <div class='ocr_carea' id='block_1_13' title="bbox 316 815 3720 888">
    <p class='ocr_par' dir='ltr' id='par_1_13' title="bbox 316 815 3720 888">
     <span class='ocr_line' id='line_1_13' title="bbox 316 815 3720 888; baseline 0 -16"><span class='ocrx_word' id='word_1_70' title='bbox 316 819 488 873; x_wconf 87' lang='lat' dir='ltr'><strong>etiam</strong></span> <span class='ocrx_word' id='word_1_71' title='bbox 513 817 584 872; x_wconf 90' lang='lat' dir='ltr'><strong>de</strong></span> <span class='ocrx_word' id='word_1_72' title='bbox 615 817 981 872; x_wconf 61' lang='lat' dir='ltr'><strong>damonibus</strong></span> <span class='ocrx_word' id='word_1_73' title='bbox 1011 815 1134 872; x_wconf 89' lang='lat' dir='ltr'><strong>illic</strong></span> <span class='ocrx_word' id='word_1_74' title='bbox 1163 817 1546 872; x_wconf 73' lang='lat' dir='ltr'><strong>existentibus</strong></span> <span class='ocrx_word' id='word_1_75' title='bbox 1577 816 1914 886; x_wconf 67' lang='lat' dir='ltr'><strong>praedicant,</strong></span> <span class='ocrx_word' id='word_1_76' title='bbox 1946 815 2142 886; x_wconf 92' lang='lat' dir='ltr'><strong>qualia</strong></span> <span class='ocrx_word' id='word_1_77' title='bbox 2171 816 2462 886; x_wconf 79' lang='lat' dir='ltr'><strong>sapienter</strong></span> <span class='ocrx_word' id='word_1_78' title='bbox 2491 815 2552 871; x_wconf 89' lang='lat' dir='ltr'><strong>in</strong></span> <span class='ocrx_word' id='word_1_79' title='bbox 2581 817 2706 872; x_wconf 87' lang='lat' dir='ltr'><strong>suis</strong></span> <span class='ocrx_word' id='word_1_80' title='bbox 2738 815 2973 888; x_wconf 84' lang='lat' dir='ltr'><strong>hymnis</strong></span> <span class='ocrx_word' id='word_1_81' title='bbox 3030 815 3315 872; x_wconf 77' lang='lat' dir='ltr'><strong>Pindarus</strong></span> <span class='ocrx_word' id='word_1_82' title='bbox 3356 817 3427 872; x_wconf 88' lang='lat' dir='ltr'><strong>de</strong></span> <span class='ocrx_word' id='word_1_83' title='bbox 3457 817 3720 874; x_wconf 65' lang='lat' dir='ltr'><strong>daemone</strong></span> 
     </span>
    </p>
   </div>
   <div class='ocr_carea' id='block_1_14' title="bbox 315 903 2650 977">
    <p class='ocr_par' dir='ltr' id='par_1_14' title="bbox 315 903 2650 977">
     <span class='ocr_line' id='line_1_14' title="bbox 315 903 2650 977; baseline -0.001 -14"><span class='ocrx_word' id='word_1_84' title='bbox 315 907 547 974; x_wconf 83' lang='lat' dir='ltr'><strong>cecinit,</strong></span> <span class='ocrx_word' id='word_1_85' title='bbox 581 921 754 977; x_wconf 85' lang='lat' dir='ltr'><strong>quem</strong></span> <span class='ocrx_word' id='word_1_86' title='bbox 791 905 1129 976; x_wconf 86' lang='lat' dir='ltr'><strong>hujusmodi</strong></span> <span class='ocrx_word' id='word_1_87' title='bbox 1160 906 1417 962; x_wconf 85' lang='lat' dir='ltr'><strong>fontibus</strong></span> <span class='ocrx_word' id='word_1_88' title='bbox 1449 921 1694 977; x_wconf 76' lang='lat' dir='ltr'><strong>praeesse</strong></span> <span class='ocrx_word' id='word_1_89' title='bbox 1723 905 1892 974; x_wconf 87' lang='lat' dir='ltr'><strong>dixit,</strong></span> <span class='ocrx_word' id='word_1_90' title='bbox 1917 908 1981 958; x_wconf 86' lang='lat' dir='ltr'><strong>ut</strong></span> <span class='ocrx_word' id='word_1_91' title='bbox 2009 903 2202 962; x_wconf 84' lang='lat' dir='ltr'><strong>Nilum</strong></span> <span class='ocrx_word' id='word_1_92' title='bbox 2237 905 2650 961; x_wconf 78' lang='lat' dir='ltr'><strong>moderaretur.</strong></span> 
     </span>
    </p>
   </div>
   <div class='ocr_carea' id='block_1_15' title="bbox 385 993 1964 1070">
    <p class='ocr_par' dir='ltr' id='par_1_15' title="bbox 385 993 1964 1070">
     <span class='ocr_line' id='line_1_15' title="bbox 385 993 1964 1070; baseline -0.004 -18"><span class='ocrx_word' id='word_1_93' title='bbox 385 999 510 1052; x_wconf 83' lang='grc' dir='ltr'>’Ότι</span> <span class='ocrx_word' id='word_1_94' title='bbox 541 999 584 1032; x_wconf 85' lang='grc'><strong>⁷¹</strong></span> <span class='ocrx_word' id='word_1_95' title='bbox 622 997 954 1068; x_wconf 88' lang='grc' dir='ltr'>Δομετιανόν</span> <span class='ocrx_word' id='word_1_96' title='bbox 1006 1017 1140 1070; x_wconf 72' lang='grc' dir='ltr'>ιρησι</span> <span class='ocrx_word' id='word_1_97' title='bbox 1181 997 1272 1050; x_wconf 87' lang='grc' dir='ltr'>τὸν</span> <span class='ocrx_word' id='word_1_98' title='bbox 1324 993 1550 1070; x_wconf 76' lang='grc' dir='ltr'><strong>βασιλέα</strong></span> <span class='ocrx_word' id='word_1_99' title='bbox 1597 996 1964 1068; x_wconf 71' lang='grc' dir='ltr'><strong>νομοθετῆσαι</strong></span> 
     </span>
    </p>
   </div>
   <div class='ocr_carea' id='block_1_16' title="bbox 313 1083 1964 1159">
    <p class='ocr_par' dir='ltr' id='par_1_16' title="bbox 313 1083 1964 1159">
     <span class='ocr_line' id='line_1_16' title="bbox 313 1083 1964 1159; baseline 0 -21"><span class='ocrx_word' id='word_1_100' title='bbox 313 1083 612 1159; x_wconf 76' lang='grc' dir='ltr'>εὐνούχους</span> <span class='ocrx_word' id='word_1_101' title='bbox 661 1108 718 1142; x_wconf 89' lang='grc' dir='ltr'><strong>τε</strong></span> <span class='ocrx_word' id='word_1_102' title='bbox 761 1088 835 1159; x_wconf 83' lang='grc' dir='ltr'>μή</span> <span class='ocrx_word' id='word_1_103' title='bbox 889 1090 1065 1140; x_wconf 85' lang='grc' dir='ltr'>ποιεῖν</span> <span class='ocrx_word' id='word_1_104' title='bbox 1111 1083 1202 1140; x_wconf 84' lang='grc' dir='ltr'><strong>καὶ</strong></span> <span class='ocrx_word' id='word_1_105' title='bbox 1235 1083 1516 1158; x_wconf 76' lang='grc' dir='ltr'>ἀμπέλους</span> <span class='ocrx_word' id='word_1_106' title='bbox 1571 1086 1646 1157; x_wconf 80' lang='grc' dir='ltr'>μή</span> <span class='ocrx_word' id='word_1_107' title='bbox 1698 1086 1964 1158; x_wconf 74' lang='grc' dir='ltr'>φυτεύειν,</span> 
     </span>
    </p>
   </div>
   <div class='ocr_carea' id='block_1_17' title="bbox 309 1172 1964 1248">
    <p class='ocr_par' dir='ltr' id='par_1_17' title="bbox 309 1172 1964 1248">
     <span class='ocr_line' id='line_1_17' title="bbox 309 1172 1964 1248; baseline 0.001 -21"><span class='ocrx_word' id='word_1_108' title='bbox 309 1173 458 1228; x_wconf 81' lang='grc' dir='ltr'><strong>ἀλλὰ</strong></span> <span class='ocrx_word' id='word_1_109' title='bbox 485 1175 700 1238; x_wconf 78' lang='grc' dir='ltr'>καὶτὰς</span> <span class='ocrx_word' id='word_1_110' title='bbox 733 1172 894 1237; x_wconf 74' lang='grc' dir='ltr'>οὔσας</span> <span class='ocrx_word' id='word_1_111' title='bbox 935 1173 1228 1246; x_wconf 83' lang='grc' dir='ltr'>ἐκτέμνειν.</span> <span class='ocrx_word' id='word_1_112' title='bbox 1277 1173 1466 1228; x_wconf 78' lang='grc' dir='ltr'><strong>Εἰπεῖν</strong></span> <span class='ocrx_word' id='word_1_113' title='bbox 1511 1172 1568 1227; x_wconf 73' lang='grc' dir='ltr'><strong>δὲ</strong></span> <span class='ocrx_word' id='word_1_114' title='bbox 1614 1173 1750 1248; x_wconf 82' lang='grc' dir='ltr'>πρὸς</span> <span class='ocrx_word' id='word_1_115' title='bbox 1797 1179 1964 1228; x_wconf 76' lang='grc' dir='ltr'>ταῦτα</span> 
     </span>
    </p>
   </div>
   <div class='ocr_carea' id='block_1_18' title="bbox 310 1257 1959 1336">
    <p class='ocr_par' dir='ltr' id='par_1_18' title="bbox 310 1257 1959 1336">
     <span class='ocr_line' id='line_1_18' title="bbox 310 1257 1959 1336; baseline -0.002 -18"><span class='ocrx_word' id='word_1_116' title='bbox 310 1263 404 1318; x_wconf 85' lang='grc' dir='ltr'>τὸν</span> <span class='ocrx_word' id='word_1_117' title='bbox 467 1262 848 1320; x_wconf 80' lang='grc' dir='ltr'>’Δπολλώνιον</span> <span class='ocrx_word' id='word_1_118' title='bbox 906 1263 980 1324; x_wconf 81' lang='grc' dir='ltr'>ὡς</span> <span class='ocrx_word' id='word_1_119' title='bbox 1021 1263 1162 1336; x_wconf 80' lang='grc' dir='ltr'><strong>Ἐγὼ</strong></span> <span class='ocrx_word' id='word_1_120' title='bbox 1222 1263 1314 1335; x_wconf 70' lang='grc' dir='ltr'>μὲν</span> <span class='ocrx_word' id='word_1_121' title='bbox 1373 1259 1503 1326; x_wconf 58' lang='grc' dir='ltr'>ἴσως</span> <span class='ocrx_word' id='word_1_122' title='bbox 1560 1257 1684 1316; x_wconf 70' lang='grc' dir='ltr'>οὔτε</span> <span class='ocrx_word' id='word_1_123' title='bbox 1733 1259 1959 1318; x_wconf 80' lang='grc' dir='ltr'>,αἰδοίων</span> 
     </span>
    </p>
   </div>
   <div class='ocr_carea' id='block_1_19' title="bbox 311 1349 1962 1425">
    <p class='ocr_par' dir='ltr' id='par_1_19' title="bbox 311 1349 1962 1425">
     <span class='ocr_line' id='line_1_19' title="bbox 311 1349 1962 1425; baseline -0.001 -19"><span class='ocrx_word' id='word_1_124' title='bbox 311 1349 504 1425; x_wconf 85' lang='grc' dir='ltr'>δέομαι</span> <span class='ocrx_word' id='word_1_125' title='bbox 561 1351 688 1408; x_wconf 72' lang='grc' dir='ltr'>οὕτε</span> <span class='ocrx_word' id='word_1_126' title='bbox 773 1351 944 1418; x_wconf 54' lang='grc' dir='ltr'>οἴνου,</span> <span class='ocrx_word' id='word_1_127' title='bbox 1025 1350 1226 1422; x_wconf 88' lang='grc' dir='ltr'>λέληθε</span> <span class='ocrx_word' id='word_1_128' title='bbox 1293 1349 1348 1406; x_wconf 77' lang='grc' dir='ltr'><strong>δὲ</strong></span> <span class='ocrx_word' id='word_1_129' title='bbox 1415 1353 1442 1406; x_wconf 85' lang='grc' dir='ltr'>ὁ</span> <span class='ocrx_word' id='word_1_130' title='bbox 1512 1351 1962 1424; x_wconf 70' lang='grc' dir='ltr'>θαυμασιώτατος</span> 
     </span>
    </p>
   </div>
   <div class='ocr_carea' id='block_1_20' title="bbox 309 1438 1965 1520">
    <p class='ocr_par' dir='ltr' id='par_1_20' title="bbox 309 1438 1965 1520">
     <span class='ocr_line' id='line_1_20' title="bbox 309 1438 1965 1520; baseline -0.001 -24"><span class='ocrx_word' id='word_1_131' title='bbox 309 1445 418 1496; x_wconf 80' lang='grc' dir='ltr'><strong>τῶν</strong></span> <span class='ocrx_word' id='word_1_132' title='bbox 491 1443 584 1515; x_wconf 72' lang='grc' dir='ltr'>μὲν</span> <span class='ocrx_word' id='word_1_133' title='bbox 654 1441 950 1518; x_wconf 83' lang='grc' dir='ltr'>ἀνθρώπων</span> <span class='ocrx_word' id='word_1_134' title='bbox 1029 1439 1370 1520; x_wconf 78' lang='grc' dir='ltr'>φειδόμενος,</span> <span class='ocrx_word' id='word_1_135' title='bbox 1437 1441 1536 1509; x_wconf 77' lang='grc' dir='ltr'>τήν</span> <span class='ocrx_word' id='word_1_136' title='bbox 1615 1438 1669 1495; x_wconf 78' lang='grc' dir='ltr'><strong>δὲ</strong></span> <span class='ocrx_word' id='word_1_137' title='bbox 1728 1447 1830 1518; x_wconf 78' lang='grc' dir='ltr'>γῆν</span> <span class='ocrx_word' id='word_1_138' title='bbox 1885 1439 1965 1494; x_wconf 82' lang='grc' dir='ltr'>εύ-</span> 
     </span>
    </p>
   </div>
   <div class='ocr_carea' id='block_1_21' title="bbox 312 1531 610 1606">
    <p class='ocr_par' dir='ltr' id='par_1_21' title="bbox 312 1531 610 1606">
     <span class='ocr_line' id='line_1_21' title="bbox 312 1531 610 1606; baseline 0.007 -20"><span class='ocrx_word' id='word_1_139' title='bbox 312 1531 610 1606; x_wconf 85' lang='grc' dir='ltr'>νουχίζων.</span> 
     </span>
    </p>
   </div>
   <div class='ocr_carea' id='block_1_22' title="bbox 2145 995 3722 1068">
    <p class='ocr_par' dir='ltr' id='par_1_22' title="bbox 2145 995 3722 1068">
     <span class='ocr_line' id='line_1_22' title="bbox 2145 995 3722 1068; baseline 0.003 -20"><span class='ocrx_word' id='word_1_140' title='bbox 2145 995 2239 1048; x_wconf 87' lang='lat' dir='ltr'><strong>Ait</strong></span> <span class='ocrx_word' id='word_1_141' title='bbox 2268 995 2660 1050; x_wconf 90' lang='lat' dir='ltr'><strong>Domitianum</strong></span> <span class='ocrx_word' id='word_1_142' title='bbox 2701 996 3117 1068; x_wconf 85' lang='lat' dir='ltr'><strong>imperatorem</strong></span> <span class='ocrx_word' id='word_1_143' title='bbox 3165 997 3439 1064; x_wconf 89' lang='lat' dir='ltr'><strong>vetuisse,</strong></span> <span class='ocrx_word' id='word_1_144' title='bbox 3473 1012 3545 1052; x_wconf 91' lang='lat' dir='ltr'><strong>ne</strong></span> <span class='ocrx_word' id='word_1_145' title='bbox 3592 996 3722 1068; x_wconf 90' lang='lat' dir='ltr'><strong>quis</strong></span> 
     </span>
    </p>
   </div>
   <div class='ocr_carea' id='block_1_23' title="bbox 2074 1084 3722 1156">
    <p class='ocr_par' dir='ltr' id='par_1_23' title="bbox 2074 1084 3722 1156">
     <span class='ocr_line' id='line_1_23' title="bbox 2074 1084 3722 1156; baseline 0.002 -19"><span class='ocrx_word' id='word_1_146' title='bbox 2074 1087 2444 1152; x_wconf 81' lang='lat' dir='ltr'><strong>castraretur,</strong></span> <span class='ocrx_word' id='word_1_147' title='bbox 2479 1099 2550 1140; x_wconf 90' lang='lat' dir='ltr'><strong>ne</strong></span> <span class='ocrx_word' id='word_1_148' title='bbox 2580 1084 2726 1140; x_wconf 89' lang='lat' dir='ltr'><strong>vites</strong></span> <span class='ocrx_word' id='word_1_149' title='bbox 2753 1085 3108 1156; x_wconf 88' lang='lat' dir='ltr'><strong>plantentur,</strong></span> <span class='ocrx_word' id='word_1_150' title='bbox 3139 1087 3234 1142; x_wconf 87' lang='lat' dir='ltr'><strong>sed</strong></span> <span class='ocrx_word' id='word_1_151' title='bbox 3255 1087 3522 1156; x_wconf 73' lang='lat' dir='ltr'><strong>quzejam</strong></span> <span class='ocrx_word' id='word_1_152' title='bbox 3559 1085 3722 1156; x_wconf 88' lang='lat' dir='ltr'><strong>plan-</strong></span> 
     </span>
    </p>
   </div>
   <div class='ocr_carea' id='block_1_24' title="bbox 2071 1174 3716 1246">
    <p class='ocr_par' dir='ltr' id='par_1_24' title="bbox 2071 1174 3716 1246">
     <span class='ocr_line' id='line_1_24' title="bbox 2071 1174 3716 1246; baseline 0.002 -20"><span class='ocrx_word' id='word_1_153' title='bbox 2071 1177 2203 1228; x_wconf 69' lang='lat' dir='ltr'><strong>tatm</strong></span> <span class='ocrx_word' id='word_1_154' title='bbox 2235 1174 2619 1228; x_wconf 88' lang='lat' dir='ltr'><strong>essentetiam</strong></span> <span class='ocrx_word' id='word_1_155' title='bbox 2643 1175 3140 1243; x_wconf 77' lang='lat' dir='ltr'><strong>exscinderentur,</strong></span> <span class='ocrx_word' id='word_1_156' title='bbox 3165 1180 3222 1230; x_wconf 89' lang='lat' dir='ltr'><strong>et</strong></span> <span class='ocrx_word' id='word_1_157' title='bbox 3251 1174 3625 1246; x_wconf 89' lang='lat' dir='ltr'><strong>Apollonium</strong></span> <span class='ocrx_word' id='word_1_158' title='bbox 3647 1175 3716 1230; x_wconf 91' lang='lat' dir='ltr'><strong>ad</strong></span> 
     </span>
    </p>
   </div>
   <div class='ocr_carea' id='block_1_25' title="bbox 2073 1261 3720 1335">
    <p class='ocr_par' dir='ltr' id='par_1_25' title="bbox 2073 1261 3720 1335">
     <span class='ocr_line' id='line_1_25' title="bbox 2073 1261 3720 1335; baseline 0.002 -19"><span class='ocrx_word' id='word_1_159' title='bbox 2073 1261 2191 1316; x_wconf 78' lang='lat' dir='ltr'><strong>haec</strong></span> <span class='ocrx_word' id='word_1_160' title='bbox 2222 1261 2435 1318; x_wconf 85' lang='lat' dir='ltr'><strong>dixisse</strong></span> <span class='ocrx_word' id='word_1_161' title='bbox 2469 1279 2481 1316; x_wconf 91' lang='lat'><strong>:</strong></span> <span class='ocrx_word' id='word_1_162' title='bbox 2519 1263 2656 1330; x_wconf 86' lang='lat' dir='ltr'><strong>Quia</strong></span> <span class='ocrx_word' id='word_1_163' title='bbox 2687 1279 2780 1332; x_wconf 86' lang='lat' dir='ltr'><strong>ego</strong></span> <span class='ocrx_word' id='word_1_164' title='bbox 2809 1265 3044 1335; x_wconf 79' lang='lat' dir='ltr'><strong>forsitan</strong></span> <span class='ocrx_word' id='word_1_165' title='bbox 3075 1279 3175 1318; x_wconf 80' lang='lat' dir='ltr'><strong>nec</strong></span> <span class='ocrx_word' id='word_1_166' title='bbox 3218 1263 3508 1334; x_wconf 78' lang='lat' dir='ltr'><strong>pudendis,</strong></span> <span class='ocrx_word' id='word_1_167' title='bbox 3541 1279 3720 1334; x_wconf 76' lang='lat' dir='ltr'><strong>neque</strong></span> 
     </span>
    </p>
   </div>
   <div class='ocr_carea' id='block_1_26' title="bbox 2071 1351 3714 1422">
    <p class='ocr_par' dir='ltr' id='par_1_26' title="bbox 2071 1351 3714 1422">
     <span class='ocr_line' id='line_1_26' title="bbox 2071 1351 3714 1422; baseline 0.002 -16"><span class='ocrx_word' id='word_1_168' title='bbox 2071 1352 2196 1406; x_wconf 83' lang='lat' dir='ltr'><strong>vino</strong></span> <span class='ocrx_word' id='word_1_169' title='bbox 2227 1351 2466 1422; x_wconf 75' lang='lat' dir='ltr'><strong>indigeo.</strong></span> <span class='ocrx_word' id='word_1_170' title='bbox 2519 1353 2802 1422; x_wconf 82' lang='lat' dir='ltr'><strong>Ignoravit</strong></span> <span class='ocrx_word' id='word_1_171' title='bbox 2847 1369 2967 1408; x_wconf 84' lang='lat' dir='ltr'><strong>vero</strong></span> <span class='ocrx_word' id='word_1_172' title='bbox 2999 1355 3085 1409; x_wconf 87' lang='lat' dir='ltr'><strong>vir</strong></span> <span class='ocrx_word' id='word_1_173' title='bbox 3124 1353 3505 1420; x_wconf 73' lang='lat' dir='ltr'><strong>admirandus,</strong></span> <span class='ocrx_word' id='word_1_174' title='bbox 3540 1353 3714 1408; x_wconf 85' lang='lat' dir='ltr'><strong>homi-</strong></span> 
     </span>
    </p>
   </div>
   <div class='ocr_carea' id='block_1_27' title="bbox 2071 1442 3198 1512">
    <p class='ocr_par' dir='ltr' id='par_1_27' title="bbox 2071 1442 3198 1512">
     <span class='ocr_line' id='line_1_27' title="bbox 2071 1442 3198 1512; baseline 0.004 -18"><span class='ocrx_word' id='word_1_175' title='bbox 2071 1442 2240 1496; x_wconf 82' lang='lat' dir='ltr'><strong>nibus</strong></span> <span class='ocrx_word' id='word_1_176' title='bbox 2261 1457 2319 1496; x_wconf 83' lang='lat' dir='ltr'><strong>se</strong></span> <span class='ocrx_word' id='word_1_177' title='bbox 2343 1457 2590 1512; x_wconf 80' lang='lat' dir='ltr'><strong>parcere,</strong></span> <span class='ocrx_word' id='word_1_178' title='bbox 2623 1446 2676 1497; x_wconf 81' lang='lat' dir='ltr'><strong>et</strong></span> <span class='ocrx_word' id='word_1_179' title='bbox 2705 1451 2912 1498; x_wconf 78' lang='lat' dir='ltr'><strong>terram</strong></span> <span class='ocrx_word' id='word_1_180' title='bbox 2930 1450 3198 1500; x_wconf 79' lang='lat' dir='ltr'><strong>castrare.</strong></span> 
     </span>
    </p>
   </div>
   <div class='ocr_carea' id='block_1_28' title="bbox 385 1619 1952 1704">
    <p class='ocr_par' dir='ltr' id='par_1_28' title="bbox 385 1619 1952 1695">
     <span class='ocr_line' id='line_1_28' title="bbox 385 1619 1952 1695; baseline -0.001 -20"><span class='ocrx_word' id='word_1_181' title='bbox 385 1621 544 1694; x_wconf 85' lang='grc'><strong>[1017</strong></span> <span class='ocrx_word' id='word_1_182' title='bbox 579 1622 672 1694; x_wconf 76' lang='grc' dir='ltr'><strong>Η.]</strong></span> <span class='ocrx_word' id='word_1_183' title='bbox 703 1623 826 1678; x_wconf 79' lang='grc' dir='ltr'>’Ὀτι</span> <span class='ocrx_word' id='word_1_184' title='bbox 857 1619 909 1674; x_wconf 84' lang='grc' dir='ltr'>ἐν</span> <span class='ocrx_word' id='word_1_185' title='bbox 940 1626 1019 1694; x_wconf 82' lang='grc' dir='ltr'>τῷ</span> <span class='ocrx_word' id='word_1_186' title='bbox 1052 1621 1095 1690; x_wconf 80' lang='grc' dir='ltr'><strong>ζ’</strong></span> <span class='ocrx_word' id='word_1_187' title='bbox 1125 1621 1212 1675; x_wconf 83' lang='grc' dir='ltr'><strong>καὶ</strong></span> <span class='ocrx_word' id='word_1_188' title='bbox 1248 1621 1298 1690; x_wconf 86' lang='grc' dir='ltr'>η’</span> <span class='ocrx_word' id='word_1_189' title='bbox 1329 1619 1480 1695; x_wconf 80' lang='grc' dir='ltr'>λόγῳ</span> <span class='ocrx_word' id='word_1_190' title='bbox 1513 1620 1540 1674; x_wconf 89' lang='grc' dir='ltr'><strong>ὁ</strong></span> <span class='ocrx_word' id='word_1_191' title='bbox 1585 1619 1952 1694; x_wconf 80' lang='grc' dir='ltr'><strong>Φιλόστρατος</strong></span> 
     </span>
    </p>
   </div>
   <div class='ocr_carea' id='block_1_29' title="bbox 2071 1619 3712 1704">
    <p class='ocr_par' dir='ltr' id='par_1_29' title="bbox 2143 1621 3712 1693">
     <span class='ocr_line' id='line_1_29' title="bbox 2143 1621 3712 1693; baseline 0.002 -17"><span class='ocrx_word' id='word_1_192' title='bbox 2143 1621 2528 1678; x_wconf 85' lang='lat' dir='ltr'><strong>Philostratus</strong></span> <span class='ocrx_word' id='word_1_193' title='bbox 2561 1621 2708 1677; x_wconf 88' lang='lat' dir='ltr'><strong>libro</strong></span> <span class='ocrx_word' id='word_1_194' title='bbox 2757 1623 3006 1693; x_wconf 86' lang='lat' dir='ltr'><strong>septimo</strong></span> <span class='ocrx_word' id='word_1_195' title='bbox 3037 1627 3092 1678; x_wconf 91' lang='lat' dir='ltr'><strong>et</strong></span> <span class='ocrx_word' id='word_1_196' title='bbox 3143 1627 3340 1680; x_wconf 87' lang='lat' dir='ltr'><strong>octavo</strong></span> <span class='ocrx_word' id='word_1_197' title='bbox 3389 1623 3712 1679; x_wconf 88' lang='lat' dir='ltr'><strong>libertatem</strong></span> 
     </span>
    </p>
   </div>
   <div class='ocr_carea' id='block_1_30' title="bbox 307 1707 1960 1784">
    <p class='ocr_par' dir='ltr' id='par_1_30' title="bbox 307 1707 1960 1784">
     <span class='ocr_line' id='line_1_30' title="bbox 307 1707 1960 1784; baseline -0.002 -21"><span class='ocrx_word' id='word_1_198' title='bbox 307 1711 410 1778; x_wconf 80' lang='grc' dir='ltr'>τὴν</span> <span class='ocrx_word' id='word_1_199' title='bbox 443 1709 580 1783; x_wconf 85' lang='grc' dir='ltr'>πρὸς</span> <span class='ocrx_word' id='word_1_200' title='bbox 609 1709 736 1770; x_wconf 74' lang='grc' dir='ltr'>τοὺς</span> <span class='ocrx_word' id='word_1_201' title='bbox 774 1709 1088 1784; x_wconf 79' lang='grc' dir='ltr'>τυράννους,</span> <span class='ocrx_word' id='word_1_202' title='bbox 1119 1709 1208 1764; x_wconf 83' lang='grc' dir='ltr'><strong>καὶ</strong></span> <span class='ocrx_word' id='word_1_203' title='bbox 1247 1707 1486 1780; x_wconf 84' lang='grc' dir='ltr'>μάλιστα</span> <span class='ocrx_word' id='word_1_204' title='bbox 1527 1707 1662 1782; x_wconf 85' lang='grc' dir='ltr'>πρὸς</span> <span class='ocrx_word' id='word_1_205' title='bbox 1696 1716 1960 1778; x_wconf 83' lang='grc' dir='ltr'>Δομετια-</span> 
     </span>
    </p>
   </div>
   <div class='ocr_carea' id='block_1_31' title="bbox 310 1799 1958 1876">
    <p class='ocr_par' dir='ltr' id='par_1_31' title="bbox 310 1799 1958 1876">
     <span class='ocr_line' id='line_1_31' title="bbox 310 1799 1958 1876; baseline -0.001 -22"><span class='ocrx_word' id='word_1_206' title='bbox 310 1802 426 1872; x_wconf 81' lang='grc' dir='ltr'>νὸν,</span> <span class='ocrx_word' id='word_1_207' title='bbox 456 1804 554 1856; x_wconf 78' lang='grc' dir='ltr'>τοῦ</span> <span class='ocrx_word' id='word_1_208' title='bbox 593 1799 972 1856; x_wconf 83' lang='grc' dir='ltr'>Ἀπολλωνίου</span> <span class='ocrx_word' id='word_1_209' title='bbox 1021 1799 1324 1876; x_wconf 71' lang='grc' dir='ltr'>παρῥησίαν</span> <span class='ocrx_word' id='word_1_210' title='bbox 1371 1799 1694 1874; x_wconf 73' lang='grc' dir='ltr'>ἐξυμνησας,</span> <span class='ocrx_word' id='word_1_211' title='bbox 1749 1801 1835 1854; x_wconf 84' lang='grc' dir='ltr'><strong>καὶ</strong></span> <span class='ocrx_word' id='word_1_212' title='bbox 1883 1799 1958 1854; x_wconf 87' lang='grc' dir='ltr'><strong>εἷ’-</strong></span> 
     </span>
    </p>
   </div>
   <div class='ocr_carea' id='block_1_32' title="bbox 311 1887 1958 1967">
    <p class='ocr_par' dir='ltr' id='par_1_32' title="bbox 311 1887 1958 1967">
     <span class='ocr_line' id='line_1_32' title="bbox 311 1887 1958 1967; baseline 0 -23"><span class='ocrx_word' id='word_1_213' title='bbox 311 1891 428 1944; x_wconf 84' lang='grc' dir='ltr'>πὼν</span> <span class='ocrx_word' id='word_1_214' title='bbox 459 1887 609 1952; x_wconf 79' lang='grc' dir='ltr'>ὅπως</span> <span class='ocrx_word' id='word_1_215' title='bbox 637 1911 696 1946; x_wconf 86' lang='grc' dir='ltr'><strong>τε</strong></span> <span class='ocrx_word' id='word_1_216' title='bbox 745 1890 948 1967; x_wconf 69' lang='grc' dir='ltr'>ἐγράφη</span> <span class='ocrx_word' id='word_1_217' title='bbox 981 1891 1072 1946; x_wconf 79' lang='grc' dir='ltr'><strong>καὶ</strong></span> <span class='ocrx_word' id='word_1_218' title='bbox 1125 1891 1272 1954; x_wconf 82' lang='grc' dir='ltr'>ὅπως</span> <span class='ocrx_word' id='word_1_219' title='bbox 1304 1889 1642 1960; x_wconf 74' lang='grc' dir='ltr'>αὐτόκλητος</span> <span class='ocrx_word' id='word_1_220' title='bbox 1690 1891 1826 1962; x_wconf 79' lang='grc' dir='ltr'>πρὸς</span> <span class='ocrx_word' id='word_1_221' title='bbox 1858 1893 1958 1960; x_wconf 73' lang='grc' dir='ltr'>τήν</span> 
     </span>
    </p>
   </div>
   <div class='ocr_carea' id='block_1_33' title="bbox 312 1975 1956 2056">
    <p class='ocr_par' dir='ltr' id='par_1_33' title="bbox 312 1975 1956 2056">
     <span class='ocr_line' id='line_1_33' title="bbox 312 1975 1956 2056; baseline 0 -24"><span class='ocrx_word' id='word_1_222' title='bbox 312 1975 472 2049; x_wconf 85' lang='grc' dir='ltr'>δίκην</span> <span class='ocrx_word' id='word_1_223' title='bbox 518 1981 664 2048; x_wconf 80' lang='grc' dir='ltr'>ἣκεν,</span> <span class='ocrx_word' id='word_1_224' title='bbox 717 1980 866 2042; x_wconf 79' lang='grc' dir='ltr'>ὅπως</span> <span class='ocrx_word' id='word_1_225' title='bbox 909 2001 966 2034; x_wconf 87' lang='grc' dir='ltr'><strong>τε</strong></span> <span class='ocrx_word' id='word_1_226' title='bbox 1017 1981 1238 2054; x_wconf 87' lang='grc' dir='ltr'>γέγονεν</span> <span class='ocrx_word' id='word_1_227' title='bbox 1289 1979 1340 2033; x_wconf 82' lang='grc' dir='ltr'>ἐν</span> <span class='ocrx_word' id='word_1_228' title='bbox 1369 1982 1414 2016; x_wconf 76' lang='grc'><strong>’⁸³</strong></span> <span class='ocrx_word' id='word_1_229' title='bbox 1455 1976 1678 2052; x_wconf 82' lang='grc' dir='ltr'>ἀδέσμῳ</span> <span class='ocrx_word' id='word_1_230' title='bbox 1728 1983 1956 2056; x_wconf 74' lang='grc' dir='ltr'>φρουρᾷ.</span> 
     </span>
    </p>
   </div>
   <div class='ocr_carea' id='block_1_34' title="bbox 305 2066 1956 2144">
    <p class='ocr_par' dir='ltr' id='par_1_34' title="bbox 305 2066 1956 2144">
     <span class='ocr_line' id='line_1_34' title="bbox 305 2066 1956 2144; baseline 0 -22"><span class='ocrx_word' id='word_1_231' title='bbox 305 2068 396 2123; x_wconf 82' lang='grc' dir='ltr'><strong>καὶ</strong></span> <span class='ocrx_word' id='word_1_232' title='bbox 428 2067 577 2130; x_wconf 76' lang='grc' dir='ltr'>ὅπως</span> <span class='ocrx_word' id='word_1_233' title='bbox 625 2069 845 2144; x_wconf 78' lang='grc' dir='ltr'>ὕστερον</span> <span class='ocrx_word' id='word_1_234' title='bbox 896 2067 1052 2140; x_wconf 81' lang='grc' dir='ltr'>ἐδέθη</span> <span class='ocrx_word' id='word_1_235' title='bbox 1102 2070 1190 2124; x_wconf 89' lang='grc' dir='ltr'>καί</span> <span class='ocrx_word' id='word_1_236' title='bbox 1233 2067 1402 2138; x_wconf 81' lang='grc' dir='ltr'>ἐλύθη</span> <span class='ocrx_word' id='word_1_237' title='bbox 1435 2067 1524 2122; x_wconf 84' lang='grc' dir='ltr'><strong>καὶ</strong></span> <span class='ocrx_word' id='word_1_238' title='bbox 1574 2066 1956 2142; x_wconf 72' lang='grc' dir='ltr'>ἀπελογήσατο</span> 
     </span>
    </p>
   </div>
   <div class='ocr_carea' id='block_1_35' title="bbox 301 2155 1954 2234">
    <p class='ocr_par' dir='ltr' id='par_1_35' title="bbox 301 2155 1954 2234">
     <span class='ocr_line' id='line_1_35' title="bbox 301 2155 1954 2234; baseline -0.001 -22"><span class='ocrx_word' id='word_1_239' title='bbox 301 2157 395 2212; x_wconf 81' lang='grc' dir='ltr'><strong>καὶ</strong></span> <span class='ocrx_word' id='word_1_240' title='bbox 460 2163 557 2214; x_wconf 73' lang='grc' dir='ltr'>τοῦ</span> <span class='ocrx_word' id='word_1_241' title='bbox 636 2155 984 2234; x_wconf 70' lang='grc' dir='ltr'>δικαστηρίου</span> <span class='ocrx_word' id='word_1_242' title='bbox 1062 2159 1290 2227; x_wconf 83' lang='grc' dir='ltr'>ἀπέστη,</span> <span class='ocrx_word' id='word_1_243' title='bbox 1365 2163 1532 2212; x_wconf 71' lang='grc' dir='ltr'>ταῦτα</span> <span class='ocrx_word' id='word_1_244' title='bbox 1606 2157 1792 2226; x_wconf 79' lang='grc' dir='ltr'>εἰπὼν,</span> <span class='ocrx_word' id='word_1_245' title='bbox 1866 2157 1954 2210; x_wconf 82' lang='grc' dir='ltr'><strong>καὶ</strong></span> 
     </span>
    </p>
   </div>
   <div class='ocr_carea' id='block_1_36' title="bbox 307 2245 1952 2324">
    <p class='ocr_par' dir='ltr' id='par_1_36' title="bbox 307 2245 1952 2324">
     <span class='ocr_line' id='line_1_36' title="bbox 307 2245 1952 2324; baseline -0.001 -22"><span class='ocrx_word' id='word_1_246' title='bbox 307 2254 552 2324; x_wconf 82' lang='grc' dir='ltr'>μαγικῆς</span> <span class='ocrx_word' id='word_1_247' title='bbox 581 2247 740 2302; x_wconf 82' lang='grc' dir='ltr'>αὐτὸν</span> <span class='ocrx_word' id='word_1_248' title='bbox 776 2250 904 2320; x_wconf 76' lang='grc'><strong>[340</strong></span> <span class='ocrx_word' id='word_1_249' title='bbox 935 2249 1030 2322; x_wconf 89' lang='grc' dir='ltr'><strong>Η.]</strong></span> <span class='ocrx_word' id='word_1_250' title='bbox 1061 2245 1176 2302; x_wconf 78' lang='grc' dir='ltr'>οὐδ’</span> <span class='ocrx_word' id='word_1_251' title='bbox 1209 2248 1516 2303; x_wconf 79' lang='grc' dir='ltr'>ὁπωστιοῦν</span> <span class='ocrx_word' id='word_1_252' title='bbox 1546 2247 1592 2282; x_wconf 83' lang='grc'><strong>⁷³</strong></span> <span class='ocrx_word' id='word_1_253' title='bbox 1641 2251 1952 2320; x_wconf 82' lang='grc' dir='ltr'>μετασχεῖν,</span> 
     </span>
    </p>
   </div>
   <div class='ocr_carea' id='block_1_37' title="bbox 305 2333 1953 2408">
    <p class='ocr_par' dir='ltr' id='par_1_37' title="bbox 305 2333 1953 2408">
     <span class='ocr_line' id='line_1_37' title="bbox 305 2333 1953 2408; baseline -0.001 -17"><span class='ocrx_word' id='word_1_254' title='bbox 305 2333 454 2392; x_wconf 83' lang='grc' dir='ltr'><strong>ἀλλὰ</strong></span> <span class='ocrx_word' id='word_1_255' title='bbox 511 2335 602 2390; x_wconf 87' lang='grc' dir='ltr'><strong>καὶ</strong></span> <span class='ocrx_word' id='word_1_256' title='bbox 663 2335 716 2390; x_wconf 77' lang='grc' dir='ltr'>εἴ</span> <span class='ocrx_word' id='word_1_257' title='bbox 765 2357 848 2398; x_wconf 92' lang='grc' dir='ltr'><strong>τις</strong></span> <span class='ocrx_word' id='word_1_258' title='bbox 903 2334 1078 2398; x_wconf 76' lang='grc' dir='ltr'>ἄλλος</span> <span class='ocrx_word' id='word_1_259' title='bbox 1148 2337 1504 2408; x_wconf 85' lang='grc' dir='ltr'>μυσάττεσθαι</span> <span class='ocrx_word' id='word_1_260' title='bbox 1569 2335 1770 2405; x_wconf 88' lang='grc' dir='ltr'>ταύτην</span> <span class='ocrx_word' id='word_1_261' title='bbox 1825 2335 1953 2390; x_wconf 81' lang='grc' dir='ltr'>άπι-</span> 
     </span>
    </p>
   </div>
   <div class='ocr_carea' id='block_1_38' title="bbox 305 2423 1952 2504">
    <p class='ocr_par' dir='ltr' id='par_1_38' title="bbox 305 2423 1952 2504">
     <span class='ocr_line' id='line_1_38' title="bbox 305 2423 1952 2504; baseline -0.001 -24"><span class='ocrx_word' id='word_1_262' title='bbox 305 2425 732 2500; x_wconf 87' lang='grc' dir='ltr'>σχυρισάμενος,</span> <span class='ocrx_word' id='word_1_263' title='bbox 763 2428 942 2481; x_wconf 83' lang='grc' dir='ltr'>καίτοι</span> <span class='ocrx_word' id='word_1_264' title='bbox 1001 2425 1186 2482; x_wconf 86' lang='grc' dir='ltr'>πολλᾶ</span> <span class='ocrx_word' id='word_1_265' title='bbox 1214 2423 1492 2500; x_wconf 80' lang='grc' dir='ltr'>τερατώδη</span> <span class='ocrx_word' id='word_1_266' title='bbox 1553 2426 1772 2504; x_wconf 77' lang='grc' dir='ltr'>γράφων</span> <span class='ocrx_word' id='word_1_267' title='bbox 1831 2425 1952 2499; x_wconf 79' lang='grc' dir='ltr'>περὶ</span> 
     </span>
    </p>
   </div>
   <div class='ocr_carea' id='block_1_39' title="bbox 305 2513 1952 2591">
    <p class='ocr_par' dir='ltr' id='par_1_39' title="bbox 305 2513 1952 2591">
     <span class='ocr_line' id='line_1_39' title="bbox 305 2513 1952 2591; baseline -0.001 -21"><span class='ocrx_word' id='word_1_268' title='bbox 305 2513 494 2582; x_wconf 79' lang='grc' dir='ltr'>αὐτοῦ,</span> <span class='ocrx_word' id='word_1_269' title='bbox 527 2516 620 2571; x_wconf 87' lang='grc' dir='ltr'>τὸν</span> <span class='ocrx_word' id='word_1_270' title='bbox 664 2517 892 2570; x_wconf 86' lang='grc' dir='ltr'>θάνατον</span> <span class='ocrx_word' id='word_1_271' title='bbox 943 2513 1142 2582; x_wconf 80' lang='grc' dir='ltr'>ἄδηλον</span> <span class='ocrx_word' id='word_1_272' title='bbox 1196 2517 1286 2570; x_wconf 77' lang='grc' dir='ltr'>καὶ</span> <span class='ocrx_word' id='word_1_273' title='bbox 1338 2514 1670 2591; x_wconf 78' lang='grc' dir='ltr'>πολύφημον</span> <span class='ocrx_word' id='word_1_274' title='bbox 1727 2514 1952 2591; x_wconf 84' lang='grc' dir='ltr'>ἀναγρά-</span> 
     </span>
    </p>
   </div>
   <div class='ocr_carea' id='block_1_40' title="bbox 303 2603 1954 2682">
    <p class='ocr_par' dir='ltr' id='par_1_40' title="bbox 303 2603 1954 2682">
     <span class='ocr_line' id='line_1_40' title="bbox 303 2603 1954 2682; baseline -0.001 -23"><span class='ocrx_word' id='word_1_275' title='bbox 303 2626 392 2682; x_wconf 76' lang='grc' dir='ltr'>φει</span> <span class='ocrx_word' id='word_1_276' title='bbox 421 2607 467 2641; x_wconf 70' lang='grc' dir='ltr'><strong>τι</strong></span> <span class='ocrx_word' id='word_1_277' title='bbox 521 2604 783 2680; x_wconf 83' lang='grc' dir='ltr'>γενέσθαι,</span> <span class='ocrx_word' id='word_1_278' title='bbox 834 2605 1000 2660; x_wconf 83' lang='grc' dir='ltr'>αὐτοῦ</span> <span class='ocrx_word' id='word_1_279' title='bbox 1047 2605 1250 2660; x_wconf 81' lang='grc' dir='ltr'>ἐκείνου</span> <span class='ocrx_word' id='word_1_280' title='bbox 1297 2609 1459 2660; x_wconf 81' lang='grc' dir='ltr'>τοῦτο</span> <span class='ocrx_word' id='word_1_281' title='bbox 1499 2606 1545 2641; x_wconf 79' lang='grc'><strong>⁷⁵</strong></span> <span class='ocrx_word' id='word_1_282' title='bbox 1601 2603 1688 2659; x_wconf 83' lang='grc' dir='ltr'><strong>καὶ</strong></span> <span class='ocrx_word' id='word_1_283' title='bbox 1753 2609 1954 2673; x_wconf 79' lang='grc' dir='ltr'>ζῶντος</span> 
     </span>
    </p>
   </div>
   <div class='ocr_carea' id='block_1_41' title="bbox 309 2693 1952 2770">
    <p class='ocr_par' dir='ltr' id='par_1_41' title="bbox 309 2693 1952 2770">
     <span class='ocr_line' id='line_1_41' title="bbox 309 2693 1952 2770; baseline -0.001 -20"><span class='ocrx_word' id='word_1_284' title='bbox 309 2694 362 2750; x_wconf 74' lang='grc' dir='ltr'>ἐν</span> <span class='ocrx_word' id='word_1_285' title='bbox 409 2694 610 2770; x_wconf 77' lang='grc' dir='ltr'>μελέτῃ</span> <span class='ocrx_word' id='word_1_286' title='bbox 670 2697 1024 2770; x_wconf 72' lang='grc' dir='ltr'>ποιουμένου.</span> <span class='ocrx_word' id='word_1_287' title='bbox 1061 2696 1204 2764; x_wconf 80' lang='grc' dir='ltr'>Φησὶ</span> <span class='ocrx_word' id='word_1_288' title='bbox 1263 2694 1362 2770; x_wconf 76' lang='grc' dir='ltr'>γὰρ</span> <span class='ocrx_word' id='word_1_289' title='bbox 1419 2694 1578 2750; x_wconf 83' lang='grc' dir='ltr'>αὐτὸν</span> <span class='ocrx_word' id='word_1_290' title='bbox 1637 2693 1810 2769; x_wconf 82' lang='grc' dir='ltr'>λέγειν</span> <span class='ocrx_word' id='word_1_291' title='bbox 1869 2694 1952 2748; x_wconf 78' lang='grc' dir='ltr'><strong>ἀεὶ</strong></span> 
     </span>
    </p>
   </div>
   <div class='ocr_carea' id='block_1_42' title="bbox 305 2783 1955 2858">
    <p class='ocr_par' dir='ltr' id='par_1_42' title="bbox 305 2783 1955 2858">
     <span class='ocr_line' id='line_1_42' title="bbox 305 2783 1955 2858; baseline -0.001 -19"><span class='ocrx_word' id='word_1_292' title='bbox 305 2783 450 2839; x_wconf 88' lang='grc' dir='ltr'>Λάθε</span> <span class='ocrx_word' id='word_1_293' title='bbox 499 2784 703 2858; x_wconf 84' lang='grc' dir='ltr'>βιώσας</span> <span class='ocrx_word' id='word_1_294' title='bbox 737 2803 750 2816; x_wconf 81' lang='lat'>&#39;</span> <span class='ocrx_word' id='word_1_295' title='bbox 792 2785 836 2840; x_wconf 85' lang='grc' dir='ltr'>εἰ</span> <span class='ocrx_word' id='word_1_296' title='bbox 887 2783 944 2840; x_wconf 78' lang='grc' dir='ltr'>δὲ</span> <span class='ocrx_word' id='word_1_297' title='bbox 1005 2786 1104 2858; x_wconf 81' lang='grc' dir='ltr'>μή,</span> <span class='ocrx_word' id='word_1_298' title='bbox 1149 2784 1289 2839; x_wconf 79' lang='grc' dir='ltr'>Λάθε</span> <span class='ocrx_word' id='word_1_299' title='bbox 1345 2785 1647 2839; x_wconf 80' lang='grc' dir='ltr'>ἀποθανών.</span> <span class='ocrx_word' id='word_1_300' title='bbox 1711 2786 1955 2854; x_wconf 84' lang='grc' dir='ltr'>Ἀρεταῖς</span> 
     </span>
    </p>
   </div>
   <div class='ocr_carea' id='block_1_43' title="bbox 305 2870 1952 2949">
    <p class='ocr_par' dir='ltr' id='par_1_43' title="bbox 305 2870 1952 2949">
     <span class='ocr_line' id='line_1_43' title="bbox 305 2870 1952 2949; baseline 0 -23"><span class='ocrx_word' id='word_1_301' title='bbox 305 2870 458 2947; x_wconf 82' lang='grc' dir='ltr'>λέγει</span> <span class='ocrx_word' id='word_1_302' title='bbox 513 2873 856 2943; x_wconf 83' lang='grc' dir='ltr'>συνεζηκὲναι</span> <span class='ocrx_word' id='word_1_303' title='bbox 912 2877 1004 2930; x_wconf 85' lang='grc' dir='ltr'>τὸν</span> <span class='ocrx_word' id='word_1_304' title='bbox 1063 2871 1252 2949; x_wconf 80' lang='grc' dir='ltr'>ἂνδρα,</span> <span class='ocrx_word' id='word_1_305' title='bbox 1311 2872 1402 2928; x_wconf 88' lang='grc' dir='ltr'><strong>καὶ</strong></span> <span class='ocrx_word' id='word_1_306' title='bbox 1458 2875 1558 2942; x_wconf 79' lang='grc' dir='ltr'>τήν</span> <span class='ocrx_word' id='word_1_307' title='bbox 1627 2872 1952 2948; x_wconf 74' lang='grc' dir='ltr'>Πυθαγόρου</span> 
     </span>
    </p>
   </div>
   <div class='ocr_carea' id='block_1_44' title="bbox 305 2959 1168 3040">
    <p class='ocr_par' dir='ltr' id='par_1_44' title="bbox 305 2959 1168 3040">
     <span class='ocr_line' id='line_1_44' title="bbox 305 2959 1168 3040; baseline 0.007 -24"><span class='ocrx_word' id='word_1_308' title='bbox 305 2959 396 3016; x_wconf 69' lang='grc' dir='ltr'><strong>διὰ</strong></span> <span class='ocrx_word' id='word_1_309' title='bbox 432 2962 552 3035; x_wconf 83' lang='grc' dir='ltr'>βίου</span> <span class='ocrx_word' id='word_1_310' title='bbox 584 2965 774 3040; x_wconf 78' lang='grc' dir='ltr'>σοφίαν</span> <span class='ocrx_word' id='word_1_311' title='bbox 813 2963 1168 3034; x_wconf 75' lang='grc' dir='ltr'>ἐζηλωκέναι.</span> 
     </span>
    </p>
   </div>
   <div class='ocr_carea' id='block_1_45' title="bbox 379 3049 1948 3128">
    <p class='ocr_par' dir='ltr' id='par_1_45' title="bbox 379 3049 1948 3128">
     <span class='ocr_line' id='line_1_45' title="bbox 379 3049 1948 3128; baseline -0.001 -20"><span class='ocrx_word' id='word_1_312' title='bbox 379 3051 551 3116; x_wconf 81' lang='grc' dir='ltr'>Οὗτος</span> <span class='ocrx_word' id='word_1_313' title='bbox 581 3049 626 3106; x_wconf 86' lang='grc' dir='ltr'>δ’</span> <span class='ocrx_word' id='word_1_314' title='bbox 659 3055 688 3108; x_wconf 86' lang='grc' dir='ltr'>ὁ</span> <span class='ocrx_word' id='word_1_315' title='bbox 740 3052 1117 3128; x_wconf 85' lang='grc' dir='ltr'>Φιλόστρατος</span> <span class='ocrx_word' id='word_1_316' title='bbox 1175 3053 1488 3128; x_wconf 82' lang='grc' dir='ltr'>ἀπαγγελίᾳ</span> <span class='ocrx_word' id='word_1_317' title='bbox 1547 3053 1641 3127; x_wconf 72' lang='grc' dir='ltr'>μὲν</span> <span class='ocrx_word' id='word_1_318' title='bbox 1682 3055 1948 3127; x_wconf 83' lang='grc' dir='ltr'>κέχρηται</span> 
     </span>
    </p>
   </div>
   <div class='ocr_carea' id='block_1_46' title="bbox 299 3138 1952 3218">
    <p class='ocr_par' dir='ltr' id='par_1_46' title="bbox 299 3138 1952 3218">
     <span class='ocr_line' id='line_1_46' title="bbox 299 3138 1952 3218; baseline 0.001 -23"><span class='ocrx_word' id='word_1_319' title='bbox 299 3138 536 3217; x_wconf 75' lang='grc' dir='ltr'>γλυκείᾳ</span> <span class='ocrx_word' id='word_1_320' title='bbox 589 3141 678 3198; x_wconf 82' lang='grc' dir='ltr'><strong>καὶ</strong></span> <span class='ocrx_word' id='word_1_321' title='bbox 731 3141 1109 3218; x_wconf 74' lang='grc' dir='ltr'>ποικιλωτάτη</span> <span class='ocrx_word' id='word_1_322' title='bbox 1167 3145 1253 3200; x_wconf 80' lang='grc' dir='ltr'><strong>καὶ</strong></span> <span class='ocrx_word' id='word_1_323' title='bbox 1289 3142 1492 3214; x_wconf 83' lang='grc' dir='ltr'>λέξεσιν</span> <span class='ocrx_word' id='word_1_324' title='bbox 1551 3141 1952 3218; x_wconf 80' lang='grc' dir='ltr'>ἐμπρεπούσαις</span> 
     </span>
    </p>
   </div>
   <div class='ocr_carea' id='block_1_47' title="bbox 301 3229 1950 3308">
    <p class='ocr_par' dir='ltr' id='par_1_47' title="bbox 301 3229 1950 3308">
     <span class='ocr_line' id='line_1_47' title="bbox 301 3229 1950 3308; baseline 0.001 -24"><span class='ocrx_word' id='word_1_325' title='bbox 301 3229 498 3306; x_wconf 77' lang='grc' dir='ltr'>φράσει</span> <span class='ocrx_word' id='word_1_326' title='bbox 527 3233 776 3308; x_wconf 82' lang='grc' dir='ltr'>τοιαύτῃ,</span> <span class='ocrx_word' id='word_1_327' title='bbox 828 3233 1099 3303; x_wconf 78' lang='grc' dir='ltr'>συντάξεσι</span> <span class='ocrx_word' id='word_1_328' title='bbox 1154 3234 1336 3308; x_wconf 81' lang='grc' dir='ltr'>μέντοι</span> <span class='ocrx_word' id='word_1_329' title='bbox 1385 3255 1444 3307; x_wconf 81' lang='grc' dir='ltr'><strong>γε</strong></span> <span class='ocrx_word' id='word_1_330' title='bbox 1491 3233 1766 3294; x_wconf 79' lang='grc' dir='ltr'>τοιαύταις</span> <span class='ocrx_word' id='word_1_331' title='bbox 1805 3230 1950 3294; x_wconf 66' lang='grc' dir='ltr'>οἵαις</span> 
     </span>
    </p>
   </div>
   <div class='ocr_carea' id='block_1_48' title="bbox 299 3317 1948 3399">
    <p class='ocr_par' dir='ltr' id='par_1_48' title="bbox 299 3317 1948 3399">
     <span class='ocr_line' id='line_1_48' title="bbox 299 3317 1948 3399; baseline 0.001 -25"><span class='ocrx_word' id='word_1_332' title='bbox 299 3319 406 3374; x_wconf 75' lang='grc' dir='ltr'><strong>οὐκ</strong></span> <span class='ocrx_word' id='word_1_333' title='bbox 461 3317 522 3374; x_wconf 74' lang='grc' dir='ltr'>ἄν</span> <span class='ocrx_word' id='word_1_334' title='bbox 581 3325 666 3383; x_wconf 83' lang='grc' dir='ltr'>τῖς</span> <span class='ocrx_word' id='word_1_335' title='bbox 723 3320 896 3384; x_wconf 77' lang='grc' dir='ltr'>ἄλλος</span> <span class='ocrx_word' id='word_1_336' title='bbox 951 3322 1003 3384; x_wconf 82' lang='grc' dir='ltr'>ἐς</span> <span class='ocrx_word' id='word_1_337' title='bbox 1059 3324 1120 3378; x_wconf 90' lang='grc' dir='ltr'>τὸ</span> <span class='ocrx_word' id='word_1_338' title='bbox 1181 3325 1508 3399; x_wconf 78' lang='grc' dir='ltr'>συγγράφειν</span> <span class='ocrx_word' id='word_1_339' title='bbox 1576 3323 1902 3399; x_wconf 80' lang='grc' dir='ltr'>τεταγμένος</span> <span class='ocrx_word' id='word_1_340' title='bbox 1935 3343 1948 3355; x_wconf 91' lang='grc'><strong>·</strong></span> 
     </span>
    </p>
   </div>
   <div class='ocr_carea' id='block_1_49' title="bbox 299 3406 1947 3488">
    <p class='ocr_par' dir='ltr' id='par_1_49' title="bbox 299 3406 1947 3488">
     <span class='ocr_line' id='line_1_49' title="bbox 299 3406 1947 3488; baseline 0.001 -24"><span class='ocrx_word' id='word_1_341' title='bbox 299 3406 524 3464; x_wconf 74' lang='grc' dir='ltr'>δοκοῦσι</span> <span class='ocrx_word' id='word_1_342' title='bbox 595 3409 696 3488; x_wconf 86' lang='grc' dir='ltr'><strong>γάρ</strong></span> <span class='ocrx_word' id='word_1_343' title='bbox 755 3433 870 3473; x_wconf 88' lang='grc' dir='ltr'><strong>πως</strong></span> <span class='ocrx_word' id='word_1_344' title='bbox 949 3412 1264 3482; x_wconf 81' lang='grc' dir='ltr'>ἀσυνταξίας</span> <span class='ocrx_word' id='word_1_345' title='bbox 1343 3411 1554 3486; x_wconf 80' lang='grc' dir='ltr'>μᾶλλον</span> <span class='ocrx_word' id='word_1_346' title='bbox 1623 3412 1852 3466; x_wconf 82' lang='grc' dir='ltr'>ἐοικέναι</span> <span class='ocrx_word' id='word_1_347' title='bbox 1912 3411 1947 3480; x_wconf 73' lang='grc' dir='ltr'><strong>ἢ</strong></span> 
     </span>
    </p>
   </div>
   <div class='ocr_carea' id='block_1_50' title="bbox 297 3495 1948 3573">
    <p class='ocr_par' dir='ltr' id='par_1_50' title="bbox 297 3495 1948 3573">
     <span class='ocr_line' id='line_1_50' title="bbox 297 3495 1948 3573; baseline 0.001 -22"><span class='ocrx_word' id='word_1_348' title='bbox 297 3495 604 3565; x_wconf 80' lang='grc' dir='ltr'>συντάξεως</span> <span class='ocrx_word' id='word_1_349' title='bbox 655 3497 834 3552; x_wconf 79' lang='grc' dir='ltr'>ὁτιοῦν</span> <span class='ocrx_word' id='word_1_350' title='bbox 895 3497 1166 3573; x_wconf 85' lang='grc' dir='ltr'>μετέχειν.</span> <span class='ocrx_word' id='word_1_351' title='bbox 1207 3499 1380 3560; x_wconf 82' lang='grc' dir='ltr'>Οὗτος</span> <span class='ocrx_word' id='word_1_352' title='bbox 1440 3495 1485 3552; x_wconf 87' lang='grc' dir='ltr'><strong>δ’</strong></span> <span class='ocrx_word' id='word_1_353' title='bbox 1519 3497 1672 3570; x_wconf 65' lang='grc' dir='ltr'>ἴσμεν</span> <span class='ocrx_word' id='word_1_354' title='bbox 1729 3501 1758 3553; x_wconf 87' lang='grc' dir='ltr'><strong>ὁ</strong></span> <span class='ocrx_word' id='word_1_355' title='bbox 1815 3499 1948 3571; x_wconf 75' lang='grc' dir='ltr'>ἀνὴρ</span> 
     </span>
    </p>
   </div>
   <div class='ocr_carea' id='block_1_51' title="bbox 295 3585 1949 3663">
    <p class='ocr_par' dir='ltr' id='par_1_51' title="bbox 295 3585 1949 3663">
     <span class='ocr_line' id='line_1_51' title="bbox 295 3585 1949 3663; baseline 0 -21"><span class='ocrx_word' id='word_1_356' title='bbox 295 3587 376 3648; x_wconf 80' lang='grc' dir='ltr'>ὡς</span> <span class='ocrx_word' id='word_1_357' title='bbox 424 3586 906 3660; x_wconf 87' lang='grc' dir='ltr'>πολυμαθέστατος</span> <span class='ocrx_word' id='word_1_358' title='bbox 941 3586 1016 3642; x_wconf 80' lang='grc' dir='ltr'>ὢν</span> <span class='ocrx_word' id='word_1_359' title='bbox 1066 3588 1166 3644; x_wconf 76' lang='grc' dir='ltr'><strong>οὐκ</strong></span> <span class='ocrx_word' id='word_1_360' title='bbox 1193 3587 1254 3642; x_wconf 81' lang='grc' dir='ltr'>ἂν</span> <span class='ocrx_word' id='word_1_361' title='bbox 1305 3585 1600 3662; x_wconf 81' lang='grc' dir='ltr'>διαμαρτίᾳ</span> <span class='ocrx_word' id='word_1_362' title='bbox 1639 3594 1735 3643; x_wconf 74' lang='grc' dir='ltr'>τοῦ</span> <span class='ocrx_word' id='word_1_363' title='bbox 1783 3588 1949 3663; x_wconf 82' lang='grc' dir='ltr'>ὀρθοῦ</span> 
     </span>
    </p>
   </div>
   <div class='ocr_carea' id='block_1_52' title="bbox 297 3675 1945 3755">
    <p class='ocr_par' dir='ltr' id='par_1_52' title="bbox 297 3675 1945 3755">
     <span class='ocr_line' id='line_1_52' title="bbox 297 3675 1945 3755; baseline 0.001 -25"><span class='ocrx_word' id='word_1_364' title='bbox 297 3676 380 3737; x_wconf 83' lang='grc' dir='ltr'>εἰς</span> <span class='ocrx_word' id='word_1_365' title='bbox 405 3677 608 3746; x_wconf 84' lang='grc' dir='ltr'>ταύτην</span> <span class='ocrx_word' id='word_1_366' title='bbox 666 3675 931 3755; x_wconf 77' lang='grc' dir='ltr'>ἐξηνέχθη</span> <span class='ocrx_word' id='word_1_367' title='bbox 967 3679 1063 3746; x_wconf 76' lang='grc' dir='ltr'>τὴν</span> <span class='ocrx_word' id='word_1_368' title='bbox 1121 3675 1437 3750; x_wconf 70' lang='grc' dir='ltr'>ἴδιότροπον</span> <span class='ocrx_word' id='word_1_369' title='bbox 1486 3683 1592 3732; x_wconf 81' lang='grc' dir='ltr'><strong>τῶν</strong></span> <span class='ocrx_word' id='word_1_370' title='bbox 1653 3679 1945 3748; x_wconf 78' lang='grc' dir='ltr'>συντάξεων</span> 
     </span>
    </p>
   </div>
   <div class='ocr_carea' id='block_1_53' title="bbox 295 3763 1952 3844">
    <p class='ocr_par' dir='ltr' id='par_1_53' title="bbox 295 3763 1952 3844">
     <span class='ocr_line' id='line_1_53' title="bbox 295 3763 1952 3844; baseline 0.002 -25"><span class='ocrx_word' id='word_1_371' title='bbox 295 3763 685 3838; x_wconf 79' lang='grc' dir='ltr'>καινοτομίαν,</span> <span class='ocrx_word' id='word_1_372' title='bbox 735 3765 862 3822; x_wconf 82' lang='grc' dir='ltr'>ἀλλ’</span> <span class='ocrx_word' id='word_1_373' title='bbox 893 3767 942 3802; x_wconf 77' lang='grc'><strong>⁷⁸</strong></span> <span class='ocrx_word' id='word_1_374' title='bbox 999 3769 1166 3822; x_wconf 78' lang='grc' dir='ltr'>ἅτισι</span> <span class='ocrx_word' id='word_1_375' title='bbox 1221 3770 1326 3821; x_wconf 78' lang='grc' dir='ltr'>τῶν</span> <span class='ocrx_word' id='word_1_376' title='bbox 1384 3768 1758 3844; x_wconf 79' lang='grc' dir='ltr'>ἀρχαιοτέρων</span> <span class='ocrx_word' id='word_1_377' title='bbox 1808 3789 1952 3822; x_wconf 89' lang='grc' dir='ltr'>σπα-</span> 
     </span>
    </p>
   </div>
   <div class='ocr_carea' id='block_1_54' title="bbox 293 3854 1947 3934">
    <p class='ocr_par' dir='ltr' id='par_1_54' title="bbox 293 3854 1947 3934">
     <span class='ocr_line' id='line_1_54' title="bbox 293 3854 1947 3934; baseline 0.001 -24"><span class='ocrx_word' id='word_1_378' title='bbox 293 3857 475 3918; x_wconf 80' lang='grc' dir='ltr'>νιάκις</span> <span class='ocrx_word' id='word_1_379' title='bbox 503 3854 642 3920; x_wconf 66' lang='grc' dir='ltr'>*ίσως</span> <span class='ocrx_word' id='word_1_380' title='bbox 673 3855 906 3932; x_wconf 66' lang='grc' dir='ltr'>εἵρηται,</span> <span class='ocrx_word' id='word_1_381' title='bbox 937 3856 1153 3919; x_wconf 88' lang='grc' dir='ltr'>τούτοις</span> <span class='ocrx_word' id='word_1_382' title='bbox 1186 3857 1344 3918; x_wconf 77' lang='grc' dir='ltr'>οὗτος</span> <span class='ocrx_word' id='word_1_383' title='bbox 1387 3858 1462 3918; x_wconf 85' lang='grc' dir='ltr'>εἰς</span> <span class='ocrx_word' id='word_1_384' title='bbox 1500 3857 1664 3928; x_wconf 88' lang='grc' dir='ltr'>κόρον</span> <span class='ocrx_word' id='word_1_385' title='bbox 1697 3859 1947 3934; x_wconf 77' lang='grc' dir='ltr'>ἀπεχρή-</span> 
     </span>
    </p>
   </div>
   <div class='ocr_carea' id='block_1_55' title="bbox 295 3946 1950 4023">
    <p class='ocr_par' dir='ltr' id='par_1_55' title="bbox 295 3946 1950 4023">
     <span class='ocr_line' id='line_1_55' title="bbox 295 3946 1950 4023; baseline 0.001 -22"><span class='ocrx_word' id='word_1_386' title='bbox 295 3966 454 4017; x_wconf 86' lang='grc' dir='ltr'>σατο,</span> <span class='ocrx_word' id='word_1_387' title='bbox 517 3946 1070 4023; x_wconf 84' lang='grc' dir='ltr'>πεπαρῥησιασμένην</span> <span class='ocrx_word' id='word_1_388' title='bbox 1155 3946 1329 4003; x_wconf 78' lang='grc' dir='ltr'>αὐτῶν</span> <span class='ocrx_word' id='word_1_389' title='bbox 1401 3949 1502 4018; x_wconf 79' lang='grc' dir='ltr'>τήν</span> <span class='ocrx_word' id='word_1_390' title='bbox 1570 3953 1771 4023; x_wconf 85' lang='grc' dir='ltr'>χρῆσιν</span> <span class='ocrx_word' id='word_1_391' title='bbox 1829 3946 1950 4002; x_wconf 82' lang='grc' dir='ltr'>ἐπι-</span> 
     </span>
    </p>
   </div>
   <div class='ocr_carea' id='block_1_56' title="bbox 295 4033 1948 4110">
    <p class='ocr_par' dir='ltr' id='par_1_56' title="bbox 295 4033 1948 4110">
     <span class='ocr_line' id='line_1_56' title="bbox 295 4033 1948 4110; baseline 0.001 -19"><span class='ocrx_word' id='word_1_392' title='bbox 295 4034 669 4110; x_wconf 82' lang='grc' dir='ltr'>δεικνύμενος,</span> <span class='ocrx_word' id='word_1_393' title='bbox 726 4037 816 4090; x_wconf 81' lang='grc' dir='ltr'><strong>καὶ</strong></span> <span class='ocrx_word' id='word_1_394' title='bbox 873 4033 994 4091; x_wconf 83' lang='grc' dir='ltr'>οὐδ’</span> <span class='ocrx_word' id='word_1_395' title='bbox 1053 4036 1130 4098; x_wconf 74' lang='grc' dir='ltr'><strong>εἷς</strong></span> <span class='ocrx_word' id='word_1_396' title='bbox 1191 4039 1390 4110; x_wconf 84' lang='grc' dir='ltr'>μάτην,</span> <span class='ocrx_word' id='word_1_397' title='bbox 1449 4035 1595 4092; x_wconf 69' lang='grc' dir='ltr'>ἀλλὰ</span> <span class='ocrx_word' id='word_1_398' title='bbox 1633 4041 1732 4092; x_wconf 77' lang='grc' dir='ltr'><strong>τοῦ</strong></span> <span class='ocrx_word' id='word_1_399' title='bbox 1787 4034 1948 4106; x_wconf 82' lang='grc' dir='ltr'>ἡδέος</span> 
     </span>
    </p>
   </div>
   <div class='ocr_carea' id='block_1_57' title="bbox 295 4121 1952 4201">
    <p class='ocr_par' dir='ltr' id='par_1_57' title="bbox 295 4121 1952 4201">
     <span class='ocr_line' id='line_1_57' title="bbox 295 4121 1952 4201; baseline 0.001 -21"><span class='ocrx_word' id='word_1_400' title='bbox 295 4126 506 4200; x_wconf 76' lang='grc' dir='ltr'>χάρινο</span> <span class='ocrx_word' id='word_1_401' title='bbox 547 4121 740 4200; x_wconf 77' lang='grc' dir='ltr'>ἔχουσι</span> <span class='ocrx_word' id='word_1_402' title='bbox 797 4125 903 4201; x_wconf 76' lang='grc' dir='ltr'>γὰρ</span> <span class='ocrx_word' id='word_1_403' title='bbox 956 4125 1142 4182; x_wconf 76' lang='grc' dir='ltr'>καὶτὰ</span> <span class='ocrx_word' id='word_1_404' title='bbox 1197 4131 1420 4182; x_wconf 79' lang='grc' dir='ltr'>τοιαῦτα</span> <span class='ocrx_word' id='word_1_405' title='bbox 1475 4132 1586 4182; x_wconf 79' lang='grc' dir='ltr'>τῶν</span> <span class='ocrx_word' id='word_1_406' title='bbox 1647 4125 1830 4201; x_wconf 85' lang='grc' dir='ltr'>λόγων</span> <span class='ocrx_word' id='word_1_407' title='bbox 1891 4127 1952 4182; x_wconf 84' lang='grc' dir='ltr'>τὸ</span> 
     </span>
    </p>
   </div>
   <div class='ocr_carea' id='block_1_58' title="bbox 291 4212 1136 4291">
    <p class='ocr_par' dir='ltr' id='par_1_58' title="bbox 291 4212 1136 4291">
     <span class='ocr_line' id='line_1_58' title="bbox 291 4212 1136 4291; baseline 0.005 -21"><span class='ocrx_word' id='word_1_408' title='bbox 291 4215 589 4291; x_wconf 77' lang='grc' dir='ltr'>ἐπαγωγὸν</span> <span class='ocrx_word' id='word_1_409' title='bbox 621 4215 710 4270; x_wconf 85' lang='grc' dir='ltr'><strong>καὶ</strong></span> <span class='ocrx_word' id='word_1_410' title='bbox 753 4212 1136 4291; x_wconf 79' lang='grc' dir='ltr'>ἐπαφρόδιτον.</span> 
     </span>
    </p>
   </div>
   <div class='ocr_carea' id='block_1_59' title="bbox 2071 1713 3714 1786">
    <p class='ocr_par' dir='ltr' id='par_1_59' title="bbox 2071 1713 3714 1786">
     <span class='ocr_line' id='line_1_59' title="bbox 2071 1713 3714 1786; baseline 0.001 -18"><span class='ocrx_word' id='word_1_411' title='bbox 2071 1713 2304 1768; x_wconf 88' lang='lat' dir='ltr'><strong>dicendi</strong></span> <span class='ocrx_word' id='word_1_412' title='bbox 2333 1713 2618 1784; x_wconf 81' lang='lat' dir='ltr'><strong>Apollonii</strong></span> <span class='ocrx_word' id='word_1_413' title='bbox 2645 1729 2782 1786; x_wconf 89' lang='lat' dir='ltr'><strong>erga</strong></span> <span class='ocrx_word' id='word_1_414' title='bbox 2811 1717 3114 1786; x_wconf 79' lang='lat' dir='ltr'><strong>tyrannos,</strong></span> <span class='ocrx_word' id='word_1_415' title='bbox 3147 1719 3203 1770; x_wconf 91' lang='lat' dir='ltr'><strong>et</strong></span> <span class='ocrx_word' id='word_1_416' title='bbox 3233 1715 3482 1770; x_wconf 85' lang='lat' dir='ltr'><strong>maxime</strong></span> <span class='ocrx_word' id='word_1_417' title='bbox 3510 1714 3714 1770; x_wconf 90' lang='lat' dir='ltr'><strong>Domi—</strong></span> 
     </span>
    </p>
   </div>
   <div class='ocr_carea' id='block_1_60' title="bbox 2072 1801 3712 1874">
    <p class='ocr_par' dir='ltr' id='par_1_60' title="bbox 2072 1801 3712 1874">
     <span class='ocr_line' id='line_1_60' title="bbox 2072 1801 3712 1874; baseline 0.001 -17"><span class='ocrx_word' id='word_1_418' title='bbox 2072 1801 2360 1857; x_wconf 87' lang='lat' dir='ltr'><strong>nitianum</strong></span> <span class='ocrx_word' id='word_1_419' title='bbox 2393 1803 2692 1868; x_wconf 85' lang='lat' dir='ltr'><strong>describit,</strong></span> <span class='ocrx_word' id='word_1_420' title='bbox 2741 1807 2798 1859; x_wconf 90' lang='lat' dir='ltr'><strong>et</strong></span> <span class='ocrx_word' id='word_1_421' title='bbox 2828 1805 3120 1874; x_wconf 89' lang='lat' dir='ltr'><strong>quomodo</strong></span> <span class='ocrx_word' id='word_1_422' title='bbox 3154 1808 3467 1860; x_wconf 80' lang='lat' dir='ltr'><strong>accusatus</strong></span> <span class='ocrx_word' id='word_1_423' title='bbox 3519 1803 3712 1872; x_wconf 82' lang='lat' dir='ltr'><strong>fuerit,</strong></span> 
     </span>
    </p>
   </div>
   <div class='ocr_carea' id='block_1_61' title="bbox 2073 1892 3717 1962">
    <p class='ocr_par' dir='ltr' id='par_1_61' title="bbox 2073 1892 3717 1962">
     <span class='ocr_line' id='line_1_61' title="bbox 2073 1892 3717 1962; baseline 0.002 -16"><span class='ocrx_word' id='word_1_424' title='bbox 2073 1895 2131 1946; x_wconf 91' lang='lat' dir='ltr'><strong>et</strong></span> <span class='ocrx_word' id='word_1_425' title='bbox 2161 1892 2315 1947; x_wconf 91' lang='lat' dir='ltr'><strong>ultro</strong></span> <span class='ocrx_word' id='word_1_426' title='bbox 2347 1892 2404 1946; x_wconf 91' lang='lat' dir='ltr'><strong>in</strong></span> <span class='ocrx_word' id='word_1_427' title='bbox 2433 1893 2722 1962; x_wconf 81' lang='lat' dir='ltr'><strong>judicium</strong></span> <span class='ocrx_word' id='word_1_428' title='bbox 2777 1893 3012 1948; x_wconf 85' lang='lat' dir='ltr'><strong>venerit.</strong></span> <span class='ocrx_word' id='word_1_429' title='bbox 3061 1894 3364 1958; x_wconf 87' lang='lat' dir='ltr'><strong>Quomodo</strong></span> <span class='ocrx_word' id='word_1_430' title='bbox 3397 1895 3457 1948; x_wconf 92' lang='lat' dir='ltr'><strong>in</strong></span> <span class='ocrx_word' id='word_1_431' title='bbox 3488 1910 3717 1950; x_wconf 87' lang='lat' dir='ltr'><strong>carcere</strong></span> 
     </span>
    </p>
   </div>
   <div class='ocr_carea' id='block_1_62' title="bbox 2071 1981 3714 2054">
    <p class='ocr_par' dir='ltr' id='par_1_62' title="bbox 2071 1981 3714 2054">
     <span class='ocr_line' id='line_1_62' title="bbox 2071 1981 3714 2054; baseline 0.002 -20"><span class='ocrx_word' id='word_1_432' title='bbox 2071 1985 2354 2048; x_wconf 88' lang='lat' dir='ltr'><strong>servatus,</strong></span> <span class='ocrx_word' id='word_1_433' title='bbox 2376 1985 2431 2036; x_wconf 91' lang='lat' dir='ltr'><strong>et</strong></span> <span class='ocrx_word' id='word_1_434' title='bbox 2453 1983 2745 2052; x_wconf 90' lang='lat' dir='ltr'><strong>quomodo</strong></span> <span class='ocrx_word' id='word_1_435' title='bbox 2769 1981 3068 2048; x_wconf 87' lang='lat' dir='ltr'><strong>liberatus,</strong></span> <span class='ocrx_word' id='word_1_436' title='bbox 3093 1983 3320 2038; x_wconf 87' lang='lat' dir='ltr'><strong>solutus</strong></span> <span class='ocrx_word' id='word_1_437' title='bbox 3340 1987 3396 2038; x_wconf 87' lang='lat' dir='ltr'><strong>et</strong></span> <span class='ocrx_word' id='word_1_438' title='bbox 3417 1983 3714 2054; x_wconf 86' lang='lat' dir='ltr'><strong>defensus,</strong></span> 
     </span>
    </p>
   </div>
   <div class='ocr_carea' id='block_1_63' title="bbox 2068 2070 3712 2144">
    <p class='ocr_par' dir='ltr' id='par_1_63' title="bbox 2068 2070 3712 2144">
     <span class='ocr_line' id='line_1_63' title="bbox 2068 2070 3712 2144; baseline 0.001 -19"><span class='ocrx_word' id='word_1_439' title='bbox 2068 2086 2132 2125; x_wconf 85' lang='lat' dir='ltr'><strong>ex</strong></span> <span class='ocrx_word' id='word_1_440' title='bbox 2157 2070 2377 2140; x_wconf 81' lang='lat' dir='ltr'><strong>judicio</strong></span> <span class='ocrx_word' id='word_1_441' title='bbox 2409 2071 2741 2126; x_wconf 88' lang='lat' dir='ltr'><strong>decesserit.</strong></span> <span class='ocrx_word' id='word_1_442' title='bbox 2766 2071 2897 2127; x_wconf 69' lang='lat' dir='ltr'><strong>Haec</strong></span> <span class='ocrx_word' id='word_1_443' title='bbox 2929 2073 3158 2140; x_wconf 87' lang='lat' dir='ltr'><strong>asserit,</strong></span> <span class='ocrx_word' id='word_1_444' title='bbox 3193 2081 3245 2128; x_wconf 88' lang='lat' dir='ltr'><strong>et</strong></span> <span class='ocrx_word' id='word_1_445' title='bbox 3285 2087 3560 2144; x_wconf 85' lang='lat' dir='ltr'><strong>magnum</strong></span> <span class='ocrx_word' id='word_1_446' title='bbox 3596 2087 3712 2127; x_wconf 89' lang='lat' dir='ltr'><strong>non</strong></span> 
     </span>
    </p>
   </div>
   <div class='ocr_carea' id='block_1_64' title="bbox 2067 2158 3710 2234">
    <p class='ocr_par' dir='ltr' id='par_1_64' title="bbox 2067 2158 3710 2234">
     <span class='ocr_line' id='line_1_64' title="bbox 2067 2158 3710 2234; baseline 0.002 -22"><span class='ocrx_word' id='word_1_447' title='bbox 2067 2158 2265 2228; x_wconf 80' lang='lat' dir='ltr'><strong>fuisse,</strong></span> <span class='ocrx_word' id='word_1_448' title='bbox 2297 2175 2496 2214; x_wconf 89' lang='lat' dir='ltr'><strong>verum</strong></span> <span class='ocrx_word' id='word_1_449' title='bbox 2531 2159 2728 2228; x_wconf 84' lang='lat' dir='ltr'><strong>etiam,</strong></span> <span class='ocrx_word' id='word_1_450' title='bbox 2760 2160 2808 2214; x_wconf 88' lang='lat' dir='ltr'><strong>si</strong></span> <span class='ocrx_word' id='word_1_451' title='bbox 2843 2177 3016 2231; x_wconf 91' lang='lat' dir='ltr'><strong>quem</strong></span> <span class='ocrx_word' id='word_1_452' title='bbox 3048 2161 3252 2228; x_wconf 89' lang='lat' dir='ltr'><strong>alium,</strong></span> <span class='ocrx_word' id='word_1_453' title='bbox 3289 2161 3540 2234; x_wconf 79' lang='lat' dir='ltr'><strong>magiam</strong></span> <span class='ocrx_word' id='word_1_454' title='bbox 3573 2161 3710 2216; x_wconf 90' lang='lat' dir='ltr'><strong>abo-</strong></span> 
     </span>
    </p>
   </div>
   <div class='ocr_carea' id='block_1_65' title="bbox 2065 2248 3710 2322">
    <p class='ocr_par' dir='ltr' id='par_1_65' title="bbox 2065 2248 3710 2322">
     <span class='ocr_line' id='line_1_65' title="bbox 2065 2248 3710 2322; baseline 0.002 -21"><span class='ocrx_word' id='word_1_455' title='bbox 2065 2248 2355 2304; x_wconf 86' lang='lat' dir='ltr'><strong>minatum</strong></span> <span class='ocrx_word' id='word_1_456' title='bbox 2387 2265 2512 2305; x_wconf 88' lang='lat' dir='ltr'><strong>esse</strong></span> <span class='ocrx_word' id='word_1_457' title='bbox 2545 2249 2768 2306; x_wconf 80' lang='lat' dir='ltr'><strong>fortiter</strong></span> <span class='ocrx_word' id='word_1_458' title='bbox 2817 2251 3040 2322; x_wconf 88' lang='lat' dir='ltr'><strong>prohat,</strong></span> <span class='ocrx_word' id='word_1_459' title='bbox 3093 2251 3202 2306; x_wconf 87' lang='lat' dir='ltr'><strong>etsi</strong></span> <span class='ocrx_word' id='word_1_460' title='bbox 3255 2250 3444 2306; x_wconf 88' lang='lat' dir='ltr'><strong>multa</strong></span> <span class='ocrx_word' id='word_1_461' title='bbox 3473 2253 3710 2322; x_wconf 87' lang='lat' dir='ltr'><strong>porten-</strong></span> 
     </span>
    </p>
   </div>
   <div class='ocr_carea' id='block_1_66' title="bbox 2061 2337 3712 2397">
    <p class='ocr_par' dir='ltr' id='par_1_66' title="bbox 2061 2337 3712 2397">
     <span class='ocr_line' id='line_1_66' title="bbox 2061 2337 3712 2397; baseline 0.001 -4"><span class='ocrx_word' id='word_1_462' title='bbox 2061 2342 2190 2394; x_wconf 86' lang='lat' dir='ltr'><strong>tosa</strong></span> <span class='ocrx_word' id='word_1_463' title='bbox 2237 2337 2308 2394; x_wconf 91' lang='lat' dir='ltr'><strong>de</strong></span> <span class='ocrx_word' id='word_1_464' title='bbox 2347 2338 2445 2394; x_wconf 93' lang='lat' dir='ltr'><strong>illo</strong></span> <span class='ocrx_word' id='word_1_465' title='bbox 2477 2339 2716 2396; x_wconf 86' lang='lat' dir='ltr'><strong>scribat.</strong></span> <span class='ocrx_word' id='word_1_466' title='bbox 2757 2339 2904 2396; x_wconf 90' lang='lat' dir='ltr'><strong>Dicit</strong></span> <span class='ocrx_word' id='word_1_467' title='bbox 2943 2341 3122 2396; x_wconf 87' lang='lat' dir='ltr'><strong>etiam</strong></span> <span class='ocrx_word' id='word_1_468' title='bbox 3172 2341 3478 2397; x_wconf 88' lang='lat' dir='ltr'><strong>obscuram</strong></span> <span class='ocrx_word' id='word_1_469' title='bbox 3533 2339 3712 2395; x_wconf 79' lang='lat' dir='ltr'><strong>fuisse</strong></span> 
     </span>
    </p>
   </div>
   <div class='ocr_carea' id='block_1_67' title="bbox 2063 2425 3709 2499">
    <p class='ocr_par' dir='ltr' id='par_1_67' title="bbox 2063 2425 3709 2499">
     <span class='ocr_line' id='line_1_67' title="bbox 2063 2425 3709 2499; baseline 0.002 -19"><span class='ocrx_word' id='word_1_470' title='bbox 2063 2425 2248 2496; x_wconf 89' lang='lat' dir='ltr'><strong>ipsius</strong></span> <span class='ocrx_word' id='word_1_471' title='bbox 2279 2435 2544 2496; x_wconf 88' lang='lat' dir='ltr'><strong>mortem,</strong></span> <span class='ocrx_word' id='word_1_472' title='bbox 2579 2432 2634 2483; x_wconf 91' lang='lat' dir='ltr'><strong>et</strong></span> <span class='ocrx_word' id='word_1_473' title='bbox 2663 2428 2841 2484; x_wconf 87' lang='lat' dir='ltr'><strong>vitam</strong></span> <span class='ocrx_word' id='word_1_474' title='bbox 2871 2427 3162 2486; x_wconf 85' lang='lat' dir='ltr'><strong>celebrem</strong></span> <span class='ocrx_word' id='word_1_475' title='bbox 3201 2447 3212 2483; x_wconf 96' lang='lat'><strong>:</strong></span> <span class='ocrx_word' id='word_1_476' title='bbox 3245 2433 3300 2484; x_wconf 88' lang='lat' dir='ltr'><strong>et</strong></span> <span class='ocrx_word' id='word_1_477' title='bbox 3331 2445 3454 2485; x_wconf 90' lang='lat' dir='ltr'><strong>eam</strong></span> <span class='ocrx_word' id='word_1_478' title='bbox 3486 2427 3709 2499; x_wconf 88' lang='lat' dir='ltr'><strong>ipsum,</strong></span> 
     </span>
    </p>
   </div>
   <div class='ocr_carea' id='block_1_68' title="bbox 2063 2513 3708 2586">
    <p class='ocr_par' dir='ltr' id='par_1_68' title="bbox 2063 2513 3708 2586">
     <span class='ocr_line' id='line_1_68' title="bbox 2063 2513 3708 2586; baseline -0.001 -18"><span class='ocrx_word' id='word_1_479' title='bbox 2063 2515 2202 2570; x_wconf 90' lang='lat' dir='ltr'><strong>dum</strong></span> <span class='ocrx_word' id='word_1_480' title='bbox 2225 2514 2459 2580; x_wconf 87' lang='lat' dir='ltr'><strong>viveret,</strong></span> <span class='ocrx_word' id='word_1_481' title='bbox 2492 2519 2685 2571; x_wconf 89' lang='lat' dir='ltr'><strong>mente</strong></span> <span class='ocrx_word' id='word_1_482' title='bbox 2713 2515 2977 2586; x_wconf 71' lang='lat' dir='ltr'><strong>agitasse.</strong></span> <span class='ocrx_word' id='word_1_483' title='bbox 3011 2515 3207 2572; x_wconf 89' lang='lat' dir='ltr'><strong>Dicere</strong></span> <span class='ocrx_word' id='word_1_484' title='bbox 3239 2516 3396 2572; x_wconf 90' lang='lat' dir='ltr'><strong>enim</strong></span> <span class='ocrx_word' id='word_1_485' title='bbox 3426 2513 3664 2572; x_wconf 90' lang='lat' dir='ltr'><strong>solitum</strong></span> <span class='ocrx_word' id='word_1_486' title='bbox 3694 2529 3708 2566; x_wconf 91' lang='lat'>:</span> 
     </span>
    </p>
   </div>
   <div class='ocr_carea' id='block_1_69' title="bbox 2067 2603 3708 2673">
    <p class='ocr_par' dir='ltr' id='par_1_69' title="bbox 2067 2603 3708 2673">
     <span class='ocr_line' id='line_1_69' title="bbox 2067 2603 3708 2673; baseline -0.001 -13"><span class='ocrx_word' id='word_1_487' title='bbox 2067 2606 2254 2660; x_wconf 80' lang='lat' dir='ltr'><strong>Vivens</strong></span> <span class='ocrx_word' id='word_1_488' title='bbox 2303 2603 2458 2672; x_wconf 80' lang='lat' dir='ltr'><strong>late;</strong></span> <span class='ocrx_word' id='word_1_489' title='bbox 2504 2607 2594 2660; x_wconf 82' lang='lat' dir='ltr'><strong>sin</strong></span> <span class='ocrx_word' id='word_1_490' title='bbox 2647 2605 2876 2673; x_wconf 79' lang='lat' dir='ltr'><strong>minus,</strong></span> <span class='ocrx_word' id='word_1_491' title='bbox 2922 2607 3156 2661; x_wconf 75' lang='lat' dir='ltr'><strong>Moriens</strong></span> <span class='ocrx_word' id='word_1_492' title='bbox 3185 2606 3340 2661; x_wconf 66' lang='lat' dir='ltr'><strong>tate:</strong></span> <span class='ocrx_word' id='word_1_493' title='bbox 3393 2604 3708 2660; x_wconf 89' lang='lat' dir='ltr'><strong>virtutibus</strong></span> 
     </span>
    </p>
   </div>
   <div class='ocr_carea' id='block_1_70' title="bbox 2061 2692 3706 2767">
    <p class='ocr_par' dir='ltr' id='par_1_70' title="bbox 2061 2692 3706 2767">
     <span class='ocr_line' id='line_1_70' title="bbox 2061 2692 3706 2767; baseline -0.001 -19"><span class='ocrx_word' id='word_1_494' title='bbox 2061 2693 2218 2748; x_wconf 87' lang='lat' dir='ltr'><strong>hunc</strong></span> <span class='ocrx_word' id='word_1_495' title='bbox 2239 2695 2414 2750; x_wconf 82' lang='lat' dir='ltr'><strong>refert</strong></span> <span class='ocrx_word' id='word_1_496' title='bbox 2443 2694 2758 2763; x_wconf 85' lang='lat' dir='ltr'><strong>studuisse,</strong></span> <span class='ocrx_word' id='word_1_497' title='bbox 2791 2698 2849 2750; x_wconf 91' lang='lat' dir='ltr'><strong>et</strong></span> <span class='ocrx_word' id='word_1_498' title='bbox 2879 2693 3257 2767; x_wconf 86' lang='lat' dir='ltr'><strong>Pythagoram</strong></span> <span class='ocrx_word' id='word_1_499' title='bbox 3289 2693 3542 2750; x_wconf 85' lang='lat' dir='ltr'><strong>maxime</strong></span> <span class='ocrx_word' id='word_1_500' title='bbox 3567 2692 3706 2748; x_wconf 85' lang='lat' dir='ltr'><strong>imi-</strong></span> 
     </span>
    </p>
   </div>
   <div class='ocr_carea' id='block_1_71' title="bbox 2061 2783 2636 2854">
    <p class='ocr_par' dir='ltr' id='par_1_71' title="bbox 2061 2783 2636 2854">
     <span class='ocr_line' id='line_1_71' title="bbox 2061 2783 2636 2854; baseline 0.003 -16"><span class='ocrx_word' id='word_1_501' title='bbox 2061 2787 2243 2838; x_wconf 86' lang='lat' dir='ltr'><strong>tatum</strong></span> <span class='ocrx_word' id='word_1_502' title='bbox 2277 2783 2458 2840; x_wconf 80' lang='lat' dir='ltr'><strong>fuisse</strong></span> <span class='ocrx_word' id='word_1_503' title='bbox 2504 2783 2636 2854; x_wconf 86' lang='lat'><strong>(95).</strong></span> 
     </span>
    </p>
   </div>
   <div class='ocr_carea' id='block_1_72' title="bbox 2131 3057 3703 3116">
    <p class='ocr_par' dir='ltr' id='par_1_72' title="bbox 2131 3057 3703 3116">
     <span class='ocr_line' id='line_1_72' title="bbox 2131 3057 3703 3116; baseline -0.002 0"><span class='ocrx_word' id='word_1_504' title='bbox 2131 3059 2294 3116; x_wconf 91' lang='lat' dir='ltr'><strong>Dulci</strong></span> <span class='ocrx_word' id='word_1_505' title='bbox 2326 3063 2382 3116; x_wconf 88' lang='lat' dir='ltr'><strong>et</strong></span> <span class='ocrx_word' id='word_1_506' title='bbox 2411 3059 2570 3115; x_wconf 90' lang='lat' dir='ltr'><strong>varia</strong></span> <span class='ocrx_word' id='word_1_507' title='bbox 2602 3059 2880 3116; x_wconf 78' lang='lat' dir='ltr'><strong>narrandi</strong></span> <span class='ocrx_word' id='word_1_508' title='bbox 2913 3058 3137 3115; x_wconf 85' lang='lat' dir='ltr'><strong>ratione</strong></span> <span class='ocrx_word' id='word_1_509' title='bbox 3180 3073 3322 3114; x_wconf 89' lang='lat' dir='ltr'><strong>usus</strong></span> <span class='ocrx_word' id='word_1_510' title='bbox 3377 3059 3464 3113; x_wconf 90' lang='lat' dir='ltr'><strong>est</strong></span> <span class='ocrx_word' id='word_1_511' title='bbox 3507 3057 3703 3113; x_wconf 82' lang='lat' dir='ltr'><strong>Philo-</strong></span> 
     </span>
    </p>
   </div>
   <div class='ocr_carea' id='block_1_73' title="bbox 2061 3146 3703 3222">
    <p class='ocr_par' dir='ltr' id='par_1_73' title="bbox 2061 3146 3703 3222">
     <span class='ocr_line' id='line_1_73' title="bbox 2061 3146 3703 3222; baseline -0.004 -15"><span class='ocrx_word' id='word_1_512' title='bbox 2061 3155 2278 3208; x_wconf 83' lang='lat' dir='ltr'><strong>stratus</strong></span> <span class='ocrx_word' id='word_1_513' title='bbox 2309 3150 2441 3222; x_wconf 89' lang='lat'><strong>(96),</strong></span> <span class='ocrx_word' id='word_1_514' title='bbox 2474 3152 2531 3204; x_wconf 90' lang='lat' dir='ltr'><strong>et</strong></span> <span class='ocrx_word' id='word_1_515' title='bbox 2577 3148 2766 3206; x_wconf 87' lang='lat' dir='ltr'><strong>verbis</strong></span> <span class='ocrx_word' id='word_1_516' title='bbox 2815 3149 2949 3204; x_wconf 92' lang='lat' dir='ltr'><strong>huic</strong></span> <span class='ocrx_word' id='word_1_517' title='bbox 2997 3148 3077 3204; x_wconf 89' lang='lat' dir='ltr'><strong>rei</strong></span> <span class='ocrx_word' id='word_1_518' title='bbox 3121 3146 3622 3214; x_wconf 88' lang='lat' dir='ltr'><strong>convenientibus,</strong></span> <span class='ocrx_word' id='word_1_519' title='bbox 3645 3149 3703 3202; x_wconf 87' lang='lat' dir='ltr'><strong>et</strong></span> 
     </span>
    </p>
   </div>
   <div class='ocr_carea' id='block_1_74' title="bbox 2061 3235 3702 3308">
    <p class='ocr_par' dir='ltr' id='par_1_74' title="bbox 2061 3235 3702 3308">
     <span class='ocr_line' id='line_1_74' title="bbox 2061 3235 3702 3308; baseline -0.004 -12"><span class='ocrx_word' id='word_1_520' title='bbox 2061 3239 2238 3296; x_wconf 92' lang='lat' dir='ltr'><strong>simili</strong></span> <span class='ocrx_word' id='word_1_521' title='bbox 2257 3237 2710 3304; x_wconf 88' lang='lat' dir='ltr'><strong>constructione,</strong></span> <span class='ocrx_word' id='word_1_522' title='bbox 2734 3236 2966 3308; x_wconf 89' lang='lat' dir='ltr'><strong>qualem</strong></span> <span class='ocrx_word' id='word_1_523' title='bbox 2990 3251 3162 3292; x_wconf 91' lang='lat' dir='ltr'><strong>nemo</strong></span> <span class='ocrx_word' id='word_1_524' title='bbox 3185 3235 3492 3292; x_wconf 90' lang='lat' dir='ltr'><strong>scribendo</strong></span> <span class='ocrx_word' id='word_1_525' title='bbox 3515 3235 3702 3290; x_wconf 87' lang='lat' dir='ltr'><strong>inser-</strong></span> 
     </span>
    </p>
   </div>
   <div class='ocr_carea' id='block_1_75' title="bbox 2059 3324 3703 3398">
    <p class='ocr_par' dir='ltr' id='par_1_75' title="bbox 2059 3324 3703 3398">
     <span class='ocr_line' id='line_1_75' title="bbox 2059 3324 3703 3398; baseline -0.002 -14"><span class='ocrx_word' id='word_1_526' title='bbox 2059 3330 2158 3386; x_wconf 88' lang='lat' dir='ltr'><strong>vit.</strong></span> <span class='ocrx_word' id='word_1_527' title='bbox 2210 3329 2494 3384; x_wconf 85' lang='lat' dir='ltr'><strong>Videntur</strong></span> <span class='ocrx_word' id='word_1_528' title='bbox 2549 3327 2704 3384; x_wconf 90' lang='lat' dir='ltr'><strong>enim</strong></span> <span class='ocrx_word' id='word_1_529' title='bbox 2757 3325 3026 3382; x_wconf 90' lang='lat' dir='ltr'><strong>nonnulli</strong></span> <span class='ocrx_word' id='word_1_530' title='bbox 3078 3325 3468 3398; x_wconf 88' lang='lat' dir='ltr'><strong>incomposite</strong></span> <span class='ocrx_word' id='word_1_531' title='bbox 3513 3324 3703 3396; x_wconf 86' lang='lat' dir='ltr'><strong>magis</strong></span> 
     </span>
    </p>
   </div>
   <div class='ocr_carea' id='block_1_76' title="bbox 2059 3413 3697 3490">
    <p class='ocr_par' dir='ltr' id='par_1_76' title="bbox 2059 3413 3697 3490">
     <span class='ocr_line' id='line_1_76' title="bbox 2059 3413 3697 3490; baseline -0.004 -16"><span class='ocrx_word' id='word_1_532' title='bbox 2059 3419 2248 3476; x_wconf 88' lang='lat' dir='ltr'><strong>dicere</strong></span> <span class='ocrx_word' id='word_1_533' title='bbox 2278 3435 2452 3490; x_wconf 84' lang='lat' dir='ltr'><strong>quam</strong></span> <span class='ocrx_word' id='word_1_534' title='bbox 2485 3417 2828 3487; x_wconf 88' lang='lat' dir='ltr'><strong>composite.</strong></span> <span class='ocrx_word' id='word_1_535' title='bbox 2861 3415 3025 3471; x_wconf 85' lang='lat' dir='ltr'><strong>Hunc</strong></span> <span class='ocrx_word' id='word_1_536' title='bbox 3060 3431 3192 3472; x_wconf 87' lang='lat' dir='ltr'><strong>vero</strong></span> <span class='ocrx_word' id='word_1_537' title='bbox 3225 3415 3449 3471; x_wconf 90' lang='lat' dir='ltr'><strong>scimus</strong></span> <span class='ocrx_word' id='word_1_538' title='bbox 3479 3413 3697 3469; x_wconf 89' lang='lat' dir='ltr'><strong>doctis-</strong></span> 
     </span>
    </p>
   </div>
   <div class='ocr_carea' id='block_1_77' title="bbox 2060 3502 3699 3574">
    <p class='ocr_par' dir='ltr' id='par_1_77' title="bbox 2060 3502 3699 3574">
     <span class='ocr_line' id='line_1_77' title="bbox 2060 3502 3699 3574; baseline -0.003 -10"><span class='ocrx_word' id='word_1_539' title='bbox 2060 3508 2278 3564; x_wconf 86' lang='lat' dir='ltr'><strong>simum</strong></span> <span class='ocrx_word' id='word_1_540' title='bbox 2303 3508 2499 3574; x_wconf 87' lang='lat' dir='ltr'><strong>t&#39;uisse,</strong></span> <span class='ocrx_word' id='word_1_541' title='bbox 2531 3511 2587 3562; x_wconf 90' lang='lat' dir='ltr'><strong>et</strong></span> <span class='ocrx_word' id='word_1_542' title='bbox 2609 3523 2642 3560; x_wconf 92' lang='lat' dir='ltr'><strong>a</strong></span> <span class='ocrx_word' id='word_1_543' title='bbox 2672 3509 2826 3562; x_wconf 89' lang='lat' dir='ltr'><strong>recto</strong></span> <span class='ocrx_word' id='word_1_544' title='bbox 2853 3522 2964 3560; x_wconf 90' lang='lat' dir='ltr'><strong>non</strong></span> <span class='ocrx_word' id='word_1_545' title='bbox 2985 3505 3372 3570; x_wconf 89' lang='lat' dir='ltr'><strong>aberrantem,</strong></span> <span class='ocrx_word' id='word_1_546' title='bbox 3405 3502 3699 3574; x_wconf 84' lang='lat' dir='ltr'><strong>propriam</strong></span> 
     </span>
    </p>
   </div>
   <div class='ocr_carea' id='block_1_78' title="bbox 2061 3592 3702 3661">
    <p class='ocr_par' dir='ltr' id='par_1_78' title="bbox 2061 3592 3702 3661">
     <span class='ocr_line' id='line_1_78' title="bbox 2061 3592 3702 3661; baseline -0.005 -8"><span class='ocrx_word' id='word_1_547' title='bbox 2061 3597 2506 3654; x_wconf 87' lang='lat' dir='ltr'><strong>constructionis</strong></span> <span class='ocrx_word' id='word_1_548' title='bbox 2539 3595 2850 3650; x_wconf 89' lang='lat' dir='ltr'><strong>novitatem</strong></span> <span class='ocrx_word' id='word_1_549' title='bbox 2885 3594 3228 3650; x_wconf 87' lang='lat' dir='ltr'><strong>adhibuisse</strong></span> <span class='ocrx_word' id='word_1_550' title='bbox 3263 3611 3276 3660; x_wconf 87' lang='lat'><strong>;</strong></span> <span class='ocrx_word' id='word_1_551' title='bbox 3306 3592 3406 3646; x_wconf 90' lang='lat' dir='ltr'><strong>sed</strong></span> <span class='ocrx_word' id='word_1_552' title='bbox 3439 3607 3568 3661; x_wconf 70' lang='lat' dir='ltr'><strong>quae</strong></span> <span class='ocrx_word' id='word_1_553' title='bbox 3599 3609 3702 3646; x_wconf 91' lang='lat' dir='ltr'><strong>an-</strong></span> 
     </span>
    </p>
   </div>
   <div class='ocr_carea' id='block_1_79' title="bbox 2061 3681 3704 3759">
    <p class='ocr_par' dir='ltr' id='par_1_79' title="bbox 2061 3681 3704 3759">
     <span class='ocr_line' id='line_1_79' title="bbox 2061 3681 3704 3759; baseline -0.004 -17"><span class='ocrx_word' id='word_1_554' title='bbox 2061 3687 2206 3759; x_wconf 90' lang='lat' dir='ltr'><strong>tiqui</strong></span> <span class='ocrx_word' id='word_1_555' title='bbox 2239 3688 2508 3743; x_wconf 79' lang='lat' dir='ltr'><strong>dixerunt</strong></span> <span class='ocrx_word' id='word_1_556' title='bbox 2540 3685 2752 3750; x_wconf 89' lang='lat' dir='ltr'><strong>rarius,</strong></span> <span class='ocrx_word' id='word_1_557' title='bbox 2781 3685 2854 3740; x_wconf 90' lang='lat' dir='ltr'><strong>iis</strong></span> <span class='ocrx_word' id='word_1_558' title='bbox 2885 3683 3127 3740; x_wconf 86' lang='lat' dir='ltr'><strong>liberius</strong></span> <span class='ocrx_word' id='word_1_559' title='bbox 3159 3698 3342 3750; x_wconf 89' lang='lat' dir='ltr'><strong>usque</strong></span> <span class='ocrx_word' id='word_1_560' title='bbox 3365 3682 3435 3736; x_wconf 92' lang='lat' dir='ltr'><strong>ad</strong></span> <span class='ocrx_word' id='word_1_561' title='bbox 3469 3681 3704 3736; x_wconf 87' lang='lat' dir='ltr'><strong>satieta-</strong></span> 
     </span>
    </p>
   </div>
   <div class='ocr_carea' id='block_1_80' title="bbox 2061 3770 3704 3832">
    <p class='ocr_par' dir='ltr' id='par_1_80' title="bbox 2061 3770 3704 3832">
     <span class='ocr_line' id='line_1_80' title="bbox 2061 3770 3704 3832; baseline -0.004 -2"><span class='ocrx_word' id='word_1_562' title='bbox 2061 3780 2174 3832; x_wconf 88' lang='lat' dir='ltr'><strong>tem</strong></span> <span class='ocrx_word' id='word_1_563' title='bbox 2208 3793 2382 3830; x_wconf 83' lang='lat' dir='ltr'><strong>usum</strong></span> <span class='ocrx_word' id='word_1_564' title='bbox 2404 3791 2568 3830; x_wconf 87' lang='lat' dir='ltr'><strong>esse:</strong></span> <span class='ocrx_word' id='word_1_565' title='bbox 2603 3773 2832 3830; x_wconf 90' lang='lat' dir='ltr'><strong>licitum</strong></span> <span class='ocrx_word' id='word_1_566' title='bbox 2866 3789 2993 3827; x_wconf 88' lang='lat' dir='ltr'><strong>esse</strong></span> <span class='ocrx_word' id='word_1_567' title='bbox 3023 3787 3218 3828; x_wconf 91' lang='lat' dir='ltr'><strong>eorum</strong></span> <span class='ocrx_word' id='word_1_568' title='bbox 3253 3785 3424 3825; x_wconf 89' lang='lat' dir='ltr'><strong>usum</strong></span> <span class='ocrx_word' id='word_1_569' title='bbox 3457 3770 3704 3824; x_wconf 85' lang='lat' dir='ltr'><strong>demon-</strong></span> 
     </span>
    </p>
   </div>
   <div class='ocr_carea' id='block_1_81' title="bbox 2061 3856 3702 3930">
    <p class='ocr_par' dir='ltr' id='par_1_81' title="bbox 2061 3856 3702 3930">
     <span class='ocr_line' id='line_1_81' title="bbox 2061 3856 3702 3930; baseline -0.006 -10"><span class='ocrx_word' id='word_1_570' title='bbox 2061 3869 2276 3930; x_wconf 89' lang='lat' dir='ltr'><strong>strans,</strong></span> <span class='ocrx_word' id='word_1_571' title='bbox 2337 3879 2442 3918; x_wconf 90' lang='lat' dir='ltr'><strong>nec</strong></span> <span class='ocrx_word' id='word_1_572' title='bbox 2489 3863 2548 3917; x_wconf 91' lang='lat' dir='ltr'><strong>id</strong></span> <span class='ocrx_word' id='word_1_573' title='bbox 2607 3862 2847 3926; x_wconf 78' lang='lat' dir='ltr'><strong>frustra,</strong></span> <span class='ocrx_word' id='word_1_574' title='bbox 2907 3862 3002 3916; x_wconf 90' lang='lat' dir='ltr'><strong>sed</strong></span> <span class='ocrx_word' id='word_1_575' title='bbox 3087 3857 3422 3914; x_wconf 89' lang='lat' dir='ltr'><strong>dulcedinis</strong></span> <span class='ocrx_word' id='word_1_576' title='bbox 3495 3856 3702 3928; x_wconf 86' lang='lat' dir='ltr'><strong>gratia.</strong></span> 
     </span>
    </p>
   </div>
   <div class='ocr_carea' id='block_1_82' title="bbox 2059 3945 3706 4023">
    <p class='ocr_par' dir='ltr' id='par_1_82' title="bbox 2059 3945 3706 4023">
     <span class='ocr_line' id='line_1_82' title="bbox 2059 3945 3706 4023; baseline -0.005 -15"><span class='ocrx_word' id='word_1_577' title='bbox 2059 3951 2405 4023; x_wconf 86' lang='lat' dir='ltr'><strong>Hujusmodi</strong></span> <span class='ocrx_word' id='word_1_578' title='bbox 2437 3949 2592 4005; x_wconf 90' lang='lat' dir='ltr'><strong>enim</strong></span> <span class='ocrx_word' id='word_1_579' title='bbox 2617 3949 2800 4005; x_wconf 88' lang='lat' dir='ltr'><strong>oratio</strong></span> <span class='ocrx_word' id='word_1_580' title='bbox 2815 3947 3166 4004; x_wconf 88' lang='lat' dir='ltr'><strong>conciliandi</strong></span> <span class='ocrx_word' id='word_1_581' title='bbox 3185 3945 3301 4002; x_wconf 90' lang='lat' dir='ltr'><strong>vim</strong></span> <span class='ocrx_word' id='word_1_582' title='bbox 3333 3945 3510 4002; x_wconf 86' lang='lat' dir='ltr'><strong>habet</strong></span> <span class='ocrx_word' id='word_1_583' title='bbox 3529 3949 3586 4002; x_wconf 87' lang='lat' dir='ltr'><strong>et</strong></span> <span class='ocrx_word' id='word_1_584' title='bbox 3605 3959 3706 4001; x_wconf 86' lang='lat' dir='ltr'><strong>ve—</strong></span> 
     </span>
    </p>
   </div>
   <div class='ocr_carea' id='block_1_83' title="bbox 2061 4040 2730 4112">
    <p class='ocr_par' dir='ltr' id='par_1_83' title="bbox 2061 4040 2730 4112">
     <span class='ocr_line' id='line_1_83' title="bbox 2061 4040 2730 4112; baseline -0.007 -13"><span class='ocrx_word' id='word_1_585' title='bbox 2061 4045 2358 4099; x_wconf 90' lang='lat' dir='ltr'><strong>nustatem</strong></span> <span class='ocrx_word' id='word_1_586' title='bbox 2391 4040 2730 4112; x_wconf 89' lang='lat' dir='ltr'><strong>quamdam.</strong></span> 
     </span>
    </p>
   </div>
   <div class='ocr_carea' id='block_1_84' title="bbox 295 4293 1952 4383">
    <p class='ocr_par' dir='ltr' id='par_1_84' title="bbox 295 4303 1946 4383">
     <span class='ocr_line' id='line_1_84' title="bbox 295 4303 1946 4383; baseline 0.001 -23"><span class='ocrx_word' id='word_1_587' title='bbox 295 4305 398 4360; x_wconf 90' lang='grc' dir='ltr'><strong>⁹Εκ</strong></span> <span class='ocrx_word' id='word_1_588' title='bbox 449 4307 546 4359; x_wconf 72' lang='grc' dir='ltr'>τοῦ</span> <span class='ocrx_word' id='word_1_589' title='bbox 601 4304 768 4362; x_wconf 78' lang='grc' dir='ltr'>αὑτοῦ</span> <span class='ocrx_word' id='word_1_590' title='bbox 828 4303 950 4383; x_wconf 68' lang='grc' dir='ltr'>βίου</span> <span class='ocrx_word' id='word_1_591' title='bbox 995 4303 1126 4383; x_wconf 66' lang='grc' dir='ltr'><strong>⁸όσα</strong></span> <span class='ocrx_word' id='word_1_592' title='bbox 1178 4311 1428 4383; x_wconf 62' lang='grc' dir='ltr'>παρεῖται</span> <span class='ocrx_word' id='word_1_593' title='bbox 1505 4305 1700 4362; x_wconf 86' lang='grc' dir='ltr'>κάλλει</span> <span class='ocrx_word' id='word_1_594' title='bbox 1762 4306 1946 4383; x_wconf 74' lang='grc' dir='ltr'>ῥημά-</span> 
     </span>
    </p>
   </div>
   <div class='ocr_carea' id='block_1_85' title="bbox 2071 4293 3705 4383">
    <p class='ocr_par' dir='ltr' id='par_1_85' title="bbox 2071 4305 3705 4383">
     <span class='ocr_line' id='line_1_85' title="bbox 2071 4305 3705 4383; baseline -0.001 -21"><span class='ocrx_word' id='word_1_595' title='bbox 2071 4309 2138 4364; x_wconf 73' lang='lat' dir='ltr'><strong>Ex</strong></span> <span class='ocrx_word' id='word_1_596' title='bbox 2174 4305 2360 4383; x_wconf 69' lang='lat' dir='ltr'><strong>eadem</strong></span> <span class='ocrx_word' id='word_1_597' title='bbox 2415 4307 2532 4383; x_wconf 62' lang='lat' dir='ltr'><strong>[fita</strong></span> <span class='ocrx_word' id='word_1_598' title='bbox 2574 4311 2828 4383; x_wconf 75' lang='lat' dir='ltr'><strong>excerpta</strong></span> <span class='ocrx_word' id='word_1_599' title='bbox 2869 4320 2994 4383; x_wconf 71' lang='lat' dir='ltr'><strong>quae</strong></span> <span class='ocrx_word' id='word_1_600' title='bbox 3037 4305 3410 4383; x_wconf 65' lang='lat' dir='ltr'><strong>praetermissa</strong></span> <span class='ocrx_word' id='word_1_601' title='bbox 3457 4311 3606 4383; x_wconf 61' lang='lat' dir='ltr'><strong>sunt,</strong></span> <span class='ocrx_word' id='word_1_602' title='bbox 3639 4321 3705 4360; x_wconf 88' lang='lat' dir='ltr'><strong>ac</strong></span> 
     </span>
    </p>
   </div>
   <div class='ocr_carea' id='block_1_86' title="bbox 635 4376 1614 4452">
    <p class='ocr_par' dir='ltr' id='par_1_86' title="bbox 635 4376 1614 4452">
     <span class='ocr_line' id='line_1_86' title="bbox 635 4376 1614 4452; baseline 0.005 -21"><span class='ocrx_word' id='word_1_603' title='bbox 635 4397 744 4431; x_wconf 87' lang='grc' dir='ltr'><strong>των</strong></span> <span class='ocrx_word' id='word_1_604' title='bbox 773 4376 862 4430; x_wconf 80' lang='grc' dir='ltr'><strong>καὶ</strong></span> <span class='ocrx_word' id='word_1_605' title='bbox 891 4378 1168 4448; x_wconf 70' lang='grc' dir='ltr'>συνθήκης</span> <span class='ocrx_word' id='word_1_606' title='bbox 1210 4376 1614 4452; x_wconf 76' lang='grc' dir='ltr'>διαλάμποντα.</span> 
     </span>
    </p>
   </div>
   <div class='ocr_carea' id='block_1_87' title="bbox 375 4465 1944 4542">
    <p class='ocr_par' dir='ltr' id='par_1_87' title="bbox 375 4465 1944 4542">
     <span class='ocr_line' id='line_1_87' title="bbox 375 4465 1944 4542; baseline 0.003 -22"><span class='ocrx_word' id='word_1_607' title='bbox 375 4465 546 4520; x_wconf 66' lang='lat' dir='ltr'><strong>Kal&quot;</strong></span> <span class='ocrx_word' id='word_1_608' title='bbox 605 4467 920 4542; x_wconf 85' lang='grc' dir='ltr'>Πυθαγόρας</span> <span class='ocrx_word' id='word_1_609' title='bbox 979 4466 1140 4528; x_wconf 82' lang='grc' dir='ltr'>αὑτὸς</span> <span class='ocrx_word' id='word_1_610' title='bbox 1197 4469 1286 4522; x_wconf 79' lang='grc' dir='ltr'><strong>καὶ</strong></span> <span class='ocrx_word' id='word_1_611' title='bbox 1345 4469 1686 4542; x_wconf 84' lang='grc' dir='ltr'>Δημόκριτος</span> <span class='ocrx_word' id='word_1_612' title='bbox 1739 4467 1944 4542; x_wconf 78' lang='grc' dir='ltr'>ὁμιλή-</span> 
     </span>
    </p>
   </div>
   <div class='ocr_carea' id='block_1_88' title="bbox 295 4552 1944 4629">
    <p class='ocr_par' dir='ltr' id='par_1_88' title="bbox 295 4552 1944 4629">
     <span class='ocr_line' id='line_1_88' title="bbox 295 4552 1944 4629; baseline 0.002 -21"><span class='ocrx_word' id='word_1_613' title='bbox 295 4573 486 4616; x_wconf 86' lang='grc' dir='ltr'>σαντες</span> <span class='ocrx_word' id='word_1_614' title='bbox 519 4554 738 4629; x_wconf 86' lang='grc' dir='ltr'>μάγοις,</span> <span class='ocrx_word' id='word_1_615' title='bbox 777 4555 868 4608; x_wconf 80' lang='grc' dir='ltr'>καὶ</span> <span class='ocrx_word' id='word_1_616' title='bbox 929 4552 1115 4610; x_wconf 82' lang='grc' dir='ltr'>πολλᾶ</span> <span class='ocrx_word' id='word_1_617' title='bbox 1173 4553 1430 4629; x_wconf 86' lang='grc' dir='ltr'>δαιμόνια</span> <span class='ocrx_word' id='word_1_618' title='bbox 1468 4558 1730 4627; x_wconf 84' lang='grc' dir='ltr'>εἰπόντες,</span> <span class='ocrx_word' id='word_1_619' title='bbox 1791 4555 1944 4613; x_wconf 69' lang='grc' dir='ltr'>οὔπω</span> 
     </span>
    </p>
   </div>
   <div class='ocr_carea' id='block_1_89' title="bbox 297 4642 1943 4722">
    <p class='ocr_par' dir='ltr' id='par_1_89' title="bbox 297 4642 1943 4722">
     <span class='ocr_line' id='line_1_89' title="bbox 297 4642 1943 4722; baseline 0.002 -24"><span class='ocrx_word' id='word_1_620' title='bbox 297 4643 628 4720; x_wconf 75' lang='grc' dir='ltr'>ὑπήχθησαν</span> <span class='ocrx_word' id='word_1_621' title='bbox 674 4646 742 4718; x_wconf 78' lang='grc' dir='ltr'>τῇ</span> <span class='ocrx_word' id='word_1_622' title='bbox 797 4642 988 4722; x_wconf 83' lang='grc' dir='ltr'>τέχνῃ.</span> <span class='ocrx_word' id='word_1_623' title='bbox 1039 4645 1138 4700; x_wconf 85' lang='grc' dir='ltr'><strong>Καὶ</strong></span> <span class='ocrx_word' id='word_1_624' title='bbox 1168 4644 1251 4708; x_wconf 88' lang='grc' dir='ltr'><strong>τίς</strong></span> <span class='ocrx_word' id='word_1_625' title='bbox 1283 4647 1332 4682; x_wconf 76' lang='grc'><strong>⁷⁸</strong></span> <span class='ocrx_word' id='word_1_626' title='bbox 1384 4645 1482 4702; x_wconf 78' lang='grc' dir='ltr'><strong>οὐκ</strong></span> <span class='ocrx_word' id='word_1_627' title='bbox 1513 4643 1623 4702; x_wconf 76' lang='grc' dir='ltr'>οἶδε</span> <span class='ocrx_word' id='word_1_628' title='bbox 1675 4649 1768 4702; x_wconf 81' lang='grc' dir='ltr'>τὸν</span> <span class='ocrx_word' id='word_1_629' title='bbox 1821 4649 1943 4704; x_wconf 78' lang='grc' dir='ltr'><strong>Ἀν-</strong></span> 
     </span>
    </p>
   </div>
   <div class='ocr_carea' id='block_1_90' title="bbox 293 4731 1946 4812">
    <p class='ocr_par' dir='ltr' id='par_1_90' title="bbox 293 4731 1946 4812">
     <span class='ocr_line' id='line_1_90' title="bbox 293 4731 1946 4812; baseline 0.004 -24"><span class='ocrx_word' id='word_1_630' title='bbox 293 4731 564 4808; x_wconf 84' lang='grc' dir='ltr'>αξαγόραν</span> <span class='ocrx_word' id='word_1_631' title='bbox 633 4731 972 4806; x_wconf 83' lang='grc' dir='ltr'>Ὀλυμπιάσι</span> <span class='ocrx_word' id='word_1_632' title='bbox 1032 4735 1146 4806; x_wconf 76' lang='grc' dir='ltr'>μὲν,</span> <span class='ocrx_word' id='word_1_633' title='bbox 1181 4735 1344 4790; x_wconf 85' lang='grc' dir='ltr'>ὁπότε</span> <span class='ocrx_word' id='word_1_634' title='bbox 1398 4735 1596 4804; x_wconf 77' lang='grc' dir='ltr'>ἥκιστα</span> <span class='ocrx_word' id='word_1_635' title='bbox 1645 4735 1751 4808; x_wconf 74' lang='grc' dir='ltr'>ὕοι,</span> <span class='ocrx_word' id='word_1_636' title='bbox 1810 4757 1946 4812; x_wconf 88' lang='grc' dir='ltr'>παρ-</span> 
     </span>
    </p>
   </div>
   <div class='ocr_carea' id='block_1_91' title="bbox 293 4819 1940 4902">
    <p class='ocr_par' dir='ltr' id='par_1_91' title="bbox 293 4819 1940 4902">
     <span class='ocr_line' id='line_1_91' title="bbox 293 4819 1940 4902; baseline 0.005 -28"><span class='ocrx_word' id='word_1_637' title='bbox 293 4819 528 4877; x_wconf 85' lang='grc' dir='ltr'>ελθόντα</span> <span class='ocrx_word' id='word_1_638' title='bbox 557 4821 604 4858; x_wconf 69' lang='grc'><strong>⁷9</strong></span> <span class='ocrx_word' id='word_1_639' title='bbox 636 4821 738 4876; x_wconf 86' lang='grc' dir='ltr'><strong>ὑπὸ</strong></span> <span class='ocrx_word' id='word_1_640' title='bbox 776 4820 964 4896; x_wconf 86' lang='grc' dir='ltr'>κωδιῳ</span> <span class='ocrx_word' id='word_1_641' title='bbox 1019 4822 1094 4886; x_wconf 80' lang='grc' dir='ltr'>εἷς</span> <span class='ocrx_word' id='word_1_642' title='bbox 1125 4825 1187 4879; x_wconf 84' lang='grc' dir='ltr'>τὸ</span> <span class='ocrx_word' id='word_1_643' title='bbox 1225 4823 1441 4880; x_wconf 83' lang='grc' dir='ltr'>στάδιον</span> <span class='ocrx_word' id='word_1_644' title='bbox 1497 4825 1584 4880; x_wconf 82' lang='grc' dir='ltr'>ἐπὶ</span> <span class='ocrx_word' id='word_1_645' title='bbox 1641 4825 1940 4902; x_wconf 66' lang='grc' dir='ltr'>προρρήσει</span> 
     </span>
    </p>
   </div>
   <div class='ocr_carea' id='block_1_92' title="bbox 293 4903 1944 4988">
    <p class='ocr_par' dir='ltr' id='par_1_92' title="bbox 293 4903 1944 4988">
     <span class='ocr_line' id='line_1_92' title="bbox 293 4903 1944 4988; baseline 0.004 -25"><span class='ocrx_word' id='word_1_646' title='bbox 293 4903 556 4985; x_wconf 75' lang='grc' dir='ltr'>ὄμϐρους</span> <span class='ocrx_word' id='word_1_647' title='bbox 605 4911 720 4988; x_wconf 76' lang='grc' dir='ltr'><strong>Ὑφ’</strong></span> <span class='ocrx_word' id='word_1_648' title='bbox 747 4911 820 4966; x_wconf 86' lang='grc' dir='ltr'>ὦν</span> <span class='ocrx_word' id='word_1_649' title='bbox 870 4909 1066 4986; x_wconf 81' lang='grc' dir='ltr'>ἔψαυσε</span> <span class='ocrx_word' id='word_1_650' title='bbox 1093 4917 1190 4968; x_wconf 80' lang='grc' dir='ltr'>τοῦ</span> <span class='ocrx_word' id='word_1_651' title='bbox 1239 4913 1388 4975; x_wconf 85' lang='grc' dir='ltr'>Θεϊός</span> <span class='ocrx_word' id='word_1_652' title='bbox 1427 4933 1484 4968; x_wconf 89' lang='grc' dir='ltr'><strong>τε</strong></span> <span class='ocrx_word' id='word_1_653' title='bbox 1531 4915 1620 4968; x_wconf 84' lang='grc' dir='ltr'><strong>καὶ</strong></span> <span class='ocrx_word' id='word_1_654' title='bbox 1662 4913 1944 4986; x_wconf 82' lang='grc' dir='ltr'>δαιμόνιος</span> 
     </span>
    </p>
   </div>
   <div class='ocr_carea' id='block_1_93' title="bbox 291 4999 1942 5080">
    <p class='ocr_par' dir='ltr' id='par_1_93' title="bbox 291 4999 1942 5080">
     <span class='ocr_line' id='line_1_93' title="bbox 291 4999 1942 5080; baseline 0.001 -26"><span class='ocrx_word' id='word_1_655' title='bbox 291 4999 448 5057; x_wconf 72' lang='grc' dir='ltr'>εἶναι.</span> <span class='ocrx_word' id='word_1_656' title='bbox 482 5002 568 5074; x_wconf 76' lang='grc' dir='ltr'><strong>Τῇ</strong></span> <span class='ocrx_word' id='word_1_657' title='bbox 603 5000 764 5077; x_wconf 84' lang='grc' dir='ltr'>μάγῳ</span> <span class='ocrx_word' id='word_1_658' title='bbox 791 4999 978 5076; x_wconf 80' lang='grc' dir='ltr'>τέχνῃ.</span> <span class='ocrx_word' id='word_1_659' title='bbox 1011 5003 1313 5080; x_wconf 82' lang='grc' dir='ltr'>Μετέχοντι</span> <span class='ocrx_word' id='word_1_660' title='bbox 1345 5003 1392 5038; x_wconf 79' lang='grc' dir='ltr'><strong>⁸ο</strong></span> <span class='ocrx_word' id='word_1_661' title='bbox 1425 4999 1482 5058; x_wconf 87' lang='grc' dir='ltr'><strong>δέ</strong></span> <span class='ocrx_word' id='word_1_662' title='bbox 1533 5023 1624 5076; x_wconf 87' lang='grc' dir='ltr'><strong>μοι</strong></span> <span class='ocrx_word' id='word_1_663' title='bbox 1675 5001 1770 5058; x_wconf 69' lang='grc' dir='ltr'>τοῦ</span> <span class='ocrx_word' id='word_1_664' title='bbox 1817 5005 1942 5079; x_wconf 84' lang='grc' dir='ltr'>περὶ</span> 
     </span>
    </p>
   </div>
   <div class='ocr_carea' id='block_1_94' title="bbox 2127 4377 3698 4450">
    <p class='ocr_par' dir='ltr' id='par_1_94' title="bbox 2127 4377 3698 4450">
     <span class='ocr_line' id='line_1_94' title="bbox 2127 4377 3698 4450; baseline 0 -16"><span class='ocrx_word' id='word_1_665' title='bbox 2127 4377 2544 4450; x_wconf 78' lang='lat' dir='ltr'><strong>pulchritudine</strong></span> <span class='ocrx_word' id='word_1_666' title='bbox 2573 4378 2860 4434; x_wconf 86' lang='lat' dir='ltr'><strong>verborum</strong></span> <span class='ocrx_word' id='word_1_667' title='bbox 2903 4382 2954 4433; x_wconf 83' lang='lat' dir='ltr'><strong>et</strong></span> <span class='ocrx_word' id='word_1_668' title='bbox 2984 4379 3366 4448; x_wconf 77' lang='lat' dir='ltr'><strong>compositione</strong></span> <span class='ocrx_word' id='word_1_669' title='bbox 3394 4378 3698 4434; x_wconf 73' lang='lat' dir='ltr'><strong>excellunt.</strong></span> 
     </span>
    </p>
   </div>
   <div class='ocr_carea' id='block_1_95' title="bbox 2127 4466 3698 4541">
    <p class='ocr_par' dir='ltr' id='par_1_95' title="bbox 2127 4466 3698 4541">
     <span class='ocr_line' id='line_1_95' title="bbox 2127 4466 3698 4541; baseline -0.002 -17"><span class='ocrx_word' id='word_1_670' title='bbox 2127 4467 2695 4541; x_wconf 73' lang='lat' dir='ltr'><strong>38leythagoras</strong></span> <span class='ocrx_word' id='word_1_671' title='bbox 2727 4469 2874 4538; x_wconf 89' lang='lat' dir='ltr'><strong>ipse,</strong></span> <span class='ocrx_word' id='word_1_672' title='bbox 2907 4470 2964 4522; x_wconf 91' lang='lat' dir='ltr'><strong>et</strong></span> <span class='ocrx_word' id='word_1_673' title='bbox 2995 4466 3358 4523; x_wconf 86' lang='lat' dir='ltr'><strong>Democritus</strong></span> <span class='ocrx_word' id='word_1_674' title='bbox 3388 4483 3522 4523; x_wconf 91' lang='lat' dir='ltr'><strong>cum</strong></span> <span class='ocrx_word' id='word_1_675' title='bbox 3571 4481 3698 4522; x_wconf 84' lang='lat' dir='ltr'><strong>ma-</strong></span> 
     </span>
    </p>
   </div>
   <div class='ocr_carea' id='block_1_96' title="bbox 2055 4555 3701 4630">
    <p class='ocr_par' dir='ltr' id='par_1_96' title="bbox 2055 4555 3701 4630">
     <span class='ocr_line' id='line_1_96' title="bbox 2055 4555 3701 4630; baseline -0.002 -18"><span class='ocrx_word' id='word_1_676' title='bbox 2055 4557 2146 4630; x_wconf 85' lang='lat' dir='ltr'><strong>gis</strong></span> <span class='ocrx_word' id='word_1_677' title='bbox 2175 4558 2409 4624; x_wconf 82' lang='lat' dir='ltr'><strong>versati,</strong></span> <span class='ocrx_word' id='word_1_678' title='bbox 2453 4556 2756 4626; x_wconf 89' lang='lat' dir='ltr'><strong>multaque</strong></span> <span class='ocrx_word' id='word_1_679' title='bbox 2805 4555 3092 4610; x_wconf 63' lang='lat' dir='ltr'><strong>daemonia</strong></span> <span class='ocrx_word' id='word_1_680' title='bbox 3143 4555 3306 4619; x_wconf 82' lang='lat' dir='ltr'><strong>fassi,</strong></span> <span class='ocrx_word' id='word_1_681' title='bbox 3339 4555 3560 4610; x_wconf 83' lang='lat' dir='ltr'><strong>nullam</strong></span> <span class='ocrx_word' id='word_1_682' title='bbox 3612 4559 3701 4610; x_wconf 89' lang='lat' dir='ltr'><strong>ta-</strong></span> 
     </span>
    </p>
   </div>
   <div class='ocr_carea' id='block_1_97' title="bbox 2057 4643 3699 4718">
    <p class='ocr_par' dir='ltr' id='par_1_97' title="bbox 2057 4643 3699 4718">
     <span class='ocr_line' id='line_1_97' title="bbox 2057 4643 3699 4718; baseline -0.002 -16"><span class='ocrx_word' id='word_1_683' title='bbox 2057 4663 2188 4704; x_wconf 90' lang='lat' dir='ltr'><strong>men</strong></span> <span class='ocrx_word' id='word_1_684' title='bbox 2221 4647 2348 4717; x_wconf 88' lang='lat' dir='ltr'><strong>ejus</strong></span> <span class='ocrx_word' id='word_1_685' title='bbox 2369 4646 2510 4702; x_wconf 87' lang='lat' dir='ltr'><strong>artis</strong></span> <span class='ocrx_word' id='word_1_686' title='bbox 2541 4651 2764 4718; x_wconf 90' lang='lat' dir='ltr'><strong>partem</strong></span> <span class='ocrx_word' id='word_1_687' title='bbox 2793 4646 3135 4717; x_wconf 87' lang='lat' dir='ltr'><strong>attigerunt.</strong></span> <span class='ocrx_word' id='word_1_688' title='bbox 3170 4643 3310 4708; x_wconf 87' lang='lat' dir='ltr'><strong>Quis</strong></span> <span class='ocrx_word' id='word_1_689' title='bbox 3343 4645 3499 4701; x_wconf 90' lang='lat' dir='ltr'><strong>enim</strong></span> <span class='ocrx_word' id='word_1_690' title='bbox 3533 4644 3699 4715; x_wconf 90' lang='lat' dir='ltr'><strong>igno-</strong></span> 
     </span>
    </p>
   </div>
   <div class='ocr_carea' id='block_1_98' title="bbox 2056 4731 3700 4808">
    <p class='ocr_par' dir='ltr' id='par_1_98' title="bbox 2056 4731 3700 4808">
     <span class='ocr_line' id='line_1_98' title="bbox 2056 4731 3700 4808; baseline -0.004 -16"><span class='ocrx_word' id='word_1_691' title='bbox 2056 4741 2141 4792; x_wconf 85' lang='lat' dir='ltr'><strong>rat</strong></span> <span class='ocrx_word' id='word_1_692' title='bbox 2195 4739 2592 4808; x_wconf 79' lang='lat' dir='ltr'><strong>Anaxagoram</strong></span> <span class='ocrx_word' id='word_1_693' title='bbox 2649 4735 2706 4790; x_wconf 88' lang='lat' dir='ltr'><strong>in</strong></span> <span class='ocrx_word' id='word_1_694' title='bbox 2759 4735 3040 4807; x_wconf 79' lang='lat' dir='ltr'><strong>Olympia,</strong></span> <span class='ocrx_word' id='word_1_695' title='bbox 3101 4750 3234 4790; x_wconf 90' lang='lat' dir='ltr'><strong>cum</strong></span> <span class='ocrx_word' id='word_1_696' title='bbox 3276 4733 3438 4789; x_wconf 90' lang='lat' dir='ltr'><strong>nulla</strong></span> <span class='ocrx_word' id='word_1_697' title='bbox 3493 4731 3700 4803; x_wconf 69' lang='lat' dir='ltr'><strong>pluviae</strong></span> 
     </span>
    </p>
   </div>
   <div class='ocr_carea' id='block_1_99' title="bbox 2054 4823 3700 4897">
    <p class='ocr_par' dir='ltr' id='par_1_99' title="bbox 2054 4823 3700 4897">
     <span class='ocr_line' id='line_1_99' title="bbox 2054 4823 3700 4897; baseline -0.005 -14"><span class='ocrx_word' id='word_1_698' title='bbox 2054 4827 2310 4897; x_wconf 90' lang='lat' dir='ltr'><strong>suspicio</strong></span> <span class='ocrx_word' id='word_1_699' title='bbox 2371 4826 2721 4890; x_wconf 86' lang='lat' dir='ltr'><strong>immineret,</strong></span> <span class='ocrx_word' id='word_1_700' title='bbox 2787 4824 3092 4896; x_wconf 90' lang='lat' dir='ltr'><strong>pelliceam</strong></span> <span class='ocrx_word' id='word_1_701' title='bbox 3141 4828 3360 4881; x_wconf 88' lang='lat' dir='ltr'><strong>vestem</strong></span> <span class='ocrx_word' id='word_1_702' title='bbox 3424 4823 3700 4878; x_wconf 88' lang='lat' dir='ltr'><strong>indutum</strong></span> 
     </span>
    </p>
   </div>
   <div class='ocr_carea' id='block_1_100' title="bbox 2054 4909 3700 4987">
    <p class='ocr_par' dir='ltr' id='par_1_100' title="bbox 2054 4909 3700 4987">
     <span class='ocr_line' id='line_1_100' title="bbox 2054 4909 3700 4987; baseline -0.002 -17"><span class='ocrx_word' id='word_1_703' title='bbox 2054 4916 2410 4987; x_wconf 87' lang='lat' dir='ltr'><strong>processisse</strong></span> <span class='ocrx_word' id='word_1_704' title='bbox 2451 4919 2512 4970; x_wconf 84' lang='lat' dir='ltr'><strong>ut</strong></span> <span class='ocrx_word' id='word_1_705' title='bbox 2541 4915 2790 4970; x_wconf 91' lang='lat' dir='ltr'><strong>imbrem</strong></span> <span class='ocrx_word' id='word_1_706' title='bbox 2815 4913 3208 4980; x_wconf 88' lang='lat' dir='ltr'><strong>denuntiaret,</strong></span> <span class='ocrx_word' id='word_1_707' title='bbox 3257 4928 3364 4969; x_wconf 88' lang='lat' dir='ltr'><strong>nec</strong></span> <span class='ocrx_word' id='word_1_708' title='bbox 3395 4912 3477 4967; x_wconf 89' lang='lat' dir='ltr'><strong>ita</strong></span> <span class='ocrx_word' id='word_1_709' title='bbox 3515 4909 3700 4966; x_wconf 89' lang='lat' dir='ltr'><strong>multo</strong></span> 
     </span>
    </p>
   </div>
   <div class='ocr_carea' id='block_1_101' title="bbox 2053 5000 3702 5076">
    <p class='ocr_par' dir='ltr' id='par_1_101' title="bbox 2053 5000 3702 5076">
     <span class='ocr_line' id='line_1_101' title="bbox 2053 5000 3702 5076; baseline -0.002 -16"><span class='ocrx_word' id='word_1_710' title='bbox 2053 5015 2182 5075; x_wconf 90' lang='lat' dir='ltr'><strong>post</strong></span> <span class='ocrx_word' id='word_1_711' title='bbox 2211 5004 2508 5076; x_wconf 81' lang='lat' dir='ltr'><strong>ingentem</strong></span> <span class='ocrx_word' id='word_1_712' title='bbox 2541 5004 2800 5076; x_wconf 89' lang='lat' dir='ltr'><strong>pluviam</strong></span> <span class='ocrx_word' id='word_1_713' title='bbox 2833 5010 3085 5058; x_wconf 88' lang='lat' dir='ltr'><strong>secutam</strong></span> <span class='ocrx_word' id='word_1_714' title='bbox 3111 5017 3260 5070; x_wconf 90' lang='lat' dir='ltr'><strong>esse,</strong></span> <span class='ocrx_word' id='word_1_715' title='bbox 3285 5000 3440 5056; x_wconf 89' lang='lat' dir='ltr'><strong>unde</strong></span> <span class='ocrx_word' id='word_1_716' title='bbox 3461 5003 3702 5074; x_wconf 87' lang='lat' dir='ltr'><strong>putatus</strong></span> 
     </span>
    </p>
   </div>
   <div class='ocr_carea' id='block_1_102' title="bbox 1665 5101 2366 5159">
    <p class='ocr_par' dir='ltr' id='par_1_102' title="bbox 1665 5101 2366 5159">
     <span class='ocr_line' id='line_1_102' title="bbox 1665 5101 2366 5159; baseline 0.004 -4"><span class='ocrx_word' id='word_1_717' title='bbox 1665 5101 1914 5158; x_wconf 81' lang='lat' dir='ltr'><strong>VARle</strong></span> <span class='ocrx_word' id='word_1_718' title='bbox 1953 5102 2366 5159; x_wconf 87' lang='lat' dir='ltr'><strong>LECTIONES.</strong></span> 
     </span>
    </p>
   </div>
   <div class='ocr_carea' id='block_1_103' title="bbox 367 5187 1943 5266">
    <p class='ocr_par' dir='ltr' id='par_1_103' title="bbox 367 5187 1943 5266">
     <span class='ocr_line' id='line_1_103' title="bbox 367 5187 1943 5266; baseline 0.001 -22"><span class='ocrx_word' id='word_1_719' title='bbox 367 5190 412 5266; x_wconf 62' lang='grc' dir='ltr'><strong>’ξο</strong></span> <span class='ocrx_word' id='word_1_720' title='bbox 449 5187 740 5266; x_wconf 78' lang='grc' dir='ltr'>ἀφίστησιν</span> <span class='ocrx_word' id='word_1_721' title='bbox 771 5192 835 5246; x_wconf 80' lang='grc' dir='ltr'>Α.</span> <span class='ocrx_word' id='word_1_722' title='bbox 866 5259 888 5266; x_wconf 89' lang='lat'>__</span> <span class='ocrx_word' id='word_1_723' title='bbox 939 5191 981 5228; x_wconf 74' lang='grc' dir='ltr'>τί</span> <span class='ocrx_word' id='word_1_724' title='bbox 1015 5187 1124 5266; x_wconf 46' lang='grc' dir='ltr'>ἐτι]</span> <span class='ocrx_word' id='word_1_725' title='bbox 1179 5207 1256 5266; x_wconf 62' lang='grc' dir='ltr'>γι,</span> <span class='ocrx_word' id='word_1_726' title='bbox 1289 5193 1378 5248; x_wconf 77' lang='grc'><strong>4-2.</strong></span> <span class='ocrx_word' id='word_1_727' title='bbox 1426 5191 1524 5266; x_wconf 33' lang='grc'><strong>*⁷³</strong></span> <span class='ocrx_word' id='word_1_728' title='bbox 1556 5189 1638 5266; x_wconf 64' lang='grc' dir='ltr'><strong>ἐνΔ</strong></span> <span class='ocrx_word' id='word_1_729' title='bbox 1667 5195 1943 5266; x_wconf 71' lang='lat' dir='ltr'><strong>om._AB.</strong></span> 
     </span>
    </p>
   </div>
   <div class='ocr_carea' id='block_1_104' title="bbox 289 5259 1082 5336">
    <p class='ocr_par' dir='ltr' id='par_1_104' title="bbox 289 5259 1082 5336">
     <span class='ocr_line' id='line_1_104' title="bbox 289 5259 1082 5336; baseline 0 0"><span class='ocrx_word' id='word_1_730' title='bbox 289 5261 342 5336; x_wconf 72' lang='lat' dir='ltr'><strong>7f</strong></span> <span class='ocrx_word' id='word_1_731' title='bbox 371 5259 656 5336; x_wconf 59' lang='grc' dir='ltr'>ἀνετράφει</span> <span class='ocrx_word' id='word_1_732' title='bbox 685 5265 774 5336; x_wconf 75' lang='grc' dir='ltr'><strong>ΑΒ</strong></span> <span class='ocrx_word' id='word_1_733' title='bbox 807 5279 820 5318; x_wconf 79' lang='grc' dir='ltr'><strong>ε</strong></span> <span class='ocrx_word' id='word_1_734' title='bbox 858 5259 966 5336; x_wconf 62' lang='grc' dir='ltr'><strong>ἔφη</strong></span> <span class='ocrx_word' id='word_1_735' title='bbox 1000 5261 1082 5336; x_wconf 68' lang='grc' dir='ltr'>ςτ</span> 
     </span>
    </p>
   </div>
   <div class='ocr_carea' id='block_1_105' title="bbox 289 5331 780 5406">
    <p class='ocr_par' dir='ltr' id='par_1_105' title="bbox 289 5331 780 5406">
     <span class='ocr_line' id='line_1_105' title="bbox 289 5331 780 5406; baseline 0 -18"><span class='ocrx_word' id='word_1_736' title='bbox 289 5333 342 5369; x_wconf 76' lang='grc'><strong>⁷⁸</strong></span> <span class='ocrx_word' id='word_1_737' title='bbox 369 5331 458 5388; x_wconf 81' lang='grc' dir='ltr'><strong>καὶ</strong></span> <span class='ocrx_word' id='word_1_738' title='bbox 481 5331 596 5406; x_wconf 74' lang='grc' dir='ltr'>τίς]</span> <span class='ocrx_word' id='word_1_739' title='bbox 627 5351 684 5406; x_wconf 82' lang='grc' dir='ltr'><strong>ρ.</strong></span> <span class='ocrx_word' id='word_1_740' title='bbox 723 5335 780 5391; x_wconf 87' lang='lat'><strong>6.</strong></span> 
     </span>
    </p>
   </div>
   <div class='ocr_carea' id='block_1_106' title="bbox 1179 5193 1378 5258">
    <p class='ocr_par' dir='ltr' id='par_1_106' title="bbox 1179 5193 1378 5258">
     <span class='ocr_line' id='line_1_106' title="bbox 1179 5193 1378 5258; baseline 0.01 -12"><span class='ocrx_word' id='word_1_741' title='bbox 1179 5207 1256 5258; x_wconf 80' lang='lat' dir='ltr'><strong>vx,</strong></span> <span class='ocrx_word' id='word_1_742' title='bbox 1289 5193 1378 5248; x_wconf 76' lang='grc'><strong>42.</strong></span> 
     </span>
    </p>
   </div>
   <div class='ocr_carea' id='block_1_107' title="bbox 1159 5260 1852 5336">
    <p class='ocr_par' dir='ltr' id='par_1_107' title="bbox 1159 5260 1852 5336">
     <span class='ocr_line' id='line_1_107' title="bbox 1159 5260 1852 5336; baseline 0.003 -20"><span class='ocrx_word' id='word_1_743' title='bbox 1159 5263 1203 5336; x_wconf 60' lang='lat' dir='ltr'><strong>&#39;f&#39;</strong></span> <span class='ocrx_word' id='word_1_744' title='bbox 1230 5267 1393 5317; x_wconf 82' lang='grc' dir='ltr'>τοῦτο</span> <span class='ocrx_word' id='word_1_745' title='bbox 1425 5263 1466 5318; x_wconf 88' lang='grc' dir='ltr'><strong>Β</strong></span> <span class='ocrx_word' id='word_1_746' title='bbox 1501 5281 1514 5319; x_wconf 94' lang='lat'>:</span> <span class='ocrx_word' id='word_1_747' title='bbox 1544 5260 1740 5336; x_wconf 79' lang='grc' dir='ltr'>τούτου</span> 
     </span>
    </p>
   </div>
   <div class='ocr_carea' id='block_1_108' title="bbox 2048 5185 3702 5262">
    <p class='ocr_par' dir='ltr' id='par_1_108' title="bbox 2048 5185 3702 5262">
     <span class='ocr_line' id='line_1_108' title="bbox 2048 5185 3702 5262; baseline -0.002 -16"><span class='ocrx_word' id='word_1_748' title='bbox 2048 5193 2094 5262; x_wconf 58' lang='grc' dir='ltr'><strong>Τξ</strong></span> <span class='ocrx_word' id='word_1_749' title='bbox 2123 5190 2283 5246; x_wconf 79' lang='grc' dir='ltr'>αὐτὸν</span> <span class='ocrx_word' id='word_1_750' title='bbox 2317 5187 2430 5244; x_wconf 82' lang='grc' dir='ltr'>οὐδ’</span> <span class='ocrx_word' id='word_1_751' title='bbox 2487 5191 2807 5262; x_wconf 46' lang='grc' dir='ltr'>ὁπωστιοῦν</span> <span class='ocrx_word' id='word_1_752' title='bbox 2843 5193 2888 5246; x_wconf 84' lang='grc' dir='ltr'><strong>Α</strong></span> <span class='ocrx_word' id='word_1_753' title='bbox 2923 5207 2945 5262; x_wconf 22' lang='lat'><strong>:7</strong></span> <span class='ocrx_word' id='word_1_754' title='bbox 2970 5185 3086 5262; x_wconf 80' lang='grc' dir='ltr'>οὐδ’</span> <span class='ocrx_word' id='word_1_755' title='bbox 3143 5189 3293 5262; x_wconf 76' lang='grc' dir='ltr'>ὅπως</span> <span class='ocrx_word' id='word_1_756' title='bbox 3319 5208 3372 5242; x_wconf 91' lang='grc' dir='ltr'><strong>τι</strong></span> <span class='ocrx_word' id='word_1_757' title='bbox 3431 5187 3590 5262; x_wconf 78' lang='grc' dir='ltr'>αὐτὸν</span> <span class='ocrx_word' id='word_1_758' title='bbox 3621 5187 3702 5262; x_wconf 76' lang='grc' dir='ltr'><strong>ς’-</strong></span> 
     </span>
    </p>
   </div>
   <div class='ocr_carea' id='block_1_109' title="bbox 1931 5260 2830 5335">
    <p class='ocr_par' dir='ltr' id='par_1_109' title="bbox 1931 5260 2830 5335">
     <span class='ocr_line' id='line_1_109' title="bbox 1931 5260 2830 5335; baseline 0.002 -19"><span class='ocrx_word' id='word_1_759' title='bbox 1931 5263 1978 5300; x_wconf 66' lang='lat'><strong>7“</strong></span> <span class='ocrx_word' id='word_1_760' title='bbox 2009 5260 2138 5335; x_wconf 81' lang='grc' dir='ltr'>ἀλλ’</span> <span class='ocrx_word' id='word_1_761' title='bbox 2166 5264 2198 5316; x_wconf 83' lang='grc' dir='ltr'>ἁ</span> <span class='ocrx_word' id='word_1_762' title='bbox 2223 5281 2332 5335; x_wconf 79' lang='grc' dir='ltr'>τισι</span> <span class='ocrx_word' id='word_1_763' title='bbox 2363 5265 2408 5317; x_wconf 84' lang='grc' dir='ltr'><strong>Α</strong></span> <span class='ocrx_word' id='word_1_764' title='bbox 2442 5279 2454 5318; x_wconf 91' lang='lat'>:</span> <span class='ocrx_word' id='word_1_765' title='bbox 2483 5261 2636 5335; x_wconf 65' lang='lat' dir='ltr'><strong>ile</strong></span> <span class='ocrx_word' id='word_1_766' title='bbox 2663 5283 2712 5315; x_wconf 89' lang='grc' dir='ltr'><strong>τι</strong></span> 
     </span>
    </p>
   </div>
   <div class='ocr_carea' id='block_1_110' title="bbox 855 5331 2658 5408">
    <p class='ocr_par' dir='ltr' id='par_1_110' title="bbox 855 5331 2658 5408">
     <span class='ocr_line' id='line_1_110' title="bbox 855 5331 2658 5408; baseline 0.001 -21"><span class='ocrx_word' id='word_1_767' title='bbox 855 5331 914 5369; x_wconf 73' lang='grc' dir='ltr'><strong>ἠ’</strong></span> <span class='ocrx_word' id='word_1_768' title='bbox 936 5331 1276 5408; x_wconf 74' lang='grc' dir='ltr'>προελθόντα</span> <span class='ocrx_word' id='word_1_769' title='bbox 1307 5335 1520 5392; x_wconf 82' lang='lat' dir='ltr'><strong>Suidas</strong></span> <span class='ocrx_word' id='word_1_770' title='bbox 1550 5352 1603 5390; x_wconf 81' lang='grc' dir='ltr'><strong>ν.</strong></span> <span class='ocrx_word' id='word_1_771' title='bbox 1639 5331 2019 5408; x_wconf 64' lang='grc' dir='ltr'>Ἀναξαγόρας.</span> <span class='ocrx_word' id='word_1_772' title='bbox 2095 5333 2144 5370; x_wconf 78' lang='grc' dir='ltr'><strong>⁸ο</strong></span> <span class='ocrx_word' id='word_1_773' title='bbox 2187 5333 2500 5408; x_wconf 82' lang='grc' dir='ltr'>μετέχοντι]</span> <span class='ocrx_word' id='word_1_774' title='bbox 2533 5351 2571 5402; x_wconf 82' lang='lat' dir='ltr'><strong>I,</strong></span> <span class='ocrx_word' id='word_1_775' title='bbox 2607 5337 2658 5390; x_wconf 92' lang='lat'><strong>3.</strong></span> 
     </span>
    </p>
   </div>
   <div class='ocr_carea' id='block_1_111' title="bbox 2906 5261 3692 5334">
    <p class='ocr_par' dir='ltr' id='par_1_111' title="bbox 2906 5261 3692 5334">
     <span class='ocr_line' id='line_1_111' title="bbox 2906 5261 3692 5334; baseline -0.001 -18"><span class='ocrx_word' id='word_1_776' title='bbox 2906 5261 2952 5298; x_wconf 78' lang='lat'><strong>“&#39;7</strong></span> <span class='ocrx_word' id='word_1_777' title='bbox 2977 5261 3066 5316; x_wconf 80' lang='grc' dir='ltr'><strong>καὶ</strong></span> <span class='ocrx_word' id='word_1_778' title='bbox 3097 5261 3189 5334; x_wconf 86' lang='lat' dir='ltr'><strong>IL]</strong></span> <span class='ocrx_word' id='word_1_779' title='bbox 3219 5263 3318 5332; x_wconf 77' lang='lat'><strong>1,2,</strong></span> <span class='ocrx_word' id='word_1_780' title='bbox 3353 5277 3409 5333; x_wconf 91' lang='lat' dir='ltr'><strong>p.</strong></span> <span class='ocrx_word' id='word_1_781' title='bbox 3443 5261 3692 5318; x_wconf 83' lang='lat' dir='ltr'><strong>Olear.3.</strong></span> 
     </span>
    </p>
   </div>
   <div class='ocr_carea' id='block_1_112' title="bbox 1885 5423 2112 5482">
    <p class='ocr_par' dir='ltr' id='par_1_112' title="bbox 1885 5423 2112 5482">
     <span class='ocr_line' id='line_1_112' title="bbox 1885 5423 2112 5482; baseline -0.018 0"><span class='ocrx_word' id='word_1_782' title='bbox 1885 5423 2112 5482; x_wconf 73' lang='lat' dir='ltr'><strong>NOT/E.</strong></span> 
     </span>
    </p>
   </div>
   <div class='ocr_carea' id='block_1_113' title="bbox 349 5513 1939 5602">
    <p class='ocr_par' dir='ltr' id='par_1_113' title="bbox 349 5513 1939 5602">
     <span class='ocr_line' id='line_1_113' title="bbox 349 5513 1939 5602; baseline 0.001 -31"><span class='ocrx_word' id='word_1_783' title='bbox 349 5515 490 5602; x_wconf 43' lang='lat'><strong>$95.).</strong></span> <span class='ocrx_word' id='word_1_784' title='bbox 507 5513 858 5572; x_wconf 86' lang='lat' dir='ltr'><strong>Plutarchus</strong></span> <span class='ocrx_word' id='word_1_785' title='bbox 899 5515 1184 5588; x_wconf 85' lang='lat' dir='ltr'><strong>singulari</strong></span> <span class='ocrx_word' id='word_1_786' title='bbox 1223 5515 1640 5574; x_wconf 88' lang='lat' dir='ltr'><strong>commentario</strong></span> <span class='ocrx_word' id='word_1_787' title='bbox 1689 5516 1939 5589; x_wconf 90' lang='lat' dir='ltr'><strong>Epicuro</strong></span> 
     </span>
    </p>
   </div>
   <div class='ocr_carea' id='block_1_114' title="bbox 289 5589 1940 5732">
    <p class='ocr_par' dir='ltr' id='par_1_114' title="bbox 289 5589 1940 5732">
     <span class='ocr_line' id='line_1_114' title="bbox 289 5589 1940 5732; baseline 0.001 -18"><span class='ocrx_word' id='word_1_788' title='bbox 289 5589 676 5730; x_wconf 43' lang='grc' dir='ltr'><strong>ωίέἒξὈοίει</strong></span> <span class='ocrx_word' id='word_1_789' title='bbox 717 5661 1019 5732; x_wconf 85' lang='lat' dir='ltr'><strong>sequentia</strong></span> <span class='ocrx_word' id='word_1_790' title='bbox 1051 5659 1140 5732; x_wconf 89' lang='lat' dir='ltr'><strong>(ut</strong></span> <span class='ocrx_word' id='word_1_791' title='bbox 1189 5665 1460 5732; x_wconf 82' lang='lat' dir='ltr'><strong>excerpta</strong></span> <span class='ocrx_word' id='word_1_792' title='bbox 1515 5661 1813 5732; x_wconf 85' lang='lat' dir='ltr'><strong>phrasium</strong></span> <span class='ocrx_word' id='word_1_793' title='bbox 1875 5677 1940 5716; x_wconf 89' lang='lat' dir='ltr'><strong>ac</strong></span> 
     </span>
    </p>
   </div>
   <div class='ocr_carea' id='block_1_115' title="bbox 2543 5515 3691 5589">
    <p class='ocr_par' dir='ltr' id='par_1_115' title="bbox 2543 5515 3691 5589">
     <span class='ocr_line' id='line_1_115' title="bbox 2543 5515 3691 5589; baseline 0 -18"><span class='ocrx_word' id='word_1_794' title='bbox 2543 5534 2603 5572; x_wconf 92' lang='lat' dir='ltr'><strong>ro</strong></span> <span class='ocrx_word' id='word_1_795' title='bbox 2651 5515 2838 5589; x_wconf 88' lang='lat' dir='ltr'><strong>Photii</strong></span> <span class='ocrx_word' id='word_1_796' title='bbox 2873 5515 3078 5589; x_wconf 80' lang='lat' dir='ltr'><strong>_l_ibi_to)</strong></span> <span class='ocrx_word' id='word_1_797' title='bbox 3127 5533 3332 5589; x_wconf 85' lang='lat' dir='ltr'><strong>parum</strong></span> <span class='ocrx_word' id='word_1_798' title='bbox 3377 5515 3691 5582; x_wconf 68' lang='lat' dir='ltr'><strong>coherent,</strong></span> 
     </span>
    </p>
   </div>
   <div class='ocr_carea' id='block_1_116' title="bbox 2550 5587 3688 5660">
    <p class='ocr_par' dir='ltr' id='par_1_116' title="bbox 2550 5587 3688 5660">
     <span class='ocr_line' id='line_1_116' title="bbox 2550 5587 3688 5660; baseline -0.002 -16"><span class='ocrx_word' id='word_1_799' title='bbox 2550 5588 2840 5644; x_wconf 90' lang='lat' dir='ltr'><strong>hilostrati</strong></span> <span class='ocrx_word' id='word_1_800' title='bbox 2873 5587 3039 5644; x_wconf 89' lang='lat' dir='ltr'><strong>libris</strong></span> <span class='ocrx_word' id='word_1_801' title='bbox 3060 5587 3469 5660; x_wconf 77' lang='lat' dir='ltr'><strong>investiganda</strong></span> <span class='ocrx_word' id='word_1_802' title='bbox 3509 5593 3688 5660; x_wconf 87' lang='lat' dir='ltr'><strong>atque</strong></span> 
     </span>
    </p>
   </div>
   <div class='ocr_carea' id='block_1_117' title="bbox 2049 5517 2467 5572">
    <p class='ocr_par' dir='ltr' id='par_1_117' title="bbox 2049 5517 2467 5572">
     <span class='ocr_line' id='line_1_117' title="bbox 2049 5517 2467 5572; baseline 0.005 -2"><span class='ocrx_word' id='word_1_803' title='bbox 2049 5517 2467 5572; x_wconf 89' lang='lat' dir='ltr'><strong>sententiarum</strong></span> 
     </span>
    </p>
   </div>
   <div class='ocr_carea' id='block_1_118' title="bbox 2049 5587 2462 5644">
    <p class='ocr_par' dir='ltr' id='par_1_118' title="bbox 2049 5587 2462 5644">
     <span class='ocr_line' id='line_1_118' title="bbox 2049 5587 2462 5644; baseline 0.005 -2"><span class='ocrx_word' id='word_1_804' title='bbox 2049 5591 2222 5644; x_wconf 85' lang='lat' dir='ltr'><strong>erunt</strong></span> <span class='ocrx_word' id='word_1_805' title='bbox 2251 5587 2372 5643; x_wconf 71' lang='lat' dir='ltr'><strong>haec</strong></span> <span class='ocrx_word' id='word_1_806' title='bbox 2405 5589 2462 5644; x_wconf 90' lang='lat' dir='ltr'><strong>in</strong></span> 
     </span>
    </p>
   </div>
   <div class='ocr_carea' id='block_1_119' title="bbox 2048 5660 2412 5716">
    <p class='ocr_par' dir='ltr' id='par_1_119' title="bbox 2048 5660 2412 5716">
     <span class='ocr_line' id='line_1_119' title="bbox 2048 5660 2412 5716; baseline 0.003 -2"><span class='ocrx_word' id='word_1_807' title='bbox 2048 5660 2412 5716; x_wconf 85' lang='lat' dir='ltr'><strong>excutienda.</strong></span> 
     </span>
    </p>
   </div>
  </div>
