4138 6224
329 467 486 528 1245

1447 465 1991 525 BIBLIOTHECA.
2050 497 2120 508 -—
2163 464 2342 524 COD.
2388 464 2632 524 CCXLI.

3578 467 3735 527 1246

330 618 481 653 σατο.
517 596 580 654 Εἰ
616 598 709 669 μὲν
740 597 786 634 ⁸⁸
815 595 920 673 γὰρ
987 597 1276 665 Λακωνικὴ
1329 597 1364 664 ἡ
1414 592 1671 669 ὄρχησις,
1713 597 1970 670 συνορχή-

2093 598 2244 668 quod
2277 613 2481 654 omnes
2510 596 2570 652 in
2594 613 2658 653 se
2689 597 3066 668 respicientes
3099 598 3600 668 animadverteret,
3628 615 3734 655 nec

330 706 518 758 σομαι,
580 685 625 740 εἰ
686 683 744 740 δὲ
803 683 987 754 ἁπαλή
1047 687 1134 740 καὶ
1200 685 1274 747 εἰς
1329 686 1391 740 τὸ
1451 685 1592 753 θῆλυ
1652 682 1976 751 σπεύδουσα,

333 775 537 831 οὐκέτι.
601 773 981 846 Γυναικομίκῳ
1050 775 1188 848 (κατ’
1267 771 1564 848 Εὐριπίδην
1617 774 1796 852 φάναι)
1849 793 1981 847 μορ-

333 867 577 941 φώματι.
611 866 802 941 Λόγων
839 868 881 902 ⁸⁷
911 886 969 919 τε
1016 871 1284 938 κρατῆρες
1329 862 1576 932 ἵσταντο,
1627 866 1718 918 καὶ
1748 863 1977 937 ἡρύοντο

329 957 509 1010 αὐτῶν
541 955 593 1009 οἱ
626 952 914 1028 διψῶντες.
957 955 1167 1024 Πηνίκα
1197 957 1240 991 ⁸⁸
1281 956 1331 1008 οἱ
1360 955 1526 1028 γάμοι
1555 973 1568 1022 ;
1601 953 1817 1027 θερμοὶ,
1849 948 1974 1030 ἔφη,

328 1044 420 1098 καὶ
455 1043 586 1104 ἴσως
636 1041 848 1118 αὔριον.
910 1044 1110 1121 Σοφίαν
1163 1045 1210 1081 ⁸9
1269 1041 1324 1098 δὲ
1375 1043 1546 1098 αὐτοῦ
1597 1040 1973 1116 κατεῲεύδετο’

2088 686 2334 742 ulterius
2362 687 2628 758 petulans
2649 687 2984 758 apparebat.
3019 686 3251 742 Mutans
3273 688 3452 759 igitur
3471 687 3735 760 chlamy-

2089 776 2212 846 des,
2244 781 2301 831 et
2331 775 2616 847 reliquum
2650 775 3034 848 Sybariticum
3079 776 3322 845 cultum,
3354 777 3511 832 venit
3539 778 3598 831 in
3629 775 3732 832 de-

2088 865 2367 920 siderium
2397 865 2576 921 vestis
2607 865 2853 920 sordidae
2885 871 2942 921 et
2973 865 3140 932 tritae,
3165 870 3222 921 et
3252 866 3310 920 in
3346 881 3534 921 mores
3566 865 3733 934 Apol-

2085 953 2226 1009 lonii
2257 953 2456 1010 abivit.
2480 954 2536 1009 Si
2557 955 2713 1010 enim
2737 960 2828 1010 est
2856 955 3194 1025 tripudiatio
3223 955 3529 1023 Laconica,
3555 953 3730 1010 simul

2087 1043 2275 1098 8886
2299 1043 2669 1115 Iripudiabo:
2703 1043 2792 1099 sin
2844 1042 3036 1098 mollis
3069 1047 3178 1112 est,
3214 1049 3268 1099 et
3311 1043 3584 1112 feminea,
3618 1059 3733 1098 non

328 1132 419 1186 καὶ
456 1131 686 1207 χαλινὸς
719 1131 818 1187 οὐκ
855 1133 922 1202 ἦν
955 1131 1042 1186 ἐπὶ
1073 1136 1141 1206 τῇ
1171 1130 1418 1206 γλώττῃ.
1447 1138 1542 1188 Ἤν
1586 1129 1644 1186 δὲ
1673 1134 1719 1168 ⁷ο
1750 1133 1776 1184 6
1800 1130 1970 1186 Φιλό-

2084 1131 2336 1202 amplius
2358 1132 2664 1188 mulierum
2692 1132 3022 1202 imitatrice,
3049 1138 3112 1187 ut
3131 1133 3211 1188 ait
3229 1133 3554 1203 Euripides,
3578 1131 3735 1188 larva

333 1219 467 1282 λαος
495 1221 594 1290 τὴν
633 1222 726 1292 μὲν
755 1220 1002 1294 γλῶτταν
1055 1220 1432 1296 συγκείμενος,
1480 1221 1867 1294 μαλακώτερος
1919 1218 1975 1275 δὲ

329 1311 655 1384 καρτερῆσαί
688 1331 759 1365 τι.
796 1310 983 1373 Δείσας
1013 1312 1054 1348 τί
1096 1312 1222 1384 περὶ
1251 1315 1368 1374 τοῖς
1394 1310 1552 1372 νέοις.

2086 1225 2234 1288 utar,
2281 1238 2386 1278 nec
2425 1221 2632 1278 verbis.
2675 1221 2887 1276 Pocula
2925 1223 2984 1277 in
3026 1237 3231 1278 mensa
3278 1227 3633 1289 statuuntur,
3678 1228 3732 1276 et

2084 1310 2435 1366 hauriebant
2479 1310 2760 1366 sitientes.
2794 1311 3034 1374 Quando
3085 1311 3304 1382 nuptias
3352 1312 3587 1375 fervent,
3622 1309 3726 1376 ait,

331 1406 388 1455 et
433 1401 576 1456 torte
617 1417 744 1457 cras
776 1417 786 1452 :
823 1402 1183 1472 Sapientiam
1230 1419 1396 1457 suam
1435 1401 1770 1468 simulabat,
1800 1407 1855 1456 et
1905 1399 2106 1473 lingua
2150 1401 2386 1472 quidem
2431 1399 2576 1457 satis
2623 1405 2949 1472 promptus,
2986 1401 3081 1456 sed
3139 1401 3368 1457 mollior
3399 1401 3471 1456 ad
3505 1400 3721 1455 incom-

333 1487 497 1542 moda
527 1487 850 1556 toleranda,
884 1489 1168 1544 sollicitus
1199 1490 1270 1546 de
1299 1490 1789 1546 adolescenlibus.

405 1574 534 1648 Περὶ
569 1575 663 1647 μὲν
690 1577 738 1611 ⁷³
779 1577 881 1651 γὰρ
937 1576 983 1613 ⁷³
1027 1577 1233 1650 θηρίων
1282 1578 1384 1631 οὐκ
1426 1575 1486 1630 ἄν
1520 1576 1693 1637 εἶ’ποις
1742 1577 1826 1632 ὅτι
1882 1577 1977 1637 τάς

335 1662 572 1736 μητέρας
631 1663 808 1718 αὐτων
869 1661 1168 1720 ἐδαίσαντο’
1231 1667 1413 1740 Νέρων
1489 1661 1545 1720 δὲ
1604 1664 1980 1742 ἐμπεφόρηται

327 1759 430 1818 τῆς
499 1752 665 1826 βορᾶς
725 1752 930 1824 ταύτης
1007 1752 1090 1808 ἔπ’
1154 1755 1377 1830 Ὀρέστῃ
1446 1754 1537 1808 καὶ
1612 1752 1978 1826 Ἀλκμαίωνι.

332 1839 488 1895 Ἀλλ’
542 1840 763 1904 ἐκείνοις
819 1850 1014 1918 σχῆμα
1067 1848 1165 1898 τοῦ
1230 1838 1387 1920 ἔργου
1462 1843 1687 1917 πατέρες
1733 1844 1890 1912 ἦσαν,
1951 1845 1978 1898 6

335 1930 429 2001 μὲν
481 1930 787 2001 ἀποθανὼν,
829 1933 856 1986 ὁ
899 1929 955 1987 δὲ
1013 1930 1190 2006 ὅρμου
1243 1933 1483 2008 πραθεὶς.
1547 1934 1718 1994 Οὗτος
1779 1931 1834 1987 δὲ
1890 1932 1980 1987 καὶ

2166 1577 2244 1634 De
2274 1577 2413 1634 feris
2443 1593 2559 1634 non
2592 1578 2760 1634 facile
2804 1579 3018 1634 dixeris
3049 1596 3122 1634 an
3157 1583 3365 1635 matres
3405 1579 3732 1649 discerpse-

2089 1667 2221 1723 rint.
2255 1667 2403 1724 Nero
2453 1667 2562 1724 hoc
2610 1667 2740 1723 cibo
2790 1669 3056 1735 satiatur,
3105 1669 3370 1724 insanior
3419 1667 3642 1732 Oreste,
3675 1671 3735 1722 et

2087 1755 2436 1823 Alcmaeone,
2461 1757 2562 1812 sed
2586 1757 2718 1812 facti
2751 1763 3062 1828 praetextus
3093 1757 3213 1812 illis
3244 1762 3512 1813 auctores
3541 1761 3710 1812 erant

2093 1845 2190 1900 Ille
2232 1846 2468 1916 quidem
2521 1851 2807 1913 mortuus,
2840 1847 2935 1903 hic
2981 1845 3040 1901 in
3093 1853 3260 1916 portu
3308 1847 3597 1902 venditus.
3633 1845 3734 1901 Ille

2088 1949 2265 2005 opera
2313 1936 2514 1990 matris
2547 1936 2620 1990 ab
2651 1936 2998 2006 imperatore
3043 1941 3167 1990 tum
3214 1951 3353 1990 sene
3399 1936 3734 2007 adoptatus,

334 2019 665 2088 εἴσποιηθεὶς
728 2021 831 2074 ὑπὸ
889 2029 989 2090 τῆς
1059 2023 1268 2096 μητρὸς
1325 2021 1541 2097 γέροντι
1607 2021 1826 2096 βασιλεῖ
1883 2021 1970 2076 καὶ

2084 2027 2138 2079 et
2163 2022 2476 2094 imperium
2511 2025 2868 2080 hasreditatis
2893 2026 3023 2094 jure
3046 2033 3416 2092 consecutus,
3436 2026 3506 2079 ad
3529 2025 3737 2080 intem-

331 2105 760 2182 κληρονομήσας
786 2111 851 2164 τὸ
876 2109 1065 2185 ἂρχειν
1093 2113 1158 2166 ⁷⁸.
1211 2112 1334 2168 Ἐπὶ
1382 2111 1428 2148 ⁷⁸
1473 2116 1667 2184 κῶμον
1726 2110 1967 2187 ἔρχεται,

337 2195 548 2269 μεθύων
613 2197 918 2272 ἄνθρωπος,
979 2199 1078 2254 οὐκ
1135 2198 1392 2273 ἀγλύκως
1442 2202 1490 2237 ⁷⁸
1527 2209 1626 2270 τῆς
1685 2208 1870 2279 φωνῆς
1929 2204 1971 2238 ⁷⁷

328 2283 495 2360 ἔχων.
555 2289 835 2361 Περιήρθη
883 2293 1047 2343 πᾶσιν
1109 2289 1436 2366 ὀφθαλμοῖς,
1493 2293 1717 2353 ὁπόσοις
1756 2293 1790 2361 ἡ
1826 2293 1972 2370 ἀρχὴ

332 2373 544 2449 βλέπει.
589 2377 650 2429 Οἱ
693 2373 751 2430 δὲ
779 2379 822 2413 ⁷⁸
853 2374 918 2446 δή
953 2378 1217 2434 Αἰσώπου
1247 2379 1300 2434 τί
1329 2397 1342 2447 ;
1396 2380 1692 2458 βάτραχοι,
1725 2378 1852 2453 ἔφη,
1883 2379 1973 2435 καὶ

325 2459 437 2518 ὄνοι
468 2465 556 2519 καὶ
590 2462 777 2538 λῆροι,
811 2466 1036 2541 γραυσὶν
1095 2468 1201 2522 οἷοι
1252 2473 1519 2540 μασᾶσθαι
1571 2469 1660 2522 καὶ
1707 2465 1972 2532 παιδίοις.

329 2553 424 2608 Ἐκ
454 2549 664 2607 παίδων
715 2553 817 2629 γὰρ
871 2560 988 2617 τοῖς
1049 2555 1235 2630 λόγοις
1292 2557 1511 2618 τούτοις
1568 2558 1971 2632 ξυγγενόμενοι,

330 2643 418 2695 καὶ
452 2642 539 2696 ὑπ’
586 2643 764 2698 αὐτῶν
817 2643 1263 2715 ἐκνηπιωθέντες,
1318 2644 1473 2719 δόξας
1522 2643 1974 2720 ἀναλαμϐάνομεν

337 2730 458 2804 περὶ
492 2733 716 2788 ἑκάστου
772 2737 881 2788 τῶν
945 2735 1124 2803 ζώων,
1182 2736 1248 2789 τὰ
1296 2736 1390 2808 μὲν
1429 2736 1504 2800 ὡς
1559 2736 1819 2811 βασιλικὰ
1860 2736 1969 2806 εἷή,

331 2819 400 2874 τὰ
431 2817 476 2874 δ’
507 2821 578 2882 ὡς
613 2821 804 2892 εὐήθη.
847 2825 952 2879 Καὶ
989 2825 1059 2879 τὰ
1105 2825 1153 2859 ⁷9
1201 2823 1313 2880 ὦτα
1355 2823 1408 2886 ἐς
1440 2825 1816 2881 Ἀπολλώνιον
1877 2826 1971 2883 Αί-

333 2910 583 2982 γυπτίοις
619 2909 754 2983 ὀρθὰ
780 2911 870 2980 ἦν.
899 2914 1026 2968 ’Ὁτι
1057 2913 1104 2950 ⁸ο
1133 2911 1408 2976 Κλαύδιος
1447 2913 1676 2985 τηλικός
1723 2913 1778 2970 δε
1821 2917 1864 2952 ⁸¹
1897 2912 1969 2969 ὤν

327 2996 512 3052 πολλὰ
571 2999 909 3075 μειρακιώδη
961 2995 1148 3069 ἔπαθε,
1206 3003 1294 3057 καὶ
1368 2999 1674 3077 μελόϐοτον
1730 3004 1969 3078 γυναίοις

326 3086 428 3154 τήν
483 3086 663 3161 ἀρχὴν
721 3088 936 3158 ἀνῆκεν.
998 3087 1283 3162 Κίόδηλος
1326 3094 1375 3128 ⁸2
1411 3093 1509 3167 γὰρ
1561 3094 1588 3148 6
1621 3095 1826 3168 χρυσὸς
1879 3094 1969 3149 καὶ

331 3173 502 3248 μέλας
557 3177 624 3245 ἦν
681 3176 740 3232 ἐκ
801 3175 1048 3254 δακρύων
1097 3181 1249 3249 ⁴ἥκων
1279 3183 1344 3239 ⁸³.
1395 3183 1641 3251 ’ᾙκαλλε
1671 3185 1740 3239 ⁸⁴.
1791 3185 1896 3239 Καὶ
1925 3185 1972 3220 ⁸⁵

328 3259 519 3332 διῆλθε
547 3265 639 3320 τὸν
695 3266 818 3341 περὶ
866 3274 966 3336 τῆς
1012 3270 1058 3306 ³⁸
1106 3276 1372 3342 μητρυιᾶς
1421 3269 1582 3347 λόγον
1629 3273 1900 3350 ὐφμειένῳ
1926 3273 1972 3308 ⁸⁷

2084 2112 2406 2184 perantiam
2459 2112 2774 2182 delabitur,
2811 2113 2981 2167 homo
3030 2112 3316 2179 ebriosus,
3351 2128 3456 2167 nec
3506 2113 3733 2168 insuavi

2086 2216 2240 2257 voce.
2274 2199 2547 2256 Omnium
2581 2199 2769 2256 oculis
2815 2201 3116 2272 expositus
3146 2204 3254 2268 est,
3290 2199 3394 2271 qui
3426 2200 3482 2254 in
3520 2199 3735 2270 princi-

2088 2304 2219 2360 pem
2278 2289 2692 2361 conjiciuntur.
2736 2289 2930 2360 ΛΕεορί
2980 2305 3154 2355 ranae,
3199 2287 3414 2359 inquit,
3458 2293 3517 2343 et
3563 2287 3732 2354 asini,

2087 2394 2256 2450 nugas
2289 2379 2507 2450 pueris,
2539 2378 2905 2449 aniculisque
2934 2378 3275 2434 tractandae.
3305 2379 3350 2432 A
3383 2376 3630 2448 pueritia
3673 2377 3732 2432 in

2085 2467 2204 2523 illis
2234 2469 2495 2538 enutriti,
2528 2471 2583 2523 et
2609 2469 2667 2522 in
2699 2467 2819 2523 illis
2848 2472 3203 2538 consumpta
3233 2466 3483 2522 infantia
3513 2471 3621 2520 est.
3659 2467 3734 2520 De

2084 2557 2336 2629 singulis
2364 2557 2716 2612 animalibus
2745 2557 3052 2628 opiniones
3092 2556 3414 2611 habemus:
3454 2556 3576 2610 haec
3603 2553 3733 2624 qui-

2083 2648 2212 2702 dem
2249 2654 2307 2700 ut
2338 2645 2580 2717 imperio
2613 2645 2814 2716 digna,
2848 2643 2947 2698 illa
2980 2649 3043 2698 ut
3073 2643 3451 2714 simpliciora.
3482 2641 3734 2713 [Egyptii

2083 2751 2251 2790 aures
2273 2735 2343 2790 ad
2366 2733 2737 2805 Apollonium
2762 2732 3121 2805 arrigebant.
3145 2730 3456 2796 Claudius,
3479 2731 3588 2786 etsi
3607 2735 3733 2786 tan-

2085 2828 2177 2879 tus
2205 2828 2348 2893 erat,
2380 2822 2566 2878 multa
2594 2827 2785 2877 tamen
2835 2820 3080 2893 puerilia
3128 2826 3406 2892 praeterea
3443 2819 3727 2876 exhibuit.

2083 2912 2435 2969 Mulierculis
2476 2912 2788 2984 imperium
2842 2911 3136 2976 submisit,
3169 2927 3282 2980 quo
3323 2910 3589 2965 homines
3637 2926 3726 2966 re-

2082 3007 2318 3075 guntur.
2346 3001 2753 3057 Adulterinum
2801 3001 2957 3056 enim
2989 3016 3220 3071 aurum,
3253 3004 3310 3054 et
3339 2999 3574 3070 nigrum
3604 3002 3729 3055 erat

2083 3108 2112 3147 e
2163 3090 2418 3147 lacrimis
2469 3091 2810 3162 procedens.
2851 3091 3296 3156 Assentabatur,
3337 3093 3396 3143 et
3443 3089 3732 3145 referebat

2081 3181 2154 3236 de
2191 3195 2436 3236 noverca
2481 3195 2808 3235 sermonem
2855 3194 2994 3234 voce
3041 3177 3318 3245 demissa,
3351 3193 3456 3232 nec
3487 3193 3728 3233 venerea

2083 3269 2296 3341 attigit,
2329 3285 2435 3324 nec
2483 3269 2652 3324 aliter
2681 3269 2741 3324 in
2771 3284 2905 3323 eum
2941 3266 3072 3339 quis
3103 3266 3487 3338 petulantiam
3537 3275 3731 3322 osten-

406 3326 416 3332 .
769 3326 778 3341 .
923 3326 962 3336 .-
1106 3326 1116 3342 .
1171 3326 1180 3341 .
1224 3326 1232 3341 .
1359 3326 1370 3332 -
1502 3326 1512 3347 ,
1706 3326 1764 3346 ,νκ
1804 3326 1814 3328 τ
1873 3326 1882 3345 ι

328 3355 406 3423 τῷ
431 3351 596 3426 τόνῳ.
645 3351 790 3412 Οὐδὲ
836 3353 1169 3433 ἀφροδισίων
1219 3361 1423 3429 ἥπτετο
1472 3361 1539 3430 ⁸⁸,
1592 3326 1706 3416 οὐδ’
1753 3359 1889 3434 ἔρως
1929 3364 1970 3398 ⁸⁷

2087 3326 2225 3414 ιίίι.υ
2249 3326 2359 3414 Sed
2429 3363 2553 3414 erat
2627 3326 2974 3428 agrestiore‘
3011 3326 3245 3428 ingenio
3311 3372 3378 3411 ac
3441 3357 3728 3426 praeduro.

326 3440 409 3494 ἐπ’
438 3442 602 3497 αὐτὸν
635 3441 812 3504 οὐδείς
865 3443 1143 3519 ἐκώμασεν
1181 3446 1349 3503 ’ἀλλ’
1399 3450 1465 3518 ἦν
1511 3457 1610 3518 τῆς
1661 3449 1977 3525 ἀγροικοτέ-

327 3551 421 3604 ρας
451 3551 508 3586 τε
539 3531 586 3567 ⁹⁰
615 3534 704 3587 καὶ
754 3533 1016 3608 ἂτέγκτου
1065 3537 1108 3573 ⁹¹
1161 3537 1377 3610 μοίρας.
1432 3536 1640 3594 Ἐδόκει
1691 3537 1748 3594 δὲ
1796 3542 1841 3577 ⁷³
1881 3541 1971 3594 καὶ

329 3622 578 3694 [54511.]
635 3631 1010 3696 γυμναστικῆς
1064 3623 1446 3699 ἐπαφροδίτως
1493 3627 1748 3700 ἅψασθαι.
1799 3634 1970 3685 Ἀπο-

327 3712 439 3782 χρῇ
480 3710 528 3746 93
585 3714 665 3781 τῷ
723 3713 876 3790 σοφῷ
940 3714 1197 3788 βρώσεώς
1244 3735 1302 3769 τε
1339 3718 1559 3788 καθαρῷ
1602 3717 1734 3771 εἶναι
1795 3718 1967 3787 ὁπόση

326 3795 589 3870 ἔμπνους,
638 3800 833 3875 ἱμέρου
885 3823 943 3857 τε
995 3803 1054 3864 ’ὸς
1103 3808 1265 3880 φοιτᾷ
1296 3801 1365 3859 δι’
1423 3803 1712 3877 ὀμμάτων,
1771 3806 1970 3882 φθόνου

321 3907 378 3942 τε
410 3889 471 3950 ὃς
505 3886 839 3954 διδάσκαλος
870 3888 1075 3948 ἀδίκων
1108 3891 1195 3948 ἐπὶ
1228 3897 1389 3970 χεῖρα
1435 3894 1524 3948 καὶ
1557 3897 1785 3969 γνώμην
1823 3894 1966 3963 ἥκει.

325 3982 796 4054 Θαυμασιουργίας
851 4001 909 4035 τε
965 3983 1054 4036 καί
1119 3983 1299 4056 βιαίου
1363 3982 1566 4058 τέχνης
1625 3985 1701 4055 μή
1765 3981 1967 4038 δεῖσθαι

324 4063 607 4136 ἀλήθειαν.
649 4069 712 4123 Ἡ
775 4070 867 4140 μὲι
927 4070 1088 4125 κακία
1143 4075 1333 4146 χρυσῷ
1387 4092 1446 4126 τε
1501 4073 1965 4146 κατεσκευασμένη

324 4155 410 4208 καὶ
444 4155 643 4231 ὅρμοις
683 4157 867 4226 ἐσθῆτί
907 4179 966 4215 τε
1009 4159 1371 4238 ἁλιπορφύρῳ
1418 4159 1508 4215 καὶ
1552 4167 1776 4234 παρειᾶς
1821 4158 1967 4216 ἄνθει

323 4243 411 4298 καὶ
453 4245 650 4319 χαίτης
697 4247 1035 4309 ἀναπλοκαῖς
1095 4249 1183 4304 καὶ
1229 4254 1463 4326 γραφαῖς
1511 4251 1797 4324 ὀμμάτωνο
1854 4247 1964 4305 ἔστι

326 4329 372 4386 δ’
427 4333 564 4408 αὐτῇ
623 4337 670 4373 ⁸⁴
732 4337 823 4391 καὶ
889 4342 1132 4413 χρυσοῦν
1188 4336 1433 4394 πέδιλον·
1501 4337 1796 4414 γέγραπται
1862 4339 1963 4415 γὰρ

321 4423 410 4476 καὶ
476 4422 657 4496 τούτῳ
713 4425 762 4460 9⁵
801 4422 1114 4484 ἐνσοϐοὐσα.
1177 4430 1238 4484 Ἣ
1299 4425 1345 4482 δ’
1404 4428 1565 4500 ἀρετὴ
1627 4427 1968 4500 πεπονηκυίᾳ

325 4513 418 4582 μὲν
483 4515 826 4592 προσφερής,
887 4518 1066 4592 τραχὺ
1135 4513 1191 4572 δὲ
1246 4518 1429 4591 ὁρῶσα
1493 4518 1584 4572 τὸν
1647 4519 1867 4593 αὐχμὸν
1921 4520 1966 4554 ⁸⁸

320 4602 668 4676 πεποιημένη
702 4607 744 4641 ³⁷
783 4605 1069 4679 κόσμημα.
1111 4604 1252 4663 Οὐδὲ
1282 4608 1331 4642 9⁸
1372 4603 1512 4682 ἔριον
1547 4608 1574 4662 ὃ
1613 4605 1720 4662 ἀπὸ
1776 4609 1962 4682 ἐμψύ-

323 4707 437 4764 χων
465 4693 512 4728 9’
541 4691 772 4769 ἐπέχθη.
805 4695 904 4749 Καί
949 4715 1045 4767 μοι
1097 4692 1274 4766 ἔδοξεν
1330 4693 1538 4771 ἀνδρῶν
1591 4698 1719 4752 εἶναι
1767 4717 1962 4772 περιτ-

318 4785 425 4834 τῶν
461 4781 525 4836 τὰ
565 4784 681 4837 θεῖα
730 4785 916 4858 ψυχήν
961 4805 1018 4839 τε
1068 4787 1082 4821 ¹
1125 4787 1318 4859 ἄριστα
1367 4784 1806 4861 ἐπεσκεμμένων,
1846 4787 1913 4856 ἧς
1945 4790 1966 4824 ³

315 4869 379 4924 τὸ
437 4869 693 4927 ἀθάνατον
744 4893 802 4928 τε
858 4875 946 4929 καὶ
1007 4873 1300 4951 ἀγέννητον
1351 4881 1529 4954 πηγαὶ
1584 4878 1866 4954 γενέσεως.
1902 4879 1963 4935 ‘0

315 4957 694 5024 Ἀπολλώνιός
725 4965 746 4999 ³
787 4984 940 5040 φησι,
981 4961 1150 5020 ταῦτά
1212 4986 1280 5039 με
1323 4967 1428 5037 πρὸ
1473 4967 1629 5039 ὓμῶν
1661 4969 1682 5002 ⁸
1720 4966 1804 5021 ἐπ’
1868 4969 1964 5022 Ἰν-

314 5045 450 5110 δοὺς
505 5043 741 5125 ἔτρεψεν,
803 5050 1171 5126 ἐνθυμηθέντα
1229 5053 1304 5116 ὡς
1373 5053 1696 5131 λεπτότεροι
1731 5056 1826 5129 μὶν
1866 5056 1965 5124 τήν

2087 3446 2261 3504 Visus
2289 3451 2378 3502 est
2406 3451 2462 3502 et
2503 3446 2929 3519 gymnasticam
2978 3445 3121 3501 scite
3168 3443 3450 3515 attigisse.
3483 3444 3730 3515 Expedit

2083 3537 2331 3608 sapienti
2363 3553 2575 3608 purum
2619 3552 2750 3592 esse
2779 3552 2813 3590 a
2843 3535 2994 3603 cibo,
3027 3534 3127 3606 qui
3176 3534 3360 3606 spirat
3398 3533 3722 3600 libidinem,

2081 3643 2207 3697 qua:
2241 3643 2338 3698 per
2368 3625 2568 3681 oculos
2615 3626 2812 3681 venit:
2845 3629 2903 3679 et
2933 3624 3232 3690 invidiam,
3268 3641 3394 3694 quae
3444 3624 3726 3693 magistra

2081 3715 2322 3786 iniustis
2371 3715 2810 3770 contentionum
2862 3729 2928 3767 ac
2981 3711 3410 3768 dissensionum
3457 3717 3566 3765 est.
3600 3710 3725 3765 Non

2080 3811 2211 3878 cget
2239 3807 2449 3862 veritas
2480 3805 2953 3869 incantamentis,
2986 3807 3043 3857 et
3071 3805 3194 3856 arte
3224 3800 3484 3855 violenta.
3513 3798 3726 3854 Vitium

2079 3912 2222 3950 auro
2273 3898 2544 3951 ornatum
2605 3901 2658 3948 et
2718 3891 3024 3963 torquibus
3083 3894 3356 3958 vesteque
3414 3901 3727 3958 purpurea,

2077 4000 2359 4056 genarum
2392 3983 2625 4046 rubore,
2650 3981 3022 4050 criniumque
3055 3977 3364 4045 cincinnis,
3397 3975 3727 4034 oculorum.-

2079 4087 2189 4144 qus
2216 4071 2529 4140 coloribus,
2551 4074 2607 4125 et
2627 4069 2819 4124 aureis
2840 4067 3049 4124 calceis
3073 4065 3398 4137 petulanter
3427 4063 3722 4135 depictum

2076 4168 2216 4218 est:
2275 4161 2462 4216 virtus
2509 4175 2644 4215 vero
2704 4157 2993 4214 laboriosa
3051 4156 3243 4211 884a
3300 4154 3580 4223 adjuncta
3634 4156 3725 4207 est

2076 4251 2312 4306 horrido
2364 4249 2647 4319 aspectui,
2694 4246 2888 4303 studet
2961 4245 3231 4318 squalore
3261 4244 3478 4311 ornari,
3510 4259 3616 4299 nec
3646 4241 3724 4298 la-

2077 4357 2234 4410 nam,
2285 4355 2412 4411 quae
2463 4337 2534 4393 ab
2583 4336 2842 4392 animato
2900 4334 3183 4406 carpitur,
3231 4337 3443 4405 gestat.
3495 4332 3722 4388 Etenim

2073 4429 2200 4488 visa
2228 4434 2316 4485 est
2345 4428 2488 4484 mihi
2525 4427 2828 4483 hominum
2861 4422 3398 4494 superstitiosorum
3445 4437 3591 4489 esse,
3623 4421 3721 4493 qui

2076 4523 2321 4575 mentem
2349 4534 2553 4590 puram
2577 4516 2814 4580 habent,
2838 4513 3008 4584 cujus
3031 4510 3454 4577 immortalitas,
3480 4515 3536 4566 et
3556 4511 3720 4565 initio

2074 4607 2332 4664 carentia
2371 4605 2764 4678 generationis
2817 4605 3016 4659 fontes.
3062 4600 3406 4674 Apollonius
3437 4599 3552 4656 ait:
3587 4601 3717 4656 Haec

2074 4715 2168 4754 me
2194 4698 2260 4753 ad
2288 4697 2458 4755 Indos
2487 4697 2774 4752 duxerunt
2805 4693 3185 4765 cogitantem,
3217 4691 3353 4760 quia
3383 4688 3720 4745 subtiliores

2073 4787 2373 4844 intellectu
2405 4786 2553 4843 tales
2585 4784 2846 4841 homines
2894 4781 3227 4853 purioribus
3269 4779 3533 4850 occupati
3563 4777 3720 4849 cogi-

2075 4878 2413 4943 tationibus,
2431 4876 2682 4933 veriores
2706 4873 2766 4929 in
2790 4871 3165 4944 opinionibus
3188 4869 3258 4924 de
3276 4867 3390 4924 diis
3411 4873 3469 4923 et
3489 4872 3719 4938 natura,

2076 4967 2243 5039 quasi
2274 4966 2449 5022 vicini
2479 4965 2593 5021 diis
2621 4968 2677 5020 et
2708 4964 2778 5018 ad
2812 4961 2980 5017 initia
3010 4959 3247 5014 vivificaa
3271 4962 3327 5013 et
3348 4955 3548 5012 calidae
3579 4955 3722 5012 solis

2079 5055 2422 5113 substantia
2481 5053 2834 5110 habitantes.
2887 5051 2995 5107 Sed
3057 5052 3115 5104 et
3168 5062 3354 5103 arena
3407 5060 3717 5102 numerum

1660 5182 1903 5239 VARI/E
1944 5183 2362 5240 LECTIONES.

383 5286 431 5365 “.6
461 5284 505 5340 εἶ
545 5287 660 5365 Pii]
702 5291 899 5365 “L21-
959 5360 970 5365 λ
1002 5289 1056 5365 ⁸⁷,
1087 5286 1400 5365 λόγωνλιν,
1431 5293 1530 5365 ⁸24.

307 5359 424 5430 σας]
467 5376 542 5428 ιν,
573 5359 664 5434 δῖε
736 5433 744 5434 ,
776 5362 823 5434 τέ
851 5360 974 5434 περἰ
1005 5359 1122 5434 μὲν]
1159 5359 1232 5434 iv.

307 5428 518 5507 0mg}.
699 5433 750 5507 οἱ
783 5428 861 5506 δὲ]
894 5428 944 5503 ν’,
981 5428 1067 5489 1⁷4.
1104 5428 1120 5434 ’
1188 5428 1238 5469 ⁷9
1265 5434 1354 5489 καὶ
1393 5437 1484 5507 τὰ]

620 5503 664 5539 ⁸³
694 5502 1196 5572 ἤκωνόόιτοοιυω
1232 5507 1289 5562 in
1323 5511 1390 5564 Α.

1555 5477 1569 5501 ,
1601 5436 1690 5492 24.

1442 5293 1530 5347 24.
1655 5291 1700 5327 6⁸
1737 5292 1961 5361 πηνίκοῖ
1995 5308 2072 5358 1v,
2105 5293 2193 5348 25.
2299 5291 2346 5326 ⁶⁹
2385 5308 2559 5368 coeptas

1429 5363 1478 5398 ⁷³
1506 5361 1609 5419 γὰρ
1639 5364 1766 5419 AB:
1799 5383 1856 5419 γε
2046 5367 2092 5400 ⁷⁴
2123 5363 2346 5419 ἀργεῖον
2375 5365 2434 5416 Β.
2512 5360 2559 5396 ⁷⁵

1340 5406 1350 5416 .
1437 5381 1478 5398 ω
1506 5381 1609 5437 γαρ
1639 5381 1766 5421 AD:
1799 5383 1856 5470 γε
1888 5381 1927 5436 ε
1956 5404 1970 5419 .
2053 5381 2092 5400 ε’
2123 5381 2346 5437 αρχειον
2375 5381 2434 5416 υ.

1340 5434 1354 5488 ἱ
1393 5437 1484 5506 τὰ]
1513 5453 1569 5501 ν,
1784 5435 1804 5470 ⁸
1861 5434 1966 5506 ὅτι]
2010 5454 2066 5506 v,
2097 5437 2185 5491 27.
2289 5435 2334 5470 ⁸¹
2365 5453 2432 5503 τη

1519 5507 1568 5579 3f
1595 5502 1808 5579 ᾕκαλλε
1836 5507 1912 5577 (ν,
1946 5502 2184 5579 7ι2)ὀω.
2215 5507 2329 5562 ΛΒ.

2299 5291 2346 5326 ⁶⁹
2385 5289 2703 5414 σοφιανὲιν,
2733 5289 2826 5343 26.
2925 5286 2970 5322 ⁷ο
2998 5283 3064 5352 ἦν
3107 5280 3186 5355 δὲ]
3219 5299 3292 5353 ιν,
3327 5283 3419 5336 36.
3529 5283 3572 5318 τί
3606 5277 3715 5336 δεί-

2299 5383 2346 5414 )v
2375 5365 2434 5414 Β.
2512 5360 2559 5396 ⁷⁵
2615 5359 2675 5414 πὶ
2712 5358 2898 5414 Βλέπει
2929 5356 2977 5391 ⁷⁸
3005 5353 3231 5414 ἀγλύκω
3285 5356 3351 5410 Α.
3446 5353 3489 5388 ⁷⁷
3528 5359 3711 5414 φωνῆς

2512 5360 2559 5396 ⁷⁵
2585 5353 2898 5432 ἐπίβλέπει
2929 5356 2977 5391 ⁷⁸
3005 5353 3231 5432 ἀγλύκω
3285 5356 3351 5410 Α.
3446 5353 3489 5388 ⁷⁷
3528 5359 3711 5428 φωνῆς

2512 5428 2659 5486 ιιόσδε
2688 5436 2768 5487 A:
2815 5427 3051 5499 πηλίκος
3084 5425 3141 5481 δὲ
3338 5425 3385 5460 ⁸³
3413 5418 3707 5499 κίξδηλος]

2289 5435 2334 5470 ⁸¹
2365 5428 2659 5503 τηλικόσδε
2688 5425 2768 5487 Ᾱ;
2815 5425 3065 5499 πηλίκος
3084 5425 3141 5481 δὲ
3338 5425 3385 5460 ⁸³
3413 5425 3676 5494 κίϐδηλος

2289 5509 2329 5562 3.
2433 5505 2479 5539 ⁸⁸
2507 5504 2624 5574 καὶ]
2653 5521 2732 5571 VI,
2763 5503 2816 5558 3.
2843 5571 2880 5574 __
2991 5505 3103 5574 si};
3124 5500 3255 5574 add.
3479 5495 3524 5533 ⁸⁷
3558 5495 3676 5574 ὑ-φει

2433 5505 2481 5576 ⁸⁷
2507 5504 2624 5576 καὶ]
2653 5521 2732 5571 VI,
2763 5503 2816 5558 3.
2840 5571 2882 5576 η
2991 5505 3105 5576 τῆς.
3124 5499 3255 5576 add.

315 5543 329 5555 ,
390 5543 479 5556 νυ,
701 5543 712 5556 _
737 5543 841 5558 MU,
874 5543 1196 5562 wuwwu,
1233 5543 1289 5562 ,υ
1323 5543 1390 5564 η,
1601 5543 1613 5560 ,
1638 5543 1808 5562 mum.
1869 5543 1912 5568 .,
1949 5543 2013 5562 ..ο
2069 5543 2184 5564 um.
2215 5543 2329 5562 ην.
2509 5543 2594 5557 η...
2663 5543 2709 5560 ν.
2763 5543 2816 5558 υ.
3003 5543 3042 5554 ..
3069 5543 3090 5562 η
3124 5543 3255 5555 ...ι-..-
3309 5543 3375 5553 .-.
3559 5543 3583 5551 -
3633 5543 3676 5552 -.

306 5544 464 5666 Ξένον
496 5572 578 5666 qi
618 5576 697 5664 ﬂes
718 5543 928 5666 ’ἣξξηῗο
1126 5572 1340 5666 aufem:
1368 5586 1459 5666 AM:
1492 5543 1800 5666 gEQP‘LK—g.
1836 5543 1923 5666 2:0
1953 5543 2185 5666 assie‘dd;
2214 5579 2320 5666 Aq.
2379 5543 2686 5666 2&téﬁr‘lou
2837 5571 2886 5608 9’
2915 5569 2970 5666 δὲ
3000 5543 3130 5666 atii.
3165 5570 3319 5666 3.0;”
3351 5543 3708 5666 QEKPOiJT‘V‘I:

469 5718 477 5721 _
511 5641 579 5721 :9‘
616 5641 808 5721 ἔστιδ’
840 5641 977 5721 αὐτῇ
1012 5665 1126 5704 om.
1160 5641 1271 5706 ΑΒ.
1395 5650 1442 5686 9⁸
1469 5641 1630 5721 τοῦτο
1672 5641 1754 5721 ςῖ

302 5713 638 5860 ίίμῗψέίου
672 5720 752 5792 ς’·
866 5721 880 5755 ¹
915 5713 1104 5797 ψῦχῆν
1138 5741 1193 5775 τε
1221 5725 1306 5778 Ai
1342 5723 1525 5796 Ψυχὴν
1560 5719 1618 5778 δὲ
1650 5713 1730 5795 ς’·

443 5809 466 5840 ν
499 5813 537 5860 ξ
567 5831 579 5844 .

1857 5651 1900 5686 ⁸⁸
1927 5650 2021 5705 τὸν
2047 5645 2104 5723 δὲ
2131 5647 2345 5723 νύχμὸν

1843 5722 1864 5758 ²
1890 5723 1979 5794 ἧς]
2012 5722 2097 5784 οἷς
2130 5722 2170 5777 Β
2201 5722 2257 5778 et
2288 5737 2434 5777 corr.
2467 5725 2530 5774 Α.

3505 5659 3585 5709 νῐ,
3615 5643 3707 5697 ti.

2562 5646 2607 5684 ’7
2653 5645 3006 5718 πεπονημένη
3191 5715 3203 5718 _
3229 5640 3287 5718 _°3
3329 5637 3423 5718 οὐδ

3373 5714 3393 5747 ⁸
3425 5712 3573 5785 ὑμῶν
3617 5715 3658 5766 Β
3692 5730 3705 5767 :

2635 5718 2656 5753 τι
2688 5718 2716 5771 δ
2747 5715 3006 5790 Ἀπολλ.]
3038 5715 3093 5789 ρῖ
3143 5715 3266 5770 244.
