4100 6242
489 362 642 423 1247

1683 359 1949 419 PHOTII
1994 357 2523 419 PATBIARCH/E
2567 358 2685 418 (ΖΡ.

3695 362 3803 420 1218

488 516 663 572 posse
683 500 822 556 dicit
840 498 1232 571 Apollonium,
1255 501 1310 550 et
1330 494 1508 550 maris
1530 510 1867 548 menuram
1893 509 2122 550 omnem

2256 492 2444 559 ξύνεσιν
2497 492 2547 545 οἱ
2593 487 2798 545 τοιοίδε
2840 488 3138 565 ἅνθρωποι,
3179 491 3570 566 καθαρωτέραις
3608 491 3808 564 ὁμιλῶν.

490 588 1023 660 comprehendisse.
1045 583 1239 639 Videri
1261 588 1316 638 et
1341 583 1531 652 aliqua
1552 583 1699 653 apud
1735 583 1992 654 reliquos
2026 583 2134 637 mi-

489 677 718 744 rabilia,
751 677 810 731 in
843 677 1051 744 quibus
1083 672 1304 728 fortiter
1335 678 1391 727 et
1420 672 1713 742 eleganter
1763 670 2135 741 Apollonium

489 770 821 821 narrantem
874 764 1257 818 audiverunt:
1296 763 1564 832 mitigans
1605 777 1734 816 vero
1769 760 1934 814 illum
1976 761 2136 816 The-

486 855 741 925 spesion.
783 852 1002 908 Dicitur
1051 855 1109 907 et
1157 851 1476 922 elegantias
1523 851 1827 905 verborum
1879 849 2138 904 Phraata

487 943 561 998 ab
592 941 750 996 Indis
782 941 1062 997 attulisse.
1100 940 1216 996 Hoc
1246 940 1402 995 enim
1453 944 1671 1010 tempus
1704 944 1760 993 et
1792 938 1914 993 Indi
1947 941 2015 991 ad
2049 954 2138 992 sa-

489 1034 764 1088 cerdotes.
798 1031 1026 1087 Videris
1057 1031 1198 1087 mihi
1241 1031 1387 1085 bene
1439 1045 1799 1100 concoquere
1831 1036 1884 1084 et
1914 1027 2140 1100 egregie

488 1123 806 1176 comedere.
860 1121 916 1175 Si
972 1122 1126 1176 enim
1178 1120 1453 1192 antiquas
1501 1119 1656 1190 leges
1705 1124 1759 1173 et
1805 1118 2142 1174 vetustiores

488 1225 841 1282 cognoscere
865 1210 1142 1275 licuisset,
1158 1214 1417 1282 poteram
1434 1207 1565 1264 illas
1579 1207 1838 1263 severius
1857 1211 2141 1262 excutere.

486 1299 654 1355 Multi
669 1304 723 1355 et
739 1301 882 1354 absu
894 1300 980 1353 rdi
995 1315 1292 1354 sermones
1308 1299 1460 1352 inter
1471 1314 1596 1368 aqu
1607 1298 1727 1352 ales
1741 1300 2140 1351 renascentur.

2244 600 2329 641 τες
2378 581 2584 635 ἀντῖσιν
2632 578 2989 651 ἀληθέστεροι
3048 576 3104 634 δὲ
3171 581 3267 641 τὰς
3333 582 3453 655 περὶ
3519 581 3700 658 φύσεως
3751 603 3809 635 κα-

2245 671 2378 724 θεῶν
2414 667 2595 739 δόξας,
2647 670 2739 724 ἅτε
2781 668 3032 742 ἀγχίθεοι
3083 670 3174 723 καὶ
3209 670 3342 743 πρὸς
3373 673 3566 745 ἀρχαῖς
3608 677 3692 738 τῆς
3716 677 3812 739 {ioc-

2244 761 2408 834 γόνου
2463 758 2552 814 καὶ
2613 761 2820 832 θερμῆς
2879 759 3060 820 οὐσίας
3124 759 3414 821 οἰκοῦντες.
3485 759 3644 816 Ἀλλᾶ
3689 764 3706 796 ⁵
3747 763 3813 827 τήν

2248 850 2477 923 ψάμμον
2521 847 2719 903 εἰδέναι
2770 849 2933 925 φησὶν
2969 850 2996 903 ὁ
3025 845 3316 904 Ἀπόλλων
3355 852 3397 921 ⁸,

2250 959 2336 992 σαι
2363 938 2554 1006 αὐτὴν,
2587 938 2675 992 καὶ
2720 939 2787 993 τὰ
2835 945 2934 1008 τῆς
2983 937 3262 1011 Θαλάσσης
3311 939 3478 1015 μέτρα
3519 939 3816 1016 ξυνειληφὲναι

2250 1025 2441 1082 πάντα.
2479 1029 2643 1097 [1025
2675 1029 2766 1099 R.]
2800 1027 3092 1082 Φαίνεσθαι
3125 1032 3144 1064 ⁷
3185 1026 3242 1084 δέ
3289 1050 3407 1084 τινα
3455 1029 3543 1083 καὶ
3588 1030 3692 1100 περὶ
3731 1029 3817 1088 τοῦς

2251 1114 2484 1178 λοιποὺς
2543 1111 2803 1187 ἔκπληξιν
2875 1115 2953 1194 ἐφ’
3023 1119 3110 1181 οἷς
3149 1116 3475 1193 έῤῥωμένως
3539 1140 3590 1174 τε
3639 1119 3714 1172 καὶ
3756 1119 3818 1170 σὺν

2255 1205 2441 1278 εὐροίᾳ
2499 1203 2892 1282 διαλεγομένου
2972 1205 3360 1263 Ἀπολλωνίου
3437 1209 3680 1276 ἤκουσαν.
3735 1217 3820 1260 Δια-

2253 1292 2504 1368 πραΰνων
2555 1295 2580 1329 ⁸
2618 1293 2675 1348 δὲ
2720 1294 2879 1349 αὐτὸν
2931 1296 2958 1349 ὁ
3010 1297 3312 1351 Θεσπεσίων
3364 1300 3404 1355 ⁵.
3450 1297 3656 1371 Λέγεται
3691 1300 3724 1333 ¹⁰
3756 1297 3825 1369 γὰρ

3433 850 3598 906 ὁπόσα
3641 850 3815 924 ἀριθμῆ-

487 1385 714 1441 καὶτῶν
755 1388 1009 1460 Φραάτου
1060 1386 1236 1460 λόγων
1288 1385 1582 1462 ἀγάλματα
1638 1384 1743 1438 ἀπὸ
1803 1381 1985 1439 Ἰνδῶν
2035 1385 2198 1458 ἄγειν.
2252 1382 2357 1439 Τὸν
2398 1383 2497 1457 γὰρ
2561 1384 2746 1457 καιρὸν
2808 1389 2999 1439 τοῦτον
3062 1384 3152 1439 καὶ
3212 1386 3264 1438 οἱ
3308 1382 3470 1441 Ἰνδοὶ
3539 1385 3660 1457 πρὸς
3705 1386 3827 1456 ἱεροῖς

488 1476 729 1548 γίνονται
764 1477 828 1533 ίί.
864 1482 1081 1536 Ἔοικας
1146 1479 1188 1512 ¹²
1245 1472 1452 1536 εὕσιτος
1512 1475 1641 1528 εἴναι
1703 1473 1790 1527 καὶ
1843 1470 2013 1533 δεινὸς
2067 1475 2272 1545 φαγεῖν.
2326 1471 2386 1526 bi
2445 1473 2546 1547 γὰρ
2610 1477 2654 1509 ¹³
2699 1475 2765 1526 τὰ
2828 1472 3036 1527 παλαια
3091 1474 3325 1546 νόμιμα,
3374 1476 3463 1528 καὶ
3519 1471 3827 1546 πολιώτεραῆ

493 1566 782 1641 γινώσκειν
813 1565 966 1635 αὐτὰ,
999 1570 1208 1640 πικρῶς
1249 1564 1610 1637 έξετάζοιμεν,
1643 1561 1850 1618 πολλοὶ
1888 1563 1978 1617 καὶ
2012 1559 2206 1616 ὄίτοποι
2235 1558 2398 1636 λόγοι
2430 1561 2791 1640 ἀναφόσονται
2827 1564 2964 1600 ¹⁴¹⁶¹⁸⁸
2997 1563 3304 1634 Ἰσηλίκων.

564 1659 708 1712 Cum
765 1657 931 1712 Titus
987 1656 1390 1728 Hierosolyma
1456 1655 1779 1721 evertisset,
1834 1659 1890 1709 et
1947 1653 2143 1708 omnia

495 1746 847 1801 circumloca
889 1745 1264 1802 cadaveribus
1311 1744 1626 1816 opplesset,
1659 1760 1936 1799 coronare
1975 1742 2142 1797 illum

496 1834 746 1902 voluere,
827 1835 923 1889 sed
997 1833 1094 1890 ille
1165 1833 1418 1905 seipsum
1506 1833 1730 1904 putavit
1812 1831 2141 1904 indignum.

492 1924 620 1980 Non
669 1924 824 1980 enim
872 1941 934 1979 se
983 1939 1108 1979 esse
1157 1922 1366 1978 talium
1412 1939 1655 1993 operum
1688 1926 2008 1988 auctorem,
2043 1921 2142 1976 sed

496 2012 611 2068 Deo
659 2013 1023 2069 iracundiam
1076 2016 1277 2068 contra
1326 2012 1558 2067 Judaos
1605 2009 1957 2066 monstranti
2007 2025 2143 2064 suas

499 2117 710 2156 manus
743 2101 1088 2170 prabuisse:
1125 2101 1231 2157 hos
1277 2100 1424 2156 tales
1470 2105 1840 2155 accusatores
1883 2099 2146 2166 irrident,

498 2189 557 2244 in
592 2189 723 2245 illos
754 2189 1024 2245 stimulos
1073 2190 1286 2262 lingua
1328 2206 1446 2244 sua
1478 2189 1792 2244 vibrantes.
1827 2189 1912 2243 Ad
1946 2205 2149 2258 prace-

495 2281 692 2346 ptores
742 2294 803 2333 se
848 2278 1118 2345 contulit,
1151 2277 1252 2348 qui
1301 2282 1555 2333 mentem
1606 2277 1768 2332 illius
1804 2280 1862 2332 et
1899 2275 2150 2347 linguam

500 2365 853 2421 erudierant.
907 2367 1205 2438 Magnum,
1252 2366 1465 2438 inquit,
1517 2366 1871 2421 mensarium
1930 2365 2144 2420 video:

499 2453 795 2510 infelicem
829 2457 1071 2527 quidam
1103 2456 1275 2520 dixit,
1297 2456 1389 2510 cui
1424 2455 1569 2510 nihil
1592 2464 1676 2512 est
1706 2458 1911 2527 prater
1942 2471 2147 2526 pauca,

505 2560 630 2614 qua
664 2561 778 2600 non
813 2545 1117 2600 sufﬁciunt
1147 2546 1217 2600 ad
1251 2546 1491 2600 domum
1517 2545 1884 2618 pascendam.
1914 2548 2152 2600 Persua-

501 2633 607 2688 det
638 2634 858 2690 homini
893 2640 955 2690 ut
983 2637 1148 2690 daret
1177 2634 1289 2690 sibi
1322 2633 1498 2690 vicies
1540 2634 1721 2703 mille,
1757 2633 2145 2705 repositorum

515 2737 576 2778 se
606 2723 888 2794 quinque.
922 2723 1017 2778 llle
1048 2740 1178 2779 vero
1209 2723 1551 2779 thesaurum
1585 2740 1812 2792 amans,
1846 2737 2149 2794 nunquam

513 2811 726 2868 donare
756 2813 995 2869 omnino
1044 2813 1347 2880 recusavit,
1382 2814 1480 2868 sed
1514 2813 1740 2884 putavit
1779 2811 2055 2884 aqualem
2089 2825 2150 2866 se

511 2899 726 2958 habere
758 2908 1004 2974 partem,
1041 2909 1199 2960 tanto
1231 2921 1366 2960 vero
1416 2905 1720 2970 minorem,
1755 2906 1974 2975 quanto
2005 2903 2150 2957 duas

509 2991 798 3063 myriades
822 2992 881 3047 in
917 2993 1188 3049 manibus
1219 2993 1578 3057 exsistentes,
1611 2993 1668 3046 in
1699 3008 1808 3047 sua
1837 3007 1964 3048 esse
1993 2996 2148 3059 pote-

507 3085 679 3136 state:
707 3097 902 3150 agrum
933 3098 1065 3136 vero
1089 3098 1188 3152 pro
1210 3081 1326 3136 illis
1351 3081 1407 3136 in
1432 3081 1870 3152 pruinajacere,
1904 3084 1960 3135 et
1979 3095 2151 3151 gran-

507 3167 641 3221 dine
663 3175 716 3222 et
737 3169 868 3223 aliis
899 3169 1303 3236 incommodis,
1326 3187 1453 3240 qua
1488 3170 1710 3225 fructus
1742 3171 2148 3238 corrumpunt,
2179 3200 2222 3266 ρ

577 3257 767 3311 3³Δὸ
792 3257 1160 3329 Philosophia
1190 3259 1271 3312 sic
1303 3258 1532 3330 aliquos
1570 3261 1915 3322 commovet,
1951 3261 2014 3312 ut
2044 3256 2148 3310 ha-

504 3343 692 3399 bitum
729 3345 1069 3413 rejicientes,
1102 3347 1185 3401 illi
1239 3347 1472 3418 quidem
1517 3346 1901 3413 occurrerint,
1934 3343 2147 3400 reliclis

505 3435 622 3488 suis
654 3434 725 3488 ad
756 3434 1122 3490 Occidentem
1147 3436 1217 3490 ad
1246 3433 1460 3500 Celtas,
1484 3433 1566 3488 illi
1594 3435 1651 3488 in
1687 3435 1912 3489 deserta
1937 3433 2146 3488 Africa

503 3526 560 3580 et
588 3522 858 3594 Scythia,
891 3523 1069 3595 aliqui
1099 3523 1155 3578 in
1189 3539 1284 3578 eos
1332 3539 1633 3579 sermones
1664 3523 2016 3593 inciderunt,
2049 3523 2146 3593 qui

505 3613 577 3669 ad
609 3611 827 3684 ﬂagitia
853 3615 1194 3669 accendunt.
1219 3613 1568 3669 Sedentibus
1599 3612 1729 3668 aliis
1757 3613 1864 3667 sub
1890 3611 2146 3684 platano,

503 3703 713 3759 cicada
747 3703 804 3758 in
837 3707 1009 3759 cantu
1044 3707 1228 3770 erant,
1263 3719 1396 3759 cum
1431 3718 1530 3760 ver
1558 3719 1653 3758 eas
1685 3702 1756 3758 ad
1787 3702 2144 3758 cantandum

502 3791 792 3849 incitaret.
823 3792 940 3847 Hac
966 3792 1227 3848 oratione
1261 3791 1534 3847 Demetrii
1562 3795 1875 3863 superatus
1908 3791 2144 3846 Damis:

502 3879 583 3936 Tu
607 3881 865 3952 quidem,
890 3881 1102 3952 inquit,
1123 3897 1256 3936 cum
1281 3880 1375 3936 hic
1402 3881 1518 3936 viro
1543 3879 1701 3936 adsis
1724 3879 1968 3948 amicus,
1993 3895 2148 3936 nunc

503 3975 659 4027 certe
683 3987 961 4042 magnum
995 3970 1079 4026 illi
1112 3971 1330 4026 bonum
1353 3971 1566 4026 videris
1592 3970 1814 4026 afferre.
1835 3969 1968 4034 Qua
1991 3969 2144 4025 enim

502 4076 680 4130 parva
703 4061 847 4116 ratio
869 4059 1199 4130 haberetur,
1217 4059 1266 4115 si
1293 4060 1680 4126 suadeam,ne
1703 4059 1758 4112 in
1783 4058 2008 4130 gladios
2025 4059 2144 4128 jam

505 4150 756 4205 nudatos
787 4149 1125 4214 incurreret,
1150 4165 1291 4204 neve
1313 4149 1370 4203 in
1395 4148 1762 4220 tyrannidem
1796 4151 2010 4213 rueret,
2032 4163 2148 4218 qua

507 4240 654 4296 nihil
701 4241 1016 4297 crudelius.
1046 4242 1191 4308 Quid
1235 4242 1304 4296 de
1344 4244 1400 4296 te
1437 4240 1864 4296 decernendum
1911 4239 2144 4295 nescio:

499 4331 725 4401 (judex)
757 4333 994 4386 affectus
1008 4335 1094 4386 est
1107 4335 1385 4401 tanquam
1402 4328 1442 4382 ii
1457 4329 1551 4402 qui
1570 4329 1874 4384 decernere
1888 4327 2144 4400 capiunt,

503 4419 671 4474 veriti
731 4437 802 4476 ne
852 4436 965 4476 non
1019 4435 1217 4476 verum
1275 4419 1559 4491 iudicent,
1617 4423 1674 4473 et
1730 4434 1891 4473 reum
1955 4416 2147 4488 perdi-

2324 1651 2480 1706 Ἐπεὶ
2551 1651 2596 1688 ¹⁶
2661 1649 2716 1706 δὲ
2773 1652 2932 1716 Τίτος
3017 1654 3214 1727 ᾑρήκει
3271 1655 3338 1708 τὰ
3391 1649 3720 1729 Ἱεροσόλυμα
3769 1651 3831 1704 καὶ

2256 1744 2459 1813 νεκρῶν
2499 1738 2639 1796 πλέα
2669 1743 2738 1809 ἦν
2778 1742 2951 1795 πάντα
2985 1745 3048 1809 ‘7,
3074 1743 3140 1796 τὰ
3181 1741 3361 1818 ὅμορα
3403 1741 3523 1813 ἔθνη
3572 1741 3829 1816 ἐστεφάνουν

2256 1828 2444 1884 αὐτόν.
2506 1829 2566 1885 Ὁ
2636 1827 2691 1883 δὲ
2749 1828 2846 1882 οὐκ
2902 1829 3056 1900 ἠξίου
3115 1831 3303 1886 ἑαυτὸν
3384 1833 3598 1887 τούτου’
3655 1833 3717 1903 μή
3762 1828 3834 1903 «(ip

2258 1913 2419 1980 αὒτὸς
2448 1921 2616 1972 ταῦτα
2647 1915 2920 1994 εἴργάσθαι
2951 1920 3016 1989 ⁸³,
3040 1925 3156 1992 Θεῷ
3201 1917 3258 1976 δὲ
3307 1922 3474 1997 ὀργὴν
3520 1921 3721 1998 φήναντι
3752 1916 3834 1970 ἐπιδ

2256 2001 2544 2060 δεδωκέναι
2591 2007 2685 2066 τὰς
2733 2009 2926 2062 ἑαυτοῦ
2958 2016 3168 2084 χεῖρας.
3221 2010 3366 2072 Τοὺς
3423 2011 3469 2048 ¹9
3516 2007 3570 2063 δὲ
3614 2007 3834 2062 τοιούτους

2263 2089 2680 2150 ὑποϐλίττουσιν
2745 2097 2797 2150 οἱ
2875 2097 3225 2176 συκοφάνται,
3293 2099 3485 2172 κέντρα
3565 2097 3641 2152 ἐπ’
3688 2092 3834 2152 αὐτοὺς

2258 2185 2490 2258 ἠρμένοι
2522 2187 2620 2254 τήν
2658 2184 2929 2260 γλῶτταν.
2979 2187 3074 2249 Εἷς
3127 2185 3473 2242 διδασκάλων
3521 2183 3748 2253 ἐϐάδιζεν,
3776 2182 3836 2257 ὑφ’

2258 2273 2334 2326 ὧν
2365 2277 2455 2328 καὶ
2485 2275 2520 2343 ἡ
2554 2277 2752 2349 γνώμη
2786 2273 2934 2346 αὖτῷ
2967 2277 3056 2331 καὶ
3087 2279 3121 2346 ἡ
3157 2275 3382 2352 γλῶττα
3414 2277 3616 2355 ἴσχυσε.
3647 2271 3838 2329 Αεινόνεὓ

2257 2383 2318 2438 γε
2357 2366 2425 2434 ης
2459 2360 2585 2439 ἔφη,
2627 2367 3015 2439 χρηματιστὴν
3046 2367 3176 2440 ὁρῶ.
3216 2364 3596 2439 Κακοδαίμονα
3635 2365 3715 2436 μὲν
3756 2359 3838 2427 οὖν,

2260 2452 2422 2523 εἶπεν,
2456 2454 2501 2524 ᾧ
2549 2474 2609 2529 γε
2657 2448 2799 2508 ἔστιν
2843 2451 2997 2508 οὐδὲν
3038 2453 3186 2525 πλὴν
3226 2455 3460 2531 ὀλίγων,
3493 2455 3524 2509 ἆ
3555 2456 3623 2528 μή
3667 2453 3838 2527 ἀποχρῇ

2262 2542 2477 2616 βόσκειν
2524 2542 2616 2596 τὸν
2665 2543 2837 2597 οἶκον.
2891 2544 3069 2598 Πείθει
3125 2545 3215 2599 τὸν
3266 2543 3544 2619 ἄνθρωπον
3599 2539 3836 2597 ἀποδόσθαι

2260 2633 2311 2686 οἱ
2344 2629 2646 2705 δισμυρίων
2711 2631 2891 2700 αὐτὸν,
2943 2631 3158 2707 εὕρημα
3210 2636 3576 2708 ποιησάμενον
3617 2637 3700 2691 τὰς
3749 2648 3835 2682 πεν-

2257 2722 2630 2801 τακισχιλίας.
2693 2726 2749 2778 Ὀ
2794 2726 2888 2798 μὲν
2941 2721 3006 2795 δὴ
3067 2730 3164 2780 τοῦ
3219 2729 3498 2802 θησαυροῦ
3553 2726 3674 2799 ἐρῶν
3725 2721 3836 2776 οὕτω

2260 2813 2419 2884 ξυνίει
2449 2818 2545 2868 τοῦ
2596 2811 2800 2888 δώρου,
2860 2813 2986 2869 ἀλλ’
3033 2814 3173 2888 ᾤετο
3217 2815 3313 2870 τίσα
3367 2815 3510 2892 ἔχειν
3560 2813 3765 2882 τοσούτῳ
3804 2804 3836 2860 δ’

2260 2901 2492 2975 ἐλάττω,
2526 2902 2638 2976 ὅσῳ
2667 2905 2762 2964 τὰς
2798 2905 2890 2975 μὲν
2933 2901 3223 2979 δισμυρίας
3257 2905 3310 2960 ἐν
3342 2911 3460 2968 ταῖς
3505 2905 3674 2980 χερσὶν
3714 2898 3833 2956 οὔσας

2259 2991 2342 3066 ἐφ’
2381 2993 2556 3063 ἑαυτῷ
2612 2992 2744 3046 εἶναι
2804 2992 2887 3063 ἄν,
2949 2995 3040 3048 τὸν
3084 2991 3129 3048 δ’
3188 2994 3302 3048 ἀντ’
3364 2995 3538 3051 αὐτῶν
3591 2991 3729 3068 ἀγρὸν
3770 2986 3830 3040 ἐπῖ

2258 3082 2496 3156 πάχναις
2552 3082 2819 3154 κείσεσθρι
2871 3082 2960 3137 καὶ
3004 3081 3276 3158 χαλάζαις
3328 3085 3421 3139 καὶ
3468 3089 3577 3146 τοῖς
3622 3077 3830 3136 ἄλλοιςᾶ

2258 3170 2384 3233 τοὺς
2416 3172 2655 3244 καρποὺς
2697 3170 2920 3249 φθείρει.

2331 3257 2640 3336 Φιλοσοφία
2672 3262 2718 3295 ²²
2750 3257 2806 3315 δὲ
2837 3259 2979 3316 οὕτω
3019 3282 3072 3316 τι
3127 3257 3378 3334 ἔπτηξεν,
3428 3264 3500 3324 ὡς
3535 3255 3833 3317 ἀποϐαλόντες

2255 3349 2317 3402 τὸ
2379 3356 2573 3423 σχῆμα
2618 3351 2664 3402 οἳ
2714 3350 2806 3422 μὲν
2862 3347 3159 3425 ἀποδρᾶναι
3223 3356 3376 3429 σφῶν
3433 3351 3482 3413 ἐς
3520 3353 3610 3419 τήν
3667 3346 3832 3402 Κελτῶν

2258 3437 2503 3510 ἑσπέραν,
2532 3439 2582 3492 οἱ
2615 3435 2663 3491 δ’
2686 3437 2736 3500 ἐς
2770 3437 2836 3492 τὰ
2856 3433 3036 3512 ἔρημα
3069 3434 3278 3510 Λιϐύης
3295 3462 3354 3496 τε
3377 3441 3464 3496 καὶ
3497 3439 3717 3504 Σκυθίας,
3734 3433 3831 3488 ἔνιοι

2258 3523 2313 3581 δὲ
2345 3526 2421 3588 εἰς
2453 3527 2650 3603 λόγους
2685 3529 3048 3603 ἀπενεχθῆναι
3083 3524 3441 3602 συμϐούλους
3458 3520 3831 3599 τῶνὰμαρτημά·

2254 3637 2360 3671 των
2397 3619 2460 3673 ²³.
2493 3618 2815 3687 Ἱζησάντων
2851 3619 2897 3655 2‘
2929 3615 2986 3673 δὲ
3021 3618 3124 3672 ὑπὸ
3147 3617 3414 3692 πλατάνῳ
3437 3621 3486 3674 οἱ
3511 3620 3597 3693 μὲν
3616 3615 3829 3686 τέττιγγες

2256 3702 2309 3759 έν
2343 3702 2511 3776 ᾠδαῖς
2531 3706 2690 3773 ἦσαν,
2719 3703 3154 3779 ὑποψαλλοόσης
3183 3706 3374 3770 αὐτοῖς
3395 3715 3492 3776 τῆς
3522 3706 3666 3780 ὥρας.
3688 3703 3832 3764 Ἠττηο

2256 3795 2365 3856 θείς
2397 3796 2440 3830 ³⁸
2470 3791 2527 3848 δὲ
2558 3795 2584 3848 ὁ
2626 3795 2796 3867 Δάμις
2817 3799 2924 3849 τῶν
2952 3799 3048 3850 τοῦ
3081 3799 3408 3871 Δημητρίου
3441 3797 3631 3871 λόγων,
3649 3788 3766 3847 ἀλλὰ
3785 3785 3831 3839 οὗ

2255 3904 2314 3958 γε
2344 3880 2468 3960 ἔφη,
2502 3881 2660 3959 φίλος
2681 3880 2834 3958 ἀνδρὶ
2865 3885 3052 3959 παρὼν
3078 3887 3206 3957 [545
3228 3889 3322 3958 Η.]
3346 3885 3521 3962 γένοιο
3541 3883 3594 3938 ἄν
3615 3879 3824 3954 ἁγαθόντι

2255 3972 2432 4044 τούτῳ
2465 3973 2604 4047 μέγα
2640 3971 2774 4045 ἐμοῦ
2804 3974 2906 4048 γὰρ
2939 3975 3167 4048 σμικρὸς
3216 3973 3408 4048 λόγος,
3463 3977 3508 4029 εἶ
3550 3964 3829 4043 συμϐουλεῶ

2257 4081 2376 4134 οιμι
2437 4060 2586 4132 αὐτῷ
2647 4063 2721 4133 μή
2784 4056 3041 4132 κυϐιστᾷν
3097 4062 3179 4117 ἐπ’
3236 4063 3376 4136 ὀρθὰ
3414 4064 3531 4140 ξίφη
3577 4056 3684 4134 μηδ’
3713 4049 3830 4124 ἀναῤ-

2258 4152 2463 4226 ῥίπτειν
2524 4150 2659 4223 πρὸς
2714 4149 3022 4225 τυραννίδα,
3071 4153 3136 4220 ἧς
3194 4149 3349 4207 οὔπω
3400 4147 3739 4228 χαλεπωτέρα.
3783 4142 3829 4191 ’0

2257 4263 2308 4297 τι
2341 4244 2384 4279 ²⁶
2428 4243 2521 4315 μὲν
2555 4241 2658 4316 γὰρ
2691 4244 2974 4317 ψηφιεῖται
3027 4239 3114 4296 ἐπὶ
3145 4241 3250 4310 σοὶ,
3285 4241 3388 4297 οὐκ
3435 4239 3569 4296 οῖδα·
3621 4235 3826 4292 διάκειται

2259 4328 2315 4385 δὲ
2380 4329 2560 4405 ὥσπερ
2628 4330 2680 4382 οἱ
2748 4329 3225 4408 καταψηφίσασθαι
3317 4332 3420 4404 μὶν
3484 4327 3825 4400 ἐπιθυμοῦντες.

2258 4417 2646 4494 αἲσχυνόμενοι
2680 4415 2737 4473 δὲ
2794 4419 2856 4473 τὸ
2909 4419 2984 4491 μή
3040 4417 3126 4473 ἐπ’
3180 4418 3435 4491 ἀληθέσι,
3487 4417 3566 4473 καὶ
3617 4410 3828 4487 πρόφασιί

505 4510 683 4565 tionis
715 4509 975 4582 ipsorum
1011 4511 1146 4566 facit
1166 4518 1240 4567 te.
1263 4509 1401 4564 Vult
1423 4509 1575 4564 enim
1599 4525 1726 4578 qua
1760 4524 1873 4562 non
1906 4507 2142 4572 decent;

2256 4505 2533 4570 ἀπωλείας
2591 4506 2806 4560 ὑπάτων
2862 4507 2908 4542 ³⁷
2955 4505 3162 4583 ἀνδρῶν
3221 4510 3461 4564 ποιεῖταί
3513 4528 3580 4560 σε.
3619 4497 3824 4557 Βούλεται

501 4599 765 4655 facienda
784 4616 917 4655 vero
940 4599 1196 4671 dirigens
1219 4600 1289 4655 ad
1310 4598 1468 4670 juris
1498 4596 1872 4653 sententiam.
1896 4595 2018 4650 Non
2041 4612 2143 4651 au-

503 4688 684 4744 dienti
717 4688 930 4744 similis
965 4688 1289 4746 disserebat
1327 4704 1459 4744 cum
1497 4686 1733 4742 Damide
1765 4701 1943 4757 supra
1971 4684 2147 4750 delta,

503 4778 603 4835 ubi
621 4778 814 4836 Nilum
829 4778 1204 4835 aiuntdividi.
1219 4778 1633 4834 Verumtamen
1648 4774 1740 4830 hic
1754 4773 1990 4846 quidem
2004 4772 2148 4829 divi-

501 4870 614 4928 tias
645 4869 834 4926 valide
864 4868 1218 4937 munientes,
1240 4872 1296 4924 et
1317 4875 1433 4923 tam
1457 4864 1762 4935 diligenter
1780 4863 1956 4919 veluti
1981 4879 2147 4919 muro

501 4964 821 5032 cingentes,
847 4958 1044 5015 deillis
1067 4974 1221 5014 nunc
1253 4956 1650 5028 periclitamur
1668 4953 1849 5022 domi,
1868 4951 2145 5024 placenta

501 5055 672 5106 cocta
704 5053 862 5106 sunt.
897 5049 1030 5106 Istri
1075 5048 1230 5104 enim
1265 5045 1398 5102 illos
1429 5051 1483 5101 et
1513 5043 1802 5100 Danaides
1833 5041 2148 5099 terminant

502 5138 659 5192 ﬂuvii
693 5154 807 5194 non
841 5137 1038 5195 faciles
1057 5137 1127 5194 ad
1149 5135 1723 5209 transgrediendum.
1743 5133 1956 5188 Omnes
1975 5130 2146 5202 Apol-

2260 4597 2352 4670 μὲν
2381 4599 2481 4672 γὰρ
2522 4598 2555 4651 ’ὰ
2589 4598 2664 4670 μὴ
2700 4593 2802 4664 δεῖ,
2843 4596 3063 4670 πράττει
3098 4598 3147 4633 ³⁸
3176 4595 3232 4653 δὲ
3264 4599 3404 4654 αὐτὰ
3445 4586 3821 4669 καταρρυθμῖξων

2258 4685 2332 4748 εἷς
2365 4687 2462 4755 τὴν
2504 4690 2599 4740 τοῦ
2641 4682 2853 4739 δικαίου
2906 4684 3083 4756 δόξαν.
3130 4686 3324 4761 Ἔλεγε
3358 4691 3404 4724 ³⁸
3450 4683 3494 4740 δ’
3523 4683 3642 4740 αὐτὰ
3681 4672 3825 4749 μασώ-

2261 4775 2416 4849 μενός
2449 4775 2496 4812 ³ο
2523 4795 2581 4830 τε
2611 4773 2699 4828 καὶ
2729 4774 3026 4850 ξυγγελῶν.
3062 4777 3122 4834 Ὀ
3154 4772 3212 4830 δὲ
3243 4776 3343 4831 οὐκ
3395 4773 3638 4847 ἀκηκοότι
3678 4766 3827 4850 ὅμοιος

2258 4860 2530 4939 διελέγετο
2576 4866 2710 4934 πρὸς
2769 4862 2860 4916 τὸν
2924 4863 3106 4936 Δάμιν
3150 4864 3282 4937 ὑπὲρ
3326 4868 3424 4919 τοῦ
3470 4861 3643 4924 Δέλτα,
3684 4845 3827 4925 περῖδ

2257 4973 2381 5026 φασι
2420 4937 2510 5006 τὸν
2569 4950 2766 5007 Νεῖλον
2819 4951 3116 5026 σχίζεσθαι.
3163 4952 3314 5008 Ἀλλ’
3374 4955 3544 5026 ὅμως,
3589 4944 3714 5001 οὕτω
3754 4937 3824 5011 μὶν

2255 5041 2675 5116 χαρακώσαντες
2733 5041 2822 5094 τὸν
2882 5039 3144 5112 πλοῦτον,
3220 5043 3369 5097 οὕτω
3425 5039 3480 5095 δὲ
3531 5039 3568 5073 ³¹
3623 5028 3827 5116 ἆσφιλᾶξε

2255 5130 2658 5206 τειχισάμεσοι,
2717 5126 3096 5204 κινδυνεύομεν
3156 5131 3280 5206 περὶ
3337 5129 3479 5202 αὐτῷ
3532 5127 3574 5162 ³²
3609 5126 3708 5176 νῦν.
3756 5113 3824 5172 Οἱ·

1857 5231 2099 5287 VARI/E
2142 5231 2538 5289 LECTIONES

575 5324 599 5359 ⁵
628 5323 795 5398 ἀλλὰ]
825 5345 878 5397 p.
921 5330 1048 5388 248.
1127 5329 1148 5364 ⁸
1179 5325 1566 5398 Ἀπολλώνιος
1593 5339 1741 5398 corr.
1769 5327 1869 5398 -A._
1922 5322 1942 5356 ⁷
1982 5321 2285 5398 φαίνεσθαι)
2317 5339 2389 5398 vi,
2411 5323 2543 5398 _12.ﬂ
2586 5315 2961 5398 'jtaap.]_v1,
2996 5325 3080 5398 13.

804 5366 1505 5489 εἷ”πξέξῖεροῖξᾯὶἶίένται]
1647 5393 1785 5468 ἱεροὶ
1814 5366 2055 5468 γίνοντται
2089 5396 2179 5450 AB
2204 5413 2217 5451 :
2245 5366 2389 5468 πρὸς,
2410 5393 2570 5466 ἱερεῖς
2761 5366 2804 5429 ἧ
2834 5366 3037 5467 gemas]
3069 5413 3144 5462 vr,
3179 5398 3263 5451 15.
3305 5396 3350 5431 ί³
3378 5394 3420 5448 εἰ
3451 5393 3546 5467 γὰρ

810 5514 823 5527 .
928 5470 974 5504 ¹⁶
1001 5469 1140 5540 ἐπει]
1171 5490 1246 5539 VI,
1279 5473 1371 5528 29.
1477 5471 1519 5506 ¹⁷
1547 5465 1760 5540 πάντων
1794 5472 1872 5540 Α.
1960 5467 2012 5540 ³⁸,
2035 5462 2311 5540 ε’ίργασται
2496 5464 2551 5540 ἰθ
2589 5463 2737 5540 τοὺς]
2767 5482 2844 5532 VI,
3043 5463 3356 5540 ξέδεινόν]
3403 5483 3498 5540 νῐζ
3526 5467 3546 5518 3

504 5413 577 5464 vn,
611 5399 698 5453 14.

502 5468 726 5546 φόονται
759 5475 823 5527 Δ.

503 5541 608 5617 iis
638 5542 744 5617 AB-

501 5613 603 5670 νη.
640 5613 724 5668 18.

499 5687 545 5726 ³1
587 5683 644 5742 δὲ
674 5684 809 5744 add.
839 5692 901 5743 A.

1477 5465 1519 5506 (⁷
1547 5465 1760 5524 πάντων
1794 5465 1857 5520 Α.

928 5469 1140 5543 λθμέπεὶ]
1171 5469 1371 5543 νι,’29.

849 5542 894 5630 ξ²
913 5540 1223 5630 ’φιλοσοφία

1004 5685 1050 5720 ³³
1082 5685 1242 5742 αὐτὸν
1273 5689 1333 5741 Β.

1331 5545 1376 5580 23
1406 5537 1815 5611 ἁμαρτημάτων
1853 5538 1958 5611 (Vit
1990 5538 2042 5606 4)
2229 5543 2289 5594 Β.

828 5612 874 5647 2"
907 5607 1197 5671 ὑπάτωνἮ
1225 5633 1236 5670 :
1275 5615 1362 5668 ὑπ’
1396 5607 1573 5666 αὖτῶν
1763 5611 1812 5645 ²⁸
1839 5607 2062 5682 πράττει
2095 5618 2136 5664 Α
2174 5627 2187 5666 :
2222 5609 2546 5685 πράττεσθαι

3158 5325 3178 5360 ⁸
3207 5323 3444 5398 θεσπίιιιν
3475 5324 3538 5398 ᾼ·
3578 5305 3823 5398 Ὅὲἴῗῖῗί]

3615 5386 3712 5427 IL“
3733 5386 3823 5433 ἂνα-

2420 5508 2423 5519 .
2462 5446 2479 5466 ’ί
2505 5446 2737 5536 ιε’τῖὶὶς]
2767 5446 2969 5532 agi-:6;
2993 5446 3036 5467 ’³
3078 5446 3356 5538 ἰδ’έεῖνόν]
3384 5446 3479 5530 ντί
3520 5446 3607 5518 '39.
3694 5453 3729 5539 ’ἔ
3761 5446 3820 5540 ili

2420 5536 2442 5570 4
2496 5535 2665 5577 ίΥνηἸ
2698 5553 2773 5577 πη
2846 5539 2902 5577 u
3036 5539 3082 5573 as
3125 5539 3224 5577 an
3255 5540 3272 5577 1
3300 5555 3371 5577 vn
3440 5535 3519 5577 42,
3630 5529 3670 5563 ²⁶
3707 5521 3733 5577 ὅ
3767 5538 3819 5577 τιι

2395 5536 2442 5572 ²⁴
2496 5535 2665 5607 ἱζησ.]
2698 5535 2794 5601 vn,
2846 5539 2930 5593 11.
3036 5539 3082 5573 ’5
3125 5539 3272 5612 ἡττ.]
3300 5535 3394 5603 vii,
3440 5535 3521 5590 13.
3630 5535 3670 5563 "
3707 5535 3730 5577 δ
3764 5535 3819 5610 Ξ]

2400 5609 2546 5662 εσθαι
2741 5608 2788 5644 ²⁹
2817 5605 2992 5684 ἔλεγε]
3023 5627 3123 5679 νιι,
3155 5614 3243 5666 21.
3346 5610 3390 5645 ³ο
3423 5603 3737 5681 μασσώμενος
3762 5619 3818 5664 τ’
