4138 6224
523 226 675 290 1251

1715 226 1983 288 PHOTII
2033 226 2559 286 PATRIARCHE
2605 226 2719 286 (ΖΡ.

3755 234 3871 291 ηδε

522 367 680 431 dere,
705 370 761 421 et
792 366 1017 435 ﬁguris,
1052 365 1427 434 numerisque
1450 363 1743 417 materiam
1763 362 2044 417 adornare
2072 379 2165 418 ar-

2289 359 2519 429 μάλιστά
2592 362 2830 436 Ῡησιν⁶³
2896 361 3107 435 Ὄσιρίν
3180 382 3238 415 τε
3302 365 3390 417 καὶ
3459 366 3612 431 Ἶσιν,
3675 366 3755 418 τὸν
3806 368 3873 436 μὲν

524 456 721 512 bitrati
756 472 769 521 ;
805 456 951 509 hanc
980 470 1113 509 vero
1144 452 1451 507 immensis
1483 451 1752 523 perennis
1792 452 1919 506 vitae
1974 451 2177 508 rivulis

524 543 684 599 illius
718 543 992 597 fabricam
1025 541 1270 611 irrigare
1302 557 1368 594 ac
1399 539 1689 610 saginare.
1714 539 1794 593 Ex
1814 537 1908 593 his
1941 543 2173 594 constat

529 632 905 694 Theocrasia,
934 630 1041 685 hoc
1088 634 1178 685 est
1207 629 1405 683 divina
1452 629 1821 699 temperatio,
1854 633 1954 683 aut
1985 630 2179 699 potius

524 720 776 791 perfecta
798 720 938 772 unio
969 724 1076 783 est,
1111 718 1332 773 reditus
1363 717 1695 772 animarum
1730 721 2065 772 nostrarum
2108 717 2175 770 ad

522 808 704 863 Deum
728 822 1111 875 reversarum,
1144 811 1199 862 et
1229 822 1258 861 e
1292 807 1477 861 multa
1498 806 1877 861 distractione
1910 806 1967 860 in
1992 822 2174 861 unum

524 895 1141 951 collectarum.Etenim
1155 912 1266 950 non
1281 896 1352 950 de
1368 894 1673 950 avulsione
1689 895 2013 950 luculenter
2026 894 2176 961 dico,

526 1003 641 1057 qua
676 985 792 1040 huc
820 984 1088 1040 demisse
1120 990 1175 1040 et
1206 991 1499 1039 terrenum
1546 984 1760 1038 indutae
1794 1000 2024 1055 corpus,
2056 1001 2086 1037 a
2118 1000 2177 1039 se

524 1075 774 1130 invicem
807 1074 915 1129 illa:
964 1074 1204 1129 divulsa!
1238 1080 1396 1141 sunt,
1428 1081 1481 1127 et
1530 1089 1729 1128 revera
1757 1090 1789 1127 a
1831 1073 2087 1140 furiosis,
2120 1078 2179 1126 et

523 1165 711 1222 8881)
729 1180 763 1218 a
785 1164 1031 1218 terrenis
1044 1163 1348 1217 affectibus
1365 1179 1464 1233 per
1480 1163 1764 1217 mundum
1780 1178 2000 1232 sparsae
2013 1167 2174 1226 sunt,

523 1254 629 1326 qui
653 1270 765 1308 non
792 1254 966 1308 modo
987 1268 1118 1307 cum
1142 1252 1424 1322 Typhone
1444 1251 1964 1322 comparandi,sed
1985 1252 2177 1307 adhuc

524 1341 729 1409 multo,
762 1347 825 1397 ut
872 1350 1030 1411 puto,
1076 1341 1526 1412 perturbatiores
1572 1344 1727 1394 sunt.
1766 1339 1973 1394 Verum
2007 1342 2177 1410 cujus

524 1434 711 1508 gratia
733 1434 855 1488 haec
883 1431 1272 1488 omnia?Jam
1298 1436 1527 1500 tempus
1543 1430 1945 1499 adjungere,et
1965 1430 2174 1485 iterum

522 1524 911 1579 narrationem
943 1527 1105 1576 extra
1126 1524 1538 1591 argumentum
1564 1519 1978 1587 exspatiantem
2006 1536 2170 1575 revo-

523 1628 655 1667 care
686 1629 697 1664 :
734 1616 790 1665 ut
818 1611 1194 1681 conjungitur
1224 1608 1325 1663 illa
1346 1626 1376 1663 e
1408 1608 1663 1662 terrestri
1697 1607 1803 1661 hac
1837 1608 1949 1662 vita
1977 1611 2043 1662 ad
2069 1624 2177 1664 cca-

2288 450 2491 503 ἄπαντα
2541 446 2901 524 δημιουργεῖν
2956 452 3296 522 νομίζοντες,
3351 450 3514 508 εἴδεσί
3571 475 3627 507 τε
3680 456 3760 508 καὶ
3796 455 3880 527 ἀρί-

2285 541 2447 610 θμοῖς
2492 540 2589 606 τήν
2650 538 2788 608 ὕλην
2849 537 3266 612 διακοσμοῦντα,
3297 543 3395 609 τὴν
3455 540 3511 597 δὲ
3564 541 3879 615 κατάρδουσὲί

2285 649 2342 682 τε
2398 628 2490 681 καὶ
2528 628 2845 683 πιαίνουσαν
2900 632 2999 697 τήν
3054 630 3258 684 τούτου
3317 628 3680 704 δημιουργίαν
3736 634 3882 687 ἀενάου

2286 723 2435 785 ζωῆς
2475 718 2524 754 ⁶⁸
2584 718 2801 792 ὀχετοῖς
2852 718 3203 792 ἀμετρήτοις.
3264 721 3359 776 Ἐκ
3413 720 3610 792 τρίτων
3669 722 3769 775 ἀντὶ
3816 728 3883 774 τοῦ

2282 806 2486 880 τρίτον.
2524 808 2617 859 Καὶ
2647 809 2796 862 τοῦτ’
2828 806 2888 861 ἂν
2922 806 3005 876 εἴη
3039 808 3350 881 θεοκρασία,
3383 808 3599 881 μᾶλλον
3633 807 3687 864 δὲ
3727 808 3881 871 ἓνωπις

2282 893 2574 963 παντελὴς,
2626 893 2888 957 ἐπάνοδος
2934 901 3041 950 τῶν
3089 898 3374 971 ἡμετέρων
3424 902 3617 973 ψυχῶν
3676 902 3797 971 πρὸς
3841 902 3883 953 τὸ

2284 990 2436 1037 Θεῖον
2520 982 2986 1059 ἐπιπρενρομένων
3064 986 3154 1040 καὶ
3251 986 3743 1057 συναθροιζομένων
3807 987 3883 1041 ἀπὸ

2281 1076 2377 1127 τοῦ
2408 1070 2627 1126 πολλοῦ
2664 1077 2932 1145 μερισμοῦ
2961 1074 3050 1128 καὶ
3080 1076 3133 1129 τί
3164 1074 3263 1149 γάρ
3307 1075 3369 1129 οὐ
3403 1073 3553 1150 λέγω
3604 1081 3881 1149 σπαραγμοῦ

2285 1158 2609 1233 διαρρήδην,
2638 1162 2696 1214 ὃν
2757 1160 2979 1215 ἐνταῦθα
3027 1164 3237 1235 ῥυεῖσαι
3284 1165 3373 1217 καὶ
3414 1169 3574 1232 σῶμα
3618 1168 3792 1239 γήϊνον
3814 1163 3883 1218 λα-

2284 1246 2474 1304 ϐοῦσαι
2536 1247 2929 1319 διεσπάσθησαν
2990 1252 3144 1305 αὐταὶ
3204 1252 3291 1330 ἀφ’

3352 1253 3576 1323 ἱαυτῶν,
3642 1255 3728 1307 καὶ
3780 1254 3882 1307 πολ-

2286 1337 2438 1415 λαχῇ
2483 1337 2843 1409 διῳκίσθησαν
2907 1340 3008 1394 ὑπὸ
3040 1342 3087 1375 ⁸⁵
3137 1347 3245 1394 τῶν
3301 1343 3625 1417 Ῥδφωνείων
3679 1347 3752 1413 τῷ
3798 1342 3882 1396 ὅντε

2283 1429 2372 1482 καὶ
2415 1428 2598 1489 ἄλλως
2646 1433 2892 1503 γηγενῶν
2934 1431 3295 1501 παθημάτων,
3345 1430 3518 1486 ὄντων
3577 1452 3643 1507 γε
3687 1432 3743 1485 οὗ
3784 1434 3885 1484 κατᾶ

2282 1518 2372 1571 τὸν
2406 1521 2642 1593 Τυφῶνα
2691 1519 2879 1589 μόνον,
2915 1518 3039 1573 ἀλλ’
3072 1515 3149 1573 ἔτι
3196 1520 3356 1591 οἶμαι
3385 1521 3477 1575 καὶ
3528 1522 3722 1577 τούτου
3749 1521 3886 1575 πολυ-

2283 1606 2667 1678 πλοκωτέρων.
2700 1606 2859 1664 Ἀλλ’
2904 1608 2965 1660 οὗ
3007 1606 3074 1677 δὴ
3125 1606 3279 1663 ἓνεκα
3308 1610 3400 1664 τὸν
3450 1609 3619 1685 λόγον
3660 1612 3889 1666 ἅπαντα⁶⁴

521 1703 727 1759 lestem
742 1701 909 1755 illum
924 1672 1206 1755 iornvicem
1224 1698 1599 1752 avolans.Sed
1616 1697 1812 1750 statim
1829 1698 1963 1768 quis
1985 1699 2177 1752 existi.

2289 1701 2473 1751 τοῦτον
2546 1696 2863 1771 ἡγείραμεν,
2930 1697 3118 1770 καιρὸς
3186 1698 3246 1752 ἃν
3315 1696 3399 1767 εἴη
3470 1698 3891 1773 προσαποδοῦναε.

522 1797 706 1847 maret
737 1807 804 1845 ea
852 1806 980 1861 quae
1012 1790 1167 1843 dicta
1198 1792 1360 1853 sunt,
1397 1786 1815 1841 beatitudinem
1848 1804 2076 1842 sonare.
2113 1790 2173 1841 In

523 1884 795 1954 promptu
818 1882 1276 1949 estiuterrogare
1305 1876 1516 1943 :Unde,
1532 1892 1563 1931 0
1583 1877 2172 1941 amice,manifestum

524 1974 634 2035 est,
694 1970 847 2024 dicat
894 1967 1127 2037 aliquis,
1170 1973 1335 2021 tuum
1398 1964 1565 2020 illum
1630 1964 2043 2036 philosophum
2103 1966 2176 2019 ab

524 2058 635 2114 hac
677 2057 848 2113 turba
892 2056 1216 2110 animarum
1270 2060 1462 2109 ortum
1513 2053 1795 2108 duxisse?
1841 2053 1953 2124 ligo
1984 2061 2174 2107 autem

527 2147 597 2203 ad
658 2145 759 2200 illa
817 2161 931 2199 non
994 2144 1364 2205 decertando,
1428 2158 1586 2197 more
1645 2140 2024 2211 judiciorum.
2072 2142 2173 2196 sed

526 2238 731 2291 mitius
828 2234 1211 2301 respondebo,
1308 2248 1495 2303 neque
1589 2233 2015 2300 contendendo,
2115 2236 2177 2286 ut

526 2325 605 2381 sit
690 2325 749 2377 in
844 2322 1259 2392 disputatione,
1336 2322 1434 2375 ubi
1519 2321 1802 2376 acerrime
1900 2325 2173 2387 certatur,

526 2414 628 2470 sed
661 2418 721 2468 ut
753 2413 908 2483 leges
941 2415 1081 2466 sunt
1122 2428 1343 2477 eorum,
1378 2410 1473 2481 qui
1518 2409 1677 2465 Vitas
1726 2410 2085 2474 describunt,
2110 2426 2177 2464 ea

530 2502 655 2558 sola
704 2518 830 2572 quae.
871 2517 1003 2555 vera
1061 2516 1184 2554 esse
1224 2502 1416 2567 credo,
1465 2500 1813 2570 producens,
1859 2514 2104 2568 quaeque
2143 2516 2177 2552 a

529 2594 877 2661 praeceptore
935 2588 1152 2643 audivi.
1215 2588 1460 2643 Severus
1511 2588 1823 2657 imperator
1877 2591 2175 2641 Romanus

529 2682 1178 2748 fuit,Ramanorumque
1208 2684 1371 2750 pater
1406 2678 1549 2751 legis
1586 2678 1939 2750 praescripto.
1975 2680 2083 2743 Qui
2121 2684 2178 2733 et

526 2769 781 2840 lapidem
833 2784 894 2823 se
936 2767 1016 2822 ait
1062 2768 1295 2832 vidisse,
1330 2767 1388 2820 in
1448 2782 1559 2837 quo
1607 2766 1941 2821 continetur
1989 2766 2176 2837 ﬁgura

529 2860 685 2916 lunae
711 2861 868 2914 vario
900 2859 1072 2914 modo
1104 2863 1336 2913 mutata:
1369 2874 1437 2912 ex
1468 2857 1579 2911 alio
1610 2858 1669 2911 in
1704 2856 1956 2923 aliud,et
1977 2863 2176 2912 contra

531 2950 713 3007 solem
773 2953 956 3004 auctis
1015 2956 1067 3002 et
1124 2948 1381 3013 minutas,
1417 2952 1474 3002 et
1522 2946 1703 3017 lapidi
1758 2948 1930 3001 etiam
1991 2945 2171 3001 solem

531 3041 748 3096 inesse.
785 3038 1044 3093 Isidorus
1074 3036 1250 3107 igitur
1280 3037 1659 3106 quaestionem
1684 3036 1831 3090 scire
1854 3035 2172 3100 videbatur,

538 3131 731 3185 dicere
760 3144 893 3183 vero
926 3126 1134 3191 uoluit,
1164 3131 1219 3180 et
1253 3127 1358 3180 hoc
1406 3143 1435 3181 ο
1485 3142 1693 3181 somno
1725 3126 1969 3195 quodam
2006 3125 2176 3180 mira-

536 3218 640 3274 bili
670 3218 893 3272 discere
924 3232 1099 3286 quam
1159 3215 1601 3269 accuratissime
1632 3223 1873 3268 conatus
1904 3223 2008 3267 est.
2040 3217 2177 3267 Tam

536 3306 692 3363 enim
726 3310 996 3377 prompto
1036 3304 1362 3359 somniandi
1395 3304 1630 3373 ingenio
1662 3309 1718 3358 et
1748 3308 1871 3357 arte
1925 3302 2025 3357 fuit
2056 3319 2180 3356 ma-

537 3412 687 3469 gnus
738 3396 1017 3458 Isidorus,
1047 3403 1111 3447 ut
1153 3392 1361 3464 saepius
1403 3408 1576 3462 opera
1606 3409 1732 3463 quae
1757 3392 1942 3461 ipsius
1976 3393 2179 3461 praedi-

537 3487 714 3543 ctioni
767 3486 1141 3555 respondent,
1184 3484 1479 3554 explorata
1527 3483 1797 3537 demirer.
1848 3484 1999 3538 Sunt
2046 3500 2183 3539 sane

538 3576 714 3632 etiam
760 3590 906 3647 pene
953 3590 1157 3630 omnes
1206 3572 1573 3628 Alexandrini
1628 3571 1821 3629 felices
1860 3581 1912 3628 et
1960 3574 2075 3643 apti
2124 3573 2180 3627 in

537 3665 908 3731 somniando,
931 3668 988 3718 et
1013 3663 1141 3718 ideo
1174 3662 1255 3717 illi
1287 3663 1463 3718 etiam
1513 3679 1668 3717 nunc
1699 3662 1924 3718 somnia
1950 3668 2185 3717 oracula

534 3754 965 3827 cognominant.
1002 3752 1144 3807 Cum
1178 3768 1309 3806 vero
1351 3757 1717 3820 eXperrectus
1748 3760 1916 3818 esset,
1951 3769 2064 3807 non
2099 3753 2183 3806 vi-

535 3845 711 3900 debat
753 3843 913 3898 illam
964 3842 1427 3913 inexplicabilem
1462 3842 1765 3897 visionem.
1798 3842 1995 3913 Neque
2025 3843 2181 3897 enim

534 3934 677 3989 adeo
736 3932 955 3988 clarum
991 3948 1179 4002 neque
1221 3932 1571 4002 profundum
1620 3932 1882 3985 vibrabat
1912 3931 2182 4003 splendo-

534 4038 676 4088 rem,
710 4030 772 4076 ut
818 4026 1116 4076 contectus
1148 4038 1179 4075 a
1222 4019 1601 4075 sensibilibus
1630 4020 1740 4075 alio
1792 4023 2185 4075 reverberare-

534 4117 650 4182 tur,
680 4113 839 4167 intus
898 4116 1092 4165 tamen
1134 4118 1481 4165 accendatur
1522 4115 1577 4164 et
1625 4108 1832 4165 luceat.
1896 4110 2005 4165 Sed
2052 4126 2183 4163 cum

538 4204 697 4253 extra
719 4198 839 4252 haec
870 4196 1138 4252 consistit
1167 4196 1385 4261 anima,
1420 4212 1594 4251 sensu
1630 4212 1741 4251 non
1776 4196 2027 4267 amplius
2058 4212 2187 4267 ope-

2286 1785 2374 1838 καὶ
2425 1787 2535 1857 ἅμα
2593 1782 3020 1839 ἀνακαλέσασθαι
3080 1786 3179 1854 τὴν
3233 1784 3492 1859 διήγησιν
3552 1784 3653 1857 ἔξω
3707 1789 3895 1861 9590;11-

2284 1897 2377 1944 νην
2425 1881 2523 1942 τῆς
2564 1873 2889 1936 ὑποθέσεως.
2936 1874 3041 1929 Καὶ
3090 1872 3273 1950 ἔχεται
3316 1876 3453 1945 αὕτη
3496 1897 3797 1931 καταπτασα
3820 1884 3897 1943 τῆς

2286 1965 2537 2037 οὐρανίας
2568 1961 2758 2036 ἁψῖδος
2790 1968 2887 2018 τυῦ
2910 1963 3138 2038 χθονίου
3175 1965 3295 2038 βίου
3317 1966 3361 2001 ⁸⁷
3384 1965 3568 2021 Ἀλλά
3595 1970 3733 2040 τάχα
3761 1963 3810 2018 ἄν
3834 1985 3895 2024 τις

2288 2048 2559 2107 ὑπολάϐοι
2617 2054 2677 2107 τὸ
2738 2051 3035 2126 λεγόμενον
3106 2052 3251 2123 ᾅδειν
3326 2056 3623 2128 μακαρίας,
3676 2058 3889 2125 "EI-rotam

2285 2144 2387 2220 γάρ
2420 2142 2494 2203 εἰς
2526 2142 2789 2215 ἐρώτησιν
2826 2162 2839 2173 ·

3114 2142 3139 2160 Υ

2881 2141 3068 2209 πόθεν,
3102 2142 3146 2196 ὦ
3201 2143 3400 2216 ἐταῖρε,
3436 2142 3636 2215 δῆλον,
3667 2142 3795 2198 εἴποι
3833 2164 3891 2203 τις

2286 2232 2365 2301 ἂν,
2398 2230 2482 2285 ὅτι
2513 2232 2541 2285 ὁ
2571 2232 2661 2292 σὸς
2693 2231 2994 2308 ’ριλόσοιρος
3025 2232 3129 2286 ἀπὸ
3162 2230 3321 2287 τοῦδε
3349 2237 3447 2288 τοῦ
3488 2229 3675 2295 ἔθνους
3706 2232 3891 2306 ὥρμητο

2282 2325 2390 2375 τῶν
2421 2325 2652 2395 ψυχῶν;
2685 2320 2791 2395 ἐγὼ
2850 2319 2907 2375 δὶ
2956 2322 3094 2395 πρὸς
3146 2326 3315 2376 ταῦτα
3365 2325 3764 2397 ἀποκρινοῦμαι
3805 2321 3891 2375 οὗτε

2285 2432 2348 2485 γε
2400 2416 2725 2484 μαχητικῶς
2776 2410 2956 2485 ὥσπερ
2991 2411 3040 2465 ἐν
3101 2410 3457 2487 δικαστηρίῳ,
3510 2412 3660 2468 ἀλλὰ
3704 2414 3892 2487 πραότε-

2287 2520 2402 2575 ρον,
2436 2498 2559 2553 οὐδὲ
2588 2521 2647 2572 γε
2692 2498 2779 2553 διὰ
2831 2499 3075 2569 σπουδῆς
3118 2500 3239 2563 οἵας
3285 2502 3336 2555 ἐν
3390 2500 3665 2574 διαλέκτῳ
3694 2505 3812 2576 πρὸς
3848 2502 3891 2554 τὸ

2285 2583 2670 2663 ἀκριϐέστατον
2712 2588 3137 2663 ἀμιλλωμένης,
3171 2592 3339 2663 [1029
3371 2594 3459 2664 8.]
3513 2591 3669 2648 Ἀλλ’
3707 2595 3786 2645 οἷα

2282 2698 2382 2751 τρα
2444 2678 2789 2754 βιογραφίας.
2832 2678 2965 2733 αὐτὰ
3018 2679 3177 2752 μόνα,
3226 2682 3359 2750 ἅπερ
3410 2678 3597 2751 ἀληθῆ
3654 2682 3775 2735 εἶναι
3823 2701 3890 2733 πι-

2289 2768 2460 2823 στεύω
2498 2769 2584 2821 καῖ
2636 2772 2733 2823 τοῦ
2780 2769 2919 2840 ἐμοῦ
2964 2770 3339 2844 καθηγεμόνος
3382 2771 3617 2839 ἀκήκοα.
3665 2768 3890 2846 προφερὸ-

2289 2877 2449 2929 μενος
2479 2858 2545 2911 “.
2593 2860 2692 2912 Ἠν
2745 2854 2792 2911 δ’
2823 2860 2850 2911 0
2901 2853 3141 2931 Ζεϐἧρος
3192 2859 3470 2930 Ῥωμαῖος
3522 2860 3614 2913 καῖ
3651 2858 3888 2929 Ῥωμαίων

2284 2947 2466 3019 πατὴρ
2497 2948 2631 3000 κατὰ
2662 2948 2763 3015 τήν
2792 2950 2889 3000 τοῦ
2920 2947 2968 2981 ⁸9
3008 2947 3182 3019 νόμου
3232 2948 3450 3013 ἀξίωσιν
3487 2968 3500 2979 ·
3556 2951 3618 3010 ὃς
3655 2944 3789 3020 ἔλεγε
3822 2945 3889 3000 mi

2288 3033 2438 3089 λίθον
2470 3032 2623 3102 ἰδεῖν,
2656 3034 2706 3087 ἐν
2741 3035 2785 3106 ᾧ
2819 3034 3058 3105 σελήνης
3106 3035 3317 3101 ἐγίνετο
3350 3039 3620 3110 σχήματα
3664 3054 3888 3109 μεταμορ-

2287 3125 2565 3198 φουμέν·ης
2611 3130 2839 3177 παντοῖα
2893 3125 3009 3195 μὶν,
3058 3124 3260 3180 ἄλλοτε
3293 3122 3348 3179 δὲ
3381 3124 3551 3194 ἄλλα,
3600 3126 3729 3199 πρὸς
3765 3123 3891 3191 illiw

2289 3212 2591 3284 αὐξομένης
2617 3213 2664 3249 το
2720 3215 2809 3266 καὶ
2872 3214 3220 3286 μειουμένης,
3279 3214 3467 3269 ἐνόντα
3528 3221 3607 3287 τῷ
3664 3213 3789 3285 λίθῳ
3827 3212 3891 3264 καὶ

2291 3301 2446 3355 αὐτὸν
2503 3304 2593 3356 τὸν
2660 3300 2843 3370 ἥλιον.
2889 3308 2944 3357 Ὁ
3001 3307 3127 3376 γοῦν
3169 3300 3447 3379 Ἰσίδωρος
3502 3304 3663 3376 ἐῴκει
3718 3305 3799 3375 μὲν
3848 3302 3893 3354 τὸ

2292 3390 2620 3462 ζητούμενον
2682 3389 2871 3457 εἰδότι,
2929 3390 3105 3465 λέγειν
3168 3390 3215 3445 δ’
3264 3391 3367 3446 ουκ
3412 3388 3690 3462 ἠϐούλετο
3720 3392 3776 3447 ⁷⁸.
3822 3388 3893 3443 Κιῖ

2288 3484 2449 3533 τοῦτο
2484 3478 2539 3533 δὲ
2593 3480 2780 3551 μαθεῖν
2823 3479 2872 3549 ἐξ
2921 3480 3133 3553 ὀνείρου
3183 3480 3487 3552 θαυμασίου
3541 3483 3685 3543 τινὸς
3722 3477 3894 3552 ἐναργέ-

2292 3589 2455 3622 στατα
2505 3567 2809 3624 διετείνετο.
2846 3569 2941 3623 Καὶ
2989 3570 3091 3644 γὰρ
3130 3569 3197 3637 ἧν
3246 3572 3273 3624 ὁ
3328 3572 3495 3644 μὲγας
3547 3568 3806 3641 Ἰσίδωρος
3838 3566 3892 3623 εἷς

2289 3662 2544 3711 τοσοῦτον
2576 3656 2632 3711 εὖ
2675 3658 2824 3726 ἥκων
2872 3659 3082 3736 φύσεώς
3121 3678 3179 3712 τε
3221 3660 3309 3713 καὶ
3358 3660 3543 3736 τύχης
3594 3654 3895 3732 ὀνειρωττοῦ-

2294 3768 2413 3816 σης,
2467 3747 2604 3801 ὥστε
2653 3742 2840 3820 ἔμοιγε
2889 3748 3179 3818 θαυμάζειν
3232 3746 3405 3802 ἔπεισι
3450 3746 3744 3810 πολλάκις,
3795 3746 3892 3797 ἀπο·

2291 3838 2617 3908 πειρωμένῳ
2664 3841 2770 3889 τῶν
2819 3835 2991 3910 ἔργων
3042 3832 3475 3907 ἀποϐαινόντων,
3530 3845 3632 3905 τῆς
3687 3833 3892 3897 τοιαύτης

2292 3924 2455 3979 αὐτοῦ
2513 3922 2893 3997 προρρήσεως.
2956 3925 3070 3980 Εἰσὶ
3136 3926 3230 3997 μὲν
3291 3923 3356 3994 δὴ
3423 3928 3512 3979 καὶ
3576 3920 3895 3995 Ἀλεξανδρεῖς

2295 4013 2491 4090 ὀλίγου
2541 4014 2732 4073 πάντες
2782 4015 2994 4092 εὐφυεῖς
3025 4035 3081 4068 τε
3129 4014 3217 4068 καὶ
3266 4014 3512 4089 εὐτυχεῖς
3566 4011 3869 4088 ὀνειροπολεῖ

2296 4104 2413 4157 σθαι
2450 4122 2460 4133 °
2515 4104 2603 4156 καὶ
2653 4102 2777 4163 τοὺς
2830 4102 3072 4177 ὀνείρους
3122 4102 3313 4157 ἐκεῖνοι
3366 4100 3455 4157 διὰ
3502 4108 3665 4159 τοῦτο
3713 4101 3789 4155 καὶ
3828 4101 3893 4149 νῦν

2297 4193 2588 4266 χρησμοὺς
2621 4191 3003 4263 ὀνομάζουσιν.
3038 4192 3399 4267 Ἐγρηγορότι
3436 4194 3534 4265 μὲν
3566 4198 3643 4262 τῷ
3683 4186 3894 4256 Ἰσιδώρῳ

540 4293 703 4343 rante
751 4288 802 4341 vi
854 4287 1045 4342 somni
1079 4286 1429 4351 remissiore,
1472 4291 1609 4340 tunc
1639 4285 1747 4341 soli
1802 4287 1910 4340 sibi
1978 4286 2179 4341 relictae

2304 4282 2368 4335 οὐ
2432 4287 2611 4354 παρῆν
2644 4283 2679 4349 ἡ
2714 4278 2949 4353 ἇῤῥητος
3006 4280 3244 4353 αὐτοψία
3278 4299 3290 4310 ⁸
3327 4280 3389 4334 οὐ
3445 4282 3550 4355 γὰρ
3609 4280 3742 4334 οὕτω
3790 4275 3897 4343 huc

540 4377 749 4434 anima:
783 4379 942 4431 adest
973 4390 1205 4446 semper
1234 4376 1472 4430 interior
1502 4375 1601 4431 Dei
1645 4376 1762 4441 lux,
1787 4382 1843 4431 et
1874 4376 2191 4430 obstaculis

535 4466 655 4535 jam
688 4464 888 4532 libera,
916 4465 1101 4534 magis
1133 4464 1491 4530 accenditur,
1516 4470 1571 4518 et
1600 4464 1916 4533 saepissime
1938 4465 2005 4518 ad
2040 4472 2188 4520 exte-

540 4554 694 4609 riora
735 4553 1067 4619 etl‘uuditur,
1102 4556 1282 4609 donec
1317 4553 1545 4607 tandem
1582 4553 1765 4623 ipsam
1819 4554 2188 4624 imaginatio-

537 4654 669 4694 nem
720 4639 1039 4695 collustret.
1073 4638 1361 4708 Duplicem
1394 4639 1585 4693 3360
1608 4639 1740 4693 inde
1780 4639 2064 4694 rationem
2096 4639 2186 4693 di-

534 4726 801 4783 vinarum
834 4728 1126 4783 visionum
1160 4728 1304 4781 dixit
1338 4744 1349 4781 :
1388 4728 1534 4782 hanc
1580 4728 1814 4797 quidem
1849 4728 2184 4783 sensioilem

533 4817 927 4891 vigilantium,
978 4817 1373 4889 imaginariam
1414 4817 1656 4872 alteram
1712 4817 2127 4872 dormientium
2172 4834 2183 4871 :

538 4914 781 4979 utraque
814 4913 1006 4964 autem
1038 4922 1226 4962 veram
1257 4906 1676 4960 continentiam
1711 4905 1984 4976 postulat.
2021 4907 2188 4961 Vide-

534 4998 709 5053 batur
766 4998 1002 5069 sapiens
1056 5002 1431 5068 maturusque
1481 4996 1757 5063 Isidorus,
1816 4998 1957 5065 quin
2012 5000 2185 5053 etiam

534 5086 725 5158 gravis
760 5102 985 5142 merum
1019 5088 1363 5153 constantia,
1393 5085 1562 5139 t’acies
1587 5100 1731 5155 pene
1764 5086 2187 5157 quadrangula,

535 5175 865 5245 eloquentis
890 5174 1160 5231 Mercurii
1182 5176 1477 5246 quoddam
1512 5190 1743 5229 sacrum
1762 5174 2145 5232 simulacrum
2176 5196 2188 5233 :

2300 4374 2436 4444 πράν
2472 4368 2594 4424 οὐδὲ
2646 4371 2859 4441 βαθεῖαν
2906 4370 3203 4444 παρείχετο
3245 4370 3345 4436 τὴν
3382 4370 3760 4443 μαρμαρυγὴν,
3794 4363 3895 4417 ὧντε

2300 4462 2388 4515 καὶ
2450 4460 2550 4514 ὑπὸ
2617 4464 2727 4513 τῶν
2785 4458 3059 4527 αἰσθητῶν
3132 4458 3219 4513 ἐπὶ
3297 4460 3491 4533 θάτερα
3551 4455 3895 4529 ἀνταυγούντιυν

2296 4549 2788 4626 ἐπηλυγαζομένην
2822 4550 2950 4621 [547
2998 4551 3088 4620 PL]
3124 4546 3253 4602 εἷ’σω
3298 4548 3451 4621 ὅμως
3492 4548 3799 4602 ἀνάπτεσθαι
3830 4540 3894 4594 καὶ

2298 4639 2651 4712 διαλάμπειν.
2687 4635 2843 4695 Ἀλλ’
2875 4636 2963 4691 ὅτε
3003 4632 3103 4707 ἔξω
3136 4638 3340 4692 τούτων
3381 4637 3669 4691 καθίστατο
3698 4638 3728 4703 ἡ
3756 4629 3894 4707 {ff/ﬁ.

2302 4727 2493 4803 μηκέτι
2524 4735 2624 4796 τῆς
2676 4726 2977 4795 αἰσθήσεως
3026 4726 3372 4801 ἐνεργούσης,
3418 4723 3527 4795 ἤδη
3581 4723 3636 4780 δὲ
3681 4718 3892 4789 παρειμέ-

2296 4840 2395 4889 νης
2432 4818 2535 4873 ὑπὸ
2562 4822 2658 4871 τοῦ
2704 4815 2895 4885 ὕπνου,
2928 4816 3051 4872 τότε
3104 4818 3413 4889 μονουμένη
3444 4817 3566 4869 καθ’
3613 4812 3793 4879 ἓαυτήν
3818 4811 3843 4875 ἡ
3866 4806 3894 4838 ⁷¹

2298 4909 2378 4963 ἀεὶ
2412 4904 2562 4962 ἔνδον
2614 4908 2823 4961 ἑστῶσα
2868 4909 2964 4959 τοῦ
2996 4907 3150 4961 Θείου
3199 4906 3469 4979 ἀστραπὴ,
3510 4904 3603 4958 καὶ
3652 4898 3888 4957 ἀπαλλατ-

2298 4998 2498 5069 τομένη
2530 5002 2636 5051 τῶν
2674 4992 2973 5067 ἐμποδίων,
2998 4996 3085 5050 ἐπὶ
3120 4993 3336 5067 μᾶλλον
3362 4995 3748 5068 ἀνεζωπυρεῖτο
3774 4984 3887 5055 ⁷⁸,υἷ

2300 5085 2537 5161 ἐξεχεῖτο
2571 5085 2705 5158 πρὸς
2732 5086 2793 5139 τὸ
2822 5084 2974 5146 ἐκτὸς
3006 5083 3092 5138 ἐπὶ
3126 5083 3184 5139 ἂν
3219 5083 3493 5150 πλεῖστον,
3516 5081 3623 5145 ἓως
3651 5082 3732 5136 καὶ
3765 5077 3888 5139 αὐτὴν

2301 5176 2718 5249 καταστράψειεν
2753 5174 2835 5228 ἐπ’
2874 5172 3093 5250 ἐσχάτῳ
3120 5175 3221 5244 τὴν
3254 5172 3565 5255 φαντασίαν.
3606 5172 3729 5229 ’Ὁτι
3756 5164 3889 5222 διττὸν

1894 5302 1988 5358 VA
1998 5304 2137 5360 Rl/E
2175 5302 2585 5362 LECTIONES.

609 5411 853 5487 “_cp‘q0tv
894 5428 1011 5487 2m.
1208 5411 1255 5447 “
1295 5409 1472 5487 ζώσης

613 5481 848 5555 peiusve:
1039 5484 1085 5519 ⁶⁰
1123 5486 1219 5555 τοῦ
1251 5502 1366 5539 om.

645 5574 673 5608 ο

542 5503 848 5556 φερομενος
880 5503 919 5591 ἃ
950 5528 961 5539 .
1039 5503 1085 5519 υ·
1123 5503 1219 5537 του
1251 5503 1329 5539 ΟΠ

541 5555 673 5612 λετο
870 5555 890 5588 ⁷
944 5556 1101 5623 ἡΑε
1142 5553 1209 5622 ἦν

1406 5554 1454 5589 ⁸³
1484 5553 1895 5625 ἀνεζωπυροῦτο
1926 5555 2005 5627 ς’.

1576 5408 2006 5487 ῗ.ἒ5ὑίπὸΑ²
2058 5411 2278 5487 ἀπεὶς

1540 5478 1587 5517 ⁷ο
1616 5479 1917 5553 αὐξομένης
1948 5490 2014 5557 ξι,
2057 5478 2390 5557 αὐξοόμένης
2424 5490 2461 5537 Β
2491 5501 2502 5538 :
2537 5478 2907 5552 αὐξανομένης

2378 5412 2425 5448 ⁸⁸
2460 5414 2648 5485 τοῦτον
2694 5410 2902 5485 ἅπαντα
3128 5411 3175 5445 ⁸⁷
3209 5410 3329 5485 βίου
3377 5426 3489 5467 om.
3521 5410 3612 5485 Α)-
3697 5404 3890 5485 (3.530;,-

3002 5454 3014 5465 .
3128 5411 3175 5445 ⁸⁷
3209 5411 3329 5485 βίου
3377 5426 3489 5467 om,
3521 5411 3585 5464 Α,
3697 5411 3743 5442 σε
3766 5419 3890 5481 ﬁgo",

2934 5411 3021 5556 ἓ.
3057 5485 3129 5539 cf.
3165 5501 3222 5556 p.
3264 5486 3329 5539 Β.
3366 5483 3520 5549 1065,
3555 5482 3645 5535 44.
3717 5480 3755 5513 τι
3784 5468 3893 5528 ἐδον-
