4100 6242
250 311 275 370 Ι
287 311 404 370 253

1333 299 1872 364 BIBLIOTHEGA.
1921 330 1996 346 —
2041 299 2214 360 COD.
2259 297 2536 358 CCXLII.

3493 310 3648 370 1254

245 435 430 516 ἔλεγεν
463 437 522 494 ἐκ
555 439 751 492 τούτου
790 436 881 490 τὸν
912 433 1114 512 τρόπον
1151 438 1258 488 τῶν
1288 431 1447 487 θείων
1481 431 1780 507 αὐτοψιῶν,
1803 433 1892 488 τὸν

2027 433 2185 500 )culi,
2222 437 2284 488 ut
2343 433 2418 489 sit
2467 433 2693 505 loquar,
2728 453 2856 494 vere
2893 439 3210 512 gratiosam
3271 445 3331 503 in
3381 465 3443 504 se
3482 451 3654 508 sitam

249 533 343 606 μὲν
405 529 746 599 αἰσθητικὸν,
811 532 920 581 τῶν
967 523 1378 598 ἐγρηγορότων,
1437 520 1779 600 φαντασιώδη
1843 519 1898 578 δὲ

247 623 354 675 τῶν
403 616 800 678 καθευδόντων,
851 614 1034 684 ἀληθῆ
1067 611 1112 668 δ’
1162 611 1412 686 ἑκάτερον
1441 613 1508 667 ⁷⁸.
1541 610 1893 687 Ἀπαλλαγῆν

247 707 372 783 ᾔτει
400 709 448 744 ’⁷⁸
495 709 593 762 τοῖ’)
634 702 1065 770 κατακλύζοντος
1119 701 1317 776 ὀχετοῦ
1345 707 1445 770 τῆς
1493 700 1772 774 γενέσεως·
1803 706 1901 755 Ἦν

249 796 310 853 δε
362 795 496 852 ἰδεῖν
545 797 572 850 6
632 791 914 867 Ἰσίδωρος
975 787 1194 866 ἔμφρων
1253 791 1342 844 καὶ
1397 785 1778 866 πρεσϐυτικὸς,
1829 783 1906 843 ἔτι

249 885 294 942 δ’
355 881 636 960 ἐμϐριθὴς
693 884 784 938 καὶ
846 878 1268 956 βεϐαιότροπος.
1325 881 1405 936 Τὸ
1468 881 1565 952 μὲν
1612 879 1908 954 πρόσωπον

250 976 450 1052 ὀλίγου
483 973 824 1049 τετράγωνον
857 972 944 1040 ἦν,
976 974 1182 1045 Ἑρμοῦ
1211 969 1404 1043 λογίου
1431 969 1600 1030 τύπος
1631 969 1773 1042 ἱερὸς
1809 985 1820 997 ·
1857 967 1908 1020 οἱ

251 1063 312 1120 δέ
362 1061 662 1138 ὀφθαλμοὶ,
713 1065 832 1122 πῶς
883 1060 976 1133 μὲν
1027 1059 1090 1114 ἂν
1143 1059 1408 1133 φράσαιμι
1451 1060 1550 1126 τήν
1609 1055 1663 1111 ἐν
1721 1057 1910 1115 αὐτοῖς

253 1153 549 1230 ἱδρυμένην
631 1150 918 1225 χαρίεσσαν
995 1146 1218 1218 ἀληθῶς
1293 1145 1650 1224 Ἀφροδίτην,
1719 1149 1838 1206 πῶς
1868 1147 1913 1192 τι

253 1241 300 1298 δ’
350 1241 752 1319 ἀπαγγείλαιμι
798 1240 896 1306 τὴν
949 1237 1166 1292 ἐνοῦσαν
1221 1237 1409 1300 αὐταῖς
1449 1237 1680 1305 Ἀθηνᾶν
1733 1254 1910 1306 σοφω-

253 1334 464 1402 τάτηνς
519 1330 618 1385 οὐκ
655 1327 714 1384 ἂν
761 1325 818 1382 δέ
868 1329 1133 1406 φθάνοιμι
1185 1326 1359 1399 λέγων
1413 1325 1605 1387 αὐτοὺς
1652 1325 1756 1379 ἀπὸ
1803 1328 1910 1377 τῶν

259 1420 518 1478 ἐναντίων
553 1419 628 1481 εἷς
665 1419 728 1472 τὸ
777 1419 912 1472 αὐτὸ
961 1417 1444 1490 συνηρμοσμένους
1471 1415 1526 1470 ’ἐν
1577 1413 1722 1476 εἶδος
1769 1415 1912 1486 ἁμή-

255 1531 451 1588 χανον,
515 1509 750 1568 ἑστῶτας
795 1509 906 1580 ἅμα
969 1501 1224 1582 βεϐαίους
1280 1505 1372 1559 καὶ
1425 1503 1693 1579 ἐπίτροχα
1745 1523 1916 1558 κινου.

263 1601 458 1676 μένους
505 1619 624 1661 πως
681 1596 840 1662 φάναι
867 1596 930 1650 τὸ
973 1599 1076 1649 πᾶν
1133 1593 1182 1648 ἐν
1233 1597 1312 1665 τῷ
1361 1593 1508 1664 αὐτῷ
1556 1593 1644 1648 καὶ
1687 1593 1809 1664 περὶ
1855 1592 1916 1648 τὸ

259 1689 392 1746 αὐτὸ
421 1684 772 1762 δινουμὲνους
811 1687 925 1759 ἅμα
972 1685 1068 1759 μέν
1109 1685 1170 1739 τὸ
1208 1683 1398 1756 σεμνὸν
1449 1683 1562 1756 ἅμα
1601 1681 1658 1737 δέ
1703 1684 1764 1738 τὸ
1812 1683 1911 1758 χά-

2007 523 2309 589 Venerem,
2343 526 2522 594 utque
2569 525 2654 579 sic
2701 525 2956 596 efferam,
2989 529 3228 588 inﬁxam
3268 535 3378 591 sibi
3420 541 3652 611 sapien-

2007 612 2611 702 tissimamAPalladem
2635 614 3196 676 continebant.Illud
3225 639 3336 678 non
3362 628 3653 702 omittam,

2014 700 2124 771 ipsi
2169 699 2322 756 oculi
2382 717 2416 756 a
2461 703 2766 759 contrariis
2799 705 2856 760 in
2905 721 3082 762 unam
3114 713 3491 786 eamdemque
3521 699 3653 790 spe;

2014 789 2163 844 ciem
2223 789 2688 861 inexplicabilem
2740 791 2916 849 simul
2967 796 3386 870 referebantur,
3430 789 3658 863 stabant

2016 877 2187 932 simul
2219 878 2483 944 ﬁrmiter,
2509 883 2565 934 et
2595 880 2869 937 velociter
2899 883 2979 940 ita
3009 889 3413 960 movebantur,
3449 901 3511 950 ut
3539 913 3658 952 ver-

2017 968 2134 1022 sari
2181 966 2508 1022 viderentur
2556 968 2706 1024 circa
2763 972 3030 1030 eamdem
3077 978 3353 1048 speciem,
3387 987 3443 1038 et
3483 985 3656 1055 quid-

2017 1056 2106 1109 vis
2138 1055 2195 1110 in
2219 1056 2418 1110 eadem
2435 1060 2960 1128 repraesentabatur
2984 1079 2996 1118 :
3022 1065 3200 1121 simul
3225 1075 3274 1122 et
3297 1073 3656 1142 gravitatem,

2019 1146 2493 1231 venustatemque
2533 1145 2936 1215 praeferebant,
2969 1157 3024 1206 et
3055 1152 3226 1209 iidem
3256 1173 3390 1212 cum
3423 1159 3660 1231 vellent,

2021 1230 2366 1302 profundius
2411 1232 2589 1287 abditi
2638 1238 2736 1290 aut
2783 1238 3162 1307 expeditiores
3213 1259 3226 1298 :
3283 1249 3462 1318 utque
3492 1230 3664 1306 verbo

2023 1321 2238 1388 dicam,
2269 1324 2434 1376 erant
2474 1321 2628 1378 oculi
2663 1321 2746 1377 illi
2779 1326 3034 1396 perfecta
3081 1332 3286 1388 anima:
3325 1335 3662 1406 simulacra,

2023 1425 2136 1465 non
2170 1409 2355 1465 solius
2386 1409 2588 1478 animi,
2621 1412 2718 1467 sed
2761 1423 2816 1468 et
2843 1413 3230 1476 inbabitantis
3261 1423 3320 1478 in
3361 1441 3426 1480 ea
3456 1428 3663 1485 divina:

2023 1497 2350 1554 inﬂuentiaa.
2385 1498 2606 1555 Sensus
2665 1502 2960 1560 moderate
2998 1506 3058 1563 in
3101 1507 3199 1565 illo
3233 1513 3422 1569 affecti
3477 1523 3662 1584 erant,

2027 1593 2090 1645 ut
2139 1589 2246 1644 soli
2280 1589 2612 1646 necessitati
2642 1593 2981 1664 servientes,
3019 1613 3124 1654 nec
3167 1602 3272 1657 soli
3305 1619 3534 1676 sensus,
3563 1610 3664 1664 sed

2025 1678 2198 1735 etiam
2226 1679 2582 1752 imaginatio,
2615 1697 2742 1752 quas
2775 1684 3139 1759 certaimago
3169 1696 3256 1746 est
3287 1708 3298 1746 :
3337 1711 3524 1766 neque
3547 1713 3666 1755 me—

265 1801 376 1854 ριεν
453 1775 864 1855 ἐπιφαίνοντας,
941 1773 1268 1850 βαθυτέρους
1335 1771 1462 1836 τοὺς
1545 1771 1741 1834 αὐτοὺς
1830 1770 1914 1826 καὶ

2027 1769 2210 1824 moria
2257 1769 2573 1825 admodum
2602 1771 2799 1828 valens
2839 1790 3014 1844 supra
3043 1778 3273 1851 vulgus,
3298 1787 3356 1838 et
3404 1765 3474 1840 ab
3513 1787 3664 1842 obli-

259 1867 672 1942 ἁπλουστέρους
718 1863 850 1918 εἶναι
901 1859 1289 1937 βουλομένους.
1351 1860 1570 1922 Ἀπλῶς
1621 1861 1666 1915 δ’
1715 1861 1906 1928 εἰπεῖν,

261 1955 561 2034 ἀγάλματα
591 1954 724 2023 ἦσαν
758 1949 1035 2030 ὀφθαλμοὶ
1084 1949 1277 2005 ἐκεῖνοι
1325 1956 1425 2019 τῆς
1458 1953 1644 2028 ψυχῆς
1689 1944 1904 2023 ἄκριϐῆ,

260 2047 324 2101 οὗ
383 2045 554 2118 μόνης
604 2063 686 2120 γε,
738 2039 882 2097 ἀλλὰ
927 2040 1016 2096 καὶ
1063 2042 1162 2109 τῆς
1213 2039 1526 2110 ἐνοικούσης
1581 2039 1716 2114 αὐτῇ
1765 2041 1908 2104 Θείας

261 2134 566 2210 ἀπορῥοῆς.
601 2133 669 2189 Αἱ
702 2129 758 2186 δέ
805 2151 870 2206 γε
899 2131 1173 2200 αἰσθήσεις
1218 2131 1454 2202 μετρίως
1503 2127 1648 2202 αὒτῷ
1691 2126 1910 2185 διέκειν-

263 2245 349 2294 το,
391 2223 528 2297 πρὸς
592 2221 763 2294 μόνην
809 2221 1172 2291 ὑπηρετοῦσαι
1221 2220 1320 2287 την
1372 2218 1577 2293 χρείαν.
1631 2220 1732 2275 Καὶ
1782 2219 1910 2295 οὖχῖ

262 2315 318 2369 αἱ
349 2313 626 2382 αἰσθήσεις
680 2311 863 2384 μόναι,
896 2308 1040 2364 ἁλλὰ
1088 2308 1175 2364 καὶ
1217 2311 1280 2364 τὸ
1327 2311 1554 2383 κήρινον
1595 2307 1908 2384 ἐκμαγεῖον,

263 2407 300 2474 ἡ
333 2401 616 2480 φαντασία,
651 2398 774 2456 οὕτε
822 2400 962 2474 πρὸς
993 2401 1217 2472 μνήμην
1263 2420 1314 2454 τι
1365 2401 1473 2453 τῶν
1527 2397 1754 2453 πολλῶν
1793 2396 1910 2452 διαο

264 2492 522 2572 φέρουσα,
551 2491 638 2545 καὶ
669 2495 770 2558 τῆς
801 2487 982 2558 λήθης
1019 2487 1080 2541 οὐ
1109 2488 1172 2541 τὸ
1223 2487 1470 2562 παράπαν
1521 2485 1911 2560 ἀπηλλαμένη.

265 2581 370 2638 Καὶ
399 2579 502 2656 γὰρ
548 2573 842 2648 ἠϐουλήθη
893 2576 1051 2631 αὐτὸν
1104 2577 1131 2630 ὁ
1186 2577 1336 2642 Θεὸς,
1388 2577 1460 2637 ὡς
1515 2573 1676 2645 ἔοικε,
1727 2577 1913 2650 ψυχήν

272 2668 487 2744 μᾶλλον
522 2665 649 2722 ὄντα
699 2664 979 2735 ἐπιδεῖξαι,
1013 2664 1050 2734 ἢ
1088 2665 1150 2720 τὸ
1201 2665 1603 2739 συναμφότερον
1657 2664 1790 2737 μετᾶ
1817 2669 1915 2720 τοῦ

268 2761 550 2832 σώματος,
605 2757 694 2812 καὶ
756 2757 854 2824 τήν
905 2753 1230 2832 φιλοσοφίαν
1283 2753 1344 2808 οὐ
1391 2757 1470 2825 τῷ
1528 2753 1918 2830 συναμφοτέρῳ

268 2849 632 2916 ἐναποθεῖναι,
689 2843 836 2900 ἀλλᾶ
885 2845 1024 2917 αὐτῇ
1078 2844 1218 2917 μόνῃ
1282 2846 1350 2916 τῇ
1408 2845 1562 2916 ψυχῇ
1623 2839 1914 2916 ἐνιδρῠσαι.

268 2943 359 3001 Ὠς
391 2931 568 3012 ἔγωγε
617 2935 781 2996 ἐνίοις
820 2931 928 3004 ἤδη
981 2932 1382 3008 περιτενύχηκα
1421 2932 1486 2984 τὰ
1541 2931 1634 3004 μὲν
1679 2925 1780 3002 ἔξω
1828 2953 1914 3008 φι-

267 3025 570 3102 λοσοφοῦσι
637 3023 906 3098 λαμπρῶς
965 3017 1017 3075 ἕν
1077 3042 1134 3076 τε
1193 3022 1383 3094 μνήμῃ
1445 3021 1632 3094 βαθείᾳ
1687 3017 1911 3076 πολλῶν

2020 1859 2195 1914 vione
2219 1873 2334 1913 non
2363 1857 2603 1914 omnino
2623 1865 3196 1934 remota.Etenim,ut
3216 1871 3526 1930 verisimile
3558 1885 3663 1932 est.

2021 1945 2380 2004 voluitillum
2395 1946 2546 2002 Deus
2559 1947 2819 2004 animum
2836 1951 3031 2022 potius
3046 1955 3665 2032 declarare(99),quam
3737 1947 3746 1955 ’

2023 2039 2335 2105 utrumque
2384 2051 2517 2090 cum
2567 2054 2826 2109 corpore,
2855 2049 2910 2097 et
2961 2043 3388 2115 philosOpbiam
3419 2053 3474 2106 in
3502 2057 3665 2108 utro-

2021 2140 2136 2196 que
2167 2139 2282 2179 non
2307 2123 2654 2196 relinquere,
2687 2129 2782 2182 sed
2817 2128 2924 2184 soli
2955 2131 3150 2187 animo
3171 2133 3428 2208 inﬁgere.
3465 2139 3538 2194 Ut
3566 2157 3669 2212 ego

2014 2215 2138 2285 jam
2173 2213 2454 2284 quosdam
2507 2216 2715 2285 reperi,
2755 2218 2856 2288 qui
2895 2221 3148 2276 exterius
3181 2223 3672 2298 pbi1090phantur

2019 2301 2372 2371 luculenter,
2406 2309 2463 2360 et
2503 2308 2748 2360 utuntur
2780 2309 3064 2364 memoria
3109 2312 3426 2370 multarum
3475 2321 3672 2388 capaci

2023 2393 2387 2465 opinionum,
2419 2401 2473 2450 et
2505 2394 2672 2451 facile
2693 2394 2886 2452 valent
2907 2397 3343 2470 inexplicabiles
3367 2411 3672 2464 contexere

2024 2481 2418 2554 syllogismos,
2451 2484 2752 2556 multaque
2800 2484 2860 2541 in
2889 2485 2961 2542 iis
3009 2489 3258 2546 facultas
3314 2498 3404 2549 est
3445 2496 3672 2553 divino-

2025 2586 2156 2626 rum
2197 2587 2504 2638 sensuum,
2529 2571 2689 2628 intus
2730 2589 2864 2628 vero
2907 2575 3102 2630 anima
3147 2584 3337 2649 egent,
3374 2587 3432 2637 et
3469 2582 3673 2656 inopes

2028 2667 2168 2720 sunt
2205 2677 2352 2718 verae
2402 2661 2678 2718 scientiae.
2711 2663 2814 2719 Sin
2847 2667 3196 2738 quandoque
3227 2669 3410 2726 iratus
3443 2673 3670 2730 videba-

2029 2757 2144 2818 tur,
2179 2751 2325 2806 ratio
2373 2750 2722 2821 imperabat,
2755 2755 2810 2808 et
2857 2753 2942 2808 ira
2993 2758 3247 2825 parebat.
3282 2759 3480 2831 Neque
3518 2764 3674 2819 enim

2032 2843 2258 2912 poterat
2307 2855 2737 2908 mansuescere,
2771 2857 2956 2912 neque
2986 2841 3351 2902 iracundiam
3383 2850 3441 2903 in
3491 2851 3676 2908 homi-

2025 2946 2168 2984 num
2201 2928 2357 2983 vitiis
2390 2929 2884 2999 reprehendendis
2923 2947 3151 2988 exuere.
3188 2936 3678 3009 Promptissimus

2025 3027 2146 3076 erat
2167 3019 2312 3076 bene
2333 3019 2403 3074 de
2433 3018 2561 3074 aliis
2595 3019 2890 3090 merendo,
2913 3038 3110 3078 verum
3135 3025 3325 3081 adhuc
3357 3031 3680 3100 promptior

270 3084 624 3190 δοξασμάτων
670 3084 760 3168 καὶ
801 3084 860 3166 ἐν
916 3084 1622 3188 ἀγχιστρόφῳηδεινότητί
1657 3107 1912 3184 συλλογι-

2027 3118 2086 3174 in
2132 3107 2370 3180 ﬂagitiis
2418 3109 2728 3180 carpendis
2759 3125 2773 3164 :
2825 3084 3072 3183 ideoque
3103 3084 3418 3172 multorulm
3450 3084 3680 3176 animos

269 3209 424 3278 σμῶν
488 3204 796 3276 ἀπεράντων
854 3202 941 3255 καὶ
1003 3201 1056 3254 ἐν
1115 3197 1339 3272 δυνάμει
1399 3201 1570 3274 συχνῇ
1631 3195 1914 3271 δαιμονίας

271 3296 602 3366 αἶσθήσεως⁶
657 3293 786 3348 εἶ’σω
845 3288 902 3346 δὲ
957 3291 1024 3345 τὰ
1089 3298 1190 3360 τῆς
1245 3293 1430 3364 ψυχῆς
1503 3291 1766 3364 ἀποροῦσι
1825 3291 1912 3344 καῖ

268 3383 586 3457 πενομένοις
637 3380 878 3451 ἀληθοῦς
927 3379 1259 3451 ἐπιστήμης.
1297 3379 1359 3436 Εἰ
1393 3375 1450 3432 δέ
1491 3399 1598 3434 που
1631 3381 1792 3447 [1032
1823 3381 1914 3452 R.]

267 3473 612 3548 θυμούμενος
657 3471 866 3544 ἑωρᾶτο
921 3467 1008 3522 καὶ
1061 3467 1400 3542 ἀγανακτῶν,
1459 3465 1604 3522 ἀλλᾶ
1659 3472 1754 3522 τοῦ
1814 3467 1913 3523 λο-

269 3565 478 3639 γισμοῦ
523 3559 837 3634 ἡγουμένου
886 3556 974 3611 καὶ
1025 3558 1052 3611 ὁ
1103 3557 1274 3628 θυμὸς
1317 3553 1384 3624 δὴ
1433 3557 1659 3610 κατόπιν
1711 3555 1911 3612 ε’ίπετο.

269 3649 408 3708 Οὐδέ
439 3650 540 3724 γὰρ
593 3649 706 3709 οἷός
737 3667 794 3702 τε
847 3647 914 3714 ἦν
947 3645 1188 3720 γίνεσθαι
1231 3647 1401 3717 πρᾶος
1451 3641 1576 3698 οὐδὲ
1605 3643 1814 3716 ἄθυμος
1861 3645 1913 3699 ἐν

2023 3215 2176 3271 saepe
2207 3198 2464 3266 offendit,
2496 3215 2697 3253 eorum
2746 3199 2963 3256 scelera
3013 3201 3244 3258 blandis
3283 3207 3475 3262 verbis
3523 3217 3679 3264 exte-

2023 3305 2206 3344 nuare
2239 3305 2351 3343 non
2383 3287 2700 3355 sustinens,
2731 3305 2836 3345 nec
2867 3289 2992 3346 loco
3023 3308 3167 3346 vera:
3201 3294 3470 3350 amicitia;
3513 3299 3683 3355 valde

2023 3377 2423 3432 detestandam
2449 3377 2841 3433 adulationem
2865 3378 3173 3437 adhibens.
3199 3381 3293 3438 Sic
3315 3399 3453 3455 erga
3475 3401 3680 3443 omnes

2023 3465 2265 3522 affectus
2314 3469 2457 3532 erat,
2491 3471 2556 3521 ut
2607 3483 2794 3538 neque
2839 3469 3244 3526 contentiones
3297 3471 3484 3527 33Gb
3517 3491 3679 3530 ama-

2025 3563 2336 3628 ret,neque
2355 3556 2694 3613 inimicitias
2713 3563 2922 3629 sponte
2947 3559 3291 3631 susciperet,
3325 3579 3450 3634 quae
3484 3567 3682 3620 omnia

2025 3647 2152 3717 ejus
2185 3647 2370 3701 forma
2401 3647 2579 3717 digna
2607 3655 2788 3702 erant.

267 3745 349 3813 τῷ
382 3737 604 3816 ἐλέγχῳ
631 3741 738 3791 τῶν
799 3733 1156 3808 ἀνθρωπίνων
1211 3733 1671 3806 πονηρευμάτων,
1720 3737 1814 3786 *Ων
1871 3731 1974 3808 γὰρ
2034 3733 2386 3806 ἑτοιμότατος
2448 3731 2524 3795 εἰς
2579 3733 2883 3807 εὐεργεσίαν
2915 3736 2980 3806 τι,
3015 3732 3092 3789 ἔτι
3153 3735 3243 3789 καὶ
3289 3735 3486 3791 τούτου
3545 3761 3681 3813 προ-

271 3829 590 3904 χειρότερος
657 3825 722 3893 ἦν
793 3825 867 3886 εἰς
924 3821 1242 3894 ἐπιτίμησιν
1302 3828 1402 3891 τῆς
1460 3821 1748 3896 πονηρίας.
1809 3821 1909 3880 Διὸ
1961 3821 2052 3876 καὶ
2119 3821 2266 3894 θαμᾶ
2323 3819 2388 3889 δὴ
2449 3817 2686 3882 πολλοῖς
2750 3819 3124 3896 προσέκρουεν,
3188 3823 3286 3878 οὐκ
3352 3827 3681 3901 ἀνεχόμενος

273 3919 454 3973 αὐτῶν
511 3917 610 3984 τήν
665 3915 856 3968 κακίαν
917 3913 1328 3984 ὑπονορίζεσθαι
1382 3913 1446 3978 ἠ’
1508 3908 1630 3965 οὐδὲ
1693 3909 1934 3984 μελετῶν
1997 3910 2115 3966 ἀντὶ
2183 3917 2284 3979 τῆς
2341 3909 2611 3979 ἀληθινῆς
2687 3907 2874 3986 φιλίας
2930 3911 3028 3980 τὴν
3101 3911 3446 3980 πολυάρατον
3516 3915 3683 3972 κολα-

273 4007 420 4062 κείαν
446 4006 510 4060 ⁷⁹.
555 4002 686 4058 Οὔτε
719 4003 1012 4080 φιλαιτίως
1045 3999 1168 4057 οὔτε
1199 4001 1540 4076 ἐθελέχθρως
1570 4001 1704 4074 πρὸς
1735 3997 1922 4054 οὐδένα
1953 4003 2079 4072 [548
2111 4001 2202 4070 H.]
2235 3996 2482 4054 διέκειτο.

346 4097 582 4153 Τοιαῦτα
612 4094 662 4129 ⁸ο
691 4095 718 4146 6
749 4094 1016 4164 ἡμέτερος
1043 4089 1324 4145 ἐπεπόνθει
1347 4089 1646 4168 φιλόσοφος
1685 4089 1772 4143 ὑπ’
1795 4084 1925 4161 ἔρω-

273 4205 368 4246 τος
413 4185 508 4255 μὲν
535 4189 636 4250 τῆς
663 4182 784 4257 περῖ
815 4183 856 4218 ⁸¹
891 4182 956 4236 τὰ
989 4179 1300 4256 ἀνθρώπινα
1347 4177 1642 4256 πρᾶγματα
1685 4175 1918 4250 διορθώ-

277 4293 438 4340 σεως,
469 4271 668 4347 ἔχθρας
701 4267 758 4324 δέ
788 4270 876 4324 καὶ
922 4269 1109 4342 μίσους
1162 4265 1532 4322 ἀδιαλλάκτου
1575 4271 1682 4320 τῶν
1723 4269 1922 4335 κακοή-

273 4365 385 4416 θων
415 4358 882 4432 ἐπιτηδευμάτων.
902 4357 1196 4432 Ἀγχίνους
1231 4354 1286 4411 δὲ
1309 4353 1382 4410 ὣν
1401 4357 1447 4392 ⁸³
1474 4357 1562 4410 καὶ
1595 4355 1922 4432 ἐπιστρεφῆς

2107 4090 2232 4144 llaec
2266 4093 2462 4144 noster
2507 4087 2891 4160 phi1080pbus
2931 4091 3004 4146 ob
3035 4091 3224 4146 zelum
3265 4093 3334 4148 ad
3375 4093 3682 4151 hominum

2035 4192 2224 4233 mores
2283 4175 2674 4248 corrigendos,
2716 4183 2772 4233 et
2826 4179 2899 4234 ob
2951 4179 3290 4237 inimicitias
3347 4182 3682 4254 odiumque,

2033 4269 2248 4340 quibus
2281 4269 2496 4340 ﬂagitia
2527 4269 2830 4325 hominum
2865 4273 3338 4342 prosequebatur.
3363 4273 3552 4330 Solers
3577 4277 3686 4332 fuit

2033 4367 2088 4414 et
2117 4357 2462 4426 industrius,
2497 4363 2552 4414 et
2591 4357 2812 4414 facilem
2873 4377 2934 4416 se
2981 4377 3324 4434 comemque
3369 4363 3680 4434 praebebat.

273 4450 431 4523 ὅμως
488 4469 538 4502 τι
595 4448 686 4504 καὶ
757 4449 1152 4522 εὐπαράγωγον
1213 4443 1575 4502 ἐπεδείκνυτο.
1634 4450 1753 4500 Τῶν
1829 4445 1914 4518 μὲν

2033 4447 2220 4504 Facile
2265 4447 2420 4504 enim
2482 4447 2952 4504 adnumeraverit
3000 4450 3134 4522 quis
3178 4467 3306 4506 eum
3341 4455 3682 4521 mansuetis,

274 4540 382 4614 γὰρ
445 4537 697 4593 ἐπιεικῶν
759 4537 889 4592 εἶναι
947 4535 1438 4610 προσποιουμένων
1487 4535 1535 4570 ⁸³
1611 4533 1812 4608 ῥᾳδίως
1871 4533 1932 4588 ἄν

273 4649 360 4691 τις
453 4625 614 4681 αυτὸν
693 4627 1020 4700 παρήγαγεν,
1100 4621 1190 4679 ἅτε
1265 4625 1367 4678 οὐκ
1449 4622 1767 4702 ἐπιφέροντα
1845 4622 1931 4678 ἐπὶ

277 4719 442 4774 τούτο
474 4717 521 4750 ⁸⁴
580 4710 746 4788 ἀριδῆ
796 4713 1030 4784 ἐξέτασιν
1089 4711 1176 4768 διὰ
1231 4714 1294 4767 τὸ
1349 4720 1448 4781 τῆς
1509 4712 1794 4774 ἐπιεικείας
1853 4713 1932 4767 ἆν-

283 4809 530 4862 ὖποπτον
571 4825 582 4837 ·
619 4806 646 4858 6
680 4801 736 4858 δὲ
765 4811 866 4872 τῆς
905 4797 1406 4875 προλαμϐανοόσης
1440 4801 1672 4876 ὑποψίας
1719 4799 1864 4872 ἄξιος
1889 4803 1936 4838 ⁸⁵

283 4896 384 4952 οὐκ
412 4893 470 4950 ἂν
504 4893 664 4948 αὐτὸν
709 4891 895 4948 ἐλαθεν
949 4888 1234 4966 ἐνεδρεύων
1277 4887 1402 4945 οὐδὲ
1446 4889 1664 4945 πλέκων
1716 4888 1932 4954 δόλους.

281 4989 454 5059 Τριῶν
515 4979 572 5036 δέ
637 4977 804 5036 ὅντων
883 4983 1059 5054 μερῶν
1135 4979 1168 5048 ἢ
1246 4977 1404 5033 εἰδῶν
1477 4987 1578 5048 τῆς
1610 4981 1654 5016 ³⁸
1727 4982 1934 5055 ψυχῆς,

2041 4537 2210 4610 quasi
2245 4553 2358 4594 non
2391 4542 2660 4593 accurate
2693 4535 2814 4592 haec
2845 4537 3245 4611 investigaret,
3279 4542 3432 4612 quod
3469 4559 3582 4613 prae
3615 4541 3687 4598 le-

2043 4627 2224 4682 nitate
2255 4625 2449 4682 minus
2481 4630 2632 4681 esset
2667 4626 2964 4697 suspicax,
2996 4627 3046 4682 si
3080 4628 3218 4698 quid
3253 4636 3448 4685 tamen
3481 4647 3686 4702 suspe-

2043 4714 2232 4771 ctione
2267 4715 2462 4770 futura
2491 4719 2888 4770 antevertente
2917 4717 3158 4788 dignum
3193 4718 3420 4786 fuisset,
3455 4719 3504 4773 si
3546 4719 3690 4790 quid

2045 4803 2160 4860 doli
2192 4811 2286 4859 aut
2319 4803 2668 4859 insidiarum
2699 4804 3132 4870 esset,minime
3150 4823 3284 4861 eum
3320 4806 3689 4864 fefelliI.Cum

2048 4901 2162 4948 tres
2195 4891 2313 4946 sint
2345 4898 2535 4962 partes
2559 4891 2644 4946 vel
2663 4892 2886 4964 species
2909 4893 3141 4962 animae,
3173 4894 3258 4950 vel
3293 4899 3353 4948 ut
3383 4894 3474 4950 cui
3505 4893 3694 4965 placet

2049 4979 2666 5052 appellare,triplicem
2696 4981 2820 5036 ﬁeri
2845 4983 3128 5038 rationem
3156 4982 3282 5038 vitm
3314 4983 3480 5052 dixit,
3513 4999 3692 5054 quam

1655 5071 1896 5127 VARI/ﬁ
1935 5070 2328 5128 LECTIONES

355 5165 402 5200 7‘
445 5163 714 5235 ἑκατέρων
747 5169 817 5230 A,
858 5159 1112 5235 ἑκατέραν
1147 5167 1202 5235 B_'
1280 5161 1326 5196 ’⁷⁵
1365 5155 1664 5235 {incl-Ero:
1835 5161 1879 5196 ⁷⁸
1909 5163 2030 5235 πῶς
2057 5163 2100 5216 Α
2132 5163 2290 5235 τ’ττοῦ

277 5233 618 5306 κορίζεσθαι]
651 5237 724 5292 cf.
760 5236 940 5306 Toup.
986 5233 1278 5306 emendat.
1313 5251 1376 5298 ιι,

281 5384 449 5436 θεικε.
528 5379 578 5416 ⁸ο
605 5382 828 5432 τοιαῦτα
853 5373 902 5433 λ
939 5395 950 5431 :
983 5379 1149 5429 ταῦτα

283 5455 386 5526 qui
421 5469 554 5526 [nox
584 5468 698 5506 om.
729 5449 847 5526 καίζ
919 5448 988 5526 ῌ⁸³
1017 5446 1360 5526 ποιουμένων

1571 5447 1616 5482 ⁸⁴
1645 5444 1842 5500 τοῦτον
1873 5444 1939 5502 Χ.
1983 5444 2283 5499 τούτων’ἰξ.

2493 5161 2536 5234 τί
2561 5157 2942 5234 εὐεργεσίαν-Α
2987 5179 3000 5216 :
3032 5157 3281 5234 ἐργασίαν
3329 5161 3424 5234 ς’
3480 5161 3534 5234 7⁸
3571 5160 3693 5216 ὑπὸ·

395 5227 618 5320 ἱξεσθαι]
651 5227 1278 5320 of._Toup._eingndat.
1313 5227 1386 5298 11,.
1420 5227 1632 5320 P.-3i§).
1709 5231 1756 5319 Z’
1789 5237 1916 5303 post
1946 5227 2434 5320 tollaxeiavnvgl—go
2465 5227 2844 5320 addugt'hmc
2875 5227 3024 5320 δοκεῖ
3057 5227 3150 5306 μοι
3181 5227 3694 5320 ταῦτ-α’ἆξιόμομφα

277 5277 624 5372 καθελὼαά
656 5307 752 5363 sed
791 5277 987 5378 II)ng
1021 5323 1035 5361 :
1076 5303 1129 5357 ἐν
1173 5307 1252 5372 τῷ
1296 5277 1534 5375 μετοζπῳ
1565 5303 1630 5372 ἦν
1673 5277 2171 5376 τῆςῒπρωτοτόπου
2223 5277 2446 5376 simitu
2482 5321 2494 5334 '

281 5384 449 5436 θεικε.
528 5379 578 5416 ⁸ο
605 5382 828 5432 τοιαῦτα
861 5382 902 5433 Α
939 5395 950 5431 :
983 5379 1149 5429 ταῦτα
1366 5375 1410 5410 3‘
1443 5375 1566 5448 περὶ
1676 5393 1688 5429 :
1725 5374 1860 5448 πρὸς
2070 5375 2128 5448 Α⁸²
2159 5371 2290 5448 ἀγχ.
2325 5371 2486 5448 δέίῷν

2548 5302 2576 5354 6
2609 5301 2674 5374 6E
2713 5301 3068 5374 μεταγράψας
3115 5303 3204 5360 καὶ
3235 5309 3396 5360 τοῦτο
3423 5301 3696 5365 ἐντὸςτέ-

2080 5375 2128 5408 δ²
2159 5371 2290 5450 ἀγχ.
2325 5371 2381 5428 δὲ
2412 5371 2514 5453 ᾣν]
2548 5375 2576 5428 ὁ
2605 5372 2662 5428 8‘s
2699 5371 2830 5448 ἇγχ.
2863 5371 2936 5429 ὢν
2979 5371 3190 5432 Suidas
3223 5395 3272 5432 v.
3311 5379 3694 5456 Ἐπιστρεφής,

2080 5465 2196 5499 ιτων
2229 5451 2283 5499 Β.
2387 5447 2434 5479 ⁸³
2464 5446 2492 5498 6
2523 5478 2590 5486 —
2643 5443 2788 5515 ἄξιος
2825 5479 2896 5488 -
2926 5445 3214 5515 ἐνεδρεύων
3247 5483 3316 5490 ——
3345 5447 3563 5504 πλέκων
3603 5455 3644 5506 Α
3680 5465 3693 5506 ε

281 5517 318 5580 δ
347 5557 416 5567 —-
447 5521 600 5592 ἔξεον
643 5553 712 5564 —
737 5517 1010 5596 ενεδρεῦον
1050 5553 1118 5561 -
1147 5517 1350 5573 πλέκον
1545 5519 1590 5554 ⁸⁸
1619 5524 1719 5586 τῆν
1749 5520 1884 5576 add.
1921 5521 1987 5574 Α.
2022 5517 2097 5574 cf.
2140 5517 2348 5572 Suidas
2377 5534 2428 5572 ν.
2467 5519 2658 5590 Ψυχή.

1879 5605 2110 5664 NOT/E.

365 5703 474 5777 (99)
505 5705 586 5760 Ex
620 5701 1052 5759 Platonicorum
1085 5697 1396 5758 sententia.
