4138 6224
266 296 422 357 1257

1360 297 1903 359 BIBLIOTHECA.
1953 328 2026 344 --
2072 299 2242 360 COD.
2290 300 2562 363 CCXLII.

3501 311 3660 373 1258

265 432 374 484 τῶν
401 425 586 483 καλῶν
620 426 711 481 καὶ
741 427 960 500 ἀγαθῶν
993 424 1296 483 δεινότατον
1336 429 1592 502 ίχνευτήν
1621 447 1635 461 ·
1687 427 1858 501 ὀξεῖαν
1887 430 1910 462 ⁴

2036 446 2277 488 umorem
2310 433 2540 491 honesti
2561 439 2616 492 et
2639 435 2772 493 boni
2799 437 3217 508 peritissimum
3239 441 3665 516 indagatorem,

271 518 360 574 καὶ
388 517 648 594 ἀγχίνουν
677 515 887 593 φύσεως
937 514 1184 591 δύναμιν.
1238 517 1324 573 ἐπὶ
1370 517 1556 574 πολλὰ
1607 516 1677 574 δι’
1726 519 1915 594 ὀλίγου

275 609 522 685 φέρεσθαι
564 604 890 679 δυναμένην,
941 606 1299 678 ἑτοιμοτάτην
1352 607 1586 663 συνιέναι
1633 607 1722 662 καὶ
1769 631 1918 684 γνω-

279 698 443 773 ρίζειν
492 698 560 751 τὰ
607 695 740 771 ἴχνη
791 700 898 750 τῶν
949 697 1306 770 θηραμάτων,
1351 697 1453 752 ὅσα
1481 718 1539 752 τε
1568 697 1796 769 ⁶ἆληθῆ
1828 697 1917 753 καὶ

280 787 378 842 ὅσα
410 782 581 860 ψευδῆ
616 786 730 840 ἐστι
760 786 894 860 πρὸς
941 786 1041 853 τήν
1096 784 1264 860 ἄγραν
1293 805 1306 818 ·
1355 785 1415 841 ἐκ
1465 783 1522 841 δέ
1572 786 1634 842 αὖ
1682 787 1919 861 τρίτωνθ

281 874 604 953 φιλοπονίαν
637 876 892 945 ἄτρυτον,
937 876 1037 929 ούκ
1084 874 1254 930 ἐῶσαν
1306 877 1408 943 τήν
1457 877 1642 951 ψυγήν
1693 878 1916 951 ἠρεμεῖν

277 961 380 1025 ἕως
438 965 500 1017 ἂν
550 963 636 1018 ἐπὶ
686 961 844 1022 τέλος
887 961 1021 1038 ἔλθῃ
1070 969 1168 1019 τοῦ
1204 964 1553 1040 κυνηγεσίου,
1606 964 1637 1019 ὅ
1678 963 1790 1020 ἐστι
1817 973 1919 1034 τῆς

274 1053 536 1124 ἀληθείας
571 1057 606 1123 ἡ
641 1053 868 1128 εὕρεσις,

347 1145 472 1201 ’Ὁτι
516 1142 805 1217 ἀγχίνοιαν
851 1141 939 1196 καὶ
988 1142 1220 1212 ὀξύτητα
1280 1144 1308 1197 ὁ
1376 1141 1675 1218 Ἰσίδωρος,
1734 1145 1918 1223 φησὶν,

279 1229 458 1308 ἔλεγεν
492 1231 554 1287 οὗ
598 1234 698 1302 τήν
746 1231 1028 1300 εὐκίνητον
1081 1233 1396 1304 φαντασίαν,
1449 1231 1576 1288 οὐδὲ
1622 1234 1722 1302 τὴν
1773 1231 1921 1302 δοξα-

281 1323 468 1390 στικὴν
492 1319 730 1400 εὐφυίαν,
761 1320 885 1375 οὐδὲ
918 1320 1089 1394 μόνην
1125 1321 1230 1393 (ὡς
1275 1318 1334 1375 ἄν
1384 1342 1468 1384 τις
1516 1321 1753 1394 οἰηθείη)
1803 1319 1921 1376 διά-

281 1432 432 1465 νοιαν
481 1408 744 1486 εὔτροχον
785 1410 877 1464 καὶ
926 1410 1156 1484 γόνιμον
1205 1408 1480 1480 ἀληθείας·
1540 1411 1600 1466 οὐ
1643 1413 1746 1488 γὰρ
1787 1411 1921 1465 εἶναι

279 1500 475 1561 ταύτας
508 1497 703 1567 αἰτίας,
751 1497 897 1553 αλλᾶ
937 1503 1006 1572 τῇ
1055 1497 1202 1569 αἰτίᾳ
1253 1496 1528 1554 δουλεύειν
1574 1500 1651 1561 εἷς
1681 1500 1866 1570 νόησιν
1903 1518 1917 1532 ο

280 1590 379 1657 τὴν
435 1587 490 1643 δὲ
540 1588 675 1642 εἶναι
735 1587 882 1642 θείαν
932 1589 1258 1662 κατοκωχήν
1288 1591 1328 1658 ⁷,
1379 1588 1560 1662 ἠρέμα
1612 1587 1917 1662 διανοίγου-

283 1699 377 1732 σαν
423 1677 514 1732 καὶ
562 1677 1026 1748 ἀποκαθαίρουσαν
1077 1679 1098 1713 ⁸
1153 1679 1219 1732 τά
1263 1684 1366 1747 τῆς
1428 1682 1617 1756 ψυχῆς
1673 1675 1917 1751 ὄμματα,

279 1768 368 1822 καὶ
425 1771 506 1837 τῷ
560 1771 731 1837 νοερῷ
789 1767 929 1843 φωτὶ
989 1765 1475 1838 καταλάμπουσαν,
1535 1768 1610 1829 εἷς
1665 1767 1785 1822 θέαν
1833 1766 1922 1822 καὶ

279 1857 536 1931 γνώρισιν
568 1856 708 1909 ⁹τοῦ
739 1853 980 1923 ἀληθοῦς
1029 1854 1119 1910 καί
1167 1860 1265 1910 τοῦ
1314 1855 1568 1929 ψεύδους.
1621 1854 1920 1930 Εὺμοιρίαν

279 1945 478 2014 ταύτην
535 1943 735 2004 ἐκεῖνος
791 1946 1058 2017 ὠνόμαζε,
1115 1945 1204 1999 καὶ
1265 1946 1341 2008 ὡς
1404 1944 1557 2001 οὐδὲν
1614 1947 1810 2020 γένοιτ’
1857 1945 1918 2000 ἂν

278 2037 479 2118 ὄφελος
511 2035 634 2093 ἄνευ
667 2037 970 2110 εὐμοιρίας,
1005 2037 1080 2099 ὡς
1123 2034 1247 2092 οὐδὲ
1295 2036 1591 2118 ὀφθαλμῶν
1641 2039 1924 2114 ὓγιαινόν-

275 2133 384 2182 τῶν
416 2123 613 2206 ὄφελος
646 2128 768 2181 ἄνευ
798 2131 900 2180 τοῦ
942 2125 1200 2201 οὐρανίου
1241 2128 1443 2203 φωτὸς,
1494 2126 1797 2183 διετείνετο.
1850 2127 1920 2181 Τὸ

284 2216 594 2291 ὑψηλόνουν
625 2217 671 2255 ¹⁰
697 2216 787 2271 καὶ
819 2215 1194 2291 τελεσιουργὸν
1223 2217 1396 2294 εἶχεν,
1431 2218 1494 2272 ού
1527 2238 1624 2292 περ
1660 2218 1744 2272 ἱτα
1775 2216 1922 2272 κάτω

281 2305 662 2382 στρεφόμενον,
711 2304 839 2359 ἀλλ’
887 2304 1040 2365 εὐθὺς
1115 2305 1462 2378 ἂναθρῶσκον
1548 2303 1652 2359 άπὸ
1729 2311 1924 2380 μικρᾶς

281 2397 536 2472 ἂφορμῆς
587 2393 674 2449 ἐπὶ
719 2395 788 2448 τά
834 2388 1176 2468 πρεσϐύτατα
1223 2395 1330 2448 τῶν
1381 2395 1682 2467 θεαμάτων,
1734 2395 1921 2456 αύταῖς

282 2507 344 2561 γε
388 2490 507 2546 ταῖς
558 2483 850 2543 Πλάτωνος
903 2483 1199 2557 ἀκηράτοις
1245 2483 1470 2545 ἐννοίαις
1527 2484 1587 2538 οὐ
1645 2485 1780 2539 κατᾶ
1826 2487 1921 2546 τὰς

282 2574 535 2642 συνήθεις
572 2576 681 2626 τῶν
709 2569 936 2626 πολλῶν
980 2570 1295 2649 φιλοσόφων
1345 2567 1608 2631 ἐπιϐολὰς
1652 2572 1920 2650 ἐνεφύετο,

291 2661 424 2735 μετᾶ
472 2658 528 2715 δέ
568 2681 627 2737 γε
672 2660 936 2715 Πλάτωνα
983 2659 1072 2714 καὶ
1117 2665 1236 2721 ταῖς
1285 2661 1618 2732 θαυμασταῖς
1670 2657 1919 2735 Ἰαμϐλί-

286 2770 394 2826 χου
423 2750 740 2825 περινοίαις.
773 2750 896 2806 ’Ότι
930 2749 1029 2803 οὐκ
1059 2747 1280 2824 ὀλίγους
1320 2755 1426 2804 τῶν
1469 2748 1919 2828 φιλοσοφούντων

286 2843 500 2911 ὁρῶμεν
555 2840 643 2894 καὶ
697 2838 986 2910 ἀκούομεν,
1048 2837 1174 2899 τοὺς
1239 2839 1332 2911 μὲν
1393 2833 1595 2894 ἄϐατον
1655 2839 1788 2894 εἶναι
1828 2843 1919 2895 τὸν

286 2933 297 2951 ,
345 2931 357 2948 ν
412 2926 442 2952 ρ
678 2930 691 2950 ν
1071 2928 1083 2944 ε
1181 2925 1223 2948 M
1323 2931 1336 2953 ,
1397 2927 1444 2946 on
1876 2932 1887 2954 ι

303 2928 609 3005 Ιαμολιχον
643 2929 953 3002 οιομένους,
1002 2950 1130 2990 τους
1177 2947 1232 2982 οε
1279 2931 1497 2986 αυθαοει
1545 2930 1923 3006 μεγαληγοριᾳ

280 3020 465 3094 λόγων
492 3022 554 3075 τὸ
584 3019 752 3076 πλέον
794 3019 829 3088 ἢ
876 3018 1105 3090 ἀληθείᾳ
1152 3020 1488 3096 πραγμάτων
1540 3020 1918 3096 ἐπαιρόμενον,

277 3113 599 3183 Ῥητορικῆς
682 3111 768 3164 καὶ
851 3115 1148 3178 ποιητικῆς
1232 3108 1579 3180 πολυμαθίας
1640 3114 1680 3148 ¹¹
1753 3112 1920 3187 μικρὰ

273 3199 475 3273 ἥψατο,
523 3197 599 3260 εἷς
651 3195 709 3252 δὲ
753 3198 852 3265 τὴν
911 3196 1185 3271 θειοτέραν
1245 3197 1570 3273 φιλοσοφίαν
1639 3199 1922 3273 ἐξώρμησε

274 3290 378 3357 τὴν
437 3286 870 3364 Ἀριστοτέλους·
927 3288 1102 3360 Ὁρῶν
1150 3283 1204 3341 δὲ
1252 3285 1454 3357 ταύτην
1505 3293 1581 3360 τῷ
1649 3290 1922 3364 ἀναγκαίῳ

287 3377 502 3452 μᾶλλον
629 3380 708 3448 τῷ
757 3376 942 3449 οίκείῳ
988 3381 1066 3449 νῷ
1113 3375 1489 3442 πιστεύουσαν,
1540 3381 1627 3432 καί
1668 3382 1923 3454 τεχνικὴν

293 3469 390 3542 μὶν
419 3469 620 3529 ἱκανῶς
657 3467 791 3522 εἶναι
833 3463 1256 3536 σπουδάζουσαν,
1289 3466 1352 3520 τὸ
1384 3463 1441 3519 δέ
1491 3463 1668 3522 ἔνθεον
1721 3467 1755 3538 ἢ
1805 3491 1926 3524 νοε-

293 3558 387 3634 ρὸν
435 3556 497 3611 ού
554 3556 689 3612 πάνυ
736 3551 1220 3631 προϐαλλομένην,
1271 3553 1459 3632 ὀλίγον
1503 3557 1593 3610 καὶ
1641 3558 1840 3628 ταύτης
1901 3561 1928 3614 ὁ

285 3645 564 3721 Ἰσίδωρος
621 3647 924 3714 ἐποιήσατο
979 3644 1162 3720 λόγον.
1224 3649 1311 3704 Ὡς
1371 3641 1427 3699 δὲ
1481 3650 1588 3700 τῶν
1636 3645 1928 3710 Πλάτωνος

281 3735 542 3809 ἐγεύσατο
572 3735 886 3808 νοημάτων,
931 3732 1113 3788 οὐκέτι
1143 3731 1456 3787 παπταίνειν
1485 3735 1643 3804 ἠξίου
1683 3737 1927 3810 πόρσιον,

280 3825 362 3886 ὡς
393 3822 493 3901 ἔφη
529 3821 812 3898 Πίνδαρος,
847 3820 993 3877 ἀλλὰ
1020 3821 1178 3884 τέλος
1219 3818 1366 3896 ἔχειν
1417 3821 1671 3891 ἤλπιζεν,
1727 3823 1770 3878 εἰ
1831 3831 1930 3894 τῆς

286 3910 588 3977 Πλάτωνος
639 3910 880 3974 διανοίας
914 3909 1044 3966 εἶ’σω
1090 3916 1198 3966 τῶν
1247 3907 1457 3965 ἀδύτων
1510 3908 1764 3982 δυνηθείη
1819 3910 1933 3968 δια-

281 3998 496 4068 ϐαλεῖν,
537 4003 623 4057 καὶ
659 4003 794 4076 πρὸς
825 4005 989 4056 τοῦτο
1022 4001 1069 4036 η
1106 4001 1134 4055 ὁ
1166 4005 1270 4059 πᾶς
1301 3999 1448 4071 αύτῷ
1479 3997 1685 4072 δρόμος
1716 3999 1932 4057 ἐτέτατο

278 4098 384 4160 τῆς
430 4087 693 4159 σπουδῆς.
748 4093 870 4145 Ὅτι
918 4094 1026 4143 τῶν
1086 4089 1180 4160 μὲν
1235 4087 1545 4144 παλαίτατα
1629 4089 1932 4167 φιλοσοφη-

282 4181 494 4236 σάντων
553 4181 868 4255 Πυθαγόραν
921 4179 1009 4232 mi
1067 4177 1331 4232 Πλάτωνα
1390 4179 1610 4247 θειάζει,
1678 4180 1768 4232 καὶ
1827 4184 1932 4234 τῶν

276 4271 670 4345 ἐπτερωμένων
730 4273 774 4306 ¹³
830 4267 1049 4323 ἐκείνων
1116 4271 1310 4341 ψυχῶν
1367 4266 1524 4335 εἶναι,
1587 4268 1641 4321 αἳ
1703 4269 1779 4328 εἰς
1839 4269 1932 4322 τὸν

281 4359 670 4435 ὑπερουράνιον
711 4360 902 4428 τόπον,
935 4357 1010 4419 εἰς
1040 4357 1102 4411 τὸ
1134 4353 1319 4411 πεδίον
1369 4358 1469 4423 τῆς
1518 4354 1802 4426 ἀληθείας,
1854 4358 1928 4421 εἰς

281 4449 378 4504 τὸν
408 4445 652 4521 λειμῶνα
695 4452 800 4503 τῶν
849 4447 1005 4502 θείων
1049 4445 1302 4519 νέμονται
1348 4441 1525 4515 εἰδῶν,
1586 4451 1694 4500 τῶν
1739 4449 1930 4501 νεωστὶ

287 4535 350 4592 δὲ
389 4536 698 4612 Πορφύριον
729 4536 816 4591 καὶ
851 4530 1183 4610 Ἰάμϐλιχον
1213 4533 1303 4589 καὶ
1338 4534 1598 4601 Σύριανὸν
1651 4536 1740 4589 καὶ
1794 4536 1934 4610 Πρό-

283 4624 420 4681 κλον
453 4646 464 4658 ·
499 4626 588 4680 καὶ
619 4625 826 4687 ἄλλους
860 4622 916 4680 δὲ
946 4624 999 4679 ἐν
1047 4625 1194 4697 μέσῳ
1231 4627 1327 4678 τοῦ
1377 4618 1579 4698 χοὸνου
1631 4622 1804 4679 πολὺν
1840 4627 1935 4694 θηο

287 4715 487 4788 σαυρὸν
535 4712 790 4785 συλλέξαι
842 4717 970 4788 [550
1025 4716 1114 4786 H.]
1160 4713 1307 4788 λέγει
1357 4711 1669 4784 ἐπιστήμης
1709 4716 1931 4789 θεοπρεο

286 4807 445 4864 ποῦς.
496 4803 632 4865 Τοὺς
686 4801 869 4876 μέντοι
919 4803 1087 4874 θνητὰ
1135 4801 1225 4856 καὶ
1257 4801 1566 4873 ἀνθρώπινα
1598 4802 1934 4879 ιριλοπονου⁴

289 4893 482 4966 μένους
540 4894 702 4966 [1036
742 4893 834 4965 Β.]
891 4893 926 4962 ἢ
985 4889 1260 4953 συνιέντας
1309 4891 1472 4961 ὀξέως
1526 4889 1560 4960 ἢ
1609 4891 1935 4968 φιλομαθεῖς

2023 526 2256 577 acutam
2290 523 2680 595 solertemque
2718 527 2938 599 ingenii
2971 529 3325 601 facultatem,
3351 550 3479 605 qua:
3508 535 3668 591 brevi

2026 611 2095 665 ad
2134 611 2313 667 multa
2346 613 2479 670 ferri
2521 617 2721 686 possit,
2775 619 3274 690 promptissimam
3333 624 3402 678 ad
3455 624 3670 679 intelli-

2026 702 2281 771 gendum
2316 711 2370 757 et
2408 706 2877 774 cognoscendum
2911 709 3146 777 vestigia
3177 726 3371 766 rerum
3406 729 3668 784 quaeren-

2028 790 2258 855 darum,
2294 809 2422 863 quae
2451 809 2602 859 vera,
2630 811 2758 865 quae
2790 795 2936 851 falsa
2954 799 3023 852 ad
3059 797 3497 868 adipiscendum
3526 801 3670 858 sint:

2026 893 2056 931 e
2088 880 2277 935 tribus
2330 882 2418 935 bis
2474 881 2692 938 laboris
2741 901 2906 940 amor
2953 886 3282 944 indefessus
3326 891 3530 961 oritur,
3557 907 3671 947 non

2029 969 2373 1037 permittens
2423 972 2679 1026 animum
2723 975 3042 1044 quiescere,
3071 977 3256 1032 donec
3297 979 3367 1033 ad
3421 979 3674 1035 investi-

2027 1058 2201 1127 gandi
2233 1057 2404 1114 ﬁnem
2446 1061 2690 1128 venerit,
2715 1064 2814 1134 qui
2861 1071 2951 1120 est
2980 1066 3243 1124 veritatis
3289 1068 3544 1126 inventio
3574 1070 3672 1143 (3).

2099 1144 2404 1201 Solertiam
2421 1154 2478 1202 et
2493 1150 2871 1206 acrimoniam
2894 1151 3152 1210 Isidorus
3171 1155 3314 1211 dixit
3334 1157 3675 1229 esseimagi-

2029 1233 2326 1288 nationem
2347 1251 2457 1290 non
2485 1236 2648 1292 facile
2669 1237 3164 1314 mobilem,neque
3185 1243 3487 1314 ingenium
3510 1245 3675 1301 facile

2028 1321 2332 1392 Opinionee
2380 1326 2854 1398 comminiscens,
2889 1346 3074 1402 neque
3105 1332 3314 1401 solam,
3350 1339 3414 1390 ut
3461 1333 3674 1406 aliquis

2030 1411 2265 1481 putarit,
2326 1413 2780 1485 intelligentiam
2830 1416 3166 1489 volubilem,
3224 1426 3282 1477 et
3337 1422 3672 1496 gignentem

2028 1501 2349 1557 veritatem.
2382 1502 2579 1575 Neque
2609 1505 2765 1561 enim
2799 1506 2906 1563 has
2933 1525 3062 1565 esse
3100 1527 3333 1580 causas,
3359 1513 3459 1568 sed
3493 1513 3563 1568 ad
3589 1513 3675 1567 in-

2027 1589 2410 1663 telligendum
2444 1610 2630 1651 causa:
2672 1598 2919 1653 servire:
2955 1599 3218 1656 divinum
3253 1616 3387 1657 vero
3418 1617 3545 1658 esse
3576 1601 3677 1657 in—

2029 1679 2536 1750 stinctum,sedate
2565 1686 2922 1756 aperientem
2941 1692 3000 1744 et
3031 1696 3439 1760 repurgantem
3466 1691 3674 1746 animis

2027 1770 2248 1837 oculos,
2308 1777 2364 1827 et
2420 1773 2770 1846 intelligibili
2834 1775 3055 1833 lumine
3130 1778 3543 1850 illustrantem,
3601 1780 3672 1835 ad

2030 1872 2225 1912 verum
2263 1859 2591 1932 falsumque
2633 1866 2688 1917 et
2736 1863 3046 1920 videndum
3092 1870 3149 1920 et
3178 1867 3673 1938 cognoscendum.

2034 1946 2250 2001 Bonam
2285 1949 2760 2006 constitutionem
2798 1952 2919 2024 ipse
2961 1954 3292 2026 appellavit,
3325 1954 3675 2026 nullumque

2033 2036 2159 2091 sine
2189 2053 2256 2091 ea
2295 2053 2421 2094 esse
2477 2040 2963 2112 emolumentum,
3006 2059 3194 2115 neque
3241 2043 3541 2100 oculorum
3583 2061 3677 2100 sa-

2034 2144 2242 2182 norum
2276 2129 2649 2185 commodum
2705 2132 2833 2186 sine
2882 2132 3098 2188 caelesti
3140 2133 3363 2189 lumine
3407 2133 3676 2189 asseruit.

2031 2215 2419 2286 Speculationi
2444 2224 2644 2289 aptum
2660 2219 2925 2274 animum
2953 2220 3203 2276 habebat
3228 2220 3402 2277 simul
3425 2224 3483 2278 et
3505 2219 3676 2277 rebus

2032 2306 2321 2374 gerendis,
2355 2322 2468 2361 non
2502 2307 2692 2362 8871)
2743 2309 2814 2364 ad
2850 2308 2968 2364 haec
2998 2309 3271 2365 inferiora
3301 2308 3672 2376 inclinatum,

2033 2395 2131 2450 sed
2167 2395 2361 2450 statim
2396 2412 2458 2450 se
2496 2396 2814 2454 elevantem
2847 2397 3020 2454 etiam
3057 2416 3227 2469 parva
3265 2399 3570 2455 occasione
3601 2399 3672 2453 ad

2033 2482 3244 2556 praestantissimusillascontemplationes.
3268 2486 3531 2558 Ipsisque
3545 2485 3676 2540 Pla-

2034 2570 2182 2626 tonis
2208 2574 2476 2640 perfectis
2503 2573 2839 2629 notionibus
2872 2591 2984 2629 non
3009 2575 3332 2631 secundum
3370 2578 3677 2630 consuetos

2031 2659 2278 2716 aliorum
2306 2660 2784 2731 philosophorum
2810 2666 3054 2718 conatus
3076 2663 3471 2719 inhaesit.Post
3488 2662 3679 2718 Plato-

2032 2765 2162 2804 nem
2175 2765 2308 2803 vero
2322 2749 2496 2804 etiam
2511 2749 2824 2805 Jamblicbi
2841 2751 3206 2806 mirabilibus
3219 2768 3345 2808 com
3357 2750 3687 2807 mentis.Vi-

2031 2839 2237 2892 demus
2271 2837 2486 2892 multos
2520 2837 2999 2910 pbiIUSOpborum
3029 2845 3086 2895 et
3107 2840 3524 2907 audimus,hos
3546 2839 3680 2910 qui-

2032 2927 2160 2982 dem
2187 2925 3178 2998 putantesJamblicbumintellectu
3205 2927 3501 2984 difficilem
3527 2943 3678 2994 esse,

2034 3015 2162 3070 illos
2183 3031 2314 3069 vero
2341 3015 2495 3069 hunc
2535 3017 2788 3086 superba
2822 3016 3332 3088 grandiloquentia
3361 3017 3672 3074 verborum

2034 3105 2220 3174 magis
2242 3120 2414 3175 quam
2430 3120 2622 3160 rerum
2644 3105 2884 3160 veritate
2902 3122 2961 3160 se
2974 3106 3674 3163 eti'erentem.Rbetoricas

2035 3195 2404 3266 poeticasque
2433 3199 2589 3248 artes
2621 3210 2827 3264 parum
2868 3195 3080 3267 attigit,
3103 3196 3198 3249 sed
3225 3196 3295 3250 ad
3319 3196 3670 3251 sanctiorem

2036 3283 2360 3339 Aristotelis
2408 3283 2832 3355 philosOphiam
2892 3300 2954 3339 se
3009 3285 3312 3349 convertit,
3352 3285 3676 3356 vidensque

2034 3373 2194 3428 illam
2254 3372 2599 3427 necessariis
2658 3371 3206 3428 ratiocinationibus
3263 3373 3450 3444 magis
3499 3389 3673 3443 quam

2039 3460 2272 3533 proprio
2304 3461 2501 3515 sensui
2543 3461 2798 3528 credere,
2824 3465 2881 3516 et
2911 3466 2976 3516 ut
3030 3461 3124 3517 via
3169 3478 3233 3517 ac
3292 3463 3517 3517 ratione
3549 3479 3679 3534 pro-

2038 3553 2227 3618 cedat,
2259 3551 2472 3606 divinis
2493 3555 2684 3605 autem
2709 3550 3235 3621 imaginationibus
3258 3566 3370 3606 non
3393 3551 3536 3606 adeo
3568 3551 3678 3620 uti,

2040 3656 2236 3712 parum
2271 3640 2446 3694 etiam
2480 3640 2551 3694 de
2583 3639 2688 3692 hac
2710 3639 2998 3693 sollicitus
3030 3640 3175 3692 fuit:
3214 3639 3306 3693 ubi
3340 3645 3533 3694 autem
3559 3638 3683 3692 Pla-

2040 3727 2197 3782 tonis
2227 3727 2550 3781 sententias
2592 3725 2866 3796 gustavit,
2901 3742 3014 3780 non
3043 3726 3166 3792 jam
3200 3725 3480 3796 aspicere,
3514 3729 3576 3779 ut
3603 3725 3684 3778 ait

2039 3817 2328 3871 Pindarus
2361 3816 2460 3883 (4),
2483 3815 2758 3883 dignatus
2780 3820 2870 3867 est
2891 3813 3151 3868 ulterius.
3186 3814 3294 3868 Sed
3329 3814 3504 3868 ﬁnem
3536 3829 3683 3868 con-

2041 3910 2380 3960 secuturum
2431 3903 2700 3973 speravit,
2756 3904 2804 3956 si
2854 3901 2911 3955 in
2968 3901 3224 3957 Platonis
3255 3902 3683 3957 sententiarum

2043 3996 2214 4066 adyta
2256 3999 2561 4064 penetrare
2595 3992 2895 4062 potuisset,
2929 4001 2982 4047 et
3025 4007 3091 4046 eo
3125 4007 3298 4046 omne
3345 4007 3520 4046 suum
3555 3996 3688 4046 stu-

2043 4084 2225 4147 dium,
2259 4083 2664 4152 impetumque
2697 4079 3467 4150 convertit.Antiquissimos
3493 4079 3686 4149 philo-

2042 4172 2259 4244 sophos
2289 4170 2672 4241 Pythagoram
2705 4177 2758 4223 et
2789 4167 3088 4225 Platonem
3122 4174 3185 4224 ut
3233 4167 3373 4224 deos
3403 4168 3600 4234 coluit,
3632 4173 3689 4225 et

2042 4277 2235 4320 eorum
2295 4259 2525 4314 animas
2569 4259 2777 4322 elatas,
2818 4274 2964 4328 quas
3021 4258 3080 4314 in
3139 4256 3331 4313 locum
3390 4273 3686 4328 superem-

2041 4352 2270 4417 lestem,
2292 4349 2471 4420 inque
2501 4363 2775 4418 campum
2808 4346 3158 4414 veritatis,et
3183 4351 3415 4417 pratum
3439 4346 3691 4402 elevatae

2043 4440 2255 4497 divinis
2288 4437 2506 4509 putavit
2535 4436 2682 4492 ideis
2731 4437 2908 4508 pasci.
2954 4436 3034 4492 De
3083 4436 3507 4492 recentioribus
3555 4452 3692 4492 vero

2049 4531 2459 4604 Porphyrium,
2493 4527 2912 4596 Jamblicbum,
2946 4526 3275 4597 Syrianum,
3309 4526 3606 4593 Proclum,
3640 4536 3696 4583 et

2047 4620 2190 4676 alios
2229 4619 2429 4674 media:
2461 4617 2674 4682 aetatis,
2707 4632 2985 4688 magnum
3020 4616 3357 4672 thesaurum
3390 4615 3694 4688 collegisse

2047 4711 2260 4766 divinae
2307 4709 2558 4763 scientiae
2594 4705 2757 4761 dicit.
2818 4708 2927 4760 Eos
2985 4710 3178 4760 autem
3216 4705 3315 4777 qui
3363 4705 3419 4759 in
3455 4703 3695 4760 caducis

2049 4806 2105 4858 et
2155 4797 2432 4854 humanis
2483 4796 2698 4851 studiis
2729 4795 2980 4851 libenter
3021 4800 3402 4865 occupantur,
3451 4792 3542 4849 vel
3593 4792 3697 4864 qui

2048 4889 2370 4959 intelligere
2401 4890 2570 4943 acute
2589 4900 2655 4940 ac
2687 4885 2836 4941 scire
2855 4885 3042 4940 multa
3064 4883 3287 4948 volunt,
3319 4898 3432 4938 non
3459 4896 3695 4952 magno-

1656 4991 1896 5049 VARl/E
1937 4987 2332 5049 LECTIONES

355 5089 376 5124 ⁴
401 5089 576 5159 ὀξεῖαν
609 5086 663 5144 δὲ
694 5088 781 5144 καὶ
816 5089 1026 5162 Suidas
1059 5106 1110 5144 ν.
1154 5087 1458 5162 Ἀγχίνοια.
1497 5090 1569 5145 cf.
1603 5089 1779 5145 idem.
1818 5107 1866 5143 ν.
1903 5093 2083 5162 Ἔρως
2116 5094 2174 5143 et
2203 5087 2466 5162 Στοιχεῖα
2506 5079 2697 5162 ἀρχαί.
2777 5081 2798 5115 ⁵
2844 5101 2904 5162 τε
2952 5084 2995 5162 A_

3262 5078 3322 5102 1-

3053 5097 3065 5135 :
3111 5081 3211 5133 τοῦ
3419 5077 3454 5152 ⁸,
3483 5075 3700 5152 τρίτων]

277 5150 490 5217 τούτων
538 5167 600 5217 Β.
677 5162 698 5195 ⁷
735 5161 1083 5240 κατακωχῆνὶ
1117 5164 1197 5240 Α..
1236 5150 1483 5234 κατοχὴν
1516 5166 1578 5240 _B
1614 5179 1626 5215 :
1659 5150 2084 5240 xaraxpixﬁv_g
2117 5150 2467 5240 οηωὲύξόέ
2488 5150 2935 5240 νξξίατρικιιιιςχνε.ν
2976 5153 2996 5187 ⁸
3018 5150 3336 5240 Δἅποξξαιθίᾼ
3354 5155 3411 5206 et
3432 5150 3690 5240 Snui'daeni

275 5234 506 5308 ὑοπκαθ.
551 5233 640 5308 ςέ
710 5221 1100 5308 Ἀγγγμνιιιὸρῖἇιν]Δ
1143 5231 1330 5308 νόησιν
1375 5221 1605 5308 ξυὶόᾶθ
1658 5250 1711 5288 ν.
1775 5221 2070 5308 Εύμόίρίοῖ.
2151 5231 2196 5266 ¹⁰
2250 5223 2588 5300 ὑψηλόνουν]
2628 5221 2840 5297 tanta}
2877 5221 2966 5277 οὖν
3000 5229 3065 5279 Α.
3147 5225 3182 5259 ¹¹
3227 5221 3598 5296 πολυμαθείας
3631 5225 3694 5278 Β.

279 5308 327 5344 ι’
364 5304 547 5378 τούτῳ
566 5302 660 5379 ’ς.
741 5302 1240 5378 1ίίίιτττὶιριιυμένων]
1273 5304 1344 5361 of.
1380 5304 1560 5374 Toup.
1594 5321 1656 5373 ιι,
1693 5321 1747 5376 p.
1785 5302 1907 5362 118.

1868 5401 2100 5458 NOT/E.

354 5504 431 5577 (3)
461 5502 670 5577 Suidas
699 5503 957 5577 dictione
986 5498 1275 5576 ἀγχίνοος,
1298 5505 1354 5558 et
1371 5500 1545 5560 Henr.
1571 5501 1936 5574 Steph.The-

281 5573 392 5635 εει]
405 5573 506 5631 rus
539 5577 595 5632 in
628 5573 981 5645 ἐπιστριφής.

362 5649 442 5718 (1)
471 5647 594 5703 Oda
628 5647 657 5705 4
715 5633 955 5720 Οῑῂπίῇξ
997 5645 1192 5727 μηκέτι
1242 5645 1506 5697 πάπταινε
1562 5649 1814 5717 πόρσιον.
1867 5647 1940 5705 Ne

614 5749 880 5816 Parant.
925 5739 1040 5812 Gn.
1085 5745 1240 5813 CIII.

2049 5499 2286 5569 amplius
2305 5494 2940 5573 circumspice‘l‘ongius.
2951 5493 3141 5573 Utitur
3173 5497 3230 5548 et
3251 5492 3374 5573 Oda
3389 5492 3423 5548 3
3442 5495 3702 5573 extrema

2049 5563 2424 5642 eti'anythi‘is
2445 5563 2558 5642 pdti
2587 5567 2639 5620 3.
2663 5567 2850 5642 ἶᾯστις
2890 5566 3170 5639 αἰσχήνων
3203 5575 3302 5622 etc.
3321 5569 3384 5621 ut
3413 5563 3704 5637 proverbii

2051 5638 2306 5718 speciem
2338 5639 2600 5699 obtinere
2631 5638 2914 5696 videatur.
2986 5638 3019 5639 ”
3301 5721 3378 5800 ὼ
