4090 6422
507 277 662 339 1259

1703 279 1967 340 ΡΗΟΤΙΙ
2013 279 2546 342 ΡΑΤΒΙΑΒΟΗᾸΞ
2590 282 2707 342 CP.

3719 295 3836 358 1860

500 428 636 484 pere
664 413 926 470 conferre
956 414 1027 468 ad
1050 412 1365 468 sublimem
1388 428 1454 470 ac
1484 412 1741 470 divinam
1774 413 2129 486 sapientiam

2259 413 2388 469 εἶναι
2450 413 2820 490 βουλομένους
2877 415 3028 472 οὐδὲν
3101 417 3244 494 μέγα
3297 420 3502 476 ἀνύτειν
3545 425 3589 460 ¹⁴
3645 425 3712 489 εἷς
3761 433 3836 500 τήν

497 503 895 574 Antiquorum
919 502 1074 558 enim
1128 502 1492 558 Aristotelem
1541 507 1597 559 et
1628 503 2019 576 Chrysippum
2062 503 2148 558 in-

497 591 937 666 geniosissimos
968 596 1024 646 et
1054 591 1320 648 discendi
1352 592 1788 663 cupidissimos,
1811 593 1948 664 quin
1973 593 2144 648 etiam

497 682 838 749 laboriosos,
872 696 977 736 nec
998 686 1196 736 tamen
1229 681 1470 736 omnino
1503 683 1572 736 ad
1607 698 1903 737 summum
1938 697 2141 736 ascen-

497 771 1025 828 disse.Recentium
1058 787 1192 826 vero
1224 770 1568 839 Hieroclem,
1593 776 1649 826 et
1679 771 1925 838 similes,
1959 772 2142 826 scien-

494 864 592 918 tiis
618 860 892 917 humanis
925 860 1073 916 nulli
1104 861 1340 932 quidem
1377 861 1557 916 fuisse
1589 861 1914 929 inferiores,
1947 864 2045 916 sed
2080 861 2140 918 in

491 955 698 1012 divinis
749 955 1084 1010 notionibus
1130 969 1245 1010 non
1298 955 1614 1009 admodum
1664 954 1842 1008 fuisse
1887 962 2140 1009 versatos

491 1046 692 1100 tradit.
727 1044 1033 1099 Librorum
1080 1058 1308 1114 capiam
1361 1041 1753 1113 reprehendit,
1787 1059 1912 1113 quae
1945 1042 2139 1114 potius

492 1135 810 1192 multarum
869 1134 1233 1206 opinionum.
1300 1149 1474 1205 quam
1526 1134 1926 1204 cognitionum
1960 1150 2139 1189 causa

490 1232 590 1280 est.
626 1223 749 1280 Uno
781 1239 912 1278 vero
931 1223 1053 1278 solo
1087 1230 1433 1293 praeceptore
1455 1222 1854 1292 acquiescens,
1889 1222 1960 1276 ad
1981 1223 2137 1278 hunc

490 1330 673 1369 unum
697 1312 890 1368 338a
942 1313 1199 1382 seipsum
1232 1310 1571 1381 etﬁngebat,
1605 1310 1768 1365 illius
1802 1297 2013 1366 dictata
2041 1329 2136 1367 ex-

488 1404 818 1460 scribendo.
854 1401 1179 1468 Praesentia,
1215 1408 1274 1454 ut
1314 1409 1568 1470 apparet,
1601 1400 1720 1454 haec
1748 1417 1861 1456 non
1897 1402 2134 1469 amavit,

489 1509 594 1549 nec
650 1496 868 1548 statuas
915 1491 1159 1546 adorare
1216 1489 1484 1544 volebat:
1543 1490 1643 1544 sed
1668 1489 1793 1560 jam
1854 1491 1920 1544 ad
1978 1491 2136 1561 ipsos

486 1582 734 1639 accessit
763 1581 902 1638 deos
951 1580 1111 1636 intus
1152 1579 1422 1644 latentes,
1457 1593 1570 1633 non
1622 1578 1681 1632 in
1719 1579 1910 1648 adyto,
1942 1579 2042 1634 sed
2076 1579 2134 1634 in

484 1689 692 1728 arcano
723 1670 841 1737 sui,
873 1670 1028 1743 quod
1049 1669 1364 1740 aliquando
1388 1684 1628 1723 summa
1653 1672 1742 1722 est
1773 1669 2132 1740 ignorantiae.

2259 506 2529 578 θεοπρεπῆ
2593 504 2683 559 καὶ
2737 506 2984 584 μεγάλην
3051 509 3269 587 σοφίαν.
3322 514 3441 565 Τῶν
3489 513 3587 587 γὰρ
3637 516 3835 573 παλαιῶν

2259 594 2614 667 Ἀριστοτέλη
2674 597 2762 650 καὶ
2840 596 3166 670 Χρύσιππον
3225 599 3605 674 εὐφυεστάτους
3665 610 3840 679 γενομέ·

2251 703 2397 752 νους,
2452 682 2596 738 ἀλλά
2645 687 2734 738 καὶ
2786 683 3294 762 φιλομαθεστατους
3341 692 3638 765 γεγονότας,
3688 694 3753 750 ἔτι
3797 695 3834 752 δὲ

2251 771 2338 826 καὶ
2388 773 2747 848 φιλοπόνους,
2802 773 2901 828 οὐκ
2942 769 3207 845 ἀναϐῆναι
3259 778 3415 849 ὅμως
3461 781 3554 850 τήν
3591 781 3834 854 amavi.

2251 858 2427 921 ϐασιν,
2497 866 2621 921 Τῶν
2679 863 2736 919 δὲ
2791 867 3065 941 νεωτέρων
3127 868 3399 942 Ἱεροκλέα
3453 892 3510 926 τε
3562 876 3649 928 καὶ
3698 875 3742 931 εί
3774 899 3834 938 τις

2251 951 2463 1025 ὅμοιος,
2511 950 2661 1007 οὐδὲν
2713 954 2808 1027 μὲν
2857 953 3212 1020 ἐλλείποντας
3263 958 3339 1019 είς
3395 962 3492 1028 τὴν
3550 963 3832 1039 ἀνθρωπίνην

2249 1045 2618 1114 παρασκευήν,
2663 1049 2771 1098 τῶν
2819 1042 2876 1099 δὲ
2929 1048 3212 1119 μακαρίων
3269 1050 3558 1123 νοημάτων
3621 1054 3831 1130 πολλαγῆ

2248 1130 2475 1186 πολλῶν
2530 1130 2726 1196 ἐνδεεῖς
2771 1133 3094 1208 γενομένους
3145 1137 3333 1214 φησίν.
3395 1142 3519 1198 *Ότι
3573 1144 3657 1198 καὶ
3686 1145 3724 1182 ¹⁵
3759 1130 3834 1199 τῶν

2251 1216 2481 1294 βιϐλίων
2538 1222 2628 1275 τὸν
2677 1220 2881 1295 ὅμαδον
2942 1232 3260 1298 παρῃτεῖτο,
3303 1226 3628 1301 πολυδοξίας
3671 1234 3836 1304 μᾶλλον

2249 1309 2422 1364 αίίτιον
2453 1306 2582 1365 ὄντα
2611 1311 2646 1380 ἢ
2681 1311 2994 1376 πολυνοίας.
3031 1316 3142 1370 Ἑνὶ
3187 1313 3245 1371 δὲ
3277 1319 3430 1390 μόνῳ
3474 1323 3552 1392 τῷ
3581 1318 3834 1394 διδασκάλῳ

2246 1395 2719 1470 ἐπαναπαυόμενος
2769 1400 2905 1473 πρὸς
2959 1400 3121 1472 μόνον
3173 1401 3376 1458 ἐκεῖνον
3439 1405 3697 1462 ἀπετύπου
3745 1409 3835 1464 ἑαυ-

2243 1485 2360 1555 τὸν,
2390 1488 2456 1541 τά
2481 1489 2609 1561 παρ’
2661 1487 2826 1542 αὐτοῦ
2868 1488 3134 1566 λεγόμενα
3168 1493 3213 1530 ιδ
3256 1493 3712 1572 ἀπογραφόμενος.
3753 1503 3834 1565 AF,-

2247 1575 2342 1637 λος
2367 1573 2412 1629 δ’
2443 1577 2510 1645 ἧν
2545 1578 2647 1632 οὐκ
2680 1577 2898 1653 ἀγαπῶν
2939 1580 3006 1634 τὰ
3038 1577 3282 1656 παρόντα
3322 1583 3447 1638 οὕτε
3494 1585 3563 1640 τὰ
3601 1585 3836 1660 ἀγάλματα

2243 1670 2561 1737 προσκυνεῖν
2596 1666 2820 1738 ἐθέλων,
2855 1667 3002 1723 ἀλλά
3031 1667 3140 1739 ἤδη
3185 1671 3266 1726 ἐπ’
3317 1671 3512 1736 αὐτοὺς
3559 1674 3677 1736 τοὺς
3719 1675 3834 1738 θεοὺς

484 1762 607 1828 Qua
659 1742 904 1816 ratione,
933 1758 1110 1830 igitur
1150 1757 1218 1812 ad
1253 1773 1372 1824 eos,
1403 1772 1530 1812 cum
1565 1756 1644 1810 sic
1689 1763 1904 1821 essent,
1937 1757 2129 1812 adiit?

2243 1754 2456 1825 ἱέμενος
2489 1753 2619 1810 εἶ’σω
2658 1758 3089 1830 κρυπτομένους,
3131 1762 3230 1814 οὐκ
3275 1760 3326 1815 ἐν
3374 1759 3611 1830 ἀδύτοις,
3656 1762 3762 1819 ἀλλ’
3799 1765 3834 1820 ἐν

482 1849 811 1906 vehementi
843 1863 1251 1919 amore,eoque
1271 1846 1592 1900 latente.Et
1622 1847 1756 1916 quis
1784 1847 1936 1900 alius
1967 1863 2131 1901 amor

484 1941 596 1996 nisi
633 1938 941 1996 occultus?
973 1944 1031 1993 et
1067 1951 1378 2008 quemnam
1431 1936 1594 1990 hunc
1624 1935 1898 2002 dicimus,
1931 1936 2131 1991 sciunt

483 2029 583 2101 qui
615 2027 836 2100 experti
869 2035 1040 2083 sunt:
1077 2026 1266 2081 dicere
1299 2033 1490 2079 autem
1546 2040 1659 2079 non
1696 2040 2028 2094 possumus,
2062 2040 2128 2080 ac

485 2135 556 2174 ne
591 2120 845 2189 cogitare
894 2117 1154 2187 quidem.
1215 2114 1434 2170 Dixerit
1481 2115 1773 2184 quispiam
1814 2113 1977 2168 illum
2013 2130 2127 2169 non

484 2207 678 2271 verba,
709 2207 804 2260 sed
831 2221 1024 2260 rerum
1045 2204 1235 2260 dicere
1266 2203 1646 2258 substantias.
1686 2204 2129 2272 Promptissime

486 2295 816 2352 inveniebat
849 2295 920 2351 de
957 2294 1171 2365 quibus
1196 2293 1320 2363 ipse
1352 2291 1660 2346 dubitabat
1689 2292 1845 2361 apud
1874 2292 2039 2359 alios,
2073 2297 2129 2348 et

486 2386 558 2442 de
587 2385 796 2457 quibus
826 2382 924 2438 alii
955 2383 1110 2454 apud
1143 2382 1333 2452 ipsum
1367 2381 1795 2452 disceptabant,
1829 2398 1941 2435 non
1976 2381 2127 2436 mul-

485 2481 679 2533 tarum
713 2473 950 2545 quidem
979 2488 1174 2526 rerum
1209 2472 1557 2540 cognitione,
1593 2476 1650 2525 et
1679 2472 1997 2525 alienarum
2031 2471 2129 2527 do-

484 2565 806 2623 ctrinarum
838 2563 1084 2619 scientia
1107 2561 1407 2615 obruendo
1440 2562 1764 2627 veritatem,
1796 2559 2130 2616 dubitantes

485 2662 680 2712 autem
736 2652 1114 2718 confutando,
1163 2650 1261 2705 sed
1315 2648 1653 2704 excellentis
1701 2649 1917 2719 ingenii
1957 2648 2033 2718 vi,
2065 2665 2131 2705 ac

484 2744 655 2818 plane
685 2743 918 2810 divina;
949 2747 1006 2796 et
1035 2741 1330 2796 immenso
1351 2737 1642 2794 desiderio
1672 2739 1866 2792 divina
1898 2755 2128 2810 perves-

481 2832 708 2906 tigandi
759 2833 1064 2887 veritatem
1114 2833 1493 2898 compertam,
1527 2826 1863 2880 vaticinanti
1916 2826 2129 2881 similis

481 2928 624 2979 erat.
675 2922 900 2977 Poterat
950 2919 1275 2991 perspicere
1326 2915 1466 2988 quid
1518 2916 1884 2970 reconditum
1919 2920 2130 2981 tegeret

482 3010 688 3080 oratio,
730 3008 944 3080 quidve
973 3023 1181 3062 sanum
1223 3004 1464 3060 inesset.
1500 3004 1781 3070 Marinus,
1815 3004 1909 3072 qui
1946 3003 2126 3059 Procli

2239 1839 2387 1912 αύτῴ
2445 1846 2525 1913 τῷ
2590 1841 2908 1917 ἀπορρήτῳ,
2969 1846 3189 1900 ὁτιποτέ
3249 1846 3382 1918 ἐστι,
3443 1851 3543 1918 τῆς
3591 1851 3835 1913 παντελοῦς

2239 1929 2524 2004 ἀγνωσίας.
2561 1936 2684 1994 Πῶς
2716 1931 2808 1986 οὖν
2838 1931 2921 1988 ἐπ’
2969 1933 3167 1999 αὐτοὺς
3201 1935 3320 1991 ’ίετο
3367 1937 3645 2000 τοιούτους
3683 1935 3834 2006 civ-tu;

2239 2019 2444 2093 Ἔρωτι
2478 2017 2658 2093 δεινῷ,
2692 2021 2989 2098 ἀπορρήτῳ
3019 2025 3111 2079 καί
3138 2026 3338 2098 τούτῳ.
3375 2029 3478 2082 Καὶ
3509 2030 3591 2090 τίς
3623 2027 3675 2085 δὲ
3699 2028 3834 2091 ἄλλος

2237 2106 2272 2176 ἢ
2340 2107 2615 2183 ἄγνωστος
2666 2110 2754 2164 καὶ
2815 2113 2842 2166 ὁ
2902 2106 3081 2185 ἕρως;
3134 2115 3230 2169 Καὶ
3277 2116 3403 2171 τίνα
3450 2117 3636 2172 τοῦτόν
3681 2140 3830 2196 φαμεν,

2240 2195 2410 2251 ἴσασιν
2450 2199 2502 2252 οἳ
2549 2199 2909 2274 πειραθέντες,
2961 2203 3130 2257 εἰπεῖν
3180 2201 3237 2258 δὲ
3285 2201 3574 2275 ἀδύνατον,
3618 2195 3701 2262 καί
3737 2216 3836 2277 νοῆ-

2237 2287 2322 2342 σαί
2371 2309 2433 2362 γε
2483 2287 2634 2342 οὐδέν
2692 2289 2904 2361 μᾶλλον
2949 2289 3158 2364 ῥᾴδιον.
3204 2294 3363 2348 Εἶπεν
3390 2294 3456 2349 ἄν
3485 2317 3568 2358 τις
3605 2295 3660 2351 ού
3685 2295 3835 2371 λόγους

2237 2375 2419 2441 αὐτὸν,
2471 2375 2615 2432 ἀλλά
2663 2379 3001 2454 πραγμάτων
3057 2380 3387 2457 φθέγγεσθαι
3434 2385 3637 2449 οὐσίας.
3681 2389 3765 2442 Ἦν
3797 2383 3837 2440 δὶ

2235 2465 2325 2519 καὶ
2376 2466 2602 2540 εὑρετὴς
2650 2467 3003 2538 ἑτοιμότατος
3052 2469 3127 2523 ὧν
3167 2492 3225 2527 τε
3270 2472 3438 2535 αὐτὸς
3499 2475 3687 2547 ἠπόρει
3735 2473 3835 2546 πρὸς

2236 2554 2473 2628 ἑτέρους,
2507 2556 2595 2610 καὶ
2626 2556 2700 2610 ὧν
2739 2553 2913 2630 ἕτεροι
2944 2563 3080 2633 πρὸς
3111 2559 3294 2628 αὐτὸν,
3337 2560 3404 2616 οὐ
3433 2560 3737 2635 πολυμαθία
3771 2562 3834 2618 καὶ

2237 2641 2544 2716 ἀλλοτρίων
2603 2641 2953 2718 δοξασμάτων
3003 2649 3043 2682 ¹⁷
3107 2648 3320 2721 ἱστορίᾳ
3370 2653 3715 2727 καταχωννὺς
3770 2653 3835 2722 μὶν

2236 2734 2334 2802 τὴν
2386 2733 2642 2803 ἀλήθειαν
2677 2735 2743 2802 τε,
2794 2733 3164 2808 ἐπιστομίζων
3215 2735 3272 2793 δὲ
3319 2740 3452 2801 τοὺς
3503 2741 3833 2816 ἀποροῦντας·

2237 2821 2382 2877 ἀλλά
2413 2824 2574 2898 ῥώμῃ
2610 2825 2850 2900 γενναίας
2883 2825 3092 2902 φύσεως
3133 2828 3221 2882 καὶ
3255 2829 3389 2884 θεῶν
3440 2829 3763 2906 ἀγχισπόρου
3789 2833 3834 2894 ’⁸,

2238 2911 2394 2984 πόθῳ
2422 2932 2480 2967 τε
2511 2912 2784 2992 ἀμηχάνῳ
2813 2921 2913 2984 τῆς
2945 2915 3067 2989 περὶ
3114 2917 3178 2970 τὸ
3221 2919 3368 2973 θεῖον
3436 2920 3710 2994 βακχείας,
3747 2917 3835 2974 οἷον

2239 3003 2734 3076 ἀπομαντευομένῳ
2783 3002 2940 3077 ἐῴκει
2995 3006 3094 3074 τήν
3163 3013 3264 3076 τῆς
3317 3006 3587 3077 ἀληθείας
3659 3010 3835 3081 εὕρεσιν.

482 3066 784 3158 successor
809 3098 906 3162 (5),
932 3102 990 3152 et
1027 3095 1230 3150 lsidori
1264 3109 1393 3150 cum
1428 3093 1652 3148 caeteris
1685 3093 1743 3146 in
1769 3066 2129 3148 aristoteleis

2239 3066 2421 3148 Ἠν-δ’
2460 3066 2639 3156 ἱκανός
2691 3066 2882 3148 διιδεῖν
2916 3097 2959 3130 ¹⁰
2999 3066 3106 3165 ὅπη
3157 3066 3469 3172 τερσαθρόν
3518 3066 3836 3177 ἰψφθέγγεται

482 3191 700 3251 doctor,
732 3202 866 3241 cum
899 3185 1114 3239 librum
1146 3184 1468 3238 multorum
1495 3198 1768 3235 versuum
1795 3181 2130 3252 scripsisset

482 3278 544 3334 in
596 3277 892 3333 Philebum
946 3273 1219 3338 Platonis,
1251 3287 1505 3340 eumque
1555 3270 1998 3340 legerejuberet
2031 3271 2130 3324 lsi-

479 3368 713 3434 dorum,
745 3363 1113 3434 etjudicium
1157 3363 1305 3415 ferre
1345 3377 1416 3413 an
1468 3358 1725 3429 evulgari
1778 3364 1995 3429 posset,
2030 3359 2127 3414 ille

481 3457 630 3512 libro
657 3451 1187 3519 lecto,sententiam
1212 3465 1378 3503 suam
1403 3447 1582 3502 libere
1607 3447 2123 3518 patefecit,nullam

478 3550 673 3601 tamen
707 3542 1116 3599 ineoncinnam
1161 3554 1360 3594 vocem
1411 3539 1628 3603 emisit,
1663 3536 1809 3591 hanc
1853 3543 2120 3592 tantum:

479 3634 656 3689 videri
701 3632 976 3704 magistro
1034 3629 1234 3701 digna.
1284 3627 1537 3682 Marinus
1600 3625 1708 3682 hoc
1768 3625 2118 3697 intelligens,

479 3724 696 3779 librum
731 3721 848 3789 igni
881 3719 1139 3775 tradidit.

2239 3183 2266 3235 6
2302 3181 2488 3256 λόγος,
2517 3183 2604 3236 καὶ
2640 3185 2747 3253 ὅπη
2782 3183 2952 3261 ὑγιέςο
2987 3191 3227 3260 Μαρῖνος
3273 3185 3330 3243 δὲ
3378 3190 3409 3244 ὁ
3467 3189 3706 3265 Πρόκλου
3749 3186 3836 3243 διά-

2239 3267 2430 3344 δοχος,
2490 3273 2516 3325 ὁ
2551 3275 2595 3308 η
2649 3273 2738 3326 καὶ
2794 3269 3072 3348 Ἰσιδώρου
3131 3277 3294 3348 (μετᾶ
3353 3277 3449 3332 καὶ
3510 3277 3702 3350 ἄλλων)
3757 3280 3835 3331 τῶν

2237 3358 2650 3434 Ἀριστοτέλους
2706 3361 2883 3436 λόγων
2945 3360 3294 3433 διδάσκαλος,
3358 3367 3663 3441 ὑπόμνημα
3697 3366 3836 3420 πολύ-

2236 3467 2425 3523 στιχον
2456 3447 2532 3510 εἷς
2565 3445 2815 3518 Φίληϐον
2852 3452 3108 3521 συντάξας
3129 3457 3228 3508 τοῦ
3259 3453 3587 3521 Πλάτωνος,
3620 3457 3756 3515 οὗτος
3773 3457 3830 3524 τῷ

2234 3535 2497 3611 Ἰσιδώρῳ
2548 3538 2787 3614 ἐντυχεῖν
2846 3561 2904 3593 τε
2951 3545 3028 3612 τῷ
3077 3542 3441 3616 ὑπομνήματι
3500 3545 3722 3610 κελεύει,
3767 3544 3832 3598 καὶ

2233 3625 2501 3700 ἐπικρῖναι
2568 3627 2613 3681 εἰ
2672 3626 2956 3697 ἐξοιστέον.
3029 3632 3088 3688 Ὀ
3149 3628 3207 3685 δὲ
3266 3633 3528 3708 ἀναγνοὺς
3580 3632 3719 3688 οὐδέν
3759 3632 3832 3686 ἀτ-

2231 3715 2499 3789 εκρύψατο
2527 3721 2634 3770 τῶν
2667 3717 2818 3788 αὑτῷ
2849 3715 3181 3790 δοκούντων,
3213 3721 3276 3775 ού
3314 3721 3506 3792 μέντοι
3541 3719 3662 3777 οὐδὲ
3700 3721 3834 3795 ἄμου-

477 3833 568 3867 σον
637 3811 812 3888 ἀφῆκε
868 3809 1074 3888 φωνὴν,
1131 3809 1388 3861 τοσοῦτον
1448 3801 1506 3859 δὲ
1566 3804 1731 3877 μόνον
1788 3801 1913 3878 ἔφη,
1976 3805 2134 3859 ἱκανά
2202 3807 2337 3860 εἶναι
2389 3806 2455 3860 τὰ
2512 3810 2607 3860 τοῦ
2661 3803 3012 3863 διδασκάλου.
3063 3810 3124 3866 Ὀ
3167 3810 3224 3864 δὲ
3264 3816 3511 3886 Μαρῖνος
3543 3814 3707 3872 συνεὶς
3733 3809 3832 3880 πυρὶ

476 3899 743 3978 διέφθειρε
771 3899 834 3954 τὸ
871 3893 1112 3974 βιϐλίον.

545 3993 664 4048 Hoc
684 3991 857 4048 etiam
881 4008 913 4045 a
936 3991 1158 4045 caeteris
1176 3986 1538 4058 philosophis
1561 3985 1812 4040 distabat
1837 3985 2120 4055 Isidorus,

475 4084 630 4156 quod
667 4098 779 4136 non
813 4081 937 4135 sola
976 4079 1448 4151 syllogismorum
1472 4077 1528 4132 vi
1561 4093 1622 4132 se
1652 4083 1754 4130 aut
1780 4091 1918 4131 suos
1949 4077 2124 4131 vellet

477 4173 770 4227 adhaerere
802 4168 1070 4224 veritati:
1103 4182 1356 4238 cumque
1384 4166 1597 4220 veritas
1630 4181 1744 4218 non
1787 4181 1902 4218 una
1933 4167 2122 4219 videa-

475 4265 573 4316 tur
599 4261 713 4325 via,
747 4257 984 4314 nolebat
1013 4273 1111 4313 eos
1146 4257 1389 4321 ratione,
1424 4255 1601 4310 veluti
1633 4269 1781 4309 caaca
1811 4252 1871 4308 in
1903 4259 2118 4309 rectam

474 4351 622 4405 viam
653 4350 929 4416 ductrice,
960 4347 1206 4418 impelli.
1238 4346 1348 4402 Sed
1384 4345 1734 4416 persuadere
1764 4360 1990 4413 semper
2020 4344 2119 4399 ad-

2301 3986 2606 4060 Ἐξαίρετον
2641 3983 2686 4040 δ’
2717 3986 2783 4054 ἧν
2817 3986 2962 4057 αὐτῷ
2995 3989 3138 4063 παρα
3166 3989 3299 4050 τοὺς
3329 3988 3542 4054 ἄλλους
3581 3991 3666 4045 καὶ
3708 3992 3831 4046 τοῦτο

2231 4073 2585 4153 φιλοσόφους’
2643 4074 2742 4128 οὐκ
2791 4070 3065 4145 ἠϐούλετο
3115 4077 3522 4153 συλλογισμοῖς
3574 4079 3832 4154 ἀναγκάζειν

2236 4163 2398 4236 μόνον
2452 4161 2575 4218 οὕτε
2625 4165 2812 4218 ἑαυτὸν
2855 4161 2977 4219 οὔτε
3025 4167 3150 4228 τοὺς
3189 4169 3448 4230 συνόντας
3494 4167 3832 4224 ἐπακολουθεῖν

2230 4257 2300 4327 τῇ
2329 4251 2557 4323 ἀληθείᾳ
2593 4254 2669 4326 μή
2719 4254 2970 4327 ὁρτιμμένῃ
3001 4255 3066 4322 υ,
3118 4259 3252 4310 κατά
3305 4257 3431 4329 μίαν
3478 4255 3602 4313 ὁδὸν
3648 4254 3834 4327 πορεύε-

2235 4343 2354 4396 σθαι
2386 4338 2885 4413 συνελαυνομένους
2928 4343 3031 4398 ὑπὸ
3059 4348 3156 4398 τοῦ
3187 4343 3382 4418 λόγου,
3417 4348 3542 4401 οἷον
3565 4345 3776 4423 τυφλοὺς
3800 4342 3833 4376 ²⁴

476 4438 645 4495 nisus
705 4443 817 4504 est,
839 4442 897 4491 et
951 4435 1149 4492 oculos
1188 4436 1256 4489 ad
1320 4435 1576 4489 animam
1639 4435 1887 4487 rel'erre:
1933 4437 2033 4487 aut
2072 4431 2120 4486 si

2239 4431 2328 4498 τὴν
2373 4430 2537 4504 ὀρθὴν
2585 4430 2888 4506 ἀγομένους
2937 4432 3178 4506 πορείαν·
3237 4433 3382 4489 ἀλλά
3428 4436 3627 4490 πείθειν
3674 4432 3832 4489 ἐσπού·

475 4529 750 4594 inessenl,
784 4541 1113 4596 repurgare.
1155 4524 1301 4580 Cum
1343 4525 1759 4594 imperatorum
1807 4538 1893 4577 res
1924 4526 2121 4592 gestas

475 4615 1283 4688 scriberejussus,obsecutus
1314 4617 1406 4668 est
1431 4627 1442 4665 :
1466 4612 1534 4666 de
1565 4626 1679 4682 quo
1711 4626 1883 4680 opere
1905 4611 2119 4675 dicam,

472 4707 626 4780 quod
664 4705 807 4770 scio,
836 4720 966 4760 cum
999 4719 1065 4758 eo
1099 4703 1379 4773 perducta
1409 4700 1520 4755 erit
1568 4699 1754 4755 oratio
1788 4715 1800 4753 :
1837 4715 1948 4754 non
1991 4697 2120 4755 dico

470 4797 667 4863 modo,
707 4796 874 4868 quasi
922 4811 995 4850 ne
1026 4793 1230 4849 audire
1281 4792 1520 4864 quidem
1566 4790 1888 4846 debuerim.
1921 4789 2120 4860 Neque

466 4885 765 4953 Leontius,
798 4884 900 4956 qui
931 4882 1152 4956 optime
1188 4881 1377 4938 888!)
1423 4879 1536 4935 sibi
1577 4878 1909 4935 consultum
1942 4883 2120 4950 puta-

2233 4519 2384 4588 δαζεν
2441 4519 2525 4573 ἀεὶ
2579 4520 2668 4574 καὶ
2729 4517 2852 4592 ὄψιν
2912 4518 3171 4577 ἐντιθέναι
3225 4525 3293 4594 τῇ
3339 4527 3522 4598 ψυχῇ,
3578 4523 3766 4598 μᾶλλον
3793 4517 3834 4572 δὲ

2232 4607 2447 4662 ἐνοῦσαν
2532 4606 2911 4682 διακαθαίρειν.
2983 4611 3304 4683 Ὑπηρεσίαν
3379 4612 3576 4683 ἐτέλει,
3728 4607 3832 4684 πρὸς

2228 4697 2398 4772 τάχος
2453 4695 2770 4752 ἐπετέτακτο
2802 4700 2846 4734 ³⁵
2898 4700 3120 4776 γράφειν
3182 4702 3250 4756 τὰ
3307 4701 3410 4756 ὑπὸ
3474 4706 3588 4756 τῶν
3669 4698 3834 4774 ἀρχόν-

2228 4805 2335 4839 των
2416 4789 2862 4861 προσταττόμενα
2929 4788 2994 4844 ²⁶.
3077 4788 3208 4862 Περὶ
3265 4790 3328 4843 οὗ
3415 4788 3524 4864 ἐρῶ
3583 4790 3710 4843 κατά
3763 4786 3828 4839 τὸν

2230 4873 2546 4947 ἱκνούμενον
2576 4873 2764 4948 λόγον.
2792 4877 2855 4930 Ὃ
2897 4873 3060 4940 εἰδὼς
3090 4875 3150 4932 ού
3187 4875 3355 4955 λέγω³
3390 4879 3462 4941 ὡς
3521 4876 3662 4951 μηδὲ
3701 4877 3832 4932 ἀκοδ-

1828 5007 2072 5062 νΑΗΙΕ
2115 5005 2519 5062 LECTIONES.

538 5115 584 5150 ¹⁸
610 5111 817 5166 ἀνύτειν
859 5111 900 5166 Β
944 5126 955 5163 :
989 5107 1238 5163 ἀνύττειν
1525 5105 1899 5182 καὶ-ειςὶιάτΑΑ.

462 5205 570 5239 των
606 5186 814 5256 Suidas
841 5200 893 5238 ν.
929 5182 1197 5256 Εὖρετῄς.

465 5275 577 5321 νον,
617 5252 960 5324 Πολυήκοος.
1010 5245 1085 5289 "3°
1120 5245 1251 5306 tam
1285 5245 1499 5309 Suidas
1518 5245 1896 5324 κῃΠρόσοιτο.

469 5321 944 5384 Hemsterbusius
978 5327 1047 5379 ad
1085 5325 1309 5380 Polluc.
1343 5341 1460 5383 vnt.
1499 5323 1623 5388 104,
1655 5321 1702 5375 et
1743 5321 2029 5388 Leichius,
2064 5337 2120 5387 p.

1981 5105 2023 5140 ¹⁶
2055 5105 2135 5159 Cf.
2199 5105 2409 5160 Suidas
2469 5121 2522 5158 ν.
2579 5105 2812 5170 Μαρῖνος
2870 5103 3045 5162 οὗτος.

1281 5174 1329 5217 ιῖί
1357 5177 1640 5249 ἀλήθειαν]
1675 5174 1932 5249 ἀλήθειαν
1973 5175 2064 5228 καὶ
2091 5175 2454 5248 ἀποκρύπτων
2498 5176 2577 5249 id,

1977 5250 2021 5284 ²¹
2056 5247 2246 5321 σαθρόν
2278 5253 2321 5303 Α
2356 5263 2493 5321 cum
2547 5247 2776 5321 SuidaA:
2842 5248 3108 5321 θησαυρὸν

3127 5104 3187 5178 177
3229 5101 3633 5178 δοξασμάτων]
3667 5098 3828 5178 δραμά-

2657 5174 2701 5253 ‘_’
2731 5176 2812 5230 Cl'.
2845 5176 3067 5253 §uidas
3095 5193 3145 5233 ν.
3177 5174 3578 5253 Ἀγχίσπορος,
3600 5174 3829 5246 ”Αμῆχ²’

3279 5257 3655 5305 correxerunt
3696 5253 3832 5302 etiam

3281 5319 3464 5367 ηιένκν
3519 5320 3606 5367 ζ’-
3683 5319 3726 5355 ³⁸
3763 5335 3828 5367 τοο

2208 5320 2274 5377 ΙΙ.
2332 5319 2399 5394 ,⁸³³
2445 5318 2686 5394 alterum
2739 5318 2766 5371 ὁ
2801 5335 2914 5375 om.
2958 5318 3024 5374 B.
3097 5321 3142 5355 ³³
3180 5318 3464 5394 ὃρωμένην
3519 5320 3606 5394 ς’.

467 5397 609 5476 ιρλοῦ
633 5415 783 5456 τινος
816 5394 983 5469 ὀρθ-ἡν
1014 5395 1302 5472 ἀγομένου
1498 5395 1542 5429 ³⁵
1571 5384 1895 5447 ἀπετέτακτο
1916 5397 1980 5448 A.
2017 5384 2024 5388 ’
2061 5384 2109 5426 ίδ
2137 5384 2480 5463 πραττόμενα

2032 5507 2259 5568 ΝΟΤιΕ.

537 5627 618 5695 (5)
647 5622 828 5693 Cujus
860 5626 917 5680 et
948 5622 1130 5679 vitam
1165 5622 1424 5680 Marinus
1456 5619 1810 5693 Neapolites,
1844 5633 1967 5691 quis
1999 5625 2203 5691 exstat,
2236 5616 2581 5691 conscripsit
2623 5631 2750 5691 sep.
2786 5617 2912 5679 cod.
2950 5618 3069 5679 181.
3095 5619 3243 5679 Vide
3269 5618 3507 5684 ﬂuidam
3539 5616 3603 5676 in
3651 5610 3832 5682 Metili)
