4090 6422
205 309 354 372 1261

207 467 294 502 σαι
353 445 592 520 ὤφελον.
652 445 710 500 ’0
771 441 830 500 δὶ
917 444 1172 504 Λεόντιος
1263 441 1456 517 ἄριστα

207 538 328 590 σθαι
386 533 502 578 ³⁷3³
557 531 800 606 νομίζων
863 530 1048 588 οἴκαδε
1104 531 1325 607 ἐπανῄει
1389 533 1522 606 μετά
1585 535 1704 605 [551
1760 534 1850 605 Η.]

205 623 512 700 παῤῥησίας
575 624 823 698 ἀτυχοῦς
879 621 972 677 καὶ
1027 619 1454 693 κακοδαίμονος,
1524 622 1585 676 οὗ
1677 619 1852 677 πλου-

203 717 374 785 τήσας
433 711 558 769 οὐδὲ
605 714 820 780 σωθεὶς,
871 711 945 772 ὡς
993 709 1152 784 ᾤετο,
1203 711 1352 766 άλλά
1409 711 1710 780 οημιωθεῖς
1755 712 1848 782 μὲν

207 798 478 864 εὐσεϐείας
509 800 794 875 θεφιλοῦς,
843 798 1198 874 πανῶλεθρίᾳ
1249 796 1305 853 δὲ
1349 799 1449 866 τὴν
1501 801 1686 873 ψυχήν
1736 795 1850 852 δια⁴

207 892 452 971 φθαρείς.
510 896 566 946 Ὁ
618 892 712 962 μὲν
776 888 870 944 οὖν
903 892 950 926 ²⁹
997 889 1140 943 οὕτω
1183 885 1484 959 διήντλησε
1533 887 1704 942 πάντα
1758 888 1849 942 τὸν

208 983 330 1056 βίον
363 981 414 1036 ἐν
445 987 772 1058 συμφοραῖς·
807 979 998 1042 Οὐδεὶς
1041 977 1084 1034 δ’
1111 977 1284 1041 οὕτως
1319 979 1386 1048 ἦν
1433 980 1530 1046 τὴν
1581 979 1764 1053 ψυχὴν
1805 979 1856 1015 30

207 1073 491 1147 ἀτεράμων
527 1073 618 1126 καὶ
651 1067 948 1147 βάρϐαρος,
980 1072 1040 1132 ’ὸς
1078 1069 1178 1126 οὐκ
1217 1070 1456 1125 ἐπείθετο
1497 1072 1540 1106 ³¹
1592 1069 1680 1124 καὶ
1725 1089 1856 1124 κατ-

207 1162 462 1233 εκηλεῖτο
490 1166 608 1223 τοῖς
641 1161 748 1216 ἀπὸ
777 1165 875 1215 τοῦ
905 1161 1053 1234 ἱεροῦ
1103 1158 1372 1232 στόματος
1419 1158 1626 1214 ἐκείνου
1675 1158 1854 1233 ῥέουσι

207 1250 400 1324 λόγοις
433 1270 446 1282 ·
502 1249 688 1306 τοιάδε
715 1271 800 1312 τις
825 1249 1126 1318 ἐπεκάθητο
1157 1249 1330 1304 πειθὼ
1359 1254 1476 1311 τοῖς
1522 1247 1730 1323 χείλεσι
1759 1251 1856 1302 τοῦ

207 1338 426 1415 ἀνδρὸς,
477 1343 638 1410 [103Ἱ
689 1343 782 1411 8.]
833 1339 935 1394 οὐκ
977 1337 1312 1414 ἀνθρώπειόν
1359 1359 1412 1394 τι
1463 1345 1680 1412 χρῆμα,
1713 1335 1859 1392 ἀλλά

211 1431 506 1502 θειότερον.
557 1429 726 1482 Φύσιν
778 1425 1120 1502 ἀξιάγαστος,
1175 1427 1344 1503 μέγας
1425 1427 1518 1500 μὲν
1573 1427 1638 1480 τὸ
1696 1430 1856 1498 σῶμα

207 1519 299 1572 καὶ
332 1518 584 1590 εὐμήκης
619 1514 774 1585 ἰδεῖν,
805 1514 978 1577 καλὸς
1009 1512 1066 1570 δὲ
1095 1516 1184 1568 καὶ
1225 1515 1426 1588 ἀγαθὸς
1471 1517 1570 1584 τήν
1604 1515 1650 1550 ³²
1705 1511 1854 1587 ὄψιν,

209 1615 310 1678 τῆς
361 1605 408 1662 δ’
455 1606 677 1676 ἡλικίας
725 1605 778 1660 ἐν
823 1609 904 1677 τῷ
953 1606 1358 1679 φρονιμωτάτῳ
1421 1603 1544 1660 τότε
1593 1604 1856 1680 γεγονὼς,

212 1695 478 1768 εὐόμιλός
501 1716 560 1750 τε
596 1695 686 1750 καὶ
713 1693 872 1764 ἡδὺς,
914 1695 1098 1756 ἱκανὸς
1137 1695 1228 1750 καὶ
1277 1693 1562 1771 ὠφέλιμος
1604 1701 1721 1756 τοῖς
1770 1693 1856 1748 ἒνο

1301 309 1847 370 BIBLlOTHECA.
1896 342 1972 354 —
2015 311 2188 370 COD.
2236 309 2511 371 CGXLIl.

1555 437 1850 518 βεϐουλεῦ-
1880 445 1935 512 Α
1963 444 2086 513 bat,
2127 461 2262 502 cum
2303 444 2535 502 dicendi
2584 445 2850 504 libertate
2879 447 3097 506 infelici
3125 466 3192 506 ac
3239 451 3606 512 infortunata

3449 317 3612 380 1262

1960 536 2186 590 domum
2219 536 2474 599 revertit,
2507 551 2699 607 neque
2743 537 2902 592 dives
2943 538 3150 608 factus,
3184 556 3288 596 nec
3321 547 3608 612 servatus,

1962 629 2026 680 ut
2053 626 2416 696 pulabat,sed
2441 625 2638 681 divina
2669 626 2920 696 privatus
2953 627 3382 698 pietate,animo
3413 649 3612 690 corru-

1963 715 2227 786 ptissimo
2261 731 2324 769 ac
2375 713 2767 784 perditissimo
2809 715 2937 771 fuit.
2971 717 3066 772 Sic
3098 719 3336 788 quidem
3370 737 3606 779 omnem

1961 805 2140 860 vitam
2172 804 2232 860 in
2278 804 2610 860 infortuniis
2657 806 2962 877 transegit.
3003 807 3186 862 Nemo
3215 810 3358 864 adeo
3387 811 3606 868 immiti

1961 895 2072 948 fuit
2127 895 2324 949 animo
2353 899 2411 948 et
2469 895 2738 962 barbaro,
2769 897 2870 966 qui
2927 911 3089 952 sacro
3138 898 3348 954 Isidori
3397 902 3468 955 ab
3509 917 3608 959 ore

1962 983 2154 1038 verbis
2186 983 2564 1038 manantibus
2593 999 2706 1038 non
2725 1000 3040 1054 persuasus
3065 987 3172 1042 fuit
3200 991 3258 1042 et
3287 987 3606 1058 mitigatus,

1963 1070 2100 1126 talis
2132 1072 2192 1127 in
2217 1070 2396 1126 labris
2421 1072 2523 1126 viri
2548 1070 2840 1128 insidebat
2860 1075 3244 1142 suadela,non
3273 1076 3605 1136 humanum

1965 1176 2134 1232 opus,
2169 1161 2267 1216 sed
2301 1160 2584 1228 divinum,
2618 1165 2822 1216 natura
2845 1164 3354 1222 suaadmiratione
3385 1167 3604 1239 dignus

1967 1255 2106 1305 erat.
2145 1248 2374 1320 Ingenti
2398 1249 2628 1318 quidem
2662 1265 2901 1322 corpore
2921 1257 2980 1307 et
3009 1255 3313 1323 spectabili
3351 1258 3612 1327 proceri-

1965 1339 2236 1405 tate,visu
2261 1337 2503 1408 pulcher
2518 1343 2575 1394 et
2597 1339 2882 1406 facilis,ad
2909 1349 3199 1398 maturam
3225 1349 3449 1402 a-tatem
3481 1363 3612 1404 cum

1967 1429 2348 1498 pervenisset,
2393 1427 2572 1483 comis
2611 1433 2670 1483 et
2699 1431 2920 1500 suavis,
2954 1434 3320 1502 commodus,
3354 1439 3411 1490 et
3439 1435 3612 1492 collo-

1967 1517 2282 1588 quentibus
2331 1516 2528 1572 utilis:
2583 1515 2862 1574 mediocri
2915 1535 3018 1574 nec
3069 1519 3316 1578 delicato
3347 1539 3492 1580 usu
3525 1531 3616 1581 est

1968 1607 2312 1676 cibo,neqne
2334 1611 2568 1678 propter
2583 1612 2990 1678 paupertatem
3016 1611 3209 1677 noxio,
3232 1628 3422 1684 neque
3438 1631 3611 1686 prop-

1968 1700 2056 1751 ter
2075 1695 2304 1750 divitias
2321 1695 2556 1766 Opiparo
2573 1713 2586 1750 :
2603 1697 2700 1750 sed
2726 1699 2783 1751 et
2797 1713 2848 1752 m
2861 1697 3082 1753 usicam
3101 1699 3373 1756 adhibuit
3389 1707 3614 1774 tempe-

209 1785 567 1863 τυγχάνουσι.
617 1784 719 1842 Καὶ
757 1785 858 1852 τὴν
890 1784 937 1821 ³³
973 1785 1183 1860 τροφὴν
1235 1783 1588 1860 ἐκληρώσατο
1636 1785 1855 1858 μετρίαν

1978 1791 2177 1850 ratam,
2196 1793 2250 1840 et
2265 1785 2470 1842 Dorico
2487 1787 2564 1856 (6)
2579 1789 2750 1842 modo
2767 1803 2963 1845 revera
2977 1769 3615 1850 accommodatamSo-

207 1877 330 1930 τινὰ
377 1875 468 1928 καὶ
517 1872 809 1948 ἄθρυπτον,
863 1869 985 1928 οὔτε
1047 1877 1452 1949 κακουργοῦσαν
1519 1871 1606 1927 διὰ
1652 1873 1858 1944 πενίαν,

209 1959 336 2018 οὔτε
367 1960 454 2017 διὰ
483 1961 724 2018 πλοῦτον
763 1960 1154 2037 βλακεύουσαν,
1193 1960 1340 2017 ἀλλὰ
1383 1963 1550 2036 μέσην
1583 1965 1670 2018 καὶ
1727 1983 1862 2034 μου-

205 2053 388 2120 σικήν,
421 2052 512 2106 τὸν
561 2053 606 2088 ³⁴
649 2051 856 2125 Δώριον
903 2051 1110 2126 τρόπον
1139 2051 1186 2088 ³⁸
1233 2057 1333 2120 τῆς
1381 2052 1560 2127 τύχης
1592 2054 1637 2088 ⁸⁸
1686 2052 1760 2114 ὡς
1811 2052 1861 2088 ⁸⁷

1969 1881 2062 1930 ius
2085 1877 2208 1945 ipse
2229 1877 2379 1930 inter
2414 1875 2704 1944 homines,
2727 1894 2875 1948 quos
2916 1879 3275 1944 audivimus.
3305 1883 3615 1954 antiquum

1971 1965 2340 2037 proverbium
2363 1965 2442 2035 (7)
2475 1981 2535 2020 re
2564 1965 2692 2034 ipa
2721 1969 3127 2032 coarguitmon
3153 1971 3488 2040 juvenibus,
3511 1972 3616 2029 sed

1969 2052 2210 2108 senibus
2237 2069 2305 2109 ac
2334 2069 2538 2109 senum
2571 2069 2890 2124 congressu
2913 2055 3331 2114 delectabatur.

217 2140 442 2211 ἀληθῶς
472 2141 854 2214 ἡρμοσμένην.
888 2139 1068 2202 Μόνος
1127 2138 1184 2195 δὲ
1241 2141 1564 2216 ἀνθρώπων,
1625 2142 1698 2196 ὢν
1757 2141 1895 2214 ἀκοῇ
1955 2138 2136 2211 ἴσμεν,
2205 2141 2300 2209 τὴν
2370 2139 2606 2196 παλαιὰν
2659 2139 2965 2216 παροιμίαν
3005 2144 3048 2180 ³⁸
3105 2137 3246 2220 ἔργω
3305 2143 3618 2222 διήλεγξεν,

221 2231 330 2306 οὐχ
356 2228 564 2300 ἤλιξιν,
594 2227 739 2284 ἀλλά
768 2225 1094 2304 πρεσϐύταις
1121 2229 1212 2284 καὶ
1243 2225 1622 2303 πρεσϐυτικοῖς
1653 2229 1842 2304 λόγοις
1871 2230 2221 2303 τερπόμενος.

295 2319 483 2382 Εἴποις
516 2317 564 2374 δ’
593 2319 652 2374 ἂν
693 2321 782 2375 καὶ
819 2319 978 2392 μόνος
1023 2319 1322 2392 ἀνθρώπων
1374 2320 1468 2382 οὓς
1516 2321 1650 2388 ἀκοή
1705 2319 1862 2394 ἔσχεν

311 2405 470 2484 ἔγνω·
521 2411 556 2480 ἢ
602 2410 690 2464 καὶ
743 2409 938 2478 οὕτως,
990 2407 1042 2463 οἳ
1081 2410 1216 2485 πρὸς
1265 2410 1434 2478 ἀκοήν
1477 2409 1672 2484 ᾖλθον,
1717 2409 1752 2478 ἢ
1795 2411 1866 2464 ὧν

217 2501 295 2562 εἷς
325 2498 638 2574 κατάληψιν
671 2499 806 2568 ἀκοὴ
858 2501 1010 2568 ἧκεν,
1063 2497 1222 2568 ἢοῦς
1272 2496 1341 2553 δι’
1385 2499 1552 2567 ἀκοῆς
1604 2497 1780 2570 ἴσμεν,
1829 2500 1864 2570 ἢ

221 2590 316 2652 οὓς
365 2587 618 2658 διασώζει
673 2591 887 2662 μνήμη,
937 2588 972 2657 ἣ
1021 2588 1114 2650 οὖς
1175 2589 1274 2643 οὐκ
1326 2583 1508 2644 ἔσϐεσε
1567 2587 1738 2659 λήθη,
1777 2589 1862 2644 καὶ

219 2677 410 2734 πολλά
437 2682 680 2735 τοιαῦτα.

293 2771 412 2823 Ὀτι
461 2767 727 2844 φυλακεῖα
771 2769 825 2821 οἱ
875 2765 1248 2842 Ἀλεξανδρεῖς
1295 2765 1522 2822 ἐκάλουν
1581 2767 1648 2822 τά
1696 2765 1866 2840 ἐκμα-

223 2863 350 2933 γεῖα
390 2861 496 2910 τῶν
527 2856 845 2930 γυναικείων
893 2855 1219 2928 μολυσμῶν.
1271 2857 1386 2914 Οὐκ
1435 2857 1502 2924 ἦν
1545 2855 1602 2910 δὲ
1641 2857 1866 2930 γνήσιος

221 2949 252 3004 6
294 2946 491 3023 γάμος,
526 2946 570 3000 εἰ
605 2947 680 3018 μή
711 2947 738 2999 6
767 2945 943 3019 ἱερεὺς
973 2947 1000 3000 ὁ
1031 2949 1130 3010 τῆς
1173 2947 1296 3000 θεοῦ
1341 2944 1392 3000 ἐν
1443 2951 1560 3008 τοῖς
1609 2951 1870 3018 γαμικοῖς

221 3032 586 3110 συμϐολαίοις
615 3035 1010 3106 ὓπεσημήνατο
1041 3036 1188 3110 χειρὶ
1219 3039 1289 3108 τῇ
1339 3035 1552 3090 ἑαυτοῦ.
1603 3037 1724 3092 Ὅτι
1777 3035 1869 3089 Ἰε-

2045 2322 2285 2391 Dixeris,
2343 2326 2399 2379 et
2465 2322 2624 2378 solus
2677 2323 2834 2380 inter
2871 2325 3142 2382 homines
3190 2343 3338 2398 quos
3380 2327 3624 2398 audivit,

1979 2411 2065 2466 vel
2097 2413 2384 2483 cognovit,
2401 2412 2490 2468 vel
2515 2413 2692 2468 etiam
2726 2416 2940 2485 sic,qui
2973 2416 3042 2470 ad
3078 2416 3289 2471 famam
3323 2423 3626 2486 venerunt,

1975 2501 2064 2556 vel
2117 2517 2366 2572 quorum
2422 2502 2576 2556 fama
2631 2503 2907 2566 innotuit,
2941 2503 3050 2571 vel,
3103 2521 3250 2576 quos
3285 2505 3432 2560 fama
3465 2507 3624 2561 novi-

1978 2607 2134 2660 mus,
2167 2607 2315 2662 quos
2349 2591 2632 2646 memoria
2662 2593 2936 2660 servavit,
2968 2591 3056 2648 vel
3079 2609 3229 2665 quos
3259 2593 3470 2650 oblivio
3503 2609 3620 2651 non

1978 2680 2209 2746 delevit,
2243 2679 2469 2750 aliaque
2499 2679 2739 2735 similia.

2047 2770 2417 2825 Alexandrini
2457 2787 2678 2840 pannos
2708 2772 2972 2827 sordium
3016 2772 3390 2828 muliebrium
3421 2773 3615 2829 nomi-

1977 2859 2198 2913 nabant
2229 2857 2526 2929 Phylacea.
2563 2860 2685 2914 Non
2743 2865 2910 2914 erant
2943 2859 3206 2931 legitimis
3235 2862 3471 2932 nuptiae,
3505 2861 3620 2917 nisi

1978 2947 2246 3002 sacerdos
2277 2947 2366 3002 dei
2412 2947 2786 3003 matrimonia
2831 2965 3006 3004 manu
3037 2965 3146 3004 sua
3177 2955 3454 3006 notasset.
3485 2950 3622 3007 Hie-

1980 3036 2186 3104 rocles,
2205 3037 2302 3106 qui
2335 3035 2566 3091 scholas
2590 3036 2948 3091 Alexandriae
2971 3037 3246 3104 instituit,
3273 3045 3548 3094 constans
3570 3047 3626 3095 et

219 3126 430 3202 ροκλῆς
477 3127 525 3162 ³9
569 3126 596 3179 6
643 3125 739 3186 τὰς
785 3122 838 3179 ἒν
888 3123 1260 3199 Ἀλεξανδρείᾳ
1319 3119 1598 3198 διατριϐὰς
1656 3121 1864 3197 ὑψηλο-

1980 3127 2328 3194 magnificus
2347 3125 2646 3181 excellenti
2671 3127 2906 3197 ingenio
2924 3132 2980 3182 et
3009 3127 3282 3182 facundia
3301 3129 3624 3198 pulcherri-

219 3214 468 3292 φροσόνῃ
519 3214 612 3269 καὶ
665 3213 1047 3290 μεγαληγορίᾳ
1092 3215 1399 3286 κοσμήσας,
1455 3213 1591 3286 μετά
1634 3217 1732 3266 τοῦ
1781 3231 1870 3267 σε·

217 3308 364 3360 πτοῦ
397 3305 446 3340 ⁴⁰
472 3303 563 3358 καὶ
599 3300 1054 3376 μεγαλοπρεποῦς
1095 3299 1285 3376 εὔρους
1318 3303 1360 3338 ⁴ί
1391 3322 1450 3356 τε
1488 3303 1588 3370 τήν
1637 3298 1872 3356 διάνοιαν

215 3393 300 3457 εἰς
353 3387 668 3468 ὑπερϐολὴν
727 3391 794 3460 ἦν
845 3394 910 3460 ⁴³,
959 3391 1050 3446 καὶ
1101 3391 1371 3470 διαφέρων
1421 3389 1726 3466 εὐγλωττίᾳ
1781 3389 1870 3444 καὶ

221 3481 458 3558 εὐπορίᾳ
493 3487 604 3536 τῶν
644 3481 956 3537 καλλίστων
991 3481 1275 3553 ὀνυμάτων
1307 3482 1397 3535 καὶ
1434 3480 1692 3556 ῥημάτων
1741 3499 1868 3534 κατ-

215 3571 462 3641 ἑπληττε
507 3577 760 3644 πανταχῆ
813 3570 860 3608 ⁸³
905 3569 1034 3631 τοὺς
1093 3569 1504 3644 ἀκροωμένους,
1573 3569 1708 3643 πρὸς
1769 3569 1870 3636 τὴν

217 3659 522 3720 Πλάτωνος
581 3658 985 3732 ἁμιλλώμενος
1049 3659 1130 3713 ἀεὶ
1207 3656 1730 3732 καλλιρρημοσύνην
1780 3657 1870 3710 καὶ

215 3747 546 3806 πολύνοιαν.
579 3747 751 3810 Οὗτός
805 3767 937 3802 ποτε
985 3747 1076 3802 τὸν
1137 3745 1432 3806 Πλάτωνος
1483 3747 1708 3821 Γοργίαν
1758 3750 1872 3806 τοῖς

215 3838 459 3912 ἑταίροις
491 3837 752 3911 ἐξηγεῖτο·
796 3838 872 3897 εἷς
925 3833 980 3890 δὲ
1036 3855 1118 3897 τις
1161 3839 1270 3890 τῶν
1319 3833 1628 3908 ἀκροατῶν,
1679 3835 1869 3890 Θεοσὲ-

219 3924 376 3994 6ιος,
438 3926 794 4003 ἀπεγράψατο
827 3926 876 3960 ⁴⁴
930 3925 1032 3992 τήν
1092 3923 1364 4000 ἐξήγησιν.
1444 3920 1617 3978 Πάλιν
1684 3921 1733 3976 δ’
1781 3925 1874 3977 οἷα

219 4017 392 4082 εἰκὸς,
451 4015 511 4070 ἐκ
561 4011 813 4090 δευτέρου
861 4018 958 4069 τοῦ
1004 4012 1338 4088 Ἱεροκλέους
1389 4011 1464 4074 εἷς
1513 4013 1606 4067 τὸν
1646 4013 1870 4086 Γοργίαν

216 4099 716 4176 καταϐαλλομὲνου
759 4104 896 4175 μετά
943 4123 1062 4157 τινα
1109 4102 1310 4178 χρόνον
1365 4103 1467 4170 τὴν
1527 4099 1782 4174 ἐξήγησιν
1845 4101 1872 4154 ὁ

217 4195 388 4257 αὐτὸς
439 4195 640 4264 ταύτην
709 4193 1085 4267 ἀπεγράψατο,
1149 4192 1238 4247 καὶ
1307 4185 1764 4264 ἀντιπαραϐαλὼν
1829 4191 1876 4225 ⁸⁵

219 4284 295 4342 τά
341 4283 578 4357 πρότερα
627 4280 716 4336 καὶ
764 4282 833 4336 τό,
879 4281 1074 4356 ὕστερα
1121 4282 1268 4354 εὗρεν
1327 4277 1483 4335 οὐδὲν
1543 4283 1649 4334 τῶν
1697 4277 1876 4334 αὐτῶν

224 4373 308 4434 ὡς
337 4367 468 4432 ἔπος
530 4369 718 4438 εἰπεῖν,
770 4368 992 4444 ἑκάτερα
1039 4366 1095 4424 δὲ
1145 4369 1321 4442 ὅμως,
1363 4369 1392 4424 ὃ
1431 4368 1520 4423 καὶ
1561 4367 1877 4443 παράλογον

1983 3231 2208 3270 morum
2244 3214 2573 3280 nominum,
2599 3219 2656 3270 et
2689 3215 2992 3271 verborum
3043 3215 3317 3271 facilitate
3347 3225 3399 3272 et
3431 3217 3621 3284 copia,

1981 3305 2041 3360 in
2081 3304 2170 3358 sui
2204 3303 2650 3359 admirationem
2686 3304 2981 3360 auditores
3023 3305 3302 3375 rapiebat,
3325 3321 3460 3361 cum
3495 3305 3626 3361 Pla-

1981 3393 2134 3448 tonis
2156 3393 2418 3448 oratione
2445 3401 2688 3448 venusta
2709 3399 2766 3448 et
2784 3394 2956 3448 docta
2985 3409 3216 3464 semper
3244 3395 3624 3451 contendens.

1982 3481 2085 3538 Hic
2117 3482 2432 3554 aliquando
2471 3481 2729 3536 Platonis
2760 3481 3038 3554 Gorgiam
3070 3483 3245 3539 sociis
3273 3483 3618 3553 explicabat.

1981 3570 2143 3626 Unus
2191 3585 2322 3624 vero
2371 3571 2705 3625 wditorum
2756 3571 3120 3626 Theosebius
3182 3572 3622 3642 explicationem

1982 3659 2533 3731 descripsit.lterum
2566 3675 2721 3722 vero,
2745 3664 2806 3714 ut
2835 3659 3145 3715 verisimile
3175 3667 3283 3720 est.
3309 3662 3622 3716 secundam

1981 3747 2423 3818 explicationem
2492 3747 2770 3802 Hieroclis
2840 3748 3112 3819 Gorgiam
3167 3749 3358 3804 889a
3437 3749 3626 3816 expli—

1981 3839 2168 3892 cantis
2207 3841 2338 3906 post
2368 3835 2600 3905 aliquod
2637 3841 2868 3902 tempus
2903 3835 3176 3892 similiter
3205 3837 3535 3908 descripsit,
3569 3841 3626 3892 et

1981 3923 2208 3980 collatis
2241 3923 2532 3993 prioribus
2554 3939 2686 3978 cum
2711 3925 3009 3990 secundis,
3034 3925 3276 3992 nihil,ut
3305 3925 3390 3981 sic
3413 3925 3625 3994 dicam,

1981 4012 2318 4069 earumdem
2352 4012 2592 4066 invenit.
2627 4012 2882 4082 Utraque
2911 4019 3129 4082 tamen,
3163 4016 3318 4086 quod
3353 4030 3492 4070 sane
3523 4031 3630 4069 au-

1983 4103 2108 4157 ditu
2144 4117 2358 4156 novum
2383 4105 2490 4164 est,
2516 4101 2789 4165 Platonis,
2826 4102 3011 4170 quoad
3045 4103 3171 4172 EjIJI
3213 4103 3334 4158 ﬁeri
3380 4107 3628 4174 poterat,

1981 4190 2326 4246 institutum
2379 4189 2735 4244 continebat.
2773 4190 2918 4244 Hinc
2948 4189 3240 4263 colligitur
3271 4196 3490 4262 quanta
3517 4191 3632 4246 viri

1985 4279 2144 4336 illius
2173 4279 2232 4334 in
2279 4279 2585 4334 sententiis
2616 4277 2801 4348 copia.
2837 4277 3082 4335 Uxorem
3129 4295 3361 4352 quoque
3403 4295 3472 4336 ex
3519 4297 3634 4352 qua

1987 4367 2202 4422 liberos
2250 4366 2586 4436 susciperet,
2622 4365 2807 4431 ducit,
2839 4368 3014 4437 cujus
3064 4373 3368 4439 postquam
3421 4368 3632 4424 deamo-

221 4461 476 4524 ἀκοῦσαι,
523 4467 624 4528 τῆς
677 4457 968 4520 Πλάτωνος
1017 4457 1256 4532 ἐχομενα
1303 4459 1418 4512 καθ’
1467 4458 1593 4512 ὅσον
1647 4459 1766 4511 οἶόν
1819 4477 1864 4512 τε

1987 4456 2154 4512 nium
2189 4453 2682 4509 mansuetioribus
2709 4455 2902 4510 verbis
2923 4457 3120 4527 egredi
3151 4456 3632 4527 recusaret.jura-

225 4548 628 4623 προαιρέσεως.
679 4546 872 4620 Τούτῳ
929 4547 976 4583 ⁸⁸
1032 4547 1124 4619 μὲν
1189 4545 1280 4601 οὖν
1360 4545 1720 4602 ἐπιδείκνυται
1785 4550 1881 4601 τοῦ

225 4636 424 4713 ἀνδρὸς
455 4637 650 4708 ἡλίκον
677 4637 742 4706 ἦν
783 4634 887 4710 ἄρα
933 4637 995 4691 τὸ
1042 4640 1152 4690 τῶν
1211 4641 1418 4712 φρενῶν
1463 4633 1727 4710 πέλαγος.
1780 4642 1880 4690 Γυ-

229 4733 394 4782 ναῖκα
422 4723 746 4783 παιδοποιὸν
781 4727 989 4802 ἄγεται.
1023 4725 1112 4786 Ὠς
1145 4721 1190 4780 δ’
1231 4724 1331 4780 οὐκ
1370 4723 1613 4782 ἐπείθετο
1651 4724 1714 4782 τό
1763 4723 1880 4780 δαι-

233 4814 428 4890 μόνιον
477 4821 578 4885 τῆς
627 4814 882 4892 γυναικὸς
932 4811 1162 4887 ἐξελθεῖν
1231 4811 1422 4888 λόγοις
1480 4815 1880 4888 ἡμερωτέροις,

1991 4544 2204 4601 mentis
2233 4543 2372 4598 illud
2409 4543 2794 4610 Theosebius,
2823 4545 3092 4616 quamvi
3121 4561 3226 4601 nec
3259 4545 3458 4616 magia
3481 4549 3638 4602 esset

1991 4635 2234 4705 peritus,
2281 4647 2386 4688 nec
2445 4632 2731 4688 miracula
2787 4638 3097 4704 patrasset,
3129 4634 3284 4690 exire
3328 4633 3633 4705 compulit.

1989 4724 2218 4779 Juravit
2249 4721 2394 4778 olis
2423 4722 2622 4778 radios
2643 4723 3030 4791 praetendens,
3064 4739 3165 4794 per
3195 4724 3378 4780 Deum
3417 4723 3638 4779 Hebrae-

1991 4829 2153 4868 orum
2198 4813 2294 4882 (8).
2327 4811 2564 4867 Daemon
2623 4827 2755 4868 vero
2805 4811 3086 4882 expulsus
3115 4817 3203 4868 est
3251 4813 3540 4878 clamans,
3574 4827 3638 4866 se

1615 4907 1842 4962 VARI/ii
1883 4902 2272 4960 LECTIONES

303 4994 434 5068 ""3
462 4993 490 5048 6
522 4991 578 5050 δὲ
607 5026 674 5038 -
709 4988 1098 5068 βεϐουλεζὲσθαι
1131 4997 1176 5051 Α
1209 4991 1378 5068 εμοᾷδε
1411 5025 1476 5036 -—
1509 4990 1974 5068 βουλεόεσθαι-ς.
2053 4991 2100 5026 ²⁹
2135 4985 2243 5068 οὖν⁸
2259 5000 2315 5044 et
2367 5007 2498 5068 mox
2535 4985 2795 5068 _6’_add:

273 5062 510 5140 άοὸαρος
542 5062 790 5137 ponit-l3.
868 5067 914 5102 ³ί
947 5065 1208 5138 ἐπείθετο]
1241 5065 1487 5140 ἐτέγγετο
1509 5062 1831 5122 Ruhnken.
1863 5062 2016 5119 Tim.
2061 5079 2118 5134 p.
2141 5063 2248 5115 249
2286 5079 2337 5114 a.

227 5071 446 5200 guidas
473 5157 528 5194 ν.
561 5139 893 5200 Ἀθρυπτος.
971 5139 1018 5174 ’⁸
1055 5138 1172 5200 τὸν]
1216 5139 1302 5192 καὶ
1334 5139 1427 5192 τὸν
1457 5139 1634 5194 idem.
1711 5138 1758 5172 ³⁸
1788 5135 1991 5200 τρόπον
2027 5139 2154 5200 post
2187 5130 2329 5198 ἀληθ

3013 4991 3075 5064 ³9-
3111 4990 3212 5064 τὴν
3270 4991 3456 5064 illexit?
3479 5061 3491 5064 _
3518 4997 3644 5064 90.5!

2418 5063 2463 5098 ³³
2491 5061 2592 5136 τὴν
2624 5062 2666 5117 Β
2699 5079 2711 5117 :
2747 5059 2825 5136 εἷς
3033 5062 3081 5136 τῗ³
3133 5063 3221 5117 καὶ
3270 5058 3389 5128 τὴν’
3415 5058 3532 5136 [τὴν
3583 5058 3644 5116 δὲ

278 5130 446 5198 α’ἱάιιε
473 5130 893 5212 ν.”Αθρυπτος.
971 5139 1018 5174 ’⁸
1055 5130 1302 5212 16v]:_xai
1334 5130 1427 5192 τὸν
1457 5139 1634 5212 idem.
1702 5135 1991 5212 ficari-59v
2027 5130 2610 5212 postndigﬁdgznponit
2637 5138 2697 5212 β.
2739 5133 2826 5212 :5
2853 5130 2954 5212 τῇς
2991 5133 3196 5212 τύχης]
3233 5139 3334 5212 τῇς
3363 5130 3548 5212 ψῦχῆς
3576 5137 3643 5212 ᾼ,

227 5229 348 5272 om.
381 5211 618 5269 Suidas.

696 5211 740 5247 ³⁷
773 5209 848 5270 ὡς
889 5227 1004 5266 om.
1040 5213 1106 5266 A.
1156 5201 1228 5246 ⁴³⁸
1261 5211 1584 5277 CLSuidas
1613 5225 1665 5264 γ.
1702 5201 1863 5276 Ἦλίξ
1893 5201 2086 5273 ἥλικα.
2151 5203 2212 5277 νξθ
2241 5205 2326 5277 δτι
2351 5202 2378 5256 ὁ
2407 5201 2696 5276 Ἱεροκλῆς

2892 5205 2938 5242 ⁴⁹
2978 5205 3196 5278 σεπτοῦ]
3254 5205 3520 5279 ἀτρέπτου
3549 5207 3642 5279 _A.

227 5301 368 5372 cum
438 5283 620 5338 Suida
676 5299 728 5372 γέ
771 5279 1234 5372 ’Ἱεροκλῇςζὶη
1287 5276 1600 5372 ξῦῥρριυςιὲ
1656 5297 1779 5372 cum
1839 5274 2066 5334 eodem.
2143 5276 2187 5310 “
2245 5274 2310 5342 ἧν
2341 5291 2457 5331 om.
2487 5274 2764 5332 Suidas.‘
2815 5277 2860 5311 ⁴³
2899 5274 3389 5350 πανταχοῐῖἱᾶοὼ.
3465 5275 3648 5329 “irr-

682 5353 728 5388 ‘5
761 5349 1253 5429 ἀντιπαραϐάλλων
1287 5349 1376 5410 Β,’
1402 5349 1475 5388 ’⁴⁰
1503 5355 1665 5406 τοῦτο
1699 5349 1782 5424 ς’.

228 5353 507 5433 εγράψατο
539 5359 600 5409 Δ.

1823 5439 2061 5499 NOTAE.

329 5519 366 5570 ϐ
414 5515 628 5574 Suidae
652 5515 715 5573 in
747 5519 962 5576 Dorico.

305 5518 394 5663 id
423 5587 604 5663 Aljpt.
639 5589 742 5649 lib.
773 5607 792 5654 ι
842 5587 962 5649 Rhet

423 5587 792 5664 Arietilibd
842 5587 1062 5649 Rhetor.
1102 5605 1232 5662 cap.
1291 5583 1366 5644 De
1418 5587 1716 5664 voluptate,
1765 5583 1894 5657 ἧλιξ

241 5649 418 5732 me
449 5649 656 5734 τιςικιι.

2074 5507 2152 5583 (8)
2209 5508 2866 5583 Cbristum__intelligit.
2897 5511 3082 5568 Judaei
3138 5511 3294 5570 enim
3344 5513 3400 5568 et
3429 5507 3650 5568 Hebmi

2003 5581 2167 5640 initio
2199 5585 2340 5638 sunt
2363 5581 2642 5656 appellati
2669 5581 3006 5642 Christiani.
