4100 6242
236 387 392 449 1265
903 405 918 434 ι
987 343 994 352 “

1331 393 1874 456 BIBLIOTHECA.
1923 426 1998 442 -
2044 394 2213 456 COD.
2263 394 2540 456 CCXLII.

3478 395 3634 458 1266

229 523 495 598 γώτατον,
530 524 614 581 ὅτι
658 524 1072 609 φασὶν,·,,ᾆπειδὴ
1132 528 1478 584 πεπτώκασιν
1522 529 1572 583 οἱ
1625 528 1882 603 μαχόμε-

1995 530 2251 603 integras
2283 535 2478 588 noctes
2517 538 2570 586 et
2602 530 2744 590 dies.
2778 529 2925 584 nihil
2968 529 3292 587 viventibus
3324 537 3636 606 pugnando

229 631 335 677 νοι,
368 617 485 674 τοῖς
514 617 759 687 σώμασιν
793 611 1131 683 ἀπειπόντες,
1165 610 1240 671 ἔτι
1271 622 1411 686 ταῖς,
1437 620 1640 692 ψυχαῖς
1657 615 1878 673 ’ίσταντο

138 696 143 700 ’
229 699 601 773 πολεμοῦντες
655 702 743 758 ἐπὶ
798 709 944 775 τρεῖς
1001 704 1211 779 ἡμέρας
1288 703 1422 766 ὅλας
1493 706 1580 760 καὶ
1657 707 1876 777 νῦκτας,

234 787 386 845 οὗδὶν
412 795 522 846 τῶν
577 792 794 861 ζώντων
849 793 926 855 εἰς
995 795 1181 869 ἀγῶνα
1239 794 1695 868 ἀπολειπόμενοι,
1756 793 1879 851 οὔτε

233 882 368 934 κατὰ
424 887 616 959 χεῖρας
668 879 790 938 οὕτε
846 884 984 938 κατὰ
1051 885 1240 958 θυμόν.
1293 886 1538 959 Ἐωρᾶτο
1591 886 1726 959 γοῦν
1790 884 1878 940 καί

235 970 466 1040 ἠκούετο
496 972 565 1026 τὰ
594 969 798 1027 ε’ίδωλα
835 978 943 1028 τῶν
977 976 1171 1049 ψυχῶν
1203 975 1596 1050 ἇντιφερὸμενα
1625 976 1715 1030 καὶ
1763 981 1881 1040 τοῖς

236 1057 432 1121 ὅπλοις
462 1059 927 1137 ἀντιπαταγοῦντα
957 1063 1022 1119 ⁸³.
1067 1063 1171 1120 Καὶ
1211 1064 1416 1140 ἀρχαῖα
1467 1061 1523 1118 δὲ
1573 1061 1717 1119 ἄλλα
1764 1085 1877 1119 τοι·

235 1150 370 1202 αὔτα
435 1148 690 1225 φάσματα
755 1150 804 1187 ⁸⁴
867 1151 1133 1224 πολέμων
1205 1151 1372 1227 μέχρι
1437 1157 1528 1207 νῦν
1607 1152 1880 1231 φαίνεςθαί

236 1257 372 1315 φησι
400 1237 468 1304 ⁸⁸,
509 1235 654 1306 πλὴν
688 1239 770 1294 ὅτι
797 1243 965 1294 ταῦτα
993 1242 1060 1296 τὰ
1109 1244 1154 1278 ⁸⁸
1188 1242 1282 1312 μὲν
1333 1239 1503 1306 ἄλλα,
1537 1242 1634 1296 ὅσα
1684 1247 1881 1310 ζῶντες

234 1323 512 1398 ἄνθρωποι
571 1329 706 1382 κατᾶ
771 1327 1016 1401 πόλεμον
1096 1328 1313 1402 δρῶσιν,
1391 1329 1542 1386 οὐδὲν
1618 1331 1880 1406 ὑστερεῖν,

234 1416 561 1493 φθέγγεσθαι
595 1414 651 1472 δὲ
683 1415 809 1472 οὑδὲ
839 1420 882 1454 ⁸⁷
913 1417 999 1474 ἐπὶ
1045 1419 1260 1493 μικρόν.
1295 1421 1389 1476 Καὶ
1419 1417 1475 1474 ἓν
1530 1421 1623 1494 μὲν
1662 1418 1882 1497 ἐπιφαί-

231 1505 412 1560 νεσθαι
445 1505 498 1560 ἐν
538 1505 588 1541 ⁸⁸
631 1510 712 1577 τῷ
769 1507 892 1581 περὶ
938 1506 1143 1582 Σόγδαν
1195 1509 1242 1545 ⁸⁸
1271 1512 1403 1564 ποτε
1450 1507 1657 1580 λίμνην
1717 1509 1877 1564 οὖσαν

229 1591 424 1667 πεδίῳ,
456 1594 728 1664 φαίνεσθαι
769 1593 816 1650 δ’
851 1597 954 1651 ὑπὸ
996 1603 1096 1665 τήν
1141 1594 1215 1653 ἕω
1265 1599 1326 1652 τὸ
1364 1598 1414 1634 7°
1461 1601 1667 1676 φάσμα,
1701 1599 1881 1676 φωτὸς

230 1680 342 1752 ἤδη
378 1685 502 1757 [553
539 1685 631 1759 Η.]
661 1686 762 1754 τήν
795 1692 898 1760 γῆν
959 1687 1380 1762 ὑπαυγάζοντος,
1431 1685 1678 1762 δεύτερον
1731 1685 1777 1741 δ’
1827 1686 1882 1742 ἐν

230 1767 503 1846 Κοὺρϐοις
551 1775 595 1810 τί
651 1775 850 1848 χωρίῳ
897 1776 944 1812 ⁷³
999 1778 1098 1845 τῆς
1159 1776 1374 1849 Καρίας
1436 1775 1488 1831 ἐν
1545 1776 1725 1849 τούτῳ
1780 1778 1882 1851 γὰρ

233 1861 511 1936 φαίνεσθαι
545 1862 606 1918 οὐ
645 1865 763 1918 καθ’
818 1863 1046 1933 ἑκάστην
1093 1865 1325 1938 ἡμέραν,
1377 1864 1506 1921 ἀλλ’
1553 1865 1723 1921 ἐνίοτε
1769 1863 1884 1920 δια·
1913 1853 1960 1917 Β

233 1951 493 2008 λείποντα
524 1951 714 2028 ὀλίγας
741 1953 916 2019 τινας,
958 1952 1082 2009 οὐδὲ
1123 1954 1427 2028 ὡρισμένας
1466 1955 1513 1993 ⁷³
1555 1977 1616 2030 γε
1660 1956 1882 2026 ταύτας,

229 2041 354 2111 περὶ
399 2036 596 2115 ὄρθρον
652 2038 756 2103 ἕως
804 2042 969 2111 ἡλίου
1014 2043 1271 2116 λαμπρᾶς
1327 2042 1602 2114 ἀνατολῆς
1652 2041 1704 2098 ἒν
1763 2045 1878 2120 ἀέρι

232 2128 597 2210 διαφοιτῶντα
653 2135 848 2208 ψυχῶν
911 2131 1043 2188 ἅττα
1097 2132 1342 2204 σκιοειδῆ
1431 2137 1780 2211 φαντάσματα
1835 2134 1881 2170 τδ

227 2218 581 2293 πολεμοῦντα
623 2220 917 2292 ἀλλήλοις.
953 2223 1058 2280 Καὶ
1091 2222 1144 2278 ἐν
1174 2229 1291 2285 τοῖς
1322 2226 1442 2278 καθ’
1469 2226 1619 2297 ἡμᾶς
1644 2221 1700 2279 δὲ
1743 2224 1880 2298 χρό-

1989 622 2313 690 inferiores,
2378 639 2564 695 neque
2621 620 2914 686 manibus,
2975 636 3161 691 neque
3220 624 3436 677 animo.
3489 622 3634 679 Visa

1991 712 2164 783 igitur
2193 718 2250 766 et
2297 712 2507 768 auditas
2557 713 2881 768 animarum
2938 711 3130 764 formae
3179 719 3529 780 pugnantes,
3579 717 3638 767 et

1989 804 2168 856 armis
2199 808 2547 873 strepentes,
2569 806 2625 856 et
2654 802 2949 870 antiquus,
2985 800 3324 870 similesque
3355 799 3636 855 bellorum

1990 889 2238 945 faciesin
2264 890 2419 945 hunc
2437 905 2622 961 usque
2641 890 2796 944 diem
2811 888 2992 944 videri
3015 888 3322 948 aiunt.nisi
3337 889 3484 958 quod
3511 905 3638 944 om-

1990 976 2088 1032 nia
2118 977 2213 1032 illa
2248 979 2676 1048 faciendo,quzs
2701 976 2811 1032 vivi
2836 977 3107 1032 homines
3133 975 3401 1032 bellando
3426 976 3637 1046 solent,

1991 1082 2062 1121 ne
2094 1083 2326 1137 parvam
2361 1067 2597 1136 quidem
2639 1068 2807 1123 edere
2837 1082 3035 1123 vocem
3068 1066 3313 1137 possint,
3346 1069 3402 1121 et
3455 1081 3640 1121 unum

1991 1160 2288 1227 spectrum
2324 1155 2561 1227 quidem
2588 1155 2768 1210 videri
2802 1155 2860 1210 in
2877 1155 3272 1225 campojuxta
3293 1155 3512 1210 Sudam
3538 1153 3638 1226 [αι.

1989 1244 2280 1315 Soedam],
2314 1245 2414 1315 qui
2447 1244 2585 1300 olim
2636 1244 2805 1316 palus
2839 1245 2986 1298 fuit:
3013 1245 3196 1299 videri
3239 1249 3434 1299 autem
3470 1258 3644 1298 mane

1989 1334 2298 1400 visionem,
2332 1350 2539 1388 aurora
2566 1335 2690 1402 jam
2724 1341 2940 1388 terram
2988 1333 3331 1389 illustrante.
3368 1333 3640 1388 Secundo

1991 1424 2049 1478 in
2083 1423 2265 1477 Cubis
2297 1439 2501 1492 campo
2532 1423 2729 1478 Cariae.
2767 1423 2844 1478 lbi
2898 1424 3051 1480 enim
3089 1440 3200 1478 non
3235 1423 3512 1491 quotidie,
3544 1422 3643 1477 sed

1993 1512 2284 1566 interdum
2337 1512 2634 1583 aliquibus
2679 1513 2906 1580 diebus,
2957 1528 3062 1567 nec
3114 1511 3228 1566 illis
3259 1513 3454 1579 certis,
3489 1511 3646 1566 circa

1991 1600 2400 1671 crepusculum
2447 1601 2805 1656 matutinum
2867 1617 3078 1656 aurora
3134 1600 3377 1667 oriente,
3412 1603 3469 1655 in
3512 1615 3645 1656 aere

1991 1690 2313 1760 frequentia
2342 1689 2670 1745 animarum
2692 1701 2917 1761 speclra
2933 1689 3271 1745 umbrarum
3290 1690 3476 1760 figura
3492 1689 3646 1744 inter

1993 1795 2054 1834 se
2086 1779 2405 1851 pugnantia
2429 1781 2707 1836 videri.Et
2729 1785 2928 1836 nostra
2949 1784 3294 1850 tempestate
3318 1779 3489 1834 multi
3514 1795 3646 1834 nar-

1994 1874 2196 1922 rarunt
2224 1867 2492 1924 homines
2520 1870 2682 1924 bona;
2706 1869 2860 1937 ﬁdei,
2885 1869 3054 1938 juxta
3076 1867 3329 1924 Siciliam
3356 1867 3414 1922 in
3439 1883 3642 1936 campo

1992 1959 2292 2012 nominato
2314 1958 2511 2013 840a
2533 1959 2927 2029 Tetrapyrgio,
2952 1963 3010 2012 et
3039 1960 3097 2012 in
3125 1957 3257 2012 aliis
3287 1973 3401 2012 non
3438 1957 3639 2028 paucis

1992 2046 2136 2102 locis
2170 2046 2344 2101 videri
2374 2051 2640 2118 equitum
2673 2045 3061 2118 pugnantium
3095 2045 3430 2112 simulacra,
3464 2045 3644 2116 idque

1994 2136 2243 2190 maxime
2290 2135 2510 2191 aestatis
2550 2140 2832 2207 tempore,
2875 2151 3008 2191 cum
3057 2134 3504 2190 ardentissimus
3557 2137 3646 2190 est

1992 2223 2283 2280 meridies.

229 2330 349 2373 νοις
380 2309 584 2366 πολλοὶ
620 2308 984 2386 διηγήσαντο,
1019 2314 1130 2392 οὐχ
1179 2313 1288 2369 οἷοί
1332 2335 1391 2369 τε
1439 2311 1588 2375 ὄντες
1634 2313 1942 2388 ψεύδεσθαι,
1985 2313 2122 2367 κατὰ
2172 2312 2421 2368 Σικελίαν
2484 2311 2538 2368 ἐν
2585 2317 2666 2386 τῷ
2710 2311 2999 2391 λεγομένῳ
3037 2309 3210 2386 πεδίῳ
3264 2309 3642 2387 τετραπυργίῳ

233 2400 325 2454 καὶ
362 2398 415 2453 ἐν
448 2397 643 2462 ἄλλοις
683 2402 781 2456 οὑκ
838 2400 1052 2475 ὀλίγοις
1099 2402 1267 2470 αὐτῆς
1306 2403 1358 2438 ⁷⁵
1415 2403 1630 2478 μέρεσιν
1680 2404 1905 2477 ὁρᾶσθαι
1951 2402 2200 2457 ⁴ἱπποτῶν
2251 2401 2537 2475 πολεμίων
2592 2400 2998 2458 ἐπελαυνόντων
3048 2403 3326 2480 φάσματα,
3375 2401 3512 2456 κατὰ
3552 2397 3644 2453 τὸν

231 2493 333 2544 τοῦ
364 2486 552 2562 θέρους
585 2489 822 2563 μάλιστα
852 2491 1064 2564 καιρὸν,
1102 2487 1448 2567 μεσημϐρίας
1489 2494 1761 2565 σταθηρᾶς
1794 2492 1840 2528 7⁸
1868 2491 2184 2563 ἱσταμένης.

307 2582 429 2637 ’Ότι
461 2581 552 2636 τὸν
585 2576 833 2653 Σεϐήρου
881 2584 924 2619 ’⁸⁷
967 2579 1138 2637 ’ίππον
1190 2585 1322 2662 φησί
1372 2585 1671 2657 (Ῥωμαῖος
1722 2581 1769 2638 δ’
1815 2585 1879 2652 ἦν

233 2669 423 2738 οὗτος,
483 2673 568 2724 καὶ
629 2671 920 2744 Ἀνθεμίου
977 2672 1360 2747 παρασχόντος
1427 2669 1652 2735 ἐλπίδας
1720 2672 1795 2734 ὡς
1843 2674 1878 2742 ἡ

231 2759 427 2832 Ῥώμη
484 2764 718 2815 πεσοῦσα
773 2759 939 2815 πάλιν
1009 2757 1080 2815 δι’
1136 2763 1304 2816 αὑτοῦ
1360 2761 1737 2832 ἀναστήσεται,
1790 2760 1876 2816 ἐπὶ

232 2850 488 2921 Ῥώμην,
519 2849 724 2920 ταύτης
748 2852 1246 2925 προαναχωρήσας,
1304 2849 1536 2920 ἐπανῆκε
1577 2853 1661 2906 καὶ
1707 2857 1877 2925 τιμῆς

230 2937 503 3007 ὑπατικῆς
551 2933 756 3012 ἔτυγε),
787 2937 986 2994 τούτου
1027 2938 1213 2994 τοίνυν
1244 2941 1270 2994 6
1300 2939 1470 3002 ἳππος
1502 2937 1546 2993 ὦ
1594 2940 1659 2995 τὰ
1692 2937 1879 2995 πολλὰ

229 3026 467 3102 ἐχρῆτο,
541 3029 862 3103 ψηχόμενος
940 3031 1239 3104 σπινθῆρας
1298 3029 1403 3084 ἀπὸ
1470 3029 1566 3085 τοῦ
1624 3031 1878 3104 σώματος

228 3116 482 3179 πολλοὺς
508 3138 566 3173 τε
594 3117 684 3173 καὶ
715 3118 987 3194 μεγάλους
1017 3119 1192 3196 ἠφίει,
1213 3115 1318 3181 ἕως
1349 3120 1500 3192 αὑτῷ
1528 3120 1590 3175 τὸ
1619 3119 1774 3195 τέρας
1798 3120 1874 3184 είς

2066 2583 2258 2639 Severi
2291 2600 2477 2656 equus
2509 2584 2627 2656 (qui
2665 2583 2964 2640 Romanus
3005 2587 3149 2649 erat,
3183 2598 3343 2653 spem
3394 2579 3644 2637 faciente

1991 2671 2322 2738 Anthemio,
2352 2674 2592 2728 Romam
2626 2690 2888 2728 eversam
2922 2673 3130 2728 iterum
3173 2689 3272 2742 per
3302 2671 3493 2743 ipsum
3527 2668 3645 2725 eri-

1989 2765 2236 2833 gendam
2265 2763 2531 2830 Romam,
2566 2763 2675 2818 hac
2705 2779 2808 2834 spe
2841 2779 2974 2819 cum
3030 2763 3190 2832 prius
3246 2759 3638 2828 discessisset,

1989 2867 2254 2908 reversus
2284 2853 2653 2909 consulatum
2681 2853 2943 2924 adeptus)
2973 2869 2987 2908 :
3021 2851 3200 2921 hujus
3221 2850 3401 2919 igitur
3433 2866 3639 2922 equus,

1988 2957 2101 3011 quo
2136 2941 2385 2999 multum
2421 2960 2558 3000 usus
2588 2952 2694 3012 est,
2715 2949 2998 2998 tractatus
3029 2940 3316 2996 scintillas
3338 2956 3369 2995 ο
3400 2953 3640 3008 corpore

1988 3031 2226 3099 multas,
2259 3039 2316 3087 et
2343 3049 2584 3104 magnas
2625 3031 2814 3102 ejecit,
2846 3029 3131 3086 donecilli
3167 3035 3494 3098 portentum
3529 3028 3641 3083 hoc

1987 3121 2057 3175 ad
2089 3121 2456 3177 consularem
2487 3121 2838 3192 dignitatem
2873 3119 3070 3174 Romae
3097 3117 3266 3173 illum
3290 3117 3478 3172 evexit
3500 3117 3636 3188 (11).

227 3207 333 3276 τήν
367 3206 631 3276 ὑπατικὴν
663 3207 844 3282 ἀρχὴν
873 3206 926 3263 ἐν
948 3213 1016 3282 τῇ
1049 3207 1236 3283 Ῥώμῃ
1260 3208 1570 3280 κατηνὺσθη
1603 3211 1667 3265 ⁷⁸.
1703 3208 1876 3265 Ἀλλὰ

1995 3209 2097 3265 Sed
2132 3216 2189 3264 et
2217 3210 2446 3266 Tiberio
2479 3211 2704 3276 asinus,
2740 3213 2805 3263 ut
2835 3210 3010 3264 refert
3032 3208 3382 3263 Plutarchus
3414 3203 3643 3260 Charo-

227 3295 323 3352 καὶ
353 3290 584 3370 Τιϐερίῳ
613 3294 755 3367 ὄνος,
787 3297 862 3361 ὡς
895 3296 1255 3372 Πλούταρχος
1282 3298 1310 3354 6
1342 3298 1650 3374 Χαιρωνεύς
1685 3321 1874 3378 φησιν,

229 3382 313 3444 ἔτι
346 3389 615 3463 μειρακίῳ
646 3384 763 3463 ὄντι
811 3388 900 3443 καὶ
955 3389 1005 3442 ἐν
1036 3386 1222 3462 Ῥώδῳ
1267 3388 1354 3444 ἐπὶ
1405 3387 1591 3466 λόγοις
1653 3391 1878 3466 ῥητορι-

229 3482 354 3539 κοῖς
406 3472 737 3552 διατρίϐοντι
798 3480 1105 3552 [1041Β.],
1159 3479 1262 3548 τήν
1315 3478 1590 3552 βασιλείαν
1649 3477 1736 3534 διὰ
1782 3483 1880 3535 τοῦ

229 3567 405 3621 αὑτοῦ
443 3566 493 3602 ⁷9
546 3567 872 3637 παθήματος
905 3569 1301 3640 προεμήνυσεν.
1337 3565 1515 3623 Ἀλλὰ
1554 3567 1643 3622 κάὶ
1695 3573 1803 3623 τῶν
1834 3569 1882 3604 ⁸ο

225 3654 356 3727 περὶ
392 3653 643 3712 Ἀττίλαν
687 3652 782 3710 ἕνα
834 3652 962 3709 ὄντα
1017 3656 1111 3710 τὸν
1174 3653 1471 3728 Βαλίμεριν
1525 3657 1568 3692 εί
1623 3657 1729 3711 ἀπὸ
1785 3661 1882 3711 τοῦ

231 3743 440 3801 οἰκείου
511 3745 764 3818 σώματος
812 3743 1153 3799 ἂποπᾶλλειν
1207 3747 1528 3820 σπινθῆρας·
1564 3747 1592 3799 6
1641 3742 1697 3800 δὲ
1744 3748 1808 3814 ἦν
1855 3747 1882 3799 6

233 3833 536 3908 Βαλίμερις
595 3831 930 3910 Θευδερίχου
987 3836 1192 3908 πατὴρ,
1252 3835 1310 3898 ’ὸς
1369 3838 1458 3888 νῦν
1504 3836 1566 3889 τὸ
1628 3836 1882 3912 μέγιστον

236 3922 357 4000 ἔχει
417 3923 615 3999 κράτος
685 3922 918 3986 Ἰταλίας
974 3924 1155 3994 πάσης
1195 3924 1261 3981 ⁸³.
1305 3925 1460 3998 Λέγει
1513 3922 1571 3978 δὲ
1621 3925 1712 3978 καὶ
1761 3925 1884 3999 περὶ

242 4014 438 4068 ἑαυτοῦ
504 4015 532 4067 6
593 4012 929 4093 συγγραφεὺς
979 4012 1054 4077 ὡς
1113 4013 1216 4069 Καὶ
1280 4012 1404 4087 ἐμοὶ
1470 4011 1777 4087 ἒνδυομὲνῳ
1832 4034 1890 4070 τε

242 4102 335 4157 καὶ
394 4098 724 4177 ἐκδυομένῳ,
785 4102 830 4158 εί
887 4103 978 4158 καὶ
1039 4103 1260 4158 σπάνιον
1339 4107 1498 4158 τοῦτο
1583 4100 1891 4176 συμϐαίνει,

244 4186 533 4264 συμϐαίνει
592 4188 641 4246 δ’
699 4189 791 4247 οὗν
855 4193 1154 4268 σπινθῆρας
1242 4190 1527 4265 ἀποπηδᾷν
1603 4193 1890 4265 ἐξαισίους,

244 4276 357 4335 ἔσθ’
397 4278 485 4335 ὅτε
541 4279 632 4336 καὶ
695 4282 896 4337 κτύπον
964 4281 1327 4359 παρέχοντας,
1377 4281 1547 4338 ἐνίοτε
1601 4280 1657 4338 δὲ
1712 4285 1756 4320 ⁸³
1803 4285 1893 4340 καὶ

245 4367 462 4445 φλόγας
514 4367 648 4432 ὅλας
699 4368 1076 4445 καταλάμπειν
1127 4371 1192 4426 τὸ
1266 4370 1510 4445 ἱμάτιον,
1572 4373 1649 4445 μὴ
1712 4374 1892 4447 μέντοι

245 4457 526 4518 καιοῦσας.
587 4457 685 4514 Καὶ
743 4459 806 4513 τὸ
860 4459 1016 4531 τέρας
1067 4462 1280 4535 ἀγνοεῖν
1349 4461 1424 4524 εἷς
1477 4462 1506 4516 ’ὀ
1553 4460 1888 4534 τελευτήσει,

1987 3301 2206 3370 nensis,
2257 3302 2448 3358 adhuc
2471 3303 2697 3373 juveni,
2731 3306 2787 3356 et
2834 3301 2894 3355 in
2947 3299 3150 3354 Rhodo
3198 3312 3431 3368 operam
3480 3293 3644 3350 danti

1987 3390 2674 3463 eloquentiaaﬁmperium
2693 3391 2892 3446 eodem
2919 3394 3121 3444 eventu
3149 3384 3642 3458 przesignitlcavit.

1990 3479 2096 3536 Sed
2131 3492 2186 3536 et
2244 3481 2563 3537 Balemerin
2631 3496 2805 3536 unum
2874 3495 2947 3534 ex
2975 3478 3162 3534 Attila:
3195 3475 3401 3532 aulicis
3433 3482 3505 3530 de
3536 3488 3643 3530 suo

1991 3589 2231 3645 corpore
2256 3573 2468 3644 jecisse
2510 3571 2819 3628 scintillas.
2853 3569 2956 3625 Hic
2990 3567 3304 3623 Balemeris
3338 3569 3504 3637 pater
3535 3563 3647 3618 fuit

1991 3664 2335 3720 Theodorici
2384 3665 2534 3732 ejus,
2563 3663 2663 3733 qui
2718 3676 2875 3715 nunc
2926 3674 3225 3714 summum
3261 3655 3435 3712 totius
3469 3653 3644 3709 Italis:

1993 3753 2306 3824 imperium
2328 3750 2662 3807 tenet.Dicit
2679 3757 2872 3804 autem
2898 3749 3070 3803 etiam
3096 3750 3167 3802 de
3192 3746 3386 3815 seipso
3417 3748 3645 3798 auctor:

1996 3841 2184 3896 Etiam
2219 3840 2360 3894 mihi
2394 3856 2522 3895 cum
2557 3845 2614 3893 et
2666 3839 2896 3902 induor,
2929 3842 2985 3892 et
3040 3851 3240 3900 exuor,
3263 3832 3368 3888 etsi
3405 3833 3459 3885 id
3516 3844 3646 3885 raro

1997 3929 2312 3986 admodum
2346 3928 2581 3992 accidit,
2638 3925 2847 3981 accidit
2878 3929 3094 3993 tamen,
3131 3929 3191 3977 ut
3238 3919 3505 3977 scintillas
3554 3917 3648 3973 in-

1998 4024 2202 4092 gentes
2231 4016 2516 4082 exsilianl,
2550 4015 2865 4086 aliquando
2915 4030 3044 4069 cum
3096 4012 3313 4077 sonitu,
3347 4009 3646 4064 interdum

2000 4107 2174 4162 etiam
2201 4104 2448 4161 ﬂammas
2471 4105 2704 4175 integrae
2722 4095 3424 4168 vestemillustrent,nihil
3448 4101 3649 4150 tamen

2000 4201 2264 4262 exurent,
2299 4200 2356 4250 et
2402 4210 2464 4250 se
2511 4194 2777 4266 ignorare
2825 4208 2941 4264 quo
2990 4190 3100 4245 hoc
3141 4192 3476 4262 portentum
3522 4189 3652 4240 ten-

2001 4287 2181 4344 deret.
2213 4284 2444 4340 Vidisse
2474 4299 2535 4339 se
2557 4283 2638 4338 ait
2661 4291 2715 4338 et
2737 4282 3033 4338 hominem
3061 4278 3373 4352 quemdam
3406 4293 3437 4332 e
3457 4274 3652 4347 capite

2004 4374 2290 4434 scintillas
2342 4374 2722 4437 evibrantem,
2755 4377 2811 4427 et
2859 4369 3183 4435 ﬂammam,
3227 4383 3358 4424 cum
3389 4364 3586 4432 vellet,
3621 4380 3654 4421 ο

2004 4466 2193 4538 capite
2221 4471 2380 4521 veste
2428 4463 2722 4536 asperiore
2769 4463 2963 4518 attrito
3000 4459 3370 4515 excitantem.
3414 4452 3655 4528 Impulit

248 4545 386 4603 ἰδεῖν
464 4544 522 4603 δὶ
575 4548 728 4623 λέγει
782 4550 871 4603 καὶ
924 4527 1219 4623 ⁷ἄνθρωπόν
1272 4571 1391 4606 τινα
1464 4550 1570 4607 ἀπὸ
1632 4559 1732 4623 τῆς
1768 4527 1882 4609 in;

1998 4527 2216 4629 equum
2276 4571 2451 4628 quam
2499 4527 2704 4626 .potuit
2750 4551 3073 4617 celerrime,
3107 4547 3366 4621 indiguit
3414 4550 3472 4602 et
3513 4527 3653 4602 aliis

250 4635 433 4717 φαλῆς
489 4636 712 4716 ἀφιέντα
806 4639 1126 4715 σπινθῆρας,
1192 4637 1340 4696 ἀλλὰ
1406 4639 1494 4695 καί
1563 4639 1741 4719 φλόγα
1795 4641 1886 4697 ἀν-

253 4727 514 4798 άπτοντα,
546 4727 633 4782 ὅτε
671 4725 954 4801 βούλοιτο,
986 4728 1192 4802 ἱματίῳ
1221 4730 1327 4785 τινὶ
1381 4735 1580 4806 τραχεῖ
1625 4750 1892 4807 παρατρι-

252 4808 516 4888 ϐομένης.
548 4814 791 4872 ’Ήλαυνε
818 4817 911 4871 τὸν
936 4813 1130 4883 ἵππον,
1163 4816 1288 4872 ὅσον
1339 4819 1459 4894 εἶχε
1503 4820 1732 4895 τάχους”
1778 4821 1894 4896 εἶχε

252 4901 312 4959 δὶ
343 4909 451 4959 τῶν
479 4901 667 4960 ἄλλων
709 4901 1064 4981 ἐνδεέστερον.
1117 4910 1231 4961 Τῶν
1288 4905 1588 4964 πολιτικῶν
1640 4911 1896 4984 πραγμά-

247 5015 359 5051 των
392 4994 712 5071 ἆποτυχὼν,
744 4991 832 5050 ἐπὶ
863 4995 955 5051 τὸν
984 4996 1220 5071 ἡσύχιον
1267 4997 1356 5052 καὶ
1407 4998 1729 5075 ἀπράγμονα
1775 5000 1897 5074 βίον

1997 4647 2190 4703 rebus.
2252 4643 2611 4717 Reipublicae
2669 4640 3178 4698 administratione
3228 4636 3522 4701 excideus,
3581 4634 3652 4691 ad

2001 4737 2256 4808 quietam
2285 4735 2656 4805 otiosamque
2685 4732 2861 4787 vitam
2896 4746 2957 4787 se
2989 4725 3255 4795 contulit,
3291 4724 3422 4782 odio
3453 4737 3653 4778 eorum

2003 4825 2102 4897 qui
2118 4827 2176 4880 in
2195 4824 2496 4896 republica
2509 4820 2742 4878 molesti
2761 4823 2948 4876 erant.
2968 4819 3256 4876 Venerunt
3280 4814 3350 4870 ad
3373 4813 3652 4868 Severum

2006 4913 2394 4968 Brachmanni
2414 4914 2585 4981 juxta
2615 4909 3109 4976 Alexandriam,ct
3134 4903 3368 4976 proprio
3399 4899 3658 4972 hospitio

2006 5002 2140 5058 illos
2188 5008 2244 5057 et
2282 5003 2474 5057 debito
2515 4999 2674 5056 cultu
2725 5000 3002 5070 suscepit.
3041 4995 3110 5052 Ili
3159 4994 3230 5049 de
3273 4990 3465 5064 gentis
3507 5003 3661 5045 more

1620 5126 1865 5183 VARI/8
1910 5127 2292 5184 LECTIONES

325 5220 372 5256 ⁸⁸
393 5216 602 5298 βπλοις
634 5221 723 5275 καὶ
756 5221 868 5298 ἀντ.
900 5223 1002 5298 A._
1044 5223 1477 5298 “_q>atvta'tcua1a

1667 5225 1711 5261 ⁸⁸
1738 5245 1867 5301 iam
2064 5225 2111 5301 εξ
2137 5225 2205 5278 τὰ
2246 5227 2378 5301 add.
2410 5228 2475 5280 Α.

250 5290 300 5372 fg
331 5288 554 5372 Σργδαν.
578 5297 624 5348 Α
649 5310 662 5348 :
691 5290 1078 5372 ’ΣοιξδιιιζςκΔ
1100 5288 1150 5330 ⁷σ
1175 5295 1240 5372 16
1268 5288 1401 5353 add.
1433 5300 1501 5353 Α.
1524 5288 1548 5298 ’
1576 5298 1619 5334 ’¹¹
1652 5288 1991 5372 κοξϐοιςῼξ.
2046 5295 2350 5372 -Ἷξχευρίον
2385 5302 2449 5351 Α.
2525 5295 2569 5330 ⁷³
2593 5293 2656 5347 οὑ
2690 5291 3051 5372 διωρισμένας

2573 5225 2616 5258 ⁸³⁷
2659 5218 2782 5276 οὐδε
2823 5224 2868 5276 Α
2897 5239 2910 5277 :
2945 5218 3043 5274 οὐκ
3073 5219 3154 5277 C.
3259 5217 3305 5252 ⁸⁸
3335 5214 3387 5271 ἐν
3417 5215 3551 5271 add.
3595 5215 3655 5268 Α.

3141 5263 3154 5276 .
3259 5219 3305 5252 ⁸⁸
3335 5219 3387 5271 ἐν
3417 5219 3551 5271 add.
3595 5219 3655 5268 Α.

3073 5219 3164 5366 ἓ.
3205 5289 3254 5326 ⁷⁴
3281 5289 3537 5367 φάσματα

255 5363 304 5442 7:
328 5355 573 5442 αὔτῆςᾼ
598 5381 612 5420 :
641 5365 832 5442 αὐτοῖς
872 5355 980 5439 ς.”
1031 5366 1080 5400 ⁷⁸
1119 5367 1388 5441 σταθηρᾶς
1419 5387 1534 5442 om.
1570 5375 1659 5442 An
1713 5371 1757 5405 ⁷⁷
1789 5355 2358 5442 Σεϐήθρουλτῗϐερίου
2406 5373 2463 5422 et
2509 5383 2639 5422 mox
2666 5355 2826 5442 _6<piét
2851 5355 3216 5442 Eustathius
3263 5355 3332 5417 ad
3481 5376 3566 5442 “v.
3589 5355 3658 5442 Lp.

258 5435 432 5512 Rom,
460 5436 584 5512 51g,
636 5439 710 5512 3_;_
734 5431 911 5512 cujus
934 5456 1186 5512 errorem
1224 5431 1441 5512 no'Iavit
1473 5441 1763 5512 Leichius,
1796 5459 1849 5512 p.
1884 5431 2004 5496 XV.
2046 5431 2130 5475 ’⁷⁸
2165 5431 2444 5512 ἔν”Ρώμῃ
2478 5431 2807 5507 κατηνὺσθαι
2840 5436 2922 5510 ς’.
2963 5436 3009 5472 ⁷9
3040 5435 3204 5490 αὑτοῦ
3236 5451 3353 5491 om.
3383 5436 3449 5488 A.
3481 5431 3528 5467 ⁸ο
3549 5431 3660 5483 τῶν

259 5511 345 5564 A:
380 5505 474 5562 τὸν
668 5508 714 5543 ⁸⁸
748 5505 1052 5583 Βᾶλὲμεριν
1240 5511 1285 5546 ⁸³
1314 5510 1524 5581 ἁπάσης
1714 5505 1762 5549 ⁸³
1792 5505 1849 5567 δὲ
1877 5530 1994 5569 om.
2029 5515 2096 5569 A.

1820 5633 2054 5690 NOTIE.

334 5736 447 5810 (11)
485 5736 669 5802 Quem
698 5739 909 5797 Tiberii
943 5739 1085 5813 imp.
1119 5740 1332 5811 Vitam,
1364 5739 1464 5797 sed
1497 5757 1624 5813 qua:
1654 5741 1968 5811 intercidit,
2001 5742 2420 5815 conscripsisse
2454 5741 2629 5798 refert
2656 5739 2712 5796 in
2747 5737 3020 5811 Catalogo
3051 5734 3346 5808 Lamprid.
