4090 6422
261 396 423 459 1269
1355 399 1896 460 BIBLIOTHECA.
1943 430 2020 441 —
2063 397 2240 458 COD.
2285 396 2570 458 CCXLII.
3509 385 3666 450 1270

260 529 458 586 ἔλαθον
501 531 564 587 τὸ
611 527 824 605 ἱέρωμα
865 529 1186 600 κατάξαντες
1224 531 1313 586 καὶ
1361 530 1783 610 διαφθείραντες,
1815 530 1904 586 καὶ

2025 547 2164 587 nes:
2199 529 2554 587 fodientibus
2596 543 2731 584 vero
2779 527 3042 597 apparet,
3072 524 3467 598 prominetque
3513 524 3668 580 anti-

264 619 632 694 ἀπορούμενοι
681 618 999 688 τελεστικῆς
1042 620 1298 694 βοηθείας
1357 622 1408 675 οἱ
1462 620 1755 697 ἐπιχώριοι
1817 622 1910 674 ἀν-

2025 621 2290 691 quissimi
2325 621 2526 691 templi
2562 615 2963 687 pinnaculum.

267 707 512 783 θρωπίνῃ
575 705 786 783 σπουδῇ
826 708 916 762 καὶ
971 708 1138 785 τέχνῃ
1170 711 1260 764 τὸν
1314 709 1509 781 λιμένα
1545 711 1708 784 μόλις
1769 711 1983 769 ἑαυτοῖς
2021 707 2415 780 περισώζουσιν
2476 705 2528 760 οἱ
2587 703 2900 780 Αἰγύπτιοι.
2954 703 3017 757 Οἱ
3067 699 3123 756 δὲ
3179 698 3431 768 ἐδίωκον,
3465 701 3516 755 οἱ
3567 707 3668 769 τῆς

263 799 520 872 γυναικὸς
579 798 924 872 θεράποντες,
976 799 1068 854 τὸν
1133 797 1266 853 κύνα
1330 800 1618 878 φεύγοντα,
1667 806 1767 870 τῆς
1845 794 2090 866 Λιϐυκῆς
2149 797 2414 872 στρουθοῦ
2486 795 2552 850 τὰ
2611 795 2740 868 κρέα
2795 791 3127 868 ἁρπάσαντα.
3186 789 3545 865 Ὀρυττόντων
3612 786 3670 844 δὲ

261 885 558 942 ἀνακόπτει
585 889 677 942 καὶ
719 886 1024 964 ἑκφαίνεται
1055 886 1392 943 παλαιτάτου
1421 889 1524 943 νεὼ
1564 887 1807 962 ἀὲτωμα.

333 978 456 1034 ’Ότι
489 977 518 1032 ὁ
566 977 820 1051 Ἑρμείας
852 979 874 1012 ²
921 977 1074 1052 γένος
1108 978 1201 1050 μὲν
1246 978 1311 1046 ἧν
1362 976 1768 1052 Ἀλεξανδρεὺς,
1809 998 1914 1032 πα-

259 1065 365 1138 τὴρ
399 1061 445 1119 δ’
477 1064 800 1138 ’Δμμωνίου
830 1066 921 1120 καὶ
952 1062 1318 1139 Ἡλιοδώρου.
1357 1067 1532 1129 Οὗτος
1563 1066 1809 1135 ἐπιεικὴς
1847 1067 1914 1135 ἧν

260 1154 361 1222 τὴν
404 1152 562 1231 φύσιν
596 1155 685 1208 καὶ
719 1153 928 1217 ἀπλοῦς
959 1156 1020 1210 τὸ
1053 1155 1212 1224 ἧθος,
1244 1156 1556 1230 ἠκροάσατο
1587 1155 1644 1210 δὲ
1673 1156 1760 1210 κάῖ
1811 1163 1910 1211 Συ-

268 1247 450 1315 ριανοῦ
480 1242 570 1298 σὺν
601 1241 860 1316 Πρόκλῳ.
894 1242 1199 1315 Φιλοπονίᾳ
1253 1246 1346 1317 μὲν
1379 1247 1536 1307 οὗτος
1588 1243 1804 1308 οὐδενος
1849 1245 1914 1312 ἦν

265 1328 536 1402 δεύτερος,
569 1333 832 1408 ἀγχίνους
882 1330 938 1388 δὲ
971 1329 1089 1389 οὔτι
1119 1336 1142 1370 ³
1190 1335 1396 1413 σφόδρα
1425 1335 1514 1404 ἦν,
1564 1331 1688 1390 οὐδὲ
1736 1334 1914 1408 λόγων

265 1420 492 1494 εὑρετὴς
547 1419 966 1491 ἀποδεικτικῶν,
1032 1420 1158 1477 οὐδὲ
1209 1428 1448 1498 γενναῖος
1509 1421 1612 1497 ἄρα
1673 1425 1912 1493 ζητητής

263 1509 524 1579 ἀληθείας
557 1530 570 1542 ·
623 1507 817 1566 οὔκουν
863 1509 979 1566 οὐδ’
1047 1512 1163 1574 οἷός
1205 1532 1262 1567 τε
1313 1513 1549 1588 ἑγεγόνει
1602 1514 1737 1586 πρὸς
1787 1514 1916 1567 ἁπο-

268 1602 492 1672 ροῦντας
526 1599 660 1655 κατά
685 1600 748 1654 τὸ
778 1602 1035 1674 καρτερὸν
1080 1601 1554 1674 ἀνταγωνίζεσθαι,
1587 1601 1765 1656 καίτοι
1812 1601 1912 1675 ὲμο

264 1687 469 1760 ὲμνητο
496 1689 570 1750 ὡς
602 1689 773 1743 εἰπεῖν
805 1692 1016 1745 πάντων
1051 1691 1125 1745 ὧν
1153 1711 1210 1745 τε
1241 1690 1464 1760 ἀκηκόει
1509 1695 1604 1746 τοῦ
1637 1693 1760 1763 [555
1821 1693 1914 1762 Η.]

265 1772 598 1832 διδασκάλου
643 1777 1010 1853 ὲξηγουμὲνου
1070 1779 1160 1835 καὶ
1206 1785 1313 1834 τῶν
1373 1778 1427 1834 ἐν
1491 1774 1731 1856 βιϐλίοις
1786 1779 1913 1834 ἀνα-

2095 977 2360 1032 Hermias
2391 975 2626 1031 natione
2646 972 3087 1039 Alexandrinus,
3114 979 3277 1043 paler
3296 969 3585 1027 Ammonii
3615 974 3672 1026 et

2024 1065 2335 1122 Heliodori.
2362 1065 2462 1119 Hic
2486 1064 2590 1119 fuit
2622 1069 2828 1118 natura
2859 1063 3047 1117 bonus
3077 1066 3134 1116 et
3165 1058 3672 1130 simplex,auditor

2025 1156 2253 1229 Syriani
2283 1157 2395 1227 (12)
2425 1171 2560 1211 cum
2593 1153 2809 1210 Proclo.
2845 1151 3084 1207 Laboris
3115 1151 3309 1207 studio
3341 1149 3486 1204 nulli
3520 1151 3668 1204 infe-

2025 1248 2140 1302 rior
2172 1263 2186 1302 :
2219 1247 2403 1301 solers
2427 1251 2619 1300 tamen
2654 1259 2768 1298 non
2794 1243 3110 1297 admodum
3149 1242 3388 1307 fuit,nec
3410 1240 3575 1294 firma
3599 1239 3667 1295 ad

2024 1353 2143 1392 rem
2178 1345 2519 1409 argumenta
2549 1332 2806 1389 invenire
2832 1339 3271 1404 poterat,neque
3295 1346 3541 1400 magnus
3570 1346 3668 1386 ve-

2025 1428 2216 1482 ritatis
2246 1426 2838 1497 investigator.Quare
2871 1440 2983 1477 non
3022 1427 3245 1492 poterat
3271 1428 3472 1476 contra
3503 1421 3674 1474 dubi-

2023 1521 2214 1571 tantes
2249 1518 2467 1571 fortiter
2499 1516 2800 1579 dimicare,
2833 1513 3100 1582 quamvis
3131 1526 3196 1565 ea
3222 1511 3501 1564 memoria
3523 1508 3672 1564 vale-

2023 1611 2129 1672 ret,
2164 1611 2229 1659 ut
2287 1606 2551 1659 recitaret
2580 1617 2942 1673 quaecunque
2974 1616 3008 1655 a
3050 1605 3397 1670 praeceptore
3429 1600 3676 1654 docente

2023 1694 2356 1762 audivisset,
2415 1708 2661 1764 quaeque
2709 1690 2943 1762 scriptis
2998 1689 3276 1744 mandata
3317 1693 3534 1744 essent.
3567 1688 3673 1743 Sed

2025 1785 2236 1838 mentis
2267 1782 2536 1839 celeritas
2568 1797 2701 1837 cum
2733 1779 2994 1835 discendi
3028 1777 3220 1834 studio
3254 1793 3370 1833 non
3418 1778 3671 1848 vigebat.

262 1839 882 1941 Ytypappévwv.,’xnt'5:
910 1870 972 1924 τὸ
1020 1870 1370 1939 αὐτοκίνητον
1410 1839 1813 1944 ούιπροσήνθει
1845 1873 1910 1943 τῇ

2025 1871 2236 1926 Virtuti
2301 1871 2596 1943 egregiam
2658 1885 2892 1941 operam
2927 1867 3175 1932 navavit,
3210 1871 3274 1922 ut
3332 1839 3567 1921 nihilvin
3601 1880 3667 1920 eo

260 1955 585 2028 πολυμαθία
614 1957 657 2012 ⁴.
710 1957 794 2014 Τά
833 1954 890 2012 δὲ
945 1959 1084 2031 πρὸς
1133 1958 1333 2029 ἀρετὴν
1373 1955 1430 2014 εὖ
1479 1955 1711 2030 ἤσκητο,
1774 1961 1910 2015 ὥστε

267 2041 400 2116 μηδ’
429 2043 492 2098 ἂν
517 2045 609 2099 τὸν
660 2049 845 2120 μῶρον
898 2047 1060 2102 αὐτὸν
1112 2047 1578 2119 ἐπιμωμήσασθαι
1629 2045 1769 2120 μηδὲ
1825 2071 1916 2122 μι-

266 2140 427 2203 σῆσαι
486 2134 578 2188 τὸν
625 2134 842 2214 φθόνον.
892 2137 1065 2198 Οὗτος
1120 2134 1342 2192 ἰδιώτου
1400 2138 1529 2192 ποτὲ
1597 2136 1916 2200 πωλοῦντος

265 2223 415 2294 αύτῷ
449 2217 690 2296 βιϐλίον,
731 2226 820 2279 καὶ
870 2219 1095 2282 ἔλαττον
1126 2227 1266 2300 ἥπερ
1316 2228 1380 2296 ἦν
1424 2225 1568 2299 ἄξιον
1615 2226 1916 2296 αῗτοῦντος,

263 2308 628 2383 ἇπηνώρθωσέ
676 2331 734 2366 τε
777 2313 878 2382 τὴν
929 2311 1144 2384 πλάνην
1191 2314 1283 2368 καὶ
1333 2311 1587 2376 πλείονος
1644 2315 1914 2386 ὠνήσατο.

263 2400 363 2454 Καὶ
395 2399 508 2473 οὐχ
555 2401 691 2473 ἅπαξ
722 2402 822 2470 τήν
865 2398 1211 2472 δικαιοσύνην
1269 2401 1490 2474 ταύτην,
1539 2407 1606 2473 ἧς
1650 2409 1767 2468 τοῖς
1814 2403 1918 2460 ἅλ-

262 2484 386 2549 λοις
418 2485 546 2542 οὐδέ
573 2510 657 2550 τις
686 2491 751 2558 ἦν
773 2492 793 2526 ⁸
825 2489 1150 2570 ἐπιστροφὴ,
1183 2489 1329 2548 ἀλλά
1358 2491 1632 2554 πολλάκις
1654 2496 1693 2560 ⁸,
1729 2495 1915 2557 ὁσάκις

259 2572 565 2634 συνέϐαινεν
624 2579 840 2654 ἀγνοεῖν
899 2595 992 2636 τον
1041 2583 1417 2655 πιπράσκοντα
1463 2585 1526 2638 τὸ
1576 2580 1781 2639 δίκαιον
1831 2585 1914 2639 τί-

265 2689 453 2742 μημα,
495 2665 858 2740 ἐπεδείκνυτο,
891 2671 956 2726 ού
998 2673 1130 2726 κατὰ
1157 2671 1284 2734 τοὺς
1334 2670 1541 2733 ἄλλους
1590 2674 1810 2747 ἀγαπῶν
1853 2675 1913 2729 τὸ

269 2752 520 2830 ἓρμαιον,
539 2757 666 2813 οὐδὲ
696 2758 905 2829 οἰηθεὶς
936 2761 956 2797 ⁷
979 2759 1081 2834 ἄρα
1109 2759 1279 2833 μηδὲν
1306 2759 1534 2831 ἀδικεῖν,
1557 2762 1602 2817 εἰ
1634 2762 1769 2819 ἑκὼν
1790 2765 1915 2837 πᾶρ’

263 2845 483 2907 δκόντος
516 2847 698 2902 ὁτιοῢν
749 2845 1025 2918 ἐωνήσατο
1059 2868 1072 2883 ⁶
1123 2851 1212 2905 καὶ
1257 2851 1360 2926 γὰρ
1401 2849 1613 2926 ἔνεδράν
1664 2873 1786 2907 τινα
1838 2853 1911 2906 εἶ-

265 2955 351 2990 ναι
382 2935 408 2970 ⁸
441 2940 520 3004 τῷ
548 2936 828 3012 πράγματι
857 2939 947 2993 καὶ
993 2941 1226 3009 ἀπάτην,
1273 2941 1336 2996 ού
1378 2938 1638 3016 λέγουσαν
1676 2942 1738 2996 τὸ
1789 2945 1916 3016 ψεῦ-

263 3020 380 3092 δος,
408 3022 555 3080 ἀλλά
590 3021 880 3082 σιωπῶσαν
919 3029 1018 3096 τήν
1060 3028 1342 3100 ἀλήθειαν,
1371 3031 1466 3086 καὶ
1504 3027 1710 3086 ἂδικίαν
1750 3028 1910 3085 οὖσαν

261 3109 539 3168 λανθάνειν
571 3113 696 3176 τοὺς
722 3113 989 3186 πολλοὺς,
1021 3115 1082 3172 ού
1119 3116 1317 3193 βίαιον,
1352 3117 1837 3191 ἀλλάκλοπιμαίαν
1867 3122 1908 3189 ³,

261 3197 380 3256 οὐδ’
411 3202 459 3237 ¹⁰
515 3200 850 3259 ἐπικίνδυνόν
904 3226 1025 3260 τινα
1081 3203 1286 3280 λῃστοῦ
1345 3204 1502 3276 δίκην
1548 3206 1908 3278 κλέπτουσαν,

256 3286 387 3344 ἀλλ’
419 3290 523 3346 ὑπὸ
557 3291 651 3365 μὲν
683 3296 780 3347 τοῦ
812 3293 984 3366 νόμου
1017 3294 1336 3370 ἀφειμένην,
1366 3297 1430 3351 τὸ
1457 3296 1514 3351 δὲ
1545 3294 1753 3352 δίκαιον
1781 3298 1908 3351 ἀνασ

253 3377 578 3454 τρέπουσαν.
643 3382 766 3438 ’Ότι
819 3383 847 3436 ὁ
898 3387 938 3421 ¹¹
998 3380 1230 3460 ἀδελφὸς
1287 3385 1544 3458 Ἑρμείου
1604 3388 1906 3461 Γρηγόριος

255 3469 394 3523 ἅπαν
426 3469 494 3537 ἦν
526 3470 863 3541 τούναντίον,
898 3470 1156 3543 ὀξύτατος
1207 3472 1303 3544 μὶν
1334 3473 1408 3534 εἰς
1458 3469 1771 3548 ὑπερϐολην
1817 3473 1908 3528 καὶ

255 3554 539 3626 εὒκίνητος
572 3557 660 3612 ἐπὶ
694 3561 738 3595 1³
782 3560 881 3621 τὰς
911 3562 1168 3630 ζητήσεις
1219 3563 1306 3616 καὶ
1348 3563 1444 3624 τὰς
1495 3565 1778 3634 μαθήσεις,
1811 3561 1907 3619 ἄλ·

259 3645 374 3710 λως
404 3645 460 3702 δὲ
491 3647 601 3725 ούχ
633 3647 868 3726 ἡσύχιος
893 3647 1016 3704 οὐδὲ
1046 3651 1286 3724 γαλήνην
1321 3651 1374 3706 ἐν
1404 3658 1519 3713 τοῖς
1551 3651 1702 3722 ἤθεσι
1737 3662 1910 3728 φέρων

255 3737 401 3802 τινὰ,
443 3736 590 3792 ἀλλά
619 3758 670 3791 τι
699 3738 787 3793 καὶ
823 3741 1273 3812 παρακεκινηκὼς
1307 3741 1370 3777 ¹³⁶
1403 3739 1622 3816 ὕστερον
1659 3744 1702 3780 ¹⁴
1735 3739 1791 3796 δὲ
1823 3743 1908 3797 καὶ

251 3828 325 3898 τῇ
354 3825 498 3897 νόσῳ
530 3824 679 3881 ἰάλω
711 3827 799 3881 ἐπὶ
832 3827 1026 3896 πλέον,
1059 3827 1198 3884 ὥστε
1228 3827 1569 3904 δύσχρηστον
1599 3832 1764 3886 αὐτοῦ
1794 3836 1910 3894 τοῖς

257 3915 557 3991 λογισμοῖς
597 3917 687 3972 καὶ
728 3917 871 3972 πολὺ
897 3918 1278 3992 παραλλάτνον
1301 3922 1545 3996 γενίσθαι
1567 3921 1629 3976 τὸ
1660 3917 1908 3996 ἕργανον,

255 4004 378 4062 ’Ότι
428 4009 510 4076 τῷ
550 4005 773 4080 Ἑρμείᾳ
829 4007 888 4062 ἐκ
946 4015 1046 4077 τῆς
1097 4008 1346 4072 Αίδεσίας
1395 4005 1756 4084 πρεσϐύτερον
1805 4015 1912 4066 τῶν

260 4093 579 4173 φιλοσόφων
615 4097 773 4152 υἱέων
803 4098 1047 4155 τίκτεται
1095 4098 1334 4170 παιδίον,
1367 4102 1455 4155 καὶ
1504 4103 1538 4170 ἡ
1585 4099 1805 4157 Δῖδεσία
1834 4105 1914 4173 τῷ

259 4185 367 4239 υἱεῖ
397 4185 531 4240 ἑπτά
583 4192 758 4258 μῆνας
806 4185 916 4242 ἀπὸ
946 4187 1204 4264 γενέσεως
1252 4187 1442 4264 ἄγοντι
1481 4189 1811 4264 προσέπαιζέ
1857 4211 1914 4244 τε

257 4274 350 4327 οἷα
380 4271 546 4342 εἰκὸς,
579 4275 666 4329 καὶ
707 4271 897 4348 βάϐιον
929 4277 1017 4332 καὶ
1047 4275 1264 4333 παιδιόν
1313 4278 1563 4334 ἀνεκάλει
1597 4281 1662 4349 ¹⁵,
1713 4279 1913 4336 ὑποκο·

257 4361 482 4434 ρίζουσα
519 4363 621 4431 τὴν
665 4367 870 4440 φωνήν.
922 4367 980 4422 Ὀ
1034 4363 1092 4421 δὲ
1142 4365 1374 4430 ἀκούσας
1429 4365 1774 4444 ἠγανάκτησε
1824 4370 1914 4424 καὶ

257 4447 551 4524 ἐπετίμησε
597 4453 689 4508 τὸν
743 4450 994 4509 παιδικὸν
1045 4459 1242 4512 τοῦτον
1281 4456 1680 4532 ὑποκορισμὸν,
1729 4459 1822 4512 καὶ
1865 4459 1913 4497 ⁸⁸

257 4535 672 4614 διηρθρωμένην
735 4543 831 4610 τὴν
895 4541 1206 4618 ἐπιτίμησιν
1268 4547 1572 4623 ἐξενεγκὼν.
1606 4547 1706 4602 Καὶ
1766 4544 1912 4604 ἄλλα

258 4624 316 4682 δὲ
354 4627 541 4685 πολλά
570 4630 694 4706 περὶ
721 4635 821 4688 τοῦ
849 4631 1048 4696 παιδὸς
1077 4633 1275 4690 τούτου
1303 4636 1682 4714 τερατολογεῖ,
1709 4637 1801 4692 καὶ
1830 4637 1915 4693 ὅτι

255 4717 362 4772 οὐκ
402 4718 739 4798 ἀνεχόμενος
786 4723 886 4789 τὴν
915 4722 968 4779 ἐν
1022 4725 1239 4798 σώματι
1282 4727 1429 4796 ζωὴν
1477 4727 1614 4782 ἒπτά
1658 4727 1791 4783 ἐτῶν
1817 4732 1914 4783 τοῦ

261 4807 386 4881 βίου
425 4809 628 4882 ἀπέστη
661 4830 674 4846 ο
711 4811 773 4867 οὐ
807 4813 912 4888 γὰρ
943 4813 1149 4890 ἐχώρει
1182 4817 1350 4872 αύτοῦ
1379 4818 1478 4887 τήν
1512 4819 1700 4892 ψυχὴν
1731 4819 1759 4872 ὁ
1791 4819 1914 4892 περὶ

258 4902 362 4971 γῆν
396 4894 486 4952 ὅδε
513 4897 702 4962 τόπος.
737 4899 913 4958 Βάϐια
945 4900 1001 4958 δὲ
1041 4907 1092 4959 οἱ
1133 4905 1323 4980 Σύροι,
1357 4908 1443 4962 καὶ
1491 4906 1728 4980 μάλιστα
1759 4907 1811 4962 οἱ
1859 4906 1911 4962 ἐν

256 4992 552 5060 Δαμασκῷ,
579 4990 643 5044 τὰ
691 4994 883 5068 νεογνὰ
935 4991 1170 5049 καλοῦσι
1213 4993 1424 5067 παιδία,
1475 4997 1582 5066 ἤδη
1627 4995 1684 5052 δὲ
1731 4996 1818 5052 καὶ
1849 4997 1914 5051 τὰ

2025 1961 2252 2016 Mumus
2283 1961 2408 2031 ipse
2439 1960 2881 2030 reprehendere,
2909 1973 3012 2012 nec
3065 1957 3208 2012 livor
3236 1956 3428 2011 odisse
3457 1960 3673 2025 posset.

2029 2051 2168 2107 Cum
2201 2050 2567 2119 imperitusei
2593 2049 2805 2102 librum
2831 2049 3174 2108 venderet.et
3202 2045 3449 2116 pretium
3476 2044 3675 2098 minus

2031 2157 2204 2210 quam
2236 2140 2450 2194 Valeret
2501 2139 2779 2207 exigeret,
2810 2137 3064 2192 hominis
3116 2150 3371 2189 errorem
3405 2134 3672 2199 correxit,

2029 2236 2086 2286 et
2143 2229 2330 2301 pluris
2388 2229 2552 2284 emit.
2595 2227 2709 2283 Nec
2768 2225 2942 2282 semel
2976 2225 3126 2279 hanc
3158 2225 3476 2293 justitiam,
3508 2222 3677 2292 cujus

2027 2319 2255 2374 nullam
2281 2318 2376 2374 alii
2421 2319 2706 2372 rationem
2741 2316 2976 2380 habent,
3003 2329 3201 2368 verum
3233 2312 3409 2366 etiam
3443 2309 3673 2381 saapius,

2027 2407 2259 2478 quoties
2289 2406 2649 2462 venditorem
2677 2404 2936 2458 debitum
2970 2401 3220 2474 pretium
3246 2400 3516 2471 ignorare
3545 2415 3672 2454 con-

2028 2498 2276 2567 tigisset,
2309 2498 2598 2552 ostendit:
2634 2511 2748 2549 non
2781 2493 3030 2548 aliorum
3055 2507 3215 2546 more
3256 2487 3486 2545 fortuito
3510 2487 3670 2543 lucro

2027 2587 2280 2652 deditus,
2307 2593 2467 2640 ratus
2497 2583 2750 2654 aliquam
2783 2598 2846 2637 se
2877 2580 3155 2651 iniuriam
3190 2576 3557 2644 facturum,si
3582 2591 3673 2630 vo-

2025 2676 2151 2731 lens
2181 2693 2216 2730 a
2243 2677 2469 2730 volente
2501 2674 2678 2730 etiam
2713 2670 2922 2742 quovis
2947 2669 3118 2724 modo
3149 2665 3536 2723 emeret.Nam
3567 2666 3670 2720 do-

2025 2764 2147 2821 lum
2191 2764 2507 2836 quemdam
2541 2777 2671 2817 esse
2712 2761 2772 2814 in
2804 2763 3102 2814 contractu
3130 2764 3184 2811 et
3233 2755 3521 2821 fraudem,
3552 2768 3670 2808 non

2024 2854 2284 2910 indicare
2314 2867 2593 2919 errorem,
2617 2851 2718 2905 sed
2768 2848 3070 2903 veritatem
3103 2843 3415 2910 occultare,
3447 2847 3504 2897 et
3534 2855 3668 2898 cum

2024 2944 2098 3000 sit
2123 2942 2337 3013 injuria
2373 2958 2488 2996 non
2520 2939 2771 2995 violenta
2800 2937 2902 2994 sed
2953 2935 3205 3003 fortuita,
3240 2931 3545 3005 plerosque
3575 2930 3668 2988 la-

2020 3037 2274 3101 tere,nec
2301 3030 2477 3086 furari
2507 3029 2751 3100 aliquid,
2781 3029 2971 3082 instar
3011 3025 3326 3084 latronum.
3359 3037 3490 3078 cum
3521 3019 3671 3090 peri-

2022 3122 2172 3188 culo,
2205 3122 2301 3176 sed
2330 3139 2363 3176 a
2395 3121 2518 3190 lege
2566 3118 2803 3190 quidem
2857 3113 3096 3178 absolvi,
3124 3111 3421 3183 justitiam
3472 3115 3666 3166 autem

2022 3226 2410 3280 corrumpere.
2461 3208 2676 3264 Habuit
2734 3207 2972 3260 fratrem
3031 3201 3372 3273 Gregorium
3429 3199 3668 3254 omnino

2022 3299 2384 3364 dissimilem,
2419 3298 2550 3370 plus
2582 3297 2762 3352 nimio
2797 3301 3056 3357 acutum,
3089 3297 3147 3347 et
3195 3291 3264 3345 ad
3315 3288 3668 3361 quaestiones

2022 3398 2081 3447 et
2132 3389 2474 3461 disciplinas
2503 3389 2836 3459 expeditum
2870 3399 2885 3451 ;
2921 3379 3269 3452 ceteroquin
3314 3377 3666 3445 inquietum,

2022 3496 2127 3536 nec
2159 3479 2402 3550 placidis
2430 3476 2711 3540 moribus,
2744 3474 2843 3529 sed
2896 3469 3161 3527 nonnihil
3194 3473 3399 3524 emotze
3432 3464 3666 3521 mentis.

2025 3572 2159 3625 Post
2189 3575 2380 3624 autem
2410 3567 2608 3623 crebro
2634 3565 2835 3620 morbo
2861 3566 3163 3630 correptus
3194 3563 3301 3623 est,
3337 3563 3400 3610 ut
3427 3556 3670 3610 rationis

2020 3677 2130 3714 usu
2168 3676 2362 3729 parum
2386 3657 2624 3716 valeret.
2647 3655 2840 3710 84Ib
2870 3658 2928 3707 et
2967 3665 3253 3718 organum
3287 3646 3453 3700 valde
3488 3658 3668 3699 muta-

2021 3759 2197 3803 retur.
2230 3749 2412 3802 Natus
2443 3753 2530 3802 est
2562 3745 2802 3799 Hermus
2835 3758 2902 3796 ex
2949 3739 3181 3796 Edesia
3230 3735 3406 3800 filius,
3439 3740 3673 3788 caeteros

2022 3837 2499 3909 phiIOSOpborum
2534 3833 2684 3888 filios
2707 3846 2997 3902 superans
3024 3845 3037 3882 :
3069 3832 3125 3881 et
3143 3823 3364 3881 Edesia
3398 3837 3525 3876 cum
3553 3819 3673 3874 filio

2013 3927 2138 3996 jam
2164 3931 2387 3996 septem
2418 3929 2555 3978 nato
2585 3935 2838 3985 menses,
2864 3927 2923 3972 ut
2956 3915 3078 3972 ﬁeri
3120 3917 3301 3981 amat,
3333 3912 3662 3981 iocabatur,

2023 4020 2079 4069 ct
2111 4013 2347 4068 Babium
2381 4020 2434 4066 et
2467 4009 2722 4081 puellum
2749 4023 2886 4064 voce
2926 4003 3274 4060 diminutiva
3313 3997 3669 4070 appellabat.

2024 4105 2192 4158 Pater
2249 4101 2495 4156 audiens
2551 4107 2908 4170 conquestus
2960 4098 3071 4162 est,
3102 4100 3160 4148 et
3211 4087 3492 4159 increpuit
3525 4087 3674 4141 hanc

2025 4191 2306 4264 puerilem
2339 4189 2810 4250 diminutionem,
2843 4189 2900 4241 et
2919 4182 3282 4239 articulatam
3316 4175 3673 4247 increpando

2023 4297 2220 4337 vocem
2256 4278 2494 4352 protulit
2525 4294 2538 4332 :
2577 4275 2805 4347 aliaque
2837 4273 3021 4329 multa
3052 4272 3124 4325 de
3179 4268 3276 4325 illo
3309 4281 3486 4338 puero
3527 4265 3677 4319 mira

2026 4371 2321 4435 dicuntur,
2352 4385 2484 4424 eum
2516 4366 2740 4423 scilicet
2791 4364 2967 4419 vitam
3016 4361 3075 4416 in
3116 4372 3355 4428 corpore
3379 4370 3491 4410 non
3529 4353 3677 4408 tole-

2027 4475 2206 4528 rasse,
2239 4459 2336 4514 sed
2369 4458 2620 4529 septimo
2652 4471 2805 4510 anno
2863 4452 3052 4506 vivere
3109 4447 3376 4512 desiisse,
3410 4459 3515 4500 nec
3547 4443 3675 4511 ejus

2024 4554 2279 4606 animam
2312 4553 2639 4604 terrestrem
2679 4543 2933 4615 aliquem
2967 4540 3158 4596 locum
3192 4534 3513 4607 excepisse.
3545 4532 3676 4602 Syri

2027 4645 2083 4697 et.
2112 4639 2364 4694 maxime
2393 4637 2491 4708 qui
2522 4636 2579 4690 in
2604 4635 2886 4690 Damasco
2917 4629 3210 4691 habitant,
3242 4640 3448 4694 pueros
3470 4636 3675 4678 recens

2025 4737 2192 4785 natos
2242 4726 2418 4783 Babia
2473 4729 2700 4780 vocant.
2732 4723 2862 4778 Jam
2896 4736 3029 4775 vero
3087 4723 3145 4773 et
3193 4714 3591 4771 adolescentes
3641 4725 3676 4764 a

2025 4818 2132 4874 dea
2176 4817 2375 4882 Babia,
2399 4832 2526 4887 quae
2549 4815 2703 4884 apud
2733 4811 2866 4868 illos
2890 4813 3129 4881 putatur
3151 4821 3299 4870 esse,
3324 4803 3408 4859 sic
3439 4803 3671 4855 vocant.

2021 4909 2148 4962 Jam
2171 4906 2325 4962 enim
2353 4903 2618 4961 nonnulli
2639 4916 2864 4968 eorum,
2887 4899 2982 4968 qui
3004 4910 3176 4952 aures
3200 4895 3410 4949 fractas
3433 4889 3669 4955 habent,

2024 5003 2082 5053 et
2111 5012 2349 5051 sensum
2377 4996 2774 5066 depravatum,
2799 4991 2854 5044 in
2887 4984 3231 5045 commdiam
3263 4986 3321 5038 et
3377 4981 3437 5035 in
3487 4977 3671 5034 risum

1611 5108 1846 5162 VARI/E
1887 5105 2302 5162 LECTIONES.

324 5195 776 5272 ’Τερμείαςὶρΐο
822 5203 1031 5260 Suidas
1065 5204 1120 5260 h.
1172 5222 1226 5260 ν.

247 5270 385 5325 add.
428 5268 492 5324 A.
596 5268 806 5326 ⁸’ἀλλὰ
835 5274 922 5327 καὶ
974 5273 1144 5331 πολλ.
1179 5275 1260 5331 C.

245 5344 484 5420 πιμαῖον
515 5345 604 5420 A.“
663 5343 740 5420 _'_'
769 5341 883 5420 οὔθ’
1060 5419 1067 5420 7
1103 5346 1146 5384 ¹¹
1181 5341 1356 5405 ὅοῐη.
1398 5354 1462 5406 Α.

249 5428 290 5493 e_
319 5413 614 5493 liamafcii
663 5415 901 5493 historia
931 5413 1353 5489 'philosophica
1410 5421 1668 5493 apponit.

247 5555 410 5616 ὁποκ.
454 5555 630 5633 τορόν
649 5563 711 5615 Β.

1337 5206 1358 5240 ⁸
1389 5201 1504 5275 οὔτι
1537 5238 1605 5247 -
1653 5201 1782 5259 οὐδέ
1831 5212 1871 5259 Α
1910 5223 1922 5259 :
1972 5201 2096 5258 οὔτε
2125 5235 2196 5247 -
2244 5197 2365 5256 οὔτε
2544 5202 2605 5275 u‘
2636 5195 2941 5275 (gelopafiiqt
3132 5191 3241 5275 3&1
3267 5189 3330 5244 τὸ
3351 5195 3437 5275 AB.

1365 5278 1386 5312 ⁷
1427 5273 1526 5351 ἄρα
1575 5281 1802 5351 deum
1852 5277 2024 5351 Suida
2070 5294 2125 5351 ν.
2177 5268 2439 5348 Ἑρμαῖοῦ
2489 5268 2788 5351 ειὸτι
2851 5268 3241 5351 ξῃοηοοενεῖ

3550 5187 3574 5220 ε
3601 5183 3664 5253 ἦν

2851 5270 2872 5304 ⁸
2906 5257 3096 5324 ήοηῖιθ
3135 5257 3380 5318 ἐνέῖναιῗ
3479 5259 3503 5293 ⁹
3529 5257 3668 5313 κλο-

2538 5269 2620 5326 ὅτι

1575 5312 1622 5333 λι
1671 5312 1802 5332 υυιιι
1853 5312 2024 5332 ιὐιυη
2081 5312 2125 5332 ν.
2195 5312 2438 5348 “Frui-‘4'
2489 5316 2500 5328 ο
2539 5312 2620 5326 ιιι·
2659 5312 2697 5352 ἲ
2725 5312 2737 5324 ι
2907 5312 3096 5324 ..νιουυ
3136 5312 3329 5318 ν---γν-ν
3359 5312 3370 5316 ν
3535 5312 3539 5313 ν

1567 5349 1612 5384 ¹²
1643 5346 1752 5421 ἐπὶ]
1786 5345 1869 5402 ἐπί
1898 5367 1955 5402 τε
1987 5349 2192 5402 Suidns
2223 5350 2293 5416 (v.
2338 5345 2642 5418 Γρηγόριος
2674 5338 2954 5415 αδελφός),
2987 5341 3084 5409 qui
3121 5339 3226 5391 hoc
3272 5339 3661 5402 fragmentum

1568 5421 1642 5456 ηἶΙ
1774 5421 1821 5456 ‘3
1847 5417 2278 5456 ηηΛηνενιυννΑρ
2330 5419 2369 5456 R
2499 5419 2542 5452 ιδ
2572 5412 2790 5456 ἷίσσι-ςῆην
2967 5408 3079 5456 ἕ.πεῖ
3211 5404 3499 5456 Ἀθῆντθεν
3533 5403 3661 5456 ἧκεν

249 5428 281 5470 e
319 5417 606 5506 llamascii
663 5417 901 5472 historia
932 5417 1353 5489 'philosophica
1410 5421 1668 5493 apponit.
1735 5417 2278 5493 ἠπαρακεκινηκός
2330 5419 2391 5474 Β.
2499 5419 2542 5452 ⁸⁸
2572 5417 2790 5484 ὕστερον
2838 5417 2857 5467 δ

244 5482 324 5565 εἰς
375 5481 768 5565 Αλεξάνδρειαν
798 5485 1018 5563 ὕστερον
1058 5495 1270 5550 Suidas
1302 5510 1316 5548 :
1352 5493 1506 5550 idem
1540 5511 1671 5551 mox
1701 5511 1818 5550 om.
1861 5495 1980 5554 τοῖς
2009 5489 2326 5565 λογισμοῖς.
2407 5487 2452 5526 ’⁵
2483 5485 2751 5559 ἀνεκάλει]
2790 5481 2857 5538 αὖ

2499 5403 2542 5452 ιί
2572 5403 2790 5484 ὕστερον
2822 5403 3080 5539 begins?
3113 5408 3170 5462 δὲ
3211 5404 3499 5474 Ἀθήνηθεν
3533 5403 3662 5471 ἧκεν

2499 5485 2751 5539 ἱνεκάλει]
2790 5481 2857 5538 αὖ
2916 5481 3071 5538 κάλει
3109 5487 3167 5536 Β.
3269 5478 3315 5516 ¹⁶
3346 5477 3506 5533 ὑποκ.
3546 5473 3662 5539 xui]

2916 5473 3071 5538 κάλει
3109 5487 3167 5536 Β.
3269 5478 3315 5516 ¹⁶
3346 5477 3506 5533 ὑποκ.
3546 5473 3662 5548 καὶ]

1856 5653 2090 5711 ΝΟΤιΕ.

317 5737 437 5811 (13)
472 5739 684 5799 Suidas
717 5741 776 5799 in
809 5744 1048 5801 Hermia
1076 5743 1372 5818 legendus.
