4090 6422
245 405 414 464 1273

1350 395 1892 458 BIBLIOTHECA.
1941 431 2017 439 —
2061 396 2236 457 COD.
2285 397 2564 460 CCXLII.

3499 411 3652 474 1274

242 532 541 607 ἐπορεύετο
589 536 687 598 τῆς
740 527 1087 605 φιλοσοφίας,
1138 525 1284 581 ἀλλά
1339 529 1436 596 τὴν
1485 527 1900 602 κεχαραγμένην

2019 526 2170 584 viam
2200 528 2410 594 tenuit,
2441 530 2542 586 sed
2597 547 2724 602 quae
2763 535 3044 591 adversus
3083 538 3564 607 reprehensiones
3603 548 3662 598 et

243 625 390 697 πρὸς
431 619 661 694 ἓλεγχόν
706 637 764 672 τε
811 618 899 671 καὶ
947 612 1226 688 λοιδορίαν
1258 615 1348 669 καὶ
1395 616 1485 668 τὸν
1542 613 1781 688 μάλιστα
1833 613 1898 683 δὴ

245 713 417 768 πόνον
457 710 587 782 ὑπὲρ
622 709 830 781 ἀρετῆς.
867 702 1178 760 ’Υπεδέδετο
1227 703 1275 758 δ’
1314 706 1472 766 οὗτος
1523 706 1826 773 σπανιάκις,
1867 704 1901 773 ἢ

249 803 352 862 τὰς
403 798 655 859 Ἀττικὰς
712 793 1054 874 ίφικρατίδας
1103 796 1138 865 ἢ
1187 795 1252 849 τὰ
1309 797 1512 864 συνήθη
1566 791 1828 848 σανδάλια
1861 794 1907 829 ³⁵

251 889 694 967 περιδεδεμένος.
727 891 892 962 ί1οἱ8
935 890 1023 961 8.]
1057 889 1338 965 Ἐφαίνετο
1368 889 1412 924 ³⁸
1443 884 1499 941 δὲ
1530 883 1790 941 οὐδέποτε
1820 884 1906 939 ἐπὶ

252 981 520 1036 πλεῖστον
552 978 753 1054 χρόνον
784 975 906 1032 οὔτε
937 976 1236 1053 ἀρῥωστῶν
1265 977 1327 1030 τὸ
1359 981 1519 1048 σῶμα
1549 972 1676 1030 οὕτε
1716 977 1910 1028 ταλαι-

242 1070 611 1142 πωρούμενος
651 1070 751 1137 τήν
784 1068 991 1141 ψυχὴν,
1024 1065 1171 1121 ἀλλά
1203 1068 1287 1138 (τὸ
1329 1064 1654 1140 λεγόμενον)
1686 1062 1904 1140 εὐλόφῳ

2012 616 2260 673 risiones
2289 623 2415 673 tuta
2461 628 2547 674 est
2577 621 2880 694 ﬁrmaque,
2904 630 2960 680 et
3006 626 3077 680 ad
3115 625 3370 683 laborem
3407 647 3508 700 pro
3548 632 3657 686 vir-

2014 711 2136 762 tute
2157 707 2824 778 suspiciendum.Rarius
2842 713 3138 781 induebvtt,
3159 716 3243 770 vel
3260 717 3660 789 iphicratidas,

2011 797 2096 850 vel
2128 796 2334 852 usitata
2363 797 2630 855 sandalia
2659 801 2709 870 (1
2728 801 2975 869 t).Visus
3003 813 3087 859 est
3111 821 3347 876 corpore
3369 825 3669 880 nunquam

2017 884 2115 939 diu
2177 886 2461 950 inﬁrmus,
2497 905 2600 944 nec
2644 891 2840 947 animo
2884 909 3051 959 aeger.
3087 894 3220 957 Sed,
3259 906 3319 951 ut
3351 897 3460 952 dici
3494 897 3660 966 solet,

2018 982 2206 1030 erecta
2263 977 2484 1032 cervice
2540 977 2793 1035 laborem
2851 982 3098 1052 subibat,
3133 983 3378 1041 honesta
3435 987 3571 1042 item
3606 991 3664 1041 et

2016 1061 2333 1118 laudabilia
2362 1064 2574 1132 studia,
2606 1073 2663 1122 et
2692 1069 2745 1122 id
2779 1084 2964 1140 genus
2994 1071 3106 1127 alia
3139 1072 3373 1131 homine
3405 1075 3598 1147 digna.

254 1157 450 1236 αὐχένι
480 1159 580 1226 την
612 1156 837 1226 ἄσκησιν
873 1156 1124 1228 ὑπέμενε.
1160 1157 1311 1209 Καλά
1338 1154 1428 1208 καὶ
1458 1153 1739 1226 ἀξιεπαινα
1762 1149 2162 1224 πολιτεύματα,
2190 1151 2277 1205 καὶ
2321 1152 2421 1206 ὅσα
2457 1157 2680 1210 τοιαῦτα
2711 1156 3263 1234 φιλανθρωπεύματα.

331 1251 459 1321 [557
656 1253 712 1301 Ὁ
765 1243 1154 1320 Καρχηδονίων
1196 1241 1452 1318 βασιλεὺς
1501 1242 1790 1317 Γεζέριχος
1837 1241 1904 1311 ³⁷,

257 1336 493 1400 ἀκούσας
532 1337 605 1398 ὡς
652 1337 703 1390 οἱ
751 1337 1020 1407 Ῥωμαῖοι
1066 1334 1158 1389 τὸν
1211 1334 1506 1408 σύμμαχον
1558 1331 1740 1394 αὐτοῖς
1788 1336 1907 1387 κατ’

255 1427 426 1482 αὖ)τοῦ
456 1424 832 1500 Μαρκελλῖνον
863 1428 912 1462 ³⁸
940 1423 1091 1497 δόλῳ
1118 1423 1206 1479 καὶ
1240 1425 1384 1497 παρά
1421 1423 1550 1486 τοὺς
1591 1423 1784 1498 ὅρκους
1817 1422 1906 1477 ἂν·

259 1515 436 1587 εἶλον,
484 1515 626 1586 ἥσθη
665 1536 723 1571 τε
763 1513 892 1590 ἄγαν
953 1513 1038 1569 ἐπὶ
1068 1519 1188 1575 ταῖς
1246 1512 1428 1568 ἐλπίσι
1460 1521 1558 1582 τῆς
1607 1513 1783 1583 νίκης,
1815 1511 1904 1566 καὶ

258 1602 436 1677 ἔδοξεν
489 1603 760 1678 εἰρηκέναι
810 1602 978 1678 λόγον
1033 1603 1094 1658 οὗ
1146 1600 1510 1678 Καρχηδονίῳ
1558 1603 1906 1673 προσήκοντα

258 1693 408 1750 ἀλλὰ
437 1693 696 1766 Ῥωμαίῳ
729 1691 977 1768 βασιλεῖ’
1012 1692 1137 1754 τοὺς
1167 1693 1271 1769 γάρ
1291 1713 1377 1747 τοι
1408 1691 1712 1764 Ῥωμαίους
1743 1689 1908 1769 ἔφατο

257 1787 329 1856 τῇ
370 1783 623 1857 ἀριστερᾷ
653 1782 801 1856 χειρὶ
851 1782 1125 1854 ἀποκόψαι
1163 1782 1263 1850 τὴν
1314 1778 1507 1852 δεξιάν.
1549 1781 1609 1836 Ὀ
1659 1776 1717 1834 δὲ
1764 1787 1906 1852 Μαρ-

260 1868 518 1931 κελλῖνος
571 1877 674 1939 τῆς
724 1869 1026 1943 Δαλμάτων
1059 1871 1106 1905 ³9
1159 1870 1226 1938 ἦν
1279 1869 1467 1942 χώρας
1507 1865 1906 1929 αὐτοδέσποτος

2087 1243 2630 1314 Carthaginensium
2665 1264 2761 1303 rex
2810 1249 3178 1321 Gezerichus,
3212 1254 3411 1310 audito
3445 1253 3664 1312 Roma-

2018 1347 2124 1388 nos
2153 1333 2285 1389 dolo
2323 1338 2381 1389 et
2437 1335 2634 1392 8421)
2685 1344 2892 1409 praeter
2933 1343 3357 1411 juramentum,
3419 1344 3659 1400 Marcel-

2015 1422 2342 1494 linum,qui
2375 1432 2574 1480 contra
2630 1443 2692 1483 se
2723 1445 2850 1484 cum
2901 1431 2985 1486 eis
3024 1431 3394 1504 belligeraret
3433 1434 3655 1490 intere-

2016 1512 2211 1582 misse,
2245 1529 2457 1586 magno
2511 1517 2726 1587 gaudio
2772 1518 2962 1576 elatus
3008 1527 3116 1590 est,
3144 1539 3246 1588 spe
3293 1523 3566 1589 victoriae,
3599 1534 3656 1582 et

2015 1601 2246 1658 locutus
2277 1609 2368 1659 est
2395 1608 2568 1661 verba
2601 1623 2716 1663 non
2753 1607 3410 1682 Carthaginensem.sed
3446 1614 3653 1670 Roma-

2016 1707 2157 1747 num
2189 1692 2599 1764 imperatorem
2634 1697 2933 1754 decentia:
2967 1700 3220 1767 Romani,
3253 1701 3466 1773 inquit,
3511 1703 3656 1758 sini-

2013 1787 2134 1835 stra
2164 1799 2335 1838 manu
2381 1783 2663 1840 dexteram
2711 1793 3088 1858 amputarunt.
3124 1791 3491 1847 Marcellinus
3521 1809 3654 1848 vero

2017 1871 2434 1940 Dalmatiae,cui
2452 1890 2583 1929 cum
2598 1875 2841 1945 imperio
2859 1881 3502 1948 prmerat,duxerat,sed
3519 1898 3658 1954 gen-

262 1961 512 2037 ἡγεμὼν,
549 1957 763 2028 Ἕλλην
795 1962 893 2028 τήν
926 1961 971 1996 ⁵ο
1019 1958 1192 2030 δόξαν.
1225 1962 1344 2014 Ὅτι
1377 1960 1404 2013 ὁ
1454 1959 1790 2020 Σαλούστιος
1832 1957 1906 2020 εἷς

2018 1959 2460 2018 tilis.Salustius
2485 1964 2800 2034 inSpiciens
2823 1967 3126 2022 obviorum
3151 1971 3372 2033 oculos,
3397 1970 3657 2041 praedixit

259 2053 387 2113 τοὺς
419 2056 526 2105 τῶν
571 2050 1006 2125 ἐντυγχανόντων
1041 2049 1360 2126 ὀφθαλμοὺς
1413 2050 1627 2124 ἀφορῶν
1680 2047 1908 2120 προελεο

259 2161 347 2215 γεν
377 2140 631 2196 ἑκάστοτε
677 2141 774 2206 τήν
826 2140 917 2214 βίᾳ
947 2142 990 2178 δι
1041 2140 1414 2213 γενησομένην
1456 2139 1666 2210 ἑκάστῳ
1712 2136 1901 2192 τελεόο

258 2233 380 2302 τήν.
423 2231 538 2299 Τήν
569 2227 616 2284 δ’
664 2228 842 2284 αἰτίαν
872 2237 972 2299 τῆς
1017 2230 1379 2306 προγνώσεως
1429 2225 1543 2282 οὐδ’
1589 2228 1753 2290 αὐτὸς
1783 2227 1902 2303 εἶχε

257 2319 478 2397 φράζειν
513 2337 526 2350 ·
560 2318 738 2373 καίτοι
769 2317 1020 2393 ἐπειρᾶτο
1053 2321 1100 2356 ⁴²
1129 2318 1481 2394 ἐρωτώμενος
1518 2317 1581 2373 τὸ
1631 2317 1904 2372 σκοτεινὸν

255 2411 360 2462 τῶν
391 2406 691 2483 ὀφθαλμῶν
740 2407 1009 2463 αἰτιᾶσθαι
1049 2408 1140 2462 καὶ
1189 2405 1475 2482 ἀχλυῶδες
1525 2407 1615 2462 καὶ
1643 2409 1904 2478 νοτισμοῦ

263 2497 480 2570 μεστὸν,
513 2500 630 2552 οἷον
662 2495 748 2552 ἐπὶ
797 2496 1012 2552 πένθεσι
1053 2503 1173 2560 ταῖς
1213 2497 1398 2571 κόραις
1445 2496 1628 2558 αὐταῖς
1670 2495 1902 2574 ἐμφερό-

268 2606 442 2659 μενον.
478 2587 575 2640 Καὶ
607 2585 866 2660 Οὐράνιόν
895 2607 1016 2642 τινα
1064 2583 1258 2660 ὄνομα,
1292 2586 1590 2659 Ἀπαμείας
1617 2587 1666 2621 ⁸³
1715 2592 1814 2654 τῆς
1852 2583 1904 2638 ὲν

266 2676 435 2751 Συρίᾳ
479 2677 715 2747 πολίτην
764 2677 852 2732 καὶ
904 2677 1130 2752 ἄρξαντα
1181 2677 1496 2752 Καισαρείας
1545 2683 1645 2746 τῆς
1701 2675 1752 2730 ἐν
1801 2681 1905 2730 Πα-

268 2765 540 2840 λαιστίτῃ,
589 2766 696 2822 ἀπὸ
744 2771 852 2821 τῶν
904 2768 1204 2840 ὀφθαλμῶν
1243 2767 1520 2841 γνωρίζειν
1569 2767 1664 2821 τὸν
1709 2765 1903 2839 ὅμοιον

265 2853 464 2928 τρόπον
498 2855 624 2918 τοὺς
655 2855 1037 2931 πολυαράτους
1066 2857 1269 2931 γόητάς
1303 2878 1455 2934 φησι.
1500 2855 1596 2910 Καὶ
1630 2855 1814 2927 Νόμον
1850 2852 1907 2909 δὲ

264 2965 383 3000 τινα
411 2941 677 3018 τοῦνομα,
718 2944 954 3016 πολίτην
1002 2943 1164 3017 ἴδιον,
1214 2946 1242 3000 ὁ
1292 2943 1632 3019 συγγραφεὺς
1683 2943 1906 3020 λέγει⁴⁴

266 3033 373 3088 ἀπὸ
420 3041 518 3103 τῆς
577 3034 710 3089 κατά
756 3035 823 3089 τά
868 3033 1093 3109 ὄμματα
1137 3039 1246 3090 τῶν
1295 3034 1736 3110 ἐντυγχανόντων
1785 3031 1904 3099 θέας

267 3121 394 3186 τοὺς
452 3122 806 3185 λανθάνοντας
869 3122 1243 3198 ἐπιγινώσκειν
1312 3123 1525 3200 φονέας.
1579 3129 1639 3181 Ὁ
1700 3120 1756 3178 δὲ
1813 3124 1903 3178 τὸν

2021 2050 2350 2120 frequenter
2361 2052 2613 2122 singulis
2628 2061 2872 2110 mortem
2888 2055 3475 2114 violentam.Causam
3495 2075 3653 2127 vero,

2017 2154 2129 2211 qua
2160 2146 2294 2197 ante
2327 2147 2726 2211 praenosceret,
2755 2159 2826 2199 ne
2856 2143 2977 2213 ipse
3003 2145 3243 2216 quidem
3277 2147 3467 2204 dicere
3495 2153 3656 2217 pote-

2010 2233 2118 2294 rat,
2144 2245 2477 2300 quanquam
2511 2231 2904 2303 interrogatus
2937 2234 3318 2304 praetenderet
3357 2235 3654 2291 oculorum

2011 2317 2428 2375 obscuritatem
2461 2324 2517 2375 et
2562 2320 2852 2388 tenebras,
2886 2327 2944 2378 et
2987 2322 3232 2380 humore
3273 2323 3474 2395 plenos
3504 2342 3654 2394 esse,

2011 2407 2200 2480 qualis
2224 2407 2281 2463 in
2307 2407 2462 2464 luctu
2489 2409 2730 2481 pupillis
2753 2410 3214 2482 ipsisoculorum
3237 2415 3652 2470 contineretur.

2010 2499 2080 2554 Et
2095 2498 2505 2568 aitquemdam
2530 2497 2813 2555 Uranium
2839 2502 3448 2570 nomine,Apamenum
3473 2503 3654 2558 civem

2011 2585 2738 2659 inSyria,etdominantem
2753 2589 3026 2648 Caesareae
3039 2594 3096 2646 in
3113 2592 3414 2647 Palaestina
3426 2607 3512 2659 ,ex
3527 2607 3663 2647 ocu-

2013 2675 2086 2731 lis
2110 2691 2282 2732 nosse
2301 2677 2503 2731 eodem
2522 2681 2691 2734 modo
2707 2679 2984 2748 plurimos
2999 2681 3659 2752 praastigiatoresadmo-

2013 2765 2151 2821 dum
2183 2767 2568 2822 exsecrandos
2591 2787 2606 2836 ;
2627 2774 2682 2824 et
2703 2770 3012 2839 quemdam
3027 2768 3275 2825 Nomum
3310 2768 3652 2837 civem,Sum

2013 2864 2229 2924 auctor,
2263 2855 2364 2925 ait,
2397 2871 2465 2911 ex
2496 2856 2620 2912 visu
2657 2858 2958 2914 oculorum
2991 2859 3445 2926 occurrentium,
3467 2859 3653 2914 laten-

2013 2948 2102 3000 tes
2115 2944 2438 3001 homicidas
2453 2947 3042 3017 agnovisse.lsidorus
3056 2956 3112 3004 et
3127 2949 3248 3018 ipse
3261 2947 3654 3020 Asclepiades,

2014 3049 2144 3091 cum
2179 3035 2542 3106 trejecissent
2574 3053 2730 3092 mare
2749 3038 3027 3107 Egaum,
3063 3039 3226 3094 aiunt
3255 3055 3318 3094 se
3349 3039 3563 3094 vidisse
3594 3036 3654 3092 in

2013 3125 2260 3180 ﬂumine
2284 3125 2408 3182 Nilo
2433 3126 2916 3191 nmsariem,mira
2940 3128 3342 3199 magnitudine
3357 3133 3416 3183 et
3445 3128 3654 3184 forma.

259 3213 487 3290 Αἰγαῖον
546 3211 978 3290 διαπεραιωθεὶς,
1031 3215 1059 3270 ὁ
1120 3212 1417 3288 Ἰσίδωρος,
1483 3215 1571 3269 καὶ
1627 3214 1789 3275 αὐτὸς
1846 3212 1903 3271 δὲ

2018 3216 2214 3270 Statim
2246 3230 2380 3271 vero
2411 3216 2754 3272 comedente
2783 3218 3210 3288 utroquejuxta
3231 3216 3656 3288 Nilum(aderat

267 3283 718 3374 Ἀσκληπιάδης
747 3283 971 3378 ἔφασκεν
1028 3283 1316 3378 ἑωρακέναι
1373 3302 1659 3378 πλόκαμον
1716 3304 1767 3359 ἐν
1821 3310 1900 3378 τῷ

2018 3309 2068 3360 et
2081 3307 2288 3361 tertius
2303 3310 2498 3361 noster
2512 3283 3211 3378 philosophus)accurrita
3225 3305 3354 3363 Nilo
3371 3283 3657 3373 caesaries,

264 3392 448 3466 Νείλῳ
480 3397 715 3467 ποταμῷ
736 3395 785 3430 ⁴⁵
808 3391 1089 3467 δαιμόνιον
1117 3396 1178 3450 τὸ
1212 3397 1434 3470 μέγεθος
1467 3397 1553 3451 καὶ
1585 3397 1648 3451 τὸ
1676 3394 1906 3460 κάλλος.

262 3481 425 3544 Αὖθις
457 3479 515 3537 δὲ
563 3503 694 3538 ποτε
733 3484 876 3558 παρά
923 3488 1002 3554 τῷ
1032 3483 1210 3557 Νείλῳ
1238 3486 1284 3520 ⁸⁸
1341 3482 1686 3558 ἓστιωμένοις
1736 3486 1912 3564 ἀμφο-

270 3572 445 3644 τέροις
491 3574 693 3648 (παρῆν
723 3569 781 3627 δὶ
811 3572 870 3628 ἐκ
895 3573 1091 3648 τρίτων
1122 3574 1212 3628 καὶ
1243 3576 1287 3611 ⁸⁷
1310 3575 1338 3629 ὁ
1369 3574 1634 3650 ἡμέτερος
1677 3577 1908 3647 φιλόσο-

263 3663 380 3737 φος)
413 3659 711 3736 ἀνέδραμεν
759 3662 866 3717 ἀπὸ
892 3666 989 3718 τοῦ
1037 3667 1291 3736 ποταμοῦ
1334 3661 1622 3738 πλόκαμος
1661 3666 1735 3726 ὡς
1775 3663 1908 3720 ἰδεῖν

261 3749 629 3825 πεντάπηχυς,
693 3751 799 3807 Καὶ
855 3749 1043 3806 πολλά
1123 3756 1346 3807 τοιαῦτα
1416 3754 1670 3830 φάσματα
1736 3753 1908 3830 λέγει.

264 3839 384 3892 ’Ὁτι
412 3841 549 3894 κατά
578 3841 682 3910 τήν
723 3839 1084 3897 Ἡλιούπολιν
1111 3848 1212 3910 τῆς
1244 3840 1442 3916 Συρίας
1467 3840 1542 3903 εἷς
1574 3838 1699 3916 ὄρος
1728 3843 1790 3896 τὸ
1814 3846 1910 3897 τοῦ

265 3922 496 3983 Λιϐάνου
543 3929 636 3984 τὸν
681 3927 1093 3999 Ἀσκληπιάδην
1141 3927 1382 3984 ἀνελθεῖν
1435 3951 1588 4007 φησι,
1638 3930 1727 3985 καὶ
1779 3929 1908 3986 ἰδεῖν

261 4013 446 4072 πολλά
474 4021 584 4072 τῶν
617 4017 924 4093 λεγομένων
957 4019 1256 4094 βαιτυλίων
1289 4021 1333 4056 ⁴⁸
1371 4019 1406 4088 ἢ
1445 4019 1744 4094 βαιτύλων,
1785 4021 1910 4095 περὶ

2019 3403 2083 3450 ut
2109 3396 2430 3465 videbatur,
2463 3396 2721 3466 quinque
2769 3396 3138 3452 cubitorum:
3164 3401 3222 3452 et
3251 3395 3364 3451 alia
3397 3400 3663 3451 monstra

2020 3489 2238 3540 narrat.
2262 3483 2441 3539 Juxta
2481 3482 2802 3553 HeliOpolin
2823 3484 3020 3556 Syriae,
3055 3483 3136 3538 ait
3167 3483 3570 3555 Asclepiadem
3605 3483 3662 3537 in

2019 3579 2278 3630 montem
2309 3572 2514 3628 Libani
2549 3572 2900 3637 ascendisse,
2920 3577 2978 3627 et
2999 3573 3213 3629 vidisse
3237 3573 3414 3628 multa
3449 3570 3668 3628 betulia

2018 3662 2104 3718 vel
2130 3661 2364 3727 betula,
2395 3664 2465 3717 de
2495 3660 2712 3732 quibus
2764 3661 2945 3717 multa
2991 3663 3339 3734 prodigiose,
3371 3661 3665 3732 dignaque

2020 3753 2201 3825 impio
2243 3769 2340 3808 ore
2361 3751 3026 3824 prosequitur,dicitque
3044 3768 3105 3806 se
3134 3758 3192 3806 et
3220 3751 3508 3807 lsidorum
3543 3750 3665 3804 haec

2021 3851 2219 3914 postea
2238 3841 2657 3896 vidisse.Sacra
2681 3841 2984 3912 progenies
3009 3856 3180 3909 perse
3193 3840 3329 3895 vixit
3346 3839 3521 3894 vitam
3539 3837 3664 3892 l'eli-

2020 3947 2142 3988 cem
2179 3938 2232 3986 et
2259 3930 2438 4002 piam,
2473 3929 2961 4001 pbilosophicam,
2986 3929 3439 4000 divinarumque
3471 3942 3668 3983 rerum

2020 4018 2535 4091 investigatricem,
2569 4023 2770 4074 sancto
2809 4019 2942 4090 igne
2973 4034 3105 4074 aras
3145 4019 3561 4074 accenderunt.

265 4107 337 4160 ὧν
383 4107 546 4182 μυρία
600 4107 953 4185 τερατολογεῖ
1010 4110 1129 4181 ἄξια
1185 4107 1444 4187 γλώσσης
1498 4106 1820 4182 ἀσεϐούσης.
1888 4109 2048 4185 Λέγει
2115 4106 2173 4164 δὲ
2237 4105 2328 4163 καί
2384 4106 2570 4162 ἑαυτὸν
2629 4107 2718 4161 καὶ
2777 4107 2868 4161 τὸν
2922 4104 3201 4181 Ἰσίδωρον
3255 4109 3423 4161 ταῦτα
3487 4102 3673 4179 γρόνῳ

262 4194 479 4270 ὕστερον
510 4198 821 4254 θεάσασθαι.
855 4200 916 4255 Ἠ
964 4196 1022 4254 δὲ
1049 4201 1170 4276 ἰερά
1216 4201 1369 4277 γενεά
1398 4201 1518 4255 καθ’
1557 4201 1752 4271 ἑαυτήν
1801 4197 1949 4271 διέζη
2005 4199 2123 4276 βίον
2153 4196 2384 4276 θεοφιλῆ
2429 4198 2520 4253 καὶ
2553 4193 2874 4270 εὐδαίμονα,
2903 4197 2996 4252 τόν
3047 4217 3106 4253 τε
3152 4195 3554 4276 φιλοσοφοῦντα
3583 4193 3674 4248 καὶ

260 4284 350 4338 τὸν
383 4285 448 4338 τὰ
480 4287 596 4340 θεῖα
637 4286 1018 4361 θεραπεύοντα.
1055 4287 1329 4344 Ἀνέκαιον
1360 4289 1495 4362 ὁσίῳ
1525 4289 1654 4366 πυρὶ
1684 4289 1810 4352 τοὺς
1842 4290 2094 4365 βωμούς.

331 4375 450 4428 Ὅτι
482 4376 516 4444 ἡ
558 4376 604 4412 ⁴⁸
633 4373 903 4450 πάρδαλις
933 4375 1038 4446 ἀεὶ,
1091 4377 1248 4452 φησὶ,
1282 4375 1416 4454 διψῇ
1447 4381 1516 4447 ⁵ο,
1549 4379 1576 4434 ὁ
1625 4381 1771 4456 ἱέραξ
1819 4379 1906 4436 οὐ·

2098 4379 2353 4437 Pardalis
2383 4395 2612 4450 semper
2632 4379 2780 4450 sitit,
2798 4377 3070 4450 accipiter
3090 4377 3671 4450 nunquam,ideoque

269 4461 459 4517 δέποτε
491 4482 506 4498 ο
559 4461 644 4519 διὸ
693 4467 976 4528 σπανιάκις
1027 4467 1217 4541 ὁρᾶται
1266 4468 1458 4526 πίνων.
1502 4470 1558 4524 Ὀ
1606 4469 1913 4525 ἱπποπότα·

276 4572 374 4623 μος
428 4551 612 4609 ἄδικον
647 4560 809 4626 ζῶον,
880 4557 1008 4612 ὅθεν
1070 4559 1161 4612 καὶ
1212 4557 1266 4613 ἐν
1331 4564 1450 4621 τοῖς
1506 4558 1914 4639 ἱερογλυφικοῖς

264 4641 580 4716 γράμμασιν
612 4642 822 4700 ἀδικίαν
874 4643 1043 4716 δηλοῖ
1083 4665 1098 4679 ⁸
1145 4648 1236 4702 τὸν
1287 4650 1392 4724 γὰρ
1422 4648 1628 4724 πατέρα
1666 4648 1916 4705 ἀποκτεί-

1741 4735 1831 4794 ὅνο
1841 4761 1915 4812 μα

265 4821 318 4878 δὲ
349 4821 708 4898 κροκοδείλου
740 4827 828 4881 καὶ
861 4823 1006 4888 εἶδος
1038 4827 1064 4881 ὁ
1097 4831 1326 4903 τοῠχος·
1360 4829 1422 4884 οὐ
1444 4829 1547 4904 γάρ
1569 4826 1746 4886 ἀδικεῖ
1775 4835 1914 4899 ζωον

259 4751 348 4791 νας
385 4732 633 4806 βιάζεται
666 4735 764 4805 τὴν
797 4737 1027 4810 μητέρα.
1071 4739 1134 4794 Ὁ
1184 4741 1386 4814 σοῦχος
1419 4736 1630 4802 δίκαιος
1673 4758 1687 4774 ⁸

2026 4470 2218 4527 rarius
2235 4469 2462 4525 videtur
2475 4469 2738 4537 bibere,H
2754 4467 3529 4541 ipp0potamus(15)injusta
3551 4463 3679 4520 bel-

2030 4562 2146 4630 lua,
2180 4561 2336 4617 unde
2364 4565 2422 4617 et
2479 4561 2536 4616 in
2571 4558 3025 4632 bieroglyphicis
3058 4558 3183 4629 (16)
3233 4556 3441 4612 litteris
3481 4555 3686 4610 crude-

2023 4651 2245 4707 litatem
2279 4649 2592 4722 signiﬁcat,
2617 4657 2840 4721 patrem
2873 4653 3060 4712 necet,
3089 4655 3332 4703 matrem
3365 4643 3680 4701 violat.Su-

2025 4741 2172 4797 chus
2203 4757 2337 4797 vero
2361 4741 2557 4812 justus
2589 4745 2698 4808 est,
2731 4739 2887 4812 quod
2930 4754 3143 4794 nomen
3170 4738 3377 4793 848a
3406 4732 3686 4792 crocodili

2026 4835 2085 4886 et
2114 4830 2342 4903 species
2370 4834 2461 4886 est
2493 4845 2506 4884 :
2538 4828 2767 4886 nullum
2800 4828 2959 4886 enim
2992 4827 3214 4884 animal
3246 4824 3420 4881 lmdit.
3454 4822 3684 4880 Duode-

1615 4968 1850 5026 VARle
1899 4967 2310 5026 LECTIONES.

330 5090 378 5126 ³⁸
406 5086 667 5145 σανδάλια
697 5098 735 5145 Β
769 5110 782 5148 :
818 5089 1056 5147 σάνδαλα
1085 5098 1160 5157 Ας
1193 5111 1321 5152 cum
1354 5095 1529 5152 Suida
1559 5112 1611 5152 ν.
1658 5091 2034 5170 Ἰφικρατίδες.
2113 5094 2160 5131 ³⁸
2190 5095 2264 5151 cf.
2297 5094 2512 5150 Suidas
2540 5110 2592 5150 ν.
2625 5089 2912 5167 Εὐλόφως.
2987 5091 3034 5127 ⁸⁷
3063 5088 3242 5160 Γιζὲρι
3291 5106 3351 5150 ος
3379 5091 3441 5142 Α.
3518 5084 3568 5121 ³⁸
3597 5085 3671 5141 d6

330 5162 595 5218 arcellino
627 5164 702 5219 cf.
745 5164 958 5222 Suidas
997 5167 1056 5223 h.
1089 5185 1142 5222 ν.
1219 5167 1266 5202 ⁸9
1297 5163 1583 5234 δελμάτων
1616 5171 1680 5223 Α.
1757 5168 1806 5202 ⁴⁰
1831 5167 1958 5234 τὴν]
1987 5187 2044 5222 τε
2074 5174 2134 5222 Β.
2210 5167 2254 5203 ⁸⁸
2293 5165 2405 5234 βίᾳ]
2439 5164 2621 5234 βιαίαν
2653 5169 2718 5234 Α.
2796 5163 2842 5199 η
2872 5160 3194 5234 ἐπεπείρατο
3413 5157 3666 5234 ξ’ᾼἈπα·

262 5162 595 5236 Marcellino
627 5164 702 5219 cf.
745 5164 958 5236 Spidas
997 5167 1056 5223 h.
1089 5185 1142 5222 ν.
1219 5167 1266 5202 ⁸9
1297 5163 1583 5236 δελμάτων
1616 5171 1680 5223 Α.
1712 5162 1721 5170 ’
1757 5162 1808 5202 ⁴σ
1831 5167 1932 5234 τὴν

262 5234 438 5314 μείας,
453 5239 552 5314 τῆς
581 5240 644 5314 ἒξ,
673 5234 923 5314 [ᾼπάμΞις
953 5242 1054 5314 ’τῇ-ς
1084 5242 1176 5314 Α)
1208 5234 1518 5308 Ἀπανάστη
1678 5313 1681 5314 ν
1711 5240 1758 5276 ⁴⁴
1788 5237 1938 5314 λέγει

259 5311 314 5358 Β.
391 5305 440 5340 ⁴⁸
471 5307 562 5360 τὸν
600 5305 909 5381 Νεῖλον
986 5308 1032 5344 ⁴⁷
1070 5309 1162 5364 καὶ
1192 5318 1250 5367 et
1281 5328 1416 5370 mox
1442 5305 1542 5381 ri};
1567 5305 1711 5368 'add.
1755 5315 1822 5368 Α.
1864 5305 1910 5347 ³⁸

1987 5187 2044 5222 τε
2074 5174 2134 5222 Β.
2210 5167 2254 5203 ⁸⁸
2293 5164 2621 5242 βίαλβιαίαν
2788 5160 2842 5242 ξη
2872 5160 3194 5242 ἐπεπείρατο

1989 5259 2152 5316 φησιν
2186 5245 2246 5293 Β.
2293 5227 2304 5242 ’
2323 5227 2454 5291 δ’ἐκ)
2479 5239 2558 5307 τῷ
2586 5232 2757 5306 νείλῳ
2787 5227 3081 5343 ἒωρὲικὲναὶ
3105 5227 3340 5318 ποταμῷ
3369 5227 3659 5316 πλόκαμον

1989 5307 2277 5343 munit...“
2305 5308 2368 5343 τ·
2441 5309 2545 5343 «st
2581 5309 2690 5343 ...ιιι
2757 5311 2783 5343 Α
2941 5306 3071 5343 mm:
3107 5301 3236 5343 aut...
3287 5307 3315 5343 Δ
3355 5320 3368 5332 ο
3413 5297 3542 5343 δηιιη
3573 5297 3659 5343 C'-

1982 5307 2277 5366 άιτουλίων
2305 5308 2389 5384 ς’.
2441 5309 2488 5345 ⁴⁹
2511 5309 2547 5378 ἢ
2580 5309 2715 5367 add.
2747 5311 2815 5364 Α.

3296 5201 3310 5215 .
3414 5159 3458 5194 ⁴³
3489 5157 3666 5214 Ἀπα-

2941 5249 3081 5288 κεναι
3105 5251 3340 5305 ποταμῳ
3369 5249 3659 5300 πΑοκαμον

2941 5306 3075 5384 φησί
3107 5301 3240 5378 διψῇ
3281 5307 3319 5360 Α
3354 5320 3368 5358 :
3413 5297 3544 5374 διψᾷ

1839 5428 2050 5486 ΝΟΤίΕ
2062 5470 2076 5485 .

329 5539 441 5616 (lli)
479 5541 554 5597 De
593 5541 701 5616 _h_oc
759 5542 1133 5616 calceaﬁmenti
1192 5562 1422 5616 genere,
1473 5564 1579 5603 nos
1634 5562 1703 5604 ex
1751 5546 1905 5605 Julio

261 5603 802 5694 Pontica-aliisque
835 5617 906 5671 ad
943 5615 1125 5694 Procli
1159 5603 1706 5694 Chrestomatbiam.

326 5683 443 5762 (ιβ)
477 5683 963 5762 HippopOtamus.
990 5688 1212 5762 Dehoo
1245 5689 1508 5762 ﬂuviatili
1542 5693 1902 5762 equoeadem

259 5753 501 5828 Plinius,
534 5753 796 5830 Solinus,
822 5765 881 5816 et
911 5760 1255 5819 Ammianus
1286 5753 1758 5832 Marcellinus,et
1789 5763 1909 5820 Plu-

2019 5546 2253 5602 tarchus
2276 5545 2334 5600 in
2368 5545 2507 5600 Iside
2560 5547 2611 5598 et
2661 5543 2876 5600 Osz'rz’de
2904 5543 3192 5615 Egyptiis
3240 5537 3667 5613 impudentiam

2017 5619 2347 5689 signiﬁcare
2370 5617 2536 5689 ait,_et
2556 5615 2819 5689 Clemens
2848 5615 2950 5670 lib.
2972 5615 3306 5689 _v_Stramat.

2086 5684 2200 5762 (16)
2238 5687 2546 5762 Horapollo
2576 5688 2687 5762 lib.‘
2713 5702 2756 5753 ι,
2796 5703 2918 5757 cap.
2969 5687 3062 5753 56,
3095 5702 3271 5757 quem
3315 5684 3490 5740 etiam
3520 5697 3661 5738 con-

2021 5757 2150 5819 sule
2181 5757 2252 5819 de
2281 5758 2592 5828 crocodilo,
2623 5757 2823 5829 aeluro,
2864 5763 2972 5816 etc.
