4100 6242
295 399 446 460 12⁵17

1387 389 1925 477 BIBLIOTHECA.
1972 423 2050 434 —-
2091 389 2263 452 COD.
2325 390 2602 454 CCXL”.

3543 405 3699 468 1378

293 531 659 607 Παμπρεπίου
706 531 843 606 πρὸς
898 529 1104 600 ταύτην
1163 530 1358 590 αὐτοὺς
1416 525 1767 597 ἑλκύσαντος,
1829 524 1939 582 δια-

2055 528 2284 583 asserit.
2319 531 2648 603 Pamprepii
2682 547 2860 603 nugas
2885 539 2943 590 et
2961 533 3364 595 inﬁdelitatem
3389 556 3527 613 erga
3545 544 3696 597 ami-

291 624 541 680 τείνεται.
597 623 723 678 "O1:
784 621 1153 693 Παμπρεπίου
1211 621 1254 655 ⁵⁸
1311 619 1371 672 τὸ
1435 617 1795 691 τερατολόγον
1852 616 1941 671 καὶ

292 710 651 766 ἀπιστότατον
685 709 894 787 φίλοις,
926 709 1014 763 καὶ
1054 710 1146 763 τὸν
1197 708 1371 783 βίαιον
1423 708 1671 772 θάνατον,
1733 705 1940 778 ὁμοίως

292 807 410 862 τοῖς
442 799 637 862 ἄλλοις
669 799 757 854 καὶ
791 798 953 860 αὐτὸς
986 800 1217 872 ἱστορεῖ·
1247 797 1312 866 ἦν
1352 794 1400 851 δ’
1433 795 1722 869 Αἰγύπτιος
1762 796 1939 869 γένος,

293 888 493 965 τέχνην
593 888 978 964 γραμματικὸς
1056 888 1084 942 6
1155 884 1533 959 Παμπρέπιος.
1619 883 1734 941 Οὐκ
1825 883 1937 956 εἲμὶ

298 977 579 1051 πρόθυμος
623 980 855 1051 πρᾶγμα
903 974 1083 1052 λέγειν
1137 975 1227 1028 καὶ
1295 971 1501 1042 ἄδηλον
1553 971 1629 1033 εἷς
1680 969 1939 1040 ἀλήθειαν

295 1065 386 1120 καὶ
463 1063 762 1140 πρόχειρον
842 1064 918 1128 εἰς
991 1061 1582 1142 φιλαπεχθημοσύνην.
1662 1059 1941 1133 Βούλομαι

295 1152 353 1209 δὲ
409 1153 498 1209 καί
557 1153 708 1232 ἀφεὶς
770 1150 880 1222 ⁴ἤδη
941 1154 1030 1208 τὸν
1090 1154 1216 1226 [559
1275 1154 1366 1225 11.]
1422 1150 1620 1206 Πύθιον
1682 1148 1768 1204 ἐπὶ
1844 1150 1933 1204 τὸν

2052 634 2167 686 cos,
2200 617 2635 693 violentamque
2669 629 2932 693 mortem,
2966 628 3164 683 eodem
3212 645 3324 700 quo
3381 632 3473 685 alii
3523 636 3694 689 modo

2051 713 2108 761 et
2138 707 2290 763 idem
2325 710 2521 765 scribit
2557 727 2570 767 :
2607 712 2716 767 fuit
2746 730 2955 786 genere
2984 717 3308 788 Egyptius,
3342 725 3463 774 arte
3499 738 3695 792 gram-

2052 797 2319 852 maticus.
2354 797 2477 855 Non
2509 816 2639 856 sum
2673 814 2975 874 promptus
3033 809 3101 861 ad
3156 823 3276 862 rem
3312 810 3695 876 narrandam,

2052 887 2220 957 cujus
2270 889 2491 944 incerta
2543 897 2632 946 est
2674 893 2907 961 veritas,
2955 905 3008 951 et
3056 902 3189 966 apta
3242 899 3310 951 ad
3360 898 3699 955 inimicitias

2053 977 2452 1034 concitandas.
2489 979 2841 1052 Relinquens
2891 969 3075 1055 igitur
3131 985 3427 1058 Pythium,
3477 988 3700 1042 adHe-

2053 1065 2306 1121 raiscum
2361 1068 2566 1123 reverti
2623 1069 2752 1126 volo
2820 1073 3118 1136 Eubseum,
3206 1077 3300 1132 cui
3395 1076 3696 1148 promissa)

2054 1154 2262 1222 capitis
2292 1173 2469 1213 comas
2501 1159 2560 1215 in
2584 1159 2860 1216 humeros
2892 1163 3309 1221 demittuntur.

303 1243 590 1320 ἹΙραΐστον
623 1244 936 1300 ἐπανελθεῖν
969 1245 1063 1300 τὸν
1123 1241 1345 1299 πύϐιὲα
1392 1243 1462 1314 ⁸9,
1522 1236 1718 1297 ἀνεϐόα
1761 1243 1806 1277 7°
1861 1240 2116 1318 μέγιστον
2169 1245 2320 1304 ὅσον.
2369 1252 2475 1316 Τῆς
2525 1247 2571 1286 ’⁷1
2621 1249 2865 1326 κεφαλῆς
2913 1252 2967 1306 αἱ
3018 1253 3187 1327 κόμαι
3234 1256 3479 1310 καθεῖντο
3542 1255 3706 1330 μέχρι

292 1340 403 1390 τῶν
439 1332 630 1408 ὤμων.

365 1427 491 1482 ’Ὁτι
523 1423 772 1487 Φοίνικες
804 1425 896 1479 καὶ
939 1424 1104 1498 Σύροι
1135 1423 1226 1479 τόν
1277 1423 1477 1498 Κρόνον
1528 1421 1634 1477 Ἤλ
1685 1421 1774 1476 καὶ
1823 1419 1943 1491 Βὴλ

289 1513 382 1570 καὶ
451 1512 709 1582 Βωλαθῆν
778 1517 821 1552 τί
880 1513 1334 1585 ἐπονομάζουσιν,
1404 1507 1699 1581 Ἐνὲϐησαν
1756 1513 1804 1547 ⁷³
1851 1513 1944 1584 μὲν

295 1604 374 1666 εἷς
403 1605 465 1658 τὸ
515 1602 727 1679 ῥεῖθρον
784 1607 881 1658 τοῦ
938 1600 1248 1674 Μαιάνδρου
1298 1600 1642 1673 διανήξασθαι
1689 1606 1941 1674 ποταμοῦ

296 1695 465 1755 αύτός
511 1713 568 1747 τε
614 1692 706 1748 καὶ
739 1694 766 1748 6
800 1689 1267 1763 Ἀσκληπιόδοτος
1312 1693 1358 1729 ⁷⁴
1405 1693 1433 1746 6
1491 1692 1662 1746 πάλαι
1709 1693 1939 1766 γεγονὼς

292 1779 650 1857 παιδαγωγὸς
702 1781 886 1836 αὐτοῦ·
920 1783 948 1836 6
981 1779 1037 1837 δὲ
1084 1785 1219 1858 σφᾶς
1260 1782 1312 1836 ἐν
1366 1781 1552 1853 μέσαις
1589 1786 1710 1844 ταῖς
1765 1777 1937 1842 δίναις

2127 1425 2428 1484 Pbmnices
2457 1433 2513 1485 et
2543 1431 2668 1503 Syri
2702 1432 3036 1504 Saturnum,
3071 1434 3154 1502 El,
3187 1439 3244 1491 et
3291 1435 3411 1505 Bel,
3444 1440 3501 1492 et
3530 1436 3700 1492 Bola-

2055 1515 2194 1570 tben
2228 1519 2556 1574 nominant.
2593 1523 2719 1592 Ipse
2778 1527 2834 1577 et
2891 1522 3335 1593 Asclepiodotus
3383 1526 3521 1580 olim
3568 1526 3698 1596 ejus

2055 1607 2334 1679 magister
2364 1609 2432 1663 ad
2483 1615 2796 1666 natandum
2857 1611 2915 1666 in
2971 1611 3327 1669 Mmandrum
3387 1615 3699 1670 descende-

2052 1702 2201 1750 rant.
2234 1699 2524 1754 Maeander
2580 1709 2858 1772 uirosque
2918 1702 3126 1758 mediis
3187 1703 3502 1759 verticibus
3547 1703 3696 1758 hau-

2051 1782 2204 1838 riens
2235 1786 2342 1840 sub
2373 1802 2587 1857 aquam
2621 1788 2817 1853 traxit,
2849 1789 3034 1844 donec
3076 1789 3521 1862 Asclepiodotus
3556 1807 3694 1859 pau-

293 1865 620 1937 ἀπολαϐὼν,
653 1871 681 1925 6
713 1869 1047 1940 Μαίανδρος,
1103 1865 1480 1944 ὑποϐρυχίους
1532 1867 1724 1936 ἐποίει,
1773 1866 1878 1931 ἕως
1911 1870 1938 1924 6

2055 1869 2174 1927 lum
2232 1873 2512 1944 elevatus,
2569 1882 2634 1931 ut
2699 1878 2880 1948 possit
2962 1877 3142 1934 solem
3227 1859 3444 1934 intueri
3527 1881 3699 1935 Mori-

295 1957 765 2031 ’Λσκληπιόδοτος
807 1959 892 2014 ἐπὶ
954 1961 1148 2034 μικρὸν
1207 1956 1420 2030 ἀναδὺς,
1479 1958 1601 2014 ὅσον
1658 1960 1940 2014 Θεάσασθαι

289 2051 383 2105 τὸν
407 2051 590 2120 ἥλιον.
628 2050 1099 2123 Ἀποθνήσκυμεν,
1140 2047 1240 2128 ἔφη
1264 2050 1354 2103 καὶ
1395 2070 1445 2103 τι
1487 2051 1802 2123 προσθεῖναι
1849 2049 1938 2104 καὶ

291 2137 607 2214 ἀπόῤῥητον
637 2137 912 2210 ἠδυνήθη.
943 2139 1081 2195 Τότε
1121 2138 1177 2192 δὲ
1224 2136 1499 2216 ἐξαίφνης,
1549 2137 1640 2192 ἀπ’
1672 2135 1934 2210 οὐδεμιᾶς

293 2233 524 2306 φανερᾶς
573 2228 942 2304 προμηθείας,
1009 2225 1096 2281 ἐπὶ
1161 2235 1259 2296 τῆς
1328 2225 1502 2299 ὄχθης
1569 2225 1772 2282 ἔκειντο
1838 2231 1935 2281 τοῦ

292 2320 568 2390 ποταμοῦ,
599 2318 917 2389 ἡμιθνῆτες·
959 2317 1075 2371 εἶτα
1133 2316 1569 2388 ἀνακτησάμενοι
1615 2315 1708 2377 τὰς
1755 2315 1937 2390 ψυχὰς

295 2405 653 2483 ἀνεχώρησαν
683 2404 735 2476 ἐξ
764 2406 946 2461 αὐτῶν
976 2410 1085 2460 τῶν
1106 2425 1167 2481 γε
1193 2408 1290 2460 τοῦ
1321 2400 1452 2474 ᾅδου
1484 2405 1788 2479 ῥευμάτων.
1831 2403 1935 2458 Οὕ-

292 2515 402 2556 τως
433 2491 610 2551 ἔνθεον
643 2493 907 2565 ἐκτήσατο
951 2493 1180 2567 δύναμιν
1231 2495 1258 2549 6
1309 2491 1798 2564 Ἀσκληπιόδοτος,
1846 2494 1936 2549 καὶ

291 2587 460 2640 ταῦτα
502 2585 636 2656 μετά
664 2589 762 2640 τοῦ
793 2586 1047 2650 σώματος
1097 2579 1173 2639 ἔτι
1223 2581 1318 2640 ὤν.
1361 2582 1721 2646 Ἀπόλλωνος
1764 2584 1936 2647 αὐλὰς

291 2679 457 2729 τοῦτο
489 2671 635 2729 δὲτὸ
680 2673 890 2750 χωρίον
942 2675 993 2729 οἱ
1040 2677 1212 2749 Κᾶρες
1263 2673 1547 2728 καλοῦσιν.
1590 2674 1652 2731 Ὀ
1702 2671 1940 2744 Ἀσκλη-

293 2763 554 2826 πιόδοτος
583 2763 762 2818 τοίνυν
793 2765 898 2819 ἀπὸ
928 2764 1035 2818 τῶν
1069 2762 1251 2818 αὐλῶν
1299 2761 1376 2826 εἷς
1421 2760 1811 2838 Ἀφροδισιάδα
1858 2760 1942 2818 οἷ’-

293 2849 423 2908 καδε
453 2847 915 2928 ἐπανερχόμενος,
964 2849 1074 2922 ἤδη
1119 2852 1214 2924 μὲν
1245 2851 1272 2906 6
1311 2849 1478 2920 ἥλιος
1539 2849 1797 2920 ἐδεδύκει,
1832 2853 1859 2905 6
1888 2849 1943 2906 δὲ

292 2947 642 3017 παραχρῆμα
718 2941 1118 2997 ἀνατέλλουσαν
1213 2939 1470 2996 ἐθεάσατο
1536 2943 1637 3011 τήν
1707 2939 1940 3010 σελήνην

296 3033 466 3104 [1052
495 3033 586 3105 IL]
619 3033 707 3086 οἷα
735 3029 1067 3101 πανσέληνον
1099 3030 1284 3088 οὖσαν.
1316 3033 1506 3086 Καίτοι
1546 3029 1646 3085 οὐκ
1691 3031 1758 3099 ἦν
1811 3029 1862 3084 ἐν
1900 3031 1946 3067 ⁷⁵

294 3125 374 3193 νῷ
426 3118 814 3195 διαμετροῦντι
874 3118 1056 3193 ςωδίῳ
1119 3120 1211 3175 τὸν
1261 3119 1448 3188 ἥλιον.
1501 3119 1681 3177 Ἀλλά
1739 3117 1805 3190 δὴ
1856 3120 1945 3176 καὶ

2050 1976 2202 2028 mur,
2254 1962 2463 2033 inquit,
2497 1969 2554 2019 et
2606 1965 2832 2038 aliquid
2884 1967 3191 2024 infandum
3244 1970 3454 2024 addere
3486 1969 3695 2040 potuit.

2050 2053 2192 2108 Tum
2229 2070 2361 2110 vero
2421 2061 2676 2127 repente,
2713 2057 2875 2114 nulla
2931 2065 3130 2129 aperta
3179 2059 3444 2116 adhibita
3473 2077 3600 2131 ope,
3633 2059 3692 2115 in

2046 2142 2170 2213 ripa
2197 2142 2460 2200 ﬂuminis
2483 2146 2756 2214 jacebant
2795 2149 3202 2204 semimortui:
3236 2149 3448 2204 deinde
3479 2148 3694 2205 animis

2045 2232 2293 2302 receptis
2323 2248 2354 2288 e
2403 2234 2608 2288 mortis
2658 2234 2935 2292 ﬂuctibus
2979 2237 3204 2292 liberati
3237 2246 3394 2293 sunt.
3427 2239 3578 2293 Adeo
3609 2237 3696 2292 di-

2045 2322 2236 2376 vinam
2286 2323 2554 2378 virtutem
2613 2324 2674 2379 in
2723 2341 2784 2380 se
2840 2326 3312 2398 Asclepiodotus,
3346 2331 3401 2382 et
3451 2327 3689 2398 quidem

2046 2411 2104 2466 in
2137 2427 2378 2483 corpore
2403 2414 2596 2469 adhuc
2625 2414 2938 2480 exsistens,
2971 2415 3504 2472 continebat.Cares
3527 2415 3688 2471 illam

2048 2499 2345 2571 regionem
2382 2502 2671 2572 Apollinis
2704 2505 2885 2560 Aulas
2937 2505 3018 2575 [id
3065 2515 3168 2571 est,
3201 2505 3396 2576 tibias]
3427 2503 3696 2574 appella-

2049 2589 2210 2646 bant.
2245 2589 2685 2662 Asclepiodotus
2708 2593 2881 2663 igitur
2903 2593 3063 2649 Aulis
3086 2595 3327 2648 domum
3355 2595 3422 2648 ad
3455 2591 3696 2647 Veneris

2050 2683 2259 2746 urbem,
2311 2680 2434 2737 sole
2483 2681 2804 2749 occidente,
2839 2697 3109 2738 reversus
3165 2686 3274 2738 est.
3325 2681 3530 2737 Statim
3564 2697 3694 2736 vero

2052 2767 2246 2823 lunam
2280 2770 2562 2826 orientem
2587 2770 2714 2840 jam
2749 2773 2982 2842 plenam
3015 2771 3178 2840 vidit,
3208 2786 3544 2842 quanquam
3579 2785 3693 2825 non

2052 2862 2206 2913 esset
2237 2857 2296 2912 in
2329 2858 2518 2929 signo,
2552 2859 2710 2930 quod
2755 2861 2948 2916 344a
3005 2876 3035 2917 e
3066 2861 3352 2916 diametro
3383 2859 3493 2915 soli
3523 2875 3698 2930 oppoo

2054 2946 2166 3002 sita
2194 2951 2339 3002 erat.
2374 2947 2485 3002 Sed
2527 2949 2784 3019 profecto
2844 2956 2902 3006 et
2958 2948 3110 3004 hanc
3149 2949 3467 3020 imaginem
3499 2947 3693 3003 abole-

2056 3035 2156 3104 vit,
2189 3052 2316 3106 quas
2341 3037 2539 3092 omnia
2562 3037 2753 3094 abolet
2773 3039 3098 3094 necessitas.
3123 3038 3548 3094 Alexandrinus
3573 3039 3700 3092 erat

2058 3124 2294 3180 natione
2324 3142 2338 3181 :
2375 3125 2566 3196 quoad
2599 3127 2840 3182 fortunae
2875 3127 3026 3183 bona
3065 3127 3356 3195 obscuris,
3389 3132 3564 3182 natus
3593 3141 3699 3198 pa-

291 3215 458 3267 τοῦτο
496 3194 559 3266 τὸ
591 3208 814 3288 ἄγαλμα
859 3209 1106 3266 καθεῖλεν
1163 3213 1198 3280 ἡ
1250 3209 1420 3266 πάντα
1461 3211 1529 3266 τὰ
1574 3211 1779 3286 ἀρχαῖα
1823 3199 1940 3266 καθ-

2060 3214 2342 3283 rentibus,
2371 3194 2629 3287 alioquin
2663 3216 2862 3287 probis
2892 3222 2949 3272 et
2980 3216 3110 3288 piis.

293 3299 498 3358 ελοῦσα
562 3301 793 3377 ἀνάγκη.
855 3298 1236 3377 Ἀλεξανδρεὺς
1299 3302 1366 3372 ἦν
1452 3303 1515 3358 τὸ
1579 3301 1752 3378 γένος,
1821 3300 1920 3357 ούκ
1986 3299 2254 3381 ἐπιφανῶν
2325 3303 2529 3380 γονέων
2596 3303 2662 3360 τά
2727 3303 2833 3362 ἀπὸ
2901 3311 3001 3375 τῆς
3067 3305 3266 3382 τύχης,
3333 3302 3585 3360 ἐπιεικῶν
3654 3300 3701 3358 δ’

293 3389 485 3454 ἄλλως
517 3392 606 3446 καὶ
637 3392 816 3466 ἱερῶν.

362 3484 482 3537 "01:
512 3481 635 3555 περὶ
674 3479 940 3538 Ἰακώϐου
969 3486 1067 3537 τοῦ
1096 3481 1306 3555 ἰατροῦ,
1355 3484 1414 3546 ὃς
1446 3485 1494 3519 ’³⁸
1542 3481 1702 3561 ἐγγὺς
1755 3483 1850 3556 μὲν
1879 3482 1942 3537 16

289 3571 445 3648 γένος
475 3569 858 3644 Ἀλεξανδρεὺς
910 3570 978 3640 ἦν
1043 3569 1394 3646 ποῤῥώτερον
1445 3571 1491 3627 δ’
1530 3570 1591 3628 ἐκ
1632 3575 1941 3645 Δαμασκοῦ,

293 3658 415 3721 υἱός
447 3657 493 3713 δ’
525 3657 712 3732 ΐατροῦ
755 3662 809 3731 μ’
842 3657 935 3730 ἔτη
977 3662 1044 3733 τῇ
1075 3660 1238 3734 πείρᾳ
1287 3659 1661 3739 σχολάσαντος
1707 3661 1797 3716 καὶ
1850 3682 1939 3732 μι-

292 3753 430 3822 κροῦ
456 3749 556 3816 τήν
611 3748 938 3822 οἰκουμένην
999 3748 1090 3804 ἐπὶ
1138 3750 1409 3824 γυμνασίᾳ
1465 3749 1555 3804 καὶ
1613 3749 1786 3824 κρίσει
1839 3756 1939 3819 τῆς

290 3839 501 3912 τέχνης
527 3835 872 3909 ἐπελθόντος,
916 3838 978 3899 ’ὀς
1028 3838 1116 3893 καὶ
1161 3839 1253 3892 τὸν
1307 3833 1562 3894 Ἰάκωϐον
1613 3839 1710 3906 τὴν
1767 3838 1940 3912 ἰατρι-

293 3928 398 3995 κην
430 3930 474 3963 ’³⁷
503 3927 594 3982 τὸν
623 3924 792 3982 παῖδα
821 3927 910 3983 ἐπὶ
941 3922 1036 3998 ἔτη
1068 3928 1136 3982 τὰ
1159 3925 1256 3982 ’ίσα
1305 3925 1608 4000 ἐδιδάξατο,
1659 3928 1782 4002 περὶ
1827 3926 1941 3983 τοί-

291 4037 385 4071 νυν
410 4013 569 4071 τοῦδε
597 4021 696 4072 τοῦ
737 4013 1024 4085 Ἰακώϐου,
1074 4016 1254 4092 ὥσπερ
1306 4017 1396 4072 καὶ
1445 4015 1635 4088 ἄλλοι,
1685 4016 1872 4072 πολλά
1900 4018 1943 4053 ⁷⁸

292 4101 574 4180 παράδοξα
603 4105 774 4182 λέγει,
822 4106 914 4161 καὶ
965 4107 1040 4169 ὡς
1097 4105 1329 4169 ἀκούσας
1377 4112 1606 4183 γυναῖκα
1653 4112 1940 4181 πταρεῖσαν

294 4195 637 4269 ἁθροώτερον
666 4196 872 4258 πάντας
902 4191 1201 4251 ἀποϐαλεῖν
1245 4197 1370 4258 τοὺς
1421 4194 1663 4267 ὀδόντας,
1715 4197 1774 4252 ἐκ
1818 4196 1943 4252 τού-

291 4305 397 4339 του
434 4284 598 4357 μόνου
653 4289 752 4340 τοῦ
804 4280 1219 4357 συμϐεϐηκότος
1267 4286 1502 4341 ἀνειπεῖν
1557 4286 1624 4342 τὰ
1671 4285 1796 4362 περὶ
1844 4288 1946 4352 τῆς

293 4375 549 4449 γυναικὸς
578 4373 805 4444 ἅπαντα,
858 4371 1004 4436 εἶδός
1050 4395 1108 4430 τε
1153 4374 1244 4429 καὶ
1296 4380 1500 4451 χρῶμα
1548 4374 1802 4448 σώματος
1853 4373 1944 4430 καὶ

2127 3487 2204 3541 De
2252 3485 2472 3542 Jacobo
2504 3486 2731 3543 medico
2761 3487 2885 3560 (qui
2917 3486 3153 3559 propius
3195 3486 3429 3559 quidem
3489 3502 3700 3558 genere

2052 3574 2480 3632 Alexandrinus
2509 3581 2653 3646 erat,
2687 3576 2922 3649 longius
2954 3577 3376 3643 Damascenus,
3402 3575 3560 3631 ﬁlius
3585 3591 3700 3631 me-

2050 3664 2184 3733 dici,
2218 3665 2316 3734 qui
2350 3665 2740 3738 quadraginta
2771 3682 2958 3721 annos
2990 3665 3050 3721 in
3097 3664 3458 3735 experientia
3498 3681 3701 3736 posue-

2050 3757 2162 3819 rat,
2195 3758 2253 3808 et.
2297 3771 2444 3826 pene
2491 3755 2690 3810 orbem
2753 3763 3038 3810 terrarum
3089 3752 3498 3809 exercitatione
3528 3753 3698 3808 artis-

2051 3857 2162 3911 que
2190 3843 2406 3913 judicio
2437 3844 2712 3915 pervasit,
2747 3845 2848 3916 qui
2904 3849 2963 3898 et
3015 3841 3302 3898 Jacobum
3354 3840 3544 3895 ﬁlium
3578 3857 3699 3896 me-

2051 3929 2242 3986 dicam
2299 3937 2484 3986 artem
2541 3933 2782 3988 totidem
2837 3949 3024 3988 annos
3081 3931 3326 4000 docuit),
3357 3930 3428 3984 de
3483 3928 3698 3985 Jacobo

2051 4017 2246 4090 igitur,
2282 4020 2776 4091 quemadmodum
2809 4027 2866 4076 et
2896 4021 3014 4090 alii,
3047 4019 3340 4076 mirabilia
3371 4017 3695 4088 dicit,quod

2051 4107 2296 4164 audiens
2319 4109 2625 4166 mulierem
2652 4115 3073 4166 sternutantem
3101 4107 3696 4181 frequentius,omnes

2054 4198 2320 4254 amiserit
2347 4200 2807 4272 dentes,hocque
2837 4199 2961 4257 solo
2991 4198 3310 4262 accidente,
3342 4195 3540 4253 omnia
3571 4211 3697 4266 qua:

2051 4287 2121 4344 ad
2156 4288 2459 4345 mulierem
2493 4294 2784 4361 spectant,
2819 4295 2876 4345 et
2906 4291 3154 4347 formam
3186 4287 3556 4356 coloremque
3584 4301 3705 4340 cor-

2054 4375 2235 4448 poris,
2266 4386 2318 4434 et
2354 4378 2851 4448 magnitudinem,
2881 4384 2937 4434 et
2984 4381 3045 4433 in
3107 4376 3306 4433 anima
3361 4375 3700 4446 quicunque

299 4461 525 4537 μέγεθος
569 4463 658 4518 καὶ
705 4470 805 4533 τῆς
852 4466 1037 4539 ψυχῆς
1066 4462 1163 4519 ὅσα
1216 4465 1559 4543 φυσικώτερα
1603 4469 1711 4522 τῶν
1769 4465 1939 4534 ἠθῶν.

2061 4472 2269 4524 natura:
2321 4484 2513 4525 mores
2574 4468 2758 4541 magis
2814 4467 3212 4533 convenirent,
3235 4464 3576 4522 enuntiarit.
3607 4463 3700 4520 Ja-

295 4554 423 4609 "01:
455 4553 482 4607 6
512 4557 608 4608 τοῦ
640 4547 904 4608 Ἰακώϐου
928 4554 1111 4626 πατὴρ
1147 4553 1282 4626 μετά
1308 4554 1407 4622 τὴν
1435 4553 1653 4623 πολλὴν
1704 4560 1805 4624 τῆς
1855 4553 1940 4608 οἶ-

297 4637 572 4713 κουμὲνης
600 4640 811 4713 πλάνην
861 4641 999 4711 ἦλθε
1053 4643 1144 4697 καὶ
1192 4642 1271 4706 είς
1313 4643 1376 4699 τὸ
1420 4643 1736 4714 Βυζάντιον,
1785 4645 1940 4721 φησὶ,

297 4730 547 4794 καὶτοὺς
588 4731 806 4787 ἐνταῦθα
853 4729 1148 4789 κατέλαϐεν
1201 4731 1442 4806 ἰατροὺς,
1493 4731 1651 4789 οὐδὲν
1701 4732 1803 4810 ἄρα
1843 4741 1942 4804 τῆς

299 4821 502 4897 τέχνης
533 4820 921 4896 ἐπισταμένους
970 4817 1187 4897 ἀγριϐἒς
1247 4820 1373 4878 οῦδὲ
1419 4822 1761 4898 αύτόπειρον,
1801 4823 1945 4880 ἀλλὰ

296 4910 405 4965 ἀπὸ
455 4914 562 4965 τῶν
620 4910 928 4986 ἀλλοτρίων
988 4909 1362 4985 δοξασμάτων,
1411 4913 1475 4968 ού
1537 4913 1944 4989 θεραπεύοντας,

295 4998 446 5055 ἀλλά
474 5001 875 5078 φλυαροῦντας.
912 5003 1142 5081 ("Ampio
1173 4999 1250 5072 δὲ,
1282 5003 1371 5058 καὶ
1407 5003 1434 5059 6
1473 5008 1604 5066 παῖς
1629 5004 1720 5059 καὶ
1765 5004 1793 5058 ὁ
1825 5005 1945 5083 φὺς,

295 5085 480 5146 ἀσεϐἐε
526 5094 572 5128 ⁷³
612 5092 788 5163 ἤστην
837 5093 930 5165 ⁸ο.)
979 5095 1100 5149 Ὅτι
1149 5090 1398 5168 ἐχρῶντο
1443 5094 1580 5149 κατά
1614 5098 1723 5149 τῶν
1773 5093 1946 5149 νόσων

293 5181 443 5237 οὗτοι
474 5183 792 5258 καθαρσίοις
820 5181 1057 5249 πολλοῖς
1085 5184 1176 5240 καὶ
1211 5182 1545 5260 βαλανείοις,
1598 5189 1949 5261 χειρουργεῖν

2051 4557 2202 4625 cobi,
2235 4557 2449 4630 inquit,
2482 4564 2650 4630 pater
2681 4563 2812 4630 post
2841 4557 3056 4614 multos
3087 4572 3188 4628 per
3230 4555 3434 4612 orbem
3474 4569 3700 4610 errores

2050 4646 2393 4720 Byzantium
2416 4649 2656 4714 venit,et
2684 4647 2939 4704 medicos
2964 4647 3043 4703 ibi
3075 4645 3308 4718 reperit,
3340 4643 3438 4716 qui
3470 4641 3615 4699 nihil
3640 4642 3698 4698 in

2051 4743 2177 4795 arte
2227 4753 2333 4793 sua
2399 4738 2650 4809 perfecte
2703 4739 2941 4806 scirent,
2993 4752 3099 4792 nec
3154 4735 3270 4808 ipsi
3327 4730 3700 4805 experientia,

2053 4827 2155 4884 sed
2188 4841 2254 4882 ex
2314 4826 2562 4883 aliorum
2621 4827 2892 4885 doctrina
2947 4823 3402 4898 cognovissent:
3437 4837 3552 4875 non
3609 4835 3700 4874 sa-

2053 4920 2286 4983 nantes,
2311 4921 2408 4972 sed
2457 4925 2745 4990 nugantes
2778 4933 2792 4972 :
2825 4917 2998 4973 ambo
3048 4930 3201 4983 vero,
3235 4917 3399 4984 pater
3446 4913 3504 4965 et.
3544 4907 3702 4964 filius

2053 5003 2223 5076 impii
2250 5009 2438 5062 erant.
2473 5008 2798 5062 Utebantur
2831 5005 2914 5060 illi
2967 5003 3251 5060 adversus
3303 4997 3542 5055 morbos
3569 5012 3705 5070 pur-

2058 5095 2392 5162 gationibus
2425 5095 2626 5152 multis
2656 5104 2710 5152 et
2760 5095 3007 5151 balneis.
3037 5095 3120 5149 Ad
3164 5090 3557 5162 chirurgicam
3592 5089 3702 5144 fer-

2059 5201 2122 5242 ro
2153 5185 2399 5257 igneque
2456 5201 2570 5242 non
2631 5185 2948 5243 admodum
2979 5187 3150 5241 erant
3181 5181 3460 5255 prompti.
3503 5178 3612 5237 Sed
3644 5181 3701 5234 et

1658 5309 1900 5368 VARl/E
1938 5309 2346 5368 LECTIONES.

362 5433 813 5543 “,’.liapnp.k.16
869 5430 1224 5543 τερῖαξγοῐλόχοξ

287 5511 355 5572 Α,
389 5501 534 5559 εὕϊον
556 5501 832 5564 ἰοἰοὶιὶυε
863 5501 1093 5570 ι).’Χν[.
1123 5501 1171 5543 7°
1199 5501 1396 5562 ἀνεϐόα
1426 5525 1540 5566 om.
1573 5501 1638 5565 Ᾱ.

291 5574 536 5651 samem
569 5576 656 5651 ς.
697 5578 950 5651 Θολάθην
980 5579 1290 5651 llamaker.
1317 5585 1638 5637 Monumenl

1173 5437 1260 5509 ον]
1313 5435 1435 5510 περί
1495 5440 1719 5510 Παμπρ.
1775 5435 1899 5490 τότε
1957 5433 2151 5510 ῥᾶστον
2217 5439 2283 5492 Α.
2351 5453 2446 5492 an.
2504 5435 2846 5509 τεράστιονῖ

1199 5501 1396 5543 AJKx...
1426 5525 1516 5543 nm
1582 5512 1610 5543 Δ
1743 5509 1784 5543 ἰι
1825 5512 1924 5543 «με,
1967 5513 1991 5543 Α
2023 5525 2037 5540 .
2071 5507 2116 5543 .2“.
2147 5512 2246 5543 ηερ
2280 5504 2343 5543 r-
2438 5508 2484 5543 τε
2521 5506 2778 5543 (ληιὶηιιςιι.
2816 5508 2846 5543 Δ

569 5513 832 5564 Leiebius
863 5527 917 5570 ι).
949 5513 1093 5564 XVI.
1123 5513 1171 5543 τυ
1199 5513 1396 5562 ἀνεϐόα
1426 5525 1540 5566 om.
1573 5513 1638 5565 A.
1743 5513 1784 5543 τι
1825 5513 1924 5576 τῆς
1957 5513 2037 5563 A:
2071 5513 2117 5579 ᾧ
2147 5513 2246 5576 τῆς
2280 5513 2360 5579 ς.
2438 5513 2484 5544 π
2521 5513 2778 5580 βωλαθήν
2811 5513 2877 5569 Α,
2936 5513 3176 5634 ξωλαθιν
3229 5513 3288 5572 B,
3341 5513 3582 5579 βολαθήν
3615 5513 3696 5562 G:

569 5576 656 5665 ς.
691 5578 1290 5665 ρρλᾴθηνηξιξιωριίρξ.
1317 5585 1674 5665 Μυρ-υῐρρυς.
1708 5579 1853 5665 Eun.
1888 5597 1942 5665 ρΞ
1972 5581 2056 5665 1θ.
2135 5579 2183 5665 τξ
2212 5577 2476 5665 ἀνέϐησαὲ
2669 5579 2942 5665 τξδξΑσκ
2978 5574 3271 5665 ηπίόδοτος
3301 5576 3625 5665 ομιξθοέηπ
3644 5575 3696 5631 ἐν

2979 5435 3028 5472 ⁸9
3083 5426 3295 5489 Εὐϐοέα
3352 5437 3390 5487 Β
3438 5435 3496 5487 et
3550 5449 3702 5493 corr.

2280 5504 2360 5580 ς’.
2438 5508 2484 5544 ⁷²
2521 5499 2778 5580 βωλαθήν
2807 5508 2877 5580 Α,
2936 5502 3176 5580 βωλαθᾼίν
3229 5511 3288 5572 Β,
3341 5499 3697 5580 βολαθὴνᾷρτ

290 5643 349 5755 ἐξ
381 5643 612 5735 ωοὶξᾶ
639 5653 776 5708 add.
810 5656 875 5708 Α.
905 5643 916 5651 ’
951 5648 1086 5738 ⁷⁶Ιὸς
1119 5653 1201 5707 A:
1241 5649 1366 5738 ’ᾆσον
1523 5652 1568 5688 ⁷⁷
1593 5653 1693 5721 τήν
1725 5643 1974 5724 ἰατρικήν
2002 5655 2043 5708 Α
2070 5668 2084 5708 :
2117 5657 2216 5722 τῆς
2249 5643 2500 5728 ἴατρικῆς
2525 5643 2614 5728 ζ’,
2639 5650 2854 5710 additis
2881 5643 3213 5728 τῆν’τέχνην
3235 5653 3364 5722 post
3393 5643 3694 5718 ἐδιδάξατο.

301 5733 311 5754 ⁴
371 5718 558 5775 πολλα
588 5724 721 5779 add.
752 5727 818 5779 A.
917 5722 964 5759 79
993 5715 1196 5779 ἂσεϐέεῖ
1230 5715 1375 5776 ἂϐιοι
1465 5763 1479 5779 .
1591 5724 1637 5760 ⁸⁸
1665 5719 1837 5779 ἥσθην
1871 5721 1953 5779 C'.

293 5719 340 5755 7'
371 5718 558 5775 πολλά
588 5724 721 5779 add.
752 5727 818 5780 A.
917 5722 964 5759 ⁷9
993 5715 1196 5794 ἀσεϐές]
1230 5715 1375 5776 ἄϐιοι

1591 5724 1637 5760 ⁸ο
1652 5719 1837 5794 ’ἥσθην
1871 5719 1953 5797 ς.
