4100 6242
488 386 642 446 1279

1685 381 1953 445 PHOTII
1996 380 2523 445 PATRIARCHE
2566 385 2683 446 GP.

3699 393 3810 454 1280

490 522 748 595 pessima
778 522 969 578 ulcera
998 520 1166 575 dieta
1200 518 1809 590 pellebant,venarum
1842 520 2127 575 sectiones

2246 516 2297 572 δὲ
2329 516 2540 592 σιδήρῳ
2578 519 2666 573 καὶ
2706 518 2837 593 πυρὶ
2868 517 2930 573 οὑ
2964 520 3086 573 Λίαν
3131 518 3267 586 ἦσαν
3308 518 3544 594 ἕτοιμοι,
3592 522 3717 577 ἀλλὰ
3751 526 3814 578 καὶ

489 612 894 683 repudiabant.
932 609 1141 664 Divites
1188 625 1403 663 sanans
1454 608 1717 663 hortatus
1746 614 1855 675 est,
1891 613 1954 663 ut
1987 624 2125 680 pau-

488 700 722 773 peribus
778 700 1193 771 aegrotantibus
1254 714 1421 768 opem
1486 699 1720 763 ferrent,
1753 704 1811 753 et
1842 697 1935 752 ille
1969 698 2129 753 nulla

490 792 749 847 mercede
780 795 1019 855 sanavit,
1055 790 1287 863 publico
1328 796 1633 846 contentus
1693 790 2001 845 frumento.
2037 792 2131 845 Ait

488 886 707 945 auctor,
761 880 974 936 vidisse
1022 897 1083 936 se
1132 880 1372 935 Athenis
1422 885 1673 935 statuam
1724 880 1923 935 Jacobi
1956 887 2013 935 et
2052 882 2129 935 vi-

488 986 613 1026 sam
648 968 827 1025 fuisse
879 969 989 1023 sibi
1032 971 1339 1025 admodum
1391 968 1679 1041 ingeniosi
1727 968 2005 1033 hominis,
2040 986 2128 1025 se-

486 1058 629 1124 veri,
686 1064 742 1113 et
798 1058 1007 1128 gravis.
1054 1060 1155 1113 Hic
1220 1058 1474 1115 Jacobus
1541 1058 1784 1115 celebris
1861 1058 2125 1114 Proclum

487 1148 731 1204 Athenis
767 1154 1049 1220 aegrotum
1112 1166 1348 1218 curans,
1381 1148 1558 1218 jussit
1608 1148 1776 1203 illum
1835 1166 1867 1202 a
1898 1152 2129 1203 crambe

490 1237 804 1303 abstinere,
837 1238 995 1295 olera
1023 1238 1275 1310 plurima
1305 1238 1625 1293 comedere.
1662 1238 1783 1304 Hic,
1831 1254 1989 1293 more
2020 1238 2127 1309 Py-

489 1327 765 1398 thagorae,
800 1330 1047 1384 malvam
1073 1330 1372 1385 comedere
1404 1329 1607 1383 noluit.

2237 605 2301 659 τὰ
2364 606 2749 681 μοχθηρότερα
2803 612 2910 662 τῶν
2954 604 3133 662 ἑλκῶν
3186 604 3365 682 διαίτῃ
3418 610 3812 683 κατηγωνίζοντο·

2238 691 2608 774 ῳλεϐοτομίαν
2670 696 2717 751 δ’
2775 696 2837 751 οὑ
2894 698 3171 771 προσίετο.
3230 700 3473 755 Ἐπειθεν
3540 702 3566 755 6
3616 697 3816 762 Ἰάκωϐος

2236 786 2366 847 τοὺς
2398 784 2695 849 πλουσίους
2728 786 2988 859 ἰατρεύων
3022 788 3242 862 βοηθεῖν
3266 793 3330 862 τῇ
3362 792 3588 863 νοσούσῃ
3620 794 3727 861 [560
3751 794 3816 862 HJ

2238 874 2393 945 πενίᾳ
2425 877 2511 929 καὶ
2557 876 2716 936 αὑτὸς
2769 880 2977 948 προῖκα
3024 877 3257 950 ίάτρευε,
3306 884 3383 950 τῷ
3426 877 3665 951 δημοσίῳ
3709 880 3818 951 μόνῳ

2238 964 2571 1037 ἀρκούμενος
2634 964 2943 1038 σιτηρεσίῳ.
3032 968 3152 1020 ’Ότι
3215 970 3377 1043 φησὶν
3434 969 3460 1021 6
3520 967 3817 1042 συγγραξεὺς,

2240 1050 2397 1109 Εἶδον
2432 1053 2607 1107 εἰκόνα
2645 1058 2741 1108 τοὺ
2778 1049 3045 1110 Ἰακώϐου
3092 1056 3378 1129 Ἀθήνῃσι,
3431 1058 3520 1111 καί
3564 1078 3646 1128 μοι
3687 1052 3815 1126 ἔδοξεν

2239 1143 2265 1197 6
2298 1141 2436 1216 ἀνὴρ
2468 1142 2667 1221 εὐφυὴς
2703 1144 2797 1215 μὲν
2833 1144 2895 1197 οὑ
2946 1147 3087 1198 πάνυ
3146 1145 3305 1211 εἶναι,
3354 1146 3548 1219 σεμνὸς
3587 1143 3638 1200 6i:
3678 1148 3713 1182 ⁸¹
3754 1146 3815 1198 καὶ

2238 1228 2523 1306 ἐμϐριθής.
2584 1235 2755 1295 Οὗτος
2807 1233 2863 1289 δὲ
2912 1236 2938 1288 ὁ
2986 1232 3250 1299 Ἰάκωὸος
3321 1238 3555 1310 Ηρόκλῳ
3609 1240 3819 1305 νοσοῦντι,

2239 1324 2289 1377 ἐν
2325 1326 2579 1394 Ἀθήναις
2637 1326 2683 1361 ⁸⁵
2742 1320 3032 1398 διατρίϐων
3088 1325 3177 1379 καὶ
3230 1328 3652 1400 θαυμαζόμενος,
3706 1344 3825 1398 προσ·

490 1415 666 1485 ἆταξεν
698 1415 996 1491 ἀπέχεσθαι
1044 1418 1136 1487 μὲν
1203 1411 1480 1490 κράμϐης,
1532 1416 1881 1495 ἐμφορεῖσθαι
1924 1412 1981 1469 δὲ
2028 1420 2136 1469 τῶν
2198 1411 2474 1488 λαχάνωνο
2513 1415 2540 1469 6
2592 1412 2648 1469 δὲ
2696 1415 2831 1469 κατᾶ
2876 1414 2965 1469 τὸν
3022 1417 3396 1492 Πυθαγόρειον
3453 1416 3616 1488 νόμον
3673 1416 3711 1450 δ’
3756 1413 3824 1468 οὐκ

490 1504 753 1579 ἠνέσχετο
790 1505 1047 1581 μαλάχην
1072 1508 1119 1540 ⁸⁸
1148 1505 1361 1561 ἐσθίειν.

564 1598 1008 1667 Asclepiodotus
1039 1613 1153 1652 non
1186 1597 1424 1652 omnino
1457 1596 1817 1667 ingeniosus,
1844 1600 1905 1650 ut
1939 1594 2132 1650 multis

493 1685 829 1741 hominibus
865 1687 1057 1741 visum
1094 1691 1205 1753 est,
1238 1688 1334 1741 sed
1378 1687 1433 1740 in
1485 1686 1953 1741 dubitationibus
2005 1701 2130 1740 acu-

491 1775 783 1843 tissimus,
804 1776 873 1829 ad
907 1776 1351 1847 intelligendum
1387 1793 1497 1831 non
1530 1777 1672 1830 adeo
1706 1775 1910 1837 solere,
1946 1788 2130 1845 neque

2312 1593 2411 1649 Ἦν
2466 1590 2523 1647 δὲ
2561 1595 2589 1647 ὁ
2640 1592 3113 1663 Ἀσκληπιόδοτος
3155 1594 3263 1673 οὐχ
3307 1593 3613 1669 ὁλόκληρος
3640 1596 3725 1662 τήν
3764 1592 3826 1646 εύσ

2242 1679 2425 1759 φυίαν,
2458 1683 2531 1743 ὡς
2560 1687 2678 1745 τοῖς
2732 1681 3012 1747 πλείστοις
3058 1682 3207 1753 ἔδοξε
3234 1689 3341 1738 τῶν
3392 1683 3693 1757 ἀνθρώπων,
3736 1680 3825 1734 ἀλλ’

2244 1771 2463 1844 ἀπορεῖν
2509 1772 2601 1843 μὶν
2648 1772 2925 1843 ὀξύτατος,
2977 1779 3210 1827 συνεῖναι
3252 1770 3309 1827 δὲ
3350 1772 3413 1827 οὑ
3466 1772 3582 1827 λίαν
3624 1770 3826 1844 ἀγχίνους

491 1864 617 1937 ipse
650 1866 739 1920 sui
766 1865 1276 1936 similis,a|ioquin
1325 1873 1382 1921 et
1412 1883 1504 1922 res
1535 1867 1783 1932 divinas,
1835 1867 2135 1932 obscuras,

2246 1857 2369 1913 οὑδὲ
2416 1860 2575 1921 αὑτὸς
2625 1862 2798 1932 ἑαυτῷ
2845 1862 3060 1933 ὅμοιος,
3110 1859 3365 1917 ἄλλωστε
3418 1861 3509 1915 καὶ
3556 1862 3617 1916 τὰ
3643 1859 3827 1928 θειότερα

492 1960 549 2010 et
579 1955 768 2010 8446
821 1956 928 2009 sub
959 1955 1402 2026 intelligentiam
1463 1956 1757 2018 cadentes,
1790 1959 1847 2009 et
1894 1955 2134 2010 eximios

492 2042 627 2097 illus
678 2059 888 2097 sensus
939 2041 1199 2097 Platonis
1260 2042 1662 2111 intelligebat:
1706 2043 1775 2097 ad
1816 2042 2131 2113 Orphicam

492 2128 983 2201 Chaldaicamque
1039 2130 1299 2186 altiorem
1342 2132 1758 2201 cognitionem,
1808 2148 1934 2203 quae
1969 2148 2128 2187 com-

495 2234 722 2274 munem
773 2219 1250 2290 philosophorum
1311 2227 1547 2291 captum
1609 2220 1930 2287 excederet,
1963 2220 2133 2292 longe

493 2311 617 2361 erat
646 2306 901 2361 inferior.
943 2308 999 2360 In
1034 2306 1286 2374 physicis
1326 2309 1589 2363 omnium
1623 2311 1715 2363 sui
1773 2308 1969 2363 smeuli
2014 2314 2135 2363 erat

495 2395 871 2451 doctissimus
904 2413 918 2451 :
963 2396 1233 2451 similiter
1259 2402 1316 2452 et
1346 2398 1402 2451 in
1440 2399 1867 2463 mathesi,unde
1897 2403 1953 2453 et
1988 2415 2135 2469 prae-

494 2488 582 2539 ter
613 2484 727 2539 alia
778 2502 1051 2557 magnam
1112 2485 1328 2557 ingenii
1363 2485 1606 2557 gloriam
1639 2493 1995 2544 consecutus
2024 2498 2130 2544 est.

496 2576 557 2630 In
602 2573 807 2630 morali
842 2574 1234 2646 philosophia,
1266 2582 1321 2630 et
1377 2592 1503 2647 quae
1544 2577 1615 2632 de
1654 2577 1966 2634 virtutibus
2024 2583 2133 2644 est,

495 2680 728 2735 semper
758 2680 967 2719 novum
1000 2666 1137 2735 quid
1169 2664 1446 2732 invenire,
1482 2673 1535 2721 et
1583 2666 2134 2737 contemplationem

495 2755 564 2809 ad
599 2752 871 2810 interiora
911 2754 1281 2826 visibiliaque
1313 2756 1535 2811 trahere
1585 2759 1906 2813 conabatur
1939 2775 1953 2813 :
1987 2757 2134 2813 nihil

496 2843 755 2913 quidem,
786 2849 851 2899 ut
891 2843 973 2899 ita
1017 2846 1243 2916 loquar,
1295 2862 1365 2900 ex
1409 2847 1669 2917 antiquis
1731 2847 2137 2918 intelligentiis

496 2949 754 3000 servans,
790 2934 986 2988 omnia
1034 2936 1400 2990 condensans
1452 2940 1507 2991 et
1546 2935 1825 3007 colligens
1858 2938 1914 2991 in
1967 2944 2134 2993 natu-

495 3038 612 3078 ram
669 3023 897 3078 mundi.
954 3023 1134 3080 Natus
1191 3026 1258 3079 ad
1325 3025 1611 3081 musicam
1672 3025 2136 3098 Asclepiodotus,

497 3110 861 3179 deperditum
896 3116 1088 3166 tamen
1136 3114 1553 3168 enarmonicum
1606 3130 1717 3168 non
1755 3115 1935 3185 potuit
1966 3130 2135 3170 revo—

2242 1952 2349 2002 τῶν
2382 1950 2734 2024 πραγμάτιον,
2769 1952 2867 2005 ὅσα
2908 1950 3079 2027 ἄφανῆ
3123 1950 3214 2005 καὶ
3252 1950 3425 2020 νοητᾶ
3462 1950 3549 2005 καὶ
3594 1956 3683 2017 τῆς
3725 1946 3828 2002 [1λέ-

2243 2059 2413 2099 τωνος
2463 2037 2704 2114 ἐξαίρετα
2764 2038 3023 2102 διανοίας.
3079 2042 3220 2113 Πρὸς
3270 2038 3328 2094 δὲ
3380 2041 3479 2109 τὴν
3536 2039 3830 2113 Ὀρφικήντε

2239 2128 2326 2183 καὶ
2385 2126 2699 2197 Χαλδαϊκὴν
2756 2130 2854 2198 τήν
2914 2132 2958 2165 ⁸⁸
2999 2127 3344 2203 ὑψηλοτέραν
3396 2128 3607 2203 σοφίαν,
3653 2126 3829 2181 καὶτὸν

2240 2220 2417 2273 κοινὸν
2468 2218 2797 2297 φιλοσοφίας
2857 2223 2978 2273 νοῦν
3068 2220 3486 2293 ὑπεραίρουσαν,
3540 2216 3614 2273 ἔτι
3670 2212 3833 2289 μᾶλλον

2239 2309 2504 2367 ἐλείπετο.
2541 2311 2681 2381 Πρὸς
2715 2306 2770 2363 δὲ
2810 2309 3163 2387 φυσιολογίαν
3195 2314 3300 2364 τῶν
3347 2310 3474 2364 καθ’
3529 2308 3699 2363 ἑαυτὸν
3735 2305 3835 2357 παν-

2238 2417 2345 2451 των
2375 2399 2440 2466 ἦν
2474 2396 2967 2472 ἐρῥωμενέστατος’
3024 2397 3285 2459 ὡσαύτως
3329 2398 3425 2453 καὶ
3458 2397 3509 2451 ἐν
3554 2402 3660 2457 τοῖς
3700 2391 3832 2466 μαθή-

2243 2508 2425 2558 μασιν,
2457 2487 2545 2563 ἀφ’
2586 2488 2659 2540 ὧν
2688 2485 2890 2542 καὶέπί
2934 2486 2999 2542 τὰ
3040 2484 3185 2541 ἄλλα
3225 2488 3286 2544 τὸ
3334 2490 3479 2561 μίγα
3529 2494 3623 2554 τῆς
3668 2484 3834 2559 φύσεως

2242 2576 2584 2647 ἀπηνέγκατο
2616 2575 2798 2638 κλέος.
2833 2577 2919 2632 Ἐν
2947 2580 3063 2637 τοῖς
3095 2576 3219 2648 περὶ
3269 2577 3425 2645 ἠθῶν
3462 2573 3517 2630 δὲ
3557 2575 3638 2628 καὶ
3680 2572 3836 2645 ἀρετῶν

2242 2664 2325 2720 ἀεί
2372 2687 2423 2719 τι
2464 2671 2805 2741 καινουργεῖν
2844 2664 3138 2741 ἐπεχείρει,
3182 2666 3447 2739 καὶπρὸς
3491 2666 3555 2719 τὰ
3597 2664 3727 2718 κάτω
3774 2655 3839 2710 καὶ

2242 2755 2307 2808 τὰ
2340 2753 2388 2788 ⁸⁸
2418 2754 2710 2827 φαινόμενα
2763 2752 3076 2809 συστέλλειν
3131 2757 3230 2822 τήν
3281 2755 3541 2825 θεωρίαν,
3590 2748 3725 2806 οὐδὲν
3770 2746 3837 2818 μὲν

2243 2843 2346 2914 (ὡς
2395 2838 2522 2905 ἔπος
2564 2842 2760 2915 εἶπεῖν)
2808 2848 2916 2897 τῶν
2965 2843 3215 2921 ἀρχαίων
3262 2843 3561 2915 νοημάτων
3608 2841 3837 2921 ductam-

2247 2933 2542 3006 μούμενος,
2576 2934 2744 2987 πάντα
2776 2930 2833 2987 δὲ
2874 2934 3130 2987 συνωθῶν
3172 2931 3262 2986 καὶ
3310 2932 3567 3007 κατάγων
3606 2928 3673 2987 είς
3712 2920 3835 2993 τήνδε

2242 3023 2341 3091 τὴν
2399 3024 2552 3099 φύσιν
2612 3025 2713 3092 τήν
2788 3022 3169 3096 περικόσμιον.
3240 3022 3369 3078 “Οτι
3453 3010 3837 3097 εὐφυὲστατοςδ

2243 3109 2716 3181 Ἀσκληπιόδοτος
2754 3112 2877 3187 περὶ
2927 3112 3190 3184 μουσικὴν
3241 3112 3489 3184 γεγονὼς
3535 3110 3594 3164 τὸ
3651 3100 3837 3177 ἐναρμὸ·

496 3213 643 3263 care,
678 3215 1013 3269 quanquam
1069 3200 1181 3255 alia
1227 3201 1340 3255 duo
1400 3212 1603 3256 cantus
1650 3218 1865 3273 genera
1914 3203 2128 3259 rescin-

2246 3222 2362 3256 νιον
2392 3200 2545 3275 γένος
2594 3199 2889 3260 ἀπολωλὸς
2949 3199 3057 3274 οὑχ
3106 3200 3287 3254 οῖόστε
3347 3198 3560 3274 ἐγένετο
3614 3192 3841 3251 ἀνασώσα-

495 3285 658 3340 deret
697 3292 753 3342 et
810 3289 1167 3356 reprimeret,
1202 3290 1447 3344 alterum
1510 3292 1901 3347 chromatz’cum
1948 3293 2141 3362 appel-

502 3373 707 3441 latum,
740 3374 983 3431 alterum
1008 3378 1341 3433 diatom'cum
1367 3397 1380 3446 ;
1406 3379 1772 3436 harmoniam
1804 3387 1999 3437 tamen
2026 3399 2141 3439 non

504 3462 743 3530 invenit,
794 3466 1063 3536 quamvis
1114 3468 1412 3538 magades,
1447 3474 1511 3523 ut
1564 3471 1727 3534 dixit,
1775 3472 2039 3538 mutarit,
2088 3480 2140 3528 et

503 3554 946 3625 transposuerit,
1006 3572 1119 3612 non
1170 3558 1364 3613 minus
1409 3574 1584 3630 quam
1617 3559 1821 3631 viginti
1861 3565 1918 3617 et
1975 3563 2139 3617 duas.

504 3643 687 3699 Causa
720 3660 820 3699 cur
852 3661 966 3700 non
1010 3646 1310 3716 inveniret,
1347 3648 1465 3705 haec
1503 3654 1589 3705 est
1621 3667 1633 3704 :
1672 3649 1975 3706 minimam
2021 3667 2139 3707 mo-

504 3732 860 3789 derationem
920 3733 1397 3793 harmonicarum
1455 3738 1915 3808 dimensionum,
1965 3757 2141 3811 quam

506 3823 850 3894 dieein(boc
880 3830 988 3886 est.
1034 3826 1287 3897 primum
1339 3845 1573 3898 sonum,
1605 3831 1705 3901 qui
1757 3831 1815 3885 in
1874 3831 2144 3889 cantibus

506 3914 842 3985 percipitur)
890 3920 1115 3984 vocant,
1168 3934 1199 3972 e
1257 3926 1451 3975 nostro
1508 3935 1683 3975 sensu
1767 3920 2038 3992 perdidit,
2088 3926 2145 3978 et

504 4003 675 4060 etiam
717 4005 873 4061 aliud
924 4023 1106 4077 genus
1156 4010 1593 4066 enarmonicum
1638 4010 1811 4068 simul
1863 4013 2141 4084 corrupit.

503 4092 945 4165 Asclepiodotus
992 4113 1023 4150 a
1052 4096 1267 4154 Jacobo
1309 4100 1659 4156 medicinam
1694 4102 1924 4157 discens
1946 4103 2015 4158 ad
2047 4120 2142 4158 ve-

507 4182 738 4254 stigium
783 4183 949 4240 illum
996 4186 1277 4255 sequitur,
1312 4187 1371 4243 in
1407 4188 1607 4245 multis
1664 4189 1836 4246 etiam
1887 4196 2143 4263 superat.

504 4271 649 4328 Nam
683 4274 969 4331 amissum
1001 4273 1138 4330 olim
1177 4292 1347 4331 usum
1380 4276 1497 4332 albi
1531 4278 1790 4347 ellebori,
1825 4295 1929 4337 nec
1969 4280 2144 4337 etiam

506 4362 781 4419 aJacobo
826 4364 1219 4434 observatum,
1252 4366 1373 4438 ipse
1426 4369 1735 4436 renovavit,
1795 4374 1852 4425 et
1908 4368 2008 4425 illo
2062 4370 2147 4425 in-

505 4450 794 4506 sanabiles
840 4454 1075 4509 morbos
1114 4454 1397 4511 inusitato
1448 4459 1614 4512 modo
1667 4458 1914 4515 sanavit.
1946 4460 2144 4515 Ascle-

506 4538 779 4613 piodotus
836 4542 1063 4598 nullum
1116 4561 1146 4601 ο
1197 4546 1359 4602 novis
1410 4546 1674 4613 medicis,
1726 4553 1932 4619 praeter
1976 4548 2145 4605 Jaco-

505 4630 667 4697 bum,
704 4631 981 4701 probavit,
1014 4649 1081 4688 ex
1109 4633 1363 4705 antiquis
1397 4640 1528 4703 post
1573 4635 2006 4708 Hippocratem,
2039 4638 2146 4693 So-

506 4736 701 4776 ranum
732 4719 990 4790 Cilicem,
1031 4724 1332 4778 Maleoten.
1368 4724 1651 4791 Quocirca
1701 4741 1933 4782 uxorem
1975 4743 2145 4783 suam

502 4808 827 4867 Damianen
880 4810 1322 4883 Asclepiodotus
1371 4814 1835 4885 pudicissimam,
1876 4824 1929 4872 et
1994 4818 2144 4889 quod

502 4917 699 4958 rarum
731 4905 839 4971 est,
875 4902 1343 4975 magnanimam,
1382 4903 1682 4975 virilisque
1709 4906 1923 4961 mentis
1953 4906 2013 4962 in
2045 4908 2148 4962 ad-

506 4991 933 5048 ministratione
965 4992 1720 5064 familiw,quemadmodum
1754 4994 1812 5051 in
1845 5002 2157 5053 consuetu-

506 5078 640 5134 dine
671 5086 892 5136 castam
927 5097 1032 5136 nec
1078 5080 1504 5153 voluptuariam
1558 5083 1832 5140 reddidit.
1862 5083 2155 5156 Hierapoli

506 5167 569 5223 lu
614 5167 862 5242 Phrygia
908 5171 1195 5243 templum
1244 5177 1371 5229 erat
1420 5171 1705 5243 Apollinis
1741 5191 1755 5241 ;
1788 5173 1999 5230 subtus
2038 5174 2161 5246 spi-

2248 3292 2390 3361 σθαι,
2423 3290 2602 3347 καίτοι
2630 3290 2812 3346 τᾶίλλα
2842 3288 2938 3345 δύο
2968 3290 3095 3365 γένη
3137 3290 3463 3364 κατατεμὼν
3508 3289 3594 3344 καὶ
3630 3288 3842 3356 ἀνακρου-

2251 3379 2503 3452 σάμενος,
2568 3380 2631 3435 τό
2688 3401 2746 3435 τε
2801 3380 3156 3455 χρωματικὸν
3214 3375 3621 3453 ὀνομαζόμενον
3680 3369 3841 3429 καὶτὸ

2251 3466 2577 3525 διατονικόν.
2617 3470 2690 3525 Τὸ
2741 3466 2798 3523 δὲ
2854 3467 3173 3544 ἐναρμόνιον
3224 3467 3333 3542 οὐχ
3384 3469 3522 3543 εὗρε,
3561 3463 3720 3520 καίτοι
3763 3478 3843 3531 με·

2248 3555 2435 3633 γάδας,
2501 3560 2573 3619 ὡς
2650 3554 2851 3634 ἔλεγεν,
2927 3555 3241 3627 ὑπαλλάξας
3325 3559 3422 3611 καὶ
3502 3553 3726 3629 μεταθεὶς
3770 3544 3843 3634 οὑκ

2252 3632 2510 3712 ἔλάττους
2567 3632 2876 3704 εἴκοσι-καὶ
2918 3645 3231 3705 διακοσίων.
3290 3648 3460 3719 [1053
3491 3646 3578 3717 R.]
3612 3640 3770 3698 Αἴτιον
3802 3632 3843 3687 δὲ

2249 3745 2348 3807 τῆς
2386 3740 2461 3811 μή
2512 3739 2775 3811 εὑρέσεως
2815 3738 2876 3791 τὸ
2909 3735 3201 3810 ἐλάχιστον
3248 3737 3452 3808 μέτρον
3492 3738 3595 3789 τῶν
3648 3729 3840 3811 Eva}:th-

2253 3810 2601 3897 vlvataatn
2615 3826 2819 3900 μάτων,
2850 3825 2983 3901 ὅπερ
3014 3822 3181 3879 δίεσιν
3222 3825 3577 3896 ὀνομάζουσι,
3622 3823 3766 3874 Τοῦτο
3792 3810 3839 3878 δὴ

2250 3916 2546 3977 ἀπολωλὸς
2580 3916 2639 3971 ἐκ
2664 3923 2764 3986 τῆς
2794 3916 3061 3989 ἡμετέρας
3091 3913 3399 3984 αίσθήσεως
3430 3913 3519 3968 καὶ
3548 3912 3607 3966 τὸ
3636 3905 3756 3963 ἄλλο
3780 3902 3844 3989 γί-

2250 4028 2338 4069 νος
2387 4007 2447 4061 τὸ
2508 3984 3301 4080 ἐναρμόνιον-προσαπώλεσεν
3360 4002 3434 4060 ⁸⁷.
3489 4005 3603 4055 Ὅτι
3645 3984 3843 4080 Ἰακώβῳ

2250 4098 2318 4152 τὰ
2364 4095 2501 4151 κατὰ
2539 4078 2638 4164 τήν
2688 4078 2937 4170 ἶατρικήν
2997 4093 3352 4166 μαθητευθεὶς
3409 4093 3437 4147 6
3497 4078 3846 4179 'Aaxlmméiio:

2251 4207 2343 4248 τος
2374 4186 2443 4253 ⁸⁸,
2473 4185 2563 4239 καὶ
2615 4185 2734 4239 κατ’
2793 4182 2918 4260 ἴχνη
2980 4182 3178 4258 βαίνων
3228 4179 3461 4247 ἐκείνου,
3494 4177 3629 4235 ἔστιν
3673 4176 3744 4234 οἷς
3779 4176 3847 4222 καί

2253 4269 2616 4351 ὑπερεϐάλετο
2664 4273 2732 4329 ⁸⁸.
2784 4256 2886 4327 Καὶ
2930 4256 3034 4347 γάρ
3079 4270 3167 4325 καὶ
3214 4274 3311 4324 τοῦ
3360 4269 3559 4325 λευκοῦ
3600 4256 3845 4351 ἒλλεὸόξου

2255 4339 2427 4421 πάλαι
2485 4365 2584 4432 τήν
2653 4364 2853 4437 χρῆσιν
2919 4339 3277 4416 άπολωλυῖαν
3333 4359 3431 4414 καὶ
3475 4353 3599 4430 μηδ’
3646 4339 3844 4437 Ἰακὼὗς)

2254 4455 2615 4510 άνασωθεῖσαν
2658 4450 2820 4514 αὑτὸς
2880 4450 3198 4519 ἀνεκαίνισε,
3254 4449 3343 4505 καὶ
3406 4447 3476 4505 δι’
3534 4446 3689 4501 αὑτοῦ
3730 4435 3848 4493 ἀνά·

2251 4566 2378 4607 τους
2430 4544 2624 4605 νόσους
2666 4540 2987 4619 παραδόξως
3019 4540 3263 4611 ἐξιάσατο
3294 4541 3357 4596 ⁸⁸.
3412 4541 3533 4593 Ὅτι
3583 4535 3609 4588 6
3634 4525 3849 4619 ﬁAﬂAhl‘

2254 4635 2514 4697 πιόδοτος
2545 4640 2652 4691 τῶν
2689 4616 2784 4707 μεν
2817 4630 3092 4707 νεωτέρων
3116 4631 3317 4703 ἰατρῶν
3336 4630 3431 4685 τὸν
3455 4618 3703 4687 Ἰάκωϐον
3719 4616 3846 4690 μόνον

2257 4723 2577 4805 ἀπεδέχετο,
2630 4728 2735 4779 τῶν
2806 4720 2863 4778 δὲ
2929 4716 3311 4798 πρεσϐυτερων
3362 4718 3498 4792 μετᾶ
3570 4711 3852 4805 τὸν-’Ἱππὼ

2257 4796 2463 4889 κράτην
2497 4813 2751 4887 Σωρανὸν
2779 4812 2871 4868 τὸν
2919 4796 3118 4867 Κίλικα
3164 4809 3259 4866 τὸν
3308 4806 3613 4873 Μαλιώτην
3660 4800 3719 4852 9‘.
3747 4796 3852 4851 Τοι-

2259 4904 2449 4979 γάρτοι
2489 4904 2579 4957 καὶ
2626 4900 2942 4957 ἀπετέλεσεν
2972 4899 3000 4955 6
3030 4894 3507 4968 Ἀσκληπιόόοτος
3551 4894 3642 4959 τήν
3686 4898 3851 4979 Δαμια-

2260 4995 2356 5063 νὴν
2384 4990 2510 5061 αίδη
2522 4992 2851 5064 μονεστάτην
2879 4990 2970 5045 καὶ
3000 4988 3319 5063 παράλογον
3356 4988 3403 5023 θ’
3434 4982 3615 5052 οὖσαν,
3644 4980 3733 5046 τὴν
3760 4973 3851 5064 ξτν

2263 5061 2360 5138 τόδ
2389 5061 2656 5158 γαμετὴν,
2691 5079 3047 5155 ὑψηλόφρονα
3080 5061 3175 5133 καὶ
3221 5070 3587 5149 ἀνδρόϐουλον
3630 5061 3852 5158 εἱςῃοῖκο·

2269 5149 2484 5246 νομίαν,
2733 5149 2987 5247 σώφρονα
3024 5168 3115 5224 καὶ
3148 5164 3415 5242 ἄθρυπτον
3460 5162 3535 5225 εἷς
3576 5149 3848 5231 συμϐίωσινο

1852 5326 2094 5383 νΑιιΙιΕ
2141 5325 2555 5383 LECTIONES.

578 5440 621 5479 “
654 5438 711 5495 δὲ
742 5460 858 5501 om.
892 5446 954 5502 C.
1029 5446 1077 5481 ⁸²
1106 5447 1355 5519 Ἀθήναις
1389 5456 1426 5507 Β
1452 5468 1465 5508 :
1496 5451 1808 5522 Ἀθηναίοις
1988 5452 2036 5488 ⁸³
2060 5450 2168 5561 νόμ

578 5514 839 5561 rlhmmrm
872 5535 925 5561 τι-
962 5518 1169 5561 Rnntm-
1225 5539 1257 5561 n
1310 5524 1368 5561 οι
1429 5528 1481 5561 οι
1517 5531 1777 5561 mea...”
1837 5544 1871 5561 η
1929 5527 2031 5561 4ςο
2152 5526 2168 5561 l

508 5514 925 5598 Pythagorea}.
961 5518 1187 5598 Kulster.
1309 5524 1399 5598 _91.
1429 5528 1485 5598 et
1517 5514 1799 5598 protrept.
1929 5527 2051 5583 159.

508 5659 674 5744 Suid.
708 5660 764 5713 b.
798 5676 857 5744 ‘v.
884 5657 1011 5744 :43?
1044 5657 1405 5744 ὑπερεξάλετο
1551 5657 1950 5744 ὑπερεϐάλλετο

2152 5473 2229 5507 ιον
2264 5469 2382 5509 om.
2411 5455 2477 5509 A.
2583 5455 2630 5489 ”
2661 5455 2927 5525 μαλαχῶν
2963 5455 3033 5504 Α.
3065 5455 3098 5503 d

2152 5526 2173 5561 ⁸
2201 5524 2303 5593 τήν
2329 5535 2465 5597 ante
2496 5520 2838 5597 ὑψηλοτέραν
2866 5521 2999 5597 add.
3034 5524 3101 5577 Α.

511 5583 791 5670 απῴλεσεν
838 5583 1187 5664 ἀγυμνάστου
1226 5583 1361 5661 πρὸς
1419 5583 1547 5649 αὐτὺ
1594 5598 1691 5663 τῆς
1719 5583 1905 5666 ’ἀκοῖἤς
1958 5583 2437 5685 ἀπολελειμμένης
2486 5583 2699 5651 suidas
2742 5583 2795 5650 ν.

511 5659 674 5742 Sull].
708 5660 764 5713 b.
798 5676 857 5742 ‘v.
884 5731 940 5742 ._
963 5660 1011 5742 8?
1044 5657 1405 5742 ὑπερεξάλετο
1551 5662 1950 5742 ὑπερεϐάλλετο
2142 5669 2191 5704 ⁹⁰
2225 5666 2543 5742 ιάσατο-ςη
2602 5666 2648 5705 ⁹¹
2683 5666 2795 5721 Μαλ

2583 5453 2630 5489 ⁸⁸
2661 5447 2927 5525 μαλαχῶν
2963 5453 3033 5504 Α.
3065 5449 3136 5504 de
3161 5463 3221 5503 re
3246 5447 3320 5503 cf.
3343 5440 3655 5503 Jamblicb.
3685 5435 3745 5489 de
3767 5428 3849 5481 vi“

2583 5520 2838 5572 ηλοτὲοαν
2866 5521 2999 5572 add.
3034 5524 3101 5572 A.
3177 5518 3225 5554 ⁸⁸
3253 5516 3317 5572 τά
3355 5533 3470 5572 om.
3504 5516 3568 5570 Α.
3663 5505 3848 5572 ⁸⁷προσς

3253 5538 3317 5572 τα
3355 5538 3470 5572 om.
3504 5538 3568 5570 Bo
3665 5538 3683 5541 '
3728 5538 3767 5575 “i

2849 5566 3101 5657 Last"
3152 5589 3201 5626 εκ
3255 5566 3326 5646 ag
3358 5566 3847 5657 τιῑέειερίοςιοεοχιει

2602 5642 3157 5736 δῖᾗαλεάῗτηνῖίωο
3190 5642 3507 5728 Μᾶἱλώἕὴν
3540 5642 3663 5712 cum
3711 5642 3846 5703 Suidi

506 5749 560 5790 v.
596 5730 851 5805 Σωρανὸς
884 5730 1157 5811 Ἐφὲσιοςξ
1225 5736 1271 5770 ’³
1310 5730 1660 5815 παράλογονῘ
1694 5743 1939 5801 fortasse
1969 5730 2275 5814 legendum
2304 5730 2664 5816 nupti-167w.
