  <div class='ocr_page' id='page_1' title='image "/cluster/home/n/w/nwhite01/storage/ocr_20150623/103/hvd.32044054112495/660.png"; bbox 0 0 4100 6242; ppageno 0'>
   <div class='ocr_carea' id='block_1_1' title="bbox 274 294 421 354">
    <p class='ocr_par' dir='ltr' id='par_1_1' title="bbox 274 294 421 354">
     <span class='ocr_line' id='line_1_1' title="bbox 274 294 421 354; baseline 0 0"><span class='ocrx_word' id='word_1_1' title='bbox 274 294 421 354; x_wconf 76' lang='grc'><strong>1281</strong></span> 
     </span>
    </p>
   </div>
   <div class='ocr_carea' id='block_1_2' title="bbox 274 509 1919 585">
    <p class='ocr_par' dir='ltr' id='par_1_2' title="bbox 274 509 1919 585">
     <span class='ocr_line' id='line_1_2' title="bbox 274 509 1919 585; baseline 0 -16"><span class='ocrx_word' id='word_1_2' title='bbox 274 515 474 585; x_wconf 86' lang='grc' dir='ltr'>λωνος,</span> <span class='ocrx_word' id='word_1_3' title='bbox 523 514 626 568; x_wconf 86' lang='grc' dir='ltr'>ὑπὸ</span> <span class='ocrx_word' id='word_1_4' title='bbox 667 512 724 568; x_wconf 77' lang='grc' dir='ltr'>δὲ</span> <span class='ocrx_word' id='word_1_5' title='bbox 769 515 860 569; x_wconf 87' lang='grc' dir='ltr'><strong>τὸν</strong></span> <span class='ocrx_word' id='word_1_6' title='bbox 910 515 1035 569; x_wconf 89' lang='grc' dir='ltr'>ναὸν</span> <span class='ocrx_word' id='word_1_7' title='bbox 1090 509 1413 569; x_wconf 78' lang='grc' dir='ltr'>καταϐάσιον</span> <span class='ocrx_word' id='word_1_8' title='bbox 1466 513 1711 570; x_wconf 73' lang='grc' dir='ltr'><strong>ὑπέκειτο</strong></span> <span class='ocrx_word' id='word_1_9' title='bbox 1759 517 1919 570; x_wconf 79' lang='grc' dir='ltr'>θανα-</span> 
     </span>
    </p>
   </div>
   <div class='ocr_carea' id='block_1_3' title="bbox 273 600 1920 680">
    <p class='ocr_par' dir='ltr' id='par_1_3' title="bbox 273 600 1920 680">
     <span class='ocr_line' id='line_1_3' title="bbox 273 600 1920 680; baseline 0 -22"><span class='ocrx_word' id='word_1_10' title='bbox 273 603 467 676; x_wconf 87' lang='grc' dir='ltr'>σίμους</span> <span class='ocrx_word' id='word_1_11' title='bbox 527 603 800 667; x_wconf 77' lang='grc' dir='ltr'><strong>ἀναπνοὰς</strong></span> <span class='ocrx_word' id='word_1_12' title='bbox 853 600 1251 679; x_wconf 77' lang='grc' dir='ltr'><strong>παρεχόμενον.</strong></span> <span class='ocrx_word' id='word_1_13' title='bbox 1311 608 1514 658; x_wconf 79' lang='grc' dir='ltr'>Τοῦτον</span> <span class='ocrx_word' id='word_1_14' title='bbox 1568 605 1660 659; x_wconf 88' lang='grc' dir='ltr'><strong>τὸν</strong></span> <span class='ocrx_word' id='word_1_15' title='bbox 1723 604 1920 680; x_wconf 80' lang='grc' dir='ltr'><strong>βόθρον</strong></span> 
     </span>
    </p>
   </div>
   <div class='ocr_carea' id='block_1_4' title="bbox 275 689 1916 766">
    <p class='ocr_par' dir='ltr' id='par_1_4' title="bbox 275 689 1916 766">
     <span class='ocr_line' id='line_1_4' title="bbox 275 689 1916 766; baseline 0.002 -20"><span class='ocrx_word' id='word_1_16' title='bbox 275 689 390 747; x_wconf 78' lang='grc' dir='ltr'>οὐδ’</span> <span class='ocrx_word' id='word_1_17' title='bbox 420 692 620 747; x_wconf 68' lang='grc' dir='ltr'><strong>ἄνωθέν</strong></span> <span class='ocrx_word' id='word_1_18' title='bbox 652 690 794 747; x_wconf 82' lang='grc' dir='ltr'>ἐστιν</span> <span class='ocrx_word' id='word_1_19' title='bbox 820 695 947 766; x_wconf 83' lang='grc'>[561</span> <span class='ocrx_word' id='word_1_20' title='bbox 986 695 1080 766; x_wconf 83' lang='grc' dir='ltr'><strong>Η.]</strong></span> <span class='ocrx_word' id='word_1_21' title='bbox 1128 690 1410 748; x_wconf 87' lang='grc' dir='ltr'>ἀκίνδυνον</span> <span class='ocrx_word' id='word_1_22' title='bbox 1458 690 1585 748; x_wconf 80' lang='grc' dir='ltr'><strong>οὐδέ</strong></span> <span class='ocrx_word' id='word_1_23' title='bbox 1622 699 1737 756; x_wconf 84' lang='grc' dir='ltr'>τοῖς</span> <span class='ocrx_word' id='word_1_24' title='bbox 1778 714 1916 764; x_wconf 84' lang='grc' dir='ltr'>πτη-</span> 
     </span>
    </p>
   </div>
   <div class='ocr_carea' id='block_1_5' title="bbox 272 778 1916 859">
    <p class='ocr_par' dir='ltr' id='par_1_5' title="bbox 272 778 1916 859">
     <span class='ocr_line' id='line_1_5' title="bbox 272 778 1916 859; baseline 0.001 -23"><span class='ocrx_word' id='word_1_25' title='bbox 272 785 389 844; x_wconf 85' lang='grc' dir='ltr'>νοῖς</span> <span class='ocrx_word' id='word_1_26' title='bbox 416 784 522 836; x_wconf 91' lang='grc' dir='ltr'><strong>τῶν</strong></span> <span class='ocrx_word' id='word_1_27' title='bbox 557 782 711 850; x_wconf 85' lang='grc' dir='ltr'>ζώων</span> <span class='ocrx_word' id='word_1_28' title='bbox 747 778 998 850; x_wconf 76' lang='grc' dir='ltr'><strong>διελθεῖν,</strong></span> <span class='ocrx_word' id='word_1_29' title='bbox 1027 781 1152 837; x_wconf 85' lang='grc' dir='ltr'>ἀλλ’</span> <span class='ocrx_word' id='word_1_30' title='bbox 1185 783 1282 836; x_wconf 80' lang='grc' dir='ltr'><strong>ὅσα</strong></span> <span class='ocrx_word' id='word_1_31' title='bbox 1319 783 1435 837; x_wconf 84' lang='grc' dir='ltr'>κατ’</span> <span class='ocrx_word' id='word_1_32' title='bbox 1482 783 1641 837; x_wconf 82' lang='grc' dir='ltr'>αὐτὸν</span> <span class='ocrx_word' id='word_1_33' title='bbox 1691 782 1916 859; x_wconf 84' lang='grc' dir='ltr'>γίνεται,</span> 
     </span>
    </p>
   </div>
   <div class='ocr_carea' id='block_1_6' title="bbox 273 867 1916 947">
    <p class='ocr_par' dir='ltr' id='par_1_6' title="bbox 273 867 1916 947">
     <span class='ocr_line' id='line_1_6' title="bbox 273 867 1916 947; baseline -0.002 -22"><span class='ocrx_word' id='word_1_34' title='bbox 273 867 602 926; x_wconf 84' lang='grc' dir='ltr'>ἀπόλλυται.</span> <span class='ocrx_word' id='word_1_35' title='bbox 635 875 763 932; x_wconf 83' lang='grc' dir='ltr'><strong>Τοῖς</strong></span> <span class='ocrx_word' id='word_1_36' title='bbox 795 867 854 925; x_wconf 70' lang='grc' dir='ltr'>δὲ</span> <span class='ocrx_word' id='word_1_37' title='bbox 893 869 1324 944; x_wconf 76' lang='grc' dir='ltr'><strong>τετελεσμένοις,</strong></span> <span class='ocrx_word' id='word_1_38' title='bbox 1376 871 1531 947; x_wconf 76' lang='grc' dir='ltr'>φησὶ,</span> <span class='ocrx_word' id='word_1_39' title='bbox 1579 867 1802 926; x_wconf 85' lang='grc' dir='ltr'>δυνατὸν</span> <span class='ocrx_word' id='word_1_40' title='bbox 1849 870 1916 938; x_wconf 83' lang='grc' dir='ltr'>ἧν</span> 
     </span>
    </p>
   </div>
   <div class='ocr_carea' id='block_1_7' title="bbox 273 955 1914 1036">
    <p class='ocr_par' dir='ltr' id='par_1_7' title="bbox 273 955 1914 1036">
     <span class='ocr_line' id='line_1_7' title="bbox 273 955 1914 1036; baseline 0 -21"><span class='ocrx_word' id='word_1_41' title='bbox 273 958 556 1022; x_wconf 79' lang='grc' dir='ltr'><strong>κατιόντας</strong></span> <span class='ocrx_word' id='word_1_42' title='bbox 587 960 678 1014; x_wconf 79' lang='grc' dir='ltr'><strong>καὶ</strong></span> <span class='ocrx_word' id='word_1_43' title='bbox 709 958 785 1020; x_wconf 82' lang='grc' dir='ltr'><strong>είς</strong></span> <span class='ocrx_word' id='word_1_44' title='bbox 817 958 976 1014; x_wconf 83' lang='grc' dir='ltr'>αὐτὸν</span> <span class='ocrx_word' id='word_1_45' title='bbox 1015 960 1110 1014; x_wconf 86' lang='grc' dir='ltr'>τὸν</span> <span class='ocrx_word' id='word_1_46' title='bbox 1146 960 1324 1034; x_wconf 83' lang='grc' dir='ltr'>μυχὸν</span> <span class='ocrx_word' id='word_1_47' title='bbox 1382 955 1641 1022; x_wconf 84' lang='grc' dir='ltr'>ἀϐλαϐῶς</span> <span class='ocrx_word' id='word_1_48' title='bbox 1691 957 1914 1036; x_wconf 79' lang='grc' dir='ltr'><strong>διάγειν.</strong></span> 
     </span>
    </p>
   </div>
   <div class='ocr_carea' id='block_1_8' title="bbox 274 1048 1918 1128">
    <p class='ocr_par' dir='ltr' id='par_1_8' title="bbox 274 1048 1918 1128">
     <span class='ocr_line' id='line_1_8' title="bbox 274 1048 1918 1128; baseline 0 -24"><span class='ocrx_word' id='word_1_49' title='bbox 274 1049 427 1125; x_wconf 70' lang='grc' dir='ltr'>Λέγει</span> <span class='ocrx_word' id='word_1_50' title='bbox 460 1048 506 1103; x_wconf 88' lang='grc' dir='ltr'>δ’</span> <span class='ocrx_word' id='word_1_51' title='bbox 550 1049 578 1103; x_wconf 98' lang='lat'><strong>6</strong></span> <span class='ocrx_word' id='word_1_52' title='bbox 623 1048 964 1128; x_wconf 68' lang='grc' dir='ltr'>συγγραφεὺς</span> <span class='ocrx_word' id='word_1_53' title='bbox 1011 1049 1084 1112; x_wconf 86' lang='grc' dir='ltr'><strong>ὡς</strong></span> <span class='ocrx_word' id='word_1_54' title='bbox 1133 1049 1296 1112; x_wconf 80' lang='grc' dir='ltr'>αὐτός</span> <span class='ocrx_word' id='word_1_55' title='bbox 1347 1069 1403 1104; x_wconf 88' lang='grc' dir='ltr'>τε</span> <span class='ocrx_word' id='word_1_56' title='bbox 1450 1050 1539 1104; x_wconf 82' lang='grc' dir='ltr'><strong>καὶ</strong></span> <span class='ocrx_word' id='word_1_57' title='bbox 1590 1049 1782 1121; x_wconf 89' lang='grc' dir='ltr'>Δῶρος</span> <span class='ocrx_word' id='word_1_58' title='bbox 1817 1051 1859 1086; x_wconf 85' lang='grc'><strong><em>⁸³</em></strong></span> <span class='ocrx_word' id='word_1_59' title='bbox 1889 1050 1918 1104; x_wconf 90' lang='lat'><strong>6</strong></span> 
     </span>
    </p>
   </div>
   <div class='ocr_carea' id='block_1_9' title="bbox 275 1134 1916 1218">
    <p class='ocr_par' dir='ltr' id='par_1_9' title="bbox 275 1134 1916 1218">
     <span class='ocr_line' id='line_1_9' title="bbox 275 1134 1916 1218; baseline 0.001 -25"><span class='ocrx_word' id='word_1_60' title='bbox 275 1138 598 1218; x_wconf 78' lang='grc' dir='ltr'>φιλόσοφος,</span> <span class='ocrx_word' id='word_1_61' title='bbox 665 1139 768 1194; x_wconf 86' lang='grc' dir='ltr'>ὑπὸ</span> <span class='ocrx_word' id='word_1_62' title='bbox 819 1141 1130 1214; x_wconf 80' lang='grc' dir='ltr'><strong>προθυμίας</strong></span> <span class='ocrx_word' id='word_1_63' title='bbox 1174 1138 1563 1211; x_wconf 78' lang='grc' dir='ltr'>ἐκνικηθὲντες,</span> <span class='ocrx_word' id='word_1_64' title='bbox 1616 1134 1916 1210; x_wconf 72' lang='grc' dir='ltr'>κατέϐησάν</span> 
     </span>
    </p>
   </div>
   <div class='ocr_carea' id='block_1_10' title="bbox 271 1223 1915 1304">
    <p class='ocr_par' dir='ltr' id='par_1_10' title="bbox 271 1223 1915 1304">
     <span class='ocr_line' id='line_1_10' title="bbox 271 1223 1915 1304; baseline 0 -21"><span class='ocrx_word' id='word_1_65' title='bbox 271 1249 328 1283; x_wconf 86' lang='grc' dir='ltr'><strong>τε</strong></span> <span class='ocrx_word' id='word_1_66' title='bbox 374 1228 462 1283; x_wconf 80' lang='grc' dir='ltr'><strong>καὶ</strong></span> <span class='ocrx_word' id='word_1_67' title='bbox 496 1229 716 1289; x_wconf 77' lang='grc' dir='ltr'>ἀπαθεῖς</span> <span class='ocrx_word' id='word_1_68' title='bbox 773 1232 952 1283; x_wconf 77' lang='grc' dir='ltr'>κακῶν</span> <span class='ocrx_word' id='word_1_69' title='bbox 1001 1223 1289 1298; x_wconf 81' lang='grc' dir='ltr'>ἀνέϐησαν.</span> <span class='ocrx_word' id='word_1_70' title='bbox 1350 1228 1505 1302; x_wconf 80' lang='grc' dir='ltr'>Λέγει</span> <span class='ocrx_word' id='word_1_71' title='bbox 1547 1225 1593 1282; x_wconf 86' lang='grc' dir='ltr'>δ’</span> <span class='ocrx_word' id='word_1_72' title='bbox 1623 1230 1652 1284; x_wconf 89' lang='lat'><strong>6</strong></span> <span class='ocrx_word' id='word_1_73' title='bbox 1683 1248 1915 1304; x_wconf 88' lang='grc' dir='ltr'>συγγρα-</span> 
     </span>
    </p>
   </div>
   <div class='ocr_carea' id='block_1_11' title="bbox 274 1314 1915 1396">
    <p class='ocr_par' dir='ltr' id='par_1_11' title="bbox 274 1314 1915 1396">
     <span class='ocr_line' id='line_1_11' title="bbox 274 1314 1915 1396; baseline 0 -24"><span class='ocrx_word' id='word_1_74' title='bbox 274 1319 400 1396; x_wconf 80' lang='grc' dir='ltr'>φεύς</span> <span class='ocrx_word' id='word_1_75' title='bbox 452 1317 536 1373; x_wconf 84' lang='grc' dir='ltr'><strong>ὅτι</strong></span> <span class='ocrx_word' id='word_1_76' title='bbox 585 1319 714 1373; x_wconf 84' lang='grc' dir='ltr'><strong>Τότε</strong></span> <span class='ocrx_word' id='word_1_77' title='bbox 760 1321 829 1391; x_wconf 77' lang='grc' dir='ltr'><strong>τῇ</strong></span> <span class='ocrx_word' id='word_1_78' title='bbox 883 1318 1184 1393; x_wconf 77' lang='grc' dir='ltr'>Ἱεραπόλει</span> <span class='ocrx_word' id='word_1_79' title='bbox 1238 1314 1635 1394; x_wconf 77' lang='grc' dir='ltr'>ἐγκαθευδήσας</span> <span class='ocrx_word' id='word_1_80' title='bbox 1693 1316 1915 1373; x_wconf 77' lang='grc' dir='ltr'>ἐδόκουν</span> 
     </span>
    </p>
   </div>
   <div class='ocr_carea' id='block_1_12' title="bbox 275 1403 1918 1482">
    <p class='ocr_par' dir='ltr' id='par_1_12' title="bbox 275 1403 1918 1482">
     <span class='ocr_line' id='line_1_12' title="bbox 275 1403 1918 1482; baseline 0.001 -21"><span class='ocrx_word' id='word_1_81' title='bbox 275 1403 404 1482; x_wconf 78' lang='grc' dir='ltr'>ὄναρ</span> <span class='ocrx_word' id='word_1_82' title='bbox 439 1408 467 1461; x_wconf 88' lang='lat'><strong>6</strong></span> <span class='ocrx_word' id='word_1_83' title='bbox 516 1411 720 1477; x_wconf 72' lang='grc' dir='ltr'>’Ἄττης</span> <span class='ocrx_word' id='word_1_84' title='bbox 768 1409 1028 1482; x_wconf 70' lang='grc' dir='ltr'>γενέσθαι,</span> <span class='ocrx_word' id='word_1_85' title='bbox 1082 1407 1170 1461; x_wconf 91' lang='grc' dir='ltr'><strong>καί</strong></span> <span class='ocrx_word' id='word_1_86' title='bbox 1220 1427 1314 1479; x_wconf 84' lang='grc' dir='ltr'><strong>μοι</strong></span> <span class='ocrx_word' id='word_1_87' title='bbox 1363 1406 1722 1462; x_wconf 74' lang='grc' dir='ltr'>ἐπιτελεῖσθαι</span> <span class='ocrx_word' id='word_1_88' title='bbox 1771 1408 1918 1482; x_wconf 81' lang='grc' dir='ltr'><strong>παρά</strong></span> 
     </span>
    </p>
   </div>
   <div class='ocr_carea' id='block_1_13' title="bbox 273 1495 1919 1571">
    <p class='ocr_par' dir='ltr' id='par_1_13' title="bbox 273 1495 1919 1571">
     <span class='ocr_line' id='line_1_13' title="bbox 273 1495 1919 1571; baseline -0.002 -17"><span class='ocrx_word' id='word_1_89' title='bbox 273 1504 376 1566; x_wconf 80' lang='grc' dir='ltr'><strong>τῆς</strong></span> <span class='ocrx_word' id='word_1_90' title='bbox 410 1498 620 1570; x_wconf 89' lang='grc' dir='ltr'>μητρὸς</span> <span class='ocrx_word' id='word_1_91' title='bbox 646 1501 752 1552; x_wconf 90' lang='grc' dir='ltr'><strong>τῶν</strong></span> <span class='ocrx_word' id='word_1_92' title='bbox 782 1499 915 1552; x_wconf 89' lang='grc' dir='ltr'>θεῶν</span> <span class='ocrx_word' id='word_1_93' title='bbox 945 1498 1044 1567; x_wconf 72' lang='grc' dir='ltr'><strong>τὴν</strong></span> <span class='ocrx_word' id='word_1_94' title='bbox 1073 1502 1182 1552; x_wconf 90' lang='grc' dir='ltr'><strong>τῶν</strong></span> <span class='ocrx_word' id='word_1_95' title='bbox 1216 1495 1447 1571; x_wconf 76' lang='grc' dir='ltr'>ἱλαρίων</span> <span class='ocrx_word' id='word_1_96' title='bbox 1480 1495 1832 1570; x_wconf 72' lang='grc' dir='ltr'>καλουμένων</span> <span class='ocrx_word' id='word_1_97' title='bbox 1874 1501 1919 1535; x_wconf 69' lang='grc'><strong>⁸⁸</strong></span> 
     </span>
    </p>
   </div>
   <div class='ocr_carea' id='block_1_14' title="bbox 277 1584 1916 1663">
    <p class='ocr_par' dir='ltr' id='par_1_14' title="bbox 277 1584 1916 1663">
     <span class='ocr_line' id='line_1_14' title="bbox 277 1584 1916 1663; baseline -0.001 -20"><span class='ocrx_word' id='word_1_98' title='bbox 277 1587 494 1662; x_wconf 73' lang='grc' dir='ltr'>ἑορτήν·</span> <span class='ocrx_word' id='word_1_99' title='bbox 527 1587 660 1661; x_wconf 74' lang='grc' dir='ltr'>ὅπερ</span> <span class='ocrx_word' id='word_1_100' title='bbox 704 1584 906 1657; x_wconf 81' lang='grc' dir='ltr'>ἐδήλου</span> <span class='ocrx_word' id='word_1_101' title='bbox 961 1588 1060 1654; x_wconf 79' lang='grc' dir='ltr'>τήν</span> <span class='ocrx_word' id='word_1_102' title='bbox 1119 1585 1169 1660; x_wconf 82' lang='grc' dir='ltr'><strong>ἐξ</strong></span> <span class='ocrx_word' id='word_1_103' title='bbox 1228 1584 1360 1658; x_wconf 78' lang='grc' dir='ltr'>ᾅδου</span> <span class='ocrx_word' id='word_1_104' title='bbox 1419 1593 1698 1663; x_wconf 81' lang='grc' dir='ltr'>γεγονυῖαν</span> <span class='ocrx_word' id='word_1_105' title='bbox 1753 1591 1916 1660; x_wconf 83' lang='grc' dir='ltr'>ἡμῶν</span> 
     </span>
    </p>
   </div>
   <div class='ocr_carea' id='block_1_15' title="bbox 275 1672 1916 1750">
    <p class='ocr_par' dir='ltr' id='par_1_15' title="bbox 275 1672 1916 1750">
     <span class='ocr_line' id='line_1_15' title="bbox 275 1672 1916 1750; baseline 0.001 -21"><span class='ocrx_word' id='word_1_106' title='bbox 275 1674 570 1748; x_wconf 83' lang='grc' dir='ltr'>σωτηρίαν.</span> <span class='ocrx_word' id='word_1_107' title='bbox 605 1675 969 1750; x_wconf 85' lang='grc' dir='ltr'>Διηγησάμην</span> <span class='ocrx_word' id='word_1_108' title='bbox 998 1673 1055 1730; x_wconf 74' lang='grc' dir='ltr'>δὲ</span> <span class='ocrx_word' id='word_1_109' title='bbox 1083 1679 1163 1748; x_wconf 81' lang='grc' dir='ltr'><strong>τῷ</strong></span> <span class='ocrx_word' id='word_1_110' title='bbox 1185 1672 1660 1748; x_wconf 84' lang='grc' dir='ltr'>Ἀσκληπιοδότῳ,</span> <span class='ocrx_word' id='word_1_111' title='bbox 1692 1675 1916 1731; x_wconf 72' lang='grc' dir='ltr'>ἑπανελ·</span> 
     </span>
    </p>
   </div>
   <div class='ocr_carea' id='block_1_16' title="bbox 1369 291 2575 356">
    <p class='ocr_par' dir='ltr' id='par_1_16' title="bbox 1369 291 2575 356">
     <span class='ocr_line' id='line_1_16' title="bbox 1369 291 2575 356; baseline 0.003 -4"><span class='ocrx_word' id='word_1_112' title='bbox 1369 291 1915 355; x_wconf 83' lang='lat' dir='ltr'><strong>BIBLIOTHECA.</strong></span> <span class='ocrx_word' id='word_1_113' title='bbox 1957 325 2036 338; x_wconf 90' lang='lat'><strong><em>—</em></strong></span> <span class='ocrx_word' id='word_1_114' title='bbox 2078 293 2251 354; x_wconf 87' lang='lat' dir='ltr'><strong>COD.</strong></span> <span class='ocrx_word' id='word_1_115' title='bbox 2299 293 2575 356; x_wconf 83' lang='lat' dir='ltr'><strong>CCXLII.</strong></span> 
     </span>
    </p>
   </div>
   <div class='ocr_carea' id='block_1_17' title="bbox 270 422 1918 504">
    <p class='ocr_par' dir='ltr' id='par_1_17' title="bbox 270 422 1915 503">
     <span class='ocr_line' id='line_1_17' title="bbox 270 422 1915 503; baseline -0.002 -21"><span class='ocrx_word' id='word_1_116' title='bbox 270 426 396 482; x_wconf 75' lang='grc' dir='ltr'>’Ότι</span> <span class='ocrx_word' id='word_1_117' title='bbox 456 425 510 480; x_wconf 82' lang='grc' dir='ltr'><strong>ἐν</strong></span> <span class='ocrx_word' id='word_1_118' title='bbox 565 424 864 499; x_wconf 83' lang='grc' dir='ltr'>Ἱεραπόλει</span> <span class='ocrx_word' id='word_1_119' title='bbox 920 427 1018 496; x_wconf 80' lang='grc' dir='ltr'><strong>τῆς</strong></span> <span class='ocrx_word' id='word_1_120' title='bbox 1079 424 1323 503; x_wconf 79' lang='grc' dir='ltr'>Φρυγίας</span> <span class='ocrx_word' id='word_1_121' title='bbox 1380 424 1522 500; x_wconf 74' lang='grc' dir='ltr'>ἱερὸν</span> <span class='ocrx_word' id='word_1_122' title='bbox 1587 425 1652 492; x_wconf 82' lang='grc' dir='ltr'>ἧν</span> <span class='ocrx_word' id='word_1_123' title='bbox 1717 422 1915 481; x_wconf 77' lang='grc' dir='ltr'>Ἀπόλ-</span> 
     </span>
    </p>
   </div>
   <div class='ocr_carea' id='block_1_18' title="bbox 2028 422 3095 504">
    <p class='ocr_par' dir='ltr' id='par_1_18' title="bbox 2031 426 3095 504">
     <span class='ocr_line' id='line_1_18' title="bbox 2031 426 3095 504; baseline 0.009 -23"><span class='ocrx_word' id='word_1_124' title='bbox 2031 426 2295 482; x_wconf 89' lang='lat' dir='ltr'><strong>raculum</strong></span> <span class='ocrx_word' id='word_1_125' title='bbox 2353 431 2475 483; x_wconf 88' lang='lat' dir='ltr'><strong>erat</strong></span> <span class='ocrx_word' id='word_1_126' title='bbox 2532 428 2779 486; x_wconf 86' lang='lat' dir='ltr'><strong>lethit‘eri</strong></span> <span class='ocrx_word' id='word_1_127' title='bbox 2835 433 3095 504; x_wconf 79' lang='lat' dir='ltr'><strong>spiritus.</strong></span> 
     </span>
    </p>
   </div>
   <div class='ocr_carea' id='block_1_19' title="bbox 3510 312 3665 370">
    <p class='ocr_par' dir='ltr' id='par_1_19' title="bbox 3510 312 3665 370">
     <span class='ocr_line' id='line_1_19' title="bbox 3510 312 3665 370; baseline 0 0"><span class='ocrx_word' id='word_1_128' title='bbox 3510 312 3665 370; x_wconf 75' lang='grc'>1282</span> 
     </span>
    </p>
   </div>
   <div class='ocr_carea' id='block_1_20' title="bbox 3180 438 3664 510">
    <p class='ocr_par' dir='ltr' id='par_1_20' title="bbox 3180 438 3664 510">
     <span class='ocr_line' id='line_1_20' title="bbox 3180 438 3664 510; baseline 0.017 -18"><span class='ocrx_word' id='word_1_129' title='bbox 3180 438 3464 510; x_wconf 82' lang='lat' dir='ltr'><strong>Spelunca</strong></span> <span class='ocrx_word' id='word_1_130' title='bbox 3544 443 3664 501; x_wconf 69' lang='lat' dir='ltr'><strong>haec</strong></span> 
     </span>
    </p>
   </div>
   <div class='ocr_carea' id='block_1_21' title="bbox 2031 517 3665 602">
    <p class='ocr_par' dir='ltr' id='par_1_21' title="bbox 2031 517 3665 602">
     <span class='ocr_line' id='line_1_21' title="bbox 2031 517 3665 602; baseline 0.012 -32"><span class='ocrx_word' id='word_1_131' title='bbox 2031 531 2282 587; x_wconf 85' lang='lat' dir='ltr'><strong>superne</strong></span> <span class='ocrx_word' id='word_1_132' title='bbox 2313 532 2417 572; x_wconf 88' lang='lat' dir='ltr'><strong>nec</strong></span> <span class='ocrx_word' id='word_1_133' title='bbox 2447 517 2652 573; x_wconf 90' lang='lat' dir='ltr'><strong>avibus</strong></span> <span class='ocrx_word' id='word_1_134' title='bbox 2684 522 3221 591; x_wconf 66' lang='lat' dir='ltr'><strong>praetervolantibus</strong></span> <span class='ocrx_word' id='word_1_135' title='bbox 3250 529 3377 586; x_wconf 85' lang='lat' dir='ltr'><strong>sine</strong></span> <span class='ocrx_word' id='word_1_136' title='bbox 3406 533 3665 602; x_wconf 87' lang='lat' dir='ltr'><strong>periculo</strong></span> 
     </span>
    </p>
   </div>
   <div class='ocr_carea' id='block_1_22' title="bbox 2029 605 3667 680">
    <p class='ocr_par' dir='ltr' id='par_1_22' title="bbox 2029 605 3667 680">
     <span class='ocr_line' id='line_1_22' title="bbox 2029 605 3667 680; baseline 0.012 -19"><span class='ocrx_word' id='word_1_137' title='bbox 2029 611 2138 671; x_wconf 89' lang='lat' dir='ltr'><strong>est,</strong></span> <span class='ocrx_word' id='word_1_138' title='bbox 2189 605 2290 660; x_wconf 91' lang='lat' dir='ltr'><strong>sed</strong></span> <span class='ocrx_word' id='word_1_139' title='bbox 2341 619 2701 678; x_wconf 65' lang='lat' dir='ltr'><strong>quacunque</strong></span> <span class='ocrx_word' id='word_1_140' title='bbox 2745 608 2878 664; x_wconf 92' lang='lat' dir='ltr'><strong>illac</strong></span> <span class='ocrx_word' id='word_1_141' title='bbox 2927 612 3141 679; x_wconf 82' lang='lat' dir='ltr'><strong>volant,</strong></span> <span class='ocrx_word' id='word_1_142' title='bbox 3192 619 3542 676; x_wconf 85' lang='lat' dir='ltr'><strong>moriuntur.</strong></span> <span class='ocrx_word' id='word_1_143' title='bbox 3595 626 3667 680; x_wconf 87' lang='lat' dir='ltr'><strong>At</strong></span> 
     </span>
    </p>
   </div>
   <div class='ocr_carea' id='block_1_23' title="bbox 2029 694 3669 770">
    <p class='ocr_par' dir='ltr' id='par_1_23' title="bbox 2029 694 3669 770">
     <span class='ocr_line' id='line_1_23' title="bbox 2029 694 3669 770; baseline 0.01 -20"><span class='ocrx_word' id='word_1_144' title='bbox 2029 694 2123 760; x_wconf 86' lang='lat' dir='ltr'><strong>iis,</strong></span> <span class='ocrx_word' id='word_1_145' title='bbox 2169 695 2270 766; x_wconf 87' lang='lat' dir='ltr'><strong>qui</strong></span> <span class='ocrx_word' id='word_1_146' title='bbox 2319 694 2622 751; x_wconf 80' lang='lat' dir='ltr'><strong>sacrificiis</strong></span> <span class='ocrx_word' id='word_1_147' title='bbox 2671 702 2811 753; x_wconf 90' lang='lat' dir='ltr'><strong>sunt</strong></span> <span class='ocrx_word' id='word_1_148' title='bbox 2861 698 3094 770; x_wconf 78' lang='lat' dir='ltr'><strong>initiati,</strong></span> <span class='ocrx_word' id='word_1_149' title='bbox 3137 703 3331 762; x_wconf 72' lang='lat' dir='ltr'><strong>845a</strong></span> <span class='ocrx_word' id='word_1_150' title='bbox 3363 709 3527 764; x_wconf 83' lang='lat' dir='ltr'><strong>facile</strong></span> <span class='ocrx_word' id='word_1_151' title='bbox 3562 712 3669 766; x_wconf 84' lang='lat' dir='ltr'><strong>fuit</strong></span> 
     </span>
    </p>
   </div>
   <div class='ocr_carea' id='block_1_24' title="bbox 2027 784 3666 863">
    <p class='ocr_par' dir='ltr' id='par_1_24' title="bbox 2027 784 3666 863">
     <span class='ocr_line' id='line_1_24' title="bbox 2027 784 3666 863; baseline 0.01 -25"><span class='ocrx_word' id='word_1_152' title='bbox 2027 784 2276 856; x_wconf 84' lang='lat' dir='ltr'><strong>ingredi,</strong></span> <span class='ocrx_word' id='word_1_153' title='bbox 2305 792 2358 838; x_wconf 91' lang='lat' dir='ltr'><strong>et</strong></span> <span class='ocrx_word' id='word_1_154' title='bbox 2388 785 2445 839; x_wconf 93' lang='lat' dir='ltr'><strong>in</strong></span> <span class='ocrx_word' id='word_1_155' title='bbox 2477 784 2578 840; x_wconf 91' lang='lat' dir='ltr'><strong>illa</strong></span> <span class='ocrx_word' id='word_1_156' title='bbox 2607 786 2882 855; x_wconf 81' lang='lat' dir='ltr'><strong>spelunca</strong></span> <span class='ocrx_word' id='word_1_157' title='bbox 2910 788 3037 844; x_wconf 86' lang='lat' dir='ltr'><strong>sine</strong></span> <span class='ocrx_word' id='word_1_158' title='bbox 3082 791 3202 846; x_wconf 88' lang='lat' dir='ltr'><strong>ulla</strong></span> <span class='ocrx_word' id='word_1_159' title='bbox 3246 811 3394 851; x_wconf 85' lang='lat' dir='ltr'><strong>noxa</strong></span> <span class='ocrx_word' id='word_1_160' title='bbox 3441 798 3666 863; x_wconf 74' lang='lat' dir='ltr'><strong>degere.</strong></span> 
     </span>
    </p>
   </div>
   <div class='ocr_carea' id='block_1_25' title="bbox 2029 873 3669 956">
    <p class='ocr_par' dir='ltr' id='par_1_25' title="bbox 2029 873 3669 956">
     <span class='ocr_line' id='line_1_25' title="bbox 2029 873 3669 956; baseline 0.01 -28"><span class='ocrx_word' id='word_1_161' title='bbox 2029 873 2224 928; x_wconf 81' lang='lat' dir='ltr'><strong>Refert</strong></span> <span class='ocrx_word' id='word_1_162' title='bbox 2252 879 2455 928; x_wconf 79' lang='lat' dir='ltr'><strong>auctor</strong></span> <span class='ocrx_word' id='word_1_163' title='bbox 2483 889 2542 930; x_wconf 87' lang='lat' dir='ltr'><strong>se</strong></span> <span class='ocrx_word' id='word_1_164' title='bbox 2569 883 2623 929; x_wconf 88' lang='lat' dir='ltr'><strong>et</strong></span> <span class='ocrx_word' id='word_1_165' title='bbox 2651 874 2866 932; x_wconf 89' lang='lat' dir='ltr'><strong>Dorum</strong></span> <span class='ocrx_word' id='word_1_166' title='bbox 2889 876 3322 952; x_wconf 90' lang='lat' dir='ltr'><strong>philosophum,</strong></span> <span class='ocrx_word' id='word_1_167' title='bbox 3347 885 3669 956; x_wconf 76' lang='lat' dir='ltr'><strong>cupiditate</strong></span> 
     </span>
    </p>
   </div>
   <div class='ocr_carea' id='block_1_26' title="bbox 2027 962 3668 1040">
    <p class='ocr_par' dir='ltr' id='par_1_26' title="bbox 2027 962 3668 1040">
     <span class='ocr_line' id='line_1_26' title="bbox 2027 962 3668 1040; baseline 0.009 -23"><span class='ocrx_word' id='word_1_168' title='bbox 2027 970 2226 1034; x_wconf 91' lang='lat' dir='ltr'><strong>captos</strong></span> <span class='ocrx_word' id='word_1_169' title='bbox 2283 962 2556 1033; x_wconf 79' lang='lat' dir='ltr'><strong>intrasse,</strong></span> <span class='ocrx_word' id='word_1_170' title='bbox 2616 969 2673 1020; x_wconf 91' lang='lat' dir='ltr'><strong>et</strong></span> <span class='ocrx_word' id='word_1_171' title='bbox 2730 965 2944 1022; x_wconf 68' lang='lat' dir='ltr'><strong>illaesos</strong></span> <span class='ocrx_word' id='word_1_172' title='bbox 2999 983 3266 1040; x_wconf 85' lang='lat' dir='ltr'><strong>egressos</strong></span> <span class='ocrx_word' id='word_1_173' title='bbox 3323 989 3472 1031; x_wconf 89' lang='lat' dir='ltr'><strong>esse.</strong></span> <span class='ocrx_word' id='word_1_174' title='bbox 3522 975 3668 1034; x_wconf 86' lang='lat' dir='ltr'><strong>Dicit</strong></span> 
     </span>
    </p>
   </div>
   <div class='ocr_carea' id='block_1_27' title="bbox 2027 1052 3670 1128">
    <p class='ocr_par' dir='ltr' id='par_1_27' title="bbox 2027 1052 3670 1128">
     <span class='ocr_line' id='line_1_27' title="bbox 2027 1052 3670 1128; baseline 0.01 -23"><span class='ocrx_word' id='word_1_175' title='bbox 2027 1052 2279 1120; x_wconf 85' lang='lat' dir='ltr'><strong>scriptor</strong></span> <span class='ocrx_word' id='word_1_176' title='bbox 2308 1067 2442 1106; x_wconf 91' lang='lat' dir='ltr'><strong>cum</strong></span> <span class='ocrx_word' id='word_1_177' title='bbox 2475 1056 2612 1108; x_wconf 90' lang='lat' dir='ltr'><strong>tunc</strong></span> <span class='ocrx_word' id='word_1_178' title='bbox 2656 1053 2945 1125; x_wconf 83' lang='lat' dir='ltr'><strong>Hierapoli</strong></span> <span class='ocrx_word' id='word_1_179' title='bbox 2995 1056 3288 1128; x_wconf 87' lang='lat' dir='ltr'><strong>dormiret,</strong></span> <span class='ocrx_word' id='word_1_180' title='bbox 3338 1061 3398 1118; x_wconf 92' lang='lat' dir='ltr'><strong>in</strong></span> <span class='ocrx_word' id='word_1_181' title='bbox 3447 1068 3670 1122; x_wconf 90' lang='lat' dir='ltr'><strong>somnis</strong></span> 
     </span>
    </p>
   </div>
   <div class='ocr_carea' id='block_1_28' title="bbox 2027 1139 3666 1216">
    <p class='ocr_par' dir='ltr' id='par_1_28' title="bbox 2027 1139 3666 1216">
     <span class='ocr_line' id='line_1_28' title="bbox 2027 1139 3666 1216; baseline 0.01 -22"><span class='ocrx_word' id='word_1_182' title='bbox 2027 1139 2139 1195; x_wconf 90' lang='lat' dir='ltr'><strong>sibi</strong></span> <span class='ocrx_word' id='word_1_183' title='bbox 2184 1139 2373 1194; x_wconf 83' lang='lat' dir='ltr'><strong>visum</strong></span> <span class='ocrx_word' id='word_1_184' title='bbox 2423 1157 2552 1196; x_wconf 88' lang='lat' dir='ltr'><strong>esse</strong></span> <span class='ocrx_word' id='word_1_185' title='bbox 2593 1142 2777 1208; x_wconf 81' lang='lat' dir='ltr'><strong>Attin,</strong></span> <span class='ocrx_word' id='word_1_186' title='bbox 2827 1144 3057 1216; x_wconf 80' lang='lat' dir='ltr'><strong>sibique</strong></span> <span class='ocrx_word' id='word_1_187' title='bbox 3098 1164 3130 1202; x_wconf 92' lang='lat' dir='ltr'><strong>a</strong></span> <span class='ocrx_word' id='word_1_188' title='bbox 3181 1155 3366 1208; x_wconf 84' lang='lat' dir='ltr'><strong>matre</strong></span> <span class='ocrx_word' id='word_1_189' title='bbox 3424 1153 3666 1211; x_wconf 89' lang='lat' dir='ltr'><strong>deorum</strong></span> 
     </span>
    </p>
   </div>
   <div class='ocr_carea' id='block_1_29' title="bbox 2026 1229 3668 1315">
    <p class='ocr_par' dir='ltr' id='par_1_29' title="bbox 2026 1229 3668 1315">
     <span class='ocr_line' id='line_1_29' title="bbox 2026 1229 3668 1315; baseline 0.01 -31"><span class='ocrx_word' id='word_1_190' title='bbox 2026 1229 2266 1296; x_wconf 88' lang='lat' dir='ltr'><strong>festum,</strong></span> <span class='ocrx_word' id='word_1_191' title='bbox 2299 1230 2450 1301; x_wconf 89' lang='lat' dir='ltr'><strong>quod</strong></span> <span class='ocrx_word' id='word_1_192' title='bbox 2473 1230 2687 1287; x_wconf 81' lang='lat' dir='ltr'><strong>dicitur</strong></span> <span class='ocrx_word' id='word_1_193' title='bbox 2713 1231 3084 1302; x_wconf 83' lang='lat' dir='ltr'><strong>Hilariorum,</strong></span> <span class='ocrx_word' id='word_1_194' title='bbox 3113 1240 3479 1310; x_wconf 87' lang='lat' dir='ltr'><strong>mandatum,</strong></span> <span class='ocrx_word' id='word_1_195' title='bbox 3511 1245 3668 1315; x_wconf 90' lang='lat' dir='ltr'><strong>quod</strong></span> 
     </span>
    </p>
   </div>
   <div class='ocr_carea' id='block_1_30' title="bbox 2026 1318 3669 1390">
    <p class='ocr_par' dir='ltr' id='par_1_30' title="bbox 2026 1318 3669 1390">
     <span class='ocr_line' id='line_1_30' title="bbox 2026 1318 3669 1390; baseline 0.01 -16"><span class='ocrx_word' id='word_1_196' title='bbox 2026 1318 2326 1374; x_wconf 90' lang='lat' dir='ltr'><strong>indicabat</strong></span> <span class='ocrx_word' id='word_1_197' title='bbox 2357 1325 2615 1375; x_wconf 87' lang='lat' dir='ltr'><strong>nostram</strong></span> <span class='ocrx_word' id='word_1_198' title='bbox 2648 1324 3146 1381; x_wconf 87' lang='lat' dir='ltr'><strong>conservationem</strong></span> <span class='ocrx_word' id='word_1_199' title='bbox 3174 1327 3246 1383; x_wconf 91' lang='lat' dir='ltr'><strong>ab</strong></span> <span class='ocrx_word' id='word_1_200' title='bbox 3287 1329 3510 1387; x_wconf 87' lang='lat' dir='ltr'><strong>inferis.</strong></span> <span class='ocrx_word' id='word_1_201' title='bbox 3564 1334 3669 1390; x_wconf 84' lang='lat' dir='ltr'><strong>Re-</strong></span> 
     </span>
    </p>
   </div>
   <div class='ocr_carea' id='block_1_31' title="bbox 2025 1408 3667 1493">
    <p class='ocr_par' dir='ltr' id='par_1_31' title="bbox 2025 1408 3667 1493">
     <span class='ocr_line' id='line_1_31' title="bbox 2025 1408 3667 1493; baseline 0.011 -32"><span class='ocrx_word' id='word_1_202' title='bbox 2025 1423 2232 1463; x_wconf 88' lang='lat' dir='ltr'><strong>versus</strong></span> <span class='ocrx_word' id='word_1_203' title='bbox 2264 1408 2461 1479; x_wconf 90' lang='lat' dir='ltr'><strong>itaque</strong></span> <span class='ocrx_word' id='word_1_204' title='bbox 2490 1408 2546 1462; x_wconf 90' lang='lat' dir='ltr'><strong>in</strong></span> <span class='ocrx_word' id='word_1_205' title='bbox 2583 1408 2814 1466; x_wconf 85' lang='lat' dir='ltr'><strong>Veneris</strong></span> <span class='ocrx_word' id='word_1_206' title='bbox 2845 1412 3050 1469; x_wconf 88' lang='lat' dir='ltr'><strong>urbem</strong></span> <span class='ocrx_word' id='word_1_207' title='bbox 3100 1418 3326 1472; x_wconf 86' lang='lat' dir='ltr'><strong>narravi</strong></span> <span class='ocrx_word' id='word_1_208' title='bbox 3376 1421 3667 1493; x_wconf 80' lang='lat' dir='ltr'><strong>Asclepio-</strong></span> 
     </span>
    </p>
   </div>
   <div class='ocr_carea' id='block_1_32' title="bbox 2027 1497 3667 1577">
    <p class='ocr_par' dir='ltr' id='par_1_32' title="bbox 2027 1497 3667 1577">
     <span class='ocr_line' id='line_1_32' title="bbox 2027 1497 3667 1577; baseline 0.009 -25"><span class='ocrx_word' id='word_1_209' title='bbox 2027 1497 2161 1552; x_wconf 91' lang='lat' dir='ltr'><strong>doto</strong></span> <span class='ocrx_word' id='word_1_210' title='bbox 2193 1497 2470 1553; x_wconf 79' lang='lat' dir='ltr'><strong>visionem</strong></span> <span class='ocrx_word' id='word_1_211' title='bbox 2497 1514 2510 1553; x_wconf 93' lang='lat'>:</span> <span class='ocrx_word' id='word_1_212' title='bbox 2538 1498 2633 1554; x_wconf 91' lang='lat' dir='ltr'><strong>ille</strong></span> <span class='ocrx_word' id='word_1_213' title='bbox 2664 1500 2744 1555; x_wconf 91' lang='lat' dir='ltr'><strong>rei</strong></span> <span class='ocrx_word' id='word_1_214' title='bbox 2779 1501 3058 1558; x_wconf 90' lang='lat' dir='ltr'><strong>miraculo</strong></span> <span class='ocrx_word' id='word_1_215' title='bbox 3091 1504 3418 1577; x_wconf 87' lang='lat' dir='ltr'><strong>obstupuit,</strong></span> <span class='ocrx_word' id='word_1_216' title='bbox 3443 1515 3499 1566; x_wconf 92' lang='lat' dir='ltr'><strong>et</strong></span> <span class='ocrx_word' id='word_1_217' title='bbox 3523 1511 3667 1566; x_wconf 89' lang='lat' dir='ltr'><strong>mihi</strong></span> 
     </span>
    </p>
   </div>
   <div class='ocr_carea' id='block_1_33' title="bbox 2025 1586 3668 1664">
    <p class='ocr_par' dir='ltr' id='par_1_33' title="bbox 2025 1586 3668 1664">
     <span class='ocr_line' id='line_1_33' title="bbox 2025 1586 3668 1664; baseline 0.011 -25"><span class='ocrx_word' id='word_1_218' title='bbox 2025 1603 2130 1659; x_wconf 88' lang='lat' dir='ltr'><strong>pro</strong></span> <span class='ocrx_word' id='word_1_219' title='bbox 2163 1586 2271 1643; x_wconf 89' lang='lat' dir='ltr'><strong>hoc</strong></span> <span class='ocrx_word' id='word_1_220' title='bbox 2293 1588 2523 1643; x_wconf 90' lang='lat' dir='ltr'><strong>somnio</strong></span> <span class='ocrx_word' id='word_1_221' title='bbox 2547 1605 2660 1644; x_wconf 91' lang='lat' dir='ltr'><strong>non</strong></span> <span class='ocrx_word' id='word_1_222' title='bbox 2682 1590 2974 1647; x_wconf 83' lang='lat' dir='ltr'><strong>somnium</strong></span> <span class='ocrx_word' id='word_1_223' title='bbox 3003 1597 3272 1664; x_wconf 87' lang='lat' dir='ltr'><strong>narravit,</strong></span> <span class='ocrx_word' id='word_1_224' title='bbox 3299 1601 3392 1652; x_wconf 90' lang='lat' dir='ltr'><strong>sed</strong></span> <span class='ocrx_word' id='word_1_225' title='bbox 3425 1599 3668 1658; x_wconf 89' lang='lat' dir='ltr'><strong>minoris</strong></span> 
     </span>
    </p>
   </div>
   <div class='ocr_carea' id='block_1_34' title="bbox 2027 1675 3665 1751">
    <p class='ocr_par' dir='ltr' id='par_1_34' title="bbox 2027 1675 3665 1751">
     <span class='ocr_line' id='line_1_34' title="bbox 2027 1675 3665 1751; baseline 0.01 -21"><span class='ocrx_word' id='word_1_226' title='bbox 2027 1675 2109 1732; x_wconf 87' lang='lat' dir='ltr'><strong>rei</strong></span> <span class='ocrx_word' id='word_1_227' title='bbox 2131 1676 2523 1732; x_wconf 87' lang='lat' dir='ltr'><strong>narrationem</strong></span> <span class='ocrx_word' id='word_1_228' title='bbox 2549 1680 2814 1750; x_wconf 86' lang='lat' dir='ltr'><strong>rependit</strong></span> <span class='ocrx_word' id='word_1_229' title='bbox 2833 1682 3068 1751; x_wconf 88' lang='lat' dir='ltr'><strong>majore.</strong></span> <span class='ocrx_word' id='word_1_230' title='bbox 3098 1684 3248 1740; x_wconf 83' lang='lat' dir='ltr'><strong>Dixit</strong></span> <span class='ocrx_word' id='word_1_231' title='bbox 3268 1703 3330 1740; x_wconf 88' lang='lat' dir='ltr'><strong>se</strong></span> <span class='ocrx_word' id='word_1_232' title='bbox 3347 1687 3665 1746; x_wconf 90' lang='lat' dir='ltr'><strong>etiamnum</strong></span> 
     </span>
    </p>
   </div>
   <div class='ocr_carea' id='block_1_35' title="bbox 275 1750 1918 1849">
    <p class='ocr_par' dir='ltr' id='par_1_35' title="bbox 275 1762 1918 1843">
     <span class='ocr_line' id='line_1_35' title="bbox 275 1762 1918 1843; baseline 0.001 -25"><span class='ocrx_word' id='word_1_233' title='bbox 275 1763 383 1818; x_wconf 88' lang='grc' dir='ltr'><strong>θὼν</strong></span> <span class='ocrx_word' id='word_1_234' title='bbox 439 1763 494 1826; x_wconf 72' lang='grc' dir='ltr'>ἐς</span> <span class='ocrx_word' id='word_1_235' title='bbox 542 1762 950 1843; x_wconf 66' lang='grc' dir='ltr'>Ἀφροδισιάδα,</span> <span class='ocrx_word' id='word_1_236' title='bbox 1010 1766 1108 1834; x_wconf 77' lang='grc' dir='ltr'>τήν</span> <span class='ocrx_word' id='word_1_237' title='bbox 1161 1769 1259 1820; x_wconf 80' lang='grc' dir='ltr'>τοῦ</span> <span class='ocrx_word' id='word_1_238' title='bbox 1317 1765 1526 1838; x_wconf 83' lang='grc' dir='ltr'>ὀνείρου</span> <span class='ocrx_word' id='word_1_239' title='bbox 1567 1763 1712 1838; x_wconf 81' lang='grc' dir='ltr'>ὅψιν.</span> <span class='ocrx_word' id='word_1_240' title='bbox 1763 1766 1823 1822; x_wconf 83' lang='grc' dir='ltr'>Ὀ</span> <span class='ocrx_word' id='word_1_241' title='bbox 1865 1762 1918 1820; x_wconf 72' lang='grc' dir='ltr'>δὲ</span> 
     </span>
    </p>
   </div>
   <div class='ocr_carea' id='block_1_36' title="bbox 2028 1750 3670 1849">
    <p class='ocr_par' dir='ltr' id='par_1_36' title="bbox 2028 1765 3670 1849">
     <span class='ocr_line' id='line_1_36' title="bbox 2028 1765 3670 1849; baseline 0.009 -30"><span class='ocrx_word' id='word_1_242' title='bbox 2028 1765 2291 1836; x_wconf 80' lang='lat' dir='ltr'><strong>iuvenem</strong></span> <span class='ocrx_word' id='word_1_243' title='bbox 2327 1765 2381 1820; x_wconf 89' lang='lat' dir='ltr'><strong>in</strong></span> <span class='ocrx_word' id='word_1_244' title='bbox 2415 1766 2566 1822; x_wconf 87' lang='lat' dir='ltr'><strong>hanc</strong></span> <span class='ocrx_word' id='word_1_245' title='bbox 2587 1768 2879 1839; x_wconf 82' lang='lat' dir='ltr'><strong>regionem</strong></span> <span class='ocrx_word' id='word_1_246' title='bbox 2905 1770 3151 1840; x_wconf 83' lang='lat' dir='ltr'><strong>venisse,</strong></span> <span class='ocrx_word' id='word_1_247' title='bbox 3173 1779 3230 1829; x_wconf 87' lang='lat' dir='ltr'><strong>et</strong></span> <span class='ocrx_word' id='word_1_248' title='bbox 3251 1780 3520 1832; x_wconf 88' lang='lat' dir='ltr'><strong>naturam</strong></span> <span class='ocrx_word' id='word_1_249' title='bbox 3545 1780 3670 1849; x_wconf 89' lang='lat' dir='ltr'><strong>ejus</strong></span> 
     </span>
    </p>
   </div>
   <div class='ocr_carea' id='block_1_37' title="bbox 271 1849 1917 1931">
    <p class='ocr_par' dir='ltr' id='par_1_37' title="bbox 271 1849 1917 1931">
     <span class='ocr_line' id='line_1_37' title="bbox 271 1849 1917 1931; baseline 0.002 -24"><span class='ocrx_word' id='word_1_250' title='bbox 271 1851 544 1926; x_wconf 77' lang='grc' dir='ltr'>ἐθαύμασὲ</span> <span class='ocrx_word' id='word_1_251' title='bbox 588 1859 647 1908; x_wconf 84' lang='grc' dir='ltr'>τε</span> <span class='ocrx_word' id='word_1_252' title='bbox 696 1856 741 1891; x_wconf 74' lang='grc'><strong>⁸⁵</strong></span> <span class='ocrx_word' id='word_1_253' title='bbox 786 1855 848 1909; x_wconf 85' lang='grc' dir='ltr'>τὸ</span> <span class='ocrx_word' id='word_1_254' title='bbox 885 1849 1274 1928; x_wconf 74' lang='grc' dir='ltr'>ξσυμϐεϐηκὸς,</span> <span class='ocrx_word' id='word_1_255' title='bbox 1323 1854 1412 1908; x_wconf 88' lang='grc' dir='ltr'>καί</span> <span class='ocrx_word' id='word_1_256' title='bbox 1467 1851 1770 1931; x_wconf 71' lang='grc' dir='ltr'>διηγήσατο</span> <span class='ocrx_word' id='word_1_257' title='bbox 1820 1854 1917 1910; x_wconf 82' lang='grc' dir='ltr'>οὐκ</span> 
     </span>
    </p>
   </div>
   <div class='ocr_carea' id='block_1_38' title="bbox 273 1939 1913 2020">
    <p class='ocr_par' dir='ltr' id='par_1_38' title="bbox 273 1939 1913 2020">
     <span class='ocr_line' id='line_1_38' title="bbox 273 1939 1913 2020; baseline 0.002 -23"><span class='ocrx_word' id='word_1_258' title='bbox 273 1939 401 2016; x_wconf 69' lang='grc' dir='ltr'>ὄναρ</span> <span class='ocrx_word' id='word_1_259' title='bbox 433 1943 552 1998; x_wconf 83' lang='grc' dir='ltr'>ἀντὶ</span> <span class='ocrx_word' id='word_1_260' title='bbox 584 1945 883 2020; x_wconf 81' lang='grc' dir='ltr'>ὀνείρατος,</span> <span class='ocrx_word' id='word_1_261' title='bbox 934 1943 1083 2000; x_wconf 73' lang='grc' dir='ltr'>ἀλλὰ</span> <span class='ocrx_word' id='word_1_262' title='bbox 1131 1947 1311 2017; x_wconf 83' lang='grc' dir='ltr'>θαῦμα</span> <span class='ocrx_word' id='word_1_263' title='bbox 1361 1949 1543 2017; x_wconf 82' lang='grc' dir='ltr'>μεῖζον</span> <span class='ocrx_word' id='word_1_264' title='bbox 1589 1944 1706 2000; x_wconf 88' lang='grc' dir='ltr'>ἀντί</span> <span class='ocrx_word' id='word_1_265' title='bbox 1759 1943 1913 2000; x_wconf 77' lang='grc' dir='ltr'>ἐλάτ-</span> 
     </span>
    </p>
   </div>
   <div class='ocr_carea' id='block_1_39' title="bbox 269 2029 1914 2111">
    <p class='ocr_par' dir='ltr' id='par_1_39' title="bbox 269 2029 1914 2111">
     <span class='ocr_line' id='line_1_39' title="bbox 269 2029 1914 2111; baseline 0.001 -25"><span class='ocrx_word' id='word_1_266' title='bbox 269 2053 451 2094; x_wconf 86' lang='grc' dir='ltr'>τονος.</span> <span class='ocrx_word' id='word_1_267' title='bbox 521 2035 798 2110; x_wconf 83' lang='grc' dir='ltr'>Νεώτερος</span> <span class='ocrx_word' id='word_1_268' title='bbox 855 2035 955 2111; x_wconf 72' lang='grc' dir='ltr'><strong>γὰρ</strong></span> <span class='ocrx_word' id='word_1_269' title='bbox 1016 2029 1195 2110; x_wconf 80' lang='grc' dir='ltr'>ἔλεγεν</span> <span class='ocrx_word' id='word_1_270' title='bbox 1252 2033 1332 2095; x_wconf 83' lang='grc' dir='ltr'><strong>είς</strong></span> <span class='ocrx_word' id='word_1_271' title='bbox 1384 2036 1446 2088; x_wconf 86' lang='grc' dir='ltr'><strong>τὸ</strong></span> <span class='ocrx_word' id='word_1_272' title='bbox 1480 2033 1689 2109; x_wconf 88' lang='grc' dir='ltr'>χωρίον</span> <span class='ocrx_word' id='word_1_273' title='bbox 1738 2033 1914 2090; x_wconf 81' lang='grc' dir='ltr'>ἐλθεῖν</span> 
     </span>
    </p>
   </div>
   <div class='ocr_carea' id='block_1_40' title="bbox 268 2124 1914 2200">
    <p class='ocr_par' dir='ltr' id='par_1_40' title="bbox 268 2124 1914 2200">
     <span class='ocr_line' id='line_1_40' title="bbox 268 2124 1914 2200; baseline 0.001 -24"><span class='ocrx_word' id='word_1_274' title='bbox 268 2126 454 2191; x_wconf 78' lang='grc' dir='ltr'>τοῦτο,</span> <span class='ocrx_word' id='word_1_275' title='bbox 505 2124 596 2178; x_wconf 80' lang='grc' dir='ltr'><strong>καὶ</strong></span> <span class='ocrx_word' id='word_1_276' title='bbox 654 2124 1092 2198; x_wconf 81' lang='grc' dir='ltr'>ἀποπειραθῆναι</span> <span class='ocrx_word' id='word_1_277' title='bbox 1149 2124 1313 2178; x_wconf 78' lang='grc' dir='ltr'>αὐτοῦ</span> <span class='ocrx_word' id='word_1_278' title='bbox 1377 2130 1478 2192; x_wconf 83' lang='grc' dir='ltr'>τῆς</span> <span class='ocrx_word' id='word_1_279' title='bbox 1531 2125 1762 2200; x_wconf 79' lang='grc' dir='ltr'>φύσεως.</span> <span class='ocrx_word' id='word_1_280' title='bbox 1824 2124 1914 2187; x_wconf 79' lang='grc' dir='ltr'><strong>Δὶς</strong></span> 
     </span>
    </p>
   </div>
   <div class='ocr_carea' id='block_1_41' title="bbox 272 2209 1917 2289">
    <p class='ocr_par' dir='ltr' id='par_1_41' title="bbox 272 2209 1917 2289">
     <span class='ocr_line' id='line_1_41' title="bbox 272 2209 1917 2289; baseline 0.001 -23"><span class='ocrx_word' id='word_1_281' title='bbox 272 2209 363 2266; x_wconf 78' lang='grc' dir='ltr'>οὖν</span> <span class='ocrx_word' id='word_1_282' title='bbox 395 2211 485 2266; x_wconf 85' lang='grc' dir='ltr'><strong>γαὶ</strong></span> <span class='ocrx_word' id='word_1_283' title='bbox 535 2213 655 2287; x_wconf 83' lang='grc' dir='ltr'>τρὶς</span> <span class='ocrx_word' id='word_1_284' title='bbox 702 2212 992 2283; x_wconf 67' lang='grc' dir='ltr'>ἐπιπτύξας</span> <span class='ocrx_word' id='word_1_285' title='bbox 1040 2213 1103 2269; x_wconf 88' lang='grc' dir='ltr'>τὸ</span> <span class='ocrx_word' id='word_1_286' title='bbox 1164 2212 1379 2286; x_wconf 83' lang='grc' dir='ltr'>ἱμάτιον</span> <span class='ocrx_word' id='word_1_287' title='bbox 1432 2214 1555 2287; x_wconf 89' lang='grc' dir='ltr'>περί</span> <span class='ocrx_word' id='word_1_288' title='bbox 1613 2213 1709 2274; x_wconf 86' lang='grc' dir='ltr'><strong>τὰς</strong></span> <span class='ocrx_word' id='word_1_289' title='bbox 1769 2212 1917 2289; x_wconf 78' lang='grc' dir='ltr'>ῥῖνας</span> 
     </span>
    </p>
   </div>
   <div class='ocr_carea' id='block_1_42' title="bbox 270 2299 1916 2378">
    <p class='ocr_par' dir='ltr' id='par_1_42' title="bbox 270 2299 1916 2378">
     <span class='ocr_line' id='line_1_42' title="bbox 270 2299 1916 2378; baseline 0.001 -24"><span class='ocrx_word' id='word_1_290' title='bbox 270 2299 380 2367; x_wconf 63' lang='grc' dir='ltr'>ἵνα,</span> <span class='ocrx_word' id='word_1_291' title='bbox 415 2302 512 2355; x_wconf 69' lang='grc' dir='ltr'>κᾶν</span> <span class='ocrx_word' id='word_1_292' title='bbox 545 2300 782 2377; x_wconf 76' lang='grc' dir='ltr'>ἀναπνέῃ</span> <span class='ocrx_word' id='word_1_293' title='bbox 818 2300 1118 2364; x_wconf 82' lang='grc' dir='ltr'>πολλάκις,</span> <span class='ocrx_word' id='word_1_294' title='bbox 1156 2302 1231 2374; x_wconf 78' lang='grc' dir='ltr'>μὴ</span> <span class='ocrx_word' id='word_1_295' title='bbox 1262 2303 1353 2356; x_wconf 88' lang='grc' dir='ltr'>τὸν</span> <span class='ocrx_word' id='word_1_296' title='bbox 1387 2299 1775 2378; x_wconf 73' lang='grc' dir='ltr'>διεφθαρμένον</span> <span class='ocrx_word' id='word_1_297' title='bbox 1825 2304 1916 2357; x_wconf 87' lang='grc' dir='ltr'>καὶ</span> 
     </span>
    </p>
   </div>
   <div class='ocr_carea' id='block_1_43' title="bbox 274 2386 1917 2464">
    <p class='ocr_par' dir='ltr' id='par_1_43' title="bbox 274 2386 1917 2464">
     <span class='ocr_line' id='line_1_43' title="bbox 274 2386 1917 2464; baseline 0.001 -21"><span class='ocrx_word' id='word_1_298' title='bbox 274 2386 608 2462; x_wconf 84' lang='grc' dir='ltr'>λυμαντικὸν</span> <span class='ocrx_word' id='word_1_299' title='bbox 665 2389 794 2464; x_wconf 83' lang='grc' dir='ltr'>ἆὲρα</span> <span class='ocrx_word' id='word_1_300' title='bbox 848 2393 893 2428; x_wconf 70' lang='grc'>⁸⁸</span> <span class='ocrx_word' id='word_1_301' title='bbox 949 2389 1180 2462; x_wconf 79' lang='grc' dir='ltr'>ἀναπνῇ,</span> <span class='ocrx_word' id='word_1_302' title='bbox 1237 2388 1386 2445; x_wconf 75' lang='grc' dir='ltr'>ἀλλὰ</span> <span class='ocrx_word' id='word_1_303' title='bbox 1439 2391 1529 2445; x_wconf 86' lang='grc' dir='ltr'><strong>τὸν</strong></span> <span class='ocrx_word' id='word_1_304' title='bbox 1589 2391 1773 2454; x_wconf 81' lang='grc' dir='ltr'>ἀπαθῆ</span> <span class='ocrx_word' id='word_1_305' title='bbox 1827 2390 1917 2446; x_wconf 89' lang='grc' dir='ltr'>καὶ</span> 
     </span>
    </p>
   </div>
   <div class='ocr_carea' id='block_1_44' title="bbox 275 2475 1918 2556">
    <p class='ocr_par' dir='ltr' id='par_1_44' title="bbox 275 2475 1918 2556">
     <span class='ocr_line' id='line_1_44' title="bbox 275 2475 1918 2556; baseline 0.001 -24"><span class='ocrx_word' id='word_1_306' title='bbox 275 2480 567 2548; x_wconf 72' lang='grc' dir='ltr'>σωτήριον,</span> <span class='ocrx_word' id='word_1_307' title='bbox 599 2479 660 2533; x_wconf 84' lang='grc' dir='ltr'><strong>’ὀν</strong></span> <span class='ocrx_word' id='word_1_308' title='bbox 690 2475 884 2552; x_wconf 75' lang='grc' dir='ltr'>ἔξωθεν</span> <span class='ocrx_word' id='word_1_309' title='bbox 931 2479 1183 2556; x_wconf 74' lang='grc' dir='ltr'><strong>εἰσήγαγε</strong></span> <span class='ocrx_word' id='word_1_310' title='bbox 1245 2475 1556 2546; x_wconf 76' lang='grc' dir='ltr'>περιλαϐὼν</span> <span class='ocrx_word' id='word_1_311' title='bbox 1590 2478 1641 2535; x_wconf 81' lang='grc' dir='ltr'>ἐν</span> <span class='ocrx_word' id='word_1_312' title='bbox 1667 2485 1748 2551; x_wconf 83' lang='grc' dir='ltr'>τῷ</span> <span class='ocrx_word' id='word_1_313' title='bbox 1789 2481 1918 2552; x_wconf 73' lang='grc' dir='ltr'>ἱμα-</span> 
     </span>
    </p>
   </div>
   <div class='ocr_carea' id='block_1_45' title="bbox 273 2566 1917 2644">
    <p class='ocr_par' dir='ltr' id='par_1_45' title="bbox 273 2566 1917 2644">
     <span class='ocr_line' id='line_1_45' title="bbox 273 2566 1917 2644; baseline 0.001 -22"><span class='ocrx_word' id='word_1_314' title='bbox 273 2569 400 2638; x_wconf 84' lang='grc' dir='ltr'>τίῳ,</span> <span class='ocrx_word' id='word_1_315' title='bbox 434 2567 576 2622; x_wconf 72' lang='grc' dir='ltr'>οὕτω</span> <span class='ocrx_word' id='word_1_316' title='bbox 601 2569 805 2643; x_wconf 76' lang='grc' dir='ltr'>πράξας</span> <span class='ocrx_word' id='word_1_317' title='bbox 838 2569 1005 2643; x_wconf 74' lang='grc' dir='ltr'>εἰσῄει</span> <span class='ocrx_word' id='word_1_318' title='bbox 1036 2589 1092 2624; x_wconf 82' lang='grc' dir='ltr'><strong>τε</strong></span> <span class='ocrx_word' id='word_1_319' title='bbox 1123 2567 1176 2622; x_wconf 85' lang='grc' dir='ltr'>ἐν</span> <span class='ocrx_word' id='word_1_320' title='bbox 1201 2573 1270 2641; x_wconf 80' lang='grc' dir='ltr'><strong>τῇ</strong></span> <span class='ocrx_word' id='word_1_321' title='bbox 1310 2566 1617 2636; x_wconf 81' lang='grc' dir='ltr'>καταδύσει,</span> <span class='ocrx_word' id='word_1_322' title='bbox 1647 2574 1715 2643; x_wconf 81' lang='grc' dir='ltr'><strong>τῇ</strong></span> <span class='ocrx_word' id='word_1_323' title='bbox 1749 2568 1917 2644; x_wconf 78' lang='grc' dir='ltr'>ἐκροῇ</span> 
     </span>
    </p>
   </div>
   <div class='ocr_carea' id='block_1_46' title="bbox 271 2656 1919 2731">
    <p class='ocr_par' dir='ltr' id='par_1_46' title="bbox 271 2656 1919 2731">
     <span class='ocr_line' id='line_1_46' title="bbox 271 2656 1919 2731; baseline 0.001 -21"><span class='ocrx_word' id='word_1_324' title='bbox 271 2660 380 2710; x_wconf 88' lang='grc' dir='ltr'><strong>τῶν</strong></span> <span class='ocrx_word' id='word_1_325' title='bbox 410 2658 624 2731; x_wconf 84' lang='grc' dir='ltr'>θερμῶν</span> <span class='ocrx_word' id='word_1_326' title='bbox 661 2657 872 2714; x_wconf 79' lang='grc' dir='ltr'>ὑδάτων</span> <span class='ocrx_word' id='word_1_327' title='bbox 922 2657 1331 2725; x_wconf 78' lang='grc' dir='ltr'>ἐπακολουθῶν,</span> <span class='ocrx_word' id='word_1_328' title='bbox 1386 2656 1475 2714; x_wconf 77' lang='grc' dir='ltr'><strong>ἐπὶ</strong></span> <span class='ocrx_word' id='word_1_329' title='bbox 1525 2657 1781 2715; x_wconf 86' lang='grc' dir='ltr'>πλεῖστον</span> <span class='ocrx_word' id='word_1_330' title='bbox 1818 2663 1919 2713; x_wconf 75' lang='grc' dir='ltr'><strong>τοῦ</strong></span> 
     </span>
    </p>
   </div>
   <div class='ocr_carea' id='block_1_47' title="bbox 273 2739 1918 2823">
    <p class='ocr_par' dir='ltr' id='par_1_47' title="bbox 273 2739 1918 2823">
     <span class='ocr_line' id='line_1_47' title="bbox 273 2739 1918 2823; baseline 0.001 -24"><span class='ocrx_word' id='word_1_331' title='bbox 273 2739 476 2799; x_wconf 82' lang='grc' dir='ltr'>ἀϐάτου</span> <span class='ocrx_word' id='word_1_332' title='bbox 511 2750 714 2822; x_wconf 81' lang='grc' dir='ltr'>μυχοῦ,</span> <span class='ocrx_word' id='word_1_333' title='bbox 750 2747 814 2801; x_wconf 85' lang='grc' dir='ltr'>οὐ</span> <span class='ocrx_word' id='word_1_334' title='bbox 858 2749 965 2818; x_wconf 79' lang='grc' dir='ltr'>μὴν</span> <span class='ocrx_word' id='word_1_335' title='bbox 1005 2747 1082 2807; x_wconf 81' lang='grc' dir='ltr'><strong>είς</strong></span> <span class='ocrx_word' id='word_1_336' title='bbox 1129 2745 1289 2808; x_wconf 74' lang='grc' dir='ltr'>τέλος</span> <span class='ocrx_word' id='word_1_337' title='bbox 1340 2747 1566 2823; x_wconf 83' lang='grc' dir='ltr'>ἀφίκετο</span> <span class='ocrx_word' id='word_1_338' title='bbox 1615 2754 1718 2816; x_wconf 77' lang='grc' dir='ltr'>τῆς</span> <span class='ocrx_word' id='word_1_339' title='bbox 1760 2767 1918 2802; x_wconf 83' lang='grc' dir='ltr'>κατα-</span> 
     </span>
    </p>
   </div>
   <div class='ocr_carea' id='block_1_48' title="bbox 273 2829 1919 2912">
    <p class='ocr_par' dir='ltr' id='par_1_48' title="bbox 273 2829 1919 2912">
     <span class='ocr_line' id='line_1_48' title="bbox 273 2829 1919 2912; baseline 0.002 -24"><span class='ocrx_word' id='word_1_340' title='bbox 273 2829 502 2897; x_wconf 85' lang='grc' dir='ltr'>ϐάσεως·</span> <span class='ocrx_word' id='word_1_341' title='bbox 547 2837 580 2904; x_wconf 80' lang='grc' dir='ltr'>ἡ</span> <span class='ocrx_word' id='word_1_342' title='bbox 635 2837 740 2910; x_wconf 79' lang='grc' dir='ltr'>γὰρ</span> <span class='ocrx_word' id='word_1_343' title='bbox 781 2833 990 2898; x_wconf 74' lang='grc' dir='ltr'>εἶ’σοδος</span> <span class='ocrx_word' id='word_1_344' title='bbox 1037 2834 1347 2912; x_wconf 68' lang='grc' dir='ltr'>ἀπερρώγει</span> <span class='ocrx_word' id='word_1_345' title='bbox 1394 2837 1438 2871; x_wconf 76' lang='grc'><strong>9⁷</strong></span> <span class='ocrx_word' id='word_1_346' title='bbox 1477 2835 1614 2910; x_wconf 86' lang='grc' dir='ltr'>πρὸς</span> <span class='ocrx_word' id='word_1_347' title='bbox 1669 2837 1830 2910; x_wconf 84' lang='grc' dir='ltr'>βάθος</span> <span class='ocrx_word' id='word_1_348' title='bbox 1874 2838 1919 2873; x_wconf 75' lang='grc'><strong>9⁸</strong></span> 
     </span>
    </p>
   </div>
   <div class='ocr_carea' id='block_1_49' title="bbox 270 2919 1916 3000">
    <p class='ocr_par' dir='ltr' id='par_1_49' title="bbox 270 2919 1916 3000">
     <span class='ocr_line' id='line_1_49' title="bbox 270 2919 1916 3000; baseline 0.001 -23"><span class='ocrx_word' id='word_1_349' title='bbox 270 2919 380 2992; x_wconf 81' lang='grc' dir='ltr'>ἤδη</span> <span class='ocrx_word' id='word_1_350' title='bbox 415 2921 560 2978; x_wconf 81' lang='grc' dir='ltr'>πολὺ</span> <span class='ocrx_word' id='word_1_351' title='bbox 590 2927 698 2978; x_wconf 89' lang='grc' dir='ltr'><strong>τῶν</strong></span> <span class='ocrx_word' id='word_1_352' title='bbox 738 2920 970 2991; x_wconf 82' lang='grc' dir='ltr'>ὑδάτων,</span> <span class='ocrx_word' id='word_1_353' title='bbox 1019 2925 1110 2979; x_wconf 84' lang='grc' dir='ltr'><strong>καὶ</strong></span> <span class='ocrx_word' id='word_1_354' title='bbox 1154 2925 1427 2999; x_wconf 86' lang='grc' dir='ltr'>ἀνθρώπῳ</span> <span class='ocrx_word' id='word_1_355' title='bbox 1457 2945 1518 3000; x_wconf 89' lang='grc' dir='ltr'><strong>γε</strong></span> <span class='ocrx_word' id='word_1_356' title='bbox 1549 2925 1613 2979; x_wconf 80' lang='grc' dir='ltr'>οὐ</span> <span class='ocrx_word' id='word_1_357' title='bbox 1664 2920 1916 2980; x_wconf 86' lang='grc' dir='ltr'>διαϐατὸν</span> 
     </span>
    </p>
   </div>
   <div class='ocr_carea' id='block_1_50' title="bbox 271 3009 1919 3093">
    <p class='ocr_par' dir='ltr' id='par_1_50' title="bbox 271 3009 1919 3093">
     <span class='ocr_line' id='line_1_50' title="bbox 271 3009 1919 3093; baseline 0.003 -28"><span class='ocrx_word' id='word_1_358' title='bbox 271 3013 366 3081; x_wconf 74' lang='grc' dir='ltr'><strong>ἦν,</strong></span> <span class='ocrx_word' id='word_1_359' title='bbox 398 3011 525 3067; x_wconf 78' lang='grc' dir='ltr'>ἀλλ’</span> <span class='ocrx_word' id='word_1_360' title='bbox 555 3015 582 3067; x_wconf 97' lang='lat'><strong>6</strong></span> <span class='ocrx_word' id='word_1_361' title='bbox 612 3009 946 3085; x_wconf 83' lang='grc' dir='ltr'>καταιϐάτης</span> <span class='ocrx_word' id='word_1_362' title='bbox 976 3014 1024 3051; x_wconf 75' lang='lat'><strong>9°</strong></span> <span class='ocrx_word' id='word_1_363' title='bbox 1052 3014 1338 3070; x_wconf 80' lang='grc' dir='ltr'>ἐνθουσιῶν</span> <span class='ocrx_word' id='word_1_364' title='bbox 1363 3014 1579 3093; x_wconf 73' lang='grc' dir='ltr'>ἐφέρετο</span> <span class='ocrx_word' id='word_1_365' title='bbox 1613 3015 1778 3089; x_wconf 84' lang='grc' dir='ltr'>μέχρι</span> <span class='ocrx_word' id='word_1_366' title='bbox 1821 3019 1919 3070; x_wconf 77' lang='grc' dir='ltr'><strong>τοῦ</strong></span> 
     </span>
    </p>
   </div>
   <div class='ocr_carea' id='block_1_51' title="bbox 271 3073 1992 3174">
    <p class='ocr_par' dir='ltr' id='par_1_51' title="bbox 271 3073 1992 3174">
     <span class='ocr_line' id='line_1_51' title="bbox 271 3073 1992 3174; baseline 0.002 -20"><span class='ocrx_word' id='word_1_367' title='bbox 271 3099 530 3174; x_wconf 64' lang='grc' dir='ltr'>πέρατος.</span> <span class='ocrx_word' id='word_1_368' title='bbox 587 3101 644 3156; x_wconf 77' lang='lat'><strong>&#39;0</strong></span> <span class='ocrx_word' id='word_1_369' title='bbox 692 3102 874 3174; x_wconf 69' lang='grc' dir='ltr'>μέντοι</span> <span class='ocrx_word' id='word_1_370' title='bbox 901 3073 912 3085; x_wconf 52' lang='grc'><em>’</em></span> <span class='ocrx_word' id='word_1_371' title='bbox 933 3073 1413 3172; x_wconf 69' lang='grc' dir='ltr'><strong>Ἀσκληειτειόδοτος⁵</strong></span> <span class='ocrx_word' id='word_1_372' title='bbox 1457 3073 1661 3157; x_wconf 56' lang='grc' dir='ltr'>εκεῖθεν</span> <span class='ocrx_word' id='word_1_373' title='bbox 1687 3073 1920 3171; x_wconf 47' lang='grc' dir='ltr'>μάνῆλθε</span> <span class='ocrx_word' id='word_1_374' title='bbox 1952 3073 1992 3137; x_wconf 73' lang='lat' dir='ltr'><strong>C</strong></span> 
     </span>
    </p>
   </div>
   <div class='ocr_carea' id='block_1_52' title="bbox 269 3187 1920 3267">
    <p class='ocr_par' dir='ltr' id='par_1_52' title="bbox 269 3187 1920 3267">
     <span class='ocr_line' id='line_1_52' title="bbox 269 3187 1920 3267; baseline 0.001 -23"><span class='ocrx_word' id='word_1_375' title='bbox 269 3187 434 3267; x_wconf 75' lang='grc' dir='ltr'>σοφίᾳ</span> <span class='ocrx_word' id='word_1_376' title='bbox 491 3192 561 3262; x_wconf 78' lang='grc' dir='ltr'><strong>τῇ</strong></span> <span class='ocrx_word' id='word_1_377' title='bbox 621 3191 787 3246; x_wconf 68' lang='grc' dir='ltr'>αὐτοῦ</span> <span class='ocrx_word' id='word_1_378' title='bbox 845 3197 1026 3246; x_wconf 85' lang='grc' dir='ltr'>κακῶν</span> <span class='ocrx_word' id='word_1_379' title='bbox 1084 3192 1320 3262; x_wconf 75' lang='grc' dir='ltr'>ἀπαθής.</span> <span class='ocrx_word' id='word_1_380' title='bbox 1370 3191 1546 3250; x_wconf 84' lang='grc' dir='ltr'>Ἀλλὰ</span> <span class='ocrx_word' id='word_1_381' title='bbox 1603 3191 1693 3246; x_wconf 82' lang='grc' dir='ltr'><strong>καὶ</strong></span> <span class='ocrx_word' id='word_1_382' title='bbox 1751 3193 1920 3260; x_wconf 80' lang='grc' dir='ltr'>πνοήν</span> 
     </span>
    </p>
   </div>
   <div class='ocr_carea' id='block_1_53' title="bbox 269 3277 1918 3356">
    <p class='ocr_par' dir='ltr' id='par_1_53' title="bbox 269 3277 1918 3356">
     <span class='ocr_line' id='line_1_53' title="bbox 269 3277 1918 3356; baseline 0.001 -24"><span class='ocrx_word' id='word_1_383' title='bbox 269 3277 664 3353; x_wconf 81' lang='grc' dir='ltr'>παραπλησίαν</span> <span class='ocrx_word' id='word_1_384' title='bbox 697 3279 916 3354; x_wconf 81' lang='grc' dir='ltr'>ὕστερον</span> <span class='ocrx_word' id='word_1_385' title='bbox 961 3285 1030 3355; x_wconf 79' lang='grc' dir='ltr'><strong>τῇ</strong></span> <span class='ocrx_word' id='word_1_386' title='bbox 1073 3281 1356 3354; x_wconf 84' lang='grc' dir='ltr'>θανασίμῳ</span> <span class='ocrx_word' id='word_1_387' title='bbox 1415 3280 1474 3336; x_wconf 84' lang='grc' dir='ltr'>ἐκ</span> <span class='ocrx_word' id='word_1_388' title='bbox 1523 3281 1797 3356; x_wconf 84' lang='grc' dir='ltr'>οιαφόρων</span> <span class='ocrx_word' id='word_1_389' title='bbox 1849 3280 1918 3336; x_wconf 75' lang='grc' dir='ltr'><strong>εἷ’-</strong></span> 
     </span>
    </p>
   </div>
   <div class='ocr_carea' id='block_1_54' title="bbox 270 3364 1919 3445">
    <p class='ocr_par' dir='ltr' id='par_1_54' title="bbox 270 3364 1919 3445">
     <span class='ocr_line' id='line_1_54' title="bbox 270 3364 1919 3445; baseline 0.001 -23"><span class='ocrx_word' id='word_1_390' title='bbox 270 3364 378 3422; x_wconf 85' lang='grc' dir='ltr'><strong>δῶν</strong></span> <span class='ocrx_word' id='word_1_391' title='bbox 443 3369 979 3442; x_wconf 75' lang='grc' dir='ltr'>κατασκευασάμενος</span> <span class='ocrx_word' id='word_1_392' title='bbox 1055 3368 1466 3445; x_wconf 78' lang='grc' dir='ltr'>ἐμηχανήσατο.</span> <span class='ocrx_word' id='word_1_393' title='bbox 1523 3370 1708 3444; x_wconf 82' lang='grc' dir='ltr'>Χωρὶς</span> <span class='ocrx_word' id='word_1_394' title='bbox 1767 3371 1786 3405; x_wconf 69' lang='grc' dir='ltr'><strong>ί</strong></span> <span class='ocrx_word' id='word_1_395' title='bbox 1853 3370 1919 3424; x_wconf 84' lang='grc' dir='ltr'><strong>τὰ</strong></span> 
     </span>
    </p>
   </div>
   <div class='ocr_carea' id='block_1_55' title="bbox 269 3455 1918 3535">
    <p class='ocr_par' dir='ltr' id='par_1_55' title="bbox 269 3455 1918 3535">
     <span class='ocr_line' id='line_1_55' title="bbox 269 3455 1918 3535; baseline 0.002 -24"><span class='ocrx_word' id='word_1_396' title='bbox 269 3455 590 3535; x_wconf 74' lang='grc' dir='ltr'>φιλοσόφων</span> <span class='ocrx_word' id='word_1_397' title='bbox 621 3458 807 3514; x_wconf 79' lang='grc' dir='ltr'>καὶτὰ</span> <span class='ocrx_word' id='word_1_398' title='bbox 849 3462 954 3513; x_wconf 88' lang='grc' dir='ltr'>τῶν</span> <span class='ocrx_word' id='word_1_399' title='bbox 1004 3460 1189 3532; x_wconf 71' lang='grc' dir='ltr'>ἱερέων</span> <span class='ocrx_word' id='word_1_400' title='bbox 1241 3458 1532 3533; x_wconf 82' lang='grc' dir='ltr'>ὁρίσματα,</span> <span class='ocrx_word' id='word_1_401' title='bbox 1564 3456 1716 3514; x_wconf 74' lang='grc' dir='ltr'>οὐδὲν</span> <span class='ocrx_word' id='word_1_402' title='bbox 1757 3461 1918 3528; x_wconf 76' lang='grc' dir='ltr'>ἧττον</span> 
     </span>
    </p>
   </div>
   <div class='ocr_carea' id='block_1_56' title="bbox 271 3545 1916 3624">
    <p class='ocr_par' dir='ltr' id='par_1_56' title="bbox 271 3545 1916 3624">
     <span class='ocr_line' id='line_1_56' title="bbox 271 3545 1916 3624; baseline 0.001 -22"><span class='ocrx_word' id='word_1_403' title='bbox 271 3546 308 3615; x_wconf 78' lang='grc' dir='ltr'><strong>ἢ</strong></span> <span class='ocrx_word' id='word_1_404' title='bbox 342 3547 412 3602; x_wconf 81' lang='grc' dir='ltr'>τὰ</span> <span class='ocrx_word' id='word_1_405' title='bbox 471 3545 742 3621; x_wconf 81' lang='grc' dir='ltr'>λεγόμενα</span> <span class='ocrx_word' id='word_1_406' title='bbox 795 3552 991 3604; x_wconf 85' lang='grc' dir='ltr'>Μυσῶν</span> <span class='ocrx_word' id='word_1_407' title='bbox 1041 3547 1128 3603; x_wconf 80' lang='grc' dir='ltr'><strong>καὶ</strong></span> <span class='ocrx_word' id='word_1_408' title='bbox 1187 3554 1439 3624; x_wconf 81' lang='grc' dir='ltr'>Φρυγῶν.</span> <span class='ocrx_word' id='word_1_409' title='bbox 1492 3546 1652 3604; x_wconf 82' lang='grc' dir='ltr'>Ἀλλ’</span> <span class='ocrx_word' id='word_1_410' title='bbox 1703 3547 1855 3620; x_wconf 81' lang='grc' dir='ltr'>ὅμως</span> <span class='ocrx_word' id='word_1_411' title='bbox 1889 3551 1916 3604; x_wconf 90' lang='grc' dir='ltr'>ὁ</span> 
     </span>
    </p>
   </div>
   <div class='ocr_carea' id='block_1_57' title="bbox 271 3634 1916 3714">
    <p class='ocr_par' dir='ltr' id='par_1_57' title="bbox 271 3634 1916 3714">
     <span class='ocr_line' id='line_1_57' title="bbox 271 3634 1916 3714; baseline 0.001 -24"><span class='ocrx_word' id='word_1_412' title='bbox 271 3635 566 3708; x_wconf 88' lang='grc' dir='ltr'>Πατρίκιος</span> <span class='ocrx_word' id='word_1_413' title='bbox 600 3635 896 3710; x_wconf 82' lang='grc' dir='ltr'>ἐτολμησε,</span> <span class='ocrx_word' id='word_1_414' title='bbox 929 3638 1074 3705; x_wconf 81' lang='grc' dir='ltr'>παρὰ</span> <span class='ocrx_word' id='word_1_415' title='bbox 1102 3637 1270 3708; x_wconf 88' lang='grc' dir='ltr'>νόμον</span> <span class='ocrx_word' id='word_1_416' title='bbox 1303 3638 1394 3692; x_wconf 85' lang='grc' dir='ltr'><strong>τὸν</strong></span> <span class='ocrx_word' id='word_1_417' title='bbox 1429 3634 1779 3714; x_wconf 71' lang='grc' dir='ltr'>φιλοσοφίας,</span> <span class='ocrx_word' id='word_1_418' title='bbox 1828 3636 1916 3692; x_wconf 80' lang='grc' dir='ltr'><strong>ἐπὶ</strong></span> 
     </span>
    </p>
   </div>
   <div class='ocr_carea' id='block_1_58' title="bbox 268 3723 1915 3804">
    <p class='ocr_par' dir='ltr' id='par_1_58' title="bbox 268 3723 1915 3804">
     <span class='ocr_line' id='line_1_58' title="bbox 268 3723 1915 3804; baseline 0.001 -25"><span class='ocrx_word' id='word_1_419' title='bbox 268 3728 440 3779; x_wconf 68' lang='grc' dir='ltr'>ταῦτα</span> <span class='ocrx_word' id='word_1_420' title='bbox 464 3723 629 3798; x_wconf 77' lang='grc' dir='ltr'>ῥυείς.</span> <span class='ocrx_word' id='word_1_421' title='bbox 655 3727 717 3781; x_wconf 84' lang='grc' dir='ltr'>Ἡ</span> <span class='ocrx_word' id='word_1_422' title='bbox 742 3723 800 3780; x_wconf 75' lang='grc' dir='ltr'>δὲ</span> <span class='ocrx_word' id='word_1_423' title='bbox 822 3723 949 3804; x_wconf 77' lang='grc' dir='ltr'>ἔφη,</span> <span class='ocrx_word' id='word_1_424' title='bbox 968 3726 1108 3800; x_wconf 84' lang='grc' dir='ltr'><strong>Ἐγὼ</strong></span> <span class='ocrx_word' id='word_1_425' title='bbox 1129 3724 1360 3799; x_wconf 84' lang='grc' dir='ltr'>χωρῖτίς</span> <span class='ocrx_word' id='word_1_426' title='bbox 1388 3724 1501 3795; x_wconf 71' lang='grc' dir='ltr'>εἰμι</span> <span class='ocrx_word' id='word_1_427' title='bbox 1524 3725 1613 3779; x_wconf 82' lang='grc' dir='ltr'><strong>καὶ</strong></span> <span class='ocrx_word' id='word_1_428' title='bbox 1635 3725 1915 3799; x_wconf 76' lang='grc' dir='ltr'>ἄγροικος.</span> 
     </span>
    </p>
   </div>
   <div class='ocr_carea' id='block_1_59' title="bbox 271 3811 1916 3888">
    <p class='ocr_par' dir='ltr' id='par_1_59' title="bbox 271 3811 1916 3888">
     <span class='ocr_line' id='line_1_59' title="bbox 271 3811 1916 3888; baseline -0.001 -18"><span class='ocrx_word' id='word_1_429' title='bbox 271 3811 450 3870; x_wconf 72' lang='grc' dir='ltr'>Ἀλλὰ</span> <span class='ocrx_word' id='word_1_430' title='bbox 481 3811 766 3875; x_wconf 75' lang='grc' dir='ltr'>διαναστὰς</span> <span class='ocrx_word' id='word_1_431' title='bbox 806 3815 910 3868; x_wconf 83' lang='grc' dir='ltr'><strong>ἀπὸ</strong></span> <span class='ocrx_word' id='word_1_432' title='bbox 938 3818 1034 3870; x_wconf 78' lang='grc' dir='ltr'>τοῦ</span> <span class='ocrx_word' id='word_1_433' title='bbox 1065 3813 1230 3868; x_wconf 78' lang='grc' dir='ltr'>ὕπνου</span> <span class='ocrx_word' id='word_1_434' title='bbox 1274 3815 1364 3867; x_wconf 77' lang='grc' dir='ltr'><strong>καὶ</strong></span> <span class='ocrx_word' id='word_1_435' title='bbox 1415 3811 1916 3888; x_wconf 84' lang='grc' dir='ltr'>διαγκωνισάμενος</span> 
     </span>
    </p>
   </div>
   <div class='ocr_carea' id='block_1_60' title="bbox 268 3899 1919 3979">
    <p class='ocr_par' dir='ltr' id='par_1_60' title="bbox 268 3899 1919 3979">
     <span class='ocr_line' id='line_1_60' title="bbox 268 3899 1919 3979; baseline 0.001 -23"><span class='ocrx_word' id='word_1_436' title='bbox 268 3901 360 3957; x_wconf 78' lang='grc' dir='ltr'>ἐπὶ</span> <span class='ocrx_word' id='word_1_437' title='bbox 391 3901 488 3956; x_wconf 76' lang='grc' dir='ltr'>τοῦ</span> <span class='ocrx_word' id='word_1_438' title='bbox 519 3901 826 3976; x_wconf 86' lang='grc' dir='ltr'>σκίμποδος</span> <span class='ocrx_word' id='word_1_439' title='bbox 856 3899 981 3979; x_wconf 74' lang='grc' dir='ltr'>ἔφη.</span> <span class='ocrx_word' id='word_1_440' title='bbox 1027 3901 1265 3964; x_wconf 80' lang='grc' dir='ltr'>Ἀστεῖός</span> <span class='ocrx_word' id='word_1_441' title='bbox 1296 3923 1353 3957; x_wconf 87' lang='grc' dir='ltr'><strong>τε</strong></span> <span class='ocrx_word' id='word_1_442' title='bbox 1385 3903 1451 3971; x_wconf 79' lang='grc' dir='ltr'><strong>ἦν</strong></span> <span class='ocrx_word' id='word_1_443' title='bbox 1503 3903 1590 3957; x_wconf 82' lang='grc' dir='ltr'><strong>καὶ</strong></span> <span class='ocrx_word' id='word_1_444' title='bbox 1632 3902 1919 3975; x_wconf 79' lang='grc' dir='ltr'>εὐόμιλος,</span> 
     </span>
    </p>
   </div>
   <div class='ocr_carea' id='block_1_61' title="bbox 268 3988 1918 4066">
    <p class='ocr_par' dir='ltr' id='par_1_61' title="bbox 268 3988 1918 4066">
     <span class='ocr_line' id='line_1_61' title="bbox 268 3988 1918 4066; baseline -0.009 -7"><span class='ocrx_word' id='word_1_445' title='bbox 268 3989 332 4045; x_wconf 69' lang='grc' dir='ltr'><strong>οὗ</strong></span> <span class='ocrx_word' id='word_1_446' title='bbox 367 3989 530 4061; x_wconf 67' lang='grc' dir='ltr'>μόνον</span> <span class='ocrx_word' id='word_1_447' title='bbox 561 3992 695 4062; x_wconf 78' lang='grc' dir='ltr'>πρὸς</span> <span class='ocrx_word' id='word_1_448' title='bbox 727 3993 826 4060; x_wconf 76' lang='grc' dir='ltr'><strong>τήν</strong></span> <span class='ocrx_word' id='word_1_449' title='bbox 859 3988 1292 4061; x_wconf 77' lang='grc' dir='ltr'>σπουδάζουσαν,</span> <span class='ocrx_word' id='word_1_450' title='bbox 1324 3991 1471 4047; x_wconf 84' lang='grc' dir='ltr'>ἀλλᾶ</span> <span class='ocrx_word' id='word_1_451' title='bbox 1508 3992 1600 4047; x_wconf 83' lang='grc' dir='ltr'><strong>καὶ</strong></span> <span class='ocrx_word' id='word_1_452' title='bbox 1648 3993 1786 4066; x_wconf 88' lang='grc' dir='ltr'>πρὸς</span> <span class='ocrx_word' id='word_1_453' title='bbox 1821 3994 1918 4060; x_wconf 79' lang='grc' dir='ltr'><strong>τήν</strong></span> 
     </span>
    </p>
   </div>
   <div class='ocr_carea' id='block_1_62' title="bbox 265 4079 1916 4151">
    <p class='ocr_par' dir='ltr' id='par_1_62' title="bbox 265 4079 1916 4151">
     <span class='ocr_line' id='line_1_62' title="bbox 265 4079 1916 4151; baseline 0.001 -17"><span class='ocrx_word' id='word_1_454' title='bbox 265 4079 565 4148; x_wconf 86' lang='grc' dir='ltr'>παίζουσαν</span> <span class='ocrx_word' id='word_1_455' title='bbox 612 4079 784 4135; x_wconf 83' lang='grc' dir='ltr'>ἐνίοτε</span> <span class='ocrx_word' id='word_1_456' title='bbox 834 4081 1134 4147; x_wconf 89' lang='grc' dir='ltr'>συνουσίαν,</span> <span class='ocrx_word' id='word_1_457' title='bbox 1184 4079 1324 4137; x_wconf 86' lang='grc' dir='ltr'>ὥστε</span> <span class='ocrx_word' id='word_1_458' title='bbox 1362 4081 1453 4136; x_wconf 82' lang='grc' dir='ltr'><strong>καὶ</strong></span> <span class='ocrx_word' id='word_1_459' title='bbox 1501 4080 1729 4151; x_wconf 76' lang='grc' dir='ltr'>ἥδιστος</span> <span class='ocrx_word' id='word_1_460' title='bbox 1781 4082 1916 4136; x_wconf 82' lang='grc' dir='ltr'>εἶναι</span> 
     </span>
    </p>
   </div>
   <div class='ocr_carea' id='block_1_63' title="bbox 263 4167 1922 4246">
    <p class='ocr_par' dir='ltr' id='par_1_63' title="bbox 263 4167 1922 4246">
     <span class='ocr_line' id='line_1_63' title="bbox 263 4167 1922 4246; baseline 0.002 -24"><span class='ocrx_word' id='word_1_461' title='bbox 263 4175 392 4231; x_wconf 85' lang='grc' dir='ltr'>τοῖς</span> <span class='ocrx_word' id='word_1_462' title='bbox 422 4167 792 4238; x_wconf 75' lang='grc' dir='ltr'>πλησιάζουσι</span> <span class='ocrx_word' id='word_1_463' title='bbox 822 4171 959 4244; x_wconf 83' lang='grc' dir='ltr'>πρὸς</span> <span class='ocrx_word' id='word_1_464' title='bbox 986 4174 1064 4242; x_wconf 83' lang='grc' dir='ltr'>τῷ</span> <span class='ocrx_word' id='word_1_465' title='bbox 1094 4169 1387 4246; x_wconf 69' lang='grc' dir='ltr'>ὠφελίμῳ.</span> <span class='ocrx_word' id='word_1_466' title='bbox 1433 4171 1533 4226; x_wconf 88' lang='grc' dir='ltr'><strong>Τὸν</strong></span> <span class='ocrx_word' id='word_1_467' title='bbox 1576 4171 1704 4226; x_wconf 84' lang='grc' dir='ltr'>Θεὸν</span> <span class='ocrx_word' id='word_1_468' title='bbox 1757 4172 1922 4244; x_wconf 80' lang='grc' dir='ltr'>πρού-</span> 
     </span>
    </p>
   </div>
   <div class='ocr_carea' id='block_1_64' title="bbox 262 4257 1922 4334">
    <p class='ocr_par' dir='ltr' id='par_1_64' title="bbox 262 4257 1922 4334">
     <span class='ocr_line' id='line_1_64' title="bbox 262 4257 1922 4334; baseline 0.002 -22"><span class='ocrx_word' id='word_1_469' title='bbox 262 4258 490 4313; x_wconf 84' lang='grc' dir='ltr'>καλεῖτο</span> <span class='ocrx_word' id='word_1_470' title='bbox 534 4259 622 4313; x_wconf 69' lang='grc' dir='ltr'>επὶ</span> <span class='ocrx_word' id='word_1_471' title='bbox 685 4259 840 4314; x_wconf 82' lang='grc' dir='ltr'>πάθει</span> <span class='ocrx_word' id='word_1_472' title='bbox 899 4257 1220 4334; x_wconf 71' lang='grc' dir='ltr'>περιωδύνῳ</span> <span class='ocrx_word' id='word_1_473' title='bbox 1277 4267 1378 4329; x_wconf 80' lang='grc' dir='ltr'>τῆς</span> <span class='ocrx_word' id='word_1_474' title='bbox 1427 4264 1533 4316; x_wconf 87' lang='grc' dir='ltr'><strong>τῶν</strong></span> <span class='ocrx_word' id='word_1_475' title='bbox 1594 4260 1858 4316; x_wconf 85' lang='grc' dir='ltr'>ὀπισθίων</span> <span class='ocrx_word' id='word_1_476' title='bbox 1899 4263 1922 4298; x_wconf 81' lang='grc'><strong>²</strong></span> 
     </span>
    </p>
   </div>
   <div class='ocr_carea' id='block_1_65' title="bbox 265 4347 1918 4428">
    <p class='ocr_par' dir='ltr' id='par_1_65' title="bbox 265 4347 1918 4428">
     <span class='ocr_line' id='line_1_65' title="bbox 265 4347 1918 4428; baseline 0.002 -26"><span class='ocrx_word' id='word_1_477' title='bbox 265 4347 481 4422; x_wconf 83' lang='grc' dir='ltr'>ὀχετῶν</span> <span class='ocrx_word' id='word_1_478' title='bbox 526 4347 788 4427; x_wconf 74' lang='grc' dir='ltr'>ἀιρέσεως.</span> <span class='ocrx_word' id='word_1_479' title='bbox 840 4351 1006 4419; x_wconf 77' lang='grc'>[1056</span> <span class='ocrx_word' id='word_1_480' title='bbox 1059 4352 1161 4428; x_wconf 63' lang='grc'><strong>8.]</strong></span> <span class='ocrx_word' id='word_1_481' title='bbox 1219 4349 1469 4406; x_wconf 83' lang='grc' dir='ltr'>Ἐπίτεκα</span> <span class='ocrx_word' id='word_1_482' title='bbox 1527 4351 1549 4385; x_wconf 85' lang='grc'><strong>³</strong></span> <span class='ocrx_word' id='word_1_483' title='bbox 1597 4347 1760 4405; x_wconf 76' lang='grc' dir='ltr'>οὖσαν</span> <span class='ocrx_word' id='word_1_484' title='bbox 1819 4351 1918 4420; x_wconf 64' lang='grc' dir='ltr'><strong>τὴν</strong></span> 
     </span>
    </p>
   </div>
   <div class='ocr_carea' id='block_1_66' title="bbox 263 4435 1922 4512">
    <p class='ocr_par' dir='ltr' id='par_1_66' title="bbox 263 4435 1922 4512">
     <span class='ocr_line' id='line_1_66' title="bbox 263 4435 1922 4512; baseline 0.002 -22"><span class='ocrx_word' id='word_1_485' title='bbox 263 4437 512 4509; x_wconf 73' lang='grc' dir='ltr'>γαμετὴν</span> <span class='ocrx_word' id='word_1_486' title='bbox 573 4442 896 4510; x_wconf 80' lang='grc' dir='ltr'>συνεπῆγεν.</span> <span class='ocrx_word' id='word_1_487' title='bbox 959 4437 1082 4494; x_wconf 86' lang='grc' dir='ltr'><strong>Ἐπὶ</strong></span> <span class='ocrx_word' id='word_1_488' title='bbox 1139 4445 1239 4507; x_wconf 84' lang='grc' dir='ltr'><strong>τῆς</strong></span> <span class='ocrx_word' id='word_1_489' title='bbox 1303 4435 1495 4507; x_wconf 84' lang='grc' dir='ltr'>κλίνης</span> <span class='ocrx_word' id='word_1_490' title='bbox 1588 4438 1922 4512; x_wconf 82' lang='grc' dir='ltr'>ἀνακειμένῳ</span> 
     </span>
    </p>
   </div>
   <div class='ocr_carea' id='block_1_67' title="bbox 267 4521 1924 4602">
    <p class='ocr_par' dir='ltr' id='par_1_67' title="bbox 267 4521 1924 4602">
     <span class='ocr_line' id='line_1_67' title="bbox 267 4521 1924 4602; baseline 0.002 -22"><span class='ocrx_word' id='word_1_491' title='bbox 267 4523 528 4596; x_wconf 77' lang='grc' dir='ltr'>ἐξαπίνης</span> <span class='ocrx_word' id='word_1_492' title='bbox 555 4527 654 4595; x_wconf 79' lang='grc' dir='ltr'><strong>τὴν</strong></span> <span class='ocrx_word' id='word_1_493' title='bbox 689 4521 846 4596; x_wconf 89' lang='grc' dir='ltr'>δίκην</span> <span class='ocrx_word' id='word_1_494' title='bbox 881 4523 1012 4580; x_wconf 79' lang='grc' dir='ltr'>ἰδεῖν</span> <span class='ocrx_word' id='word_1_495' title='bbox 1034 4523 1249 4597; x_wconf 68' lang='grc' dir='ltr'>συνέϐη,</span> <span class='ocrx_word' id='word_1_496' title='bbox 1276 4525 1533 4600; x_wconf 71' lang='grc' dir='ltr'>λαμπρὰν</span> <span class='ocrx_word' id='word_1_497' title='bbox 1554 4525 1924 4602; x_wconf 76' lang='grc' dir='ltr'>κόρην,εὕζω-</span> 
     </span>
    </p>
   </div>
   <div class='ocr_carea' id='block_1_68' title="bbox 272 4609 1922 4690">
    <p class='ocr_par' dir='ltr' id='par_1_68' title="bbox 272 4609 1922 4690">
     <span class='ocr_line' id='line_1_68' title="bbox 272 4609 1922 4690; baseline 0.003 -23"><span class='ocrx_word' id='word_1_498' title='bbox 272 4634 387 4684; x_wconf 86' lang='grc' dir='ltr'>νον,</span> <span class='ocrx_word' id='word_1_499' title='bbox 457 4609 692 4670; x_wconf 86' lang='grc' dir='ltr'>κολοϐὸν</span> <span class='ocrx_word' id='word_1_500' title='bbox 760 4619 970 4690; x_wconf 88' lang='grc' dir='ltr'>χιτῶνα</span> <span class='ocrx_word' id='word_1_501' title='bbox 1037 4615 1416 4690; x_wconf 75' lang='grc' dir='ltr'>μηλινόχρουν</span> <span class='ocrx_word' id='word_1_502' title='bbox 1466 4616 1922 4690; x_wconf 81' lang='grc' dir='ltr'>⁴ἀνεζωσμένην,</span> 
     </span>
    </p>
   </div>
   <div class='ocr_carea' id='block_1_69' title="bbox 272 4700 1922 4780">
    <p class='ocr_par' dir='ltr' id='par_1_69' title="bbox 272 4700 1922 4780">
     <span class='ocr_line' id='line_1_69' title="bbox 272 4700 1922 4780; baseline 0.002 -22"><span class='ocrx_word' id='word_1_503' title='bbox 272 4708 580 4780; x_wconf 76' lang='grc' dir='ltr'>πορφυροῖς</span> <span class='ocrx_word' id='word_1_504' title='bbox 629 4700 858 4758; x_wconf 79' lang='grc' dir='ltr'>πλατέσι</span> <span class='ocrx_word' id='word_1_505' title='bbox 906 4701 1201 4776; x_wconf 85' lang='grc' dir='ltr'>σημαδίοις</span> <span class='ocrx_word' id='word_1_506' title='bbox 1247 4703 1682 4778; x_wconf 79' lang='grc' dir='ltr'>κεκοσμημένον,</span> <span class='ocrx_word' id='word_1_507' title='bbox 1730 4703 1922 4762; x_wconf 83' lang='grc' dir='ltr'>ἀναδε-</span> 
     </span>
    </p>
   </div>
   <div class='ocr_carea' id='block_1_70' title="bbox 272 4789 1922 4870">
    <p class='ocr_par' dir='ltr' id='par_1_70' title="bbox 272 4789 1922 4870">
     <span class='ocr_line' id='line_1_70' title="bbox 272 4789 1922 4870; baseline 0.002 -23"><span class='ocrx_word' id='word_1_508' title='bbox 272 4789 509 4864; x_wconf 74' lang='grc' dir='ltr'>δεμένην</span> <span class='ocrx_word' id='word_1_509' title='bbox 541 4792 636 4866; x_wconf 77' lang='grc' dir='ltr'>μὶν</span> <span class='ocrx_word' id='word_1_510' title='bbox 667 4793 768 4861; x_wconf 76' lang='grc' dir='ltr'>τήν</span> <span class='ocrx_word' id='word_1_511' title='bbox 797 4791 1040 4869; x_wconf 61' lang='grc' dir='ltr'>κεφαλὴν</span> <span class='ocrx_word' id='word_1_512' title='bbox 1073 4790 1377 4868; x_wconf 79' lang='grc' dir='ltr'>ἀναδέσμῃ,</span> <span class='ocrx_word' id='word_1_513' title='bbox 1418 4797 1630 4868; x_wconf 79' lang='grc' dir='ltr'>γκμνήν</span> <span class='ocrx_word' id='word_1_514' title='bbox 1684 4792 1741 4850; x_wconf 72' lang='grc' dir='ltr'>δὲ</span> <span class='ocrx_word' id='word_1_515' title='bbox 1766 4815 1922 4870; x_wconf 87' lang='grc' dir='ltr'>περι-</span> 
     </span>
    </p>
   </div>
   <div class='ocr_carea' id='block_1_71' title="bbox 273 4877 1924 4960">
    <p class='ocr_par' dir='ltr' id='par_1_71' title="bbox 273 4877 1924 4960">
     <span class='ocr_line' id='line_1_71' title="bbox 273 4877 1924 4960; baseline 0.001 -24"><span class='ocrx_word' id='word_1_516' title='bbox 273 4877 531 4950; x_wconf 82' lang='grc' dir='ltr'>ϐολαίου,</span> <span class='ocrx_word' id='word_1_517' title='bbox 587 4879 856 4957; x_wconf 86' lang='grc' dir='ltr'>βλοσυρόν</span> <span class='ocrx_word' id='word_1_518' title='bbox 919 4903 971 4937; x_wconf 89' lang='grc' dir='ltr'><strong>τι</strong></span> <span class='ocrx_word' id='word_1_519' title='bbox 1028 4884 1238 4958; x_wconf 86' lang='grc' dir='ltr'>ὁρῶσαν</span> <span class='ocrx_word' id='word_1_520' title='bbox 1281 4885 1371 4938; x_wconf 83' lang='grc' dir='ltr'><strong>καὶ</strong></span> <span class='ocrx_word' id='word_1_521' title='bbox 1429 4886 1924 4960; x_wconf 70' lang='grc' dir='ltr'>συνωφρυωμένον,</span> 
     </span>
    </p>
   </div>
   <div class='ocr_carea' id='block_1_72' title="bbox 271 4967 1925 5045">
    <p class='ocr_par' dir='ltr' id='par_1_72' title="bbox 271 4967 1925 5045">
     <span class='ocr_line' id='line_1_72' title="bbox 271 4967 1925 5045; baseline 0.001 -21"><span class='ocrx_word' id='word_1_522' title='bbox 271 4967 394 5024; x_wconf 71' lang='grc' dir='ltr'>οὔτι</span> <span class='ocrx_word' id='word_1_523' title='bbox 425 4990 488 5045; x_wconf 86' lang='grc' dir='ltr'><strong>γε</strong></span> <span class='ocrx_word' id='word_1_524' title='bbox 516 4971 650 5044; x_wconf 80' lang='grc' dir='ltr'>πρὸς</span> <span class='ocrx_word' id='word_1_525' title='bbox 690 4969 876 5040; x_wconf 80' lang='grc' dir='ltr'>αὐτὸν,</span> <span class='ocrx_word' id='word_1_526' title='bbox 926 4969 1072 5026; x_wconf 84' lang='grc' dir='ltr'><strong>ἀλλά</strong></span> <span class='ocrx_word' id='word_1_527' title='bbox 1118 4972 1251 5045; x_wconf 87' lang='grc' dir='ltr'>πρὸς</span> <span class='ocrx_word' id='word_1_528' title='bbox 1295 4973 1318 5007; x_wconf 82' lang='grc'>⁵</span> <span class='ocrx_word' id='word_1_529' title='bbox 1366 4974 1465 5041; x_wconf 69' lang='grc' dir='ltr'>τὴν</span> <span class='ocrx_word' id='word_1_530' title='bbox 1518 4970 1752 5028; x_wconf 73' lang='grc' dir='ltr'>εἴσοδιιν.</span> <span class='ocrx_word' id='word_1_531' title='bbox 1803 4975 1925 5031; x_wconf 80' lang='grc' dir='ltr'>Ὀτι</span> 
     </span>
    </p>
   </div>
   <div class='ocr_carea' id='block_1_73' title="bbox 267 5056 1919 5138">
    <p class='ocr_par' dir='ltr' id='par_1_73' title="bbox 267 5056 1919 5138">
     <span class='ocr_line' id='line_1_73' title="bbox 267 5056 1919 5138; baseline 0.001 -25"><span class='ocrx_word' id='word_1_532' title='bbox 267 5056 744 5130; x_wconf 86' lang='grc' dir='ltr'>Ἀσκληπιόδοτος</span> <span class='ocrx_word' id='word_1_533' title='bbox 795 5061 823 5114; x_wconf 90' lang='lat'><strong>6</strong></span> <span class='ocrx_word' id='word_1_534' title='bbox 867 5058 1188 5138; x_wconf 78' lang='grc' dir='ltr'>φιλόσοφος,</span> <span class='ocrx_word' id='word_1_535' title='bbox 1249 5062 1277 5115; x_wconf 88' lang='lat'><strong>6</strong></span> <span class='ocrx_word' id='word_1_536' title='bbox 1333 5062 1586 5134; x_wconf 86' lang='grc' dir='ltr'>Πρόκλου</span> <span class='ocrx_word' id='word_1_537' title='bbox 1649 5064 1919 5134; x_wconf 84' lang='grc' dir='ltr'>μαθητής,</span> 
     </span>
    </p>
   </div>
   <div class='ocr_carea' id='block_1_74' title="bbox 2026 1854 3666 1938">
    <p class='ocr_par' dir='ltr' id='par_1_74' title="bbox 2026 1854 3666 1938">
     <span class='ocr_line' id='line_1_74' title="bbox 2026 1854 3666 1938; baseline 0.009 -30"><span class='ocrx_word' id='word_1_538' title='bbox 2026 1860 2350 1924; x_wconf 87' lang='lat' dir='ltr'><strong>expertum.</strong></span> <span class='ocrx_word' id='word_1_539' title='bbox 2384 1854 2480 1909; x_wconf 90' lang='lat' dir='ltr'><strong>Bis</strong></span> <span class='ocrx_word' id='word_1_540' title='bbox 2513 1855 2708 1928; x_wconf 89' lang='lat' dir='ltr'><strong>itaque</strong></span> <span class='ocrx_word' id='word_1_541' title='bbox 2739 1863 2798 1912; x_wconf 90' lang='lat' dir='ltr'><strong>et</strong></span> <span class='ocrx_word' id='word_1_542' title='bbox 2831 1866 2915 1912; x_wconf 89' lang='lat' dir='ltr'><strong>ter</strong></span> <span class='ocrx_word' id='word_1_543' title='bbox 2944 1871 3156 1916; x_wconf 89' lang='lat' dir='ltr'><strong>veslem</strong></span> <span class='ocrx_word' id='word_1_544' title='bbox 3201 1865 3438 1920; x_wconf 87' lang='lat' dir='ltr'><strong>naribus</strong></span> <span class='ocrx_word' id='word_1_545' title='bbox 3469 1867 3666 1938; x_wconf 82' lang='lat' dir='ltr'><strong>appli-</strong></span> 
     </span>
    </p>
   </div>
   <div class='ocr_carea' id='block_1_75' title="bbox 2025 1945 3666 2025">
    <p class='ocr_par' dir='ltr' id='par_1_75' title="bbox 2025 1945 3666 2025">
     <span class='ocr_line' id='line_1_75' title="bbox 2025 1945 3666 2025; baseline 0.009 -27"><span class='ocrx_word' id='word_1_546' title='bbox 2025 1959 2184 2009; x_wconf 84' lang='lat' dir='ltr'><strong>cans,</strong></span> <span class='ocrx_word' id='word_1_547' title='bbox 2232 1959 2323 2012; x_wconf 91' lang='lat' dir='ltr'><strong>ne,</strong></span> <span class='ocrx_word' id='word_1_548' title='bbox 2378 1945 2513 1999; x_wconf 89' lang='lat' dir='ltr'><strong>licet</strong></span> <span class='ocrx_word' id='word_1_549' title='bbox 2561 1946 2873 2016; x_wconf 88' lang='lat' dir='ltr'><strong>respiraret</strong></span> <span class='ocrx_word' id='word_1_550' title='bbox 2919 1950 3156 2019; x_wconf 73' lang='lat' dir='ltr'><strong>saepius,</strong></span> <span class='ocrx_word' id='word_1_551' title='bbox 3189 1963 3530 2025; x_wconf 88' lang='lat' dir='ltr'><strong>corruptum</strong></span> <span class='ocrx_word' id='word_1_552' title='bbox 3564 1972 3666 2012; x_wconf 84' lang='lat' dir='ltr'><strong>no-</strong></span> 
     </span>
    </p>
   </div>
   <div class='ocr_carea' id='block_1_76' title="bbox 2023 2031 3668 2101">
    <p class='ocr_par' dir='ltr' id='par_1_76' title="bbox 2023 2031 3668 2101">
     <span class='ocr_line' id='line_1_76' title="bbox 2023 2031 3668 2101; baseline 0.007 -17"><span class='ocrx_word' id='word_1_553' title='bbox 2023 2031 2290 2100; x_wconf 87' lang='lat' dir='ltr'><strong>xiumque</strong></span> <span class='ocrx_word' id='word_1_554' title='bbox 2338 2046 2526 2091; x_wconf 85' lang='lat' dir='ltr'><strong>aerem</strong></span> <span class='ocrx_word' id='word_1_555' title='bbox 2577 2032 2912 2101; x_wconf 86' lang='lat' dir='ltr'><strong>attraheret,</strong></span> <span class='ocrx_word' id='word_1_556' title='bbox 2961 2035 3059 2089; x_wconf 90' lang='lat' dir='ltr'><strong>sed</strong></span> <span class='ocrx_word' id='word_1_557' title='bbox 3109 2052 3300 2092; x_wconf 85' lang='lat' dir='ltr'><strong>aerem</strong></span> <span class='ocrx_word' id='word_1_558' title='bbox 3348 2039 3566 2096; x_wconf 91' lang='lat' dir='ltr'><strong>bonum</strong></span> <span class='ocrx_word' id='word_1_559' title='bbox 3612 2048 3668 2096; x_wconf 90' lang='lat' dir='ltr'><strong>et</strong></span> 
     </span>
    </p>
   </div>
   <div class='ocr_carea' id='block_1_77' title="bbox 2025 2118 3666 2190">
    <p class='ocr_par' dir='ltr' id='par_1_77' title="bbox 2025 2118 3666 2190">
     <span class='ocr_line' id='line_1_77' title="bbox 2025 2118 3666 2190; baseline 0.008 -17"><span class='ocrx_word' id='word_1_560' title='bbox 2025 2118 2362 2184; x_wconf 88' lang='lat' dir='ltr'><strong>salutarem,</strong></span> <span class='ocrx_word' id='word_1_561' title='bbox 2390 2135 2563 2190; x_wconf 88' lang='lat' dir='ltr'><strong>quem</strong></span> <span class='ocrx_word' id='word_1_562' title='bbox 2595 2119 2830 2177; x_wconf 87' lang='lat' dir='ltr'><strong>aliunde</strong></span> <span class='ocrx_word' id='word_1_563' title='bbox 2859 2123 3181 2180; x_wconf 84' lang='lat' dir='ltr'><strong>adduxerat</strong></span> <span class='ocrx_word' id='word_1_564' title='bbox 3213 2127 3272 2181; x_wconf 92' lang='lat' dir='ltr'><strong>in</strong></span> <span class='ocrx_word' id='word_1_565' title='bbox 3322 2132 3478 2183; x_wconf 89' lang='lat' dir='ltr'><strong>veste</strong></span> <span class='ocrx_word' id='word_1_566' title='bbox 3528 2146 3666 2186; x_wconf 92' lang='lat' dir='ltr'><strong>con-</strong></span> 
     </span>
    </p>
   </div>
   <div class='ocr_carea' id='block_1_78' title="bbox 2025 2208 3666 2284">
    <p class='ocr_par' dir='ltr' id='par_1_78' title="bbox 2025 2208 3666 2284">
     <span class='ocr_line' id='line_1_78' title="bbox 2025 2208 3666 2284; baseline 0.007 -20"><span class='ocrx_word' id='word_1_567' title='bbox 2025 2209 2287 2275; x_wconf 89' lang='lat' dir='ltr'><strong>cludens,</strong></span> <span class='ocrx_word' id='word_1_568' title='bbox 2339 2208 2640 2280; x_wconf 89' lang='lat' dir='ltr'><strong>ingressus</strong></span> <span class='ocrx_word' id='word_1_569' title='bbox 2688 2214 2779 2266; x_wconf 88' lang='lat' dir='ltr'><strong>est</strong></span> <span class='ocrx_word' id='word_1_570' title='bbox 2835 2211 2893 2267; x_wconf 90' lang='lat' dir='ltr'><strong>in</strong></span> <span class='ocrx_word' id='word_1_571' title='bbox 2946 2214 3285 2284; x_wconf 88' lang='lat' dir='ltr'><strong>speluncam</strong></span> <span class='ocrx_word' id='word_1_572' title='bbox 3343 2223 3666 2275; x_wconf 88' lang='lat' dir='ltr'><strong>scatentem</strong></span> 
     </span>
    </p>
   </div>
   <div class='ocr_carea' id='block_1_79' title="bbox 2026 2297 3666 2378">
    <p class='ocr_par' dir='ltr' id='par_1_79' title="bbox 2026 2297 3666 2378">
     <span class='ocr_line' id='line_1_79' title="bbox 2026 2297 3666 2378; baseline 0.007 -25"><span class='ocrx_word' id='word_1_573' title='bbox 2026 2297 2230 2353; x_wconf 86' lang='lat' dir='ltr'><strong>calidis</strong></span> <span class='ocrx_word' id='word_1_574' title='bbox 2260 2297 2449 2369; x_wconf 83' lang='lat' dir='ltr'><strong>aquis,</strong></span> <span class='ocrx_word' id='word_1_575' title='bbox 2482 2315 2735 2370; x_wconf 86' lang='lat' dir='ltr'><strong>sequens</strong></span> <span class='ocrx_word' id='word_1_576' title='bbox 2764 2316 2994 2372; x_wconf 88' lang='lat' dir='ltr'><strong>semper</strong></span> <span class='ocrx_word' id='word_1_577' title='bbox 3043 2303 3256 2360; x_wconf 87' lang='lat' dir='ltr'><strong>inviam</strong></span> <span class='ocrx_word' id='word_1_578' title='bbox 3307 2307 3666 2378; x_wconf 82' lang='lat' dir='ltr'><strong>voraginem,</strong></span> 
     </span>
    </p>
   </div>
   <div class='ocr_carea' id='block_1_80' title="bbox 2026 2387 3668 2459">
    <p class='ocr_par' dir='ltr' id='par_1_80' title="bbox 2026 2387 3668 2459">
     <span class='ocr_line' id='line_1_80' title="bbox 2026 2387 3668 2459; baseline 0.008 -18"><span class='ocrx_word' id='word_1_579' title='bbox 2026 2395 2080 2441; x_wconf 90' lang='lat' dir='ltr'><strong>et</strong></span> <span class='ocrx_word' id='word_1_580' title='bbox 2127 2387 2199 2442; x_wconf 88' lang='lat' dir='ltr'><strong>ad</strong></span> <span class='ocrx_word' id='word_1_581' title='bbox 2245 2388 2419 2442; x_wconf 83' lang='lat' dir='ltr'><strong>finem</strong></span> <span class='ocrx_word' id='word_1_582' title='bbox 2469 2387 2787 2444; x_wconf 90' lang='lat' dir='ltr'><strong>descensus</strong></span> <span class='ocrx_word' id='word_1_583' title='bbox 2834 2394 3114 2459; x_wconf 85' lang='lat' dir='ltr'><strong>pervenit.</strong></span> <span class='ocrx_word' id='word_1_584' title='bbox 3164 2393 3270 2450; x_wconf 87' lang='lat' dir='ltr'><strong>Via</strong></span> <span class='ocrx_word' id='word_1_585' title='bbox 3326 2397 3479 2450; x_wconf 90' lang='lat' dir='ltr'><strong>enim</strong></span> <span class='ocrx_word' id='word_1_586' title='bbox 3516 2398 3668 2454; x_wconf 85' lang='lat' dir='ltr'><strong>circa</strong></span> 
     </span>
    </p>
   </div>
   <div class='ocr_carea' id='block_1_81' title="bbox 2027 2477 3668 2549">
    <p class='ocr_par' dir='ltr' id='par_1_81' title="bbox 2027 2477 3668 2549">
     <span class='ocr_line' id='line_1_81' title="bbox 2027 2477 3668 2549; baseline 0.005 -17"><span class='ocrx_word' id='word_1_587' title='bbox 2027 2477 2479 2548; x_wconf 80' lang='lat' dir='ltr'><strong>profunditatem</strong></span> <span class='ocrx_word' id='word_1_588' title='bbox 2511 2479 2761 2549; x_wconf 86' lang='lat' dir='ltr'><strong>abrupta</strong></span> <span class='ocrx_word' id='word_1_589' title='bbox 2790 2490 2874 2536; x_wconf 87' lang='lat' dir='ltr'><strong>est</strong></span> <span class='ocrx_word' id='word_1_590' title='bbox 2910 2498 2922 2536; x_wconf 92' lang='lat'>:</span> <span class='ocrx_word' id='word_1_591' title='bbox 2955 2487 3012 2536; x_wconf 89' lang='lat' dir='ltr'><strong>at</strong></span> <span class='ocrx_word' id='word_1_592' title='bbox 3043 2488 3180 2538; x_wconf 88' lang='lat' dir='ltr'><strong>tunc</strong></span> <span class='ocrx_word' id='word_1_593' title='bbox 3220 2485 3293 2540; x_wconf 92' lang='lat' dir='ltr'><strong>ob</strong></span> <span class='ocrx_word' id='word_1_594' title='bbox 3343 2485 3668 2542; x_wconf 89' lang='lat' dir='ltr'><strong>multitudi-</strong></span> 
     </span>
    </p>
   </div>
   <div class='ocr_carea' id='block_1_82' title="bbox 2028 2568 3668 2637">
    <p class='ocr_par' dir='ltr' id='par_1_82' title="bbox 2028 2568 3668 2637">
     <span class='ocr_line' id='line_1_82' title="bbox 2028 2568 3668 2637; baseline 0.004 -15"><span class='ocrx_word' id='word_1_595' title='bbox 2028 2584 2161 2623; x_wconf 90' lang='lat' dir='ltr'><strong>nem</strong></span> <span class='ocrx_word' id='word_1_596' title='bbox 2211 2583 2495 2637; x_wconf 84' lang='lat' dir='ltr'><strong>aquarum</strong></span> <span class='ocrx_word' id='word_1_597' title='bbox 2544 2568 2716 2624; x_wconf 87' lang='lat' dir='ltr'><strong>etiam</strong></span> <span class='ocrx_word' id='word_1_598' title='bbox 2767 2569 2984 2626; x_wconf 86' lang='lat' dir='ltr'><strong>homini</strong></span> <span class='ocrx_word' id='word_1_599' title='bbox 3039 2572 3193 2627; x_wconf 87' lang='lat' dir='ltr'><strong>invia</strong></span> <span class='ocrx_word' id='word_1_600' title='bbox 3240 2578 3380 2628; x_wconf 87' lang='lat' dir='ltr'><strong>erat.</strong></span> <span class='ocrx_word' id='word_1_601' title='bbox 3427 2575 3536 2630; x_wconf 89' lang='lat' dir='ltr'><strong>Sed</strong></span> <span class='ocrx_word' id='word_1_602' title='bbox 3571 2577 3668 2629; x_wconf 90' lang='lat' dir='ltr'><strong>de-</strong></span> 
     </span>
    </p>
   </div>
   <div class='ocr_carea' id='block_1_83' title="bbox 2028 2656 3669 2730">
    <p class='ocr_par' dir='ltr' id='par_1_83' title="bbox 2028 2656 3669 2730">
     <span class='ocr_line' id='line_1_83' title="bbox 2028 2656 3669 2730; baseline 0.004 -18"><span class='ocrx_word' id='word_1_603' title='bbox 2028 2673 2264 2713; x_wconf 88' lang='lat' dir='ltr'><strong>scensor</strong></span> <span class='ocrx_word' id='word_1_604' title='bbox 2297 2656 2529 2711; x_wconf 80' lang='lat' dir='ltr'><strong>fatidico</strong></span> <span class='ocrx_word' id='word_1_605' title='bbox 2563 2658 2755 2712; x_wconf 86' lang='lat' dir='ltr'><strong>furore</strong></span> <span class='ocrx_word' id='word_1_606' title='bbox 2784 2663 3086 2730; x_wconf 90' lang='lat' dir='ltr'><strong>correptus</strong></span> <span class='ocrx_word' id='word_1_607' title='bbox 3125 2661 3196 2716; x_wconf 88' lang='lat' dir='ltr'><strong>ad</strong></span> <span class='ocrx_word' id='word_1_608' title='bbox 3247 2663 3421 2717; x_wconf 85' lang='lat' dir='ltr'><strong>tinem</strong></span> <span class='ocrx_word' id='word_1_609' title='bbox 3470 2679 3669 2719; x_wconf 85' lang='lat' dir='ltr'><strong>acces-</strong></span> 
     </span>
    </p>
   </div>
   <div class='ocr_carea' id='block_1_84' title="bbox 2029 2745 3668 2819">
    <p class='ocr_par' dir='ltr' id='par_1_84' title="bbox 2029 2745 3668 2819">
     <span class='ocr_line' id='line_1_84' title="bbox 2029 2745 3668 2819; baseline 0.005 -19"><span class='ocrx_word' id='word_1_610' title='bbox 2029 2747 2126 2800; x_wconf 89' lang='lat' dir='ltr'><strong>sit.</strong></span> <span class='ocrx_word' id='word_1_611' title='bbox 2159 2745 2608 2816; x_wconf 90' lang='lat' dir='ltr'><strong>Asclepiodotus</strong></span> <span class='ocrx_word' id='word_1_612' title='bbox 2650 2745 2830 2817; x_wconf 80' lang='lat' dir='ltr'><strong>igitur</strong></span> <span class='ocrx_word' id='word_1_613' title='bbox 2875 2749 3159 2819; x_wconf 88' lang='lat' dir='ltr'><strong>sapientia</strong></span> <span class='ocrx_word' id='word_1_614' title='bbox 3205 2768 3310 2805; x_wconf 90' lang='lat' dir='ltr'><strong>sua</strong></span> <span class='ocrx_word' id='word_1_615' title='bbox 3359 2752 3668 2808; x_wconf 84' lang='lat' dir='ltr'><strong>incolumis</strong></span> 
     </span>
    </p>
   </div>
   <div class='ocr_carea' id='block_1_85' title="bbox 2029 2833 3668 2906">
    <p class='ocr_par' dir='ltr' id='par_1_85' title="bbox 2029 2833 3668 2906">
     <span class='ocr_line' id='line_1_85' title="bbox 2029 2833 3668 2906; baseline 0.004 -17"><span class='ocrx_word' id='word_1_616' title='bbox 2029 2833 2166 2889; x_wconf 90' lang='lat' dir='ltr'><strong>hinc</strong></span> <span class='ocrx_word' id='word_1_617' title='bbox 2196 2834 2398 2899; x_wconf 87' lang='lat' dir='ltr'><strong>evasit,</strong></span> <span class='ocrx_word' id='word_1_618' title='bbox 2431 2835 2530 2888; x_wconf 90' lang='lat' dir='ltr'><strong>sed</strong></span> <span class='ocrx_word' id='word_1_619' title='bbox 2587 2840 2644 2889; x_wconf 89' lang='lat' dir='ltr'><strong>et</strong></span> <span class='ocrx_word' id='word_1_620' title='bbox 2692 2842 2889 2904; x_wconf 91' lang='lat' dir='ltr'><strong>postea</strong></span> <span class='ocrx_word' id='word_1_621' title='bbox 2931 2838 3202 2906; x_wconf 87' lang='lat' dir='ltr'><strong>spiritum</strong></span> <span class='ocrx_word' id='word_1_622' title='bbox 3254 2839 3450 2895; x_wconf 90' lang='lat' dir='ltr'><strong>lethali</strong></span> <span class='ocrx_word' id='word_1_623' title='bbox 3502 2841 3668 2897; x_wconf 86' lang='lat' dir='ltr'><strong>simi-</strong></span> 
     </span>
    </p>
   </div>
   <div class='ocr_carea' id='block_1_86' title="bbox 2028 2922 3668 2998">
    <p class='ocr_par' dir='ltr' id='par_1_86' title="bbox 2028 2922 3668 2998">
     <span class='ocr_line' id='line_1_86' title="bbox 2028 2922 3668 2998; baseline 0.005 -20"><span class='ocrx_word' id='word_1_624' title='bbox 2028 2923 2142 2978; x_wconf 90' lang='lat' dir='ltr'><strong>lem</strong></span> <span class='ocrx_word' id='word_1_625' title='bbox 2175 2939 2205 2977; x_wconf 92' lang='lat' dir='ltr'><strong>e</strong></span> <span class='ocrx_word' id='word_1_626' title='bbox 2235 2922 2409 2978; x_wconf 90' lang='lat' dir='ltr'><strong>variis</strong></span> <span class='ocrx_word' id='word_1_627' title='bbox 2440 2923 2738 2992; x_wconf 85' lang='lat' dir='ltr'><strong>speciebus</strong></span> <span class='ocrx_word' id='word_1_628' title='bbox 2769 2925 3134 2982; x_wconf 90' lang='lat' dir='ltr'><strong>miscendum</strong></span> <span class='ocrx_word' id='word_1_629' title='bbox 3175 2929 3540 2998; x_wconf 80' lang='lat' dir='ltr'><strong>excogitavit,</strong></span> <span class='ocrx_word' id='word_1_630' title='bbox 3574 2946 3668 2986; x_wconf 88' lang='lat' dir='ltr'><strong>nc-</strong></span> 
     </span>
    </p>
   </div>
   <div class='ocr_carea' id='block_1_87' title="bbox 2029 3011 3666 3087">
    <p class='ocr_par' dir='ltr' id='par_1_87' title="bbox 2029 3011 3666 3087">
     <span class='ocr_line' id='line_1_87' title="bbox 2029 3011 3666 3087; baseline 0.006 -22"><span class='ocrx_word' id='word_1_631' title='bbox 2029 3011 2260 3084; x_wconf 87' lang='lat' dir='ltr'><strong>gligens</strong></span> <span class='ocrx_word' id='word_1_632' title='bbox 2290 3018 2345 3068; x_wconf 91' lang='lat' dir='ltr'><strong>et</strong></span> <span class='ocrx_word' id='word_1_633' title='bbox 2368 3011 2849 3085; x_wconf 86' lang='lat' dir='ltr'><strong>philosophorum</strong></span> <span class='ocrx_word' id='word_1_634' title='bbox 2877 3018 3176 3070; x_wconf 88' lang='lat' dir='ltr'><strong>sacerdotu</strong></span> <span class='ocrx_word' id='word_1_635' title='bbox 3189 3033 3362 3087; x_wconf 87' lang='lat' dir='ltr'><strong>mque</strong></span> <span class='ocrx_word' id='word_1_636' title='bbox 3385 3018 3666 3085; x_wconf 90' lang='lat' dir='ltr'><strong>rationes,</strong></span> 
     </span>
    </p>
   </div>
   <div class='ocr_carea' id='block_1_88' title="bbox 2029 3103 3668 3179">
    <p class='ocr_par' dir='ltr' id='par_1_88' title="bbox 2029 3103 3668 3179">
     <span class='ocr_line' id='line_1_88' title="bbox 2029 3103 3668 3179; baseline 0.004 -22"><span class='ocrx_word' id='word_1_637' title='bbox 2029 3103 2174 3158; x_wconf 88' lang='lat' dir='ltr'><strong>nihil</strong></span> <span class='ocrx_word' id='word_1_638' title='bbox 2223 3119 2394 3157; x_wconf 85' lang='lat' dir='ltr'><strong>secus</strong></span> <span class='ocrx_word' id='word_1_639' title='bbox 2443 3108 2617 3174; x_wconf 89' lang='lat' dir='ltr'><strong>atque</strong></span> <span class='ocrx_word' id='word_1_640' title='bbox 2664 3103 2955 3177; x_wconf 86' lang='lat' dir='ltr'><strong>Mysorum</strong></span> <span class='ocrx_word' id='word_1_641' title='bbox 3016 3106 3422 3179; x_wconf 67' lang='lat' dir='ltr'><strong>Phrygumque</strong></span> <span class='ocrx_word' id='word_1_642' title='bbox 3466 3109 3668 3164; x_wconf 75' lang='lat' dir='ltr'><strong>dictu:</strong></span> 
     </span>
    </p>
   </div>
   <div class='ocr_carea' id='block_1_89' title="bbox 2029 3191 3672 3262">
    <p class='ocr_par' dir='ltr' id='par_1_89' title="bbox 2029 3191 3672 3262">
     <span class='ocr_line' id='line_1_89' title="bbox 2029 3191 3672 3262; baseline 0.003 -16"><span class='ocrx_word' id='word_1_643' title='bbox 2029 3192 2127 3246; x_wconf 88' lang='lat' dir='ltr'><strong>sed</strong></span> <span class='ocrx_word' id='word_1_644' title='bbox 2163 3197 2353 3245; x_wconf 89' lang='lat' dir='ltr'><strong>tamen</strong></span> <span class='ocrx_word' id='word_1_645' title='bbox 2388 3191 2669 3246; x_wconf 85' lang='lat' dir='ltr'><strong>Patricius</strong></span> <span class='ocrx_word' id='word_1_646' title='bbox 2698 3209 2881 3248; x_wconf 86' lang='lat' dir='ltr'><strong>ausus</strong></span> <span class='ocrx_word' id='word_1_647' title='bbox 2912 3193 3021 3248; x_wconf 87' lang='lat' dir='ltr'><strong>fuit</strong></span> <span class='ocrx_word' id='word_1_648' title='bbox 3050 3196 3252 3250; x_wconf 89' lang='lat' dir='ltr'><strong>eodem</strong></span> <span class='ocrx_word' id='word_1_649' title='bbox 3299 3199 3500 3250; x_wconf 89' lang='lat' dir='ltr'><strong>contra</strong></span> <span class='ocrx_word' id='word_1_650' title='bbox 3552 3195 3672 3262; x_wconf 86' lang='lat' dir='ltr'><strong>phi-</strong></span> 
     </span>
    </p>
   </div>
   <div class='ocr_carea' id='block_1_90' title="bbox 2028 3280 3669 3358">
    <p class='ocr_par' dir='ltr' id='par_1_90' title="bbox 2028 3280 3669 3358">
     <span class='ocr_line' id='line_1_90' title="bbox 2028 3280 3669 3358; baseline 0.004 -24"><span class='ocrx_word' id='word_1_651' title='bbox 2028 3280 2405 3351; x_wconf 85' lang='lat' dir='ltr'><strong>losophorum</strong></span> <span class='ocrx_word' id='word_1_652' title='bbox 2440 3280 2666 3336; x_wconf 86' lang='lat' dir='ltr'><strong>decreta</strong></span> <span class='ocrx_word' id='word_1_653' title='bbox 2699 3298 2950 3354; x_wconf 85' lang='lat' dir='ltr'><strong>pergere.</strong></span> <span class='ocrx_word' id='word_1_654' title='bbox 2986 3283 3262 3347; x_wconf 66' lang='lat' dir='ltr'><strong>Quaedam</strong></span> <span class='ocrx_word' id='word_1_655' title='bbox 3309 3284 3452 3339; x_wconf 81' lang='lat' dir='ltr'><strong>dixit</strong></span> <span class='ocrx_word' id='word_1_656' title='bbox 3487 3302 3500 3338; x_wconf 90' lang='lat'>:</span> <span class='ocrx_word' id='word_1_657' title='bbox 3551 3285 3669 3358; x_wconf 88' lang='lat' dir='ltr'><strong>Ego</strong></span> 
     </span>
    </p>
   </div>
   <div class='ocr_carea' id='block_1_91' title="bbox 2029 3370 3668 3442">
    <p class='ocr_par' dir='ltr' id='par_1_91' title="bbox 2029 3370 3668 3442">
     <span class='ocr_line' id='line_1_91' title="bbox 2029 3370 3668 3442; baseline 0.004 -20"><span class='ocrx_word' id='word_1_658' title='bbox 2029 3370 2275 3440; x_wconf 87' lang='lat' dir='ltr'><strong>agrestis</strong></span> <span class='ocrx_word' id='word_1_659' title='bbox 2319 3375 2377 3424; x_wconf 89' lang='lat' dir='ltr'><strong>et</strong></span> <span class='ocrx_word' id='word_1_660' title='bbox 2419 3371 2641 3425; x_wconf 90' lang='lat' dir='ltr'><strong>rustica</strong></span> <span class='ocrx_word' id='word_1_661' title='bbox 2688 3385 2840 3425; x_wconf 80' lang='lat' dir='ltr'><strong>sum.</strong></span> <span class='ocrx_word' id='word_1_662' title='bbox 2889 3372 2994 3426; x_wconf 91' lang='lat' dir='ltr'><strong>Sed</strong></span> <span class='ocrx_word' id='word_1_663' title='bbox 3044 3385 3290 3442; x_wconf 89' lang='lat' dir='ltr'><strong>surgens</strong></span> <span class='ocrx_word' id='word_1_664' title='bbox 3339 3388 3369 3426; x_wconf 83' lang='grc' dir='ltr'>θ</span> <span class='ocrx_word' id='word_1_665' title='bbox 3439 3390 3668 3440; x_wconf 89' lang='lat' dir='ltr'><strong>somno,</strong></span> 
     </span>
    </p>
   </div>
   <div class='ocr_carea' id='block_1_92' title="bbox 2029 3458 3669 3528">
    <p class='ocr_par' dir='ltr' id='par_1_92' title="bbox 2029 3458 3669 3528">
     <span class='ocr_line' id='line_1_92' title="bbox 2029 3458 3669 3528; baseline 0.002 -14"><span class='ocrx_word' id='word_1_666' title='bbox 2029 3467 2083 3514; x_wconf 85' lang='lat' dir='ltr'><strong>et</strong></span> <span class='ocrx_word' id='word_1_667' title='bbox 2113 3459 2390 3525; x_wconf 85' lang='lat' dir='ltr'><strong>innitens,</strong></span> <span class='ocrx_word' id='word_1_668' title='bbox 2417 3458 2625 3528; x_wconf 76' lang='lat' dir='ltr'><strong>inquit,</strong></span> <span class='ocrx_word' id='word_1_669' title='bbox 2658 3458 2927 3526; x_wconf 88' lang='lat' dir='ltr'><strong>scabello,</strong></span> <span class='ocrx_word' id='word_1_670' title='bbox 2974 3459 3158 3516; x_wconf 87' lang='lat' dir='ltr'><strong>civilis</strong></span> <span class='ocrx_word' id='word_1_671' title='bbox 3207 3468 3266 3516; x_wconf 91' lang='lat' dir='ltr'><strong>et</strong></span> <span class='ocrx_word' id='word_1_672' title='bbox 3311 3461 3496 3517; x_wconf 89' lang='lat' dir='ltr'><strong>comis</strong></span> <span class='ocrx_word' id='word_1_673' title='bbox 3542 3463 3669 3528; x_wconf 82' lang='lat' dir='ltr'><strong>fuit,</strong></span> 
     </span>
    </p>
   </div>
   <div class='ocr_carea' id='block_1_93' title="bbox 2031 3549 3670 3623">
    <p class='ocr_par' dir='ltr' id='par_1_93' title="bbox 2031 3549 3670 3623">
     <span class='ocr_line' id='line_1_93' title="bbox 2031 3549 3670 3623; baseline 0.004 -21"><span class='ocrx_word' id='word_1_674' title='bbox 2031 3563 2144 3603; x_wconf 91' lang='lat' dir='ltr'><strong>non</strong></span> <span class='ocrx_word' id='word_1_675' title='bbox 2176 3552 2367 3603; x_wconf 88' lang='lat' dir='ltr'><strong>solum</strong></span> <span class='ocrx_word' id='word_1_676' title='bbox 2400 3549 2456 3602; x_wconf 92' lang='lat' dir='ltr'><strong>in</strong></span> <span class='ocrx_word' id='word_1_677' title='bbox 2490 3549 2661 3616; x_wconf 89' lang='lat' dir='ltr'><strong>serio,</strong></span> <span class='ocrx_word' id='word_1_678' title='bbox 2695 3551 2792 3603; x_wconf 89' lang='lat' dir='ltr'><strong>sed</strong></span> <span class='ocrx_word' id='word_1_679' title='bbox 2828 3551 3004 3604; x_wconf 89' lang='lat' dir='ltr'><strong>etiam</strong></span> <span class='ocrx_word' id='word_1_680' title='bbox 3033 3551 3087 3604; x_wconf 92' lang='lat' dir='ltr'><strong>in</strong></span> <span class='ocrx_word' id='word_1_681' title='bbox 3115 3550 3324 3622; x_wconf 89' lang='lat' dir='ltr'><strong>puerili</strong></span> <span class='ocrx_word' id='word_1_682' title='bbox 3354 3551 3670 3623; x_wconf 82' lang='lat' dir='ltr'><strong>aliquando</strong></span> 
     </span>
    </p>
   </div>
   <div class='ocr_carea' id='block_1_94' title="bbox 2028 3637 3669 3709">
    <p class='ocr_par' dir='ltr' id='par_1_94' title="bbox 2028 3637 3669 3709">
     <span class='ocr_line' id='line_1_94' title="bbox 2028 3637 3669 3709; baseline 0.004 -19"><span class='ocrx_word' id='word_1_683' title='bbox 2028 3637 2336 3708; x_wconf 91' lang='lat' dir='ltr'><strong>colloquio,</strong></span> <span class='ocrx_word' id='word_1_684' title='bbox 2385 3641 2447 3690; x_wconf 88' lang='lat' dir='ltr'><strong>ut</strong></span> <span class='ocrx_word' id='word_1_685' title='bbox 2488 3645 2542 3692; x_wconf 92' lang='lat' dir='ltr'><strong>et</strong></span> <span class='ocrx_word' id='word_1_686' title='bbox 2591 3638 3053 3707; x_wconf 76' lang='lat' dir='ltr'><strong>iucundissimus</strong></span> <span class='ocrx_word' id='word_1_687' title='bbox 3104 3655 3238 3694; x_wconf 90' lang='lat' dir='ltr'><strong>cum</strong></span> <span class='ocrx_word' id='word_1_688' title='bbox 3288 3640 3505 3709; x_wconf 88' lang='lat' dir='ltr'><strong>quibus</strong></span> <span class='ocrx_word' id='word_1_689' title='bbox 3541 3657 3669 3696; x_wconf 89' lang='lat' dir='ltr'><strong>ver-</strong></span> 
     </span>
    </p>
   </div>
   <div class='ocr_carea' id='block_1_95' title="bbox 2028 3726 3668 3793">
    <p class='ocr_par' dir='ltr' id='par_1_95' title="bbox 2028 3726 3668 3793">
     <span class='ocr_line' id='line_1_95' title="bbox 2028 3726 3668 3793; baseline 0.002 -14"><span class='ocrx_word' id='word_1_690' title='bbox 2028 3733 2277 3793; x_wconf 88' lang='lat' dir='ltr'><strong>saretur,</strong></span> <span class='ocrx_word' id='word_1_691' title='bbox 2330 3743 2462 3780; x_wconf 88' lang='lat' dir='ltr'><strong>cum</strong></span> <span class='ocrx_word' id='word_1_692' title='bbox 2515 3726 2761 3781; x_wconf 86' lang='lat' dir='ltr'><strong>utilitate</strong></span> <span class='ocrx_word' id='word_1_693' title='bbox 2807 3731 2980 3782; x_wconf 86' lang='lat' dir='ltr'><strong>esset.</strong></span> <span class='ocrx_word' id='word_1_694' title='bbox 3033 3726 3216 3781; x_wconf 89' lang='lat' dir='ltr'><strong>Deum</strong></span> <span class='ocrx_word' id='word_1_695' title='bbox 3276 3727 3563 3784; x_wconf 89' lang='lat' dir='ltr'><strong>invocavit</strong></span> <span class='ocrx_word' id='word_1_696' title='bbox 3611 3729 3668 3783; x_wconf 92' lang='lat' dir='ltr'><strong>in</strong></span> 
     </span>
    </p>
   </div>
   <div class='ocr_carea' id='block_1_96' title="bbox 2029 3815 3670 3887">
    <p class='ocr_par' dir='ltr' id='par_1_96' title="bbox 2029 3815 3670 3887">
     <span class='ocr_line' id='line_1_96' title="bbox 2029 3815 3670 3887; baseline 0.002 -18"><span class='ocrx_word' id='word_1_697' title='bbox 2029 3815 2183 3886; x_wconf 88' lang='lat' dir='ltr'><strong>gravi</strong></span> <span class='ocrx_word' id='word_1_698' title='bbox 2218 3815 2496 3886; x_wconf 87' lang='lat' dir='ltr'><strong>periculo,</strong></span> <span class='ocrx_word' id='word_1_699' title='bbox 2529 3820 2593 3870; x_wconf 88' lang='lat' dir='ltr'><strong>ut</strong></span> <span class='ocrx_word' id='word_1_700' title='bbox 2623 3821 2943 3871; x_wconf 87' lang='lat' dir='ltr'><strong>cataractas</strong></span> <span class='ocrx_word' id='word_1_701' title='bbox 2973 3831 3260 3886; x_wconf 88' lang='lat' dir='ltr'><strong>aquarum</strong></span> <span class='ocrx_word' id='word_1_702' title='bbox 3303 3833 3433 3887; x_wconf 72' lang='lat' dir='ltr'><strong>qum</strong></span> <span class='ocrx_word' id='word_1_703' title='bbox 3481 3817 3670 3872; x_wconf 89' lang='lat' dir='ltr'><strong>adhuc</strong></span> 
     </span>
    </p>
   </div>
   <div class='ocr_carea' id='block_1_97' title="bbox 2030 3904 3671 3976">
    <p class='ocr_par' dir='ltr' id='par_1_97' title="bbox 2030 3904 3671 3976">
     <span class='ocr_line' id='line_1_97' title="bbox 2030 3904 3671 3976; baseline 0.003 -19"><span class='ocrx_word' id='word_1_704' title='bbox 2030 3909 2333 3968; x_wconf 85' lang='lat' dir='ltr'><strong>restarent,</strong></span> <span class='ocrx_word' id='word_1_705' title='bbox 2382 3908 2686 3959; x_wconf 86' lang='lat' dir='ltr'><strong>amoveret.</strong></span> <span class='ocrx_word' id='word_1_706' title='bbox 2733 3908 2973 3958; x_wconf 80' lang='lat' dir='ltr'><strong>Uxorem</strong></span> <span class='ocrx_word' id='word_1_707' title='bbox 3021 3904 3266 3959; x_wconf 81' lang='lat' dir='ltr'><strong>vicinam</strong></span> <span class='ocrx_word' id='word_1_708' title='bbox 3318 3907 3507 3976; x_wconf 84' lang='lat' dir='ltr'><strong>partui</strong></span> <span class='ocrx_word' id='word_1_709' title='bbox 3555 3923 3671 3962; x_wconf 90' lang='lat' dir='ltr'><strong>una</strong></span> 
     </span>
    </p>
   </div>
   <div class='ocr_carea' id='block_1_98' title="bbox 2029 3987 3672 4061">
    <p class='ocr_par' dir='ltr' id='par_1_98' title="bbox 2029 3987 3672 4061">
     <span class='ocr_line' id='line_1_98' title="bbox 2029 3987 3672 4061; baseline 0.003 -19"><span class='ocrx_word' id='word_1_710' title='bbox 2029 3987 2285 4043; x_wconf 84' lang='lat' dir='ltr'><strong>adduxit.</strong></span> <span class='ocrx_word' id='word_1_711' title='bbox 2340 3987 2548 4043; x_wconf 86' lang='lat' dir='ltr'><strong>Adhuc</strong></span> <span class='ocrx_word' id='word_1_712' title='bbox 2597 3988 2654 4043; x_wconf 91' lang='lat' dir='ltr'><strong>in</strong></span> <span class='ocrx_word' id='word_1_713' title='bbox 2704 3988 2930 4059; x_wconf 90' lang='lat' dir='ltr'><strong>sponda</strong></span> <span class='ocrx_word' id='word_1_714' title='bbox 2971 3989 3188 4058; x_wconf 84' lang='lat' dir='ltr'><strong>jacenti</strong></span> <span class='ocrx_word' id='word_1_715' title='bbox 3236 3991 3480 4061; x_wconf 85' lang='lat' dir='ltr'><strong>contigit</strong></span> <span class='ocrx_word' id='word_1_716' title='bbox 3522 3991 3609 4044; x_wconf 90' lang='lat' dir='ltr'><strong>illi</strong></span> <span class='ocrx_word' id='word_1_717' title='bbox 3641 4008 3672 4047; x_wconf 91' lang='lat' dir='ltr'><strong>e</strong></span> 
     </span>
    </p>
   </div>
   <div class='ocr_carea' id='block_1_99' title="bbox 2028 4076 3674 4152">
    <p class='ocr_par' dir='ltr' id='par_1_99' title="bbox 2028 4076 3674 4152">
     <span class='ocr_line' id='line_1_99' title="bbox 2028 4076 3674 4152; baseline 0.003 -21"><span class='ocrx_word' id='word_1_718' title='bbox 2028 4076 2272 4148; x_wconf 82' lang='lat' dir='ltr'><strong>vestigio</strong></span> <span class='ocrx_word' id='word_1_719' title='bbox 2327 4078 2497 4131; x_wconf 87' lang='lat' dir='ltr'><strong>Dicen</strong></span> <span class='ocrx_word' id='word_1_720' title='bbox 2547 4076 2760 4145; x_wconf 88' lang='lat' dir='ltr'><strong>videre,</strong></span> <span class='ocrx_word' id='word_1_721' title='bbox 2811 4077 3100 4149; x_wconf 78' lang='lat' dir='ltr'><strong>egregiam</strong></span> <span class='ocrx_word' id='word_1_722' title='bbox 3181 4077 3446 4147; x_wconf 77' lang='lat' dir='ltr'><strong>puellam,</strong></span> <span class='ocrx_word' id='word_1_723' title='bbox 3506 4095 3674 4152; x_wconf 77' lang='lat' dir='ltr'><strong>expe~</strong></span> 
     </span>
    </p>
   </div>
   <div class='ocr_carea' id='block_1_100' title="bbox 2031 4165 3670 4234">
    <p class='ocr_par' dir='ltr' id='par_1_100' title="bbox 2031 4165 3670 4234">
     <span class='ocr_line' id='line_1_100' title="bbox 2031 4165 3670 4234; baseline 0.002 -13"><span class='ocrx_word' id='word_1_724' title='bbox 2031 4166 2236 4231; x_wconf 89' lang='lat' dir='ltr'><strong>ditam,</strong></span> <span class='ocrx_word' id='word_1_725' title='bbox 2292 4166 2482 4223; x_wconf 71' lang='lat'><strong>845!)</strong></span> <span class='ocrx_word' id='word_1_726' title='bbox 2543 4165 2742 4221; x_wconf 90' lang='lat' dir='ltr'><strong>tunica</strong></span> <span class='ocrx_word' id='word_1_727' title='bbox 2785 4167 2907 4221; x_wconf 86' lang='lat' dir='ltr'><strong>sine</strong></span> <span class='ocrx_word' id='word_1_728' title='bbox 2960 4165 3220 4233; x_wconf 84' lang='lat' dir='ltr'><strong>manicis,</strong></span> <span class='ocrx_word' id='word_1_729' title='bbox 3273 4167 3408 4222; x_wconf 89' lang='lat' dir='ltr'><strong>lutei</strong></span> <span class='ocrx_word' id='word_1_730' title='bbox 3442 4167 3670 4234; x_wconf 88' lang='lat' dir='ltr'><strong>coloris,</strong></span> 
     </span>
    </p>
   </div>
   <div class='ocr_carea' id='block_1_101' title="bbox 2030 4254 3675 4329">
    <p class='ocr_par' dir='ltr' id='par_1_101' title="bbox 2030 4254 3675 4329">
     <span class='ocr_line' id='line_1_101' title="bbox 2030 4254 3675 4329; baseline 0.002 -18"><span class='ocrx_word' id='word_1_731' title='bbox 2030 4261 2086 4311; x_wconf 89' lang='lat' dir='ltr'><strong>et</strong></span> <span class='ocrx_word' id='word_1_732' title='bbox 2118 4256 2426 4327; x_wconf 87' lang='lat' dir='ltr'><strong>purpureis</strong></span> <span class='ocrx_word' id='word_1_733' title='bbox 2456 4254 2633 4310; x_wconf 88' lang='lat' dir='ltr'><strong>clavis</strong></span> <span class='ocrx_word' id='word_1_734' title='bbox 2662 4255 3024 4311; x_wconf 82' lang='lat' dir='ltr'><strong>exstantibus</strong></span> <span class='ocrx_word' id='word_1_735' title='bbox 3073 4257 3403 4313; x_wconf 86' lang='lat' dir='ltr'><strong>decoratam</strong></span> <span class='ocrx_word' id='word_1_736' title='bbox 3437 4274 3451 4311; x_wconf 91' lang='lat'><strong><em>:</em></strong></span> <span class='ocrx_word' id='word_1_737' title='bbox 3499 4264 3675 4329; x_wconf 90' lang='lat' dir='ltr'><strong>caput</strong></span> 
     </span>
    </p>
   </div>
   <div class='ocr_carea' id='block_1_102' title="bbox 2030 4343 3674 4416">
    <p class='ocr_par' dir='ltr' id='par_1_102' title="bbox 2030 4343 3674 4416">
     <span class='ocr_line' id='line_1_102' title="bbox 2030 4343 3674 4416; baseline 0.002 -17"><span class='ocrx_word' id='word_1_738' title='bbox 2030 4346 2172 4400; x_wconf 89' lang='lat' dir='ltr'><strong>vitta</strong></span> <span class='ocrx_word' id='word_1_739' title='bbox 2195 4344 2468 4416; x_wconf 86' lang='lat' dir='ltr'><strong>ligatum,</strong></span> <span class='ocrx_word' id='word_1_740' title='bbox 2488 4344 2614 4399; x_wconf 91' lang='lat' dir='ltr'><strong>sine</strong></span> <span class='ocrx_word' id='word_1_741' title='bbox 2633 4343 2910 4411; x_wconf 85' lang='lat' dir='ltr'><strong>amiculo,</strong></span> <span class='ocrx_word' id='word_1_742' title='bbox 2928 4344 3089 4400; x_wconf 91' lang='lat' dir='ltr'><strong>vultu</strong></span> <span class='ocrx_word' id='word_1_743' title='bbox 3115 4345 3379 4401; x_wconf 88' lang='lat' dir='ltr'><strong>nonnihil</strong></span> <span class='ocrx_word' id='word_1_744' title='bbox 3403 4361 3603 4403; x_wconf 89' lang='lat' dir='ltr'><strong>severo</strong></span> <span class='ocrx_word' id='word_1_745' title='bbox 3616 4352 3674 4403; x_wconf 87' lang='lat' dir='ltr'><strong>et</strong></span> 
     </span>
    </p>
   </div>
   <div class='ocr_carea' id='block_1_103' title="bbox 2032 4434 3671 4506">
    <p class='ocr_par' dir='ltr' id='par_1_103' title="bbox 2032 4434 3671 4506">
     <span class='ocr_line' id='line_1_103' title="bbox 2032 4434 3671 4506; baseline 0.002 -16"><span class='ocrx_word' id='word_1_746' title='bbox 2032 4436 2222 4490; x_wconf 82' lang='lat' dir='ltr'><strong>fronte</strong></span> <span class='ocrx_word' id='word_1_747' title='bbox 2248 4440 2561 4491; x_wconf 86' lang='lat' dir='ltr'><strong>contracta.</strong></span> <span class='ocrx_word' id='word_1_748' title='bbox 2592 4435 2714 4490; x_wconf 83' lang='lat' dir='ltr'><strong>Non</strong></span> <span class='ocrx_word' id='word_1_749' title='bbox 2737 4434 2955 4506; x_wconf 90' lang='lat' dir='ltr'><strong>aliquid</strong></span> <span class='ocrx_word' id='word_1_750' title='bbox 2980 4435 3048 4490; x_wconf 92' lang='lat' dir='ltr'><strong>ad</strong></span> <span class='ocrx_word' id='word_1_751' title='bbox 3077 4435 3262 4502; x_wconf 87' lang='lat' dir='ltr'><strong>illum,</strong></span> <span class='ocrx_word' id='word_1_752' title='bbox 3287 4436 3388 4493; x_wconf 81' lang='lat' dir='ltr'><strong>sed</strong></span> <span class='ocrx_word' id='word_1_753' title='bbox 3409 4443 3466 4492; x_wconf 89' lang='lat' dir='ltr'><strong>et</strong></span> <span class='ocrx_word' id='word_1_754' title='bbox 3489 4438 3558 4492; x_wconf 88' lang='lat' dir='ltr'><strong>ad</strong></span> <span class='ocrx_word' id='word_1_755' title='bbox 3586 4439 3671 4493; x_wconf 87' lang='lat' dir='ltr'><strong>in-</strong></span> 
     </span>
    </p>
   </div>
   <div class='ocr_carea' id='block_1_104' title="bbox 2032 4523 3674 4595">
    <p class='ocr_par' dir='ltr' id='par_1_104' title="bbox 2032 4523 3674 4595">
     <span class='ocr_line' id='line_1_104' title="bbox 2032 4523 3674 4595; baseline 0.001 -15"><span class='ocrx_word' id='word_1_756' title='bbox 2032 4525 2297 4580; x_wconf 89' lang='lat' dir='ltr'><strong>troitum.</strong></span> <span class='ocrx_word' id='word_1_757' title='bbox 2321 4523 2756 4595; x_wconf 86' lang='lat' dir='ltr'><strong>Asclepiodotus</strong></span> <span class='ocrx_word' id='word_1_758' title='bbox 2783 4523 2969 4579; x_wconf 90' lang='lat' dir='ltr'><strong>Procli</strong></span> <span class='ocrx_word' id='word_1_759' title='bbox 2992 4524 3404 4595; x_wconf 89' lang='lat' dir='ltr'><strong>discipulus,in</strong></span> <span class='ocrx_word' id='word_1_760' title='bbox 3425 4528 3674 4583; x_wconf 86' lang='lat' dir='ltr'><strong>summis</strong></span> 
     </span>
    </p>
   </div>
   <div class='ocr_carea' id='block_1_105' title="bbox 2031 4612 3674 4684">
    <p class='ocr_par' dir='ltr' id='par_1_105' title="bbox 2031 4612 3674 4684">
     <span class='ocr_line' id='line_1_105' title="bbox 2031 4612 3674 4684; baseline 0.001 -15"><span class='ocrx_word' id='word_1_761' title='bbox 2031 4614 2286 4670; x_wconf 90' lang='lat' dir='ltr'><strong>tenebris</strong></span> <span class='ocrx_word' id='word_1_762' title='bbox 2308 4614 2436 4670; x_wconf 89' lang='lat' dir='ltr'><strong>sine</strong></span> <span class='ocrx_word' id='word_1_763' title='bbox 2457 4613 2679 4668; x_wconf 90' lang='lat' dir='ltr'><strong>lumine</strong></span> <span class='ocrx_word' id='word_1_764' title='bbox 2702 4613 2861 4684; x_wconf 86' lang='lat' dir='ltr'><strong>legit,</strong></span> <span class='ocrx_word' id='word_1_765' title='bbox 2885 4618 3262 4684; x_wconf 89' lang='lat' dir='ltr'><strong>astantesque</strong></span> <span class='ocrx_word' id='word_1_766' title='bbox 3293 4612 3560 4671; x_wconf 89' lang='lat' dir='ltr'><strong>homines</strong></span> <span class='ocrx_word' id='word_1_767' title='bbox 3590 4616 3674 4670; x_wconf 91' lang='lat' dir='ltr'><strong>di-</strong></span> 
     </span>
    </p>
   </div>
   <div class='ocr_carea' id='block_1_106' title="bbox 2031 4703 3676 4777">
    <p class='ocr_par' dir='ltr' id='par_1_106' title="bbox 2031 4703 3676 4777">
     <span class='ocr_line' id='line_1_106' title="bbox 2031 4703 3676 4777; baseline 0.002 -18"><span class='ocrx_word' id='word_1_768' title='bbox 2031 4705 2251 4777; x_wconf 89' lang='lat' dir='ltr'><strong>gnovit.</strong></span> <span class='ocrx_word' id='word_1_769' title='bbox 2278 4705 2599 4776; x_wconf 83' lang='lat' dir='ltr'><strong>Aliquando</strong></span> <span class='ocrx_word' id='word_1_770' title='bbox 2623 4705 2816 4775; x_wconf 87' lang='lat' dir='ltr'><strong>itaque</strong></span> <span class='ocrx_word' id='word_1_771' title='bbox 2840 4703 2898 4759; x_wconf 90' lang='lat' dir='ltr'><strong>in</strong></span> <span class='ocrx_word' id='word_1_772' title='bbox 2923 4704 3092 4761; x_wconf 89' lang='lat' dir='ltr'><strong>Caria</strong></span> <span class='ocrx_word' id='word_1_773' title='bbox 3114 4706 3194 4759; x_wconf 90' lang='lat' dir='ltr'><strong>ait</strong></span> <span class='ocrx_word' id='word_1_774' title='bbox 3225 4719 3286 4758; x_wconf 89' lang='lat' dir='ltr'><strong>se</strong></span> <span class='ocrx_word' id='word_1_775' title='bbox 3327 4714 3504 4776; x_wconf 88' lang='lat' dir='ltr'><strong>caput</strong></span> <span class='ocrx_word' id='word_1_776' title='bbox 3550 4707 3676 4762; x_wconf 89' lang='lat' dir='ltr'><strong>dra-</strong></span> 
     </span>
    </p>
   </div>
   <div class='ocr_carea' id='block_1_107' title="bbox 2030 4793 3677 4866">
    <p class='ocr_par' dir='ltr' id='par_1_107' title="bbox 2030 4793 3677 4866">
     <span class='ocr_line' id='line_1_107' title="bbox 2030 4793 3677 4866; baseline -0.001 -16"><span class='ocrx_word' id='word_1_777' title='bbox 2030 4795 2194 4850; x_wconf 89' lang='lat' dir='ltr'><strong>conis</strong></span> <span class='ocrx_word' id='word_1_778' title='bbox 2221 4795 2278 4848; x_wconf 92' lang='lat' dir='ltr'><strong>in</strong></span> <span class='ocrx_word' id='word_1_779' title='bbox 2298 4811 2501 4866; x_wconf 86' lang='lat' dir='ltr'><strong>agrum</strong></span> <span class='ocrx_word' id='word_1_780' title='bbox 2523 4793 2746 4866; x_wconf 76' lang='lat' dir='ltr'><strong>Pythea:</strong></span> <span class='ocrx_word' id='word_1_781' title='bbox 2765 4793 2928 4851; x_wconf 90' lang='lat' dir='ltr'><strong>Caris</strong></span> <span class='ocrx_word' id='word_1_782' title='bbox 2945 4793 3176 4860; x_wconf 86' lang='lat' dir='ltr'><strong>cadens,</strong></span> <span class='ocrx_word' id='word_1_783' title='bbox 3192 4798 3248 4848; x_wconf 89' lang='lat' dir='ltr'><strong>et</strong></span> <span class='ocrx_word' id='word_1_784' title='bbox 3266 4795 3505 4849; x_wconf 88' lang='lat' dir='ltr'><strong>allatum</strong></span> <span class='ocrx_word' id='word_1_785' title='bbox 3523 4810 3558 4849; x_wconf 86' lang='lat' dir='ltr'><strong>a</strong></span> <span class='ocrx_word' id='word_1_786' title='bbox 3574 4795 3677 4865; x_wconf 83' lang='lat' dir='ltr'><strong>Py-</strong></span> 
     </span>
    </p>
   </div>
   <div class='ocr_carea' id='block_1_108' title="bbox 2031 4881 3675 4955">
    <p class='ocr_par' dir='ltr' id='par_1_108' title="bbox 2031 4881 3675 4955">
     <span class='ocr_line' id='line_1_108' title="bbox 2031 4881 3675 4955; baseline -0.001 -16"><span class='ocrx_word' id='word_1_787' title='bbox 2031 4885 2161 4939; x_wconf 83' lang='lat' dir='ltr'><strong>thea</strong></span> <span class='ocrx_word' id='word_1_788' title='bbox 2193 4883 2343 4953; x_wconf 88' lang='lat' dir='ltr'><strong>ipso,</strong></span> <span class='ocrx_word' id='word_1_789' title='bbox 2369 4883 2774 4955; x_wconf 87' lang='lat' dir='ltr'><strong>magnitudine</strong></span> <span class='ocrx_word' id='word_1_790' title='bbox 2806 4881 3046 4938; x_wconf 87' lang='lat' dir='ltr'><strong>maximi</strong></span> <span class='ocrx_word' id='word_1_791' title='bbox 3093 4882 3306 4937; x_wconf 88' lang='lat' dir='ltr'><strong>taurini</strong></span> <span class='ocrx_word' id='word_1_792' title='bbox 3338 4883 3544 4952; x_wconf 88' lang='lat' dir='ltr'><strong>capitis</strong></span> <span class='ocrx_word' id='word_1_793' title='bbox 3589 4882 3675 4938; x_wconf 83' lang='lat' dir='ltr'><strong>vi-</strong></span> 
     </span>
    </p>
   </div>
   <div class='ocr_carea' id='block_1_109' title="bbox 2031 4971 3672 5043">
    <p class='ocr_par' dir='ltr' id='par_1_109' title="bbox 2031 4971 3672 5043">
     <span class='ocr_line' id='line_1_109' title="bbox 2031 4971 3672 5043; baseline -0.001 -14"><span class='ocrx_word' id='word_1_794' title='bbox 2031 4972 2204 5029; x_wconf 90' lang='lat' dir='ltr'><strong>disse.</strong></span> <span class='ocrx_word' id='word_1_795' title='bbox 2235 4973 2430 5028; x_wconf 83' lang='lat' dir='ltr'><strong>Refert</strong></span> <span class='ocrx_word' id='word_1_796' title='bbox 2450 4972 2623 5028; x_wconf 89' lang='lat' dir='ltr'><strong>etiam</strong></span> <span class='ocrx_word' id='word_1_797' title='bbox 2647 4972 3120 5043; x_wconf 84' lang='lat' dir='ltr'><strong>Asclepiodotum</strong></span> <span class='ocrx_word' id='word_1_798' title='bbox 3150 4972 3357 5028; x_wconf 86' lang='lat' dir='ltr'><strong>vidisse</strong></span> <span class='ocrx_word' id='word_1_799' title='bbox 3386 4977 3444 5026; x_wconf 88' lang='lat' dir='ltr'><strong>et</strong></span> <span class='ocrx_word' id='word_1_800' title='bbox 3479 4971 3672 5027; x_wconf 86' lang='lat' dir='ltr'><strong>vivum</strong></span> 
     </span>
    </p>
   </div>
   <div class='ocr_carea' id='block_1_110' title="bbox 2031 5062 3676 5121">
    <p class='ocr_par' dir='ltr' id='par_1_110' title="bbox 2031 5062 3676 5121">
     <span class='ocr_line' id='line_1_110' title="bbox 2031 5062 3676 5121; baseline 0.001 -5"><span class='ocrx_word' id='word_1_801' title='bbox 2031 5063 2344 5118; x_wconf 85' lang='lat' dir='ltr'><strong>draconem</strong></span> <span class='ocrx_word' id='word_1_802' title='bbox 2373 5062 2682 5118; x_wconf 83' lang='lat' dir='ltr'><strong>sublimem</strong></span> <span class='ocrx_word' id='word_1_803' title='bbox 2702 5062 2759 5116; x_wconf 91' lang='lat' dir='ltr'><strong>in</strong></span> <span class='ocrx_word' id='word_1_804' title='bbox 2786 5077 2915 5118; x_wconf 87' lang='lat' dir='ltr'><strong>aere</strong></span> <span class='ocrx_word' id='word_1_805' title='bbox 2937 5069 3334 5121; x_wconf 88' lang='lat' dir='ltr'><strong>concretum.a</strong></span> <span class='ocrx_word' id='word_1_806' title='bbox 3353 5065 3525 5118; x_wconf 89' lang='lat' dir='ltr'><strong>vento</strong></span> <span class='ocrx_word' id='word_1_807' title='bbox 3543 5077 3676 5118; x_wconf 86' lang='lat' dir='ltr'><strong>cou-</strong></span> 
     </span>
    </p>
   </div>
   <div class='ocr_carea' id='block_1_111' title="bbox 1625 5252 2324 5312">
    <p class='ocr_par' dir='ltr' id='par_1_111' title="bbox 1625 5252 2324 5312">
     <span class='ocr_line' id='line_1_111' title="bbox 1625 5252 2324 5312; baseline 0 -4"><span class='ocrx_word' id='word_1_808' title='bbox 1625 5252 1870 5312; x_wconf 68' lang='grc' dir='ltr'>νΑιιιιΕ</span> <span class='ocrx_word' id='word_1_809' title='bbox 1907 5253 2324 5312; x_wconf 84' lang='lat' dir='ltr'><strong>LECTIONES.</strong></span> 
     </span>
    </p>
   </div>
   <div class='ocr_carea' id='block_1_112' title="bbox 341 5410 1898 5486">
    <p class='ocr_par' dir='ltr' id='par_1_112' title="bbox 341 5410 1898 5486">
     <span class='ocr_line' id='line_1_112' title="bbox 341 5410 1898 5486; baseline -0.001 -15"><span class='ocrx_word' id='word_1_810' title='bbox 341 5410 387 5486; x_wconf 52' lang='grc' dir='ltr'><strong>’ἶ</strong></span> <span class='ocrx_word' id='word_1_811' title='bbox 419 5412 669 5486; x_wconf 57' lang='grc' dir='ltr'>ἀβροΓο</span> <span class='ocrx_word' id='word_1_812' title='bbox 696 5413 826 5486; x_wconf 86' lang='lat' dir='ltr'><strong>vide</strong></span> <span class='ocrx_word' id='word_1_813' title='bbox 854 5415 1093 5471; x_wconf 83' lang='lat' dir='ltr'><strong>Suidam</strong></span> <span class='ocrx_word' id='word_1_814' title='bbox 1127 5415 1186 5470; x_wconf 89' lang='lat' dir='ltr'><strong>b.</strong></span> <span class='ocrx_word' id='word_1_815' title='bbox 1219 5432 1272 5470; x_wconf 84' lang='grc' dir='ltr'><strong>ν.</strong></span> <span class='ocrx_word' id='word_1_816' title='bbox 1379 5417 1423 5452; x_wconf 71' lang='grc'><strong>⁸⁸</strong></span> <span class='ocrx_word' id='word_1_817' title='bbox 1451 5411 1800 5486; x_wconf 73' lang='grc' dir='ltr'>καλουμένην</span> <span class='ocrx_word' id='word_1_818' title='bbox 1841 5422 1898 5470; x_wconf 90' lang='grc' dir='ltr'><strong>Β.</strong></span> 
     </span>
    </p>
   </div>
   <div class='ocr_carea' id='block_1_113' title="bbox 265 5479 1504 5560">
    <p class='ocr_par' dir='ltr' id='par_1_113' title="bbox 265 5479 1504 5560">
     <span class='ocr_line' id='line_1_113' title="bbox 265 5479 1504 5560; baseline 0.004 -22"><span class='ocrx_word' id='word_1_819' title='bbox 265 5483 325 5560; x_wconf 41' lang='grc'><strong>9⁷-</strong></span> <span class='ocrx_word' id='word_1_820' title='bbox 347 5479 625 5560; x_wconf 31' lang='grc' dir='ltr'>ἆπεῤῥᾼέἱγη</span> <span class='ocrx_word' id='word_1_821' title='bbox 667 5485 1000 5560; x_wconf 37' lang='grc' dir='ltr'>Βλάπεραγη</span> <span class='ocrx_word' id='word_1_822' title='bbox 1034 5489 1096 5557; x_wconf 90' lang='grc' dir='ltr'>(η</span> <span class='ocrx_word' id='word_1_823' title='bbox 1128 5491 1410 5560; x_wconf 72' lang='lat' dir='ltr'><strong>porrecto)</strong></span> <span class='ocrx_word' id='word_1_824' title='bbox 1441 5494 1504 5560; x_wconf 64' lang='lat' dir='ltr'><strong>A,</strong></span> 
     </span>
    </p>
   </div>
   <div class='ocr_carea' id='block_1_114' title="bbox 266 5555 1343 5629">
    <p class='ocr_par' dir='ltr' id='par_1_114' title="bbox 266 5555 1343 5629">
     <span class='ocr_line' id='line_1_114' title="bbox 266 5555 1343 5629; baseline 0.005 -19"><span class='ocrx_word' id='word_1_825' title='bbox 266 5555 340 5629; x_wconf 77' lang='grc' dir='ltr'><strong>τὰ</strong></span> <span class='ocrx_word' id='word_1_826' title='bbox 377 5555 597 5629; x_wconf 50' lang='lat' dir='ltr'><strong>trudam</strong></span> <span class='ocrx_word' id='word_1_827' title='bbox 678 5557 700 5592; x_wconf 89' lang='grc'>²</span> <span class='ocrx_word' id='word_1_828' title='bbox 731 5555 1016 5629; x_wconf 79' lang='grc' dir='ltr'>ὀπισθίων]</span> <span class='ocrx_word' id='word_1_829' title='bbox 1045 5555 1253 5612; x_wconf 83' lang='grc' dir='ltr'>πυθίων</span> <span class='ocrx_word' id='word_1_830' title='bbox 1282 5565 1343 5615; x_wconf 81' lang='grc' dir='ltr'><strong>Β.</strong></span> 
     </span>
    </p>
   </div>
   <div class='ocr_carea' id='block_1_115' title="bbox 2003 5415 2374 5472">
    <p class='ocr_par' dir='ltr' id='par_1_115' title="bbox 2003 5415 2374 5472">
     <span class='ocr_line' id='line_1_115' title="bbox 2003 5415 2374 5472; baseline 0.008 -4"><span class='ocrx_word' id='word_1_831' title='bbox 2003 5415 2049 5451; x_wconf 56' lang='grc'><strong>’⁵</strong></span> <span class='ocrx_word' id='word_1_832' title='bbox 2088 5434 2146 5469; x_wconf 86' lang='grc' dir='ltr'><strong>τε</strong></span> <span class='ocrx_word' id='word_1_833' title='bbox 2179 5433 2288 5472; x_wconf 91' lang='lat' dir='ltr'><strong>om.</strong></span> <span class='ocrx_word' id='word_1_834' title='bbox 2318 5416 2374 5471; x_wconf 83' lang='grc' dir='ltr'><strong>Β.</strong></span> 
     </span>
    </p>
   </div>
   <div class='ocr_carea' id='block_1_116' title="bbox 1636 5486 2197 5562">
    <p class='ocr_par' dir='ltr' id='par_1_116' title="bbox 1636 5486 2197 5562">
     <span class='ocr_line' id='line_1_116' title="bbox 1636 5486 2197 5562; baseline 0.002 -22"><span class='ocrx_word' id='word_1_835' title='bbox 1636 5488 1679 5523; x_wconf 72' lang='grc'>³⁸</span> <span class='ocrx_word' id='word_1_836' title='bbox 1726 5486 1864 5562; x_wconf 57' lang='grc' dir='ltr'>πρὸς</span> <span class='ocrx_word' id='word_1_837' title='bbox 1911 5487 2065 5560; x_wconf 86' lang='grc' dir='ltr'>τὸ</span> 
     </span>
    </p>
   </div>
   <div class='ocr_carea' id='block_1_117' title="bbox 1439 5555 2020 5615">
    <p class='ocr_par' dir='ltr' id='par_1_117' title="bbox 1439 5555 2020 5615">
     <span class='ocr_line' id='line_1_117' title="bbox 1439 5555 2020 5615; baseline 0.002 -1"><span class='ocrx_word' id='word_1_838' title='bbox 1439 5560 1462 5596; x_wconf 78' lang='grc'><strong><em>³</em></strong></span> <span class='ocrx_word' id='word_1_839' title='bbox 1492 5555 1712 5614; x_wconf 70' lang='grc' dir='ltr'>ἐπίτεκα</span> <span class='ocrx_word' id='word_1_840' title='bbox 1753 5555 1915 5615; x_wconf 77' lang='grc' dir='ltr'>οὖσαν</span> <span class='ocrx_word' id='word_1_841' title='bbox 1966 5555 2020 5615; x_wconf 74' lang='lat' dir='ltr'><strong>ui</strong></span> 
     </span>
    </p>
   </div>
   <div class='ocr_carea' id='block_1_118' title="bbox 2489 5414 3675 5497">
    <p class='ocr_par' dir='ltr' id='par_1_118' title="bbox 2489 5414 3675 5497">
     <span class='ocr_line' id='line_1_118' title="bbox 2489 5414 3675 5497; baseline 0.004 -27"><span class='ocrx_word' id='word_1_842' title='bbox 2489 5414 2893 5497; x_wconf 53' lang='lat' dir='ltr'><strong>“-Aupatv&#39;Lixbv</strong></span> <span class='ocrx_word' id='word_1_843' title='bbox 2925 5417 3164 5497; x_wconf 48' lang='lat' dir='ltr'><strong>669mm}</strong></span> <span class='ocrx_word' id='word_1_844' title='bbox 3191 5416 3584 5497; x_wconf 69' lang='grc' dir='ltr'>διεφθαρμὲνρν</span> <span class='ocrx_word' id='word_1_845' title='bbox 3614 5426 3675 5497; x_wconf 68' lang='lat'><strong>1}.</strong></span> 
     </span>
    </p>
   </div>
   <div class='ocr_carea' id='block_1_119' title="bbox 2297 5483 3674 5567">
    <p class='ocr_par' dir='ltr' id='par_1_119' title="bbox 2297 5483 3674 5567">
     <span class='ocr_line' id='line_1_119' title="bbox 2297 5483 3674 5567; baseline 0.009 -27"><span class='ocrx_word' id='word_1_846' title='bbox 2297 5487 2346 5522; x_wconf 74' lang='lat'><strong>99</strong></span> <span class='ocrx_word' id='word_1_847' title='bbox 2393 5483 2702 5567; x_wconf 63' lang='grc' dir='ltr'>καταϐάτης</span> <span class='ocrx_word' id='word_1_848' title='bbox 2939 5494 2953 5527; x_wconf 85' lang='grc'>¹</span> <span class='ocrx_word' id='word_1_849' title='bbox 3136 5483 3346 5567; x_wconf 68' lang='lat' dir='ltr'><strong>Suidas</strong></span> <span class='ocrx_word' id='word_1_850' title='bbox 3385 5483 3436 5547; x_wconf 43' lang='lat' dir='ltr'><strong>vi</strong></span> <span class='ocrx_word' id='word_1_851' title='bbox 3490 5491 3674 5567; x_wconf 82' lang='grc' dir='ltr'>Χωρὶς</span> 
     </span>
    </p>
   </div>
   <div class='ocr_carea' id='block_1_120' title="bbox 2028 5556 3673 5650">
    <p class='ocr_par' dir='ltr' id='par_1_120' title="bbox 2028 5556 3673 5650">
     <span class='ocr_line' id='line_1_120' title="bbox 2028 5556 3673 5650; baseline 0.003 -34"><span class='ocrx_word' id='word_1_852' title='bbox 2028 5556 2380 5650; x_wconf 30' lang='lat' dir='ltr'><strong>gntae-ima</strong></span> <span class='ocrx_word' id='word_1_853' title='bbox 2426 5558 2584 5615; x_wconf 74' lang='grc' dir='ltr'>οὖσαν</span> <span class='ocrx_word' id='word_1_854' title='bbox 2623 5556 2684 5629; x_wconf 82' lang='lat' dir='ltr'><strong>C,</strong></span> <span class='ocrx_word' id='word_1_855' title='bbox 2729 5556 2912 5618; x_wconf 59' lang='grc' dir='ltr'>ἔπειτα</span> <span class='ocrx_word' id='word_1_856' title='bbox 2963 5561 3232 5619; x_wconf 82' lang='grc' dir='ltr'>κλάουσαν</span> <span class='ocrx_word' id='word_1_857' title='bbox 3277 5566 3315 5620; x_wconf 88' lang='grc' dir='ltr'><strong>Β</strong></span> <span class='ocrx_word' id='word_1_858' title='bbox 3341 5570 3397 5622; x_wconf 91' lang='lat' dir='ltr'><strong>et</strong></span> <span class='ocrx_word' id='word_1_859' title='bbox 3427 5556 3673 5622; x_wconf 42' lang='lat' dir='ltr'><strong>00ml.</strong></span> 
     </span>
    </p>
   </div>
   <div class='ocr_carea' id='block_1_121' title="bbox 274 5623 2312 5710">
    <p class='ocr_par' dir='ltr' id='par_1_121' title="bbox 274 5623 2312 5710">
     <span class='ocr_line' id='line_1_121' title="bbox 274 5623 2312 5710; baseline 0.005 -28"><span class='ocrx_word' id='word_1_860' title='bbox 274 5628 299 5664; x_wconf 85' lang='grc'><em>⁴</em></span> <span class='ocrx_word' id='word_1_861' title='bbox 332 5623 702 5704; x_wconf 76' lang='grc' dir='ltr'>μιλινὸχρουν</span> <span class='ocrx_word' id='word_1_862' title='bbox 744 5635 826 5686; x_wconf 78' lang='lat' dir='ltr'><strong>A:</strong></span> <span class='ocrx_word' id='word_1_863' title='bbox 863 5623 1226 5710; x_wconf 70' lang='grc' dir='ltr'>μιλινόχροον</span> <span class='ocrx_word' id='word_1_864' title='bbox 1416 5631 1440 5666; x_wconf 74' lang='grc'><strong>⁵</strong></span> <span class='ocrx_word' id='word_1_865' title='bbox 1468 5625 1617 5686; x_wconf 77' lang='grc' dir='ltr'>ἀλλὰ</span> <span class='ocrx_word' id='word_1_866' title='bbox 1643 5630 1781 5707; x_wconf 69' lang='grc' dir='ltr'>πρὺς</span> <span class='ocrx_word' id='word_1_867' title='bbox 1809 5633 1892 5692; x_wconf 80' lang='lat' dir='ltr'><strong>B:</strong></span> <span class='ocrx_word' id='word_1_868' title='bbox 1923 5623 2069 5688; x_wconf 64' lang='grc' dir='ltr'>ἀλλὶ</span> <span class='ocrx_word' id='word_1_869' title='bbox 2097 5623 2186 5686; x_wconf 75' lang='grc' dir='ltr'><strong>καί</strong></span> 
     </span>
    </p>
   </div>
  </div>
