4090 6422
465 311 495 369 1
506 308 624 369 283

460 532 649 587 instar
683 531 876 601 magni
911 526 1064 581 conti
1105 532 1434 581 extensum.
1488 524 1651 579 Hunc
1696 523 1893 592 itaque
1936 525 1993 576 et
2024 521 2106 576 vi-

462 622 636 685 disse,
660 618 1101 687 astantibusque
1135 621 1485 680 montrasse,
1504 629 1754 683 cumque
1780 613 1966 667 nubes
1991 628 2106 665 ma-

459 712 549 781 gis
609 706 911 777 magisque
969 707 1462 775 constiparentur,
1524 703 1700 758 feram
1771 702 2103 758 evanuisse.

458 796 719 853 Marinus
750 796 884 866 (18),
934 795 1145 864 inquit,
1190 791 1371 847 Procli
1415 807 1742 858 successor,
1776 806 1963 860 genus
1992 790 2101 843 du—

458 886 623 940 cebat
672 882 908 954 Neapoli
959 883 1017 937 in
1077 881 1411 947 Palaestina,
1466 882 1638 949 juxta
1697 886 1949 935 montem
2010 878 2104 933 cui

456 990 669 1030 nomen
703 973 1047 1041 Hirgarizus
1078 971 1211 1042 (19).
1245 971 1463 1027 Deinde
1512 969 1945 1039 blasphemans,
1995 969 2103 1022 im-

461 1066 616 1136 pius,
671 1064 878 1134 inquit,
928 1062 1024 1117 ille
1071 1063 1314 1131 scriptor
1366 1060 1529 1115 addit
1591 1076 1603 1115 :
1654 1062 1715 1115 In
1766 1076 1877 1129 quo
1912 1063 2105 1113 monte

457 1154 616 1211 Jovis
664 1152 878 1208 summi
930 1151 1396 1208 sacratissimum
1450 1149 1727 1221 templum
1779 1154 1883 1214 est,
1928 1148 2006 1203 ibi
2047 1152 2103 1203 et

457 1244 744 1299 Abraham
778 1241 895 1313 (20)
930 1240 1151 1311 primus
1203 1239 1579 1309 antiquorum
1628 1240 1956 1292 Judteorum
2009 1254 2101 1292 sa-

457 1338 652 1390 cratus
705 1333 832 1401 fuit,
885 1336 947 1385 ut
999 1331 1147 1385 idem
1204 1329 1348 1383 dixit
1388 1328 1667 1383 Marinus.
1702 1327 2103 1381 Samaritanus

452 1422 622 1478 initio
656 1422 843 1477 factus
874 1436 1008 1474 cum
1041 1426 1190 1473 esset
1223 1417 1508 1486 Marinus,
1546 1432 1746 1472 eorum
1767 1417 2100 1486 opinionem

456 1510 802 1585 repudiavit,
862 1508 1029 1580 quasi
1079 1509 1150 1563 ab
1199 1508 1492 1562 Abraham
1552 1506 1853 1561 sacritiuiis
1906 1520 2104 1559 recens

455 1602 514 1657 in
558 1615 764 1655 novam
816 1599 1226 1670 degenerasset
1275 1596 1658 1665 opinionem:
1709 1600 1764 1649 et
1811 1594 1880 1648 ad
1914 1593 2097 1663 genti-

456 1692 699 1746 lismum
751 1703 812 1743 se
862 1686 1165 1741 convertit.
1217 1688 1634 1739 Verumtamen
1686 1683 1873 1737 labori
1919 1691 1972 1738 et
2003 1700 2098 1736 as-

1701 298 1966 360 PHO'I‘II
2009 297 2535 362 PATRIABGHIE
2578 304 2695 364 ΟΡ.

461 446 718 514 ceptum,
752 439 1005 495 nubibus
1038 433 1410 492 condensatis
1436 433 1796 489 immobilem
1840 436 2014 497 stare,
2046 434 2100 486 et

2217 429 2267 517 έν
2298 432 2474 502 σκότῳ
2527 434 2681 505 βαθεῖ
2727 434 3024 509 γράμματά
3074 458 3132 492 τε
3176 439 3538 512 ἀνεγίνωσκεν,
3583 443 3719 517 φησὶν
3757 448 3773 481 θ

3670 314 3789 375 im

3062 524 3331 601 παρόντας
3395 531 3517 598 [562
3586 533 3663 603 Η.)
3709 537 3789 587 τῶν

3028 615 3283 693 Κεφαλήν
3341 615 3467 691 γοῦν
3518 638 3634 673 ποτε
3689 618 3793 693 δρα-

2210 698 2448 753 κοντείαν
2532 699 2585 755 ἐν
2655 702 2827 775 Καρίᾳ
2909 702 2984 765 εἷς
3051 704 3213 779 ἀγρὸν
3300 711 3555 762 πεσοῦσαν
3633 711 3792 766 Πυθέου

2209 791 2304 841 τοῦ
2371 789 2574 859 Καρὸς,
2667 789 2972 865 ἐνεχθεῖσαν
3035 791 3090 848 δὲ
3157 795 3304 866 αὐτῷ
3378 800 3454 867 τῷ
3508 798 3678 868 Πυθέᾳ,
3726 803 3789 855 καὶ

2210 877 2374 938 αὐτὸς
2406 872 2506 954 ἔφη
2536 880 2820 935 θεάσασθαι
2878 881 3105 958 μέγεθος
3156 882 3318 938 οὖσαν
3348 884 3539 960 ταύρου
3590 887 3792 961 μεγίστου

2209 967 2343 1021 κατὰ
2400 970 2662 1043 κεφαλήν.
2724 967 2879 1025 Ἰδεῖν
2948 969 3004 1026 δὲ
3060 973 3153 1027 τὸν

2846 524 2972 585 τοὺς

2599 609 2626 664 δ
2640 611 2937 683 ιεγίνωσκε.

2212 516 2331 574 ἄνευ
2398 522 2575 595 φωτὸς
2662 522 2752 577 καὶ

2211 607 2508 683 ἀνθρώπων

3234 972 3678 1044 Ἀσκληπιόδοτον
3722 980 3789 1031 καὶ

2214 1060 2383 1124 ζῶντα
2442 1054 2707 1128 δράκοντα
2779 1060 3049 1134 μετέωρον
3109 1059 3161 1115 έν
3217 1062 3333 1138 ἀέρι
3386 1071 3611 1137 συννεφεῖ
3654 1087 3789 1135 πεπη-

2211 1145 2345 1218 γότα
2386 1147 2475 1201 καὶ
2528 1146 2964 1221 συνειλημμένον
3020 1150 3120 1204 ὑπὸ
3167 1155 3265 1206 τοῦ
3315 1153 3621 1223 πνευματος,
3662 1154 3704 1208 ἐν
3742 1160 3788 1227 τῇ

2210 1232 2506 1306 πυκνότητι
2536 1242 2642 1292 τῶν
2674 1244 2849 1314 νεφῶν
2880 1238 3123 1306 ἀκίνητον
3172 1241 3399 1308 ἑστῶτα,
3433 1243 3549 1297 ὅσον
3589 1242 3645 1313 δὴ
3689 1265 3787 1299 χον-

2208 1326 2297 1380 τὸν
2343 1348 2459 1381 τινα
2511 1329 2673 1403 μέγαν
2722 1330 3144 1404 ἀποτεταμένον.
3196 1330 3349 1387 Ἰδεῖν
3399 1354 3455 1387 τε
3496 1339 3683 1399 τοῦτον,
3724 1337 3789 1389 καὶ

2209 1414 2465 1486 ἐπιδεῖξαι
2498 1419 2587 1472 καὶ
2620 1424 2736 1481 τοῖς
2767 1424 3021 1492 παροῦσι,
3069 1421 3451 1477 πυκνωθέντων
3482 1421 3537 1478 δὲ
3579 1423 3651 1479 ἐπέ
3682 1424 3787 1495 pi).-

2211 1504 2303 1558 λον
2337 1511 2445 1559 τῶν
2478 1511 2649 1582 νεφῶν
2682 1508 3036 1583 ἀφανισθῆναι
3078 1510 3140 1564 τὸ
3187 1510 3401 1584 θηρίον.
3452 1515 3566 1569 Ὅτι
3595 1514 3618 1567 6
3648 1511 3789 1567 διάδο-

2212 1613 2311 1668 χος
2346 1592 2617 1668 Πρόκλου,
2651 1598 2835 1671 φησὶν,
2868 1598 2895 1651 6
2929 1599 3194 1672 Μαρῖνος,
3228 1598 3377 1673 γένος
3408 1601 3470 1668 ἦν
3505 1603 3598 1656 ἀπὸ
3640 1608 3718 1669 τῆς
3748 1602 3785 1655 ἐν

2213 1681 2539 1759 Παλαιστίνῃ
2601 1686 2741 1746 Νέας
2807 1684 3045 1751 πόλεως,
3104 1688 3239 1761 πρὸς
3287 1684 3399 1761 ὄρει
3438 1690 3784 1761 κατῳκισμένης

454 1778 641 1834 sidnis
693 1776 849 1832 curis
908 1774 1279 1842 incumbens,
1341 1772 1658 1827 multorum
1714 1772 1887 1826 etiam
1942 1772 2103 1842 inge-

2213 1776 2285 1841 τῷ
2318 1773 2626 1846 Ἀργαριζῳ
2664 1773 3010 1847 καλουμένῳ.
3047 1776 3179 1831 Εἶτα
3216 1775 3553 1851 βλασφημῶν
3583 1779 3607 1832 6
3635 1775 3778 1832 δυσσε-

454 1868 921 1923 niosissimorum
979 1870 1036 1919 et
1079 1863 1625 1934 antiquissimorum
1684 1860 1927 1932 gloriam
1990 1878 2096 1915 suo

452 1958 690 2013 nomine
716 1955 979 2011 Marinus
1012 1953 1359 2009 obscuravit.
1393 1952 1585 2006 Noluit
1620 1967 1750 2005 vero
1783 1949 1943 2004 Illum
1999 1950 2091 2005 Isi-

450 2049 632 2103 dorus
664 2046 1017 2115 interrogare
1046 2042 1388 2097 inﬁrmitate
1420 2040 1677 2109 corporis
1716 2039 2094 2109 laborantem,

453 2144 722 2195 metuens
774 2152 844 2191 ne
895 2136 1068 2191 homo
1120 2134 1467 2188 turbaretur.
1523 2132 1563 2185 E
1614 2131 1783 2185 dictis
1814 2136 2007 2185 tamen
2042 2136 2099 2186 et

456 2226 688 2297 scriptis
720 2225 846 2296 ejus
878 2226 1025 2294 (ιιυαι
1058 2239 1171 2277 non
1197 2222 1511 2276 admodum
1542 2220 1727 2274 multa
1749 2222 1906 2289 sunt)
1933 2219 2098 2275 facile

453 2324 576 2373 erat
626 2315 899 2386 colligere
948 2312 1239 2368 Marinum
1292 2327 1403 2365 non
1465 2309 1775 2364 fecundum
1827 2315 1881 2364 et
1923 2310 2099 2381 probe

456 2406 764 2462 subactum
801 2414 1134 2460 noematum
1165 2416 1371 2471 agrum
1395 2400 1591 2465 fuisse,
1616 2400 1713 2469 qui
1740 2406 1985 2467 segetem
2011 2416 2100 2453 sa-

457 2496 666 2567 pientis
690 2509 881 2549 rerum
903 2490 1258 2547 naturalium
1275 2488 1782 2560 contemplationis
1802 2488 2095 2557 proferret.

462 2584 553 2639 καὶ
608 2587 715 2637 τῶν
775 2576 1154 2654 πρεσϐυτέρων
1212 2577 1491 2652 κατέχωσε
1557 2575 1711 2649 δόξας
1771 2582 1849 2648 τῷ
1933 2577 2124 2631 ἑαυτοῦ
2203 2574 2429 2649 ὀνόματι
2488 2580 2515 2632 6
2575 2580 2837 2652 Μαρῖνος.

2208 1854 2309 1929 ϐάς
2343 1883 2503 1937 φησιν
2533 1864 2561 1917 6
2590 1864 2946 1940 συγγραφεὺς,
2992 1865 3042 1919 ἐν
3077 1866 3122 1937 ᾧ
3157 1867 3280 1928 Διὸς
3328 1867 3541 1939 ὑψίστου
3586 1869 3774 1941 ἁγιώτα-

2204 1972 2295 2004 τον
2346 1951 2509 2023 ἱερὸν,
2560 1954 2606 2024 ᾧ
2651 1952 2951 2020 καθιέρωτο
2990 1950 3279 2027 Ἅϐραμος
3328 1957 3355 2011 6
3394 1961 3494 2010 τῶν
3538 1957 3682 2010 πάλαι
3719 1958 3777 2010 Ἐο

2205 2036 2409 2113 ϐραίων
2438 2041 2727 2115 πρόγονος,
2778 2043 2853 2104 ὡς
2894 2042 3053 2105 αὐτὸς
3084 2039 3267 2120 ἔλεγεν
3299 2047 3326 2100 6
3364 2047 3604 2113 Μαρίνος.
3642 2052 3780 2116 Σιμα-

2208 2129 2387 2202 ρείτης
2410 2128 2498 2184 οὖν
2530 2132 2592 2185 τὸ
2622 2132 2711 2185 ἀπ’
2760 2131 2941 2206 ἀρχῆς
2986 2136 3013 2187 6
3065 2136 3307 2205 Μαρῖνος
3357 2135 3598 2209 γεγονὼς,
3629 2132 3777 2188 ditati-

2208 2218 2331 2289 ξατο
2373 2219 2466 2291 μὶν
2504 2222 2639 2292 πρὸς
2685 2222 2784 2287 τήν
2843 2221 3057 2277 ἐκείνων
3107 2220 3290 2293 δόξαν,
3341 2225 3431 2279 ἅτε
3477 2223 3547 2285 εἷς
3599 2244 3783 2277 καινοτο-

2212 2308 2338 2380 μίαν
2377 2310 2483 2364 ἀπὸ
2512 2317 2613 2379 τῆς
2663 2306 2942 2384 Ἀϐράμου
2991 2312 3284 2385 θρησκείας
3316 2313 3337 2347 ’⁷
3368 2312 3706 2389 ἀπορῥυεῖσαν,
3738 2312 3785 2363 ti

2212 2396 2269 2451 δὲ
2306 2396 2593 2468 Ἑλλήνων
2654 2400 2956 2473 ἠγάπησεν.
3014 2403 3214 2471 ’Όμως
3262 2401 3543 2479 φολοπονίᾳ
3581 2405 3599 2438 ⁸
3639 2422 3684 2454 τε
3728 2398 3791 2451 καῖ

2210 2486 2459 2559 ἀτρύτοις
2490 2488 2676 2550 πόνοις
2710 2488 3019 2565 ἐγκείμενος
3054 2489 3420 2568 εὐφυεστέρων
3460 2489 3559 2559 ἤδη
3605 2488 3787 2544 πολλῶν

2928 2578 3036 2635 Οὒκ
3115 2580 3200 2636 εἴα
3261 2581 3317 2637 δὲ
3364 2582 3514 2637 αὐτὸν
3567 2579 3787 2654 ἐρευτῷιὸ

461 2671 738 2747 Ἰσίδωρος
770 2670 1013 2742 ἀσθενείᾳ
1064 2672 1317 2741 σώματος
1355 2666 1778 2743 ἐνοχλούμενον,
1821 2661 2080 2738 εὐλαϐείᾳ
2134 2671 2231 2723 τοῦ
2290 2666 2600 2746 ὀχλώδους.
2658 2669 2811 2738 Πλήν
2854 2671 2882 2725 6
2916 2676 3152 2743 Μαρῖνος
3204 2671 3254 2745 ἐξ
3307 2674 3379 2727 ὧν
3424 2692 3478 2726 τε
3519 2676 3537 2709 ³
3581 2668 3789 2741 διελέγετο

462 2765 550 2819 καὶ
584 2762 635 2835 ἐξ
666 2765 740 2817 ὧν
773 2760 997 2838 ἔγραψεν
1030 2760 1218 2835 (ὀλίγα
1250 2758 1307 2815 δὲ
1334 2761 1499 2813 ταῦτά
1530 2759 1662 2831 ἐστι)
1695 2756 1866 2827 δῆλος
1897 2760 1963 2828 ἦν
2015 2779 2075 2812 ου
2130 2759 2341 2834 βαθεῖαν
2391 2756 2600 2813 αὔλακα
2643 2764 2752 2814 τῶν
2802 2762 3096 2833 νοημάτων
3147 2765 3533 2837 καρπούμενος,
3574 2760 3616 2833 ἐξ
3658 2762 3713 2814 ὧν
3748 2756 3791 2811 τὶ

470 2855 606 2933 σοφὰ
640 2852 923 2928 βλαστάνει
955 2853 1197 2925 θεάματα
1233 2857 1334 2919 τῆς
1370 2853 1479 2903 τῶν
1513 2848 1681 2903 ὄντων
1726 2848 1955 2925 φύσεως.

540 2946 887 3003 Ptolemaeus
937 2945 1052 3015 (21)
1098 2944 1495 2999 astronomicts
1536 2942 1786 2997 scientia:
1836 2943 2109 3013 princeps
2142 2942 2183 3008 C

468 3037 718 3106 scripsit,
752 3041 813 3090 ut
847 3035 1103 3105 loquitur
1135 3032 1315 3100 Plato,
1350 3032 1562 3105 placita
1612 3032 1988 3103 interpretum
2039 3032 2105 3085 ad

464 3125 787 3183 senectutis
818 3126 1193 3187 oblivionem,
1229 3123 1563 3193 relinquens
1595 3122 1707 3176 sibi
1751 3131 1801 3175 et
1852 3121 2108 3175 condens

466 3218 863 3271 monumenta.
903 3213 1091 3267 346a
1126 3211 1362 3266 Proclus
1390 3211 1589 3264 videns
1612 3211 1790 3264 istum
1814 3210 2107 3264 deflexum

463 3302 743 3370 corporis,
795 3301 1144 3355 adolescenti
1202 3300 1423 3356 metuit.
1473 3300 1573 3353 Hic
1616 3300 1793 3369 igitur
1824 3306 2107 3365 mortuus,

464 3398 606 3447 tunc
632 3388 1686 3459 beatus,anima,inquam,animteque
1711 3388 1900 3457 imago
1916 3391 2109 3455 aperte

465 3480 611 3536 mihi
642 3483 699 3533 in
734 3480 842 3533 hoc
873 3476 1127 3532 scabello
1150 3478 1368 3531 sedenti
1394 3477 1614 3531 astitit:
1650 3477 1882 3529 credere
1917 3480 2106 3530 autem

465 3574 693 3641 oportet
722 3566 1003 3635 sermoni,
1045 3581 1218 3637 quem
1270 3566 1411 3620 visio
1458 3564 1785 3636 philosophi
1831 3564 2108 3635 principis

463 3660 773 3715 confirmat
800 3662 856 3711 et
888 3672 1087 3711 recens
1121 3654 1356 3710 alterius
1390 3656 1544 3709 fama
1567 3671 1694 3709 vere
1717 3654 1954 3708 secundi
1981 3658 2109 3725 post

463 3748 629 3803 illum
662 3754 717 3802 et
751 3747 990 3815 insuper
1020 3744 1223 3799 tertius
1256 3750 1590 3815 suggestus,
1615 3751 1671 3797 et
1693 3744 1793 3814 qui
1824 3742 1940 3796 haec
1962 3742 2108 3797 scri-

463 3836 580 3909 psit
599 3841 834 3908 propter
854 3851 1053 3889 eorum
1080 3851 1201 3903 quis
1226 3833 1641 3900 nuntiavimus,
1670 3848 1938 3904 pompam
1965 3831 2109 3887 veri-

464 3928 599 3980 tatis
633 3924 980 3980 studiosam.
1007 3922 1248 3978 Proclus
1284 3939 1350 3977 ea
1379 3938 1504 3994 spe,
1528 3938 1699 3991 quam
1724 3923 1793 3976 de
1818 3938 1879 3976 se
1903 3921 2106 3976 conci-

465 4020 611 4071 tarat
642 4030 746 4069 nec
781 4013 1035 4069 Platonis
1079 4012 1419 4083 dignitatem
1456 4016 1771 4082 aspernari,
1814 4027 1915 4067 nec
1946 4011 2105 4066 Jam-

462 4104 662 4169 blichi,
686 4120 789 4158 nec
812 4101 1107 4157 Plutarchi
1125 4102 1415 4171 judicium
1438 4118 1904 4173 oppugnare,nec
1928 4118 2105 4172 supra

462 4194 853 4249 communiter
871 4192 1016 4247 utile
1031 4192 1341 4246 consilium
1360 4206 1559 4262 sapere
1576 4190 1789 4262 potuit:
1807 4190 1905 4245 sed
1923 4207 2105 4261 quan-

2293 2945 2348 2993 '0
2390 2939 2607 3011 ἄριστος
2636 2943 2861 3014 ἡγεμὼν
2897 2941 3243 3013 Πτολεμαῖος
3277 2950 3377 3011 τῆς
3427 2943 3779 3017 ἀστροθεάμονος

2219 3026 2551 3101 ἐπιστήμης.
2612 3030 2695 3086 Τά
2748 3031 3041 3102 ἀρέσκοντα
3099 3038 3221 3093 τοῖς
3284 3032 3557 3104 ἐξηγηταῖς
3607 3028 3783 3102 inrepsi-

2219 3138 2368 3194 φετο,
2397 3119 2470 3179 εἷς
2500 3119 2560 3173 τὸ
2590 3123 2689 3183 τῆς
2722 3118 2898 3189 λήθης
2932 3128 3127 3196 γῆρας,
3181 3122 3255 3183 ὡς
3287 3116 3386 3198 ἔφη
3440 3120 3657 3183 Πλάτων,
3698 3118 3786 3171 ὑπο·

2223 3210 2480 3281 μνήματα
2537 3210 2579 3244 ¹⁰
2635 3206 2981 3264 καταλείπων
3041 3210 3222 3281 ἑαυτῷ
3279 3212 3363 3265 καὶ
3428 3206 3788 3279 ἀποθησαυριζό-

2224 3316 2399 3367 μενος.
2467 3296 2561 3351 Καὶ
2613 3299 2710 3366 τήν
2770 3303 2864 3352 τοῦ
2922 3299 3177 3370 σώματος
3236 3297 3509 3374 ἀποῤῥοὴν
3563 3293 3784 3372 βλέπωνὸ

2223 3382 2467 3454 Ηρὸκλος
2501 3382 2690 3439 ἐδεδίει
2723 3387 2843 3459 περὶ
2874 3391 2951 3457 τῷ
2977 3388 3255 3461 νεανίσκῳ.
3277 3390 3337 3445 Ὁ
3367 3389 3533 3443 τοίνυν
3554 3382 3783 3452 τεθνηκὼς,

2219 3475 2247 3527 6
2280 3473 2514 3549 εὐτυχής
2541 3476 2697 3538 οὗτος
2724 3479 2835 3543 νῦν,
2868 3478 2903 3543 ἠ
2936 3478 3088 3551 ψυχή
3123 3498 3267 3552 φημι
3309 3476 3395 3531 καὶ
3423 3479 3482 3532 τὸ
3522 3482 3611 3543 τῆς
3649 3475 3784 3547 ψυχῆς

2219 3563 2471 3634 εἷ’δωλον,
2504 3567 2740 3639 παρέστη
2780 3588 2875 3639 μοι
2910 3564 3215 3645 ἀναφανδὸν
3248 3569 3335 3623 ἐπὶ
3364 3565 3517 3623 τοῦδε
3542 3569 3627 3621 τοῦ
3665 3562 3783 3631 σκίμ-

2218 3653 2384 3715 ποδος
2412 3655 2759 3728 ἀνακειμένῳ.
2798 3658 3072 3711 Ἀπιστεῖν
3108 3654 3167 3710 δὲ
3209 3657 3269 3712 οὗ
3321 3655 3517 3712 δίκαιον
3563 3658 3632 3725 τῷ
3670 3649 3784 3723 Λόγῳ

2222 3742 2592 3818 βεϐαιουμένῳ
2623 3747 2715 3816 θέᾳ
2752 3767 2810 3799 τε
2842 3744 3055 3819 έναργεῖ
3083 3750 3181 3801 τοῦ
3214 3746 3504 3820 κορυφαίου
3551 3738 3691 3818 σοφοῦ
3723 3736 3782 3790 καὶ

2217 3834 2352 3907 ἀκοῇ
2382 3837 2679 3911 προσφάτῳ
2710 3839 2805 3889 τοῦ
2837 3834 3089 3907 δευτέρου
3135 3836 3255 3906 μετ’
3296 3836 3489 3889 ἐκεῖνον
3531 3832 3647 3906 πρὸς
3684 3824 3781 3892 ἀλέ*

2215 3924 2357 3978 θειαν
2394 3926 2457 3989 Η,
2508 3923 2596 3978 καὶ
2646 3919 2724 3978 ἔτι
2778 3930 2854 3996 τῷ
2902 3924 3071 3998 τρίτῳ
3122 3925 3332 3999 βήματι
3380 3924 3466 3979 καὶ
3521 3923 3587 3981 εἷς
3631 3918 3781 3981 ταύτην

2214 4007 2611 4079 καταϐεϐηκότι
2644 4014 2743 4081 την
2778 4015 3088 4088 συγγραφὴν
3125 4013 3232 4067 ὑπὸ
3264 4017 3329 4085 τῇ
3374 4010 3637 4089 φιλαληθει
3677 4022 3781 4071 πομ-

2215 4106 2290 4173 πῇ
2323 4103 2419 4169 τῆς
2453 4101 2589 4173 ἐμῆς
2641 4100 2918 4177 ἀγγελίας.
2972 4102 3071 4158 Καὶ
3096 4103 3123 4155 6
3158 4103 3404 4175 Πρόκλος
3444 4096 3661 4155 ἐπεδίδου
3698 4094 3779 4145 ταῖς

2216 4190 2290 4252 εἷς
2323 4190 2485 4244 αὐτὸν
2516 4190 2746 4263 ὁρώσαις
2786 4188 2971 4245 ἐλπίσι
3008 4188 3151 4265 μηδὲ
3181 4192 3244 4246 τὸ
3277 4195 3370 4246 τοῦ
3414 4188 3669 4244 Πλάτωνος
3694 4181 3780 4233 ἀτι-

464 4290 587 4340 tum
618 4283 908 4340 crescebat
930 4282 1184 4336 instituti
1212 4282 1555 4351 magnitudo
1579 4282 1635 4335 in
1660 4282 2104 4347 dicendo,tanto

2218 4284 2401 4357 μάζειν
2454 4282 2686 4353 ἀξίωμα,
2753 4280 2891 4356 μηδὲ
2945 4286 3045 4351 τήν
3108 4278 3436 4357 Ἰαμϐλίχου
3488 4281 3641 4353 κρίσιν
3682 4266 3779 4345 μηδὶ

466 4372 665 4427 minus
717 4371 1063 4442 persuadere
1114 4370 1222 4425 sibi
1276 4371 1603 4439 patiebatur
1634 4368 1913 4434 Isidorus,
1948 4370 2101 4440 quod

467 4463 661 4529 majus
690 4466 837 4515 esset
853 4476 1019 4524 onus,
1050 4476 1226 4531 quam
1254 4459 1399 4513 ferre
1423 4463 1629 4526 posset.
1656 4459 1951 4515 Sollicitus
1975 4475 2103 4514 vero

464 4554 587 4607 erat
617 4549 853 4605 Proclus
884 4550 954 4604 de
984 4565 1159 4604 aurea
1189 4564 1382 4604 revera
1424 4548 1681 4603 Platonis
1735 4554 1937 4603 catena
1967 4550 2102 4619 (22),

464 4658 536 4697 ne
568 4639 733 4695 nobis
768 4639 968 4693 urbem
1001 4639 1412 4695 Atheniensem
1458 4638 1826 4707 relinqueret.
1879 4639 2103 4693 Sollici-

459 4737 557 4788 tus
590 4730 765 4786 etiam
797 4730 866 4785 de
897 4728 1116 4784 Marino
1144 4733 1379 4800 propter
1401 4727 1655 4797 corporis
1681 4727 2101 4784 inﬁrmitatem.

2214 4374 2310 4439 τὴν
2350 4370 2711 4445 Πλουτάρχου
2767 4372 3226 4442 κατανωτίζεσθαι
3260 4376 3328 4443 η,
3378 4369 3499 4444 μηδ’
3545 4367 3602 4422 αὖ
3644 4366 3777 4436 μεῖζον

2214 4465 2424 4537 φρονεῖν
2479 4466 2578 4528 τῆς
2638 4460 3006 4536 κοινωφελοῦς
3093 4460 3472 4534 προαιρέσεως.
3532 4452 3660 4514 Ἀλλ’
3700 4449 3780 4515 δτφ

2215 4535 2402 4619 ηὔξετο
2442 4556 2541 4616 τῆς
2576 4535 2845 4627 διαδοχῆς
2874 4551 2936 4603 τὸ
2971 4550 3015 4586 ¹³
3051 4550 3279 4626 μέγεθος
3310 4549 3360 4604 ἐν
3388 4553 3462 4619 τῷ
3492 4545 3645 4618 λόγῳ.

2211 4640 2456 4711 τοσούτῳ
2489 4638 2703 4713 μᾶλλον
2768 4640 2795 4693 6
2842 4636 3122 4710 Ἰσίδωρος
3168 4642 3303 4715 πρὸς
3350 4640 3446 4707 τήν
3500 4633 3650 4691 πειθὼ
3690 4646 3778 4681 συν⁸

2214 4728 2497 4785 εστέλλετο
2531 4728 2710 4804 μεῖζόν
2744 4749 2805 4804 γε
2835 4729 2894 4783 ὃν
2932 4730 3047 4783 καθ’
3099 4730 3283 4784 ἑαυτὸν
3335 4729 3545 4803 ἅρασθαι
3588 4716 3775 4799 φορτίον.

1810 4841 2056 4898 VARle
2098 4844 2510 4901 LECTIONES.

534 4946 556 4980 ⁸
588 4964 660 5019 φη
670 4942 915 5019 civ‘add.

462 5023 519 5073 et
546 5014 677 5071 τῶν.
753 5014 854 5068 θτε
887 5015 1022 5070 add.
1056 5018 1119 5069 Α.

462 5109 606 5194 ματα
636 5082 952 5140 καταλιπών
988 5084 1049 5158 ς’
1055 5126 1065 5137 .

486 5160 509 5194 3
539 5156 807 5194 amamus,
835 5158 896 5194 φλ
935 5162 961 5194 Δ
997 5174 1009 5186 ο
1045 5152 1065 5194 Σ

1122 4941 1138 4975 ⁷
1172 4938 1460 5012 θρησκείας
1492 4940 1573 4994 A:
1608 4936 1789 4999 θυσίας
1834 4937 1893 4961 "'

1222 5011 1268 5046 ¹⁰
1317 5011 1683 5065 ὑπομνήματα
1721 4968 1893 5065 mra?)

1826 5030 1855 5063 α

1222 5011 1268 5046 ¹⁰
1317 5011 1683 5080 ὑπομνήματα
1721 5030 1815 5063 κατ

1933 5010 1943 5030 Ι

1900 5031 2062 5064 ειπων

542 5157 566 5176 κ

486 5160 509 5196 ³
539 5156 807 5232 διαδοχῆς
835 5158 896 5212 τὸ
926 5162 970 5213 A
997 5152 1327 5231 ἴδιαγωγῆς

534 5354 651 5424 (18)
682 5352 946 5408 Marinus
981 5352 1161 5409 Procli
1196 5367 1501 5424 successor
1531 5368 1544 5407 :
1590 5352 1759 5421 cujus
1807 5356 1989 5408 exstat
2039 5354 2107 5407 dc

467 5422 583 5481 vita
612 5422 793 5479 Procli
829 5424 985 5479 illius
1016 5424 1284 5481 aureolus
1316 5422 1570 5481 libellus.

541 5497 654 5576 (1Q)
687 5495 854 5576 Mons
883 5496 967 5576 in_
992 5498 1173 5576 sacris
1205 5496 1453 5576 _I_Jitt_eri_s
1502 5495 1753 5576 Garizin.
1808 5494 1972 5551 Deut.
2024 5511 2104 5561 xi,

465 5566 793 5641 29igudiq.
824 5581 905 5641 rx,
933 5568 1005 5634 7;
1038 5573 1095 5624 et
1114 5566 1172 5641 :II
1205 5566 1470 5641 Macpab.
1502 5583 1578 5634 vr,
1606 5570 1660 5622 2.

685 5629 1051 5698 Abrahsm‘us
1081 5629 1429 5709 platrihlrb'ha.

1176 5084 1218 5120 ¹¹
1247 5081 1681 5157 πρὸς-ἀλήθειαν
1720 5082 1832 5154 μετ’
1881 5080 2082 5137 ἐκεῖνον

1990 4942 2009 4975 ⁸
2041 4937 2339 5015 φιλολογία
2369 4942 2579 5015 Suidas
2612 4958 2661 4995 ν.
2696 4944 2982 5015 ξἈτρυτος,
3024 4941 3124 5012 qui
3158 4957 3292 5015 mn_x
3324 4957 3436 5015 om.
3466 4933 3564 5005 ἤδη
3598 4924 3776 5015 ,πολλᾶζν

2112 4996 2318 5069 Suidas
2347 4996 2401 5068 vi
2452 5013 2657 5083 Adon,
2688 4996 3057 5083 ὑπομνήματᾶ
3107 5010 3419 5066 καταλιπὼν
3467 4996 3776 5083 Ᾰίάποιξψ

2300 5085 2345 5120 ¹²
2390 5071 2853 5139 κατανωτίσασθαι
2891 5071 3115 5141 ’ὲυὶἀᾶε
3164 5086 3219 5140 h.
3277 5102 3327 5138 ν.
3370 5089 3423 5140 et
3470 5095 3589 5136 mox
3630 5071 3772 5146 μείζω·

2028 5114 2082 5137 υν
2113 5114 2152 5157 ξ
2183 5126 2195 5139 ι
2300 5114 2344 5120 -’
2394 5114 2853 5139 ιαιῑινωῖιυαυυιι
3164 5114 3219 5140 ῐΙ.
3281 5114 3327 5138 ν.
3370 5114 3423 5140 ει
3470 5114 3589 5136 ωυΔ
3630 5114 3771 5146 Γ⁹“Ὶ’“’
3937 5114 3939 5259 φ

2022 5253 2250 5311 NOTIE.
3928 5236 3939 5303 ll

2290 5352 2401 5423 (21)
2421 5350 2768 5433 Ptolemaeus
2782 5350 3129 5424 astrologus.
3146 5352 3288 5407 Tres
3303 5348 3393 5404 hic
3408 5359 3590 5402 versus
3606 5332 3775 5397 aliunde
3920 5326 3931 5459 ί

2290 5422 2537 5459 πηιηιιιηα
2587 5424 2737 5459 Am...
2790 5423 3167 5459 ηιιοοριιυ...ηι
3238 5427 3291 5459 .i
3341 5420 3521 5459 tum.
3568 5410 3774 5459 multane

2218 5410 2538 5479 inculcatas
2587 5424 2739 5479 docti
2790 5410 3191 5489 observarunt,
3238 5427 3294 5479 et
3340 5420 3527 5476 luxata
3568 5410 3774 5470 ωυιιιιο

2217 5496 2565 5551 detruncata
2604 5495 2663 5551 in
2696 5495 2804 5550 hac
2836 5497 2967 5551 ipsa
2995 5498 3126 5551 vita.

2285 5566 2405 5639 (22)
2434 5566 2704 5625 Proverb.
2738 5570 2797 5623 et
2826 5566 3049 5625 Homer.
