4090 6422
251 419 402 478 1297

1347 414 1881 475 ΒΙΒΗΟΤΗΕΟΑ.
1930 447 1986 456 -
2049 412 2222 474 COD.
2273 415 2544 474 CCXLII.

3487 418 3511 476 1
3526 418 3641 478 298

239 549 460 628 τρίποδι
490 558 590 620 τῆς
625 548 845 620 Μούσης
893 549 1194 618 καθήμενοι
1244 567 1490 616 ποιηται.
1548 551 1715 620 Θυμῷ
1762 545 1818 602 δὲ
1853 549 1879 583 ¹³

2008 550 2065 604 in
2081 549 2306 621 tripode
2322 565 2499 604 musa:
2513 548 3050 604 sedentestradunt.
3069 549 3188 604 Alia
3201 566 3328 621 quin
3345 550 3642 606 iracundia

243 639 658 712 διανισταμένην
707 634 987 691 πολιτείαν
1036 636 1133 703 τὴν
1177 633 1264 688 ἐπὶ
1315 634 1592 708 πογέμους
1633 637 1722 690 καὶ
1785 636 1884 708 μά.

243 749 370 805 χας,
417 731 506 784 xxi
556 728 629 788 ὼς
676 725 868 781 ἐπίπαν
917 724 1096 802 φάναι,
1145 725 1244 793 τὴν
1299 725 1422 793 περὶ
1473 724 1753 797 πρωτείων
1795 725 1884 778 καὶ

242 819 404 890 δόξης
433 813 990 892 ἀγωνιζομένηνρῖαν
1027 815 1072 851 ¹⁴
1098 809 1341 890 γενέσθαι
1367 813 1464 880 τὴν
1490 811 1577 866 ἐπὶ
1616 821 1716 881 τῆς
1748 815 1886 868 ἱστο-

245 909 361 984 ρίας
394 907 647 962 ἑκάστοτε
686 903 1064 980 θρυλουμένην
1103 901 1392 974 ἀκούομεν.
1424 901 1716 973 Ἐπιθυμίᾳ
1756 903 1802 937 ⁸⁵
1833 899 1888 956 δὲ

239 1000 338 1065 τὴν
371 1004 625 1070 πανταχῆ
660 991 1010 1070 διαβρίουσαν
1049 991 1140 1047 καὶ
1171 992 1274 1046 ὑπὸ
1323 995 1529 1065 τρυφῆς
1581 989 1886 1046 ἀκολάστου

242 1084 664 1164 διεφθαρμένην,
748 1084 976 1139 ταπεινᾶ
1037 1082 1129 1136 καὶ
1213 1085 1491 1156 γυναικεῖα
1570 1077 1884 1154 φρονοῦσαν,

241 1171 420 1246 δειλίᾳ
449 1174 691 1228 σύνοικον
725 1173 814 1227 καὶ
851 1171 902 1226 ἐν
933 1172 1077 1244 πάσῃ
1114 1171 1301 1240 ὑηνείᾳ
1341 1173 1381 1206 ³⁸
1429 1165 1884 1242 καλινδουμένην,

242 1261 660 1340 φιλοχρήμονα,
723 1265 1094 1336 μικροπρεπῆ,
1137 1257 1413 1313 δουλεύειν
1462 1256 1722 1334 ἀσφαλῶς
1769 1257 1883 1312 ἐθὲ-

243 1351 442 1407 λουσαν
475 1353 538 1420 Π,
591 1347 678 1404 οῖα
718 1353 823 1403 τῶν
873 1348 924 1402 ἐν
972 1352 1041 1420 τῇ
1085 1352 1176 1400 νῦν
1215 1347 1416 1422 γενέσει
1446 1345 1881 1419 πολιτευομένων

239 1444 274 1510 ἡ
339 1441 473 1511 ζωή.
541 1439 962 1512 Προθυμότατος
1013 1437 1087 1499 εἷς
1129 1434 1442 1509 ἀποδημίαν
1504 1436 1564 1489 οὐ
1619 1438 1714 1504 τὴν
1778 1437 1883 1510 μέ-

238 1550 389 1584 ταιον
455 1528 543 1582 καὶ
593 1531 900 1606 τρυφῶσαν,
961 1526 1036 1587 εἲς
1095 1527 1405 1600 ἀνθρώπινα
1459 1525 1884 1598 οἰκοδομήματα

239 1620 325 1674 καὶ
365 1617 560 1692 μεγὲοη
594 1617 684 1671 καὶ
714 1615 896 1684 κάλλη
929 1615 1140 1671 πόλεων
1189 1612 1574 1688 διαχαίνουσαν
1598 1635 1610 1648 ·
1656 1613 1782 1671 ἀλλ’
1835 1613 1887 1670 εἷ’

237 1709 344 1762 πού
391 1727 444 1760 τι
494 1707 801 1777 θαυμαστὸν
851 1705 1082 1774 ἀκήκοεν
1133 1706 1168 1775 ἢ
1222 1705 1561 1778 ἱεροπρεπὲς,
1603 1704 1798 1780 ἀφανὲς
1837 1705 1880 1740 ¹⁸

236 1798 272 1866 ἢ
305 1797 464 1875 φανὸν
499 1798 564 1866 ¹⁹,
605 1794 878 1863 αὐτόπτης
915 1791 1184 1864 ἠδούλετο
1233 1794 1477 1868 γενέσθαι
1513 1797 1610 1848 τοῦ
1661 1794 1878 1866 θαύμα-

1997 639 2384 702 inﬂammata,
2409 637 2468 692 in
2492 635 2639 692 bella
2660 643 2712 691 et
2739 651 2962 708 pugnas
2983 637 3116 706 ruit,
3138 641 3194 690 et
3217 641 3280 692 ut
3299 639 3640 694 summatim

1998 727 2208 790 dicam,
2243 727 2601 797 principatus
2633 731 2688 780 et
2719 725 2915 796 glorias
2968 726 3286 796 cupiditate
3337 731 3592 784 metuaris
3625 742 3640 781 :

1997 817 2326 886 cujusmodi
2378 815 2560 870 fuisse
2610 812 2945 869 audivimus
2992 831 3138 882 eam,
3182 816 3251 870 de
3283 832 3402 886 qua
3430 817 3641 870 crebre

1999 906 2358 960 narrationes
2381 904 2778 958 historiarum.
2805 903 2929 958 Alia
2961 921 3083 974 quae
3103 903 3363 976 appetitu
3399 905 3641 976 regitur,

1995 993 2134 1049 luxu
2169 999 2226 1050 et
2255 992 2479 1048 deliciis
2509 992 2804 1062 difﬂuens,
2839 1001 3134 1064 corrupta,
3176 995 3403 1065 abjecto
3435 1000 3492 1051 et
3523 1011 3645 1051 mu-

1995 1084 2159 1140 liebri
2189 1085 2385 1140 animo
2414 1083 2658 1156 ignaviae
2688 1083 2902 1152 dedita,
2934 1085 3157 1140 incerta
3203 1091 3358 1142 sorte
3398 1086 3642 1156 jactata,

1994 1191 2189 1240 avara,
2211 1173 2366 1242 vilis,
2392 1171 2640 1242 servilis,
2664 1171 2857 1244 qualis
2881 1191 3036 1230 nunc
3060 1178 3148 1230 est
3165 1174 3470 1231 hominum
3503 1175 3641 1233 vita.

1995 1263 2390 1333 Propendebat
2421 1263 2478 1317 in
2508 1261 3056 1334 peregrinationem,
3101 1281 3216 1318 non
3265 1280 3497 1333 vanam,
3543 1269 3644 1320 aut

1994 1353 2353 1418 deliciosam,
2385 1351 2704 1408 inhiantem
2751 1352 3074 1408 hominum.
3105 1353 3640 1410 substructionibus

1991 1442 2346 1512 spectandis,
2393 1446 2492 1496 aut
2541 1441 2782 1496 urbibus
2833 1442 3062 1514 magnis
3103 1459 3166 1498 ac
3202 1444 3456 1512 pulchris
3490 1460 3502 1499 :
3537 1444 3637 1500 sed

1991 1532 2176 1587 sicubi
2211 1531 2350 1602 quid
2394 1532 2720 1587 mirandum
2757 1531 3004 1600 audiret,
3027 1532 3120 1587 vel
3153 1539 3492 1602 augustum,
3517 1533 3639 1588 sive

1989 1620 2307 1686 occultum,
2339 1620 2459 1676 sive
2489 1625 2776 1690 apertum,
2813 1620 3284 1691 ipsismetoculis
3307 1621 3502 1677 videre
3532 1638 3638 1676 vo-

1991 1711 2162 1765 lebat.
2199 1710 2384 1781 Ipsam
2409 1710 2664 1764 animam
2691 1709 2747 1764 in
2774 1709 2956 1766 sacris
2981 1711 3250 1781 precibus
3271 1715 3458 1766 totum
3493 1709 3638 1764 divi-

1991 1796 2192 1851 nitatis
2225 1813 2505 1851 oceanum
2537 1813 2662 1852 esse
2689 1796 2836 1851 dixit
2869 1813 2883 1852 :
2917 1799 3106 1869 primo
3135 1815 3168 1854 a
3211 1815 3452 1870 corpore
3483 1799 3542 1853 in
3575 1813 3635 1853 se

234 1907 351 1947 τος.
384 1885 564 1955 Αὐτὴν
599 1882 655 1938 δὲ
683 1885 784 1954 τὴν
823 1884 1010 1958 ψυχὴν
1041 1883 1093 1937 ἐν
1124 1888 1244 1946 ταῖς
1285 1885 1456 1958 ἱεραῖς
1505 1884 1694 1958 εὐχαῖς
1742 1884 1876 1958 πρὸς

1995 1885 2290 1941 collectam
2319 1903 2333 1948 ;
2365 1885 2572 1941 deinde
2599 1904 2632 1942 a
2664 1887 2785 1942 suis
2819 1887 3080 1943 moribus
3105 1887 3484 1957 recedentem,
3517 1892 3574 1943 et
3605 1903 3639 1942 a

237 1974 368 2030 ὅλον
417 1973 480 2030 τὰ
529 1975 672 2028 θεῖον
726 1971 960 2047 πέλαγος
1013 1971 1188 2048 ἔλεγε,
1237 1974 1304 2026 τὰ
1355 1974 1447 2045 μὲν
1503 1977 1694 2047 πρῶτα
1754 1994 1880 2028 συν-

232 2061 590 2136 αγειρομένην
639 2060 746 2115 ἀπὸ
783 2063 879 2114 τοῦ
931 2060 1182 2130 σώματος
1235 2057 1308 2120 εἷς
1360 2059 1580 2128 ἑαυτὴν,
1630 2057 1783 2114 αὖθις
1825 2057 1880 2114 δὲ

233 2151 580 2225 ἐξισταμένην
634 2154 742 2204 τῶν
798 2146 948 2203 ἰδίων
997 2150 1145 2218 ἠθῶν
1201 2148 1290 2202 καὶ
1337 2147 1728 2223 ἀναχωροῦσαν
1771 2148 1877 2202 ἀπὸ

235 2245 343 2295 τῶν
401 2239 644 2316 λογικῶν
693 2237 912 2292 ἐννοιῶν
963 2235 1049 2292 ἐπὶ
1099 2237 1192 2299 τὰς
1241 2242 1320 2308 τῷ
1366 2241 1442 2306 νῷ
1493 2243 1787 2313 συγγενεῖς,
1821 2237 1879 2292 ἐκ

237 2326 286 2383 δ’
331 2327 396 2382 αὖ
444 2327 638 2402 τρίτων
695 2327 1049 2381 ἐνθουσιῶσαν
1109 2327 1196 2381 καὶ
1259 2325 1745 2397 παραλλάττουσαν
1803 2327 1879 2391 εἰς

237 2417 376 2487 ἀήθη
437 2417 558 2470 τινὰ
614 2415 865 2489 γαλήνην
919 2414 1008 2470 καὶ
1067 2413 1166 2468 οὐκ
1239 2413 1606 2486 ἀνθρωπίνην.
1678 2415 1874 2470 Τοῦτον

236 2504 468 2562 ἰπαινῶν
526 2501 806 2578 Ἰσίδωρος
873 2505 900 2558 ὁ
961 2502 1259 2579 φιλόσοφος
1316 2504 1451 2558 κατὰ
1507 2503 1682 2578 στόμα
1740 2505 1871 2579 εἶχε.

238 2592 594 2670 Μετριωτέρα
645 2593 749 2667 γὰρ
805 2594 975 2647 πειθὼ
1031 2592 1120 2646 καὶ
1175 2593 1486 2667 παραίνεσις
1539 2601 1639 2663 τῆς
1669 2595 1715 2630 εο
1769 2593 1874 2647 ἀπὸ

229 2689 339 2740 τῶν
368 2681 553 2738 ἄλλων
589 2682 771 2757 λόγων
809 2687 924 2742 τοῖς
955 2680 1192 2746 πολλοῖς
1232 2684 1267 2751 ἡ
1318 2683 1422 2738 ὰπὸ
1471 2689 1571 2753 τῆς
1610 2682 1874 2758 ἱστορίας,

230 2777 323 2830 καὶ
359 2774 570 2848 μᾶλλον
599 2781 696 2843 τῆς
726 2773 1093 2848 παλαιοτέρας
1125 2777 1160 2843 ἡ
1193 2775 1297 2830 ἀπὸ
1331 2783 1430 2844 τῆς
1479 2777 1742 2851 νεωτέρας
1783 2776 1870 2831 καὶ

232 2871 351 2926 τοῖς
412 2863 784 2938 ἀκροωμένοις
843 2863 1078 2940 φερουσά
1140 2885 1193 2917 τι
1278 2866 1726 2940 γνωριμώτερον.
1811 2865 1873 2919 Οἱ

232 2951 292 3008 δὲ
331 2951 420 3008 καί
461 2953 510 3008 ἐν
540 2958 656 3016 τοῖς
699 2951 1020 3028 Αἰγυπτίοις
1067 2953 1483 3030 φιλοσοφήμασι
1531 2955 1621 3009 τὸν
1667 2951 1870 3010 Ἰσίδωο

229 3064 324 3118 ρον
358 3045 608 3118 συνεργὸν
639 3042 726 3097 καὶ
778 3041 1180 3116 συγκυνηγέτην
1231 3038 1650 3118 παρελάμϐανον
1682 3045 1722 3079 ²¹
1773 3049 1872 3112 τῆς

226 3130 282 3186 ἐν
335 3129 485 3207 βυθῷ
541 3129 922 3205 κεκρυμμένης
964 3131 1038 3193 ὡς
1104 3130 1326 3200 ἀληθῶς
1383 3133 1530 3206 ἱερᾶς
1585 3130 1867 3202 ἀληθείας·

223 3221 316 3275 καὶ
357 3218 650 3295 πολλαχοῦ
683 3225 797 3296 φῶς
836 3221 1062 3288 ἀνῆπτεν
1096 3221 1280 3282 αὐτοῖς
1337 3221 1388 3275 ἐν
1440 3226 1557 3282 ταῖς
1611 3224 1866 3292 ζητήσεσι
1902 3196 1944 3263 C

222 3315 325 3380 τῆς
364 3309 779 3384 ἆρχαιοτρόπου
829 3309 1040 3382 σοφίας.
1093 3311 1170 3366 Τὸ
1221 3307 1277 3364 δὲ
1325 3309 1538 3384 σύμπαν
1587 3310 1734 3383 αὐτῷ
1774 3313 1872 3380 τῆς

223 3398 480 3472 εὐπορίας
513 3399 614 3454 οὐκ
641 3399 746 3452 ἀπὸ
782 3393 1014 3473 βιϐλίων
1047 3400 1138 3453 καὶ
1190 3397 1539 3472 δοξασμάτων
1591 3398 1872 3473 ἐπορίζετο

221 3485 534 3564 ἀλλοτρίων
579 3487 668 3542 διὰ
696 3490 944 3560 μνήμης,
990 3488 1116 3543 ἀλλ’
1175 3485 1280 3558 ἕξιν
1331 3489 1450 3543 τινὰ
1511 3485 1732 3564 βεϐαίαν
1787 3487 1877 3544 καί

220 3577 516 3652 πάμφορον
575 3575 837 3647 ἀληθείας
893 3584 992 3646 τῆς
1043 3598 1103 3652 γε
1159 3578 1414 3648 τοιαύτης
1483 3578 1572 3632 ἀπ’
1605 3580 1728 3653 [570
1780 3581 1874 3652 H.]

221 3667 406 3741 ἀρχῆς
436 3665 723 3738 ἐκτήσατο.
761 3666 858 3722 Καὶ
893 3663 1105 3720 δύσεται
1141 3671 1256 3729 τοῖς
1298 3666 1625 3740 ἀνθρώποις,
1673 3663 1763 3722 ἅτε
1815 3667 1875 3723 οὐ

225 3753 542 3828 δυναμένοις
629 3756 792 3811 αὐτοῦ
878 3757 1056 3832 φερειν
1127 3757 1226 3824 τὴν
1278 3755 1422 3810 θείαν
1477 3758 1526 3792 ²²
1582 3756 1876 3827 ἀνατολήν.

229 3845 583 3920 Ἠναγκάζετο
642 3846 689 3882 ³³
757 3844 1134 3918 ἐπιμελεῖσθαι
1193 3851 1292 3914 τῆς
1350 3851 1455 3900 τῶν
1525 3843 1730 3901 παίδων
1788 3847 1875 3901 εὐο

224 3933 488 4010 αγωγίας.
558 3935 659 3992 Καὶ
719 3935 826 4006 μὴν
885 3934 975 3989 καὶ
1033 3933 1086 3988 ἐν
1157 3939 1274 3996 ταῖς
1333 3933 1648 4011 ἐξηγήσεσιν
1737 3934 1876 3992 ἐνδε-

235 4023 448 4098 έστερος
505 4028 585 4096 τῷ
632 4023 785 4098 λόγῳ
839 4025 874 4095 ἢ
933 4021 1074 4079 ὥστε
1130 4024 1445 4098 ἑρμηνεύειν
1513 4027 1580 4078 τὰ
1619 4022 1882 4081 δοκοῦντα

234 4111 621 4189 ἀποχρώντως.
655 4113 727 4169 Οὐ
763 4114 869 4188 μὴν
901 4111 1012 4168 οὐδ’
1039 4111 1265 4169 ἐνταῦθα
1302 4111 1609 4185 ἀϐοήθητος
1656 4117 1722 4185 ἧν
1777 4117 1880 4172 ὑπὸ

232 4210 334 4273 τῆς
367 4202 574 4275 φύσεως
606 4203 696 4258 καὶ
734 4210 832 4270 τῆς
882 4202 1062 4274 ἄλλης
1111 4200 1366 4276 μελέτης,
1417 4203 1560 4260 ἀλλᾶ
1607 4201 1884 4261 κατεϐάλ-

237 4291 363 4346 λετο
394 4293 440 4328 ²⁴
492 4293 587 4365 μὲν
646 4289 887 4361 σπουδὴν
945 4293 1084 4366 πρὸς
1138 4295 1237 4364 τήν
1307 4295 1619 4371 σαφήνειαν,
1678 4297 1775 4364 τὴν
1823 4293 1881 4350 δὲ

234 4385 340 4436 τῶν
394 4381 677 4453 ὀνομάτων
738 4381 1029 4456 εὐρυθμίαν
1091 4381 1268 4461 ἀφιεὶς
1322 4384 1526 4446 ὲτέοοις
1580 4385 1716 4459 πρὸς
1773 4384 1884 4442 ἐπί-

238 4467 398 4540 δειξιν
447 4468 628 4546 εἴχετο
687 4476 795 4525 τῶν
841 4475 1203 4544 πραγμάτων,
1253 4473 1314 4526 οὐ
1364 4470 1562 4548 λόγους
1603 4475 1665 4529 τὸ
1713 4475 1880 4531 πλέον
1915 4513 1960 4577 D

244 4558 270 4577 ,κ
385 4561 398 4577 ,
587 4560 612 4577 η
739 4559 750 4577 1
955 4561 998 4577 ,ι
1099 4557 1170 4577 η.
1305 4563 1317 4577 .
1513 4561 1606 4577 ,η
1721 4565 1744 4577 ..
1831 4565 1844 4577 .

235 4558 270 4628 ἢ
302 4561 514 4630 νοήσεις
547 4559 921 4636 φθεγγόμενος
955 4561 1020 4630 ²⁶,
1055 4557 1180 4616 οὐδὲ
1218 4563 1432 4632 νοήσεις
1470 4561 1682 4635 μᾶλλον
1712 4565 1746 4634 ἢ
1791 4565 1882 4628 τὰς

241 4648 423 4710 οὐσίας
504 4649 679 4706 αὐτῶν
741 4653 846 4703 τῶν
931 4650 1265 4726 πραγμάτων
1353 4649 1500 4730 ἄγων
1578 4653 1654 4716 εἰς
1743 4659 1878 4732 φῶς.

237 4739 350 4808 Τήν
383 4739 506 4814 περὶ
552 4737 614 4793 τὸ
646 4745 800 4794 Θεῖον
835 4739 882 4776 ²⁶
913 4740 1292 4816 ἁγιστεύουσαν
1323 4742 1502 4814 θέμιν.
1551 4741 1882 4819 Εὐφραίνετο

242 4825 298 4882 δὲ
331 4828 470 4902 ὁρῶν
501 4829 592 4883 τὸν
630 4826 878 4903 Πρόκλον
921 4831 949 4885 ὁ
1001 4827 1280 4905 Ἰσίδωρος
1331 4827 1538 4886 αἰδοῖόν
1571 4833 1616 4868 2⁷
1671 4845 1721 4888 τε
1768 4832 1884 4906 ἅμα

239 4917 330 4972 καὶ
362 4913 533 4970 δεινὸν
565 4915 722 4986 ἰδεῖν,
763 4917 892 4974 αὐτὸ
924 4916 1097 4974 δοκῶν
1144 4918 1256 4975 ἐκεῖ
1305 4921 1431 4993 ὁρᾷν
1457 4921 1505 4956 ²δ
1549 4921 1611 4976 τὸ
1659 4919 1884 4986 φιλοσο-

241 5005 368 5081 φίας
449 5011 527 5078 τῷ
624 5004 738 5063 ὅντι
819 5007 1134 5082 πρόσωπον.
1189 5009 1340 5062 Ἐπεὶ
1397 5009 1486 5064 καὶ
1546 5011 1573 5064 ὁ
1635 5011 1883 5086 Πρόκλος

240 5093 507 5169 ἐθαύμαζε
531 5101 626 5152 τοῦ
658 5094 940 5171 Ἰσιδώρου
969 5099 1031 5152 τὸ
1062 5095 1208 5159 εἶδος
1248 5099 1321 5161 ὡς
1371 5093 1547 5154 ἔνθεον
1594 5102 1682 5155 καὶ
1731 5101 1886 5169 πλῆ-

239 5202 326 5256 ρες
391 5183 438 5219 29
494 5183 622 5239 εἶ’σω
680 5182 988 5261 φιλοσόφου
1041 5189 1208 5254 ζωῆς.
1270 5185 1330 5242 Ὀ
1402 5183 1458 5242 δὲ
1552 5187 1885 5254 Σαλούστιος

239 5273 422 5329 οὐκέτι
477 5279 558 5347 τῷ
617 5270 900 5346 δικανικῷ,
953 5271 1082 5329 ἀλλ’
1131 5271 1240 5345 ἤδη
1308 5279 1388 5348 τῷ
1437 5284 1732 5354 σοφιστικῷ
1784 5280 1887 5355 βίῳ

1991 1974 2376 2028 rationalibus
2407 1974 2744 2029 notionibus
2776 1974 3178 2031 deﬂectentem
3224 1975 3294 2029 ad
3342 1991 3456 2042 res,
3509 1990 3636 2048 qua:

1992 2062 2171 2118 menti
2195 2067 2456 2134 cognatas
2479 2067 2643 2126 sunt;
2661 2063 2828 2118 tertio
2850 2063 3130 2120 divinitus
3153 2064 3413 2120 altlatam
3435 2069 3492 2119 et
3515 2080 3640 2119 mu-

1990 2155 2166 2205 tatam
2199 2151 2258 2205 in
2290 2151 2582 2206 insolitam
2616 2151 3010 2218 serenitatem,
3036 2169 3148 2208 non
3174 2151 3637 2220 humanam,sed

1987 2240 2102 2296 Deo
2133 2241 2595 2296 convenientem.
2631 2243 2794 2295 Hunc
2827 2241 3076 2296 laudans
3117 2242 3380 2298 Isidorus
3428 2242 3486 2296 in
3540 2255 3638 2296 ore

1989 2331 2213 2385 habuit.
2248 2329 2617 2386 Commodior
2645 2330 2799 2386 enim
2837 2332 3162 2402 persuasio,
3207 2331 3634 2403 praeceptioque

1987 2436 2100 2490 pra
2132 2419 2264 2474 aliis
2297 2419 2576 2484 materiis,
2607 2419 2780 2491 vulgo
2814 2419 2886 2474 ab
2918 2419 3176 2486 historia,
3218 2426 3276 2476 et
3321 2418 3570 2475 maxime
3601 2434 3636 2473 a

1987 2511 2305 2564 recentiore
2337 2509 2530 2579 potius
2562 2525 2736 2579 quam
2769 2509 3123 2580 antiquiore,
3167 2515 3222 2564 et
3253 2509 3632 2565 audientibus

1985 2598 2204 2667 aliquid
2241 2597 2438 2652 notius
2468 2598 2736 2653 atterens.
2770 2603 2844 2652 At
2872 2597 2957 2652 illi
2991 2598 3048 2652 in
3083 2597 3409 2668 disciplinis
3451 2597 3630 2653 etiam

1983 2687 2267 2758 Egyptiis
2309 2687 2592 2740 lsidorum
2629 2685 3268 2758 socium,sodalemque
3300 2700 3632 2756 assumpse-

1984 2782 2122 2830 runt
2144 2776 2531 2846 investigandi
2549 2777 2848 2831 veritatem
2868 2792 3248 2846 sacram,quas
3266 2775 3324 2830 in
3343 2773 3630 2845 profundo

1983 2863 2205 2933 lateret,
2230 2870 2286 2919 et
2307 2863 2424 2919 illis
2451 2881 2602 2936 saepe
2625 2864 2682 2918 in
2708 2865 3133 2936 quaestionibus
3156 2864 3405 2934 antique
3437 2863 3628 2921 85Gb

1982 2955 2276 3027 sapientiae
2309 2953 2508 3010 lumen
2541 2955 2824 3010 accendit.
2847 2955 3049 3011 Omnis
3079 2954 3166 3010 illi
3187 2953 3418 3010 solertia
3448 2970 3562 3010 non
3594 2971 3630 3009 a

1983 3045 2145 3101 libris
2177 3050 2232 3100 et
2262 3045 2590 3116 disciplinis
2622 3043 2832 3102 alienis
2863 3063 2965 3118 per
3014 3043 3354 3101 memoriam
3405 3061 3627 3116 suppe-

1981 3139 2160 3208 tebat,
2195 3138 2292 3193 sed
2325 3137 2590 3192 habitum
2617 3137 2927 3208 quemdam
2954 3137 3188 3192 ﬁrmum
3211 3143 3266 3193 et
3283 3135 3626 3192 fecundissi-

1984 3245 2166 3292 mum,
2195 3227 2290 3298 qui
2322 3226 2518 3282 omnia
2556 3225 3068 3296 comprehenderet
3117 3225 3298 3296 hujus
3344 3223 3624 3294 veritatis,

1984 3319 2056 3374 ab
2079 3317 2244 3373 initio
2265 3317 2493 3373 habuit.
2513 3321 2580 3372 Et
2611 3318 2834 3373 occidet
2862 3315 3222 3385 hominibus,
3251 3320 3312 3372 ut
3342 3315 3441 3388 qui
3474 3314 3626 3370 divi-

1985 3425 2126 3464 num
2159 3407 2287 3478 ejus
2318 3413 2504 3463 ortum
2530 3407 2677 3464 ferre
2699 3412 2988 3478 nequeant
3015 3423 3028 3462 :
3059 3412 3293 3462 coactus
3315 3410 3405 3461 est
3424 3419 3626 3461 curam

1983 3497 2238 3552 filiorum
2270 3513 2493 3570 gerere,
2533 3505 2590 3551 ut
2619 3497 2768 3552 bene
2807 3495 3276 3552 instiluerentur.
3309 3494 3628 3552 Verborum

1983 3587 2043 3641 in
2071 3585 2412 3656 explicando
2439 3585 2666 3656 parcior
2695 3585 2821 3652 fuit,
2856 3601 3024 3656 quam
3064 3589 3128 3640 ut
3149 3584 3290 3640 satis
3315 3599 3489 3640 sensa
3511 3581 3633 3638 ani-

1986 3677 2062 3734 mi
2118 3675 2433 3747 explicaret
2478 3692 2492 3730 :
2544 3691 2727 3744 neque
2775 3675 2930 3730 enim
2980 3677 3214 3740 natura,
3270 3673 3632 3728 exercitatio-

1986 3783 2098 3836 que
2151 3781 2284 3820 eum
2341 3763 2435 3818 hic
2494 3763 2867 3822 destituebat,
2929 3762 3030 3817 sed
3089 3761 3346 3815 studium
3398 3760 3524 3832 ipse
3559 3760 3632 3814 ad

1989 3853 2460 3926 perspicuitatem
2492 3851 2883 3907 convertebat.
2917 3849 3228 3904 Nominum
3272 3847 3633 3904 concinnita-

1990 3953 2098 3998 tem
2131 3947 2187 3996 et
2217 3940 2667 3996 ostentationem
2697 3939 2829 3994 aliis
2860 3937 3352 4009 relinquens,rem
3375 3941 3635 3992 sectatus

1988 4037 2074 4088 est
2106 4047 2118 4084 :
2155 4047 2268 4086 non
2302 4029 2469 4101 plura
2499 4028 2677 4084 verba
2709 4027 2940 4083 locutus
2969 4043 3150 4098 quam
3193 4043 3366 4082 sensa
3421 4023 3636 4082 mentis

1989 4123 2208 4187 essent,
2241 4133 2426 4188 neque
2457 4117 2626 4188 plura
2656 4133 2822 4173 sensa
2850 4133 3023 4188 quam
3061 4132 3256 4171 rerum
3289 4119 3501 4170 natura
3533 4130 3638 4185 pa-

1991 4213 2225 4276 teretur,
2259 4207 2572 4276 justitiam,
2605 4223 2731 4278 quaa
2767 4207 2944 4262 Deum
2980 4210 3306 4274 veneratur,
3345 4203 3406 4260 in
3457 4203 3637 4260 lucem

1992 4301 2203 4357 terens.
2239 4299 2544 4355 Gaudebat
2571 4299 2833 4356 Isidorus
2863 4297 2984 4354 viso
3015 4296 3239 4364 Proclo,
3272 4301 3432 4350 ratus
3475 4293 3536 4350 in
3567 4309 3634 4350 eo

1991 4405 2054 4446 se
2074 4387 2466 4446 venerandum
2490 4393 2548 4444 et
2576 4403 2812 4460 gravem
2845 4386 3228 4460 philosophia
3249 4383 3475 4441 vultum
3505 4397 3639 4440 vere

1991 4479 2206 4536 videre.
2266 4479 2406 4534 Cum
2469 4478 2646 4533 etiam
2704 4476 2948 4532 Proclus
3007 4473 3214 4532 Isidori
3283 4473 3491 4531 faciem
3575 4478 3641 4529 ut

1993 4569 2250 4625 divinam
2302 4565 2476 4622 fuerit
2527 4567 2798 4636 miratus,
2857 4564 3142 4636 plenaque
3207 4564 3369 4621 intus
3453 4561 3640 4636 philo-

1995 4658 2218 4732 s0phiae
2265 4658 2414 4714 vita.
2464 4656 2756 4713 Salustius
2809 4671 2922 4712 non
2971 4653 3224 4726 amplius
3271 4653 3508 4720 forensi,
3538 4651 3637 4709 sed

1993 4749 2255 4806 oratoria
2303 4748 2411 4802 arti
2461 4747 2708 4804 intendit
2751 4745 3040 4801 animum.
3085 4742 3418 4800 Publicatas
3460 4740 3635 4799 etiam

1997 4835 2402 4894 Demosthenis
2456 4835 2748 4892 orationes
2807 4833 3098 4890 memoria
3159 4830 3456 4888 mandavit
3510 4844 3636 4887 om-

1994 4943 2118 4983 nes.
2175 4927 2384 4982 Adhaac
2443 4927 2587 4982 satis
2635 4929 2760 4981 erat
2807 4923 3082 4992 disertus,
3137 4938 3254 4978 non
3289 4919 3640 4976 recentiores

1993 5016 2287 5088 suphistas
2309 5016 2571 5080 imitans,
2589 5015 2687 5070 sed
2714 5031 2846 5069 cum
2870 5018 3063 5068 vetere
3084 5008 3422 5082 scriptionis
3447 5007 3641 5078 splen-

1993 5107 2131 5161 dore
2160 5111 2407 5172 certans,
2439 5107 2844 5174 orationesque
2874 5101 3108 5170 scripsit
3140 5116 3252 5155 non
3293 5097 3474 5154 multo
3522 5095 3640 5151 illis

1994 5195 2320 5250 inferiores.
2352 5193 2535 5248 Nudis
2569 5193 2814 5264 pedibus
2845 5191 3040 5246 orbem
3074 5199 3384 5254 terrarum,
3418 5191 3482 5241 ut
3525 5186 3636 5242 fer-

1992 5289 2108 5350 tur,
2141 5283 2366 5338 ambiit.
2399 5277 2536 5350 Ἕδη
2571 5283 2726 5353 capit
2756 5297 2858 5352 pro
2889 5281 3034 5352 ipsis
3065 5277 3342 5335 delubris.
3398 5275 3640 5333 Ponitur

1591 5407 1836 5463 VARl/E
1881 5409 2294 5468 LECTIUNES.

313 5531 358 5569 1³
389 5525 446 5582 δὲ
475 5531 687 5604 o_m.__A.
736 5530 814 5604 ﬂ“
851 5531 960 5584 οἷον
993 5536 1059 5586 Α.
1141 5531 1183 5567 ⁸⁸
1214 5529 1502 5604 ἐπιθυμίαν
1538 5541 1596 5604 Β.

241 5604 286 5640 ¹⁹
315 5599 540 5678 φανερόν
731 5601 776 5638 ²⁰
803 5607 902 5669 τῆς
937 5610 984 5660 Α
1019 5621 1030 5658 :
1063 5606 1178 5664 τοῖς

241 5677 304 5730 Α.
382 5671 430 5708 ²⁴
459 5691 585 5726 κατε
627 5669 788 5725 ἀλετο
820 5679 882 5730 Α,
960 5675 1004 5710 ³⁸
1034 5675 1200 5730 φθεγγ
1243 5699 1287 5730 ω

239 5669 338 5752 ᾼσξ
382 5669 788 5752 “iunia”?
820 5679 914 5752 Αο.
960 5675 1004 5752 '3
1034 5675 1200 5752 φοεγγ

1675 5534 1726 5608 ίξ
1753 5534 1942 5606 ὑηνείᾳ
1971 5540 2012 5592 Α
2049 5553 2060 5591 :
2098 5530 2303 5608 κυϐείᾳ.

1365 5602 1408 5640 ²¹
1449 5602 1855 5676 συνελάμϐανον
1891 5602 1950 5676 Β,

1309 5697 1400 5748 νος
1434 5675 1558 5732 οὐδὲ
1584 5675 1800 5748 νοήσεις
1839 5697 1954 5748 om.
1989 5687 2058 5740 A.

2385 5533 2426 5571 ‘7
2456 5532 2721 5589 θέλουσαν
2919 5533 2965 5570 ¹⁸
2994 5532 3206 5610 ἀφανὲς]
3237 5531 3270 5602 ἢ
3323 5529 3516 5608 ἀφανὲς
3569 5532 3638 5587 Α.

2313 5604 2557 5640 θάρρη...
2605 5614 2631 5640 Α
2737 5607 2760 5640 ι
2812 5605 3170 5640 summarum
3205 5603 3336 5640 εγω..
3391 5602 3637 5640 Jan".

2029 5609 2075 5644 ²²
2107 5603 2274 5682 θείαν]
2302 5604 2557 5676 ἀλήθειαν
2595 5614 2660 5662 Α.
2737 5603 2793 5641 ³³
2812 5603 3170 5680 ἠναγκάζετο]
3192 5603 3340 5658 εἶναι
3372 5603 3637 5672 ἐῗκάζετο

2029 5725 2056 5729 λ-
2133 5683 2176 5718 ³⁵
2205 5685 2309 5729 τῶν
2343 5679 2498 5729 θείων
2535 5683 2597 5729 Α.
2676 5679 2720 5714 2⁷
2759 5675 2968 5729 αἰδοῖον
3017 5711 3084 5722 --
3125 5674 3322 5729 δεινὸν]
3373 5671 3521 5729 αἰδοῖ
3567 5705 3638 5720 -ο

2133 5683 2176 5718 ²⁶
2205 5674 2309 5735 τῶν
2343 5674 2498 5735 θείων
2531 5683 2597 5736 Α.
2676 5679 2720 5714 2⁷
2759 5674 2968 5733 αἰδοῖόν
3017 5674 3084 5722 ιζ-
3125 5674 3324 5750 δεινὸν]

243 5743 418 5820 δείμω
450 5745 510 5802 Β.
587 5745 634 5782 ³⁸
662 5742 864 5800 ἐκεῖνον
893 5742 1156 5821 6ρῶνἈ.”
1180 5742 1255 5785 ’³9
1283 5745 1494 5824 πλῆρες
1534 5742 1744 5809 Suidas
1774 5769 1827 5810 v.
1861 5747 2021 5812 Εἶδος
2054 5770 2066 5808 :
2101 5750 2320 5828 πλήρης
