4100 6242
273 358 421 420 i301

1369 358 1913 420 BIBLIOTHECA.
1962 391 2034 403 —
2079 361 2251 420 COD.
2298 362 2575 424 CCXLII.

3516 363 3673 428 1302
3768 314 3773 319 ’

267 497 509 566 Μαρῖνος
550 491 599 565 ἐξ
650 493 890 561 Ἀθηνῶν
932 489 1009 553 εἷς
1049 489 1373 565 Ἐπίδαυρον
1438 490 1775 566 ἀνεχώρησε,
1821 490 1895 546 τὰ

2032 491 2389 551 indefessam
2420 496 2801 563 alacritatem,
2834 497 3097 553 discendi
3128 499 3391 555 ardorem
3430 499 3672 557 insatia-

265 581 401 660 ἄχρι
432 585 531 636 106
570 581 826 655 σώματος
858 575 1215 641 ἐκϐαινούσας
1273 577 1569 644 ἐπιϐουλὰς
1603 580 1915 658 ,ὑφορώμε-

262 691 377 731 νος.
437 671 497 727 Ὀ
554 669 611 724 δὲ
669 674 926 742 Μαρῖνος,
985 667 1076 724 καὶ
1138 667 1663 741 αὐτὸςὸΠρόκ).ος,
1728 667 1789 723 ού
1845 672 1915 741 τῇ

266 756 424 832 ἒτέρᾳ
467 758 656 830 μόνον,
687 754 817 811 ἀλλ’
848 756 1049 833 ἀμφοῖν
1072 762 1186 811 τοῖν
1221 758 1265 792 ⁴⁸
1296 761 1485 832 χεροῖν
1512 761 1609 811 106
1634 754 1916 829 Ἰσιδώρου

263 847 633 921 περιείχοντο.
671 847 730 903 Ὀ
775 842 831 901 δὲ
865 842 1113 919 Πρόκλος
1164 848 1304 920 ὁρῶν
1354 845 1517 900 αὐτοῦ
1566 848 1665 915 τὴν
1707 847 1917 917 προθυ-

269 937 397 1011 μίαν
430 934 656 1009 ἃτρυτον
697 934 855 990 οὖσαν
906 935 995 989 καὶ
1040 937 1139 1003 την
1189 934 1549 1012 φιλομάθειαν
1599 935 1910 1010 ἀκόρεστον,

262 1026 450 1103 πηγὰς
480 1023 660 1101 λόγων
693 1026 769 1086 εἰς
798 1026 899 1093 τήν
946 1024 1151 1080 ἐκείνου
1203 1026 1389 1100 ψυχὴν
1432 1023 1606 1101 ἀφιείς
1645 1027 1807 1099 ἱερῶν
1856 1045 1913 1079 τε

265 1115 357 1170 καὶ
414 1114 754 1194 φιλοσόφων,
806 1114 1138 1187 γαννύμενος
1187 1113 1330 1186 αύτῷ
1371 1112 1599 1169 διετέλει
1647 1112 1908 1169 πλατεῖαν

265 1204 528 1279 ὑπέχοντι
582 1203 672 1258 καὶ
722 1203 983 1279 ἀριήκοον
1032 1206 1131 1273 τὴν
1172 1211 1274 1273 τῆς
1323 1201 1563 1266 διανοίας
1604 1200 1906 1278 ὑποδοχήν.

260 1291 380 1360 Εῖξε
411 1288 603 1353 δεδιὼς
646 1292 745 1360 τήν
798 1292 1053 1365 ἑκατέρου
1105 1292 1420 1365 ἐπιτίμησιν
1462 1292 1551 1346 καὶ
1584 1293 1696 1363 ἅμα
1726 1290 1905 1363 λύπην

256 1379 679 1454 ἀγανακτοῦσαν.
751 1386 991 1436 Ἕσεισεν
1046 1381 1291 1461 ὑπερφυῆ
1358 1402 1479 1437 τινα
1547 1379 1766 1454 σεισμόν
1812 1384 1903 1437 καὶ

255 1468 317 1523 ού
351 1470 560 1547 φύσεως
595 1468 832 1544 ἔκγονον.
864 1471 965 1527 ἾΙν
1001 1471 1101 1543 ἄρα
1131 1490 1213 1531 τις
1244 1471 1470 1539 Ἀττική
1507 1471 1666 1546 γυνὴ,
1691 1468 1908 1534 πολλάς

257 1553 434 1612 εἰδυῖα
468 1558 722 1633 μηχανὰς
755 1558 831 1619 εἰς
868 1560 1030 1631 [1072
1063 1560 1149 1632 3.]
1188 1560 1381 1627 πειθὼ,
1435 1560 1508 1621 ὡς
1557 1555 1805 1629 διέδειξεν
1839 1562 1902 1597 ⁴⁹σ

257 1647 334 1705 Οὐ
370 1652 469 1720 μιᾷ
507 1650 555 1684 ⁵ο
605 1649 751 1727 χειρὶ
796 1646 1140 1723 δωρούμενος
1187 1647 1315 1705 ἀλλ’
1359 1649 1585 1727 ἀμφοῖν,
1637 1650 1773 1704 κατὰ
1809 1651 1908 1719 τὴν

257 1736 581 1813 παροιμίαν.
613 1741 870 1799 Τοιοῦτος
909 1739 975 1807 ἧν
1023 1738 1086 1793 τό
1134 1759 1193 1794 τε
1221 1740 1267 1774 ⁵ί
1310 1743 1467 1811 σῶμα
1513 1738 1606 1793 καὶ
1653 1740 1751 1807 τὴν
1802 1743 1903 1813 ψυ-

2028 581 2449 651 bilem,multas
2467 584 2526 640 in
2551 584 2708 641 illius
2725 583 2991 640 animum
3016 584 3277 641 derivare
3301 585 3595 644 doctrinas
3616 591 3673 643 et

2028 687 2224 728 sacras
2244 678 2300 727 et
2325 673 2759 745 philosophicas
2773 673 3030 738 gaudens
3048 676 3486 744 perrexit,sinus
3510 693 3670 733 men-

2027 761 2101 815 tis
2132 761 2214 816 illi
2250 763 2579 833 pandentis,
2614 770 2670 818 et
2697 764 2970 819 audiendi
2992 764 3325 834 cupidinem
3348 765 3665 821 atterentis.

2023 851 2200 906 Cessit
2221 859 2483 908 metuens
2509 852 2807 924 utriusque
2829 854 3664 925 reprehensionem,querelam

2022 945 2078 994 et
2100 939 2909 1011 indignationem.Concitavit
2929 942 3329 998 incredibilem
3356 942 3668 1013 quemdam

2024 1032 2269 1095 motum,
2300 1044 2552 1098 eumque
2580 1045 2698 1085 non
2729 1046 2762 1085 a
2791 1035 3001 1086 natura
3030 1032 3376 1102 profectum.
3412 1029 3543 1085 Fuit
3570 1047 3665 1085 sa-

2022 1132 2092 1171 ne
2126 1116 2313 1172 Attica
2344 1116 2569 1185 mulier,
2602 1134 2731 1189 quas
2763 1117 2980 1174 multas
3012 1123 3178 1175 norat
3219 1127 3373 1175 artes
3423 1135 3664 1192 persua-

2020 1206 2215 1273 dendi,
2248 1212 2313 1263 ut
2342 1207 2467 1278 ipse
2488 1208 2779 1276 docuerat,
2815 1226 2928 1265 non
2982 1226 3099 1266 una
3148 1227 3346 1280 manu,
3382 1214 3445 1267 ut
3471 1208 3661 1280 loqui-

2020 1313 2174 1361 mur,
2205 1298 2305 1353 sed
2338 1298 2627 1353 ambabus
2659 1297 2932 1370 largiens.
2966 1300 3121 1354 Talis
3166 1300 3275 1354 fuit
3321 1315 3561 1370 corpore
3607 1303 3666 1355 et

2019 1387 2238 1452 animo,
2273 1392 2339 1441 ut
2380 1386 2441 1454 ii,
2493 1403 2624 1442 cum
2674 1389 2891 1458 quibus
2934 1388 3380 1459 colloqueretur.
3426 1390 3662 1461 quando

2016 1482 2251 1545 tempus
2282 1481 2426 1541 erat,
2461 1477 2767 1531 severitate
2793 1485 2844 1531 et
2869 1478 3195 1532 constantia
3219 1494 3439 1533 morum
3466 1481 3663 1533 verbo-

2019 1582 2266 1637 rumque
2296 1565 2724 1636 obslupuerint.
2757 1565 3061 1621 Gratiosus
3092 1576 3213 1621 erat
3244 1568 3396 1635 apud
3441 1567 3663 1638 gratio-

2017 1671 2134 1711 sos.
2168 1655 2313 1710 Loco
2340 1654 2714 1726 philosophia:
2745 1655 2963 1726 otiique
3010 1655 3215 1724 felicis,
3240 1655 3313 1711 ad
3346 1655 3660 1726 rempubli-

2017 1761 2143 1800 cam
2193 1745 2453 1816 seipsum
2504 1750 2561 1800 et
2609 1746 2678 1799 ad
2734 1745 3105 1815 magistratus
3140 1747 3406 1800 contulit.
3438 1743 3661 1802 Natura

258 1827 389 1901 χὴν,
422 1826 561 1882 ὥστε
589 1826 1040 1903 καταπληγνύναι
1076 1828 1125 1864 ⁵²
1169 1832 1239 1902 τῇ
1291 1826 1508 1899 συννοίᾳ
1547 1830 1674 1888 τοὺς
1718 1828 1895 1905 ἐντυγ-

2012 1836 2415 1891 contentiosus
2445 1840 2590 1899 erat,
2623 1838 2681 1889 et
2709 1833 3124 1904 insuperabilis
3150 1835 3206 1888 in
3233 1834 3439 1906 quavis
3463 1850 3543 1900 re,
3566 1833 3655 1890 cui

253 1914 539 1990 χάνοντας,
602 1914 766 1985 ἡνίκα
821 1915 1010 1989 καιρὸς
1069 1915 1135 1985 ἦν
1187 1918 1518 1990 σεμνότητος
1559 1918 1645 1971 καὶ
1703 1912 1899 1990 ἐμϐρι-

252 2003 513 2079 θεστέρων
548 2007 693 2075 ἠθῶν
721 2025 780 2059 τε
809 2006 896 2060 καὶ
959 2004 1160 2075 λόγωνσ
1213 2006 1425 2082 χαρίεις
1476 2005 1523 2061 δ’
1571 2004 1636 2062 αὖ
1682 2007 1731 2042 ⁵³
1760 2009 1894 2082 πρὸς

251 2094 379 2158 τοὺς
412 2094 716 2171 χαρίεντας.
753 2098 894 2155 Ἀντί
926 2100 1029 2172 γάρ
1061 2096 1389 2176 φιλοσοφίας
1426 2097 1516 2151 καὶ
1540 2096 1896 2172 ἀπραγμοσύ-

248 2206 346 2255 νης
386 2182 707 2257 εὐδαίμονος
763 2186 839 2248 εἰς
888 2186 1167 2243 πολιτείαν
1219 2187 1408 2241 ἑαυτὸν
1460 2187 1548 2241 καὶ
1597 2188 1673 2250 είς
1722 2187 1895 2261 ἀρχὰς

252 2273 440 2344 έξέωσε
469 2271 664 2350 φέρων.
709 2274 873 2332 Φύσει
907 2275 965 2331 δὲ
997 2274 1070 2331 ὢν
1121 2274 1432 2353 φιλόνεικος
1482 2276 1571 2331 καὶ
1622 2275 1895 2347 ἀήττητος

250 2363 331 2444 ἐφ’
361 2365 392 2420 6'
420 2385 474 2421 τι
504 2362 565 2420 ἅν
605 2367 892 2441 ὁρμήσειε,
925 2370 1012 2423 καὶ
1047 2365 1339 2445 φιλόδοξος
1371 2368 1444 2430 ὡς
1480 2367 1580 2422 οὐκ
1609 2366 1722 2422 οἷδ’
1753 2368 1801 2423 εἷ
1850 2369 1898 2403 ⁵⁸

245 2453 428 2531 ἓτερος
478 2453 566 2511 ἐπὶ
615 2456 826 2530 τιμίοις
865 2459 912 2495 ⁵⁸
952 2454 1130 2534 ἔργοις
1182 2478 1240 2512 τε
1290 2458 1379 2513 καὶ
1422 2454 1614 2532 λόγοις
1663 2458 1752 2511 καὶ
1797 2458 1897 2526 τὴν

247 2544 439 2619 ἀρετὴν
470 2545 548 2609 εἰς
576 2546 636 2600 τὸ
670 2542 770 2616 ἔξω
801 2547 1102 2623 προάγουσι
1134 2554 1234 2618 τῆς
1265 2550 1471 2622 ψυχῆς,
1506 2567 1899 2621 προσκρουστι-

242 2634 334 2695 κὸς
362 2633 557 2690 ἂεὶκαὶ
592 2634 963 2708 ἁμιλλητικὸς
1016 2637 1153 2711 πρὸς
1201 2634 1330 2699 τοὺς
1387 2636 1753 2716 ὑπερέχοντας
1800 2637 1892 2705 ἦν.

2012 1925 2273 1980 animum
2306 1924 2709 1995 applicuisset.
2743 1922 2952 1979 Gloriae
2985 1940 3194 1979 amans
3233 1924 3280 1979 si
3331 1922 3461 1993 quis
3505 1921 3660 1979 alius

2011 2013 2428 2084 objurgatoriis
2460 2012 2651 2067 verbis
2682 2013 3068 2084 operibusque
3098 2028 3261 2079 usus,
3293 2019 3351 2068 et
3378 2028 3513 2083 quas
3543 2015 3656 2068 vir-

2011 2107 2191 2158 tutem
2227 2102 2405 2157 animi
2439 2102 2589 2156 foras
2621 2102 3025 2171 producerent.
3059 2101 3202 2156 Cum
3250 2100 3650 2171 superioribus

2008 2207 2237 2263 semper
2258 2191 2575 2246 contendit.
2599 2191 2768 2245 Solus
2790 2191 2972 2245 voluit
2992 2192 3050 2246 in
3076 2191 3258 2261 pretio
3279 2190 3499 2253 haberi.
3515 2206 3649 2244 cum

2008 2282 2237 2337 deesset
2277 2279 2361 2335 illi
2410 2279 2672 2349 comitas,
2725 2297 2852 2353 quae
2902 2281 3263 2352 superiorem
3308 2286 3646 2335 reveretur:

2008 2370 2234 2441 plurimi
2297 2386 2428 2425 vero
2484 2370 2848 2439 respiciendo
2896 2369 2971 2425 ad
3030 2368 3270 2440 antiqua
3317 2369 3646 2440 sperabant.

2005 2459 2868 2530 Pamprepiusinstrumentum
2908 2458 3185 2514 idoneum
3236 2458 3348 2513 fuit
3396 2457 3652 2513 necessio

2003 2549 2138 2603 tatis
2171 2547 2430 2603 reﬂantis
2466 2544 2772 2605 honestati.
2804 2546 3161 2603 Procedente
3190 2551 3453 2619 tempore
3483 2543 3649 2614 dixit,

2004 2654 2107 2709 pro
2138 2654 2204 2692 eo
2236 2637 2392 2708 quod
2426 2637 2628 2692 instat.

242 2719 540 2780 Ἥϐούλετο
574 2722 630 2781 δέ
683 2725 848 2800 μόνον
887 2726 1181 2798 ἀξιωθῆναι
1242 2728 1269 2781 6
1327 2724 1582 2801 δεόμενος
1633 2735 1733 2795 τῆς
1788 2728 1879 2782 τὸν
1941 2724 2179 2799 ἄρχοντα
2242 2723 2654 2796 προσκυνούσης
2722 2724 3027 2796 ἐντεύξεως.
3089 2726 3152 2781 Οἱ
3211 2722 3265 2779 δὲ
3297 2727 3341 2762 ⁵⁸
3397 2722 3650 2780 πλεῖστοι

240 2813 514 2887 ὠρθοῦντο
562 2816 699 2888 πρὸς
736 2817 804 2872 τὰ
849 2817 1056 2892 ἀρχαῖα
1101 2822 1220 2880 ταῖς
1270 2816 1506 2874 ἐλπίσιν.
1558 2819 1823 2892 Ὀργανον
1872 2817 1900 2872 6
1952 2812 2316 2890 Παμπρὲπιος
2365 2813 2673 2885 ἐπιτήδειον
2736 2821 2837 2885 τῆς
2886 2816 3022 2890 πρὸς
3078 2814 3144 2870 τὸ
3200 2813 3434 2870 κάλλιον
3492 2812 3647 2870 ἀντι-

236 2904 512 2977 πνεούσης
540 2907 773 2982 ἀνάγκης
802 2907 889 2977 ἦν.
921 2910 1070 2964 Κατὰ
1108 2910 1199 2965 τὸν
1232 2909 1546 2984 ἱκνούμενον
1578 2910 1802 2985 χρόνον,
1833 2908 1951 2963 ἀντὶ
1981 2911 2080 2962 106
2106 2906 2242 2962 κατὰ
2269 2905 2360 2961 τὸν
2395 2904 2631 2965 ἐπιόντα,

312 2996 441 3068 [572
498 2996 590 3070 Η.]
648 2998 770 3054 ’Ότι
828 2996 957 3060 τοὺς
1015 2999 1152 3054 κατὰ
1213 3006 1315 3069 τῆς
1374 3000 1521 3075 ἱερᾶς
1579 3001 1740 3072 ἡμῶν
1796 2997 1885 3054 καὶ

243 3083 583 3141 ἂκαταλύτου
651 3086 884 3149 πίστεως
953 3087 1417 3158 ἐπιλυττήσαντας
1478 3091 1505 3143 6
1575 3088 1887 3162 Δαμάσκιος

240 3173 663 3248 ἀριθμούμενος,
697 3178 783 3232 καὶ
840 3174 983 3233 ἄκων
1033 3178 1131 3249 (ὡς
1188 3174 1355 3252 ἔοικε)
1412 3181 1455 3216 ⁸⁷
1501 3180 1589 3235 καὶ
1645 3180 1748 3235 ὑπὸ
1785 3184 1885 3250 τῆς

2072 2998 2409 3054 Damascius
2439 3014 2792 3055 enumerans
2823 3014 2923 3056 eos
2956 2999 3052 3071 qui
3084 3014 3313 3056 sacram
3357 3004 3410 3055 et
3455 2997 3643 3056 indis-

1997 3088 2300 3145 solubilem
2327 3090 2499 3145 ﬁdem
2524 3094 2780 3145 nostram
2800 3089 3007 3146 insane
3020 3089 3639 3162 oppugnarunt,etiam

2000 3182 2057 3235 ut
2090 3184 2345 3251 apparet,
2376 3180 2594 3235 invitus
2625 3184 2682 3237 et
2712 3186 2942 3236 coactus
2972 3179 3229 3236 veritatis
3257 3179 3312 3234 vi
3344 3178 3466 3234 haec
3492 3179 3643 3234 'scri-

241 3265 378 3318 κατά
431 3265 534 3334 τὴν
592 3263 869 3341 ὲτάργειαν
924 3269 972 3304 ⁸⁸
1035 3267 1293 3338 ἀληθείας
1379 3269 1702 3344 βιαζόμενος
1757 3268 1886 3326 τάδε

2009 3233 2389 3325 ingessit.
2404 3233 2497 3325 est
2511 3233 2807 3325 manu.
2825 3233 3280 3342 ιαξρθηιίοι-,εέά
3300 3233 3473 3322 at...
3503 3284 3643 3339 qua-

241 3351 553 3434 ἀναγράφει.
606 3356 966 3432 Ἐπεχείρησε
1026 3357 1119 3430 μὲν
1178 3357 1281 3433 γὰρ
1340 3358 1430 3412 καὶ
1488 3360 1533 3396 ⁸⁸
1591 3358 1885 3423 Ἰουλιανὸς

242 3442 271 3496 6
304 3441 582 3517 βασιλεὺς,
615 3443 742 3501 ἀλλ’
794 3443 954 3500 ἐτέων
1003 3444 1101 3502 οὑκ
1147 3442 1312 3517 ἐπέϐη
1347 3447 1612 3522 πισύρων,
1665 3448 1881 3529 ἐπεχεί-

242 3551 373 3607 ρησε
404 3529 462 3587 δὲ
508 3532 735 3608 χρόνοις
777 3532 998 3608 ὕστερον
1049 3535 1135 3590 καὶ
1193 3535 1446 3603 Λούκιος,
1497 3537 1635 3611 ἀνὴρ
1684 3536 1735 3592 ἐν
1784 3546 1887 3594 Βυ-

240 3621 439 3694 ζαντίῳ
464 3624 566 3692 τήν
602 3621 934 3699 στρατηγίδα
964 3622 1141 3700 ἂρχῆν
1174 3626 1223 3661 ⁸ο
1272 3626 1374 3680 ὑπὸ
1428 3625 1647 3699 βασιλεῖ
1689 3625 1888 3683 Θεοδο-

239 3709 342 3783 σίῳ
369 3716 615 3783 κοσμῶν,
646 3712 705 3774 ’ὸς
756 3713 1030 3786 πειραθεὶς
1078 3715 1169 3768 τὸν
1221 3714 1447 3789 βασιλέα
1495 3713 1703 3770 ἀνελεῖν
1758 3716 1887 3771 εἶ’σω

235 3804 346 3856 τῶν
382 3800 681 3875 βασιλείων
731 3801 1000 3877 παρῆλθε,
1047 3803 1137 3858 καὶ
1177 3803 1292 3879 τρὶς
1328 3803 1561 3874 θελήσας
1609 3804 1886 3876 ἐξελκύσαι

237 3892 337 3945 106
391 3888 598 3946 κολεοῦ
636 3893 677 3928 ⁶¹
728 3891 791 3946 τὸ
842 3891 994 3971 ξίφος
1052 3891 1380 3967 ἀπετρέπετο
1428 3892 1890 3967 καταπεπληγμέ-

237 3999 355 4042 νος·
402 3979 547 4054 ἒώρα
575 3980 677 4056 γὰρ
722 3978 975 4057 ἐξαίφνης
1021 3987 1247 4056 γυναῖκα
1308 3981 1557 4058 μεγάλην
1615 3982 1703 4037 καὶ
1757 3982 1889 4059 βλο-

237 4069 403 4144 ωρᾶν
446 4070 916 4144 περιπτυσομένην
977 4071 1113 4126 κατὰ
1169 4073 1359 4127 νώτων
1415 4074 1462 4109 ⁸³
1514 4073 1606 4127 τὸν
1657 4073 1704 4109 ⁸³
1761 4078 1889 4128 Θεο-

240 4157 450 4218 δόσιον.
510 4161 661 4219 Μετὰ
718 4165 884 4215 ταῦτα
912 4162 961 4235 ζὸ
1006 4161 1168 4238 μέγας
1224 4169 1323 4232 τῆς
1377 4158 1452 4218 ἔω
1511 4162 1892 4238 στρατηλάτης

236 4249 613 4325 ἐπεχείρησεν,
673 4248 805 4307 ἀλλ’
848 4249 1116 4330 ἐπεσχέθη
1172 4252 1347 4327 βίαιον
1391 4252 1686 4327 εὑράμενος
1732 4252 1891 4308 θάνα-

234 4355 350 4395 τον’
418 4339 525 4395 ἀπὸ
563 4340 664 4415 γὰρ
704 4344 803 4395 τοῦ
844 4338 1022 4396 ’ίππου
1075 4342 1254 4396 πεσὼν
1306 4342 1394 4397 καί
1441 4342 1508 4397 16
1557 4340 1750 4404 σκέλος
1791 4364 1890 4399 κα·

235 4432 352 4491 κῶς
381 4425 641 4491 διατεθείς
670 4427 990 4501 ἐτελεύτησε
1028 4429 1120 4485 τὸν
1169 4430 1314 4505 βίον.
1366 4432 1498 4487 Εἶτα
1541 4427 1891 4507 Σεόηριανὸς,

1993 3363 2129 3415 tuor
2144 3375 2327 3415 annos
2351 3376 2468 3415 non
2485 3375 2826 3431 progressus
2839 3368 2945 3414 est.
2960 3358 3247 3429 Cogitavit
3263 3362 3317 3413 et
3330 3356 3482 3412 idem
3507 3371 3641 3426 pos-

1998 3454 2088 3506 tea
2118 3449 2331 3505 Lucius
2362 3450 2480 3504 dux
2507 3448 2727 3505 militiae
2757 3449 3013 3522 Byzantii
3035 3447 3146 3504 sub
3173 3444 3641 3517 Theodosio,qui

1998 3545 2240 3594 conatus
2256 3539 2665 3610 imperatorem
2685 3538 3029 3605 interficere,
3044 3536 3101 3591 in
3119 3536 3402 3607 palatium
3418 3534 3573 3591 venit
3586 3538 3644 3588 et.

2000 3636 2082 3683 ter
2094 3633 2327 3684 tentans
2340 3628 2597 3700 gladium
2617 3630 2683 3683 ed
2697 3625 3230 3696 ucere,perterritus
3248 3625 3496 3680 decessit
3543 3621 3646 3677 Vi-

2001 3718 2247 3773 ditenim
2265 3722 2498 3788 repente
2515 3717 2814 3772 mulierem
2833 3715 3126 3770 inusitatas
3142 3710 3567 3783 magnitudinis
3588 3712 3646 3765 et

1999 3806 2344 3872 terribilem,
2378 3825 2411 3862 a
2440 3812 2600 3874 tergo
2631 3806 3021 3860 Theodosium
3047 3802 3646 3872 amplexantem.Post

2002 3897 2122 3950 hac
2153 3912 2397 3957 magnus
2428 3894 2669 3949 orientis
2702 3896 2910 3949 ductor
2934 3893 3084 3948 Zeno
3125 3893 3179 3946 id
3234 3895 3485 3947 conatus
3535 3892 3644 3958 est,

2001 3985 2100 4039 sed
2121 3983 2373 4039 violenta
2395 3989 2579 4039 morte
2602 3982 2951 4056 praepeditus
2988 3981 3114 4038 fuit.
3148 3978 3293 4034 Nam
3326 3979 3518 4037 352a
3548 3994 3649 4033 ca—

2003 4073 2144 4129 dens
2174 4090 2242 4129 ex
2271 4088 2420 4145 equo
2451 4089 2585 4129 crus
2627 4070 3003 4143 confringens
3045 4067 3374 4141 exspiravit.
3429 4067 3648 4124 Deinde

2003 4160 2346 4218 Severianus
2378 4168 2574 4218 noster
2602 4161 2745 4217 civis
2776 4163 2975 4217 nostro
3008 4164 3285 4231 tempore,
3337 4172 3471 4213 cum
3517 4156 3649 4212 aliis

2004 4250 2304 4308 nonnullis
2326 4251 2748 4323 compluribus,
2768 4266 2977 4322 parum
3002 4247 3191 4305 abfuit
3215 4246 3359 4319 quin
3376 4244 3650 4302 multare-

2000 4342 2099 4395 tur
2128 4349 2310 4397 morte
2333 4344 2566 4412 propter
2587 4339 2953 4396 consciorum
2981 4335 3377 4409 perfidiam,et
3397 4333 3647 4392 aliorum

2005 4429 2273 4500 fortasse,
2307 4436 2363 4487 et
2392 4429 2716 4487 Armorichi
2750 4429 2853 4485 filii
2885 4427 3137 4498 Asperis,
3162 4427 3262 4498 qui
3293 4425 3647 4498 coniuratio-

236 4518 429 4597 φησίν,
461 4518 489 4573 6
519 4516 757 4589 πολίτης
802 4522 965 4591 ἡμῶν
1017 4518 1073 4575 έν
1123 4526 1240 4582 τοῖς
1290 4522 1409 4576 καθ’
1458 4523 1607 4591 ἡμᾶς
1662 4522 1887 4597 χρόνοις

2009 4537 2136 4578 nem
2168 4521 2381 4577 Zenoni
2412 4520 2643 4576 detexit.
2680 4523 2892 4575 Frater
2919 4518 3028 4574 hos
3058 4521 3114 4573 et
3143 4516 3375 4574 Marsus
3396 4522 3455 4574 et
3484 4514 3646 4581 Ilius,

242 4611 377 4683 μετὰ
405 4609 495 4664 καὶ
528 4606 714 4666 ἄλλων
748 4614 985 4686 συχνῶν·
1027 4612 1075 4649 ⁸4
1105 4609 1233 4667 ἀλλ’
1286 4611 1475 4686 ὀλίγου
1526 4609 1634 4669 δεῖν
1677 4613 1887 4686 θανάτῳ

238 4697 529 4771 ἒζημιώθη
587 4695 657 4753 δι’
712 4698 960 4754 ἀπιστίαν
1014 4704 1119 4755 τῶν
1176 4697 1520 4772 συνειδότων,
1586 4700 1773 4758 ἄλλων
1831 4723 1890 4757 τε

238 4787 515 4859 ἴσως,καὶ
574 4790 970 4868 Ἑρμενερίχου
1022 4790 1069 4827 ⁸⁸
1122 4794 1219 4845 τοῦ
1276 4792 1545 4866 Ἀσπερος
1601 4795 1647 4830 ⁶⁶
1695 4789 1888 4854 παιδὸς

237 4878 548 4950 ἐξειπόντος
608 4878 706 4947 τήν
777 4878 1124 4953 συνωμοσίαν
1182 4885 1260 4954 τῷ
1319 4883 1547 4951 Ζήνωνι.
1603 4883 1744 4957 Πρὸς
1804 4884 1887 4945 οἷς

234 4969 461 5044 Μάρσος
502 4966 593 5023 καὶ
655 4964 898 5031 Ἰλλους’
952 4969 1025 5023 ὧν
1054 4970 1082 5023 6
1126 4970 1221 5043 μὲν
1264 4971 1487 5045 Μάρσος
1534 4969 1584 5025 ἐν
1630 4973 1766 5045 αύτῇ
1816 4976 1886 5047 τῇ

230 5055 592 5115 ἐπαναστάσει
648 5057 793 5129 νόσῳ
849 5058 1128 5129 τέθνηκεν,
1187 5058 1215 5112 6
1273 5055 1330 5113 δὲ
1386 5057 1610 5122 Ἴλλούς
1674 5059 1887 5131 συλληο

228 5147 386 5223 φθεὶς
454 5145 593 5224 ξίφει
646 5145 737 5202 τὸν
804 5146 922 5221 βίον
992 5143 1371 5224 κατέστρεψεν.
1430 5148 1733 5218 Ἀκοντίζει
1788 5151 1887 5219 τήν

1999 4628 2244 4684 quorum
2303 4611 2552 4681 Marsus,
2610 4610 2669 4665 in
2726 4609 2856 4680 ipsa
2905 4606 3234 4677 rebellione,
3295 4607 3499 4664 morbo
3551 4620 3647 4661 ex-

2003 4702 2251 4757 stinctus
2282 4706 2389 4757 est.
2421 4701 2606 4771 Caput
2636 4701 2696 4755 in
2719 4698 2971 4755 hostium
2996 4696 3313 4754 exercitum
3329 4695 3646 4769 jaculatur,

2000 4809 2254 4865 superne
2276 4809 2306 4848 e
2325 4808 2464 4862 rupe
2487 4791 2900 4863 praecipitatur.
2927 4788 3279 4846 Ammonius
3299 4801 3505 4843 amans
3527 4790 3649 4841 tur-

2000 4883 2088 4954 pis
2117 4881 2288 4951 lucri,
2320 4888 2375 4937 et
2403 4881 2603 4936 omnia
2633 4879 2704 4934 ad
2739 4894 3152 4951 quamcunque
3174 4876 3478 4933 utilitatem
3501 4874 3651 4931 refe-

2000 4987 2155 5039 rens,
2189 4971 2499 5042 paciscitur
2527 4985 2660 5026 cum
2689 4986 2775 5035 eo,
2810 4968 2909 5040 qui
2945 4978 3081 5023 tunc
3124 4966 3500 5037 inspecturus
3546 4980 3647 5020 ve-

1999 5066 2183 5128 nerat,
2217 5076 2484 5132 quasnam
2515 5068 2667 5116 esset
2698 5057 3067 5129 praavalitura
3113 5054 3333 5127 opinio.
3379 5052 3648 5126 Supelle-

1997 5151 2156 5208 ctilia
2186 5154 2353 5207 erant
2370 5151 2559 5207 omnis
2579 5148 2812 5222 generis
2832 5147 3272 5218 1ibrorum,cum
3288 5144 3487 5201 liberis
3508 5160 3648 5217 ope-

336 5284 359 5309 ⁴
1594 5287 1833 5345 νΑιιιΑε
1872 5290 2286 5348 LECTIONES.

300 5417 352 5453 ⁴⁸
376 5417 497 5471 ταῖν
530 5415 590 5470 Β.
635 5482 647 5488 _
668 5414 715 5450 ‘9
754 5409 1044 5483 διεδίδαξεν

224 5559 462 5634 τιμίοις]
492 5553 765 5634 ἒπίτίμοις
796 5553 849 5611 Α’
876 5573 890 5612 :
920 5553 1223 5634 ἆπιτιμίοις

225 5626 400 5687 ω’καὶ
427 5626 543 5688 om.
570 5626 771 5686 Α.ὀύκ
800 5645 833 5686 a
863 5626 1182 5687 correctore
1216 5626 1428 5685 bibent
1455 5630 1568 5686 AB.

1235 5414 1282 5449 ⁸ο
1312 5410 1372 5492 06
1417 5414 1536 5486 μιᾷ]
1569 5413 1807 5492 Suidam
1837 5434 1887 5472 ν.
1921 5413 2755 5492 Θέαγένηιςξεοιιίοιή-ῐλοὶεῐιίιιρ⁸
2778 5413 3029 5492 p._XXl._
3092 5411 3136 5492 ξι
3169 5410 3251 5492 τό.
3281 5429 3341 5492 τε
3382 5409 3515 5492 add;
3555 5410 3645 5492 ‘A.

223 5489 278 5525 5’
331 5482 736 5560 καταπηγνύναι
796 5490 855 5556 Β,
912 5482 1289 5558 καταπηγύναι
1350 5482 1427 5555 Α,
1479 5482 1897 5559 καταπλαγῆναι
2086 5482 2236 5540 δῖαῦ
2306 5491 2394 5540 A:
2454 5484 2521 5552 ἦν
2713 5482 2862 5540 ⁸⁴Ἵεί
2922 5486 3054 5541 add.
3101 5484 3390 5541 Leichius.

224 5559 462 5614 τιμίοις]
492 5555 765 5614 ἐπιτίμοις
796 5564 844 5611 Α
876 5573 890 5612 :
920 5553 1221 5614 ἔπιτιμίοις
1252 5555 1332 5614 ς’.
1446 5557 1490 5593 ⁸⁸
1529 5557 1581 5611 οἱ
1614 5553 1670 5611 δὶ
1708 5590 1761 5600 -
1796 5558 2014 5614 ἒλπίσιν
2049 5575 2165 5614 om.
2202 5560 2262 5614 B.
2362 5555 2409 5591 ⁵⁷
2476 5555 2552 5614 ὡς
2607 5550 2750 5611 ἔοικε
2806 5575 2922 5614 om.
2982 5560 3047 5614 A.
3152 5557 3203 5592 ⁵⁸
3257 5553 3390 5614 ἐνέβη

1529 5575 1581 5611 οι
1614 5575 1670 5611 οε
1708 5590 1761 5600 -
1799 5575 2014 5614 εΑπισιν
2049 5575 2165 5615 om.
2203 5575 2262 5614 Π.

1672 5629 1739 5707 ⁸ο,
1763 5631 1960 5707 ’ἄρχειν
2002 5629 2106 5707 .

3466 5479 3619 5535 ⁵⁵έπ

3152 5557 3203 5592 ⁵⁸
3226 5553 3431 5630 Λένέργε
3442 5574 3523 5609 ιαν
3558 5553 3643 5628 ς.

3217 5627 3265 5664 ⁸³
3292 5627 3395 5684 τὸν
3422 5644 3538 5684 om.
3571 5627 3643 5682 Ἀ.

2362 5555 2409 5591 ⁵⁷
2476 5550 2750 5618 ὦς’ἕοικε
2806 5575 2922 5614 om.
2982 5560 3047 5614 A.

2205 5630 2249 5665 ⁶¹
2268 5624 2515 5706 ,κουλεοῖὶ
2662 5630 2775 5706 _"
2805 5628 2984 5706 νῴτου

231 5708 285 5744 ⁸⁸
312 5701 503 5761 ἄλλων
534 5704 698 5757 τινῶν
726 5703 942 5775 συχνῶν
975 5698 1058 5774 ς.
1133 5700 1181 5736 ⁸⁸
1208 5699 1596 5776 Ἐρμινερίχου
1627 5702 1695 5771 Α,
1722 5698 2119 5778 Ἅρμἐνερίχον
2151 5704 2190 5756 C
2219 5718 2231 5760 :
2268 5698 2611 5776 Ἀρμερίχόυ
2651 5699 2734 5774 ς’.
2810 5700 2859 5737 δδ
2886 5698 3164 5779 Ἀσπᾶρος
3196 5701 3262 5758 Β.
