4100 6242
252 354 417 415 1305
1344 355 1877 418 BIBLIOTHECA.

2045 357 2221 419 COD.
2267 356 2579 419 CCXLHI.
3507 363 3660 425 I306

248 484 401 562 γόνῳ
433 484 608 560 θέρμῃ
657 486 1129 560 ἀναζωπυρήσασα
1178 488 1296 542 θεὸν
1353 486 1628 559 ἐποίησεν,
1660 495 1899 562 ’Έσμου-

2019 490 2288 548 Nondum
2319 496 2513 548 tamen
2560 491 2899 548 difﬁcultate
2946 496 3274 565 argumenti
3327 506 3513 569 rupta,
3566 514 3660 555 me

251 595 344 629 νον
404 576 508 630 ὑπὸ
558 574 830 631 Φοινίκων
881 574 1269 649 ὠνομασμένον
1314 576 1403 632 ἐπὶ
1451 582 1519 652 τῇ
1574 579 1749 652 θέρμῃ
1810 579 1899 647 τῆς

2016 581 2295 637 orationis
2340 583 2423 638 vis
2473 583 2728 647 attraxit,
2779 588 2844 637 ut
2890 583 2961 638 ad
3004 586 3304 654 sequentia
3336 602 3428 641 me
3458 589 3528 643 ab
3560 586 3661 644 illa

260 669 430 733 ζωῆς.
482 665 546 719 Οἱ
597 662 654 718 δὲ
710 664 802 718 τὸν
851 664 1156 735 Ἔσμουνον
1203 660 1398 741 ὄγδοον
1450 668 1686 739 ἀξιοῦσιν
1735 667 1899 741 ἑρμη-

2015 686 2367 736 revocarem,
2399 677 2456 727 et
2487 672 2744 727 instante
2776 671 2907 739 vita,
2953 688 3052 727 eos
3103 690 3471 731 successores
3519 675 3660 733 imi-

252 752 424 807 νεύειν
456 752 541 807 ὅτι
595 749 796 828 ὄγδοος
853 755 920 822 ἦν
970 757 1048 825 τῷ
1107 752 1335 828 Σαδύκῳ
1388 760 1535 818 παῖς.
1597 758 1688 813 Ἐν
1729 758 1899 829 σκότῳ

2015 766 2183 825 tarer,
2206 777 2354 832 quos
2374 760 2615 817 Proclus
2635 762 2907 833 elegerat.
2931 762 3213 833 Quodque
3235 780 3450 818 novum
3490 766 3657 820 audi-

251 839 542 917 διωλυγίῳ
574 842 718 898 πολὺ
769 843 883 922 φῶς
915 843 1137 916 ἀνάψεις.
1185 849 1382 900 Τοῦτον
1433 844 1760 920 ἀπεδέξαντο
1809 850 1905 902 τοῦ

249 929 530 986 νεανίσκου
561 932 654 987 τὸν
683 930 850 1006 λόγον
888 932 978 986 καὶ
1022 933 1335 1008 ἠγάσθησαν
1390 936 1446 989 οἱ
1486 933 1624 1013 ἀμφὶ
1656 937 1748 990 τὸν
1786 940 1902 991 Μα-

255 1024 431 1093 ρῖνον,
462 1024 581 1083 πῶς
622 1018 727 1075 οἷέι
776 1017 984 1095 σφόδρα
1013 1023 1095 1092 ⁸⁷ς
1138 1019 1304 1077 Οῦπω
1352 1021 1640 1101 ἐξερῥώγει
1668 1025 1737 1080 τὰ
1776 1021 1901 1079 δύσ-

250 1115 393 1164 κολα
442 1116 543 1178 τῆς
596 1109 923 1171 ὑποθέσεως.
978 1110 1111 1183 Ἐμὲ
1160 1108 1215 1165 δὶ
1273 1110 1610 1167 ἐπεσπάσατο
1663 1115 1698 1181 ἡ
1748 1113 1897 1186 ῥύμη

249 1203 347 1254 τοῦ
380 1196 553 1274 λόγου
593 1200 729 1272 πρὸς
776 1199 845 1253 τά
879 1199 1015 1272 μετά
1056 1204 1226 1255 ταῦτα
1273 1196 1612 1273 ἐκϐεϐηκότα
1641 1204 1684 1239 ⁸⁸
1723 1205 1902 1273 ποιή-

251 1291 437 1343 σασθαι
490 1289 590 1357 τὴν
641 1282 901 1358 ἐκϐολὴν,
952 1288 1473 1360 ἐπακολουθήσαντα
1521 1290 1771 1364 παριόντι
1822 1296 1900 1363 τῷ

1848 1244 1942 1293 ‘71

2011 853 2095 909 tu,
2143 866 2273 905 cum
2320 865 2601 921 generosa
2649 849 2957 923 solidaque
3016 851 3298 921 gravitate
3355 852 3660 908 videbatur

2008 938 2627 1012 praesentibusgratus.
2645 938 2903 995 Plurima
2924 945 3167 995 conatus
3189 940 3258 995 ad
3285 956 3658 997 communem

2008 1027 2377 1083 auditoribus
2410 1028 2746 1096 utilitatem,
2780 1028 3076 1085 interdum
3108 1045 3241 1084 vero
3284 1030 3537 1100 jocando
3587 1032 3659 1086 de

2007 1113 2110 1170 illa
2139 1116 2425 1188 gravitate
2456 1119 2783 1185 remittens,
2816 1122 2873 1174 et
2895 1122 3197 1190 peccantes
3221 1118 3519 1189 ingeniose
3540 1134 3662 1175 car-

2006 1219 2172 1275 pens,
2222 1209 2286 1259 ut
2335 1205 2455 1261 risu
2506 1205 2963 1277 increpationem
3017 1211 3250 1278 tegeret.
3299 1209 3491 1265 3580
3522 1207 3661 1263 Alti-

2005 1293 2281 1349 tudineet
2306 1291 2674 1365 longitudine
2694 1296 3054 1367 egregius,ut
3073 1296 3314 1367 antiqua
3327 1306 3383 1351 et
3400 1296 3660 1353 fabulosa

254 1379 359 1454 βίῳ
403 1382 510 1431 τῶν
568 1375 865 1451 διαδόχων,
914 1377 1007 1440 οὓς
1054 1374 1231 1433 ε’ίλετο
1286 1379 1553 1453 Πρόκλος.
1595 1384 1660 1438 “'0
1711 1377 1769 1435 δὲ
1808 1381 1897 1435 καὶ

2015 1382 2123 1449 iam
2138 1397 2267 1437 vera
2282 1382 2421 1449 sint,
2439 1388 2496 1439 et
2510 1402 2540 1437 a
2555 1400 2649 1439 me
2663 1385 2897 1454 petebat
2911 1383 3197 1441 occultam
3213 1385 3654 1442 admissionem.

248 1465 552 1542 παράδοξον
595 1466 842 1535 ἀκοῦσαι,
905 1467 1042 1539 μετά
1098 1468 1425 1541 σεμνότητος
1477 1468 1720 1545 εὐγενοῦς
1754 1470 1841 1525 καὶ
1902 1464 2127 1544 βεϐαίας
2185 1468 2427 1546 ἐφαίνετο
2464 1476 2582 1535 τοῖς
2637 1475 2873 1546 παροῦσι
2924 1471 3158 1547 χαρίεις,
3190 1472 3259 1527 τὰ
3319 1472 3413 1545 μὲν
3471 1471 3660 1528 πολλὰ

253 1555 571 1627 σπουδάζων
629 1558 707 1620 είς
758 1558 821 1613 τὸ
878 1558 1061 1613 κοινὸν
1120 1563 1236 1619 τοῖς
1294 1559 1582 1615 ἀκούουσιν
1639 1558 1866 1639 ὄφελος,
1923 1558 2088 1622 ἀνιεὶς
2141 1556 2199 1614 δὲ
2248 1559 2418 1615 ἐνίοτε
2462 1564 2541 1633 τῷ
2598 1561 2846 1630 παίζοντι
2900 1565 3001 1632 τήν
3059 1559 3323 1634 σπουδήν,
3383 1564 3472 1618 καὶ
3514 1565 3656 1618 σκώ-

251 1671 402 1705 πτων
460 1649 669 1726 εὐφυῶς
743 1649 872 1712 τοὺς
940 1652 1363 1725 ἁμαρτάνοντας,
1423 1649 1562 1707 ὥστε
1624 1650 2012 1707 ἐπικαλύπτειν
2087 1655 2165 1722 τῷ
2236 1649 2437 1726 λεγοίφ
2500 1652 2592 1707 τὸν
2651 1647 2910 1729 ἔλεγχον.
2981 1652 3072 1715 Είς
3129 1652 3263 1728 ὕψος
3321 1654 3411 1709 καὶ
3483 1661 3661 1728 μῆκος

249 1741 366 1795 οἷον
428 1739 746 1813 θαυμάσιον.
803 1743 965 1795 Ὥστε
1019 1741 1087 1796 τὰ
1145 1741 1349 1817 ἀρχαῖα
1405 1742 1497 1796 καὶ
1557 1742 1693 1817 πρὸς
1747 1742 1809 1796 τὸ
1880 1737 2127 1815 μυθῶδες
2197 1738 2576 1811 ἐκνενικηκότα
2636 1742 2832 1815 μηκέτι
2903 1740 3103 1798 ἄπιστα
3152 1742 3311 1802 εἶναι.
3378 1744 3481 1800 Καὶ
3538 1740 3659 1817 ᾔτει

250 1831 379 1903 παρ’
419 1828 545 1903 ἐμοὶ
579 1825 862 1903 ὑποδοχὴν
897 1829 1289 1887 λανθάνουσαν.

319 1922 451 1997 [574
510 1921 597 1994 Η.]
657 1925 717 1977 Ὁ
768 1917 825 1975 δὲ
882 1916 1167 1984 Θεοσὲϐιος
1219 1922 1311 1976 τὸν
1380 1929 1476 1992 τῆς
1537 1922 1892 2001 σωφροσύνης

2076 1922 2435 1980 Theosebius
2465 1923 2749 1980 castitatis
2799 1924 3102 1993 annulum,
3149 1942 3322 1996 quem
3373 1926 3656 1983 accedens

250 2007 571 2078 δακτύλιον,
600 2009 660 2063 ’ὀν
699 2009 727 2063 ὁ
763 2007 1039 2071 Χαλδαῖος
1070 2013 1116 2047 ⁸9
1155 2011 1339 2065 εἰσιὼν
1371 2008 1734 2085 παραδίδωσι,
1766 2008 1898 2067 τοῦ·

247 2119 342 2155 τον
395 2099 553 2161 οὗτος
603 2099 1163 2172 κατασκευασάμενος,
1197 2099 1519 2175 προσελθὼν
1567 2106 1636 2175 τῇ
1684 2100 1896 2177 γυναικί

252 2183 357 2265 ἔφη
394 2206 407 2219 ⁸
481 2184 660 2242 Πάλαι
721 2189 816 2260 μὲν
875 2209 959 2242 σοι
1018 2186 1321 2245 ἐπιδέδωκα
1378 2185 1669 2244 δακτύλιον
1722 2190 1894 2263 ἁρμο-

253 2277 384 2346 στὴν
446 2277 789 2351 παιδουργοῦ
846 2272 1205 2350 συμϐιώσεως
1240 2297 1253 2311 ⁸
1311 2280 1378 2333 τὰ
1434 2283 1527 2333 νῦν
1592 2276 1649 2334 δὶ
1702 2283 1893 2335 τοῦτον

255 2362 556 2438 ἐπιδίδωμί
632 2386 715 2421 σοι
815 2370 1217 2445 σωφρονιστὴν,
1310 2365 1599 2443 ἇπίκουρον
1646 2371 1692 2405 ⁸ο
1765 2387 1900 2443 παρ-

255 2453 514 2526 εσόμενον
571 2455 728 2529 [1076
788 2457 880 2528 8.]
948 2462 1047 2525 τῆς
1116 2457 1391 2532 σώφρονος
1466 2456 1765 2530 οἷ’κουρίας.
1833 2459 1895 2513 Ἥ

253 2541 312 2599 δὲ
364 2543 613 2615 ἀσμένως
673 2540 907 2613 ἐδέξατο,
984 2545 1074 2599 καὶ
1134 2547 1389 2617 συνέζησε
1452 2551 1530 2618 τῷ
1588 2544 1740 2621 ἀνδρὶ
1804 2546 1895 2601 τὸν

253 2631 453 2689 λοιπόν
516 2633 714 2708 χρόνον
774 2632 895 2689 ἄνευ
954 2639 1275 2708 σωματικῆς
1332 2636 1643 2697 κοινωνίας.
1700 2639 1785 2706 Τῷ
1843 2631 1900 2688 δὲ

257 2720 620 2800 φυλακτηρίῳ
668 2723 846 2795 τούτῳ
872 2724 935 2778 τὸ
987 2722 1313 2799 δραστήριον
1347 2725 1446 2781 όύκ
1492 2724 1579 2781 ἐπὶ
1626 2729 1695 2799 τῇ
1726 2728 1767 2761 θ’
1800 2745 1896 2800 γα-

259 2814 397 2885 μετῇ
444 2813 631 2884 μόνον,
664 2809 809 2867 ἀλλά
848 2812 939 2867 καὶ
969 2810 1051 2892 ἐφ’
1086 2814 1278 2869 ἑαυτοῦ
1327 2813 1498 2870 παλαι
1549 2814 1724 2869 εἰώθει
1760 2833 1897 2885 μαρ-

252 2904 482 2974 τυρεῖν·
538 2899 627 2954 καὶ
686 2901 788 2975 γὰρ
850 2900 940 2955 ὅτε
997 2900 1255 2976 νεώτερος
1315 2904 1402 2973 ἦν,
1471 2901 1752 2976 ὡμολόγει
1808 2903 1901 2956 καί

253 2986 423 3049 αὐτὸς
476 2987 821 3064 ἀγωνιεῖσθαι
852 2989 901 3025 9³
938 2990 1030 3044 τὸν
1072 2988 1319 3053 παιδείας
1368 2990 1554 3069 ἀγῶνα
1593 2990 1729 3066 πρὸς
1772 2991 1901 3050 τοὺς

258 3078 675 3153 γενεσιουργοὺς
733 3076 1063 3152 πολεμίους,
1123 3082 1250 3143 τούς
1313 3102 1370 3136 τε
1426 3075 1616 3154 ἔξωθεν
1672 3078 1903 3135 ἒπιτιθε-

260 3164 457 3239 μένους
502 3166 593 3221 καὶ
641 3167 769 3222 τοὺς
817 3165 967 3223 ἔνδον
1002 3172 1046 3206 ⁸³
1084 3168 1465 3245 προδιδόντας.
1513 3166 1804 3227 Καταϐοῶν
1844 3165 1903 3223 δὲ

2009 2011 2142 2068 vilis
2174 2011 2463 2083 quispiam
2491 2013 2672 2078 dedit,
2706 2014 3002 2070 adornans
3034 2013 3197 2069 uxori
3222 2015 3652 2077 dedit,dicens:

2010 2100 2151 2157 Olim
2180 2102 2282 2156 tibi
2311 2102 2590 2157 annulum
2619 2102 2743 2157 dedi
2784 2102 3200 2169 coniunctionis
3235 2103 3481 2173 ﬁliorum
3527 2118 3655 2173 pro-

2004 2189 2394 2256 creandorum,
2443 2205 2593 2244 nune
2641 2189 2745 2245 tibi
2789 2189 2855 2245 do
2896 2192 3293 2258 temperantiae,
3328 2189 3425 2261 qui
3455 2188 3561 2244 tibi
3586 2189 3659 2244 ad

2004 2284 2210 2336 castam
2242 2280 2439 2335 domus
2466 2278 2769 2335 custodiam
2800 2278 3119 2351 adjumento
3147 2280 3371 2346 futurus
3405 2287 3504 2335 est.
3554 2276 3659 2335 Illa

2005 2386 2140 2426 vero
2168 2369 2421 2425 libenter
2449 2369 2693 2440 accepit,
2724 2376 2782 2423 et
2812 2367 3031 2440 reliquo
3083 2375 3342 2440 tempore
3371 2383 3504 2424 cum
3536 2368 3656 2424 viro

2007 2463 2166 2514 caste
2196 2458 2357 2513 vixit.
2391 2456 2510 2514 Hoc
2543 2456 2910 2513 munimento
2946 2473 3059 2513 non
3103 2458 3165 2513 in
3220 2473 3392 2512 uxore
3440 2457 3654 2523 solum,

2008 2548 2109 2603 sed
2140 2548 2316 2603 etiam
2348 2546 2406 2602 in
2440 2563 2502 2602 se
2532 2546 2997 2617 magnitudinem
3032 2545 3209 2600 animi
3242 2545 3444 2601 testari
3495 2544 3659 2602 sole-

2008 2636 2127 2691 bat.
2163 2634 2390 2691 Etenim
2415 2633 2649 2705 juvenis
2682 2649 2813 2688 cum
2843 2638 3021 2700 esset,
3052 2636 3300 2688 testatus
3340 2637 3430 2688 est
3478 2632 3653 2688 etiam

2008 2723 2155 2795 ipse,
2172 2722 2521 2779 eruditionis
2543 2730 2832 2778 certamen
2856 2722 3106 2777 subiisse
3123 2737 3185 2777 se
3203 2736 3338 2777 cum
3362 2720 3654 2790 hostibus,

2009 2812 2112 2884 qui
2171 2810 2605 2884 generationem
2668 2814 3067 2883 procurarent,
3127 2816 3247 2865 tam
3302 2808 3657 2865 extrinsecus

2008 2900 2413 2967 imminentes,
2454 2916 2625 2972 quam
2677 2899 2839 2954 intus
2882 2898 3265 2971 proditionem
3311 2897 3655 2966 molientes;

2011 2990 2335 3047 reclamans
2365 2994 2557 3046 autem
2591 2988 2865 3044 omnibus
2896 2986 3459 3055 sensibus,maxime
3477 2987 3657 3044 tactui

2012 3078 2383 3136 reclamabat.
2434 3079 2598 3134 Hunc
2647 3077 2805 3134 enim
2854 3093 2983 3133 esse
3031 3094 3229 3133 revera
3296 3082 3654 3147 terrestrem,

2012 3168 2309 3237 rebellem,
2330 3168 2658 3225 trahentem
2692 3168 2948 3223 animam
2981 3167 3054 3224 ad
3086 3183 3402 3239 perennem
3434 3167 3653 3222 fontem

249 3260 365 3311 τῶν
398 3255 699 3327 αἰσθήσεων
741 3262 952 3330 πασῶν,
986 3257 1200 3331 μᾶλλον
1241 3265 1350 3315 τῶν
1392 3259 1580 3316 ἄλλων
1610 3267 1708 3329 τῆς
1744 3260 1899 3313 ἁπτι-

2015 3257 2425 3330 generationis.

250 3350 356 3412 κῆς
409 3342 642 3402 κατεϐόα
674 3365 687 3378 ⁸
753 3348 888 3403 εἶναι
946 3349 1050 3426 γὰρ
1108 3351 1278 3420 αὐτὴν
1317 3355 1398 3424 τῷ
1445 3347 1556 3405 ὄντι
1615 3350 1834 3426 χθονίαν
1876 3347 1966 3402 καὶ
2016 3345 2308 3402 ἀντίτυπον
2363 3345 2455 3401 καὶ
2505 3349 2861 3402 κατασπῶσαν
2913 3345 3013 3413 τήν
3059 3345 3245 3420 ψυχὴν
3289 3345 3366 3406 εἷς
3420 3344 3513 3399 τὸν
3561 3349 3664 3414 τῆς

249 3437 514 3514 γενέσεως
544 3437 730 3494 ἀέναον
762 3440 807 3476 ⁹⁴
837 3439 1058 3515 ὀχετόν.

991 3537 1083 3585 ΣΜ
1094 3533 1162 3590 Γ’.

245 3617 347 3670 Ἐκ
429 3619 526 3669 τοῦ
598 3616 830 3692 Ἰμερίου
907 3624 1005 3673 τοῦ
1076 3625 1333 3699 σοφιστοῦ
1410 3618 1665 3698 διάφοροι
1736 3619 1897 3696 με.λέ-

1013 3712 1121 3746 ται.

322 3777 655 3852 Ἀνεγνώσθη
708 3777 769 3833 ἐκ
815 3784 922 3834 τῶν
971 3780 1210 3852 Ἱμερίου
1258 3787 1355 3837 τοῦ
1405 3786 1662 3861 σοφιστοῦ
1693 3784 1737 3819 ⁸⁸
1777 3779 1897 3837 δια-

242 3884 410 3946 φοροι
464 3864 725 3926 Μελέται.
759 3870 898 3932 Τοὺς
947 3868 1311 3945 ὡραιοτέρους
1354 3868 1410 3926 δὲ
1445 3877 1554 3926 τῶν
1604 3872 1768 3926 αὐτοῦ
1810 3869 1901 3925 λόο

242 3975 362 4030 γων
391 3955 427 4023 ἡ
478 3952 685 4031 ἐκλογή
737 3954 1045 4033 δρεπομένη
1095 3961 1195 4029 τὴν
1247 3959 1453 4015 τούτων
1498 3955 1709 4016 ἔκδοσιν
1754 3959 1898 4014 απο-

244 4043 569 4121 θησαυρίζει
599 4047 664 4103 ⁸⁸,

243 4134 349 4188 Ἐκ
433 4137 530 4188 τοῦ
609 4135 742 4210 ὑπὲρ
838 4137 1215 4215 Δημοσθένους
1285 4137 1585 4215 Ὑπερίδου,
1658 4138 1717 4195 ἐκ
1799 4146 1900 4210 τῆς

954 4210 1206 4285 θεωρίας.

325 4295 603 4358 ’Ὑποπτος
660 4297 753 4369 μὲν
812 4299 899 4353 καὶ
956 4299 1202 4378 σφαλερά
1247 4304 1405 4357 παντί
1464 4299 1629 4376 δήμῳ
1672 4302 1897 4373 τοιαύτη

248 4378 571 4456 συμϐουλὴ,
625 4388 713 4440 καὶ
770 4386 832 4442 οὐ
887 4389 1056 4463 μικρᾶ
1109 4389 1356 4445 λυποῦσα
1401 4392 1537 4467 πρὸς
1578 4392 1750 4447 πειθὼ
1806 4392 1901 4447 τὸν

247 4474 545 4530 ἀκούοντα.
597 4475 929 4553 Ἀμφότεροι
990 4478 1093 4554 γὰρ
1151 4476 1445 4552 δημοτικοὶ
1507 4481 1597 4535 καὶ
1654 4483 1793 4555 πρὸς
1839 4483 1902 4539 τὸ

250 4561 478 4637 βέλτιον
531 4563 939 4639 ὑπειλημμένοι
1006 4571 1399 4644 τυγχάνουσιν.
1458 4568 1594 4625 Οὐδὲ
1640 4577 1757 4633 τοῖς
1800 4593 1902 4647 γυ-

2692 3527 2977 3585 CCXLIII.

2327 3623 2563 3681 Himerii
2592 3624 2866 3696 Sophistz
2893 3623 3348 3680 Declamationes.

2082 3786 2216 3858 Legi
2259 3787 2541 3858 quasdam
2596 3786 3025 3841 Declamationes
3072 3784 3312 3841 Himerii
3349 3782 3655 3852 Sapbistm.

2009 3874 2444 3945 Elegantiorum
2480 3889 2609 3929 vero
2649 3874 2774 3944 ejus
2803 3888 3143 3929 sermonum
3175 3870 3440 3928 collectio
3467 3885 3661 3927 exara-

2008 3966 2069 4017 ta
2099 3963 2346 4019 istorum
2376 3963 2690 4020 editionem
2722 3962 2999 4019 recondit.

2010 4144 2097 4199 Ea:
2123 4144 2379 4200 oratione
2409 4142 2705 4215 Hyperidis
2729 4158 2833 4215 pro
2866 4141 3237 4199 Demosthene.
3271 4143 3355 4198 Ex
3403 4141 3653 4198 Thecria.

2084 4308 2367 4380 Suspecta
2395 4311 2452 4363 et
2482 4305 2811 4379 periculosa
2839 4305 3114 4362 omnibus
3158 4305 3281 4361 haec
3319 4302 3655 4361 deliberatio

2012 4401 2122 4465 est,
2172 4411 2564 4468 magnamque
2621 4395 2799 4452 habet
2853 4395 3280 4462 difﬁcultatem,
3340 4399 3654 4465 antequam

2012 4485 2264 4543 auditori
2290 4487 2657 4558 persuadeat.
2679 4487 2762 4541 Ad
2788 4486 3067 4559 populum
3093 4484 3181 4540 has
3202 4485 3330 4540 duae
3351 4483 3577 4550 habitae,
3600 4485 3658 4538 et

2013 4592 2191 4648 quam
2214 4575 2436 4648 optime
2455 4573 2761 4631 elaboratae
2785 4591 2798 4632 :
2821 4575 3110 4646 siquidem
3144 4590 3260 4629 non
3291 4571 3657 4644 simplicibus

256 4657 422 4727 μνοῖς
453 4657 695 4730 χρῆσθαι
723 4660 832 4711 τῶν
866 4656 1167 4730 ὀνομάτων,
1201 4656 1349 4715 ἀλλά
1375 4664 1492 4723 τοῖς
1523 4657 1593 4715 δι’
1620 4659 1899 4739 ἐμφάσεως

2015 4676 2067 4725 et
2096 4668 2268 4723 nudis
2300 4667 2642 4724 nominibus
2674 4671 2939 4733 utuntur,
2972 4666 3073 4720 sed
3106 4664 3202 4734 iis,
3234 4680 3360 4736 quae
3389 4659 3657 4734 emphasi

247 4742 314 4796 τὸ
361 4741 627 4817 βούλημα
660 4745 1033 4818 σημαίνουσιν.

544 4834 637 4889 Ἐκ
665 4840 767 4904 τῆς
800 4834 1034 4908 μελέτης
1062 4834 1193 4893 αὓτὸ
1220 4838 1284 4894 τὸ
1313 4840 1631 4914 προοίμιον.

325 4922 487 4997 ’ᾨετο
530 4923 648 4996 μὲν,
680 4925 725 4978 ὦ
774 4927 1073 4996 Ἀθηναῖοι,
1108 4927 1389 4990 Φίλιππος
1438 4926 1511 4985 δι’
1549 4930 1667 4991 ἑνὸς
1705 4929 1901 4986 τούτου

251 5009 620 5086 κηρύγματος
653 5014 719 5069 ού
760 5015 1115 5089 Δημοσθένην
1144 5018 1190 5055 ⁸⁷
1222 5020 1412 5092 μόνον,
1444 5016 1593 5075 ἀλλά
1620 5020 1711 5075 καὶ
1759 5020 1900 5076 πάν-

247 5120 343 5155 ται
411 5101 565 5175 ὑμῶν
621 5102 1015 5181 ἀφαιρήσεσθαι
1047 5107 1094 5143 93
1146 5106 1274 5171 τοὺς
1334 5105 1721 5186 δημαγωγοὺς,
1781 5112 1899 5166 ὅσοι

254 5191 378 5263 μετ’
417 5189 628 5247 ἐκείνου
678 5189 860 5257 δόντες
908 5195 1131 5258 ἑαυτοὺς
1178 5202 1248 5271 τῇ
1299 5196 1579 5270 πολιτείᾳ,
1631 5197 1899 5273 Φιλίππῳ

252 5280 356 5351 μὲν
385 5275 585 5338 ἄϐατον
633 5284 735 5354 τήν
769 5286 1046 5357 Ἀττικὴν,
1076 5289 1145 5361 τῇ
1184 5286 1346 5345 πόλει
1396 5286 1454 5344 δὲ
1498 5287 1751 5365 ἀκέραιον
1801 5290 1900 5365 μὲ-

2009 4758 2261 4830 quadam
2294 4757 2608 4814 consilium
2641 4756 2855 4814 clarius
2884 4754 3177 4811 exhibent.

2261 4847 2442 4919 Hujus
2470 4844 2900 4903 Dectamationis
2930 4844 3032 4901 hoc
3056 4844 3405 4915 precantium.

2080 4937 2411 5010 Philippus,
2433 4936 2839 5002 Athenienses,
2855 4951 2969 4990 non
2989 4931 3442 4989 Demosthenem
3466 4926 3656 4984 solum

2009 5027 2118 5083 hoc
2141 5044 2258 5083 uno
2276 5028 2487 5092 edicto,
2510 5026 2611 5082 sed
2635 5030 2693 5082 et
2714 5024 2971 5097 reliquos
2998 5026 3222 5077 vestros
3244 5024 3526 5086 oratores,
3558 5016 3656 5088 qui

2009 5133 2141 5174 cum
2166 5116 2263 5173 illo
2285 5132 2348 5174 se
2368 5121 2521 5171 totos
2544 5113 2871 5186 reipublicae
2900 5112 3090 5170 3581:
3120 5109 3424 5177 dederant,
3456 5105 3654 5164 existi-

2010 5207 2190 5263 mavit
2219 5223 2284 5263 se
2330 5206 2685 5261 ablaturum.
2720 5207 3015 5259 Hactenus
3048 5200 3285 5273 quidem
3318 5198 3654 5270 Philippum

2007 5296 2198 5351 Attica
2218 5294 2646 5367 prohibuimus,
2669 5292 2917 5365 urbique
2936 5292 3007 5349 ad
3030 5290 3153 5348 hac
3176 5303 3365 5362 usque
3392 5292 3656 5360 tempora

1597 5389 1832 5448 VARIIE
1856 5390 2270 5449 LECTIONES.

316 5479 481 5564 ξ,τέιαί
514 5483 1026 5564 ,προέηγασθησανῌ
1059 5488 1177 5564 1:635
1236 5487 1366 5564 eiet
1394 5483 1606 5564 σφόδρα
1652 5486 1747 5543 τὸν
1814 5489 2065 5563 Πρόκλον
2121 5492 2332 5564 suidgs
2370 5508 2438 5564 7v.
2502 5487 2984 5564 Προσηγάσθησανί.

3084 5488 3129 5524 ⁸⁸
3168 5480 3507 5557 ἐκϐεϐηκότα
3559 5486 3601 5544 C
3635 5478 3650 5519 ³

244 5544 599 5657 ξμςεξηκότα
731 5544 742 5558 ’
780 5556 827 5592 δθ
858 5544 1085 5630 χυδαῖος
1272 5557 1321 5594 ⁹⁰
1349 5544 1637 5632 ἐπίκουρόν
1663 5581 1748 5615 σοι
1770 5544 2072 5637 πὰβεᾶξς.
2122 5544 2450 5637 Ὗνῖ
2484 5544 2561 5620 Ᾰ..
2596 5544 3090 5636 Ῠ⁹²’ἀγωνίεῑσθαι].
3116 5563 3233 5618 imo
3263 5558 3295 5614 ἀ
3336 5544 3644 5629 (inuocat.

325 5624 628 5706 ενλοοοθεν
692 5625 1029 5706 -.θδιᾶἑνναον-
1051 5627 1154 5706 ς’.Δ
1235 5629 1284 5706 νὲ
1314 5635 1595 5706 σοφιστοῦ.
1695 5633 1741 5670 ⁸⁸
1771 5633 2196 5706 ἀποθησαυρίζει
2225 5641 2315 5692 AB
2345 5642 2397 5693 el
2439 5651 2554 5706 mg.
2589 5634 2629 5691 C
2664 5651 2676 5689 :
2709 5637 2966 5706 σοφιστοῦ
3010 5631 3251 5706 μελετῶν
3282 5578 3363 5706 ξ.
3467 5634 3513 5668 ⁸⁷
3542 5638 3644 5701 Δη-

247 5622 293 5657 ⁹³
325 5618 659 5708 ἔνδοθεν-μ’
714 5618 1017 5708 ἠθδιᾶἑῖναον
1051 5618 1154 5701 ς’.’
1235 5629 1284 5664 9⁵
1314 5618 1595 5708 σοφιστοῦ.

254 5692 492 5767 μοσθίνη
690 5697 737 5735 ’3
765 5692 1220 5778 ἀφαιρεθήσεσθαι
1250 5704 1315 5758 Α.

1695 5633 1741 5670 ⁸³
1771 5631 2196 5710 ἀποθησαυρίζει
2225 5631 2315 5692 AB
2345 5642 2397 5693 el
2439 5651 2554 5708 mg.
2589 5634 2629 5691 C
2664 5651 2676 5689 :
2709 5631 2966 5713 σοφιστοῦ
3010 5631 3251 5707 μελετῶν

3350 5676 3363 5690 ⁸
3467 5634 3513 5668 ετ
3542 5638 3650 5701 Δη-
