4090 6422
325 388 480 450 1309

323 523 396 575 ὧν
450 521 778 595 ἐτόλμησεν.
835 524 1154 599 Ὑφορῶμαι
1208 519 1474 594 Αἰσχίνην
1512 540 1523 552 ·

331 632 396 684 με
425 611 484 665 τὸ
517 609 698 684 δρᾶμα
727 611 788 664 τὸ
840 611 1118 678 Φωκικὸν,
1151 609 1282 686 ὅπερ
1318 609 1416 664 οὐκ
1446 609 1534 664 ἐπὶ
1577 618 1782 680 σκηνῆς
1813 613 1971 682 ἡμῖν,

335 697 452 754 ’λλ’
503 699 516 716 ’
573 699 584 716 ’
675 706 700 715 “
800 698 858 752 ’λ
907 697 984 750 0·¹
1143 698 1266 732 ’τ“’·
1316 699 1327 714 ’
1384 701 1459 752 θ’
1639 700 1651 714 “
1723 701 1764 736 ⁸6
1851 700 1904 732 '-

326 720 356 754 α
499 719 587 752 επι
636 719 738 768 της
789 719 820 752 α
865 719 898 768 η
945 719 1053 759 ιιας
1099 719 1264 766 αυιηε,
1308 719 1334 752 ο
1417 719 1690 770 αδμαστος
1811 720 1970 762 ουτος

326 789 755 862 τριταγωνιστὴς
813 785 1142 859 ἔπεδείξατο.
1206 787 1361 843 Ἀλλ’
1423 787 1576 858 ὅμως
1622 788 1713 842 καὶ
1761 787 1968 844 τούτων

328 877 500 940 οὕτως
535 877 798 952 ἐχόντων,
849 874 1226 952 εἴρωνεύονται
1253 879 1348 932 τὸν
1392 874 1698 951 ἄνθρωπον,
1738 878 1828 932 καὶ
1876 879 1967 932 τὸν

329 965 718 1042 Πεισίστρατον
779 965 1055 1028 πολλάκις
1125 966 1515 1046 παραφέρουσι,
1583 966 1670 1022 καὶ
1729 965 1831 1020 οὐκ
1887 968 1970 1021 αἱ-

324 1055 610 1130 σχύνονται
660 1059 748 1108 νῦν
817 1056 910 1126 μὲν
967 1054 1042 1116 εἰς
1089 1052 1299 1114 δειλίαν
1349 1060 1440 1110 καὶ
1503 1055 1774 1128 μαλακίαν
1827 1053 1971 1110 σκώ-

1427 385 1968 450 BIBLIOTHECA.
2023 421 2094 432 --
2137 389 2310 450 COD.
2359 390 2664 452 CGXLIII.

1576 522 1822 596 ταράττει
1865 522 1961 596 γὰρ

2083 539 2148 578 se
2193 523 2424 592 habent,
2475 525 2772 581 hominem
2822 527 2944 584 risu
2997 529 3313 600 excipiunt,
3365 535 3420 586 et
3451 528 3722 585 Pisistra—

3567 391 3720 454 1310

2084 617 2210 668 tum
2242 605 2642 684 saepenumero
2675 615 2992 686 appellant,
3027 635 3213 688 neque
3252 619 3623 685 erubescunt,
3659 622 3724 674 ut

2078 701 2352 772 ignavum
2372 711 2428 759 et
2449 705 2681 760 mollem
2699 708 3123 763 scommatibus
3147 713 3524 780 petere,nunc
3547 711 3722 764 etiam

2079 797 2410 848 metuentes
2429 811 2500 849 ne
2523 797 2756 850 tandem
2776 797 2944 852 etiam
2969 799 3172 852 urbem
3201 799 3506 869 tyrannide
3529 798 3723 868 oppri-

2081 887 2222 948 mat,
2255 897 2382 952 quas
2405 885 2656 938 maxime
2679 903 2712 940 a
2734 902 2796 941 se
2815 891 3020 941 mutuo
3041 887 3342 942 differunt.
3362 886 3468 954 Qui
3488 885 3725 957 integris

2080 969 2371 1026 classibus
2420 973 2492 1027 ad
2543 991 2706 1044 reges
2756 991 2785 1030 e
2833 975 3011 1032 Piraeo
3055 977 3280 1032 delatus
3312 981 3415 1031 est.
3451 975 3580 1031 Haec
3611 991 3728 1031 cor-

2047 1099 2050 1102 .
2081 1061 3094 1136 rumpuntrempublicam,Philippo
3111 1081 3244 1120 vero
3259 1065 3409 1119 viam
3433 1067 3726 1119 sternunt.

321 1149 691 1210 πτοντες,νῦν
754 1143 810 1198 δὲ
843 1147 919 1218 μή
980 1149 1416 1219 τυραννήσῃτῆς
1475 1142 1691 1206 πόλεως
1743 1142 1976 1207 δεδιότες
2010 1164 2022 1178 ·
2083 1145 2404 1202 ἂπλεῖστον
2461 1147 2728 1218 ἀλλήλων
2791 1152 3141 1228 κεχώρισται.
3176 1153 3238 1208 Ὀ
3297 1153 3517 1214 στόλοις
3577 1149 3730 1214 ὅλοις

320 1234 379 1290 ἐκ
433 1241 530 1289 τοῦ
586 1239 855 1308 Πειραιῶς
897 1235 982 1289 ἐπὶ
1036 1235 1166 1297 τοὺς
1222 1237 1512 1309 τυράννους
1569 1235 1924 1310 αναγὸμενος.
1957 1236 2247 1312 Φθείρουσι
2311 1238 2404 1311 μὲν
2463 1239 2528 1293 τὰ
2585 1241 2708 1314 περὶ
2767 1241 2936 1311 αὐτὴν
2995 1244 3095 1311 τὴν
3151 1241 3337 1310 πόλιν,
3373 1240 3640 1313 Φιλίππῳ
3673 1239 3730 1296 δί

323 1324 642 1381 ὀδοποιοῦσι
679 1326 746 1380 τὰ
783 1324 1098 1400 πράγματα.

323 1459 426 1531 ’E‘I;
475 1466 574 1531 τῆς
649 1458 972 1531 μελέτηςῇ
1030 1459 1074 1494 1⁷
1146 1459 1491 1530 Δημοσθένην
1573 1457 1772 1531 εἰσάγει
1834 1477 1964 1531 συμ-

396 1525 730 1605 ϐουλεύοντα
769 1525 1038 1605 -κατ-άγειν
1093 1531 1139 1605 ¹>⁸
1201 1525 1488 1605 Αἰσχίνην,
1561 1525 1751 1605 φᾼῇμης
1821 1525 1966 1603 ῥυεί-

397 1622 496 1671 σης
535 1602 620 1657 ὅτι
653 1597 1003 1676 Ἀλέξανδρος
1035 1603 1160 1663 τοὺς
1202 1597 1442 1678 φυγάδας
1471 1597 1705 1672 κατάξει.

395 1709 584 1770 Ὄντος
615 1711 720 1784 γὰρ
763 1709 1018 1784 ἑκατέρου
1064 1706 1260 1778 δεινοῦ,
1311 1709 1402 1763 καὶ
1451 1712 1550 1764 τοῦ
1599 1707 1746 1762 λύειν
1779 1709 1961 1784 ψῆφον

2079 1460 2171 1514 Ex
2218 1458 2464 1532 oratione
2513 1461 2576 1514 in
2615 1477 2722 1532 qua
2775 1462 3177 1518 Demosthenem
3224 1462 3432 1516 inducit
3472 1462 3544 1517 de
3573 1477 3726 1517 revo-

2147 1531 2319 1585 cando
2384 1531 2640 1587 ,ἔδεὴίηέ
2703 1535 3125 1598 consultantem,
3209 1534 3430 1603 vulgato
3508 1548 3726 1590 rumore

2147 1603 2525 1658 Alexandrum
2553 1605 2768 1660 exsules
2797 1615 3196 1661 revocaturum.

2147 1710 2286 1765 Cum
2321 1714 2630 1781 utrumque
2662 1712 2938 1768 acerbum
2972 1713 3067 1778 sit,
3123 1718 3179 1768 et
3229 1713 3485 1768 edictum
3517 1713 3725 1784 sponte

323 1793 543 1858 ἑκόντας
591 1798 681 1850 καὶ
734 1801 830 1851 τοῦ
873 1801 1043 1853 ταῦτα
1095 1797 1383 1868 ὑπομεῖναι
1444 1797 1587 1870 παρὰ
1643 1797 1865 1868 γνώμην
1913 1794 1961 1864 ἐξ

2076 1795 2313 1867 solvere,
2365 1805 2423 1854 et
2473 1799 2594 1854 haec
2643 1801 2932 1856 sustinere
2983 1807 3192 1872 praeter
3249 1805 3610 1856 voluntatem
3659 1816 3724 1855 ex

323 1884 712 1960 ἐπιτάγματος,
745 1889 909 1955 ἧττον
961 1885 1175 1946 ἑκόντας
1207 1885 1368 1940 κακὸν
1410 1889 1506 1940 τοῦ
1549 1885 1696 1940 λύειν
1737 1882 1963 1946 ἄκοντας

324 1971 618 2049 ὑπείληφα.
663 1975 732 2027 Τὸ
788 1974 884 2044 μὲν
940 1974 1046 2047 γάρ
1095 1970 1370 2048 ἐνδέχεταί
1430 1993 1560 2026 ποτε
1617 1972 1704 2026 καὶ
1764 1971 1966 2026 φιλαν-

325 2061 567 2136 θρωπίας
611 2061 766 2134 δόξαν
803 2065 932 2136 [576
977 2065 1066 2136 Η]
1118 2057 1306 2117 λαϐεῖν
1339 2083 1350 2094 ·
1399 2064 1449 2116 οἱ
1493 2060 1550 2116 δὶ
1599 2063 1804 2128 ἑτέροις
1858 2061 1959 2115 ὑπ-

321 2149 608 2212 ακούοντες
655 2154 756 2220 τήν
798 2153 894 2224 μὶν
945 2151 1208 2228 αἰσχύνην
1259 2152 1462 2208 δαυτῶν
1493 2155 1734 2222 ποιοῦσι,
1764 2154 1870 2205 τῶν
1906 2147 1963 2204 δὲ

323 2240 732 2313 προσταξάντων
770 2243 868 2310 τὴν
912 2238 1182 2298 εὔκλειαν.

395 2327 804 2404 Κοινολογεῖται
835 2332 923 2386 καὶ
961 2332 1094 2404 μετᾶ
1134 2332 1287 2405 βῆμα
1324 2329 1632 2406 βασιλεῦσιν
1665 2329 1958 2408 Αἰσχίνης,

328 2420 416 2473 καὶ
471 2419 604 2491 μετὰ
647 2425 1012 2498 Κτησιφῶντα
1059 2421 1150 2474 καὶ
1183 2421 1282 2490 τήν
1324 2422 1498 2497 φυγήν
1547 2420 1836 2494 τυράννους
1883 2417 1958 2474 ἔτι

323 2509 751 2582 περιεργάζεται.
805 2510 1127 2584 ’Ἄνθρωπος
1162 2512 1262 2579 τὴν
1315 2509 1496 2564 οὐσίαν
1530 2511 1574 2546 19
1617 2509 1754 2578 ὅλην
1799 2509 1958 2582 ὑπερ-

322 2595 573 2666 πηδήσας
623 2603 738 2658 τοῖς
808 2596 1025 2668 ὅπλοις,
1075 2599 1164 2653 καὶ
1221 2602 1288 2672 τῇ
1349 2597 1502 2676 φύσει
1533 2601 1577 2636 ²⁰
1634 2597 1959 2676 φιλονεικῶν

327 2684 521 2741 λοιπὸν
555 2687 640 2742 δτι
684 2685 989 2760 πολεμίους
1025 2690 1100 2760 μὴ
1149 2689 1404 2757 κέκτηται
1433 2690 1499 2746 ³⁸.
1553 2689 1630 2743 Δι’
1673 2689 1766 2748 οὓς
1814 2688 1956 2760 ἤρθη

321 2779 575 2837 τοσοῦτος
607 2779 652 2812 ³³
693 2775 993 2848 Φίλιππος,
1050 2777 1120 2831 δι’
1165 2777 1258 2842 οὓς
1305 2776 1460 2832 ἔπεσε
1487 2778 1553 2832 τὰ
1605 2782 1712 2832 τῶν
1755 2776 1960 2845 Ἑλλή-

321 2885 424 2918 νιυν
477 2867 798 2939 φρονήματα
833 2886 845 2898 ·
901 2867 1028 2940 παρ’
1061 2867 1134 2920 ὧν
1179 2865 1494 2942 σύμμαχοι,
1529 2867 1710 2938 τόποι,
1752 2865 1956 2940 καιροέ,

319 2959 462 3007 πᾶσα
490 2958 596 3008 τῶν
634 2953 890 3028 μεγάλων
923 2954 1358 3028 κατορθωμάτων
1387 2958 1422 3024 ἡ
1456 2953 1748 3029 πρόφασις.
1781 2951 1958 3010 Ἀλλά

318 3043 380 3096 τὸ
414 3044 506 3114 μὲν
555 3038 750 3113 Θηϐῶν
800 3045 971 3106 πάθος
1019 3043 1351 3120 ὑπερεφῲνει
1381 3045 1428 3081 ³³
1475 3044 1602 3106 τοὺς
1633 3041 1908 3112 Ἕλληνας
1942 3062 1954 3074 ·

2077 1889 2374 1953 mandato,
2404 1887 2596 1943 minus
2629 1889 2846 1944 malum
2882 1890 3206 1946 existimavi
3240 1896 3448 1957 sponte
3479 1889 3723 1956 solvere,

2076 1992 2253 2045 quam
2287 1977 2466 2032 invite
2506 1978 2774 2034 tolerare.
2809 1979 2954 2034 Nam
2987 1980 3112 2034 ﬁeri
3145 1979 3381 2050 quidem
3417 1983 3627 2048 potest,
3661 1982 3724 2032 ut

2073 2065 2185 2121 hoc
2229 2065 2544 2138 aliquando
2597 2069 2976 2125 humanitatis
3026 2072 3274 2141 gloriam
3320 2074 3720 2140 consequatur,

2073 2155 2174 2224 qui
2209 2171 2339 2212 vero
2370 2155 2497 2212 aliis
2527 2157 2826 2226 obediunt,
2860 2159 2972 2214 sibi
3004 2159 3148 2229 ipsis
3181 2159 3508 2228 infamiam,
3545 2158 3723 2229 impe-

2073 2241 2334 2299 rantibus
2363 2261 2492 2300 vero
2523 2245 2802 2302 honorem
2836 2247 3174 2302 conciliant.

2141 2335 2444 2390 Eschines
2493 2335 2710 2391 confert
2761 2353 2892 2391 cum
2962 2337 3194 2408 regibus
3256 2352 3556 2392 sermones
3619 2351 3719 2406 pro

2071 2428 2375 2495 suggestu,
2426 2428 2484 2479 et
2533 2429 2662 2494 post
2711 2425 2980 2480 exsilium
3017 2431 3250 2496 propter
3279 2425 3716 2496 Ctesiphontem

2071 2512 2326 2583 amplius
2370 2511 2646 2568 sollicitat
2699 2529 2881 2585 reges.
2935 2515 3118 2570 Homo
3160 2515 3492 2568 universam
3526 2513 3719 2568 Asiam

2073 2603 2250 2657 armis
2284 2617 2618 2672 peragrans,
2653 2607 2708 2657 et
2747 2601 2980 2673 ingenio
3027 2604 3082 2658 id
3135 2604 3372 2658 demum
3418 2601 3713 2668 adnitens,

2071 2705 2142 2746 ne
2177 2691 2414 2746 habeam
2439 2707 2572 2746 cum
2597 2691 2806 2762 quibus
2829 2693 3198 2748 contendam.
3229 2697 3335 2747 Per
3363 2707 3461 2746 eos
3487 2695 3714 2744 tantum

2069 2780 2255 2834 elatus
2285 2783 2374 2836 est
2409 2780 2728 2852 Philippus,
2763 2797 2862 2850 per
2885 2797 3031 2853 quos
3063 2781 3390 2836 Graecorum
3411 2779 3592 2835 animi
3613 2780 3712 2834 de-

2070 2870 2338 2924 ciderunt
2369 2885 2383 2925 :
2417 2887 2448 2923 a
2479 2870 2696 2940 quibus
2725 2871 3171 2937 commilitones,
3213 2869 3324 2924 loci
3377 2867 3711 2940 opportuni-

2067 2963 2240 3026 tates,
2285 2960 2478 3015 omnis
2528 2960 2754 3014 fortiter
2807 2960 3193 3032 gerendarum
3248 2975 3443 3015 rerum
3485 2957 3710 3015 occasio

2069 3049 2201 3104 data
2222 3049 2786 3105 erat.Thebanorum
2814 3050 3050 3121 quidem
3071 3047 3371 3105 calamitas
3393 3047 3708 3104 advocabat

317 3129 665 3207 Ἀλέξανδρος
697 3129 753 3188 δὲ
781 3135 879 3202 τὴν
929 3133 1092 3188 πόλιν
1124 3135 1216 3188 καῖ
1270 3135 1404 3206 μετὰ
1436 3129 1620 3204 Θήϐας
1659 3132 1950 3208 ᾐσχύνετο.

2076 3138 2315 3204 Graecos,
2347 3138 2666 3195 Alexander
2694 3111 3010 3195 verebanc
3049 3140 3251 3194 urbem
3306 3142 3432 3207 post
3479 3137 3708 3191 Thebas

319 3221 507 3276 Καίτοι
556 3243 638 3298 γε,
683 3223 802 3301 εἶχέ
847 3244 898 3277 τι
945 3223 1069 3278 τότε
1121 3227 1188 3296 τῇ
1239 3223 1396 3278 πόλει
1447 3223 1535 3278 καὶ
1591 3223 1949 3296 μέμψασθαι·

315 3312 479 3384 ἡμεῖς
509 3311 612 3387 γὰρ
661 3307 916 3382 Θηϐαίων
961 3315 1236 3368 πεσόντων
1285 3315 1382 3383 τήν
1429 3313 1650 3382 τελετὴν
1695 3311 1948 3368 ἀπεκλεί-

321 3421 512 3474 σαμεν,
542 3399 634 3454 ’ίνα
669 3403 742 3472 μὴ
777 3407 893 3466 τοῖς
933 3398 1186 3475 Θηϐαίων
1223 3405 1442 3478 θρήνοις
1485 3398 1824 3476 ἀντιϐοῷμεν
1864 3403 1956 3457 τὸν

323 3486 539 3564 ίάκχον.
597 3491 800 3566 ’Ὠσπερ
851 3491 953 3566 γὰρ
1013 3493 1214 3567 ἀγαθοῦ
1273 3494 1524 3570 φανέντος
1577 3497 1674 3548 τοῦ
1731 3498 1960 3566 κομιζο-

328 3578 486 3650 μένου
516 3580 615 3647 τὴν
648 3579 812 3655 χάριν
848 3581 1084 3651 μεθέξειν
1113 3584 1147 3652 ἡ
1182 3580 1346 3644 πόλις
1376 3584 1438 3637 τὸ
1476 3583 1636 3658 μέρος
1667 3589 1766 3651 τῆς
1801 3579 1962 3653 δόξης

323 3665 587 3740 ἤμελλεν,
623 3669 768 3723 οὕτω
812 3675 912 3738 τῆς
951 3670 1244 3745 αἰσχύνης,
1276 3670 1322 3726 εί
1373 3673 1614 3744 πονηρὸς
1645 3673 1692 3708 9‘
1731 3669 1960 3744 ἐξηλέγ-

327 3777 478 3835 χετο,
528 3754 654 3814 Οὕτ’
696 3757 754 3813 ἓν
799 3760 982 3834 ἑτέρου
1029 3759 1330 3837 γράφοντος
1392 3761 1482 3814 καὶ
1522 3765 1961 3834 παρανομοῦντος

325 3845 570 3921 ἐσίγησα,
603 3845 750 3902 ἀλλὰ
797 3846 1162 3923 προσδραμὼν
1195 3849 1254 3904 ἂν
1287 3851 1448 3922 [1080
1480 3851 1572 3923 3.]
1605 3854 1683 3921 τῷ
1729 3851 1961 3923 βήματι,

328 3937 418 3990 τὸν
465 3936 692 3992 Σόλωνα
739 3940 1038 4013 κεκραγὼς,
1087 3941 1186 4008 την
1229 3939 1510 3993 πολιτείαν
1561 3933 1959 4010 ἐπιϐοώμενος,

326 4025 397 4081 Οὐ
431 4025 580 4082 λύσω
609 4029 735 4089 τοὺς
762 4028 984 4102 νόμους,
1018 4027 1079 4082 ἂν
1111 4023 1261 4106 ἔφην,
1296 4027 1419 4084 οὐδὲ
1450 4025 1690 4108 δέχομαι
1721 4025 1960 4104 φυγάδας

409 4115 802 4192 ἐπιτάγματος,
845 4116 968 4174 οὐδὲ
999 4123 1076 4190 τῷ
1104 4120 1340 4174 Φωκέων
1377 4119 1606 4193 αὐθέντῃ
1643 4117 1960 4179 κελεύοντος

324 4203 499 4260 ἄλλου
532 4207 579 4242 ²⁵
616 4203 914 4280 σπένδομαι
949 4225 962 4239 ’
1015 4205 1142 4263 ἀλλ’
1179 4205 1284 4270 ἕως
1317 4207 1376 4262 ἂν
1418 4207 1534 4283 ἔχω
1575 4206 1824 4280 λιμένας,
1856 4204 1960 4270 ἕως

323 4292 546 4363 ἡλικίαν
597 4295 964 4369 ἀκμάζουσαν,
1010 4293 1118 4361 ἕως
1163 4296 1382 4371 ἀριθμῶ
1429 4298 1495 4352 τὰ
1545 4295 1799 4370 τρόπαια,
1858 4292 1961 4358 ἕως

329 4383 425 4457 μία
456 4387 500 4422 ²⁶
545 4389 672 4462 γοῦν
722 4383 782 4441 ἐκ
825 4390 1096 4462 Πειραιῶς
1156 4383 1232 4440 ἔτι
1291 4387 1525 4460 τριήρης
1584 4385 1859 4460 ἀνάγεται,
1901 4385 1962 4442 οὐ

323 4471 590 4549 προίεμαι
632 4473 761 4538 τοὺς
807 4476 1033 4550 νόμους,
1083 4473 1206 4530 οὐδὲ
1261 4481 1358 4543 τῆς
1406 4474 1686 4537 πολιτείας
1737 4476 1960 4553 ἀφίσταο

329 4585 447 4636 μαι,
500 4561 628 4620 οὐδὲ
673 4569 818 4620 ποιῶ
859 4567 959 4634 τήν
991 4567 1180 4642 φήμην
1217 4564 1384 4631 αὐτῆς
1429 4571 1530 4636 τῆς
1575 4562 1792 4627 πόλεως
1831 4565 1964 4640 πόρ-

323 4653 502 4725 θησιν,
543 4651 656 4710 οὐδ’
691 4653 1008 4710 ὑποπτεύων
1038 4657 1104 4710 τᾶ
1133 4655 1280 4729 παρὰ
1327 4661 1428 4724 τῆς
1457 4656 1636 4734 τύχης
1678 4649 1964 4732 ἀμφίϐολα

305 4745 508 4819 -φθάνω
571 4747 674 4814 τήν
751 4743 1000 4801 δουλείαν
1072 4743 1232 4807 αὐτὸς
1289 4745 1550 4806 ἑκουσίως
1617 4744 1959 4818 αἱρούμενος.

329 4833 540 4888 Κατίτω
591 4834 768 4889 τοίνυν
839 4835 1132 4910 Αἰσχίνης,
1191 4833 1596 4908 Δημοσθένους,
1664 4833 1810 4890 ἀλλᾶ
1885 4835 1961 4907 μὴ

325 4917 682 4994 Ἀλεξάνδρου
747 4920 1068 4987 κελεύοντος
1103 4942 1116 4958 ’
1191 4927 1636 5000 παρανομοῦντος
1707 4923 1962 4996 ῥήτορος,

323 5007 471 5064 ἀλλά
518 5011 594 5082 μὴ
633 5009 903 5086 βασιλέως
950 5015 1381 5088 προστάττοντος
1415 5033 1430 5051 ο
1478 5014 1552 5074 ὡς
1583 5012 1756 5092 φυγὰς
1787 5009 1969 5068 ἐλεού-

329 5105 527 5171 μενος,¹
579 5101 656 5173 μή
733 5097 966 5178 φοϐερὸς
1049 5105 1186 5176 ἡμῖν
1256 5105 1330 5167 ὡς
1403 5103 1464 5159 ἐκ
1519 5103 1962 5178 προστάγματος.

325 5188 626 5260 Ἀθηναίων
673 5191 725 5244 οἱ
757 5189 936 5266 λόγοι,
969 5193 1058 5246 καὶ
1099 5192 1353 5268 γνωρίζω
1395 5193 1494 5262 τὴν
1537 5191 1700 5248 πόλιν
1733 5193 1839 5248 ἀπὸ
1868 5193 1964 5247 τοῦ

325 5276 572 5354 ῥήματος
604 5295 616 5310 ·
672 5279 828 5354 ὑμεῖς
859 5280 963 5358 γάρ
1012 5279 1129 5338 ἐστε
1169 5283 1220 5338 οἱ
1269 5288 1442 5338 πᾶσαν
1479 5281 1576 5356 μὶν
1623 5289 1750 5358 γῆν,
1793 5287 1960 5338 πᾶσαν

2064 3229 2454 3298 reverebatur,
2487 3244 2822 3299 quanquam
2857 3233 2914 3284 et
2961 3233 3101 3283 tunc
3144 3225 3365 3297 aliquid
3414 3225 3705 3294 habuerit,

2051 3317 2223 3386 quod
2258 3317 2387 3370 urbi
2419 3316 2556 3371 huic
2587 3316 2884 3387 objiceret.
2918 3316 3043 3372 Non
3093 3315 3248 3371 enim
3297 3313 3708 3370 Thebanorum

2067 3406 2351 3460 victorum
2387 3421 2552 3461 acra
2582 3407 2963 3475 exclusimus,
3005 3421 3079 3461 ne
3109 3405 3183 3461 ad
3224 3421 3422 3460 eorum
3454 3403 3713 3458 lamenta

2070 3495 2353 3550 Bacchum
2413 3494 2630 3568 hymno
2695 3495 3122 3551 invocaremus.
3209 3493 3712 3560 Quemadmodum

2070 3585 2260 3641 8541)
2307 3585 2460 3640 enim
2514 3587 2674 3651 urbs,
2728 3585 2776 3640 si
2819 3584 2904 3639 vir
2933 3586 3196 3640 sincerus
3227 3587 3583 3653 compareat,
3617 3579 3714 3650 qui

2071 3674 2318 3744 gratiam
2352 3682 2526 3744 queat
2553 3674 2770 3730 referre
2807 3673 3004 3746 glorias
3032 3673 3322 3744 particeps
3363 3673 3556 3726 futura
3604 3673 3712 3736 est,

2073 3764 2157 3818 sic
2205 3767 2262 3818 et
2311 3763 2466 3818 malo
2516 3763 2800 3818 referente
2839 3761 3106 3833 gratiam,
3157 3760 3396 3814 infamia
3457 3761 3712 3812 notatur.

2071 3851 2266 3920 Neque
2315 3850 2428 3905 alio
2479 3851 2790 3916 scribente,
2839 3855 2896 3905 et
2938 3853 3139 3905 contra
3167 3847 3322 3918 leges
3356 3851 3579 3918 agente,
3611 3860 3712 3913 ego

2073 3939 2494 4006 obmutuerim,
2517 3939 2616 3995 sed
2642 3939 2980 3996 conscensis
3021 3938 3222 3992 rostris
3257 3935 3524 3990 Solonem
3555 3933 3713 3987 invo-

2073 4047 2234 4097 cans,
2260 4034 2317 4084 et
2347 4029 2772 4100 rempublicam
2804 4029 3184 4102 compellans,
3208 4028 3449 4084 dixerim
3488 4042 3500 4079 :
3535 4025 3710 4094 Leges

2073 4136 2187 4175 non
2239 4119 2476 4190 abrogo,
2529 4135 2713 4191 neque
2755 4120 2982 4176 exsules
3035 4119 3249 4190 recipio
3302 4133 3370 4172 ex
3417 4115 3710 4182 mandato,

2073 4224 2138 4263 ac
2195 4225 2268 4264 ne
2317 4209 2557 4278 jubente
2617 4209 2853 4280 quidem
2913 4209 3298 4264 Phocensium
3349 4219 3710 4276 percussore,

2073 4315 2259 4368 neque
2299 4299 2486 4354 foedus
2537 4299 2688 4368 ineo,
2736 4301 2837 4355 sed
2883 4299 3138 4371 quandiu
3185 4301 3387 4370 portus
3431 4295 3710 4358 habuero,

2073 4387 2332 4458 quandiu
2361 4389 2656 4444 robustam
2688 4393 2940 4454 atatem,
2965 4388 3220 4458 quandiu
3255 4392 3470 4456 tr0paaa
3501 4399 3712 4439 nume-

2073 4493 2292 4546 ravero,
2325 4479 2588 4550 quandiu
2618 4479 2807 4534 adhuc
2839 4496 2956 4534 una
2985 4494 3015 4533 e
3045 4477 3222 4532 Piraeo
3251 4475 3505 4532 triremis
3535 4473 3713 4526 addu-

2075 4573 2258 4633 cetur,
2307 4584 2422 4623 non
2477 4569 2734 4624 deseram
2805 4569 2982 4640 leges,
3042 4583 3231 4638 neque
3287 4561 3712 4636 rempublicam

2071 4659 2384 4714 relicturus
2414 4657 2552 4726 sim,
2584 4675 2690 4714 nec
2721 4658 2910 4730 patiar
2947 4657 3124 4728 hujus
3173 4656 3420 4711 civitatis
3471 4651 3716 4725 gloriam

2073 4748 2265 4819 diripi,
2318 4765 2422 4804 nec
2468 4748 2688 4804 veritus
2737 4750 2984 4803 fortunae
3031 4763 3216 4815 casus,
3267 4761 3372 4817 ego
3413 4744 3539 4813 ipse
3571 4738 3714 4796 mihi

2075 4853 2280 4892 manus
2339 4836 2596 4904 inferam,
2657 4842 2970 4910 antequam
3043 4835 3382 4892 servitutem
3467 4830 3712 4885 videam.

2075 4925 2294 4981 Redeat
2323 4926 2502 4998 igitur
2533 4927 2941 4996 Demosthene,
2963 4942 3079 4982 non
3103 4924 3425 4980 Alexandro
3449 4919 3714 4991 jubente,

2073 5003 2400 5084 Eschine,
2433 5020 2642 5088 praeter
2672 5016 2854 5088 legem
2888 5019 3096 5086 agente
3126 5019 3371 5077 oratore,
3393 5025 3509 5065 non
3539 5008 3718 5080 impe-

2075 5110 2240 5162 rante
2269 5122 2419 5178 rege,
2456 5107 2652 5162 redeat
2681 5106 2842 5177 quasi
2875 5105 3038 5162 exsul
3077 5101 3536 5160 misericordiam
3578 5115 3711 5154 con-

2075 5203 2335 5267 secutus,
2370 5211 2484 5251 non
2517 5201 2798 5267 tanquam
2825 5211 2892 5251 ex
2921 5197 3204 5265 praecepto
3237 5192 3406 5248 nobis
3449 5193 3715 5245 metuen-

2074 5287 2205 5342 dus.
2239 5290 2336 5341 Hae
2365 5285 2806 5342 Atheniensium
2837 5299 3006 5342 voces
3037 5299 3066 5340 e
3085 5283 3296 5355 quibus
3319 5281 3521 5338 urbem
3544 5293 3718 5349 agno-

1683 5439 1819 5496 VAR
1831 5437 1916 5494 UE
1957 5439 2366 5496 LECTIONES.

399 5575 806 5652 ³⁸θαυμαστρξ]
863 5573 1032 5642 καλὸς
1065 5581 1128 5637 Β.
1229 5581 1345 5652 1⁷ᾉὴ
1401 5585 1494 5639 A:
1536 5583 1602 5652 ἧς

323 5657 366 5694 ²ι
399 5651 675 5726 κέκτηιρι
709 5651 770 5707 C.
793 5723 829 5726 __
875 5654 1232 5726 "@9695:ng
1281 5650 1333 5714 ἐς
1363 5650 1618 5726 τοσοῦτον
1652 5650 1682 5709 ὅ
1711 5661 1776 5713 Β.

323 5723 448 5786 ἀλλ’
482 5720 544 5776 οὗ
695 5723 897 5781 malim
928 5720 1307 5798 Ἀλεξάνδρου.
1386 5725 1430 5762 ³⁸
1458 5729 1584 5799 γοῦν
1622 5727 1720 5800 μία

1713 5625 1727 5642 .
1809 5583 1854 5621 ίδ
1883 5583 2102 5659 κατάγει
2147 5591 2206 5659 Β..

1880 5659 1925 5696 ³³
1959 5650 2282 5735 ὑπερεφόόει
2330 5655 2606 5727 Scaliger.

2311 5579 2560 5672 ¹ξούρίαν
2615 5585 2658 5634 Δ
2695 5577 2928 5672 ;.;Δσίαν
3120 5577 3386 5672 "Ledae-ig
3439 5577 3600 5672 aqua
3657 5583 3717 5672 1‘1:

2712 5652 2759 5688 ²⁴
2788 5651 2834 5708 εἰ
2876 5648 3114 5727 πονηρὸς
3147 5648 3232 5725 g.‘
3330 5648 3384 5688 ’5
3433 5648 3608 5707 ἄλλου
3655 5651 3716 5702 A:
