  <div class='ocr_page' id='page_1' title='image "/cluster/home/n/w/nwhite01/storage/ocr_20150623/103/hvd.32044054112495/675.png"; bbox 0 0 4090 6422; ppageno 0'>
   <div class='ocr_carea' id='block_1_1' title="bbox 365 373 2029 444">
    <p class='ocr_par' dir='ltr' id='par_1_1' title="bbox 365 373 2029 444">
     <span class='ocr_line' id='line_1_1' title="bbox 365 373 2029 444; baseline -0.007 -1"><span class='ocrx_word' id='word_1_1' title='bbox 365 384 514 444; x_wconf 78' lang='grc'><strong>1311</strong></span> <span class='ocrx_word' id='word_1_2' title='bbox 1566 373 1829 437; x_wconf 83' lang='lat' dir='ltr'><strong>PHOTII</strong></span> <span class='ocrx_word' id='word_1_3' title='bbox 1874 373 2029 433; x_wconf 84' lang='lat' dir='ltr'><strong>PAT</strong></span> 
     </span>
    </p>
   </div>
   <div class='ocr_carea' id='block_1_2' title="bbox 2144 373 3817 444">
    <p class='ocr_par' dir='ltr' id='par_1_2' title="bbox 2144 373 3817 438">
     <span class='ocr_line' id='line_1_2' title="bbox 2144 373 3817 438; baseline 0.002 -5"><span class='ocrx_word' id='word_1_4' title='bbox 2144 373 2401 434; x_wconf 66' lang='lat' dir='ltr'><strong>tRCHE</strong></span> <span class='ocrx_word' id='word_1_5' title='bbox 2444 376 2557 436; x_wconf 79' lang='grc' dir='ltr'><strong>ΟΡ.</strong></span> <span class='ocrx_word' id='word_1_6' title='bbox 3646 380 3817 438; x_wconf 70' lang='grc'><strong>1312</strong></span> 
     </span>
    </p>
   </div>
   <div class='ocr_carea' id='block_1_3' title="bbox 366 503 2029 586">
    <p class='ocr_par' dir='ltr' id='par_1_3' title="bbox 366 510 2004 586">
     <span class='ocr_line' id='line_1_3' title="bbox 366 510 2004 586; baseline -0.005 -14"><span class='ocrx_word' id='word_1_7' title='bbox 366 533 486 572; x_wconf 88' lang='lat' dir='ltr'><strong>sco.</strong></span> <span class='ocrx_word' id='word_1_8' title='bbox 540 517 655 571; x_wconf 89' lang='lat' dir='ltr'><strong>Vos</strong></span> <span class='ocrx_word' id='word_1_9' title='bbox 702 516 857 572; x_wconf 87' lang='lat' dir='ltr'><strong>enim</strong></span> <span class='ocrx_word' id='word_1_10' title='bbox 908 516 1073 580; x_wconf 92' lang='lat' dir='ltr'><strong>estis,</strong></span> <span class='ocrx_word' id='word_1_11' title='bbox 1124 514 1224 586; x_wconf 87' lang='lat' dir='ltr'><strong>qui</strong></span> <span class='ocrx_word' id='word_1_12' title='bbox 1257 529 1359 586; x_wconf 89' lang='lat' dir='ltr'><strong>pro</strong></span> <span class='ocrx_word' id='word_1_13' title='bbox 1391 512 1670 568; x_wconf 90' lang='lat' dir='ltr'><strong>institutis</strong></span> <span class='ocrx_word' id='word_1_14' title='bbox 1697 510 2004 580; x_wconf 82' lang='lat' dir='ltr'><strong>majorum,</strong></span> 
     </span>
    </p>
   </div>
   <div class='ocr_carea' id='block_1_4' title="bbox 2144 503 3823 586">
    <p class='ocr_par' dir='ltr' id='par_1_4' title="bbox 2144 504 3823 585">
     <span class='ocr_line' id='line_1_4' title="bbox 2144 504 3823 585; baseline 0.004 -26"><span class='ocrx_word' id='word_1_15' title='bbox 2144 504 2178 560; x_wconf 75' lang='lat' dir='ltr'><strong>ié</strong></span> <span class='ocrx_word' id='word_1_16' title='bbox 2236 505 2504 562; x_wconf 80' lang='grc' dir='ltr'>θάλασσαν</span> <span class='ocrx_word' id='word_1_17' title='bbox 2560 507 2837 583; x_wconf 77' lang='grc' dir='ltr'>τροπαίων</span> <span class='ocrx_word' id='word_1_18' title='bbox 2903 510 3034 584; x_wconf 77' lang='grc' dir='ltr'>ὑπὶρ</span> <span class='ocrx_word' id='word_1_19' title='bbox 3096 515 3203 566; x_wconf 80' lang='grc' dir='ltr'>τῶν</span> <span class='ocrx_word' id='word_1_20' title='bbox 3256 514 3444 585; x_wconf 87' lang='grc' dir='ltr'>νόμων</span> <span class='ocrx_word' id='word_1_21' title='bbox 3528 513 3629 567; x_wconf 72' lang='grc' dir='ltr'><strong>καὶ</strong></span> <span class='ocrx_word' id='word_1_22' title='bbox 3715 519 3823 579; x_wconf 73' lang='grc' dir='ltr'>τῆς</span> 
     </span>
    </p>
   </div>
   <div class='ocr_carea' id='block_1_5' title="bbox 369 595 2029 676">
    <p class='ocr_par' dir='ltr' id='par_1_5' title="bbox 369 600 2007 675">
     <span class='ocr_line' id='line_1_5' title="bbox 369 600 2007 675; baseline -0.004 -15"><span class='ocrx_word' id='word_1_23' title='bbox 369 610 423 660; x_wconf 91' lang='lat' dir='ltr'><strong>et</strong></span> <span class='ocrx_word' id='word_1_24' title='bbox 452 621 550 675; x_wconf 92' lang='lat' dir='ltr'><strong>pro</strong></span> <span class='ocrx_word' id='word_1_25' title='bbox 573 604 868 667; x_wconf 79' lang='lat' dir='ltr'><strong>libertate,</strong></span> <span class='ocrx_word' id='word_1_26' title='bbox 888 607 1041 658; x_wconf 86' lang='lat' dir='ltr'><strong>terra</strong></span> <span class='ocrx_word' id='word_1_27' title='bbox 1063 603 1322 674; x_wconf 90' lang='lat' dir='ltr'><strong>marique</strong></span> <span class='ocrx_word' id='word_1_28' title='bbox 1347 607 1557 673; x_wconf 64' lang='lat' dir='ltr'><strong>tropaea</strong></span> <span class='ocrx_word' id='word_1_29' title='bbox 1581 600 2007 656; x_wconf 82' lang='lat' dir='ltr'><strong>fixistis.Tanto</strong></span> 
     </span>
    </p>
   </div>
   <div class='ocr_carea' id='block_1_6' title="bbox 2144 595 3823 676">
    <p class='ocr_par' dir='ltr' id='par_1_6' title="bbox 2147 595 3823 676">
     <span class='ocr_line' id='line_1_6' title="bbox 2147 595 3823 676; baseline 0.001 -25"><span class='ocrx_word' id='word_1_30' title='bbox 2147 595 2427 671; x_wconf 83' lang='grc' dir='ltr'>λευθερίας</span> <span class='ocrx_word' id='word_1_31' title='bbox 2503 597 2921 670; x_wconf 76' lang='grc' dir='ltr'><strong>πληρώσαντες.</strong></span> <span class='ocrx_word' id='word_1_32' title='bbox 2984 598 3275 673; x_wconf 84' lang='grc' dir='ltr'>Ἐπολέμει</span> <span class='ocrx_word' id='word_1_33' title='bbox 3354 604 3607 676; x_wconf 77' lang='grc' dir='ltr'>Ξέρξης,</span> <span class='ocrx_word' id='word_1_34' title='bbox 3712 606 3823 675; x_wconf 76' lang='grc' dir='ltr'>γῆν</span> 
     </span>
    </p>
   </div>
   <div class='ocr_carea' id='block_1_7' title="bbox 369 692 2006 761">
    <p class='ocr_par' dir='ltr' id='par_1_7' title="bbox 369 692 2006 761">
     <span class='ocr_line' id='line_1_7' title="bbox 369 692 2006 761; baseline -0.004 -12"><span class='ocrx_word' id='word_1_35' title='bbox 369 694 618 749; x_wconf 83' lang='lat' dir='ltr'><strong>exercitu</strong></span> <span class='ocrx_word' id='word_1_36' title='bbox 673 692 908 747; x_wconf 80' lang='lat' dir='ltr'><strong>advenit</strong></span> <span class='ocrx_word' id='word_1_37' title='bbox 951 692 1187 760; x_wconf 84' lang='lat' dir='ltr'><strong>Xerxes,</strong></span> <span class='ocrx_word' id='word_1_38' title='bbox 1239 700 1449 747; x_wconf 90' lang='lat' dir='ltr'><strong>terram</strong></span> <span class='ocrx_word' id='word_1_39' title='bbox 1494 700 1546 748; x_wconf 89' lang='lat' dir='ltr'><strong>et</strong></span> <span class='ocrx_word' id='word_1_40' title='bbox 1587 706 1745 746; x_wconf 91' lang='lat' dir='ltr'><strong>mare</strong></span> <span class='ocrx_word' id='word_1_41' title='bbox 1777 706 2006 761; x_wconf 89' lang='lat' dir='ltr'><strong>permu-</strong></span> 
     </span>
    </p>
   </div>
   <div class='ocr_carea' id='block_1_8' title="bbox 370 776 2012 852">
    <p class='ocr_par' dir='ltr' id='par_1_8' title="bbox 370 776 2012 852">
     <span class='ocr_line' id='line_1_8' title="bbox 370 776 2012 852; baseline -0.003 -17"><span class='ocrx_word' id='word_1_42' title='bbox 370 784 527 846; x_wconf 89' lang='lat' dir='ltr'><strong>tans,</strong></span> <span class='ocrx_word' id='word_1_43' title='bbox 550 787 613 834; x_wconf 89' lang='lat' dir='ltr'><strong>ut</strong></span> <span class='ocrx_word' id='word_1_44' title='bbox 645 786 901 850; x_wconf 77' lang='lat' dir='ltr'><strong>petentes</strong></span> <span class='ocrx_word' id='word_1_45' title='bbox 940 778 1166 852; x_wconf 78' lang='lat' dir='ltr'><strong>glebam</strong></span> <span class='ocrx_word' id='word_1_46' title='bbox 1190 784 1247 835; x_wconf 91' lang='lat' dir='ltr'><strong>et</strong></span> <span class='ocrx_word' id='word_1_47' title='bbox 1268 780 1542 847; x_wconf 85' lang='lat' dir='ltr'><strong>cyathum</strong></span> <span class='ocrx_word' id='word_1_48' title='bbox 1578 781 1700 833; x_wconf 92' lang='lat' dir='ltr'><strong>loco</strong></span> <span class='ocrx_word' id='word_1_49' title='bbox 1718 776 2012 833; x_wconf 90' lang='lat' dir='ltr'><strong>concionis</strong></span> 
     </span>
    </p>
   </div>
   <div class='ocr_carea' id='block_1_9' title="bbox 371 867 2013 941">
    <p class='ocr_par' dir='ltr' id='par_1_9' title="bbox 371 867 2013 941">
     <span class='ocr_line' id='line_1_9' title="bbox 371 867 2013 941; baseline -0.004 -16"><span class='ocrx_word' id='word_1_50' title='bbox 371 870 429 925; x_wconf 90' lang='lat' dir='ltr'><strong>in</strong></span> <span class='ocrx_word' id='word_1_51' title='bbox 464 869 803 924; x_wconf 82' lang='lat' dir='ltr'><strong>barathrum</strong></span> <span class='ocrx_word' id='word_1_52' title='bbox 836 870 1166 939; x_wconf 85' lang='lat' dir='ltr'><strong>conjecerit.</strong></span> <span class='ocrx_word' id='word_1_53' title='bbox 1200 874 1271 926; x_wconf 78' lang='lat' dir='ltr'><strong>At</strong></span> <span class='ocrx_word' id='word_1_54' title='bbox 1300 869 1429 941; x_wconf 81' lang='lat' dir='ltr'><strong>ipsa</strong></span> <span class='ocrx_word' id='word_1_55' title='bbox 1476 868 1680 923; x_wconf 88' lang='lat' dir='ltr'><strong>civitas</strong></span> <span class='ocrx_word' id='word_1_56' title='bbox 1709 867 2013 922; x_wconf 90' lang='lat' dir='ltr'><strong>elementis</strong></span> 
     </span>
    </p>
   </div>
   <div class='ocr_carea' id='block_1_10' title="bbox 372 955 2013 1029">
    <p class='ocr_par' dir='ltr' id='par_1_10' title="bbox 372 955 2013 1029">
     <span class='ocr_line' id='line_1_10' title="bbox 372 955 2013 1029; baseline -0.003 -15"><span class='ocrx_word' id='word_1_57' title='bbox 372 958 462 1014; x_wconf 90' lang='lat' dir='ltr'><strong>his</strong></span> <span class='ocrx_word' id='word_1_58' title='bbox 520 958 715 1014; x_wconf 81' lang='lat' dir='ltr'><strong>fortior</strong></span> <span class='ocrx_word' id='word_1_59' title='bbox 762 959 1100 1029; x_wconf 82' lang='lat' dir='ltr'><strong>permansit.</strong></span> <span class='ocrx_word' id='word_1_60' title='bbox 1152 959 1433 1022; x_wconf 85' lang='lat' dir='ltr'><strong>Quoniam</strong></span> <span class='ocrx_word' id='word_1_61' title='bbox 1480 957 1614 1013; x_wconf 89' lang='lat' dir='ltr'><strong>licet</strong></span> <span class='ocrx_word' id='word_1_62' title='bbox 1651 956 1801 1023; x_wconf 89' lang='lat' dir='ltr'><strong>aliis,</strong></span> <span class='ocrx_word' id='word_1_63' title='bbox 1836 961 1899 1009; x_wconf 90' lang='lat' dir='ltr'><strong>ut</strong></span> <span class='ocrx_word' id='word_1_64' title='bbox 1929 955 2013 1009; x_wconf 90' lang='lat' dir='ltr'><strong>sic</strong></span> 
     </span>
    </p>
   </div>
   <div class='ocr_carea' id='block_1_11' title="bbox 374 1047 2009 1121">
    <p class='ocr_par' dir='ltr' id='par_1_11' title="bbox 374 1047 2009 1121">
     <span class='ocr_line' id='line_1_11' title="bbox 374 1047 2009 1121; baseline -0.004 -16"><span class='ocrx_word' id='word_1_65' title='bbox 374 1048 635 1112; x_wconf 83' lang='lat' dir='ltr'><strong>dixerim,</strong></span> <span class='ocrx_word' id='word_1_66' title='bbox 671 1049 903 1121; x_wconf 91' lang='lat' dir='ltr'><strong>singula</strong></span> <span class='ocrx_word' id='word_1_67' title='bbox 931 1065 1130 1105; x_wconf 89' lang='lat' dir='ltr'><strong>eorum</strong></span> <span class='ocrx_word' id='word_1_68' title='bbox 1166 1066 1293 1120; x_wconf 62' lang='lat' dir='ltr'><strong>quae</strong></span> <span class='ocrx_word' id='word_1_69' title='bbox 1324 1054 1490 1121; x_wconf 89' lang='lat' dir='ltr'><strong>gesta</strong></span> <span class='ocrx_word' id='word_1_70' title='bbox 1520 1047 1885 1114; x_wconf 87' lang='lat' dir='ltr'><strong>sunt,eadem</strong></span> <span class='ocrx_word' id='word_1_71' title='bbox 1916 1062 2009 1101; x_wconf 82' lang='lat' dir='ltr'><strong>na-</strong></span> 
     </span>
    </p>
   </div>
   <div class='ocr_carea' id='block_1_12' title="bbox 375 1137 2007 1207">
    <p class='ocr_par' dir='ltr' id='par_1_12' title="bbox 375 1137 2007 1207">
     <span class='ocr_line' id='line_1_12' title="bbox 375 1137 2007 1207; baseline -0.004 -13"><span class='ocrx_word' id='word_1_72' title='bbox 375 1142 507 1194; x_wconf 87' lang='lat' dir='ltr'><strong>tura</strong></span> <span class='ocrx_word' id='word_1_73' title='bbox 533 1153 657 1193; x_wconf 88' lang='lat' dir='ltr'><strong>esse</strong></span> <span class='ocrx_word' id='word_1_74' title='bbox 690 1137 1017 1205; x_wconf 91' lang='lat' dir='ltr'><strong>videantur,</strong></span> <span class='ocrx_word' id='word_1_75' title='bbox 1049 1138 1238 1207; x_wconf 87' lang='lat' dir='ltr'><strong>specie</strong></span> <span class='ocrx_word' id='word_1_76' title='bbox 1280 1142 1468 1193; x_wconf 82' lang='lat' dir='ltr'><strong>tamen</strong></span> <span class='ocrx_word' id='word_1_77' title='bbox 1520 1137 1961 1206; x_wconf 75' lang='lat' dir='ltr'><strong>distinguuntur</strong></span> <span class='ocrx_word' id='word_1_78' title='bbox 1995 1151 2007 1188; x_wconf 92' lang='lat'>:</span> 
     </span>
    </p>
   </div>
   <div class='ocr_carea' id='block_1_13' title="bbox 374 1226 2013 1299">
    <p class='ocr_par' dir='ltr' id='par_1_13' title="bbox 374 1226 2013 1299">
     <span class='ocr_line' id='line_1_13' title="bbox 374 1226 2013 1299; baseline -0.002 -16"><span class='ocrx_word' id='word_1_79' title='bbox 374 1226 533 1283; x_wconf 87' lang='lat' dir='ltr'><strong>verbi</strong></span> <span class='ocrx_word' id='word_1_80' title='bbox 581 1228 763 1297; x_wconf 88' lang='lat' dir='ltr'><strong>gratia</strong></span> <span class='ocrx_word' id='word_1_81' title='bbox 806 1226 1018 1298; x_wconf 83' lang='lat' dir='ltr'><strong>aliquis</strong></span> <span class='ocrx_word' id='word_1_82' title='bbox 1060 1228 1389 1299; x_wconf 81' lang='lat' dir='ltr'><strong>proximum</strong></span> <span class='ocrx_word' id='word_1_83' title='bbox 1425 1229 1705 1298; x_wconf 85' lang='lat' dir='ltr'><strong>percutit;</strong></span> <span class='ocrx_word' id='word_1_84' title='bbox 1740 1228 1795 1281; x_wconf 92' lang='lat' dir='ltr'><strong>in</strong></span> <span class='ocrx_word' id='word_1_85' title='bbox 1830 1232 2013 1281; x_wconf 85' lang='lat' dir='ltr'><strong>certa-</strong></span> 
     </span>
    </p>
   </div>
   <div class='ocr_carea' id='block_1_14' title="bbox 378 1315 2014 1384">
    <p class='ocr_par' dir='ltr' id='par_1_14' title="bbox 378 1315 2014 1384">
     <span class='ocr_line' id='line_1_14' title="bbox 378 1315 2014 1384; baseline -0.002 -12"><span class='ocrx_word' id='word_1_86' title='bbox 378 1317 537 1372; x_wconf 89' lang='lat' dir='ltr'><strong>mine</strong></span> <span class='ocrx_word' id='word_1_87' title='bbox 566 1316 614 1370; x_wconf 89' lang='lat' dir='ltr'><strong>si</strong></span> <span class='ocrx_word' id='word_1_88' title='bbox 646 1315 868 1383; x_wconf 89' lang='lat' dir='ltr'><strong>vicerit,</strong></span> <span class='ocrx_word' id='word_1_89' title='bbox 898 1332 1168 1372; x_wconf 85' lang='lat' dir='ltr'><strong>coronam</strong></span> <span class='ocrx_word' id='word_1_90' title='bbox 1214 1316 1472 1384; x_wconf 88' lang='lat' dir='ltr'><strong>habebit,</strong></span> <span class='ocrx_word' id='word_1_91' title='bbox 1517 1326 1675 1372; x_wconf 85' lang='lat' dir='ltr'><strong>extra</strong></span> <span class='ocrx_word' id='word_1_92' title='bbox 1720 1320 2014 1371; x_wconf 87' lang='lat' dir='ltr'><strong>certamen</strong></span> 
     </span>
    </p>
   </div>
   <div class='ocr_carea' id='block_1_15' title="bbox 378 1405 792 1479">
    <p class='ocr_par' dir='ltr' id='par_1_15' title="bbox 378 1405 792 1479">
     <span class='ocr_line' id='line_1_15' title="bbox 378 1405 792 1479; baseline -0.005 -18"><span class='ocrx_word' id='word_1_93' title='bbox 378 1423 578 1479; x_wconf 77' lang='lat' dir='ltr'><strong>pcenas</strong></span> <span class='ocrx_word' id='word_1_94' title='bbox 609 1405 792 1460; x_wconf 89' lang='lat' dir='ltr'><strong>dabit.</strong></span> 
     </span>
    </p>
   </div>
   <div class='ocr_carea' id='block_1_16' title="bbox 451 1493 2013 1567">
    <p class='ocr_par' dir='ltr' id='par_1_16' title="bbox 451 1493 2013 1567">
     <span class='ocr_line' id='line_1_16' title="bbox 451 1493 2013 1567; baseline -0.001 -16"><span class='ocrx_word' id='word_1_95' title='bbox 451 1493 884 1566; x_wconf 84' lang='lat' dir='ltr'><strong>Deploravimus</strong></span> <span class='ocrx_word' id='word_1_96' title='bbox 914 1494 1118 1550; x_wconf 89' lang='lat' dir='ltr'><strong>urbem</strong></span> <span class='ocrx_word' id='word_1_97' title='bbox 1153 1495 1303 1551; x_wconf 88' lang='lat' dir='ltr'><strong>hanc</strong></span> <span class='ocrx_word' id='word_1_98' title='bbox 1334 1494 1468 1550; x_wconf 92' lang='lat' dir='ltr'><strong>olim</strong></span> <span class='ocrx_word' id='word_1_99' title='bbox 1495 1513 1528 1550; x_wconf 91' lang='lat' dir='ltr'><strong>a</strong></span> <span class='ocrx_word' id='word_1_100' title='bbox 1558 1494 1817 1567; x_wconf 80' lang='lat' dir='ltr'><strong>tyrannis</strong></span> <span class='ocrx_word' id='word_1_101' title='bbox 1848 1510 2013 1550; x_wconf 89' lang='lat' dir='ltr'><strong>ever-</strong></span> 
     </span>
    </p>
   </div>
   <div class='ocr_carea' id='block_1_17' title="bbox 2124 686 3823 765">
    <p class='ocr_par' dir='ltr' id='par_1_17' title="bbox 2124 686 3823 765">
     <span class='ocr_line' id='line_1_17' title="bbox 2124 686 3823 765; baseline 0.002 -26"><span class='ocrx_word' id='word_1_102' title='bbox 2124 690 2431 756; x_wconf 73' lang='grc' dir='ltr'>μεταποιῶν</span> <span class='ocrx_word' id='word_1_103' title='bbox 2464 687 2551 741; x_wconf 81' lang='grc' dir='ltr'><strong>καὶ</strong></span> <span class='ocrx_word' id='word_1_104' title='bbox 2606 686 2873 743; x_wconf 89' lang='grc' dir='ltr'>θάλατταν</span> <span class='ocrx_word' id='word_1_105' title='bbox 2909 688 2976 759; x_wconf 75' lang='grc'>²⁷,</span> <span class='ocrx_word' id='word_1_106' title='bbox 3019 688 3101 743; x_wconf 78' lang='grc' dir='ltr'>ὅτι</span> <span class='ocrx_word' id='word_1_107' title='bbox 3148 689 3277 750; x_wconf 80' lang='grc' dir='ltr'>τοὺς</span> <span class='ocrx_word' id='word_1_108' title='bbox 3316 693 3418 759; x_wconf 73' lang='grc' dir='ltr'>τήν</span> <span class='ocrx_word' id='word_1_109' title='bbox 3467 688 3688 765; x_wconf 78' lang='grc' dir='ltr'>βῶλον</span> <span class='ocrx_word' id='word_1_110' title='bbox 3725 691 3823 744; x_wconf 73' lang='grc' dir='ltr'><strong>καῖ</strong></span> 
     </span>
    </p>
   </div>
   <div class='ocr_carea' id='block_1_18' title="bbox 2118 775 3822 852">
    <p class='ocr_par' dir='ltr' id='par_1_18' title="bbox 2118 775 3822 852">
     <span class='ocr_line' id='line_1_18' title="bbox 2118 775 3822 852; baseline 0.003 -23"><span class='ocrx_word' id='word_1_111' title='bbox 2118 776 2209 829; x_wconf 87' lang='grc' dir='ltr'>τὸν</span> <span class='ocrx_word' id='word_1_112' title='bbox 2239 775 2433 829; x_wconf 91' lang='grc' dir='ltr'>κύαθον</span> <span class='ocrx_word' id='word_1_113' title='bbox 2476 776 2792 845; x_wconf 70' lang='grc' dir='ltr'>αἰτήσαντες</span> <span class='ocrx_word' id='word_1_114' title='bbox 2839 779 2902 831; x_wconf 83' lang='grc' dir='ltr'>τὸ</span> <span class='ocrx_word' id='word_1_115' title='bbox 2954 776 3229 852; x_wconf 83' lang='grc' dir='ltr'>βάραθρον</span> <span class='ocrx_word' id='word_1_116' title='bbox 3282 779 3399 833; x_wconf 81' lang='grc' dir='ltr'>άντὶ</span> <span class='ocrx_word' id='word_1_117' title='bbox 3430 787 3540 848; x_wconf 76' lang='grc' dir='ltr'>τῆς</span> <span class='ocrx_word' id='word_1_118' title='bbox 3584 778 3822 849; x_wconf 74' lang='grc' dir='ltr'>ἐκκλη-</span> 
     </span>
    </p>
   </div>
   <div class='ocr_carea' id='block_1_19' title="bbox 2124 860 3821 943">
    <p class='ocr_par' dir='ltr' id='par_1_19' title="bbox 2124 860 3821 943">
     <span class='ocr_line' id='line_1_19' title="bbox 2124 860 3821 943; baseline 0.004 -27"><span class='ocrx_word' id='word_1_119' title='bbox 2124 864 2239 925; x_wconf 90' lang='grc' dir='ltr'>σίας</span> <span class='ocrx_word' id='word_1_120' title='bbox 2297 861 2536 939; x_wconf 78' lang='grc' dir='ltr'>ἐδέχετο.</span> <span class='ocrx_word' id='word_1_121' title='bbox 2572 863 2730 919; x_wconf 89' lang='grc' dir='ltr'>Ἀλλ’</span> <span class='ocrx_word' id='word_1_122' title='bbox 2784 868 2819 934; x_wconf 76' lang='grc' dir='ltr'>ἡ</span> <span class='ocrx_word' id='word_1_123' title='bbox 2869 865 3033 927; x_wconf 85' lang='grc' dir='ltr'>πολις</span> <span class='ocrx_word' id='word_1_124' title='bbox 3084 860 3263 938; x_wconf 76' lang='grc' dir='ltr'>ἔμεινε</span> <span class='ocrx_word' id='word_1_125' title='bbox 3318 873 3427 923; x_wconf 85' lang='grc' dir='ltr'><strong>τῶν</strong></span> <span class='ocrx_word' id='word_1_126' title='bbox 3480 870 3821 943; x_wconf 71' lang='grc' dir='ltr'>στοιχείων</span> 
     </span>
    </p>
   </div>
   <div class='ocr_carea' id='block_1_20' title="bbox 2121 952 3819 1026">
    <p class='ocr_par' dir='ltr' id='par_1_20' title="bbox 2121 952 3819 1026">
     <span class='ocr_line' id='line_1_20' title="bbox 2121 952 3819 1026; baseline 0.003 -18"><span class='ocrx_word' id='word_1_127' title='bbox 2121 952 2290 1008; x_wconf 82' lang='grc' dir='ltr'>πλέον</span> <span class='ocrx_word' id='word_1_128' title='bbox 2346 953 2622 1023; x_wconf 86' lang='grc' dir='ltr'>ἀκίνητος.</span> <span class='ocrx_word' id='word_1_129' title='bbox 2681 954 2835 1011; x_wconf 78' lang='grc' dir='ltr'>Ἐπεὶ</span> <span class='ocrx_word' id='word_1_130' title='bbox 2896 955 2987 1009; x_wconf 87' lang='grc' dir='ltr'><strong>κάν</strong></span> <span class='ocrx_word' id='word_1_131' title='bbox 3054 962 3172 1019; x_wconf 83' lang='grc' dir='ltr'>τοῖς</span> <span class='ocrx_word' id='word_1_132' title='bbox 3222 956 3442 1026; x_wconf 71' lang='grc' dir='ltr'>ἄλλοις,</span> <span class='ocrx_word' id='word_1_133' title='bbox 3512 960 3595 1019; x_wconf 79' lang='grc' dir='ltr'>ὡς</span> <span class='ocrx_word' id='word_1_134' title='bbox 3670 956 3819 1020; x_wconf 81' lang='grc' dir='ltr'>ἔπος</span> 
     </span>
    </p>
   </div>
   <div class='ocr_carea' id='block_1_21' title="bbox 2123 1042 3815 1117">
    <p class='ocr_par' dir='ltr' id='par_1_21' title="bbox 2123 1042 3815 1117">
     <span class='ocr_line' id='line_1_21' title="bbox 2123 1042 3815 1117; baseline 0.004 -21"><span class='ocrx_word' id='word_1_135' title='bbox 2123 1043 2311 1108; x_wconf 76' lang='grc' dir='ltr'>εἰπεῖν,</span> <span class='ocrx_word' id='word_1_136' title='bbox 2360 1046 2465 1096; x_wconf 80' lang='grc' dir='ltr'><strong>τῶν</strong></span> <span class='ocrx_word' id='word_1_137' title='bbox 2516 1044 2908 1117; x_wconf 72' lang='grc' dir='ltr'>πραττομένων</span> <span class='ocrx_word' id='word_1_138' title='bbox 2956 1042 3199 1114; x_wconf 72' lang='grc' dir='ltr'>ἕκαστον,</span> <span class='ocrx_word' id='word_1_139' title='bbox 3253 1046 3349 1101; x_wconf 74' lang='grc' dir='ltr'>κᾶν</span> <span class='ocrx_word' id='word_1_140' title='bbox 3388 1049 3600 1103; x_wconf 82' lang='grc' dir='ltr'>ταύτὸν</span> <span class='ocrx_word' id='word_1_141' title='bbox 3669 1050 3815 1102; x_wconf 73' lang='grc' dir='ltr'>εἶναι</span> 
     </span>
    </p>
   </div>
   <div class='ocr_carea' id='block_1_22' title="bbox 2120 1128 3812 1211">
    <p class='ocr_par' dir='ltr' id='par_1_22' title="bbox 2120 1128 3812 1211">
     <span class='ocr_line' id='line_1_22' title="bbox 2120 1128 3812 1211; baseline 0.005 -26"><span class='ocrx_word' id='word_1_142' title='bbox 2120 1135 2188 1204; x_wconf 78' lang='grc' dir='ltr'>τῇ</span> <span class='ocrx_word' id='word_1_143' title='bbox 2239 1130 2390 1207; x_wconf 74' lang='grc' dir='ltr'>φύσει</span> <span class='ocrx_word' id='word_1_144' title='bbox 2442 1128 2597 1204; x_wconf 82' lang='grc' dir='ltr'>δοκῇ.</span> <span class='ocrx_word' id='word_1_145' title='bbox 2641 1130 2787 1187; x_wconf 75' lang='grc' dir='ltr'>ἀλλὰ</span> <span class='ocrx_word' id='word_1_146' title='bbox 2845 1136 2913 1205; x_wconf 80' lang='grc' dir='ltr'>τῇ</span> <span class='ocrx_word' id='word_1_147' title='bbox 2972 1136 3234 1211; x_wconf 64' lang='grc' dir='ltr'>προφάσει</span> <span class='ocrx_word' id='word_1_148' title='bbox 3300 1137 3607 1210; x_wconf 78' lang='grc' dir='ltr'>μερίζεται.</span> <span class='ocrx_word' id='word_1_149' title='bbox 3666 1140 3812 1193; x_wconf 78' lang='grc' dir='ltr'>Οἷον</span> 
     </span>
    </p>
   </div>
   <div class='ocr_carea' id='block_1_23' title="bbox 2122 1220 3816 1301">
    <p class='ocr_par' dir='ltr' id='par_1_23' title="bbox 2122 1220 3816 1301">
     <span class='ocr_line' id='line_1_23' title="bbox 2122 1220 3816 1301; baseline 0.003 -24"><span class='ocrx_word' id='word_1_150' title='bbox 2122 1220 2309 1277; x_wconf 89' lang='grc' dir='ltr'>τύπτει</span> <span class='ocrx_word' id='word_1_151' title='bbox 2341 1243 2421 1284; x_wconf 90' lang='grc' dir='ltr'><strong>τις</strong></span> <span class='ocrx_word' id='word_1_152' title='bbox 2448 1222 2539 1275; x_wconf 87' lang='grc' dir='ltr'>τὸν</span> <span class='ocrx_word' id='word_1_153' title='bbox 2573 1220 2831 1292; x_wconf 81' lang='grc' dir='ltr'>πλησίον.</span> <span class='ocrx_word' id='word_1_154' title='bbox 2864 1228 2956 1280; x_wconf 82' lang='grc' dir='ltr'>Ἀν</span> <span class='ocrx_word' id='word_1_155' title='bbox 2993 1224 3086 1296; x_wconf 73' lang='grc' dir='ltr'>μὲν</span> <span class='ocrx_word' id='word_1_156' title='bbox 3125 1223 3176 1279; x_wconf 86' lang='grc' dir='ltr'><strong>ἐν</strong></span> <span class='ocrx_word' id='word_1_157' title='bbox 3209 1224 3422 1295; x_wconf 76' lang='grc' dir='ltr'>ἄθλοις,</span> <span class='ocrx_word' id='word_1_158' title='bbox 3455 1224 3583 1301; x_wconf 73' lang='grc' dir='ltr'>ἔχει</span> <span class='ocrx_word' id='word_1_159' title='bbox 3636 1231 3816 1297; x_wconf 73' lang='grc' dir='ltr'>νική-</span> 
     </span>
    </p>
   </div>
   <div class='ocr_carea' id='block_1_24' title="bbox 2126 1310 3813 1392">
    <p class='ocr_par' dir='ltr' id='par_1_24' title="bbox 2126 1310 3813 1392">
     <span class='ocr_line' id='line_1_24' title="bbox 2126 1310 3813 1392; baseline 0.003 -27"><span class='ocrx_word' id='word_1_160' title='bbox 2126 1332 2220 1374; x_wconf 90' lang='grc' dir='ltr'><strong>σας</strong></span> <span class='ocrx_word' id='word_1_161' title='bbox 2248 1311 2340 1365; x_wconf 86' lang='grc' dir='ltr'>τὸν</span> <span class='ocrx_word' id='word_1_162' title='bbox 2392 1311 2643 1389; x_wconf 74' lang='grc' dir='ltr'>στέφανον</span> <span class='ocrx_word' id='word_1_163' title='bbox 2681 1332 2691 1343; x_wconf 93' lang='grc'><strong>·</strong></span> <span class='ocrx_word' id='word_1_164' title='bbox 2745 1312 2805 1366; x_wconf 77' lang='grc' dir='ltr'>ἂν</span> <span class='ocrx_word' id='word_1_165' title='bbox 2836 1310 2893 1367; x_wconf 73' lang='grc' dir='ltr'>δὲ</span> <span class='ocrx_word' id='word_1_166' title='bbox 2921 1315 3020 1381; x_wconf 71' lang='grc' dir='ltr'>τῆς</span> <span class='ocrx_word' id='word_1_167' title='bbox 3073 1314 3311 1389; x_wconf 81' lang='grc' dir='ltr'><strong>ἀγωνίας</strong></span> <span class='ocrx_word' id='word_1_168' title='bbox 3355 1315 3534 1383; x_wconf 83' lang='grc' dir='ltr'>ἐκτὸς,</span> <span class='ocrx_word' id='word_1_169' title='bbox 3590 1316 3813 1392; x_wconf 77' lang='grc' dir='ltr'>ὑπέχει</span> 
     </span>
    </p>
   </div>
   <div class='ocr_carea' id='block_1_25' title="bbox 2124 1399 2457 1473">
    <p class='ocr_par' dir='ltr' id='par_1_25' title="bbox 2124 1399 2457 1473">
     <span class='ocr_line' id='line_1_25' title="bbox 2124 1399 2457 1473; baseline 0 -20"><span class='ocrx_word' id='word_1_170' title='bbox 2124 1402 2184 1454; x_wconf 80' lang='grc' dir='ltr'><strong>το</strong></span> <span class='ocrx_word' id='word_1_171' title='bbox 2216 1399 2457 1473; x_wconf 85' lang='grc' dir='ltr'>τίμημα.</span> 
     </span>
    </p>
   </div>
   <div class='ocr_carea' id='block_1_26' title="bbox 2196 1492 3815 1569">
    <p class='ocr_par' dir='ltr' id='par_1_26' title="bbox 2196 1492 3815 1569">
     <span class='ocr_line' id='line_1_26' title="bbox 2196 1492 3815 1569; baseline 0.003 -27"><span class='ocrx_word' id='word_1_172' title='bbox 2196 1492 2566 1565; x_wconf 80' lang='grc' dir='ltr'>Ἐθρηνοῦμέν</span> <span class='ocrx_word' id='word_1_173' title='bbox 2598 1512 2730 1546; x_wconf 91' lang='grc' dir='ltr'>ποτε</span> <span class='ocrx_word' id='word_1_174' title='bbox 2779 1493 3160 1565; x_wconf 75' lang='grc' dir='ltr'>πορθουμένης</span> <span class='ocrx_word' id='word_1_175' title='bbox 3195 1494 3299 1548; x_wconf 77' lang='grc' dir='ltr'>ὑπὸ</span> <span class='ocrx_word' id='word_1_176' title='bbox 3348 1499 3457 1548; x_wconf 80' lang='grc' dir='ltr'>τῶν</span> <span class='ocrx_word' id='word_1_177' title='bbox 3500 1497 3815 1569; x_wconf 76' lang='grc' dir='ltr'>τυράννων</span> 
     </span>
    </p>
   </div>
   <div class='ocr_carea' id='block_1_27' title="bbox 382 1580 2029 1659">
    <p class='ocr_par' dir='ltr' id='par_1_27' title="bbox 382 1582 2014 1655">
     <span class='ocr_line' id='line_1_27' title="bbox 382 1582 2014 1655; baseline -0.001 -15"><span class='ocrx_word' id='word_1_178' title='bbox 382 1601 529 1651; x_wconf 88' lang='lat' dir='ltr'><strong>sam,</strong></span> <span class='ocrx_word' id='word_1_179' title='bbox 562 1590 751 1639; x_wconf 91' lang='lat' dir='ltr'><strong>tamen</strong></span> <span class='ocrx_word' id='word_1_180' title='bbox 786 1582 937 1640; x_wconf 90' lang='lat' dir='ltr'><strong>ultro</strong></span> <span class='ocrx_word' id='word_1_181' title='bbox 971 1600 1145 1655; x_wconf 89' lang='lat' dir='ltr'><strong>quam</strong></span> <span class='ocrx_word' id='word_1_182' title='bbox 1192 1584 1497 1640; x_wconf 85' lang='lat' dir='ltr'><strong>defendere</strong></span> <span class='ocrx_word' id='word_1_183' title='bbox 1528 1584 1856 1651; x_wconf 90' lang='lat' dir='ltr'><strong>debuimus,</strong></span> <span class='ocrx_word' id='word_1_184' title='bbox 1889 1600 2014 1639; x_wconf 88' lang='lat' dir='ltr'><strong>eam</strong></span> 
     </span>
    </p>
   </div>
   <div class='ocr_carea' id='block_1_28' title="bbox 2144 1580 3813 1659">
    <p class='ocr_par' dir='ltr' id='par_1_28' title="bbox 2144 1580 3813 1659">
     <span class='ocr_line' id='line_1_28' title="bbox 2144 1580 3813 1659; baseline 0.002 -26"><span class='ocrx_word' id='word_1_185' title='bbox 2144 1587 2225 1648; x_wconf 73' lang='grc' dir='ltr'><strong>τῆς</strong></span> <span class='ocrx_word' id='word_1_186' title='bbox 2274 1583 2491 1643; x_wconf 82' lang='grc' dir='ltr'>πόλεως</span> <span class='ocrx_word' id='word_1_187' title='bbox 2526 1604 2536 1613; x_wconf 93' lang='grc'><strong>·</strong></span> <span class='ocrx_word' id='word_1_188' title='bbox 2590 1580 2716 1636; x_wconf 80' lang='grc' dir='ltr'>ἀλλ’</span> <span class='ocrx_word' id='word_1_189' title='bbox 2749 1583 2956 1643; x_wconf 72' lang='grc' dir='ltr'>ἑκόντες</span> <span class='ocrx_word' id='word_1_190' title='bbox 3010 1582 3177 1652; x_wconf 72' lang='grc' dir='ltr'>αὐτὴν</span> <span class='ocrx_word' id='word_1_191' title='bbox 3231 1583 3362 1657; x_wconf 74' lang='grc' dir='ltr'>ὑπὲρ</span> <span class='ocrx_word' id='word_1_192' title='bbox 3414 1581 3813 1659; x_wconf 74' lang='grc' dir='ltr'>ἀνδραγαθίας</span> 
     </span>
    </p>
   </div>
   <div class='ocr_carea' id='block_1_29' title="bbox 382 1669 2029 1745">
    <p class='ocr_par' dir='ltr' id='par_1_29' title="bbox 382 1671 2017 1744">
     <span class='ocr_line' id='line_1_29' title="bbox 382 1671 2017 1744; baseline -0.001 -15"><span class='ocrx_word' id='word_1_193' title='bbox 382 1673 565 1729; x_wconf 89' lang='lat' dir='ltr'><strong>Medis</strong></span> <span class='ocrx_word' id='word_1_194' title='bbox 593 1671 1012 1729; x_wconf 87' lang='lat' dir='ltr'><strong>incendendam</strong></span> <span class='ocrx_word' id='word_1_195' title='bbox 1048 1673 1420 1728; x_wconf 86' lang='lat' dir='ltr'><strong>tradidimus.</strong></span> <span class='ocrx_word' id='word_1_196' title='bbox 1454 1673 1554 1729; x_wconf 87' lang='lat' dir='ltr'><strong>Ille</strong></span> <span class='ocrx_word' id='word_1_197' title='bbox 1575 1690 1707 1728; x_wconf 90' lang='lat' dir='ltr'><strong>cum</strong></span> <span class='ocrx_word' id='word_1_198' title='bbox 1729 1672 2017 1744; x_wconf 85' lang='lat' dir='ltr'><strong>Philippo,</strong></span> 
     </span>
    </p>
   </div>
   <div class='ocr_carea' id='block_1_30' title="bbox 2144 1669 3819 1745">
    <p class='ocr_par' dir='ltr' id='par_1_30' title="bbox 2144 1669 3819 1745">
     <span class='ocr_line' id='line_1_30' title="bbox 2144 1669 3819 1745; baseline 0.001 -20"><span class='ocrx_word' id='word_1_199' title='bbox 2144 1675 2206 1742; x_wconf 76' lang='grc' dir='ltr'>ιῷ</span> <span class='ocrx_word' id='word_1_200' title='bbox 2240 1671 2367 1745; x_wconf 81' lang='grc' dir='ltr'>πυρὶ</span> <span class='ocrx_word' id='word_1_201' title='bbox 2400 1676 2506 1725; x_wconf 81' lang='grc' dir='ltr'><strong>τῶν</strong></span> <span class='ocrx_word' id='word_1_202' title='bbox 2534 1669 2737 1741; x_wconf 85' lang='grc' dir='ltr'>Μήδων</span> <span class='ocrx_word' id='word_1_203' title='bbox 2774 1669 3073 1743; x_wconf 72' lang='grc' dir='ltr'>ἐδώκαμεν.</span> <span class='ocrx_word' id='word_1_204' title='bbox 3108 1674 3167 1729; x_wconf 74' lang='grc' dir='ltr'>Ὀ</span> <span class='ocrx_word' id='word_1_205' title='bbox 3210 1673 3286 1743; x_wconf 78' lang='grc' dir='ltr'>μὴ</span> <span class='ocrx_word' id='word_1_206' title='bbox 3332 1673 3612 1745; x_wconf 79' lang='grc' dir='ltr'>Φιλίππῳ</span> <span class='ocrx_word' id='word_1_207' title='bbox 3650 1694 3819 1727; x_wconf 78' lang='grc' dir='ltr'>σπει-</span> 
     </span>
    </p>
   </div>
   <div class='ocr_carea' id='block_1_31' title="bbox 384 1759 2029 1839">
    <p class='ocr_par' dir='ltr' id='par_1_31' title="bbox 384 1762 2019 1834">
     <span class='ocr_line' id='line_1_31' title="bbox 384 1762 2019 1834; baseline 0 -17"><span class='ocrx_word' id='word_1_208' title='bbox 384 1764 553 1818; x_wconf 87' lang='lat' dir='ltr'><strong>etiam</strong></span> <span class='ocrx_word' id='word_1_209' title='bbox 603 1767 732 1834; x_wconf 88' lang='lat' dir='ltr'><strong>post</strong></span> <span class='ocrx_word' id='word_1_210' title='bbox 779 1762 1169 1818; x_wconf 89' lang='lat' dir='ltr'><strong>calamitatem</strong></span> <span class='ocrx_word' id='word_1_211' title='bbox 1202 1763 2019 1829; x_wconf 67' lang='lat' dir='ltr'><strong>Cheronensem,societatem</strong></span> 
     </span>
    </p>
   </div>
   <div class='ocr_carea' id='block_1_32' title="bbox 2144 1759 3816 1839">
    <p class='ocr_par' dir='ltr' id='par_1_32' title="bbox 2144 1759 3816 1839">
     <span class='ocr_line' id='line_1_32' title="bbox 2144 1759 3816 1839; baseline -0.005 -25"><span class='ocrx_word' id='word_1_212' title='bbox 2144 1762 2385 1833; x_wconf 75' lang='grc' dir='ltr'>τάμενος,</span> <span class='ocrx_word' id='word_1_213' title='bbox 2414 1759 2554 1833; x_wconf 81' lang='grc' dir='ltr'><strong>μηδέ</strong></span> <span class='ocrx_word' id='word_1_214' title='bbox 2588 1764 2721 1833; x_wconf 79' lang='grc' dir='ltr'>μετά</span> <span class='ocrx_word' id='word_1_215' title='bbox 2750 1763 2850 1829; x_wconf 78' lang='grc' dir='ltr'>τήν</span> <span class='ocrx_word' id='word_1_216' title='bbox 2886 1764 3085 1834; x_wconf 71' lang='grc' dir='ltr'>μεστήν</span> <span class='ocrx_word' id='word_1_217' title='bbox 3117 1766 3215 1827; x_wconf 81' lang='grc' dir='ltr'>τῆς</span> <span class='ocrx_word' id='word_1_218' title='bbox 3248 1770 3491 1831; x_wconf 70' lang='grc' dir='ltr'>πονηρᾶς</span> <span class='ocrx_word' id='word_1_219' title='bbox 3530 1764 3580 1799; x_wconf 70' lang='grc' dir='ltr'><strong>ῖι</strong></span> <span class='ocrx_word' id='word_1_220' title='bbox 3611 1762 3816 1839; x_wconf 59' lang='grc' dir='ltr'>τύχης</span> 
     </span>
    </p>
   </div>
   <div class='ocr_carea' id='block_1_33' title="bbox 384 1830 2029 1925">
    <p class='ocr_par' dir='ltr' id='par_1_33' title="bbox 384 1830 2027 1923">
     <span class='ocr_line' id='line_1_33' title="bbox 384 1830 2027 1923; baseline -0.001 -16"><span class='ocrx_word' id='word_1_221' title='bbox 384 1869 498 1907; x_wconf 88' lang='lat' dir='ltr'><strong>non</strong></span> <span class='ocrx_word' id='word_1_222' title='bbox 531 1830 676 1906; x_wconf 76' lang='lat' dir='ltr'><strong>iniit.</strong></span> <span class='ocrx_word' id='word_1_223' title='bbox 712 1851 842 1907; x_wconf 88' lang='lat' dir='ltr'><strong>Fuit</strong></span> <span class='ocrx_word' id='word_1_224' title='bbox 872 1851 1041 1907; x_wconf 90' lang='lat' dir='ltr'><strong>nobis</strong></span> <span class='ocrx_word' id='word_1_225' title='bbox 1073 1852 1381 1923; x_wconf 88' lang='lat' dir='ltr'><strong>aliquando</strong></span> <span class='ocrx_word' id='word_1_226' title='bbox 1412 1853 1512 1907; x_wconf 91' lang='lat' dir='ltr'><strong>illa</strong></span> <span class='ocrx_word' id='word_1_227' title='bbox 1553 1854 1930 1918; x_wconf 84' lang='lat' dir='ltr'><strong>consuetudo,</strong></span> <span class='ocrx_word' id='word_1_228' title='bbox 1962 1856 2027 1906; x_wconf 91' lang='lat' dir='ltr'><strong>ut</strong></span> 
     </span>
    </p>
   </div>
   <div class='ocr_carea' id='block_1_34' title="bbox 2144 1830 3812 1925">
    <p class='ocr_par' dir='ltr' id='par_1_34' title="bbox 2144 1849 3812 1925">
     <span class='ocr_line' id='line_1_34' title="bbox 2144 1849 3812 1925; baseline -0.001 -20"><span class='ocrx_word' id='word_1_229' title='bbox 2144 1849 2483 1922; x_wconf 69' lang='grc' dir='ltr'>Χαιρώνειαν.</span> <span class='ocrx_word' id='word_1_230' title='bbox 2548 1852 2644 1904; x_wconf 86' lang='grc' dir='ltr'>Ἦν</span> <span class='ocrx_word' id='word_1_231' title='bbox 2705 1852 2842 1921; x_wconf 78' lang='grc' dir='ltr'>ἡμῖν</span> <span class='ocrx_word' id='word_1_232' title='bbox 2883 1870 3013 1905; x_wconf 87' lang='grc' dir='ltr'>ποτε</span> <span class='ocrx_word' id='word_1_233' title='bbox 3071 1850 3297 1923; x_wconf 86' lang='grc' dir='ltr'>πάτριον</span> <span class='ocrx_word' id='word_1_234' title='bbox 3357 1853 3617 1925; x_wconf 79' lang='grc' dir='ltr'>ἡγεῖσθαι</span> <span class='ocrx_word' id='word_1_235' title='bbox 3700 1854 3812 1917; x_wconf 64' lang='grc' dir='ltr'>τῆς</span> 
     </span>
    </p>
   </div>
   <div class='ocr_carea' id='block_1_35' title="bbox 384 1941 2026 2013">
    <p class='ocr_par' dir='ltr' id='par_1_35' title="bbox 384 1941 2026 2013">
     <span class='ocr_line' id='line_1_35' title="bbox 384 1941 2026 2013; baseline 0.001 -17"><span class='ocrx_word' id='word_1_236' title='bbox 384 1941 614 1997; x_wconf 70' lang='lat' dir='ltr'><strong>Graeciae</strong></span> <span class='ocrx_word' id='word_1_237' title='bbox 647 1956 1053 2013; x_wconf 69' lang='lat' dir='ltr'><strong>praeessemus,</strong></span> <span class='ocrx_word' id='word_1_238' title='bbox 1084 1946 1141 1997; x_wconf 90' lang='lat' dir='ltr'><strong>et</strong></span> <span class='ocrx_word' id='word_1_239' title='bbox 1173 1958 1273 2012; x_wconf 92' lang='lat' dir='ltr'><strong>pro</strong></span> <span class='ocrx_word' id='word_1_240' title='bbox 1304 1942 1572 1997; x_wconf 88' lang='lat' dir='ltr'><strong>libertate</strong></span> <span class='ocrx_word' id='word_1_241' title='bbox 1603 1946 1801 1996; x_wconf 87' lang='lat' dir='ltr'><strong>contra</strong></span> <span class='ocrx_word' id='word_1_242' title='bbox 1832 1946 2026 2013; x_wconf 83' lang='lat' dir='ltr'><strong>tyran-</strong></span> 
     </span>
    </p>
   </div>
   <div class='ocr_carea' id='block_1_36' title="bbox 385 2031 2021 2103">
    <p class='ocr_par' dir='ltr' id='par_1_36' title="bbox 385 2031 2021 2103">
     <span class='ocr_line' id='line_1_36' title="bbox 385 2031 2021 2103; baseline 0.002 -18"><span class='ocrx_word' id='word_1_243' title='bbox 385 2048 490 2087; x_wconf 87' lang='lat' dir='ltr'><strong>nos</strong></span> <span class='ocrx_word' id='word_1_244' title='bbox 503 2032 992 2103; x_wconf 86' lang='lat' dir='ltr'><strong>depugnaremus.</strong></span> <span class='ocrx_word' id='word_1_245' title='bbox 1008 2031 1208 2087; x_wconf 86' lang='lat' dir='ltr'><strong>Ortum</strong></span> <span class='ocrx_word' id='word_1_246' title='bbox 1225 2048 1258 2086; x_wconf 90' lang='lat' dir='ltr'><strong>a</strong></span> <span class='ocrx_word' id='word_1_247' title='bbox 1276 2032 1537 2087; x_wconf 88' lang='lat' dir='ltr'><strong>Miltiade</strong></span> <span class='ocrx_word' id='word_1_248' title='bbox 1550 2033 1671 2088; x_wconf 50' lang='lat' dir='ltr'><strong>ha‘c</strong></span> <span class='ocrx_word' id='word_1_249' title='bbox 1688 2032 1778 2089; x_wconf 85' lang='lat' dir='ltr'><strong>lex</strong></span> <span class='ocrx_word' id='word_1_250' title='bbox 1793 2033 2021 2101; x_wconf 89' lang='lat' dir='ltr'><strong>habuit,</strong></span> 
     </span>
    </p>
   </div>
   <div class='ocr_carea' id='block_1_37' title="bbox 386 2120 2021 2193">
    <p class='ocr_par' dir='ltr' id='par_1_37' title="bbox 386 2120 2021 2193">
     <span class='ocr_line' id='line_1_37' title="bbox 386 2120 2021 2193; baseline 0.003 -19"><span class='ocrx_word' id='word_1_251' title='bbox 386 2120 584 2175; x_wconf 82' lang='lat' dir='ltr'><strong>ﬂoruit</strong></span> <span class='ocrx_word' id='word_1_252' title='bbox 613 2122 724 2174; x_wconf 86' lang='lat' dir='ltr'><strong>sub</strong></span> <span class='ocrx_word' id='word_1_253' title='bbox 754 2121 1157 2188; x_wconf 87' lang='lat' dir='ltr'><strong>Themistocle,</strong></span> <span class='ocrx_word' id='word_1_254' title='bbox 1194 2123 1452 2193; x_wconf 79' lang='lat' dir='ltr'><strong>pervenit</strong></span> <span class='ocrx_word' id='word_1_255' title='bbox 1485 2138 1671 2193; x_wconf 90' lang='lat' dir='ltr'><strong>usque</strong></span> <span class='ocrx_word' id='word_1_256' title='bbox 1700 2123 2021 2190; x_wconf 90' lang='lat' dir='ltr'><strong>Cimonem,</strong></span> 
     </span>
    </p>
   </div>
   <div class='ocr_carea' id='block_1_38' title="bbox 387 2209 2026 2279">
    <p class='ocr_par' dir='ltr' id='par_1_38' title="bbox 387 2209 2026 2279">
     <span class='ocr_line' id='line_1_38' title="bbox 387 2209 2026 2279; baseline 0.001 -15"><span class='ocrx_word' id='word_1_257' title='bbox 387 2214 615 2264; x_wconf 88' lang='lat' dir='ltr'><strong>servata</strong></span> <span class='ocrx_word' id='word_1_258' title='bbox 662 2214 752 2264; x_wconf 81' lang='lat' dir='ltr'><strong>est</strong></span> <span class='ocrx_word' id='word_1_259' title='bbox 800 2210 911 2265; x_wconf 92' lang='lat' dir='ltr'><strong>sub</strong></span> <span class='ocrx_word' id='word_1_260' title='bbox 956 2209 1190 2279; x_wconf 85' lang='lat' dir='ltr'><strong>Pericle,</strong></span> <span class='ocrx_word' id='word_1_261' title='bbox 1247 2211 1402 2266; x_wconf 89' lang='lat' dir='ltr'><strong>culta</strong></span> <span class='ocrx_word' id='word_1_262' title='bbox 1454 2214 1562 2267; x_wconf 93' lang='lat' dir='ltr'><strong>sub</strong></span> <span class='ocrx_word' id='word_1_263' title='bbox 1610 2212 1927 2278; x_wconf 72' lang='lat' dir='ltr'><strong>Alcibiade,</strong></span> <span class='ocrx_word' id='word_1_264' title='bbox 1970 2216 2026 2268; x_wconf 90' lang='lat' dir='ltr'><strong>et</strong></span> 
     </span>
    </p>
   </div>
   <div class='ocr_carea' id='block_1_39' title="bbox 389 2299 2025 2369">
    <p class='ocr_par' dir='ltr' id='par_1_39' title="bbox 389 2299 2025 2369">
     <span class='ocr_line' id='line_1_39' title="bbox 389 2299 2025 2369; baseline 0.003 -17"><span class='ocrx_word' id='word_1_265' title='bbox 389 2314 494 2369; x_wconf 90' lang='lat' dir='ltr'><strong>ego</strong></span> <span class='ocrx_word' id='word_1_266' title='bbox 523 2314 647 2353; x_wconf 88' lang='lat' dir='ltr'><strong>eam</strong></span> <span class='ocrx_word' id='word_1_267' title='bbox 682 2305 968 2354; x_wconf 87' lang='lat' dir='ltr'><strong>servatam</strong></span> <span class='ocrx_word' id='word_1_268' title='bbox 1017 2299 1354 2366; x_wconf 85' lang='lat' dir='ltr'><strong>voluissem,</strong></span> <span class='ocrx_word' id='word_1_269' title='bbox 1400 2300 1503 2357; x_wconf 85' lang='lat' dir='ltr'><strong>sed</strong></span> <span class='ocrx_word' id='word_1_270' title='bbox 1546 2301 1789 2357; x_wconf 90' lang='lat' dir='ltr'><strong>libidine</strong></span> <span class='ocrx_word' id='word_1_271' title='bbox 1834 2319 2025 2357; x_wconf 84' lang='lat' dir='ltr'><strong>assen-</strong></span> 
     </span>
    </p>
   </div>
   <div class='ocr_carea' id='block_1_40' title="bbox 388 2386 2028 2463">
    <p class='ocr_par' dir='ltr' id='par_1_40' title="bbox 388 2386 2028 2463">
     <span class='ocr_line' id='line_1_40' title="bbox 388 2386 2028 2463; baseline 0.004 -23"><span class='ocrx_word' id='word_1_272' title='bbox 388 2386 720 2459; x_wconf 81' lang='lat' dir='ltr'><strong>tationeque</strong></span> <span class='ocrx_word' id='word_1_273' title='bbox 752 2388 1114 2458; x_wconf 87' lang='lat' dir='ltr'><strong>proditorum</strong></span> <span class='ocrx_word' id='word_1_274' title='bbox 1149 2390 1419 2459; x_wconf 72' lang='lat' dir='ltr'><strong>abrogata</strong></span> <span class='ocrx_word' id='word_1_275' title='bbox 1448 2396 1554 2445; x_wconf 88' lang='lat' dir='ltr'><strong>est.</strong></span> <span class='ocrx_word' id='word_1_276' title='bbox 1606 2391 1853 2463; x_wconf 91' lang='lat' dir='ltr'><strong>Imperio</strong></span> <span class='ocrx_word' id='word_1_277' title='bbox 1886 2392 2028 2447; x_wconf 88' lang='lat' dir='ltr'><strong>alios</strong></span> 
     </span>
    </p>
   </div>
   <div class='ocr_carea' id='block_1_41' title="bbox 390 2477 2028 2553">
    <p class='ocr_par' dir='ltr' id='par_1_41' title="bbox 390 2477 2028 2553">
     <span class='ocr_line' id='line_1_41' title="bbox 390 2477 2028 2553; baseline 0.004 -21"><span class='ocrx_word' id='word_1_278' title='bbox 390 2477 681 2547; x_wconf 87' lang='lat' dir='ltr'><strong>exuimus,</strong></span> <span class='ocrx_word' id='word_1_279' title='bbox 714 2478 905 2534; x_wconf 62' lang='grc' dir='ltr'><strong>εὕδω</strong></span> <span class='ocrx_word' id='word_1_280' title='bbox 940 2495 1054 2535; x_wconf 90' lang='lat' dir='ltr'><strong>non</strong></span> <span class='ocrx_word' id='word_1_281' title='bbox 1086 2480 1511 2548; x_wconf 87' lang='lat' dir='ltr'><strong>contradixisti,</strong></span> <span class='ocrx_word' id='word_1_282' title='bbox 1556 2498 1589 2535; x_wconf 91' lang='lat' dir='ltr'><strong>a</strong></span> <span class='ocrx_word' id='word_1_283' title='bbox 1637 2483 1820 2553; x_wconf 91' lang='lat' dir='ltr'><strong>patrio</strong></span> <span class='ocrx_word' id='word_1_284' title='bbox 1871 2498 2028 2538; x_wconf 84' lang='lat' dir='ltr'><strong>more</strong></span> 
     </span>
    </p>
   </div>
   <div class='ocr_carea' id='block_1_42' title="bbox 392 2566 2029 2639">
    <p class='ocr_par' dir='ltr' id='par_1_42' title="bbox 392 2566 2029 2639">
     <span class='ocr_line' id='line_1_42' title="bbox 392 2566 2029 2639; baseline 0.003 -18"><span class='ocrx_word' id='word_1_285' title='bbox 392 2566 771 2623; x_wconf 89' lang='lat' dir='ltr'><strong>discessimus</strong></span> <span class='ocrx_word' id='word_1_286' title='bbox 805 2585 819 2625; x_wconf 89' lang='lat'><strong>:</strong></span> <span class='ocrx_word' id='word_1_287' title='bbox 854 2585 968 2624; x_wconf 90' lang='lat' dir='ltr'><strong>non</strong></span> <span class='ocrx_word' id='word_1_288' title='bbox 1001 2576 1355 2639; x_wconf 88' lang='lat' dir='ltr'><strong>conquestus</strong></span> <span class='ocrx_word' id='word_1_289' title='bbox 1386 2586 1467 2625; x_wconf 90' lang='lat' dir='ltr'><strong>es.</strong></span> <span class='ocrx_word' id='word_1_290' title='bbox 1503 2570 1627 2626; x_wconf 90' lang='lat' dir='ltr'><strong>Non</strong></span> <span class='ocrx_word' id='word_1_291' title='bbox 1667 2570 1840 2626; x_wconf 88' lang='lat' dir='ltr'><strong>cessit</strong></span> <span class='ocrx_word' id='word_1_292' title='bbox 1893 2572 2029 2626; x_wconf 90' lang='lat' dir='ltr'><strong>urbs</strong></span> 
     </span>
    </p>
   </div>
   <div class='ocr_carea' id='block_1_43' title="bbox 391 2657 2028 2715">
    <p class='ocr_par' dir='ltr' id='par_1_43' title="bbox 391 2657 2028 2715">
     <span class='ocr_line' id='line_1_43' title="bbox 391 2657 2028 2715; baseline 0.003 -5"><span class='ocrx_word' id='word_1_293' title='bbox 391 2663 586 2711; x_wconf 89' lang='lat' dir='ltr'><strong>nostra</strong></span> <span class='ocrx_word' id='word_1_294' title='bbox 616 2657 1176 2714; x_wconf 80' lang='lat' dir='ltr'><strong>Lacedaemoniorum</strong></span> <span class='ocrx_word' id='word_1_295' title='bbox 1212 2658 1338 2714; x_wconf 89' lang='lat' dir='ltr'><strong>urbi</strong></span> <span class='ocrx_word' id='word_1_296' title='bbox 1384 2659 1455 2713; x_wconf 92' lang='lat' dir='ltr'><strong>ad</strong></span> <span class='ocrx_word' id='word_1_297' title='bbox 1505 2659 1779 2715; x_wconf 84' lang='lat' dir='ltr'><strong>Siciliam.</strong></span> <span class='ocrx_word' id='word_1_298' title='bbox 1813 2660 2028 2715; x_wconf 90' lang='lat' dir='ltr'><strong>Verum</strong></span> 
     </span>
    </p>
   </div>
   <div class='ocr_carea' id='block_1_44' title="bbox 388 2744 2028 2820">
    <p class='ocr_par' dir='ltr' id='par_1_44' title="bbox 388 2744 2028 2820">
     <span class='ocr_line' id='line_1_44' title="bbox 388 2744 2028 2820; baseline 0.004 -21"><span class='ocrx_word' id='word_1_299' title='bbox 388 2748 506 2799; x_wconf 88' lang='lat' dir='ltr'><strong>tota</strong></span> <span class='ocrx_word' id='word_1_300' title='bbox 537 2744 733 2803; x_wconf 90' lang='lat' dir='ltr'><strong>insula</strong></span> <span class='ocrx_word' id='word_1_301' title='bbox 763 2764 938 2803; x_wconf 87' lang='lat' dir='ltr'><strong>unam</strong></span> <span class='ocrx_word' id='word_1_302' title='bbox 969 2751 1195 2804; x_wconf 64' lang='lat' dir='ltr'><strong>aetatem</strong></span> <span class='ocrx_word' id='word_1_303' title='bbox 1230 2753 1393 2804; x_wconf 81' lang='lat' dir='ltr'><strong>extra</strong></span> <span class='ocrx_word' id='word_1_304' title='bbox 1426 2748 1663 2820; x_wconf 80' lang='lat' dir='ltr'><strong>patriam</strong></span> <span class='ocrx_word' id='word_1_305' title='bbox 1703 2751 1980 2819; x_wconf 71' lang='lat' dir='ltr'><strong>transegit</strong></span> <span class='ocrx_word' id='word_1_306' title='bbox 2015 2767 2028 2805; x_wconf 89' lang='lat'>:</span> 
     </span>
    </p>
   </div>
   <div class='ocr_carea' id='block_1_45' title="bbox 393 2835 2032 2911">
    <p class='ocr_par' dir='ltr' id='par_1_45' title="bbox 393 2835 2032 2911">
     <span class='ocr_line' id='line_1_45' title="bbox 393 2835 2032 2911; baseline 0.004 -23"><span class='ocrx_word' id='word_1_307' title='bbox 393 2835 531 2889; x_wconf 89' lang='lat' dir='ltr'><strong>urbs</strong></span> <span class='ocrx_word' id='word_1_308' title='bbox 555 2851 682 2891; x_wconf 92' lang='lat' dir='ltr'><strong>vero</strong></span> <span class='ocrx_word' id='word_1_309' title='bbox 706 2835 825 2893; x_wconf 67' lang='lat' dir='ltr'><strong>hac</strong></span> <span class='ocrx_word' id='word_1_310' title='bbox 847 2837 1020 2894; x_wconf 88' lang='lat' dir='ltr'><strong>etiam</strong></span> <span class='ocrx_word' id='word_1_311' title='bbox 1048 2842 1115 2893; x_wconf 88' lang='lat' dir='ltr'><strong>ad</strong></span> <span class='ocrx_word' id='word_1_312' title='bbox 1143 2838 1510 2895; x_wconf 87' lang='lat' dir='ltr'><strong>Occidentem</strong></span> <span class='ocrx_word' id='word_1_313' title='bbox 1546 2840 1855 2911; x_wconf 89' lang='lat' dir='ltr'><strong>prudentia</strong></span> <span class='ocrx_word' id='word_1_314' title='bbox 1876 2841 2032 2895; x_wconf 83' lang='lat' dir='ltr'><strong>inex-</strong></span> 
     </span>
    </p>
   </div>
   <div class='ocr_carea' id='block_1_46' title="bbox 2137 1936 3811 2013">
    <p class='ocr_par' dir='ltr' id='par_1_46' title="bbox 2137 1936 3811 2013">
     <span class='ocr_line' id='line_1_46' title="bbox 2137 1936 3811 2013; baseline 0.001 -21"><span class='ocrx_word' id='word_1_315' title='bbox 2137 1936 2403 2000; x_wconf 85' lang='grc' dir='ltr'>Ἑλλάδος</span> <span class='ocrx_word' id='word_1_316' title='bbox 2460 1939 2549 1992; x_wconf 83' lang='grc' dir='ltr'><strong>καὶ</strong></span> <span class='ocrx_word' id='word_1_317' title='bbox 2603 1945 2717 1999; x_wconf 78' lang='grc' dir='ltr'>τοῖς</span> <span class='ocrx_word' id='word_1_318' title='bbox 2776 1936 3055 2013; x_wconf 71' lang='grc' dir='ltr'>τυράννοις</span> <span class='ocrx_word' id='word_1_319' title='bbox 3118 1940 3249 2012; x_wconf 64' lang='grc' dir='ltr'>ὑπὲρ</span> <span class='ocrx_word' id='word_1_320' title='bbox 3306 1947 3407 2009; x_wconf 79' lang='grc' dir='ltr'>τῆς</span> <span class='ocrx_word' id='word_1_321' title='bbox 3466 1940 3811 2013; x_wconf 72' lang='grc' dir='ltr'>ἐλευθερίας</span> 
     </span>
    </p>
   </div>
   <div class='ocr_carea' id='block_1_47' title="bbox 2139 2028 3807 2103">
    <p class='ocr_par' dir='ltr' id='par_1_47' title="bbox 2139 2028 3807 2103">
     <span class='ocr_line' id='line_1_47' title="bbox 2139 2028 3807 2103; baseline -0.001 -19"><span class='ocrx_word' id='word_1_322' title='bbox 2139 2028 2603 2103; x_wconf 81' lang='grc' dir='ltr'>ἀνταγώνίζεσθαι.</span> <span class='ocrx_word' id='word_1_323' title='bbox 2639 2031 2762 2101; x_wconf 81' lang='grc'><strong>[577</strong></span> <span class='ocrx_word' id='word_1_324' title='bbox 2808 2030 2899 2101; x_wconf 82' lang='grc' dir='ltr'><strong>Η.]</strong></span> <span class='ocrx_word' id='word_1_325' title='bbox 2932 2029 3101 2092; x_wconf 83' lang='grc' dir='ltr'>Οὗτος</span> <span class='ocrx_word' id='word_1_326' title='bbox 3144 2032 3171 2084; x_wconf 88' lang='grc' dir='ltr'>ὁ</span> <span class='ocrx_word' id='word_1_327' title='bbox 3201 2031 3375 2100; x_wconf 83' lang='grc' dir='ltr'>νόμος</span> <span class='ocrx_word' id='word_1_328' title='bbox 3426 2030 3645 2103; x_wconf 74' lang='grc' dir='ltr'>ἤρξατο</span> <span class='ocrx_word' id='word_1_329' title='bbox 3704 2031 3807 2100; x_wconf 74' lang='grc' dir='ltr'>μὲν</span> 
     </span>
    </p>
   </div>
   <div class='ocr_carea' id='block_1_48' title="bbox 2132 2115 3810 2191">
    <p class='ocr_par' dir='ltr' id='par_1_48' title="bbox 2132 2115 3810 2191">
     <span class='ocr_line' id='line_1_48' title="bbox 2132 2115 3810 2191; baseline -0.001 -18"><span class='ocrx_word' id='word_1_330' title='bbox 2132 2118 2237 2173; x_wconf 81' lang='grc' dir='ltr'><strong>ἀπὸ</strong></span> <span class='ocrx_word' id='word_1_331' title='bbox 2289 2115 2591 2173; x_wconf 73' lang='grc' dir='ltr'>Μιλτιάδου</span> <span class='ocrx_word' id='word_1_332' title='bbox 2650 2118 2935 2191; x_wconf 87' lang='grc' dir='ltr'>πρότερον,</span> <span class='ocrx_word' id='word_1_333' title='bbox 2988 2118 3201 2191; x_wconf 78' lang='grc' dir='ltr'>ἤκμασε</span> <span class='ocrx_word' id='word_1_334' title='bbox 3259 2116 3316 2173; x_wconf 73' lang='grc' dir='ltr'>δὲ</span> <span class='ocrx_word' id='word_1_335' title='bbox 3373 2116 3463 2172; x_wconf 80' lang='grc' dir='ltr'><strong>ἐπὶ</strong></span> <span class='ocrx_word' id='word_1_336' title='bbox 3514 2125 3810 2189; x_wconf 75' lang='grc' dir='ltr'>Θεμιστο-</span> 
     </span>
    </p>
   </div>
   <div class='ocr_carea' id='block_1_49' title="bbox 2132 2202 3812 2283">
    <p class='ocr_par' dir='ltr' id='par_1_49' title="bbox 2132 2202 3812 2283">
     <span class='ocr_line' id='line_1_49' title="bbox 2132 2202 3812 2283; baseline -0.001 -20"><span class='ocrx_word' id='word_1_337' title='bbox 2132 2207 2347 2273; x_wconf 78' lang='grc' dir='ltr'>κλέους,</span> <span class='ocrx_word' id='word_1_338' title='bbox 2388 2202 2589 2277; x_wconf 68' lang='grc' dir='ltr'>κατέϐη</span> <span class='ocrx_word' id='word_1_339' title='bbox 2623 2210 2667 2243; x_wconf 79' lang='grc'><strong>²⁹</strong></span> <span class='ocrx_word' id='word_1_340' title='bbox 2716 2204 2773 2261; x_wconf 78' lang='grc' dir='ltr'>δὲ</span> <span class='ocrx_word' id='word_1_341' title='bbox 2803 2207 2879 2269; x_wconf 81' lang='grc' dir='ltr'><strong>είς</strong></span> <span class='ocrx_word' id='word_1_342' title='bbox 2935 2212 3180 2280; x_wconf 83' lang='grc' dir='ltr'>Κίμωνα,</span> <span class='ocrx_word' id='word_1_343' title='bbox 3223 2205 3514 2283; x_wconf 64' lang='grc' dir='ltr'>ἐφυλάχθη</span> <span class='ocrx_word' id='word_1_344' title='bbox 3573 2206 3633 2261; x_wconf 72' lang='grc' dir='ltr'>δὲ</span> <span class='ocrx_word' id='word_1_345' title='bbox 3696 2209 3812 2261; x_wconf 70' lang='grc' dir='ltr'><strong>ὑπὸ</strong></span> 
     </span>
    </p>
   </div>
   <div class='ocr_carea' id='block_1_50' title="bbox 2135 2292 3813 2373">
    <p class='ocr_par' dir='ltr' id='par_1_50' title="bbox 2135 2292 3813 2373">
     <span class='ocr_line' id='line_1_50' title="bbox 2135 2292 3813 2373; baseline -0.003 -19"><span class='ocrx_word' id='word_1_346' title='bbox 2135 2296 2487 2373; x_wconf 79' lang='grc' dir='ltr'>Περικλέους,</span> <span class='ocrx_word' id='word_1_347' title='bbox 2519 2296 2827 2371; x_wconf 73' lang='grc' dir='ltr'>ἐθαυμάσθη</span> <span class='ocrx_word' id='word_1_348' title='bbox 2872 2294 2930 2352; x_wconf 72' lang='grc' dir='ltr'>δὲ</span> <span class='ocrx_word' id='word_1_349' title='bbox 2960 2297 3066 2351; x_wconf 72' lang='grc' dir='ltr'>ὕπὸ</span> <span class='ocrx_word' id='word_1_350' title='bbox 3097 2292 3453 2354; x_wconf 75' lang='grc' dir='ltr'>Ἀλκιϐιάδου</span> <span class='ocrx_word' id='word_1_351' title='bbox 3483 2314 3495 2327; x_wconf 85' lang='grc'><em>’</em></span> <span class='ocrx_word' id='word_1_352' title='bbox 3532 2295 3622 2350; x_wconf 79' lang='grc' dir='ltr'>ἐπ’</span> <span class='ocrx_word' id='word_1_353' title='bbox 3658 2296 3813 2368; x_wconf 71' lang='grc' dir='ltr'>ἐμοῦ</span> 
     </span>
    </p>
   </div>
   <div class='ocr_carea' id='block_1_51' title="bbox 2136 2383 3814 2464">
    <p class='ocr_par' dir='ltr' id='par_1_51' title="bbox 2136 2383 3814 2464">
     <span class='ocr_line' id='line_1_51' title="bbox 2136 2383 3814 2464; baseline -0.002 -22"><span class='ocrx_word' id='word_1_354' title='bbox 2136 2384 2192 2442; x_wconf 76' lang='grc' dir='ltr'>δὲ</span> <span class='ocrx_word' id='word_1_355' title='bbox 2220 2392 2288 2460; x_wconf 81' lang='grc' dir='ltr'>τῇ</span> <span class='ocrx_word' id='word_1_356' title='bbox 2319 2387 2509 2462; x_wconf 76' lang='grc' dir='ltr'>γνώμῃ</span> <span class='ocrx_word' id='word_1_357' title='bbox 2556 2387 2648 2459; x_wconf 73' lang='grc' dir='ltr'>μὲν</span> <span class='ocrx_word' id='word_1_358' title='bbox 2697 2386 2964 2461; x_wconf 75' lang='grc' dir='ltr'>ἐτηρήθη,</span> <span class='ocrx_word' id='word_1_359' title='bbox 2995 2390 3064 2459; x_wconf 82' lang='grc' dir='ltr'>τῇ</span> <span class='ocrx_word' id='word_1_360' title='bbox 3095 2386 3241 2464; x_wconf 80' lang='grc' dir='ltr'>τύχῃ</span> <span class='ocrx_word' id='word_1_361' title='bbox 3274 2389 3319 2423; x_wconf 80' lang='grc' dir='ltr'><strong>³ο</strong></span> <span class='ocrx_word' id='word_1_362' title='bbox 3359 2383 3415 2441; x_wconf 72' lang='grc' dir='ltr'>δὲ</span> <span class='ocrx_word' id='word_1_363' title='bbox 3463 2385 3559 2440; x_wconf 83' lang='grc' dir='ltr'><strong>καὶ</strong></span> <span class='ocrx_word' id='word_1_364' title='bbox 3592 2391 3667 2458; x_wconf 73' lang='grc' dir='ltr'>τῇ</span> <span class='ocrx_word' id='word_1_365' title='bbox 3706 2407 3814 2439; x_wconf 79' lang='grc' dir='ltr'>κο-</span> 
     </span>
    </p>
   </div>
   <div class='ocr_carea' id='block_1_52' title="bbox 2136 2471 3810 2553">
    <p class='ocr_par' dir='ltr' id='par_1_52' title="bbox 2136 2471 3810 2553">
     <span class='ocr_line' id='line_1_52' title="bbox 2136 2471 3810 2553; baseline -0.003 -23"><span class='ocrx_word' id='word_1_366' title='bbox 2136 2474 2326 2547; x_wconf 81' lang='grc' dir='ltr'>λακείᾳ</span> <span class='ocrx_word' id='word_1_367' title='bbox 2379 2497 2486 2530; x_wconf 91' lang='grc' dir='ltr'><strong>των</strong></span> <span class='ocrx_word' id='word_1_368' title='bbox 2542 2471 2913 2549; x_wconf 84' lang='grc' dir='ltr'>προδιδόντων</span> <span class='ocrx_word' id='word_1_369' title='bbox 2971 2471 3307 2553; x_wconf 73' lang='grc' dir='ltr'>διέφθαρται.</span> <span class='ocrx_word' id='word_1_370' title='bbox 3358 2473 3724 2545; x_wconf 73' lang='grc' dir='ltr'>Ἀπέστημεν</span> <span class='ocrx_word' id='word_1_371' title='bbox 3764 2477 3810 2511; x_wconf 72' lang='grc'>³³</span> 
     </span>
    </p>
   </div>
   <div class='ocr_carea' id='block_1_53' title="bbox 2137 2561 3814 2640">
    <p class='ocr_par' dir='ltr' id='par_1_53' title="bbox 2137 2561 3814 2640">
     <span class='ocr_line' id='line_1_53' title="bbox 2137 2561 3814 2640; baseline -0.004 -18"><span class='ocrx_word' id='word_1_372' title='bbox 2137 2566 2339 2640; x_wconf 71' lang='grc' dir='ltr'>ἑτέροις</span> <span class='ocrx_word' id='word_1_373' title='bbox 2368 2573 2467 2635; x_wconf 72' lang='grc' dir='ltr'>τῆς</span> <span class='ocrx_word' id='word_1_374' title='bbox 2497 2565 2797 2640; x_wconf 79' lang='grc' dir='ltr'>ἡγεμονίας</span> <span class='ocrx_word' id='word_1_375' title='bbox 2834 2585 2847 2598; x_wconf 66' lang='grc'>⁸</span> <span class='ocrx_word' id='word_1_376' title='bbox 2890 2561 2990 2620; x_wconf 78' lang='grc' dir='ltr'><strong>οὒκ</strong></span> <span class='ocrx_word' id='word_1_377' title='bbox 3018 2566 3261 2627; x_wconf 83' lang='grc' dir='ltr'>ἀντεῖπες</span> <span class='ocrx_word' id='word_1_378' title='bbox 3292 2567 3338 2600; x_wconf 82' lang='grc'>³²</span> <span class='ocrx_word' id='word_1_379' title='bbox 3374 2583 3385 2596; x_wconf 90' lang='grc'><strong>·</strong></span> <span class='ocrx_word' id='word_1_380' title='bbox 3442 2568 3814 2638; x_wconf 60' lang='grc' dir='ltr'>παρεχωρή-</span> 
     </span>
    </p>
   </div>
   <div class='ocr_carea' id='block_1_54' title="bbox 2139 2655 3815 2731">
    <p class='ocr_par' dir='ltr' id='par_1_54' title="bbox 2139 2655 3815 2731">
     <span class='ocr_line' id='line_1_54' title="bbox 2139 2655 3815 2731; baseline -0.003 -19"><span class='ocrx_word' id='word_1_381' title='bbox 2139 2678 2303 2730; x_wconf 88' lang='grc' dir='ltr'>σαμεν</span> <span class='ocrx_word' id='word_1_382' title='bbox 2335 2661 2432 2711; x_wconf 77' lang='grc' dir='ltr'><strong>τοῦ</strong></span> <span class='ocrx_word' id='word_1_383' title='bbox 2462 2656 2691 2730; x_wconf 85' lang='grc' dir='ltr'>πατρίου</span> <span class='ocrx_word' id='word_1_384' title='bbox 2723 2658 2831 2730; x_wconf 77' lang='grc' dir='ltr'><strong>σγή</strong></span> <span class='ocrx_word' id='word_1_385' title='bbox 2845 2676 3014 2730; x_wconf 89' lang='grc' dir='ltr'>ματος</span> <span class='ocrx_word' id='word_1_386' title='bbox 3051 2677 3061 2689; x_wconf 76' lang='grc' dir='ltr'><strong><em>ο</em></strong></span> <span class='ocrx_word' id='word_1_387' title='bbox 3107 2655 3207 2710; x_wconf 79' lang='grc' dir='ltr'><strong>οὐκ</strong></span> <span class='ocrx_word' id='word_1_388' title='bbox 3234 2656 3651 2731; x_wconf 77' lang='grc' dir='ltr'>ἠγανάκτησας.</span> <span class='ocrx_word' id='word_1_389' title='bbox 3690 2656 3815 2709; x_wconf 64' lang='grc' dir='ltr'><strong>Οὐκ</strong></span> 
     </span>
    </p>
   </div>
   <div class='ocr_carea' id='block_1_55' title="bbox 2139 2743 3811 2820">
    <p class='ocr_par' dir='ltr' id='par_1_55' title="bbox 2139 2743 3811 2820">
     <span class='ocr_line' id='line_1_55' title="bbox 2139 2743 3811 2820; baseline -0.003 -17"><span class='ocrx_word' id='word_1_390' title='bbox 2139 2748 2243 2820; x_wconf 79' lang='grc' dir='ltr'>εἶξε</span> <span class='ocrx_word' id='word_1_391' title='bbox 2304 2748 2438 2819; x_wconf 80' lang='grc' dir='ltr'>μετά</span> <span class='ocrx_word' id='word_1_392' title='bbox 2498 2744 2749 2801; x_wconf 79' lang='grc' dir='ltr'>Σικελίαν</span> <span class='ocrx_word' id='word_1_393' title='bbox 2810 2743 3264 2818; x_wconf 75' lang='grc' dir='ltr'>Λακεδαιμονίοις</span> <span class='ocrx_word' id='word_1_394' title='bbox 3317 2747 3351 2813; x_wconf 78' lang='grc' dir='ltr'>ἡ</span> <span class='ocrx_word' id='word_1_395' title='bbox 3386 2743 3602 2805; x_wconf 83' lang='grc' dir='ltr'>πόλις·</span> <span class='ocrx_word' id='word_1_396' title='bbox 3664 2743 3811 2798; x_wconf 75' lang='grc' dir='ltr'>ἀλλ’</span> 
     </span>
    </p>
   </div>
   <div class='ocr_carea' id='block_1_56' title="bbox 2139 2832 3809 2911">
    <p class='ocr_par' dir='ltr' id='par_1_56' title="bbox 2139 2832 3809 2911">
     <span class='ocr_line' id='line_1_56' title="bbox 2139 2832 3809 2911; baseline -0.002 -20"><span class='ocrx_word' id='word_1_397' title='bbox 2139 2840 2173 2906; x_wconf 80' lang='grc' dir='ltr'>ἠ</span> <span class='ocrx_word' id='word_1_398' title='bbox 2211 2838 2306 2911; x_wconf 76' lang='grc' dir='ltr'>μὲν</span> <span class='ocrx_word' id='word_1_399' title='bbox 2345 2842 2506 2904; x_wconf 78' lang='grc' dir='ltr'>νῆσος</span> <span class='ocrx_word' id='word_1_400' title='bbox 2538 2836 2635 2903; x_wconf 72' lang='grc' dir='ltr'>τὴν</span> <span class='ocrx_word' id='word_1_401' title='bbox 2688 2834 2907 2903; x_wconf 74' lang='grc' dir='ltr'>ἡλικίαν</span> <span class='ocrx_word' id='word_1_402' title='bbox 2938 2833 3074 2904; x_wconf 80' lang='grc' dir='ltr'>ὅλην</span> <span class='ocrx_word' id='word_1_403' title='bbox 3113 2834 3418 2910; x_wconf 74' lang='grc' dir='ltr'>ἐχώρησεν,</span> <span class='ocrx_word' id='word_1_404' title='bbox 3463 2836 3497 2902; x_wconf 78' lang='grc' dir='ltr'>ἡ</span> <span class='ocrx_word' id='word_1_405' title='bbox 3529 2833 3712 2896; x_wconf 80' lang='grc' dir='ltr'>πόλις</span> <span class='ocrx_word' id='word_1_406' title='bbox 3748 2832 3809 2887; x_wconf 69' lang='grc' dir='ltr'>δὲ</span> 
     </span>
    </p>
   </div>
   <div class='ocr_carea' id='block_1_57' title="bbox 394 2920 2029 3002">
    <p class='ocr_par' dir='ltr' id='par_1_57' title="bbox 394 2925 2029 3002">
     <span class='ocr_line' id='line_1_57' title="bbox 394 2925 2029 3002; baseline 0.005 -25"><span class='ocrx_word' id='word_1_407' title='bbox 394 2925 725 2995; x_wconf 80' lang='lat' dir='ltr'><strong>pugnabitis</strong></span> <span class='ocrx_word' id='word_1_408' title='bbox 757 2929 1098 2998; x_wconf 88' lang='lat' dir='ltr'><strong>permansit.</strong></span> <span class='ocrx_word' id='word_1_409' title='bbox 1131 2930 1260 2995; x_wconf 83' lang='lat' dir='ltr'><strong>Fac,</strong></span> <span class='ocrx_word' id='word_1_410' title='bbox 1295 2929 1347 2984; x_wconf 92' lang='lat' dir='ltr'><strong>si</strong></span> <span class='ocrx_word' id='word_1_411' title='bbox 1370 2928 1529 2999; x_wconf 90' lang='lat' dir='ltr'><strong>libet,</strong></span> <span class='ocrx_word' id='word_1_412' title='bbox 1552 2930 1882 3002; x_wconf 87' lang='lat' dir='ltr'><strong>improbum</strong></span> <span class='ocrx_word' id='word_1_413' title='bbox 1907 2946 2029 2986; x_wconf 90' lang='lat' dir='ltr'><strong>esse</strong></span> 
     </span>
    </p>
   </div>
   <div class='ocr_carea' id='block_1_58' title="bbox 2144 2920 3803 3002">
    <p class='ocr_par' dir='ltr' id='par_1_58' title="bbox 2144 2920 3803 2999">
     <span class='ocr_line' id='line_1_58' title="bbox 2144 2920 3803 2999; baseline -0.003 -18"><span class='ocrx_word' id='word_1_414' title='bbox 2144 2923 2314 2999; x_wconf 74' lang='grc' dir='ltr'>ἔμεινε</span> <span class='ocrx_word' id='word_1_415' title='bbox 2341 2931 2421 2998; x_wconf 81' lang='grc' dir='ltr'>τῷ</span> <span class='ocrx_word' id='word_1_416' title='bbox 2444 2927 2756 2999; x_wconf 81' lang='grc' dir='ltr'>φρονήματι</span> <span class='ocrx_word' id='word_1_417' title='bbox 2785 2924 2874 2978; x_wconf 74' lang='grc' dir='ltr'><strong>καὶ</strong></span> <span class='ocrx_word' id='word_1_418' title='bbox 2910 2925 3043 2995; x_wconf 82' lang='grc' dir='ltr'>μετά</span> <span class='ocrx_word' id='word_1_419' title='bbox 3072 2925 3170 2993; x_wconf 77' lang='grc' dir='ltr'><strong>την</strong></span> <span class='ocrx_word' id='word_1_420' title='bbox 3205 2922 3439 2996; x_wconf 70' lang='grc' dir='ltr'>ἑσπέραν</span> <span class='ocrx_word' id='word_1_421' title='bbox 3472 2920 3803 2983; x_wconf 72' lang='grc' dir='ltr'><strong>ἀνάλωτος⁸</strong></span> 
     </span>
    </p>
   </div>
   <div class='ocr_carea' id='block_1_59' title="bbox 390 3009 2029 3091">
    <p class='ocr_par' dir='ltr' id='par_1_59' title="bbox 390 3013 2029 3091">
     <span class='ocr_line' id='line_1_59' title="bbox 390 3013 2029 3091; baseline 0.004 -23"><span class='ocrx_word' id='word_1_422' title='bbox 390 3013 742 3083; x_wconf 64' lang='lat' dir='ltr'><strong>Eschinem,</strong></span> <span class='ocrx_word' id='word_1_423' title='bbox 799 3017 1113 3088; x_wconf 88' lang='lat' dir='ltr'><strong>perniciem</strong></span> <span class='ocrx_word' id='word_1_424' title='bbox 1186 3019 1600 3089; x_wconf 88' lang='lat' dir='ltr'><strong>Phocensium,</strong></span> <span class='ocrx_word' id='word_1_425' title='bbox 1680 3021 2029 3091; x_wconf 88' lang='lat' dir='ltr'><strong>proditorem</strong></span> 
     </span>
    </p>
   </div>
   <div class='ocr_carea' id='block_1_60' title="bbox 2144 3009 3807 3091">
    <p class='ocr_par' dir='ltr' id='par_1_60' title="bbox 2144 3009 3807 3089">
     <span class='ocr_line' id='line_1_60' title="bbox 2144 3009 3807 3089; baseline -0.005 -16"><span class='ocrx_word' id='word_1_426' title='bbox 2144 3016 2317 3073; x_wconf 78' lang='grc' dir='ltr'>Ἀλλὰ</span> <span class='ocrx_word' id='word_1_427' title='bbox 2372 3015 2611 3088; x_wconf 87' lang='grc' dir='ltr'>πονηρὸς</span> <span class='ocrx_word' id='word_1_428' title='bbox 2673 3013 2966 3089; x_wconf 81' lang='grc' dir='ltr'>Αἰσχίνης.</span> <span class='ocrx_word' id='word_1_429' title='bbox 3002 3012 3258 3086; x_wconf 83' lang='grc' dir='ltr'>Πρόσθες,</span> <span class='ocrx_word' id='word_1_430' title='bbox 3313 3012 3357 3066; x_wconf 81' lang='grc' dir='ltr'>εἰ</span> <span class='ocrx_word' id='word_1_431' title='bbox 3421 3009 3644 3085; x_wconf 84' lang='grc' dir='ltr'>βούλει,</span> <span class='ocrx_word' id='word_1_432' title='bbox 3709 3012 3807 3065; x_wconf 74' lang='grc' dir='ltr'>καί</span> 
     </span>
    </p>
   </div>
   <div class='ocr_carea' id='block_1_61' title="bbox 392 3099 2029 3209">
    <p class='ocr_par' dir='ltr' id='par_1_61' title="bbox 392 3102 2029 3181">
     <span class='ocr_line' id='line_1_61' title="bbox 392 3102 2029 3181; baseline 0.005 -25"><span class='ocrx_word' id='word_1_433' title='bbox 392 3102 663 3171; x_wconf 86' lang='lat' dir='ltr'><strong>Thraciae,</strong></span> <span class='ocrx_word' id='word_1_434' title='bbox 714 3105 1014 3161; x_wconf 89' lang='lat' dir='ltr'><strong>interitum</strong></span> <span class='ocrx_word' id='word_1_435' title='bbox 1059 3107 1431 3180; x_wconf 89' lang='lat' dir='ltr'><strong>Cersoclepti,</strong></span> <span class='ocrx_word' id='word_1_436' title='bbox 1482 3114 1539 3164; x_wconf 89' lang='lat' dir='ltr'><strong>et</strong></span> <span class='ocrx_word' id='word_1_437' title='bbox 1577 3110 1625 3165; x_wconf 89' lang='lat' dir='ltr'><strong>si</strong></span> <span class='ocrx_word' id='word_1_438' title='bbox 1660 3111 1873 3181; x_wconf 81' lang='lat' dir='ltr'><strong>quibus</strong></span> <span class='ocrx_word' id='word_1_439' title='bbox 1903 3109 2029 3166; x_wconf 85' lang='lat' dir='ltr'><strong>aliis</strong></span> 
     </span>
    </p>
   </div>
   <div class='ocr_carea' id='block_1_62' title="bbox 2144 3099 3808 3209">
    <p class='ocr_par' dir='ltr' id='par_1_62' title="bbox 2144 3099 3808 3209">
     <span class='ocr_line' id='line_1_62' title="bbox 2144 3099 3808 3178; baseline -0.007 -16"><span class='ocrx_word' id='word_1_440' title='bbox 2144 3105 2380 3161; x_wconf 83' lang='grc' dir='ltr'>Φωκέων</span> <span class='ocrx_word' id='word_1_441' title='bbox 2413 3101 2637 3178; x_wconf 74' lang='grc' dir='ltr'>ὄλεθρον</span> <span class='ocrx_word' id='word_1_442' title='bbox 2670 3104 2759 3158; x_wconf 80' lang='grc' dir='ltr'><strong>καὶ</strong></span> <span class='ocrx_word' id='word_1_443' title='bbox 2803 3100 3094 3176; x_wconf 81' lang='grc' dir='ltr'>προδοσίαν</span> <span class='ocrx_word' id='word_1_444' title='bbox 3130 3101 3347 3173; x_wconf 72' lang='grc' dir='ltr'>Θρᾴκης</span> <span class='ocrx_word' id='word_1_445' title='bbox 3378 3101 3471 3155; x_wconf 78' lang='grc' dir='ltr'><strong>καὶ</strong></span> <span class='ocrx_word' id='word_1_446' title='bbox 3512 3099 3808 3171; x_wconf 78' lang='grc' dir='ltr'>ἀναίρεσιν</span> 
     </span>
     <span class='ocr_line' id='line_1_63' title="bbox 2144 3187 3751 3209; baseline -0.001 0"><span class='ocrx_word' id='word_1_447' title='bbox 2144 3203 2187 3209; x_wconf 76' lang='grc'><strong>--</strong></span> <span class='ocrx_word' id='word_1_448' title='bbox 2325 3190 2377 3209; x_wconf 56' lang='grc' dir='ltr'><strong>ΩΝ</strong></span> <span class='ocrx_word' id='word_1_449' title='bbox 2406 3194 2417 3209; x_wconf 87' lang='grc'><strong><em>1</em></strong></span> <span class='ocrx_word' id='word_1_450' title='bbox 2662 3193 2676 3209; x_wconf 88' lang='lat'><em>\</em></span> <span class='ocrx_word' id='word_1_451' title='bbox 2769 3192 2779 3209; x_wconf 71' lang='grc'><strong><em>1</em></strong></span> <span class='ocrx_word' id='word_1_452' title='bbox 2818 3194 2862 3209; x_wconf 66' lang='grc' dir='ltr'><strong>Λ,</strong></span> <span class='ocrx_word' id='word_1_453' title='bbox 2908 3192 2933 3209; x_wconf 77' lang='grc' dir='ltr'>οο</span> <span class='ocrx_word' id='word_1_454' title='bbox 3116 3191 3136 3209; x_wconf 68' lang='lat'><strong>‘</strong></span> <span class='ocrx_word' id='word_1_455' title='bbox 3157 3192 3175 3209; x_wconf 52' lang='grc' dir='ltr'>ἵ</span> <span class='ocrx_word' id='word_1_456' title='bbox 3211 3193 3220 3208; x_wconf 79' lang='grc' dir='ltr'><strong>Ι</strong></span> <span class='ocrx_word' id='word_1_457' title='bbox 3381 3198 3394 3209; x_wconf 79' lang='grc' dir='ltr'>ι</span> <span class='ocrx_word' id='word_1_458' title='bbox 3418 3190 3435 3209; x_wconf 67' lang='grc' dir='ltr'><strong>λ</strong></span> <span class='ocrx_word' id='word_1_459' title='bbox 3527 3191 3536 3209; x_wconf 66' lang='grc' dir='ltr'><strong><em>Ρ</em></strong></span> <span class='ocrx_word' id='word_1_460' title='bbox 3690 3188 3703 3203; x_wconf 67' lang='lat'><strong><em>‘</em></strong></span> <span class='ocrx_word' id='word_1_461' title='bbox 3724 3187 3751 3205; x_wconf 46' lang='grc' dir='ltr'><strong>λ</strong></span> 
     </span>
    </p>
   </div>
   <div class='ocr_carea' id='block_1_63' title="bbox 393 3187 2029 3271">
    <p class='ocr_par' dir='ltr' id='par_1_63' title="bbox 393 3193 2029 3271">
     <span class='ocr_line' id='line_1_64' title="bbox 393 3193 2029 3271; baseline 0.006 -26"><span class='ocrx_word' id='word_1_462' title='bbox 393 3193 733 3248; x_wconf 90' lang='lat' dir='ltr'><strong>nominibus</strong></span> <span class='ocrx_word' id='word_1_463' title='bbox 773 3194 1048 3264; x_wconf 85' lang='lat' dir='ltr'><strong>injuriose</strong></span> <span class='ocrx_word' id='word_1_464' title='bbox 1080 3196 1360 3268; x_wconf 86' lang='lat' dir='ltr'><strong>pepulum</strong></span> <span class='ocrx_word' id='word_1_465' title='bbox 1393 3203 1671 3267; x_wconf 85' lang='lat' dir='ltr'><strong>tractans,</strong></span> <span class='ocrx_word' id='word_1_466' title='bbox 1704 3199 2029 3271; x_wconf 83' lang='lat' dir='ltr'><strong>appellatus</strong></span> 
     </span>
    </p>
   </div>
   <div class='ocr_carea' id='block_1_64' title="bbox 2144 3187 3811 3271">
    <p class='ocr_par' dir='ltr' id='par_1_64' title="bbox 2144 3187 3811 3267">
     <span class='ocr_line' id='line_1_65' title="bbox 2144 3187 3811 3267; baseline -0.005 -15"><span class='ocrx_word' id='word_1_467' title='bbox 2144 3190 2559 3267; x_wconf 76' lang='grc' dir='ltr'>Κερσοϐλέπτου</span> <span class='ocrx_word' id='word_1_468' title='bbox 2590 3193 2678 3247; x_wconf 73' lang='grc' dir='ltr'><strong>καὶ</strong></span> <span class='ocrx_word' id='word_1_469' title='bbox 2710 3192 2862 3247; x_wconf 87' lang='grc' dir='ltr'>πάνθ’</span> <span class='ocrx_word' id='word_1_470' title='bbox 2904 3192 3001 3245; x_wconf 81' lang='grc' dir='ltr'><strong>ὅσα</strong></span> <span class='ocrx_word' id='word_1_471' title='bbox 3039 3191 3314 3252; x_wconf 82' lang='grc' dir='ltr'>πολλάκις</span> <span class='ocrx_word' id='word_1_472' title='bbox 3366 3190 3644 3264; x_wconf 76' lang='grc' dir='ltr'>Αῗσχίνης</span> <span class='ocrx_word' id='word_1_473' title='bbox 3680 3187 3811 3243; x_wconf 74' lang='grc' dir='ltr'>ἁδι-</span> 
     </span>
    </p>
   </div>
   <div class='ocr_carea' id='block_1_65' title="bbox 394 3278 2029 3358">
    <p class='ocr_par' dir='ltr' id='par_1_65' title="bbox 394 3282 2029 3357">
     <span class='ocr_line' id='line_1_66' title="bbox 394 3282 2029 3357; baseline 0.005 -22"><span class='ocrx_word' id='word_1_474' title='bbox 394 3289 499 3335; x_wconf 85' lang='lat' dir='ltr'><strong>eel.</strong></span> <span class='ocrx_word' id='word_1_475' title='bbox 559 3282 799 3338; x_wconf 85' lang='lat' dir='ltr'><strong>Athenis</strong></span> <span class='ocrx_word' id='word_1_476' title='bbox 856 3282 1011 3340; x_wconf 90' lang='lat' dir='ltr'><strong>enim</strong></span> <span class='ocrx_word' id='word_1_477' title='bbox 1070 3302 1300 3357; x_wconf 89' lang='lat' dir='ltr'><strong>semper</strong></span> <span class='ocrx_word' id='word_1_478' title='bbox 1357 3304 1471 3341; x_wconf 91' lang='lat' dir='ltr'><strong>una</strong></span> <span class='ocrx_word' id='word_1_479' title='bbox 1527 3304 1657 3342; x_wconf 87' lang='lat' dir='ltr'><strong>cum</strong></span> <span class='ocrx_word' id='word_1_480' title='bbox 1718 3287 2029 3353; x_wconf 82' lang='lat' dir='ltr'><strong>fertilitate,</strong></span> 
     </span>
    </p>
   </div>
   <div class='ocr_carea' id='block_1_66' title="bbox 2144 3278 3815 3358">
    <p class='ocr_par' dir='ltr' id='par_1_66' title="bbox 2144 3278 3815 3358">
     <span class='ocr_line' id='line_1_67' title="bbox 2144 3278 3815 3358; baseline -0.005 -18"><span class='ocrx_word' id='word_1_481' title='bbox 2144 3290 2249 3341; x_wconf 81' lang='grc' dir='ltr'>κῶν</span> <span class='ocrx_word' id='word_1_482' title='bbox 2290 3285 2382 3339; x_wconf 87' lang='grc' dir='ltr'>τὸν</span> <span class='ocrx_word' id='word_1_483' title='bbox 2432 3282 2609 3356; x_wconf 80' lang='grc' dir='ltr'>δῆμον</span> <span class='ocrx_word' id='word_1_484' title='bbox 2659 3280 3007 3358; x_wconf 82' lang='grc' dir='ltr'>ἐγκέκληται·</span> <span class='ocrx_word' id='word_1_485' title='bbox 3056 3281 3289 3352; x_wconf 74' lang='grc' dir='ltr'>Νόσημα</span> <span class='ocrx_word' id='word_1_486' title='bbox 3347 3281 3477 3354; x_wconf 81' lang='grc' dir='ltr'>γὰρ,</span> <span class='ocrx_word' id='word_1_487' title='bbox 3529 3278 3576 3332; x_wconf 85' lang='grc' dir='ltr'><strong>ὦ</strong></span> <span class='ocrx_word' id='word_1_488' title='bbox 3632 3281 3815 3349; x_wconf 76' lang='grc' dir='ltr'>Ἀθη-</span> 
     </span>
    </p>
   </div>
   <div class='ocr_carea' id='block_1_67' title="bbox 394 3370 2032 3439">
    <p class='ocr_par' dir='ltr' id='par_1_67' title="bbox 394 3370 2032 3439">
     <span class='ocr_line' id='line_1_68' title="bbox 394 3370 2032 3439; baseline 0.005 -15"><span class='ocrx_word' id='word_1_489' title='bbox 394 3377 591 3424; x_wconf 87' lang='lat' dir='ltr'><strong>contra</strong></span> <span class='ocrx_word' id='word_1_490' title='bbox 622 3370 870 3437; x_wconf 67' lang='lat' dir='ltr'><strong>Graecos,</strong></span> <span class='ocrx_word' id='word_1_491' title='bbox 903 3388 936 3426; x_wconf 93' lang='grc' dir='ltr'><strong>ο</strong></span> <span class='ocrx_word' id='word_1_492' title='bbox 969 3373 1377 3439; x_wconf 79' lang='lat' dir='ltr'><strong>Athenienses,</strong></span> <span class='ocrx_word' id='word_1_493' title='bbox 1409 3377 1691 3432; x_wconf 83' lang='lat' dir='ltr'><strong>succrevit</strong></span> <span class='ocrx_word' id='word_1_494' title='bbox 1721 3381 1776 3433; x_wconf 91' lang='lat' dir='ltr'><strong>et</strong></span> <span class='ocrx_word' id='word_1_495' title='bbox 1813 3377 2032 3433; x_wconf 89' lang='lat' dir='ltr'><strong>vitium.</strong></span> 
     </span>
    </p>
   </div>
   <div class='ocr_carea' id='block_1_68' title="bbox 392 3456 2033 3535">
    <p class='ocr_par' dir='ltr' id='par_1_68' title="bbox 392 3456 2033 3535">
     <span class='ocr_line' id='line_1_69' title="bbox 392 3456 2033 3535; baseline 0.007 -25"><span class='ocrx_word' id='word_1_496' title='bbox 392 3456 602 3513; x_wconf 83' lang='lat' dir='ltr'><strong>Multos</strong></span> <span class='ocrx_word' id='word_1_497' title='bbox 651 3459 885 3529; x_wconf 91' lang='lat' dir='ltr'><strong>quidem</strong></span> <span class='ocrx_word' id='word_1_498' title='bbox 935 3463 1247 3533; x_wconf 83' lang='lat' dir='ltr'><strong>degeneres</strong></span> <span class='ocrx_word' id='word_1_499' title='bbox 1287 3480 1690 3535; x_wconf 53' lang='lat' dir='ltr'><strong>saepenumero</strong></span> <span class='ocrx_word' id='word_1_500' title='bbox 1724 3465 1863 3522; x_wconf 87' lang='lat' dir='ltr'><strong>urbe</strong></span> <span class='ocrx_word' id='word_1_501' title='bbox 1895 3482 2033 3523; x_wconf 89' lang='lat' dir='ltr'><strong>con-</strong></span> 
     </span>
    </p>
   </div>
   <div class='ocr_carea' id='block_1_69' title="bbox 396 3546 2035 3625">
    <p class='ocr_par' dir='ltr' id='par_1_69' title="bbox 396 3546 2035 3625">
     <span class='ocr_line' id='line_1_70' title="bbox 396 3546 2035 3625; baseline 0.006 -23"><span class='ocrx_word' id='word_1_502' title='bbox 396 3546 666 3615; x_wconf 87' lang='lat' dir='ltr'><strong>servavit,</strong></span> <span class='ocrx_word' id='word_1_503' title='bbox 700 3565 812 3605; x_wconf 90' lang='lat' dir='ltr'><strong>non</strong></span> <span class='ocrx_word' id='word_1_504' title='bbox 845 3566 1044 3606; x_wconf 91' lang='lat' dir='ltr'><strong>eorum</strong></span> <span class='ocrx_word' id='word_1_505' title='bbox 1079 3552 1384 3609; x_wconf 84' lang='lat' dir='ltr'><strong>factionem</strong></span> <span class='ocrx_word' id='word_1_506' title='bbox 1417 3554 1689 3625; x_wconf 88' lang='lat' dir='ltr'><strong>probans,</strong></span> <span class='ocrx_word' id='word_1_507' title='bbox 1739 3556 1838 3611; x_wconf 89' lang='lat' dir='ltr'><strong>sed</strong></span> <span class='ocrx_word' id='word_1_508' title='bbox 1880 3555 2035 3612; x_wconf 83' lang='lat' dir='ltr'><strong>cala-</strong></span> 
     </span>
    </p>
   </div>
   <div class='ocr_carea' id='block_1_70' title="bbox 395 3635 2032 3717">
    <p class='ocr_par' dir='ltr' id='par_1_70' title="bbox 395 3635 2032 3717">
     <span class='ocr_line' id='line_1_71' title="bbox 395 3635 2032 3717; baseline 0.007 -26"><span class='ocrx_word' id='word_1_509' title='bbox 395 3635 652 3693; x_wconf 90' lang='lat' dir='ltr'><strong>mitatem</strong></span> <span class='ocrx_word' id='word_1_510' title='bbox 696 3638 991 3696; x_wconf 86' lang='lat' dir='ltr'><strong>miserata.</strong></span> <span class='ocrx_word' id='word_1_511' title='bbox 1038 3641 1268 3697; x_wconf 88' lang='lat' dir='ltr'><strong>Nemini</strong></span> <span class='ocrx_word' id='word_1_512' title='bbox 1319 3659 1572 3714; x_wconf 88' lang='lat' dir='ltr'><strong>unquam</strong></span> <span class='ocrx_word' id='word_1_513' title='bbox 1624 3649 1826 3701; x_wconf 91' lang='lat' dir='ltr'><strong>contra</strong></span> <span class='ocrx_word' id='word_1_514' title='bbox 1855 3644 2032 3717; x_wconf 87' lang='lat' dir='ltr'><strong>leges,</strong></span> 
     </span>
    </p>
   </div>
   <div class='ocr_carea' id='block_1_71' title="bbox 395 3728 2033 3805">
    <p class='ocr_par' dir='ltr' id='par_1_71' title="bbox 395 3728 2033 3805">
     <span class='ocr_line' id='line_1_72' title="bbox 395 3728 2033 3805; baseline 0.006 -23"><span class='ocrx_word' id='word_1_515' title='bbox 395 3728 653 3798; x_wconf 79' lang='lat' dir='ltr'><strong>quandiu</strong></span> <span class='ocrx_word' id='word_1_516' title='bbox 710 3730 1079 3800; x_wconf 88' lang='lat' dir='ltr'><strong>prudentiam</strong></span> <span class='ocrx_word' id='word_1_517' title='bbox 1114 3732 1373 3804; x_wconf 86' lang='lat' dir='ltr'><strong>retinuit,</strong></span> <span class='ocrx_word' id='word_1_518' title='bbox 1403 3734 1662 3805; x_wconf 86' lang='lat' dir='ltr'><strong>subjecta</strong></span> <span class='ocrx_word' id='word_1_519' title='bbox 1707 3736 1835 3791; x_wconf 88' lang='lat' dir='ltr'><strong>fuit.</strong></span> <span class='ocrx_word' id='word_1_520' title='bbox 1887 3736 2033 3800; x_wconf 88' lang='lat' dir='ltr'><strong>Quid</strong></span> 
     </span>
    </p>
   </div>
   <div class='ocr_carea' id='block_1_72' title="bbox 392 3815 2033 3896">
    <p class='ocr_par' dir='ltr' id='par_1_72' title="bbox 392 3815 2033 3896">
     <span class='ocr_line' id='line_1_73' title="bbox 392 3815 2033 3896; baseline 0.008 -27"><span class='ocrx_word' id='word_1_521' title='bbox 392 3815 573 3888; x_wconf 89' lang='lat' dir='ltr'><strong>igitur</strong></span> <span class='ocrx_word' id='word_1_522' title='bbox 602 3835 717 3873; x_wconf 91' lang='lat' dir='ltr'><strong>non</strong></span> <span class='ocrx_word' id='word_1_523' title='bbox 747 3819 865 3890; x_wconf 85' lang='lat' dir='ltr'><strong>jam</strong></span> <span class='ocrx_word' id='word_1_524' title='bbox 899 3822 1202 3892; x_wconf 90' lang='lat' dir='ltr'><strong>denuntio,</strong></span> <span class='ocrx_word' id='word_1_525' title='bbox 1236 3822 1380 3894; x_wconf 89' lang='lat' dir='ltr'><strong>quin</strong></span> <span class='ocrx_word' id='word_1_526' title='bbox 1426 3824 1544 3880; x_wconf 88' lang='lat' dir='ltr'><strong>vita</strong></span> <span class='ocrx_word' id='word_1_527' title='bbox 1594 3825 1755 3896; x_wconf 88' lang='lat' dir='ltr'><strong>prius</strong></span> <span class='ocrx_word' id='word_1_528' title='bbox 1798 3827 2033 3894; x_wconf 90' lang='lat' dir='ltr'><strong>decedo,</strong></span> 
     </span>
    </p>
   </div>
   <div class='ocr_carea' id='block_1_73' title="bbox 393 3906 2037 3989">
    <p class='ocr_par' dir='ltr' id='par_1_73' title="bbox 393 3906 2037 3989">
     <span class='ocr_line' id='line_1_74' title="bbox 393 3906 2037 3989; baseline 0.009 -30"><span class='ocrx_word' id='word_1_529' title='bbox 393 3919 567 3977; x_wconf 90' lang='lat' dir='ltr'><strong>quam</strong></span> <span class='ocrx_word' id='word_1_530' title='bbox 586 3906 809 3964; x_wconf 88' lang='lat' dir='ltr'><strong>videam</strong></span> <span class='ocrx_word' id='word_1_531' title='bbox 835 3908 985 3965; x_wconf 91' lang='lat' dir='ltr'><strong>hanc</strong></span> <span class='ocrx_word' id='word_1_532' title='bbox 1010 3911 1209 3967; x_wconf 92' lang='lat' dir='ltr'><strong>urbem</strong></span> <span class='ocrx_word' id='word_1_533' title='bbox 1235 3912 1507 3968; x_wconf 89' lang='lat' dir='ltr'><strong>servitute</strong></span> <span class='ocrx_word' id='word_1_534' title='bbox 1525 3930 1857 3984; x_wconf 79' lang='lat' dir='ltr'><strong>oppressam</strong></span> <span class='ocrx_word' id='word_1_535' title='bbox 1873 3917 1901 3970; x_wconf 86' lang='lat'>?</span> <span class='ocrx_word' id='word_1_536' title='bbox 1923 3916 2037 3989; x_wconf 88' lang='lat' dir='ltr'><strong>Ego</strong></span> 
     </span>
    </p>
   </div>
   <div class='ocr_carea' id='block_1_74' title="bbox 393 3994 2035 4077">
    <p class='ocr_par' dir='ltr' id='par_1_74' title="bbox 393 3994 2035 4077">
     <span class='ocr_line' id='line_1_75' title="bbox 393 3994 2035 4077; baseline 0.008 -29"><span class='ocrx_word' id='word_1_537' title='bbox 393 3994 551 4049; x_wconf 90' lang='lat' dir='ltr'><strong>idem</strong></span> <span class='ocrx_word' id='word_1_538' title='bbox 583 3994 706 4068; x_wconf 90' lang='lat' dir='ltr'><strong>ipse</strong></span> <span class='ocrx_word' id='word_1_539' title='bbox 737 4013 877 4053; x_wconf 87' lang='lat' dir='ltr'><strong>sane</strong></span> <span class='ocrx_word' id='word_1_540' title='bbox 909 4015 1027 4054; x_wconf 92' lang='lat' dir='ltr'><strong>non</strong></span> <span class='ocrx_word' id='word_1_541' title='bbox 1059 4000 1232 4057; x_wconf 89' lang='lat' dir='ltr'><strong>talem</strong></span> <span class='ocrx_word' id='word_1_542' title='bbox 1266 4018 1391 4058; x_wconf 88' lang='lat' dir='ltr'><strong>esse</strong></span> <span class='ocrx_word' id='word_1_543' title='bbox 1423 4019 1718 4059; x_wconf 90' lang='lat' dir='ltr'><strong>rumorem</strong></span> <span class='ocrx_word' id='word_1_544' title='bbox 1740 4005 2035 4077; x_wconf 82' lang='lat' dir='ltr'><strong>existimo,</strong></span> 
     </span>
    </p>
   </div>
   <div class='ocr_carea' id='block_1_75' title="bbox 394 4082 2036 4163">
    <p class='ocr_par' dir='ltr' id='par_1_75' title="bbox 394 4082 2036 4163">
     <span class='ocr_line' id='line_1_76' title="bbox 394 4082 2036 4163; baseline 0.007 -25"><span class='ocrx_word' id='word_1_545' title='bbox 394 4082 624 4153; x_wconf 82' lang='lat' dir='ltr'><strong>qualem</strong></span> <span class='ocrx_word' id='word_1_546' title='bbox 658 4086 927 4142; x_wconf 90' lang='lat' dir='ltr'><strong>nonnulli</strong></span> <span class='ocrx_word' id='word_1_547' title='bbox 960 4088 1213 4161; x_wconf 84' lang='lat' dir='ltr'><strong>tingunt,</strong></span> <span class='ocrx_word' id='word_1_548' title='bbox 1237 4091 1493 4163; x_wconf 91' lang='lat' dir='ltr'><strong>primum</strong></span> <span class='ocrx_word' id='word_1_549' title='bbox 1516 4091 1825 4150; x_wconf 81' lang='lat' dir='ltr'><strong>Alexandri</strong></span> <span class='ocrx_word' id='word_1_550' title='bbox 1850 4110 2036 4151; x_wconf 91' lang='lat' dir='ltr'><strong>mores</strong></span> 
     </span>
    </p>
   </div>
   <div class='ocr_carea' id='block_1_76' title="bbox 326 4173 2038 4255">
    <p class='ocr_par' dir='ltr' id='par_1_76' title="bbox 326 4173 2038 4255">
     <span class='ocr_line' id='line_1_77' title="bbox 326 4173 2038 4255; baseline 0.008 -28"><span class='ocrx_word' id='word_1_551' title='bbox 326 4234 335 4239; x_wconf 22' lang='grc' dir='ltr'>ι</span> <span class='ocrx_word' id='word_1_552' title='bbox 394 4173 795 4239; x_wconf 87' lang='lat' dir='ltr'><strong>considerans,</strong></span> <span class='ocrx_word' id='word_1_553' title='bbox 819 4180 875 4232; x_wconf 91' lang='lat' dir='ltr'><strong>et</strong></span> <span class='ocrx_word' id='word_1_554' title='bbox 892 4176 1165 4249; x_wconf 89' lang='lat' dir='ltr'><strong>quisnam</strong></span> <span class='ocrx_word' id='word_1_555' title='bbox 1184 4180 1279 4235; x_wconf 91' lang='lat' dir='ltr'><strong>ille</strong></span> <span class='ocrx_word' id='word_1_556' title='bbox 1301 4180 1399 4250; x_wconf 91' lang='lat' dir='ltr'><strong>sit,</strong></span> <span class='ocrx_word' id='word_1_557' title='bbox 1425 4183 1525 4253; x_wconf 91' lang='lat' dir='ltr'><strong>qui</strong></span> <span class='ocrx_word' id='word_1_558' title='bbox 1549 4182 1725 4238; x_wconf 91' lang='lat' dir='ltr'><strong>simul</strong></span> <span class='ocrx_word' id='word_1_559' title='bbox 1760 4187 1818 4238; x_wconf 88' lang='lat' dir='ltr'><strong>et</strong></span> <span class='ocrx_word' id='word_1_560' title='bbox 1842 4199 2038 4255; x_wconf 84' lang='lat' dir='ltr'><strong>aggre-</strong></span> 
     </span>
    </p>
   </div>
   <div class='ocr_carea' id='block_1_77' title="bbox 394 4259 2036 4345">
    <p class='ocr_par' dir='ltr' id='par_1_77' title="bbox 394 4259 2036 4345">
     <span class='ocr_line' id='line_1_78' title="bbox 394 4259 2036 4345; baseline 0.009 -30"><span class='ocrx_word' id='word_1_561' title='bbox 394 4259 550 4315; x_wconf 90' lang='lat' dir='ltr'><strong>ditur</strong></span> <span class='ocrx_word' id='word_1_562' title='bbox 578 4266 634 4316; x_wconf 91' lang='lat' dir='ltr'><strong>et</strong></span> <span class='ocrx_word' id='word_1_563' title='bbox 664 4264 887 4333; x_wconf 82' lang='lat' dir='ltr'><strong>perficit</strong></span> <span class='ocrx_word' id='word_1_564' title='bbox 922 4281 934 4319; x_wconf 92' lang='lat'><strong>:</strong></span> <span class='ocrx_word' id='word_1_565' title='bbox 968 4266 1084 4322; x_wconf 91' lang='lat' dir='ltr'><strong>imo</strong></span> <span class='ocrx_word' id='word_1_566' title='bbox 1114 4283 1247 4323; x_wconf 92' lang='lat' dir='ltr'><strong>vero</strong></span> <span class='ocrx_word' id='word_1_567' title='bbox 1279 4270 1472 4337; x_wconf 89' lang='lat' dir='ltr'><strong>rebus,</strong></span> <span class='ocrx_word' id='word_1_568' title='bbox 1510 4288 1652 4342; x_wconf 91' lang='lat' dir='ltr'><strong>quas</strong></span> <span class='ocrx_word' id='word_1_569' title='bbox 1682 4274 2036 4345; x_wconf 88' lang='lat' dir='ltr'><strong>aggreditur,</strong></span> 
     </span>
    </p>
   </div>
   <div class='ocr_carea' id='block_1_78' title="bbox 394 4349 2041 4427">
    <p class='ocr_par' dir='ltr' id='par_1_78' title="bbox 394 4349 2041 4427">
     <span class='ocr_line' id='line_1_79' title="bbox 394 4349 2041 4427; baseline 0.01 -25"><span class='ocrx_word' id='word_1_570' title='bbox 394 4349 635 4417; x_wconf 80' lang='lat' dir='ltr'><strong>famam,</strong></span> <span class='ocrx_word' id='word_1_571' title='bbox 668 4357 724 4407; x_wconf 91' lang='lat' dir='ltr'><strong>et</strong></span> <span class='ocrx_word' id='word_1_572' title='bbox 754 4370 849 4409; x_wconf 85' lang='lat' dir='ltr'><strong>eos</strong></span> <span class='ocrx_word' id='word_1_573' title='bbox 886 4355 983 4424; x_wconf 91' lang='lat' dir='ltr'><strong>qui</strong></span> <span class='ocrx_word' id='word_1_574' title='bbox 1016 4358 1311 4427; x_wconf 91' lang='lat' dir='ltr'><strong>nuntiant,</strong></span> <span class='ocrx_word' id='word_1_575' title='bbox 1351 4362 1681 4417; x_wconf 89' lang='lat' dir='ltr'><strong>antevertit.</strong></span> <span class='ocrx_word' id='word_1_576' title='bbox 1737 4364 1880 4417; x_wconf 88' lang='lat' dir='ltr'><strong>Cum</strong></span> <span class='ocrx_word' id='word_1_577' title='bbox 1930 4363 2041 4419; x_wconf 90' lang='lat' dir='ltr'><strong>alia</strong></span> 
     </span>
    </p>
   </div>
   <div class='ocr_carea' id='block_1_79' title="bbox 2142 3368 3814 3443">
    <p class='ocr_par' dir='ltr' id='par_1_79' title="bbox 2142 3368 3814 3443">
     <span class='ocr_line' id='line_1_80' title="bbox 2142 3368 3814 3443; baseline -0.005 -14"><span class='ocrx_word' id='word_1_578' title='bbox 2142 3380 2308 3441; x_wconf 83' lang='grc' dir='ltr'>ναῖοι,</span> <span class='ocrx_word' id='word_1_579' title='bbox 2340 3373 2475 3428; x_wconf 79' lang='grc' dir='ltr'>κατά</span> <span class='ocrx_word' id='word_1_580' title='bbox 2503 3376 2610 3427; x_wconf 80' lang='grc' dir='ltr'><strong>τῶν</strong></span> <span class='ocrx_word' id='word_1_581' title='bbox 2659 3368 2941 3441; x_wconf 76' lang='grc' dir='ltr'>Ἑλλήνων</span> <span class='ocrx_word' id='word_1_582' title='bbox 2969 3373 3037 3443; x_wconf 73' lang='grc' dir='ltr'>τῇ</span> <span class='ocrx_word' id='word_1_583' title='bbox 3070 3374 3211 3443; x_wconf 74' lang='grc' dir='ltr'>φορᾷ</span> <span class='ocrx_word' id='word_1_584' title='bbox 3240 3371 3285 3404; x_wconf 82' lang='grc'><strong>³³</strong></span> <span class='ocrx_word' id='word_1_585' title='bbox 3327 3373 3437 3423; x_wconf 80' lang='grc' dir='ltr'>τῶν</span> <span class='ocrx_word' id='word_1_586' title='bbox 3482 3369 3814 3437; x_wconf 73' lang='grc' dir='ltr'>Ἀθηναίων</span> 
     </span>
    </p>
   </div>
   <div class='ocr_carea' id='block_1_80' title="bbox 2146 3458 3808 3538">
    <p class='ocr_par' dir='ltr' id='par_1_80' title="bbox 2146 3458 3808 3538">
     <span class='ocr_line' id='line_1_81' title="bbox 2146 3458 3808 3538; baseline -0.004 -19"><span class='ocrx_word' id='word_1_587' title='bbox 2146 3468 2476 3537; x_wconf 87' lang='grc' dir='ltr'>συνήκμασε.</span> <span class='ocrx_word' id='word_1_588' title='bbox 2527 3462 2810 3538; x_wconf 80' lang='grc' dir='ltr'>Πονηροὺς</span> <span class='ocrx_word' id='word_1_589' title='bbox 2860 3462 2954 3535; x_wconf 78' lang='grc' dir='ltr'><strong>μὶν</strong></span> <span class='ocrx_word' id='word_1_590' title='bbox 3006 3462 3109 3537; x_wconf 77' lang='grc' dir='ltr'><strong>γὰρ</strong></span> <span class='ocrx_word' id='word_1_591' title='bbox 3142 3463 3175 3530; x_wconf 78' lang='grc' dir='ltr'><strong>ἡ</strong></span> <span class='ocrx_word' id='word_1_592' title='bbox 3226 3459 3393 3521; x_wconf 84' lang='grc' dir='ltr'>πόλις</span> <span class='ocrx_word' id='word_1_593' title='bbox 3441 3458 3551 3528; x_wconf 74' lang='grc' dir='ltr'>ἤδη</span> <span class='ocrx_word' id='word_1_594' title='bbox 3609 3481 3722 3513; x_wconf 82' lang='grc' dir='ltr'><strong>που</strong></span> <span class='ocrx_word' id='word_1_595' title='bbox 3758 3463 3808 3495; x_wconf 74' lang='grc'><strong>³⁸</strong></span> 
     </span>
    </p>
   </div>
   <div class='ocr_carea' id='block_1_81' title="bbox 2143 3548 3807 3623">
    <p class='ocr_par' dir='ltr' id='par_1_81' title="bbox 2143 3548 3807 3623">
     <span class='ocr_line' id='line_1_82' title="bbox 2143 3548 3807 3623; baseline -0.005 -11"><span class='ocrx_word' id='word_1_596' title='bbox 2143 3555 2413 3616; x_wconf 76' lang='grc' dir='ltr'>πολλάκις</span> <span class='ocrx_word' id='word_1_597' title='bbox 2444 3549 2661 3621; x_wconf 77' lang='grc' dir='ltr'>ἔσωσεν,</span> <span class='ocrx_word' id='word_1_598' title='bbox 2704 3552 2802 3606; x_wconf 74' lang='grc' dir='ltr'><strong>οὐκ</strong></span> <span class='ocrx_word' id='word_1_599' title='bbox 2850 3550 3142 3606; x_wconf 76' lang='grc' dir='ltr'>ἐπαινοῦσα</span> <span class='ocrx_word' id='word_1_600' title='bbox 3188 3551 3286 3618; x_wconf 74' lang='grc' dir='ltr'>τὴν</span> <span class='ocrx_word' id='word_1_601' title='bbox 3338 3551 3594 3623; x_wconf 83' lang='grc' dir='ltr'>γνώμην,</span> <span class='ocrx_word' id='word_1_602' title='bbox 3648 3548 3807 3603; x_wconf 73' lang='grc' dir='ltr'>ἀλλά</span> 
     </span>
    </p>
   </div>
   <div class='ocr_carea' id='block_1_82' title="bbox 2142 3635 3809 3721">
    <p class='ocr_par' dir='ltr' id='par_1_82' title="bbox 2142 3635 3809 3721">
     <span class='ocr_line' id='line_1_83' title="bbox 2142 3635 3809 3721; baseline -0.006 -19"><span class='ocrx_word' id='word_1_603' title='bbox 2142 3650 2241 3717; x_wconf 71' lang='grc' dir='ltr'>τὴν</span> <span class='ocrx_word' id='word_1_604' title='bbox 2269 3646 2443 3721; x_wconf 85' lang='grc' dir='ltr'>τύχην</span> <span class='ocrx_word' id='word_1_605' title='bbox 2496 3642 2835 3718; x_wconf 74' lang='grc' dir='ltr'>οἰκτείρουσα</span> <span class='ocrx_word' id='word_1_606' title='bbox 2870 3663 2881 3675; x_wconf 89' lang='grc'><strong>·</strong></span> <span class='ocrx_word' id='word_1_607' title='bbox 2928 3642 3203 3712; x_wconf 83' lang='grc' dir='ltr'>ὑπήκουσε</span> <span class='ocrx_word' id='word_1_608' title='bbox 3232 3642 3279 3676; x_wconf 82' lang='grc'><strong>³⁵</strong></span> <span class='ocrx_word' id='word_1_609' title='bbox 3319 3635 3377 3694; x_wconf 77' lang='grc' dir='ltr'>δὲ</span> <span class='ocrx_word' id='word_1_610' title='bbox 3429 3636 3620 3694; x_wconf 79' lang='grc' dir='ltr'>οὐδενὶ</span> <span class='ocrx_word' id='word_1_611' title='bbox 3661 3639 3809 3693; x_wconf 76' lang='grc' dir='ltr'>κατά</span> 
     </span>
    </p>
   </div>
   <div class='ocr_carea' id='block_1_83' title="bbox 2144 3726 3807 3806">
    <p class='ocr_par' dir='ltr' id='par_1_83' title="bbox 2144 3726 3807 3806">
     <span class='ocr_line' id='line_1_84' title="bbox 2144 3726 3807 3806; baseline -0.004 -18"><span class='ocrx_word' id='word_1_612' title='bbox 2144 3739 2253 3789; x_wconf 83' lang='grc' dir='ltr'><strong>τῶν</strong></span> <span class='ocrx_word' id='word_1_613' title='bbox 2283 3734 2466 3806; x_wconf 86' lang='grc' dir='ltr'>νόμων</span> <span class='ocrx_word' id='word_1_614' title='bbox 2495 3732 2563 3800; x_wconf 72' lang='grc'><strong>³⁸,</strong></span> <span class='ocrx_word' id='word_1_615' title='bbox 2595 3730 2757 3800; x_wconf 77' lang='grc' dir='ltr'>ἡνίκα</span> <span class='ocrx_word' id='word_1_616' title='bbox 2807 3728 2986 3803; x_wconf 82' lang='grc' dir='ltr'>ἐτήρει</span> <span class='ocrx_word' id='word_1_617' title='bbox 3033 3730 3096 3784; x_wconf 86' lang='grc' dir='ltr'>τὸ</span> <span class='ocrx_word' id='word_1_618' title='bbox 3137 3726 3414 3805; x_wconf 75' lang='grc' dir='ltr'>φρόνημα.</span> <span class='ocrx_word' id='word_1_619' title='bbox 3448 3728 3510 3780; x_wconf 84' lang='grc' dir='ltr'>Τί</span> <span class='ocrx_word' id='word_1_620' title='bbox 3560 3726 3660 3781; x_wconf 78' lang='grc' dir='ltr'><strong>οὖν</strong></span> <span class='ocrx_word' id='word_1_621' title='bbox 3699 3727 3807 3781; x_wconf 70' lang='grc' dir='ltr'><strong>οὐκ</strong></span> 
     </span>
    </p>
   </div>
   <div class='ocr_carea' id='block_1_84' title="bbox 2143 3816 3802 3896">
    <p class='ocr_par' dir='ltr' id='par_1_84' title="bbox 2143 3816 3802 3896">
     <span class='ocr_line' id='line_1_85' title="bbox 2143 3816 3802 3896; baseline -0.006 -17"><span class='ocrx_word' id='word_1_622' title='bbox 2143 3822 2252 3893; x_wconf 76' lang='grc' dir='ltr'><strong>ἤδη</strong></span> <span class='ocrx_word' id='word_1_623' title='bbox 2298 3820 2709 3896; x_wconf 80' lang='grc' dir='ltr'>προαγγέλλω;</span> <span class='ocrx_word' id='word_1_624' title='bbox 2760 3818 2814 3874; x_wconf 88' lang='grc' dir='ltr'><strong>τί</strong></span> <span class='ocrx_word' id='word_1_625' title='bbox 2866 3816 2923 3873; x_wconf 72' lang='grc' dir='ltr'><strong>δέ</strong></span> <span class='ocrx_word' id='word_1_626' title='bbox 2971 3817 3070 3873; x_wconf 80' lang='grc' dir='ltr'><strong>οὐκ</strong></span> <span class='ocrx_word' id='word_1_627' title='bbox 3100 3816 3269 3891; x_wconf 76' lang='grc' dir='ltr'>ἔξειμι</span> <span class='ocrx_word' id='word_1_628' title='bbox 3318 3821 3417 3871; x_wconf 78' lang='grc' dir='ltr'><strong>τοῦ</strong></span> <span class='ocrx_word' id='word_1_629' title='bbox 3468 3816 3619 3890; x_wconf 88' lang='grc' dir='ltr'>βίου,</span> <span class='ocrx_word' id='word_1_630' title='bbox 3665 3816 3802 3889; x_wconf 73' lang='grc' dir='ltr'>πρὶν</span> 
     </span>
    </p>
   </div>
   <div class='ocr_carea' id='block_1_85' title="bbox 2145 3905 3803 3981">
    <p class='ocr_par' dir='ltr' id='par_1_85' title="bbox 2145 3905 3803 3981">
     <span class='ocr_line' id='line_1_86' title="bbox 2145 3905 3803 3981; baseline -0.007 -12"><span class='ocrx_word' id='word_1_631' title='bbox 2145 3912 2276 3969; x_wconf 75' lang='grc' dir='ltr'>ἰδεῖν</span> <span class='ocrx_word' id='word_1_632' title='bbox 2317 3912 2415 3981; x_wconf 72' lang='grc' dir='ltr'>τὴν</span> <span class='ocrx_word' id='word_1_633' title='bbox 2446 3910 2609 3965; x_wconf 84' lang='grc' dir='ltr'>πόλιν</span> <span class='ocrx_word' id='word_1_634' title='bbox 2652 3907 3012 3964; x_wconf 78' lang='grc' dir='ltr'>δουλεύουσαν</span> <span class='ocrx_word' id='word_1_635' title='bbox 3060 3926 3074 3977; x_wconf 87' lang='grc'>;</span> <span class='ocrx_word' id='word_1_636' title='bbox 3145 3907 3285 3981; x_wconf 85' lang='grc' dir='ltr'><strong>Ἐγὼ</strong></span> <span class='ocrx_word' id='word_1_637' title='bbox 3329 3909 3456 3981; x_wconf 77' lang='grc' dir='ltr'>γοῦν</span> <span class='ocrx_word' id='word_1_638' title='bbox 3501 3905 3593 3960; x_wconf 74' lang='grc' dir='ltr'><strong>καὶ</strong></span> <span class='ocrx_word' id='word_1_639' title='bbox 3630 3906 3803 3965; x_wconf 74' lang='grc' dir='ltr'>αὐτὸς</span> 
     </span>
    </p>
   </div>
   <div class='ocr_carea' id='block_1_86' title="bbox 2143 3992 3801 4079">
    <p class='ocr_par' dir='ltr' id='par_1_86' title="bbox 2143 3992 3801 4079">
     <span class='ocr_line' id='line_1_87' title="bbox 2143 3992 3801 4079; baseline -0.006 -21"><span class='ocrx_word' id='word_1_640' title='bbox 2143 4007 2385 4079; x_wconf 76' lang='grc' dir='ltr'>ἠγοῦμαι</span> <span class='ocrx_word' id='word_1_641' title='bbox 2414 4002 2512 4070; x_wconf 83' lang='grc' dir='ltr'>τὴν</span> <span class='ocrx_word' id='word_1_642' title='bbox 2559 4002 2752 4079; x_wconf 70' lang='grc' dir='ltr'>φήμην</span> <span class='ocrx_word' id='word_1_643' title='bbox 2796 3994 2966 4073; x_wconf 74' lang='grc' dir='ltr'>ἔχειν,</span> <span class='ocrx_word' id='word_1_644' title='bbox 3001 3997 3109 4072; x_wconf 77' lang='grc' dir='ltr'>οὐχ</span> <span class='ocrx_word' id='word_1_645' title='bbox 3156 3998 3300 4052; x_wconf 74' lang='grc' dir='ltr'>οὕτω</span> <span class='ocrx_word' id='word_1_646' title='bbox 3329 3996 3374 4033; x_wconf 79' lang='grc'><strong>³⁷</strong></span> <span class='ocrx_word' id='word_1_647' title='bbox 3423 3993 3468 4050; x_wconf 86' lang='grc' dir='ltr'>δ’</span> <span class='ocrx_word' id='word_1_648' title='bbox 3519 3992 3673 4069; x_wconf 79' lang='grc' dir='ltr'>ἔχειν</span> <span class='ocrx_word' id='word_1_649' title='bbox 3716 3995 3801 4056; x_wconf 81' lang='grc' dir='ltr'><strong>ὡς</strong></span> 
     </span>
    </p>
   </div>
   <div class='ocr_carea' id='block_1_87' title="bbox 2145 4086 3803 4172">
    <p class='ocr_par' dir='ltr' id='par_1_87' title="bbox 2145 4086 3803 4172">
     <span class='ocr_line' id='line_1_88' title="bbox 2145 4086 3803 4172; baseline -0.009 -19"><span class='ocrx_word' id='word_1_650' title='bbox 2145 4094 2513 4172; x_wconf 88' lang='grc' dir='ltr'>τερατεύονταί</span> <span class='ocrx_word' id='word_1_651' title='bbox 2542 4113 2703 4163; x_wconf 90' lang='grc' dir='ltr'>τινες,</span> <span class='ocrx_word' id='word_1_652' title='bbox 2737 4096 2956 4147; x_wconf 81' lang='grc' dir='ltr'>σκοπῶν</span> <span class='ocrx_word' id='word_1_653' title='bbox 2987 4095 3207 4165; x_wconf 80' lang='grc' dir='ltr'>πρῶτον</span> <span class='ocrx_word' id='word_1_654' title='bbox 3243 4088 3362 4162; x_wconf 73' lang='grc' dir='ltr'>μέν,</span> <span class='ocrx_word' id='word_1_655' title='bbox 3394 4086 3439 4140; x_wconf 85' lang='grc' dir='ltr'>ὦ</span> <span class='ocrx_word' id='word_1_656' title='bbox 3474 4086 3803 4155; x_wconf 81' lang='grc' dir='ltr'>Ἀθηναῖοι,</span> 
     </span>
    </p>
   </div>
   <div class='ocr_carea' id='block_1_88' title="bbox 2143 4175 3805 4257">
    <p class='ocr_par' dir='ltr' id='par_1_88' title="bbox 2143 4175 3805 4257">
     <span class='ocr_line' id='line_1_89' title="bbox 2143 4175 3805 4257; baseline -0.01 -15"><span class='ocrx_word' id='word_1_657' title='bbox 2143 4188 2232 4242; x_wconf 88' lang='grc' dir='ltr'>τὸν</span> <span class='ocrx_word' id='word_1_658' title='bbox 2284 4180 2639 4257; x_wconf 75' lang='grc' dir='ltr'>Ἀλεξάνδρου</span> <span class='ocrx_word' id='word_1_659' title='bbox 2686 4184 2909 4256; x_wconf 87' lang='grc' dir='ltr'>τρόπον.</span> <span class='ocrx_word' id='word_1_660' title='bbox 2961 4180 3054 4241; x_wconf 92' lang='grc' dir='ltr'><strong>Τίς</strong></span> <span class='ocrx_word' id='word_1_661' title='bbox 3099 4177 3155 4233; x_wconf 72' lang='grc' dir='ltr'>δὲ</span> <span class='ocrx_word' id='word_1_662' title='bbox 3204 4177 3363 4236; x_wconf 85' lang='grc' dir='ltr'>οὗτός</span> <span class='ocrx_word' id='word_1_663' title='bbox 3402 4175 3586 4241; x_wconf 83' lang='grc' dir='ltr'>ἐστιν;</span> <span class='ocrx_word' id='word_1_664' title='bbox 3646 4176 3805 4246; x_wconf 74' lang='grc' dir='ltr'>ὁμοῦ</span> 
     </span>
    </p>
   </div>
   <div class='ocr_carea' id='block_1_89' title="bbox 2146 4262 3806 4349">
    <p class='ocr_par' dir='ltr' id='par_1_89' title="bbox 2146 4262 3806 4349">
     <span class='ocr_line' id='line_1_90' title="bbox 2146 4262 3806 4349; baseline -0.007 -19"><span class='ocrx_word' id='word_1_665' title='bbox 2146 4297 2203 4330; x_wconf 82' lang='grc' dir='ltr'><strong>τε</strong></span> <span class='ocrx_word' id='word_1_666' title='bbox 2250 4274 2493 4349; x_wconf 83' lang='grc' dir='ltr'>ἐγχειρεῖ</span> <span class='ocrx_word' id='word_1_667' title='bbox 2544 4271 2633 4325; x_wconf 76' lang='grc' dir='ltr'><strong>καὶ</strong></span> <span class='ocrx_word' id='word_1_668' title='bbox 2673 4270 2999 4345; x_wconf 84' lang='grc' dir='ltr'>πέπρακται,</span> <span class='ocrx_word' id='word_1_669' title='bbox 3054 4266 3267 4340; x_wconf 76' lang='grc' dir='ltr'>μᾶλλον</span> <span class='ocrx_word' id='word_1_670' title='bbox 3320 4262 3379 4320; x_wconf 72' lang='grc' dir='ltr'>δὲ</span> <span class='ocrx_word' id='word_1_671' title='bbox 3428 4264 3614 4343; x_wconf 69' lang='grc' dir='ltr'>φθάνει</span> <span class='ocrx_word' id='word_1_672' title='bbox 3666 4263 3806 4323; x_wconf 66' lang='grc' dir='ltr'>τοὺς</span> 
     </span>
    </p>
   </div>
   <div class='ocr_carea' id='block_1_90' title="bbox 2154 4352 3806 4439">
    <p class='ocr_par' dir='ltr' id='par_1_90' title="bbox 2154 4352 3806 4439">
     <span class='ocr_line' id='line_1_91' title="bbox 2154 4352 3806 4439; baseline -0.009 -19"><span class='ocrx_word' id='word_1_673' title='bbox 2154 4367 2246 4439; x_wconf 79' lang='grc' dir='ltr'><strong>μὶν</strong></span> <span class='ocrx_word' id='word_1_674' title='bbox 2296 4363 2595 4435; x_wconf 73' lang='grc' dir='ltr'>λογισμοὺς</span> <span class='ocrx_word' id='word_1_675' title='bbox 2637 4365 2755 4420; x_wconf 83' lang='grc' dir='ltr'>ταῖς</span> <span class='ocrx_word' id='word_1_676' title='bbox 2804 4358 3079 4433; x_wconf 79' lang='grc' dir='ltr'>πράξεσιν,</span> <span class='ocrx_word' id='word_1_677' title='bbox 3131 4359 3218 4418; x_wconf 82' lang='grc' dir='ltr'>οἷς</span> <span class='ocrx_word' id='word_1_678' title='bbox 3262 4354 3319 4410; x_wconf 73' lang='grc' dir='ltr'>δὲ</span> <span class='ocrx_word' id='word_1_679' title='bbox 3366 4353 3625 4428; x_wconf 82' lang='grc' dir='ltr'>ἐγχειρεῖ,</span> <span class='ocrx_word' id='word_1_680' title='bbox 3667 4352 3806 4411; x_wconf 70' lang='grc' dir='ltr'>τοὺς</span> 
     </span>
    </p>
   </div>
   <div class='ocr_carea' id='block_1_91' title="bbox 395 4437 2029 4537">
    <p class='ocr_par' dir='ltr' id='par_1_91' title="bbox 395 4437 2029 4519">
     <span class='ocr_line' id='line_1_92' title="bbox 395 4437 2029 4519; baseline 0.011 -29"><span class='ocrx_word' id='word_1_681' title='bbox 395 4437 581 4492; x_wconf 84' lang='lat' dir='ltr'><strong>multa</strong></span> <span class='ocrx_word' id='word_1_682' title='bbox 615 4456 940 4514; x_wconf 87' lang='lat' dir='ltr'><strong>magnaque</strong></span> <span class='ocrx_word' id='word_1_683' title='bbox 970 4460 1141 4517; x_wconf 87' lang='lat' dir='ltr'><strong>opera</strong></span> <span class='ocrx_word' id='word_1_684' title='bbox 1172 4464 1301 4515; x_wconf 91' lang='lat' dir='ltr'><strong>sua,</strong></span> <span class='ocrx_word' id='word_1_685' title='bbox 1347 4465 1475 4519; x_wconf 70' lang='lat' dir='ltr'><strong>qua:</strong></span> <span class='ocrx_word' id='word_1_686' title='bbox 1525 4450 1857 4508; x_wconf 84' lang='lat' dir='ltr'><strong>adulatores</strong></span> <span class='ocrx_word' id='word_1_687' title='bbox 1890 4469 2029 4509; x_wconf 88' lang='lat' dir='ltr'><strong>con-</strong></span> 
     </span>
    </p>
   </div>
   <div class='ocr_carea' id='block_1_92' title="bbox 2144 4437 3805 4537">
    <p class='ocr_par' dir='ltr' id='par_1_92' title="bbox 2155 4437 3805 4537">
     <span class='ocr_line' id='line_1_93' title="bbox 2155 4437 3805 4537; baseline -0.008 -28"><span class='ocrx_word' id='word_1_688' title='bbox 2155 4437 2597 4530; x_wconf 83' lang='grc' dir='ltr'>διαγγέλλοντας.</span> <span class='ocrx_word' id='word_1_689' title='bbox 2660 4451 2813 4537; x_wconf 82' lang='grc'><strong>[1081</strong></span> <span class='ocrx_word' id='word_1_690' title='bbox 3010 4445 3157 4502; x_wconf 83' lang='grc' dir='ltr'>Ἐπεὶ</span> <span class='ocrx_word' id='word_1_691' title='bbox 3371 4445 3437 4498; x_wconf 78' lang='grc' dir='ltr'><strong>τά</strong></span> <span class='ocrx_word' id='word_1_692' title='bbox 3489 4441 3681 4537; x_wconf 76' lang='grc' dir='ltr'>πολλά</span> <span class='ocrx_word' id='word_1_693' title='bbox 3731 4439 3805 4537; x_wconf 51' lang='grc' dir='ltr'><strong>δή</strong></span> 
     </span>
    </p>
   </div>
   <div class='ocr_carea' id='block_1_93' title="bbox 394 4527 2035 4613">
    <p class='ocr_par' dir='ltr' id='par_1_93' title="bbox 394 4527 2035 4613">
     <span class='ocr_line' id='line_1_94' title="bbox 394 4527 2035 4613; baseline 0.011 -33"><span class='ocrx_word' id='word_1_694' title='bbox 394 4527 642 4597; x_wconf 81' lang='lat' dir='ltr'><strong>ﬁngunt,</strong></span> <span class='ocrx_word' id='word_1_695' title='bbox 675 4529 969 4588; x_wconf 90' lang='lat' dir='ltr'><strong>celeritate</strong></span> <span class='ocrx_word' id='word_1_696' title='bbox 1000 4536 1214 4604; x_wconf 89' lang='lat' dir='ltr'><strong>potius,</strong></span> <span class='ocrx_word' id='word_1_697' title='bbox 1247 4554 1422 4609; x_wconf 88' lang='lat' dir='ltr'><strong>quam</strong></span> <span class='ocrx_word' id='word_1_698' title='bbox 1462 4538 1674 4595; x_wconf 89' lang='lat' dir='ltr'><strong>virtute</strong></span> <span class='ocrx_word' id='word_1_699' title='bbox 1718 4557 1839 4607; x_wconf 88' lang='lat' dir='ltr'><strong>eos,</strong></span> <span class='ocrx_word' id='word_1_700' title='bbox 1892 4560 2035 4613; x_wconf 87' lang='lat' dir='ltr'><strong>quos</strong></span> 
     </span>
    </p>
   </div>
   <div class='ocr_carea' id='block_1_94' title="bbox 394 4617 2040 4697">
    <p class='ocr_par' dir='ltr' id='par_1_94' title="bbox 394 4617 2040 4697">
     <span class='ocr_line' id='line_1_95' title="bbox 394 4617 2040 4697; baseline 0.011 -27"><span class='ocrx_word' id='word_1_701' title='bbox 394 4617 681 4689; x_wconf 86' lang='lat' dir='ltr'><strong>adoritur,</strong></span> <span class='ocrx_word' id='word_1_702' title='bbox 715 4626 1029 4693; x_wconf 84' lang='lat' dir='ltr'><strong>antequam</strong></span> <span class='ocrx_word' id='word_1_703' title='bbox 1054 4626 1260 4682; x_wconf 88' lang='lat' dir='ltr'><strong>adesse</strong></span> <span class='ocrx_word' id='word_1_704' title='bbox 1282 4628 1653 4697; x_wconf 84' lang='lat' dir='ltr'><strong>diceretur,et</strong></span> <span class='ocrx_word' id='word_1_705' title='bbox 1675 4630 1835 4686; x_wconf 90' lang='lat' dir='ltr'><strong>visus</strong></span> <span class='ocrx_word' id='word_1_706' title='bbox 1861 4632 2040 4688; x_wconf 81' lang='lat' dir='ltr'><strong>fuisse</strong></span> 
     </span>
    </p>
   </div>
   <div class='ocr_carea' id='block_1_95' title="bbox 395 4707 2047 4787">
    <p class='ocr_par' dir='ltr' id='par_1_95' title="bbox 395 4707 2047 4787">
     <span class='ocr_line' id='line_1_96' title="bbox 395 4707 2047 4787; baseline 0.01 -26"><span class='ocrx_word' id='word_1_707' title='bbox 395 4707 648 4777; x_wconf 89' lang='lat' dir='ltr'><strong>audiret,</strong></span> <span class='ocrx_word' id='word_1_708' title='bbox 698 4726 1006 4781; x_wconf 86' lang='lat' dir='ltr'><strong>superans,</strong></span> <span class='ocrx_word' id='word_1_709' title='bbox 1058 4716 1369 4773; x_wconf 81' lang='lat' dir='ltr'><strong>confecerit</strong></span> <span class='ocrx_word' id='word_1_710' title='bbox 1421 4718 1602 4774; x_wconf 89' lang='lat' dir='ltr'><strong>instar</strong></span> <span class='ocrx_word' id='word_1_711' title='bbox 1651 4720 1933 4787; x_wconf 87' lang='lat' dir='ltr'><strong>fulminis,</strong></span> <span class='ocrx_word' id='word_1_712' title='bbox 1991 4725 2047 4777; x_wconf 88' lang='lat' dir='ltr'><strong>et</strong></span> 
     </span>
    </p>
   </div>
   <div class='ocr_carea' id='block_1_96' title="bbox 394 4795 2045 4881">
    <p class='ocr_par' dir='ltr' id='par_1_96' title="bbox 394 4795 2045 4881">
     <span class='ocr_line' id='line_1_97' title="bbox 394 4795 2045 4881; baseline 0.008 -28"><span class='ocrx_word' id='word_1_713' title='bbox 394 4795 824 4871; x_wconf 90' lang='lat' dir='ltr'><strong>tonitrui,quod</strong></span> <span class='ocrx_word' id='word_1_714' title='bbox 843 4818 995 4874; x_wconf 69' lang='lat' dir='ltr'><strong>saepe</strong></span> <span class='ocrx_word' id='word_1_715' title='bbox 1016 4808 1327 4876; x_wconf 86' lang='lat' dir='ltr'><strong>antequam</strong></span> <span class='ocrx_word' id='word_1_716' title='bbox 1350 4811 2045 4881; x_wconf 76' lang='lat' dir='ltr'><strong>exspectetur,prtecedit.</strong></span> 
     </span>
    </p>
   </div>
   <div class='ocr_carea' id='block_1_97' title="bbox 393 4889 2046 4974">
    <p class='ocr_par' dir='ltr' id='par_1_97' title="bbox 393 4889 2046 4974">
     <span class='ocr_line' id='line_1_98' title="bbox 393 4889 2046 4974; baseline 0.008 -30"><span class='ocrx_word' id='word_1_717' title='bbox 393 4889 486 4944; x_wconf 93' lang='lat' dir='ltr'><strong>Sic</strong></span> <span class='ocrx_word' id='word_1_718' title='bbox 515 4890 725 4946; x_wconf 85' lang='lat' dir='ltr'><strong>Sardes</strong></span> <span class='ocrx_word' id='word_1_719' title='bbox 756 4893 1079 4963; x_wconf 89' lang='lat' dir='ltr'><strong>occupavit,</strong></span> <span class='ocrx_word' id='word_1_720' title='bbox 1133 4894 1217 4951; x_wconf 91' lang='lat' dir='ltr'><strong>sic</strong></span> <span class='ocrx_word' id='word_1_721' title='bbox 1266 4896 1491 4953; x_wconf 89' lang='lat' dir='ltr'><strong>Cariam</strong></span> <span class='ocrx_word' id='word_1_722' title='bbox 1546 4899 1769 4967; x_wconf 90' lang='lat' dir='ltr'><strong>evertit,</strong></span> <span class='ocrx_word' id='word_1_723' title='bbox 1823 4900 1907 4957; x_wconf 89' lang='lat' dir='ltr'><strong>sic</strong></span> <span class='ocrx_word' id='word_1_724' title='bbox 1938 4901 2046 4974; x_wconf 80' lang='lat' dir='ltr'><strong>Ly-</strong></span> 
     </span>
    </p>
   </div>
   <div class='ocr_carea' id='block_1_98' title="bbox 397 4977 2049 5057">
    <p class='ocr_par' dir='ltr' id='par_1_98' title="bbox 397 4977 2049 5057">
     <span class='ocr_line' id='line_1_99' title="bbox 397 4977 2049 5057; baseline 0.009 -25"><span class='ocrx_word' id='word_1_725' title='bbox 397 4977 546 5034; x_wconf 86' lang='lat' dir='ltr'><strong>ciam</strong></span> <span class='ocrx_word' id='word_1_726' title='bbox 580 4979 874 5051; x_wconf 83' lang='lat' dir='ltr'><strong>distraxit,</strong></span> <span class='ocrx_word' id='word_1_727' title='bbox 900 4984 980 5038; x_wconf 82' lang='lat' dir='ltr'><strong>sic</strong></span> <span class='ocrx_word' id='word_1_728' title='bbox 1001 4984 1409 5057; x_wconf 83' lang='lat' dir='ltr'><strong>Pamphyliam</strong></span> <span class='ocrx_word' id='word_1_729' title='bbox 1432 4986 1759 5054; x_wconf 90' lang='lat' dir='ltr'><strong>invasit,sic</strong></span> <span class='ocrx_word' id='word_1_730' title='bbox 1781 4989 2049 5047; x_wconf 81' lang='lat' dir='ltr'><strong>viderunt</strong></span> 
     </span>
    </p>
   </div>
   <div class='ocr_carea' id='block_1_99' title="bbox 398 5069 2047 5151">
    <p class='ocr_par' dir='ltr' id='par_1_99' title="bbox 398 5069 2047 5151">
     <span class='ocr_line' id='line_1_100' title="bbox 398 5069 2047 5151; baseline 0.01 -30"><span class='ocrx_word' id='word_1_731' title='bbox 398 5083 527 5122; x_wconf 87' lang='lat' dir='ltr'><strong>eum</strong></span> <span class='ocrx_word' id='word_1_732' title='bbox 544 5069 863 5137; x_wconf 87' lang='lat' dir='ltr'><strong>Cilices,sic</strong></span> <span class='ocrx_word' id='word_1_733' title='bbox 882 5072 1141 5129; x_wconf 86' lang='lat' dir='ltr'><strong>incubuit</strong></span> <span class='ocrx_word' id='word_1_734' title='bbox 1160 5076 1463 5146; x_wconf 86' lang='lat' dir='ltr'><strong>Persis,sic</strong></span> <span class='ocrx_word' id='word_1_735' title='bbox 1482 5078 1703 5134; x_wconf 86' lang='lat' dir='ltr'><strong>Darium</strong></span> <span class='ocrx_word' id='word_1_736' title='bbox 1716 5084 2047 5151; x_wconf 86' lang='lat' dir='ltr'><strong>perterruit-</strong></span> 
     </span>
    </p>
   </div>
   <div class='ocr_carea' id='block_1_100' title="bbox 402 5154 2053 5233">
    <p class='ocr_par' dir='ltr' id='par_1_100' title="bbox 402 5154 2053 5233">
     <span class='ocr_line' id='line_1_101' title="bbox 402 5154 2053 5233; baseline 0.012 -24"><span class='ocrx_word' id='word_1_737' title='bbox 402 5154 485 5218; x_wconf 86' lang='lat' dir='ltr'><strong>Et,</strong></span> <span class='ocrx_word' id='word_1_738' title='bbox 521 5156 664 5227; x_wconf 88' lang='lat' dir='ltr'><strong>proh</strong></span> <span class='ocrx_word' id='word_1_739' title='bbox 699 5159 897 5215; x_wconf 87' lang='lat' dir='ltr'><strong>dolor!</strong></span> <span class='ocrx_word' id='word_1_740' title='bbox 933 5178 1106 5233; x_wconf 87' lang='lat' dir='ltr'><strong>quam</strong></span> <span class='ocrx_word' id='word_1_741' title='bbox 1141 5163 1330 5221; x_wconf 89' lang='lat' dir='ltr'><strong>vicina</strong></span> <span class='ocrx_word' id='word_1_742' title='bbox 1359 5166 1529 5223; x_wconf 86' lang='lat' dir='ltr'><strong>etiam</strong></span> <span class='ocrx_word' id='word_1_743' title='bbox 1557 5168 1902 5225; x_wconf 81' lang='lat' dir='ltr'><strong>calamitas!</strong></span> <span class='ocrx_word' id='word_1_744' title='bbox 1958 5171 2053 5227; x_wconf 90' lang='lat' dir='ltr'><strong>Sic</strong></span> 
     </span>
    </p>
   </div>
   <div class='ocr_carea' id='block_1_101' title="bbox 403 5243 2053 5321">
    <p class='ocr_par' dir='ltr' id='par_1_101' title="bbox 403 5243 2053 5321">
     <span class='ocr_line' id='line_1_102' title="bbox 403 5243 2053 5321; baseline 0.011 -22"><span class='ocrx_word' id='word_1_745' title='bbox 403 5248 461 5299; x_wconf 89' lang='lat' dir='ltr'><strong>et</strong></span> <span class='ocrx_word' id='word_1_746' title='bbox 487 5243 710 5303; x_wconf 87' lang='lat' dir='ltr'><strong>Thebas</strong></span> <span class='ocrx_word' id='word_1_747' title='bbox 738 5248 1003 5321; x_wconf 87' lang='lat' dir='ltr'><strong>diripuit.</strong></span> <span class='ocrx_word' id='word_1_748' title='bbox 1029 5251 1123 5308; x_wconf 91' lang='lat' dir='ltr'><strong>Sic</strong></span> <span class='ocrx_word' id='word_1_749' title='bbox 1156 5254 1363 5311; x_wconf 90' lang='lat' dir='ltr'><strong>cecidit</strong></span> <span class='ocrx_word' id='word_1_750' title='bbox 1393 5257 1532 5314; x_wconf 89' lang='lat' dir='ltr'><strong>urbs</strong></span> <span class='ocrx_word' id='word_1_751' title='bbox 1566 5257 1665 5313; x_wconf 90' lang='lat' dir='ltr'><strong>illa</strong></span> <span class='ocrx_word' id='word_1_752' title='bbox 1691 5258 1751 5314; x_wconf 91' lang='lat' dir='ltr'><strong>in</strong></span> <span class='ocrx_word' id='word_1_753' title='bbox 1778 5260 2053 5317; x_wconf 89' lang='lat' dir='ltr'><strong>umbilico</strong></span> 
     </span>
    </p>
   </div>
   <div class='ocr_carea' id='block_1_102' title="bbox 2148 4530 3810 4615">
    <p class='ocr_par' dir='ltr' id='par_1_102' title="bbox 2148 4530 3810 4615">
     <span class='ocr_line' id='line_1_103' title="bbox 2148 4530 3810 4615; baseline -0.01 -16"><span class='ocrx_word' id='word_1_754' title='bbox 2148 4548 2315 4600; x_wconf 77' lang='grc' dir='ltr'>ταῦτα</span> <span class='ocrx_word' id='word_1_755' title='bbox 2374 4540 2461 4595; x_wconf 70' lang='grc' dir='ltr'><strong>καὶ</strong></span> <span class='ocrx_word' id='word_1_756' title='bbox 2524 4536 2733 4615; x_wconf 85' lang='grc' dir='ltr'>μεγάλα</span> <span class='ocrx_word' id='word_1_757' title='bbox 2785 4540 2891 4591; x_wconf 81' lang='grc' dir='ltr'>τῶν</span> <span class='ocrx_word' id='word_1_758' title='bbox 2954 4534 3148 4609; x_wconf 82' lang='grc' dir='ltr'>ἔργων,</span> <span class='ocrx_word' id='word_1_759' title='bbox 3207 4534 3239 4587; x_wconf 75' lang='grc' dir='ltr'><strong>ἃ</strong></span> <span class='ocrx_word' id='word_1_760' title='bbox 3298 4531 3687 4607; x_wconf 75' lang='grc' dir='ltr'>λογοποιοῦσιν</span> <span class='ocrx_word' id='word_1_761' title='bbox 3748 4530 3810 4583; x_wconf 72' lang='grc' dir='ltr'>οἱ</span> 
     </span>
    </p>
   </div>
   <div class='ocr_carea' id='block_1_103' title="bbox 2153 4618 3813 4704">
    <p class='ocr_par' dir='ltr' id='par_1_103' title="bbox 2153 4618 3813 4704">
     <span class='ocr_line' id='line_1_104' title="bbox 2153 4618 3813 4704; baseline -0.011 -15"><span class='ocrx_word' id='word_1_762' title='bbox 2153 4633 2408 4700; x_wconf 87' lang='grc' dir='ltr'>κόλακες,</span> <span class='ocrx_word' id='word_1_763' title='bbox 2438 4628 2597 4704; x_wconf 86' lang='grc' dir='ltr'>τάχει</span> <span class='ocrx_word' id='word_1_764' title='bbox 2642 4626 2855 4701; x_wconf 79' lang='grc' dir='ltr'>μᾶλλον</span> <span class='ocrx_word' id='word_1_765' title='bbox 2888 4624 2921 4694; x_wconf 75' lang='grc' dir='ltr'><strong>ἢ</strong></span> <span class='ocrx_word' id='word_1_766' title='bbox 2973 4626 3135 4698; x_wconf 80' lang='grc' dir='ltr'>ῥώμῃ</span> <span class='ocrx_word' id='word_1_767' title='bbox 3168 4626 3211 4661; x_wconf 79' lang='grc'>³⁸</span> <span class='ocrx_word' id='word_1_768' title='bbox 3250 4625 3462 4697; x_wconf 80' lang='grc' dir='ltr'>κρατῶν</span> <span class='ocrx_word' id='word_1_769' title='bbox 3493 4621 3724 4678; x_wconf 87' lang='grc' dir='ltr'>τούτους</span> <span class='ocrx_word' id='word_1_770' title='bbox 3759 4618 3813 4654; x_wconf 69' lang='grc'><strong>⁸9</strong></span> 
     </span>
    </p>
   </div>
   <div class='ocr_carea' id='block_1_104' title="bbox 2157 4709 3812 4794">
    <p class='ocr_par' dir='ltr' id='par_1_104' title="bbox 2157 4709 3812 4794">
     <span class='ocr_line' id='line_1_105' title="bbox 2157 4709 3812 4794; baseline -0.01 -17"><span class='ocrx_word' id='word_1_771' title='bbox 2157 4726 2239 4785; x_wconf 78' lang='grc' dir='ltr'>οἷς</span> <span class='ocrx_word' id='word_1_772' title='bbox 2267 4719 2423 4794; x_wconf 76' lang='grc' dir='ltr'>ἐπῄει</span> <span class='ocrx_word' id='word_1_773' title='bbox 2472 4718 2820 4788; x_wconf 86' lang='grc' dir='ltr'>κατώρθωσε,</span> <span class='ocrx_word' id='word_1_774' title='bbox 2862 4714 2988 4789; x_wconf 82' lang='grc' dir='ltr'>πρὶν</span> <span class='ocrx_word' id='word_1_775' title='bbox 3040 4710 3370 4790; x_wconf 74' lang='grc' dir='ltr'>ἀγγελθῆναι</span> <span class='ocrx_word' id='word_1_776' title='bbox 3420 4710 3628 4784; x_wconf 85' lang='grc' dir='ltr'>παρὼν,</span> <span class='ocrx_word' id='word_1_777' title='bbox 3672 4709 3812 4781; x_wconf 78' lang='grc' dir='ltr'>πρὶν</span> 
     </span>
    </p>
   </div>
   <div class='ocr_carea' id='block_1_105' title="bbox 2158 4798 3810 4882">
    <p class='ocr_par' dir='ltr' id='par_1_105' title="bbox 2158 4798 3810 4882">
     <span class='ocr_line' id='line_1_106' title="bbox 2158 4798 3810 4882; baseline -0.01 -14"><span class='ocrx_word' id='word_1_778' title='bbox 2158 4812 2481 4879; x_wconf 73' lang='grc' dir='ltr'>ἀκουσθῆναι</span> <span class='ocrx_word' id='word_1_779' title='bbox 2541 4807 2892 4882; x_wconf 72' lang='grc' dir='ltr'>φαινόμενος,</span> <span class='ocrx_word' id='word_1_780' title='bbox 2923 4802 3059 4859; x_wconf 80' lang='grc' dir='ltr'>κατὰ</span> <span class='ocrx_word' id='word_1_781' title='bbox 3108 4801 3236 4865; x_wconf 77' lang='grc' dir='ltr'>τοὺς</span> <span class='ocrx_word' id='word_1_782' title='bbox 3304 4801 3577 4870; x_wconf 73' lang='grc' dir='ltr'>σκηπτους</span> <span class='ocrx_word' id='word_1_783' title='bbox 3611 4798 3648 4865; x_wconf 71' lang='grc' dir='ltr'><strong>ἢ</strong></span> <span class='ocrx_word' id='word_1_784' title='bbox 3706 4799 3810 4859; x_wconf 70' lang='grc' dir='ltr'>τὰς</span> 
     </span>
    </p>
   </div>
   <div class='ocr_carea' id='block_1_106' title="bbox 2163 4886 3817 4977">
    <p class='ocr_par' dir='ltr' id='par_1_106' title="bbox 2163 4886 3817 4977">
     <span class='ocr_line' id='line_1_107' title="bbox 2163 4886 3817 4977; baseline -0.011 -20"><span class='ocrx_word' id='word_1_785' title='bbox 2163 4901 2414 4977; x_wconf 75' lang='grc' dir='ltr'>βροντάς,</span> <span class='ocrx_word' id='word_1_786' title='bbox 2476 4898 2530 4952; x_wconf 82' lang='grc' dir='ltr'>αἲ</span> <span class='ocrx_word' id='word_1_787' title='bbox 2588 4894 2862 4956; x_wconf 88' lang='grc' dir='ltr'>πολλάκις</span> <span class='ocrx_word' id='word_1_788' title='bbox 2921 4894 3181 4967; x_wconf 81' lang='grc' dir='ltr'>φθάνουσι</span> <span class='ocrx_word' id='word_1_789' title='bbox 3235 4889 3332 4952; x_wconf 67' lang='grc' dir='ltr'>τῆς</span> <span class='ocrx_word' id='word_1_790' title='bbox 3389 4886 3727 4963; x_wconf 82' lang='grc' dir='ltr'>προσδοκίας</span> <span class='ocrx_word' id='word_1_791' title='bbox 3764 4888 3817 4921; x_wconf 56' lang='grc' dir='ltr'><strong>θ</strong></span> 
     </span>
    </p>
   </div>
   <div class='ocr_carea' id='block_1_107' title="bbox 2157 4976 3822 5065">
    <p class='ocr_par' dir='ltr' id='par_1_107' title="bbox 2157 4976 3822 5065">
     <span class='ocr_line' id='line_1_108' title="bbox 2157 4976 3822 5065; baseline -0.01 -20"><span class='ocrx_word' id='word_1_792' title='bbox 2157 4976 2487 5065; x_wconf 68' lang='grc' dir='ltr'>ἡγήσασθαι.</span> <span class='ocrx_word' id='word_1_793' title='bbox 2522 4987 2678 5042; x_wconf 73' lang='grc' dir='ltr'>Οὕτω</span> <span class='ocrx_word' id='word_1_794' title='bbox 2735 4980 2958 5058; x_wconf 85' lang='grc' dir='ltr'>Σάρδεις</span> <span class='ocrx_word' id='word_1_795' title='bbox 2996 4981 3163 5044; x_wconf 82' lang='grc' dir='ltr'>εἷλεν,</span> <span class='ocrx_word' id='word_1_796' title='bbox 3214 4980 3355 5036; x_wconf 73' lang='grc' dir='ltr'>οὕτω</span> <span class='ocrx_word' id='word_1_797' title='bbox 3407 4978 3603 5051; x_wconf 78' lang='grc' dir='ltr'>Καρίαν</span> <span class='ocrx_word' id='word_1_798' title='bbox 3654 4976 3822 5065; x_wconf 76' lang='grc' dir='ltr'>ἐπόρ-</span> 
     </span>
    </p>
   </div>
   <div class='ocr_carea' id='block_1_108' title="bbox 2162 5064 3795 5149">
    <p class='ocr_par' dir='ltr' id='par_1_108' title="bbox 2162 5064 3795 5149">
     <span class='ocr_line' id='line_1_109' title="bbox 2162 5064 3795 5149; baseline -0.009 -16"><span class='ocrx_word' id='word_1_799' title='bbox 2162 5064 2343 5149; x_wconf 87' lang='grc' dir='ltr'>θησεν,</span> <span class='ocrx_word' id='word_1_800' title='bbox 2404 5077 2547 5133; x_wconf 74' lang='grc' dir='ltr'>οὕτω</span> <span class='ocrx_word' id='word_1_801' title='bbox 2606 5074 2806 5130; x_wconf 83' lang='grc' dir='ltr'>Λυκίαν</span> <span class='ocrx_word' id='word_1_802' title='bbox 2862 5072 3179 5146; x_wconf 81' lang='grc' dir='ltr'>παρέσυρεν,</span> <span class='ocrx_word' id='word_1_803' title='bbox 3255 5068 3400 5125; x_wconf 72' lang='grc' dir='ltr'>οὕτω</span> <span class='ocrx_word' id='word_1_804' title='bbox 3459 5064 3795 5139; x_wconf 71' lang='grc' dir='ltr'>Παμφυλίαν</span> 
     </span>
    </p>
   </div>
   <div class='ocr_carea' id='block_1_109' title="bbox 2161 5155 3820 5243">
    <p class='ocr_par' dir='ltr' id='par_1_109' title="bbox 2161 5155 3820 5243">
     <span class='ocr_line' id='line_1_110' title="bbox 2161 5155 3820 5243; baseline -0.008 -20"><span class='ocrx_word' id='word_1_805' title='bbox 2161 5165 2480 5243; x_wconf 74' lang='grc' dir='ltr'>ἐπέδραμεν,</span> <span class='ocrx_word' id='word_1_806' title='bbox 2515 5164 2685 5226; x_wconf 79' lang='grc' dir='ltr'>οὕτως</span> <span class='ocrx_word' id='word_1_807' title='bbox 2718 5159 2874 5243; x_wconf 71' lang='grc' dir='ltr'>ὤφθη</span> <span class='ocrx_word' id='word_1_808' title='bbox 2923 5162 3159 5235; x_wconf 77' lang='grc' dir='ltr'>Κίλιξιν,</span> <span class='ocrx_word' id='word_1_809' title='bbox 3208 5158 3381 5220; x_wconf 75' lang='grc' dir='ltr'>οὕτως</span> <span class='ocrx_word' id='word_1_810' title='bbox 3430 5155 3629 5225; x_wconf 82' lang='grc' dir='ltr'>ἐπέστη</span> <span class='ocrx_word' id='word_1_811' title='bbox 3669 5157 3820 5229; x_wconf 60' lang='lat' dir='ltr'><strong>[lip-</strong></span> 
     </span>
    </p>
   </div>
   <div class='ocr_carea' id='block_1_110' title="bbox 2162 5246 3821 5332">
    <p class='ocr_par' dir='ltr' id='par_1_110' title="bbox 2162 5246 3821 5332">
     <span class='ocr_line' id='line_1_111' title="bbox 2162 5246 3821 5332; baseline -0.01 -15"><span class='ocrx_word' id='word_1_812' title='bbox 2162 5283 2301 5332; x_wconf 84' lang='grc' dir='ltr'>σαις,</span> <span class='ocrx_word' id='word_1_813' title='bbox 2362 5260 2504 5316; x_wconf 77' lang='grc' dir='ltr'>οὕτω</span> <span class='ocrx_word' id='word_1_814' title='bbox 2564 5262 2795 5332; x_wconf 81' lang='grc' dir='ltr'>Δαρεῖον</span> <span class='ocrx_word' id='word_1_815' title='bbox 2856 5253 3145 5326; x_wconf 78' lang='grc' dir='ltr'>ἐξέπληξεν</span> <span class='ocrx_word' id='word_1_816' title='bbox 3194 5272 3206 5285; x_wconf 85' lang='grc'><em>’</em></span> <span class='ocrx_word' id='word_1_817' title='bbox 3268 5250 3422 5326; x_wconf 79' lang='grc' dir='ltr'>οἴμοι</span> <span class='ocrx_word' id='word_1_818' title='bbox 3478 5253 3588 5304; x_wconf 81' lang='grc' dir='ltr'><strong>τῶν</strong></span> <span class='ocrx_word' id='word_1_819' title='bbox 3659 5246 3821 5323; x_wconf 45' lang='lat' dir='ltr'><strong>effe:</strong></span> 
     </span>
    </p>
   </div>
   <div class='ocr_carea' id='block_1_111' title="bbox 1758 5388 2455 5447">
    <p class='ocr_par' dir='ltr' id='par_1_111' title="bbox 1758 5388 2455 5447">
     <span class='ocr_line' id='line_1_112' title="bbox 1758 5388 2455 5447; baseline 0.001 -6"><span class='ocrx_word' id='word_1_820' title='bbox 1758 5388 2003 5444; x_wconf 61' lang='lat' dir='ltr'><strong>VARUS</strong></span> <span class='ocrx_word' id='word_1_821' title='bbox 2044 5390 2455 5447; x_wconf 82' lang='lat' dir='ltr'><strong>LECTIONES.</strong></span> 
     </span>
    </p>
   </div>
   <div class='ocr_carea' id='block_1_112' title="bbox 480 5497 914 5561">
    <p class='ocr_par' dir='ltr' id='par_1_112' title="bbox 480 5497 914 5561">
     <span class='ocr_line' id='line_1_113' title="bbox 480 5497 914 5561; baseline 0.018 -10"><span class='ocrx_word' id='word_1_822' title='bbox 480 5499 525 5535; x_wconf 86' lang='grc'>²⁷</span> <span class='ocrx_word' id='word_1_823' title='bbox 559 5497 825 5556; x_wconf 82' lang='grc' dir='ltr'>θάλασσαν</span> <span class='ocrx_word' id='word_1_824' title='bbox 858 5511 914 5561; x_wconf 85' lang='grc' dir='ltr'>Β.</span> 
     </span>
    </p>
   </div>
   <div class='ocr_carea' id='block_1_113' title="bbox 412 5569 813 5640">
    <p class='ocr_par' dir='ltr' id='par_1_113' title="bbox 412 5569 813 5640">
     <span class='ocr_line' id='line_1_114' title="bbox 412 5569 813 5640; baseline 0 -16"><span class='ocrx_word' id='word_1_825' title='bbox 412 5574 455 5609; x_wconf 79' lang='grc'><strong>³¹</strong></span> <span class='ocrx_word' id='word_1_826' title='bbox 490 5569 724 5640; x_wconf 82' lang='grc' dir='ltr'>ἀπέστης</span> <span class='ocrx_word' id='word_1_827' title='bbox 756 5581 813 5630; x_wconf 89' lang='grc' dir='ltr'>Β,</span> 
     </span>
    </p>
   </div>
   <div class='ocr_carea' id='block_1_114' title="bbox 414 5643 851 5712">
    <p class='ocr_par' dir='ltr' id='par_1_114' title="bbox 414 5643 851 5712">
     <span class='ocr_line' id='line_1_115' title="bbox 414 5643 851 5712; baseline 0.009 -16"><span class='ocrx_word' id='word_1_828' title='bbox 414 5644 464 5679; x_wconf 80' lang='grc'><strong>³⁵</strong></span> <span class='ocrx_word' id='word_1_829' title='bbox 491 5643 759 5712; x_wconf 81' lang='grc' dir='ltr'>ἐπήκουσε</span> <span class='ocrx_word' id='word_1_830' title='bbox 791 5650 851 5704; x_wconf 91' lang='lat' dir='ltr'><strong>B.</strong></span> 
     </span>
    </p>
   </div>
   <div class='ocr_carea' id='block_1_115' title="bbox 421 5716 1171 5783">
    <p class='ocr_par' dir='ltr' id='par_1_115' title="bbox 421 5716 1171 5783">
     <span class='ocr_line' id='line_1_116' title="bbox 421 5716 1171 5783; baseline 0.007 -9"><span class='ocrx_word' id='word_1_831' title='bbox 421 5716 693 5774; x_wconf 77' lang='lat' dir='ltr'><strong>Reiskius</strong></span> <span class='ocrx_word' id='word_1_832' title='bbox 723 5734 735 5772; x_wconf 91' lang='lat'>:</span> <span class='ocrx_word' id='word_1_833' title='bbox 768 5718 903 5776; x_wconf 90' lang='lat' dir='ltr'><strong>libri</strong></span> <span class='ocrx_word' id='word_1_834' title='bbox 934 5720 1171 5783; x_wconf 80' lang='grc' dir='ltr'>τούτοις.</span> 
     </span>
    </p>
   </div>
   <div class='ocr_carea' id='block_1_116' title="bbox 1027 5509 1914 5586">
    <p class='ocr_par' dir='ltr' id='par_1_116' title="bbox 1027 5509 1914 5586">
     <span class='ocr_line' id='line_1_117' title="bbox 1027 5509 1914 5586; baseline 0.014 -25"><span class='ocrx_word' id='word_1_835' title='bbox 1027 5510 1069 5543; x_wconf 64' lang='grc'><strong>³⁸</strong></span> <span class='ocrx_word' id='word_1_836' title='bbox 1097 5509 1358 5586; x_wconf 72' lang='grc' dir='ltr'>πονηρίας</span> <span class='ocrx_word' id='word_1_837' title='bbox 1396 5544 1457 5554; x_wconf 93' lang='lat'><strong>—-</strong></span> <span class='ocrx_word' id='word_1_838' title='bbox 1507 5514 1818 5586; x_wconf 84' lang='grc' dir='ltr'>Χαιρωνίαν</span> <span class='ocrx_word' id='word_1_839' title='bbox 1851 5519 1914 5573; x_wconf 91' lang='grc' dir='ltr'>Α.</span> 
     </span>
    </p>
   </div>
   <div class='ocr_carea' id='block_1_117' title="bbox 918 5577 1671 5692">
    <p class='ocr_par' dir='ltr' id='par_1_117' title="bbox 918 5577 1671 5692">
     <span class='ocr_line' id='line_1_118' title="bbox 918 5577 1671 5692; baseline 0.013 -63"><span class='ocrx_word' id='word_1_840' title='bbox 918 5577 965 5612; x_wconf 70' lang='grc'><strong>³³</strong></span> <span class='ocrx_word' id='word_1_841' title='bbox 991 5577 1347 5639; x_wconf 61' lang='grc' dir='ltr'>ἀντεῖπεςδτι</span> <span class='ocrx_word' id='word_1_842' title='bbox 1379 5603 1576 5692; x_wconf 49' lang='lat' dir='ltr'><strong>«apex;</strong></span> <span class='ocrx_word' id='word_1_843' title='bbox 1610 5577 1671 5641; x_wconf 70' lang='grc' dir='ltr'>Β.</span> 
     </span>
     <span class='ocr_line' id='line_1_119' title="bbox 958 5648 1671 5692; baseline 0.003 -1"><span class='ocrx_word' id='word_1_844' title='bbox 958 5648 1005 5684; x_wconf 67' lang='grc'>³⁸</span> <span class='ocrx_word' id='word_1_845' title='bbox 1032 5652 1122 5692; x_wconf 53' lang='grc' dir='ltr'><strong>’μὲν</strong></span> <span class='ocrx_word' id='word_1_846' title='bbox 1182 5654 1350 5692; x_wconf 65' lang='grc' dir='ltr'>υᾹιιΑυ</span> <span class='ocrx_word' id='word_1_847' title='bbox 1391 5660 1418 5692; x_wconf 94' lang='grc' dir='ltr'><strong>Δ</strong></span> <span class='ocrx_word' id='word_1_848' title='bbox 1576 5658 1595 5692; x_wconf 77' lang='grc'>7</span> <span class='ocrx_word' id='word_1_849' title='bbox 1636 5678 1671 5692; x_wconf 59' lang='lat' dir='ltr'><strong>ni</strong></span> 
     </span>
    </p>
   </div>
   <div class='ocr_carea' id='block_1_118' title="bbox 958 5648 1716 5759">
    <p class='ocr_par' dir='ltr' id='par_1_118' title="bbox 958 5648 1716 5759">
     <span class='ocr_line' id='line_1_120' title="bbox 958 5648 1716 5759; baseline 0.008 -55"><span class='ocrx_word' id='word_1_850' title='bbox 958 5648 1005 5684; x_wconf 80' lang='grc'>³⁸</span> <span class='ocrx_word' id='word_1_851' title='bbox 1032 5652 1122 5705; x_wconf 87' lang='grc' dir='ltr'>τὸν</span> <span class='ocrx_word' id='word_1_852' title='bbox 1182 5654 1350 5759; x_wconf 72' lang='grc' dir='ltr'>νόμον</span> <span class='ocrx_word' id='word_1_853' title='bbox 1383 5648 1464 5713; x_wconf 74' lang='grc' dir='ltr'><strong>Α.’</strong></span> <span class='ocrx_word' id='word_1_854' title='bbox 1521 5648 1595 5693; x_wconf 65' lang='grc'><strong>’“³⁷</strong></span> <span class='ocrx_word' id='word_1_855' title='bbox 1636 5655 1716 5710; x_wconf 53' lang='grc' dir='ltr'><strong>ούε</strong></span> 
     </span>
     <span class='ocr_line' id='line_1_121' title="bbox 958 5703 1716 5759; baseline 0 0"><span class='ocrx_word' id='word_1_856' title='bbox 958 5720 1149 5759; x_wconf 64' lang='grc' dir='ltr'>ιηιιηηη</span> <span class='ocrx_word' id='word_1_857' title='bbox 1273 5726 1295 5759; x_wconf 94' lang='lat' dir='ltr'><strong>o</strong></span> <span class='ocrx_word' id='word_1_858' title='bbox 1322 5727 1421 5759; x_wconf 66' lang='grc' dir='ltr'>...ιη</span> <span class='ocrx_word' id='word_1_859' title='bbox 1454 5703 1716 5759; x_wconf 56' lang='grc' dir='ltr'>..-ηεηί</span> 
     </span>
    </p>
   </div>
   <div class='ocr_carea' id='block_1_119' title="bbox 1273 5677 1885 5803">
    <p class='ocr_par' dir='ltr' id='par_1_119' title="bbox 1273 5677 1885 5803">
     <span class='ocr_line' id='line_1_122' title="bbox 1273 5677 1885 5713; baseline 0.005 -5"><span class='ocrx_word' id='word_1_860' title='bbox 1273 5677 1350 5708; x_wconf 88' lang='grc' dir='ltr'><strong>ιον</strong></span> <span class='ocrx_word' id='word_1_861' title='bbox 1383 5677 1447 5713; x_wconf 69' lang='grc' dir='ltr'>Α.</span> <span class='ocrx_word' id='word_1_862' title='bbox 1552 5677 1592 5693; x_wconf 74' lang='grc' dir='ltr'><strong>σε</strong></span> <span class='ocrx_word' id='word_1_863' title='bbox 1636 5677 1716 5710; x_wconf 59' lang='lat' dir='ltr'><strong>our</strong></span> <span class='ocrx_word' id='word_1_864' title='bbox 1774 5678 1885 5713; x_wconf 81' lang='grc' dir='ltr'>ουτι</span> 
     </span>
     <span class='ocr_line' id='line_1_123' title="bbox 1273 5677 1885 5803; baseline 0.016 -25"><span class='ocrx_word' id='word_1_865' title='bbox 1273 5726 1295 5759; x_wconf 93' lang='lat'>°</span> <span class='ocrx_word' id='word_1_866' title='bbox 1322 5727 1421 5796; x_wconf 81' lang='grc' dir='ltr'><strong>τήν</strong></span> <span class='ocrx_word' id='word_1_867' title='bbox 1454 5677 1782 5803; x_wconf 61' lang='grc' dir='ltr'>προσδοκίὲιν</span> <span class='ocrx_word' id='word_1_868' title='bbox 1817 5733 1885 5788; x_wconf 80' lang='grc' dir='ltr'>Α.</span> 
     </span>
    </p>
   </div>
   <div class='ocr_carea' id='block_1_120' title="bbox 2020 5506 3823 5629">
    <p class='ocr_par' dir='ltr' id='par_1_120' title="bbox 2020 5506 3823 5629">
     <span class='ocr_line' id='line_1_124' title="bbox 2020 5506 3823 5629; baseline -0.006 -59"><span class='ocrx_word' id='word_1_869' title='bbox 2020 5514 2066 5551; x_wconf 71' lang='grc'>²⁹</span> <span class='ocrx_word' id='word_1_870' title='bbox 2094 5512 2297 5586; x_wconf 76' lang='grc' dir='ltr'>κατέϐη</span> <span class='ocrx_word' id='word_1_871' title='bbox 2348 5549 2414 5558; x_wconf 92' lang='lat'><strong>—-</strong></span> <span class='ocrx_word' id='word_1_872' title='bbox 2446 5511 2777 5589; x_wconf 82' lang='grc' dir='ltr'>Περικλέους</span> <span class='ocrx_word' id='word_1_873' title='bbox 2834 5528 2945 5567; x_wconf 82' lang='grc' dir='ltr'><strong>οω.</strong></span> <span class='ocrx_word' id='word_1_874' title='bbox 2978 5511 3042 5564; x_wconf 84' lang='grc' dir='ltr'>Α.</span> <span class='ocrx_word' id='word_1_875' title='bbox 3145 5510 3190 5544; x_wconf 67' lang='grc'><strong>⁸⁸</strong></span> <span class='ocrx_word' id='word_1_876' title='bbox 3227 5506 3373 5615; x_wconf 51' lang='grc' dir='ltr'>τύχη</span> <span class='ocrx_word' id='word_1_877' title='bbox 3412 5512 3449 5560; x_wconf 86' lang='grc' dir='ltr'><strong>Δ</strong></span> <span class='ocrx_word' id='word_1_878' title='bbox 3492 5524 3503 5560; x_wconf 92' lang='lat'>:</span> <span class='ocrx_word' id='word_1_879' title='bbox 3739 5506 3823 5561; x_wconf 70' lang='grc' dir='ltr'><strong>ξ’-</strong></span> 
     </span>
     <span class='ocr_line' id='line_1_125' title="bbox 2049 5564 3823 5629; baseline -0.001 0"><span class='ocrx_word' id='word_1_880' title='bbox 2049 5589 2224 5629; x_wconf 65' lang='grc' dir='ltr'><strong>ωηηηῆ</strong></span> <span class='ocrx_word' id='word_1_881' title='bbox 2286 5589 2547 5629; x_wconf 70' lang='grc' dir='ltr'><strong>Ωρῖαιείιι-</strong></span> <span class='ocrx_word' id='word_1_882' title='bbox 2578 5587 2731 5629; x_wconf 76' lang='lat' dir='ltr'><strong>nnnd</strong></span> <span class='ocrx_word' id='word_1_883' title='bbox 2765 5580 3243 5629; x_wconf 71' lang='lat' dir='ltr'><strong>Warnsdnrfinm.</strong></span> <span class='ocrx_word' id='word_1_884' title='bbox 3372 5582 3393 5613; x_wconf 76' lang='grc'><strong><em>⁵</em></strong></span> <span class='ocrx_word' id='word_1_885' title='bbox 3430 5597 3537 5629; x_wconf 82' lang='grc' dir='ltr'><strong>που</strong></span> <span class='ocrx_word' id='word_1_886' title='bbox 3616 5590 3701 5629; x_wconf 71' lang='grc' dir='ltr'>,οη</span> 
     </span>
    </p>
   </div>
   <div class='ocr_carea' id='block_1_121' title="bbox 1776 5564 3825 5682">
    <p class='ocr_par' dir='ltr' id='par_1_121' title="bbox 1776 5564 3825 5682">
     <span class='ocr_line' id='line_1_126' title="bbox 1776 5564 3825 5682; baseline 0.002 -5"><span class='ocrx_word' id='word_1_887' title='bbox 1776 5564 2016 5679; x_wconf 48' lang='lat' dir='ltr'><strong>Wa</strong></span> <span class='ocrx_word' id='word_1_888' title='bbox 2049 5564 2735 5682; x_wconf 57' lang='grc' dir='ltr'><strong>ειδέέῖ’ίιθίξιίίιίὲζξβέιξά</strong></span> <span class='ocrx_word' id='word_1_889' title='bbox 2759 5564 3243 5682; x_wconf 33' lang='grc' dir='ltr'><strong>θ’θὲιεάρτθουφ·</strong></span> <span class='ocrx_word' id='word_1_890' title='bbox 3299 5564 3393 5682; x_wconf 62' lang='lat' dir='ltr'><strong>Cf&quot;</strong></span> <span class='ocrx_word' id='word_1_891' title='bbox 3430 5564 3825 5682; x_wconf 92' lang='lat'>:</span> 
     </span>
    </p>
   </div>
   <div class='ocr_carea' id='block_1_122' title="bbox 1774 5664 2453 5734">
    <p class='ocr_par' dir='ltr' id='par_1_122' title="bbox 1774 5664 2453 5734">
     <span class='ocr_line' id='line_1_127' title="bbox 1774 5664 2453 5734; baseline 0.007 -22"><span class='ocrx_word' id='word_1_892' title='bbox 1774 5664 1918 5734; x_wconf 81' lang='grc' dir='ltr'>οὕτω</span> <span class='ocrx_word' id='word_1_893' title='bbox 1960 5664 2005 5713; x_wconf 81' lang='grc' dir='ltr'>δ’</span> <span class='ocrx_word' id='word_1_894' title='bbox 2061 5664 2207 5734; x_wconf 78' lang='grc' dir='ltr'>ἔχειν</span> <span class='ocrx_word' id='word_1_895' title='bbox 2241 5677 2355 5720; x_wconf 84' lang='grc' dir='ltr'><strong>οω.</strong></span> <span class='ocrx_word' id='word_1_896' title='bbox 2388 5664 2453 5718; x_wconf 90' lang='grc' dir='ltr'>Α.</span> 
     </span>
    </p>
   </div>
   <div class='ocr_carea' id='block_1_123' title="bbox 3492 5648 3829 5709">
    <p class='ocr_par' dir='ltr' id='par_1_123' title="bbox 3492 5648 3829 5709">
     <span class='ocr_line' id='line_1_128' title="bbox 3492 5648 3829 5709; baseline -0.009 -6"><span class='ocrx_word' id='word_1_897' title='bbox 3492 5649 3538 5684; x_wconf 68' lang='grc'><strong>³9</strong></span> <span class='ocrx_word' id='word_1_898' title='bbox 3595 5648 3829 5709; x_wconf 73' lang='grc' dir='ltr'>τούτους</span> 
     </span>
    </p>
   </div>
   <div class='ocr_carea' id='block_1_124' title="bbox 2558 5650 3388 5734">
    <p class='ocr_par' dir='ltr' id='par_1_124' title="bbox 2558 5650 3388 5734">
     <span class='ocr_line' id='line_1_129' title="bbox 2558 5650 3388 5734; baseline -0.005 -5"><span class='ocrx_word' id='word_1_899' title='bbox 2558 5650 2801 5734; x_wconf 74' lang='grc' dir='ltr'><strong>’δ’ῥώμιι</strong></span> <span class='ocrx_word' id='word_1_900' title='bbox 2861 5659 2899 5707; x_wconf 81' lang='grc' dir='ltr'>Β</span> <span class='ocrx_word' id='word_1_901' title='bbox 2931 5671 2951 5710; x_wconf 82' lang='lat'><strong>-&#39;</strong></span> <span class='ocrx_word' id='word_1_902' title='bbox 2980 5655 3049 5724; x_wconf 70' lang='grc' dir='ltr'>τῇ</span> <span class='ocrx_word' id='word_1_903' title='bbox 3103 5651 3271 5726; x_wconf 68' lang='grc' dir='ltr'>ῥώμῃ</span> <span class='ocrx_word' id='word_1_904' title='bbox 3307 5650 3388 5725; x_wconf 82' lang='grc' dir='ltr'><strong>ς·-</strong></span> 
     </span>
    </p>
   </div>
  </div>
