4066 6216
216 314 374 374 1317

1326 314 1866 376 BlBLlOTHECA.
1911 346 1988 359 —
2031 315 2205 377 COD.
2250 315 2560 379 CCXLI“.

3457 320 3613 384 1318

208 446 245 513 ἡ
280 444 441 512 κοινή
492 444 648 521 φωνὴ
686 450 787 512 τῆς
835 442 1057 509 πόλεως
1098 442 1184 500 ἒπὶ
1218 445 1280 500 τὸ
1321 443 1496 521 λέγειν
1548 444 1742 521 ἐγείρει
1773 465 1841 500 κα

1976 446 2025 502 si
2058 446 2191 519 quis
2219 446 2410 502 lentus
2442 448 2772 516 accesserit,
2800 451 3128 521 frequenter
3156 453 3452 509 communi
3485 455 3618 510 civi—

206 535 302 589 τὸν
363 532 424 588 ού
481 531 663 609 λέγειν
724 531 1093 607 βουλόμενον.
1127 534 1466 610 Παρέρχεταί
1523 556 1608 597 τις
1666 534 1743 595 εἷς
1800 534 1861 589 τὸ

209 623 409 698 σεμνὸν
465 621 797 695 Ἐπικούρου
857 626 1273 698 φροντιστήριον
1333 626 1452 685 νέος
1502 626 1537 695 ἢ
1594 623 1683 679 νέα
1716 644 1728 657 '
1789 624 1864 686 εἷς

209 710 317 786 γάρ
358 711 559 781 ταύτην
586 712 685 779 τὴν
715 709 939 779 ἡλικίαν
966 710 1029 766 τὸ
1069 710 1323 786 λαμπρὸν
1355 717 1516 767 τούτο
1567 711 1858 787 συνέδριον.

208 802 374 875 ’Υπὲρ
430 800 522 855 τὸν
578 800 770 869 Ἰξίονα
823 800 886 854 τὸ
955 801 1153 875 θράσος
1209 799 1518 875 ἄνθρωπος,
1583 801 1714 875 ὑπὲρ
1769 802 1858 856 τὸν

211 886 519 959 Σαλμωνέα
545 888 645 955 τήν
679 882 853 962 ὕϐριν,
894 890 993 957 τὴν
1025 887 1238 961 τόλμαν
1271 888 1403 963 ὑπὲρ
1435 891 1525 945 τὸν
1559 888 1859 946 Τάνταλον.

210 975 374 1034 Ἀλλ’
417 976 594 1032 ἐκεῖνα
643 979 736 1050 μὶν
791 979 976 1049 μῦθοι,
1008 979 1098 1031 καὶ
1143 983 1212 1053 τῇ
1253 983 1428 1053 σκηνῇ
1482 978 1645 1053 μόλις
1693 979 1759 1033 τά
1797 1000 1860 1052 γε

201 1070 438 1122 τοιαῦτα
494 1066 819 1138 πιστεύομεν
855 1084 866 1097 ·
930 1068 1095 1139 [1085
1144 1069 1236 1140 R.]
1285 1067 1603 1139 Ἐπίκουρος
1656 1068 1711 1123 δὲ
1762 1068 1862 1123 οὐκ

210 1156 265 1212 ἐν
299 1154 513 1228 μύθοις,
555 1152 681 1210 ἀλλ’
706 1153 757 1209 ἐν
792 1153 1023 1227 δόγμασι
1054 1154 1146 1209 καὶ
1176 1156 1400 1229 πράξεσι
1430 1162 1596 1211 νικῶν
1630 1156 1858 1218 ἐκείνους

207 1244 536 1318 εύρίσκεται.
581 1243 827 1299 Κάκεῖνοι
869 1244 964 1316 μὲν
1011 1241 1235 1320 ἑτέρωθί
1264 1266 1375 1299 που
1424 1250 1592 1300 ταῦτα
1629 1243 1858 1318 τολμῆ-

208 1356 299 1390 σαι
330 1332 609 1409 λέγονται,
644 1334 695 1388 οἱ
751 1333 845 1406 μὶν
895 1332 948 1387 έν
991 1332 1197 1409 ὄρεσιν,
1228 1336 1281 1389 oi.
1332 1333 1390 1389 δὲ
1438 1335 1490 1390 ἐν
1540 1335 1754 1401 νάπαις,
1806 1334 1854 1389 οἷ

206 1422 268 1479 δὲ
324 1422 375 1478 ἐν
430 1419 728 1499 βαρϐάροις
786 1424 896 1479 τισὶ
945 1422 1033 1479 καὶ
1095 1422 1525 1499 ἀπερριμμένοις
1575 1426 1807 1501 χωρίοις
1841 1444 1853 1457 ·

206 1510 400 1568 δίδωσι
431 1510 490 1567 δέ
520 1533 637 1576 πως
668 1515 710 1549 ’τι
762 1514 1087 1588 συγγνώμην
1114 1512 1205 1567 καὶ
1254 1512 1426 1568 τόπου
1458 1514 1616 1591 φύσις
1649 1514 1857 1588 ἐγκλή-

208 1623 375 1675 μασιν
429 1622 441 1635 ·
498 1601 819 1678 Ἐπίκουρος
877 1599 934 1657 δὲ
992 1603 1250 1675 Ἀθήνῃσι
1308 1606 1477 1661 ταῦτα
1541 1601 1850 1684 φιλοσοφεῖ.

205 1694 469 1768 Ἀθήνῃσι
512 1690 568 1748 δὲ
617 1693 744 1749 ὅταν
778 1692 940 1761 εἴπω,
972 1694 1037 1749 τὸ
1092 1694 1345 1768 μέγιστον
1376 1695 1527 1749 εἶπον
1575 1702 1674 1765 τῆς
1706 1698 1856 1751 εύσευ

1970 536 2108 593 tatis
2131 536 2405 608 suffragio
2428 538 2514 592 vel
2540 538 2653 592 invi
2668 544 2759 593 tus
2777 538 2847 593 ab
2865 539 3170 594 dicendum
3188 544 3428 610 cogitur.
3446 546 3617 602 Venit

1974 625 2184 697 aliquis
2207 626 2444 696 juvenis
2466 625 2553 681 vel
2584 627 2899 697 juvencula
2923 630 3082 699 (nam
3115 630 3187 684 ob
3219 629 3366 685 hanc
3387 637 3612 692 (etatem

1974 716 2287 784 praeclarus
2312 715 2406 771 ille
2429 721 2752 772 conventus
2774 718 3073 772 ordinatus
3100 721 3211 786 est)
3242 719 3301 774 in
3331 737 3606 779 veneran-

1975 804 2106 860 dam
2134 806 2361 877 Epicuri
2388 805 2669 873 scholam,
2694 807 2933 862 audacia
2956 814 3190 878 superat
3210 809 3306 864 ille
3332 810 3615 881 Ixionem,

1974 893 2185 949 ferocia
2216 894 2569 962 Salmonem,
2598 898 2920 951 temeritate
2945 896 3256 951 Tantalum
3299 915 3312 954 :
3363 900 3461 954 sed
3498 899 3617 957 hazc

1971 980 2032 1034 in
2062 980 2354 1048 fabulis,et
2374 998 2471 1051 per
2493 982 2758 1037 umbram
2783 983 2875 1037 vix
2900 986 3215 1039 credimus.
3255 985 3363 1040 Sed
3403 1003 3513 1041 non
3555 988 3615 1044 in

1972 1068 2186 1124 fabulis
2218 1070 2520 1141 Epicurus,
2544 1087 2743 1127 verum
2770 1073 2829 1126 iu
2853 1073 3131 1128 doctrinis
3166 1074 3615 1147 actionibusque

1969 1155 2077 1213 hos
2108 1175 2383 1230 superare
2413 1160 2797 1215 convincitur.
2833 1161 3054 1225 Quibus
3086 1163 3142 1217 in
3178 1162 3316 1217 locis
3365 1162 3486 1219 haec
3531 1164 3615 1219 illi

1969 1246 2094 1301 ausi
2128 1246 2308 1301 sunt?
2338 1246 2500 1301 Alius
2526 1247 2583 1301 in
2609 1246 2931 1313 montibus,
2963 1249 3106 1306 alter
3134 1250 3192 1305 in
3227 1251 3493 1322 saltibus,
3516 1253 3615 1309 ille

1970 1336 2029 1392 in
2090 1336 2352 1393 barbaris
2402 1338 2755 1408 quibusdam
2802 1344 2857 1395 et
2889 1340 3131 1411 abiectis
3162 1345 3516 1413 regionibus,
3552 1349 3616 1399 ut

1968 1426 2142 1481 etiam
2176 1427 2335 1483 locus
2368 1428 2592 1483 veniam
2628 1428 2882 1499 peccatis
2913 1430 3049 1485 dare
3091 1430 3372 1487 videatur.
3400 1432 3614 1489 Verum

1968 1516 2246 1587 Epicurus
2299 1517 2422 1572 haec
2461 1519 2629 1573 docet
2674 1519 2935 1575 Athenis.
2987 1520 3246 1575 Athenas
3295 1537 3429 1577 cum
3461 1523 3611 1592 dico,

1966 1606 2197 1677 pietatis
2228 1612 2402 1678 caput
2433 1607 2714 1678 intelligo.
2749 1611 2897 1663 Num
2933 1609 3033 1663 tibi
3068 1611 3299 1665 videtur
3325 1613 3612 1680 Socrates,

1966 1711 2139 1766 quem
2164 1696 2413 1752 imiteris
2445 1696 2704 1767 dignus?
2726 1697 2793 1750 Et
2815 1696 2952 1768 quid
2980 1699 3248 1768 dignum,
3271 1700 3486 1772 inquit,
3510 1718 3615 1758 cur

204 1777 357 1842 ϐείας
404 1781 719 1861 κεφάλαιον.
761 1780 930 1841 Οὐδὲν
991 1783 1019 1836 ὁ
1072 1782 1371 1857 Σωκράτης
1422 1804 1507 1839 σοι
1548 1780 1698 1839 δοκεῖ
1726 1786 1846 1859 πρὸς

1967 1800 2101 1839 reus
2146 1785 2258 1840 sim
2311 1786 2624 1841 commisi?
2672 1786 2921 1841 Hoccine
2970 1788 3115 1843 mihi
3174 1789 3283 1858 ais,
3320 1790 3614 1862 Epicure?

208 1874 492 1946 μίμησιν;
544 1873 642 1927 Καὶ
692 1872 766 1944 τί,
831 1872 987 1949 φησὶ,
1036 1877 1142 1927 τῶν
1207 1872 1515 1928 ὑπευθύνων
1566 1869 1850 1945 ἠσέϐησα;

199 1961 355 2018 Λύτό
385 1982 483 2033 μοι
535 1960 736 2037 λέγεις,
768 1964 1082 2036 Ἐπίκουρε,
1116 1963 1177 2018 τὸ
1231 1967 1413 2035 μεῖζον
1457 1957 1736 2038 ἔγκλημα,
1770 1963 1851 2018 ὅτι

202 2052 285 2123 μή
320 2046 597 2113 δυσσεϐεῖς
626 2049 947 2125 μόνον,ἀλλ⁷
975 2051 1057 2106 ὅτι
1089 2052 1136 2087 ⁷²
1163 2052 1248 2105 καὶ
1283 2052 1459 2106 καινά·
1493 2051 1611 2107 ὅθεν
1636 2049 1851 2128 διχόθεν

199 2139 504 2203 ὑπεύθυνος
531 2140 597 2198 ⁸⁷³.
656 2140 888 2213 Βωμοὺς
947 2141 1047 2194 ούκ
1096 2141 1408 2215 ἀνέτρεψας,
1468 2139 1615 2196 ἀλλὰ
1676 2147 1852 2214 μάτην

196 2232 440 2293 ἑστῶτας
485 2225 708 2303 ἔδειξας,
749 2234 877 2305 [580
926 2232 1016 2304 IL]
1068 2232 1333 2306 Πρόνοιαν
1384 2232 1613 2302 ἀνελὼν,
1667 2230 1736 2287 δι’
1785 2235 1851 2304 ἢν

374 2319 661 2355 ιρκν
840 2319 1835 2357 .,ι.·ν.ιν,-.

199 2322 432 2397 βωμοδς
474 2322 810 2394 ἰορυσαμεθα
890 2322 1075 2375 θδσιαν
1109 2342 1296 2389 καιντ,ν
1327 2343 1427 2376 ουκ
1458 2325 1670 2391 ιθυσας,
1705 2320 1848 2377 αλλα

194 2410 380 2471 πάσας
413 2409 622 2485 ἀθρόως
653 2412 700 2446 ⁷⁵
741 2410 1042 2484 ἀνῄρηκας.
1078 2410 1167 2478 Μὴ
1217 2408 1422 2486 ρυέσθω
1449 2413 1492 2447 7⁵
1538 2417 1638 2479 τῆς
1669 2432 1848 2484 τιμω-

194 2499 325 2574 ρίας
373 2499 721 2573 Ἐπίκουρος,
773 2498 857 2553 ὅτι
919 2502 995 2572 μή
1045 2499 1183 2554 κατὰ
1225 2498 1350 2561 τους
1397 2500 1661 2575 πρότερον
1711 2500 1847 2554 κατά

188 2591 337 2643 θεων
371 2586 719 2662 ἐθρασύνατο.
754 2590 967 2650 Πάντας
1020 2588 1115 2663 μὲν
1146 2589 1247 2663 γὰρ
1298 2583 1557 2657 ἀσεϐῆσαι
1607 2590 1843 2662 τρόπους

188 2674 278 2732 ἑνὶ
335 2680 443 2731 τῶν
492 2677 627 2731 κατά
673 2677 771 2746 τὴν
828 2674 993 2732 πόλιν
1045 2673 1306 2731 ἀδύνατον
1339 2697 1350 2709 ·
1402 2677 1447 2731 εἰ
1498 2675 1552 2731 δὲ
1594 2674 1841 2746 ἕκαστος,

186 2764 314 2821 ἀνθ’
346 2766 419 2819 ὧν
465 2760 655 2837 ἔδρασε
701 2760 1162 2840 προϐαλλόμενος
1204 2763 1237 2817 ἃ
1285 2766 1361 2837 μὴ
1410 2764 1700 2836 πεποίηκε,
1742 2766 1838 2834 τὴν

182 2852 469 2927 τιμωρίαν
523 2851 828 2931 ἐκφεύξεται
879 2855 947 2923 ⁷⁵,
1006 2854 1086 2915 τίς
1144 2854 1318 2932 ὑφέξει
1366 2857 1474 2909 τῶν
1524 2850 1728 2908 ἀσεϐῶν
1768 2851 1842 2908 δί-

1966 1875 2160 1943 majus
2186 1873 2304 1942 jam
2338 1874 2553 1930 crimen
2586 1880 2696 1944 est,
2743 1892 2855 1931 non
2906 1876 3225 1948 impietatis
3276 1880 3466 1945 modo,
3513 1882 3609 1936 sed

1965 1963 2101 2034 quia
2121 1980 2275 2018 nunc
2296 1964 2472 2018 etiam
2499 1980 2709 2019 novum
2730 1964 3026 2036 adjungis.
3061 1965 3359 2037 Undejam
3390 1968 3609 2040 duplici

1964 2053 2034 2106 de
2064 2069 2242 2107 causa
2272 2069 2405 2107 reus
2438 2052 2621 2107 factus
2652 2069 2734 2108 es.
2773 2060 2911 2108 Aras
2951 2070 3063 2109 non
3100 2057 3396 2111 evertisti?
3426 2062 3483 2112 at
3513 2074 3611 2116 eas

1961 2140 2177 2195 frustra
2207 2157 2331 2196 esse
2364 2142 2694 2210 ostendisti,
2726 2158 2853 2197 cum
2891 2142 3318 2199 Providentiam
3353 2162 3383 2199 e
3415 2162 3607 2202 rerum

1960 2235 2170 2283 natura
2202 2228 2375 2297 tollis,
2408 2229 2480 2283 ob
2513 2245 2687 2299 quam
2722 2246 2855 2285 aras
2887 2230 3297 2286 exstruximus.
3319 2234 3613 2289 Sacriﬁcia

1958 2333 2103 2373 nova
2156 2333 2267 2372 non
2321 2318 2745 2374 introduxisti?
2790 2323 2848 2375 at
2896 2319 3094 2375 omnia
3136 2321 3442 2377 sustulisti.
3485 2322 3610 2379 Non

1957 2406 2294 2462 absolvatur
2324 2407 2629 2479 Epicurus,
2663 2409 2801 2480 quia
2842 2426 2954 2465 non
2987 2410 3186 2466 eadem
3221 2426 3345 2481 qua:
3388 2411 3607 2482 priores

1955 2498 2023 2551 de
2055 2496 2167 2552 diis
2199 2498 2404 2553 sensit.
2447 2499 2595 2553 Fieri
2626 2499 2782 2553 enim
2816 2516 2929 2554 non
2984 2504 3192 2569 potest,
3237 2505 3303 2555 ut
3355 2516 3503 2554 unus
3544 2500 3605 2556 in

1956 2586 2097 2641 urbe
2120 2586 2258 2641 civis
2281 2587 2558 2642 omnibus
2583 2587 2769 2642 modis
2792 2587 2868 2642 sit
2891 2589 3109 2657 impius
3136 2606 3147 2642 :
3175 2590 3220 2643 si
3256 2604 3387 2645 vero
3420 2604 3599 2643 unus-

1954 2677 2199 2747 quisque
2240 2693 2341 2748 pro
2389 2676 2480 2732 his
2531 2694 2655 2747 qua:
2699 2677 2833 2731 fecit
2884 2678 3180 2732 adducens
3219 2694 3282 2733 ea
3330 2695 3451 2748 qua:
3486 2695 3602 2734 non

1951 2764 2105 2831 fecit,
2157 2765 2511 2837 supplicium
2562 2766 2781 2832 evadet,
2833 2766 2964 2836 quis
3021 2766 3335 2839 impietatis
3392 2784 3593 2838 pcenas

1950 2853 2160 2908 dabit?
2191 2868 2323 2907 cum
2361 2852 2502 2907 nulli
2537 2853 2651 2907 sint
2680 2854 2918 2909 omnino
2950 2853 3139 2925 impii,
3172 2859 3229 2910 et
3271 2854 3437 2909 liceat
3479 2855 3594 2911 reis
3638 2841 3647 2848 ’

186 2962 304 3010 κην
335 2944 401 3010 π,
460 2941 522 2996 ού
580 2941 782 3004 πάντας
840 2937 1053 2997 ἀσεϐεῖν
1114 2941 1491 3019 ἐγχωροῦντος
1531 2944 1579 2978 ⁷⁸
1634 2943 1841 3016 ἑκάστῳ

1959 2956 2051 3011 pro
2083 2939 2405 2996 malefactis
2449 2941 2743 2995 benefacta
2784 2942 3059 3012 proferre.
3098 2941 3221 2996 Non
3247 2947 3386 2997 sunt
3424 2959 3455 2997 a
3491 2959 3595 2998 sa-

179 3032 285 3087 καὶ
346 3035 462 3095 τοῖς
518 3031 868 3106 κρινομένοις
922 3031 1035 3105 ἐξὸν
1105 3032 1219 3087 ἀντὶ
1276 3035 1383 3086 τῶν
1443 3032 1838 3108 πεπραγμένων

180 3123 257 3177 τὰ
300 3121 378 3193 μὴ
425 3121 775 3195 πεπραγμένα
831 3120 1242 3195 προτείνεσθαι;
1296 3122 1359 3175 οὐ
1410 3117 1477 3190 δὴ
1510 3124 1555 3157 79
1602 3122 1769 3176 ταῦτά
1799 3125 1843 3159 so

178 3232 247 3286 γε
282 3213 411 3264 νοῦν
442 3208 685 3288 ἐχόντων
712 3211 806 3272 τὰς
841 3207 1111 3272 διαδύσεις
1152 3211 1471 3285 προσίεσθαι
1509 3211 1577 3266 ⁸⁸.
1620 3210 1696 3268 Ού
1737 3211 1840 3287 γάρ

182 3301 329 3373 ὑπὲρ
362 3298 436 3351 ὧν
480 3318 564 3352 τις
608 3298 706 3353 ούκ
760 3297 1056 3369 εὐθύνεται,
1104 3301 1200 3367 τὴν
1254 3298 1560 3375 ἀπολογίαν
1605 3306 1843 3372 προσῆκε

176 3390 494 3456 ποιεῖσθαι,
524 3385 651 3442 ἀλλ’
685 3385 767 3463 ἐφ’
797 3388 884 3449 οἷς
918 3386 969 3441 o'i
1014 3409 1074 3442 τε
1105 3387 1376 3461 κρίνοντες
1422 3393 1839 3464 κατηγοροῦσιν,

181 3476 236 3533 οἳ
279 3496 343 3529 τε
375 3473 687 3544 δικάζοντες
719 3478 1003 3546 κάθηνται.
1039 3478 1106 3533 0i
1138 3474 1195 3531 δῖε
1225 3476 1440 3554 ἀφέντες
1472 3478 1534 3532 τὸ
1567 3474 1838 3532 δικαιότα·

183 3587 282 3623 τον
320 3562 407 3619 ἐπὶ
449 3567 511 3619 τὸ
557 3566 749 3638 ῥᾷστον
798 3561 1123 3640 βαδίζουσι·
1175 3566 1233 3620 τὸ
1270 3567 1362 3639 μὲν
1413 3566 1517 3640 γάρ
1567 3562 1841 3622 δικαιότα-

184 3679 286 3711 τον
345 3653 493 3710 λύειν
546 3656 607 3710 τὸ
652 3651 904 3731 ἔγκλημα
950 3653 1018 3710 δι’
1050 3657 1079 3710 ’ὁ
1131 3657 1391 3730 κρίνεται,
1427 3657 1488 3711 τὸ
1539 3658 1733 3729 ῥᾷστον
1784 3656 1840 3713 δὲ

182 3743 587 3820 ἀπολογεῖσθαι
635 3743 757 3817 περὶ
803 3744 1007 3799 τούτων
1050 3742 1131 3820 ἐφ’
1163 3746 1248 3805 οἷς
1301 3743 1362 3798 ού
1396 3744 1575 3821 φεύγει
1624 3766 1706 3807 τις
1759 3744 1837 3800 δί-

182 3856 310 3898 κας.
359 3831 422 3889 E'i
455 3854 554 3908 περ
587 3832 679 3888 οὖν
731 3832 814 3889 ὅτι
848 3836 924 3907 μή
957 3854 1044 3888 πω
1094 3830 1336 3896 δέδωκας
1368 3831 1546 3904 δίκην,
1580 3834 1677 3888 ούκ
1706 3835 1838 3888 εἶναι

179 3924 433 3999 νομίζεις
465 3923 737 3997 πρόνοιαν,
774 3924 951 3997 ὀρθῶς
984 3918 1344 3998 βεϐούλευσαι
1378 3942 1389 3954 ·
1437 3922 1480 3978 εἷ
1527 3919 1583 3977 δὲ
1615 3921 1703 3977 δια
1742 3924 1842 3991 τὴν

182 4014 350 4092 φύσιν
377 4017 483 4067 τῶν
517 4011 682 4081 ὅλων,
712 4014 740 4067 ὁ
773 4011 939 4088 λόγος
975 4012 1227 4085 μάταιος.
1265 4010 1445 4069 Ἀλλὰ
1484 4012 1670 4079 πόθεν,
1704 4011 1839 4087 πρὸς

179 4109 291 4158 τῶν
334 4101 553 4174 ἀτόμων
584 4104 672 4157 καὶ
706 4106 802 4156 τοῦ
842 4106 1000 4156 κενοῦ
1030 4103 1078 4138 ⁸⁴
1106 4106 1205 4156 τοῦ
1236 4099 1685 4175 πολυθρυλήτου,
1709 4101 1841 4155 ταύ-

177 4213 283 4263 την
334 4192 433 4259 τήν
472 4188 628 4264 δόξαν
678 4190 1004 4264 έξεύρηκας;
1057 4190 1284 4253 ἄτακτός
1315 4212 1398 4253 τις
1453 4188 1677 4266 ἐνοχλεῖ
1739 4192 1837 4259 τὴν

178 4287 291 4337 τῶν
332 4278 477 4335 ὅλων
529 4280 683 4358 φύσιν
737 4280 879 4359 (ρορά
915 4283 960 4317 ⁸⁸
989 4278 1081 4334 καὶ
1129 4280 1342 4350 κίνησις
1375 4299 1385 4311 ·
1432 4277 1560 4334 ἀλλ’
1601 4280 1837 4358 ἀρχαῖον

1953 3027 2246 3100 picntibus
2287 3028 2376 3083 ha;
2419 3029 2823 3082 frustrationes
2855 3027 3251 3083 admittendis.
3284 3029 3409 3084 Non
3442 3030 3598 3085 enim

1904 3125 1914 3148 ‘
1953 3117 2287 3172 adhibenda
2317 3115 2581 3173 defensio
2612 3122 2950 3184 esteorum,
2984 3118 3053 3172 de
3085 3118 3300 3188 quibus
3331 3118 3460 3190 quis
3484 3135 3599 3173 non

1952 3211 2277 3273 accusatur,
2312 3222 2507 3261 verum
2539 3206 2610 3262 de
2642 3207 2857 3277 quibus
2889 3223 3082 3261 coram
3108 3207 3412 3277 judicibus
3435 3224 3601 3263 accu-

1950 3301 2137 3364 satur,
2186 3300 2243 3349 et
2285 3296 2356 3351 ob
2408 3312 2530 3366 quae
2582 3296 2996 3365 disceptatores
3048 3297 3268 3352 sedent.
3306 3295 3394 3351 Illi
3439 3313 3594 3359 vero.

1950 3383 2306 3455 aequissimis
2327 3383 2583 3450 omissis,
2608 3386 2677 3439 ad
2705 3384 2985 3440 facillima
3007 3384 3600 3457 dilabunturJEquis-

1951 3474 2168 3529 simum
2208 3473 2360 3528 enim
2391 3480 2475 3529 est
2506 3474 2802 3543 objectum
2836 3475 3057 3529 diluere
3100 3489 3113 3529 :
3161 3474 3498 3530 facillimum
3532 3492 3600 3532 ea

1952 3562 2280 3629 defendere,
2315 3562 2383 3617 de
2414 3561 2627 3633 quibus
2654 3579 2764 3618 non
2792 3570 3114 3619 accusatur.
3153 3563 3215 3618 Si
3250 3563 3427 3635 igitur
3464 3565 3597 3632 quia

1952 3669 2151 3725 pcenas
2185 3652 2441 3707 nondum
2478 3653 2704 3719 dedisti,
2747 3652 2876 3707 ideo
2928 3653 3354 3708 Providentiam
3402 3669 3597 3723 negas,

1951 3742 2424 3813 rectejudicasti;
2451 3740 2542 3795 sin
2568 3746 2802 3812 propter
2827 3745 3096 3795 naturam
3114 3741 3596 3808 universi,357a

1950 3831 2142 3885 stulte.
2176 3830 2284 3883 Sed
2320 3830 2475 3883 unde
2507 3829 2655 3882 hanc
2678 3829 2748 3883 de
2780 3829 2990 3882 sternis
3019 3834 3075 3882 et
3108 3828 3251 3883 chao
3283 3829 3427 3884 adeo
3461 3828 3592 3884 trito

1949 3918 2282 3990 Opinionem
2308 3915 2622 3971 invenisti?
2644 3916 2971 3971 inordinata
2994 3918 3258 3987 quaedam
3281 3917 3523 3986 volutio,
3539 3924 3595 3972 et

1948 4012 2139 4063 motus
2192 4006 2301 4061 hoc
2351 4006 2681 4061 universum
2734 4005 2948 4070 turbat,
2989 4011 3045 4060 et
3075 4006 3381 4077 antiquum
3416 4007 3593 4063 chaos

1949 4104 2054 4161 est,
2077 4095 2263 4151 ettuis
2293 4094 2482 4150 verbis
2515 4095 2838 4165 antiquius,
2874 4110 3062 4165 neque
3091 4095 3349 4150 definitis
3378 4104 3591 4151 natura;

1953 4185 2177 4257 legibus
2191 4185 2576 4255 obtemperat.
2596 4185 2771 4238 Porro
2795 4192 2986 4239 autem
3013 4184 3211 4238 omnia
3232 4184 3435 4239 ordine
3459 4201 3594 4256 pro-

1950 4277 2181 4342 cedunt,
2234 4274 2388 4346 quod
2426 4273 2745 4330 maximum
2780 4273 3153 4328 Providentiae
3186 4278 3589 4345 argumentum

178 4373 242 4426 τὸ
274 4369 427 4450 χάος
456 4370 546 4425 καὶ
596 4374 704 4425 τῶν
739 4374 847 4424 σῶν
877 4369 1056 4445 λόγων
1108 4364 1495 4445 πρεσϐύτερον.
1532 4367 1667 4425 Ἀλλ
1710 4367 1837 4425 οὐδὲ

1959 4370 2108 4438 puto,
2141 4365 2338 4421 omnia
2364 4362 2594 4419 scilicet
2640 4361 3014 4429 conservari;
3062 4379 3195 4417 nam
3237 4362 3589 4420 inordinatio

181 4461 434 4515 πείθεται
487 4463 605 4519 τοῖς
645 4457 968 4531 ὡρισμένοις
1030 4458 1224 4529 νόμοις
1269 4464 1367 4526 τῆς
1426 4457 1636 4536 φύσεως
1681 4476 1692 4488 ·
1745 4458 1835 4511 καὶ

1948 4454 2407 4526 corruptionem,
2443 4453 2580 4507 ordo
2614 4467 2745 4506 vero
2778 4452 3277 4507 conservationem
3314 4452 3555 4507 inducit.

186 4552 296 4623 μὴν
364 4551 568 4604 ἅπαντα
624 4546 713 4603 καί
766 4550 909 4618 τάξει
965 4554 1160 4623 χωρεῖ,
1217 4548 1305 4602 καὶ
1364 4554 1463 4617 τῆς
1542 4546 1806 4623 Προνοίας
1882 4546 2084 4617 ταύτης
2158 4542 2407 4618 μέγιστον
2488 4540 2641 4614 οἶμαι
2709 4542 3007 4615 τεκμήριον
3064 4540 3125 4595 τὸ
3185 4539 3355 4595 πάντα
3420 4541 3593 4611 σώζε-

184 4641 305 4694 σθαι
345 4658 359 4672 ·
391 4637 578 4709 ἀταξία
612 4637 709 4711 μὲν
741 4638 843 4714 γὰρ
876 4638 1095 4715 φθορὰν,
1120 4635 1266 4707 τάξις
1299 4634 1358 4691 δῖε
1388 4637 1659 4713 σωτηρίαν
1692 4636 1996 4714 ἐργάζεται.

253 4730 328 4788 Τί
364 4726 529 4799 συλᾷς
563 4726 621 4783 ἐκ
654 4726 900 4805 Δελφῶν,
932 4728 1005 4790 ὡς
1028 4726 1079 4798 ἐξ
1112 4728 1379 4802 ούρανοῦ,
1400 4729 1499 4797 τὴν
1533 4728 1792 4800 πρόνοιαν
1819 4749 1832 4798 ;

184 4817 316 4875 ἀλλ’
363 4817 515 4890 ὅμως
568 4815 797 4873 ἐκινεῖτο
848 4819 941 4891 μὲν
995 4818 1269 4893 Παρνασὸς
1300 4818 1390 4871 καὶ
1424 4817 1573 4894 κατὰ
1617 4821 1833 4892 Περσῶν

182 4904 556 4982 ἐκραδαίνετο,
604 4906 838 4983 κορυφαὶ
898 4904 1031 4961 ὃὶδθ
1098 4906 1239 4967 ὀρῶν
1300 4906 1411 4961 ἀντὶ
1479 4904 1657 4980 βελῶν
1717 4904 1837 4962 ἐτο-

183 4997 427 5065 Ξεύοντο,
472 4998 670 5067 Πέρσαι
701 4991 758 5049 ὃὶ
788 4991 1014 5051 ἔπιπτον
1044 4995 1238 5075 τάφοις
1268 5000 1385 5057 ταῖς
1428 4995 1652 5070 πέτραις
1692 5016 1839 5070 χρη-

183 5087 434 5161 σαμενοι.
503 5084 834 5161 Ἐπικούρου
893 5081 949 5139 δὲ
1005 5088 1174 5140 ταῦτα
1237 5083 1409 5160 λέγειν
1475 5082 1612 5139 κατά
1665 5087 1762 5138 τοῦ
1792 5084 1837 5119 ⁸⁷

2018 4727 2166 4791 Quid
2192 4724 2404 4781 adimis
2426 4722 2690 4794 Delphis,
2712 4722 2864 4777 sicut
2886 4737 2916 4776 e
2941 4721 3105 4790 cmlo,
3130 4722 3599 4793 providentiam?

1946 4819 2350 4871 verumtamen
2378 4812 2717 4868 movebatur
2736 4811 3147 4877 Parnassus,et
3169 4816 3371 4866 contra
3392 4825 3593 4881 persas

1939 4903 2264 4975 jacicbatur
2297 4918 2311 4956 :
2344 4900 2632 4956 montium
2656 4915 2786 4955 vero
2810 4898 3052 4955 vertices
3076 4915 3179 4970 pro
3200 4897 3327 4953 telis
3359 4902 3596 4969 torque-

1949 4993 2181 5048 bantur.
2216 4990 2485 5046 Cecidere
2526 4993 2721 5044 autem
2754 4990 2962 5058 Persae,
3008 4990 3065 5043 in
3127 4986 3308 5058 petris
3354 4985 3591 5059 sepulti.

1946 5082 2160 5138 Verum
2194 5097 2325 5136 cum
2358 5079 2639 5151 Epicurus
2674 5078 2791 5134 beo
2822 5077 2879 5132 in
2931 5077 3068 5133 deos
3119 5077 3310 5133 dicere
3360 5077 3592 5148 audeat,

1539 5266 1782 5322 VARUE
1823 5263 2237 5323 LECTlONES.

252 5435 299 5470 ’⁷⁸
331 5450 453 5504 πως
485 5436 526 5488 Δ
559 5446 574 5486 :
608 5449 739 5504 ποτε
763 5429 891 5504 ,ςχ
956 5433 1002 5468 ⁷³
1039 5431 1130 5504 καὶ
1160 5448 1275 5504 om.
1309 5434 1375 5486 A.

184 5506 230 5541 ⁷⁸
263 5505 340 5577 μή
461 5507 545 5587 B':
575 5498 717 5587 μηδρ
749 5498 808 5577 9'.—
1009 5503 1055 5539 ’³⁸
1082 5512 1214 5558 ante
1244 5498 1431 5626 ἐκφεύέ

186 5581 410 5626 suav-to:
437 5572 646 5626 ἱκαστω
676 5568 884 5626 ασιϐειν
914 5574 996 5626 ε’.
1099 5575 1144 5609 ’⁷⁸
1174 5571 1240 5626 87‘.
1275 5578 1316 5626 A
1352 5589 1364 5626 :

222 5568 410 5638 οὖν-ξος
437 5568 651 5644 ὶκάστιρ
676 5568 884 5629 ἀσεϐεῧι
914 5574 996 5683 ς.
1099 5575 1144 5609 ’⁷⁸
1174 5571 1240 5641 δὴ
1275 5568 1364 5629 Α’;
1401 5568 1483 5626 δεῖ
1514 5570 1576 5647 ς’
1576 5571 1609 5627 ’.

222 5648 232 5682 ι
270 5645 423 5683 ετ-..
464 5652 489 5683 Α
533 5662 544 5675 ο
581 5646 623 5683 ,τ
663 5645 755 5683 ..εει
787 5646 849 5683 ρ·-
970 5650 989 5683 ι
1017 5643 1204 5683 nam".
1236 5644 1296 5683 τ’·
1394 5645 1441 5680 ss
1473 5639 1603 5683 ,μηηέ

211 5648 232 5682 ³
270 5645 423 5722 ε’ίπερ
454 5652 495 5702 Δ
532 5662 545 5700 :
580 5646 625 5699 εἰ
661 5645 755 5718 μὲν
931 5645 989 5684 Ἧι

1478 5428 1525 5463 ⁷⁸
1555 5436 1687 5484 ante
1720 5426 2009 5486 ὑπεύθυνος
2039 5424 2336 5493 excidisse
2355 5438 2558 5493 opmor
2588 5423 2825 5479 verbum
2859 5423 2926 5480 εἴ.

1441 5541 1453 5555 .
1487 5517 1620 5556 cum
1654 5501 1787 5555 ΑΒΕ
1818 5499 1985 5569 omisi
2018 5497 2135 5552 οὐκ.

1462 5576 1494 5651 ἶ.
1514 5570 1576 5647 ς’
1576 5571 1609 5651 ’τ
1712 5570 1760 5607 ⁸ο
1790 5568 1986 5651 ταύτας
2003 5569 2321 5651 §caliger._
2392 5568 2465 5651 '1.
2468 5578 2585 5651 πριζ

1017 5643 1204 5700 καινιῶ
1394 5645 1441 5680 ⁸⁵
1473 5636 1607 5718 ψόρέ
1634 5650 1690 5696 τε
1719 5640 1809 5697 καὶ
1841 5648 1899 5700 Β.
1978 5641 2024 5676 δθ
2054 5638 2110 5694 δὶ
2141 5636 2251 5696 οἵη.
2284 5642 2343 5692 Β.
2421 5636 2465 5671 δ’
2494 5636 2613 5709 τοῦ]
2639 5643 2737 5706 τῆς
2771 5636 2837 5696 Ᾰ,

3031 5423 3316 5507 ⁷ξιάθρόως
3329 5422 3482 5507 ’ξιξὼ
3513 5424 3588 5480 Λ-

2241 5493 2288 5528 77
2319 5490 2471 5583 δίκην
2512 5510 2627 5583 0n}.
2660 5498 2723 5583 AA,
2756 5493 2926 5583 «ivssi
2957 5490 3226 5583 ξριὶιίβέν.
3329 5493 3584 5583 1⁸’ἐγχέ2.

2392 5562 2745 5643 εξᾏπροίεσθαι
2964 5567 3012 5603 ⁸³
3043 5562 3174 5622 διίίὸ
3200 5574 3243 5624 Δ
3280 5585 3292 5622 :
3326 5562 3584 5640 διότῖζῖ
