4090 6422
234 351 384 414 1321

1341 330 1880 398 BIBLIOTHECA.
1925 365 2002 380 —--
2046 332 2218 395 COD.
2266 333 2570 396 CGXLIII.

3475 352 3632 412 1322

229 483 318 541 λει
346 483 476 544 τοὺς
504 481 606 552 τὴν
651 477 914 554 μεγίστην
944 469 1294 546 εὐδαιμονίαν
1349 467 1874 544 εὐδαιμονήσαντας,
1905 523 1912 536 1

2007 469 2110 524 νου
2125 484 2258 540 ergo
2271 484 2372 525 eos
2385 469 2645 528 infelices
2661 473 3076 548 appellato,qui
3091 481 3350 538 omnium
3369 487 3508 539 sunt
3523 485 3642 540 feli-

239 569 384 648 μηδὲ
431 569 718 644 δυστυχεῖς
757 563 887 626 τοὺς
945 560 1350 635 ὁμοιουμένους
1407 565 1522 620 τοῖς
1581 558 1876 632 κρείττοσι,

243 645 388 738 μηδὲ
433 664 692 730 πένητας,
742 656 816 710 ὧν
867 649 1134 724 θησαυρὸς
1185 651 1445 710 ἀθάνατος
1476 651 1520 716 ³,
1584 645 1722 721 μηδὲ
1771 647 1882 700 ἀτί-

243 734 400 826 μους,
434 749 526 812 οὓς
559 747 650 802 ἴσα
679 747 822 805 θεοῖς
853 742 1224 814 θαυμάζομεν,
1259 737 1472 794 Πολλοὶ
1516 739 1618 813 γὰρ
1668 734 1888 826 πολλαί-

240 822 325 903 κις
373 837 529 895 κακοὶ
579 837 674 910 μὲν
715 834 945 908 γνώμην
1003 828 1384 904 τυγχάνουσιν,
1436 826 1782 881 ἐπαινοῦνται
1833 822 1888 879 δὲ

241 928 518 990 πολλάκις
565 926 692 1000 παρ’
724 921 904 994 ἐνίων,
933 927 1035 989 τῆς
1078 916 1269 992 χρείας
1310 917 1578 985 ποιούσης
1623 915 1742 969 ἀντὶ
1789 921 1888 982 τῆς

241 1019 502 1090 ἀληθείας
530 1016 625 1072 τὸν
657 1011 874 1069 ἔπαινον
887 1054 898 1068 .

317 1108 505 1165 Καίτοι
545 1127 608 1182 γε
653 1103 830 1176 ἡδέως
879 1101 940 1156 ἂν
985 1098 1216 1177 ἐροίμην
1265 1097 1391 1158 τοὺς
1443 1094 1726 1166 ὀνειδίζειν
1769 1101 1885 1158 τοῖς

247 1205 437 1276 σοφοῖς
509 1199 608 1266 τὴν
695 1191 990 1267 δυστυχίαν
1071 1187 1372 1258 ἐθέλοντας,
1452 1187 1684 1260 πότερον
1755 1187 1890 1256 ἦσαν

243 1293 486 1346 τοιοῦτοι
545 1286 674 1362 πρὶν
733 1283 974 1360 γενέσθαι
1035 1279 1213 1357 σοφοὶ,
1275 1279 1310 1348 ἢ
1374 1277 1510 1350 μετά
1560 1279 1728 1332 ταῦτα
1783 1279 1890 1330 τῶν

249 1377 564 1451 λεγομὲνων
627 1371 1026 1448 εὐτυχημάτων
1085 1367 1432 1442 ἀφῄρηνται;
1481 1366 1541 1422 Εἰ
1604 1369 1697 1438 μὲν
1759 1364 1892 1440 πρό-

247 1486 426 1540 τερον,
487 1464 548 1519 ού
605 1469 704 1532 τῆς
759 1461 951 1536 ἀρετῆς
1009 1459 1070 1512 τὸ
1130 1455 1381 1534 ἔγκλημα
1415 1475 1427 1487 ·
1491 1455 1536 1510 εἰ
1603 1452 1659 1510 δὲ
1717 1453 1764 1524 ἐξ
1827 1455 1889 1509 οὗ

246 1555 452 1625 ταύτην
509 1551 820 1630 εἰλήφασιν,
879 1549 987 1623 οὐχ
1047 1549 1122 1602 ὧν
1191 1545 1418 1602 ἐπόθουν
1484 1544 1610 1600 ἀλλ’
1668 1547 1740 1600 ὧν
1793 1544 1891 1600 οὐκ

249 1644 478 1700 ἐπόθουν
545 1640 876 1714 ἐστέρηνται.
938 1643 993 1692 '0
1035 1635 1092 1692 δὲ
1147 1637 1237 1690 καὶ
1295 1635 1734 1710 κατειρωνεύεται
1790 1641 1889 1702 τῆς

248 1737 534 1807 συμφορᾶς
566 1735 609 1802 ⁸,
652 1731 742 1786 καὶ
788 1729 1199 1807 παραγράφεται
1236 1726 1327 1780 τὸν
1388 1726 1591 1800 τρόπον
1639 1722 1748 1794 ἤδη
1789 1731 1889 1792 τῆς

247 1822 500 1896 κρίσεως.
533 1821 632 1882 Οἷς
678 1821 778 1895 γὰρ
825 1815 938 1874 οὐδ’
994 1818 1196 1882 ὁτιοῦν,
1241 1816 1418 1886 οἶμαι,
1466 1819 1574 1868 τῶν
1613 1813 1886 1868 εἰωθότων

247 1910 504 1982 ἠδίκηκε,
545 1908 759 1970 τούτοις
793 1909 876 1963 δτι
922 1903 1062 1981 μηδὲ
1084 1906 1182 1973 τήν
1215 1905 1397 1980 ἀρχὴν
1429 1901 1662 1974 ἠδίκηκε
1709 1901 1898 1976 δείξειν

250 1997 578 2070 ὑπείληφεν,
624 1997 805 2072 ὥσπερ
857 1996 917 2052 οὐ
951 1994 1038 2051 διὰ
1086 1999 1248 2050 τοῦτο
1302 1997 1545 2066 μείζονος
1587 1995 1757 2068 ὀργῆς
1807 1995 1896 2048 καὶ

249 2088 586 2166 κατηγορίας
636 2087 898 2162 ὑπάρχων
945 2084 1116 2158 ἄξιος,
1158 2083 1240 2138 ὅτι
1285 2086 1508 2138 τοιαῦτα
1555 2083 1646 2138 καὶ
1699 2084 1892 2151 τηλικ-

255 2184 390 2236 αῦτα
433 2177 731 2246 πεποίηκεν
772 2178 846 2230 ὧν
907 2174 1006 2229 οὐκ
1053 2170 1194 2228 ἔστιν
1253 2175 1375 2242 [582
1427 2173 1518 2245 IL]
1573 2172 1748 2246 εὑρεῖν
1795 2193 1895 2227 πα-

257 2267 618 2344 ραδείγματα.
680 2268 842 2340 [1089
893 2265 984 2337 3.]
1026 2264 1084 2320 Εἰ
1145 2261 1192 2316 δ’
1224 2263 1276 2317 οἱ
1329 2263 1395 2318 τά
1455 2262 1627 2334 μείζῶ
1671 2261 1897 2334 τολμή-

255 2379 466 2426 σαντες,
508 2356 592 2412 ὅτι
647 2356 712 2410 τὰ
774 2354 944 2428 μείζω
999 2349 1310 2426 δεδράκασι,
1358 2353 1456 2420 τήν
1505 2349 1773 2424 τιμωρίαν
1834 2351 1896 2406 οὐ

254 2447 516 2516 δώσουσι,
545 2447 628 2508 τίς
671 2440 748 2500 ἔτι
783 2443 944 2518 λόγος
981 2441 1234 2512 κολάζειν
1277 2441 1450 2496 ἐθέλει
1477 2442 1502 2475 ⁵
1547 2439 1674 2503 τοὺς
1707 2440 1772 2495 τά
1807 2462 1898 2514 μι-

246 2537 517 2612 κρότερα;
549 2536 607 2590 Τί
639 2531 732 2603 δές
784 2533 829 2588 εί
857 2532 985 2594 τοὺς
1042 2533 1115 2606 μή
1155 2532 1224 2584 τὰ
1253 2532 1456 2602 συνήθη
1507 2534 1899 2603 παρανομοῦν-

248 2649 347 2690 τας
407 2627 710 2705 ἀφήσομεν,
770 2627 886 2686 πῶς
957 2623 1058 2677 οὐκ
1131 2620 1342 2692 ἐξουσία
1409 2624 1552 2676 πᾶσα
1615 2623 1895 2694 γενήσεται

249 2722 370 2779 τοῖς
397 2713 640 2771 ἐθέλουσι
672 2715 695 2748 ⁶
733 2709 1092 2785 πλημμελεῖν
1127 2711 1160 2764 a
1193 2712 1268 2783 μή
1305 2709 1630 2764 συνείθισται
1662 2711 1724 2777 ⁸⁸,
1765 2710 1893 2764 ὅταν

251 2806 306 2861 οἱ
364 2809 576 2880 πρῶτοι
631 2806 799 2858 ταῦτα
855 2799 1236 2873 τολμήσαντες
1294 2801 1367 2862 ὡς
1428 2798 1526 2854 οὐκ
1582 2795 1894 2861 ἀδικοῦντες

249 2894 572 2970 ἐκφύγοιενς
639 2893 752 2962 Χρὴ
812 2889 870 2944 δὲ
935 2888 1034 2944 οὐκ
1089 2888 1302 2966 ἀφὲσεις
1353 2892 1462 2942 τῶν
1521 2887 1748 2962 κρίσεων
1801 2887 1896 2948 τὰς

253 2979 563 3056 ὑπερϐολὰς
593 2986 700 3036 τῶν
729 2977 1087 3052 ἀδικημάτων
1132 2976 1350 3051 μᾶλλον
1381 2979 1416 3048 ἢ
1464 2976 1776 3033 τούναντίον
1810 2978 1896 3032 αἱ-

251 3074 370 3136 τίας
399 3071 657 3149 γίνεσθαι,
699 3069 812 3141 ὅσῳ
847 3069 980 3142 μετὰ
1029 3072 1136 3122 τῶν
1166 3063 1333 3142 ἔργων
1387 3067 1474 3121 καὶ
1503 3068 1566 3122 τὸ
1610 3075 1712 3136 τῆς
1752 3065 1894 3144 γνώ-

1720 1453 1732 1470 ,,

1741 1457 1764 1524 ξ

1989 556 2965 635 cissimi,nequeinfortunatos,qui
2988 567 3260 624 ditissimi
3279 576 3436 640 sunt,
3455 589 3641 645 neque

1993 663 2279 718 pauperes
2311 665 2554 720 quorum
2585 651 2892 708 thesaurus
2921 656 3268 714 immortalis
3299 667 3387 715 est
3417 679 3428 714 :
3459 679 3642 733 neque

2001 735 2286 806 ignobiles
2318 745 2374 793 et
2399 740 2680 810 ahjectos,
2713 761 2856 810 quos
2889 762 2990 816 pro
3015 747 3124 801 diis
3157 747 3459 804 habemus.
3481 752 3644 822 Saepe

2001 825 2320 882 enimmulti
2338 828 2579 901 improbi
2594 835 2732 886 sunt
2749 833 3140 904 voluntate,ab
3155 839 3642 907 aliquibustamen

2000 913 2446 986 utilitatipotius
2467 935 2642 990 quam
2663 923 3292 980 veritatiservientibus
3309 926 3642 984 laudantur.

2073 1097 2346 1154 Libenter
2403 1117 2545 1156 sane
2599 1117 2696 1156 eos
2751 1101 3192 1178 interrogarem,
3261 1110 3355 1177 qui
3416 1111 3648 1181 sapien-

2001 1185 2158 1242 tibus
2207 1187 2600 1246 infelicitatem
2652 1194 2999 1264 exprobrare
3059 1198 3316 1266 student,
3377 1215 3451 1255 an
3502 1201 3648 1258 tales

2003 1277 2220 1332 fuerint
2239 1281 2550 1350 antequam
2583 1280 2870 1350 sapientes
2901 1281 3132 1350 fierent,
3164 1303 3235 1340 an
3267 1303 3408 1343 vero
3451 1293 3649 1359 postea

2003 1367 2338 1424 felicitatem
2373 1369 2688 1426 amiserint.
2724 1372 2782 1427 Si
2819 1373 2980 1443 prius
3006 1391 3119 1430 non
3154 1385 3261 1443 est,
3292 1394 3404 1434 non
3431 1385 3524 1435 est
3546 1381 3652 1438 vir-

2003 1458 2144 1514 tutis
2166 1459 2341 1530 culpa
2367 1477 2380 1514 :
2404 1461 2492 1515 sin
2518 1477 2650 1516 vero
2672 1478 2739 1517 ex
2753 1479 2864 1534 quo
2881 1463 3225 1534 sapientiam
3244 1469 3646 1541 acquisierint,

2003 1565 2120 1604 non
2150 1564 2218 1603 ea
2247 1565 2370 1619 quae
2402 1549 2830 1620 desiderabant,
2853 1554 2952 1608 sed
2977 1570 3042 1608 ea
3066 1571 3192 1626 quae
3213 1573 3326 1612 non
3351 1559 3648 1614 desidera-

2001 1638 2163 1707 bant,
2195 1638 2544 1694 amiserunt.
2579 1641 2679 1694 Hic
2710 1656 2840 1696 vero
2871 1643 3262 1700 calamitatem
3296 1645 3456 1700 illam
3489 1648 3645 1702 deri-

2001 1727 2118 1795 det,
2151 1729 2292 1782 etin
2338 1729 2564 1799 judicio
2613 1729 2764 1784 hanc
2811 1735 3294 1789 consuetudinem
3346 1737 3636 1794 exsibilat.

1923 1801 1968 1866 Β
1997 1817 2142 1872 Nam
2167 1818 2379 1888 quibus
2401 1819 2546 1872 nihil
2569 1836 2790 1888 eorum,
2821 1830 2882 1875 ut
2911 1835 3216 1894 puto,quaa
3239 1829 3410 1880 antea
3444 1826 3649 1882 solitus

2007 1912 2149 1974 erat,
2185 1906 2413 1976 objecit,
2446 1907 2539 1962 his
2570 1908 2708 1978 quia
2753 1927 2935 1980 neque
2983 1912 3294 1982 imperium
3335 1913 3649 1984 objecerat,

2007 2005 2262 2065 sperarat
2295 1997 2436 2062 fore,
2475 2003 2534 2050 ut
2564 1998 2776 2053 idcirco
2810 2016 2923 2053 non
2958 2001 3162 2072 majori
3197 2018 3366 2072 paena
3410 2009 3466 2058 et
3515 2021 3648 2072 sup-

2007 2085 2181 2156 plicio
2206 2084 2417 2155 dignus
2440 2086 3049 2158 exsisteret,quoniam
3067 2091 3466 2155 tanta,ettalia
3483 2093 3652 2148 fecis-

2007 2179 2116 2237 set,
2147 2189 2392 2244 quorum
2427 2175 2688 2244 exempla
2717 2193 2828 2231 non
2865 2183 3114 2248 possunt
3145 2180 3404 2248 reperiri.
3461 2182 3558 2236 Sin
3596 2182 3654 2236 hi

2007 2263 2104 2333 qui
2133 2264 2353 2332 majora
2383 2262 2510 2318 ausi
2551 2270 2710 2332 sunt,
2755 2265 2893 2335 quia
2943 2267 3159 2337 majora
3209 2273 3650 2337 commiserunt,

2008 2368 2240 2424 pcenam
2273 2369 2386 2407 non
2410 2352 2873 2424 luent,quamam
2897 2357 3041 2410 ratio
3064 2361 3152 2412 est
3175 2373 3308 2412 eum
3337 2361 3526 2428 puniri
3549 2360 3651 2432 qui

2007 2439 2234 2496 minora
2283 2441 2630 2498 commisit?
2671 2444 2816 2507 Quid
2875 2447 3115 2500 autem?
3161 2448 3217 2502 Si
3261 2464 3357 2502 eos
3388 2449 3650 2504 dimitta-

2009 2549 2166 2599 mus,
2217 2532 2432 2588 358a
2471 2533 2570 2603 qui
2623 2539 2824 2602 praeter
2873 2533 3112 2590 solitum
3164 2537 3312 2590 nihil
3369 2537 3647 2605 fecerunt,

2006 2638 2200 2676 nonne
2233 2623 2330 2677 fiet
2358 2622 2634 2678 omnibus
2659 2627 2916 2693 potestas
2936 2624 3263 2680 volentibus
3285 2627 3649 2682 committere

2006 2727 2132 2782 qum
2185 2728 2301 2766 non
2352 2717 2801 2780 consueverunt,
2863 2714 3332 2785 quandoquidem
3372 2717 3428 2769 et
3459 2713 3648 2785 primo

2005 2801 2202 2856 eadem
2225 2800 2388 2855 ausis
2410 2799 2648 2871 impune
2673 2801 3020 2856 cessit?Non
3036 2804 3190 2856 enim
3211 2808 3435 2873 oportet
3459 2803 3648 2876 magis

2004 2889 2316 2946 criminum
2344 2889 3027 2961 exsuperantiasjudieia
3051 2890 3269 2960 tollere,
3294 2893 3428 2962 quin
3459 2891 3650 2959 potius

2008 2994 2208 3034 eorum
2259 2995 2468 3033 causas
2517 2979 2795 3034 exsistere
2843 2996 3074 3050 aequum
3125 2985 3231 3048 est,
3284 2981 3434 3052 quod
3478 2997 3654 3052 opera

2006 3069 2180 3124 simul
2205 3073 2262 3124 et
2283 3067 2551 3124 voluntas
2573 3069 2701 3124 odio
2729 3069 3235 3124 habeantur.Velle
3258 3071 3410 3126 enim
3439 3087 3650 3126 novum

357 3126 370 3136 ,
411 3126 423 3149 ,
643 3126 656 3139 ,
783 3126 794 3141 ,
847 3126 856 3142 ,
1196 3126 1203 3140 .
1240 3126 1252 3142 .
1667 3126 1710 3136 --
1766 3126 1776 3144 .

255 3183 364 3232 μης
401 3160 718 3236 μεμίσηται.
759 3159 828 3213 Τὸ
871 3158 974 3234 γὰρ
1007 3159 1094 3220 οἷς
1123 3154 1301 3212 ἀδικεῖ
1330 3178 1412 3218 τις
1445 3156 1534 3212 καὶ
1576 3156 1732 3233 φύσιν
1781 3154 1897 3212 ἀδι-

2009 3159 2208 3230 ﬂagitii
2223 3175 2408 3230 genus
2423 3159 2718 3214 addereiis
2733 3175 2858 3230 quis
2873 3159 3398 3230 commisitduplici
3417 3161 3652 3216 nomine

251 3253 514 3326 κημάτων
549 3252 740 3319 καινὴν
771 3249 1060 3324 προσάγειν
1109 3245 1403 3323 βούλεσθαι
1435 3245 1660 3326 διχόθεν
1693 3247 1753 3302 ἂν
1806 3247 1890 3318 εἷή

251 3343 348 3411 τήν
388 3338 698 3414 μοχθηρίαν
732 3335 1080 3416 ἐλέγχοντος,
1111 3337 1202 3392 καὶ
1239 3341 1320 3408 τῷ
1349 3335 1706 3411 πλημμελεῖν
1737 3336 1770 3391 ἃ
1815 3338 1890 3410 μή

253 3429 354 3498 δεῖ,
383 3429 474 3484 καὶ
523 3432 604 3500 τῷ
641 3431 816 3482 ποιεῖν
849 3424 1048 3481 ἐθέλειν
1082 3425 1115 3479 δι
1149 3427 1224 3498 μή
1276 3447 1357 3487 τις
1407 3426 1670 3500 πρότερον
1698 3429 1718 3462 ’³
1761 3423 1893 3501 δρά-

250 3540 405 3577 σειεν.
465 3514 630 3572 Οὖδὲν
687 3535 794 3583 σοι,
857 3513 986 3589 φῂς,
1044 3520 1152 3569 τῶν
1203 3515 1476 3570 εἰωθότων
1531 3515 1891 3586 τετόλμηται.

250 3610 428 3679 sent»
462 3628 554 3680 μοι
608 3605 792 3683 λὲγεις
821 3605 920 3674 τὴν
965 3599 1280 3676 ὑπερϐολὴν
1311 3605 1386 3656 ὢν
1418 3605 1796 3678 ἠτυχήκαμεν.
1831 3605 1895 3658 Οἱ

253 3697 475 3772 μὲνγὰρ
525 3693 866 3766 ἠδικημένοι
915 3694 1063 3748 ταῦθ’
1113 3693 1246 3766 ἅπερ
1291 3691 1383 3746 καὶ
1434 3692 1646 3768 ἒτέρους
1691 3691 1896 3764 ἠδικη-

297 3789 450 3848 ἑνους
497 3783 831 3848 ἐπίστανται,
867 3779 1089 3859 φέρουσι
1141 3780 1267 3857 ῥᾷον
1315 3782 1410 3842 τὰς
1460 3782 1766 3859 συμφορὰς,
1798 3803 1898 3838 πα-

253 3875 518 3951 ραμυθίαν
551 3876 625 3930 ὧν
676 3873 980 3930 πεπόνθασι
1009 3872 1110 3940 τήν
1159 3875 1266 3926 τῶν
1295 3870 1320 3905 ⁸
1356 3869 1524 3932 πέλας
1555 3867 1846 3944 δυστυχίαν
1875 3875 1898 3906 ‘-‘

2007 3247 2519 3318 reprehendendus
2541 3247 2638 3314 sit,
2661 3264 2792 3302 cum
2817 3249 2968 3318 quod
2994 3248 3154 3302 nefas
3186 3254 3489 3320 patrasset,
3523 3253 3650 3304 tum

2002 3338 2152 3408 quod
2183 3353 2248 3392 ea
2277 3337 2640 3393 committere
2671 3353 2798 3408 quis
2827 3347 2995 3392 antea
3025 3353 3194 3393 nemo
3225 3355 3406 3394 ausus
3433 3337 3508 3392 sit
3539 3355 3552 3405 ;
3591 3343 3652 3392 at

2003 3426 2148 3482 nihil
2184 3435 2236 3482 te
2267 3443 2464 3482 eorum
2497 3443 2622 3495 quae
2653 3433 2824 3482 antea
2867 3428 3249 3492 commiseris,
3295 3427 3504 3483 fecisse
3551 3427 3652 3482 in~

2003 3517 2188 3588 quies.
2214 3517 2404 3586 Ipsum
2431 3517 2540 3588 (37)
2563 3523 2933 3586 acceptorum
2971 3517 3424 3572 infortuniorum
3450 3535 3644 3574 exces-

2005 3623 2134 3663 sum
2171 3623 2392 3661 narras.
2429 3607 2536 3673 Qui
2567 3622 2699 3660 vero
2745 3607 2804 3660 in
2854 3607 3273 3661 recentioribus
3328 3607 3499 3661 malis
3535 3623 3650 3660 non

2005 3695 3153 3768 habentquosimitentur,intolerabilem
3175 3695 3466 3748 miseriam
3485 3709 3655 3748 suam

2005 3786 2364 3852 existimant,
2423 3800 2488 3839 eo
2539 3786 2694 3854 quod
2747 3785 2918 3839 sociis
2950 3785 3022 3838 iis
3064 3783 3125 3838 in
3157 3786 3355 3851 rebus,
3389 3799 3513 3852 quae
3549 3782 3664 3836 illis

2007 3877 2260 3930 adversae
2293 3875 2550 3939 fuerunt,
2585 3890 2856 3944 prospere
2887 3874 3148 3930 cesserit.

249 3965 560 4039 νομίζοντες
595 3985 609 3998 ·
671 3965 726 4018 οἱ
768 3960 825 4018 δὲ
871 3961 1148 4036 νεωτέρων
1199 3957 1554 4032 ἀδικημάτων
1609 3959 1710 4014 οὐκ
1739 3955 1956 4035 ἔχοντες
2002 3957 2418 4036 παραδείγματα
2461 3961 2734 4039 ἂφόρητον
2786 3964 3054 4037 ἡγοῦνται
3104 3963 3206 4032 τήν
3257 3961 3537 4036 συμφορὰν
3579 3981 3660 4031 τῳ

255 4057 332 4130 μή
378 4059 472 4110 ιῶν
508 4053 728 4127 ὁμοίων
771 4053 1020 4125 εὐπορεῖν
1057 4047 1204 4126 ἔχειν
1230 4048 1312 4128 ἐφ’
1344 4051 1426 4112 οἷς
1467 4050 1774 4124 ἠτύχησαν.

1173 4163 1260 4216 Ea:
1289 4160 1710 4227 Declamatione,
1747 4159 1806 4216 in
1834 4177 2007 4216 causa
2036 4160 2218 4232 patris
2243 4161 2586 4232 percussoris
2617 4161 2748 4232 ﬁlii.

322 4266 614 4338 Ἠδίκηταί
655 4287 740 4329 τις
772 4287 848 4330 εις
890 4262 1097 4333 παῖδα;
1132 4265 1280 4343 Οὐχὶ
1329 4265 1416 4319 καὶ
1449 4267 1585 4338 γυνὴ
1631 4262 1900 4338 προσηδί·

2080 4266 2382 4338 Aliquisne
2414 4267 2687 4337 injuriam
2722 4285 2754 4322 a
2785 4267 2904 4323 filio
2923 4268 3191 4339 accepit?
3217 4268 3341 4324 Non
3365 4271 3421 4322 et
3445 4267 3660 4322 mulier

253 4379 437 4430 κηται.
482 4358 559 4412 Δι’
609 4357 812 4433 ἀμφοῖν
870 4358 904 4425 ἠ
951 4349 1131 4430 βλάϐη
1183 4355 1541 4428 κεχώρηκεν;
1601 4352 1674 4407 Οὐ
1732 4360 1903 4426 πρόσ-

253 4467 427 4502 κειται
459 4449 506 4483 ¹⁰
553 4445 718 4524 φόνος
768 4450 884 4505 τοῖς
941 4441 1263 4516 ἀδικήμασι.
1327 4449 1554 4518 Σφαγῆς
1591 4465 1672 4505 τις
1732 4443 1902 4505 αἶ’τιος

255 4537 478 4613 γέγονες
525 4536 594 4590 Τὸ
629 4537 672 4573 ίί
718 4533 902 4590 λαθεῖν
954 4533 1236 4608 θεραπεύει
1279 4533 1378 4602 τήν
1424 4529 1725 4609 συμφοράν.
1771 4539 1904 4588 Μει-

255 4628 411 4702 χείαν
445 4625 651 4698 τολμᾷ,
681 4623 770 4678 καὶ
821 4621 1104 4696 λαθραίοις
1150 4621 1549 4695 μηγανήμασιν
1599 4621 1752 4675 οἷκον
1793 4619 1902 4676 δια-

257 4714 376 4770 λύει
412 4715 700 4791 σώφρονας
744 4713 824 4770 Ού
859 4713 967 4785 μὴν
1007 4714 1268 4766 τοσοῦτον
1307 4709 1473 4764 κακὸν
1513 4715 1664 4781 κακῷ
1697 4710 1902 4784 μείζονι

257 4805 638 4874 κατασκευάζει
701 4803 1020 4876 δεινότερον,
1080 4798 1246 4856 παῖδα
1306 4797 1658 4856 ἐπιϐαλὼνίί
1710 4804 1902 4876 μητρὶ,

257 4895 347 4948 καὶ
380 4897 496 4954 τοῖς
525 4897 634 4948 τῶν
689 4892 1062 4971 μοιχευόντων
1113 4892 1332 4964 σώμασι
1363 4895 1564 4970 κοῦφον
1605 4896 1775 4946 ποιῶν
1817 4894 1905 4947 καὶ

262 4982 394 5038 αὐτὸ
422 4982 487 5038 τὸ
533 4991 634 5053 τῆς
685 4982 938 5060 μοιχείας
987 4979 1180 5036 δοκοῦν
1227 4979 1474 5054 ἀδίκημα
1513 4983 1666 5038 εἶναι.
1715 4979 1904 5038 ’Λδιά-

259 5073 460 5150 φθορον
495 5073 542 5109 ί³
567 5074 668 5142 τὴν
718 5073 905 5148 ψυχήν
942 5073 987 5110 ¹⁴
1036 5069 1288 5146 ἔσχηκεν,
1339 5067 1466 5126 ἀλλ’
1509 5071 1638 5146 οὐχὶ
1689 5073 1777 5126 καὶ
1809 5074 1908 5141 τὴν

2013 4357 2224 4412 violata
2253 4359 2382 4411 est?
2408 4359 2492 4412 An
2528 4359 2598 4411 ab
2635 4367 2879 4429 utroque
2927 4357 3208 4412 damnum
3268 4357 3498 4412 illatum
3530 4359 3658 4413 est?

2010 4445 2286 4517 Nunquid
2321 4451 2376 4500 et
2405 4446 2590 4515 stupri
2623 4462 2799 4501 causa
2837 4447 3025 4502 ctedes
3071 4447 3270 4502 facta?
3317 4448 3456 4511 Quis
3501 4447 3662 4503 necis

2012 4541 2215 4590 auctor
2245 4535 2511 4590 exstitit?
2541 4536 2846 4607 Mitigatur
2875 4535 3040 4592 dolor
3070 4537 3206 4607 quia
3240 4537 3663 4608 ignoro.Audet

2014 4624 2364 4680 adulterium
2399 4627 2780 4692 committere,
2815 4629 2872 4680 et
2903 4625 3145 4681 occultis
3175 4625 3326 4682 dolis
3349 4625 3660 4680 honestam

2014 4714 2294 4770 familiam
2328 4717 2551 4770 evertit.
2591 4715 2716 4771 Non
2742 4725 2932 4770 tamen
2955 4720 3180 4770 tantum
3209 4715 3428 4770 malum
3461 4714 3666 4783 majori

2015 4807 2268 4876 quodam
2293 4804 2442 4860 malo
2467 4807 2702 4876 gravius
2726 4805 3128 4874 redditﬁlium
3154 4805 3433 4876 adjiciens
3468 4803 3663 4868 matri,

2015 4901 2074 4949 et
2103 4893 2220 4949 illis
2255 4895 2676 4950 moechantium
2711 4897 3055 4966 corporibus
3079 4895 3200 4949 leve
3231 4895 3476 4948 reddens
3497 4889 3666 4946 adul-

2013 4983 2142 5038 terii
2176 4986 2418 5040 crimen.
2453 4987 2721 5042 Fortunae
2755 4985 2909 5041 bona
2953 4984 3197 5040 sortitus
3245 4985 3380 5040 est?
3427 4985 3503 5038 At
3549 4997 3665 5037 non

2017 5079 2074 5128 et
2119 5073 2402 5130 intactam
2444 5075 2572 5146 ejus
2624 5076 2860 5132 domum
2911 5075 3330 5146 relinquemus.
3387 5071 3511 5129 Non
3557 5085 3663 5142 ego

1621 5191 1862 5246 VARl/E
1900 5191 2315 5248 LECTIONES.

325 5300 348 5335 ³
375 5297 636 5371 ἀθάνατος
669 5301 739 5371 ,Α
775 5317 789 5355 :
825 5299 870 5371 _6
927 5298 1150 5358 θάνατος

252 5370 582 5446 [πρότερος
608 5369 789 5446 Αὲι.--
820 5369 846 5404 ⁸
872 5373 1121 5446 τῶν-ᾼ-ξ
1155 5367 1252 5446 εδδ
1283 5367 1366 5442 ς.

254 5443 301 5478 u
335 5435 530 5500 [halitu
563 5435 904 5497 ἐπιϐάλλων.
985 5441 1028 5476 ¹³
1059 5435 1355 5516 ἀδιάφορόν
1387 5443 1454 5496 Α.
1533 5440 1576 5476 ¹⁴
1604 5439 1783 5518 τύχην
1818 5435 1879 5496 Β.

1381 5299 1404 5332 ⁵
1431 5297 1526 5358 τὰς
1577 5296 1860 5370 συμφορὰς
2087 5297 2111 5333 ⁵
2139 5295 2340 5352 ἐθέλειν
2398 5300 2460 5354 Β.
2573 5301 2596 5332 ⁸
2627 5297 2870 5352 ἐθέλουσι

1470 5368 1493 5403 9
1523 5364 1840 5436 δυστυχίανΙ
1871 5373 2065 5436 τυχεῖν
2095 5371 2135 5426 C
2169 5378 2226 5426 et
2260 5387 2346 5436 pr.
2379 5373 2441 5425 Α.
2553 5371 2596 5408 ¹⁰
2620 5371 2903 5436 πρόκειται
2998 5413 3010 5426 .

1470 5368 1493 5403 9
1523 5364 2065 5496 δρστρχίανὲτῦχεῖν
2095 5371 2135 5426 C
2169 5378 2226 5426 et
2259 5387 2346 5440 pr.
2379 5373 2441 5425 Α.
2553 5371 2596 5408 ¹⁰
2620 5371 2903 5445 πρόκειται

1604 5461 1783 5496 τυγην
1868 5483 1879 5496 .

2087 5297 2111 5333 ⁵
2139 5295 2340 5352 ἐθέλειν
2398 5300 2460 5354 Β.

3135 5295 3178 5332 θ·
3214 5295 3530 5364 συνήθισται
3578 5291 3642 5366 ς’

3120 5369 3161 5405 η
3201 5367 3286 5440 τὸ]
3310 5372 3390 5439 τῷ
3419 5383 3569 5424 corr.
3603 5367 3666 5423 Β.

1840 5563 2054 5620 NOTAE
2065 5605 2075 5618 .

329 5675 446 5750 (37)
475 5673 561 5732 Al.
606 5673 896 5730 Adversum
933 5671 1078 5730 mihi
1104 5675 1390 5744 fortunam
1420 5672 1626 5744 obiicis.

583 5775 858 5848 Pauor.
898 5775 1018 5844 Gn.
1061 5772 1216 5846 Clu.

3269 5771 3352 5842 ιε
