4090 6422
207 316 364 376 1325

1293 309 1836 375 BIBLIOTHECA.
1888 346 1961 357 A—
2002 313 2176 376 COD.
2223 315 2530 377 CCXLIII.

3455 315 3610 377 1326

210 445 407 504 λοιπὸν
442 444 504 501 ού
543 447 662 508 τοῖς
683 443 792 498 τῶν
821 439 1177 516 ἀδικημάτων
1210 440 1358 498 ἀλλά
1383 447 1500 503 τοῖς
1530 447 1629 498 τοῦ
1669 443 1855 518 γένους

1990 463 2105 503 iam
2139 452 2415 505 nostram.
2450 449 2575 504 Non
2607 449 2762 504 enim
2794 453 2856 505 tu
2899 465 3156 506 meorum
3210 449 3610 506 calamitatum

211 535 476 610 ὀνόμασιν
509 554 522 566 ·
565 534 632 589 ού
662 532 766 608 γάρ
801 531 865 586 σύ
909 553 1004 604 μοι
1033 536 1141 586 τῶν
1172 531 1546 606 ἀτυχημάτων
1590 531 1718 587 ἀλλ’
1748 529 1860 587 ἓτε-

215 646 308 701 ρος
345 625 541 687 αἴτιος.
576 619 780 684 Ἡδέως
815 619 860 676 δ’
888 619 950 674 ἂν
981 621 1212 695 ἐροίμην
1244 621 1414 676 έκεῖνο
1448 619 1511 692 δή
1563 642 1660 676 του
1709 625 1862 696 πρῶο

211 736 305 770 τον
336 716 430 770 τὸν
475 711 761 768 πλούσιον.
799 711 1044 784 Χρηστὸς
1097 709 1243 782 αύτῷ
1281 711 1374 765 τὸν
1405 710 1610 782 τρόπον
1661 713 1688 765 ὁ
1741 731 1860 764 νεα-

214 805 396 866 νίσκος
457 801 724 880 ἐφαίνετο,
769 802 805 872 ἢ
860 799 1172 855 τούναντίον
1234 801 1588 874 παράνομος
1648 799 1713 856 Ei
1773 800 1864 871 μὲν

213 896 317 971 γὰρ
351 893 614 968 χρηστὸς,
646 893 794 952 τίνος
827 890 880 944 αἶ
912 891 1148 965 πράξεις,
1191 890 1288 945 οὐκ
1319 888 1523 961 ἄδηλον
1551 909 1564 923 ⁸
1601 890 1646 944 εἰ
1677 887 1734 944 δὲ
1765 910 1862 942 πο-

213 985 406 1057 νηρὸς,
447 981 618 1057 ἐχρῆν
653 978 974 1037 ἀποδιδόναι
1021 985 1100 1053 τῷ
1149 979 1393 1052 φύσαντι.
1449 981 1587 1054 Πρὸς
1638 977 1694 1034 δὲ
1737 978 1863 1032 τού-

216 1093 335 1134 τοις
386 1072 616 1145 πότερον
650 1069 911 1140 έλολήθει
961 1090 1019 1123 σε
1064 1070 1231 1125 ταῦτα
1276 1073 1474 1138 ποιῶν,
1507 1069 1541 1138 ἢ
1595 1065 1868 1140 προειδὼς

219 1163 321 1218 οὐκ
362 1160 637 1223 ἐκώλυεςς
680 1159 742 1214 Εἰ
779 1160 872 1233 μὲν
924 1159 1027 1233 γάρ
1062 1160 1298 1234 ἠγνόεις,
1350 1160 1552 1234 πατρός
1598 1180 1658 1235 γε
1695 1154 1866 1220 ὅντως

223 1252 473 1330 φυλακήν
523 1249 699 1326 λέγεις
739 1270 752 1286 ο
805 1249 851 1304 εἷ
901 1246 948 1303 δ’
1007 1247 1106 1304 οὐκ
1164 1250 1406 1326 ἠγνόεις,
1466 1249 1646 1322 ὥσπερ
1705 1246 1868 1317 εἰκὸς,

230 1339 505 1416 μέλλοντα
533 1338 786 1410 κωλύειν,
822 1339 884 1394 οὐ
924 1340 1269 1409 πεποιηκότα
1300 1337 1492 1414 ἐχρῆν.
1527 1340 1598 1394 Τὸ
1643 1338 1735 1411 μὲν
1766 1335 1867 1412 γὰρ

227 1432 513 1507 προνοίας,
581 1431 647 1485 τὸ
710 1427 767 1484 δὲ
822 1425 1034 1492 ἀδικίας
1081 1430 1381 1502 τεκμήριον
1416 1447 1429 1460 ο
1485 1427 1575 1482 καὶ
1639 1427 1702 1482 τὸ
1773 1427 1866 1499 μέν

227 1523 320 1577 τὸν
373 1518 576 1588 εὔνουν,
625 1519 688 1573 τὸ
739 1515 797 1572 δὲ
833 1518 926 1573 τὸν
974 1517 1444 1593 προσποιούμενον
1485 1515 1772 1572 δείκνυσιν.
1813 1515 1869 1569 ⁸0

225 1609 502 1672 νεανίσκος
533 1607 789 1663 ἁπάντων
819 1608 867 1646 ³ο
908 1606 1105 1669 α’ίτιος.
1144 1608 1206 1663 Εἴ
1235 1608 1337 1682 γάρ
1371 1608 1485 1668 οἷός
1522 1627 1580 1662 τε
1608 1607 1674 1675 ἦν
1724 1605 1872 1682 ἀφεῖ-

227 1722 316 1755 ναι
358 1702 564 1778 φωνην,
597 1698 643 1753 εἷ
692 1697 796 1772 γὰρ
843 1719 928 1759 τις
966 1697 1130 1752 αὐτὸν
1182 1699 1337 1766 θεῶν,
1371 1699 1463 1751 οἶα
1510 1694 1700 1751 πολλά
1739 1693 1875 1748 πολ-

1975 539 2276 604 causa,sed
2301 539 2472 607 alius,
2498 540 2769 594 Libenter
2801 544 2993 592 autem
3032 538 3139 594 hoc
3175 539 3419 610 primum
3449 558 3613 612 quae-

1977 628 2172 682 sierim
2201 629 2730 699 adivile,bonisque
2753 629 3036 693 moribus,
3069 647 3139 682 an
3177 635 3376 684 contra
3399 631 3552 686 359
3582 648 3615 686 a

1974 718 2521 788 improhusjnvenis
2548 719 2722 773 fuisse
2745 717 2793 772 ei
2822 716 3122 772 videatur?
3145 718 3203 772 Si
3229 717 3382 773 enim
3409 720 3616 784 bonus,

1975 824 2087 862 non
2123 809 2434 862 obscurum
2468 813 2568 868 est,
2595 808 2765 876 cujus
2799 807 2884 860 ha:
2916 809 3031 862 sint
3056 809 3336 862 factiones
3363 828 3376 863 :
3401 811 3490 862 sin
3519 810 3622 862 im-

1977 897 2192 968 probus
2225 902 2367 962 erat,
2392 899 2532 964 patri
2573 898 2727 950 reddi
2761 897 3079 964 Oportebat.
3108 896 3325 951 Deinde
3359 914 3469 952 non
3504 898 3615 951 sci-

1975 986 2111 1041 visti
2147 987 2266 1039 hac
2288 1002 2420 1039 eum
2458 991 2680 1054 patrare
2715 985 2945 1040 solitum
2971 984 2998 1040 ‘i
3030 989 3111 1039 An
3143 989 3331 1041 sciens
3367 988 3623 1057 prudens

1980 1091 2092 1129 non
2131 1073 2530 1146 prohibuisti?
2563 1074 2620 1129 Si
2653 1074 2808 1128 enim
2844 1075 3249 1145 ignorabas,ad
3289 1081 3503 1145 patrem
3530 1092 3626 1131 cu-

1979 1165 2228 1220 stodiam
2253 1164 2539 1235 pertinere
2561 1163 2750 1218 dicis?
2783 1164 2840 1218 Si
2876 1181 3003 1220 vero
3030 1165 3272 1234 sciebas,
3317 1170 3380 1220 ut
3416 1166 3626 1222 verisi-

1980 1253 2116 1310 mile
2145 1255 2458 1319 est,futura
2489 1254 2680 1308 adhuc
2711 1269 2816 1309 nec
2847 1254 2991 1308 facta
3015 1255 3322 1324 prohibere
3345 1256 3620 1311 debebas.

1981 1349 2100 1399 Hoc
2121 1343 2275 1398 enim
2299 1359 2473 1411 curas,
2493 1342 2638 1398 illud
2662 1342 3234 1412 nequitiwindicium
3258 1347 3378 1412 est;
3399 1343 3506 1399 hoc
3530 1346 3626 1400 be-

1981 1432 2395 1500 nevolentiam,
2428 1431 2572 1486 illud
2618 1430 3055 1487 simulationem
3105 1431 3375 1487 declarat.
3408 1433 3625 1489 Adole-

1983 1538 2154 1579 scens
2180 1526 2530 1587 est,omnem
2555 1521 2784 1590 culpam
2819 1521 3152 1576 sustinet.Si
3179 1521 3336 1576 enim
3361 1522 3626 1578 emittere

1983 1625 2182 1664 vocem
2218 1608 2576 1674 voluissel,si
2608 1607 2819 1678 aliquis
2841 1611 2983 1663 deus
3005 1608 3225 1680 (qualia
3257 1609 3439 1664 multa
3471 1611 3624 1680 apud

1988 1704 2183 1770 poetas
2205 1698 2502 1765 audimus)
2533 1697 2698 1752 illum
2731 1703 2852 1752 tam
2884 1698 2981 1753 diu
3017 1699 3628 1770 reliquisset,dumju-

231 1791 395 1851 λάκις
436 1786 583 1862 παρά
627 1791 736 1840 τῶν
773 1791 1022 1856 ποιητῶν
1076 1787 1366 1858 ἀκούομεν,
1415 1785 1550 1859 πρὸς
1582 1791 1628 1822 ³ί
1684 1783 1872 1856 μικρὸν

1990 1789 2134 1843 dicio
2157 1792 2682 1852 sisteretur,nonne
2699 1791 2753 1841 in
2782 1787 2990 1842 mediis
3008 1787 3348 1842 vulneribus
3366 1793 3422 1843 et
3440 1786 3625 1860 plagis

222 1881 449 1948 ἀνῆκεν,
509 1878 634 1931 ὅσον
688 1876 1078 1953 παραγενέσθαι
1135 1879 1205 1949 τῇ
1273 1875 1467 1947 κρίσει,
1522 1873 1620 1929 οὐκ
1695 1872 1755 1927 ἂν
1815 1871 1872 1924 ἐκ

236 1967 412 2042 μέσων
462 1971 568 2021 τῶν
607 1963 842 2042 πληγῶν
893 1964 981 2020 καὶ
1026 1970 1133 2020 τῶν
1187 1965 1515 2038 τραυμάτων
1562 1962 1869 2036 ἀνέκραγεν,

229 2065 439 2132 Ἔγωγε
485 2055 722 2131 μοιχός;
773 2059 884 2130 ἐγω
933 2057 1299 2124 παράνομος;
1351 2053 1512 2129 ἐχθρὲ
1558 2055 1648 2106 καὶ
1698 2049 1870 2104 πλού-

227 2164 308 2199 σιε
343 2162 356 2175 ·
409 2142 507 2216 ὀψὲ
548 2143 652 2217 γάρ
705 2162 772 2214 με
822 2145 949 2215 [584
1000 2144 1092 2214 Η.]
1148 2141 1242 2204 τάς
1301 2144 1505 2212 σεαυτῴ
1563 2138 1870 2214 πρεπούσας

230 2232 543 2306 ἐπωνυμίας
594 2228 856 2300 ἐδίδαξας.
918 2229 1074 2287 Ἀλλ’
1123 2230 1412 2303 οἰκτείρας,
1457 2230 1610 2306 φησὶ,
1654 2229 1716 2282 τὸ
1766 2228 1871 2281 πά-

234 2325 324 2384 θος
396 2318 638 2391 ἐπέδειξα
681 2321 729 2355 ³³
787 2320 851 2374 τά
910 2320 1284 2394 γνωρίσματα,
1361 2321 1544 2396 τάφων
1603 2319 1869 2392 πατρῴων

232 2412 525 2485 ἀξιωθῆναι
573 2411 718 2485 παρά
768 2414 866 2464 σοῦ
913 2409 1006 2464 τὸν
1051 2409 1328 2464 νεανίσκον
1380 2407 1744 2484 βουλόμενος.
1781 2407 1871 2468 Εἰς

228 2500 416 2576 καιρόν
456 2520 519 2577 γε
566 2499 652 2571 (οὐ
709 2500 876 2575 γάρ;)
919 2500 1014 2561 τὰς
1075 2497 1375 2574 διαλλαγὰς
1432 2499 1724 2572 ἐτήρησας,
1781 2497 1872 2551 καὶ

229 2593 351 2648 τότε
401 2591 741 2662 ἀνεμνήσθης
772 2588 996 2663 συνάψαι
1039 2589 1100 2644 τὸ
1131 2587 1308 2666 γένος,
1349 2588 1438 2644 ὅτε
1483 2589 1574 2642 τὸν
1625 2585 1869 2658 πόλεμον

231 2678 497 2738 ἄσπονδον
532 2681 581 2735 ἐν
615 2680 752 2759 ξίφει
785 2678 870 2733 καὶ
906 2679 1132 2754 μοιχείᾳ
1159 2678 1483 2748 πεποίηκας.

309 2770 370 2826 Εἰ
414 2767 560 2844 λέγει
611 2768 698 2822 καὶ
747 2768 940 2844 γράφει
987 2768 1077 2822 καὶ
1124 2769 1224 2838 τήν
1275 2769 1544 2842 πατρικήν
1603 2771 1698 2822 τοῦ
1752 2767 1873 2840 βίου

232 2860 379 2930 τάξιν
431 2857 754 2934 εὑρίσκεται,
799 2856 864 2911 οὐ
916 2853 1181 2930 δεήσομαι
1233 2857 1630 2932 γνωρισμάτων
1693 2855 1876 2912 πλειό-

230 2971 361 3014 νων,
405 2952 626 3024 γνωριῶ
668 2951 767 3016 τὴν
815 2947 970 3020 φύσιν
1022 2945 1129 3001 ἀπὸ
1177 2951 1274 3000 τοῦ
1324 2949 1600 3021 βήματος.
1633 2946 1732 3008 Δός
1777 2967 1872 3018 μοι

227 3039 376 3110 νόσῳ
417 3037 508 3092 καὶ
554 3035 739 3110 λοιμῷ
787 3033 1160 3105 δαπανηθέντα
1207 3035 1556 3110 κομίσασθαι.
1605 3037 1869 3109 Θρηνήσω

237 3128 332 3202 μὲν
379 3127 470 3180 καὶ
521 3127 644 3180 τότε
680 3127 778 3194 τήν
829 3124 1116 3204 συντυχίαν
1161 3131 1262 3193 τῆς
1301 3131 1579 3200 γνώσεως,
1630 3123 1712 3179 ὅτι
1767 3145 1869 3197 μου

227 3218 327 3286 τήν
365 3213 675 3288 ἐπωνυμίαν
717 3215 814 3283 τήν
849 3218 943 3268 τοῦ
981 3216 1186 3288 πατρὸς
1228 3215 1379 3287 μόνῳ
1415 3219 1496 3287 τῷ
1531 3215 1686 3291 τάφῳ
1716 3215 1872 3283 τετή-

230 3326 402 3379 ρηκας
432 3324 443 3338 ·
496 3305 948 3378 παραμυθησεται
1003 3301 1060 3358 δέ
1093 3324 1159 3375 με
1195 3304 1257 3359 τὸ
1309 3304 1520 3378 πέμψαι
1570 3304 1661 3358 τὸν
1704 3300 1871 3357 παῖδα

225 3401 340 3455 τοῖς
380 3396 529 3450 κάτω
591 3394 734 3454 θεοῖς
793 3393 937 3465 νόσῳ
991 3391 1236 3463 λυθέντα,
1295 3395 1369 3465 μή
1433 3392 1687 3466 δράμασι.
1741 3391 1872 3447 Νυνὶ

234 3481 292 3539 δὲ
323 3481 389 3555 (ὣ
418 3490 518 3552 τῆς
547 3487 812 3557 τραγικῆς
855 3476 1050 3545 ὄντως,
1084 3478 1128 3534 ὣ
1158 3488 1257 3549 τῆς
1289 3481 1470 3555 ἀώρου
1502 3481 1590 3536 καὶ
1631 3479 1873 3550 ἀπηνοῦς

233 3578 343 3629 τῶν
402 3571 797 3649 γνωρισμάτων
846 3569 1360 3642 καταμηνύσεωςί),
1421 3571 1588 3643 [1093
1639 3573 1728 3643 Βη]
1787 3576 1878 3625 νῦν

236 3660 586 3734 ἠνάγκασμαι
625 3657 908 3735 γνωρίζειν
956 3659 1048 3712 τὸν
1104 3655 1291 3726 παῖδα,
1344 3658 1433 3712 ὅτε
1488 3658 1698 3731 ἀγνοεῖν
1757 3680 1878 3712 συν-

243 3749 417 3827 έφερε,
482 3749 571 3804 καὶ
629 3749 754 3802 τότε
811 3747 992 3819 πατὴρ
1053 3744 1452 3822 ἀναγορεύομαι
1509 3748 1576 3817 ³³,
1647 3749 1736 3802 ὅτε
1789 3748 1880 3802 καὶ

243 3834 598 3896 παιδοκτόνος
641 3835 984 3910 εὑρίσκομαι.
1014 3835 1114 3888 "Eat
1147 3854 1213 3905 με
1263 3835 1432 3907 μόνην
1473 3836 1572 3904 τὴν
1627 3834 1880 3910 μοιχείαν

245 3930 484 4002 θρηνεῖν,
539 3925 616 3981 ένί
682 3945 786 3998 μου
818 3927 864 3960 ³⁸
910 3923 1316 3998 παραχώρησον
1371 3924 1440 3978 τὰ
1492 3921 1885 3999 δυστυχήματα

247 4015 500 4093 δράματι.
532 4016 591 4071 Τί
625 4012 682 4071 δέ
735 4035 802 4089 με
834 4014 1073 4089 μερίζεις
1103 4019 1219 4077 τοῖς
1267 4019 1523 4083 ποιηταῖς
1551 4032 1564 4082 ;
1603 4013 1653 4067 τί
1685 4011 1741 4069 δὲ
1769 4015 1886 4068 καθ’

243 4104 467 4163 ἕκαστον
518 4109 627 4161 τῶν
679 4105 826 4178 ἐμῶν
871 4104 1244 4179 ἀτυχημάτων
1280 4105 1483 4174 σκηνὴν
1527 4103 1751 4180 ἐγείρεις
1798 4105 1888 4157 καὶ

246 4199 482 4272 θέατρα;
533 4195 665 4250 Νυνὶ
714 4191 770 4250 δὶ
820 4192 1320 4270 παρηκολούθηκας
1368 4193 1615 4266 ἀριθμῶν
1667 4214 1769 4265 μου
1824 4194 1892 4248 τὰ

249 4284 666 4361 δυστυχήματα.
731 4284 835 4339 Καὶ
885 4283 1007 4340 τότε
1068 4304 1172 4354 μου
1221 4281 1512 4353 πληρῶσαι
1578 4283 1670 4337 τὸν
1722 4284 1889 4358 τάφον

1981 1879 2262 1934 clamaret
2294 1893 2306 1932 :
2343 1877 2458 1947 Ego
2490 1877 2736 1942 adulter,
2770 1893 2875 1948 ego
2927 1879 3325 1945 prevaricator
3363 1879 3626 1947 improbe

1982 1967 2308 2024 dives.Sero
2330 1967 2484 2020 enim
2509 1981 2598 2020 me
2616 1966 3030 2036 appellationes
3049 1983 3311 2036 eas,quee
3344 1967 3448 2020 tibi
3482 1983 3626 2020 con-

1978 2056 2234 2120 veniant,
2263 2054 2530 2116 docuisti,
2565 2057 2664 2109 sed
2714 2057 3045 2121 misertum,
3083 2055 3291 2125 inquit,
3345 2061 3399 2110 te
3442 2055 3624 2110 cladis

1980 2146 2118 2202 satis
2152 2144 2440 2207 indicasti.
2479 2145 2720 2216 CUpiens
2755 2163 2783 2199 a
2817 2151 2871 2200 te
2903 2144 3328 2199 adolescentem
3367 2144 3625 2214 paternis

1979 2234 2299 2305 sepulturis
2332 2234 2576 2303 dignum
2604 2234 3115 2304 reddi,opportune
3143 2233 3431 2288 sane.Non
3466 2233 3622 2287 enim

1981 2326 2169 2380 foedus
2200 2324 2467 2389 servasti,
2501 2329 2556 2378 et
2586 2330 2725 2377 tunc
2757 2323 2814 2377 in
2851 2329 3102 2378 mentem
3135 2322 3241 2376 tibi
3283 2321 3440 2377 venit
3487 2337 3623 2376 con-

1975 2417 2222 2487 jungere
2252 2424 2548 2486 cognatos,
2592 2415 2827 2484 quando
2875 2412 3250 2484 implacabile
3297 2411 3514 2467 bellum
3564 2412 3622 2466 in

1981 2505 2170 2578 gladio
2200 2512 2251 2560 et
2285 2503 2571 2560 adulterio
2608 2502 2926 2559 collocasti.

2054 2771 2148 2826 Sic
2186 2771 2364 2835 dicat,
2396 2777 2450 2826 et
2479 2769 2714 2836 scribat,
2747 2773 2803 2825 et
2832 2769 2960 2825 vitea
2992 2773 3244 2840 paterna:
3287 2768 3490 2824 seriem
3538 2768 3622 2823 in.

1964 2860 2368 2931 ‘veniat,plura
2398 2859 2566 2932 signa
2597 2875 2710 2915 non
2737 2864 2928 2931 petam
2952 2875 2982 2914 e
3011 2859 3272 2928 vestigiis
3305 2863 3483 2913 totam
3518 2875 3624 2914 na-

1981 2957 2175 3006 turam
2201 2949 2758 3018 deprehensam.Fac
2784 2950 2985 3004 morbo
3007 2954 3062 3003 et
3091 2955 3248 3016 peste
3271 2949 3622 3003 exstinctum

1981 3039 2194 3108 eli'erri,
2229 3038 2464 3107 plorabo
2482 3040 2566 3093 vel
2593 3047 2729 3093 tunc
2761 3038 3046 3106 agnitum,
3070 3054 3206 3093 cum
3243 3037 3382 3091 mihi
3419 3054 3626 3093 nomen

1983 3127 2162 3198 patris
2211 3126 2334 3181 solo
2385 3128 2649 3195 sepulcro
2700 3127 3035 3180 servaveris.
3087 3126 3208 3179 Erit
3239 3124 3383 3178 mihi
3416 3124 3627 3181 solatio

1983 3218 2168 3272 filium
2199 3216 2400 3270 morbo
2432 3215 2781 3270 exstinctum
2810 3231 2920 3268 non
2949 3215 3005 3268 in
3031 3215 3307 3269 Ira-.zmdia
3334 3214 3402 3267 ad
3436 3215 3628 3269 Manes

1984 3307 2234 3362 mittere.
2269 3304 2434 3359 Nunc
2463 3319 2618 3367 vero,
2653 3320 2684 3359 ο
2720 3302 3022 3372 tragicam,
3069 3319 3101 3356 ο
3153 3304 3526 3358 immaturam
3578 3309 3633 3357 el

1982 3394 2275 3451 crudelem
2301 3394 2594 3464 signorum
2620 3392 3131 3447 declamationem!
3162 3391 3290 3447 Jam
3317 3407 3632 3462 agnoscere

1987 3485 2174 3540 filium
2201 3489 2433 3538 coactus
2457 3481 2855 3552 sum,quando
2879 3480 3142 3552 ignorare
3169 3482 3632 3547 praestitissetzet

1987 3579 2113 3629 tum
2145 3573 2376 3628 demum
2413 3572 2594 3640 patris
2623 3586 2823 3624 nomen
2852 3571 3234 3633 ascisco,cum
3265 3568 3361 3622 tilii
3399 3584 3633 3638 percus-

1989 3681 2083 3721 sor
2113 3663 2530 3732 deprehendar.
2562 3661 2696 3714 Sine
2730 3676 2821 3713 me
2843 3659 3029 3714 solum
3055 3659 3406 3712 adulterium
3434 3657 3630 3727 deplo-

1993 3769 2139 3818 rare,
2171 3753 2272 3805 des
2303 3752 2361 3804 in
2397 3764 2509 3804 uno
2541 3750 2806 3803 dramate
2837 3747 3176 3801 infortuniis
3223 3747 3366 3799 meis
3419 3746 3630 3799 locum.

1993 3841 2141 3906 Quid
2190 3847 2378 3894 autem
2435 3854 2526 3892 me
2573 3836 2818 3890 diversis
2867 3837 3049 3906 poetis
3101 3833 3330 3889 tradis?
3377 3835 3518 3897 Quid
3563 3833 3632 3888 ad

1996 3927 2257 3998 singulas
2309 3943 2465 3981 meas
2509 3925 2872 3980 calamitates
2918 3939 3168 3990 scenam,
3202 3929 3257 3978 et
3306 3922 3637 3994 spectacula

1997 4016 2287 4074 adornas?
2316 4018 2478 4071 Nunc
2514 4031 2644 4070 vero
2668 4031 2978 4070 numerum
3010 4013 3355 4069 calamitatis
3381 4029 3520 4067 mea:
3553 4011 3639 4066 vi-

2001 4107 2156 4172 disti,
2192 4110 2248 4158 et
2288 4110 2410 4158 tum
2461 4102 2780 4172 adimplere
2831 4102 3162 4174 sepulcrum
3215 4117 3404 4156 meum
3450 4100 3636 4170 cupis,

2003 4212 2136 4252 cum
2160 4193 2441 4248 familiam
2460 4191 3084 4262 exhauseris.Sepelire
3098 4208 3288 4246 meum
3315 4191 3399 4244 vis
3419 4189 3642 4244 ﬁlium?

2002 4285 2251 4342 Honeste
2280 4283 2514 4354 quidem
2551 4298 2564 4338 :
2599 4299 2712 4336 non
2745 4284 2899 4336 enim
2937 4282 3072 4336 mihi
3110 4281 3480 4335 contentione
3518 4297 3639 4333 ces-

249 4375 449 4444 θελεις,
493 4373 584 4430 ὅτε
629 4374 723 4428 τὸν
765 4372 916 4428 οἶκον
963 4371 1247 4431 ἐκένωσας.
1282 4372 1455 4446 Θάψαι
1510 4393 1575 4444 με
1605 4373 1650 4407 ³⁵
1702 4369 1870 4444 βούλε

2004 4374 2152 4432 sisi.
2188 4374 2461 4429 Permitte
2493 4389 2583 4427 me
2618 4375 2902 4426 fortunam
2953 4389 3136 4427 meam
3184 4371 3478 4439 deplorare
3525 4388 3538 4426 :
3585 4374 3646 4425 at

249 4466 342 4520 τὸν
388 4461 590 4520 παῖδας
651 4461 828 4524 καλῆς
883 4481 942 4537 γε
997 4460 1082 4535 (ού
1129 4461 1297 4536 γάρ;)
1345 4482 1440 4533 μοι
1498 4461 1817 4538 ιμλοτιμίας
1849 4462 1896 4497 ³⁸

250 4554 677 4632 παρεχώρησας.
729 4551 862 4623 Ἐμὲ
919 4547 976 4605 δέ
1024 4548 1153 4627 ἄφες
1203 4549 1400 4604 στένειν
1445 4550 1539 4612 τάς
1590 4551 1893 4626 συμφοράς·

252 4641 316 4698 σὺ
364 4642 453 4698 καὶ
489 4641 681 4714 θάψον,
734 4640 776 4696 εἴ
840 4638 1036 4706 θέλεις,
1096 4639 1187 4694 τὸν
1247 4638 1618 4715 ἀνῃρημένον,
1660 4640 1749 4694 καὶ
1807 4637 1897 4701 δὸς

253 4731 402 4803 αύτῷ
447 4732 628 4810 φέρειν
672 4730 789 4784 ἀντὶ
838 4735 946 4785 τῶν
1021 4728 1286 4805 ἱνταφίων
1346 4729 1412 4782 τά
1470 4730 1770 4804 σπάργανα,
1829 4731 1900 4784 Αἱ

256 4821 343 4876 σαὶ
396 4820 578 4895 χεῖρές
630 4820 731 4875 εἰσι
779 4822 1038 4887 τοιαύτης
1089 4825 1265 4895 ταφῆς
1325 4816 1555 4888 έπάξιαι.
1617 4820 1784 4874 Πόθεν
1847 4816 1901 4872 δὲ

255 4909 347 4966 καὶ
397 4909 499 4976 τήν
548 4906 781 4984 ἐκφορὰν
833 4909 1182 4979 ποιήσομαις
1237 4907 1342 4962 ἀπὸ
1399 4913 1497 4976 τῆς
1546 4907 1758 4976 tertiac;
1811 4908 1899 4962 καὶ

255 5005 416 5055 ποῖον
469 4997 688 5073 ὄρυγμα
729 5005 833 5067 τῆς
888 4994 1194 5072 δυστυχοῦς
1246 4995 1454 5066 ἐκείνης
1506 4999 1899 5071 στυγνότερον;

253 5087 381 5163 περὶ
411 5089 542 5134 ³⁷ο³³
569 5088 740 5157 αὐτὴν
791 5085 1034 5162 δυστυχῆ
1069 5086 1321 5160 σώματα,
1364 5086 1453 5140 καὶ
1491 5081 1720 5164 φοϐερὸν
1767 5088 1906 5158 αἷμα

255 5178 395 5235 κατά
422 5183 525 5234 πᾶν
563 5179 728 5253 μέρος
758 5177 1070 5252 δκκέχυται,
1102 5176 1192 5231 καὶ
1223 5173 1398 5237 πολὺς
1430 5174 1592 5252 φόνος
1634 5176 1686 5230 ἐν
1736 5176 1904 5250 μέσῳ,

2007 4472 2066 4520 tu
2101 4464 2469 4518 interfectum
2502 4464 2547 4514 si
2587 4462 2724 4517 libet
2755 4473 2914 4516 terras
2950 4462 3178 4516 manda.
3218 4467 3388 4529 atque
3429 4461 3509 4514 illi
3547 4475 3646 4529 pro

2006 4553 2309 4621 sepultura
2341 4554 2406 4605 da
2439 4553 2591 4609 359
2621 4553 2648 4606 ὁ
2684 4553 2910 4606 fascias.
2945 4553 3080 4607 Tuae
3113 4551 3266 4605 enim
3306 4568 3510 4604 manus
3547 4552 3650 4603 hoc

2007 4646 2276 4713 sepulcro
2307 4642 2491 4706 dignae
2525 4651 2678 4696 sunt.
2717 4641 2880 4697 Unde
2902 4653 3090 4695 autem
3119 4643 3294 4694 funus
3314 4637 3588 4694 efferam?
3615 4639 3653 4692 E

2009 4731 2229 4788 domo?
2260 4733 2328 4786 Et
2367 4732 2656 4802 quodnam
2694 4729 3025 4799 sepulcrum
3061 4730 3169 4784 huc
3215 4729 3428 4782 infelici
3481 4729 3656 4782 domo

2011 4819 2237 4877 dirius?
2272 4821 2371 4875 Hic
2401 4819 2658 4874 infelicia
2688 4835 2950 4888 corpora,
2982 4825 3039 4873 et
3069 4834 3231 4876 sacer
3257 4816 3562 4888 sanguinis
3585 4817 3658 4870 ab

2013 4911 2170 4967 omni
2239 4917 2399 4980 parte
2449 4911 2670 4964 effusus
2714 4919 2817 4975 est,
2871 4909 3172 4978 multaque
3230 4907 3415 4962 caedes
3470 4905 3661 4974 (triste

2015 5001 2409 5072 spectaculum
2431 4999 2532 5067 !)in
2561 4998 2934 5068 mediojacet:
2961 4998 3108 5054 hanc
3128 4999 3365 5051 domum
3384 4995 3660 5059 dirarum,

2014 5092 2370 5157 daamonum,
2404 5105 2469 5144 ac
2501 5090 2784 5144 furiarum
2815 5089 2995 5143 ambit
3042 5087 3268 5142 cohors.
3317 5088 3482 5142 Nunc
3525 5100 3659 5140 vero

2019 5179 2185 5250 (proh
2215 5177 2499 5234 malorum
2515 5177 2812 5248 ingentem
2833 5177 3137 5233 cumulum
3154 5176 3264 5246 l)in
3279 5175 3466 5231 ﬁlium
3481 5190 3664 5231 arma-

1617 5347 1854 5402 VARIE
1894 5346 2310 5403 LECTIONES.

335 5515 382 5551 ³ο
410 5511 670 5567 ἀπάντων
692 5513 738 5568 A
770 5526 783 5566 :
819 5511 848 5565 ὁ
877 5507 1090 5564 πάντων
1277 5511 1325 5546 ³³
1357 5509 1492 5584 πρὸς
1523 5516 1562 5565 Β
1651 5509 1726 5572 ὡς

335 5603 367 5638 ιι
397 5587 465 5646 Α.
543 5582 594 5619 ⁸⁴
627 5603 721 5646 μοι
751 5585 858 5639 AB.
973 5582 1018 5617 ³⁵
1053 5601 1119 5646 με
1191 5581 1444 5640 eischius
1477 5600 1491 5639 :
1525 5583 1659 5640 libri
1693 5601 1818 5646 μου.

268 5603 367 5657 μαι
397 5603 465 5646 Α.

268 5659 533 5732 ὃῦστυχεῖ

2002 5507 2244 5587 ἐπέδειξα
2348 5515 2403 5568 et
2435 5529 2584 5570 corr.
2722 5529 2735 5568 Ξ
2769 5510 3040 5587 ἐπέδειξας

543 5582 721 5734 ⁸ἔμοι
973 5582 1018 5617 ³⁵
1053 5601 1119 5653 με
1135 5581 1444 5640 Reischins
1477 5600 1491 5639 :
1525 5583 1659 5640 libri
1693 5581 1818 5656 μου.
1932 5582 1978 5617 ³⁸
2017 5581 2345 5659 φιλοτησίας
2379 5590 2440 5640 Α.
2555 5585 2675 5622 ³⁷⁸³⁸
2702 5587 2822 5660 περὶ
2856 5617 2922 5628 -
2954 5581 3195 5661 δυστυχῆ
3222 5587 3356 5642 ABC
3389 5601 3401 5639 :
3441 5581 3573 5657 ὑπὲρ
3602 5610 3672 5624 --

3248 5511 3296 5548 ³³
3325 5511 3386 5566 ἀν
3395 5507 3670 5584 αγορεύω-
