4090 6422
275 298 452 358 1333

1380 292 1924 357 BIBLIOTHECA.
1969 326 2044 334 —
2089 292 2261 354 COD.
2309 294 2614 356 CCXLIII.

3538 299 3700 360 1334

275 435 694 509 ἀσύγγνωστον,
735 431 858 486 ὅταν
888 433 977 486 καὶ
1024 431 1320 504 λήμματος
1371 432 1536 504 [1100
1578 432 1667 503 3.]
1716 428 1944 485 ἂλάττε-

2063 430 2240 501 igitur
2288 448 2403 487 non
2449 432 2526 486 sit
2571 432 2873 488 ferendum
2906 434 2988 490 eis
3021 435 3120 504 qui
3153 440 3487 506 peccarunt,
3521 435 3696 492 etiam

280 524 418 578 σθαι
458 525 558 593 τὴν
599 519 809 591 ἀδοξίαν
847 521 1204 598 φαινώμεοα;
1235 521 1293 576 Εἰ
1340 517 1398 575 δέ
1435 541 1520 582 τις
1566 525 1672 574 τῶν
1723 518 1943 592 συμμείο

281 633 417 689 χων
463 620 563 682 τῆς
611 613 828 673 πόλεως
876 609 1082 686 δωρεὰν
1125 613 1270 684 παρὰ
1330 611 1601 684 βασιλέως
1659 608 1946 683 δεξάμενος

282 702 448 759 λύειν
505 700 773 776 ἐπεχείρει
831 702 894 755 τὸ
955 700 1134 776 δόγμα
1188 704 1285 768 τῆς
1342 699 1558 755 πόλεως
1599 699 1946 768 ἢκαταλύειν

281 793 397 860 τήν
451 791 772 865 συμμαχίαν
839 789 1168 863 ἐτόλμησεν,
1229 791 1310 864 ἆρ’
1371 789 1468 844 οὐκ
1522 788 1581 844 ἄν
1641 789 1948 862 ὠργίσθητε

286 880 387 934 καὶ
420 877 572 950 δίκην
623 881 943 953 ἀπῃτήσατε
991 879 1137 944 ποιρᾶ
1177 883 1283 933 τῶν
1327 877 1564 950 ἀναιρεῖν
1609 876 1950 954 ἐπιχειρούν-

281 990 404 1023 των
434 969 465 1023 ἃ
513 969 893 1044 κεκυρώκατε;
948 968 1052 1040 ἐγὼ
1106 969 1199 1040 μὲν
1246 964 1486 1041 ἀκριϐῶς
1537 967 1686 1039 οἶμαι
1718 967 1784 1021 7‘.
1835 966 1946 1018 Εἶθ’

283 1054 501 1132 ἑτέροις
534 1056 594 1114 ἄν
624 1079 677 1113 τι
708 1057 870 1114 λῦσαι
899 1063 1007 1112 τῶν
1043 1056 1321 1130 ὑμετέρων
1355 1057 1418 1110 οὐ
1463 1057 1945 1133 συγχωρήσαντες,

435 1149 449 1166 \
559 1152 582 1159 “
820 1153 841 1163 υ
1104 1170 1113 1176 ’
1320 1164 1332 1175 .
1445 1146 1456 1164 1
1574 1145 1587 1164 3
1669 1145 1695 1162 ν
1779 1141 1804 1160 ν
1917 1163 1924 1178 .

283 1146 451 1202 αὐτοι
489 1169 652 1203 τουτο
683 1168 966 1209 ποιουντες
993 1147 1294 1220 ὀφθήσεσθε
1321 1189 1334 1212 ,
1369 1166 1458 1200 και
1507 1143 1569 1224 Et?
1636 1165 1722 1206 οις
1770 1143 1945 1198 αλλο)

285 1240 598 1314 πράξαντος
628 1236 727 1294 οὒκ
755 1239 817 1293 ἂν
858 1239 1152 1313 ἠνέσχεσθε
1181 1240 1225 1274 ⁷⁸
1262 1237 1326 1291 τὸ
1359 1237 1434 1309 μὴ
1485 1238 1574 1290 καὶ
1633 1233 1782 1296 δίκας
1836 1233 1947 1288 εἶσ-

289 1329 621 1402 πράξασθαι,
653 1332 821 1384 ταῦτα
861 1329 1072 1388 ἑκόντες
1119 1324 1269 1381 αὺτοὶ
1320 1323 1675 1397 πλημμελεῖν
1728 1321 1945 1394 δόξετε;

294 1417 395 1473 καὶ
448 1419 554 1490 μὴν
604 1418 810 1471 ἅπαντα
860 1418 953 1488 μέν
1018 1409 1349 1484 εὐλαϐητέον
1391 1414 1702 1490 ἐργάζεσθαι
1745 1413 1811 1468 τὰ
1858 1413 1947 1467 καὶ

297 1504 430 1561 ὅντα
485 1508 700 1582 πονηρά
747 1507 836 1560 καὶ
892 1505 1240 1578 νομιζόμενα,
1287 1503 1461 1558 ἐκεῖνα
1504 1499 1560 1556 δὲ
1607 1501 1820 1573 πλεῖον,
1871 1502 1946 1555 ὧν

296 1593 468 1656 αὐτὸς
527 1616 609 1657 τις
671 1595 872 1672 φθάσας
938 1596 1292 1668 κατέγνωκεν.
1356 1594 1472 1669 Ἐφ’
1522 1595 1603 1654 οἷς
1682 1593 1781 1666 γάρ
1866 1612 1947 1654 τις

298 1683 618 1756 ἀγανακτῶν
660 1685 733 1745 ὡς
773 1683 1001 1762 φαύλοις
1047 1681 1431 1749 ἐπιδείκνυται,
1479 1684 1601 1755 [583
1655 1683 1750 1753 11.]
1797 1680 1844 1736 εἶ
1885 1681 1951 1734 τὰ

1701 1773 1724 1784 ν

2058 520 2288 574 sublato
2311 519 2411 574 tali
2434 522 2992 589 crimine,quomodo
3019 539 3127 577 non
3154 525 3329 579 simul
3354 525 3520 580 veniit
3543 525 3694 580 indi-

2058 609 2157 682 gni
2189 611 2508 680 videamur,
2541 612 2958 680 turpitudinem
2992 621 3210 668 mutare
3245 616 3420 669 lucro.
3455 615 3513 670 Si
3562 618 3694 688 quis

2060 715 2191 754 vero
2224 700 2688 754 commilitonum
2725 701 2901 771 hujus
2934 701 3092 755 urbis
3125 703 3293 757 donis
3324 721 3356 756 υ.
3389 719 3517 773 rege
3540 721 3697 760 acce-

2061 788 2194 859 ptis,
2228 789 2475 842 civitatis
2511 789 2806 843 decretum
2857 789 3078 844 solvere
3125 791 3560 861 aggrederetur,
3609 794 3698 848 vel

2061 877 2397 932 societatem
2426 880 2687 949 frangere
2711 879 2966 941 auderet,
2990 879 3251 949 nunquid
3282 879 3696 949 irasceremini,

2058 971 2113 1020 et
2154 983 2378 1035 pinnam
2409 983 2441 1020 a
2472 968 2692 1022 solvere
2724 967 3050 1022 volentibus
3081 984 3206 1038 quas
3240 968 3578 1023 decrevistis
3609 985 3707 1022 su-

2062 1056 2295 1110 meretis
2318 1054 2345 1109 οῖ
2377 1056 2565 1110 36Ιὸ
2623 1057 2905 1126 Equidem
2940 1057 3176 1112 omnino
3209 1056 3414 1112 sentio.
3447 1059 3530 1111 An
3566 1072 3701 1110 vero

2060 1160 2191 1199 cum
2226 1144 2356 1200 aliis
2389 1158 2574 1200 vestra
2605 1147 2834 1202 decreta
2866 1149 3127 1211 frangere
3169 1165 3281 1202 non
3335 1147 3703 1218 permisistis,

2061 1235 2167 1289 hoc
2217 1251 2314 1289 vos
2363 1235 2566 1290 fecisse
2608 1235 2998 1290 videbimini?
3039 1237 3105 1290 Et
3136 1237 3194 1292 in
3227 1237 3442 1308 quibus
3473 1237 3586 1292 alio
3619 1237 3705 1291 fa-

2061 1324 2245 1377 ciente
2277 1322 2626 1393 supplicium
2661 1340 2775 1378 non
2807 1324 3175 1389 omitteretis,
3208 1325 3266 1379 in
3301 1324 3371 1379 iis
3415 1341 3516 1379 vos
3549 1323 3703 1380 ultro

2061 1411 2396 1482 delinquere
2427 1413 2857 1484 cognoscemini
2885 1413 2912 1466 i’
2946 1413 3120 1469 Porro
3152 1419 3347 1470 autem
3379 1416 3703 1472 cavendum

2060 1505 2168 1568 est,
2204 1517 2274 1555 ne
2303 1503 2518 1564 omnia.
2551 1507 2607 1557 et
2639 1519 2832 1558 revera
2859 1503 3035 1568 mala,
3067 1510 3122 1558 et
3152 1521 3277 1573 quae
3311 1504 3461 1559 mala
3502 1509 3703 1574 putan-

2061 1599 2150 1643 tur
2180 1607 2447 1660 agamus,
2482 1609 2547 1646 ea
2579 1599 2774 1646 autem
2807 1592 3061 1647 cavenda
3083 1604 3216 1647 sunt
3251 1594 3433 1664 magis
3463 1596 3530 1649 de
3562 1595 3700 1665 qui-

2060 1680 2168 1734 bus
2198 1679 2375 1734 alium
2408 1688 2576 1736 antea
2605 1681 2919 1736 accusavit.
2941 1682 3083 1737 Nam
3111 1685 3181 1737 de
3205 1685 3414 1751 quibus
3448 1688 3578 1754 quis
3610 1701 3704 1740 se-

297 1771 438 1826 αύτὰ
467 1773 716 1846 πράττων
751 1773 1051 1840 ἁλίσκοιτο,
1093 1771 1535 1849 φιλαπεχθήμων
1589 1770 1729 1843 ὁμοῦ
1777 1772 1818 1805 ⁷⁷
1865 1768 1944 1824 καῖ

2065 1771 2173 1824 mel
2209 1775 2268 1824 ut
2299 1769 2467 1824 malis
2499 1779 2851 1838 conquestus
2894 1771 3070 1827 fuisse
3119 1773 3598 1844 deprehenditur,
3649 1778 3704 1829 et

299 1861 565 1935 πονηρὸς,
597 1863 842 1936 πονηρὸς
884 1863 1004 1934 μὲν,
1047 1864 1129 1923 οἷς
1162 1863 1195 1915 ἅ
1228 1863 1304 1934 μὴ
1338 1862 1447 1934 χρὴ
1496 1862 1747 1932 πράττων
1797 1857 1949 1933 ἐλέγ-

300 1969 484 2026 χεται,
518 1948 965 2028 φιλαπεχθήμων
997 1952 1041 1987 ’³⁸
1073 1947 1150 2016 δὲ,
1198 1949 1283 2005 ὅτι
1312 1950 1359 1986 7’
1387 1949 1595 2004 τούτων
1643 1949 1771 2008 τοὺς
1801 1945 1948 2016 πλη-

299 2038 417 2093 σίον
447 2037 648 2114 εἷ’ργειν
701 2045 874 2110 ζητεῖ,
906 2039 938 2093 ἃ
985 2045 1064 2112 τῷ
1108 2039 1263 2115 λόγῳ
1313 2044 1486 2112 μισεῖν
1537 2038 1950 2112 προσποιούμε-

301 2148 395 2190 νος
435 2125 622 2205 ἔργοις
656 2125 1007 2202 μεταδιώκων
1040 2128 1345 2188 ἁλίσκεται.

379 2307 516 2383 Λέγε
550 2330 643 2381 μοι
687 2310 754 2364 τὰ
801 2312 908 2363 τῶν
956 2311 1291 2382 νομοθετῶν,
1349 2308 1393 2363 εἰ
1446 2307 1658 2382 βούλει,
1711 2307 1948 2383 ῥήματαο

305 2396 520 2472 ἁρίθμει
566 2419 660 2473 μοι
696 2398 828 2472 μετᾶ
857 2397 1090 2467 τούτων,
1125 2397 1170 2452 εἰ
1211 2395 1411 2464 θέλεις,
1451 2399 1541 2452 καὶ
1590 2399 1656 2452 τὰ
1703 2403 1803 2464 τῆς
1848 2398 1947 2452 πό-

307 2483 448 2548 λεως
477 2495 710 2562 τρόπαια
739 2487 803 2524 ⁸⁸·
838 2487 1044 2558 νόμους
1075 2487 1178 2562 γὰρ
1209 2485 1313 2562 ἐγὼ
1363 2485 1700 2558 πολεμικοὺς
1751 2485 1950 2556 ὀνομά-

308 2580 382 2644 ζω
412 2578 480 2630 τὰ
516 2582 616 2644 τῆς
641 2573 860 2637 πόλεως
894 2577 937 2612 ⁸⁸
970 2575 1395 2650 κατορθώματα.
1443 2575 1507 2632 Τί
1548 2580 1641 2629 νῦν
1688 2574 1739 2629 ἐν
1787 2575 1951 2628 ἅπασι

303 2663 524 2728 τούτοις
582 2662 1049 2734 διεσπούδασται;
1110 2666 1186 2736 μή
1249 2662 1559 2720 σπένδεσθαι
1632 2659 1950 2738 βαρϐάροις,

312 2758 485 2824 μισεῖν
517 2754 578 2808 τὸ
616 2753 769 2828 γένος
800 2753 875 2814 ὡς
915 2751 1222 2827 ἀλιτήριον,
1273 2751 1636 2808 ἀδιάλλακτον
1694 2753 1948 2826 ἡγεῖσθαι

301 2841 392 2896 τὸν
421 2844 557 2917 πρὸς
595 2841 883 2912 ὰλλήλους
924 2841 1192 2916 πόλεμον.
1247 2843 1343 2896 Καὶ
1387 2841 1516 2914 μάλ’
1566 2842 1812 2903 εἰκότως·
1855 2843 1948 2905 οὓς

304 2931 407 3006 γὰρ
436 2934 504 3004 τῇ
554 2930 708 3008 φύσει
755 2930 1065 3005 πολεμίους
1114 2930 1384 3003 ἐνόμιζον,
1429 2932 1573 3006 παρὰ
1621 2931 1826 2985 τούτων
1867 2931 1946 2987 ἀεί

305 3040 357 3074 τι
408 3021 571 3074 κακὸν
639 3017 1104 3095 προσδοκήσαντες
1154 3019 1309 3093 νόμῳ
1359 3020 1420 3074 τὸ
1463 3021 1538 3092 μή
1576 3021 1762 3074 παθεῖν
1809 3019 1945 3093 ἐφυ-

307 3105 556 3180 λάξαντο,
604 3108 855 3184 μέγιστον
889 3109 1021 3164 εἶναι
1049 3117 1150 3178 τῆς
1181 3108 1396 3171 πόλεως
1439 3108 1812 3186 φυλακτήριον
1843 3111 1946 3179 τήν

307 3198 557 3252 ἀπιστίαν
621 3200 719 3267 τήν
784 3199 919 3274 πρὸς
984 3199 1182 3260 αὐτοὺς
1275 3199 1638 3272 ἡγησάμενοι.
1710 3198 1947 3254 Εἷώθασι

308 3291 410 3363 γὰρ
460 3287 511 3342 οἱ
569 3288 799 3363 πονηροὶ
863 3293 970 3343 τῶν
1038 3287 1338 3362 ἀνθρώπων
1395 3288 1484 3342 καὶ
1541 3288 1678 3362 πρὸς
1745 3286 1944 3344 πλεον-

310 3375 445 3444 εξίαν
548 3377 612 3431 τὰ
713 3376 887 3432 πάντα
991 3376 1286 3450 βλέποντες
1403 3375 1632 3433 πλείονα
1728 3375 1948 3449 κερδαί-

309 3485 412 3518 νειν
455 3463 542 3519 ἐπὶ
591 3463 780 3544 φιλίας
830 3467 1193 3540 προσχήματι
1235 3471 1345 3520 τῶν
1394 3467 1483 3520 ὅτε
1518 3470 1761 3541 φανερῶς
1793 3465 1945 3537 ὡμο-

309 3551 508 3630 λόγουν
537 3554 630 3610 τὸν
661 3551 925 3626 πόλεμον.
969 3555 1309 3632 Ψηφίσματα
1339 3556 1440 3628 γὰρ
1484 3554 1780 3624 Ἀθηναίων
1833 3553 1943 3630 ἐγὼ

306 3641 458 3698 καλῶ
499 3642 566 3698 τὰ
620 3643 716 3696 τοῦ
773 3641 917 3698 θείου
972 3642 1172 3696 Πυθίου
1240 3643 1606 3714 μαντεύματα.
1669 3642 1945 3713 Πολέμιος

308 3733 333 3787 ὀ
369 3733 573 3807 ΙΙὲρσης
607 3731 668 3787 ού
708 3734 826 3787 καθ’
852 3729 946 3786 ἕνα
975 3730 1162 3804 καιρὸν
1195 3728 1320 3786 οὐδὲ
1369 3731 1590 3806 χρόνον,
1646 3730 1770 3786 οὔδε
1817 3733 1940 3804 παρ’

305 3822 469 3892 αύτήν
510 3825 681 3896 μόνην
721 3825 820 3892 τήν
869 3827 966 3877 τοῦ
1004 3819 1254 3894 πολέμου
1310 3817 1648 3890 καταϐολὴν,
1698 3819 1826 3875 αλλ’
1865 3821 1941 3884 εἷς

305 3914 471 3968 πάντα
499 3913 589 3968 τὸν
621 3912 745 3987 βίον
786 3918 885 3980 τῆς
933 3909 1171 3972 πόλεως.
1205 3909 1277 3966 Ού
1310 3911 1412 3986 γὰρ
1449 3909 1724 3972 Πλαταιὰς
1774 3910 1940 3981 μόνας

304 4003 618 4076 κατέσκαψε,
649 4001 741 4056 καὶ
781 3997 960 4073 δῆμον
1008 3997 1084 4062 εἷς
1133 3997 1260 4054 τοὺς
1310 3999 1442 4073 ὑπὲρ
1491 4005 1591 4067 τῆς
1639 3997 1943 4072 ἐλευθερίας

304 4086 578 4163 πολέμους
634 4087 976 4159 αὐτόκλητον
1035 4087 1285 4159 ἐποίησεν
1342 4087 1563 4144 ἄπολιν.
1614 4087 1690 4146 Οὐ
1747 4089 1851 4163 γὰρ
1912 4089 1945 4143 ’ὰ

305 4180 535 4237 πέπονθε
596 4178 872 4256 βασιλεὺς,
931 4182 1102 4233 ταῦτα
1187 4175 1680 4254 διαλογιζομένους
1739 4178 1941 4234 ἐκεῖνον

1129 4265 1208 4285 ἢν

307 4269 670 4326 ἀπαλλάττειν
698 4275 798 4339 τῆς
833 4267 1091 4342 μέμψεως
1125 4265 1208 4322 δεῖ
1253 4269 1318 4338 ⁸³,
1366 4265 1492 4322 ἀλλ’
1542 4269 1675 4341 ἅπερ
1721 4266 1780 4321 ἄν
1810 4287 1945 4343 κρα-

2057 1859 2270 1914 iterum
2323 1860 2523 1915 eadem
2577 1861 2761 1915 facere
2811 1860 3193 1928 convincitur,
3228 1868 3282 1916 et
3314 1862 3613 1930 inimicus,
3647 1867 3706 1918 et

2061 1947 2378 2003 sceleratus
2409 1954 2498 2003 est
2531 1965 2543 2002 :
2578 1950 2894 2005 sceleratus
2918 1950 3149 2021 quidem
3173 1967 3236 2006 ea
3263 1951 3546 2017 faciendo,
3573 1969 3701 2022 qua)

2062 2039 2248 2092 facere
2274 2055 2384 2091 non
2419 2038 2724 2106 oportebat
2754 2055 2766 2092 :
2803 2039 3077 2093 inimicus
3106 2056 3259 2105 vero,
3292 2057 3425 2094 cum
3463 2041 3536 2095 iis
3568 2040 3699 2096 illos

2061 2126 2368 2198 prohibere
2400 2127 2627 2192 nititur,
2661 2144 2808 2198 quae,
2839 2128 2974 2182 licet
2994 2129 3166 2184 verbo
3189 2131 3381 2185 odisse
3404 2134 3696 2202 appareat,

2060 2217 2334 2287 Operibus
2368 2228 2556 2270 tamen
2588 2216 2828 2286 diligere
2857 2217 3136 2272 videatur.

2133 2304 2255 2364 Dic.
2290 2306 2336 2359 si
2371 2304 2530 2371 libet,
2564 2303 2960 2375 legislatorum
2986 2307 3177 2376 verba,
3202 2322 3442 2362 numera
3466 2308 3698 2376 deinde,

2061 2396 2108 2450 si
2144 2397 2365 2464 cupias,
2393 2396 2642 2450 civitatis
2693 2397 2967 2467 trophsea.
3019 2399 3160 2451 Nam
3215 2398 3412 2453 omnia
3453 2398 3704 2454 civitatis

2062 2487 2321 2541 facinora
2353 2487 2498 2540 bene
2529 2492 2688 2556 gesta
2721 2486 3003 2542 militares
3051 2489 3200 2555 leges
3252 2487 3500 2558 appello.
3558 2489 3702 2552 Quid

2055 2578 2174 2646 jam
2208 2577 2483 2631 omnibus
2515 2576 2606 2631 his
2637 2577 2902 2631 effectum
2937 2576 3066 2632 est?
3099 2595 3212 2632 non
3248 2579 3457 2648 pacisci
3481 2576 3707 2633 scilicet

2062 2682 2193 2720 cum
2232 2665 2764 2733 Barbaris,gentem
2799 2666 3048 2721 alienam
3083 2665 3387 2730 exsecrari,
3421 2666 3703 2736 implaca-

2062 2754 2177 2810 bile
2207 2755 2425 2809 bellum
2461 2771 2589 2808 cum
2625 2755 2894 2809 hostibus
2926 2755 3262 2810 existimare
3298 2761 3392 2810 :et
3422 2771 3562 2810 sane
3588 2772 3706 2811 me-

2063 2845 2190 2899 rito.
2223 2847 2375 2909 Quos
2407 2844 2558 2900 enim
2595 2844 2889 2900 naturales
2919 2845 3119 2901 hostes
3149 2845 3605 2911 arbitrabantur,
3629 2847 3701 2902 ab

2062 2933 2150 2988 his
2200 2935 2420 3004 aliquid
2471 2935 2803 2990 detrimenti
2849 2951 3078 3005 semper
3121 2941 3542 3005 exspectantes,
3580 2937 3702 3007 lege

2060 3023 2466 3087 cohibuerunt,
2501 3040 2571 3078 ne
2603 3024 2740 3095 quid
2794 3025 2926 3079 mali
2977 3029 3332 3090 paterentur,
3385 3025 3700 3080 maximum

2061 3114 2221 3166 urbis
2256 3113 2586 3183 praesidium
2621 3129 2821 3166 eorum
2851 3112 3248 3168 infidelitatem
3274 3114 3701 3168 existimantes.

2057 3200 2254 3256 Solent
2283 3201 2434 3256 enim
2466 3201 2730 3256 scelerati
2764 3201 3052 3264 homines,
3087 3211 3137 3255 et
3171 3203 3330 3258 lucro
3362 3203 3539 3257 dediti
3571 3219 3702 3272 spe-

2058 3289 2143 3344 cie
2167 3291 2433 3345 amicitize
2467 3291 2676 3344 lucrari
2708 3289 2891 3361 plura.
2925 3306 3098 3361 quam
3142 3299 3274 3344 tunc
3324 3307 3456 3347 cum
3506 3297 3702 3357 aperte

2057 3378 2272 3433 bellum
2307 3380 2676 3435 denuntiant.
2730 3380 3175 3433 Atheniensium
3229 3386 3444 3434 statuta
3496 3379 3699 3452 Pythia

2055 3469 2286 3524 oracula
2320 3487 2612 3540 nunwpo.
2652 3471 2821 3524 Persa
2855 3487 2965 3523 non
3002 3486 3117 3524 uno
3148 3476 3404 3541 tempore
3435 3475 3536 3524 aut
3580 3485 3697 3525 uno

2057 3568 2371 3621 momento,
2424 3576 2608 3630 neque
2659 3560 2766 3614 hoc
2818 3561 2987 3614 modo
3035 3559 3167 3614 belli
3215 3564 3477 3627 tempore
3510 3558 3699 3614 hostis

2055 3654 2269 3710 noster,
2304 3650 2401 3702 sed
2437 3650 2594 3702 omni
2629 3649 2787 3702 urbis
2840 3654 3049 3703 nostrae
3099 3650 3234 3714 vita,
3290 3665 3400 3702 non
3453 3649 3700 3702 Plata‘as

2055 3737 2225 3791 modo
2258 3738 2523 3802 diruit,et
2549 3739 2828 3806 populum
2856 3737 3003 3790 ultro
3038 3738 3107 3790 ad
3149 3737 3360 3790 bellum
3391 3754 3491 3805 pro
3523 3735 3700 3790 liber-

2052 3831 2169 3880 tate
2199 3833 2532 3896 susceptum
2566 3826 2997 3880 exterminavit.
3024 3825 3144 3880 Non
3167 3826 3319 3879 enim
3348 3825 3467 3879 hac
3499 3824 3696 3879 animo

2050 3914 2362 3981 volventes,
2397 3931 2524 3984 qum
2557 3931 2652 3968 rex
2692 3916 2930 3969 adversa
2975 3914 3198 3979 habuit,
3235 3914 3396 3967 illum
3451 3913 3696 3968 crimine

2053 4003 2297 4057 liberare
2330 4003 2737 4069 debemus,sed
2773 4019 2839 4057 ea
2871 4009 3369 4073 repulantes,quaa
3398 4002 3580 4056 victor
3610 4004 3694 4056 fe-

2051 4093 2227 4147 cisset
2253 4093 2517 4146 eamdem
2553 4090 2634 4146 illi
2669 4109 2896 4163 pmnam
2930 4094 3183 4161 irrogare
3214 4097 3457 4162 oportet.
3497 4093 3695 4161 Neque

2045 4181 2272 4252 justum
2307 4187 2396 4236 est
2426 4183 2628 4235 eadem
2661 4198 2767 4236 nos
2794 4183 3039 4238 victores
3071 4185 3311 4254 perpeti,
3344 4197 3470 4252 quae
3503 4181 3574 4235 ab
3603 4180 3699 4236 iis-

2055 4272 2184 4326 dem
2218 4271 2351 4326 victi
2386 4270 2794 4327 subiissemus.
2828 4271 2929 4326 Hic
2955 4289 3088 4328 vero
3137 4271 3334 4327 statim
3384 4277 3697 4342 antequam

306 4362 472 4431 τήσας
502 4357 741 4434 ἔδρασεν,
775 4357 828 4412 ἐν
858 4362 935 4429 νῷ
976 4351 1266 4422 λαϐόντας,
1315 4362 1486 4412 πᾶσαν
1543 4355 1674 4419 ἷ¹σως
1719 4357 1767 4393 ⁸³
1795 4358 1944 4431 νομί-

2058 4363 2251 4416 hostes
2285 4361 2646 4429 inducerent,
2681 4383 2712 4416 a
2744 4363 2956 4433 quibus
2994 4361 3367 4416 circumventi
3401 4367 3586 4426 erant,
3623 4361 3702 4414 ir-

312 4454 410 4518 ζειν
457 4446 610 4519 δίκην
669 4454 766 4516 τῆς
827 4445 976 4516 ἀξίας
1027 4446 1365 4518 κομίζεσθαι.
1426 4443 1563 4501 Οὐδὲ
1620 4444 1824 4501 δίκαιον
1881 4448 1948 4502 τὰ

309 4540 437 4596 αύτὰ
486 4543 560 4612 μὴ
621 4536 812 4613 δρᾶσαι
868 4539 1257 4610 κρατήσαντας,
1308 4537 1442 4611 ἅπερ
1481 4539 1794 4608 ἡττηθέντες
1843 4538 1944 4592 ὑπὸ

309 4634 410 4686 τῶν
506 4627 918 4699 κεκρατηκότων
1014 4625 1074 4681 ἂν
1143 4625 1434 4699 ἐπάθομεν.
1502 4627 1563 4683 Ὀ
1626 4627 1750 4702 γὰρ,
1817 4627 1941 4701 πρὶν

308 4720 594 4792 ἀνενεγκεῖν
647 4714 796 4778 αὖθις
853 4714 982 4778 τοὺς
1023 4715 1296 4778 ἓναντίους
1347 4715 1434 4794 ἀφ’
1482 4715 1552 4768 ὧν
1611 4715 1941 4794 ἐσφάλησαν,

308 4808 522 4881 ἐπεξιὼν
585 4806 674 4861 καὶ
726 4805 1149 4880 τιμωρούμενος
1241 4803 1366 4860 οὐδὲ
1450 4804 1676 4869 ἐκείνοις
1753 4807 1937 4879 καιρὸν

305 4897 386 4952 ἐπὶ
416 4899 462 4933 ⁸⁸
501 4902 599 4965 τῆς
649 4895 858 4965 ἀπύνης
909 4890 1178 4958 ἐνδίδωσι,
1226 4895 1316 4948 καί
1365 4898 1537 4949 πᾶσαν
1591 4896 1763 4967 ἑαυτῷ
1810 4916 1941 4969 προ-

304 4987 435 5057 ξενεῖ
471 4989 567 5042 τοῦ
617 4987 749 5058 μήτι
798 4985 985 5038 παθεῖν
1028 4982 1347 5058 ἀσφάλειαν,
1408 4985 1498 5046 οῖς
1556 4984 1691 5039 κατᾶ
1749 4985 1937 5060 καιρὸν

303 5076 543 5146 ἐπέξεισι,
575 5073 793 5136 τούτοις
824 5075 1173 5148 περιγράφων
1228 5072 1434 5127 ἅπασαν
1479 5074 1578 5142 τὴν
1626 5073 1678 5127 ἐν
1731 5073 1938 5146 ὑστέρῳ

300 5165 438 5241 παρὰ
467 5169 577 5220 τῶν
617 5161 996 5218 πεπονθόντων
1047 5157 1305 5217 ἐπίδοσιν.
1363 5163 1466 5216 Καί
1516 5181 1663 5237 φασι·
1726 5163 1940 5237 Δωρεὰς

297 5261 371 5330 τῷ
415 5253 580 5330 δήμῳ
628 5251 884 5326 βασιλεὺς
932 5253 1211 5330 πέπομφε.
1281 5251 1554 5326 Κυρσίλου
1621 5273 1713 5325 μοι
1759 5253 1936 5325 λέγεις

2059 4468 2353 4520 rumpens.
2387 4458 2440 4505 et
2472 4452 2781 4506 vindictam
2815 4454 3068 4519 exigens,
3106 4468 3292 4523 neque
3333 4458 3565 4521 tempus
3597 4451 3697 4504 de-

2055 4542 2326 4596 fendendi
2361 4544 2450 4595 sui
2485 4542 2674 4597 362a
2707 4541 2819 4595 illis
2852 4541 3032 4607 dedit,
3065 4549 3121 4594 et
3154 4558 3422 4609 magnam
3457 4540 3589 4605 sibi,
3625 4555 3695 4593 ne

2054 4631 2190 4701 quid
2230 4639 2541 4702 pateretur,
2575 4634 2940 4686 securitatem
2975 4630 3252 4696 attulit,et
3275 4631 3487 4700 quibus
3509 4627 3694 4682 semel

2053 4720 2282 4788 irrupit.
2317 4719 2406 4773 his
2440 4723 2494 4774 in
2533 4727 2827 4790 pasterum
2863 4736 2894 4773 a
2924 4720 3092 4772 victis
3123 4735 3354 4772 onmem
3406 4717 3690 4772 accessio-

2051 4825 2177 4863 nem
2208 4809 2686 4879 circumscripsit.
2724 4815 2900 4870 Uona,
2932 4807 3229 4876 inquiunt,
3278 4806 3487 4876 populo
3537 4804 3696 4858 misit

2051 4915 2168 4952 rex.
2203 4897 2406 4966 Cyrsili
2443 4900 2585 4952 mihi
2616 4897 2792 4952 verba
2822 4897 2986 4963 dicis,
3021 4901 3078 4950 et
3125 4895 3262 4950 mali
3315 4893 3506 4948 nuntii
3557 4908 3695 4946 suc-
3765 4915 3768 4919 λ

2050 5004 2333 5042 cessores.
2368 4988 2436 5042 Et
2468 4987 2587 5041 hac
2615 5003 2789 5041 ausus
2811 5002 2871 5040 es
2897 4985 3142 5039 Athenis
3165 4985 3374 5048 dicere,
3409 4981 3506 5036 ubi
3540 4987 3596 5036 et
3617 4981 3696 5036 al-

2050 5085 2234 5132 terum
2292 5080 2344 5132 id
2387 5079 2549 5148 prius
2601 5079 2885 5132 dicentem
2937 5074 3332 5145 sepelivimus.
3379 5073 3521 5127 Cum
3557 5089 3689 5127 vero

2048 5167 2383 5238 ignoremus
2423 5183 2538 5236 quo
2573 5168 2740 5221 modo
2774 5166 2995 5220 navalis
3030 5180 3218 5234 pugna
3248 5163 3560 5231 judicanda
3591 5160 3689 5228 sit,

2050 5272 2160 5310 non
2189 5273 2324 5311 sane
2355 5258 2658 5310 honestum
2682 5255 2880 5321 est,ob
2904 5271 3031 5324 quae
3056 5254 3246 5307 studia
3271 5251 3492 5306 laudati
3535 5251 3688 5306 vide-

1651 5381 1890 5438 VARI/ﬁ
1919 5381 2327 5439 LEGTlONES.

366 5503 414 5539 ⁷⁵
445 5500 625 5574 οἶμαι]
653 5498 774 5574 imo
804 5492 940 5551 οἶδα.

253 5631 257 5636 ,
304 5578 357 5638 ’ὀς
385 5583 447 5632 Β.
503 5563 514 5574 ’
549 5563 887 5644 εἰθ’τρςετταιερι.
963 5565 1008 5604 ⁸⁸
1030 5563 1408 5644 ειόλεωςόιιὶἷ
1438 5574 1504 5628 Α.

305 5634 416 5711 tius
448 5634 752 5719 scripseris
783 5634 903 5694 οὔτε
933 5671 1000 5680 -
1028 5636 1127 5698 ἔτι,
1270 5661 1272 5664 μ
1406 5661 1411 5668 .

1045 5497 1089 5532 ⁷⁸
1121 5497 1180 5550 ἄν
1234 5495 1528 5576 ἠνέσχεσθε
1575 5499 1656 5554 A:
1711 5495 1989 5571 ἂνείχεσθε
2223 5495 2268 5532 ⁷⁷
2317 5499 2478 5568 ὁμοῦ.
2555 5497 2602 5534 ⁵⁸
2642 5495 2983 5572 φιλαπεχθήι

1045 5563 1257 5644 πόλεως
1289 5586 1404 5628 om.
1438 5574 1504 5628 A.
1608 5569 1656 5605 ⁸³
1686 5565 1768 5623 δεῖ
1797 5570 1964 5627 ABG:
2001 5570 2113 5644 χρή
2307 5570 2353 5605 ⁸⁸
2390 5565 2548 5641 ἴσως]
2581 5572 2781 5627 malim
2813 5571 2983 5641 ἢττω.

2223 5495 2268 5532 ⁷⁷
2308 5499 2478 5575 ἐμεῦ·
2530 5497 2602 5575 Α⁷⁸
2642 5495 3101 5575 ειλαπξχθτεμωγ,
3136 5515 3256 5575 οτηι
3292 5501 3357 5554 Α·
3401 5566 3417 5575 .
3471 5498 3534 5575 1°.
3579 5495 3690 5575 δτι]

3060 5571 3106 5606 ⁸⁴
3145 5567 3271 5627 ούδῖ
3299 5601 3368 5614 ——
3397 5566 3509 5646 hri]
3577 5566 3696 5631 reo:
