4066 6216
235 379 394 439 133⁵1

1285 378 1824 442 BIBLIOTHECA.
1873 411 1948 425 -
1990 379 2166 440 COD.
2215 377 2517 441 CCXLIII.

3479 374 3637 436 1338

232 514 343 562 τῶν
398 510 629 564 κακῶνί
684 507 993 582 ἡττημένος
1048 530 1152 584 μου
1199 511 1407 581 Ξὲρξης
1459 505 1723 584 λαμϐάνει
1780 509 1881 577 τὴν

1993 514 2290 582 acceptam
2322 509 2546 564 cladem
2579 508 2760 564 armis
2782 507 3104 562 instaurare
3126 507 3634 578 posse,exercitum

231 595 423 655 πόλιν.
479 599 540 654 Τί
589 593 635 651 δ’
685 594 744 650 ἂν
781 598 873 652 καὶ
924 599 1072 667 ἡμᾶς
1120 597 1324 662 αὐτοὺς
1368 599 1505 654 κατᾶ
1547 604 1654 654 τῶν
1685 597 1890 668 Ἐλλή-

235 709 343 742 νων
376 688 824 762 συστρατεύεσθαι
855 689 904 724 9³
948 687 1185 762 κελεύῃ,
1235 688 1297 743 ού
1345 689 1446 762 γὰρ
1497 687 1633 743 εἶναι
1677 687 1882 743 δίκαιον

231 780 314 848 τῷ
370 777 640 846 τοσαύτην
701 774 1093 850 ἐνδεικνυμένῳ
1151 776 1275 851 περὶ
1350 777 1450 845 τήν
1534 776 1696 832 πόλιν
1787 799 1880 851 μευ

231 863 585 941 γαλοψυχίαν
646 865 693 902 9⁵
747 867 824 938 μὴ
896 865 1069 920 πάντα
1124 867 1328 941 τρόπον
1409 866 1880 940 συναγωνίζεσθαι.

237 953 424 1016 Καλάς
479 957 522 991 ⁵⁸
580 975 640 1031 γε
699 954 784 1027 (ού
841 956 1008 1029 γάρς)
1060 955 1183 1011 τότε
1247 956 1338 1010 καὶ
1431 960 1540 1011 τῶν
1605 954 1882 1031 τροπαίων

233 1043 382 1116 ἀξίας
467 1047 574 1099 τῶν
663 1043 1047 1120 ἐγηγερμένων
1137 1045 1232 1105 τὰς
1317 1043 1639 1120 παρατάξεις
1709 1064 1879 1118 παρα-

231 1133 528 1207 ταξόμεθα,
623 1133 726 1187 ὑπὸ
809 1132 986 1208 Ξέρξῃ
1048 1139 1338 1210 στρατηγῷ
1394 1132 1520 1196 τοὺς
1577 1133 1714 1189 κατᾶ
1771 1138 1879 1188 τῶν

233 1222 533 1298 ὁμοφύλων
567 1222 848 1295 πολέμους
883 1221 1216 1301 ἐκφέροντες.
1269 1225 1347 1278 Δι’
1397 1222 1487 1286 οὓς
1535 1223 1692 1301 ὤφθη
1747 1223 1882 1298 Πέρ-

234 1333 356 1373 σαις
414 1311 530 1366 ἀντὶ
579 1312 882 1390 νικηφόρου
933 1319 1128 1391 σχῆμα
1187 1309 1454 1389 δραπὲτου
1504 1313 1594 1368 καὶ
1643 1309 1882 1391 φυγάδος

232 1401 636 1476 περικείμενος,
679 1401 895 1466 τούτοις
953 1405 999 1440 9⁸
1045 1403 1206 1459 πόλιν
1265 1404 1508 1474 οἰκίζειν,
1559 1404 1784 1468 τούτους
1838 1407 1880 1441 9⁷

232 1493 535 1568 εὐεργετεῖν
582 1493 858 1565 ἀνέξεται;
912 1493 970 1547 Εἰ
1025 1493 1119 1566 μὶν
1167 1493 1270 1567 γὰρ
1316 1492 1473 1556 εὐθὺς
1505 1494 1877 1568 ἀναμάχεσθαι

229 1586 352 1644 τοῖς
407 1579 601 1643 ὅπλοις
647 1584 746 1651 τήν
806 1584 971 1650 ἧτταν
1031 1581 1330 1654 ἐπίστευεν,
1397 1581 1742 1652 ἐστράτευσεν
1794 1583 1879 1654 ἂν,

233 1670 334 1726 ούκ
364 1667 736 1748 ἐπρεσϐεύετο’
771 1671 885 1728 ἐπεὶ
917 1670 975 1728 δὲ
1006 1673 1373 1748 ἀπογινώσκει
1403 1679 1511 1729 τῶν
1573 1672 1878 1748 δυνάμεων,

228 1763 330 1831 τὴν
380 1762 588 1832 ἀπάτην
625 1765 761 1826 τὲως
815 1765 942 1838 [590
1135 1762 1249 1818 ἀντὶ
1298 1769 1405 1819 τῶν
1453 1763 1641 1819 ὅπλων
1689 1760 1882 1838 προϐέ-

1997 601 2328 665 adduceret,
2363 613 2478 652 non
2509 601 2706 652 autem
2731 595 2955 668 legatos
2984 593 3258 650 mitteret.
3282 598 3354 651 At
3383 611 3513 651 cum
3551 594 3634 649 vi-

1997 689 2159 744 ribus
2189 687 2415 742 difﬁdat
2447 687 2590 751 suis,
2614 687 2877 740 fraudem
2903 702 3006 756 pro
3028 685 3207 739 armis
3229 684 3634 741 adhibetﬂum

1993 787 2180 833 autem
2215 778 2411 848 copias
2445 775 2856 842 recensuisset,
2915 779 3041 829 tum
3091 775 3325 827 demum
3373 773 3635 827 fraudem

1991 882 2285 922 armorum
2327 865 2454 921 loco
2504 866 2794 936 produxit.
2845 862 3184 928 Quinetiam
3234 861 3435 916 urbem
3487 861 3637 916 hanc

1991 957 2144 1027 apud
2177 961 2414 1011 caeteros
2447 955 2674 1012 Graecos
2723 956 2996 1011 infamem
3031 953 3274 1008 reddere
3316 950 3633 1018 contendit,

1991 1050 2055 1100 ut
2085 1061 2194 1100 nos
2223 1061 2421 1100 eorum
2456 1044 2674 1100 auxilio
2715 1045 2978 1100 desertos
3025 1042 3312 1108 redderet,
3362 1044 3417 1095 et
3467 1039 3636 1095 nobis

1990 1134 2130 1190 solis
2163 1133 2381 1190 bellum
2415 1139 2615 1205 postea
2643 1133 2901 1189 inferret.
2933 1132 2997 1187 Et
3032 1148 3099 1187 ex
3129 1131 3223 1186 his
3260 1129 3452 1186 verbis
3485 1132 3638 1199 patet

1987 1227 2206 1280 donum
2237 1222 2383 1278 dicis
2430 1223 2618 1294 gratia
2666 1222 2889 1278 offerre.
2943 1220 3106 1276 illius
3158 1224 3283 1275 erat
3331 1217 3638 1273 manifeste

1987 1312 2194 1368 litteris
2223 1311 2541 1367 inscribere
2571 1310 2723 1366 hanc
2754 1309 2900 1366 velle
2932 1326 2995 1366 se
3037 1308 3235 1364 urbem
3285 1306 3634 1362 instaurare.

1988 1405 2105 1459 Hoc
2154 1408 2350 1459 autem
2402 1418 2520 1458 non
2567 1401 2896 1469 declarans,
2945 1400 3287 1470 simpliciter
3316 1415 3378 1454 se
3419 1399 3638 1452 damna

1990 1493 2141 1549 bello
2174 1494 2334 1548 illata
2365 1497 2726 1549 resarturum
2759 1492 2920 1560 dicit,
2963 1490 3216 1546 adverbii
3251 1487 3632 1560 amphibolia,

1988 1600 2119 1654 quas
2148 1582 2304 1638 mala
2335 1580 2634 1654 cogitavit,
2667 1580 2914 1654 epistola
2946 1578 3499 1648 signiﬁcavit.Quod
3532 1593 3636 1631 au-

1987 1677 2104 1728 tem
2134 1677 2258 1728 erat
2292 1671 2450 1728 urbis
2477 1677 2689 1727 nostris
2723 1670 2952 1742 insigne
2974 1668 3002 1724 τ
3033 1666 3468 1740 Magniﬁcentia
3498 1665 3632 1721 aedi-

1988 1763 2275 1830 ﬁciorum,
2324 1763 2576 1834 antiquae
2626 1759 2961 1830 ubicunque
3008 1756 3244 1815 virtutis
3284 1755 3629 1823 testimonia,

233 1846 460 1922 ὄληται.
509 1853 627 1908 ¹Ἐτι
667 1837 844 1909 τοίνυν
897 1854 986 1908 καὶ
1048 1849 1362 1910 διαϐάλλειν
1409 1853 1691 1926 ’Έλληνας
1737 1837 1876 1929 πρὸς

1991 1860 2203 1907 natura
2234 1857 2497 1920 ornatus,
2524 1849 2626 1922 qui
2660 1848 2854 1919 majus
2885 1848 3014 1904 urbi
3045 1846 3206 1902 addit
3224 1849 3634 1903 ornamentum

232 1943 334 2010 τὴν
367 1940 531 1996 πόλιν
564 1940 912 2011 ἐσπούδασεν,
940 1940 1032 1998 ’ίνα
1063 1943 1302 2016 ἐρήμους
1330 1951 1430 2013 τῆς
1487 1945 1614 2017 παρ’
1656 1945 1875 1999 ἐκείνων

236 2033 559 2106 συμμαχίας
618 2031 986 2107 ἐργασάμενος
1043 2034 1178 2110 πρὸς
1231 2035 1426 2110 μόνους
1469 2037 1616 2106 ἡμᾶς
1660 2034 1879 2108 ὕστερον

231 2118 485 2195 ἐξενέγκῃ
516 2122 606 2176 τὸν
640 2120 908 2194 πόλεμον.
946 2124 1040 2178 Καὶ
1089 2125 1195 2195 μὴν
1238 2121 1286 2193 ἐξ
1320 2122 1496 2178 αὐτῶν
1536 2124 1585 2159 9⁸
1615 2123 1874 2200 ῥημάνων

231 2206 408 2278 δῆλός
438 2208 549 2266 ἐστι
582 2211 716 2285 πρὸς
744 2215 842 2282 τήν
877 2209 1082 2286 δωρεάν
1117 2213 1534 2290 ἀφοσιούμενος.
1570 2216 1732 2287 [1104
1785 2215 1876 2285 Η.]

229 2299 346 2355 Τοῦ
381 2300 476 2372 μὲν
505 2301 608 2375 γὰρ
661 2299 921 2355 ἀνοικίσαι
972 2301 1071 2370 τὴν
1126 2300 1287 2356 πόλιν
1332 2303 1432 2372 τήν
1481 2302 1748 2375 ἡμετέραν
1795 2303 1877 2358 0i-

231 2385 431 2450 λοντος
486 2385 644 2464 ἔργον
702 2391 766 2460 ἦν
829 2391 961 2446 αὐτὸ
1015 2395 1176 2445 τοῦτο
1234 2396 1418 2471 ραφῶς
1464 2391 1724 2469 ἐγγράψαι
1764 2399 1882 2457 τοῖς

230 2477 573 2554 γράμμασιν*
637 2481 664 2533 ὁ
725 2477 780 2534 δὲ
816 2483 978 2534 τοῦτο
1042 2481 1134 2552 μὲν
1180 2481 1277 2534 ούκ
1334 2479 1526 2548 είπὼν,
1583 2480 1772 2543 ἁπλῶς
1823 2479 1880 2537 δὲ

232 2567 690 2638 ἀντικαταστῆσαι
737 2571 911 2645 φήσας
972 2572 1052 2631 οἷς
1099 2567 1413 2643 ἐλυμήνατο
1465 2572 1601 2625 κατὰ
1646 2571 1738 2626 τὸν
1777 2570 1880 2626 πό-

230 2657 432 2732 λεμον,
563 2663 664 2713 τοῦ
695 2663 1090 2732 προσρήματος
1131 2655 1442 2736 ἀμφιϐολίᾳ
1486 2666 1667 2723 κακῶς
1715 2664 1760 2698 ⁰⁹
1789 2663 1816 2715 ὃ
1860 2669 1875 2700 ¹

232 2753 532 2822 κακουργεῖ
571 2745 658 2802 διὰ
687 2752 794 2803 τῶν
823 2750 1159 2824 γραμμάτων
1213 2747 1545 2821 δεδήλωκεν.
1597 2753 1662 2809 Τί
1713 2750 1770 2807 δὲ
1815 2753 1881 2822 ἦν

230 2844 336 2908 τῆς
386 2839 605 2900 πόλεως
650 2845 750 2908 τῆς
797 2840 1070 2913 ἡμετέρας
1127 2841 1189 2895 τὸ
1247 2837 1560 2914 ἔπίσημονς
1613 2843 1882 2916 σεμνότης

231 2925 721 3002 οἰκοδομημάτων,
764 2933 1044 3005 πανταχοῦ
1081 2937 1182 3000 τῆς
1218 2931 1452 3007 ἀρχαίας
1496 2933 1694 3008 ἀρετῆς
1742 2934 1880 2989 ὁπο-

234 3018 525 3091 μνήματα,
585 3018 614 3071 ὁ
668 3019 815 3092 παρὰ
862 3022 963 3083 τῆς
1013 3019 1222 3097 φύσεως
1288 3020 1496 3094 κόσμος
1549 3027 1734 3095 μεῖζον
1783 3028 1881 3078 τοῦ

237 3105 390 3180 παρᾶ
440 3113 539 3176 τῆς
590 3106 790 3182 τέχνης
857 3109 1166 3178 προστιθεὶς
1213 3113 1280 3184 τῇ
1337 3108 1497 3166 πόλει
1549 3112 1610 3167 τὸ
1651 3109 1882 3174 κάλλος.

1989 1957 2166 2014 quam
2200 1940 2535 1995 artificium.
2567 1937 2764 2006 Qualis
2794 1937 3055 1993 cernitur
3084 1935 3178 1992 hic
3232 1952 3333 1991 arx
3364 1935 3499 2002 (40),
3534 1935 3634 1989 ubi

1989 2030 2120 2100 tale,
2155 2028 2298 2085 caelo
2330 2033 2588 2099 excepto,
2621 2027 2774 2082 868
2799 2043 2830 2082 a
2863 2024 3185 2097 hospitium
3210 2027 3296 2079 est
3346 2024 3585 2079 deorum
3606 2021 3634 2076 ῗ

1987 2117 2164 2183 Quale
2195 2118 2480 2190 templum
2515 2115 2767 2172 Poliadis
2791 2115 3053 2170 Minervas
3077 2113 3105 2168 ?
3133 2117 3188 2169 et
3214 2111 3351 2168 huic
3371 2112 3632 2168 vicinum

1988 2207 2298 2264 delubrum
2333 2206 3034 2278 Neptuni.Conjunximus
3056 2203 3212 2257 enim
3245 2205 3376 2274 post
3399 2205 3637 2256 conten-

1989 2298 2210 2354 tionem
2240 2298 2380 2353 deos
2410 2313 2512 2368 per
2540 2311 2702 2367 reges
2733 2295 2792 2349 in
2841 2291 3077 2364 templis
3125 2306 3262 2346 cum
3302 2289 3455 2346 aliis.
3507 2287 3634 2344 Non

1989 2388 2202 2460 recipio
2233 2386 2539 2444 formulam
2563 2398 2862 2441 sacrorum
2886 2383 2959 2438 ab
2979 2380 3235 2449 homine,
3270 2377 3501 2450 qualern
3536 2393 3638 2449 per

1989 2493 2311 2549 praeconem
2344 2492 2536 2532 arcere
2566 2476 2847 2531 solemus.
2879 2472 3021 2535 Quis
3052 2468 3346 2540 reparabit
3368 2467 3635 2522 homines

1991 2583 2136 2638 quos
2165 2566 2317 2622 bello
2345 2564 2638 2636 perdidit?
2664 2563 2801 2627 Quis
2862 2561 3063 2617 reddet
3111 2566 3474 2613 mortuorum
3507 2569 3636 2610 cor-

1991 2674 2149 2730 pora,
2184 2671 2308 2726 quae
2342 2653 2493 2709 bello
2512 2651 2795 2708 abstulit?
2817 2649 2937 2704 Viri
2961 2647 3139 2713 enim,
3165 2651 3230 2701 ut
3250 2645 3428 2710 aiunt,
3463 2642 3635 2698 urbes

1990 2750 2150 2811 sunt,
2184 2761 2298 2799 non
2331 2744 2538 2798 domus
2570 2741 2709 2811 ipsae
2735 2756 2749 2806 ;
2773 2738 3056 2793 sidamna
3081 2750 3143 2789 se
3172 2733 3634 2788 instauraturum

1990 2834 2320 2908 pollicetur,
2352 2848 2421 2887 ex
2462 2832 2550 2886 bis
2581 2830 2846 2901 quaedam
2891 2843 3006 2882 non
3055 2825 3279 2896 integre
3327 2821 3636 2878 restituere

1991 2922 2475 2998 potest,quzedam
2500 2935 2613 2976 non
2635 2920 2790 2990 paria
2820 2915 3110 2988 prioribus
3150 2913 3393 2969 reddere
3425 2915 3633 2982 potest.

1992 3013 2293 3078 Quomodo
2317 3010 2480 3067 illius
2509 3010 2568 3066 in
2592 3010 2684 3064 his
2706 3005 3012 3080 promissio
3036 3013 3096 3058 ut
3116 3001 3502 3075 impossibilia
3521 3017 3636 3056 non

1995 3105 2377 3175 redarguatur
2393 3101 2466 3156 ab
2488 3097 2806 3157 omnibus?
2832 3095 2921 3151 Illi
2944 3091 3407 3150 Lacedaemonios
3420 3094 3639 3146 trecen-

239 3193 350 3254 Ο’ία
375 3197 468 3270 μὲν
501 3193 630 3251 ἰδεῖν
661 3195 991 3271 ἀκρόπολις,
1025 3199 1146 3254 οἷον
1178 3196 1319 3255 ἄλλο
1352 3202 1486 3256 θεῶν
1517 3205 1636 3274 μετ’
1657 3202 1881 3278 οὐρανὸν

1995 3198 2083 3251 tos
2114 3165 2198 3249 ad
2219 3193 2387 3265 Pylas
2418 3207 2532 3246 non
2565 3186 2993 3249 sustinuerunt,
3045 3181 3146 3238 sed
3177 3180 3237 3236 in
3267 3177 3452 3236 oculis
3483 3177 3638 3250 regis

229 3283 605 3359 ἐνδιαίτημαί
658 3287 776 3349 οἷος
827 3283 882 3342 δὲ
926 3289 954 3342 ὁ
992 3295 1093 3358 τῆς
1157 3287 1431 3352 Πολιάδος
1476 3291 1632 3364 νεὼς,
1693 3292 1781 3346 καί
1820 3295 1883 3347 τὸ

229 3373 580 3436 Ποσειδῶνος
637 3377 658 3411 ²
714 3375 979 3450 τὲμενοςί
1051 3375 1360 3453 συνήψαμεν
1436 3381 1539 3457 γὰρ
1627 3379 1712 3435 διὰ
1777 3386 1884 3436 τῶν

225 3463 553 3538 ἀνακτόρων
583 3463 712 3529 τοὺς
741 3464 895 3527 θεοὺς
927 3464 1204 3538 ἀλλήλοις
1227 3469 1360 3540 μετὰ
1389 3471 1489 3539 τήν
1515 3468 1779 3542 ἅμιλλαν.
1806 3470 1883 3528 O3

227 3547 503 3623 λαμϐάνω
535 3553 682 3628 παρὰ
713 3550 906 3627 ἀνδρὸς
938 3554 1029 3609 τὸν
1063 3555 1290 3624 τελετῆς
1320 3557 1486 3612 τόπον
1515 3560 1557 3629 ³,
1607 3559 1668 3612 ’ὸν
1714 3556 1881 3633 εἷ’ργει

224 3648 338 3710 τῆς
367 3639 592 3712 τελετῆς
631 3649 731 3712 τῆς
762 3643 1032 3718 ἡμετέρας
1069 3645 1131 3700 τὸ
1181 3647 1458 3720 κήρυγμα.
1509 3645 1599 3708 Τίς
1649 3649 1884 3718 ἀναστή-

227 3751 320 3786 σει
358 3730 486 3793 τοὺς
515 3728 734 3804 ἄνδρας,
781 3729 872 3795 οὓς
905 3731 1267 3804 ἀπολώλεκε;
1301 3734 1382 3796 τίς
1413 3737 1479 3790 τὰ
1502 3737 1728 3807 σώματα
1774 3743 1882 3792 τῶν

221 3820 530 3892 πεσόντων,
563 3822 646 3882 οῖς
677 3821 834 3882 οὗτος
867 3821 1004 3876 κατὰ
1022 3823 1151 3884 τοὺς
1182 3820 1464 3895 πολέμους
1497 3823 1834 3897 λελύμανται
1867 3844 1880 3897 ;

224 3906 471 3984 ’Ἄνδρες
499 3909 624 3984 γάρ,
666 3911 829 3986 φησὶν
861 3911 904 3978 ⁴,
942 3912 996 3965 αἱ
1027 3909 1241 3980 πόλεις,
1293 3912 1391 3967 ούκ
1438 3910 1882 3987 οἰκοδομήματα.

228 3998 305 4054 Εἴ
334 3995 393 4052 δὲ
421 3998 487 4053 τά
517 3997 910 4074 λελυμασμένα
942 4002 1078 4074 ἡμῖν
1116 3999 1419 4056 ἀποδώσειν
1459 4001 1884 4079 ἐπαγγέλλεται,

226 4087 446 4143 τούτων
497 4086 552 4142 δὲ
597 4088 664 4143 τὰ
715 4089 812 4162 μὲν
860 4087 973 4144 οὐδ’
1019 4089 1168 4153 ὅλως
1213 4091 1454 4167 ἐγχωρεῖ
1483 4087 1691 4166 λαϐεῖν,
1731 4095 1798 4148 τὰ
1829 4092 1886 4149 δὲ

229 4181 358 4240 τοῖς
415 4173 827 4253 διεφθαρμένοις
885 4177 992 4254 οὐχ
1049 4180 1236 4251 ὅμοια,
1292 4185 1409 4244 πῶς
1469 4182 1569 4237 οὐκ
1625 4179 1887 4249 ἀδύνατος

227 4265 529 4341 ἐλὲγχετάι
559 4273 676 4331 τοῖς
704 4272 862 4323 πᾶσιν
903 4271 930 4338 ἦ
965 4270 1086 4342 περὶ
1129 4273 1337 4326 τούτων
1390 4271 1724 4346 ὑπόσχεσιςς
1776 4272 1884 4328 Οὐκ

228 4357 463 4428 ἤνεγκαν
511 4354 634 4412 οὐδὲ
672 4360 1020 4432 τριακοσίους
1069 4359 1265 4414 ἐκεῖνοι
1315 4358 1774 4434 Λακεδαιμονίους
1833 4361 1884 4417 ἐν

232 4442 474 4513 Πύλαις,
536 4444 666 4501 ἀλλ’
727 4446 782 4502 ἐν
850 4447 1163 4528 ὀφθαλμοῖς
1222 4449 1492 4525 βασιλέως
1546 4444 1768 4506 ἔπιπτον
1829 4453 1882 4507 αἱ

230 4539 497 4591 τοσαῦται
549 4533 808 4611 μυριάδες
861 4539 997 4613 πρὸς
1058 4535 1151 4594 ἕνα
1209 4539 1384 4615 λόχον
1448 4541 1550 4595 ὑπὸ
1605 4541 1881 4616 μαστίγων

228 4624 711 4698 παραταττόμεναι
741 4627 785 4683 ⁵.
826 4625 1005 4692 Αὐτὸς
1034 4630 1180 4702 ἡμᾶς
1214 4629 1300 4685 ἐπὶ
1340 4631 1439 4700 τήν
1493 4631 1674 4686 Ἀσίαν
1724 4637 1884 4687 καλεῖ

236 4711 501 4789 βασιλεὺς
530 4715 618 4776 οἷς
648 4721 987 4780 παραιτεῖται
1027 4717 1121 4780 τὰς
1156 4719 1360 4796 μάχας,
1409 4720 1624 4784 τούτοις
1675 4719 1888 4777 ἀκίνδυ-

229 4824 329 4859 νον
360 4803 502 4858 εἶναι
551 4805 642 4859 τὸν
689 4805 828 4880 πρὸς
878 4807 1040 4862 αὐτὸν
1081 4804 1333 4865 δεικνύων
1379 4808 1650 4885 πόλεμον.
1704 4812 1886 4888 Λόχος

231 4896 320 4956 εἷς
351 4895 489 4969 πρὸς
522 4891 659 4966 ὅλην
689 4896 792 4966 τήν
833 4895 1013 4953 Ἀσίαν
1056 4899 1546 4974 παραταττόμενος,
1595 4902 1685 4957 καὶ
1728 4923 1882 4976 τρια-

230 4983 417 5038 κόσιοι
456 4988 796 5056 Σπαρτιᾶται
824 4982 1101 5051 κλείοντες
1121 4989 1384 5064 πρότερον
1416 4991 1511 5060 μὲν
1537 4996 1654 5053 τοῖς
1687 4991 1881 5055 ὅπλοις

227 5070 462 5149 ὅστερου
495 5069 551 5127 δὲ
577 5071 658 5147 τῷ
695 5073 908 5148 Θανάτῳ
955 5074 1049 5139 τὰς
1099 5076 1305 5141 Πύλας.
1353 5079 1681 5156 Σεμνότερον
1724 5082 1878 5156 ἠγεί-

223 5181 360 5239 ρατε
403 5163 672 5238 τροπαίου
719 5163 782 5219 τὸ
821 5161 1206 5243 πολυάνδριον.
1259 5168 1402 5245 Ἐγὼ
1449 5171 1540 5224 καὶ
1602 5170 1735 5246 ὑπὲρ
1776 5178 1878 5243 Θη-

1991 3287 2077 3340 tot
2125 3282 2414 3355 myriades
2464 3277 2796 3336 ceciderunt
2843 3275 3116 3330 adversus
3175 3285 3358 3325 unum
3402 3282 3635 3340 agmen,

1993 3373 2160 3446 quasi
2182 3372 2375 3444 ﬂagris
2397 3368 2694 3426 ordinatae.
2728 3366 2858 3436 Ipse
2889 3377 2989 3418 rex
3021 3362 3079 3416 in
3102 3359 3297 3415 Asiam
3323 3373 3431 3412 nos
3446 3360 3637 3424 vocat,

1992 3463 2305 3519 ostendens
2331 3459 2582 3532 demptis
2606 3454 2817 3530 pugnis
2829 3455 3021 3508 tutum
3040 3464 3239 3506 secum
3257 3445 3475 3503 bellum
3496 3446 3636 3501 fore.

1993 3551 2121 3608 Una
2150 3553 2303 3609 acies
2333 3554 2535 3606 contra
2558 3551 2740 3603 totam
2773 3543 2966 3600 Asiam
2997 3540 3284 3596 instructa
3306 3540 3364 3591 et
3397 3533 3638 3592 trecenti

1993 3643 2266 3716 Spartani
2295 3642 2459 3713 prius
2488 3637 2670 3695 armis
2697 3629 3138 3702 Thermopylas,
3190 3627 3401 3682 deinde
3449 3631 3639 3680 morte

1995 3732 2390 3797 occludentes,
2440 3723 2842 3784 honorabilius
2892 3718 3247 3790 sepulcrum,
3297 3730 3475 3785 quam
3519 3716 3641 3768 sint

1995 3827 2208 3892 tropma
2239 3821 2588 3876 excitarunt.
2623 3814 2737 3884 Ego
2761 3823 2992 3882 quoque
3015 3808 3085 3862 de
3105 3803 3400 3892 Thebanis
3421 3799 3639 3892 suppli-

1996 3890 2151 3968 cium
2183 3909 2540 3965 sumendum
2574 3901 2790 3975 putavi.
2815 3895 3082 3954 Accusati
3107 3897 3248 3949 sunt
3269 3890 3491 3946 Graecia
3508 3890 3641 3944 Per-

1995 4000 2078 4056 sis
2109 3995 2454 4072 proditionis
2486 3991 2676 4066 gentis
2707 4005 2847 4056 sum,
2881 3993 2939 4042 et
2981 3983 3124 4040 urbs
3169 3997 3296 4072 mea
3338 3978 3638 4035 Persicum

1995 4071 2198 4146 contra
2237 4087 2468 4144 ercos
2515 4081 2833 4152 assumpsit
2879 4074 3220 4133 exercitum.
3271 4071 3414 4126 Cum
3452 4071 3639 4124 Persa

1993 4179 2128 4236 victi
2160 4181 2321 4243 sunt,
2355 4190 2471 4231 non
2508 4171 2676 4229 modo
2726 4166 3134 4230 Athenienses,
3185 4161 3286 4217 sed
3335 4164 3392 4216 et
3438 4173 3642 4214 omnes

1995 4267 2177 4324 Graeci
2208 4265 2440 4321 lucrum
2472 4260 2863 4333 reportarunt.
2898 4254 3130 4310 Utinam
3159 4249 3335 4305 etiam
3367 4246 3439 4302 ad
3470 4243 3638 4317 Pylas

1995 4345 2898 4422 occurrissemus,Lacedasmonii
2923 4360 3025 4417 pro
3040 4338 3344 4412 sepultura
3357 4340 3638 4406 tropaaum

1995 4449 2322 4505 ostendant.
2341 4447 2404 4500 In
2422 4448 2668 4499 Xerxem
2695 4440 2813 4495 haec
2833 4434 3057 4502 dico,in
3083 4431 3354 4492 Xerxem,
3371 4427 3636 4498 inquam,

1994 4557 2026 4596 ο
2057 4535 2392 4610 Apollo,qui
2425 4548 2610 4605 usque
2643 4531 2714 4586 ad
2749 4543 2876 4585 aras
2905 4530 3039 4581 tuas
3071 4518 3288 4576 bellum
3334 4515 3532 4588 gessit,
3583 4520 3641 4570 et

1992 4629 2188 4701 ignem
2221 4642 2383 4682 sacro
2414 4621 2629 4692 tripodi
2659 4627 2759 4675 tuo
2791 4615 3080 4686 subjicere
3111 4615 3354 4666 conatus
3399 4611 3510 4674 est,
3541 4619 3642 4675 per

1993 4697 2168 4793 q'uem
2201 4718 2323 4776 edis
2354 4713 2612 4773 oracula.
2646 4710 2787 4767 Volo
2819 4704 3158 4793 regionibus
3188 4701 3266 4793 de
3290 4697 3437 4754 meis
3484 4699 3640 4793 recte

1993 4811 2162 4867 factis
2194 4824 2404 4865 nomen
2430 4803 2677 4878 imponi,
2701 4806 2758 4857 et
2786 4797 2992 4861 maria,
3016 4809 3082 4850 ac
3113 4789 3351 4846 ﬂumina
3381 4785 3578 4858 potius
3601 4801 3642 4878 ιι

1995 4902 2140 4958 meis
2161 4873 2595 4973 trapeis,quam
2620 4873 2877 4962 antiquis
2897 4881 3233 4944 nominibus
3248 4873 3636 4973 denominari:

1995 4990 2241 5062 Objiciet
2258 4964 2732 5062 aliquis,quando
2747 4974 3068 5040 urbem.vel
3095 4971 3250 5030 unde
3271 4964 3640 5062 reiiciemus?

1993 5058 2178 5151 Quam
2212 5058 2464 5154 amplius
2495 5058 2698 5136 urbem
2731 5071 3112 5146 qumris,cum
3135 5063 3352 5119 habeas
3376 5058 3641 5154 triremes

1991 5146 2095 5247 pro
2125 5190 2274 5230 nova
2306 5146 2466 5237 urbe,
2500 5176 2554 5226 et
2585 5169 2886 5223 ductorem
2919 5155 3267 5230 Apollinem.
3291 5146 3504 5221 Objicit
3531 5161 3636 5202 au-

1591 5298 1679 5356 VA
1688 5298 1831 5357 RIE
1870 5300 2287 5358 LECTIONES.

257 5388 751 5478 "’3.O‘1ea‘tet§:60;¢nt
793 5394 865 5478 Αζ
887 5467 915 5478 α
940 5392 1211 5478 "avexerit.
1244 5397 1446 5478 xui-p.91
1469 5396 1563 5478 Δς’.
1612 5395 1884 5478 Απχκαλάς
1915 5403 1958 5478 ρ
1992 5415 2006 5456 :
2039 5395 2224 5459 καλῶς
2259 5395 2320 5470 ς·
2327 5436 2341 5452 .
2418 5395 2464 5430 ’⁸
2493 5389 2862 5478 τρέφους’-ς..
2919 5387 2963 5478 ’ξ
3009 5380 3253 5478 ’ωύτοιξἸ
3278 5377 3393 5469 ς’,
3438 5376 3483 5412 θ’
3529 5379 3636 5478 τίον

228 5459 408 5542 ﬁbris.
439 5449 633 5542 lugeat;
697 5462 744 5499 ⁹⁹
771 5461 956 5542 καλῶς
1095 5449 1210 5542 “5]-
1231 5449 1570 5542 8:3.
1611 5469 1634 5506 ³
1662 5449 2338 5532 :8'a'eeétievdé'ie'iz'zgs'
2361 5449 2808 5536 Ποσειδῶνος-ςῖ
2841 5463 2863 5496 ³
2893 5459 3059 5514 τόπον
3089 5472 3178 5529 pr.
3212 5452 3254 5508 C
3287 5449 3504 5507 ἷτύπον
3549 5449 3589 5523 ς,
3619 5488 3634 5506 .

225 5531 250 5567 ⁴
281 5532 443 5613 φασὶν
484 5535 764 5608 Scaliger.
839 5536 860 5572 ⁸
889 5531 1288 5613 παραττόμένοι
1320 5541 1380 5600 C.

1813 5644 2049 5704 NOT/E.

305 5727 417 5800 (40)
445 5727 637 5784 Palla:
665 5744 801 5801 quas
830 5729 1077 5789 condidit
1105 5747 1260 5792 arcu
1295 5735 1417 5806 Ipsa
1447 5735 1608 5793 colat.
1642 5735 1857 5809 (Vree)
