4066 6216
285 359 434 421 1341

1371 367 1916 432 BlBLIOTHECA.
1959 401 2038 419 —
2080 369 2251 431 COD.
2300 369 2604 432 CCXLIII.

3526 373 3681 436 1342

281 495 342 550 ἐκ
378 496 565 568 τρίτου
595 495 858 570 πόλεμον.
895 505 1016 563 Πῶς
1055 501 1145 556 οὖν
1196 503 1362 558 ἅπασι
1410 503 1628 566 τούτοις
1675 508 1710 574 ἠ
1761 504 1925 568 πόλις

2043 506 2278 562 victoria
2307 505 2592 562 celeritas.
2625 504 2750 561 Uno
2792 504 2885 560 die
2913 504 3144 561 Eubteis
3185 510 3242 562 ei.
3290 508 3502 565 Bceotis
3546 511 3676 564 tro-

278 583 546 655 ἀντέστης
596 583 824 642 ἔπιπτον
886 591 1146 660 Βοιωτοὶ,
1193 597 1417 667 Δωριεῖς
1470 594 1701 668 ἠγάπων
1759 597 1932 665 σωζό-

282 695 460 748 μενοι,
512 674 802 740 Χαλκιδεῖς
855 681 1082 744 ἇίπαντες
1130 680 1356 756 ἤγοντο,
1407 684 1530 758 τρία
1578 681 1634 739 δὲ
1691 685 1928 756 εἱστήκει

277 765 535 839 τρόπαια.
576 770 692 821 Τῶν
722 765 784 822 δὲ
814 771 1092 842 τροπαίων
1124 773 1186 827 τὸ
1224 774 1398 848 τάχος
1451 772 1561 828 ἐστὶ
1615 773 1930 849 λαμπρότε-

281 873 393 928 ρον’
427 855 490 909 τὸ
519 856 620 932 γὰρ
649 858 765 912 κατ’
795 854 1030 922 Εὐϐοίας
1062 860 1151 915 καὶ
1200 866 1456 917 Βοιωτῶν
1507 869 1633 936 μιᾶς
1681 865 1746 932 ἦν
1799 865 1932 936 ἡμέο

282 963 380 1017 ρας
433 946 497 999 τὸ
555 948 983 1026 συναμφότερον.
1052 948 1230 1006 Ἀλλά
1288 950 1390 1027 γάρ
1447 945 1600 1006 ἔοικα
1662 958 1792 1006 πᾶσι
1867 953 1929 1007 τὸ

286 1032 450 1105 μέρος
499 1031 820 1091 ἀποδιδόναι
880 1043 978 1108 τῆς
1028 1038 1299 1117 εὖφημίας
1349 1039 1686 1115 βουλόμενος
1725 1047 1843 1104 τοῖς
1886 1043 1932 1080 ³⁸

282 1120 394 1177 ἅνω
427 1125 652 1198 χρόνοις
694 1125 826 1201 ὑπὲρ
858 1133 960 1196 τῆς
1000 1127 1260 1203 πατρίδος
1307 1131 1398 1184 καὶ
1443 1130 1640 1192 παντὸς
1696 1135 1794 1186 τοῦ
1838 1131 1927 1206 γέ-

280 1233 412 1276 νους
457 1215 595 1268 κατά
641 1215 737 1276 τὰς
789 1217 971 1296 μάχας
1018 1218 1390 1292 πρωτεύσασιν
1427 1220 1494 1289 ¹⁹,
1536 1219 1658 1275 οὔτε
1712 1220 1928 1283 τούτοις

278 1303 380 1370 τὴν
415 1302 557 1372 ἀξίαν
586 1310 772 1378 τηρεῖν
805 1310 884 1377 τῷ
926 1307 988 1361 τὸ
1023 1305 1250 1383 μέγεθος
1298 1313 1406 1364 τῶν
1457 1310 1698 1384 πράξεων
1747 1307 1798 1363 ἐν
1849 1313 1929 1382 τῷ

280 1395 392 1446 τῶν
426 1392 608 1468 λόγων
649 1394 808 1469 τάχει
855 1395 1310 1470 συγκρύπτεσθαι,
1362 1400 1451 1453 καὶ
1503 1400 1673 1472 μήπω
1718 1398 1926 1454 τούτων

278 1481 705 1554 προσάπτεσθαι,
747 1485 822 1538 ὧν
853 1487 888 1554 ἡ
933 1491 1037 1540 τῶν
1073 1487 1435 1561 ἀκροωμένων
1480 1486 1780 1561 προσδοκία
1829 1495 1928 1560 ζη-

274 1574 444 1626 τοῦσα
477 1569 648 1627 πάλαι
673 1573 765 1628 τὸν
798 1571 1017 1630 ἔπαινον
1049 1575 1352 1650 ἀσχάλλειν
1389 1571 1562 1632 ἔοικεν
1621 1579 1704 1632 ὅτι
1757 1581 1927 1650 μήπω

2038 613 2160 666 paea
2183 603 2371 651 erecta
2394 601 2552 650 sunt.
2579 594 2800 650 Etenim
2824 609 2954 650 cum
2977 595 3214 665 cupiam
3245 599 3520 653 omnibus
3552 599 3678 668 glo-

2038 689 2135 740 ria:
2167 686 2424 756 aliquam
2460 690 2683 756 partem
2718 684 2788 740 iis
2825 683 3097 750 tribuere,
3132 690 3228 754 qui
3281 687 3677 757 superioribus

2035 774 2154 830 illis
2203 775 2564 846 temporibus
2613 791 2712 844 pro
2759 773 2965 844 patria,
3007 773 3284 842 omnique
3314 773 3547 845 populo,
3582 791 3686 845 pu-

2037 869 2270 939 gnando
2299 867 2518 938 primas
2553 867 2831 934 ferebant,
2867 868 3030 925 visus
3061 884 3193 924 sum
3228 883 3300 922 ne
3329 867 3422 921 his
3446 867 3684 938 quidem

2038 957 2178 1011 satis
2204 957 2437 1026 dignam
2471 957 2811 1024 contulisse,
2844 974 3039 1013 rerum
3071 965 3368 1029 gestarum
3401 955 3696 1027 magnitu-

2036 1046 2230 1101 dinem
2263 1046 2567 1102 verborum
2601 1046 2856 1101 exilitate
2886 1047 3227 1114 deterendo,
3277 1061 3464 1116 neque
3509 1045 3691 1100 attin-

2037 1135 2221 1204 gendo
2251 1150 2318 1190 ea
2347 1151 2595 1204 quorum
2629 1134 2860 1190 laudem
2895 1137 3188 1191 auditores
3230 1135 3450 1207 pridem
3483 1149 3687 1204 exspe-

2037 1228 2267 1280 ctantes
2298 1224 2586 1296 indignari
2614 1224 2903 1292 videntur,
2921 1226 3072 1296 quod
3097 1240 3293 1280 eorum
3319 1225 3417 1280 fiat
3442 1224 3687 1279 minime

2036 1314 2328 1369 desiderio
2359 1315 2524 1370 satis.
2558 1319 2689 1369 Haec
2720 1315 2900 1385 igitur
2923 1317 3044 1384 jam
3073 1315 3334 1370 oratione
3355 1313 3679 1370 tractanda.

2035 1404 2390 1459 Necessitate
2438 1419 2571 1459 vero
2621 1419 2819 1474 parem
2889 1403 3135 1459 dicendo
3192 1421 3308 1459 non
3367 1421 3514 1470 esse,
3569 1419 3686 1459 non

2037 1492 2172 1548 unis
2231 1493 2530 1564 proprium
2589 1493 2834 1560 crimen,
2892 1497 2991 1549 sed
3051 1509 3362 1548 commune
3409 1494 3675 1549 omnium

2037 1582 2236 1638 fuerit.

276 1661 378 1724 τῆς
432 1657 726 1733 ἐπιθυμίας
782 1660 1142 1735 ἐμπίπλαται.
1203 1664 1411 1722 Οὐκοῦν
1462 1665 1550 1721 ἐπὶ
1597 1669 1764 1721 ταῦτα
1803 1665 1912 1738 ἤδη
1977 1668 2116 1724 ἰτέον
2165 1673 2248 1740 τῷ
2304 1667 2476 1744 λόγῳ.
2534 1670 2604 1724 Τὸ
2655 1667 2712 1725 δὲ
2759 1669 2810 1744 ἐξ
2849 1670 3090 1747 ἀνάγκης
3121 1669 3512 1726 ἀπολείπεσθαι
3545 1667 3682 1743 μέλ-

277 1749 392 1805 λειν
423 1754 531 1805 τῶν
569 1751 836 1825 πράξεων,
869 1753 951 1808 ὅτι
983 1754 1162 1810 κοινὸν
1193 1755 1461 1825 ἁπάντων,
1495 1753 1712 1817 οὐδενὸς
1744 1755 1803 1812 ἂν
1846 1755 1928 1828 εἴη
1964 1755 2170 1814 δίκαιον
2199 1755 2471 1836 ἔγκλημα.

355 1838 550 1910 Πέρσαι
611 1838 820 1916 κλῆρον
878 1839 968 1898 ἕνα
1005 1845 1103 1914 τὴν
1175 1845 1261 1922 ὑφ’
1317 1844 1465 1919 ἡλίῳ
1531 1851 1706 1900 πᾶσαν
1761 1843 1927 1917 δεῖξαι

2105 1854 2292 1907 Persa:
2321 1857 2506 1907 totum
2539 1859 2824 1908 terrarum
2857 1853 3056 1908 orbem
3082 1869 3196 1908 uno
3219 1868 3398 1924 regno
3421 1851 3680 1908 volentes

183 1982 189 1986 _
277 1933 396 1990 τοῖς
427 1926 622 1991 ὅπλοις
659 1929 1012 2005 βουλόμενοι,
1049 1939 1230 2009 μικρῷ
1265 1935 1413 2007 μέρει
1452 1939 1532 2006 τῷ
1580 1935 1715 2008 πρὸς
1765 1934 1925 1992 ἐσπέ-

279 2037 373 2092 ραν
430 2018 722 2092 πληρῶσαι
769 2023 869 2090 τὴν
939 2021 1227 2096 ἐπιθυμίαν
1311 2021 1657 2101 ἀπείργοντα.
1712 2025 1799 2087 Ὠς
1883 2022 1930 2079 δ’

275 2107 431 2184 ἀφεὶς
461 2107 552 2162 ἀπ’
584 2110 631 2146 ²⁰
661 2109 865 2173 Ἰωνίας
899 2111 926 2166 ὁ
971 2111 1193 2181 στόλος,
1253 2113 1340 2168 καὶ
1389 2112 1556 2168 πάλιν
1609 2115 1928 2190 ἀποκρύψας

276 2193 478 2267 πλήθει
537 2202 670 2253 νεῶν
731 2202 792 2254 τὸ
851 2201 1192 2278 φαινόμενον,
1251 2203 1375 2277 περὶ
1438 2205 1535 2264 τὰς
1585 2206 1786 2275 νήσους
1834 2206 1931 2269 τάς

275 2287 393 2341 κατ’
454 2286 678 2364 Αἰγαῖον
735 2288 1003 2364 ἐσχίζετο,
1057 2294 1220 2365 [1108
1269 2294 1362 2366 8.]
1410 2295 1510 2363 τήν
1563 2294 1656 2367 μὲν
1717 2295 1926 2364 Ναξίων

275 2372 441 2430 πόλιν
499 2377 638 2448 πρὸς
695 2379 793 2446 τὴν
836 2378 1100 2435 θάλατταν
1161 2380 1314 2444 εὐθὺς
1373 2383 1672 2455 μερίζεται,
1721 2386 1790 2456 τῇ
1835 2385 1926 2456 μὲν

274 2463 430 2541 ἀφεὶς
462 2466 507 2501 τί
546 2468 681 2537 μετὰ
710 2473 809 2536 τῆς
852 2466 1169 2542 ἐπωνυμίας
1219 2468 1510 2550 τοῦδαφος,
1565 2473 1728 2534 αὐτὸς
1775 2470 1831 2526 δὲ
1867 2472 1930 2526 τὸ

275 2554 434 2627 γένος
464 2552 542 2617 εἷς
587 2555 684 2616 τὰς
723 2559 968 2631 τριήρεις
1019 2557 1338 2629 ἐνθέμενος⁹
1378 2561 1468 2615 τὸν
1517 2557 1574 2614 δὲ
1612 2561 1928 2634 Ἐρετριέων

278 2638 459 2714 δῆμον
513 2641 702 2699 ὅπλων
760 2647 856 2718 μὲν
906 2647 1006 2702 οὐκ
1053 2647 1308 2718 ἠξίωσαν,
1359 2647 1624 2704 ἐλάττονα
1667 2654 1930 2724 Περσικοῦ

281 2729 536 2804 πολέμου
564 2735 663 2802 τὴν
704 2736 881 2811 τύχην
915 2737 1091 2794 αὐτῶν
1125 2740 1464 2812 νομίσαντες,
1499 2741 1647 2819 χειρὶ
1679 2738 1738 2795 δὲ
1768 2746 1932 2820 χεῖρα

289 2821 486 2884 πάντες
543 2821 810 2894 ἀλλήλων
860 2828 1176 2902 συνέχοντες
1234 2831 1516 2903 σαγηνείας
1591 2829 1772 2886 εῗκόνα
1828 2832 1929 2900 τήν

291 2911 610 2986 Ἐρετριέων
671 2909 873 2988 ἔδειξαν
929 2918 1214 2991 πόρθησιν,
1275 2919 1425 2974 Ἐπεὶ
1484 2915 1541 2974 δὲ
1606 2921 1698 2974 καὶ
1753 2927 1934 2995 Μαρα-

285 3006 462 3066 θῶνος
493 3005 727 3078 ἥψαντο,
765 3006 832 3062 τὰ
873 3008 968 3080 μὲν
1001 3012 1107 3063 τῶν
1139 3006 1376 3064 ἐλπίδων
1422 3010 1714 3087 ἠφάνιστο,
1761 3009 1932 3086 ἐγνώ-

283 3113 438 3167 ρισαν
464 3089 520 3148 δὲ
550 3092 734 3157 καλῶς
767 3092 856 3150 διά
892 3103 992 3166 τῆς
1027 3097 1213 3173 πείρας
1249 3100 1512 3170 μαθόντες
1555 3099 1679 3154 ὅσον
1719 3099 1782 3154 τὸ
1837 3098 1930 3171 μέ-

2040 1938 2356 2008 includere,
2407 1957 2512 2012 spe
2558 1958 2662 1996 sua
2708 1941 2971 1997 frustrati
3016 1947 3173 2010 sunt,
3203 1958 3336 1997 cum
3371 1958 3488 1996 una
3519 1946 3684 2012 parte

2039 2028 2428 2084 Occidentalis
2460 2031 2618 2101 regni
2652 2030 3024 2102 cupiditatem
3054 2029 3300 2102 implere
3331 2046 3447 2086 non
3481 2037 3683 2100 potue-

2046 2118 2180 2175 rint.
2243 2118 2459 2176 Classis
2501 2121 2655 2175 enim
2706 2136 2775 2176 ex
2824 2121 2983 2176 Ionia
3039 2121 3292 2188 solvens,
3352 2119 3686 2189 iterumque

2040 2209 2421 2265 multitudine
2480 2211 2714 2265 navium
2781 2225 2980 2280 aequor
3035 2217 3257 2281 tegens,
3346 2207 3686 2278 insulasque

2037 2298 2210 2368 IEgmi
2243 2299 2442 2363 maris,
2475 2299 2758 2370 dissipata
2788 2305 2896 2354 est.
2939 2297 3250 2354 Naxiorum
3286 2296 3523 2368 quidem
3551 2294 3687 2352 civi-

2039 2392 2212 2443 tatem
2265 2387 2335 2442 ad
2386 2404 2546 2443 mare
2593 2389 2790 2444 statim
2845 2389 3089 2456 invadit,
3133 2386 3234 2443 ubi
3302 2403 3430 2441 eam
3481 2388 3684 2440 urbem

2041 2476 2307 2532 funditus
2339 2493 2450 2532 una
2480 2494 2608 2532 cum
2644 2479 2878 2532 nomine
2907 2478 3231 2543 diruerant,
3274 2481 3332 2531 et
3361 2487 3590 2547 gentem
3622 2474 3683 2530 in

2040 2567 2308 2622 triremes
2331 2569 2963 2638 imposuerunt.0pera3
2986 2566 3235 2638 pretium
3259 2581 3369 2619 non
3391 2567 3687 2619 duxerunt

2041 2671 2174 2711 cum
2224 2656 2649 2711 Eretriensibus
2694 2657 2876 2711 armis
2920 2657 3232 2724 decertare,
3283 2655 3433 2725 quod
3487 2667 3685 2708 eorum

2042 2745 2335 2800 fortunam
2369 2744 2597 2800 Persico
2630 2744 2782 2800 bello
2812 2743 3146 2800 inferiorem
3195 2748 3484 2814 putarent.
3535 2743 3692 2798 Inter

2041 2848 2104 2889 se
2136 2832 2407 2887 manibus
2437 2831 2722 2888 consertis
2751 2832 2834 2886 ita
2864 2833 3208 2887 invaserunt
3229 2830 3607 2897 Eretrienses,
3623 2845 3690 2884 ac

2043 2922 2093 2977 si
2123 2921 2185 2976 in
2215 2938 2432 2993 sagena
2463 2921 2897 2978 concluderent.
2944 2920 3086 2976 Cum
3119 2919 3517 2974 Marathonem
3550 2917 3688 2972 atti-

2043 3011 2285 3082 gissent,
2318 3027 2450 3081 spes
2480 3010 2822 3066 labefactata
2870 3015 2978 3065 est.
3029 3008 3212 3063 Probe
3259 3007 3416 3063 enim
3461 3006 3686 3078 experi-

2044 3106 2240 3158 mento
2271 3102 2426 3158 docti
2461 3102 2803 3170 didicerant,
2835 3104 3119 3169 quantum
3150 3099 3302 3153 inter
3330 3114 3436 3154 nos
3464 3101 3521 3152 et
3553 3097 3684 3152 Ere-

278 3165 376 3236 σον
414 3184 733 3258 Ἐρετριέων
775 3187 866 3240 καὶ
915 3192 1015 3255 τῆς
1063 3165 1332 3262 ἡμετέρας
1381 3187 1620 3250 πόλεως.
1673 3189 1806 3244 Τότε
1838 3165 1930 3250 ’τις

2043 3189 2290 3246 trienses
2321 3192 2646 3245 interesset.
2677 3191 2820 3244 Tum
2854 3187 3074 3244 navalis
3105 3186 3343 3258 quidam
3379 3184 3545 3240 miles
3585 3184 3688 3240 ad-

281 3271 376 3326 καὶ
416 3273 552 3328 κατά
599 3276 860 3349 τριήρους
911 3274 1049 3346 ὅλης
1086 3278 1336 3340 ναυτικὸς
1390 3278 1728 3352 στρατιώτης
1773 3275 1934 3333 ἐτόλ-

287 3381 456 3433 μησεν
492 3379 506 3394 ⁸
559 3359 873 3436 ἐπιδραμὼν
909 3365 1011 3441 γὰρ
1060 3372 1176 3427 τοῖς
1222 3369 1511 3444 φεύγουσιν
1564 3367 1642 3428 εἷς
1691 3369 1790 3437 τήν
1839 3368 1932 3423 θά-

285 3447 494 3506 λασσαν
527 3456 824 3523 Φοινῖσσης
851 3455 983 3512 νεὼς
1017 3450 1377 3527 λαμϐάνεται,
1427 3456 1706 3530 κρείττονα
1757 3453 1931 3527 δεξιάν

285 3535 436 3618 ἔχειν
465 3544 724 3616 τριήρους
759 3540 898 3613 ὅλης
939 3542 1213 3616 οἰόμενος.
1246 3544 1532 3607 Δείσαντες
1567 3543 1624 3600 δὲ
1657 3545 1791 3620 ὑπὲρ
1831 3552 1934 3616 τῆς

285 3633 549 3708 τριήρους
593 3633 651 3686 οἱ
695 3629 981 3708 βάρϐαροι,
1029 3635 1103 3706 μή
1164 3631 1340 3704 δεξιᾶς
1392 3635 1647 3705 Ἀττικῆς
1713 3637 1934 3710 γενηται

290 3721 561 3800 λάφυρον,
601 3719 819 3777 πελέκει
843 3723 943 3791 τήν
983 3728 1144 3797 χεῖρα
1197 3722 1528 3796 μερίζουσιν.
1578 3727 1638 3780 '0
1687 3721 1742 3778 δὲ
1789 3724 1939 3793 πλη-

295 3812 413 3888 γεὶς
473 3810 648 3868 ἔκειτο
705 3819 804 3882 τῆς
855 3815 948 3886 μὶν
1002 3814 1188 3888 χειρὸς
1243 3813 1548 3889 ἀφαιρεθεὶς
1579 3815 1645 3886 ²²,
1707 3821 1806 3884 τῆς
1883 3812 1940 3869 δὶ

297 3903 565 3975 τριήρους
623 3899 907 3976 ἐχόμενος.
957 3904 1021 3957 Ὦ
1066 3907 1276 3977 πρῶτοι
1323 3903 1422 3970 τήν
1485 3907 1704 3978 Περσῶν
1762 3905 1938 3978 τύχην

297 3989 654 4066 ἐλέγξαντεςί
725 3991 770 4045 ὦ
826 3991 1108 4067 κρείττους
1158 3998 1258 4061 τῆς
1317 3992 1661 4066 ἀνθρωπίνης
1734 3993 1942 4066 φύσεως

295 4080 452 4141 νίκας
501 4081 854 4150 νικήσαντεςῑ
907 4079 951 4135 ὦ
1002 4082 1136 4154 μετὰ
1184 4079 1542 4156 διηγημάτων
1591 4081 1867 4148 πεσόντες,
1911 4079 1944 4136 ἃ

303 4169 444 4242 μήτε
489 4169 594 4242 πρὸ
653 4169 805 4242 ὑμῶν
857 4171 995 4241 μήτε
1046 4171 1161 4242 μεθ’
1204 4170 1344 4243 ὑμᾶς
1373 4170 1400 4223 ὁ
1443 4169 1643 4244 χρόνος
1675 4170 1939 4246 ἦνεγκενί

295 4254 342 4310 ὦ
393 4258 714 4332 σεμνότερον
759 4258 1021 4334 τροπαίου
1075 4259 1242 4336 τάφον
1308 4259 1679 4332 κτησάμενοιί
1741 4258 1813 4313 ὧν
1879 4260 1942 4315 τὸ

294 4348 626 4421 Μαραθῶνος
685 4343 861 4420 ὄνομα
915 4353 1033 4409 τοῖς
1099 4347 1264 4418 ἡλίου
1323 4345 1553 4422 δρόμοις
1626 4348 1942 4403 συναποτεί-

292 4457 472 4499 νοντες
501 4437 512 4492 l
556 4437 824 4512 Μαραθὼν
856 4438 950 4510 μὲν
983 4436 1095 4512 ἔχει
1128 4439 1194 4492 τὰ
1235 4439 1482 4512 σώματα,
1511 4438 1606 4500 τὰς
1657 4439 1712 4493 θὲ
1755 4439 1939 4514 ψυχὰς
1970 4481 2016 4545 D

327 4527 342 4545 ι
649 4530 670 4542 ο
825 4528 851 4545 Δ
924 4528 938 4544 \
1049 4534 1074 4544 α-
1133 4524 1174 4545 δε
1272 4527 1284 4544 ὶ
1381 4525 1400 4545 \
1423 4527 1434 4545 ο
1627 4528 1640 4545 \
1680 4529 1705 4545 Λ
1729 4527 1770 4545 σς

292 4527 346 4581 οἱ
381 4530 772 4601 συστρατιῶται
825 4528 964 4598 θεοῖ,
1004 4534 1075 4602 γῆ
1130 4524 1186 4582 δὲ
1233 4527 1295 4582 τὸ
1343 4525 1504 4588 κλέος
1553 4528 1642 4582 καὶ
1679 4527 1939 4586 θάλαττα.

292 4616 649 4690 Θυμουμένου
699 4614 756 4672 δὲ
801 4621 898 4671 τοῦ
941 4619 1146 4691 Ξέρξου
1187 4616 1323 4673 κατὰ
1369 4624 1468 4686 τῆς
1519 4617 1737 4681 πόλεως
1788 4616 1940 4674 οὐδὲν

289 4710 402 4761 τῶν
452 4705 661 4762 πάντων
708 4708 1007 4782 ἡσύχαζεν,
1057 4705 1206 4763 ἀλλὰ
1253 4712 1356 4762 πᾶν
1411 4707 1556 4779 αύτῷ
1616 4715 1942 4764 συνεκινεῖτο

291 4795 383 4850 καὶ
420 4795 741 4863 συνεσείετο,
793 4800 1032 4874 καθάπερ
1073 4795 1410 4861 Ποσειδῶνος
1461 4797 1629 4854 αὐτοῦ
1676 4800 1945 4854 τινάσσον-

291 4906 386 4948 τος
420 4887 466 4922 ³³
495 4889 599 4963 γῆν
633 4887 775 4960 ὁμοῦ
803 4893 974 4942 πᾶσαν
1003 4887 1094 4942 καὶ
1125 4886 1390 4943 θάλατταν
1425 4889 1492 4944 ²⁴.
1545 4894 1617 4957 Γῆ
1672 4889 1798 4964 [ἕ93
1848 4891 1941 4962 Η.]

294 4973 353 5031 δὲ
409 4975 498 5031 καὶ
557 4975 796 5032 θάλαττα
852 4979 951 5047 τήν
1013 4975 1281 5049 ἀλλήλων
1342 4978 1498 5056 φύσιν
1575 4977 1938 5049 ἠλλάττοντο.

290 5069 424 5129 Τοῖς
459 5067 553 5140 μὲν
583 5070 851 5141 πορθμοῖς
881 5067 1108 5123 ἐπετίθει
1146 5069 1246 5136 τὴν
1275 5065 1526 5142 ἤπειρον,
1567 5070 1662 5130 τάς
1709 5065 1765 5123 δὶ
1814 5075 1945 5124 Φοι-

288 5155 479 5219 νίσσας
513 5155 602 5212 διά
628 5162 738 5212 τῶν
791 5158 998 5233 ἷσθμῶν
1047 5153 1310 5230 ἔπεμπεν.
1369 5160 1545 5237 Ὤφθη
1597 5157 1720 5214 τότε
1759 5160 1940 5230 πάσης

287 5243 517 5309 ἐλπίδος
550 5247 828 5322 κρείττονα
878 5246 1147 5321 θαύματα,
1203 5246 1378 5311 ’ίππος
1427 5249 1550 5303 καθ’
1595 5247 1940 5318 Ἑλλησπόν-

283 5357 384 5391 του
415 5338 464 5373 ⁸⁵
493 5334 744 5408 Μηδίκη,
775 5337 862 5393 καὶ
916 5335 986 5392 δι’
1024 5339 1177 5395 Ἀθω
1231 5337 1397 5410 μὲσου
1446 5335 1646 5402 στόλος
1691 5343 1934 5412 τριηρῶν

280 5428 665 5503 πεμπόμενος.
702 5429 992 5504 ’Δπείχετο
1023 5425 1070 5483 δ’
1102 5429 1128 5484 ὁ
1162 5429 1376 5505 Ξὲρξης
1397 5426 1522 5486 οὐδὲ
1553 5429 1788 5506 οὐρανοῦ
1815 5434 1935 5492 τοῖς

2041 3296 2240 3335 versus
2294 3281 2578 3350 integram
2624 3278 2921 3334 triremem
2976 3293 3158 3332 ausus
3207 3281 3296 3332 est
3332 3277 3687 3346 depugnare.

2044 3369 2268 3442 Urgens
2299 3369 2588 3441 fugientes
2620 3369 2688 3423 atl
2725 3384 2884 3423 mare
2935 3365 3267 3432 Phoeniciis,
3301 3364 3431 3420 navi
3485 3379 3693 3420 manus

2043 3459 2264 3530 injecit,
2317 3458 2608 3514 fortiorem
2653 3458 2995 3513 existimans
3051 3461 3173 3512 tota
3229 3457 3358 3510 navi
3404 3454 3688 3510 dextram.

2045 3548 2218 3604 Veriti
2277 3554 2471 3604 autem
2531 3545 2790 3616 Barbari,
2851 3563 2924 3603 ne
2982 3548 3144 3602 navis
3199 3558 3402 3601 eorum
3485 3543 3689 3598 Attica:

2046 3640 2256 3696 dextra
2288 3639 2347 3693 in
2381 3638 2635 3710 praedam
2669 3637 2919 3704 cederet,
2951 3637 3142 3691 securi
3195 3649 3432 3690 manum
3478 3649 3687 3701 ampu-

2047 3732 2174 3783 tant
2209 3743 2222 3781 :
2256 3726 2379 3796 ipse
2407 3743 2539 3782 vero
2570 3726 2804 3782 saucius
2837 3725 2964 3779 sine
3010 3739 3186 3778 manu
3227 3722 3479 3791 jacebat,
3511 3722 3684 3776 trire-

2049 3833 2200 3872 mem
2247 3821 2440 3871 tamen
2487 3815 2784 3870 mordicus
2833 3818 3055 3869 tenens.
3107 3811 3152 3866 0
3200 3827 3301 3865 vos
3351 3809 3546 3879 primi,
3587 3807 3690 3879 qui

2052 3904 2360 3960 Persarum
2393 3905 2685 3959 fortunam
2717 3901 3028 3958 illusistis!
3065 3899 3110 3955 0
3157 3914 3260 3954 vos
3317 3899 3418 3968 qui
3467 3896 3692 3967 majora

2050 3993 2284 4049 vincitis
2329 4009 2507 4064 quam
2562 3997 2769 4047 natura
2815 3991 3076 4046 humana
3123 3985 3454 4059 permittat!
3505 3985 3548 4042 0
3589 3984 3691 4057 qui

2051 4080 2395 4138 occutnbitis
2418 4098 2548 4137 cum
2580 4097 2647 4136 ea
2678 4096 2870 4135 rerum
2903 4083 3196 4149 gestarum
3222 4075 3486 4140 historia,
3511 4089 3691 4146 quam

2054 4186 2242 4242 neque
2272 4175 2401 4225 ante
2428 4187 2550 4234 vos.
2585 4185 2688 4226 nec
2720 4173 2846 4241 post
2884 4173 3118 4240 tempus
3159 4165 3331 4222 tulit!
3383 4164 3428 4219 Ο
3471 4165 3573 4236 qui
3621 4163 3693 4219 il-

2053 4260 2384 4316 lustriorem
2411 4259 2601 4315 864b
2624 4259 2772 4314 nacti
2796 4261 2936 4314 estis
2956 4263 3171 4328 tr0paeo
3193 4254 3580 4326 sepulturam,
3596 4256 3696 4324 qui

2051 4367 2261 4407 nomen
2289 4350 2648 4406 Marathonis
2672 4350 2812 4405 solis
2836 4349 3104 4406 cursibus
3135 4347 3446 4405 extenditis
3472 4347 3485 4403 l
3514 4347 3696 4404 Mara-

2049 4439 2189 4495 thon
2222 4444 2382 4495 tenet
2410 4445 2596 4495 vestra
2627 4455 2889 4510 corpora,
2922 4439 3147 4494 animas
3187 4437 3292 4509 ipsi
3326 4437 3427 4506 dii,
3459 4438 3560 4510 qui
3593 4453 3694 4493 vo-

2049 4530 2275 4586 biscum
2309 4534 2662 4602 pugnarunt,
2696 4529 2937 4601 gloriam
2971 4536 3124 4584 terra
3145 4529 3404 4584 continet
3421 4543 3487 4583 ac
3512 4544 3688 4582 mare.

2047 4619 2260 4676 Xerxes
2307 4625 2503 4675 autem
2557 4617 2690 4674 huic
2749 4619 2878 4674 urbi
2925 4618 3174 4674 infestus
3222 4617 3366 4672 nihil
3408 4616 3690 4673 intactum

2049 4710 2300 4780 reliquit,
2335 4709 2433 4766 sed
2468 4709 2667 4765 omnia
2698 4709 2967 4764 movebat
2994 4712 3052 4763 et
3081 4707 3472 4774 concutiebat,
3520 4705 3690 4779 quasi

2047 4799 2350 4872 Neptunus
2383 4808 2594 4856 terram
2635 4805 2690 4854 et
2721 4798 2898 4854 simul
2931 4813 3090 4854 mare
3121 4801 3454 4853 concuteret
3486 4811 3499 4850 :
3535 4801 3692 4850 terra

2047 4893 2102 4945 et
2142 4907 2298 4946 mare
2329 4905 2492 4946 suam
2525 4890 2773 4945 invicem
2805 4893 3074 4944 naturam
3105 4886 3537 4958 permutabant.
3574 4885 3687 4940 Im-

2047 4981 2244 5051 posuit
2272 4984 2487 5035 terram
2521 4979 2703 5042 fretis,
2737 4986 2789 5034 et
2821 4976 3161 5033 Phoenicum
3195 4991 3371 5032 naves
3401 4990 3504 5045 per
3547 4990 3687 5032 con-

2045 5069 2326 5125 tinentem
2363 5069 2544 5125 misit.
2591 5068 2753 5125 Tunc
2787 5068 2946 5123 omni
2991 5083 3095 5138 spe
3140 5066 3363 5136 majora
3402 5065 3687 5124 miracula

2042 5161 2321 5228 vidimus,
2383 5177 2482 5232 per
2525 5159 2966 5230 Hellespontum
3015 5158 3312 5230 equitatus
3359 5157 3680 5226 Medorum,

2045 5266 2143 5321 per
2173 5251 2457 5306 Athonem
2491 5249 2819 5305 triremium
2852 5249 3062 5304 classis
3092 5247 3202 5302 iter
3234 5248 3384 5303 fecit.
3428 5247 3578 5312 Quin
3626 5251 3685 5304 et

2041 5341 2112 5396 ad
2148 5338 2356 5397 calum
2390 5355 2573 5412 usque
2603 5339 2906 5394 audaciam
2940 5354 3105 5395 suam
3138 5339 3358 5394 Xerxes
3401 5337 3679 5408 extendit,

2041 5436 2096 5486 et
2125 5429 2242 5486 suis
2271 5427 2614 5501 prodigiosis
2648 5427 2813 5484 factis
2842 5425 3154 5484 transilivit
3183 5443 3216 5483 a
3265 5427 3407 5484 mari
3455 5426 3516 5483 in
3566 5430 3681 5483 ter-

1671 5557 1914 5616 VARIB
1953 5556 2366 5614 LECTIONES.

365 5657 410 5698 ³⁸
431 5661 568 5732 τοῖς]
610 5659 806 5717 malim
838 5663 954 5732 τοῖς
985 5656 1037 5714 ἐν
1077 5660 1214 5732 τοῖς.

1323 5659 1368 5696 ¹⁰
1397 5655 1759 5734 πρωσεύσασα
1793 5656 1874 5732 ς’.
1978 5657 2028 5734 ξ
2057 5655 2225 5734 ἀπίῇᾼ
2255 5674 2291 5734 ,τ’
2317 5653 2403 5710 ἐπ’
2434 5655 2516 5731 ς.

2622 5657 2686 5732 ’ᾗ
2720 5657 2875 5732 ἐφιεὶς
2930 5657 3189 5732 codices_
3211 5655 3471 5715 Himerii.
3533 5654 3682 5710 Pho-

291 5733 438 5790 tiani
468 5725 664 5816 ἀφὶῖσα
764 5733 810 5768 ³³
839 5731 1218 5813 ἀφαιρεθείσης
1251 5733 1315 5789 Α.
1392 5725 1672 5788 ’δ’τίνάσσ.
1701 5725 1934 5806 τὴν’γῆν
1965 5729 2047 5806 ς.
2125 5728 2173 5766 ²⁴
2204 5725 2476 5783 θάλασσαν
2509 5734 2567 5787 Β.
2644 5729 2689 5766 ’⁸
2717 5725 3092 5802 ὶλλήσποντον
3127 5727 3210 5806 ς’.
