4066 6216
276 369 434 432 1345

1363 367 1902 430 BIBLIOTHECA.
1948 396 2007 411 -
2067 369 2238 428 COD.
2287 368 2589 430 CCXLIII.

3515 374 3673 434 1346

277 501 500 578 πράξεσι
551 498 749 575 χρόνον
794 499 886 554 καὶ
935 499 1131 575 φθόνον
1179 499 1533 570 νικήσαντεςι
1584 504 1648 552 Ὠ
1702 499 1801 566 τὴν
1854 497 1918 552 οἱ·

2045 515 2159 555 non
2189 499 2501 569 columnis,
2536 501 2636 556 sed
2668 500 2900 572 tropaeis
2929 501 3172 558 dimensi
3203 505 3359 562 estis.
3395 506 3524 562 Dixi
3555 509 3679 564 for-

277 592 550 664 κουμὲνην
582 592 790 646 ἅπασαν
842 588 902 644 ού
954 588 1184 660 στήλαις
1231 587 1376 644 ἀλλὰ
1405 589 1690 664 τροπαίοις
1725 590 1930 663 μετρή-

277 681 508 742 σαντεςί
572 677 802 755 Ε’ίρηται
868 677 1038 750 κάμοὶ
1090 684 1192 747 τῆς
1274 679 1368 752 μὲν
1434 677 1738 740 ὑποθέσεως
1789 675 1928 740 ’ίσως

278 769 528 839 ἔλαττον,
559 775 667 824 τῶν
715 767 772 824 δὲ
821 767 1056 823 πολλῶν
1105 767 1208 823 οὐκ
1251 765 1534 823 ἐλάττονα.
1577 767 1830 822 Αείπεται
1873 763 1929 822 δὲ

2037 587 2190 644 sitan
2221 589 2417 644 minus
2446 605 2621 661 quam
2662 605 2840 644 causa
2879 589 3164 660 exigebat,
3196 609 3309 650 non
3349 599 3538 654 tamen
3572 597 3678 653 mi-

2039 694 2151 733 nus
2181 693 2358 748 quam
2383 677 2483 732 alii
2514 677 2772 748 plurimi.
2797 676 3110 749 Reliquum
3137 685 3248 748 est,
3277 687 3341 737 ut
3367 691 3677 757 postquam

2037 782 2242 822 omnes
2274 766 2658 822 acclamarint
2681 768 2994 836 memoria,
3019 769 3103 824 sic
3127 785 3330 826 omnes
3353 773 3675 831 discedant.

276 861 512 937 εὐφήμῳ
548 861 651 935 βοῇ
686 861 1142 934 προσηχήσαντας
1174 856 1450 931 πανδημεὶ
1481 858 1676 919 πάντας
1707 859 1754 894 ³⁸
1780 862 1858 929 τῷ
1889 857 2154 929 μνήματι,
2189 855 2332 910 οὕτω
2361 863 2460 926 τῆς
2490 862 2658 928 τιμῆς
2688 854 3147 914 ἀπαλλάττεσθαι.

277 952 375 1007 Ἐκ
418 954 516 1024 τού
585 949 1037 1024 Ἀρεοπαγιτικοῦ
1189 948 1614 1024 ἐλευθερωτικοῦ
1659 951 1758 1003 τοῦ
1801 948 1922 1001 υἱοῦ

457 1021 624 1077 αὐτοῦ
655 1019 748 1076 τοῦ
781 1019 1059 1096 Ῥουφίνου
1090 1021 1159 1077 ³⁹.
1198 1055 1260 1063 -
1289 1019 1725 1096 ΤὸἨροοίμιον.

349 1108 579 1185 Ἀνδρες
611 1111 664 1164 οἱ
710 1109 799 1164 καὶ
850 1111 994 1171 θεοῖς
1056 1110 1186 1184 ὑπὲρ
1245 1107 1401 1180 νίκης
1461 1108 1630 1165 πάλαι
1688 1109 1778 1163 καὶ
1834 1111 1921 1162 νῦν

280 1199 586 1270 Ἀθηναίοις
639 1199 772 1272 ὑπὲρ
831 1195 1138 1271 ἐλευθερίας
1199 1195 1531 1267 δικάζοντες.
1589 1198 1798 1254 Οὐκοῦν
1844 1201 1923 1269 τῷ

274 1289 431 1362 νόμῳ
505 1287 828 1361 πειθόμενος
891 1287 958 1342 τὰ
1013 1295 1116 1356 τῆς
1164 1287 1352 1363 χρείας
1413 1288 1586 1360 μόνης
1628 1286 1921 1364 φθέγξομαι

277 1377 518 1454 ῥήματα.
552 1377 691 1452 Ἐγὼ
733 1379 824 1431 καὶ
875 1379 1140 1454 σοφιστὴς
1189 1375 1452 1452 ἐγενόμην
1495 1377 1620 1452 παρ’
1673 1377 1802 1449 ὑμῖν
1831 1377 1922 1430 καί

274 1471 480 1543 πατήρ.
533 1468 593 1524 Εἰ
645 1470 908 1545 σοφιστὴς
960 1465 1151 1541 δεξιὸς,
1206 1469 1360 1541 ὑμεῖς
1420 1467 1722 1523 ἐπίστασθε·
1775 1465 1922 1542 λέγω

275 1558 374 1633 γὰρ
407 1558 513 1627 ἀεὶ,
543 1558 632 1612 καὶ
681 1559 780 1627 τὴν
832 1556 970 1630 ἐμὴν
1015 1557 1294 1614 πολιτείαν
1340 1555 1456 1632 ἔχει
1502 1558 1570 1612 τά
1616 1556 1826 1632 θέατρα·
1878 1557 1923 1611 εἰ

276 1647 457 1722 πατὴρ
517 1647 788 1716 Ἄττικος,
837 1649 872 1716 ἡ
920 1651 1169 1718 παροῦσα
1222 1643 1454 1702 δείκνυσι
1511 1646 1800 1724 πρόφασις·
1861 1646 1922 1701 οὐ

273 1736 374 1812 γάρ
432 1734 700 1811 ἀνέχομαι
765 1737 857 1792 τὸν
919 1737 1221 1808 Ἀθηναίων
1280 1733 1447 1792 παῖδα
1507 1738 1582 1810 μή
1644 1756 1923 1811 προσαγο-

2037 948 2118 1002 Ex
2174 948 2582 1020 AreOpagetica,
2639 964 2736 1003 seu
2791 965 2899 1020 qua
2957 949 3216 1018 Ruﬁnum
3271 953 3451 1020 ﬁlium
3517 971 3680 1012 suum

2177 1018 2402 1075 liberali
2439 1035 2606 1074 causa
2636 1018 2810 1075 manu
2838 1024 3052 1076 asserit.
3087 1052 3154 1062 —
3185 1018 3538 1082 Prowmium.

2105 1105 2228 1162 Viri
2259 1107 2357 1177 qui
2389 1106 2526 1163 olim
2558 1109 2630 1163 de
2668 1108 2924 1164 victoriis
2955 1127 3089 1166 cum
3130 1111 3244 1168 diis
3275 1113 3680 1184 decertabatis,

2035 1201 2091 1254 et
2124 1213 2279 1253 nunc
2309 1214 2444 1252 cum
2475 1198 2934 1255 Atheniensibus
2963 1201 3033 1255 de
3063 1200 3348 1259 libertate.
3385 1204 3570 1276 Igitur
3597 1207 3682 1263 le-

2033 1285 2207 1357 gibus
2239 1286 2648 1357 obtemperans
2680 1303 2748 1343 ea
2769 1287 2957 1343 solum
2992 1290 3142 1358 dico,
3167 1307 3292 1362 quea
3327 1297 3678 1354 necessaria.

2034 1376 2152 1447 Ego
2183 1379 2242 1432 et
2290 1383 2454 1448 pater
2483 1377 2635 1447 apud
2684 1393 2787 1433 vos
2837 1378 3110 1448 sophista:
3162 1379 3402 1452 fuimus,
3435 1387 3493 1440 et
3540 1402 3680 1443 num

2035 1469 2282 1538 argutus
2333 1465 2564 1536 fuerim,
2597 1481 2701 1522 vos
2749 1466 2994 1525 novistis
3035 1469 3164 1540 (hoc
3202 1470 3356 1527 enim
3407 1462 3681 1546 frequ'en-

2035 1559 2124 1610 ter
2153 1570 2396 1626 usurpo,
2420 1559 2478 1610 et
2499 1571 2689 1612 meam
2713 1556 3141 1614 institutionem
3176 1558 3403 1618 theatra
3434 1561 3685 1635 loquun-

2035 1647 2154 1719 tur)
2188 1663 2324 1703 num
2357 1648 2582 1704 Atticus
2615 1654 2778 1717 pater
2808 1649 3001 1718 fuerit,
3037 1649 3156 1706 haec
3186 1651 3441 1707 declarat
3469 1655 3676 1712 oratio.

2036 1736 2178 1791 Nolo
2228 1737 2383 1792 enim
2442 1735 2888 1793 Atheniensium
2944 1739 3205 1796 sobolem
3259 1739 3500 1798 liberam
3559 1761 3673 1800 non

275 1811 448 1900 ρεύειν
482 1823 790 1901 ἐλεύθερον.
843 1824 1092 1881 Πιστεύω
1137 1827 1228 1880 καὶ
1267 1826 1373 1900 πρὸ
1421 1820 1566 1896 ἥϐης
1624 1827 1720 1894 τήν
1769 1823 1918 1880 ἐλευ-

2034 1825 2344 1897 appellare.
2381 1823 2731 1882 Libertatem
2777 1827 2947 1882 etiam
2982 1833 3116 1884 ante
3161 1829 3524 1900 pubertatem
3559 1833 3675 1890 {ilio

276 1914 458 1990 θερίαν
495 1915 574 1987 τῷ
623 1912 801 1972 παιδί.
871 1915 1038 1989 Ἐμός
1083 1914 1246 1988 ἐστιν,
1299 1915 1589 1985 Ἀθηναῖός
1643 1914 1781 1982 ἐστι,
1832 1913 1925 1969 πό-

277 2002 418 2065 λεως
461 2005 550 2058 καὶ
599 2002 766 2059 πλέον
811 2005 1066 2076 τιμώσης
1112 2004 1175 2058 τὸ
1226 2005 1408 2059 κοινὸν
1450 2012 1627 2080 γῆρας
1655 2004 1690 2074 ἢ
1718 2005 1780 2059 τὸ
1813 2009 1920 2059 τῶν

275 2095 524 2168 πατέρων
561 2091 760 2166 ἕτεροι.
810 2094 981 2156 Οὗτός
1018 2093 1159 2148 ἐστιν
1211 2093 1271 2148 ἐκ
1322 2092 1711 2169 Πλουτάρχου,
1760 2091 1831 2148 δι’
1861 2095 1922 2149 οὗ

269 2182 469 2244 πάντας
514 2182 672 2256 ὑμεῖς
724 2181 1031 2238 παιδεύετε·
1087 2185 1245 2245 οὗτος
1303 2181 1362 2237 ἐκ
1411 2185 1777 2240 Μινουκιανοῦ
1824 2187 1921 2239 τοῦ

273 2269 362 2326 διὰ
392 2279 491 2343 τῆς
548 2274 740 2329 ἑαυτοῦ
788 2275 975 2350 φωνῆς
1016 2273 1262 2336 πολλοὺς
1303 2272 1577 2337 πολλάκις
1626 2273 1918 2350 ἐλευθερῶ·

269 2383 485 2423 σαντος.
518 2364 628 2420 Τὸν
672 2362 732 2419 ἐκ
781 2363 1093 2440 Νικαγόρου
1135 2366 1483 2440 προσήγαγον
1532 2364 1679 2436 ὑμῖν,
1727 2365 1820 2419 τὸν
1866 2362 1916 2434 ἐξ

269 2451 534 2520 ἐμαυτοῦ.
569 2457 850 2530 Σοφιστῶν
886 2453 1014 2526 ὑμῖν
1045 2454 1132 2508 καὶ
1185 2451 1500 2527 φιλόσόφων
1555 2451 1700 2528 λέγω
1748 2453 1918 2508 κατά-

271 2537 461 2616 λογον,
504 2542 756 2610 Ἀττικὴν
813 2538 981 2602 ὅντως
1036 2540 1328 2616 εὐγένειαν.
1390 2545 1600 2620 ’Δφῆκα
1642 2540 1914 2604 πολλάκις

266 2629 363 2692 τὰς
393 2633 489 2683 τοῦ
521 2634 776 2704 σοφιστοῦ
807 2630 1011 2708 φωνὰς,
1043 2635 1134 2684 νῦν
1165 2633 1260 2693 τὰς
1291 2636 1386 2686 τοῦ
1434 2634 1637 2706 πατρὸς
1685 2633 1912 2709 ἀφίημι.

267 2715 543 2774 Ἐδώκατέ
623 2740 717 2792 μοι
775 2716 947 2774 παῖδα
1003 2717 1072 2774 δι’
1147 2723 1396 2778 Ἀττικοῦ
1452 2721 1655 2797 γένους·
1719 2717 1914 2777 λάϐετε

270 2811 465 2862 τοῦτον
499 2809 588 2863 καὶ
621 2806 709 2863 διὰ
736 2816 836 2878 τῆς
867 2811 1052 2885 ψήφου
1084 2812 1128 2845 ‘°
1165 2813 1261 2878 τῆς
1293 2812 1552 2885 ὑμετέρας
1599 2810 1908 2884 ἐλεύθερον.

265 2897 477 2957 Οὐκοῦν
509 2897 671 2976 ἄφετὲ
711 2919 803 2972 μοι
851 2897 926 2972 τῇ
951 2899 1121 2974 ψήφῳ
1187 2901 1276 2953 τὸν
1330 2898 1520 2970 παῖδα,
1578 2901 1668 2954 καὶ
1725 2901 1909 2979 φωνὴν

261 2985 568 3062 ἐλευθέριον
629 2990 1066 3062 συνεπηχήσατε,
1119 2987 1212 3042 ’ίνα
1277 2991 1350 3051 ὡς
1418 2991 1707 3059 Ἀθηναῖος
1776 2987 1912 3059 (ίσον

262 3076 368 3151 γάρ
425 3076 594 3132 εἰπεῖν
649 3075 955 3150 ἐλεύθερος)
1012 3079 1100 3132 καὶ
1190 3077 1322 3153 λέγῃ
1384 3077 1472 3133 καὶ
1538 3078 1718 3154 γράφῃ
1784 3079 1912 3151 παρ’

267 3167 420 3238 ὑμῖν,
453 3167 548 3220 κᾶν
582 3167 638 3219 οἱ
679 3166 793 3220 θεοὶ
828 3164 1157 3241 βούλωνται,
1192 3169 1280 3223 καί
1312 3168 1692 3238 πολιτεύηται.

253 3348 420 3422 [1112
482 3350 719 3422 [1.]7-Ἐκ
771 3356 873 3418 τῆς
936 3347 1206 3422 μονῳδίας
1263 3357 1363 3420 τῆς
1449 3349 1526 3410 εἲς
1582 3350 1675 3405 τὸν
1748 3349 1909 3405 αὐτὸν

542 3420 656 3474 υἱὸν
690 3421 733 3459 ⁴¹
770 3420 1073 3499 Ῥουφίνον.
1108 3455 1175 3465 -
1202 3423 1271 3477 Τὸ
1306 3422 1624 3498 Προοίμιον.

339 3506 544 3564 Ἀδικῶ
579 3510 673 3582 μὲν
707 3511 853 3574 ὅλως
891 3512 1260 3588 φθεγγόμενος
1312 3511 1594 3584 Ῥουφίνου
1639 3511 1913 3586 κειμένου,

264 3594 413 3664 πλὴν
459 3597 504 3650 εἰ
536 3597 582 3633 ⁴²
627 3602 705 3669 τῷ
755 3596 974 3673 δαίμονι
1024 3603 1330 3672 τετήρημαι
1391 3600 1526 3674 πρὸς
1589 3602 1764 3674 μόνην
1814 3603 1913 3670 τήν

271 3683 544 3760 μονῳδίαν
586 3691 680 3742 τοῦ
713 3684 1009 3762 δράματος.
1046 3689 1357 3764 Φθέγξομαί
1400 3711 1461 3764 γε
1493 3691 1664 3762 ὅμως·
1717 3693 1778 3747 ού
1815 3693 1915 3767 γάρ

270 3797 372 3850 μοι
403 3775 556 3848 θέμις
608 3778 682 3850 μή
713 3777 803 3832 καὶ
845 3777 1000 3854 λόγῳ
1032 3781 1296 3854 θρηνῆσαι
1327 3780 1417 3834 τὸν
1449 3780 1625 3836 αὐτῶν
1656 3788 1763 3836 τῶν
1817 3781 1916 3838 λό-

264 3886 383 3941 γων
437 3862 682 3940 ἔκγονον.
732 3864 984 3942 Ἠγνόουν
1035 3866 1090 3923 δὲ
1138 3866 1240 3944 ἄρα
1288 3869 1314 3922 ὁ
1365 3866 1602 3932 δείλαιος
1659 3871 1774 3925 ἀντὶ
1823 3872 1918 3944 μὲν

267 3955 522 4030 λουτρῶν
574 3956 790 4021 ἀνιστάς
838 3979 921 4013 σοι
980 3960 1204 4036 τάφους,
1252 3959 1365 4013 ἀντὶ
1421 3956 1475 4013 δὲ
1531 3957 1718 4014 οἷ’κιῶν
1779 3961 1916 4034 τύμ-

267 4037 402 4104 ϐους
433 4043 521 4098 καὶ
563 4045 821 4119 χώματα,
852 4045 965 4100 ἀντὶ
1012 4043 1068 4101 δὲ
1118 4045 1365 4101 πλούτου
1405 4046 1494 4100 καὶ
1544 4042 1749 4124 χλιδῆς
1796 4067 1920 4120 τρα-

267 4133 548 4206 γικώτατα
587 4130 736 4207 δῶρα
778 4139 882 4188 τῶν
934 4133 985 4189 ἐν
1035 4135 1364 4209 ἀνθρώποις,
1413 4132 1655 4213 ἐντάφια,
1706 4133 1916 4208 Ἐδημ-

265 4222 498 4296 αγώγεις
563 4219 684 4296 ἄρτι
755 4224 821 4277 τὰ
889 4226 1014 4297 [595
1087 4227 1176 4299 Η.]
1271 4228 1461 4299 πρῶτα
1527 4223 1915 4301 φθεγγόμενος,

263 4310 545 4386 ἂνήρτησο
612 4319 785 4367 πᾶσαν
845 4315 946 4383 τήν
1007 4315 1093 4394 ὑφ’
1155 4313 1310 4383 ἣλιον
1369 4320 1488 4375 τοῖς
1543 4313 1782 4386 ἀσήμοις
1839 4311 1916 4372 ἔτι

265 4403 630 4474 κνυζήμασιν.
694 4405 913 4457 Ἔπειθε
967 4401 1262 4478 Περικλῆς,
1333 4403 1478 4459 ἀλλά
1523 4406 1656 4477 μετά
1704 4406 1919 4476 Ἀναξα-

265 4488 434 4564 γόραν
467 4487 811 4568 δημηγόρος·
857 4491 919 4546 σὺ
971 4490 1026 4547 δέ
1074 4492 1214 4560 ἦσθα
1266 4489 1584 4568 δημηγόρος
1632 4491 1692 4548 ἐκ
1743 4493 1918 4567 μέσων
1950 4470 1995 4536 D

268 4578 609 4653 σπαργάνων.
691 4579 850 4636 Εῖλεν
938 4579 1293 4653 Ἀλκιϐιάδης
1362 4581 1494 4638 ὅλον
1551 4582 1612 4638 τὸ
1671 4584 1916 4658 θέατρον,

267 4666 400 4724 ἀλλ’
431 4669 690 4741 ἀκμάζων
720 4669 827 4741 ἤδη
865 4673 966 4740 τὴν
997 4670 1140 4747 ὥραν
1176 4672 1266 4727 καὶ
1315 4673 1411 4741 τήν
1458 4672 1678 4743 ἠλικίαν
1724 4694 1922 4750 μειρα-

268 4757 579 4831 κιούμενος·
627 4757 689 4814 σὺ
741 4757 798 4815 δὲ
845 4755 922 4816 ἔτι
970 4766 1050 4832 τῷ
1097 4764 1286 4835 μασθῷ
1338 4764 1382 4798 ⁸³
1431 4764 1516 4817 καὶ
1571 4768 1652 4836 τῷ
1687 4764 1919 4839 γάλακτι

268 4846 690 4922 προσκείμενος.

342 4938 408 4990 Ὦ
468 4937 642 5002 πάθος
715 4945 816 5008 τῆς
897 4939 1183 5014 Αἰσχύλου
1253 4942 1668 5018 μεγαλοφωνίας
1725 4941 1918 5015 ἅξιονί

267 5023 534 5100 Ἠρακλεῖ
567 5027 662 5099 μὲν
696 5023 884 5098 ἐδέησε
915 5027 1134 5099 πολλῆς
1167 5027 1422 5106 περιόδου
1460 5033 1682 5086 καὶτῶν
1716 5031 1920 5104 ἄθλων,

266 5113 457 5186 οἶμαι,
506 5118 614 5168 τῶν
669 5111 903 5186 δώδεκα,
960 5115 1054 5172 ’ἱνα
1109 5116 1385 5193 μάρτυρας
1441 5127 1540 5188 τῆς
1571 5122 1766 5196 ἀρετῆς
1819 5122 1918 5190 τὴν

268 5201 360 5274 ὑφ’
391 5199 553 5270 ἣλιον
594 5207 767 5258 πᾶσαν
817 5206 1100 5275 κτήσαιτο·
1155 5206 1216 5260 σὺ
1279 5204 1337 5261 δὶ
1393 5205 1522 5262 ε’ίσω
1569 5213 1666 5262 τοῦ
1713 5208 1920 5264 κύκλου

2033 1915 2358 1970 committo.
2396 1915 2556 1970 Meus
2604 1920 2710 1982 est,
2760 1916 3132 1973 Atheniensis
3181 1925 3292 1989 est,
3334 1920 3546 1978 donum
3594 1931 3682 1979 est

2032 2004 2333 2075 publicum
2367 2003 2580 2058 civitati
2613 2003 2746 2074 plus
2783 2005 3004 2061 caeteris
3035 2005 3356 2064 honoratas.
3391 2010 3492 2066 Hic
3523 2011 3678 2066 enim

2030 2098 2122 2148 est
2170 2093 2487 2162 Plutarchi,
2527 2109 2643 2166 quo
2691 2110 2790 2149 vos
2834 2109 3037 2149 omnes
3087 2097 3358 2166 magistro
3417 2099 3674 2168 utimini,

2030 2182 2124 2238 hic
2149 2182 2491 2252 Minuciani,
2523 2181 2619 2254 qui
2671 2199 2780 2238 sua
2806 2199 2945 2238 voce
2975 2183 3164 2240 36511
3213 2185 3497 2256 plurimos
3541 2204 3676 2258 per-

2027 2287 2180 2342 saepe
2227 2270 2439 2327 liberos
2498 2271 2650 2339 fecit,
2713 2271 2870 2326 hunc
2927 2271 3220 2342 Nicagora:
3271 2273 3455 2330 ﬁlium
3509 2276 3674 2332 vobis

2028 2357 2402 2428 adduximus,
2435 2367 2487 2415 et
2537 2359 2687 2416 hanc
2732 2375 2919 2416 meam
2970 2359 3215 2431 prolem.
3261 2361 3670 2433 Sophistarum

2025 2449 2212 2516 vobis,
2246 2449 2850 2521 philosophorumque
2897 2466 3170 2506 recenseo
3219 2453 3448 2520 seriem,
3495 2455 3673 2512 decus

2025 2553 2164 2593 sane
2221 2539 2442 2594 Atticae.
2489 2538 2673 2594 Omisi
2732 2555 2884 2610 saepe
2940 2539 3339 2610 30phistarum
3411 2544 3672 2610 nomina,

2026 2643 2179 2681 nunc
2208 2628 2392 2699 patris
2421 2628 2649 2683 omitto.
2682 2627 2935 2684 Dedistis
2966 2627 3148 2682 ﬁlium
3187 2628 3352 2694 mihi,
3388 2629 3668 2700 quoniam

2025 2716 2396 2772 Atheniensis
2425 2720 2534 2785 est,
2566 2717 2814 2787 accipite
2841 2717 2965 2788 jam
2999 2719 3270 2772 eumdem
3315 2727 3501 2774 vestra
3531 2736 3664 2776 sen-

2021 2808 2201 2864 tentia
2246 2807 2495 2862 liberum
2575 2807 2894 2863 redditum.
2945 2807 3134 2871 Quare
3192 2808 3468 2865 dimittite
3518 2810 3662 2866 mihi

2021 2903 2209 2954 vestro
2238 2898 2466 2953 decreto
2507 2895 2717 2961 filium,
2748 2901 2806 2952 et
2843 2897 2978 2952 dein
3010 2912 3206 2952 vocem
3251 2897 3408 2952 illam
3451 2898 3663 2956 libera-

2020 2986 2265 3052 lem,seu
2288 2986 2572 3041 vindicias
2585 2986 2910 3040 secundum
2933 2985 3258 3040 libertatem
3283 2986 3662 3055 acclamante,

2023 3081 2086 3132 ut
2117 3082 2392 3148 tanquam
2443 3075 2816 3132 Atheniensis
2855 3076 3030 3146 (quod
3083 3081 3168 3130 est
3197 3092 3262 3131 ac
3311 3076 3356 3131 si
3411 3077 3662 3134 dicerem

1939 3150 1990 3215 Ο
2019 3166 2184 3236 liber)
2217 3167 2370 3237 apud
2401 3182 2502 3221 vos
2534 3174 2586 3222 et
2614 3167 2788 3233 dicat,
2812 3171 2869 3223 et
2900 3163 3138 3234 scribat,
3161 3169 3238 3231 et,
3270 3166 3319 3222 si
3352 3165 3430 3221 dii
3463 3166 3662 3234 velint,

2020 3255 2192 3310 etiam
2226 3255 2285 3309 in
2317 3254 2633 3326 Republica
2657 3255 2909 3312 honores
2938 3259 3307 3324 assequatur.

2025 3345 2066 3400 Ε
2121 3344 2346 3416 funebri
2405 3343 2746 3416 laudatione,
2806 3361 2972 3416 quam
3039 3346 3099 3398 in
3173 3342 3357 3412 ﬁlium
3413 3346 3666 3401 eumdem

2348 3416 2606 3486 Ruﬁnum
2637 3415 2853 3472 habuit.
2883 3448 2952 3458 ——-
2991 3418 3344 3471 Prowmium.

2097 3505 2260 3572 Quod
2285 3505 2411 3574 jam
2444 3509 2676 3561 mortuo
2707 3505 2914 3560 Ruﬁno
2956 3504 3128 3560 verba
3168 3506 3353 3561 facere
3393 3505 3666 3578 incipiam

2027 3594 2172 3650 facio
2205 3593 2428 3665 inique,
2462 3594 2575 3650 nisi
2607 3607 2640 3650 a
2671 3594 2907 3650 numine
2937 3595 3187 3664 quodam
3223 3594 3292 3648 ad
3337 3596 3667 3651 monodiam

2026 3685 2311 3741 dramatis
2341 3690 2605 3741 servatus
2646 3685 2754 3740 sim
2790 3701 2803 3742 :
2858 3685 3063 3756 loquar
3097 3690 3308 3739 tamen.
3343 3684 3465 3739 Non
3513 3688 3668 3741 enim

2027 3777 2173 3832 mihi
2204 3778 2290 3832 fas
2322 3782 2412 3833 est
2461 3777 2724 3832 oratione
2756 3775 2918 3831 illum
2971 3792 3085 3830 non
3118 3775 3416 3846 deplorare
3460 3776 3670 3833 horum

2027 3867 2366 3936 eloquentiae
2399 3866 2719 3923 studiorum
2749 3865 3080 3920 alumnum.
3112 3866 3450 3920 Nesciebam
3474 3865 3670 3937 itaque

2027 3953 2229 4010 infelix
2251 3971 2351 4025 pro
2382 3954 2605 4009 balneis
2627 3969 2714 4008 me
2744 3953 2849 4008 tibi
2883 3953 3240 4024 sepulcrum,
3267 3969 3368 4023 pro
3393 3953 3668 4008 domibus

2027 4046 2290 4111 bustum,
2324 4048 2380 4099 et
2403 4043 2725 4109 tumulum,
2762 4060 2864 4116 pro
2905 4043 3129 4098 divitiis
3168 4048 3224 4098 et
3263 4042 3554 4114 voluptate
3588 4046 3671 4097 Γυ-

2028 4136 2270 4201 neralia,
2303 4151 2431 4206 que
2463 4132 2801 4188 hominibus
2832 4132 3093 4188 omnium
3134 4131 3479 4188 tristissima
3509 4137 3669 4200 sunt,

2027 4225 2268 4297 erigere.
2289 4222 2513 4290 Dixisti,
2538 4222 2722 4294 primo
2747 4237 2933 4294 nuper
2953 4223 3022 4276 ad
3049 4221 3323 4293 populum
3349 4237 3626 4293 perorans
3653 4239 3666 4277 :

2027 4331 2260 4373 omnem
2299 4330 2424 4386 quae
2474 4313 2584 4368 sub
2630 4310 2752 4368 sole
2795 4317 2886 4367 est
2930 4317 3138 4366 terram
3191 4309 3477 4366 indecoris
3525 4312 3671 4368 meis

2028 4405 2217 4462 verbis
2259 4403 2536 4476 implebo.
2573 4400 2866 4457 Persuasit
2912 4400 3228 4472 aliquando
3270 4399 3533 4466 Pericles,
3567 4402 3668 4457 sed

2029 4501 2335 4570 postquam
2368 4494 2440 4550 ab
2489 4497 2832 4566 Anaxagora
2861 4492 2971 4562 (41)
3022 4491 3206 4547 factus
3255 4495 3410 4546 esset
3457 4496 3669 4560 orator,

2027 4592 2093 4644 tu
2119 4592 2312 4643 orator
2357 4601 2388 4640 e
2431 4584 2742 4640 cunabulis
2786 4581 3080 4638 exstitisti.
3115 4580 3440 4636 Alcibiades
3485 4585 3668 4636 totum

2028 4681 2370 4750 suggestum
2426 4671 2749 4744 occupavit,
2783 4672 2884 4728 sed
2932 4671 2991 4726 in
3043 4671 3182 4726 ﬂore
3221 4669 3574 4740 juventutis,
3616 4672 3674 4725 et

2029 4771 2197 4822 aetate
2245 4761 2671 4820 adolescentiae.
2704 4762 2798 4833 [At
2826 4764 2888 4816 tu
2939 4759 3258 4816 etiamnum
3305 4757 3586 4814 uberibus
3616 4763 3674 4813 et

2029 4855 2181 4912 lacte
2210 4851 2515 4924 nutritus.]

2102 4943 2146 4999 Ο
2179 4943 2345 4999 dolor
2373 4941 2617 5013 Bschyli
2646 4939 2860 5010 dignus
2891 4937 3176 4995 cothurno
3202 4936 3214 4990 ι
3251 4935 3550 4991 Herculem
3585 4939 3675 4990 te-

2031 5049 2126 5088 ras
2158 5030 2479 5103 pervagari,
2509 5027 2768 5100 Oportuit
2798 5032 2854 5082 et
2889 5027 2952 5081 12
2998 5026 3142 5082 adeo
3173 5024 3402 5080 labores
3451 5022 3674 5092 subire,

2033 5128 2096 5178 ut
2125 5127 2411 5178 terrarum
2452 5119 2652 5175 orbem
2683 5116 2862 5172 veluti
2903 5115 3141 5171 virtutis
3183 5131 3298 5170 suae
3342 5121 3545 5171 testem
3577 5130 3674 5170 re-

2033 5211 2343 5282 linqueret.
2365 5209 2448 5266 Tu
2475 5223 2608 5264 vero
2632 5207 2788 5263 intra
2808 5211 2942 5263 tuos
2959 5208 3352 5262 commoratus
3368 5203 3673 5275 terminos,

1632 5335 1866 5392 VARI/E
1904 5336 2318 5393 LECTIONES.

343 5423 392 5510 ξε
422 5425 524 5516 πεῖν
534 5430 959 5520 τειςῇοχριιέοᾷἱι,
972 5435 1012 5483 Α
1024 5473 1055 5520 ,Δ
1072 5446 1163 5520 om
1177 5473 1190 5486 .

269 5495 390 5549 υἱὸν
422 5496 587 5552 αὑτοῦ
619 5505 677 5556 Β.
728 5495 802 5536 ’⁸³
832 5495 900 5573 εἶ’]
942 5498 995 5554 ἐν
1023 5495 1134 5558 AC.
1237 5502 1284 5536 ⁴³
1318 5504 1501 5575 μαστῴ
1534 5504 1615 5577 ς’.

1415 5431 1596 5510 δί’-τοὶ
1632 5433 1939 5510 Ῥουφίνου]
1986 5431 2208 5508 ῥοφίνου
2251 5435 2309 5489 Β.

2421 5433 2466 5468 ⁸ο
2503 5433 2602 5495 τῆς
2652 5431 2838 5507 ψήφου
2889 5431 3022 5486 add.
3078 5435 3141 5487 A.
3244 5427 3290 5464 ⁴¹
3336 5426 3497 5484 αὑτὸν
3535 5426 3676 5500 υἱὸν]

1884 5602 2114 5661 NOTZE.

347 5695 460 5767 (ιι)
493 5695 680 5756 Valet.
714 5704 865 5758 Max.
900 5699 998 5756 lib.
1043 5716 1074 5756 v
1103 5704 1257 5757 extr.
