  <div class='ocr_page' id='page_1' title='image "/cluster/home/n/w/nwhite01/storage/ocr_20150623/103/hvd.32044054112495/694.png"; bbox 0 0 4066 6216; ppageno 0'>
   <div class='ocr_carea' id='block_1_1' title="bbox 261 358 421 427">
    <p class='ocr_par' dir='ltr' id='par_1_1' title="bbox 261 358 421 427">
     <span class='ocr_line' id='line_1_1' title="bbox 261 358 421 427; baseline -0.044 0"><span class='ocrx_word' id='word_1_1' title='bbox 261 358 421 427; x_wconf 75' lang='grc' dir='ltr'>13ι9</span> 
     </span>
    </p>
   </div>
   <div class='ocr_carea' id='block_1_2' title="bbox 1353 346 2584 428">
    <p class='ocr_par' dir='ltr' id='par_1_2' title="bbox 1353 346 2584 428">
     <span class='ocr_line' id='line_1_2' title="bbox 1353 346 2584 428; baseline 0.002 -5"><span class='ocrx_word' id='word_1_2' title='bbox 1353 346 1897 424; x_wconf 83' lang='lat' dir='ltr'><strong>BIBLIOTHECA.</strong></span> <span class='ocrx_word' id='word_1_3' title='bbox 1941 395 2020 407; x_wconf 90' lang='lat'>—</span> <span class='ocrx_word' id='word_1_4' title='bbox 2061 361 2234 424; x_wconf 86' lang='lat' dir='ltr'><strong>con.</strong></span> <span class='ocrx_word' id='word_1_5' title='bbox 2281 363 2584 428; x_wconf 77' lang='lat' dir='ltr'><strong>ccxuu.</strong></span> 
     </span>
    </p>
   </div>
   <div class='ocr_carea' id='block_1_3' title="bbox 3507 375 3665 439">
    <p class='ocr_par' dir='ltr' id='par_1_3' title="bbox 3507 375 3665 439">
     <span class='ocr_line' id='line_1_3' title="bbox 3507 375 3665 439; baseline 0.006 -1"><span class='ocrx_word' id='word_1_6' title='bbox 3507 375 3665 439; x_wconf 78' lang='grc'><strong>1350</strong></span> 
     </span>
    </p>
   </div>
   <div class='ocr_carea' id='block_1_4' title="bbox 267 494 1918 582">
    <p class='ocr_par' dir='ltr' id='par_1_4' title="bbox 267 494 1904 580">
     <span class='ocr_line' id='line_1_4' title="bbox 267 494 1904 580; baseline -0.004 -23"><span class='ocrx_word' id='word_1_7' title='bbox 267 502 603 580; x_wconf 78' lang='grc' dir='ltr'><strong>σοφώτερον,</strong></span> <span class='ocrx_word' id='word_1_8' title='bbox 660 498 858 569; x_wconf 69' lang='grc' dir='ltr'><strong>Σέξτου</strong></span> <span class='ocrx_word' id='word_1_9' title='bbox 918 495 976 553; x_wconf 78' lang='grc' dir='ltr'>δὶ</span> <span class='ocrx_word' id='word_1_10' title='bbox 1039 497 1520 572; x_wconf 86' lang='grc' dir='ltr'>καρτερικώτερον,</span> <span class='ocrx_word' id='word_1_11' title='bbox 1579 497 1796 552; x_wconf 81' lang='grc' dir='ltr'>πάντων</span> <span class='ocrx_word' id='word_1_12' title='bbox 1858 494 1904 551; x_wconf 88' lang='grc' dir='ltr'>δ’</span> 
     </span>
    </p>
   </div>
   <div class='ocr_carea' id='block_1_5' title="bbox 2032 494 3663 582">
    <p class='ocr_par' dir='ltr' id='par_1_5' title="bbox 2032 498 3663 582">
     <span class='ocr_line' id='line_1_5' title="bbox 2032 498 3663 582; baseline 0.009 -30"><span class='ocrx_word' id='word_1_13' title='bbox 2032 498 2419 570; x_wconf 73' lang='lat' dir='ltr'><strong>superioribus</strong></span> <span class='ocrx_word' id='word_1_14' title='bbox 2450 499 2829 557; x_wconf 83' lang='lat' dir='ltr'><strong>illustriorem</strong></span> <span class='ocrx_word' id='word_1_15' title='bbox 2863 505 3049 560; x_wconf 81' lang='lat' dir='ltr'><strong>acab</strong></span> <span class='ocrx_word' id='word_1_16' title='bbox 3082 506 3502 582; x_wconf 85' lang='lat' dir='ltr'><strong>melioremque</strong></span> <span class='ocrx_word' id='word_1_17' title='bbox 3532 525 3663 580; x_wconf 87' lang='lat' dir='ltr'><strong>spe-</strong></span> 
     </span>
    </p>
   </div>
   <div class='ocr_carea' id='block_1_6' title="bbox 267 585 1904 665">
    <p class='ocr_par' dir='ltr' id='par_1_6' title="bbox 267 585 1904 665">
     <span class='ocr_line' id='line_1_6' title="bbox 267 585 1904 665; baseline -0.004 -18"><span class='ocrx_word' id='word_1_18' title='bbox 267 592 411 665; x_wconf 82' lang='grc' dir='ltr'>ὁμοῦ</span> <span class='ocrx_word' id='word_1_19' title='bbox 438 594 547 644; x_wconf 81' lang='grc' dir='ltr'>τῶν</span> <span class='ocrx_word' id='word_1_20' title='bbox 579 589 861 664; x_wconf 86' lang='grc' dir='ltr'>προγόνων</span> <span class='ocrx_word' id='word_1_21' title='bbox 894 585 1276 663; x_wconf 84' lang='grc' dir='ltr'>λαμπρότερόν</span> <span class='ocrx_word' id='word_1_22' title='bbox 1317 607 1375 640; x_wconf 84' lang='grc' dir='ltr'><strong>τε</strong></span> <span class='ocrx_word' id='word_1_23' title='bbox 1400 588 1490 640; x_wconf 83' lang='grc' dir='ltr'><strong>καὶ</strong></span> <span class='ocrx_word' id='word_1_24' title='bbox 1529 587 1810 660; x_wconf 86' lang='grc' dir='ltr'>κρείττονα</span> <span class='ocrx_word' id='word_1_25' title='bbox 1839 588 1904 640; x_wconf 75' lang='grc'><strong>⁵⁸.</strong></span> 
     </span>
    </p>
   </div>
   <div class='ocr_carea' id='block_1_7' title="bbox 270 672 1907 754">
    <p class='ocr_par' dir='ltr' id='par_1_7' title="bbox 270 672 1907 754">
     <span class='ocr_line' id='line_1_7' title="bbox 270 672 1907 754; baseline -0.004 -17"><span class='ocrx_word' id='word_1_26' title='bbox 270 680 446 738; x_wconf 73' lang='grc' dir='ltr'>Αὐτὸς</span> <span class='ocrx_word' id='word_1_27' title='bbox 483 681 576 754; x_wconf 77' lang='grc' dir='ltr'><strong>μὶν</strong></span> <span class='ocrx_word' id='word_1_28' title='bbox 604 679 706 754; x_wconf 74' lang='grc' dir='ltr'>γὰρ</span> <span class='ocrx_word' id='word_1_29' title='bbox 737 678 1096 754; x_wconf 76' lang='grc' dir='ltr'><strong>παρεχώρουν</strong></span> <span class='ocrx_word' id='word_1_30' title='bbox 1128 672 1204 732; x_wconf 79' lang='grc' dir='ltr'>ἔτι</span> <span class='ocrx_word' id='word_1_31' title='bbox 1253 677 1558 746; x_wconf 89' lang='grc' dir='ltr'>κουρίζοντί</span> <span class='ocrx_word' id='word_1_32' title='bbox 1592 698 1676 732; x_wconf 92' lang='grc' dir='ltr'><strong>σοι</strong></span> <span class='ocrx_word' id='word_1_33' title='bbox 1723 677 1791 732; x_wconf 78' lang='grc' dir='ltr'><strong>τά</strong></span> <span class='ocrx_word' id='word_1_34' title='bbox 1827 698 1907 731; x_wconf 87' lang='grc' dir='ltr'>νι-</span> 
     </span>
    </p>
   </div>
   <div class='ocr_carea' id='block_1_8' title="bbox 267 765 1907 845">
    <p class='ocr_par' dir='ltr' id='par_1_8' title="bbox 267 765 1907 845">
     <span class='ocr_line' id='line_1_8' title="bbox 267 765 1907 845; baseline -0.004 -19"><span class='ocrx_word' id='word_1_35' title='bbox 267 773 531 845; x_wconf 82' lang='grc' dir='ltr'>κητήρια,</span> <span class='ocrx_word' id='word_1_36' title='bbox 561 769 651 824; x_wconf 73' lang='grc' dir='ltr'><strong>καὶ</strong></span> <span class='ocrx_word' id='word_1_37' title='bbox 691 788 816 829; x_wconf 89' lang='grc' dir='ltr'>τους</span> <span class='ocrx_word' id='word_1_38' title='bbox 873 767 999 829; x_wconf 77' lang='grc' dir='ltr'>σοὺς</span> <span class='ocrx_word' id='word_1_39' title='bbox 1041 767 1242 842; x_wconf 82' lang='grc' dir='ltr'>λόγους</span> <span class='ocrx_word' id='word_1_40' title='bbox 1269 771 1378 822; x_wconf 82' lang='grc' dir='ltr'><strong>τῶν</strong></span> <span class='ocrx_word' id='word_1_41' title='bbox 1430 766 1670 838; x_wconf 78' lang='grc' dir='ltr'>ἐμᾶυτοῦ</span> <span class='ocrx_word' id='word_1_42' title='bbox 1723 765 1907 843; x_wconf 85' lang='grc' dir='ltr'>λόγων</span> 
     </span>
    </p>
   </div>
   <div class='ocr_carea' id='block_1_9' title="bbox 267 851 1912 934">
    <p class='ocr_par' dir='ltr' id='par_1_9' title="bbox 267 851 1912 934">
     <span class='ocr_line' id='line_1_9' title="bbox 267 851 1912 934; baseline -0.004 -20"><span class='ocrx_word' id='word_1_43' title='bbox 267 859 526 934; x_wconf 73' lang='grc' dir='ltr'>ἡγούμην</span> <span class='ocrx_word' id='word_1_44' title='bbox 567 858 899 929; x_wconf 83' lang='grc' dir='ltr'>κρείττονας.</span> <span class='ocrx_word' id='word_1_45' title='bbox 953 853 1282 930; x_wconf 78' lang='grc' dir='ltr'>Προῧκρινον</span> <span class='ocrx_word' id='word_1_46' title='bbox 1325 858 1435 909; x_wconf 82' lang='grc' dir='ltr'><strong>τῶν</strong></span> <span class='ocrx_word' id='word_1_47' title='bbox 1479 851 1912 927; x_wconf 81' lang='grc' dir='ltr'>σπουδασμάτων</span> 
     </span>
    </p>
   </div>
   <div class='ocr_carea' id='block_1_10' title="bbox 263 942 1912 1020">
    <p class='ocr_par' dir='ltr' id='par_1_10' title="bbox 263 942 1912 1020">
     <span class='ocr_line' id='line_1_10' title="bbox 263 942 1912 1020; baseline -0.003 -17"><span class='ocrx_word' id='word_1_48' title='bbox 263 950 332 1004; x_wconf 72' lang='grc' dir='ltr'><strong>τὰ</strong></span> <span class='ocrx_word' id='word_1_49' title='bbox 380 949 444 1002; x_wconf 76' lang='grc' dir='ltr'><strong>σὰ</strong></span> <span class='ocrx_word' id='word_1_50' title='bbox 489 945 862 1020; x_wconf 80' lang='grc' dir='ltr'>ψελλίσματα.</span> <span class='ocrx_word' id='word_1_51' title='bbox 910 945 1085 1002; x_wconf 82' lang='grc' dir='ltr'><strong>’Λλλᾶ</strong></span> <span class='ocrx_word' id='word_1_52' title='bbox 1129 948 1294 1000; x_wconf 89' lang='grc' dir='ltr'>ταῦτα</span> <span class='ocrx_word' id='word_1_53' title='bbox 1341 945 1515 999; x_wconf 76' lang='grc' dir='ltr'>πάντα</span> <span class='ocrx_word' id='word_1_54' title='bbox 1546 945 1688 1017; x_wconf 86' lang='grc' dir='ltr'>ὁμοῦ</span> <span class='ocrx_word' id='word_1_55' title='bbox 1737 942 1912 1013; x_wconf 84' lang='grc' dir='ltr'>συλή-</span> 
     </span>
    </p>
   </div>
   <div class='ocr_carea' id='block_1_11' title="bbox 267 1031 1911 1113">
    <p class='ocr_par' dir='ltr' id='par_1_11' title="bbox 267 1031 1911 1113">
     <span class='ocr_line' id='line_1_11' title="bbox 267 1031 1911 1113; baseline -0.004 -20"><span class='ocrx_word' id='word_1_56' title='bbox 267 1058 361 1100; x_wconf 92' lang='grc' dir='ltr'><strong>σας</strong></span> <span class='ocrx_word' id='word_1_57' title='bbox 394 1038 422 1092; x_wconf 99' lang='lat'>6</span> <span class='ocrx_word' id='word_1_58' title='bbox 463 1034 672 1110; x_wconf 89' lang='grc' dir='ltr'>δαίμων</span> <span class='ocrx_word' id='word_1_59' title='bbox 720 1033 954 1110; x_wconf 68' lang='grc' dir='ltr'>οἴχεται,</span> <span class='ocrx_word' id='word_1_60' title='bbox 986 1035 1110 1107; x_wconf 77' lang='grc' dir='ltr'>ἐμοὶ</span> <span class='ocrx_word' id='word_1_61' title='bbox 1160 1031 1217 1089; x_wconf 73' lang='grc' dir='ltr'>δὶ</span> <span class='ocrx_word' id='word_1_62' title='bbox 1247 1035 1450 1113; x_wconf 79' lang='grc' dir='ltr'>ἀφῆκεν</span> <span class='ocrx_word' id='word_1_63' title='bbox 1489 1033 1607 1089; x_wconf 82' lang='grc' dir='ltr'>ἀντὶ</span> <span class='ocrx_word' id='word_1_64' title='bbox 1641 1037 1735 1087; x_wconf 88' lang='grc' dir='ltr'><strong>σοῦ</strong></span> <span class='ocrx_word' id='word_1_65' title='bbox 1779 1034 1911 1107; x_wconf 77' lang='grc' dir='ltr'>θρήο</span> 
     </span>
    </p>
   </div>
   <div class='ocr_carea' id='block_1_12' title="bbox 267 1122 1910 1203">
    <p class='ocr_par' dir='ltr' id='par_1_12' title="bbox 267 1122 1910 1203">
     <span class='ocr_line' id='line_1_12' title="bbox 267 1122 1910 1203; baseline -0.005 -21"><span class='ocrx_word' id='word_1_66' title='bbox 267 1149 389 1190; x_wconf 86' lang='grc' dir='ltr'>νους</span> <span class='ocrx_word' id='word_1_67' title='bbox 439 1127 527 1181; x_wconf 83' lang='grc' dir='ltr'><strong>καὶ</strong></span> <span class='ocrx_word' id='word_1_68' title='bbox 577 1124 801 1200; x_wconf 74' lang='grc' dir='ltr'>δάκρυα.</span> <span class='ocrx_word' id='word_1_69' title='bbox 837 1126 1105 1196; x_wconf 79' lang='grc' dir='ltr'>Κοσμήσω</span> <span class='ocrx_word' id='word_1_70' title='bbox 1137 1144 1194 1178; x_wconf 87' lang='grc' dir='ltr'><strong>σε</strong></span> <span class='ocrx_word' id='word_1_71' title='bbox 1239 1123 1328 1178; x_wconf 83' lang='grc' dir='ltr'><strong>καὶ</strong></span> <span class='ocrx_word' id='word_1_72' title='bbox 1377 1124 1682 1203; x_wconf 73' lang='grc' dir='ltr'><strong>ἐπιταφίοις</strong></span> <span class='ocrx_word' id='word_1_73' title='bbox 1711 1122 1910 1198; x_wconf 82' lang='grc' dir='ltr'>ἀγῶσι,</span> 
     </span>
    </p>
   </div>
   <div class='ocr_carea' id='block_1_13' title="bbox 269 1209 1910 1290">
    <p class='ocr_par' dir='ltr' id='par_1_13' title="bbox 269 1209 1910 1290">
     <span class='ocr_line' id='line_1_13' title="bbox 269 1209 1910 1290; baseline -0.005 -18"><span class='ocrx_word' id='word_1_74' title='bbox 269 1219 361 1273; x_wconf 85' lang='grc' dir='ltr'><strong>καὶ</strong></span> <span class='ocrx_word' id='word_1_75' title='bbox 393 1213 704 1290; x_wconf 81' lang='grc' dir='ltr'><strong>παραδώσω</strong></span> <span class='ocrx_word' id='word_1_76' title='bbox 732 1218 811 1285; x_wconf 78' lang='grc' dir='ltr'>τῷ</span> <span class='ocrx_word' id='word_1_77' title='bbox 841 1213 1027 1287; x_wconf 84' lang='grc' dir='ltr'>χρόνῳ</span> <span class='ocrx_word' id='word_1_78' title='bbox 1056 1213 1118 1268; x_wconf 89' lang='grc' dir='ltr'><strong>τὸ</strong></span> <span class='ocrx_word' id='word_1_79' title='bbox 1145 1213 1234 1268; x_wconf 87' lang='grc' dir='ltr'><strong>σὸν</strong></span> <span class='ocrx_word' id='word_1_80' title='bbox 1264 1209 1458 1286; x_wconf 78' lang='grc' dir='ltr'>ὄνομα,</span> <span class='ocrx_word' id='word_1_81' title='bbox 1490 1212 1580 1267; x_wconf 90' lang='grc' dir='ltr'><strong>καὶ</strong></span> <span class='ocrx_word' id='word_1_82' title='bbox 1609 1212 1910 1286; x_wconf 81' lang='grc' dir='ltr'>γενήσομαι</span> 
     </span>
    </p>
   </div>
   <div class='ocr_carea' id='block_1_14' title="bbox 265 1299 1914 1378">
    <p class='ocr_par' dir='ltr' id='par_1_14' title="bbox 265 1299 1914 1378">
     <span class='ocr_line' id='line_1_14' title="bbox 265 1299 1914 1378; baseline -0.005 -16"><span class='ocrx_word' id='word_1_83' title='bbox 265 1311 364 1362; x_wconf 90' lang='grc' dir='ltr'>τοῦ</span> <span class='ocrx_word' id='word_1_84' title='bbox 406 1305 663 1378; x_wconf 87' lang='grc' dir='ltr'>δαίμονος</span> <span class='ocrx_word' id='word_1_85' title='bbox 712 1305 846 1359; x_wconf 83' lang='grc' dir='ltr'>κατὰ</span> <span class='ocrx_word' id='word_1_86' title='bbox 887 1306 1048 1357; x_wconf 89' lang='grc' dir='ltr'>τοῦτο</span> <span class='ocrx_word' id='word_1_87' title='bbox 1094 1305 1225 1376; x_wconf 90' lang='grc' dir='ltr'>γοῦν</span> <span class='ocrx_word' id='word_1_88' title='bbox 1275 1303 1338 1356; x_wconf 85' lang='grc' dir='ltr'>τὸ</span> <span class='ocrx_word' id='word_1_89' title='bbox 1389 1301 1556 1374; x_wconf 75' lang='grc' dir='ltr'>μέρος</span> <span class='ocrx_word' id='word_1_90' title='bbox 1602 1299 1914 1378; x_wconf 87' lang='grc' dir='ltr'>φιλονεικό-</span> 
     </span>
    </p>
   </div>
   <div class='ocr_carea' id='block_1_15' title="bbox 266 1387 1910 1473">
    <p class='ocr_par' dir='ltr' id='par_1_15' title="bbox 266 1387 1910 1473">
     <span class='ocr_line' id='line_1_15' title="bbox 266 1387 1910 1473; baseline -0.007 -20"><span class='ocrx_word' id='word_1_91' title='bbox 266 1417 423 1468; x_wconf 87' lang='grc' dir='ltr'>τερος</span> <span class='ocrx_word' id='word_1_92' title='bbox 449 1393 536 1449; x_wconf 71' lang='grc' dir='ltr'>’ίνα</span> <span class='ocrx_word' id='word_1_93' title='bbox 567 1389 673 1473; x_wconf 73' lang='grc' dir='ltr'><strong>ἔχῃ</strong></span> <span class='ocrx_word' id='word_1_94' title='bbox 711 1394 805 1465; x_wconf 75' lang='grc' dir='ltr'>μὲν</span> <span class='ocrx_word' id='word_1_95' title='bbox 847 1391 1052 1453; x_wconf 71' lang='grc' dir='ltr'>ἆκεῖνος</span> <span class='ocrx_word' id='word_1_96' title='bbox 1091 1392 1156 1446; x_wconf 86' lang='grc' dir='ltr'>τὸ</span> <span class='ocrx_word' id='word_1_97' title='bbox 1206 1395 1387 1464; x_wconf 82' lang='grc' dir='ltr'>σῶμα,</span> <span class='ocrx_word' id='word_1_98' title='bbox 1419 1393 1519 1459; x_wconf 83' lang='grc' dir='ltr'><strong>τήν</strong></span> <span class='ocrx_word' id='word_1_99' title='bbox 1553 1387 1611 1445; x_wconf 73' lang='grc' dir='ltr'>δὲ</span> <span class='ocrx_word' id='word_1_100' title='bbox 1649 1389 1837 1465; x_wconf 80' lang='grc' dir='ltr'>ψυχὴν</span> <span class='ocrx_word' id='word_1_101' title='bbox 1882 1391 1910 1443; x_wconf 92' lang='lat'>6</span> 
     </span>
    </p>
   </div>
   <div class='ocr_carea' id='block_1_16' title="bbox 271 1478 1518 1560">
    <p class='ocr_par' dir='ltr' id='par_1_16' title="bbox 271 1478 1518 1560">
     <span class='ocr_line' id='line_1_16' title="bbox 271 1478 1518 1560; baseline -0.006 -19"><span class='ocrx_word' id='word_1_102' title='bbox 271 1483 519 1560; x_wconf 77' lang='grc' dir='ltr'>οὒρανὸς,</span> <span class='ocrx_word' id='word_1_103' title='bbox 549 1488 649 1552; x_wconf 79' lang='grc' dir='ltr'><strong>τήν</strong></span> <span class='ocrx_word' id='word_1_104' title='bbox 685 1479 741 1536; x_wconf 71' lang='grc' dir='ltr'>δὲ</span> <span class='ocrx_word' id='word_1_105' title='bbox 769 1478 925 1554; x_wconf 79' lang='grc' dir='ltr'>δόξαν</span> <span class='ocrx_word' id='word_1_106' title='bbox 957 1481 1186 1541; x_wconf 80' lang='grc' dir='ltr'>ἅπαντες</span> <span class='ocrx_word' id='word_1_107' title='bbox 1217 1479 1518 1553; x_wconf 79' lang='grc' dir='ltr'>ἄνθρωποι.</span> 
     </span>
    </p>
   </div>
   <div class='ocr_carea' id='block_1_17' title="bbox 270 1567 1914 1643">
    <p class='ocr_par' dir='ltr' id='par_1_17' title="bbox 270 1567 1914 1643">
     <span class='ocr_line' id='line_1_17' title="bbox 270 1567 1914 1643; baseline 0.007 -20"><span class='ocrx_word' id='word_1_108' title='bbox 270 1575 366 1630; x_wconf 83' lang='grc' dir='ltr'>Ἐκ</span> <span class='ocrx_word' id='word_1_109' title='bbox 435 1577 531 1628; x_wconf 91' lang='grc' dir='ltr'>τοῦ</span> <span class='ocrx_word' id='word_1_110' title='bbox 607 1572 683 1634; x_wconf 73' lang='grc' dir='ltr'>εἷς</span> <span class='ocrx_word' id='word_1_111' title='bbox 755 1567 994 1643; x_wconf 80' lang='grc' dir='ltr'>Σεϐῆρον</span> <span class='ocrx_word' id='word_1_112' title='bbox 1067 1567 1451 1643; x_wconf 81' lang='grc' dir='ltr'>ἐπιθαλαμίου.</span> <span class='ocrx_word' id='word_1_113' title='bbox 1514 1601 1580 1611; x_wconf 91' lang='lat'>—</span> <span class='ocrx_word' id='word_1_114' title='bbox 1657 1569 1750 1624; x_wconf 83' lang='grc' dir='ltr'>Ἐκ</span> <span class='ocrx_word' id='word_1_115' title='bbox 1814 1575 1914 1638; x_wconf 76' lang='grc' dir='ltr'><strong>τῆς</strong></span> 
     </span>
    </p>
   </div>
   <div class='ocr_carea' id='block_1_18' title="bbox 909 1642 1268 1718">
    <p class='ocr_par' dir='ltr' id='par_1_18' title="bbox 909 1642 1268 1718">
     <span class='ocr_line' id='line_1_18' title="bbox 909 1642 1268 1718; baseline 0.003 -22"><span class='ocrx_word' id='word_1_116' title='bbox 909 1642 1268 1718; x_wconf 82' lang='grc' dir='ltr'>προθεωρίας.</span> 
     </span>
    </p>
   </div>
   <div class='ocr_carea' id='block_1_19' title="bbox 344 1728 1911 1808">
    <p class='ocr_par' dir='ltr' id='par_1_19' title="bbox 344 1728 1911 1808">
     <span class='ocr_line' id='line_1_19' title="bbox 344 1728 1911 1808; baseline -0.005 -18"><span class='ocrx_word' id='word_1_117' title='bbox 344 1737 504 1799; x_wconf 79' lang='grc' dir='ltr'>Ἴσως</span> <span class='ocrx_word' id='word_1_118' title='bbox 533 1735 627 1808; x_wconf 77' lang='grc' dir='ltr'>μὶν</span> <span class='ocrx_word' id='word_1_119' title='bbox 667 1731 728 1787; x_wconf 78' lang='grc' dir='ltr'><strong>ἄν</strong></span> <span class='ocrx_word' id='word_1_120' title='bbox 757 1754 836 1805; x_wconf 86' lang='grc' dir='ltr'>τῳ</span> <span class='ocrx_word' id='word_1_121' title='bbox 865 1730 1152 1807; x_wconf 89' lang='grc' dir='ltr'>περίεργον</span> <span class='ocrx_word' id='word_1_122' title='bbox 1186 1731 1318 1786; x_wconf 82' lang='grc' dir='ltr'>εἶναι</span> <span class='ocrx_word' id='word_1_123' title='bbox 1351 1728 1522 1802; x_wconf 80' lang='grc' dir='ltr'>δόξειε</span> <span class='ocrx_word' id='word_1_124' title='bbox 1560 1732 1622 1786; x_wconf 87' lang='grc' dir='ltr'>τὸ</span> <span class='ocrx_word' id='word_1_125' title='bbox 1654 1731 1759 1804; x_wconf 85' lang='grc' dir='ltr'>πρὸ</span> <span class='ocrx_word' id='word_1_126' title='bbox 1803 1735 1911 1784; x_wconf 81' lang='grc' dir='ltr'><strong>τῶν</strong></span> 
     </span>
    </p>
   </div>
   <div class='ocr_carea' id='block_1_20' title="bbox 2020 592 3664 664">
    <p class='ocr_par' dir='ltr' id='par_1_20' title="bbox 2020 592 3664 664">
     <span class='ocr_line' id='line_1_20' title="bbox 2020 592 3664 664; baseline 0.009 -22"><span class='ocrx_word' id='word_1_127' title='bbox 2020 603 2280 642; x_wconf 87' lang='lat' dir='ltr'><strong>raveram</strong></span> <span class='ocrx_word' id='word_1_128' title='bbox 2313 593 2626 646; x_wconf 84' lang='lat' dir='ltr'><strong>oratorum.</strong></span> <span class='ocrx_word' id='word_1_129' title='bbox 2660 595 2776 663; x_wconf 85' lang='lat' dir='ltr'><strong>Ego</strong></span> <span class='ocrx_word' id='word_1_130' title='bbox 2822 592 2946 664; x_wconf 86' lang='lat' dir='ltr'><strong>ipse</strong></span> <span class='ocrx_word' id='word_1_131' title='bbox 2975 595 3270 650; x_wconf 84' lang='lat' dir='ltr'><strong>victoriam</strong></span> <span class='ocrx_word' id='word_1_132' title='bbox 3321 597 3426 652; x_wconf 85' lang='lat' dir='ltr'><strong>tibi</strong></span> <span class='ocrx_word' id='word_1_133' title='bbox 3471 599 3664 656; x_wconf 85' lang='lat' dir='ltr'><strong>adhuc</strong></span> 
     </span>
    </p>
   </div>
   <div class='ocr_carea' id='block_1_21' title="bbox 2013 675 3662 756">
    <p class='ocr_par' dir='ltr' id='par_1_21' title="bbox 2013 675 3662 756">
     <span class='ocr_line' id='line_1_21' title="bbox 2013 675 3662 756; baseline 0.009 -28"><span class='ocrx_word' id='word_1_134' title='bbox 2013 675 2215 746; x_wconf 86' lang='lat' dir='ltr'><strong>juveni</strong></span> <span class='ocrx_word' id='word_1_135' title='bbox 2248 678 2951 750; x_wconf 88' lang='lat' dir='ltr'><strong>concedebam,tuamque</strong></span> <span class='ocrx_word' id='word_1_136' title='bbox 2976 683 3294 738; x_wconf 76' lang='lat' dir='ltr'><strong>oralionem</strong></span> <span class='ocrx_word' id='word_1_137' title='bbox 3319 701 3448 741; x_wconf 92' lang='lat' dir='ltr'><strong>mea</strong></span> <span class='ocrx_word' id='word_1_138' title='bbox 3469 689 3662 756; x_wconf 87' lang='lat' dir='ltr'><strong>splen-</strong></span> 
     </span>
    </p>
   </div>
   <div class='ocr_carea' id='block_1_22' title="bbox 2021 763 3669 838">
    <p class='ocr_par' dir='ltr' id='par_1_22' title="bbox 2021 763 3669 838">
     <span class='ocr_line' id='line_1_22' title="bbox 2021 763 3669 838; baseline 0.007 -20"><span class='ocrx_word' id='word_1_139' title='bbox 2021 763 2306 820; x_wconf 87' lang='lat' dir='ltr'><strong>didiorem</strong></span> <span class='ocrx_word' id='word_1_140' title='bbox 2338 766 2510 838; x_wconf 91' lang='lat' dir='ltr'><strong>longe</strong></span> <span class='ocrx_word' id='word_1_141' title='bbox 2541 767 2950 838; x_wconf 87' lang='lat' dir='ltr'><strong>arbitrabar,et</strong></span> <span class='ocrx_word' id='word_1_142' title='bbox 2982 769 3333 826; x_wconf 80' lang='lat' dir='ltr'><strong>balbutiente</strong></span> <span class='ocrx_word' id='word_1_143' title='bbox 3364 782 3416 827; x_wconf 88' lang='lat' dir='ltr'><strong>te</strong></span> <span class='ocrx_word' id='word_1_144' title='bbox 3447 775 3518 829; x_wconf 88' lang='lat' dir='ltr'><strong>de</strong></span> <span class='ocrx_word' id='word_1_145' title='bbox 3546 782 3669 830; x_wconf 86' lang='lat' dir='ltr'><strong>stu-</strong></span> 
     </span>
    </p>
   </div>
   <div class='ocr_carea' id='block_1_23' title="bbox 2020 851 3668 927">
    <p class='ocr_par' dir='ltr' id='par_1_23' title="bbox 2020 851 3668 927">
     <span class='ocr_line' id='line_1_23' title="bbox 2020 851 3668 927; baseline 0.007 -21"><span class='ocrx_word' id='word_1_146' title='bbox 2020 851 2248 908; x_wconf 84' lang='lat' dir='ltr'><strong>diorum</strong></span> <span class='ocrx_word' id='word_1_147' title='bbox 2296 857 2518 911; x_wconf 81' lang='lat' dir='ltr'><strong>ratione</strong></span> <span class='ocrx_word' id='word_1_148' title='bbox 2569 858 2962 927; x_wconf 68' lang='lat' dir='ltr'><strong>praajudicavi,</strong></span> <span class='ocrx_word' id='word_1_149' title='bbox 2995 860 3095 913; x_wconf 86' lang='lat' dir='ltr'><strong>sed</strong></span> <span class='ocrx_word' id='word_1_150' title='bbox 3151 859 3268 915; x_wconf 65' lang='lat' dir='ltr'><strong>haec</strong></span> <span class='ocrx_word' id='word_1_151' title='bbox 3313 863 3512 916; x_wconf 87' lang='lat' dir='ltr'><strong>omnia</strong></span> <span class='ocrx_word' id='word_1_152' title='bbox 3559 863 3668 918; x_wconf 90' lang='lat' dir='ltr'><strong>tibi</strong></span> 
     </span>
    </p>
   </div>
   <div class='ocr_carea' id='block_1_24' title="bbox 2021 940 3670 1022">
    <p class='ocr_par' dir='ltr' id='par_1_24' title="bbox 2021 940 3670 1022">
     <span class='ocr_line' id='line_1_24' title="bbox 2021 940 3670 1022; baseline 0.007 -30"><span class='ocrx_word' id='word_1_153' title='bbox 2021 940 2251 995; x_wconf 76' lang='lat' dir='ltr'><strong>daemon</strong></span> <span class='ocrx_word' id='word_1_154' title='bbox 2303 944 2577 998; x_wconf 79' lang='lat' dir='ltr'><strong>auferens</strong></span> <span class='ocrx_word' id='word_1_155' title='bbox 2624 945 2845 1015; x_wconf 73' lang='lat' dir='ltr'><strong>effugit,</strong></span> <span class='ocrx_word' id='word_1_156' title='bbox 2877 953 2934 1002; x_wconf 91' lang='lat' dir='ltr'><strong>et</strong></span> <span class='ocrx_word' id='word_1_157' title='bbox 2984 947 3125 1002; x_wconf 89' lang='lat' dir='ltr'><strong>mihi</strong></span> <span class='ocrx_word' id='word_1_158' title='bbox 3178 948 3435 1002; x_wconf 87' lang='lat' dir='ltr'><strong>dolorem</strong></span> <span class='ocrx_word' id='word_1_159' title='bbox 3487 948 3670 1022; x_wconf 75' lang='lat' dir='ltr'><strong>lacry-</strong></span> 
     </span>
    </p>
   </div>
   <div class='ocr_carea' id='block_1_25' title="bbox 2023 1032 3668 1103">
    <p class='ocr_par' dir='ltr' id='par_1_25' title="bbox 2023 1032 3668 1103">
     <span class='ocr_line' id='line_1_25' title="bbox 2023 1032 3668 1103; baseline 0.009 -21"><span class='ocrx_word' id='word_1_160' title='bbox 2023 1044 2264 1100; x_wconf 90' lang='lat' dir='ltr'><strong>masque</strong></span> <span class='ocrx_word' id='word_1_161' title='bbox 2295 1047 2398 1101; x_wconf 92' lang='lat' dir='ltr'><strong>pro</strong></span> <span class='ocrx_word' id='word_1_162' title='bbox 2430 1038 2485 1086; x_wconf 91' lang='lat' dir='ltr'><strong>te</strong></span> <span class='ocrx_word' id='word_1_163' title='bbox 2516 1032 2764 1103; x_wconf 86' lang='lat' dir='ltr'><strong>reliquit.</strong></span> <span class='ocrx_word' id='word_1_164' title='bbox 2791 1034 3023 1091; x_wconf 85' lang='lat' dir='ltr'><strong>Ornabo</strong></span> <span class='ocrx_word' id='word_1_165' title='bbox 3054 1041 3111 1091; x_wconf 88' lang='lat' dir='ltr'><strong>te</strong></span> <span class='ocrx_word' id='word_1_166' title='bbox 3141 1036 3292 1092; x_wconf 82' lang='lat' dir='ltr'><strong>ludis</strong></span> <span class='ocrx_word' id='word_1_167' title='bbox 3322 1038 3668 1096; x_wconf 81' lang='lat' dir='ltr'><strong>funebribus</strong></span> 
     </span>
    </p>
   </div>
   <div class='ocr_carea' id='block_1_26' title="bbox 2022 1122 3668 1193">
    <p class='ocr_par' dir='ltr' id='par_1_26' title="bbox 2022 1122 3668 1193">
     <span class='ocr_line' id='line_1_26' title="bbox 2022 1122 3668 1193; baseline 0.007 -19"><span class='ocrx_word' id='word_1_168' title='bbox 2022 1125 2078 1174; x_wconf 91' lang='lat' dir='ltr'><strong>et</strong></span> <span class='ocrx_word' id='word_1_169' title='bbox 2122 1122 2449 1192; x_wconf 78' lang='lat' dir='ltr'><strong>posteritati</strong></span> <span class='ocrx_word' id='word_1_170' title='bbox 2482 1139 2690 1178; x_wconf 88' lang='lat' dir='ltr'><strong>nomen</strong></span> <span class='ocrx_word' id='word_1_171' title='bbox 2742 1128 2966 1180; x_wconf 88' lang='lat' dir='ltr'><strong>tradam</strong></span> <span class='ocrx_word' id='word_1_172' title='bbox 3002 1131 3193 1193; x_wconf 91' lang='lat' dir='ltr'><strong>tuum,</strong></span> <span class='ocrx_word' id='word_1_173' title='bbox 3226 1133 3283 1181; x_wconf 84' lang='lat' dir='ltr'><strong>et:</strong></span> <span class='ocrx_word' id='word_1_174' title='bbox 3323 1128 3430 1182; x_wconf 89' lang='lat' dir='ltr'><strong>hac</strong></span> <span class='ocrx_word' id='word_1_175' title='bbox 3458 1131 3668 1185; x_wconf 82' lang='lat' dir='ltr'><strong>saltem</strong></span> 
     </span>
    </p>
   </div>
   <div class='ocr_carea' id='block_1_27' title="bbox 2022 1209 3671 1290">
    <p class='ocr_par' dir='ltr' id='par_1_27' title="bbox 2022 1209 3671 1290">
     <span class='ocr_line' id='line_1_27' title="bbox 2022 1209 3671 1290; baseline 0.007 -27"><span class='ocrx_word' id='word_1_176' title='bbox 2022 1215 2186 1280; x_wconf 88' lang='lat' dir='ltr'><strong>parte</strong></span> <span class='ocrx_word' id='word_1_177' title='bbox 2214 1209 2538 1267; x_wconf 68' lang='lat' dir='ltr'><strong>daemonem</strong></span> <span class='ocrx_word' id='word_1_178' title='bbox 2567 1213 2820 1281; x_wconf 89' lang='lat' dir='ltr'><strong>vincam,</strong></span> <span class='ocrx_word' id='word_1_179' title='bbox 2856 1220 2915 1270; x_wconf 90' lang='lat' dir='ltr'><strong>ut</strong></span> <span class='ocrx_word' id='word_1_180' title='bbox 2942 1215 3039 1270; x_wconf 92' lang='lat' dir='ltr'><strong>ille</strong></span> <span class='ocrx_word' id='word_1_181' title='bbox 3061 1218 3292 1286; x_wconf 87' lang='lat' dir='ltr'><strong>quidem</strong></span> <span class='ocrx_word' id='word_1_182' title='bbox 3325 1233 3538 1290; x_wconf 87' lang='lat' dir='ltr'><strong>corpus</strong></span> <span class='ocrx_word' id='word_1_183' title='bbox 3569 1219 3671 1275; x_wconf 89' lang='lat' dir='ltr'><strong>ha-</strong></span> 
     </span>
    </p>
   </div>
   <div class='ocr_carea' id='block_1_28' title="bbox 2025 1298 3483 1371">
    <p class='ocr_par' dir='ltr' id='par_1_28' title="bbox 2025 1298 3483 1371">
     <span class='ocr_line' id='line_1_28' title="bbox 2025 1298 3483 1371; baseline 0.005 -18"><span class='ocrx_word' id='word_1_184' title='bbox 2025 1298 2175 1367; x_wconf 88' lang='lat' dir='ltr'><strong>beat,</strong></span> <span class='ocrx_word' id='word_1_185' title='bbox 2205 1299 2462 1356; x_wconf 87' lang='lat' dir='ltr'><strong>animam</strong></span> <span class='ocrx_word' id='word_1_186' title='bbox 2494 1308 2676 1371; x_wconf 87' lang='lat' dir='ltr'><strong>astra,</strong></span> <span class='ocrx_word' id='word_1_187' title='bbox 2705 1319 2909 1360; x_wconf 89' lang='lat' dir='ltr'><strong>omnes</strong></span> <span class='ocrx_word' id='word_1_188' title='bbox 2941 1303 3211 1361; x_wconf 87' lang='lat' dir='ltr'><strong>homines</strong></span> <span class='ocrx_word' id='word_1_189' title='bbox 3243 1307 3483 1361; x_wconf 83' lang='lat' dir='ltr'><strong>famam.</strong></span> 
     </span>
    </p>
   </div>
   <div class='ocr_carea' id='block_1_29' title="bbox 2093 1571 3594 1652">
    <p class='ocr_par' dir='ltr' id='par_1_29' title="bbox 2093 1571 3594 1652">
     <span class='ocr_line' id='line_1_29' title="bbox 2093 1571 3594 1652; baseline 0.009 -26"><span class='ocrx_word' id='word_1_190' title='bbox 2093 1572 2176 1627; x_wconf 74' lang='lat' dir='ltr'><strong>Ex</strong></span> <span class='ocrx_word' id='word_1_191' title='bbox 2204 1571 2576 1644; x_wconf 76' lang='lat' dir='ltr'><strong>Epithalamio</strong></span> <span class='ocrx_word' id='word_1_192' title='bbox 2613 1572 2685 1629; x_wconf 82' lang='lat' dir='ltr'><strong>ad</strong></span> <span class='ocrx_word' id='word_1_193' title='bbox 2714 1573 2992 1631; x_wconf 79' lang='lat' dir='ltr'><strong>Severum.</strong></span> <span class='ocrx_word' id='word_1_194' title='bbox 3024 1607 3092 1618; x_wconf 88' lang='grc'><strong><em>--</em></strong></span> <span class='ocrx_word' id='word_1_195' title='bbox 3125 1581 3209 1634; x_wconf 76' lang='lat' dir='ltr'><strong>Ex</strong></span> <span class='ocrx_word' id='word_1_196' title='bbox 3245 1582 3594 1652; x_wconf 68' lang='lat' dir='ltr'><strong>prae/aliane.</strong></span> 
     </span>
    </p>
   </div>
   <div class='ocr_carea' id='block_1_30' title="bbox 2096 1737 3671 1812">
    <p class='ocr_par' dir='ltr' id='par_1_30' title="bbox 2096 1737 3671 1812">
     <span class='ocr_line' id='line_1_30' title="bbox 2096 1737 3671 1812; baseline 0.006 -19"><span class='ocrx_word' id='word_1_197' title='bbox 2096 1737 2298 1807; x_wconf 70' lang='lat' dir='ltr'><strong>Operae</strong></span> <span class='ocrx_word' id='word_1_198' title='bbox 2333 1737 2601 1808; x_wconf 65' lang='lat' dir='ltr'><strong>pratium</strong></span> <span class='ocrx_word' id='word_1_199' title='bbox 2635 1738 2880 1794; x_wconf 79' lang='lat' dir='ltr'><strong>forsitan</strong></span> <span class='ocrx_word' id='word_1_200' title='bbox 2929 1740 3115 1796; x_wconf 81' lang='lat' dir='ltr'><strong>visum</strong></span> <span class='ocrx_word' id='word_1_201' title='bbox 3146 1758 3262 1798; x_wconf 91' lang='lat' dir='ltr'><strong>non</strong></span> <span class='ocrx_word' id='word_1_202' title='bbox 3314 1744 3506 1812; x_wconf 81' lang='lat' dir='ltr'><strong>fuerit,</strong></span> <span class='ocrx_word' id='word_1_203' title='bbox 3537 1753 3671 1804; x_wconf 86' lang='lat' dir='ltr'><strong>ante</strong></span> 
     </span>
    </p>
   </div>
   <div class='ocr_carea' id='block_1_31' title="bbox 274 1820 1918 1906">
    <p class='ocr_par' dir='ltr' id='par_1_31' title="bbox 274 1820 1916 1898">
     <span class='ocr_line' id='line_1_31' title="bbox 274 1820 1916 1898; baseline -0.004 -18"><span class='ocrx_word' id='word_1_204' title='bbox 274 1823 654 1898; x_wconf 75' lang='grc' dir='ltr'>ἐπιθαλαμίων</span> <span class='ocrx_word' id='word_1_205' title='bbox 702 1820 1054 1897; x_wconf 74' lang='grc' dir='ltr'>τεχνολογεὶν</span> <span class='ocrx_word' id='word_1_206' title='bbox 1084 1839 1097 1852; x_wconf 84' lang='grc'>⁶</span> <span class='ocrx_word' id='word_1_207' title='bbox 1151 1822 1288 1876; x_wconf 74' lang='grc' dir='ltr'>ὅπου</span> <span class='ocrx_word' id='word_1_208' title='bbox 1337 1821 1442 1895; x_wconf 76' lang='grc' dir='ltr'><strong>γὰρ</strong></span> <span class='ocrx_word' id='word_1_209' title='bbox 1501 1821 1779 1894; x_wconf 82' lang='grc' dir='ltr'>Ὑμέναιος</span> <span class='ocrx_word' id='word_1_210' title='bbox 1826 1821 1916 1874; x_wconf 85' lang='grc' dir='ltr'><strong>καὶ</strong></span> 
     </span>
    </p>
   </div>
   <div class='ocr_carea' id='block_1_32' title="bbox 2032 1820 3665 1906">
    <p class='ocr_par' dir='ltr' id='par_1_32' title="bbox 2032 1825 3665 1906">
     <span class='ocr_line' id='line_1_32' title="bbox 2032 1825 3665 1906; baseline 0.008 -26"><span class='ocrx_word' id='word_1_211' title='bbox 2032 1825 2405 1897; x_wconf 81' lang='lat' dir='ltr'><strong>epithalamia</strong></span> <span class='ocrx_word' id='word_1_212' title='bbox 2434 1827 2746 1883; x_wconf 79' lang='lat' dir='ltr'><strong>artificiosa</strong></span> <span class='ocrx_word' id='word_1_213' title='bbox 2775 1829 2980 1884; x_wconf 89' lang='lat' dir='ltr'><strong>dicere.</strong></span> <span class='ocrx_word' id='word_1_214' title='bbox 2996 1829 3134 1886; x_wconf 82' lang='lat' dir='ltr'><strong>Nam</strong></span> <span class='ocrx_word' id='word_1_215' title='bbox 3169 1832 3268 1887; x_wconf 90' lang='lat' dir='ltr'><strong>ubi</strong></span> <span class='ocrx_word' id='word_1_216' title='bbox 3297 1832 3665 1906; x_wconf 65' lang='lat' dir='ltr'><strong>Hymenaeus,</strong></span> 
     </span>
    </p>
   </div>
   <div class='ocr_carea' id='block_1_33' title="bbox 267 1909 1917 1991">
    <p class='ocr_par' dir='ltr' id='par_1_33' title="bbox 267 1909 1917 1991">
     <span class='ocr_line' id='line_1_33' title="bbox 267 1909 1917 1991; baseline -0.002 -23"><span class='ocrx_word' id='word_1_217' title='bbox 267 1913 438 1991; x_wconf 84' lang='grc' dir='ltr'>χοροὲ</span> <span class='ocrx_word' id='word_1_218' title='bbox 487 1913 577 1968; x_wconf 82' lang='grc' dir='ltr'><strong>καὶ</strong></span> <span class='ocrx_word' id='word_1_219' title='bbox 626 1917 921 1983; x_wconf 77' lang='grc' dir='ltr'>ποιητικῆς</span> <span class='ocrx_word' id='word_1_220' title='bbox 975 1909 1302 1982; x_wconf 80' lang='grc' dir='ltr'><strong>αὐτονομίας</strong></span> <span class='ocrx_word' id='word_1_221' title='bbox 1353 1909 1525 1978; x_wconf 82' lang='grc' dir='ltr'>ἄδεια,</span> <span class='ocrx_word' id='word_1_222' title='bbox 1567 1931 1650 1972; x_wconf 90' lang='grc' dir='ltr'><strong>τις</strong></span> <span class='ocrx_word' id='word_1_223' title='bbox 1692 1909 1917 1965; x_wconf 73' lang='grc' dir='ltr'>ἐνταῦθα</span> 
     </span>
    </p>
   </div>
   <div class='ocr_carea' id='block_1_34' title="bbox 268 1998 1913 2080">
    <p class='ocr_par' dir='ltr' id='par_1_34' title="bbox 268 1998 1913 2080">
     <span class='ocr_line' id='line_1_34' title="bbox 268 1998 1913 2080; baseline -0.004 -21"><span class='ocrx_word' id='word_1_224' title='bbox 268 2006 478 2080; x_wconf 71' lang='grc' dir='ltr'>τέχνης</span> <span class='ocrx_word' id='word_1_225' title='bbox 527 2004 747 2078; x_wconf 90' lang='grc' dir='ltr'>καιρός;</span> <span class='ocrx_word' id='word_1_226' title='bbox 785 2002 934 2058; x_wconf 85' lang='grc' dir='ltr'>Ἐπεὶ</span> <span class='ocrx_word' id='word_1_227' title='bbox 983 1998 1040 2056; x_wconf 73' lang='grc' dir='ltr'>δὶ</span> <span class='ocrx_word' id='word_1_228' title='bbox 1068 2003 1181 2076; x_wconf 80' lang='grc' dir='ltr'>χρὴ</span> <span class='ocrx_word' id='word_1_229' title='bbox 1233 2000 1324 2056; x_wconf 86' lang='grc' dir='ltr'>τὸν</span> <span class='ocrx_word' id='word_1_230' title='bbox 1365 1998 1703 2071; x_wconf 70' lang='grc' dir='ltr'>ἐπιστήμονα</span> <span class='ocrx_word' id='word_1_231' title='bbox 1742 1999 1830 2054; x_wconf 78' lang='grc' dir='ltr'>καὶ</span> <span class='ocrx_word' id='word_1_232' title='bbox 1861 1999 1913 2055; x_wconf 70' lang='grc' dir='ltr'>ἐν</span> 
     </span>
    </p>
   </div>
   <div class='ocr_carea' id='block_1_35' title="bbox 262 2088 1915 2165">
    <p class='ocr_par' dir='ltr' id='par_1_35' title="bbox 262 2088 1915 2165">
     <span class='ocr_line' id='line_1_35' title="bbox 262 2088 1915 2165; baseline -0.002 -18"><span class='ocrx_word' id='word_1_233' title='bbox 262 2099 391 2154; x_wconf 86' lang='grc' dir='ltr'>τοῖς</span> <span class='ocrx_word' id='word_1_234' title='bbox 423 2091 701 2155; x_wconf 81' lang='grc' dir='ltr'><strong>τοιούτοις</strong></span> <span class='ocrx_word' id='word_1_235' title='bbox 731 2088 902 2164; x_wconf 78' lang='grc' dir='ltr'>μηδὲν</span> <span class='ocrx_word' id='word_1_236' title='bbox 932 2089 1054 2145; x_wconf 79' lang='grc' dir='ltr'>ἄνευ</span> <span class='ocrx_word' id='word_1_237' title='bbox 1101 2088 1301 2165; x_wconf 85' lang='grc' dir='ltr'>τέχνης</span> <span class='ocrx_word' id='word_1_238' title='bbox 1331 2095 1528 2158; x_wconf 83' lang='grc' dir='ltr'><strong>ποιεῖν,</strong></span> <span class='ocrx_word' id='word_1_239' title='bbox 1565 2089 1776 2163; x_wconf 67' lang='grc' dir='ltr'>βραχέα</span> <span class='ocrx_word' id='word_1_240' title='bbox 1825 2088 1915 2143; x_wconf 82' lang='grc' dir='ltr'><strong>καὶ</strong></span> 
     </span>
    </p>
   </div>
   <div class='ocr_carea' id='block_1_36' title="bbox 263 2176 1916 2257">
    <p class='ocr_par' dir='ltr' id='par_1_36' title="bbox 263 2176 1916 2257">
     <span class='ocr_line' id='line_1_36' title="bbox 263 2176 1916 2257; baseline -0.003 -20"><span class='ocrx_word' id='word_1_241' title='bbox 263 2181 395 2257; x_wconf 83' lang='grc' dir='ltr'>περὶ</span> <span class='ocrx_word' id='word_1_242' title='bbox 455 2180 662 2236; x_wconf 90' lang='grc' dir='ltr'>τούτων</span> <span class='ocrx_word' id='word_1_243' title='bbox 721 2179 892 2235; x_wconf 81' lang='grc' dir='ltr'>εἰπεῖν</span> <span class='ocrx_word' id='word_1_244' title='bbox 937 2177 1102 2250; x_wconf 76' lang='grc' dir='ltr'>ἄξιον.</span> <span class='ocrx_word' id='word_1_245' title='bbox 1153 2179 1330 2234; x_wconf 83' lang='grc' dir='ltr'>Ἔστω</span> <span class='ocrx_word' id='word_1_246' title='bbox 1385 2179 1561 2232; x_wconf 80' lang='grc' dir='ltr'>τοίνυν</span> <span class='ocrx_word' id='word_1_247' title='bbox 1612 2179 1640 2232; x_wconf 90' lang='lat'>6</span> <span class='ocrx_word' id='word_1_248' title='bbox 1696 2176 1916 2252; x_wconf 76' lang='grc' dir='ltr'>ἄριστος</span> 
     </span>
    </p>
   </div>
   <div class='ocr_carea' id='block_1_37' title="bbox 269 2265 1916 2342">
    <p class='ocr_par' dir='ltr' id='par_1_37' title="bbox 269 2265 1916 2342">
     <span class='ocr_line' id='line_1_37' title="bbox 269 2265 1916 2342; baseline -0.002 -16"><span class='ocrx_word' id='word_1_249' title='bbox 269 2267 656 2342; x_wconf 73' lang='grc' dir='ltr'>ἐπιθαλαμίων</span> <span class='ocrx_word' id='word_1_250' title='bbox 717 2269 894 2322; x_wconf 84' lang='grc' dir='ltr'>κανὼν</span> <span class='ocrx_word' id='word_1_251' title='bbox 945 2267 1010 2323; x_wconf 82' lang='grc' dir='ltr'>τὸ</span> <span class='ocrx_word' id='word_1_252' title='bbox 1074 2269 1173 2336; x_wconf 84' lang='grc' dir='ltr'><strong>τήν</strong></span> <span class='ocrx_word' id='word_1_253' title='bbox 1241 2269 1334 2340; x_wconf 76' lang='grc' dir='ltr'>μὲν</span> <span class='ocrx_word' id='word_1_254' title='bbox 1395 2265 1536 2339; x_wconf 73' lang='grc' dir='ltr'>λέξιν</span> <span class='ocrx_word' id='word_1_255' title='bbox 1604 2267 1738 2342; x_wconf 85' lang='grc' dir='ltr'>πρὸς</span> <span class='ocrx_word' id='word_1_256' title='bbox 1791 2268 1916 2328; x_wconf 74' lang='grc' dir='ltr'>τοὺς</span> 
     </span>
    </p>
   </div>
   <div class='ocr_carea' id='block_1_38' title="bbox 267 2353 1918 2434">
    <p class='ocr_par' dir='ltr' id='par_1_38' title="bbox 267 2353 1918 2434">
     <span class='ocr_line' id='line_1_38' title="bbox 267 2353 1918 2434; baseline -0.002 -18"><span class='ocrx_word' id='word_1_257' title='bbox 267 2358 517 2429; x_wconf 79' lang='grc' dir='ltr'>ποιητὰς</span> <span class='ocrx_word' id='word_1_258' title='bbox 550 2359 703 2434; x_wconf 84' lang='grc' dir='ltr'>ὁρᾷν,</span> <span class='ocrx_word' id='word_1_259' title='bbox 754 2357 820 2413; x_wconf 78' lang='grc' dir='ltr'><strong>τὰ</strong></span> <span class='ocrx_word' id='word_1_260' title='bbox 859 2355 1150 2432; x_wconf 88' lang='grc' dir='ltr'>πράγματα</span> <span class='ocrx_word' id='word_1_261' title='bbox 1193 2353 1249 2411; x_wconf 75' lang='grc' dir='ltr'>δὶ</span> <span class='ocrx_word' id='word_1_262' title='bbox 1281 2357 1416 2431; x_wconf 90' lang='grc' dir='ltr'>πρὸς</span> <span class='ocrx_word' id='word_1_263' title='bbox 1461 2358 1564 2426; x_wconf 68' lang='grc' dir='ltr'><strong>τήν</strong></span> <span class='ocrx_word' id='word_1_264' title='bbox 1603 2357 1817 2432; x_wconf 83' lang='grc' dir='ltr'>χρείαν,</span> <span class='ocrx_word' id='word_1_265' title='bbox 1858 2357 1918 2412; x_wconf 86' lang='grc' dir='ltr'>τὸ</span> 
     </span>
    </p>
   </div>
   <div class='ocr_carea' id='block_1_39' title="bbox 278 2444 1917 2523">
    <p class='ocr_par' dir='ltr' id='par_1_39' title="bbox 278 2444 1917 2523">
     <span class='ocr_line' id='line_1_39' title="bbox 278 2444 1917 2523; baseline -0.002 -18"><span class='ocrx_word' id='word_1_266' title='bbox 278 2446 342 2505; x_wconf 67' lang='grc' dir='ltr'>δὲ</span> <span class='ocrx_word' id='word_1_267' title='bbox 377 2446 571 2523; x_wconf 83' lang='grc' dir='ltr'>μέτρον</span> <span class='ocrx_word' id='word_1_268' title='bbox 618 2448 754 2522; x_wconf 89' lang='grc' dir='ltr'>πρὸς</span> <span class='ocrx_word' id='word_1_269' title='bbox 798 2447 896 2515; x_wconf 79' lang='grc' dir='ltr'><strong>τήν</strong></span> <span class='ocrx_word' id='word_1_270' title='bbox 956 2445 1229 2502; x_wconf 83' lang='grc' dir='ltr'>ὑπόθεσιν.</span> <span class='ocrx_word' id='word_1_271' title='bbox 1267 2449 1358 2500; x_wconf 83' lang='grc' dir='ltr'>Ὠν</span> <span class='ocrx_word' id='word_1_272' title='bbox 1387 2444 1432 2500; x_wconf 79' lang='grc' dir='ltr'><strong>εί</strong></span> <span class='ocrx_word' id='word_1_273' title='bbox 1486 2447 1697 2500; x_wconf 86' lang='grc' dir='ltr'>πάντων</span> <span class='ocrx_word' id='word_1_274' title='bbox 1745 2447 1773 2500; x_wconf 88' lang='grc' dir='ltr'><strong>ὁ</strong></span> <span class='ocrx_word' id='word_1_275' title='bbox 1823 2445 1917 2502; x_wconf 84' lang='grc' dir='ltr'>λό-</span> 
     </span>
    </p>
   </div>
   <div class='ocr_carea' id='block_1_40' title="bbox 274 2533 1783 2616">
    <p class='ocr_par' dir='ltr' id='par_1_40' title="bbox 274 2533 1783 2616">
     <span class='ocr_line' id='line_1_40' title="bbox 274 2533 1783 2616; baseline 0 -23"><span class='ocrx_word' id='word_1_276' title='bbox 274 2560 383 2613; x_wconf 86' lang='grc' dir='ltr'><strong>γος</strong></span> <span class='ocrx_word' id='word_1_277' title='bbox 417 2537 765 2613; x_wconf 81' lang='grc' dir='ltr'>ἐστόχασται,</span> <span class='ocrx_word' id='word_1_278' title='bbox 800 2537 1122 2616; x_wconf 83' lang='grc' dir='ltr'>σαφέστερον</span> <span class='ocrx_word' id='word_1_279' title='bbox 1153 2533 1309 2606; x_wconf 80' lang='grc' dir='ltr'>δείξει</span> <span class='ocrx_word' id='word_1_280' title='bbox 1337 2536 1400 2590; x_wconf 89' lang='grc' dir='ltr'><strong>τὸ</strong></span> <span class='ocrx_word' id='word_1_281' title='bbox 1432 2535 1783 2611; x_wconf 87' lang='grc' dir='ltr'>σύγγραμμα.</span> 
     </span>
    </p>
   </div>
   <div class='ocr_carea' id='block_1_41' title="bbox 619 2623 1580 2699">
    <p class='ocr_par' dir='ltr' id='par_1_41' title="bbox 619 2623 1580 2699">
     <span class='ocr_line' id='line_1_41' title="bbox 619 2623 1580 2699; baseline -0.002 -17"><span class='ocrx_word' id='word_1_282' title='bbox 619 2628 696 2682; x_wconf 89' lang='grc' dir='ltr'><strong>Τὸ</strong></span> <span class='ocrx_word' id='word_1_283' title='bbox 727 2625 1034 2699; x_wconf 83' lang='grc' dir='ltr'>Προοίμιον</span> <span class='ocrx_word' id='word_1_284' title='bbox 1064 2631 1162 2681; x_wconf 88' lang='grc' dir='ltr'>τοῦ</span> <span class='ocrx_word' id='word_1_285' title='bbox 1194 2623 1580 2699; x_wconf 80' lang='grc' dir='ltr'>ἐπιθαλαμίου.</span> 
     </span>
    </p>
   </div>
   <div class='ocr_carea' id='block_1_42' title="bbox 349 2713 1918 2793">
    <p class='ocr_par' dir='ltr' id='par_1_42' title="bbox 349 2713 1918 2793">
     <span class='ocr_line' id='line_1_42' title="bbox 349 2713 1918 2793; baseline -0.003 -19"><span class='ocrx_word' id='word_1_286' title='bbox 349 2715 683 2775; x_wconf 75' lang='grc' dir='ltr'>Ἀπόλλωνά</span> <span class='ocrx_word' id='word_1_287' title='bbox 738 2736 868 2793; x_wconf 85' lang='grc' dir='ltr'>φασι</span> <span class='ocrx_word' id='word_1_288' title='bbox 942 2716 1075 2789; x_wconf 77' lang='grc' dir='ltr'>μετα</span> <span class='ocrx_word' id='word_1_289' title='bbox 1137 2715 1233 2776; x_wconf 79' lang='grc' dir='ltr'><strong>τὰς</strong></span> <span class='ocrx_word' id='word_1_290' title='bbox 1296 2713 1542 2789; x_wconf 81' lang='grc' dir='ltr'>μεγάλας</span> <span class='ocrx_word' id='word_1_291' title='bbox 1616 2713 1790 2784; x_wconf 86' lang='grc' dir='ltr'>νίκας,</span> <span class='ocrx_word' id='word_1_292' title='bbox 1857 2715 1918 2777; x_wconf 81' lang='grc' dir='ltr'><strong>ἃς</strong></span> 
     </span>
    </p>
   </div>
   <div class='ocr_carea' id='block_1_43' title="bbox 272 2801 1921 2882">
    <p class='ocr_par' dir='ltr' id='par_1_43' title="bbox 272 2801 1921 2882">
     <span class='ocr_line' id='line_1_43' title="bbox 272 2801 1921 2882; baseline -0.002 -21"><span class='ocrx_word' id='word_1_293' title='bbox 272 2804 537 2876; x_wconf 85' lang='grc' dir='ltr'>πλήττων</span> <span class='ocrx_word' id='word_1_294' title='bbox 565 2807 662 2873; x_wconf 80' lang='grc' dir='ltr'><strong>τήν</strong></span> <span class='ocrx_word' id='word_1_295' title='bbox 698 2805 865 2879; x_wconf 89' lang='grc' dir='ltr'>λύραν</span> <span class='ocrx_word' id='word_1_296' title='bbox 899 2804 1191 2878; x_wconf 78' lang='grc' dir='ltr'>ἤρατο,καὶ</span> <span class='ocrx_word' id='word_1_297' title='bbox 1224 2806 1361 2858; x_wconf 82' lang='grc' dir='ltr'>κατὰ</span> <span class='ocrx_word' id='word_1_298' title='bbox 1391 2801 1679 2859; x_wconf 83' lang='grc' dir='ltr'>παστάδων</span> <span class='ocrx_word' id='word_1_299' title='bbox 1709 2806 1921 2882; x_wconf 77' lang='grc' dir='ltr'>ἠχῆσαι</span> 
     </span>
    </p>
   </div>
   <div class='ocr_carea' id='block_1_44' title="bbox 276 2891 1922 2972">
    <p class='ocr_par' dir='ltr' id='par_1_44' title="bbox 276 2891 1922 2972">
     <span class='ocr_line' id='line_1_44' title="bbox 276 2891 1922 2972; baseline -0.002 -21"><span class='ocrx_word' id='word_1_300' title='bbox 276 2893 449 2971; x_wconf 80' lang='grc' dir='ltr'>μέλος</span> <span class='ocrx_word' id='word_1_301' title='bbox 515 2893 818 2969; x_wconf 80' lang='grc' dir='ltr'>γαμήλιον.</span> <span class='ocrx_word' id='word_1_302' title='bbox 877 2895 1034 2968; x_wconf 78' lang='grc' dir='ltr'>’Ἃγει</span> <span class='ocrx_word' id='word_1_303' title='bbox 1092 2893 1182 2948; x_wconf 82' lang='grc' dir='ltr'><strong>καὶ</strong></span> <span class='ocrx_word' id='word_1_304' title='bbox 1239 2891 1568 2972; x_wconf 71' lang='grc' dir='ltr'>Ἀφροδίτην</span> <span class='ocrx_word' id='word_1_305' title='bbox 1637 2893 1720 2971; x_wconf 75' lang='grc' dir='ltr'><strong>ἐφ’</strong></span> <span class='ocrx_word' id='word_1_306' title='bbox 1775 2894 1922 2968; x_wconf 73' lang='grc' dir='ltr'>ἅρμα</span> 
     </span>
    </p>
   </div>
   <div class='ocr_carea' id='block_1_45' title="bbox 273 2983 1918 3059">
    <p class='ocr_par' dir='ltr' id='par_1_45' title="bbox 273 2983 1918 3059">
     <span class='ocr_line' id='line_1_45' title="bbox 273 2983 1918 3059; baseline -0.004 -17"><span class='ocrx_word' id='word_1_307' title='bbox 273 2983 550 3059; x_wconf 83' lang='grc' dir='ltr'>Χαρίτων,</span> <span class='ocrx_word' id='word_1_308' title='bbox 583 2984 671 3038; x_wconf 75' lang='grc' dir='ltr'><strong>καὶ</strong></span> <span class='ocrx_word' id='word_1_309' title='bbox 722 2983 890 3058; x_wconf 82' lang='grc' dir='ltr'>χορὸν</span> <span class='ocrx_word' id='word_1_310' title='bbox 925 2985 1177 3058; x_wconf 85' lang='grc' dir='ltr'>Ἐρώτων</span> <span class='ocrx_word' id='word_1_311' title='bbox 1230 2984 1630 3056; x_wconf 80' lang='grc' dir='ltr'>συμπαίστορα.</span> <span class='ocrx_word' id='word_1_312' title='bbox 1664 2984 1769 3040; x_wconf 87' lang='grc' dir='ltr'>Καὶ</span> <span class='ocrx_word' id='word_1_313' title='bbox 1816 2990 1918 3052; x_wconf 83' lang='grc' dir='ltr'>τῆς</span> 
     </span>
    </p>
   </div>
   <div class='ocr_carea' id='block_1_46' title="bbox 2024 1918 3670 1997">
    <p class='ocr_par' dir='ltr' id='par_1_46' title="bbox 2024 1918 3670 1997">
     <span class='ocr_line' id='line_1_46' title="bbox 2024 1918 3670 1997; baseline 0.006 -23"><span class='ocrx_word' id='word_1_314' title='bbox 2024 1918 2206 1986; x_wconf 89' lang='lat' dir='ltr'><strong>chori,</strong></span> <span class='ocrx_word' id='word_1_315' title='bbox 2257 1919 2606 1990; x_wconf 73' lang='lat' dir='ltr'><strong>poeticaeque</strong></span> <span class='ocrx_word' id='word_1_316' title='bbox 2653 1919 2938 1977; x_wconf 87' lang='lat' dir='ltr'><strong>libertatis</strong></span> <span class='ocrx_word' id='word_1_317' title='bbox 2986 1921 3222 1979; x_wconf 85' lang='lat' dir='ltr'><strong>licentia</strong></span> <span class='ocrx_word' id='word_1_318' title='bbox 3268 1933 3378 1993; x_wconf 90' lang='lat' dir='ltr'><strong>est,</strong></span> <span class='ocrx_word' id='word_1_319' title='bbox 3410 1929 3539 1997; x_wconf 92' lang='lat' dir='ltr'><strong>quis</strong></span> <span class='ocrx_word' id='word_1_320' title='bbox 3588 1929 3670 1984; x_wconf 87' lang='lat' dir='ltr'><strong>ibi</strong></span> 
     </span>
    </p>
   </div>
   <div class='ocr_carea' id='block_1_47' title="bbox 2024 2006 3664 2083">
    <p class='ocr_par' dir='ltr' id='par_1_47' title="bbox 2024 2006 3664 2083">
     <span class='ocr_line' id='line_1_47' title="bbox 2024 2006 3664 2083; baseline 0.006 -19"><span class='ocrx_word' id='word_1_321' title='bbox 2024 2008 2132 2064; x_wconf 90' lang='lat' dir='ltr'><strong>arti</strong></span> <span class='ocrx_word' id='word_1_322' title='bbox 2165 2006 2374 2063; x_wconf 80' lang='lat' dir='ltr'><strong>locus?</strong></span> <span class='ocrx_word' id='word_1_323' title='bbox 2411 2009 2552 2064; x_wconf 90' lang='lat' dir='ltr'><strong>Cum</strong></span> <span class='ocrx_word' id='word_1_324' title='bbox 2585 2014 2780 2064; x_wconf 87' lang='lat' dir='ltr'><strong>autem</strong></span> <span class='ocrx_word' id='word_1_325' title='bbox 2817 2010 2872 2065; x_wconf 92' lang='lat' dir='ltr'><strong>in</strong></span> <span class='ocrx_word' id='word_1_326' title='bbox 2909 2011 3002 2066; x_wconf 92' lang='lat' dir='ltr'><strong>his</strong></span> <span class='ocrx_word' id='word_1_327' title='bbox 3035 2012 3177 2083; x_wconf 85' lang='lat' dir='ltr'><strong>ipsis</strong></span> <span class='ocrx_word' id='word_1_328' title='bbox 3207 2013 3334 2070; x_wconf 88' lang='lat' dir='ltr'><strong>sine</strong></span> <span class='ocrx_word' id='word_1_329' title='bbox 3364 2023 3487 2072; x_wconf 86' lang='lat' dir='ltr'><strong>arte</strong></span> <span class='ocrx_word' id='word_1_330' title='bbox 3521 2017 3664 2074; x_wconf 87' lang='lat' dir='ltr'><strong>nihil</strong></span> 
     </span>
    </p>
   </div>
   <div class='ocr_carea' id='block_1_48' title="bbox 2025 2095 3668 2174">
    <p class='ocr_par' dir='ltr' id='par_1_48' title="bbox 2025 2095 3668 2174">
     <span class='ocr_line' id='line_1_48' title="bbox 2025 2095 3668 2174; baseline 0.005 -24"><span class='ocrx_word' id='word_1_331' title='bbox 2025 2095 2275 2166; x_wconf 87' lang='lat' dir='ltr'><strong>peritum</strong></span> <span class='ocrx_word' id='word_1_332' title='bbox 2345 2096 2531 2152; x_wconf 77' lang='lat' dir='ltr'><strong>facere</strong></span> <span class='ocrx_word' id='word_1_333' title='bbox 2582 2103 2862 2167; x_wconf 84' lang='lat' dir='ltr'><strong>oporteat,</strong></span> <span class='ocrx_word' id='word_1_334' title='bbox 2923 2098 3173 2155; x_wconf 78' lang='lat' dir='ltr'><strong>breviter</strong></span> <span class='ocrx_word' id='word_1_335' title='bbox 3228 2099 3298 2156; x_wconf 91' lang='lat' dir='ltr'><strong>de</strong></span> <span class='ocrx_word' id='word_1_336' title='bbox 3359 2101 3452 2158; x_wconf 84' lang='lat' dir='ltr'><strong>his</strong></span> <span class='ocrx_word' id='word_1_337' title='bbox 3508 2102 3668 2174; x_wconf 90' lang='lat' dir='ltr'><strong>loqui</strong></span> 
     </span>
    </p>
   </div>
   <div class='ocr_carea' id='block_1_49' title="bbox 2025 2185 3669 2260">
    <p class='ocr_par' dir='ltr' id='par_1_49' title="bbox 2025 2185 3669 2260">
     <span class='ocr_line' id='line_1_49' title="bbox 2025 2185 3669 2260; baseline 0.006 -22"><span class='ocrx_word' id='word_1_338' title='bbox 2025 2185 2234 2240; x_wconf 78' lang='lat' dir='ltr'><strong>visum.</strong></span> <span class='ocrx_word' id='word_1_339' title='bbox 2265 2185 2351 2240; x_wconf 91' lang='lat' dir='ltr'><strong>Sit</strong></span> <span class='ocrx_word' id='word_1_340' title='bbox 2381 2185 2556 2255; x_wconf 82' lang='lat' dir='ltr'><strong>igitur</strong></span> <span class='ocrx_word' id='word_1_341' title='bbox 2588 2186 2709 2241; x_wconf 82' lang='lat' dir='ltr'><strong>haec</strong></span> <span class='ocrx_word' id='word_1_342' title='bbox 2741 2187 2962 2258; x_wconf 81' lang='lat' dir='ltr'><strong>Optima</strong></span> <span class='ocrx_word' id='word_1_343' title='bbox 2991 2189 3502 2260; x_wconf 89' lang='lat' dir='ltr'><strong>epithalamiorum</strong></span> <span class='ocrx_word' id='word_1_344' title='bbox 3535 2209 3669 2248; x_wconf 86' lang='lat' dir='ltr'><strong>nor-</strong></span> 
     </span>
    </p>
   </div>
   <div class='ocr_carea' id='block_1_50' title="bbox 2027 2273 3674 2347">
    <p class='ocr_par' dir='ltr' id='par_1_50' title="bbox 2027 2273 3674 2347">
     <span class='ocr_line' id='line_1_50' title="bbox 2027 2273 3674 2347; baseline 0.005 -20"><span class='ocrx_word' id='word_1_345' title='bbox 2027 2288 2142 2340; x_wconf 92' lang='lat' dir='ltr'><strong>ma,</strong></span> <span class='ocrx_word' id='word_1_346' title='bbox 2176 2273 2546 2329; x_wconf 88' lang='lat' dir='ltr'><strong>considerare</strong></span> <span class='ocrx_word' id='word_1_347' title='bbox 2574 2275 2771 2341; x_wconf 88' lang='lat' dir='ltr'><strong>verba,</strong></span> <span class='ocrx_word' id='word_1_348' title='bbox 2807 2281 2866 2330; x_wconf 86' lang='lat' dir='ltr'><strong>ut</strong></span> <span class='ocrx_word' id='word_1_349' title='bbox 2898 2277 2955 2331; x_wconf 93' lang='lat' dir='ltr'><strong>in</strong></span> <span class='ocrx_word' id='word_1_350' title='bbox 2990 2278 3227 2347; x_wconf 88' lang='lat' dir='ltr'><strong>poeticis</strong></span> <span class='ocrx_word' id='word_1_351' title='bbox 3257 2278 3423 2346; x_wconf 85' lang='lat' dir='ltr'><strong>solet,</strong></span> <span class='ocrx_word' id='word_1_352' title='bbox 3455 2294 3576 2337; x_wconf 90' lang='lat' dir='ltr'><strong>rem</strong></span> <span class='ocrx_word' id='word_1_353' title='bbox 3613 2285 3674 2336; x_wconf 87' lang='lat' dir='ltr'><strong>ut</strong></span> 
     </span>
    </p>
   </div>
   <div class='ocr_carea' id='block_1_51' title="bbox 2025 2361 3672 2438">
    <p class='ocr_par' dir='ltr' id='par_1_51' title="bbox 2025 2361 3672 2438">
     <span class='ocr_line' id='line_1_51' title="bbox 2025 2361 3672 2438; baseline 0.007 -22"><span class='ocrx_word' id='word_1_354' title='bbox 2025 2361 2085 2416; x_wconf 86' lang='lat' dir='ltr'><strong>in</strong></span> <span class='ocrx_word' id='word_1_355' title='bbox 2117 2362 2301 2432; x_wconf 89' lang='lat' dir='ltr'><strong>chria,</strong></span> <span class='ocrx_word' id='word_1_356' title='bbox 2327 2363 2658 2432; x_wconf 89' lang='lat' dir='ltr'><strong>modulum,</strong></span> <span class='ocrx_word' id='word_1_357' title='bbox 2692 2381 2795 2437; x_wconf 87' lang='lat' dir='ltr'><strong>pro</strong></span> <span class='ocrx_word' id='word_1_358' title='bbox 2827 2367 3153 2438; x_wconf 86' lang='lat' dir='ltr'><strong>argumenti</strong></span> <span class='ocrx_word' id='word_1_359' title='bbox 3181 2369 3424 2425; x_wconf 87' lang='lat' dir='ltr'><strong>ratione.</strong></span> <span class='ocrx_word' id='word_1_360' title='bbox 3449 2369 3672 2435; x_wconf 87' lang='lat' dir='ltr'><strong>Quibus</strong></span> 
     </span>
    </p>
   </div>
   <div class='ocr_carea' id='block_1_52' title="bbox 2027 2450 3670 2523">
    <p class='ocr_par' dir='ltr' id='par_1_52' title="bbox 2027 2450 3670 2523">
     <span class='ocr_line' id='line_1_52' title="bbox 2027 2450 3670 2523; baseline 0.005 -17"><span class='ocrx_word' id='word_1_361' title='bbox 2027 2450 2302 2506; x_wconf 89' lang='lat' dir='ltr'><strong>omnibus</strong></span> <span class='ocrx_word' id='word_1_362' title='bbox 2333 2450 2382 2506; x_wconf 92' lang='lat' dir='ltr'><strong>si</strong></span> <span class='ocrx_word' id='word_1_363' title='bbox 2414 2453 2722 2508; x_wconf 89' lang='lat' dir='ltr'><strong>accesserit</strong></span> <span class='ocrx_word' id='word_1_364' title='bbox 2752 2454 3308 2523; x_wconf 79' lang='lat' dir='ltr'><strong>oratio,apertiorem</strong></span> <span class='ocrx_word' id='word_1_365' title='bbox 3333 2461 3670 2514; x_wconf 82' lang='lat' dir='ltr'><strong>contextum</strong></span> 
     </span>
    </p>
   </div>
   <div class='ocr_carea' id='block_1_53' title="bbox 2028 2539 3449 2595">
    <p class='ocr_par' dir='ltr' id='par_1_53' title="bbox 2028 2539 3449 2595">
     <span class='ocr_line' id='line_1_53' title="bbox 2028 2539 3449 2595; baseline -0.001 -1"><span class='ocrx_word' id='word_1_366' title='bbox 2028 2539 2248 2595; x_wconf 87' lang='lat' dir='ltr'><strong>reddet.</strong></span> <span class='ocrx_word' id='word_1_367' title='bbox 3447 2552 3449 2555; x_wconf 76' lang='lat'>&#39;</span> 
     </span>
    </p>
   </div>
   <div class='ocr_carea' id='block_1_54' title="bbox 2482 2629 3226 2700">
    <p class='ocr_par' dir='ltr' id='par_1_54' title="bbox 2482 2629 3226 2700">
     <span class='ocr_line' id='line_1_54' title="bbox 2482 2629 3226 2700; baseline 0.001 -14"><span class='ocrx_word' id='word_1_368' title='bbox 2482 2629 2844 2700; x_wconf 78' lang='lat' dir='ltr'><strong>Epithalamii</strong></span> <span class='ocrx_word' id='word_1_369' title='bbox 2870 2631 3226 2688; x_wconf 60' lang='lat' dir='ltr'><strong>Prooemium.</strong></span> 
     </span>
    </p>
   </div>
   <div class='ocr_carea' id='block_1_55' title="bbox 2099 2718 3675 2791">
    <p class='ocr_par' dir='ltr' id='par_1_55' title="bbox 2099 2718 3675 2791">
     <span class='ocr_line' id='line_1_55' title="bbox 2099 2718 3675 2791; baseline 0.003 -16"><span class='ocrx_word' id='word_1_370' title='bbox 2099 2719 2312 2775; x_wconf 84' lang='lat' dir='ltr'><strong>Ferunt</strong></span> <span class='ocrx_word' id='word_1_371' title='bbox 2369 2718 2696 2791; x_wconf 79' lang='lat' dir='ltr'><strong>Apollinem</strong></span> <span class='ocrx_word' id='word_1_372' title='bbox 2761 2723 2892 2790; x_wconf 87' lang='lat' dir='ltr'><strong>post</strong></span> <span class='ocrx_word' id='word_1_373' title='bbox 2957 2718 3321 2776; x_wconf 86' lang='lat' dir='ltr'><strong>clarissimas</strong></span> <span class='ocrx_word' id='word_1_374' title='bbox 3378 2721 3675 2791; x_wconf 86' lang='lat' dir='ltr'><strong>victorias,</strong></span> 
     </span>
    </p>
   </div>
   <div class='ocr_carea' id='block_1_56' title="bbox 2029 2807 3674 2878">
    <p class='ocr_par' dir='ltr' id='par_1_56' title="bbox 2029 2807 3674 2878">
     <span class='ocr_line' id='line_1_56' title="bbox 2029 2807 3674 2878; baseline 0.004 -17"><span class='ocrx_word' id='word_1_375' title='bbox 2029 2823 2180 2878; x_wconf 88' lang='lat' dir='ltr'><strong>quas</strong></span> <span class='ocrx_word' id='word_1_376' title='bbox 2220 2807 2474 2863; x_wconf 84' lang='lat' dir='ltr'><strong>feriendo</strong></span> <span class='ocrx_word' id='word_1_377' title='bbox 2506 2807 2690 2878; x_wconf 81' lang='lat' dir='ltr'><strong>lyram</strong></span> <span class='ocrx_word' id='word_1_378' title='bbox 2738 2807 3048 2874; x_wconf 85' lang='lat' dir='ltr'><strong>adamavit,</strong></span> <span class='ocrx_word' id='word_1_379' title='bbox 3081 2810 3154 2863; x_wconf 90' lang='lat' dir='ltr'><strong>ad</strong></span> <span class='ocrx_word' id='word_1_380' title='bbox 3208 2809 3494 2867; x_wconf 82' lang='lat' dir='ltr'><strong>thalamos</strong></span> <span class='ocrx_word' id='word_1_381' title='bbox 3535 2829 3674 2868; x_wconf 81' lang='lat' dir='ltr'><strong>con-</strong></span> 
     </span>
    </p>
   </div>
   <div class='ocr_carea' id='block_1_57' title="bbox 2023 2896 3674 2968">
    <p class='ocr_par' dir='ltr' id='par_1_57' title="bbox 2023 2896 3674 2968">
     <span class='ocr_line' id='line_1_57' title="bbox 2023 2896 3674 2968; baseline 0.003 -17"><span class='ocrx_word' id='word_1_382' title='bbox 2023 2896 2226 2968; x_wconf 88' lang='lat' dir='ltr'><strong>jugale</strong></span> <span class='ocrx_word' id='word_1_383' title='bbox 2271 2896 2553 2953; x_wconf 85' lang='lat' dir='ltr'><strong>cecinisse</strong></span> <span class='ocrx_word' id='word_1_384' title='bbox 2602 2896 2808 2952; x_wconf 89' lang='lat' dir='ltr'><strong>melos.</strong></span> <span class='ocrx_word' id='word_1_385' title='bbox 2843 2898 3118 2952; x_wconf 86' lang='lat' dir='ltr'><strong>Venerem</strong></span> <span class='ocrx_word' id='word_1_386' title='bbox 3168 2899 3344 2954; x_wconf 88' lang='lat' dir='ltr'><strong>etiam</strong></span> <span class='ocrx_word' id='word_1_387' title='bbox 3398 2901 3454 2955; x_wconf 92' lang='lat' dir='ltr'><strong>in</strong></span> <span class='ocrx_word' id='word_1_388' title='bbox 3500 2918 3674 2956; x_wconf 89' lang='lat' dir='ltr'><strong>curru</strong></span> 
     </span>
    </p>
   </div>
   <div class='ocr_carea' id='block_1_58' title="bbox 2031 2985 3674 3054">
    <p class='ocr_par' dir='ltr' id='par_1_58' title="bbox 2031 2985 3674 3054">
     <span class='ocr_line' id='line_1_58' title="bbox 2031 2985 3674 3054; baseline 0.004 -14"><span class='ocrx_word' id='word_1_389' title='bbox 2031 2985 2362 3041; x_wconf 87' lang='lat' dir='ltr'><strong>Gratiarum</strong></span> <span class='ocrx_word' id='word_1_390' title='bbox 2395 2993 2448 3041; x_wconf 86' lang='lat' dir='ltr'><strong>et</strong></span> <span class='ocrx_word' id='word_1_391' title='bbox 2477 2988 2739 3041; x_wconf 85' lang='lat' dir='ltr'><strong>Amorum</strong></span> <span class='ocrx_word' id='word_1_392' title='bbox 2773 2985 3016 3042; x_wconf 87' lang='lat' dir='ltr'><strong>chorum</strong></span> <span class='ocrx_word' id='word_1_393' title='bbox 3064 2987 3453 3045; x_wconf 88' lang='lat' dir='ltr'><strong>colludentem</strong></span> <span class='ocrx_word' id='word_1_394' title='bbox 3489 2989 3674 3054; x_wconf 89' lang='lat' dir='ltr'><strong>ducit,</strong></span> 
     </span>
    </p>
   </div>
   <div class='ocr_carea' id='block_1_59' title="bbox 279 3071 1918 3150">
    <p class='ocr_par' dir='ltr' id='par_1_59' title="bbox 279 3071 1918 3150">
     <span class='ocr_line' id='line_1_59' title="bbox 279 3071 1918 3150; baseline -0.001 -21"><span class='ocrx_word' id='word_1_395' title='bbox 279 3075 378 3149; x_wconf 79' lang='grc' dir='ltr'>μὲν</span> <span class='ocrx_word' id='word_1_396' title='bbox 429 3072 662 3146; x_wconf 82' lang='grc' dir='ltr'>ὑακίνθῳ</span> <span class='ocrx_word' id='word_1_397' title='bbox 709 3072 804 3135; x_wconf 76' lang='grc' dir='ltr'><strong>τὰς</strong></span> <span class='ocrx_word' id='word_1_398' title='bbox 851 3072 1027 3146; x_wconf 81' lang='grc' dir='ltr'>κόμας</span> <span class='ocrx_word' id='word_1_399' title='bbox 1076 3071 1358 3150; x_wconf 82' lang='grc' dir='ltr'>σφίγξασα,</span> <span class='ocrx_word' id='word_1_400' title='bbox 1416 3072 1564 3141; x_wconf 78' lang='grc' dir='ltr'>πλὴν</span> <span class='ocrx_word' id='word_1_401' title='bbox 1621 3071 1741 3128; x_wconf 81' lang='grc' dir='ltr'>ὅσαι</span> <span class='ocrx_word' id='word_1_402' title='bbox 1792 3093 1918 3146; x_wconf 89' lang='grc' dir='ltr'>μετ-</span> 
     </span>
    </p>
   </div>
   <div class='ocr_carea' id='block_1_60' title="bbox 2032 3071 3678 3150">
    <p class='ocr_par' dir='ltr' id='par_1_60' title="bbox 2032 3073 3678 3150">
     <span class='ocr_line' id='line_1_60' title="bbox 2032 3073 3678 3150; baseline 0.004 -20"><span class='ocrx_word' id='word_1_403' title='bbox 2032 3079 2088 3130; x_wconf 83' lang='lat' dir='ltr'><strong>et</strong></span> <span class='ocrx_word' id='word_1_404' title='bbox 2115 3073 2307 3131; x_wconf 87' lang='lat' dir='ltr'><strong>crines</strong></span> <span class='ocrx_word' id='word_1_405' title='bbox 2356 3074 2496 3130; x_wconf 86' lang='lat' dir='ltr'><strong>ﬂore</strong></span> <span class='ocrx_word' id='word_1_406' title='bbox 2539 3073 2852 3146; x_wconf 81' lang='lat' dir='ltr'><strong>hyacintho</strong></span> <span class='ocrx_word' id='word_1_407' title='bbox 2881 3077 3286 3148; x_wconf 80' lang='lat' dir='ltr'><strong>constringens</strong></span> <span class='ocrx_word' id='word_1_408' title='bbox 3316 3079 3450 3150; x_wconf 72' lang='lat'><strong>(43),</strong></span> <span class='ocrx_word' id='word_1_409' title='bbox 3470 3089 3678 3150; x_wconf 72' lang='lat' dir='ltr'><strong>praeter</strong></span> 
     </span>
    </p>
   </div>
   <div class='ocr_carea' id='block_1_61' title="bbox 277 3143 1918 3240">
    <p class='ocr_par' dir='ltr' id='par_1_61' title="bbox 277 3143 1918 3238">
     <span class='ocr_line' id='line_1_61' title="bbox 277 3143 1918 3238; baseline -0.003 -19"><span class='ocrx_word' id='word_1_410' title='bbox 277 3143 419 3237; x_wconf 67' lang='grc' dir='ltr'>ιῦπῳ</span> <span class='ocrx_word' id='word_1_411' title='bbox 450 3164 499 3199; x_wconf 78' lang='grc'>⁵⁵</span> <span class='ocrx_word' id='word_1_412' title='bbox 557 3143 890 3238; x_wconf 83' lang='grc' dir='ltr'>μερίζονται,</span> <span class='ocrx_word' id='word_1_413' title='bbox 925 3143 1020 3224; x_wconf 77' lang='grc' dir='ltr'><strong>τὰς</strong></span> <span class='ocrx_word' id='word_1_414' title='bbox 1071 3143 1268 3224; x_wconf 73' lang='grc' dir='ltr'>λοιπὰς</span> <span class='ocrx_word' id='word_1_415' title='bbox 1313 3166 1433 3224; x_wconf 80' lang='grc' dir='ltr'>ταῖς</span> <span class='ocrx_word' id='word_1_416' title='bbox 1482 3159 1668 3236; x_wconf 72' lang='grc' dir='ltr'>αὔραις</span> <span class='ocrx_word' id='word_1_417' title='bbox 1713 3143 1918 3238; x_wconf 74' lang='grc' dir='ltr'>άφῆκεν</span> 
     </span>
    </p>
   </div>
   <div class='ocr_carea' id='block_1_62' title="bbox 2032 3143 3673 3240">
    <p class='ocr_par' dir='ltr' id='par_1_62' title="bbox 2032 3143 3673 3240">
     <span class='ocr_line' id='line_1_62' title="bbox 2032 3143 3673 3240; baseline 0.002 -20"><span class='ocrx_word' id='word_1_418' title='bbox 2032 3179 2128 3220; x_wconf 86' lang='lat' dir='ltr'><strong>eos</strong></span> <span class='ocrx_word' id='word_1_419' title='bbox 2167 3162 2268 3234; x_wconf 90' lang='lat' dir='ltr'><strong>qui</strong></span> <span class='ocrx_word' id='word_1_420' title='bbox 2321 3165 2505 3218; x_wconf 82' lang='lat' dir='ltr'><strong>fronte</strong></span> <span class='ocrx_word' id='word_1_421' title='bbox 2551 3143 2915 3231; x_wconf 84' lang='lat' dir='ltr'><strong>dividuntur,</strong></span> <span class='ocrx_word' id='word_1_422' title='bbox 2949 3143 3204 3234; x_wconf 63' lang='lat' dir='ltr'><strong>reliques</strong></span> <span class='ocrx_word' id='word_1_423' title='bbox 3258 3143 3426 3222; x_wconf 83' lang='lat' dir='ltr'><strong>vento</strong></span> <span class='ocrx_word' id='word_1_424' title='bbox 3470 3143 3673 3240; x_wconf 72' lang='lat' dir='ltr'><strong>spargi</strong></span> 
     </span>
    </p>
   </div>
   <div class='ocr_carea' id='block_1_63' title="bbox 275 3249 1920 3324">
    <p class='ocr_par' dir='ltr' id='par_1_63' title="bbox 275 3249 1920 3324">
     <span class='ocr_line' id='line_1_63' title="bbox 275 3249 1920 3324; baseline -0.003 -15"><span class='ocrx_word' id='word_1_425' title='bbox 275 3251 700 3324; x_wconf 80' lang='grc' dir='ltr'>ὑποκυμαίνειν,</span> <span class='ocrx_word' id='word_1_426' title='bbox 734 3251 780 3306; x_wconf 85' lang='grc' dir='ltr'>εἰ</span> <span class='ocrx_word' id='word_1_427' title='bbox 837 3250 1134 3322; x_wconf 87' lang='grc' dir='ltr'>πλήττοιεν</span> <span class='ocrx_word' id='word_1_428' title='bbox 1167 3270 1181 3283; x_wconf 88' lang='grc'><strong>·</strong></span> <span class='ocrx_word' id='word_1_429' title='bbox 1249 3255 1355 3306; x_wconf 82' lang='grc' dir='ltr'><strong>τῶν</strong></span> <span class='ocrx_word' id='word_1_430' title='bbox 1409 3249 1464 3306; x_wconf 74' lang='grc' dir='ltr'>δὲ</span> <span class='ocrx_word' id='word_1_431' title='bbox 1520 3252 1587 3306; x_wconf 73' lang='grc' dir='ltr'>τὰ</span> <span class='ocrx_word' id='word_1_432' title='bbox 1615 3252 1784 3321; x_wconf 84' lang='grc' dir='ltr'>πτερά</span> <span class='ocrx_word' id='word_1_433' title='bbox 1832 3249 1920 3305; x_wconf 85' lang='grc' dir='ltr'><strong>καὶ</strong></span> 
     </span>
    </p>
   </div>
   <div class='ocr_carea' id='block_1_64' title="bbox 271 3337 1921 3419">
    <p class='ocr_par' dir='ltr' id='par_1_64' title="bbox 271 3337 1921 3419">
     <span class='ocr_line' id='line_1_64' title="bbox 271 3337 1921 3419; baseline -0.004 -20"><span class='ocrx_word' id='word_1_434' title='bbox 271 3345 408 3407; x_wconf 73' lang='grc' dir='ltr'>τοὺς</span> <span class='ocrx_word' id='word_1_435' title='bbox 460 3340 804 3419; x_wconf 67' lang='grc' dir='ltr'>βοστρύχους</span> <span class='ocrx_word' id='word_1_436' title='bbox 845 3345 1036 3415; x_wconf 88' lang='grc' dir='ltr'>χρυσῷ</span> <span class='ocrx_word' id='word_1_437' title='bbox 1073 3341 1394 3413; x_wconf 74' lang='grc' dir='ltr'>κοσμήσασα</span> <span class='ocrx_word' id='word_1_438' title='bbox 1445 3341 1552 3416; x_wconf 87' lang='grc' dir='ltr'><strong>πρὸ</strong></span> <span class='ocrx_word' id='word_1_439' title='bbox 1592 3343 1688 3394; x_wconf 90' lang='grc' dir='ltr'><strong>τοῦ</strong></span> <span class='ocrx_word' id='word_1_440' title='bbox 1729 3337 1921 3418; x_wconf 82' lang='grc' dir='ltr'>δίφρου</span> 
     </span>
    </p>
   </div>
   <div class='ocr_carea' id='block_1_65' title="bbox 271 3427 1922 3501">
    <p class='ocr_par' dir='ltr' id='par_1_65' title="bbox 271 3427 1922 3501">
     <span class='ocr_line' id='line_1_65' title="bbox 271 3427 1922 3501; baseline -0.003 -13"><span class='ocrx_word' id='word_1_441' title='bbox 271 3429 496 3488; x_wconf 86' lang='grc' dir='ltr'>σπεύδει</span> <span class='ocrx_word' id='word_1_442' title='bbox 542 3431 591 3465; x_wconf 81' lang='grc'><strong>⁵⁸</strong></span> <span class='ocrx_word' id='word_1_443' title='bbox 647 3428 1035 3492; x_wconf 81' lang='grc' dir='ltr'>πολιτεύοντας</span> <span class='ocrx_word' id='word_1_444' title='bbox 1093 3431 1182 3484; x_wconf 84' lang='grc' dir='ltr'><strong>καὶ</strong></span> <span class='ocrx_word' id='word_1_445' title='bbox 1231 3431 1276 3466; x_wconf 75' lang='grc'><strong>⁵⁷</strong></span> <span class='ocrx_word' id='word_1_446' title='bbox 1344 3427 1478 3501; x_wconf 83' lang='grc' dir='ltr'>δᾷδα</span> <span class='ocrx_word' id='word_1_447' title='bbox 1551 3433 1834 3490; x_wconf 74' lang='grc' dir='ltr'>κινοῦντας</span> <span class='ocrx_word' id='word_1_448' title='bbox 1874 3429 1922 3464; x_wconf 80' lang='grc'>⁵⁸</span> 
     </span>
    </p>
   </div>
   <div class='ocr_carea' id='block_1_66' title="bbox 282 3516 1922 3596">
    <p class='ocr_par' dir='ltr' id='par_1_66' title="bbox 282 3516 1922 3596">
     <span class='ocr_line' id='line_1_66' title="bbox 282 3516 1922 3596; baseline -0.002 -20"><span class='ocrx_word' id='word_1_449' title='bbox 282 3523 599 3596; x_wconf 79' lang='grc' dir='ltr'>μετάρσιον.</span> <span class='ocrx_word' id='word_1_450' title='bbox 661 3518 813 3574; x_wconf 81' lang='grc' dir='ltr'>Ἐπεὶ</span> <span class='ocrx_word' id='word_1_451' title='bbox 868 3517 926 3575; x_wconf 77' lang='grc' dir='ltr'>δὲ</span> <span class='ocrx_word' id='word_1_452' title='bbox 983 3519 1206 3575; x_wconf 78' lang='grc' dir='ltr'>Πὲλοπα</span> <span class='ocrx_word' id='word_1_453' title='bbox 1263 3520 1315 3574; x_wconf 70' lang='grc' dir='ltr'><strong>οἱ</strong></span> <span class='ocrx_word' id='word_1_454' title='bbox 1378 3527 1478 3588; x_wconf 79' lang='grc' dir='ltr'>τῆς</span> <span class='ocrx_word' id='word_1_455' title='bbox 1535 3516 1922 3590; x_wconf 80' lang='grc' dir='ltr'>Ἱπποδαμείας</span> 
     </span>
    </p>
   </div>
   <div class='ocr_carea' id='block_1_67' title="bbox 273 3605 1923 3685">
    <p class='ocr_par' dir='ltr' id='par_1_67' title="bbox 273 3605 1923 3685">
     <span class='ocr_line' id='line_1_67' title="bbox 273 3605 1923 3685; baseline -0.004 -19"><span class='ocrx_word' id='word_1_456' title='bbox 273 3610 443 3666; x_wconf 85' lang='grc' dir='ltr'>πόθοι</span> <span class='ocrx_word' id='word_1_457' title='bbox 500 3611 625 3683; x_wconf 83' lang='grc'><strong>[597</strong></span> <span class='ocrx_word' id='word_1_458' title='bbox 694 3609 785 3681; x_wconf 84' lang='lat' dir='ltr'><strong>R.]</strong></span> <span class='ocrx_word' id='word_1_459' title='bbox 863 3610 1061 3684; x_wconf 82' lang='grc' dir='ltr'>Ἔρωτι</span> <span class='ocrx_word' id='word_1_460' title='bbox 1123 3609 1210 3664; x_wconf 86' lang='grc' dir='ltr'><strong>καὶ</strong></span> <span class='ocrx_word' id='word_1_461' title='bbox 1294 3605 1586 3685; x_wconf 80' lang='grc' dir='ltr'>’Δφροδίτῃ</span> <span class='ocrx_word' id='word_1_462' title='bbox 1646 3607 1923 3682; x_wconf 75' lang='grc' dir='ltr'>λατρεύειν</span> 
     </span>
    </p>
   </div>
   <div class='ocr_carea' id='block_1_68' title="bbox 274 3694 1920 3771">
    <p class='ocr_par' dir='ltr' id='par_1_68' title="bbox 274 3694 1920 3771">
     <span class='ocr_line' id='line_1_68' title="bbox 274 3694 1920 3771; baseline -0.004 -16"><span class='ocrx_word' id='word_1_463' title='bbox 274 3695 518 3769; x_wconf 84' lang='grc' dir='ltr'>ἔπεισαν,</span> <span class='ocrx_word' id='word_1_464' title='bbox 572 3700 694 3754; x_wconf 89' lang='grc' dir='ltr'>τότε</span> <span class='ocrx_word' id='word_1_465' title='bbox 750 3699 837 3752; x_wconf 82' lang='grc' dir='ltr'>καὶ</span> <span class='ocrx_word' id='word_1_466' title='bbox 871 3699 898 3753; x_wconf 93' lang='lat'>6</span> <span class='ocrx_word' id='word_1_467' title='bbox 959 3697 1250 3756; x_wconf 83' lang='grc' dir='ltr'>Ἀπόλλων</span> <span class='ocrx_word' id='word_1_468' title='bbox 1308 3698 1398 3752; x_wconf 86' lang='grc' dir='ltr'>τὸν</span> <span class='ocrx_word' id='word_1_469' title='bbox 1451 3701 1559 3752; x_wconf 79' lang='grc' dir='ltr'><strong>τῶν</strong></span> <span class='ocrx_word' id='word_1_470' title='bbox 1622 3694 1920 3771; x_wconf 75' lang='grc' dir='ltr'>Νηρηίδων</span> 
     </span>
    </p>
   </div>
   <div class='ocr_carea' id='block_1_69' title="bbox 275 3783 1925 3867">
    <p class='ocr_par' dir='ltr' id='par_1_69' title="bbox 275 3783 1925 3867">
     <span class='ocr_line' id='line_1_69' title="bbox 275 3783 1925 3867; baseline -0.002 -23"><span class='ocrx_word' id='word_1_471' title='bbox 275 3791 452 3867; x_wconf 79' lang='grc' dir='ltr'>χορὸν</span> <span class='ocrx_word' id='word_1_472' title='bbox 504 3787 760 3862; x_wconf 89' lang='grc' dir='ltr'>ἀθροίσας</span> <span class='ocrx_word' id='word_1_473' title='bbox 807 3786 996 3856; x_wconf 76' lang='grc' dir='ltr'>’ίστησι</span> <span class='ocrx_word' id='word_1_474' title='bbox 1048 3788 1140 3858; x_wconf 72' lang='grc' dir='ltr'>μὲν</span> <span class='ocrx_word' id='word_1_475' title='bbox 1203 3785 1349 3859; x_wconf 86' lang='grc' dir='ltr'><strong>αύτῷ</strong></span> <span class='ocrx_word' id='word_1_476' title='bbox 1398 3791 1520 3841; x_wconf 86' lang='grc' dir='ltr'>κατ’</span> <span class='ocrx_word' id='word_1_477' title='bbox 1560 3783 1725 3860; x_wconf 77' lang='grc' dir='ltr'>ἄκρας</span> <span class='ocrx_word' id='word_1_478' title='bbox 1762 3787 1925 3860; x_wconf 74' lang='grc' dir='ltr'>ᾐόνος</span> 
     </span>
    </p>
   </div>
   <div class='ocr_carea' id='block_1_70' title="bbox 269 3873 1924 3950">
    <p class='ocr_par' dir='ltr' id='par_1_70' title="bbox 269 3873 1924 3950">
     <span class='ocr_line' id='line_1_70' title="bbox 269 3873 1924 3950; baseline -0.004 -14"><span class='ocrx_word' id='word_1_479' title='bbox 269 3881 373 3936; x_wconf 83' lang='grc' dir='ltr'>τὸν</span> <span class='ocrx_word' id='word_1_480' title='bbox 405 3877 654 3950; x_wconf 72' lang='grc' dir='ltr'>θάλαμον</span> <span class='ocrx_word' id='word_1_481' title='bbox 689 3893 702 3908; x_wconf 91' lang='grc'><strong>·</strong></span> <span class='ocrx_word' id='word_1_482' title='bbox 753 3881 902 3949; x_wconf 88' lang='grc' dir='ltr'>κῦμα</span> <span class='ocrx_word' id='word_1_483' title='bbox 949 3873 1008 3931; x_wconf 74' lang='grc' dir='ltr'>δὲ</span> <span class='ocrx_word' id='word_1_484' title='bbox 1047 3877 1133 3946; x_wconf 80' lang='grc' dir='ltr'><strong>ἧν,</strong></span> <span class='ocrx_word' id='word_1_485' title='bbox 1187 3876 1367 3950; x_wconf 77' lang='grc' dir='ltr'>οἶμαι,</span> <span class='ocrx_word' id='word_1_486' title='bbox 1419 3877 1446 3930; x_wconf 92' lang='lat'>6</span> <span class='ocrx_word' id='word_1_487' title='bbox 1487 3873 1738 3948; x_wconf 84' lang='grc' dir='ltr'>θάλαμος</span> <span class='ocrx_word' id='word_1_488' title='bbox 1786 3896 1924 3950; x_wconf 90' lang='grc' dir='ltr'>πορ-</span> 
     </span>
    </p>
   </div>
   <div class='ocr_carea' id='block_1_71' title="bbox 273 3962 1919 4043">
    <p class='ocr_par' dir='ltr' id='par_1_71' title="bbox 273 3962 1919 4043">
     <span class='ocr_line' id='line_1_71' title="bbox 273 3962 1919 4043; baseline -0.003 -20"><span class='ocrx_word' id='word_1_489' title='bbox 273 3969 449 4043; x_wconf 76' lang='grc' dir='ltr'>φῦρόν</span> <span class='ocrx_word' id='word_1_490' title='bbox 481 3967 530 4002; x_wconf 74' lang='grc'><strong>⁵9</strong></span> <span class='ocrx_word' id='word_1_491' title='bbox 558 3987 615 4021; x_wconf 92' lang='grc' dir='ltr'><strong>τε</strong></span> <span class='ocrx_word' id='word_1_492' title='bbox 644 3965 734 4021; x_wconf 83' lang='grc' dir='ltr'><strong>καὶ</strong></span> <span class='ocrx_word' id='word_1_493' title='bbox 787 3967 1100 4040; x_wconf 79' lang='grc' dir='ltr'>μετάρσιον,</span> <span class='ocrx_word' id='word_1_494' title='bbox 1135 3965 1268 4040; x_wconf 72' lang='grc' dir='ltr'>ὑπὲρ</span> <span class='ocrx_word' id='word_1_495' title='bbox 1315 3968 1412 4020; x_wconf 87' lang='grc' dir='ltr'>τοῦ</span> <span class='ocrx_word' id='word_1_496' title='bbox 1443 3962 1646 4039; x_wconf 81' lang='grc' dir='ltr'>λέχους</span> <span class='ocrx_word' id='word_1_497' title='bbox 1692 3964 1919 4038; x_wconf 80' lang='grc' dir='ltr'>κυρτού·</span> 
     </span>
    </p>
   </div>
   <div class='ocr_carea' id='block_1_72' title="bbox 278 4053 1918 4131">
    <p class='ocr_par' dir='ltr' id='par_1_72' title="bbox 278 4053 1918 4131">
     <span class='ocr_line' id='line_1_72' title="bbox 278 4053 1918 4131; baseline -0.004 -19"><span class='ocrx_word' id='word_1_498' title='bbox 278 4077 470 4131; x_wconf 84' lang='grc' dir='ltr'>μενον,</span> <span class='ocrx_word' id='word_1_499' title='bbox 497 4054 593 4110; x_wconf 75' lang='grc' dir='ltr'>’ίνα</span> <span class='ocrx_word' id='word_1_500' title='bbox 623 4053 872 4110; x_wconf 82' lang='grc' dir='ltr'>παστάδα</span> <span class='ocrx_word' id='word_1_501' title='bbox 925 4057 1259 4128; x_wconf 81' lang='grc' dir='ltr'>μιμήσηται.</span> <span class='ocrx_word' id='word_1_502' title='bbox 1294 4059 1390 4109; x_wconf 76' lang='grc' dir='ltr'>Ἠν</span> <span class='ocrx_word' id='word_1_503' title='bbox 1435 4054 1554 4114; x_wconf 88' lang='grc' dir='ltr'>θεὸς</span> <span class='ocrx_word' id='word_1_504' title='bbox 1585 4053 1676 4108; x_wconf 84' lang='grc' dir='ltr'><strong>καὶ</strong></span> <span class='ocrx_word' id='word_1_505' title='bbox 1717 4053 1873 4130; x_wconf 89' lang='grc' dir='ltr'>φύσις</span> <span class='ocrx_word' id='word_1_506' title='bbox 1907 4071 1918 4086; x_wconf 76' lang='grc'><strong><em>⁸</em></strong></span> 
     </span>
    </p>
   </div>
   <div class='ocr_carea' id='block_1_73' title="bbox 273 4141 1921 4222">
    <p class='ocr_par' dir='ltr' id='par_1_73' title="bbox 273 4141 1921 4222">
     <span class='ocr_line' id='line_1_73' title="bbox 273 4141 1921 4222; baseline -0.002 -20"><span class='ocrx_word' id='word_1_507' title='bbox 273 4146 372 4202; x_wconf 82' lang='grc' dir='ltr'><strong>καὶ</strong></span> <span class='ocrx_word' id='word_1_508' title='bbox 405 4147 434 4200; x_wconf 89' lang='lat'>6</span> <span class='ocrx_word' id='word_1_509' title='bbox 459 4146 552 4218; x_wconf 73' lang='grc' dir='ltr'>μὲν</span> <span class='ocrx_word' id='word_1_510' title='bbox 585 4143 760 4200; x_wconf 78' lang='grc' dir='ltr'>ἐδεῖτο</span> <span class='ocrx_word' id='word_1_511' title='bbox 801 4151 988 4222; x_wconf 81' lang='grc' dir='ltr'>γονῆς,</span> <span class='ocrx_word' id='word_1_512' title='bbox 1022 4145 1056 4213; x_wconf 80' lang='grc' dir='ltr'>ἡ</span> <span class='ocrx_word' id='word_1_513' title='bbox 1089 4141 1147 4198; x_wconf 76' lang='grc' dir='ltr'>δὲ</span> <span class='ocrx_word' id='word_1_514' title='bbox 1176 4147 1274 4198; x_wconf 84' lang='grc' dir='ltr'><strong>τοῦ</strong></span> <span class='ocrx_word' id='word_1_515' title='bbox 1323 4141 1559 4198; x_wconf 73' lang='grc' dir='ltr'>κυΐσκειν</span> <span class='ocrx_word' id='word_1_516' title='bbox 1594 4141 1921 4216; x_wconf 78' lang='grc' dir='ltr'>μέλλοντος.</span> 
     </span>
    </p>
   </div>
   <div class='ocr_carea' id='block_1_74' title="bbox 278 4231 1923 4308">
    <p class='ocr_par' dir='ltr' id='par_1_74' title="bbox 278 4231 1923 4308">
     <span class='ocr_line' id='line_1_74' title="bbox 278 4231 1923 4308; baseline -0.004 -16"><span class='ocrx_word' id='word_1_517' title='bbox 278 4235 447 4305; x_wconf 79' lang='grc'><strong>[1116</strong></span> <span class='ocrx_word' id='word_1_518' title='bbox 483 4235 574 4308; x_wconf 66' lang='grc'><strong>8.]</strong></span> <span class='ocrx_word' id='word_1_519' title='bbox 605 4237 722 4290; x_wconf 81' lang='grc' dir='ltr'>Ἵνα</span> <span class='ocrx_word' id='word_1_520' title='bbox 753 4231 818 4302; x_wconf 84' lang='grc' dir='ltr'>δὴ</span> <span class='ocrx_word' id='word_1_521' title='bbox 865 4237 1032 4287; x_wconf 83' lang='grc' dir='ltr'>ταῦτα</span> <span class='ocrx_word' id='word_1_522' title='bbox 1063 4231 1308 4308; x_wconf 77' lang='grc' dir='ltr'>ἄρξηται,</span> <span class='ocrx_word' id='word_1_523' title='bbox 1360 4231 1610 4305; x_wconf 80' lang='grc' dir='ltr'>θάλαμος</span> <span class='ocrx_word' id='word_1_524' title='bbox 1640 4237 1718 4304; x_wconf 82' lang='grc' dir='ltr'><strong>τῷ</strong></span> <span class='ocrx_word' id='word_1_525' title='bbox 1763 4231 1923 4285; x_wconf 85' lang='grc' dir='ltr'>παντὶ</span> 
     </span>
    </p>
   </div>
   <div class='ocr_carea' id='block_1_75' title="bbox 274 4318 1924 4397">
    <p class='ocr_par' dir='ltr' id='par_1_75' title="bbox 274 4318 1924 4397">
     <span class='ocr_line' id='line_1_75' title="bbox 274 4318 1924 4397; baseline -0.004 -17"><span class='ocrx_word' id='word_1_526' title='bbox 274 4325 345 4380; x_wconf 81' lang='grc' dir='ltr'>τὸ</span> <span class='ocrx_word' id='word_1_527' title='bbox 371 4329 473 4378; x_wconf 78' lang='grc' dir='ltr'><strong>πᾶν</strong></span> <span class='ocrx_word' id='word_1_528' title='bbox 503 4321 731 4397; x_wconf 81' lang='grc' dir='ltr'>ἐγίνετο.</span> <span class='ocrx_word' id='word_1_529' title='bbox 772 4328 866 4378; x_wconf 87' lang='grc' dir='ltr'><strong>Ἐκ</strong></span> <span class='ocrx_word' id='word_1_530' title='bbox 906 4319 963 4377; x_wconf 73' lang='grc' dir='ltr'>δὲ</span> <span class='ocrx_word' id='word_1_531' title='bbox 994 4319 1061 4391; x_wconf 74' lang='grc' dir='ltr'>δὴ</span> <span class='ocrx_word' id='word_1_532' title='bbox 1088 4327 1196 4377; x_wconf 80' lang='grc' dir='ltr'><strong>τῶν</strong></span> <span class='ocrx_word' id='word_1_533' title='bbox 1223 4322 1414 4396; x_wconf 80' lang='grc' dir='ltr'>γάμων</span> <span class='ocrx_word' id='word_1_534' title='bbox 1444 4323 1652 4376; x_wconf 90' lang='grc' dir='ltr'>τούτων</span> <span class='ocrx_word' id='word_1_535' title='bbox 1701 4318 1924 4394; x_wconf 77' lang='grc' dir='ltr'>ούρανὸς</span> 
     </span>
    </p>
   </div>
   <div class='ocr_carea' id='block_1_76' title="bbox 274 4407 1927 4490">
    <p class='ocr_par' dir='ltr' id='par_1_76' title="bbox 274 4407 1927 4490">
     <span class='ocr_line' id='line_1_76' title="bbox 274 4407 1927 4490; baseline -0.004 -22"><span class='ocrx_word' id='word_1_536' title='bbox 274 4416 526 4490; x_wconf 80' lang='grc' dir='ltr'>γεννᾶται</span> <span class='ocrx_word' id='word_1_537' title='bbox 578 4413 668 4466; x_wconf 75' lang='grc' dir='ltr'><strong>καὶ</strong></span> <span class='ocrx_word' id='word_1_538' title='bbox 716 4410 904 4481; x_wconf 79' lang='grc' dir='ltr'>ἥλιος,</span> <span class='ocrx_word' id='word_1_539' title='bbox 955 4409 1032 4466; x_wconf 80' lang='grc' dir='ltr'>ἔτι</span> <span class='ocrx_word' id='word_1_540' title='bbox 1083 4407 1142 4465; x_wconf 80' lang='grc' dir='ltr'>δὶ</span> <span class='ocrx_word' id='word_1_541' title='bbox 1187 4407 1397 4486; x_wconf 76' lang='grc' dir='ltr'>ἄστρων</span> <span class='ocrx_word' id='word_1_542' title='bbox 1449 4411 1640 4485; x_wconf 86' lang='grc' dir='ltr'>χορὸς,</span> <span class='ocrx_word' id='word_1_543' title='bbox 1690 4407 1927 4479; x_wconf 77' lang='grc' dir='ltr'>σελήνης</span> 
     </span>
    </p>
   </div>
   <div class='ocr_carea' id='block_1_77' title="bbox 279 4499 1924 4578">
    <p class='ocr_par' dir='ltr' id='par_1_77' title="bbox 279 4499 1924 4578">
     <span class='ocr_line' id='line_1_77' title="bbox 279 4499 1924 4578; baseline -0.002 -20"><span class='ocrx_word' id='word_1_544' title='bbox 279 4504 514 4578; x_wconf 67' lang='grc' dir='ltr'>φέγγος,</span> <span class='ocrx_word' id='word_1_545' title='bbox 547 4501 635 4557; x_wconf 83' lang='grc' dir='ltr'><strong>καὶ</strong></span> <span class='ocrx_word' id='word_1_546' title='bbox 669 4499 859 4558; x_wconf 85' lang='grc' dir='ltr'>διπλοῖ</span> <span class='ocrx_word' id='word_1_547' title='bbox 907 4500 1098 4570; x_wconf 83' lang='grc' dir='ltr'>πόλοι,</span> <span class='ocrx_word' id='word_1_548' title='bbox 1131 4502 1253 4576; x_wconf 83' lang='grc' dir='ltr'>περὶ</span> <span class='ocrx_word' id='word_1_549' title='bbox 1287 4501 1379 4564; x_wconf 78' lang='grc' dir='ltr'><strong>οὓς</strong></span> <span class='ocrx_word' id='word_1_550' title='bbox 1409 4503 1442 4571; x_wconf 77' lang='grc' dir='ltr'>ἡ</span> <span class='ocrx_word' id='word_1_551' title='bbox 1489 4501 1682 4576; x_wconf 82' lang='grc' dir='ltr'>πρώτη</span> <span class='ocrx_word' id='word_1_552' title='bbox 1721 4501 1924 4576; x_wconf 78' lang='grc' dir='ltr'>γένεσις</span> 
     </span>
    </p>
   </div>
   <div class='ocr_carea' id='block_1_78' title="bbox 276 4589 1930 4668">
    <p class='ocr_par' dir='ltr' id='par_1_78' title="bbox 276 4589 1930 4668">
     <span class='ocr_line' id='line_1_78' title="bbox 276 4589 1930 4668; baseline -0.003 -17"><span class='ocrx_word' id='word_1_553' title='bbox 276 4599 394 4651; x_wconf 81' lang='grc' dir='ltr'>τῶν</span> <span class='ocrx_word' id='word_1_554' title='bbox 444 4592 680 4666; x_wconf 87' lang='grc' dir='ltr'>πρώτων</span> <span class='ocrx_word' id='word_1_555' title='bbox 727 4596 824 4648; x_wconf 91' lang='grc' dir='ltr'><strong>τοῦ</strong></span> <span class='ocrx_word' id='word_1_556' title='bbox 875 4593 1000 4647; x_wconf 91' lang='grc' dir='ltr'>θεοῦ</span> <span class='ocrx_word' id='word_1_557' title='bbox 1058 4590 1252 4668; x_wconf 86' lang='grc' dir='ltr'>γάμων</span> <span class='ocrx_word' id='word_1_558' title='bbox 1301 4589 1588 4646; x_wconf 78' lang='grc' dir='ltr'>ἑλίττεται.</span> <span class='ocrx_word' id='word_1_559' title='bbox 1643 4591 1930 4666; x_wconf 81' lang='grc' dir='ltr'>Δευτέρους</span> 
     </span>
    </p>
   </div>
   <div class='ocr_carea' id='block_1_79' title="bbox 283 4679 1932 4758">
    <p class='ocr_par' dir='ltr' id='par_1_79' title="bbox 283 4679 1932 4758">
     <span class='ocr_line' id='line_1_79' title="bbox 283 4679 1932 4758; baseline -0.002 -21"><span class='ocrx_word' id='word_1_560' title='bbox 283 4679 358 4752; x_wconf 79' lang='grc' dir='ltr'>δὴ</span> <span class='ocrx_word' id='word_1_561' title='bbox 394 4681 531 4755; x_wconf 85' lang='grc' dir='ltr'>μετὰ</span> <span class='ocrx_word' id='word_1_562' title='bbox 560 4682 788 4744; x_wconf 85' lang='grc' dir='ltr'>τούτους</span> <span class='ocrx_word' id='word_1_563' title='bbox 819 4680 1035 4756; x_wconf 74' lang='grc' dir='ltr'>γάμους</span> <span class='ocrx_word' id='word_1_564' title='bbox 1069 4683 1322 4736; x_wconf 82' lang='grc' dir='ltr'>Ὠκεανοῦ</span> <span class='ocrx_word' id='word_1_565' title='bbox 1351 4682 1443 4736; x_wconf 86' lang='grc' dir='ltr'><strong>καὶ</strong></span> <span class='ocrx_word' id='word_1_566' title='bbox 1471 4681 1676 4752; x_wconf 82' lang='grc' dir='ltr'>Τηθύος</span> <span class='ocrx_word' id='word_1_567' title='bbox 1707 4682 1742 4750; x_wconf 78' lang='grc' dir='ltr'>ἡ</span> <span class='ocrx_word' id='word_1_568' title='bbox 1775 4679 1932 4758; x_wconf 91' lang='grc' dir='ltr'>φύσις</span> 
     </span>
    </p>
   </div>
   <div class='ocr_carea' id='block_1_80' title="bbox 283 4768 1926 4847">
    <p class='ocr_par' dir='ltr' id='par_1_80' title="bbox 283 4768 1926 4847">
     <span class='ocr_line' id='line_1_80' title="bbox 283 4768 1926 4847; baseline -0.001 -21"><span class='ocrx_word' id='word_1_569' title='bbox 283 4768 481 4842; x_wconf 76' lang='grc' dir='ltr'>ἔδειξεν</span> <span class='ocrx_word' id='word_1_570' title='bbox 513 4771 583 4840; x_wconf 76' lang='grc' dir='ltr'><strong>⁸ο,</strong></span> <span class='ocrx_word' id='word_1_571' title='bbox 624 4771 694 4847; x_wconf 82' lang='grc' dir='ltr'><strong>ἀφ</strong></span> <span class='ocrx_word' id='word_1_572' title='bbox 743 4771 817 4825; x_wconf 83' lang='grc' dir='ltr'>ὧν</span> <span class='ocrx_word' id='word_1_573' title='bbox 850 4769 1136 4844; x_wconf 82' lang='grc' dir='ltr'>ἀνίσχουσι</span> <span class='ocrx_word' id='word_1_574' title='bbox 1173 4770 1267 4842; x_wconf 74' lang='grc' dir='ltr'>μὶν</span> <span class='ocrx_word' id='word_1_575' title='bbox 1310 4770 1548 4842; x_wconf 81' lang='grc' dir='ltr'>ποταμοὶ</span> <span class='ocrx_word' id='word_1_576' title='bbox 1578 4769 1668 4824; x_wconf 84' lang='grc' dir='ltr'><strong>καὶ</strong></span> <span class='ocrx_word' id='word_1_577' title='bbox 1717 4768 1926 4842; x_wconf 89' lang='grc' dir='ltr'>λίμναι,</span> 
     </span>
    </p>
   </div>
   <div class='ocr_carea' id='block_1_81' title="bbox 282 4856 1928 4940">
    <p class='ocr_par' dir='ltr' id='par_1_81' title="bbox 282 4856 1928 4940">
     <span class='ocr_line' id='line_1_81' title="bbox 282 4856 1928 4940; baseline -0.002 -23"><span class='ocrx_word' id='word_1_578' title='bbox 282 4856 368 4917; x_wconf 77' lang='grc' dir='ltr'><strong>ἔτι</strong></span> <span class='ocrx_word' id='word_1_579' title='bbox 410 4859 467 4918; x_wconf 64' lang='grc' dir='ltr'>δὲ</span> <span class='ocrx_word' id='word_1_580' title='bbox 513 4868 710 4937; x_wconf 80' lang='grc' dir='ltr'>κρῆναι</span> <span class='ocrx_word' id='word_1_581' title='bbox 759 4861 850 4916; x_wconf 84' lang='grc' dir='ltr'><strong>καὶ</strong></span> <span class='ocrx_word' id='word_1_582' title='bbox 891 4861 1067 4935; x_wconf 87' lang='grc' dir='ltr'>πηγαὶ</span> <span class='ocrx_word' id='word_1_583' title='bbox 1115 4861 1203 4914; x_wconf 80' lang='grc' dir='ltr'><strong>καὶ</strong></span> <span class='ocrx_word' id='word_1_584' title='bbox 1247 4861 1447 4940; x_wconf 81' lang='grc' dir='ltr'>φρὲατα</span> <span class='ocrx_word' id='word_1_585' title='bbox 1497 4861 1585 4914; x_wconf 87' lang='grc' dir='ltr'>καὶ</span> <span class='ocrx_word' id='word_1_586' title='bbox 1625 4863 1660 4930; x_wconf 81' lang='grc' dir='ltr'>ἡ</span> <span class='ocrx_word' id='word_1_587' title='bbox 1713 4862 1928 4916; x_wconf 78' lang='grc' dir='ltr'>πάντων</span> 
     </span>
    </p>
   </div>
   <div class='ocr_carea' id='block_1_82' title="bbox 284 4947 1929 5027">
    <p class='ocr_par' dir='ltr' id='par_1_82' title="bbox 284 4947 1929 5027">
     <span class='ocr_line' id='line_1_82' title="bbox 284 4947 1929 5027; baseline -0.002 -21"><span class='ocrx_word' id='word_1_588' title='bbox 284 4951 474 5024; x_wconf 88' lang='grc' dir='ltr'>μήτηρ</span> <span class='ocrx_word' id='word_1_589' title='bbox 523 4951 781 5024; x_wconf 80' lang='grc' dir='ltr'>ναμάτων</span> <span class='ocrx_word' id='word_1_590' title='bbox 834 4948 1099 5017; x_wconf 84' lang='grc' dir='ltr'>θάλασσα,</span> <span class='ocrx_word' id='word_1_591' title='bbox 1129 4948 1366 5004; x_wconf 85' lang='grc' dir='ltr'>τίκτεται</span> <span class='ocrx_word' id='word_1_592' title='bbox 1419 4947 1477 5004; x_wconf 76' lang='grc' dir='ltr'>δὲ</span> <span class='ocrx_word' id='word_1_593' title='bbox 1523 4955 1612 5004; x_wconf 81' lang='grc' dir='ltr'>καί</span> <span class='ocrx_word' id='word_1_594' title='bbox 1654 4950 1794 5027; x_wconf 78' lang='grc' dir='ltr'>φυτὰ</span> <span class='ocrx_word' id='word_1_595' title='bbox 1840 4949 1929 5004; x_wconf 82' lang='grc' dir='ltr'><strong>καὶ</strong></span> 
     </span>
    </p>
   </div>
   <div class='ocr_carea' id='block_1_83' title="bbox 279 5033 1930 5115">
    <p class='ocr_par' dir='ltr' id='par_1_83' title="bbox 279 5033 1930 5115">
     <span class='ocr_line' id='line_1_83' title="bbox 279 5033 1930 5115; baseline -0.001 -21"><span class='ocrx_word' id='word_1_596' title='bbox 279 5045 420 5111; x_wconf 82' lang='grc' dir='ltr'>ζῶα,</span> <span class='ocrx_word' id='word_1_597' title='bbox 467 5039 557 5096; x_wconf 78' lang='grc' dir='ltr'><strong>καὶ</strong></span> <span class='ocrx_word' id='word_1_598' title='bbox 614 5046 684 5115; x_wconf 83' lang='grc' dir='ltr'><strong>γῆ</strong></span> <span class='ocrx_word' id='word_1_599' title='bbox 746 5040 997 5112; x_wconf 78' lang='grc' dir='ltr'>οἰκεῖται,</span> <span class='ocrx_word' id='word_1_600' title='bbox 1031 5040 1121 5092; x_wconf 80' lang='grc' dir='ltr'><strong>καὶ</strong></span> <span class='ocrx_word' id='word_1_601' title='bbox 1178 5039 1242 5094; x_wconf 83' lang='grc' dir='ltr'>τὸ</span> <span class='ocrx_word' id='word_1_602' title='bbox 1300 5037 1609 5113; x_wconf 86' lang='grc' dir='ltr'>νηχόμενον</span> <span class='ocrx_word' id='word_1_603' title='bbox 1663 5033 1930 5112; x_wconf 77' lang='grc' dir='ltr'>λαμϐάνει</span> 
     </span>
    </p>
   </div>
   <div class='ocr_carea' id='block_1_84' title="bbox 1957 4469 2004 4532">
    <p class='ocr_par' dir='ltr' id='par_1_84' title="bbox 1957 4469 2004 4532">
     <span class='ocr_line' id='line_1_84' title="bbox 1957 4469 2004 4532; baseline 0 0"><span class='ocrx_word' id='word_1_604' title='bbox 1957 4469 2004 4532; x_wconf 92' lang='lat' dir='ltr'><strong>D</strong></span> 
     </span>
    </p>
   </div>
   <div class='ocr_carea' id='block_1_85' title="bbox 2032 3253 3677 3324">
    <p class='ocr_par' dir='ltr' id='par_1_85' title="bbox 2032 3253 3677 3324">
     <span class='ocr_line' id='line_1_85' title="bbox 2032 3253 3677 3324; baseline 0.005 -16"><span class='ocrx_word' id='word_1_605' title='bbox 2032 3254 2334 3324; x_wconf 83' lang='lat' dir='ltr'><strong>permittit,</strong></span> <span class='ocrx_word' id='word_1_606' title='bbox 2368 3254 2515 3309; x_wconf 82' lang='lat' dir='ltr'><strong>forte</strong></span> <span class='ocrx_word' id='word_1_607' title='bbox 2546 3255 2602 3308; x_wconf 93' lang='lat' dir='ltr'><strong>in</strong></span> <span class='ocrx_word' id='word_1_608' title='bbox 2632 3254 2752 3324; x_wconf 85' lang='lat' dir='ltr'><strong>lyra</strong></span> <span class='ocrx_word' id='word_1_609' title='bbox 2785 3253 3110 3310; x_wconf 89' lang='lat' dir='ltr'><strong>illidantur.</strong></span> <span class='ocrx_word' id='word_1_610' title='bbox 3143 3256 3358 3312; x_wconf 84' lang='lat' dir='ltr'><strong>Horum</strong></span> <span class='ocrx_word' id='word_1_611' title='bbox 3390 3274 3525 3314; x_wconf 91' lang='lat' dir='ltr'><strong>vero</strong></span> <span class='ocrx_word' id='word_1_612' title='bbox 3555 3261 3677 3317; x_wconf 88' lang='lat' dir='ltr'><strong>alas</strong></span> 
     </span>
    </p>
   </div>
   <div class='ocr_carea' id='block_1_86' title="bbox 2031 3344 3676 3412">
    <p class='ocr_par' dir='ltr' id='par_1_86' title="bbox 2031 3344 3676 3412">
     <span class='ocr_line' id='line_1_86' title="bbox 2031 3344 3676 3412; baseline 0.004 -15"><span class='ocrx_word' id='word_1_613' title='bbox 2031 3350 2084 3397; x_wconf 89' lang='lat' dir='ltr'><strong>et</strong></span> <span class='ocrx_word' id='word_1_614' title='bbox 2115 3345 2413 3398; x_wconf 74' lang='lat' dir='ltr'><strong>ciesariem</strong></span> <span class='ocrx_word' id='word_1_615' title='bbox 2446 3359 2589 3399; x_wconf 90' lang='lat' dir='ltr'><strong>auro</strong></span> <span class='ocrx_word' id='word_1_616' title='bbox 2620 3344 2896 3412; x_wconf 89' lang='lat' dir='ltr'><strong>vestiens,</strong></span> <span class='ocrx_word' id='word_1_617' title='bbox 2919 3350 3052 3400; x_wconf 86' lang='lat' dir='ltr'><strong>ante</strong></span> <span class='ocrx_word' id='word_1_618' title='bbox 3083 3361 3321 3400; x_wconf 89' lang='lat' dir='ltr'><strong>currum</strong></span> <span class='ocrx_word' id='word_1_619' title='bbox 3357 3347 3539 3403; x_wconf 91' lang='lat' dir='ltr'><strong>mittit</strong></span> <span class='ocrx_word' id='word_1_620' title='bbox 3570 3351 3676 3404; x_wconf 89' lang='lat' dir='ltr'><strong>mi-</strong></span> 
     </span>
    </p>
   </div>
   <div class='ocr_carea' id='block_1_87' title="bbox 2031 3431 3683 3503">
    <p class='ocr_par' dir='ltr' id='par_1_87' title="bbox 2031 3431 3683 3503">
     <span class='ocr_line' id='line_1_87' title="bbox 2031 3431 3683 3503; baseline 0.004 -15"><span class='ocrx_word' id='word_1_621' title='bbox 2031 3432 2372 3499; x_wconf 83' lang='lat' dir='ltr'><strong>nistrantes,</strong></span> <span class='ocrx_word' id='word_1_622' title='bbox 2406 3441 2460 3488; x_wconf 89' lang='lat' dir='ltr'><strong>et</strong></span> <span class='ocrx_word' id='word_1_623' title='bbox 2491 3431 2639 3488; x_wconf 87' lang='lat' dir='ltr'><strong>altas</strong></span> <span class='ocrx_word' id='word_1_624' title='bbox 2670 3434 3002 3503; x_wconf 86' lang='lat' dir='ltr'><strong>quatientes</strong></span> <span class='ocrx_word' id='word_1_625' title='bbox 3035 3435 3205 3490; x_wconf 83' lang='lat' dir='ltr'><strong>faces.</strong></span> <span class='ocrx_word' id='word_1_626' title='bbox 3237 3436 3382 3492; x_wconf 86' lang='lat' dir='ltr'><strong>Cum</strong></span> <span class='ocrx_word' id='word_1_627' title='bbox 3416 3453 3549 3494; x_wconf 89' lang='lat' dir='ltr'><strong>vero</strong></span> <span class='ocrx_word' id='word_1_628' title='bbox 3581 3438 3683 3495; x_wconf 89' lang='lat' dir='ltr'><strong>Pe-</strong></span> 
     </span>
    </p>
   </div>
   <div class='ocr_carea' id='block_1_88' title="bbox 2031 3521 3679 3600">
    <p class='ocr_par' dir='ltr' id='par_1_88' title="bbox 2031 3521 3679 3600">
     <span class='ocr_line' id='line_1_88' title="bbox 2031 3521 3679 3600; baseline 0.003 -22"><span class='ocrx_word' id='word_1_629' title='bbox 2031 3521 2148 3595; x_wconf 89' lang='lat' dir='ltr'><strong>lopi</strong></span> <span class='ocrx_word' id='word_1_630' title='bbox 2184 3523 2572 3594; x_wconf 88' lang='lat' dir='ltr'><strong>persuasisset</strong></span> <span class='ocrx_word' id='word_1_631' title='bbox 2607 3539 2771 3578; x_wconf 86' lang='lat' dir='ltr'><strong>amor</strong></span> <span class='ocrx_word' id='word_1_632' title='bbox 2800 3522 3196 3594; x_wconf 65' lang='lat' dir='ltr'><strong>Hippodamiae</strong></span> <span class='ocrx_word' id='word_1_633' title='bbox 3226 3526 3364 3596; x_wconf 84' lang='grc'>(44),</span> <span class='ocrx_word' id='word_1_634' title='bbox 3401 3533 3464 3582; x_wconf 89' lang='lat' dir='ltr'><strong>ut</strong></span> <span class='ocrx_word' id='word_1_635' title='bbox 3501 3528 3679 3600; x_wconf 88' lang='lat' dir='ltr'><strong>Cupi-</strong></span> 
     </span>
    </p>
   </div>
   <div class='ocr_carea' id='block_1_89' title="bbox 2031 3612 3674 3686">
    <p class='ocr_par' dir='ltr' id='par_1_89' title="bbox 2031 3612 3674 3686">
     <span class='ocr_line' id='line_1_89' title="bbox 2031 3612 3674 3686; baseline 0.005 -19"><span class='ocrx_word' id='word_1_636' title='bbox 2031 3612 2154 3667; x_wconf 92' lang='lat' dir='ltr'><strong>dini</strong></span> <span class='ocrx_word' id='word_1_637' title='bbox 2186 3618 2242 3667; x_wconf 90' lang='lat' dir='ltr'><strong>et</strong></span> <span class='ocrx_word' id='word_1_638' title='bbox 2273 3613 2479 3668; x_wconf 89' lang='lat' dir='ltr'><strong>Veneri</strong></span> <span class='ocrx_word' id='word_1_639' title='bbox 2512 3612 2773 3676; x_wconf 90' lang='lat' dir='ltr'><strong>serviret,</strong></span> <span class='ocrx_word' id='word_1_640' title='bbox 2807 3619 2929 3668; x_wconf 90' lang='lat' dir='ltr'><strong>tum</strong></span> <span class='ocrx_word' id='word_1_641' title='bbox 2969 3614 3143 3668; x_wconf 88' lang='lat' dir='ltr'><strong>etiam</strong></span> <span class='ocrx_word' id='word_1_642' title='bbox 3195 3615 3400 3686; x_wconf 83' lang='lat' dir='ltr'><strong>Apollo</strong></span> <span class='ocrx_word' id='word_1_643' title='bbox 3433 3619 3674 3675; x_wconf 91' lang='lat' dir='ltr'><strong>collecto</strong></span> 
     </span>
    </p>
   </div>
   <div class='ocr_carea' id='block_1_90' title="bbox 2031 3700 3671 3767">
    <p class='ocr_par' dir='ltr' id='par_1_90' title="bbox 2031 3700 3671 3767">
     <span class='ocr_line' id='line_1_90' title="bbox 2031 3700 3671 3767; baseline 0.002 -9"><span class='ocrx_word' id='word_1_644' title='bbox 2031 3701 2342 3758; x_wconf 88' lang='lat' dir='ltr'><strong>Nereidum</strong></span> <span class='ocrx_word' id='word_1_645' title='bbox 2375 3703 2575 3767; x_wconf 91' lang='lat' dir='ltr'><strong>choro,</strong></span> <span class='ocrx_word' id='word_1_646' title='bbox 2607 3700 2667 3755; x_wconf 91' lang='lat' dir='ltr'><strong>in</strong></span> <span class='ocrx_word' id='word_1_647' title='bbox 2717 3717 2950 3757; x_wconf 85' lang='lat' dir='ltr'><strong>summo</strong></span> <span class='ocrx_word' id='word_1_648' title='bbox 2981 3701 3174 3757; x_wconf 88' lang='lat' dir='ltr'><strong>littore</strong></span> <span class='ocrx_word' id='word_1_649' title='bbox 3217 3702 3300 3757; x_wconf 90' lang='lat' dir='ltr'><strong>illi</strong></span> <span class='ocrx_word' id='word_1_650' title='bbox 3348 3705 3671 3760; x_wconf 85' lang='lat' dir='ltr'><strong>thalamum</strong></span> 
     </span>
    </p>
   </div>
   <div class='ocr_carea' id='block_1_91' title="bbox 2033 3789 3675 3861">
    <p class='ocr_par' dir='ltr' id='par_1_91' title="bbox 2033 3789 3675 3861">
     <span class='ocr_line' id='line_1_91' title="bbox 2033 3789 3675 3861; baseline 0.001 -15"><span class='ocrx_word' id='word_1_651' title='bbox 2033 3789 2256 3856; x_wconf 86' lang='lat' dir='ltr'><strong>statuit,</strong></span> <span class='ocrx_word' id='word_1_652' title='bbox 2288 3792 2458 3858; x_wconf 87' lang='lat' dir='ltr'><strong>cujus</strong></span> <span class='ocrx_word' id='word_1_653' title='bbox 2489 3789 2671 3843; x_wconf 90' lang='lat' dir='ltr'><strong>vicem</strong></span> <span class='ocrx_word' id='word_1_654' title='bbox 2707 3789 2866 3844; x_wconf 88' lang='lat' dir='ltr'><strong>unda</strong></span> <span class='ocrx_word' id='word_1_655' title='bbox 2895 3789 3071 3844; x_wconf 89' lang='lat' dir='ltr'><strong>dense</strong></span> <span class='ocrx_word' id='word_1_656' title='bbox 3114 3790 3355 3861; x_wconf 85' lang='lat' dir='ltr'><strong>agitata,</strong></span> <span class='ocrx_word' id='word_1_657' title='bbox 3386 3797 3445 3848; x_wconf 87' lang='lat' dir='ltr'><strong>et</strong></span> <span class='ocrx_word' id='word_1_658' title='bbox 3493 3793 3675 3848; x_wconf 89' lang='lat' dir='ltr'><strong>subli-</strong></span> 
     </span>
    </p>
   </div>
   <div class='ocr_carea' id='block_1_92' title="bbox 2035 3876 3676 3944">
    <p class='ocr_par' dir='ltr' id='par_1_92' title="bbox 2035 3876 3676 3944">
     <span class='ocr_line' id='line_1_92' title="bbox 2035 3876 3676 3944; baseline 0.002 -9"><span class='ocrx_word' id='word_1_659' title='bbox 2035 3879 2145 3935; x_wconf 89' lang='lat' dir='ltr'><strong>mis</strong></span> <span class='ocrx_word' id='word_1_660' title='bbox 2176 3879 2234 3932; x_wconf 92' lang='lat' dir='ltr'><strong>in</strong></span> <span class='ocrx_word' id='word_1_661' title='bbox 2267 3878 2395 3933; x_wconf 91' lang='lat' dir='ltr'><strong>lecti</strong></span> <span class='ocrx_word' id='word_1_662' title='bbox 2426 3893 2646 3933; x_wconf 91' lang='lat' dir='ltr'><strong>morem</strong></span> <span class='ocrx_word' id='word_1_663' title='bbox 2681 3877 2846 3944; x_wconf 85' lang='lat' dir='ltr'><strong>ﬂexa,</strong></span> <span class='ocrx_word' id='word_1_664' title='bbox 2871 3876 2953 3932; x_wconf 91' lang='lat' dir='ltr'><strong>ita</strong></span> <span class='ocrx_word' id='word_1_665' title='bbox 2987 3883 3049 3932; x_wconf 90' lang='lat' dir='ltr'><strong>ut</strong></span> <span class='ocrx_word' id='word_1_666' title='bbox 3079 3879 3314 3934; x_wconf 88' lang='lat' dir='ltr'><strong>thorum</strong></span> <span class='ocrx_word' id='word_1_667' title='bbox 3349 3881 3676 3938; x_wconf 87' lang='lat' dir='ltr'><strong>imitaretur</strong></span> 
     </span>
    </p>
   </div>
   <div class='ocr_carea' id='block_1_93' title="bbox 2032 3965 3672 4041">
    <p class='ocr_par' dir='ltr' id='par_1_93' title="bbox 2032 3965 3672 4041">
     <span class='ocr_line' id='line_1_93' title="bbox 2032 3965 3672 4041; baseline 0.003 -19"><span class='ocrx_word' id='word_1_668' title='bbox 2032 3967 2336 4038; x_wconf 90' lang='lat' dir='ltr'><strong>implebat.</strong></span> <span class='ocrx_word' id='word_1_669' title='bbox 2372 3965 2542 4020; x_wconf 86' lang='lat' dir='ltr'><strong>Erant</strong></span> <span class='ocrx_word' id='word_1_670' title='bbox 2572 3965 2690 4020; x_wconf 90' lang='lat' dir='ltr'><strong>illic</strong></span> <span class='ocrx_word' id='word_1_671' title='bbox 2721 3967 2864 4022; x_wconf 87' lang='lat' dir='ltr'><strong>deus</strong></span> <span class='ocrx_word' id='word_1_672' title='bbox 2913 3971 2971 4021; x_wconf 88' lang='lat' dir='ltr'><strong>et</strong></span> <span class='ocrx_word' id='word_1_673' title='bbox 3003 3972 3210 4022; x_wconf 88' lang='lat' dir='ltr'><strong>natura</strong></span> <span class='ocrx_word' id='word_1_674' title='bbox 3243 3983 3256 4023; x_wconf 88' lang='lat'><strong>:</strong></span> <span class='ocrx_word' id='word_1_675' title='bbox 3298 3968 3398 4024; x_wconf 76' lang='lat' dir='ltr'><strong>ille</strong></span> <span class='ocrx_word' id='word_1_676' title='bbox 3436 3969 3672 4041; x_wconf 89' lang='lat' dir='ltr'><strong>quidem</strong></span> 
     </span>
    </p>
   </div>
   <div class='ocr_carea' id='block_1_94' title="bbox 2033 4055 3678 4128">
    <p class='ocr_par' dir='ltr' id='par_1_94' title="bbox 2033 4055 3678 4128">
     <span class='ocr_line' id='line_1_94' title="bbox 2033 4055 3678 4128; baseline 0.002 -16"><span class='ocrx_word' id='word_1_677' title='bbox 2033 4058 2152 4112; x_wconf 85' lang='lat' dir='ltr'><strong>fetu</strong></span> <span class='ocrx_word' id='word_1_678' title='bbox 2187 4055 2509 4128; x_wconf 86' lang='lat' dir='ltr'><strong>indigebat,</strong></span> <span class='ocrx_word' id='word_1_679' title='bbox 2555 4055 2674 4110; x_wconf 69' lang='lat' dir='ltr'><strong>haec</strong></span> <span class='ocrx_word' id='word_1_680' title='bbox 2725 4071 2860 4110; x_wconf 92' lang='lat' dir='ltr'><strong>vero</strong></span> <span class='ocrx_word' id='word_1_681' title='bbox 2910 4071 3038 4127; x_wconf 80' lang='lat' dir='ltr'><strong>quae</strong></span> <span class='ocrx_word' id='word_1_682' title='bbox 3091 4063 3334 4126; x_wconf 85' lang='lat' dir='ltr'><strong>pareret.</strong></span> <span class='ocrx_word' id='word_1_683' title='bbox 3369 4058 3442 4114; x_wconf 91' lang='lat' dir='ltr'><strong>Ut</strong></span> <span class='ocrx_word' id='word_1_684' title='bbox 3482 4065 3678 4116; x_wconf 89' lang='lat' dir='ltr'><strong>autem</strong></span> 
     </span>
    </p>
   </div>
   <div class='ocr_carea' id='block_1_95' title="bbox 2035 4144 3680 4218">
    <p class='ocr_par' dir='ltr' id='par_1_95' title="bbox 2035 4144 3680 4218">
     <span class='ocr_line' id='line_1_95' title="bbox 2035 4144 3680 4218; baseline 0.002 -18"><span class='ocrx_word' id='word_1_685' title='bbox 2035 4145 2156 4200; x_wconf 65' lang='lat' dir='ltr'><strong>haec</strong></span> <span class='ocrx_word' id='word_1_686' title='bbox 2202 4146 2635 4210; x_wconf 89' lang='lat' dir='ltr'><strong>inchoarentur,</strong></span> <span class='ocrx_word' id='word_1_687' title='bbox 2686 4144 2888 4200; x_wconf 88' lang='lat' dir='ltr'><strong>omnia</strong></span> <span class='ocrx_word' id='word_1_688' title='bbox 2941 4145 3216 4201; x_wconf 88' lang='lat' dir='ltr'><strong>omnibus</strong></span> <span class='ocrx_word' id='word_1_689' title='bbox 3270 4164 3372 4218; x_wconf 92' lang='lat' dir='ltr'><strong>pro</strong></span> <span class='ocrx_word' id='word_1_690' title='bbox 3422 4147 3680 4204; x_wconf 89' lang='lat' dir='ltr'><strong>thalamo</strong></span> 
     </span>
    </p>
   </div>
   <div class='ocr_carea' id='block_1_96' title="bbox 2033 4233 3680 4306">
    <p class='ocr_par' dir='ltr' id='par_1_96' title="bbox 2033 4233 3680 4306">
     <span class='ocr_line' id='line_1_96' title="bbox 2033 4233 3680 4306; baseline 0.001 -16"><span class='ocrx_word' id='word_1_691' title='bbox 2033 4243 2218 4290; x_wconf 87' lang='lat' dir='ltr'><strong>erant.</strong></span> <span class='ocrx_word' id='word_1_692' title='bbox 2273 4235 2348 4289; x_wconf 84' lang='lat' dir='ltr'><strong>Ex</strong></span> <span class='ocrx_word' id='word_1_693' title='bbox 2399 4234 2488 4290; x_wconf 91' lang='lat' dir='ltr'><strong>his</strong></span> <span class='ocrx_word' id='word_1_694' title='bbox 2549 4234 2755 4306; x_wconf 88' lang='lat' dir='ltr'><strong>utique</strong></span> <span class='ocrx_word' id='word_1_695' title='bbox 2807 4233 3027 4306; x_wconf 79' lang='lat' dir='ltr'><strong>nuptiis</strong></span> <span class='ocrx_word' id='word_1_696' title='bbox 3075 4235 3285 4291; x_wconf 71' lang='lat' dir='ltr'><strong>coalum</strong></span> <span class='ocrx_word' id='word_1_697' title='bbox 3341 4237 3451 4306; x_wconf 84' lang='grc'><strong>(45)</strong></span> <span class='ocrx_word' id='word_1_698' title='bbox 3498 4242 3556 4293; x_wconf 85' lang='lat' dir='ltr'><strong>et</strong></span> <span class='ocrx_word' id='word_1_699' title='bbox 3595 4239 3680 4294; x_wconf 91' lang='lat' dir='ltr'><strong>sol</strong></span> 
     </span>
    </p>
   </div>
   <div class='ocr_carea' id='block_1_97' title="bbox 2037 4324 3678 4398">
    <p class='ocr_par' dir='ltr' id='par_1_97' title="bbox 2037 4324 3678 4398">
     <span class='ocr_line' id='line_1_97' title="bbox 2037 4324 3678 4398; baseline 0.004 -21"><span class='ocrx_word' id='word_1_700' title='bbox 2037 4331 2310 4396; x_wconf 86' lang='lat' dir='ltr'><strong>generata</strong></span> <span class='ocrx_word' id='word_1_701' title='bbox 2355 4327 2515 4392; x_wconf 85' lang='lat' dir='ltr'><strong>sunt,</strong></span> <span class='ocrx_word' id='word_1_702' title='bbox 2566 4329 2860 4379; x_wconf 87' lang='lat' dir='ltr'><strong>astrorum</strong></span> <span class='ocrx_word' id='word_1_703' title='bbox 2933 4329 3137 4394; x_wconf 65' lang='lat' dir='ltr'><strong>castus,</strong></span> <span class='ocrx_word' id='word_1_704' title='bbox 3182 4324 3333 4381; x_wconf 69' lang='lat' dir='ltr'><strong>lunae</strong></span> <span class='ocrx_word' id='word_1_705' title='bbox 3383 4327 3678 4398; x_wconf 90' lang='lat' dir='ltr'><strong>splendor,</strong></span> 
     </span>
    </p>
   </div>
   <div class='ocr_carea' id='block_1_98' title="bbox 2038 4413 3685 4487">
    <p class='ocr_par' dir='ltr' id='par_1_98' title="bbox 2038 4413 3685 4487">
     <span class='ocr_line' id='line_1_98' title="bbox 2038 4413 3685 4487; baseline 0.002 -19"><span class='ocrx_word' id='word_1_706' title='bbox 2038 4420 2285 4486; x_wconf 85' lang='lat' dir='ltr'><strong>uterque</strong></span> <span class='ocrx_word' id='word_1_707' title='bbox 2316 4413 2506 4484; x_wconf 91' lang='lat' dir='ltr'><strong>polus,</strong></span> <span class='ocrx_word' id='word_1_708' title='bbox 2541 4413 2757 4469; x_wconf 90' lang='lat' dir='ltr'><strong>circum</strong></span> <span class='ocrx_word' id='word_1_709' title='bbox 2793 4415 2983 4470; x_wconf 73' lang='lat' dir='ltr'><strong>861a</strong></span> <span class='ocrx_word' id='word_1_710' title='bbox 3015 4431 3164 4486; x_wconf 91' lang='lat' dir='ltr'><strong>quos</strong></span> <span class='ocrx_word' id='word_1_711' title='bbox 3207 4415 3432 4487; x_wconf 84' lang='lat' dir='ltr'><strong>primus</strong></span> <span class='ocrx_word' id='word_1_712' title='bbox 3474 4417 3685 4487; x_wconf 84' lang='lat' dir='ltr'><strong>prima-</strong></span> 
     </span>
    </p>
   </div>
   <div class='ocr_carea' id='block_1_99' title="bbox 2037 4503 3679 4574">
    <p class='ocr_par' dir='ltr' id='par_1_99' title="bbox 2037 4503 3679 4574">
     <span class='ocr_line' id='line_1_99' title="bbox 2037 4503 3679 4574; baseline 0.001 -15"><span class='ocrx_word' id='word_1_713' title='bbox 2037 4519 2167 4560; x_wconf 88' lang='lat' dir='ltr'><strong>rum</strong></span> <span class='ocrx_word' id='word_1_714' title='bbox 2238 4503 2571 4574; x_wconf 86' lang='lat' dir='ltr'><strong>nuptiarum</strong></span> <span class='ocrx_word' id='word_1_715' title='bbox 2634 4503 2737 4559; x_wconf 89' lang='lat' dir='ltr'><strong>Dei</strong></span> <span class='ocrx_word' id='word_1_716' title='bbox 2795 4513 2952 4559; x_wconf 92' lang='lat' dir='ltr'><strong>ortus</strong></span> <span class='ocrx_word' id='word_1_717' title='bbox 3009 4504 3279 4559; x_wconf 83' lang='lat' dir='ltr'><strong>volvitur.</strong></span> <span class='ocrx_word' id='word_1_718' title='bbox 3344 4503 3679 4561; x_wconf 87' lang='lat' dir='ltr'><strong>Secundum</strong></span> 
     </span>
    </p>
   </div>
   <div class='ocr_carea' id='block_1_100' title="bbox 2038 4591 3688 4666">
    <p class='ocr_par' dir='ltr' id='par_1_100' title="bbox 2038 4591 3688 4666">
     <span class='ocr_line' id='line_1_100' title="bbox 2038 4591 3688 4666; baseline 0.001 -17"><span class='ocrx_word' id='word_1_719' title='bbox 2038 4593 2252 4649; x_wconf 89' lang='lat' dir='ltr'><strong>deinde</strong></span> <span class='ocrx_word' id='word_1_720' title='bbox 2272 4591 2633 4647; x_wconf 88' lang='lat' dir='ltr'><strong>connubium</strong></span> <span class='ocrx_word' id='word_1_721' title='bbox 2665 4593 2958 4658; x_wconf 87' lang='lat' dir='ltr'><strong>Oceani,et</strong></span> <span class='ocrx_word' id='word_1_722' title='bbox 2980 4591 3234 4664; x_wconf 84' lang='lat' dir='ltr'><strong>Tethyos</strong></span> <span class='ocrx_word' id='word_1_723' title='bbox 3265 4598 3474 4649; x_wconf 90' lang='lat' dir='ltr'><strong>natura</strong></span> <span class='ocrx_word' id='word_1_724' title='bbox 3499 4595 3688 4666; x_wconf 87' lang='lat' dir='ltr'><strong>[mon-</strong></span> 
     </span>
    </p>
   </div>
   <div class='ocr_carea' id='block_1_101' title="bbox 2037 4680 3684 4756">
    <p class='ocr_par' dir='ltr' id='par_1_101' title="bbox 2037 4680 3684 4756">
     <span class='ocr_line' id='line_1_101' title="bbox 2037 4680 3684 4756; baseline -0.001 -16"><span class='ocrx_word' id='word_1_725' title='bbox 2037 4683 2266 4756; x_wconf 83' lang='lat' dir='ltr'><strong>stravit]</strong></span> <span class='ocrx_word' id='word_1_726' title='bbox 2297 4700 2326 4737; x_wconf 89' lang='lat' dir='ltr'><strong>a</strong></span> <span class='ocrx_word' id='word_1_727' title='bbox 2357 4682 2576 4754; x_wconf 74' lang='lat' dir='ltr'><strong>quibus</strong></span> <span class='ocrx_word' id='word_1_728' title='bbox 2606 4681 2722 4736; x_wconf 88' lang='lat' dir='ltr'><strong>nati</strong></span> <span class='ocrx_word' id='word_1_729' title='bbox 2758 4681 2915 4736; x_wconf 85' lang='lat' dir='ltr'><strong>ﬂuvii</strong></span> <span class='ocrx_word' id='word_1_730' title='bbox 2955 4686 3013 4738; x_wconf 90' lang='lat' dir='ltr'><strong>et</strong></span> <span class='ocrx_word' id='word_1_731' title='bbox 3057 4680 3236 4750; x_wconf 88' lang='lat' dir='ltr'><strong>lacus,</strong></span> <span class='ocrx_word' id='word_1_732' title='bbox 3269 4684 3684 4755; x_wconf 80' lang='lat' dir='ltr'><strong>scaturigines,</strong></span> 
     </span>
    </p>
   </div>
   <div class='ocr_carea' id='block_1_102' title="bbox 2037 4772 3687 4845">
    <p class='ocr_par' dir='ltr' id='par_1_102' title="bbox 2037 4772 3687 4845">
     <span class='ocr_line' id='line_1_102' title="bbox 2037 4772 3687 4845; baseline -0.001 -16"><span class='ocrx_word' id='word_1_733' title='bbox 2037 4779 2096 4829; x_wconf 90' lang='lat' dir='ltr'><strong>et</strong></span> <span class='ocrx_word' id='word_1_734' title='bbox 2128 4772 2928 4845; x_wconf 82' lang='lat' dir='ltr'><strong>fontes,putei,omniumque</strong></span> <span class='ocrx_word' id='word_1_735' title='bbox 2959 4787 3249 4843; x_wconf 89' lang='lat' dir='ltr'><strong>aquarum</strong></span> <span class='ocrx_word' id='word_1_736' title='bbox 3281 4777 3456 4845; x_wconf 86' lang='lat' dir='ltr'><strong>caput</strong></span> <span class='ocrx_word' id='word_1_737' title='bbox 3487 4789 3687 4839; x_wconf 90' lang='lat' dir='ltr'><strong>mare;</strong></span> 
     </span>
    </p>
   </div>
   <div class='ocr_carea' id='block_1_103' title="bbox 2037 4859 3687 4932">
    <p class='ocr_par' dir='ltr' id='par_1_103' title="bbox 2037 4859 3687 4932">
     <span class='ocr_line' id='line_1_103' title="bbox 2037 4859 3687 4932; baseline -0.001 -15"><span class='ocrx_word' id='word_1_738' title='bbox 2037 4861 2135 4917; x_wconf 84' lang='lat' dir='ltr'><strong>hic</strong></span> <span class='ocrx_word' id='word_1_739' title='bbox 2180 4866 2370 4917; x_wconf 87' lang='lat' dir='ltr'><strong>autem</strong></span> <span class='ocrx_word' id='word_1_740' title='bbox 2415 4867 2564 4918; x_wconf 80' lang='lat' dir='ltr'><strong>natae</strong></span> <span class='ocrx_word' id='word_1_741' title='bbox 2615 4861 2850 4932; x_wconf 65' lang='lat' dir='ltr'><strong>plantae,</strong></span> <span class='ocrx_word' id='word_1_742' title='bbox 2883 4865 2942 4915; x_wconf 91' lang='lat' dir='ltr'><strong>et</strong></span> <span class='ocrx_word' id='word_1_743' title='bbox 2987 4859 3304 4927; x_wconf 88' lang='lat' dir='ltr'><strong>animalia;</strong></span> <span class='ocrx_word' id='word_1_744' title='bbox 3350 4860 3487 4916; x_wconf 89' lang='lat' dir='ltr'><strong>hinc</strong></span> <span class='ocrx_word' id='word_1_745' title='bbox 3535 4866 3687 4916; x_wconf 87' lang='lat' dir='ltr'><strong>terra</strong></span> 
     </span>
    </p>
   </div>
   <div class='ocr_carea' id='block_1_104' title="bbox 2037 4947 3687 5022">
    <p class='ocr_par' dir='ltr' id='par_1_104' title="bbox 2037 4947 3687 5022">
     <span class='ocr_line' id='line_1_104' title="bbox 2037 4947 3687 5022; baseline -0.001 -16"><span class='ocrx_word' id='word_1_746' title='bbox 2037 4949 2356 5016; x_wconf 87' lang='lat' dir='ltr'><strong>incolitur;</strong></span> <span class='ocrx_word' id='word_1_747' title='bbox 2389 4950 2524 5005; x_wconf 89' lang='lat' dir='ltr'><strong>hinc</strong></span> <span class='ocrx_word' id='word_1_748' title='bbox 2556 4949 2743 5022; x_wconf 83' lang='lat' dir='ltr'><strong>pisces</strong></span> <span class='ocrx_word' id='word_1_749' title='bbox 2774 4948 3026 5005; x_wconf 89' lang='lat' dir='ltr'><strong>assumit</strong></span> <span class='ocrx_word' id='word_1_750' title='bbox 3057 4964 3252 5016; x_wconf 89' lang='lat' dir='ltr'><strong>mare;</strong></span> <span class='ocrx_word' id='word_1_751' title='bbox 3287 4947 3420 5003; x_wconf 91' lang='lat' dir='ltr'><strong>hinc</strong></span> <span class='ocrx_word' id='word_1_752' title='bbox 3453 4949 3563 5003; x_wconf 92' lang='lat' dir='ltr'><strong>alis</strong></span> <span class='ocrx_word' id='word_1_753' title='bbox 3595 4963 3687 5020; x_wconf 85' lang='lat' dir='ltr'><strong>pe-</strong></span> 
     </span>
    </p>
   </div>
   <div class='ocr_carea' id='block_1_105' title="bbox 2039 5037 3685 5111">
    <p class='ocr_par' dir='ltr' id='par_1_105' title="bbox 2039 5037 3685 5111">
     <span class='ocr_line' id='line_1_105' title="bbox 2039 5037 3685 5111; baseline -0.001 -16"><span class='ocrx_word' id='word_1_754' title='bbox 2039 5039 2344 5096; x_wconf 89' lang='lat' dir='ltr'><strong>netrabilis</strong></span> <span class='ocrx_word' id='word_1_755' title='bbox 2395 5056 2514 5096; x_wconf 90' lang='lat' dir='ltr'><strong>aer.</strong></span> <span class='ocrx_word' id='word_1_756' title='bbox 2566 5043 2865 5095; x_wconf 85' lang='lat' dir='ltr'><strong>Postremo</strong></span> <span class='ocrx_word' id='word_1_757' title='bbox 2896 5054 3029 5094; x_wconf 88' lang='lat' dir='ltr'><strong>vero</strong></span> <span class='ocrx_word' id='word_1_758' title='bbox 3079 5038 3440 5094; x_wconf 88' lang='lat' dir='ltr'><strong>connubium</strong></span> <span class='ocrx_word' id='word_1_759' title='bbox 3490 5037 3685 5111; x_wconf 88' lang='lat' dir='ltr'><strong>ipsum</strong></span> 
     </span>
    </p>
   </div>
   <div class='ocr_carea' id='block_1_106' title="bbox 1633 5183 2334 5242">
    <p class='ocr_par' dir='ltr' id='par_1_106' title="bbox 1633 5183 2334 5242">
     <span class='ocr_line' id='line_1_106' title="bbox 1633 5183 2334 5242; baseline 0.004 -5"><span class='ocrx_word' id='word_1_760' title='bbox 1633 5183 1879 5240; x_wconf 72' lang='lat' dir='ltr'><strong>VARLE</strong></span> <span class='ocrx_word' id='word_1_761' title='bbox 1920 5183 2334 5242; x_wconf 84' lang='lat' dir='ltr'><strong>LECTIONES.</strong></span> 
     </span>
    </p>
   </div>
   <div class='ocr_carea' id='block_1_107' title="bbox 357 5295 1897 5373">
    <p class='ocr_par' dir='ltr' id='par_1_107' title="bbox 357 5295 1897 5373">
     <span class='ocr_line' id='line_1_107' title="bbox 357 5295 1897 5373; baseline 0.001 -19"><span class='ocrx_word' id='word_1_762' title='bbox 357 5300 407 5338; x_wconf 74' lang='grc'>⁵⁸</span> <span class='ocrx_word' id='word_1_763' title='bbox 436 5305 681 5373; x_wconf 83' lang='grc' dir='ltr'>κρεῖττον</span> <span class='ocrx_word' id='word_1_764' title='bbox 716 5300 801 5373; x_wconf 76' lang='grc' dir='ltr'><strong>ς.</strong></span> <span class='ocrx_word' id='word_1_765' title='bbox 879 5371 908 5373; x_wconf 29' lang='grc' dir='ltr'>η</span> <span class='ocrx_word' id='word_1_766' title='bbox 930 5300 1281 5373; x_wconf 82' lang='grc' dir='ltr'>μετώπων</span> <span class='ocrx_word' id='word_1_767' title='bbox 1313 5301 1374 5358; x_wconf 88' lang='grc' dir='ltr'><strong>Β.</strong></span> <span class='ocrx_word' id='word_1_768' title='bbox 1463 5372 1466 5373; x_wconf 15' lang='grc' dir='ltr'><em>ν</em></span> <span class='ocrx_word' id='word_1_769' title='bbox 1510 5301 1557 5338; x_wconf 76' lang='grc'><strong>⁵⁸</strong></span> <span class='ocrx_word' id='word_1_770' title='bbox 1588 5295 1798 5354; x_wconf 69' lang='grc' dir='ltr'>σπὲνδει</span> <span class='ocrx_word' id='word_1_771' title='bbox 1832 5304 1897 5356; x_wconf 79' lang='grc' dir='ltr'>Α.</span> 
     </span>
    </p>
   </div>
   <div class='ocr_carea' id='block_1_108' title="bbox 283 5300 1502 5449">
    <p class='ocr_par' dir='ltr' id='par_1_108' title="bbox 283 5300 1502 5449">
     <span class='ocr_line' id='line_1_108' title="bbox 357 5300 1374 5446; baseline 0.001 -92"><span class='ocrx_word' id='word_1_772' title='bbox 357 5300 407 5338; x_wconf 74' lang='grc'>⁵⁸</span> <span class='ocrx_word' id='word_1_773' title='bbox 436 5305 681 5373; x_wconf 83' lang='grc' dir='ltr'>κρεῖττον</span> <span class='ocrx_word' id='word_1_774' title='bbox 708 5300 801 5446; x_wconf 62' lang='grc' dir='ltr'>ξ.</span> <span class='ocrx_word' id='word_1_775' title='bbox 930 5300 980 5335; x_wconf 74' lang='grc'>⁵⁵</span> <span class='ocrx_word' id='word_1_776' title='bbox 1011 5300 1281 5372; x_wconf 79' lang='grc' dir='ltr'>μετώπιον</span> <span class='ocrx_word' id='word_1_777' title='bbox 1313 5301 1374 5358; x_wconf 88' lang='grc' dir='ltr'><strong>Β.</strong></span> 
     </span>
     <span class='ocr_line' id='line_1_109' title="bbox 283 5368 1502 5449; baseline 0.002 -23"><span class='ocrx_word' id='word_1_778' title='bbox 283 5371 337 5409; x_wconf 67' lang='grc'><strong>⁵9</strong></span> <span class='ocrx_word' id='word_1_779' title='bbox 366 5375 677 5449; x_wconf 82' lang='grc' dir='ltr'>πορφυροῦν</span> <span class='ocrx_word' id='word_1_780' title='bbox 778 5415 792 5428; x_wconf 93' lang='grc'><strong>.</strong></span> <span class='ocrx_word' id='word_1_781' title='bbox 869 5371 918 5408; x_wconf 80' lang='grc'><strong>⁶⁰</strong></span> <span class='ocrx_word' id='word_1_782' title='bbox 947 5368 1140 5442; x_wconf 70' lang='grc' dir='ltr'>ἔδειξεν</span> <span class='ocrx_word' id='word_1_783' title='bbox 1169 5389 1286 5430; x_wconf 90' lang='lat' dir='ltr'><strong>om.</strong></span> <span class='ocrx_word' id='word_1_784' title='bbox 1321 5390 1406 5446; x_wconf 88' lang='lat' dir='ltr'><strong>pr.</strong></span> <span class='ocrx_word' id='word_1_785' title='bbox 1441 5372 1502 5429; x_wconf 87' lang='lat' dir='ltr'><strong>C.</strong></span> 
     </span>
    </p>
   </div>
   <div class='ocr_carea' id='block_1_109' title="bbox 2028 5293 3686 5372">
    <p class='ocr_par' dir='ltr' id='par_1_109' title="bbox 2028 5293 3686 5372">
     <span class='ocr_line' id='line_1_110' title="bbox 2028 5293 3686 5372; baseline 0.001 -18"><span class='ocrx_word' id='word_1_786' title='bbox 2028 5301 2075 5336; x_wconf 83' lang='grc'>⁸⁷</span> <span class='ocrx_word' id='word_1_787' title='bbox 2103 5299 2193 5355; x_wconf 82' lang='grc' dir='ltr'><strong>καὶ</strong></span> <span class='ocrx_word' id='word_1_788' title='bbox 2245 5316 2362 5357; x_wconf 87' lang='lat' dir='ltr'><strong>om.</strong></span> <span class='ocrx_word' id='word_1_789' title='bbox 2414 5303 2480 5355; x_wconf 85' lang='grc' dir='ltr'>Α.</span> <span class='ocrx_word' id='word_1_790' title='bbox 2606 5299 2650 5335; x_wconf 78' lang='grc'><strong>⁸⁸</strong></span> <span class='ocrx_word' id='word_1_791' title='bbox 2682 5293 2817 5369; x_wconf 82' lang='grc' dir='ltr'>δᾷδα</span> <span class='ocrx_word' id='word_1_792' title='bbox 2859 5299 3164 5372; x_wconf 85' lang='grc' dir='ltr'>κινοῦντας]</span> <span class='ocrx_word' id='word_1_793' title='bbox 3215 5293 3580 5362; x_wconf 84' lang='grc' dir='ltr'>διακινοῦντας</span> <span class='ocrx_word' id='word_1_794' title='bbox 3624 5300 3686 5358; x_wconf 87' lang='lat' dir='ltr'><strong>C.</strong></span> 
     </span>
    </p>
   </div>
   <div class='ocr_carea' id='block_1_110' title="bbox 1873 5517 2097 5574">
    <p class='ocr_par' dir='ltr' id='par_1_110' title="bbox 1873 5517 2097 5574">
     <span class='ocr_line' id='line_1_111' title="bbox 1873 5517 2097 5574; baseline -0.004 -1"><span class='ocrx_word' id='word_1_795' title='bbox 1873 5517 2097 5574; x_wconf 73' lang='grc' dir='ltr'><strong>ΝΟΤΛΒ.</strong></span> 
     </span>
    </p>
   </div>
   <div class='ocr_carea' id='block_1_111' title="bbox 356 5636 1615 5714">
    <p class='ocr_par' dir='ltr' id='par_1_111' title="bbox 356 5636 1615 5714">
     <span class='ocr_line' id='line_1_112' title="bbox 356 5636 1615 5714; baseline 0 -21"><span class='ocrx_word' id='word_1_796' title='bbox 356 5637 470 5708; x_wconf 78' lang='grc'><strong>(43)</strong></span> <span class='ocrx_word' id='word_1_797' title='bbox 503 5638 682 5707; x_wconf 76' lang='lat' dir='ltr'><strong>Quam</strong></span> <span class='ocrx_word' id='word_1_798' title='bbox 701 5637 856 5710; x_wconf 66' lang='lat' dir='ltr'><strong>focus</strong></span> <span class='ocrx_word' id='word_1_799' title='bbox 885 5637 1249 5714; x_wconf 53' lang='lat' dir='ltr'><strong>circumvolet</strong></span> <span class='ocrx_word' id='word_1_800' title='bbox 1274 5654 1292 5692; x_wconf 92' lang='lat'><strong>:</strong></span> <span class='ocrx_word' id='word_1_801' title='bbox 1323 5645 1371 5694; x_wconf 78' lang='lat' dir='ltr'><strong>et</strong></span> <span class='ocrx_word' id='word_1_802' title='bbox 1396 5636 1615 5714; x_wconf 56' lang='grc' dir='ltr'><strong>φωρ.</strong></span> 
     </span>
    </p>
   </div>
   <div class='ocr_carea' id='block_1_112' title="bbox 1138 5652 1496 5781">
    <p class='ocr_par' dir='ltr' id='par_1_112' title="bbox 1138 5652 1496 5781">
     <span class='ocr_line' id='line_1_113' title="bbox 1138 5652 1496 5781; baseline -0.042 -1"><span class='ocrx_word' id='word_1_803' title='bbox 1138 5652 1371 5781; x_wconf 55' lang='lat' dir='ltr'><strong>tat-.2?</strong></span> <span class='ocrx_word' id='word_1_804' title='bbox 1396 5652 1496 5767; x_wconf 60' lang='lat' dir='ltr'><strong>illi</strong></span> 
     </span>
    </p>
   </div>
   <div class='ocr_carea' id='block_1_113' title="bbox 1529 5705 1946 5783">
    <p class='ocr_par' dir='ltr' id='par_1_113' title="bbox 1529 5705 1946 5783">
     <span class='ocr_line' id='line_1_114' title="bbox 1529 5705 1946 5783; baseline -0.002 -16"><span class='ocrx_word' id='word_1_805' title='bbox 1529 5723 1590 5775; x_wconf 78' lang='grc' dir='ltr'><strong>ιι,</strong></span> <span class='ocrx_word' id='word_1_806' title='bbox 1625 5711 1681 5766; x_wconf 86' lang='lat' dir='ltr'><strong>et</strong></span> <span class='ocrx_word' id='word_1_807' title='bbox 1712 5705 1946 5783; x_wconf 67' lang='lat' dir='ltr'><strong>bamb.)</strong></span> 
     </span>
    </p>
   </div>
   <div class='ocr_carea' id='block_1_114' title="bbox 2125 5634 3010 5778">
    <p class='ocr_par' dir='ltr' id='par_1_114' title="bbox 2125 5634 3010 5778">
     <span class='ocr_line' id='line_1_115' title="bbox 2125 5634 3010 5778; baseline -0.002 -85"><span class='ocrx_word' id='word_1_808' title='bbox 2269 5634 2562 5718; x_wconf 76' lang='lat' dir='ltr'><strong>Pindarus</strong></span> <span class='ocrx_word' id='word_1_809' title='bbox 2587 5634 2689 5694; x_wconf 79' lang='grc' dir='ltr'>σά.</span> <span class='ocrx_word' id='word_1_810' title='bbox 2725 5651 2765 5703; x_wconf 81' lang='grc' dir='ltr'><strong>ι,</strong></span> <span class='ocrx_word' id='word_1_811' title='bbox 2797 5634 3010 5720; x_wconf 74' lang='lat' dir='ltr'><strong>Qlymp.</strong></span> 
     </span>
     <span class='ocr_line' id='line_1_116' title="bbox 2128 5697 2893 5778; baseline -0.003 -12"><span class='ocrx_word' id='word_1_812' title='bbox 2128 5747 2141 5778; x_wconf 50' lang='grc' dir='ltr'>κ</span> <span class='ocrx_word' id='word_1_813' title='bbox 2272 5706 2502 5766; x_wconf 74' lang='lat' dir='ltr'><strong>Hesid‘d.</strong></span> <span class='ocrx_word' id='word_1_814' title='bbox 2537 5723 2594 5765; x_wconf 78' lang='lat' dir='ltr'><strong>in</strong></span> <span class='ocrx_word' id='word_1_815' title='bbox 2627 5697 2893 5777; x_wconf 59' lang='lat' dir='ltr'><strong>Thraciam</strong></span> 
     </span>
    </p>
   </div>
   <div class='ocr_carea' id='block_1_115' title="bbox 2128 5697 2893 5780">
    <p class='ocr_par' dir='ltr' id='par_1_115' title="bbox 2128 5697 2893 5780">
     <span class='ocr_line' id='line_1_117' title="bbox 2128 5697 2893 5780; baseline -0.003 -14"><span class='ocrx_word' id='word_1_816' title='bbox 2128 5697 2238 5780; x_wconf 61' lang='grc' dir='ltr'><strong>ζα)</strong></span> <span class='ocrx_word' id='word_1_817' title='bbox 2272 5706 2502 5766; x_wconf 74' lang='lat' dir='ltr'><strong>Hesi&#39;d‘d.</strong></span> <span class='ocrx_word' id='word_1_818' title='bbox 2537 5708 2594 5765; x_wconf 90' lang='lat' dir='ltr'><strong>in</strong></span> <span class='ocrx_word' id='word_1_819' title='bbox 2627 5697 2893 5777; x_wconf 61' lang='grc' dir='ltr'><strong>ΐῆϊάοίόκῖ</strong></span> 
     </span>
    </p>
   </div>
  </div>
