4066 6216
1658 82 1689 95 θ

215 278 377 342 13ὃ7

1212 284 1221 291 ‘
1298 269 1845 333 BIBLIOTHECA.
1902 299 1974 313 -—
2016 270 2194 331 COD.
2240 271 2544 333 CCXLIII.

3461 280 3619 349 1358

215 411 313 474 θὸς
347 410 443 482 μὲν
495 403 977 479 συμπαραστάτης,
1008 402 1057 459 ε“ί
1109 424 1215 459 που
1249 399 1361 459 δέοι
1409 407 1487 475 τῷ
1526 399 1860 476 καθηγεμόνι

2003 403 2235 475 ingunt,
2256 404 2521 462 fraudem
2544 405 2704 463 illius
2725 409 3151 479 aetatejuvenili
3166 412 3355 469 860a
3376 413 3624 470 demon-

214 496 692 569 συναγωνίζεσθαι,
750 493 945 555 ἀναθὸς
1002 490 1061 548 δὲ
1114 495 1203 548 καὶ
1248 493 1717 566 αύτοπροσώπως.
1778 498 1871 544 Δι-

210 586 383 649 καίως
445 583 548 661 ἄρα
605 585 657 638 οἱ
713 582 965 654 ποιηταὶ,
999 582 1087 638 καὶ
1147 584 1265 656 μετ’
1322 582 1496 637 αὐτῶν
1542 585 1767 656 γραφεῖς
1813 600 1871 633 τε

213 678 308 734 καὶ
366 675 627 743 πλάσται,
686 674 929 747 ’Ἑρωτος
995 675 1165 748 γῆρας
1234 670 1676 742 ἀποσυλήσαντες
1751 666 1870 723 νὲον

216 771 440 823 ποιοῦσι
471 766 561 819 τὸν
593 763 725 819 Θεὸν
754 765 947 818 τοῦτον
997 761 1085 817 καὶ
1117 755 1342 835 ἔφηϐον,
1373 760 1439 816 τὰ
1478 766 1578 829 τῆς
1625 756 1874 818 ἀπιστίας

218 855 386 911 αὐτοῦ
422 859 502 926 τῷ
560 856 734 928 νεαρῷ
764 854 808 890 ⁸⁵
862 857 961 920 τῆς
1010 849 1232 919 ἡλικίας
1292 848 1643 927 ἐμφαίνοντες
1689 848 1757 901 96.
1806 846 1874 899 Ὦ

220 949 480 1001 τοσοῦτον
535 940 765 1017 ἰσχύσας
794 946 912 1002 τοῖς
945 938 1158 1016 λόγοις,
1192 940 1316 993 ὅσον
1349 936 1438 992 καὶ
1467 938 1561 992 τὸν
1606 932 1875 991 Θετταλὸν

223 1034 407 1090 ἀκούω
456 1034 652 1089 Κινέαν
682 1031 750 1100 ⁸⁷,
800 1030 858 1090 ’ὸς
906 1030 999 1083 σὺν
1047 1027 1265 1103 βασιλεῖ
1310 1026 1511 1103 Πύρρῳ
1557 1032 1659 1101 γῆν
1709 1023 1876 1079 ἐπιὼν

226 1130 399 1179 πᾶσαν
430 1121 522 1177 καὶ
556 1118 827 1175 θάλασσαν
867 1118 976 1190 πρὸ
1007 1122 1114 1172 τῶν
1167 1116 1589 1196 μηχανημάτων
1619 1118 1736 1175 τοῖς
1780 1110 1875 1167 λόὲ

221 1235 344 1288 γοις
383 1213 477 1273 τὰς
508 1208 701 1273 πόλεις
739 1202 965 1263 ἔκλινεν.
999 1206 1076 1263 Ού
1126 1205 1228 1281 γὰρ
1269 1204 1430 1267 αὐτός
1461 1225 1522 1278 γε
1566 1203 1763 1258 τούτου
1794 1200 1879 1257 δι-

225 1301 519 1371 δάσκαλος,
554 1298 615 1354 ού
651 1298 726 1371 μὰ
753 1296 879 1359 τοὺς
902 1296 1218 1370 ὑμετίρους,
1251 1294 1297 1348 ὦ
1328 1293 1511 1367 λόγοι,
1540 1292 1773 1360 πόθους,
1807 1288 1877 1345 δι’

1979 495 2253 549 strantes.
2279 494 2323 550 Ο
2341 495 2440 566 qui
2468 499 2694 551 tantum
2719 496 2915 567 lingua
2935 499 3111 568 vales,
3136 507 3413 571 quantum
3436 502 3609 559 audio

1982 582 2218 638 Cineam
2247 583 2592 641 Thessalum
2624 586 2761 657 (48),
2787 588 2888 658 qui
2922 604 3055 643 cum
3087 605 3221 661 rege
3249 590 3466 662 Pyrrho
3496 609 3621 646 om-

1983 687 2117 726 nem
2154 680 2365 728 terram
2414 684 2473 729 et
2502 691 2660 731 mare
2707 692 2984 733 emensus
3015 693 3131 733 non
3178 679 3489 745 machinis,
3521 682 3622 735 sed

1982 761 2245 817 oratione
2272 762 2447 819 urbes
2479 763 2670 820 evicit.
2696 768 2818 821 Non
2852 765 3001 821 enim
3026 765 3125 822 ille
3145 765 3325 837 hujus
3347 766 3631 838 magister

1984 866 2085 921 per
2116 856 2366 918 vestros,
2391 868 2423 906 o
2458 868 2776 923 sermones,
2807 870 3059 922 amores,
3083 860 3323 927 propter
3352 872 3498 927 quos
3525 870 3627 926 ego

1981 938 2178 994 beatas
2212 945 2488 1026 paternas
2520 941 2802 1013 abjiciens
2833 945 3174 1015 opes,juxta
3204 952 3452 1001 secretas
3475 943 3631 1000 Ilissi

1983 1026 2143 1098 ripas
2191 1027 2467 1084 habitavi.
2522 1031 2853 1088 Alexander
2902 1032 3079 1088 totius
3125 1033 3324 1090 mundi
3374 1031 3627 1104 partium

1983 1116 2218 1186 tropmis
2243 1118 2480 1187 potitus.
2505 1119 2650 1176 Tum
2674 1120 2825 1177 enim
2853 1138 2881 1177 e
2901 1122 3145 1178 meridie
3168 1122 3410 1177 conﬂuit
3432 1125 3625 1188 restas,

1986 1220 2195 1262 aurora
2227 1207 2446 1279 mitigat
2497 1210 2703 1278 solem,
2735 1216 2791 1266 ct
2820 1211 3002 1268 elatos
3032 1212 3092 1267 in
3144 1228 3376 1283 proram
3422 1215 3634 1267 ﬂuctus

1987 1294 2194 1351 dividit
2223 1297 2500 1369 Zephyro.

223 1395 320 1456 οὓς
373 1392 478 1467 ἐγὼ
535 1389 795 1465 πατρικὸν
855 1383 1021 1444 ὄλϐον
1084 1385 1243 1463 ῥίψας
1300 1383 1601 1457 εὐδαίμονα
1648 1384 1774 1457 παρ’
1832 1381 2145 1439 Ἰλισσοῦθ8
2201 1394 2488 1459 μυστικαῖς
2544 1386 2739 1466 ὄχθαις
2795 1389 3126 1465 ἐσκήνημαι,
3189 1389 3537 1468 Ἀλέξανρδος
3607 1392 3636 1446 ὁ

217 1489 340 1545 τοῖς
385 1480 671 1557 τροπαίοις
700 1479 852 1554 ὅροις
903 1483 1002 1546 τῆς
1049 1476 1187 1545 ὅλης
1218 1478 1263 1513 ⁹⁹
1314 1475 1685 1550 χρησάμενος.
1729 1472 1811 1529 Τό
1859 1492 1918 1526 τε
1967 1473 2071 1549 γὰρ
2110 1482 2212 1545 τῆς
2263 1473 2613 1554 μεσημϐρίας
2663 1480 2892 1558 ὑποῤῥεῖ
2937 1483 3080 1552 ζέον,
3121 1479 3259 1557 αὔρα
3306 1504 3363 1539 τε
3410 1481 3639 1556 πραΰνει

220 1575 316 1629 τὸν
347 1572 530 1641 ἥλιον,
571 1570 663 1625 καὶ
702 1568 890 1644 σχίσαι
923 1568 1150 1644 Σεφύρῳ
1181 1564 1531 1642 πορφύροντα
1558 1563 1681 1638 περὶ
1711 1563 1813 1631 τὴν
1844 1566 2065 1639 πρῶραν
2089 1565 2157 1621 τὰ
2183 1568 2421 1640 κύματα.

221 1666 387 1740 [1121
428 1663 552 1749 _R.]
586 1662 882 1749 "’Exurﬁc
932 1656 1287 1749 ’np6qm'robnq
1358 1653 1609 1749 ἑταίρους
1684 1673 1873 1749 συντα-
1906 1660 1954 1724 Β

296 1725 671 1807 κτικῆς,”ὅτε
727 1725 870 1805 ἐξῂει
929 1725 1017 1785 tu“:
1079 1729 1361 1802 Κόρινθον.
1419 1725 1490 1770 -ὶ
1542 1727 1617 1782 Τὸ
1680 1725 1876 1801 προοί-

302 1828 452 1882 μιον.

303 1900 365 1955 Οἱ
413 1894 585 1953 πάλαι
631 1895 732 1964 τήν
785 1892 951 1968 λύραν
999 1892 1317 1965 κάμνοντες,
1368 1887 1421 1945 εἷ’
1465 1909 1602 1943 ποτε
1648 1893 1750 1963 γῆν
1793 1885 1876 1942 ἐπ’

228 1985 409 2057 ἄλλην
443 1982 719 2055 ἔσπευδον,
744 1982 844 2039 ούκ
872 1981 1143 2062 ἄφθογγον
1166 1981 1265 2050 τήν
1290 1976 1468 2050 ἀποδη
1480 1998 1605 2050 μιαν
1630 1975 1877 2046 ἐποίουν,

226 2076 359 2134 ἀλλ’
391 2073 511 2151 ᾠδῇ
550 2076 641 2130 καὶ
689 2072 842 2147 μέλει
875 2073 968 2128 τὸν
1018 2071 1187 2148 χορὸν
1230 2070 1323 2125 τὸν
1371 2069 1578 2124 ἑαυτῶν
1623 2066 1878 2138 ἀπησπά-

229 2172 409 2237 ζοντο.

434 2255 528 2310 Ἐκ
554 2256 663 2326 τῶν
695 2249 1034 2326 ὑπολοίπων,
1068 2246 1363 2326 διαφόρων·
1385 2243 1550 2302 ὄντων
1588 2244 1677 2302 καὶ

608 2321 899 2399 διαφόρους
932 2319 1182 2397 ἐχόντων’
1204 2319 1507 2381 ὑποθέσεις.

305 2419 423 2493 [601
460 2418 555 2490 Η.]
604 2413 707 2477 Τὰς
761 2413 1029 2489 βασιλέως
1076 2410 1249 2474 αύλάς
1295 2410 1386 2466 καὶ
1433 2415 1645 2485 χρυσῆν
1698 2407 1875 2483 τύχην

228 2506 560 2582 ὑπόπτερον.
605 2505 680 2560 Ού
725 2504 826 2580 γὰρ
860 2503 1133 2581 ἄφῃρὲθης
1173 2502 1272 2571 τήν
1320 2500 1526 2575 ἀρχὴν,
1565 2497 1693 2554 ἀλλ’
1742 2497 1879 2553 ἑκὼν

225 2596 485 2673 ἔρριψας,
518 2594 701 2669 ὥσπερ
730 2615 814 2656 τις
846 2593 1156 2669 ὑπερόπτης
1196 2591 1333 2647 κατὰ
1378 2586 1646 2645 παιδικῶν
1679 2588 1699 2623 ⁵
1748 2607 1876 2662 τρυ-

234 2694 410 2768 φῆσαι
450 2683 789 2762 βουλόμενος
810 2684 912 2751 τὴν
952 2688 1161 2759 χρυσῆν
1194 2679 1377 2755 κόμην
1419 2675 1592 2755 ῥόδων
1635 2676 1880 2755 στεφάνῳ

230 2766 613 2855 πορφύροντιί
656 2771 831 2830 Ἀλλά
873 2772 957 2834 τίς
1006 2772 1212 2826 τούτων
1243 2772 1280 2841 ἡ
1332 2767 1535 2848 χάρίς;
1585 2767 1741 2842 Φυγὴ
1789 2766 1879 2820 καὶ

234 2867 482 2944 δρασμὸς
513 2866 606 2921 καὶ
651 2862 922 2935 τοσαύτης
955 2861 1143 2941 φιλίας
1191 2857 1437 2934 ἄρνησις.
1473 2856 1731 2929 Ἐνίκησα
1787 2856 1881 2931 μὲν

2084 1659 2167 1714 Ea:
2195 1664 2445 1720 oratione
2470 1663 2543 1721 ad
2567 1665 2750 1791 Segius
2776 1665 2907 1751 dum
2939 1667 3045 1722 iret
3084 1667 3435 1725 Corinthum.
3466 1698 3537 1711 —-

2682 1754 2983 1791 rowmmm.

2682 1754 2983 1795 rowmtum.

2060 1895 2296 1953 Veteres
2319 1897 2503 1971 lyram
2527 1900 2959 1970 fabricantes,si
2981 1904 3212 1974 quando
3236 1902 3295 1959 in
3318 1903 3492 1959 aliam
3514 1908 3634 1959 tera

1988 2001 2114 2041 ram
2147 1994 2549 2060 properarent,
2583 1991 3114 2063 peregrinationem
3165 2009 3281 2048 non
3326 1996 3632 2048 vacantem

1987 2075 2206 2133 Musica
2253 2077 2565 2149 faciebant,
2595 2097 2698 2138 seu
2748 2086 2946 2153 cantu,
2978 2087 3036 2138 et
3084 2083 3342 2139 carmine
3385 2081 3633 2139 chorum

1988 2182 2163 2222 suum
2196 2167 2583 2225 retinuerunt.

1986 2259 2072 2313 Ea:
2117 2259 2458 2316 orationibus
2504 2260 2735 2334 reliquis
2781 2261 3013 2317 diversis
3067 2260 3408 2319 diversorum
3454 2275 3637 2329 argu-

2642 2342 2981 2389 mentorum.

2058 2418 2102 2475 Ο
2126 2418 2320 2476 aulam
2346 2419 2588 2493 regiam,
2605 2426 2662 2477 et
2684 2422 2979 2478 fortunam
3005 2423 3131 2478 auri
3156 2421 3371 2478 alatam
3397 2422 3410 2475 !
3433 2420 3559 2475 Non
3581 2419 3633 2474 vi

1987 2523 2017 2564 e
2047 2525 2225 2582 regno
2256 2510 2479 2583 eiectus
2500 2526 2581 2581 es,
2607 2511 2707 2567 sed
2740 2509 2987 2566 libenter
3008 2509 3296 2579 excidisti,
3322 2526 3437 2565 non
3462 2524 3634 2564 secus

1988 2615 2160 2671 quam
2175 2598 2218 2653 si
2232 2599 2522 2672 superbus
2535 2600 2671 2671 quis
2689 2600 2743 2655 in
2762 2598 3085 2670 puerilibus
3100 2598 3457 2670 voluptatem
3475 2614 3639 2670 cape-

1988 2702 2047 2744 re
2061 2689 2707 2745 contenderet.Auream
2723 2688 3014 2745 caesariem
3034 2688 3379 2760 permutasti
3394 2688 3634 2743 rubente

1989 2794 2200 2833 corona
2228 2795 2516 2834 rosarum.
2541 2778 2650 2834 Sed
2686 2795 2949 2850 quaenam
2976 2778 3180 2834 horum
3204 2779 3390 2850 gratia
3424 2792 3630 2848 repen-

1989 2867 2147 2924 ditur
2169 2869 2303 2940 fuga
2332 2871 2389 2923 et
2410 2884 2645 2936 cursus,
2667 2874 2725 2923 et
2744 2873 2923 2924 tantis
2953 2866 3220 2922 amicitiae
3253 2864 3632 2922 renuntiatio.

236 2958 349 3015 ὑπὸ
387 2956 475 3012 σοὶ
520 2958 681 3032 κριτῇ
732 2954 865 3009 κατά
913 2954 1012 3024 τὴν
1043 2953 1257 3027 θερινὴν
1306 2950 1448 3027 ὥραν
1499 2949 1590 3003 τὸν
1636 2946 1881 3021 τέττιγα,

2003 2955 2138 3026 Vici,
2170 2962 2226 3013 te
2264 2955 2484 3028 judice,
2516 2955 2727 3012 aestatis
2766 2959 3028 3027 tempore
3058 2955 3341 3021 cicadam,
3376 2953 3636 3008 minatus

232 3046 518 3120 ἠπείλησα
550 3043 607 3101 δὲ
652 3045 741 3100 καὶ
793 3048 913 3105 ταῖς
943 3038 1138 3115 ἀηδόσι
1186 3046 1303 3105 ταῖς
1332 3042 1631 3110 Ἀττικαῖς,
1666 3033 1713 3091 εἴ
1750 3030 1883 3091 ποτὲ

236 3159 337 3213 μοι
384 3138 473 3192 καὶ
514 3134 757 3193 Ἀττικὸν
799 3133 998 3205 πήξαιο
1052 3129 1296 3206 θέατρον,
1353 3131 1519 3204 μῦθον
1570 3122 1745 3187 ὅντως
1790 3122 1885 3185 τὰς

230 3227 453 3285 ἐκείνων
502 3224 750 3301 γλώττας
794 3228 913 3285 ταῖς
946 3220 1031 3277 ἐπὶ
1076 3220 1160 3275 σοὶ
1208 3225 1411 3297 φωναῖς
1457 3216 1883 3293 ἀπεργάσασθαι.

230 3323 303 3373 Ὠ
360 3316 451 3372 καὶ
506 3320 604 3370 τοῦ
636 3316 657 3351 ³
714 3317 915 3369 σαυτοῦ
973 3309 1163 3382 γένους
1223 3308 1380 3383 ὅμμα
1429 3306 1749 3382 φανότατον,
1795 3301 1886 3358 καὶ

235 3405 438 3464 ταυτὸν
468 3405 548 3479 τῷ
578 3405 720 3481 γένει
769 3402 1085 3479 γενόμενος,
1125 3398 1258 3474 ὅπερ
1297 3397 1387 3453 καὶ
1420 3396 1504 3452 σοὶ
1553 3393 1827 3455 πολλάκις
1859 3392 1887 3446 6

236 3499 539 3575 προπάτωρ
571 3494 753 3566 ἥλιος.
803 3499 911 3563 Τῆς
953 3493 1058 3569 γὰρ
1110 3486 1406 3564 συνωρίδος
1442 3486 1642 3557 ταύτῆς
1677 3483 1743 3555 δὴ
1787 3491 1889 3554 τῆς

235 3573 420 3657 καλῆς
462 3587 490 3641 6
524 3585 620 3660 μὲν
648 3583 1039 3658 καταυγάζοντι
1070 3578 1197 3640 τοὺς
1235 3576 1510 3654 μεγάλοος
1559 3573 1782 3648 θρόνους
1817 3573 1889 3633 ὥς

239 3698 330 3740 τις
361 3678 636 3752 ἑωσφόρος
688 3669 1007 3746 συνανὲσχεν
1052 3668 1293 3743 ὄρθριος,
1327 3671 1445 3727 ταῖς
1490 3664 1656 3719 αὐτοῦ
1699 3660 1893 3737 βολαῖς

242 3770 344 3830 τὰς
403 3749 496 3829 σάς
542 3763 760 3825 ἀκτῖνας
815 3758 1160 3835 μιμούμενος
1195 3775 1209 3790 ⁸
1259 3757 1287 3811 6
1341 3753 1397 3809 δὲ
1443 3757 1543 3819 τῆς
1599 3756 1707 3807 τῶν
1762 3749 1895 3804 νὲων

247 3855 459 3934 ἀγέλης
514 3852 810 3926 ἐκλάμπων
864 3850 1106 3925 καθάπερ
1163 3867 1248 3910 τις
1311 3848 1509 3919 ταῦρος
1575 3839 1895 3934 ἀγελᾶρχης

252 3929 562 4024 ἀγέρωχος,
593 3940 878 4017 ἐσκίρτησε
925 3940 1020 4013 μὲν
1052 3935 1189 3993 κατὰ
1233 3934 1361 3996 τοὺς
1413 3935 1642 3989 Μουσῶν
1695 3929 1900 4003 λειμῶ-

253 4019 352 4097 νας
378 4019 559 4108 ὥσπερ
588 4052 671 4094 τις
702 4027 891 4091 πῶλος
924 4027 1180 4104 ὑψαύχην
1211 4024 1302 4081 καὶ
1341 4022 1543 4090 ἔνθεος,
1584 4019 1896 4094 ἐμιμήσατο

255 4124 317 4182 δὶ
347 4124 435 4179 καὶ
484 4122 575 4178 τὸν
605 4119 904 4195 Ὁμηρικὸν
936 4117 1210 4174 νεανίσκον
1254 4114 1347 4170 τὸν
1382 4107 1620 4181 Θέτιδος,
1652 4109 1740 4165 καὶ
1795 4107 1898 4182 μύ-

255 4218 366 4272 θων
413 4210 591 4290 ῥητῆρ
632 4208 834 4286 ἀγαθὸς
873 4206 962 4262 καὶ
1010 4206 1267 4282 πρηκτήρ
1297 4204 1320 4240 ³
1367 4200 1542 4278 ἔργων
1585 4198 1898 4290 γενόμενος.

1995 3045 2173 3103 etiam
2197 3063 2328 3102 sum
2354 3045 2690 3117 philomelis
2711 3045 2936 3113 Atticis,
2961 3044 3006 3101 si
3039 3045 3271 3117 quando
3295 3041 3441 3098 mihi
3461 3042 3639 3097 etiam

1996 3135 2258 3192 Atticum
2291 3136 2585 3192 theatrum
2625 3134 2923 3203 statueris,
2952 3150 3041 3190 me
3086 3133 3323 3190 omnino
3362 3131 3471 3187 hac
3502 3142 3640 3184 voce

1996 3226 2342 3282 effecturum
2374 3241 2551 3297 penes
2582 3230 2659 3295 te,
2682 3229 2745 3281 ut
2765 3241 2968 3281 eorum
2987 3223 3201 3295 lingua:
3223 3222 3410 3278 instar
3431 3216 3644 3276 fabulae

1997 3314 2138 3371 sint.
2171 3314 2214 3371 Ο
2263 3313 2347 3370 tui
2398 3313 2730 3372 stemmatis
2760 3313 2961 3370 lumen
3007 3312 3427 3379 clarissimum,
3466 3308 3643 3381 idque

1998 3421 2152 3476 saepe
2174 3404 2368 3477 generi
2393 3408 2495 3460 tuo
2517 3403 2980 3475 exstitisti,quod
3002 3404 3218 3476 saepius
3242 3418 3387 3457 avus
3407 3398 3515 3454 tibi
3536 3397 3642 3453 sol.

1998 3496 2225 3550 Etenim
2259 3511 2326 3550 ex
2357 3494 2465 3550 hac
2503 3493 2751 3567 pulchra
2798 3492 3232 3561 coniunctione,
3266 3490 3358 3544 hic
3408 3487 3645 3560 quidem

2002 3582 2238 3639 altiores
2261 3585 2429 3639 sedes
2446 3582 2788 3649 illustranti,
2804 3581 2965 3653 quasi
2989 3579 3305 3636 matutinus
3320 3575 3535 3646 aliquis
3553 3574 3648 3627 lu—

2004 3672 2142 3729 cifer
2162 3671 2544 3737 consurrexit,
2569 3671 2691 3726 suis
2721 3666 3260 3742 repercussionibus
3291 3664 3488 3719 radios
3510 3677 3648 3716 suos

2004 3761 2407 3817 imitatus.llle
2429 3761 2851 3830 verojuvenum
2877 3760 3088 3813 coetum
3112 3754 3651 3817 illustrans,uttau—

2007 3866 2109 3905 rus
2141 3848 2359 3921 aliquis
2407 3849 2636 3918 ductor,
2670 3846 2922 3902 armenti
2973 3838 3543 3916 petulcus,1asciviit
3590 3838 3651 3893 in

2009 3938 2311 3995 Musarum
2338 3938 2539 4009 pratis,
2556 3943 2615 3992 ut
2639 3934 2836 4008 pullus
2858 3934 3172 3997 lunaticus,
3192 3936 3250 3986 et
3271 3928 3515 3985 numine
3536 3927 3653 3998 ple-

2010 4046 2145 4100 nus,
2196 4032 2252 4085 et
2283 4027 2653 4083 Homericum
2694 4025 2967 4097 juvenem
3018 4020 3282 4079 Thetidis
3330 4015 3655 4092 (Achilles)

2012 4119 2221 4187 ﬁlium,
2245 4122 2301 4175 et
2331 4118 2450 4173 haec
2486 4117 2680 4184 verba,
2718 4117 2899 4171 Bonus
2927 4116 3113 4171 orator
3151 4119 3408 4181 actorque
3447 4119 3657 4169 rerum,

2014 4210 2275 4266 imitatus
2306 4211 2413 4263 est.
2439 4206 2499 4263 Si
2531 4207 2601 4263 ad
2624 4222 2719 4262 me
2741 4212 3041 4277 poetarum
3064 4199 3301 4257 licentia
3323 4195 3658 4269 pertineret,

257 4304 325 4361 Εἰ
362 4280 424 4358 δὲ·
451 4280 794 4376 μοικαὶ-τῆς
841 4280 1087 4368 ποιητῶν
1120 4293 1363 4366 ἐξουσίας
1398 4297 1588 4376 μετῆν,
1619 4285 1791 4359 ἕδιεξα
1843 4283 1887 4342 δίη

2011 4297 2395 4357 ostendissem
2410 4294 2516 4352 tibi
2528 4299 2585 4352 et
2601 4294 2836 4351 Ilissum
2852 4293 3009 4350 hunc
3025 4280 3658 4363 lacrymantem,369b

261 4414 351 4449 σοι
381 4374 473 4447 καῖ
502 4389 736 4449 Ἰλισσὸν
782 4391 973 4443 τοῦτον
1026 4383 1350 4460 δακρύοντα,
1383 4375 1605 4456 ἔχρωσα
1635 4375 1681 4433 δ’
1727 4376 1784 4431 ἃν
1814 4374 1905 4431 καὶ

258 4485 497 4558 κατηφεῖ
525 4478 786 4555 χρώματι
814 4475 882 4531 τὰ
909 4471 1052 4530 καλὰ
1084 4469 1436 4549 Καλλιρρόης
1474 4470 1712 4558 νάματα.
1755 4463 1908 4539 Πέμ-

261 4592 361 4628 ποι
393 4556 490 4644 μὲν
541 4588 598 4624 σε
639 4567 747 4622 Πὰν
794 4562 1022 4633 ἐνόδιος,
1054 4566 1333 4637 πομπαῖον
1380 4560 1467 4615 καὶ¹
1511 4556 1687 4634 γλυκὺ
1734 4574 1915 4630 προσ-

264 4665 424 4738 ηχῶν
465 4656 633 4734 μέλος
662 4660 731 4732 τῇ
763 4655 984 4734 σύριγγι
1018 4674 1033 4691 ·
1064 4649 1364 4730 ’Δφροδίτη
1408 4647 1467 4704 δὲ
1495 4647 1585 4703 καὶ
1616 4648 1668 4702 οἱ
1708 4644 1911 4715 ταύτης

263 4748 458 4812 παῖδες
496 4749 763 4823 Ἔρωτες,
806 4746 980 4801 πόθου
1010 4748 1255 4819 κρατῆρα
1300 4739 1639 4817 κεράσαντες,
1672 4739 1768 4791 σοῦ
1813 4740 1914 4805 τῆς

268 4837 404 4899 ὁδοῦ
435 4834 903 4915 προπομπεύοιεν.

444 4925 919 5006 Προπεμπτηρίου
952 4919 1140 4999 λόγου.
1173 4954 1245 4967 —
1273 4920 1343 4977 T6
1368 4917 1674 4996 Προοίμιον
1706 4918 1748 4976 ⁸.

346 5022 405 5076 Ὃ
433 5003 530 5075 τοῧ
561 5019 685 5080 Διὸς
721 5021 847 5077 παῖς
894 5010 1251 5087 Ἀλέξανδρος
1289 5010 1567 5083 (συνάπτει
1618 5007 1721 5083 γὰρ
1762 5003 1920 5059 αὐτὸν

271 5111 492 5187 ούρανῷ
520 5109 612 5164 καὶ
642 5106 727 5162 Διὶ
758 5106 820 5163 τὸ
841 5103 984 5161 πολὺ
1011 5100 1174 5166 κλέος
1203 5101 1321 5157 καθ’
1344 5097 1650 5170 Ἕλληνας)
1677 5093 1759 5150 ὅτι
1781 5092 1924 5164 πλη·

2019 4388 2413 4462 depinxissem
2446 4385 2598 4441 tristi
2628 4384 2818 4442 colore
2848 4381 3154 4456 pulchram
3177 4375 3528 4435 Callirrhoes
3546 4388 3658 4428 un-

2020 4479 2178 4536 dam.
2209 4475 2477 4534 Trtvialis
2506 4476 2623 4532 Pan
2654 4478 2712 4531 te
2741 4476 3102 4530 evocatorem
3125 4462 3663 4534 animarum,dulce

2020 4566 2221 4625 ﬁstula
2242 4583 2474 4624 carmen
2508 4580 2829 4637 personans
2860 4562 3188 4618 deduceret.
3210 4556 3407 4612 Venus
3438 4552 3667 4618 vero,et

2023 4656 2203 4728 hujus
2224 4655 2328 4714 filii
2351 4649 2967 4728 Cupidines,desiderii
2987 4649 3089 4705 tibi
3115 4647 3426 4703 miscentes
3440 4645 3667 4715 potum,

2024 4744 2180 4803 viam
2212 4748 2373 4803 tuam
2407 4742 2724 4801 honoriﬁce
2754 4740 3197 4799 comitarentur.

2279 4908 2364 4966 Ea:
2387 4904 2640 4964 oratione
2666 4903 3043 4978 propemptica
3069 4898 3427 4955 Procemium.

2102 4997 2424 5056 Alexander
2446 4994 2605 5051 ﬁlius
2625 4993 2784 5050 Jovis
2807 4992 3132 5065 (comparat
3160 4987 3315 5045 enim
3346 4984 3511 5041 illum
3536 4980 3678 5037 ccelo

2034 5094 2089 5149 et
2110 5090 2238 5148 Jovi
2258 5103 2456 5146 rerum
2495 5090 2785 5158 gestarum
2824 5089 3026 5140 contra
3046 5081 3274 5138 Graecos
3297 5073 3524 5149 gloria),
3544 5086 3679 5127 cum

1633 5224 1718 5282 VA
1728 5222 1868 5280 ΒΙᾸΞ
1906 5216 2324 5278 LECTIONES.

346 5360 398 5399 9⁵
424 5358 493 5432 τὰ
519 5354 686 5432 νεαρὰ
715 5358 803 5432 C._
855 5351 1206 5432 κ-φαίνοντες
1238 5349 1423 5432 ῼ.-⁸’²
1453 5345 1588 5432 ψπὶ
1616 5340 1861 5432 κινγὲαγί-
1926 5339 1980 5432 9"
2003 5305 2182 5432 ίλισοξ
2208 5340 2277 5392 Α.
2353 5334 2399 5371 ⁸⁸
2432 5329 2704 5432 cies);qu
2734 5329 2799 5432 Ιξ,
2829 5330 2947 5390 τοῖς
2979 5323 3125 5383 ὅλων
3176 5324 3218 5381 C
3252 5339 3269 5380 :
3294 5325 3412 5383 τοῖς
3442 5315 3579 5391 ὅλης
3602 5316 3688 5393 ς’.

281 5437 301 5474 1
337 5413 478 5489 κατά
507 5413 707 5485 τῶν’π.
903 5413 1052 5479 ²”τοῦ
1082 5426 1129 5480 Α
1161 5439 1176 5479 :
1208 5422 1273 5475 τὸ
1304 5420 1393 5495 ς’.
1469 5422 1490 5456 ³
1519 5416 1766 5491 πρακτήρ

1959 5411 1981 5446 ⁴
2011 5406 2301 5484 προοίμιον
2330 5400 2499 5481 προπ.
2535 5400 2707 5479 λόγου
2735 5404 2802 5459 Α.

1881 5526 2115 5585 NOT/E.

354 5658 479 5731 (48)
514 5655 722 5713 Cineas
751 5648 1096 5720 Thessalus,
1125 5642 1542 5705 Demosthenis
1572 5639 1824 5698 auditor.
1856 5632 2157 5693 Plutarch.
2190 5632 2250 5689 in
2279 5629 2514 5704 Pyrrho.
