  <div class='ocr_page' id='page_1' title='image "/cluster/home/n/w/nwhite01/storage/ocr_20150623/103/hvd.32044054112495/700.png"; bbox 0 0 4066 6216; ppageno 0'>
   <div class='ocr_carea' id='block_1_1' title="bbox 260 373 409 436">
    <p class='ocr_par' dir='ltr' id='par_1_1' title="bbox 260 373 409 436">
     <span class='ocr_line' id='line_1_1' title="bbox 260 373 409 436; baseline 0.007 -1"><span class='ocrx_word' id='word_1_1' title='bbox 260 373 409 436; x_wconf 80' lang='grc'><strong>1361</strong></span> 
     </span>
    </p>
   </div>
   <div class='ocr_carea' id='block_1_2' title="bbox 255 501 1546 580">
    <p class='ocr_par' dir='ltr' id='par_1_2' title="bbox 255 501 1546 580">
     <span class='ocr_line' id='line_1_2' title="bbox 255 501 1546 580; baseline 0.003 -20"><span class='ocrx_word' id='word_1_2' title='bbox 255 501 430 568; x_wconf 77' lang='grc' dir='ltr'>ὅντως</span> <span class='ocrx_word' id='word_1_3' title='bbox 487 502 748 576; x_wconf 72' lang='grc' dir='ltr'>ἀδικήσας</span> <span class='ocrx_word' id='word_1_4' title='bbox 828 505 1176 580; x_wconf 75' lang='grc' dir='ltr'>αἷςθάνομαι,</span> <span class='ocrx_word' id='word_1_5' title='bbox 1235 507 1363 571; x_wconf 69' lang='grc' dir='ltr'>τοὺς</span> <span class='ocrx_word' id='word_1_6' title='bbox 1423 509 1546 572; x_wconf 73' lang='grc' dir='ltr'>σοὺς</span> 
     </span>
    </p>
   </div>
   <div class='ocr_carea' id='block_1_3' title="bbox 255 593 1902 674">
    <p class='ocr_par' dir='ltr' id='par_1_3' title="bbox 255 593 1902 674">
     <span class='ocr_line' id='line_1_3' title="bbox 255 593 1902 674; baseline 0.003 -24"><span class='ocrx_word' id='word_1_7' title='bbox 255 593 486 669; x_wconf 79' lang='grc' dir='ltr'>ἔρωτας,</span> <span class='ocrx_word' id='word_1_8' title='bbox 545 595 743 670; x_wconf 79' lang='grc' dir='ltr'>ἐραστῇ</span> <span class='ocrx_word' id='word_1_9' title='bbox 804 593 978 650; x_wconf 85' lang='grc' dir='ltr'>θέλων</span> <span class='ocrx_word' id='word_1_10' title='bbox 1043 595 1254 670; x_wconf 80' lang='grc' dir='ltr'>ἀπίστῳ</span> <span class='ocrx_word' id='word_1_11' title='bbox 1321 600 1493 654; x_wconf 87' lang='grc' dir='ltr'>πάντα</span> <span class='ocrx_word' id='word_1_12' title='bbox 1551 599 1902 674; x_wconf 83' lang='grc' dir='ltr'>χαρίσασθαι.</span> 
     </span>
    </p>
   </div>
   <div class='ocr_carea' id='block_1_4' title="bbox 257 681 1904 762">
    <p class='ocr_par' dir='ltr' id='par_1_4' title="bbox 257 681 1904 762">
     <span class='ocr_line' id='line_1_4' title="bbox 257 681 1904 762; baseline 0.002 -23"><span class='ocrx_word' id='word_1_13' title='bbox 257 681 434 739; x_wconf 72' lang='grc' dir='ltr'>Ἀλλά</span> <span class='ocrx_word' id='word_1_14' title='bbox 475 689 676 758; x_wconf 75' lang='grc' dir='ltr'>μικροῦ</span> <span class='ocrx_word' id='word_1_15' title='bbox 707 687 786 756; x_wconf 80' lang='grc' dir='ltr'>τῷ</span> <span class='ocrx_word' id='word_1_16' title='bbox 819 686 975 758; x_wconf 85' lang='grc' dir='ltr'>νόμῳ</span> <span class='ocrx_word' id='word_1_17' title='bbox 1003 690 1081 757; x_wconf 80' lang='grc' dir='ltr'>τῷ</span> <span class='ocrx_word' id='word_1_18' title='bbox 1108 688 1234 762; x_wconf 84' lang='grc' dir='ltr'>περί</span> <span class='ocrx_word' id='word_1_19' title='bbox 1261 687 1468 742; x_wconf 89' lang='grc' dir='ltr'>τούτων</span> <span class='ocrx_word' id='word_1_20' title='bbox 1499 689 1783 761; x_wconf 72' lang='grc' dir='ltr'>ἑπόμενος,</span> <span class='ocrx_word' id='word_1_21' title='bbox 1829 687 1904 750; x_wconf 66' lang='grc' dir='ltr'>εἲς</span> 
     </span>
    </p>
   </div>
   <div class='ocr_carea' id='block_1_5' title="bbox 257 771 1912 850">
    <p class='ocr_par' dir='ltr' id='par_1_5' title="bbox 257 771 1912 850">
     <span class='ocr_line' id='line_1_5' title="bbox 257 771 1912 850; baseline 0.002 -22"><span class='ocrx_word' id='word_1_22' title='bbox 257 773 523 846; x_wconf 78' lang='grc' dir='ltr'>ἀκοσμίαν</span> <span class='ocrx_word' id='word_1_23' title='bbox 580 775 672 828; x_wconf 85' lang='grc' dir='ltr'>τὸν</span> <span class='ocrx_word' id='word_1_24' title='bbox 729 771 898 848; x_wconf 87' lang='grc' dir='ltr'>λόγον</span> <span class='ocrx_word' id='word_1_25' title='bbox 955 771 1172 849; x_wconf 76' lang='grc' dir='ltr'>ἔτρεψα,</span> <span class='ocrx_word' id='word_1_26' title='bbox 1217 778 1396 832; x_wconf 87' lang='grc' dir='ltr'>καίτοι</span> <span class='ocrx_word' id='word_1_27' title='bbox 1457 797 1550 850; x_wconf 86' lang='grc' dir='ltr'>μοι</span> <span class='ocrx_word' id='word_1_28' title='bbox 1607 783 1716 832; x_wconf 82' lang='grc' dir='ltr'>τῶν</span> <span class='ocrx_word' id='word_1_29' title='bbox 1777 781 1912 832; x_wconf 83' lang='grc' dir='ltr'>θεῶν</span> 
     </span>
    </p>
   </div>
   <div class='ocr_carea' id='block_1_6' title="bbox 255 862 1906 942">
    <p class='ocr_par' dir='ltr' id='par_1_6' title="bbox 255 862 1906 942">
     <span class='ocr_line' id='line_1_6' title="bbox 255 862 1906 942; baseline 0.002 -26"><span class='ocrx_word' id='word_1_30' title='bbox 255 862 615 936; x_wconf 85' lang='grc' dir='ltr'>πληρούντων</span> <span class='ocrx_word' id='word_1_31' title='bbox 657 863 748 918; x_wconf 85' lang='grc' dir='ltr'>τὸν</span> <span class='ocrx_word' id='word_1_32' title='bbox 797 865 968 919; x_wconf 89' lang='grc' dir='ltr'>πόθον</span> <span class='ocrx_word' id='word_1_33' title='bbox 1003 881 1020 897; x_wconf 84' lang='lat'>&#39;</span> <span class='ocrx_word' id='word_1_34' title='bbox 1067 864 1234 920; x_wconf 80' lang='grc' dir='ltr'>πάλιν</span> <span class='ocrx_word' id='word_1_35' title='bbox 1285 867 1392 941; x_wconf 71' lang='grc' dir='ltr'>γὰρ</span> <span class='ocrx_word' id='word_1_36' title='bbox 1431 874 1702 942; x_wconf 79' lang='grc' dir='ltr'>σκῆπτρα,</span> <span class='ocrx_word' id='word_1_37' title='bbox 1743 866 1906 922; x_wconf 85' lang='grc' dir='ltr'>πάλιν</span> 
     </span>
    </p>
   </div>
   <div class='ocr_carea' id='block_1_7' title="bbox 251 949 1906 1033">
    <p class='ocr_par' dir='ltr' id='par_1_7' title="bbox 251 949 1906 1033">
     <span class='ocr_line' id='line_1_7' title="bbox 251 949 1906 1033; baseline 0.002 -27"><span class='ocrx_word' id='word_1_38' title='bbox 251 959 350 1020; x_wconf 72' lang='grc' dir='ltr'>τῆς</span> <span class='ocrx_word' id='word_1_39' title='bbox 395 949 550 1022; x_wconf 84' lang='grc' dir='ltr'>δίκης</span> <span class='ocrx_word' id='word_1_40' title='bbox 581 954 632 1008; x_wconf 74' lang='grc' dir='ltr'>οἱ</span> <span class='ocrx_word' id='word_1_41' title='bbox 669 952 874 1026; x_wconf 87' lang='grc' dir='ltr'>θρόνοι.</span> <span class='ocrx_word' id='word_1_42' title='bbox 913 958 1120 1010; x_wconf 76' lang='grc' dir='ltr'>Τοῦτον</span> <span class='ocrx_word' id='word_1_43' title='bbox 1153 956 1358 1033; x_wconf 67' lang='grc' dir='ltr'>Ἐνρύρα</span> <span class='ocrx_word' id='word_1_44' title='bbox 1394 957 1487 1028; x_wconf 73' lang='grc' dir='ltr'>μέν</span> <span class='ocrx_word' id='word_1_45' title='bbox 1521 955 1906 1030; x_wconf 75' lang='grc' dir='ltr'>ἤνεγκε,πόλις</span> 
     </span>
    </p>
   </div>
   <div class='ocr_carea' id='block_1_8' title="bbox 255 1040 1906 1120">
    <p class='ocr_par' dir='ltr' id='par_1_8' title="bbox 255 1040 1906 1120">
     <span class='ocr_line' id='line_1_8' title="bbox 255 1040 1906 1120; baseline 0.003 -26"><span class='ocrx_word' id='word_1_46' title='bbox 255 1040 316 1096; x_wconf 80' lang='grc' dir='ltr'>οὐ</span> <span class='ocrx_word' id='word_1_47' title='bbox 353 1041 514 1113; x_wconf 83' lang='grc' dir='ltr'>μόνον</span> <span class='ocrx_word' id='word_1_48' title='bbox 538 1040 1011 1116; x_wconf 86' lang='grc' dir='ltr'>καλλωπιζομένη</span> <span class='ocrx_word' id='word_1_49' title='bbox 1041 1045 1234 1116; x_wconf 78' lang='grc' dir='ltr'>μύθοις</span> <span class='ocrx_word' id='word_1_50' title='bbox 1265 1045 1400 1120; x_wconf 85' lang='grc' dir='ltr'>πρὸς</span> <span class='ocrx_word' id='word_1_51' title='bbox 1429 1045 1490 1100; x_wconf 90' lang='grc' dir='ltr'>τὸ</span> <span class='ocrx_word' id='word_1_52' title='bbox 1519 1043 1906 1117; x_wconf 82' lang='grc' dir='ltr'>θαυμάζεσθαι,</span> 
     </span>
    </p>
   </div>
   <div class='ocr_carea' id='block_1_9' title="bbox 259 1127 1904 1208">
    <p class='ocr_par' dir='ltr' id='par_1_9' title="bbox 259 1127 1904 1208">
     <span class='ocr_line' id='line_1_9' title="bbox 259 1127 1904 1208; baseline 0.002 -24"><span class='ocrx_word' id='word_1_53' title='bbox 259 1132 346 1184; x_wconf 83' lang='grc' dir='ltr'>οἷα</span> <span class='ocrx_word' id='word_1_54' title='bbox 375 1135 481 1185; x_wconf 80' lang='grc' dir='ltr'>τῶν</span> <span class='ocrx_word' id='word_1_55' title='bbox 517 1127 860 1200; x_wconf 78' lang='grc' dir='ltr'>Ἐλληνίδων</span> <span class='ocrx_word' id='word_1_56' title='bbox 893 1133 948 1187; x_wconf 76' lang='grc' dir='ltr'>αἱ</span> <span class='ocrx_word' id='word_1_57' title='bbox 978 1131 1254 1204; x_wconf 88' lang='grc' dir='ltr'>πλείονες,</span> <span class='ocrx_word' id='word_1_58' title='bbox 1286 1131 1412 1188; x_wconf 86' lang='grc' dir='ltr'>ἀλλ’</span> <span class='ocrx_word' id='word_1_59' title='bbox 1445 1132 1713 1208; x_wconf 59' lang='grc' dir='ltr'>ὀφθαλμῳ</span> <span class='ocrx_word' id='word_1_60' title='bbox 1742 1133 1904 1206; x_wconf 84' lang='grc' dir='ltr'>κρίτῇ</span> 
     </span>
    </p>
   </div>
   <div class='ocr_carea' id='block_1_10' title="bbox 255 1216 1904 1296">
    <p class='ocr_par' dir='ltr' id='par_1_10' title="bbox 255 1216 1904 1296">
     <span class='ocr_line' id='line_1_10' title="bbox 255 1216 1904 1296; baseline 0.001 -22"><span class='ocrx_word' id='word_1_61' title='bbox 255 1221 355 1288; x_wconf 70' lang='grc' dir='ltr'>τὴν</span> <span class='ocrx_word' id='word_1_62' title='bbox 391 1217 740 1291; x_wconf 69' lang='grc' dir='ltr'>εὖδαιμονίαν</span> <span class='ocrx_word' id='word_1_63' title='bbox 769 1216 1168 1296; x_wconf 78' lang='grc' dir='ltr'>προϐάλλουσα</span> <span class='ocrx_word' id='word_1_64' title='bbox 1195 1225 1262 1282; x_wconf 85' lang='grc'>²¹.</span> <span class='ocrx_word' id='word_1_65' title='bbox 1301 1221 1463 1279; x_wconf 72' lang='grc' dir='ltr'>Οὕτω</span> <span class='ocrx_word' id='word_1_66' title='bbox 1491 1222 1582 1276; x_wconf 86' lang='grc' dir='ltr'>καὶ</span> <span class='ocrx_word' id='word_1_67' title='bbox 1611 1221 1673 1278; x_wconf 78' lang='grc' dir='ltr'>τὰ</span> <span class='ocrx_word' id='word_1_68' title='bbox 1707 1221 1904 1278; x_wconf 86' lang='grc' dir='ltr'>τούτου</span> 
     </span>
    </p>
   </div>
   <div class='ocr_carea' id='block_1_11' title="bbox 249 1307 1903 1386">
    <p class='ocr_par' dir='ltr' id='par_1_11' title="bbox 249 1307 1903 1386">
     <span class='ocr_line' id='line_1_11' title="bbox 249 1307 1903 1386; baseline 0.002 -24"><span class='ocrx_word' id='word_1_69' title='bbox 249 1309 410 1384; x_wconf 85' lang='grc' dir='ltr'>γένος</span> <span class='ocrx_word' id='word_1_70' title='bbox 447 1307 660 1381; x_wconf 87' lang='grc' dir='ltr'>μυρίοις</span> <span class='ocrx_word' id='word_1_71' title='bbox 716 1309 808 1380; x_wconf 71' lang='grc' dir='ltr'>μὲν</span> <span class='ocrx_word' id='word_1_72' title='bbox 852 1307 1062 1386; x_wconf 78' lang='grc' dir='ltr'>λόγοις,</span> <span class='ocrx_word' id='word_1_73' title='bbox 1096 1311 1314 1384; x_wconf 84' lang='grc' dir='ltr'>μυρίοις</span> <span class='ocrx_word' id='word_1_74' title='bbox 1363 1307 1419 1366; x_wconf 77' lang='grc' dir='ltr'>’δέ</span> <span class='ocrx_word' id='word_1_75' title='bbox 1459 1307 1636 1386; x_wconf 77' lang='grc' dir='ltr'>ἔργοις</span> <span class='ocrx_word' id='word_1_76' title='bbox 1680 1313 1769 1365; x_wconf 80' lang='grc' dir='ltr'>καὶ</span> <span class='ocrx_word' id='word_1_77' title='bbox 1802 1332 1903 1366; x_wconf 86' lang='grc' dir='ltr'>πα-</span> 
     </span>
    </p>
   </div>
   <div class='ocr_carea' id='block_1_12' title="bbox 253 1395 1903 1472">
    <p class='ocr_par' dir='ltr' id='par_1_12' title="bbox 253 1395 1903 1472">
     <span class='ocr_line' id='line_1_12' title="bbox 253 1395 1903 1472; baseline 0.002 -22"><span class='ocrx_word' id='word_1_78' title='bbox 253 1396 590 1471; x_wconf 75' lang='grc' dir='ltr'>ραπλησίοις</span> <span class='ocrx_word' id='word_1_79' title='bbox 639 1395 964 1472; x_wconf 78' lang='grc' dir='ltr'>ἀγάλλεται.</span> <span class='ocrx_word' id='word_1_80' title='bbox 1000 1399 1279 1470; x_wconf 81' lang='grc' dir='ltr'>Μνηστέον</span> <span class='ocrx_word' id='word_1_81' title='bbox 1331 1397 1440 1471; x_wconf 74' lang='grc' dir='ltr'>ἤδη</span> <span class='ocrx_word' id='word_1_82' title='bbox 1475 1400 1562 1456; x_wconf 83' lang='grc' dir='ltr'>καὶ</span> <span class='ocrx_word' id='word_1_83' title='bbox 1614 1399 1778 1456; x_wconf 78' lang='grc' dir='ltr'>αὐτοῦ</span> <span class='ocrx_word' id='word_1_84' title='bbox 1807 1403 1903 1454; x_wconf 76' lang='grc' dir='ltr'>τοῦ</span> 
     </span>
    </p>
   </div>
   <div class='ocr_carea' id='block_1_13' title="bbox 254 1483 1903 1564">
    <p class='ocr_par' dir='ltr' id='par_1_13' title="bbox 254 1483 1903 1564">
     <span class='ocr_line' id='line_1_13' title="bbox 254 1483 1903 1564; baseline 0.002 -24"><span class='ocrx_word' id='word_1_85' title='bbox 254 1485 465 1562; x_wconf 82' lang='grc' dir='ltr'>γένους,</span> <span class='ocrx_word' id='word_1_86' title='bbox 500 1483 616 1541; x_wconf 67' lang='grc' dir='ltr'>οὔτι</span> <span class='ocrx_word' id='word_1_87' title='bbox 650 1487 849 1548; x_wconf 84' lang='grc' dir='ltr'>παντός</span> <span class='ocrx_word' id='word_1_88' title='bbox 877 1507 890 1522; x_wconf 77' lang='grc' dir='ltr'><strong><em>ο</em></strong></span> <span class='ocrx_word' id='word_1_89' title='bbox 943 1487 1112 1562; x_wconf 72' lang='grc' dir='ltr'>κάμοί</span> <span class='ocrx_word' id='word_1_90' title='bbox 1149 1490 1251 1564; x_wconf 76' lang='grc' dir='ltr'>γὰρ</span> <span class='ocrx_word' id='word_1_91' title='bbox 1286 1489 1366 1556; x_wconf 79' lang='grc' dir='ltr'>ἂν,</span> <span class='ocrx_word' id='word_1_92' title='bbox 1399 1489 1582 1563; x_wconf 78' lang='grc' dir='ltr'>οἶμαι,</span> <span class='ocrx_word' id='word_1_93' title='bbox 1613 1488 1705 1544; x_wconf 81' lang='grc' dir='ltr'>καὶ</span> <span class='ocrx_word' id='word_1_94' title='bbox 1752 1490 1903 1544; x_wconf 78' lang='grc' dir='ltr'>ἱστο-</span> 
     </span>
    </p>
   </div>
   <div class='ocr_carea' id='block_1_14' title="bbox 255 1576 1900 1656">
    <p class='ocr_par' dir='ltr' id='par_1_14' title="bbox 255 1576 1900 1656">
     <span class='ocr_line' id='line_1_14' title="bbox 255 1576 1900 1656; baseline 0.003 -27"><span class='ocrx_word' id='word_1_95' title='bbox 255 1576 346 1652; x_wconf 86' lang='grc' dir='ltr'>ρία</span> <span class='ocrx_word' id='word_1_96' title='bbox 385 1581 642 1632; x_wconf 74' lang='grc' dir='ltr'>τοσοῦτον</span> <span class='ocrx_word' id='word_1_97' title='bbox 689 1579 901 1647; x_wconf 78' lang='grc' dir='ltr'>πλῆθος</span> <span class='ocrx_word' id='word_1_98' title='bbox 937 1581 983 1614; x_wconf 75' lang='grc'>²²</span> <span class='ocrx_word' id='word_1_99' title='bbox 1032 1579 1412 1656; x_wconf 73' lang='grc' dir='ltr'>φροντίζουσα.</span> <span class='ocrx_word' id='word_1_100' title='bbox 1447 1581 1514 1637; x_wconf 77' lang='grc' dir='ltr'>Οἱ</span> <span class='ocrx_word' id='word_1_101' title='bbox 1545 1581 1634 1634; x_wconf 81' lang='grc' dir='ltr'>ἀπ’</span> <span class='ocrx_word' id='word_1_102' title='bbox 1685 1578 1900 1636; x_wconf 80' lang='grc' dir='ltr'>ἐκείνων</span> 
     </span>
    </p>
   </div>
   <div class='ocr_carea' id='block_1_15' title="bbox 245 1663 1902 1741">
    <p class='ocr_par' dir='ltr' id='par_1_15' title="bbox 245 1663 1902 1741">
     <span class='ocr_line' id='line_1_15' title="bbox 245 1663 1902 1741; baseline 0.002 -21"><span class='ocrx_word' id='word_1_103' title='bbox 245 1669 356 1720; x_wconf 85' lang='grc' dir='ltr'>τῶν</span> <span class='ocrx_word' id='word_1_104' title='bbox 399 1667 590 1741; x_wconf 87' lang='grc' dir='ltr'>γάμων</span> <span class='ocrx_word' id='word_1_105' title='bbox 640 1663 1180 1737; x_wconf 67' lang='grc' dir='ltr'>ἀποϐλαστησαντες,</span> <span class='ocrx_word' id='word_1_106' title='bbox 1211 1669 1340 1723; x_wconf 84' lang='grc' dir='ltr'>εἰκώ</span> <span class='ocrx_word' id='word_1_107' title='bbox 1383 1689 1502 1724; x_wconf 86' lang='grc' dir='ltr'>τινα</span> <span class='ocrx_word' id='word_1_108' title='bbox 1543 1675 1642 1739; x_wconf 83' lang='grc' dir='ltr'>τῆς</span> <span class='ocrx_word' id='word_1_109' title='bbox 1693 1669 1902 1724; x_wconf 82' lang='grc' dir='ltr'>ἐκείνου</span> 
     </span>
    </p>
   </div>
   <div class='ocr_carea' id='block_1_16' title="bbox 247 1753 1900 1832">
    <p class='ocr_par' dir='ltr' id='par_1_16' title="bbox 247 1753 1900 1832">
     <span class='ocr_line' id='line_1_16' title="bbox 247 1753 1900 1832; baseline 0.004 -24"><span class='ocrx_word' id='word_1_110' title='bbox 247 1753 442 1830; x_wconf 65' lang='grc' dir='ltr'>σοφίας</span> <span class='ocrx_word' id='word_1_111' title='bbox 469 1760 586 1817; x_wconf 83' lang='grc' dir='ltr'>τοῖς</span> <span class='ocrx_word' id='word_1_112' title='bbox 627 1763 732 1825; x_wconf 78' lang='grc' dir='ltr'>τῆς</span> <span class='ocrx_word' id='word_1_113' title='bbox 772 1759 958 1830; x_wconf 76' lang='grc' dir='ltr'>ψυχῆς</span> <span class='ocrx_word' id='word_1_114' title='bbox 988 1758 1151 1832; x_wconf 70' lang='grc' dir='ltr'>φέρον</span> <span class='ocrx_word' id='word_1_115' title='bbox 1181 1759 1228 1794; x_wconf 73' lang='grc'>³³</span> <span class='ocrx_word' id='word_1_116' title='bbox 1265 1757 1564 1831; x_wconf 84' lang='grc' dir='ltr'>ἀγάλμασι.</span> <span class='ocrx_word' id='word_1_117' title='bbox 1617 1757 1900 1832; x_wconf 84' lang='grc' dir='ltr'>Προσκλύ-</span> 
     </span>
    </p>
   </div>
   <div class='ocr_carea' id='block_1_17' title="bbox 1329 376 2555 440">
    <p class='ocr_par' dir='ltr' id='par_1_17' title="bbox 1329 376 2555 440">
     <span class='ocr_line' id='line_1_17' title="bbox 1329 376 2555 440; baseline -0.003 -2"><span class='ocrx_word' id='word_1_118' title='bbox 1329 377 1865 440; x_wconf 82' lang='lat' dir='ltr'>BIBLIOTHECA.</span> <span class='ocrx_word' id='word_1_119' title='bbox 1913 406 1988 424; x_wconf 92' lang='lat'>--</span> <span class='ocrx_word' id='word_1_120' title='bbox 2031 376 2206 438; x_wconf 89' lang='lat' dir='ltr'><strong>COD.</strong></span> <span class='ocrx_word' id='word_1_121' title='bbox 2250 376 2555 440; x_wconf 86' lang='lat' dir='ltr'>CCXLIlI.</span> 
     </span>
    </p>
   </div>
   <div class='ocr_carea' id='block_1_18' title="bbox 1631 508 3656 584">
    <p class='ocr_par' dir='ltr' id='par_1_18' title="bbox 1631 508 3656 584">
     <span class='ocr_line' id='line_1_18' title="bbox 1631 508 3656 584; baseline 0.001 -20"><span class='ocrx_word' id='word_1_122' title='bbox 1631 508 1895 584; x_wconf 82' lang='grc' dir='ltr'>ὑπεριδὼν</span> <span class='ocrx_word' id='word_1_123' title='bbox 1929 513 1982 578; x_wconf 82' lang='grc' dir='ltr'><strong>Α</strong></span> <span class='ocrx_word' id='word_1_124' title='bbox 2012 510 2128 565; x_wconf 89' lang='lat' dir='ltr'>Hoc</span> <span class='ocrx_word' id='word_1_125' title='bbox 2141 509 2748 582; x_wconf 79' lang='lat' dir='ltr'>Ephyraattulil,urbs</span> <span class='ocrx_word' id='word_1_126' title='bbox 2767 526 2880 566; x_wconf 91' lang='lat' dir='ltr'>non</span> <span class='ocrx_word' id='word_1_127' title='bbox 2904 510 3180 566; x_wconf 79' lang='lat' dir='ltr'>solumad</span> <span class='ocrx_word' id='word_1_128' title='bbox 3199 511 3656 568; x_wconf 81' lang='lat' dir='ltr'>admirationem</span> 
     </span>
    </p>
   </div>
   <div class='ocr_carea' id='block_1_19' title="bbox 3499 372 3657 434">
    <p class='ocr_par' dir='ltr' id='par_1_19' title="bbox 3499 372 3657 434">
     <span class='ocr_line' id='line_1_19' title="bbox 3499 372 3657 434; baseline 0.006 -3"><span class='ocrx_word' id='word_1_129' title='bbox 3499 372 3657 434; x_wconf 74' lang='grc'>1362</span> 
     </span>
    </p>
   </div>
   <div class='ocr_carea' id='block_1_20' title="bbox 2015 599 3658 671">
    <p class='ocr_par' dir='ltr' id='par_1_20' title="bbox 2015 599 3658 671">
     <span class='ocr_line' id='line_1_20' title="bbox 2015 599 3658 671; baseline 0 -17"><span class='ocrx_word' id='word_1_130' title='bbox 2015 600 2230 656; x_wconf 80' lang='lat' dir='ltr'>fabulis</span> <span class='ocrx_word' id='word_1_131' title='bbox 2269 600 2582 670; x_wconf 86' lang='lat' dir='ltr'>illustrata,</span> <span class='ocrx_word' id='word_1_132' title='bbox 2617 605 2679 656; x_wconf 92' lang='lat' dir='ltr'>ut</span> <span class='ocrx_word' id='word_1_133' title='bbox 2721 599 3010 671; x_wconf 67' lang='lat' dir='ltr'>pleraeque</span> <span class='ocrx_word' id='word_1_134' title='bbox 3041 615 3243 654; x_wconf 89' lang='lat' dir='ltr'>omnes</span> <span class='ocrx_word' id='word_1_135' title='bbox 3274 601 3523 666; x_wconf 62' lang='lat' dir='ltr'>Graeciae,</span> <span class='ocrx_word' id='word_1_136' title='bbox 3559 601 3658 656; x_wconf 90' lang='lat' dir='ltr'>sed</span> 
     </span>
    </p>
   </div>
   <div class='ocr_carea' id='block_1_21' title="bbox 2014 687 3663 760">
    <p class='ocr_par' dir='ltr' id='par_1_21' title="bbox 2014 687 3663 760">
     <span class='ocr_line' id='line_1_21' title="bbox 2014 687 3663 760; baseline -0.001 -17"><span class='ocrx_word' id='word_1_137' title='bbox 2014 688 2192 744; x_wconf 87' lang='lat' dir='ltr'>etiam</span> <span class='ocrx_word' id='word_1_138' title='bbox 2219 689 2502 760; x_wconf 87' lang='lat' dir='ltr'>judicanli</span> <span class='ocrx_word' id='word_1_139' title='bbox 2529 687 2696 744; x_wconf 87' lang='lat' dir='ltr'>oculo</span> <span class='ocrx_word' id='word_1_140' title='bbox 2721 687 3054 744; x_wconf 77' lang='lat' dir='ltr'>felicitatem</span> <span class='ocrx_word' id='word_1_141' title='bbox 3085 688 3349 743; x_wconf 77' lang='lat' dir='ltr'>ati&#39;erene.</span> <span class='ocrx_word' id='word_1_142' title='bbox 3369 688 3462 742; x_wconf 86' lang='lat' dir='ltr'>Sic</span> <span class='ocrx_word' id='word_1_143' title='bbox 3483 687 3663 760; x_wconf 81' lang='lat' dir='ltr'><strong>hujus</strong></span> 
     </span>
    </p>
   </div>
   <div class='ocr_carea' id='block_1_22' title="bbox 2020 776 3669 850">
    <p class='ocr_par' dir='ltr' id='par_1_22' title="bbox 2020 776 3669 850">
     <span class='ocr_line' id='line_1_22' title="bbox 2020 776 3669 850; baseline -0.002 -18"><span class='ocrx_word' id='word_1_144' title='bbox 2020 778 2418 850; x_wconf 82' lang='lat' dir='ltr'>gensinlinitis</span> <span class='ocrx_word' id='word_1_145' title='bbox 2432 776 3098 848; x_wconf 81' lang='lat' dir='ltr'>orationibus,operibus</span> <span class='ocrx_word' id='word_1_146' title='bbox 3113 776 3469 832; x_wconf 84' lang='lat' dir='ltr'>etsimilibus</span> <span class='ocrx_word' id='word_1_147' title='bbox 3483 777 3669 832; x_wconf 80' lang='lat' dir='ltr'>exsul-</span> 
     </span>
    </p>
   </div>
   <div class='ocr_carea' id='block_1_23' title="bbox 2017 865 3666 938">
    <p class='ocr_par' dir='ltr' id='par_1_23' title="bbox 2017 865 3666 938">
     <span class='ocr_line' id='line_1_23' title="bbox 2017 865 3666 938; baseline -0.002 -16"><span class='ocrx_word' id='word_1_148' title='bbox 2017 871 2122 923; x_wconf 88' lang='lat' dir='ltr'>tat.</span> <span class='ocrx_word' id='word_1_149' title='bbox 2141 867 2582 923; x_wconf 84' lang='lat' dir='ltr'>Recordandum</span> <span class='ocrx_word' id='word_1_150' title='bbox 2599 873 2687 923; x_wconf 90' lang='lat' dir='ltr'>est</span> <span class='ocrx_word' id='word_1_151' title='bbox 2701 868 2734 922; x_wconf 91' lang='lat' dir='ltr'>b</span> <span class='ocrx_word' id='word_1_152' title='bbox 2748 868 3006 938; x_wconf 87' lang='lat' dir='ltr'>ujusjam</span> <span class='ocrx_word' id='word_1_153' title='bbox 3023 865 3216 937; x_wconf 90' lang='lat' dir='ltr'>gentis</span> <span class='ocrx_word' id='word_1_154' title='bbox 3233 881 3348 920; x_wconf 89' lang='lat' dir='ltr'>non</span> <span class='ocrx_word' id='word_1_155' title='bbox 3365 869 3558 920; x_wconf 85' lang='lat' dir='ltr'>tamen</span> <span class='ocrx_word' id='word_1_156' title='bbox 3575 871 3630 919; x_wconf 89' lang='lat' dir='ltr'>to</span> <span class='ocrx_word' id='word_1_157' title='bbox 3643 895 3666 906; x_wconf 94' lang='lat'><strong>-</strong></span> 
     </span>
    </p>
   </div>
   <div class='ocr_carea' id='block_1_24' title="bbox 2019 953 3668 1028">
    <p class='ocr_par' dir='ltr' id='par_1_24' title="bbox 2019 953 3668 1028">
     <span class='ocr_line' id='line_1_24' title="bbox 2019 953 3668 1028; baseline -0.004 -16"><span class='ocrx_word' id='word_1_158' title='bbox 2019 957 2134 1012; x_wconf 87' lang='lat' dir='ltr'>tius</span> <span class='ocrx_word' id='word_1_159' title='bbox 2170 959 2306 1026; x_wconf 91' lang='lat' dir='ltr'>(non</span> <span class='ocrx_word' id='word_1_160' title='bbox 2339 956 2536 1012; x_wconf 80' lang='lat' dir='ltr'>omnia</span> <span class='ocrx_word' id='word_1_161' title='bbox 2568 973 2821 1024; x_wconf 84' lang='lat' dir='ltr'>narrare,</span> <span class='ocrx_word' id='word_1_162' title='bbox 2849 971 3060 1028; x_wconf 87' lang='lat' dir='ltr'>magno</span> <span class='ocrx_word' id='word_1_163' title='bbox 3094 953 3236 1010; x_wconf 87' lang='lat' dir='ltr'>mihi</span> <span class='ocrx_word' id='word_1_164' title='bbox 3266 953 3424 1008; x_wconf 90' lang='lat' dir='ltr'>oneri</span> <span class='ocrx_word' id='word_1_165' title='bbox 3454 957 3624 1020; x_wconf 88' lang='lat' dir='ltr'>esset)</span> <span class='ocrx_word' id='word_1_166' title='bbox 3651 971 3668 1006; x_wconf 90' lang='lat'><strong><em>:</em></strong></span> 
     </span>
    </p>
   </div>
   <div class='ocr_carea' id='block_1_25' title="bbox 2017 1042 3666 1116">
    <p class='ocr_par' dir='ltr' id='par_1_25' title="bbox 2017 1042 3666 1116">
     <span class='ocr_line' id='line_1_25' title="bbox 2017 1042 3666 1116; baseline -0.003 -16"><span class='ocrx_word' id='word_1_167' title='bbox 2017 1062 2202 1100; x_wconf 87' lang='lat' dir='ltr'>unum</span> <span class='ocrx_word' id='word_1_168' title='bbox 2218 1045 2367 1102; x_wconf 83' lang='lat' dir='ltr'>exiis</span> <span class='ocrx_word' id='word_1_169' title='bbox 2385 1045 2568 1116; x_wconf 92' lang='lat' dir='ltr'>quiab</span> <span class='ocrx_word' id='word_1_170' title='bbox 2586 1045 2701 1100; x_wconf 83' lang='lat' dir='ltr'>illis</span> <span class='ocrx_word' id='word_1_171' title='bbox 2716 1045 2938 1116; x_wconf 82' lang='lat' dir='ltr'>nuptiis</span> <span class='ocrx_word' id='word_1_172' title='bbox 2953 1043 3240 1116; x_wconf 83' lang='lat' dir='ltr'>progeniti</span> <span class='ocrx_word' id='word_1_173' title='bbox 3255 1045 3414 1108; x_wconf 90' lang='lat' dir='ltr'>sunt,</span> <span class='ocrx_word' id='word_1_174' title='bbox 3436 1042 3666 1098; x_wconf 84' lang='lat' dir='ltr'>assimi-</span> 
     </span>
    </p>
   </div>
   <div class='ocr_carea' id='block_1_26' title="bbox 2019 1129 3665 1206">
    <p class='ocr_par' dir='ltr' id='par_1_26' title="bbox 2019 1129 3665 1206">
     <span class='ocr_line' id='line_1_26' title="bbox 2019 1129 3665 1206; baseline 0 -19"><span class='ocrx_word' id='word_1_175' title='bbox 2019 1133 2148 1189; x_wconf 88' lang='lat' dir='ltr'>labo</span> <span class='ocrx_word' id='word_1_176' title='bbox 2165 1134 2512 1206; x_wconf 76' lang='lat' dir='ltr'>sapientiam</span> <span class='ocrx_word' id='word_1_177' title='bbox 2527 1135 2736 1190; x_wconf 73' lang='lat' dir='ltr'>animaa</span> <span class='ocrx_word' id='word_1_178' title='bbox 2753 1134 2978 1190; x_wconf 85' lang='lat' dir='ltr'>statuis.</span> <span class='ocrx_word' id='word_1_179' title='bbox 2997 1134 3172 1190; x_wconf 85' lang='lat' dir='ltr'>Sinus</span> <span class='ocrx_word' id='word_1_180' title='bbox 3193 1132 3421 1188; x_wconf 90' lang='lat' dir='ltr'>lonicus</span> <span class='ocrx_word' id='word_1_181' title='bbox 3438 1129 3665 1186; x_wconf 82' lang='lat' dir='ltr'>alluens</span> 
     </span>
    </p>
   </div>
   <div class='ocr_carea' id='block_1_27' title="bbox 2017 1217 3666 1294">
    <p class='ocr_par' dir='ltr' id='par_1_27' title="bbox 2017 1217 3666 1294">
     <span class='ocr_line' id='line_1_27' title="bbox 2017 1217 3666 1294; baseline -0.004 -16"><span class='ocrx_word' id='word_1_182' title='bbox 2017 1223 2245 1294; x_wconf 81' lang='lat' dir='ltr'>mitigat</span> <span class='ocrx_word' id='word_1_183' title='bbox 2261 1223 2422 1279; x_wconf 83' lang='lat' dir='ltr'>littus</span> <span class='ocrx_word' id='word_1_184' title='bbox 2437 1223 2818 1292; x_wconf 85' lang='lat' dir='ltr'>ﬂuctu,juxta</span> <span class='ocrx_word' id='word_1_185' title='bbox 2835 1223 2988 1278; x_wconf 90' lang='lat' dir='ltr'>hanc</span> <span class='ocrx_word' id='word_1_186' title='bbox 3001 1239 3161 1278; x_wconf 87' lang='lat' dir='ltr'>oram</span> <span class='ocrx_word' id='word_1_187' title='bbox 3179 1217 3666 1292; x_wconf 84' lang='lat' dir='ltr'>tripudiatNerei-</span> 
     </span>
    </p>
   </div>
   <div class='ocr_carea' id='block_1_28' title="bbox 2016 1308 3667 1379">
    <p class='ocr_par' dir='ltr' id='par_1_28' title="bbox 2016 1308 3667 1379">
     <span class='ocr_line' id='line_1_28' title="bbox 2016 1308 3667 1379; baseline -0.002 -14"><span class='ocrx_word' id='word_1_188' title='bbox 2016 1309 2154 1366; x_wconf 86' lang='lat' dir='ltr'>dum</span> <span class='ocrx_word' id='word_1_189' title='bbox 2171 1309 2384 1366; x_wconf 90' lang='lat' dir='ltr'>chorus</span> <span class='ocrx_word' id='word_1_190' title='bbox 2398 1325 2440 1376; x_wconf 78' lang='grc' dir='ltr'>ι,</span> <span class='ocrx_word' id='word_1_191' title='bbox 2456 1327 2658 1366; x_wconf 88' lang='lat' dir='ltr'>omnes</span> <span class='ocrx_word' id='word_1_192' title='bbox 2673 1310 2840 1376; x_wconf 63' lang='lat' dir='ltr'>alba,</span> <span class='ocrx_word' id='word_1_193' title='bbox 2858 1309 2944 1365; x_wconf 89' lang='lat' dir='ltr'>lac</span> <span class='ocrx_word' id='word_1_194' title='bbox 2959 1309 3122 1379; x_wconf 85' lang='lat' dir='ltr'>quale</span> <span class='ocrx_word' id='word_1_195' title='bbox 3147 1308 3306 1364; x_wconf 79' lang='lat' dir='ltr'>fieret</span> <span class='ocrx_word' id='word_1_196' title='bbox 3327 1312 3452 1363; x_wconf 91' lang='lat' dir='ltr'>arte</span> <span class='ocrx_word' id='word_1_197' title='bbox 3475 1315 3667 1378; x_wconf 87' lang='lat' dir='ltr'>pasto-</span> 
     </span>
    </p>
   </div>
   <div class='ocr_carea' id='block_1_29' title="bbox 2015 1395 3665 1472">
    <p class='ocr_par' dir='ltr' id='par_1_29' title="bbox 2015 1395 3665 1472">
     <span class='ocr_line' id='line_1_29' title="bbox 2015 1395 3665 1472; baseline -0.002 -18"><span class='ocrx_word' id='word_1_198' title='bbox 2015 1399 2374 1466; x_wconf 89' lang='lat' dir='ltr'>rum,ocu1is</span> <span class='ocrx_word' id='word_1_199' title='bbox 2399 1400 2650 1472; x_wconf 80' lang='lat' dir='ltr'>glaucis,</span> <span class='ocrx_word' id='word_1_200' title='bbox 2675 1405 2896 1456; x_wconf 78' lang='lat' dir='ltr'>ornatae</span> <span class='ocrx_word' id='word_1_201' title='bbox 2922 1415 3143 1466; x_wconf 89' lang='lat' dir='ltr'>musco,</span> <span class='ocrx_word' id='word_1_202' title='bbox 3173 1406 3448 1470; x_wconf 82' lang='lat' dir='ltr'>praeterea</span> <span class='ocrx_word' id='word_1_203' title='bbox 3472 1395 3665 1452; x_wconf 89' lang='lat' dir='ltr'>albam</span> 
     </span>
    </p>
   </div>
   <div class='ocr_carea' id='block_1_30' title="bbox 2013 1485 3672 1560">
    <p class='ocr_par' dir='ltr' id='par_1_30' title="bbox 2013 1485 3672 1560">
     <span class='ocr_line' id='line_1_30' title="bbox 2013 1485 3672 1560; baseline -0.002 -17"><span class='ocrx_word' id='word_1_204' title='bbox 2013 1504 2286 1560; x_wconf 87' lang='lat' dir='ltr'>spumam</span> <span class='ocrx_word' id='word_1_205' title='bbox 2308 1506 2339 1544; x_wconf 91' lang='lat' dir='ltr'>e</span> <span class='ocrx_word' id='word_1_206' title='bbox 2356 1490 2500 1545; x_wconf 88' lang='lat' dir='ltr'>mari</span> <span class='ocrx_word' id='word_1_207' title='bbox 2517 1489 2770 1546; x_wconf 89' lang='lat' dir='ltr'>summis</span> <span class='ocrx_word' id='word_1_208' title='bbox 2787 1489 3078 1544; x_wconf 86' lang='lat' dir='ltr'>stillantes</span> <span class='ocrx_word' id='word_1_209' title='bbox 3101 1485 3672 1542; x_wconf 89' lang='lat' dir='ltr'>crinibus.Illavicis-</span> 
     </span>
    </p>
   </div>
   <div class='ocr_carea' id='block_1_31' title="bbox 2012 1577 3664 1649">
    <p class='ocr_par' dir='ltr' id='par_1_31' title="bbox 2012 1577 3664 1649">
     <span class='ocr_line' id='line_1_31' title="bbox 2012 1577 3664 1649; baseline -0.005 -13"><span class='ocrx_word' id='word_1_210' title='bbox 2012 1579 2122 1636; x_wconf 86' lang='lat' dir='ltr'>sim</span> <span class='ocrx_word' id='word_1_211' title='bbox 2139 1595 2422 1649; x_wconf 74' lang='lat' dir='ltr'>sponsum</span> <span class='ocrx_word' id='word_1_212' title='bbox 2437 1580 2739 1648; x_wconf 86' lang='lat' dir='ltr'>amabat,et</span> <span class='ocrx_word' id='word_1_213' title='bbox 2755 1579 3082 1636; x_wconf 87' lang='lat' dir='ltr'>arrhabone</span> <span class='ocrx_word' id='word_1_214' title='bbox 3097 1579 3332 1648; x_wconf 86' lang='lat' dir='ltr'>nuptias</span> <span class='ocrx_word' id='word_1_215' title='bbox 3347 1577 3638 1632; x_wconf 80' lang='lat' dir='ltr'>conﬁrmat</span> <span class='ocrx_word' id='word_1_216' title='bbox 3651 1615 3664 1628; x_wconf 94' lang='lat'>.</span> 
     </span>
    </p>
   </div>
   <div class='ocr_carea' id='block_1_32' title="bbox 2011 1665 3666 1725">
    <p class='ocr_par' dir='ltr' id='par_1_32' title="bbox 2011 1665 3666 1725">
     <span class='ocr_line' id='line_1_32' title="bbox 2011 1665 3666 1725; baseline -0.002 -2"><span class='ocrx_word' id='word_1_217' title='bbox 2011 1668 2286 1724; x_wconf 84' lang='lat' dir='ltr'>Producit</span> <span class='ocrx_word' id='word_1_218' title='bbox 2317 1669 2474 1725; x_wconf 89' lang='lat' dir='ltr'>enim</span> <span class='ocrx_word' id='word_1_219' title='bbox 2498 1669 2690 1724; x_wconf 91' lang='lat' dir='ltr'>medio</span> <span class='ocrx_word' id='word_1_220' title='bbox 2717 1668 2858 1724; x_wconf 88' lang='lat' dir='ltr'>mari</span> <span class='ocrx_word' id='word_1_221' title='bbox 2895 1668 3134 1724; x_wconf 81' lang='lat' dir='ltr'>fontem.</span> <span class='ocrx_word' id='word_1_222' title='bbox 3160 1667 3290 1722; x_wconf 78' lang='lat' dir='ltr'>H836</span> <span class='ocrx_word' id='word_1_223' title='bbox 3321 1681 3450 1722; x_wconf 82' lang='lat' dir='ltr'>vero</span> <span class='ocrx_word' id='word_1_224' title='bbox 3474 1665 3666 1720; x_wconf 80' lang='lat' dir='ltr'>sciens</span> 
     </span>
    </p>
   </div>
   <div class='ocr_carea' id='block_1_33' title="bbox 2012 1755 3663 1830">
    <p class='ocr_par' dir='ltr' id='par_1_33' title="bbox 2012 1755 3663 1830">
     <span class='ocr_line' id='line_1_33' title="bbox 2012 1755 3663 1830; baseline -0.002 -18"><span class='ocrx_word' id='word_1_225' title='bbox 2012 1757 2120 1814; x_wconf 90' lang='lat' dir='ltr'>hoc</span> <span class='ocrx_word' id='word_1_226' title='bbox 2141 1758 2495 1814; x_wconf 85' lang='lat' dir='ltr'>beneficium</span> <span class='ocrx_word' id='word_1_227' title='bbox 2518 1775 2551 1814; x_wconf 91' lang='lat' dir='ltr'>a</span> <span class='ocrx_word' id='word_1_228' title='bbox 2571 1775 2788 1830; x_wconf 79' lang='lat' dir='ltr'>Sponsa</span> <span class='ocrx_word' id='word_1_229' title='bbox 2813 1761 3136 1828; x_wconf 90' lang='lat' dir='ltr'>protectum</span> <span class='ocrx_word' id='word_1_230' title='bbox 3159 1755 3444 1824; x_wconf 87' lang='lat' dir='ltr'>esse,aliis</span> <span class='ocrx_word' id='word_1_231' title='bbox 3469 1755 3663 1810; x_wconf 88' lang='lat' dir='ltr'>nautis</span> 
     </span>
    </p>
   </div>
   <div class='ocr_carea' id='block_1_34' title="bbox 261 1837 1904 1921">
    <p class='ocr_par' dir='ltr' id='par_1_34' title="bbox 261 1841 1904 1921">
     <span class='ocr_line' id='line_1_34' title="bbox 261 1841 1904 1921; baseline 0.002 -23"><span class='ocrx_word' id='word_1_232' title='bbox 261 1849 366 1911; x_wconf 88' lang='grc' dir='ltr'>ζων</span> <span class='ocrx_word' id='word_1_233' title='bbox 393 1841 606 1908; x_wconf 85' lang='grc' dir='ltr'>κόλπος</span> <span class='ocrx_word' id='word_1_234' title='bbox 629 1846 822 1908; x_wconf 84' lang='grc' dir='ltr'>Ἰόνιος</span> <span class='ocrx_word' id='word_1_235' title='bbox 871 1845 1070 1900; x_wconf 76' lang='grc' dir='ltr'>λεαίνει</span> <span class='ocrx_word' id='word_1_236' title='bbox 1099 1847 1200 1915; x_wconf 73' lang='grc' dir='ltr'>τὴν</span> <span class='ocrx_word' id='word_1_237' title='bbox 1240 1850 1358 1902; x_wconf 86' lang='grc' dir='ltr'>θῖνα</span> <span class='ocrx_word' id='word_1_238' title='bbox 1385 1851 1465 1920; x_wconf 80' lang='grc' dir='ltr'>τῷ</span> <span class='ocrx_word' id='word_1_239' title='bbox 1493 1847 1716 1921; x_wconf 82' lang='grc' dir='ltr'>κύματι.</span> <span class='ocrx_word' id='word_1_240' title='bbox 1763 1849 1904 1904; x_wconf 77' lang='grc' dir='ltr'>Κατὰ</span> 
     </span>
    </p>
   </div>
   <div class='ocr_carea' id='block_1_35' title="bbox 2015 1837 3666 1921">
    <p class='ocr_par' dir='ltr' id='par_1_35' title="bbox 2015 1844 3666 1918">
     <span class='ocr_line' id='line_1_35' title="bbox 2015 1844 3666 1918; baseline -0.001 -16"><span class='ocrx_word' id='word_1_241' title='bbox 2015 1849 2234 1904; x_wconf 89' lang='lat' dir='ltr'>undam</span> <span class='ocrx_word' id='word_1_242' title='bbox 2253 1848 2332 1904; x_wconf 88' lang='lat' dir='ltr'>eri</span> <span class='ocrx_word' id='word_1_243' title='bbox 2342 1848 2594 1918; x_wconf 90' lang='lat' dir='ltr'>pit,solis</span> <span class='ocrx_word' id='word_1_244' title='bbox 2615 1864 2749 1904; x_wconf 87' lang='lat' dir='ltr'>vero</span> <span class='ocrx_word' id='word_1_245' title='bbox 2764 1847 2856 1902; x_wconf 87' lang='lat' dir='ltr'>his</span> <span class='ocrx_word' id='word_1_246' title='bbox 2871 1844 3448 1902; x_wconf 86' lang='lat' dir='ltr'>reservatamabilem</span> <span class='ocrx_word' id='word_1_247' title='bbox 3467 1848 3666 1916; x_wconf 88' lang='lat' dir='ltr'>potum</span> 
     </span>
    </p>
   </div>
   <div class='ocr_carea' id='block_1_36' title="bbox 261 1929 1906 2010">
    <p class='ocr_par' dir='ltr' id='par_1_36' title="bbox 261 1929 1906 2010">
     <span class='ocr_line' id='line_1_36' title="bbox 261 1929 1906 2010; baseline 0.002 -22"><span class='ocrx_word' id='word_1_248' title='bbox 261 1929 328 2002; x_wconf 77' lang='grc' dir='ltr'>δὴ</span> <span class='ocrx_word' id='word_1_249' title='bbox 358 1931 565 2002; x_wconf 85' lang='grc' dir='ltr'>ταύτης</span> <span class='ocrx_word' id='word_1_250' title='bbox 595 1939 694 2002; x_wconf 82' lang='grc' dir='ltr'>τῆς</span> <span class='ocrx_word' id='word_1_251' title='bbox 727 1933 892 2008; x_wconf 76' lang='grc' dir='ltr'>ᾐόνος</span> <span class='ocrx_word' id='word_1_252' title='bbox 926 1936 1094 2008; x_wconf 79' lang='grc' dir='ltr'>χορὸς</span> <span class='ocrx_word' id='word_1_253' title='bbox 1128 1933 1422 2010; x_wconf 78' lang='grc' dir='ltr'>Νηρηίδων</span> <span class='ocrx_word' id='word_1_254' title='bbox 1456 1935 1906 2010; x_wconf 82' lang='grc' dir='ltr'>έχόρευε,λευκαὶ</span> 
     </span>
    </p>
   </div>
   <div class='ocr_carea' id='block_1_37' title="bbox 257 2019 1904 2101">
    <p class='ocr_par' dir='ltr' id='par_1_37' title="bbox 257 2019 1904 2101">
     <span class='ocr_line' id='line_1_37' title="bbox 257 2019 1904 2101; baseline 0.002 -25"><span class='ocrx_word' id='word_1_255' title='bbox 257 2025 448 2089; x_wconf 73' lang='grc' dir='ltr'>πᾶσαι,</span> <span class='ocrx_word' id='word_1_256' title='bbox 504 2019 646 2098; x_wconf 72' lang='grc' dir='ltr'>γάλα</span> <span class='ocrx_word' id='word_1_257' title='bbox 699 2023 848 2094; x_wconf 76' lang='grc' dir='ltr'>αὐτὸ,</span> <span class='ocrx_word' id='word_1_258' title='bbox 906 2026 1021 2079; x_wconf 84' lang='grc' dir='ltr'>οἷον</span> <span class='ocrx_word' id='word_1_259' title='bbox 1075 2024 1134 2078; x_wconf 78' lang='grc' dir='ltr'>ἂν</span> <span class='ocrx_word' id='word_1_260' title='bbox 1191 2024 1363 2080; x_wconf 79' lang='grc' dir='ltr'>έκεῖνο</span> <span class='ocrx_word' id='word_1_261' title='bbox 1420 2021 1626 2100; x_wconf 81' lang='grc' dir='ltr'>γένοιτο</span> <span class='ocrx_word' id='word_1_262' title='bbox 1683 2025 1904 2101; x_wconf 82' lang='grc' dir='ltr'>τέχναις</span> 
     </span>
    </p>
   </div>
   <div class='ocr_carea' id='block_1_38' title="bbox 256 2111 1902 2190">
    <p class='ocr_par' dir='ltr' id='par_1_38' title="bbox 256 2111 1902 2190">
     <span class='ocr_line' id='line_1_38' title="bbox 256 2111 1902 2190; baseline 0.002 -24"><span class='ocrx_word' id='word_1_263' title='bbox 256 2111 536 2184; x_wconf 72' lang='grc' dir='ltr'>ποιμένων</span> <span class='ocrx_word' id='word_1_264' title='bbox 591 2113 714 2184; x_wconf 86' lang='grc'>[603</span> <span class='ocrx_word' id='word_1_265' title='bbox 787 2115 879 2186; x_wconf 78' lang='grc' dir='ltr'>Η.]</span> <span class='ocrx_word' id='word_1_266' title='bbox 937 2113 1244 2186; x_wconf 75' lang='grc' dir='ltr'>ἱστάμενον,</span> <span class='ocrx_word' id='word_1_267' title='bbox 1301 2111 1537 2190; x_wconf 84' lang='grc' dir='ltr'>γλαυκαὶ</span> <span class='ocrx_word' id='word_1_268' title='bbox 1603 2113 1664 2168; x_wconf 79' lang='grc' dir='ltr'>τὸ</span> <span class='ocrx_word' id='word_1_269' title='bbox 1725 2111 1902 2188; x_wconf 76' lang='grc' dir='ltr'>ὄμμα,</span> 
     </span>
    </p>
   </div>
   <div class='ocr_carea' id='block_1_39' title="bbox 252 2201 1905 2278">
    <p class='ocr_par' dir='ltr' id='par_1_39' title="bbox 252 2201 1905 2278">
     <span class='ocr_line' id='line_1_39' title="bbox 252 2201 1905 2278; baseline 0.004 -24"><span class='ocrx_word' id='word_1_270' title='bbox 252 2205 506 2274; x_wconf 82' lang='grc' dir='ltr'>κομῶσαι</span> <span class='ocrx_word' id='word_1_271' title='bbox 556 2207 636 2274; x_wconf 76' lang='grc' dir='ltr'>τῷ</span> <span class='ocrx_word' id='word_1_272' title='bbox 689 2201 860 2278; x_wconf 85' lang='grc' dir='ltr'>βρύῳ,</span> <span class='ocrx_word' id='word_1_273' title='bbox 911 2201 989 2258; x_wconf 78' lang='grc' dir='ltr'>ἔτι</span> <span class='ocrx_word' id='word_1_274' title='bbox 1039 2202 1232 2260; x_wconf 81' lang='grc' dir='ltr'>λευκὸν</span> <span class='ocrx_word' id='word_1_275' title='bbox 1288 2201 1347 2258; x_wconf 84' lang='grc' dir='ltr'>ἐκ</span> <span class='ocrx_word' id='word_1_276' title='bbox 1391 2211 1490 2272; x_wconf 77' lang='grc' dir='ltr'>τῆς</span> <span class='ocrx_word' id='word_1_277' title='bbox 1537 2205 1584 2240; x_wconf 71' lang='grc'>²⁴</span> <span class='ocrx_word' id='word_1_278' title='bbox 1634 2203 1905 2274; x_wconf 73' lang='grc' dir='ltr'>θαλάττης</span> 
     </span>
    </p>
   </div>
   <div class='ocr_carea' id='block_1_40' title="bbox 251 2287 1904 2368">
    <p class='ocr_par' dir='ltr' id='par_1_40' title="bbox 251 2287 1904 2368">
     <span class='ocr_line' id='line_1_40' title="bbox 251 2287 1904 2368; baseline -0.001 -21"><span class='ocrx_word' id='word_1_279' title='bbox 251 2287 424 2366; x_wconf 66' lang='grc' dir='ltr'>ἀφρὸν</span> <span class='ocrx_word' id='word_1_280' title='bbox 459 2287 508 2360; x_wconf 80' lang='grc' dir='ltr'>ἐξ</span> <span class='ocrx_word' id='word_1_281' title='bbox 541 2287 719 2366; x_wconf 76' lang='grc' dir='ltr'>ἄκρων</span> <span class='ocrx_word' id='word_1_282' title='bbox 758 2289 1064 2364; x_wconf 76' lang='grc' dir='ltr'>πλοκάμων</span> <span class='ocrx_word' id='word_1_283' title='bbox 1095 2293 1384 2362; x_wconf 84' lang='grc' dir='ltr'>στάζουσαι</span> <span class='ocrx_word' id='word_1_284' title='bbox 1419 2295 1481 2346; x_wconf 67' lang='grc'>⁵⁵.</span> <span class='ocrx_word' id='word_1_285' title='bbox 1517 2297 1582 2348; x_wconf 80' lang='grc' dir='ltr'><strong>Ἠ</strong></span> <span class='ocrx_word' id='word_1_286' title='bbox 1613 2291 1670 2348; x_wconf 65' lang='grc' dir='ltr'>δέ</span> <span class='ocrx_word' id='word_1_287' title='bbox 1711 2293 1904 2368; x_wconf 84' lang='grc' dir='ltr'>ἀντερᾷ</span> 
     </span>
    </p>
   </div>
   <div class='ocr_carea' id='block_1_41' title="bbox 250 2375 1904 2456">
    <p class='ocr_par' dir='ltr' id='par_1_41' title="bbox 250 2375 1904 2456">
     <span class='ocr_line' id='line_1_41' title="bbox 250 2375 1904 2456; baseline 0.002 -24"><span class='ocrx_word' id='word_1_288' title='bbox 250 2381 354 2432; x_wconf 72' lang='grc' dir='ltr'>τοῦ</span> <span class='ocrx_word' id='word_1_289' title='bbox 389 2377 648 2454; x_wconf 76' lang='grc' dir='ltr'>νυμφίου,</span> <span class='ocrx_word' id='word_1_290' title='bbox 699 2379 789 2434; x_wconf 85' lang='grc' dir='ltr'>καὶ</span> <span class='ocrx_word' id='word_1_291' title='bbox 839 2375 1002 2454; x_wconf 85' lang='grc' dir='ltr'>δώρῳ</span> <span class='ocrx_word' id='word_1_292' title='bbox 1041 2385 1328 2436; x_wconf 71' lang='grc' dir='ltr'>πιστοῦται</span> <span class='ocrx_word' id='word_1_293' title='bbox 1374 2383 1465 2436; x_wconf 87' lang='grc' dir='ltr'>τὸν</span> <span class='ocrx_word' id='word_1_294' title='bbox 1497 2381 1676 2456; x_wconf 83' lang='grc' dir='ltr'>γάμον</span> <span class='ocrx_word' id='word_1_295' title='bbox 1708 2398 1721 2412; x_wconf 90' lang='grc'><strong>·</strong></span> <span class='ocrx_word' id='word_1_296' title='bbox 1775 2382 1904 2436; x_wconf 86' lang='grc' dir='ltr'>ἀνα-</span> 
     </span>
    </p>
   </div>
   <div class='ocr_carea' id='block_1_42' title="bbox 255 2463 1902 2546">
    <p class='ocr_par' dir='ltr' id='par_1_42' title="bbox 255 2463 1902 2546">
     <span class='ocr_line' id='line_1_42' title="bbox 255 2463 1902 2546; baseline 0.003 -27"><span class='ocrx_word' id='word_1_297' title='bbox 255 2463 450 2520; x_wconf 78' lang='grc' dir='ltr'>δίδωσι</span> <span class='ocrx_word' id='word_1_298' title='bbox 479 2468 583 2542; x_wconf 80' lang='grc' dir='ltr'>γάρ</span> <span class='ocrx_word' id='word_1_299' title='bbox 617 2465 675 2522; x_wconf 81' lang='grc' dir='ltr'>ἐκ</span> <span class='ocrx_word' id='word_1_300' title='bbox 727 2469 896 2540; x_wconf 85' lang='grc' dir='ltr'>μέσης</span> <span class='ocrx_word' id='word_1_301' title='bbox 929 2467 1202 2540; x_wconf 72' lang='grc' dir='ltr'>θαλάττης</span> <span class='ocrx_word' id='word_1_302' title='bbox 1239 2473 1450 2544; x_wconf 69' lang='grc' dir='ltr'>πηγήν.</span> <span class='ocrx_word' id='word_1_303' title='bbox 1485 2475 1548 2526; x_wconf 84' lang='grc' dir='ltr'>Ἥ</span> <span class='ocrx_word' id='word_1_304' title='bbox 1597 2468 1676 2541; x_wconf 76' lang='grc' dir='ltr'>δὲ,</span> <span class='ocrx_word' id='word_1_305' title='bbox 1721 2469 1902 2546; x_wconf 82' lang='grc' dir='ltr'>ὥσπερ</span> 
     </span>
    </p>
   </div>
   <div class='ocr_carea' id='block_1_43' title="bbox 249 2553 1904 2636">
    <p class='ocr_par' dir='ltr' id='par_1_43' title="bbox 249 2553 1904 2636">
     <span class='ocr_line' id='line_1_43' title="bbox 249 2553 1904 2636; baseline 0.003 -26"><span class='ocrx_word' id='word_1_306' title='bbox 249 2553 584 2628; x_wconf 83' lang='grc' dir='ltr'>ἐπισταμένη</span> <span class='ocrx_word' id='word_1_307' title='bbox 617 2561 714 2612; x_wconf 76' lang='grc' dir='ltr'>τοῦ</span> <span class='ocrx_word' id='word_1_308' title='bbox 763 2558 926 2633; x_wconf 82' lang='grc' dir='ltr'>χάριν</span> <span class='ocrx_word' id='word_1_309' title='bbox 957 2558 1060 2612; x_wconf 77' lang='grc' dir='ltr'>ὑπὸ</span> <span class='ocrx_word' id='word_1_310' title='bbox 1089 2565 1189 2628; x_wconf 82' lang='grc' dir='ltr'>τῆς</span> <span class='ocrx_word' id='word_1_311' title='bbox 1236 2561 1454 2636; x_wconf 75' lang='grc' dir='ltr'>νύμφης</span> <span class='ocrx_word' id='word_1_312' title='bbox 1510 2557 1738 2636; x_wconf 83' lang='grc' dir='ltr'>ἐγένετο,</span> <span class='ocrx_word' id='word_1_313' title='bbox 1771 2559 1904 2614; x_wconf 85' lang='grc' dir='ltr'>κλέ-</span> 
     </span>
    </p>
   </div>
   <div class='ocr_carea' id='block_1_44' title="bbox 251 2644 1902 2722">
    <p class='ocr_par' dir='ltr' id='par_1_44' title="bbox 251 2644 1902 2722">
     <span class='ocr_line' id='line_1_44' title="bbox 251 2644 1902 2722; baseline 0.005 -24"><span class='ocrx_word' id='word_1_314' title='bbox 251 2665 374 2698; x_wconf 83' lang='grc' dir='ltr'>πτει</span> <span class='ocrx_word' id='word_1_315' title='bbox 412 2645 506 2716; x_wconf 73' lang='grc' dir='ltr'>μὲν</span> <span class='ocrx_word' id='word_1_316' title='bbox 537 2651 654 2707; x_wconf 80' lang='grc' dir='ltr'>τοῖς</span> <span class='ocrx_word' id='word_1_317' title='bbox 685 2644 884 2708; x_wconf 76' lang='grc' dir='ltr'>ἄλλοις</span> <span class='ocrx_word' id='word_1_318' title='bbox 925 2647 1216 2722; x_wconf 79' lang='grc' dir='ltr'>πλωτῆρσι</span> <span class='ocrx_word' id='word_1_319' title='bbox 1243 2647 1310 2703; x_wconf 71' lang='grc' dir='ltr'>τὰ</span> <span class='ocrx_word' id='word_1_320' title='bbox 1355 2649 1589 2721; x_wconf 79' lang='grc' dir='ltr'>νάματα,</span> <span class='ocrx_word' id='word_1_321' title='bbox 1626 2649 1814 2722; x_wconf 87' lang='grc' dir='ltr'>μόνοις</span> <span class='ocrx_word' id='word_1_322' title='bbox 1847 2647 1902 2706; x_wconf 69' lang='grc' dir='ltr'>δὲ</span> 
     </span>
    </p>
   </div>
   <div class='ocr_carea' id='block_1_45' title="bbox 249 2731 1902 2812">
    <p class='ocr_par' dir='ltr' id='par_1_45' title="bbox 249 2731 1902 2812">
     <span class='ocr_line' id='line_1_45' title="bbox 249 2731 1902 2812; baseline 0.004 -26"><span class='ocrx_word' id='word_1_323' title='bbox 249 2737 414 2808; x_wconf 85' lang='grc' dir='ltr'>τηρεῖ</span> <span class='ocrx_word' id='word_1_324' title='bbox 459 2735 578 2794; x_wconf 78' lang='grc' dir='ltr'>τοῖς</span> <span class='ocrx_word' id='word_1_325' title='bbox 623 2731 682 2787; x_wconf 84' lang='grc' dir='ltr'>ἐκ</span> <span class='ocrx_word' id='word_1_326' title='bbox 731 2741 832 2803; x_wconf 79' lang='grc' dir='ltr'>τῆς</span> <span class='ocrx_word' id='word_1_327' title='bbox 873 2735 1092 2812; x_wconf 64' lang='grc' dir='ltr'>νύμφης</span> <span class='ocrx_word' id='word_1_328' title='bbox 1139 2737 1240 2803; x_wconf 72' lang='grc' dir='ltr'>τὴν</span> <span class='ocrx_word' id='word_1_329' title='bbox 1291 2736 1524 2808; x_wconf 83' lang='grc' dir='ltr'>πότιμον</span> <span class='ocrx_word' id='word_1_330' title='bbox 1577 2735 1902 2808; x_wconf 75' lang='grc' dir='ltr'>φιλοτησίαν</span> 
     </span>
    </p>
   </div>
   <div class='ocr_carea' id='block_1_46' title="bbox 254 2820 1898 2900">
    <p class='ocr_par' dir='ltr' id='par_1_46' title="bbox 254 2820 1898 2900">
     <span class='ocr_line' id='line_1_46' title="bbox 254 2820 1898 2900; baseline 0.005 -26"><span class='ocrx_word' id='word_1_331' title='bbox 254 2820 572 2894; x_wconf 81' lang='grc' dir='ltr'>ἀρύσασθαι.</span> <span class='ocrx_word' id='word_1_332' title='bbox 615 2825 782 2896; x_wconf 82' lang='grc' dir='ltr'>Ὅπερ</span> <span class='ocrx_word' id='word_1_333' title='bbox 833 2825 925 2878; x_wconf 80' lang='grc' dir='ltr'>καὶ</span> <span class='ocrx_word' id='word_1_334' title='bbox 977 2825 1113 2878; x_wconf 82' lang='grc' dir='ltr'>κατᾶ</span> <span class='ocrx_word' id='word_1_335' title='bbox 1163 2831 1266 2894; x_wconf 80' lang='grc' dir='ltr'>τῆς</span> <span class='ocrx_word' id='word_1_336' title='bbox 1323 2826 1518 2900; x_wconf 77' lang='grc' dir='ltr'>ἀρετῆς</span> <span class='ocrx_word' id='word_1_337' title='bbox 1575 2824 1898 2898; x_wconf 83' lang='grc' dir='ltr'>ἀνύμνηται.</span> 
     </span>
    </p>
   </div>
   <div class='ocr_carea' id='block_1_47' title="bbox 257 2909 1900 2994">
    <p class='ocr_par' dir='ltr' id='par_1_47' title="bbox 257 2909 1900 2994">
     <span class='ocr_line' id='line_1_47' title="bbox 257 2909 1900 2994; baseline 0.002 -30"><span class='ocrx_word' id='word_1_338' title='bbox 257 2910 522 2983; x_wconf 76' lang='grc' dir='ltr'>Εὖμαθής</span> <span class='ocrx_word' id='word_1_339' title='bbox 555 2909 664 2966; x_wconf 84' lang='grc' dir='ltr'>ἐστι</span> <span class='ocrx_word' id='word_1_340' title='bbox 695 2913 872 2986; x_wconf 71' lang='grc' dir='ltr'>ψυχὴ,</span> <span class='ocrx_word' id='word_1_341' title='bbox 903 2919 1102 2991; x_wconf 81' lang='grc' dir='ltr'>ταχεῖα</span> <span class='ocrx_word' id='word_1_342' title='bbox 1133 2914 1358 2984; x_wconf 77' lang='grc' dir='ltr'>σύνεσιν,</span> <span class='ocrx_word' id='word_1_343' title='bbox 1395 2917 1587 2988; x_wconf 72' lang='grc' dir='ltr'>μνήμῃ</span> <span class='ocrx_word' id='word_1_344' title='bbox 1625 2916 1900 2994; x_wconf 64' lang='grc' dir='ltr'>συμφυής,</span> 
     </span>
    </p>
   </div>
   <div class='ocr_carea' id='block_1_48' title="bbox 259 2995 1902 3076">
    <p class='ocr_par' dir='ltr' id='par_1_48' title="bbox 259 2995 1902 3076">
     <span class='ocr_line' id='line_1_48' title="bbox 259 2995 1902 3076; baseline 0.004 -24"><span class='ocrx_word' id='word_1_345' title='bbox 259 2995 488 3070; x_wconf 70' lang='grc' dir='ltr'>ἕτοιμος</span> <span class='ocrx_word' id='word_1_346' title='bbox 521 2999 655 3075; x_wconf 88' lang='grc' dir='ltr'>πρὸς</span> <span class='ocrx_word' id='word_1_347' title='bbox 696 2999 914 3076; x_wconf 87' lang='grc' dir='ltr'>λόγους,</span> <span class='ocrx_word' id='word_1_348' title='bbox 957 3004 1117 3075; x_wconf 77' lang='grc' dir='ltr'>[112ὗ</span> <span class='ocrx_word' id='word_1_349' title='bbox 1149 3003 1242 3076; x_wconf 64' lang='lat' dir='ltr'>IL]</span> <span class='ocrx_word' id='word_1_350' title='bbox 1292 2999 1434 3073; x_wconf 83' lang='grc' dir='ltr'>δεινή</span> <span class='ocrx_word' id='word_1_351' title='bbox 1491 3003 1584 3075; x_wconf 72' lang='grc' dir='ltr'>μέν</span> <span class='ocrx_word' id='word_1_352' title='bbox 1627 3003 1902 3076; x_wconf 77' lang='grc' dir='ltr'>κρύπτειν,</span> 
     </span>
    </p>
   </div>
   <div class='ocr_carea' id='block_1_49' title="bbox 263 3087 1906 3166">
    <p class='ocr_par' dir='ltr' id='par_1_49' title="bbox 263 3087 1906 3166">
     <span class='ocr_line' id='line_1_49' title="bbox 263 3087 1906 3166; baseline 0.003 -24"><span class='ocrx_word' id='word_1_353' title='bbox 263 3087 521 3161; x_wconf 79' lang='grc' dir='ltr'>κρείττων</span> <span class='ocrx_word' id='word_1_354' title='bbox 579 3089 862 3144; x_wconf 78' lang='grc' dir='ltr'>λανθάνειν</span> <span class='ocrx_word' id='word_1_355' title='bbox 914 3092 1244 3166; x_wconf 67' lang='grc' dir='ltr'>(σοφώτερον</span> <span class='ocrx_word' id='word_1_356' title='bbox 1315 3089 1372 3146; x_wconf 74' lang='grc' dir='ltr'>δέ</span> <span class='ocrx_word' id='word_1_357' title='bbox 1435 3095 1596 3147; x_wconf 80' lang='grc' dir='ltr'>τοῦτο</span> <span class='ocrx_word' id='word_1_358' title='bbox 1653 3093 1744 3148; x_wconf 80' lang='grc' dir='ltr'>καὶ</span> <span class='ocrx_word' id='word_1_359' title='bbox 1793 3093 1906 3165; x_wconf 74' lang='grc' dir='ltr'>ἅμα</span> 
     </span>
    </p>
   </div>
   <div class='ocr_carea' id='block_1_50' title="bbox 263 3176 1907 3258">
    <p class='ocr_par' dir='ltr' id='par_1_50' title="bbox 263 3176 1907 3258">
     <span class='ocr_line' id='line_1_50' title="bbox 263 3176 1907 3258; baseline 0.004 -28"><span class='ocrx_word' id='word_1_360' title='bbox 263 3178 410 3241; x_wconf 82' lang='grc' dir='ltr'>θεοῖς</span> <span class='ocrx_word' id='word_1_361' title='bbox 438 3176 944 3252; x_wconf 75' lang='grc' dir='ltr'>προσφίλέστερον),</span> <span class='ocrx_word' id='word_1_362' title='bbox 978 3178 1247 3256; x_wconf 81' lang='grc' dir='ltr'>δεινοτέρα</span> <span class='ocrx_word' id='word_1_363' title='bbox 1297 3179 1353 3236; x_wconf 76' lang='grc' dir='ltr'><em>δὲ</em></span> <span class='ocrx_word' id='word_1_364' title='bbox 1400 3187 1643 3258; x_wconf 75' lang='grc' dir='ltr'>φωρᾶσαι</span> <span class='ocrx_word' id='word_1_365' title='bbox 1683 3182 1774 3236; x_wconf 81' lang='grc' dir='ltr'>τὸν</span> <span class='ocrx_word' id='word_1_366' title='bbox 1827 3181 1907 3236; x_wconf 83' lang='grc' dir='ltr'>έν-</span> 
     </span>
    </p>
   </div>
   <div class='ocr_carea' id='block_1_51' title="bbox 257 3267 1904 3348">
    <p class='ocr_par' dir='ltr' id='par_1_51' title="bbox 257 3267 1904 3348">
     <span class='ocr_line' id='line_1_51' title="bbox 257 3267 1904 3348; baseline 0.002 -26"><span class='ocrx_word' id='word_1_367' title='bbox 257 3267 504 3341; x_wconf 78' lang='grc' dir='ltr'>τυχόντα</span> <span class='ocrx_word' id='word_1_368' title='bbox 535 3287 548 3299; x_wconf 92' lang='grc'><strong>·</strong></span> <span class='ocrx_word' id='word_1_369' title='bbox 584 3267 840 3342; x_wconf 80' lang='grc' dir='ltr'>κρείττων</span> <span class='ocrx_word' id='word_1_370' title='bbox 899 3267 1117 3340; x_wconf 67' lang='grc' dir='ltr'>ἡδονῆς,</span> <span class='ocrx_word' id='word_1_371' title='bbox 1151 3269 1330 3340; x_wconf 76' lang='grc' dir='ltr'>ἥττων</span> <span class='ocrx_word' id='word_1_372' title='bbox 1379 3270 1588 3348; x_wconf 74' lang='grc' dir='ltr'>φιλίας.</span> <span class='ocrx_word' id='word_1_373' title='bbox 1621 3273 1818 3347; x_wconf 73' lang='grc' dir='ltr'>Ι’Λκρος</span> <span class='ocrx_word' id='word_1_374' title='bbox 1857 3273 1904 3309; x_wconf 63' lang='grc'>’³⁸</span> 
     </span>
    </p>
   </div>
   <div class='ocr_carea' id='block_1_52' title="bbox 261 3355 1900 3438">
    <p class='ocr_par' dir='ltr' id='par_1_52' title="bbox 261 3355 1900 3438">
     <span class='ocr_line' id='line_1_52' title="bbox 261 3355 1900 3438; baseline 0.003 -28"><span class='ocrx_word' id='word_1_375' title='bbox 261 3357 482 3430; x_wconf 70' lang='grc' dir='ltr'>σοφίαν,</span> <span class='ocrx_word' id='word_1_376' title='bbox 533 3355 702 3420; x_wconf 75' lang='grc' dir='ltr'>δεινὸς</span> <span class='ocrx_word' id='word_1_377' title='bbox 752 3357 940 3426; x_wconf 83' lang='grc' dir='ltr'>εἰπεῖν,</span> <span class='ocrx_word' id='word_1_378' title='bbox 981 3358 1263 3422; x_wconf 81' lang='grc' dir='ltr'>ἀνάλωτος</span> <span class='ocrx_word' id='word_1_379' title='bbox 1313 3360 1491 3438; x_wconf 66' lang='grc' dir='ltr'>φιλία,</span> <span class='ocrx_word' id='word_1_380' title='bbox 1550 3366 1798 3438; x_wconf 79' lang='grc' dir='ltr'>γενναῖος</span> <span class='ocrx_word' id='word_1_381' title='bbox 1849 3360 1900 3416; x_wconf 85' lang='grc' dir='ltr'>ἐν</span> 
     </span>
    </p>
   </div>
   <div class='ocr_carea' id='block_1_53' title="bbox 255 3439 1902 3526">
    <p class='ocr_par' dir='ltr' id='par_1_53' title="bbox 255 3439 1902 3526">
     <span class='ocr_line' id='line_1_53' title="bbox 255 3439 1902 3526; baseline 0.002 -27"><span class='ocrx_word' id='word_1_382' title='bbox 255 3439 474 3524; x_wconf 73' lang='grc' dir='ltr'>φόϐοις,</span> <span class='ocrx_word' id='word_1_383' title='bbox 520 3445 733 3520; x_wconf 79' lang='grc' dir='ltr'>ὑψηλὸς</span> <span class='ocrx_word' id='word_1_384' title='bbox 791 3445 1037 3520; x_wconf 78' lang='grc' dir='ltr'>ἰδιώτης,</span> <span class='ocrx_word' id='word_1_385' title='bbox 1087 3447 1272 3526; x_wconf 77' lang='grc' dir='ltr'>ἄρχων</span> <span class='ocrx_word' id='word_1_386' title='bbox 1333 3449 1598 3520; x_wconf 74' lang='grc' dir='ltr'>ἐπιεικης,</span> <span class='ocrx_word' id='word_1_387' title='bbox 1651 3451 1742 3505; x_wconf 85' lang='grc' dir='ltr'>τὸν</span> <span class='ocrx_word' id='word_1_388' title='bbox 1808 3451 1902 3522; x_wconf 72' lang='grc' dir='ltr'>μὲν</span> 
     </span>
    </p>
   </div>
   <div class='ocr_carea' id='block_1_54' title="bbox 259 3532 1901 3616">
    <p class='ocr_par' dir='ltr' id='par_1_54' title="bbox 259 3532 1901 3616">
     <span class='ocr_line' id='line_1_54' title="bbox 259 3532 1901 3616; baseline 0.004 -29"><span class='ocrx_word' id='word_1_389' title='bbox 259 3532 490 3604; x_wconf 78' lang='grc' dir='ltr'>ἰδιώτην</span> <span class='ocrx_word' id='word_1_390' title='bbox 543 3536 930 3610; x_wconf 78' lang='grc' dir='ltr'>ἀποσεμνύνων</span> <span class='ocrx_word' id='word_1_391' title='bbox 981 3541 1314 3614; x_wconf 71' lang='grc' dir='ltr'>φρονήματι,</span> <span class='ocrx_word' id='word_1_392' title='bbox 1347 3539 1500 3615; x_wconf 84' lang='grc' dir='ltr'>λόγῳ</span> <span class='ocrx_word' id='word_1_393' title='bbox 1547 3537 1604 3594; x_wconf 71' lang='grc' dir='ltr'>δὲ</span> <span class='ocrx_word' id='word_1_394' title='bbox 1649 3539 1901 3616; x_wconf 72' lang='grc' dir='ltr'>πραΰνων</span> 
     </span>
    </p>
   </div>
   <div class='ocr_carea' id='block_1_55' title="bbox 253 3622 1902 3702">
    <p class='ocr_par' dir='ltr' id='par_1_55' title="bbox 253 3622 1902 3702">
     <span class='ocr_line' id='line_1_55' title="bbox 253 3622 1902 3702; baseline 0.002 -25"><span class='ocrx_word' id='word_1_395' title='bbox 253 3624 322 3678; x_wconf 79' lang='grc' dir='ltr'>τὸ</span> <span class='ocrx_word' id='word_1_396' title='bbox 351 3630 452 3692; x_wconf 78' lang='grc' dir='ltr'>τῆς</span> <span class='ocrx_word' id='word_1_397' title='bbox 483 3624 730 3693; x_wconf 63' lang='grc' dir='ltr'>ἔξουσίας</span> <span class='ocrx_word' id='word_1_398' title='bbox 753 3622 1098 3683; x_wconf 78' lang='grc' dir='ltr'>αὐθέκαστον.</span> <span class='ocrx_word' id='word_1_399' title='bbox 1124 3626 1299 3682; x_wconf 78' lang='grc' dir='ltr'>’Δλλά</span> <span class='ocrx_word' id='word_1_400' title='bbox 1332 3631 1436 3700; x_wconf 76' lang='grc' dir='ltr'>μὴν</span> <span class='ocrx_word' id='word_1_401' title='bbox 1470 3629 1558 3682; x_wconf 77' lang='grc' dir='ltr'>καὶ</span> <span class='ocrx_word' id='word_1_402' title='bbox 1591 3631 1688 3698; x_wconf 73' lang='grc' dir='ltr'>τὴν</span> <span class='ocrx_word' id='word_1_403' title='bbox 1721 3629 1902 3702; x_wconf 83' lang='grc' dir='ltr'>τύχην</span> 
     </span>
    </p>
   </div>
   <div class='ocr_carea' id='block_1_56' title="bbox 189 3707 1902 3788">
    <p class='ocr_par' dir='ltr' id='par_1_56' title="bbox 189 3707 1902 3788">
     <span class='ocr_line' id='line_1_56' title="bbox 189 3707 1902 3788; baseline 0.005 -27"><span class='ocrx_word' id='word_1_404' title='bbox 189 3727 194 3736; x_wconf 92' lang='grc'><strong>·</strong></span> <span class='ocrx_word' id='word_1_405' title='bbox 257 3707 400 3770; x_wconf 77' lang='grc' dir='ltr'>ἰδοις</span> <span class='ocrx_word' id='word_1_406' title='bbox 439 3709 500 3764; x_wconf 72' lang='grc' dir='ltr'>ἂν</span> <span class='ocrx_word' id='word_1_407' title='bbox 550 3709 732 3786; x_wconf 82' lang='grc' dir='ltr'>ὥσπερ</span> <span class='ocrx_word' id='word_1_408' title='bbox 779 3711 829 3782; x_wconf 81' lang='grc' dir='ltr'>ἐξ</span> <span class='ocrx_word' id='word_1_409' title='bbox 877 3711 1064 3784; x_wconf 76' lang='grc' dir='ltr'>οὐρίας</span> <span class='ocrx_word' id='word_1_410' title='bbox 1110 3713 1200 3766; x_wconf 84' lang='grc' dir='ltr'>τὸν</span> <span class='ocrx_word' id='word_1_411' title='bbox 1247 3712 1404 3768; x_wconf 74' lang='grc' dir='ltr'>τοῦδε</span> <span class='ocrx_word' id='word_1_412' title='bbox 1457 3715 1574 3788; x_wconf 84' lang='grc' dir='ltr'>βίον</span> <span class='ocrx_word' id='word_1_413' title='bbox 1619 3735 1902 3788; x_wconf 83' lang='grc' dir='ltr'>συμπαρα-</span> 
     </span>
    </p>
   </div>
   <div class='ocr_carea' id='block_1_57' title="bbox 257 3797 1906 3878">
    <p class='ocr_par' dir='ltr' id='par_1_57' title="bbox 257 3797 1906 3878">
     <span class='ocr_line' id='line_1_57' title="bbox 257 3797 1906 3878; baseline 0.003 -25"><span class='ocrx_word' id='word_1_414' title='bbox 257 3799 602 3872; x_wconf 81' lang='grc' dir='ltr'>πέμπουσαν.</span> <span class='ocrx_word' id='word_1_415' title='bbox 639 3797 950 3876; x_wconf 69' lang='grc' dir='ltr'>Πρεσϐύτης</span> <span class='ocrx_word' id='word_1_416' title='bbox 997 3823 1080 3863; x_wconf 88' lang='grc' dir='ltr'>τις</span> <span class='ocrx_word' id='word_1_417' title='bbox 1123 3803 1190 3872; x_wconf 81' lang='grc' dir='ltr'>ἧν</span> <span class='ocrx_word' id='word_1_418' title='bbox 1245 3803 1438 3876; x_wconf 85' lang='grc' dir='ltr'>σεμνὸς</span> <span class='ocrx_word' id='word_1_419' title='bbox 1490 3801 1642 3870; x_wconf 76' lang='grc' dir='ltr'>ἰδεῖν,</span> <span class='ocrx_word' id='word_1_420' title='bbox 1672 3804 1906 3878; x_wconf 77' lang='grc' dir='ltr'>ἀρχαῖος</span> 
     </span>
    </p>
   </div>
   <div class='ocr_carea' id='block_1_58' title="bbox 257 3887 1901 3971">
    <p class='ocr_par' dir='ltr' id='par_1_58' title="bbox 257 3887 1901 3971">
     <span class='ocr_line' id='line_1_58' title="bbox 257 3887 1901 3971; baseline 0.001 -27"><span class='ocrx_word' id='word_1_421' title='bbox 257 3890 352 3944; x_wconf 80' lang='grc' dir='ltr'>τὸν</span> <span class='ocrx_word' id='word_1_422' title='bbox 396 3889 534 3964; x_wconf 77' lang='grc' dir='ltr'>βίον,</span> <span class='ocrx_word' id='word_1_423' title='bbox 574 3890 669 3946; x_wconf 83' lang='grc' dir='ltr'>τὸν</span> <span class='ocrx_word' id='word_1_424' title='bbox 719 3887 885 3966; x_wconf 89' lang='grc' dir='ltr'>λόγον</span> <span class='ocrx_word' id='word_1_425' title='bbox 946 3891 1164 3965; x_wconf 80' lang='grc' dir='ltr'>ὅμοιος.</span> <span class='ocrx_word' id='word_1_426' title='bbox 1215 3893 1389 3971; x_wconf 69' lang='grc' dir='ltr'>Σοφὸς</span> <span class='ocrx_word' id='word_1_427' title='bbox 1431 3893 1619 3960; x_wconf 70' lang='grc' dir='ltr'>εἷπεῐν,</span> <span class='ocrx_word' id='word_1_428' title='bbox 1669 3892 1901 3964; x_wconf 80' lang='grc' dir='ltr'>ἀμείνων</span> 
     </span>
    </p>
   </div>
   <div class='ocr_carea' id='block_1_59' title="bbox 259 3978 1905 4057">
    <p class='ocr_par' dir='ltr' id='par_1_59' title="bbox 259 3978 1905 4057">
     <span class='ocr_line' id='line_1_59' title="bbox 259 3978 1905 4057; baseline 0.001 -24"><span class='ocrx_word' id='word_1_429' title='bbox 259 3979 509 4048; x_wconf 74' lang='grc' dir='ltr'>ἃκοῦσαι,</span> <span class='ocrx_word' id='word_1_430' title='bbox 541 3981 606 4034; x_wconf 72' lang='grc' dir='ltr'>τά</span> <span class='ocrx_word' id='word_1_431' title='bbox 653 3979 826 4034; x_wconf 85' lang='grc' dir='ltr'>πάντα</span> <span class='ocrx_word' id='word_1_432' title='bbox 859 3987 1132 4056; x_wconf 87' lang='grc' dir='ltr'>γενναῖος,</span> <span class='ocrx_word' id='word_1_433' title='bbox 1181 3983 1409 4057; x_wconf 73' lang='grc' dir='ltr'>Πληρης</span> <span class='ocrx_word' id='word_1_434' title='bbox 1442 3980 1499 4037; x_wconf 72' lang='grc' dir='ltr'>δὲ</span> <span class='ocrx_word' id='word_1_435' title='bbox 1547 3978 1618 4036; x_wconf 78' lang='grc' dir='ltr'>ὢν</span> <span class='ocrx_word' id='word_1_436' title='bbox 1652 3979 1762 4052; x_wconf 69' lang='grc' dir='ltr'>ἤδη</span> <span class='ocrx_word' id='word_1_437' title='bbox 1809 3981 1905 4036; x_wconf 77' lang='grc' dir='ltr'>τοῦ</span> 
     </span>
    </p>
   </div>
   <div class='ocr_carea' id='block_1_60' title="bbox 255 4067 1906 4150">
    <p class='ocr_par' dir='ltr' id='par_1_60' title="bbox 255 4067 1906 4150">
     <span class='ocr_line' id='line_1_60' title="bbox 255 4067 1906 4150; baseline 0.001 -28"><span class='ocrx_word' id='word_1_438' title='bbox 255 4067 478 4138; x_wconf 80' lang='grc' dir='ltr'>κλέους,</span> <span class='ocrx_word' id='word_1_439' title='bbox 537 4071 624 4122; x_wconf 83' lang='grc' dir='ltr'>καὶ</span> <span class='ocrx_word' id='word_1_440' title='bbox 674 4075 848 4124; x_wconf 78' lang='grc' dir='ltr'>πᾶσαν</span> <span class='ocrx_word' id='word_1_441' title='bbox 892 4071 970 4132; x_wconf 83' lang='grc' dir='ltr'>εἷς</span> <span class='ocrx_word' id='word_1_442' title='bbox 1016 4070 1202 4126; x_wconf 73' lang='grc' dir='ltr'>ἑαυτὸν</span> <span class='ocrx_word' id='word_1_443' title='bbox 1255 4069 1588 4150; x_wconf 66' lang='grc' dir='ltr'>ἐπιστρέφων</span> <span class='ocrx_word' id='word_1_444' title='bbox 1641 4071 1738 4139; x_wconf 69' lang='grc' dir='ltr'>τὴν</span> <span class='ocrx_word' id='word_1_445' title='bbox 1777 4069 1906 4125; x_wconf 80' lang='grc' dir='ltr'>Ἑλ-</span> 
     </span>
    </p>
   </div>
   <div class='ocr_carea' id='block_1_61' title="bbox 257 4153 1906 4236">
    <p class='ocr_par' dir='ltr' id='par_1_61' title="bbox 257 4153 1906 4236">
     <span class='ocr_line' id='line_1_61' title="bbox 257 4153 1906 4236; baseline 0.001 -24"><span class='ocrx_word' id='word_1_446' title='bbox 257 4155 422 4224; x_wconf 78' lang='grc' dir='ltr'>λάδα,</span> <span class='ocrx_word' id='word_1_447' title='bbox 483 4153 746 4214; x_wconf 73' lang='grc' dir='ltr'>διαϐαίνει</span> <span class='ocrx_word' id='word_1_448' title='bbox 796 4162 884 4215; x_wconf 89' lang='grc' dir='ltr'>καί</span> <span class='ocrx_word' id='word_1_449' title='bbox 947 4159 1023 4222; x_wconf 78' lang='grc' dir='ltr'>εἷς</span> <span class='ocrx_word' id='word_1_450' title='bbox 1067 4158 1294 4236; x_wconf 84' lang='grc' dir='ltr'>βασιλέα</span> <span class='ocrx_word' id='word_1_451' title='bbox 1355 4166 1432 4232; x_wconf 81' lang='grc' dir='ltr'>τῷ</span> <span class='ocrx_word' id='word_1_452' title='bbox 1489 4163 1746 4234; x_wconf 84' lang='grc' dir='ltr'>θαύματι,</span> <span class='ocrx_word' id='word_1_453' title='bbox 1779 4161 1906 4232; x_wconf 78' lang='grc' dir='ltr'>πρὶν</span> 
     </span>
    </p>
   </div>
   <div class='ocr_carea' id='block_1_62' title="bbox 261 4245 1904 4326">
    <p class='ocr_par' dir='ltr' id='par_1_62' title="bbox 261 4245 1904 4326">
     <span class='ocr_line' id='line_1_62' title="bbox 261 4245 1904 4326; baseline 0.005 -28"><span class='ocrx_word' id='word_1_454' title='bbox 261 4246 550 4316; x_wconf 70' lang='grc' dir='ltr'>ὑπηνήτης</span> <span class='ocrx_word' id='word_1_455' title='bbox 599 4245 865 4320; x_wconf 84' lang='grc' dir='ltr'>γενέσθαι,</span> <span class='ocrx_word' id='word_1_456' title='bbox 915 4249 1042 4324; x_wconf 78' lang='grc' dir='ltr'>πρὶν</span> <span class='ocrx_word' id='word_1_457' title='bbox 1093 4251 1423 4324; x_wconf 76' lang='grc' dir='ltr'>καθερπύσαι</span> <span class='ocrx_word' id='word_1_458' title='bbox 1475 4253 1564 4306; x_wconf 87' lang='grc' dir='ltr'>τὸν</span> <span class='ocrx_word' id='word_1_459' title='bbox 1611 4257 1826 4326; x_wconf 81' lang='grc' dir='ltr'>πρῶτον</span> <span class='ocrx_word' id='word_1_460' title='bbox 1862 4257 1904 4290; x_wconf 82' lang='grc'>²⁷</span> 
     </span>
    </p>
   </div>
   <div class='ocr_carea' id='block_1_63' title="bbox 257 4331 1906 4416">
    <p class='ocr_par' dir='ltr' id='par_1_63' title="bbox 257 4331 1906 4416">
     <span class='ocr_line' id='line_1_63' title="bbox 257 4331 1906 4416; baseline 0.005 -29"><span class='ocrx_word' id='word_1_461' title='bbox 257 4331 470 4389; x_wconf 77' lang='grc' dir='ltr'>ἴουλον.</span> <span class='ocrx_word' id='word_1_462' title='bbox 503 4340 742 4406; x_wconf 79' lang='grc' dir='ltr'>ιιοιητοῦ</span> <span class='ocrx_word' id='word_1_463' title='bbox 765 4337 812 4372; x_wconf 62' lang='grc'>2⁸</span> <span class='ocrx_word' id='word_1_464' title='bbox 843 4333 898 4391; x_wconf 74' lang='grc' dir='ltr'>δὲ</span> <span class='ocrx_word' id='word_1_465' title='bbox 927 4335 1031 4410; x_wconf 75' lang='grc' dir='ltr'>ἄρα</span> <span class='ocrx_word' id='word_1_466' title='bbox 1059 4338 1124 4406; x_wconf 83' lang='grc' dir='ltr'>ἧν</span> <span class='ocrx_word' id='word_1_467' title='bbox 1151 4338 1374 4394; x_wconf 69' lang='grc' dir='ltr'>ἐνταῦθα</span> <span class='ocrx_word' id='word_1_468' title='bbox 1403 4345 1500 4395; x_wconf 73' lang='grc' dir='ltr'>τοῦ</span> <span class='ocrx_word' id='word_1_469' title='bbox 1527 4343 1690 4415; x_wconf 80' lang='grc' dir='ltr'>λόγου</span> <span class='ocrx_word' id='word_1_470' title='bbox 1724 4341 1906 4416; x_wconf 68' lang='grc' dir='ltr'>ῥόδοις</span> 
     </span>
    </p>
   </div>
   <div class='ocr_carea' id='block_1_64' title="bbox 261 4421 1906 4502">
    <p class='ocr_par' dir='ltr' id='par_1_64' title="bbox 261 4421 1906 4502">
     <span class='ocr_line' id='line_1_64' title="bbox 261 4421 1906 4502; baseline 0.007 -26"><span class='ocrx_word' id='word_1_471' title='bbox 261 4423 362 4496; x_wconf 68' lang='grc' dir='ltr'>μέν</span> <span class='ocrx_word' id='word_1_472' title='bbox 408 4421 697 4493; x_wconf 71' lang='grc' dir='ltr'>ἀναπλέξαι</span> <span class='ocrx_word' id='word_1_473' title='bbox 743 4425 836 4480; x_wconf 90' lang='grc' dir='ltr'>τὸν</span> <span class='ocrx_word' id='word_1_474' title='bbox 893 4427 1175 4500; x_wconf 73' lang='grc' dir='ltr'>στέφανον,</span> <span class='ocrx_word' id='word_1_475' title='bbox 1225 4427 1370 4502; x_wconf 79' lang='grc' dir='ltr'>ἄγειν</span> <span class='ocrx_word' id='word_1_476' title='bbox 1421 4427 1477 4484; x_wconf 79' lang='grc' dir='ltr'>δὲ</span> <span class='ocrx_word' id='word_1_477' title='bbox 1527 4429 1578 4500; x_wconf 78' lang='grc' dir='ltr'>ἐξ</span> <span class='ocrx_word' id='word_1_478' title='bbox 1611 4431 1906 4494; x_wconf 84' lang='grc' dir='ltr'>Ἑλικῶνος</span> 
     </span>
    </p>
   </div>
   <div class='ocr_carea' id='block_1_65' title="bbox 255 4510 1906 4588">
    <p class='ocr_par' dir='ltr' id='par_1_65' title="bbox 255 4510 1906 4588">
     <span class='ocr_line' id='line_1_65' title="bbox 255 4510 1906 4588; baseline 0.007 -24"><span class='ocrx_word' id='word_1_479' title='bbox 255 4510 354 4573; x_wconf 70' lang='grc' dir='ltr'>τας</span> <span class='ocrx_word' id='word_1_480' title='bbox 387 4511 624 4574; x_wconf 80' lang='grc' dir='ltr'>Μούσας.</span> <span class='ocrx_word' id='word_1_481' title='bbox 675 4513 804 4588; x_wconf 82' lang='grc' dir='ltr'>Περὶ</span> <span class='ocrx_word' id='word_1_482' title='bbox 842 4516 940 4582; x_wconf 76' lang='grc' dir='ltr'>την</span> <span class='ocrx_word' id='word_1_483' title='bbox 988 4515 1148 4570; x_wconf 86' lang='grc' dir='ltr'>πόλιν</span> <span class='ocrx_word' id='word_1_484' title='bbox 1199 4515 1424 4588; x_wconf 84' lang='grc' dir='ltr'>ἐκείνην,</span> <span class='ocrx_word' id='word_1_485' title='bbox 1455 4519 1516 4587; x_wconf 74' lang='grc' dir='ltr'>ἣν</span> <span class='ocrx_word' id='word_1_486' title='bbox 1563 4519 1669 4574; x_wconf 81' lang='grc' dir='ltr'>ἀπὸ</span> <span class='ocrx_word' id='word_1_487' title='bbox 1721 4518 1906 4576; x_wconf 79' lang='grc' dir='ltr'>Γαδεί-</span> 
     </span>
    </p>
   </div>
   <div class='ocr_carea' id='block_1_66' title="bbox 261 4601 1908 4682">
    <p class='ocr_par' dir='ltr' id='par_1_66' title="bbox 261 4601 1908 4682">
     <span class='ocr_line' id='line_1_66' title="bbox 261 4601 1908 4682; baseline 0.007 -28"><span class='ocrx_word' id='word_1_488' title='bbox 261 4621 372 4676; x_wconf 85' lang='grc' dir='ltr'>ρων</span> <span class='ocrx_word' id='word_1_489' title='bbox 435 4601 668 4675; x_wconf 69' lang='grc' dir='ltr'>Εὖρώπη</span> <span class='ocrx_word' id='word_1_490' title='bbox 723 4601 972 4678; x_wconf 74' lang='grc' dir='ltr'>λήγουσα</span> <span class='ocrx_word' id='word_1_491' title='bbox 1021 4607 1258 4679; x_wconf 83' lang='grc' dir='ltr'>πορθμῷ</span> <span class='ocrx_word' id='word_1_492' title='bbox 1309 4607 1584 4678; x_wconf 74' lang='grc' dir='ltr'>Θαλάσσης</span> <span class='ocrx_word' id='word_1_493' title='bbox 1635 4612 1770 4682; x_wconf 86' lang='grc' dir='ltr'>πρὸς</span> <span class='ocrx_word' id='word_1_494' title='bbox 1807 4611 1908 4679; x_wconf 74' lang='grc' dir='ltr'>την</span> 
     </span>
    </p>
   </div>
   <div class='ocr_carea' id='block_1_67' title="bbox 261 4689 1906 4773">
    <p class='ocr_par' dir='ltr' id='par_1_67' title="bbox 261 4689 1906 4773">
     <span class='ocr_line' id='line_1_67' title="bbox 261 4689 1906 4773; baseline 0.005 -28"><span class='ocrx_word' id='word_1_495' title='bbox 261 4689 447 4745; x_wconf 73' lang='grc' dir='ltr'>Ἀσίαν</span> <span class='ocrx_word' id='word_1_496' title='bbox 501 4691 797 4766; x_wconf 86' lang='grc' dir='ltr'>μερίζεται.</span> <span class='ocrx_word' id='word_1_497' title='bbox 849 4692 1082 4749; x_wconf 86' lang='grc' dir='ltr'>Ἢλασεν</span> <span class='ocrx_word' id='word_1_498' title='bbox 1137 4696 1294 4757; x_wconf 80' lang='grc' dir='ltr'>οὗτος</span> <span class='ocrx_word' id='word_1_499' title='bbox 1353 4697 1442 4751; x_wconf 82' lang='grc' dir='ltr'>καὶ</span> <span class='ocrx_word' id='word_1_500' title='bbox 1499 4699 1616 4753; x_wconf 84' lang='grc' dir='ltr'>κατ’</span> <span class='ocrx_word' id='word_1_501' title='bbox 1667 4701 1906 4773; x_wconf 77' lang='grc' dir='ltr'>Ἴστρου,</span> 
     </span>
    </p>
   </div>
   <div class='ocr_carea' id='block_1_68' title="bbox 261 4779 1910 4862">
    <p class='ocr_par' dir='ltr' id='par_1_68' title="bbox 261 4779 1910 4862">
     <span class='ocr_line' id='line_1_68' title="bbox 261 4779 1910 4862; baseline 0.006 -27"><span class='ocrx_word' id='word_1_502' title='bbox 261 4781 352 4835; x_wconf 82' lang='grc' dir='ltr'>καὶ</span> <span class='ocrx_word' id='word_1_503' title='bbox 395 4781 640 4854; x_wconf 85' lang='grc' dir='ltr'>ποταμὸν</span> <span class='ocrx_word' id='word_1_504' title='bbox 693 4781 794 4836; x_wconf 76' lang='grc' dir='ltr'>οὐκ</span> <span class='ocrx_word' id='word_1_505' title='bbox 831 4781 1001 4838; x_wconf 78' lang='grc' dir='ltr'>ἔδεισε</span> <span class='ocrx_word' id='word_1_506' title='bbox 1058 4779 1332 4859; x_wconf 74' lang='grc' dir='ltr'>βάρϐαρον</span> <span class='ocrx_word' id='word_1_507' title='bbox 1379 4786 1704 4862; x_wconf 86' lang='grc' dir='ltr'>κρυστάλλῳ</span> <span class='ocrx_word' id='word_1_508' title='bbox 1751 4788 1910 4845; x_wconf 81' lang='grc' dir='ltr'>πεδία</span> 
     </span>
    </p>
   </div>
   <div class='ocr_carea' id='block_1_69' title="bbox 262 4868 1910 4952">
    <p class='ocr_par' dir='ltr' id='par_1_69' title="bbox 262 4868 1910 4952">
     <span class='ocr_line' id='line_1_69' title="bbox 262 4868 1910 4952; baseline 0.007 -31"><span class='ocrx_word' id='word_1_509' title='bbox 262 4868 632 4942; x_wconf 79' lang='grc' dir='ltr'>μιμούμενον.</span> <span class='ocrx_word' id='word_1_510' title='bbox 669 4872 816 4926; x_wconf 83' lang='grc' dir='ltr'>Ἐπεί</span> <span class='ocrx_word' id='word_1_511' title='bbox 867 4869 922 4926; x_wconf 78' lang='grc' dir='ltr'>δὲ</span> <span class='ocrx_word' id='word_1_512' title='bbox 968 4873 1087 4934; x_wconf 82' lang='grc' dir='ltr'>θεὸς</span> <span class='ocrx_word' id='word_1_513' title='bbox 1135 4874 1274 4948; x_wconf 80' lang='grc' dir='ltr'>πρὸς</span> <span class='ocrx_word' id='word_1_514' title='bbox 1315 4880 1484 4930; x_wconf 75' lang='grc' dir='ltr'>πᾶσαν</span> <span class='ocrx_word' id='word_1_515' title='bbox 1525 4876 1683 4932; x_wconf 82' lang='grc' dir='ltr'>αὐτὸν</span> <span class='ocrx_word' id='word_1_516' title='bbox 1713 4877 1910 4952; x_wconf 70' lang='grc' dir='ltr'>ἀρετὴν</span> 
     </span>
    </p>
   </div>
   <div class='ocr_carea' id='block_1_70' title="bbox 257 4955 1908 5034">
    <p class='ocr_par' dir='ltr' id='par_1_70' title="bbox 257 4955 1908 5034">
     <span class='ocr_line' id='line_1_70' title="bbox 257 4955 1908 5034; baseline 0.006 -20"><span class='ocrx_word' id='word_1_517' title='bbox 257 4955 562 5032; x_wconf 71' lang='grc' dir='ltr'>ἀκριϐώσαι</span> <span class='ocrx_word' id='word_1_518' title='bbox 623 4959 986 5034; x_wconf 79' lang='grc' dir='ltr'>βουλόμενος,</span> <span class='ocrx_word' id='word_1_519' title='bbox 1048 4964 1134 5018; x_wconf 81' lang='grc' dir='ltr'>καὶ</span> <span class='ocrx_word' id='word_1_520' title='bbox 1203 4963 1295 5018; x_wconf 80' lang='grc' dir='ltr'>ἀπ’</span> <span class='ocrx_word' id='word_1_521' title='bbox 1352 4964 1590 5030; x_wconf 83' lang='grc' dir='ltr'>ἐναντίας</span> <span class='ocrx_word' id='word_1_522' title='bbox 1659 4968 1790 5023; x_wconf 76' lang='grc' dir='ltr'>ποτὲ</span> <span class='ocrx_word' id='word_1_523' title='bbox 1845 4967 1908 5024; x_wconf 79' lang='grc' dir='ltr'>τὸ</span> 
     </span>
    </p>
   </div>
   <div class='ocr_carea' id='block_1_71' title="bbox 253 5045 1908 5124">
    <p class='ocr_par' dir='ltr' id='par_1_71' title="bbox 253 5045 1908 5124">
     <span class='ocr_line' id='line_1_71' title="bbox 253 5045 1908 5124; baseline 0.005 -22"><span class='ocrx_word' id='word_1_524' title='bbox 253 5052 474 5121; x_wconf 71' lang='grc' dir='ltr'>πνεῦμα</span> <span class='ocrx_word' id='word_1_525' title='bbox 519 5052 620 5114; x_wconf 79' lang='grc' dir='ltr'>τῆς</span> <span class='ocrx_word' id='word_1_526' title='bbox 657 5049 836 5124; x_wconf 87' lang='grc' dir='ltr'>τύχης</span> <span class='ocrx_word' id='word_1_527' title='bbox 884 5045 1129 5122; x_wconf 79' lang='grc' dir='ltr'>ἔστησεν,</span> <span class='ocrx_word' id='word_1_528' title='bbox 1175 5051 1249 5108; x_wconf 73' lang='grc' dir='ltr'>’ἶν’</span> <span class='ocrx_word' id='word_1_529' title='bbox 1281 5055 1395 5116; x_wconf 79' lang='grc' dir='ltr'>οἷος</span> <span class='ocrx_word' id='word_1_530' title='bbox 1451 5055 1517 5123; x_wconf 80' lang='grc' dir='ltr'>ἦν</span> <span class='ocrx_word' id='word_1_531' title='bbox 1545 5058 1608 5124; x_wconf 62' lang='grc'>³9,</span> <span class='ocrx_word' id='word_1_532' title='bbox 1659 5061 1908 5120; x_wconf 78' lang='grc' dir='ltr'>τοιοῦτος</span> 
     </span>
    </p>
   </div>
   <div class='ocr_carea' id='block_1_72' title="bbox 251 5137 1910 5220">
    <p class='ocr_par' dir='ltr' id='par_1_72' title="bbox 251 5137 1910 5220">
     <span class='ocr_line' id='line_1_72' title="bbox 251 5137 1910 5220; baseline 0.005 -30"><span class='ocrx_word' id='word_1_533' title='bbox 251 5139 354 5205; x_wconf 75' lang='grc' dir='ltr'>τήν</span> <span class='ocrx_word' id='word_1_534' title='bbox 389 5137 620 5214; x_wconf 82' lang='grc' dir='ltr'>γνώμην</span> <span class='ocrx_word' id='word_1_535' title='bbox 661 5137 752 5194; x_wconf 80' lang='grc' dir='ltr'>καὶ</span> <span class='ocrx_word' id='word_1_536' title='bbox 807 5138 858 5194; x_wconf 85' lang='grc' dir='ltr'>έν</span> <span class='ocrx_word' id='word_1_537' title='bbox 889 5140 1206 5214; x_wconf 79' lang='grc' dir='ltr'>τρικυμίαις</span> <span class='ocrx_word' id='word_1_538' title='bbox 1257 5145 1590 5218; x_wconf 83' lang='grc' dir='ltr'>πραγμάτων</span> <span class='ocrx_word' id='word_1_539' title='bbox 1641 5145 1732 5200; x_wconf 83' lang='grc' dir='ltr'>καὶ</span> <span class='ocrx_word' id='word_1_540' title='bbox 1781 5165 1910 5220; x_wconf 83' lang='grc' dir='ltr'>χει-</span> 
     </span>
    </p>
   </div>
   <div class='ocr_carea' id='block_1_73' title="bbox 257 5225 1908 5308">
    <p class='ocr_par' dir='ltr' id='par_1_73' title="bbox 257 5225 1908 5308">
     <span class='ocr_line' id='line_1_73' title="bbox 257 5225 1908 5308; baseline 0.005 -30"><span class='ocrx_word' id='word_1_541' title='bbox 257 5229 406 5300; x_wconf 84' lang='grc' dir='ltr'>μῶνι</span> <span class='ocrx_word' id='word_1_542' title='bbox 443 5225 566 5300; x_wconf 79' lang='grc' dir='ltr'>βίου</span> <span class='ocrx_word' id='word_1_543' title='bbox 601 5225 848 5302; x_wconf 82' lang='grc' dir='ltr'>δειχθείη</span> <span class='ocrx_word' id='word_1_544' title='bbox 883 5236 1000 5294; x_wconf 81' lang='grc' dir='ltr'>τοῖς</span> <span class='ocrx_word' id='word_1_545' title='bbox 1037 5235 1164 5286; x_wconf 77' lang='grc' dir='ltr'>πᾶσι</span> <span class='ocrx_word' id='word_1_546' title='bbox 1205 5233 1294 5286; x_wconf 84' lang='grc' dir='ltr'>καὶ</span> <span class='ocrx_word' id='word_1_547' title='bbox 1325 5233 1440 5286; x_wconf 87' lang='grc' dir='ltr'>κατ’</span> <span class='ocrx_word' id='word_1_548' title='bbox 1473 5233 1602 5289; x_wconf 77' lang='grc' dir='ltr'>αὐτὸ</span> <span class='ocrx_word' id='word_1_549' title='bbox 1643 5235 1704 5289; x_wconf 79' lang='grc' dir='ltr'>τὸ</span> <span class='ocrx_word' id='word_1_550' title='bbox 1739 5237 1908 5308; x_wconf 85' lang='grc' dir='ltr'>μέρος</span> 
     </span>
    </p>
   </div>
   <div class='ocr_carea' id='block_1_74' title="bbox 331 5357 768 5416">
    <p class='ocr_par' dir='ltr' id='par_1_74' title="bbox 331 5357 768 5416">
     <span class='ocr_line' id='line_1_74' title="bbox 331 5357 768 5416; baseline 0.005 -6"><span class='ocrx_word' id='word_1_551' title='bbox 331 5371 352 5396; x_wconf 78' lang='grc' dir='ltr'><em>ι</em></span> <span class='ocrx_word' id='word_1_552' title='bbox 393 5357 589 5416; x_wconf 82' lang='lat' dir='ltr'>Horat.</span> <span class='ocrx_word' id='word_1_553' title='bbox 622 5357 768 5414; x_wconf 68' lang='lat' dir='ltr'>Oder.</span> 
     </span>
    </p>
   </div>
   <div class='ocr_carea' id='block_1_75' title="bbox 2019 1933 3664 2009">
    <p class='ocr_par' dir='ltr' id='par_1_75' title="bbox 2019 1933 3664 2009">
     <span class='ocr_line' id='line_1_75' title="bbox 2019 1933 3664 2009; baseline -0.001 -16"><span class='ocrx_word' id='word_1_554' title='bbox 2019 1941 2082 1993; x_wconf 90' lang='lat' dir='ltr'>ut</span> <span class='ocrx_word' id='word_1_555' title='bbox 2113 1936 2390 1994; x_wconf 84' lang='lat' dir='ltr'>hauriant</span> <span class='ocrx_word' id='word_1_556' title='bbox 2429 1936 2530 2009; x_wconf 90' lang='lat' dir='ltr'>qui</span> <span class='ocrx_word' id='word_1_557' title='bbox 2568 1953 2598 1993; x_wconf 92' lang='lat' dir='ltr'>e</span> <span class='ocrx_word' id='word_1_558' title='bbox 2629 1953 2848 2009; x_wconf 84' lang='lat' dir='ltr'>sponsa</span> <span class='ocrx_word' id='word_1_559' title='bbox 2877 1939 3038 2002; x_wconf 89' lang='lat' dir='ltr'>sunt,</span> <span class='ocrx_word' id='word_1_560' title='bbox 3071 1936 3228 2006; x_wconf 89' lang='lat' dir='ltr'>quod</span> <span class='ocrx_word' id='word_1_561' title='bbox 3270 1933 3458 1990; x_wconf 75' lang='lat'>3701)</span> <span class='ocrx_word' id='word_1_562' title='bbox 3491 1935 3664 1992; x_wconf 88' lang='lat' dir='ltr'>etiam</span> 
     </span>
    </p>
   </div>
   <div class='ocr_carea' id='block_1_76' title="bbox 2015 2023 3660 2095">
    <p class='ocr_par' dir='ltr' id='par_1_76' title="bbox 2015 2023 3660 2095">
     <span class='ocr_line' id='line_1_76' title="bbox 2015 2023 3660 2095; baseline -0.001 -13"><span class='ocrx_word' id='word_1_563' title='bbox 2015 2031 2217 2082; x_wconf 86' lang='lat' dir='ltr'>contra</span> <span class='ocrx_word' id='word_1_564' title='bbox 2238 2025 2508 2082; x_wconf 87' lang='lat' dir='ltr'>virtutem</span> <span class='ocrx_word' id='word_1_565' title='bbox 2529 2025 2746 2082; x_wconf 82' lang='lat' dir='ltr'>factum</span> <span class='ocrx_word' id='word_1_566' title='bbox 2767 2027 3191 2095; x_wconf 84' lang='lat' dir='ltr'>esl.Promptus</span> <span class='ocrx_word' id='word_1_567' title='bbox 3217 2023 3284 2079; x_wconf 86' lang='lat' dir='ltr'>ad</span> <span class='ocrx_word' id='word_1_568' title='bbox 3315 2024 3660 2080; x_wconf 87' lang='lat' dir='ltr'>discendum</span> 
     </span>
    </p>
   </div>
   <div class='ocr_carea' id='block_1_77' title="bbox 2013 2111 3662 2182">
    <p class='ocr_par' dir='ltr' id='par_1_77' title="bbox 2013 2111 3662 2182">
     <span class='ocr_line' id='line_1_77' title="bbox 2013 2111 3662 2182; baseline -0.003 -11"><span class='ocrx_word' id='word_1_569' title='bbox 2013 2114 2100 2172; x_wconf 91' lang='lat' dir='ltr'>illi</span> <span class='ocrx_word' id='word_1_570' title='bbox 2130 2119 2218 2171; x_wconf 82' lang='lat' dir='ltr'>est</span> <span class='ocrx_word' id='word_1_571' title='bbox 2247 2116 2500 2182; x_wconf 88' lang='lat' dir='ltr'>animus,</span> <span class='ocrx_word' id='word_1_572' title='bbox 2525 2114 2679 2172; x_wconf 85' lang='lat' dir='ltr'>celer</span> <span class='ocrx_word' id='word_1_573' title='bbox 2700 2116 2768 2170; x_wconf 90' lang='lat' dir='ltr'>ad</span> <span class='ocrx_word' id='word_1_574' title='bbox 2795 2111 3554 2182; x_wconf 81' lang='lat' dir='ltr'>intelligendum,memoria</span> <span class='ocrx_word' id='word_1_575' title='bbox 3577 2114 3662 2166; x_wconf 84' lang='lat' dir='ltr'>in-</span> 
     </span>
    </p>
   </div>
   <div class='ocr_carea' id='block_1_78' title="bbox 2015 2199 3660 2274">
    <p class='ocr_par' dir='ltr' id='par_1_78' title="bbox 2015 2199 3660 2274">
     <span class='ocr_line' id='line_1_78' title="bbox 2015 2199 3660 2274; baseline -0.004 -14"><span class='ocrx_word' id='word_1_576' title='bbox 2015 2207 2342 2274; x_wconf 84' lang='lat' dir='ltr'>nata,prom</span> <span class='ocrx_word' id='word_1_577' title='bbox 2353 2208 2450 2274; x_wconf 89' lang='lat' dir='ltr'>pta</span> <span class='ocrx_word' id='word_1_578' title='bbox 2468 2210 2552 2258; x_wconf 89' lang='lat' dir='ltr'>csl</span> <span class='ocrx_word' id='word_1_579' title='bbox 2571 2203 2640 2258; x_wconf 90' lang='lat' dir='ltr'>ad</span> <span class='ocrx_word' id='word_1_580' title='bbox 2661 2201 2996 2270; x_wconf 91' lang='lat' dir='ltr'>dicendum,</span> <span class='ocrx_word' id='word_1_581' title='bbox 3013 2201 3086 2256; x_wconf 90' lang='lat' dir='ltr'>ad</span> <span class='ocrx_word' id='word_1_582' title='bbox 3100 2201 3413 2272; x_wconf 84' lang='lat' dir='ltr'>tegendum</span> <span class='ocrx_word' id='word_1_583' title='bbox 3431 2199 3660 2266; x_wconf 90' lang='lat' dir='ltr'>idonea,</span> 
     </span>
    </p>
   </div>
   <div class='ocr_carea' id='block_1_79' title="bbox 2013 2287 3662 2364">
    <p class='ocr_par' dir='ltr' id='par_1_79' title="bbox 2013 2287 3662 2364">
     <span class='ocr_line' id='line_1_79' title="bbox 2013 2287 3662 2364; baseline -0.004 -16"><span class='ocrx_word' id='word_1_584' title='bbox 2013 2292 2084 2348; x_wconf 83' lang='lat' dir='ltr'>ad</span> <span class='ocrx_word' id='word_1_585' title='bbox 2107 2291 2410 2348; x_wconf 89' lang='lat' dir='ltr'>latendum</span> <span class='ocrx_word' id='word_1_586' title='bbox 2435 2291 2708 2364; x_wconf 87' lang='lat' dir='ltr'>paratior.</span> <span class='ocrx_word' id='word_1_587' title='bbox 2735 2291 2850 2346; x_wconf 81' lang='lat' dir='ltr'>Hoc</span> <span class='ocrx_word' id='word_1_588' title='bbox 2871 2287 3526 2362; x_wconf 87' lang='lat' dir='ltr'>sapientius,simulque</span> <span class='ocrx_word' id='word_1_589' title='bbox 3549 2287 3662 2343; x_wconf 92' lang='lat' dir='ltr'>diis</span> 
     </span>
    </p>
   </div>
   <div class='ocr_carea' id='block_1_80' title="bbox 2012 2377 3656 2454">
    <p class='ocr_par' dir='ltr' id='par_1_80' title="bbox 2012 2377 3656 2454">
     <span class='ocr_line' id='line_1_80' title="bbox 2012 2377 3656 2454; baseline -0.002 -18"><span class='ocrx_word' id='word_1_590' title='bbox 2012 2381 2270 2454; x_wconf 81' lang='lat' dir='ltr'>gratius:</span> <span class='ocrx_word' id='word_1_591' title='bbox 2305 2382 2496 2452; x_wconf 88' lang='lat' dir='ltr'>aptior</span> <span class='ocrx_word' id='word_1_592' title='bbox 2523 2397 2656 2436; x_wconf 88' lang='lat' dir='ltr'>vero</span> <span class='ocrx_word' id='word_1_593' title='bbox 2697 2380 2768 2436; x_wconf 89' lang='lat' dir='ltr'>ad</span> <span class='ocrx_word' id='word_1_594' title='bbox 2800 2379 3032 2436; x_wconf 88' lang='lat' dir='ltr'>obvium</span> <span class='ocrx_word' id='word_1_595' title='bbox 3075 2377 3656 2450; x_wconf 86' lang='lat' dir='ltr'>deprehendendum,</span> 
     </span>
    </p>
   </div>
   <div class='ocr_carea' id='block_1_81' title="bbox 2013 2467 3656 2542">
    <p class='ocr_par' dir='ltr' id='par_1_81' title="bbox 2013 2467 3656 2542">
     <span class='ocr_line' id='line_1_81' title="bbox 2013 2467 3656 2542; baseline -0.005 -14"><span class='ocrx_word' id='word_1_596' title='bbox 2013 2469 2305 2542; x_wconf 87' lang='lat' dir='ltr'>voluptate</span> <span class='ocrx_word' id='word_1_597' title='bbox 2335 2470 2559 2536; x_wconf 82' lang='lat' dir='ltr'>fortior,</span> <span class='ocrx_word' id='word_1_598' title='bbox 2591 2469 2850 2526; x_wconf 84' lang='lat' dir='ltr'>amicitia</span> <span class='ocrx_word' id='word_1_599' title='bbox 2880 2469 3140 2538; x_wconf 78' lang='lat' dir='ltr'>inferior,</span> <span class='ocrx_word' id='word_1_600' title='bbox 3174 2483 3278 2538; x_wconf 91' lang='lat' dir='ltr'>per</span> <span class='ocrx_word' id='word_1_601' title='bbox 3306 2467 3656 2538; x_wconf 85' lang='lat' dir='ltr'>sapientiam</span> 
     </span>
    </p>
   </div>
   <div class='ocr_carea' id='block_1_82' title="bbox 2012 2555 3658 2630">
    <p class='ocr_par' dir='ltr' id='par_1_82' title="bbox 2012 2555 3658 2630">
     <span class='ocr_line' id='line_1_82' title="bbox 2012 2555 3658 2630; baseline -0.004 -16"><span class='ocrx_word' id='word_1_602' title='bbox 2012 2575 2268 2628; x_wconf 88' lang='lat' dir='ltr'>summa,</span> <span class='ocrx_word' id='word_1_603' title='bbox 2283 2563 2420 2630; x_wconf 87' lang='lat' dir='ltr'>apta</span> <span class='ocrx_word' id='word_1_604' title='bbox 2439 2559 2512 2614; x_wconf 90' lang='lat' dir='ltr'>ad</span> <span class='ocrx_word' id='word_1_605' title='bbox 2532 2559 2867 2625; x_wconf 87' lang='lat' dir='ltr'>dicendum,</span> <span class='ocrx_word' id='word_1_606' title='bbox 2883 2555 3348 2628; x_wconf 76' lang='lat' dir='ltr'>ineXpugnabilis</span> <span class='ocrx_word' id='word_1_607' title='bbox 3375 2555 3658 2624; x_wconf 88' lang='lat' dir='ltr'>amicitia,</span> 
     </span>
    </p>
   </div>
   <div class='ocr_carea' id='block_1_83' title="bbox 2011 2645 3657 2717">
    <p class='ocr_par' dir='ltr' id='par_1_83' title="bbox 2011 2645 3657 2717">
     <span class='ocr_line' id='line_1_83' title="bbox 2011 2645 3657 2717; baseline -0.004 -14"><span class='ocrx_word' id='word_1_608' title='bbox 2011 2653 2290 2704; x_wconf 87' lang='lat' dir='ltr'>strenuus</span> <span class='ocrx_word' id='word_1_609' title='bbox 2319 2649 2378 2702; x_wconf 90' lang='lat' dir='ltr'>in</span> <span class='ocrx_word' id='word_1_610' title='bbox 2415 2645 2644 2714; x_wconf 88' lang='lat' dir='ltr'>timore,</span> <span class='ocrx_word' id='word_1_611' title='bbox 2661 2662 2796 2702; x_wconf 89' lang='lat' dir='ltr'>cum</span> <span class='ocrx_word' id='word_1_612' title='bbox 2819 2647 3078 2717; x_wconf 87' lang='lat' dir='ltr'>privatus</span> <span class='ocrx_word' id='word_1_613' title='bbox 3099 2653 3184 2700; x_wconf 89' lang='lat' dir='ltr'>est</span> <span class='ocrx_word' id='word_1_614' title='bbox 3206 2659 3498 2708; x_wconf 88' lang='lat' dir='ltr'>summus,</span> <span class='ocrx_word' id='word_1_615' title='bbox 3521 2658 3657 2698; x_wconf 89' lang='lat' dir='ltr'>cum</span> 
     </span>
    </p>
   </div>
   <div class='ocr_carea' id='block_1_84' title="bbox 2011 2731 3655 2808">
    <p class='ocr_par' dir='ltr' id='par_1_84' title="bbox 2011 2731 3655 2808">
     <span class='ocr_line' id='line_1_84' title="bbox 2011 2731 3655 2808; baseline -0.004 -16"><span class='ocrx_word' id='word_1_616' title='bbox 2011 2737 2072 2792; x_wconf 91' lang='lat' dir='ltr'>in</span> <span class='ocrx_word' id='word_1_617' title='bbox 2103 2736 2450 2808; x_wconf 84' lang='lat' dir='ltr'>magistratu</span> <span class='ocrx_word' id='word_1_618' title='bbox 2485 2753 2706 2808; x_wconf 64' lang='lat' dir='ltr'>equus.</span> <span class='ocrx_word' id='word_1_619' title='bbox 2731 2736 3024 2790; x_wconf 88' lang='lat' dir='ltr'>Privatum</span> <span class='ocrx_word' id='word_1_620' title='bbox 3052 2735 3368 2790; x_wconf 87' lang='lat' dir='ltr'>bonestans</span> <span class='ocrx_word' id='word_1_621' title='bbox 3389 2731 3655 2802; x_wconf 87' lang='lat' dir='ltr'>consilio,</span> 
     </span>
    </p>
   </div>
   <div class='ocr_carea' id='block_1_85' title="bbox 2011 2821 3656 2899">
    <p class='ocr_par' dir='ltr' id='par_1_85' title="bbox 2011 2821 3656 2899">
     <span class='ocr_line' id='line_1_85' title="bbox 2011 2821 3656 2899; baseline -0.004 -15"><span class='ocrx_word' id='word_1_622' title='bbox 2011 2827 2342 2899; x_wconf 83' lang='lat' dir='ltr'>eloquentia</span> <span class='ocrx_word' id='word_1_623' title='bbox 2363 2827 2592 2898; x_wconf 87' lang='lat' dir='ltr'>imperii</span> <span class='ocrx_word' id='word_1_624' title='bbox 2609 2827 2981 2882; x_wconf 86' lang='lat' dir='ltr'>severitatem</span> <span class='ocrx_word' id='word_1_625' title='bbox 3005 2823 3299 2896; x_wconf 83' lang='lat' dir='ltr'>mitigans.</span> <span class='ocrx_word' id='word_1_626' title='bbox 3325 2821 3656 2888; x_wconf 85' lang='lat' dir='ltr'>Quinetiam</span> 
     </span>
    </p>
   </div>
   <div class='ocr_carea' id='block_1_86' title="bbox 2013 2913 3658 2987">
    <p class='ocr_par' dir='ltr' id='par_1_86' title="bbox 2013 2913 3658 2987">
     <span class='ocr_line' id='line_1_86' title="bbox 2013 2913 3658 2987; baseline -0.005 -13"><span class='ocrx_word' id='word_1_627' title='bbox 2013 2919 2304 2974; x_wconf 76' lang='lat' dir='ltr'>fortunam</span> <span class='ocrx_word' id='word_1_628' title='bbox 2327 2916 2545 2980; x_wconf 89' lang='lat' dir='ltr'>videas,</span> <span class='ocrx_word' id='word_1_629' title='bbox 2569 2916 2736 2987; x_wconf 84' lang='lat' dir='ltr'>quasi</span> <span class='ocrx_word' id='word_1_630' title='bbox 2759 2915 2936 2984; x_wconf 87' lang='lat' dir='ltr'>hujus</span> <span class='ocrx_word' id='word_1_631' title='bbox 2959 2915 3088 2969; x_wconf 58' lang='lat' dir='ltr'>vitae</span> <span class='ocrx_word' id='word_1_632' title='bbox 3111 2913 3394 2968; x_wconf 90' lang='lat' dir='ltr'>rationem</span> <span class='ocrx_word' id='word_1_633' title='bbox 3421 2914 3658 2984; x_wconf 86' lang='lat' dir='ltr'>propter</span> 
     </span>
    </p>
   </div>
   <div class='ocr_carea' id='block_1_87' title="bbox 2017 3002 3660 3078">
    <p class='ocr_par' dir='ltr' id='par_1_87' title="bbox 2017 3002 3660 3078">
     <span class='ocr_line' id='line_1_87' title="bbox 2017 3002 3660 3078; baseline -0.004 -14"><span class='ocrx_word' id='word_1_634' title='bbox 2017 3009 2349 3064; x_wconf 78' lang='lat' dir='ltr'>felicitatem</span> <span class='ocrx_word' id='word_1_635' title='bbox 2401 3011 2785 3064; x_wconf 82' lang='lat' dir='ltr'>aversantem.</span> <span class='ocrx_word' id='word_1_636' title='bbox 2833 3009 3074 3078; x_wconf 82' lang='lat' dir='ltr'>Legatus</span> <span class='ocrx_word' id='word_1_637' title='bbox 3123 3003 3236 3060; x_wconf 77' lang='lat' dir='ltr'>fuit</span> <span class='ocrx_word' id='word_1_638' title='bbox 3291 3005 3350 3058; x_wconf 83' lang='lat' dir='ltr'>in</span> <span class='ocrx_word' id='word_1_639' title='bbox 3397 3002 3660 3058; x_wconf 86' lang='lat' dir='ltr'>animad-</span> 
     </span>
    </p>
   </div>
   <div class='ocr_carea' id='block_1_88' title="bbox 2016 3092 3658 3166">
    <p class='ocr_par' dir='ltr' id='par_1_88' title="bbox 2016 3092 3658 3166">
     <span class='ocr_line' id='line_1_88' title="bbox 2016 3092 3658 3166; baseline -0.004 -14"><span class='ocrx_word' id='word_1_640' title='bbox 2016 3097 2290 3154; x_wconf 89' lang='lat' dir='ltr'>vertendo</span> <span class='ocrx_word' id='word_1_641' title='bbox 2340 3096 2548 3164; x_wconf 89' lang='lat' dir='ltr'>serius,</span> <span class='ocrx_word' id='word_1_642' title='bbox 2579 3095 2720 3166; x_wconf 91' lang='lat' dir='ltr'>vita,</span> <span class='ocrx_word' id='word_1_643' title='bbox 2757 3104 2814 3152; x_wconf 89' lang='lat' dir='ltr'>ut</span> <span class='ocrx_word' id='word_1_644' title='bbox 2863 3095 3034 3150; x_wconf 91' lang='lat' dir='ltr'>etiam</span> <span class='ocrx_word' id='word_1_645' title='bbox 3065 3092 3124 3148; x_wconf 89' lang='lat' dir='ltr'>in</span> <span class='ocrx_word' id='word_1_646' title='bbox 3171 3092 3452 3161; x_wconf 89' lang='lat' dir='ltr'>oratione,</span> <span class='ocrx_word' id='word_1_647' title='bbox 3485 3107 3658 3162; x_wconf 86' lang='lat' dir='ltr'>gran-</span> 
     </span>
    </p>
   </div>
   <div class='ocr_carea' id='block_1_89' title="bbox 2019 3181 3657 3257">
    <p class='ocr_par' dir='ltr' id='par_1_89' title="bbox 2019 3181 3657 3257">
     <span class='ocr_line' id='line_1_89' title="bbox 2019 3181 3657 3257; baseline -0.005 -15"><span class='ocrx_word' id='word_1_648' title='bbox 2019 3188 2108 3242; x_wconf 89' lang='lat' dir='ltr'>dis</span> <span class='ocrx_word' id='word_1_649' title='bbox 2127 3189 2220 3242; x_wconf 87' lang='lat' dir='ltr'>:ad</span> <span class='ocrx_word' id='word_1_650' title='bbox 2236 3187 2548 3242; x_wconf 88' lang='lat' dir='ltr'>dicendum</span> <span class='ocrx_word' id='word_1_651' title='bbox 2565 3185 2898 3257; x_wconf 87' lang='lat' dir='ltr'>sapiens,ad</span> <span class='ocrx_word' id='word_1_652' title='bbox 2917 3183 3276 3238; x_wconf 89' lang='lat' dir='ltr'>audiendum</span> <span class='ocrx_word' id='word_1_653' title='bbox 3301 3181 3657 3250; x_wconf 89' lang='lat' dir='ltr'>instructior,</span> 
     </span>
    </p>
   </div>
   <div class='ocr_carea' id='block_1_90' title="bbox 2011 3271 3656 3346">
    <p class='ocr_par' dir='ltr' id='par_1_90' title="bbox 2011 3271 3656 3346">
     <span class='ocr_line' id='line_1_90' title="bbox 2011 3271 3656 3346; baseline -0.004 -16"><span class='ocrx_word' id='word_1_654' title='bbox 2011 3279 2071 3332; x_wconf 89' lang='lat' dir='ltr'>in</span> <span class='ocrx_word' id='word_1_655' title='bbox 2103 3275 2380 3331; x_wconf 89' lang='lat' dir='ltr'>omnibus</span> <span class='ocrx_word' id='word_1_656' title='bbox 2411 3275 2699 3346; x_wconf 86' lang='lat' dir='ltr'>egregius.</span> <span class='ocrx_word' id='word_1_657' title='bbox 2721 3273 2935 3328; x_wconf 88' lang='lat' dir='ltr'>Plenus</span> <span class='ocrx_word' id='word_1_658' title='bbox 2966 3271 3142 3327; x_wconf 89' lang='lat' dir='ltr'>laude</span> <span class='ocrx_word' id='word_1_659' title='bbox 3167 3271 3310 3342; x_wconf 90' lang='lat' dir='ltr'>jam,</span> <span class='ocrx_word' id='word_1_660' title='bbox 3333 3273 3393 3324; x_wconf 87' lang='lat' dir='ltr'>et</span> <span class='ocrx_word' id='word_1_661' title='bbox 3421 3285 3656 3324; x_wconf 91' lang='lat' dir='ltr'>omnem</span> 
     </span>
    </p>
   </div>
   <div class='ocr_carea' id='block_1_91' title="bbox 2013 3357 3660 3428">
    <p class='ocr_par' dir='ltr' id='par_1_91' title="bbox 2013 3357 3660 3428">
     <span class='ocr_line' id='line_1_91' title="bbox 2013 3357 3660 3428; baseline -0.005 -8"><span class='ocrx_word' id='word_1_662' title='bbox 2013 3365 2070 3420; x_wconf 89' lang='lat' dir='ltr'>in</span> <span class='ocrx_word' id='word_1_663' title='bbox 2099 3380 2161 3420; x_wconf 87' lang='lat' dir='ltr'>se</span> <span class='ocrx_word' id='word_1_664' title='bbox 2193 3364 2468 3420; x_wconf 67' lang='lat' dir='ltr'>Graeciam</span> <span class='ocrx_word' id='word_1_665' title='bbox 2503 3367 2870 3428; x_wconf 86' lang='lat' dir='ltr'>convertens,</span> <span class='ocrx_word' id='word_1_666' title='bbox 2909 3361 3038 3417; x_wconf 90' lang='lat' dir='ltr'>suis</span> <span class='ocrx_word' id='word_1_667' title='bbox 3069 3357 3432 3416; x_wconf 79' lang='lat' dir='ltr'>facinoribus</span> <span class='ocrx_word' id='word_1_668' title='bbox 3464 3361 3532 3412; x_wconf 90' lang='lat' dir='ltr'>ad</span> <span class='ocrx_word' id='word_1_669' title='bbox 3569 3373 3660 3413; x_wconf 87' lang='lat' dir='ltr'>re-</span> 
     </span>
    </p>
   </div>
   <div class='ocr_carea' id='block_1_92' title="bbox 2011 3445 3660 3528">
    <p class='ocr_par' dir='ltr' id='par_1_92' title="bbox 2011 3445 3660 3528">
     <span class='ocr_line' id='line_1_92' title="bbox 2011 3445 3660 3528; baseline -0.004 -20"><span class='ocrx_word' id='word_1_670' title='bbox 2011 3455 2164 3528; x_wconf 88' lang='lat' dir='ltr'>giam</span> <span class='ocrx_word' id='word_1_671' title='bbox 2218 3453 2562 3526; x_wconf 87' lang='lat' dir='ltr'>dignitatem</span> <span class='ocrx_word' id='word_1_672' title='bbox 2609 3452 2896 3519; x_wconf 81' lang='lat' dir='ltr'>ascendit,</span> <span class='ocrx_word' id='word_1_673' title='bbox 2951 3449 3298 3522; x_wconf 87' lang='lat' dir='ltr'>priusquam</span> <span class='ocrx_word' id='word_1_674' title='bbox 3349 3445 3660 3519; x_wconf 87' lang='lat' dir='ltr'>pullularet</span> 
     </span>
    </p>
   </div>
   <div class='ocr_carea' id='block_1_93' title="bbox 2013 3539 3654 3616">
    <p class='ocr_par' dir='ltr' id='par_1_93' title="bbox 2013 3539 3654 3616">
     <span class='ocr_line' id='line_1_93' title="bbox 2013 3539 3654 3616; baseline -0.005 -16"><span class='ocrx_word' id='word_1_675' title='bbox 2013 3546 2213 3612; x_wconf 88' lang='lat' dir='ltr'>barba,</span> <span class='ocrx_word' id='word_1_676' title='bbox 2237 3545 2544 3616; x_wconf 90' lang='lat' dir='ltr'>primaque</span> <span class='ocrx_word' id='word_1_677' title='bbox 2569 3543 2784 3615; x_wconf 85' lang='lat' dir='ltr'>lanugo</span> <span class='ocrx_word' id='word_1_678' title='bbox 2807 3543 3166 3598; x_wconf 85' lang='lat' dir='ltr'>tonderetur.</span> <span class='ocrx_word' id='word_1_679' title='bbox 3191 3539 3322 3597; x_wconf 57' lang='lat' dir='ltr'>Ilaec</span> <span class='ocrx_word' id='word_1_680' title='bbox 3355 3542 3654 3609; x_wconf 88' lang='lat' dir='ltr'>poetarum</span> 
     </span>
    </p>
   </div>
   <div class='ocr_carea' id='block_1_94' title="bbox 2013 3627 3658 3698">
    <p class='ocr_par' dir='ltr' id='par_1_94' title="bbox 2013 3627 3658 3698">
     <span class='ocr_line' id='line_1_94' title="bbox 2013 3627 3658 3698; baseline -0.005 -10"><span class='ocrx_word' id='word_1_681' title='bbox 2013 3635 2199 3690; x_wconf 88' lang='lat' dir='ltr'>instar</span> <span class='ocrx_word' id='word_1_682' title='bbox 2227 3634 2364 3688; x_wconf 80' lang='lat' dir='ltr'>fecit</span> <span class='ocrx_word' id='word_1_683' title='bbox 2412 3632 2618 3698; x_wconf 89' lang='lat' dir='ltr'>oratio,</span> <span class='ocrx_word' id='word_1_684' title='bbox 2653 3631 2800 3686; x_wconf 89' lang='lat' dir='ltr'>rosis</span> <span class='ocrx_word' id='word_1_685' title='bbox 2851 3635 3082 3684; x_wconf 65' lang='lat' dir='ltr'>nectere</span> <span class='ocrx_word' id='word_1_686' title='bbox 3121 3643 3416 3694; x_wconf 84' lang='lat' dir='ltr'>coronam,</span> <span class='ocrx_word' id='word_1_687' title='bbox 3449 3627 3658 3681; x_wconf 88' lang='lat' dir='ltr'>ducere</span> 
     </span>
    </p>
   </div>
   <div class='ocr_carea' id='block_1_95' title="bbox 2013 3713 3658 3784">
    <p class='ocr_par' dir='ltr' id='par_1_95' title="bbox 2013 3713 3658 3784">
     <span class='ocr_line' id='line_1_95' title="bbox 2013 3713 3658 3784; baseline -0.007 -8"><span class='ocrx_word' id='word_1_688' title='bbox 2013 3725 2232 3776; x_wconf 88' lang='lat' dir='ltr'>circum</span> <span class='ocrx_word' id='word_1_689' title='bbox 2249 3722 2450 3776; x_wconf 89' lang='lat' dir='ltr'>urbem</span> <span class='ocrx_word' id='word_1_690' title='bbox 2468 3720 2620 3774; x_wconf 86' lang='lat' dir='ltr'>hanc</span> <span class='ocrx_word' id='word_1_691' title='bbox 2638 3735 2706 3773; x_wconf 85' lang='lat' dir='ltr'>ex</span> <span class='ocrx_word' id='word_1_692' title='bbox 2723 3719 2994 3774; x_wconf 84' lang='lat' dir='ltr'>Helicone</span> <span class='ocrx_word' id='word_1_693' title='bbox 3017 3717 3411 3784; x_wconf 86' lang='lat' dir='ltr'>Musas,quam</span> <span class='ocrx_word' id='word_1_694' title='bbox 3429 3713 3658 3784; x_wconf 83' lang='lat' dir='ltr'>Europa</span> 
     </span>
    </p>
   </div>
   <div class='ocr_carea' id='block_1_96' title="bbox 2013 3803 3656 3882">
    <p class='ocr_par' dir='ltr' id='par_1_96' title="bbox 2013 3803 3656 3882">
     <span class='ocr_line' id='line_1_96' title="bbox 2013 3803 3656 3882; baseline -0.008 -15"><span class='ocrx_word' id='word_1_695' title='bbox 2013 3815 2270 3867; x_wconf 86' lang='lat' dir='ltr'>extrema</span> <span class='ocrx_word' id='word_1_696' title='bbox 2290 3810 2496 3882; x_wconf 77' lang='lat' dir='ltr'>exiguo</span> <span class='ocrx_word' id='word_1_697' title='bbox 2524 3809 2666 3863; x_wconf 77' lang='lat' dir='ltr'>freto</span> <span class='ocrx_word' id='word_1_698' title='bbox 2685 3824 2718 3862; x_wconf 87' lang='lat' dir='ltr'>a</span> <span class='ocrx_word' id='word_1_699' title='bbox 2738 3807 3000 3862; x_wconf 84' lang='lat' dir='ltr'>Gadibus</span> <span class='ocrx_word' id='word_1_700' title='bbox 3023 3820 3210 3874; x_wconf 85' lang='lat' dir='ltr'>usque</span> <span class='ocrx_word' id='word_1_701' title='bbox 3233 3803 3430 3857; x_wconf 79' lang='lat' dir='ltr'>Asiam</span> <span class='ocrx_word' id='word_1_702' title='bbox 3455 3805 3656 3856; x_wconf 83' lang='lat' dir='ltr'>exten-</span> 
     </span>
    </p>
   </div>
   <div class='ocr_carea' id='block_1_97' title="bbox 2013 3889 3656 3962">
    <p class='ocr_par' dir='ltr' id='par_1_97' title="bbox 2013 3889 3656 3962">
     <span class='ocr_line' id='line_1_97' title="bbox 2013 3889 3656 3962; baseline -0.006 -10"><span class='ocrx_word' id='word_1_703' title='bbox 2013 3899 2114 3952; x_wconf 86' lang='lat' dir='ltr'>dit.</span> <span class='ocrx_word' id='word_1_704' title='bbox 2139 3900 2220 3952; x_wconf 83' lang='lat' dir='ltr'>Ad</span> <span class='ocrx_word' id='word_1_705' title='bbox 2255 3899 2472 3952; x_wconf 86' lang='lat' dir='ltr'>Istrum</span> <span class='ocrx_word' id='word_1_706' title='bbox 2510 3913 2574 3952; x_wconf 87' lang='lat' dir='ltr'>se</span> <span class='ocrx_word' id='word_1_707' title='bbox 2604 3895 2905 3962; x_wconf 86' lang='lat' dir='ltr'>convertit,</span> <span class='ocrx_word' id='word_1_708' title='bbox 2932 3910 3038 3949; x_wconf 91' lang='lat' dir='ltr'>nec</span> <span class='ocrx_word' id='word_1_709' title='bbox 3073 3892 3292 3948; x_wconf 89' lang='lat' dir='ltr'>veritus</span> <span class='ocrx_word' id='word_1_710' title='bbox 3321 3899 3407 3946; x_wconf 85' lang='lat' dir='ltr'>est</span> <span class='ocrx_word' id='word_1_711' title='bbox 3437 3889 3656 3944; x_wconf 86' lang='lat' dir='ltr'>ﬂumen</span> 
     </span>
    </p>
   </div>
   <div class='ocr_carea' id='block_1_98' title="bbox 2012 3980 3655 4057">
    <p class='ocr_par' dir='ltr' id='par_1_98' title="bbox 2012 3980 3655 4057">
     <span class='ocr_line' id='line_1_98' title="bbox 2012 3980 3655 4057; baseline -0.005 -17"><span class='ocrx_word' id='word_1_712' title='bbox 2012 3985 2327 4040; x_wconf 84' lang='lat' dir='ltr'>Barbarum</span> <span class='ocrx_word' id='word_1_713' title='bbox 2388 3984 2572 4057; x_wconf 89' lang='lat' dir='ltr'>glacie</span> <span class='ocrx_word' id='word_1_714' title='bbox 2623 3984 2682 4038; x_wconf 94' lang='lat' dir='ltr'>in</span> <span class='ocrx_word' id='word_1_715' title='bbox 2741 3998 2958 4038; x_wconf 89' lang='lat' dir='ltr'>morem</span> <span class='ocrx_word' id='word_1_716' title='bbox 3018 3980 3210 4051; x_wconf 89' lang='lat' dir='ltr'>campi</span> <span class='ocrx_word' id='word_1_717' title='bbox 3268 3981 3655 4034; x_wconf 88' lang='lat' dir='ltr'>constratum.</span> 
     </span>
    </p>
   </div>
   <div class='ocr_carea' id='block_1_99' title="bbox 2014 4066 3660 4138">
    <p class='ocr_par' dir='ltr' id='par_1_99' title="bbox 2014 4066 3660 4138">
     <span class='ocr_line' id='line_1_99' title="bbox 2014 4066 3660 4138; baseline -0.006 -8"><span class='ocrx_word' id='word_1_718' title='bbox 2014 4075 2157 4130; x_wconf 86' lang='lat' dir='ltr'>Cum</span> <span class='ocrx_word' id='word_1_719' title='bbox 2203 4091 2332 4130; x_wconf 91' lang='lat' dir='ltr'>vero</span> <span class='ocrx_word' id='word_1_720' title='bbox 2379 4075 2522 4128; x_wconf 88' lang='lat' dir='ltr'>deus</span> <span class='ocrx_word' id='word_1_721' title='bbox 2569 4089 2798 4128; x_wconf 89' lang='lat' dir='ltr'>omnem</span> <span class='ocrx_word' id='word_1_722' title='bbox 2853 4071 3012 4127; x_wconf 88' lang='lat' dir='ltr'>illam</span> <span class='ocrx_word' id='word_1_723' title='bbox 3043 4069 3312 4126; x_wconf 81' lang='lat' dir='ltr'>virtutem</span> <span class='ocrx_word' id='word_1_724' title='bbox 3361 4066 3660 4138; x_wconf 82' lang='lat' dir='ltr'>explorare</span> 
     </span>
    </p>
   </div>
   <div class='ocr_carea' id='block_1_100' title="bbox 2015 4158 3655 4232">
    <p class='ocr_par' dir='ltr' id='par_1_100' title="bbox 2015 4158 3655 4232">
     <span class='ocr_line' id='line_1_100' title="bbox 2015 4158 3655 4232; baseline -0.005 -14"><span class='ocrx_word' id='word_1_725' title='bbox 2015 4164 2314 4232; x_wconf 89' lang='lat' dir='ltr'>voluisset,</span> <span class='ocrx_word' id='word_1_726' title='bbox 2357 4167 2414 4218; x_wconf 89' lang='lat' dir='ltr'>et</span> <span class='ocrx_word' id='word_1_727' title='bbox 2457 4163 2711 4218; x_wconf 71' lang='lat' dir='ltr'>adversae</span> <span class='ocrx_word' id='word_1_728' title='bbox 2764 4160 3078 4232; x_wconf 82' lang='lat' dir='ltr'>aliquando</span> <span class='ocrx_word' id='word_1_729' title='bbox 3128 4159 3374 4214; x_wconf 71' lang='lat' dir='ltr'>fortuna:</span> <span class='ocrx_word' id='word_1_730' title='bbox 3419 4158 3655 4212; x_wconf 86' lang='lat' dir='ltr'>ventum</span> 
     </span>
    </p>
   </div>
   <div class='ocr_carea' id='block_1_101' title="bbox 2016 4245 3658 4324">
    <p class='ocr_par' dir='ltr' id='par_1_101' title="bbox 2016 4245 3658 4324">
     <span class='ocr_line' id='line_1_101' title="bbox 2016 4245 3658 4324; baseline -0.006 -14"><span class='ocrx_word' id='word_1_731' title='bbox 2016 4255 2340 4322; x_wconf 87' lang='lat' dir='ltr'>constituit,</span> <span class='ocrx_word' id='word_1_732' title='bbox 2391 4261 2454 4308; x_wconf 89' lang='lat' dir='ltr'>ut</span> <span class='ocrx_word' id='word_1_733' title='bbox 2501 4251 2691 4324; x_wconf 86' lang='lat' dir='ltr'>qualis</span> <span class='ocrx_word' id='word_1_734' title='bbox 2739 4257 2916 4322; x_wconf 87' lang='lat' dir='ltr'>esset,</span> <span class='ocrx_word' id='word_1_735' title='bbox 2962 4250 3094 4306; x_wconf 83' lang='lat' dir='ltr'>talis</span> <span class='ocrx_word' id='word_1_736' title='bbox 3143 4247 3437 4320; x_wconf 87' lang='lat' dir='ltr'>opinione,</span> <span class='ocrx_word' id='word_1_737' title='bbox 3493 4250 3550 4301; x_wconf 89' lang='lat' dir='ltr'>et</span> <span class='ocrx_word' id='word_1_738' title='bbox 3595 4245 3658 4300; x_wconf 90' lang='lat' dir='ltr'>in</span> 
     </span>
    </p>
   </div>
   <div class='ocr_carea' id='block_1_102' title="bbox 2018 4335 3660 4412">
    <p class='ocr_par' dir='ltr' id='par_1_102' title="bbox 2018 4335 3660 4412">
     <span class='ocr_line' id='line_1_102' title="bbox 2018 4335 3660 4412; baseline -0.005 -14"><span class='ocrx_word' id='word_1_739' title='bbox 2018 4360 2212 4398; x_wconf 90' lang='lat' dir='ltr'>rerum</span> <span class='ocrx_word' id='word_1_740' title='bbox 2245 4342 2520 4398; x_wconf 85' lang='lat' dir='ltr'>ﬂuctibus</span> <span class='ocrx_word' id='word_1_741' title='bbox 2557 4341 2800 4412; x_wconf 69' lang='lat' dir='ltr'>vitaeque</span> <span class='ocrx_word' id='word_1_742' title='bbox 2831 4343 3172 4412; x_wconf 72' lang='lat' dir='ltr'>tempestate</span> <span class='ocrx_word' id='word_1_743' title='bbox 3202 4336 3472 4393; x_wconf 90' lang='lat' dir='ltr'>omnibus</span> <span class='ocrx_word' id='word_1_744' title='bbox 3500 4335 3660 4390; x_wconf 81' lang='lat' dir='ltr'>vide-</span> 
     </span>
    </p>
   </div>
   <div class='ocr_carea' id='block_1_103' title="bbox 2021 4423 3660 4503">
    <p class='ocr_par' dir='ltr' id='par_1_103' title="bbox 2021 4423 3660 4503">
     <span class='ocr_line' id='line_1_103' title="bbox 2021 4423 3660 4503; baseline -0.005 -16"><span class='ocrx_word' id='word_1_745' title='bbox 2021 4439 2200 4500; x_wconf 89' lang='lat' dir='ltr'>retur,</span> <span class='ocrx_word' id='word_1_746' title='bbox 2249 4436 2308 4488; x_wconf 92' lang='lat' dir='ltr'>et</span> <span class='ocrx_word' id='word_1_747' title='bbox 2354 4432 2413 4487; x_wconf 91' lang='lat' dir='ltr'>in</span> <span class='ocrx_word' id='word_1_748' title='bbox 2463 4431 2572 4487; x_wconf 85' lang='lat' dir='ltr'>hac</span> <span class='ocrx_word' id='word_1_749' title='bbox 2621 4433 2790 4487; x_wconf 87' lang='lat' dir='ltr'>etiam</span> <span class='ocrx_word' id='word_1_750' title='bbox 2841 4435 3000 4503; x_wconf 87' lang='lat' dir='ltr'>parte</span> <span class='ocrx_word' id='word_1_751' title='bbox 3057 4427 3464 4485; x_wconf 86' lang='lat' dir='ltr'>celebraretur.</span> <span class='ocrx_word' id='word_1_752' title='bbox 3517 4423 3660 4492; x_wconf 87' lang='lat' dir='ltr'>Quis</span> 
     </span>
    </p>
   </div>
   <div class='ocr_carea' id='block_1_104' title="bbox 2021 4517 3656 4596">
    <p class='ocr_par' dir='ltr' id='par_1_104' title="bbox 2021 4517 3656 4596">
     <span class='ocr_line' id='line_1_104' title="bbox 2021 4517 3656 4596; baseline -0.005 -18"><span class='ocrx_word' id='word_1_753' title='bbox 2021 4527 2208 4596; x_wconf 83' lang='lat' dir='ltr'>poeta,</span> <span class='ocrx_word' id='word_1_754' title='bbox 2243 4523 2330 4578; x_wconf 89' lang='lat' dir='ltr'>vel</span> <span class='ocrx_word' id='word_1_755' title='bbox 2381 4521 2585 4576; x_wconf 89' lang='lat' dir='ltr'>orandi</span> <span class='ocrx_word' id='word_1_756' title='bbox 2631 4522 2850 4592; x_wconf 90' lang='lat' dir='ltr'>peritus</span> <span class='ocrx_word' id='word_1_757' title='bbox 2877 4537 3014 4576; x_wconf 87' lang='lat' dir='ltr'>voce</span> <span class='ocrx_word' id='word_1_758' title='bbox 3059 4519 3232 4590; x_wconf 79' lang='lat' dir='ltr'>digna</span> <span class='ocrx_word' id='word_1_759' title='bbox 3278 4517 3525 4588; x_wconf 75' lang='lat' dir='ltr'>eXplicet</span> <span class='ocrx_word' id='word_1_760' title='bbox 3569 4531 3656 4584; x_wconf 89' lang='lat' dir='ltr'>ea,</span> 
     </span>
    </p>
   </div>
   <div class='ocr_carea' id='block_1_105' title="bbox 2017 4606 3662 4683">
    <p class='ocr_par' dir='ltr' id='par_1_105' title="bbox 2017 4606 3662 4683">
     <span class='ocr_line' id='line_1_105' title="bbox 2017 4606 3662 4683; baseline -0.006 -15"><span class='ocrx_word' id='word_1_761' title='bbox 2017 4629 2142 4683; x_wconf 70' lang='lat' dir='ltr'>quae</span> <span class='ocrx_word' id='word_1_762' title='bbox 2189 4611 2286 4667; x_wconf 90' lang='lat' dir='ltr'>ille</span> <span class='ocrx_word' id='word_1_763' title='bbox 2332 4612 2464 4668; x_wconf 76' lang='lat' dir='ltr'>fecit</span> <span class='ocrx_word' id='word_1_764' title='bbox 2483 4613 2512 4666; x_wconf 85' lang='lat'><strong><em>?</em></strong></span> <span class='ocrx_word' id='word_1_765' title='bbox 2565 4611 2678 4666; x_wconf 86' lang='lat' dir='ltr'>Nec</span> <span class='ocrx_word' id='word_1_766' title='bbox 2741 4609 2948 4666; x_wconf 74' lang='lat' dir='ltr'>Siciliae</span> <span class='ocrx_word' id='word_1_767' title='bbox 2997 4609 3254 4680; x_wconf 83' lang='lat' dir='ltr'>aliquam</span> <span class='ocrx_word' id='word_1_768' title='bbox 3305 4606 3554 4680; x_wconf 79' lang='lat' dir='ltr'>Scyllam</span> <span class='ocrx_word' id='word_1_769' title='bbox 3605 4609 3662 4660; x_wconf 88' lang='lat' dir='ltr'>et</span> 
     </span>
    </p>
   </div>
   <div class='ocr_carea' id='block_1_106' title="bbox 2020 4693 3664 4774">
    <p class='ocr_par' dir='ltr' id='par_1_106' title="bbox 2020 4693 3664 4774">
     <span class='ocr_line' id='line_1_106' title="bbox 2020 4693 3664 4774; baseline -0.004 -17"><span class='ocrx_word' id='word_1_770' title='bbox 2020 4701 2350 4774; x_wconf 81' lang='lat' dir='ltr'>Charybdin</span> <span class='ocrx_word' id='word_1_771' title='bbox 2383 4701 2608 4768; x_wconf 86' lang='lat' dir='ltr'>stravit,</span> <span class='ocrx_word' id='word_1_772' title='bbox 2633 4701 2730 4756; x_wconf 87' lang='lat' dir='ltr'>sed</span> <span class='ocrx_word' id='word_1_773' title='bbox 2771 4699 3025 4756; x_wconf 86' lang='lat' dir='ltr'>virorum</span> <span class='ocrx_word' id='word_1_774' title='bbox 3067 4697 3238 4754; x_wconf 85' lang='lat' dir='ltr'>etiam</span> <span class='ocrx_word' id='word_1_775' title='bbox 3277 4695 3523 4768; x_wconf 78' lang='lat' dir='ltr'>Cyclnne</span> <span class='ocrx_word' id='word_1_776' title='bbox 3564 4693 3664 4750; x_wconf 91' lang='lat' dir='ltr'>illo</span> 
     </span>
    </p>
   </div>
   <div class='ocr_carea' id='block_1_107' title="bbox 2021 4787 3667 4862">
    <p class='ocr_par' dir='ltr' id='par_1_107' title="bbox 2021 4787 3667 4862">
     <span class='ocr_line' id='line_1_107' title="bbox 2021 4787 3667 4862; baseline -0.006 -16"><span class='ocrx_word' id='word_1_777' title='bbox 2021 4797 2251 4862; x_wconf 85' lang='lat' dir='ltr'>pastore</span> <span class='ocrx_word' id='word_1_778' title='bbox 2281 4791 2476 4846; x_wconf 89' lang='lat' dir='ltr'>Siculo</span> <span class='ocrx_word' id='word_1_779' title='bbox 2511 4789 2928 4858; x_wconf 88' lang='lat' dir='ltr'>crudelinrum,</span> <span class='ocrx_word' id='word_1_780' title='bbox 2957 4787 3114 4844; x_wconf 88' lang='lat' dir='ltr'>mille</span> <span class='ocrx_word' id='word_1_781' title='bbox 3147 4792 3350 4842; x_wconf 87' lang='lat' dir='ltr'>contra</span> <span class='ocrx_word' id='word_1_782' title='bbox 3379 4801 3442 4840; x_wconf 85' lang='lat' dir='ltr'>se</span> <span class='ocrx_word' id='word_1_783' title='bbox 3477 4787 3667 4837; x_wconf 90' lang='lat' dir='ltr'>motas</span> 
     </span>
    </p>
   </div>
   <div class='ocr_carea' id='block_1_108' title="bbox 2020 4871 3665 4950">
    <p class='ocr_par' dir='ltr' id='par_1_108' title="bbox 2020 4871 3665 4950">
     <span class='ocr_line' id='line_1_108' title="bbox 2020 4871 3665 4950; baseline -0.006 -16"><span class='ocrx_word' id='word_1_784' title='bbox 2020 4881 2194 4950; x_wconf 88' lang='lat' dir='ltr'>acies,</span> <span class='ocrx_word' id='word_1_785' title='bbox 2219 4897 2334 4936; x_wconf 88' lang='lat' dir='ltr'>non</span> <span class='ocrx_word' id='word_1_786' title='bbox 2369 4879 2653 4936; x_wconf 88' lang='lat' dir='ltr'>consertis</span> <span class='ocrx_word' id='word_1_787' title='bbox 2689 4879 2978 4946; x_wconf 87' lang='lat' dir='ltr'>manibus,</span> <span class='ocrx_word' id='word_1_788' title='bbox 3009 4893 3112 4932; x_wconf 87' lang='lat' dir='ltr'>nec</span> <span class='ocrx_word' id='word_1_789' title='bbox 3145 4876 3300 4940; x_wconf 89' lang='lat' dir='ltr'>telis,</span> <span class='ocrx_word' id='word_1_790' title='bbox 3331 4878 3430 4930; x_wconf 86' lang='lat' dir='ltr'>aut</span> <span class='ocrx_word' id='word_1_791' title='bbox 3463 4871 3665 4936; x_wconf 89' lang='lat' dir='ltr'>hastis,</span> 
     </span>
    </p>
   </div>
   <div class='ocr_carea' id='block_1_109' title="bbox 2020 4961 3665 5040">
    <p class='ocr_par' dir='ltr' id='par_1_109' title="bbox 2020 4961 3665 5040">
     <span class='ocr_line' id='line_1_109' title="bbox 2020 4961 3665 5040; baseline -0.007 -15"><span class='ocrx_word' id='word_1_792' title='bbox 2020 4970 2120 5025; x_wconf 87' lang='lat' dir='ltr'>sed</span> <span class='ocrx_word' id='word_1_793' title='bbox 2153 4970 2462 5040; x_wconf 88' lang='lat' dir='ltr'>prudentia</span> <span class='ocrx_word' id='word_1_794' title='bbox 2489 4973 2548 5025; x_wconf 87' lang='lat' dir='ltr'>et</span> <span class='ocrx_word' id='word_1_795' title='bbox 2577 4968 2838 5024; x_wconf 88' lang='lat' dir='ltr'>oratione</span> <span class='ocrx_word' id='word_1_796' title='bbox 2871 4967 3080 5037; x_wconf 91' lang='lat' dir='ltr'>ubique</span> <span class='ocrx_word' id='word_1_797' title='bbox 3103 4971 3386 5021; x_wconf 89' lang='lat' dir='ltr'>terrarum</span> <span class='ocrx_word' id='word_1_798' title='bbox 3412 4961 3665 5032; x_wconf 90' lang='lat' dir='ltr'>subegit.</span> 
     </span>
    </p>
   </div>
   <div class='ocr_carea' id='block_1_110' title="bbox 2019 5055 3664 5127">
    <p class='ocr_par' dir='ltr' id='par_1_110' title="bbox 2019 5055 3664 5127">
     <span class='ocr_line' id='line_1_110' title="bbox 2019 5055 3664 5127; baseline -0.006 -13"><span class='ocrx_word' id='word_1_799' title='bbox 2019 5057 2120 5114; x_wconf 83' lang='lat' dir='ltr'>llic</span> <span class='ocrx_word' id='word_1_800' title='bbox 2151 5074 2281 5114; x_wconf 90' lang='lat' dir='ltr'>vero</span> <span class='ocrx_word' id='word_1_801' title='bbox 2311 5057 2651 5114; x_wconf 85' lang='lat' dir='ltr'>&#39;l‘elchiuum</span> <span class='ocrx_word' id='word_1_802' title='bbox 2675 5059 2876 5124; x_wconf 79' lang='lat' dir='ltr'>dux,et</span> <span class='ocrx_word' id='word_1_803' title='bbox 2899 5055 3248 5127; x_wconf 66' lang='lat' dir='ltr'>Coryphwus</span> <span class='ocrx_word' id='word_1_804' title='bbox 3275 5055 3664 5122; x_wconf 83' lang='lat' dir='ltr'>nuncupatus,</span> 
     </span>
    </p>
   </div>
   <div class='ocr_carea' id='block_1_111' title="bbox 2019 5138 3665 5218">
    <p class='ocr_par' dir='ltr' id='par_1_111' title="bbox 2019 5138 3665 5218">
     <span class='ocr_line' id='line_1_111' title="bbox 2019 5138 3665 5218; baseline -0.005 -16"><span class='ocrx_word' id='word_1_805' title='bbox 2019 5147 2216 5204; x_wconf 87' lang='lat' dir='ltr'>lethali</span> <span class='ocrx_word' id='word_1_806' title='bbox 2247 5151 2482 5218; x_wconf 82' lang='lat' dir='ltr'>accepto</span> <span class='ocrx_word' id='word_1_807' title='bbox 2531 5147 2791 5211; x_wconf 84' lang='lat' dir='ltr'>vulnere,</span> <span class='ocrx_word' id='word_1_808' title='bbox 2827 5143 3044 5200; x_wconf 88' lang='lat' dir='ltr'>bellum</span> <span class='ocrx_word' id='word_1_809' title='bbox 3097 5157 3335 5214; x_wconf 85' lang='lat' dir='ltr'>gemens</span> <span class='ocrx_word' id='word_1_810' title='bbox 3383 5138 3665 5212; x_wconf 87' lang='lat' dir='ltr'>deplorat.</span> 
     </span>
    </p>
   </div>
   <div class='ocr_carea' id='block_1_112' title="bbox 2021 5229 3666 5306">
    <p class='ocr_par' dir='ltr' id='par_1_112' title="bbox 2021 5229 3666 5306">
     <span class='ocr_line' id='line_1_112' title="bbox 2021 5229 3666 5306; baseline -0.004 -16"><span class='ocrx_word' id='word_1_811' title='bbox 2021 5237 2302 5292; x_wconf 88' lang='lat' dir='ltr'>Universa</span> <span class='ocrx_word' id='word_1_812' title='bbox 2355 5237 2490 5291; x_wconf 81' lang='lat' dir='ltr'>Asia</span> <span class='ocrx_word' id='word_1_813' title='bbox 2543 5251 2658 5291; x_wconf 84' lang='lat' dir='ltr'>non</span> <span class='ocrx_word' id='word_1_814' title='bbox 2707 5250 2882 5306; x_wconf 88' lang='lat' dir='ltr'>quam</span> <span class='ocrx_word' id='word_1_815' title='bbox 2934 5233 3020 5290; x_wconf 88' lang='lat' dir='ltr'>sic</span> <span class='ocrx_word' id='word_1_816' title='bbox 3071 5247 3227 5288; x_wconf 89' lang='lat' dir='ltr'>nunc</span> <span class='ocrx_word' id='word_1_817' title='bbox 3277 5229 3666 5304; x_wconf 88' lang='lat' dir='ltr'>appellamus,</span> 
     </span>
    </p>
   </div>
   <div class='ocr_carea' id='block_1_113' title="bbox 1627 5501 2320 5559">
    <p class='ocr_par' dir='ltr' id='par_1_113' title="bbox 1627 5501 2320 5559">
     <span class='ocr_line' id='line_1_113' title="bbox 1627 5501 2320 5559; baseline 0.003 -3"><span class='ocrx_word' id='word_1_818' title='bbox 1627 5501 1866 5559; x_wconf 65' lang='grc' dir='ltr'>νΑιιιίΕ</span> <span class='ocrx_word' id='word_1_819' title='bbox 1907 5502 2320 5559; x_wconf 85' lang='lat' dir='ltr'>LECTIONES.</span> 
     </span>
    </p>
   </div>
   <div class='ocr_carea' id='block_1_114' title="bbox 341 5621 1448 5700">
    <p class='ocr_par' dir='ltr' id='par_1_114' title="bbox 341 5621 1448 5700">
     <span class='ocr_line' id='line_1_114' title="bbox 341 5621 1448 5700; baseline 0.005 -19"><span class='ocrx_word' id='word_1_820' title='bbox 341 5627 380 5662; x_wconf 84' lang='grc'>²¹</span> <span class='ocrx_word' id='word_1_821' title='bbox 417 5621 930 5700; x_wconf 65' lang='grc' dir='ltr'>προδάλλωωιᾼ.</span> <span class='ocrx_word' id='word_1_822' title='bbox 1035 5631 1082 5666; x_wconf 80' lang='grc'>²²</span> <span class='ocrx_word' id='word_1_823' title='bbox 1108 5629 1358 5700; x_wconf 73' lang='grc' dir='ltr'>πλήθους</span> <span class='ocrx_word' id='word_1_824' title='bbox 1387 5631 1448 5686; x_wconf 90' lang='grc' dir='ltr'>Β.</span> 
     </span>
    </p>
   </div>
   <div class='ocr_carea' id='block_1_115' title="bbox 268 5699 1172 5778">
    <p class='ocr_par' dir='ltr' id='par_1_115' title="bbox 268 5699 1172 5778">
     <span class='ocr_line' id='line_1_115' title="bbox 268 5699 1172 5778; baseline 0.004 -24"><span class='ocrx_word' id='word_1_825' title='bbox 268 5699 636 5778; x_wconf 82' lang='grc' dir='ltr'>βαστάζουσαι</span> <span class='ocrx_word' id='word_1_826' title='bbox 779 5699 1058 5771; x_wconf 76' lang='grc' dir='ltr'>θαλάσσης</span> 
     </span>
    </p>
   </div>
   <div class='ocr_carea' id='block_1_116' title="bbox 1561 5623 2478 5708">
    <p class='ocr_par' dir='ltr' id='par_1_116' title="bbox 1561 5623 2478 5708">
     <span class='ocr_line' id='line_1_116' title="bbox 1561 5623 2478 5708; baseline 0.003 -26"><span class='ocrx_word' id='word_1_827' title='bbox 1561 5631 1606 5708; x_wconf 58' lang='grc' dir='ltr'><strong><em>ξ³</em></strong></span> <span class='ocrx_word' id='word_1_828' title='bbox 1643 5627 1910 5708; x_wconf 45' lang='grc' dir='ltr'>φέρωνμϐ,</span> <span class='ocrx_word' id='word_1_829' title='bbox 1953 5623 2182 5708; x_wconf 34' lang='grc' dir='ltr'>ἕφερονι</span> <span class='ocrx_word' id='word_1_830' title='bbox 2201 5629 2478 5708; x_wconf 77' lang='lat' dir='ltr'>Scaliger.</span> 
     </span>
    </p>
   </div>
   <div class='ocr_carea' id='block_1_117' title="bbox 1249 5701 2210 5778">
    <p class='ocr_par' dir='ltr' id='par_1_117' title="bbox 1249 5701 2210 5778">
     <span class='ocr_line' id='line_1_117' title="bbox 1249 5701 2210 5778; baseline 0.002 -22"><span class='ocrx_word' id='word_1_831' title='bbox 1249 5703 1294 5736; x_wconf 69' lang='grc' dir='ltr'>’δ</span> <span class='ocrx_word' id='word_1_832' title='bbox 1343 5703 1480 5776; x_wconf 75' lang='grc' dir='ltr'>ἄκρα</span> <span class='ocrx_word' id='word_1_833' title='bbox 1655 5701 1720 5738; x_wconf 58' lang='grc'>’³⁷⁷</span> <span class='ocrx_word' id='word_1_834' title='bbox 1742 5705 1957 5778; x_wconf 77' lang='grc' dir='ltr'>πρῶτον</span> <span class='ocrx_word' id='word_1_835' title='bbox 1993 5701 2114 5759; x_wconf 78' lang='grc' dir='ltr'>ὀιιι.</span> <span class='ocrx_word' id='word_1_836' title='bbox 2149 5703 2210 5758; x_wconf 85' lang='grc' dir='ltr'>Β.</span> 
     </span>
    </p>
   </div>
   <div class='ocr_carea' id='block_1_118' title="bbox 2577 5625 3668 5700">
    <p class='ocr_par' dir='ltr' id='par_1_118' title="bbox 2577 5625 3668 5700">
     <span class='ocr_line' id='line_1_118' title="bbox 2577 5625 3668 5700; baseline 0 -16"><span class='ocrx_word' id='word_1_837' title='bbox 2577 5631 2624 5665; x_wconf 72' lang='grc'>³⁸</span> <span class='ocrx_word' id='word_1_838' title='bbox 2655 5629 2707 5686; x_wconf 91' lang='grc' dir='ltr'>λ.</span> <span class='ocrx_word' id='word_1_839' title='bbox 2766 5629 2858 5683; x_wconf 82' lang='grc' dir='ltr'>τὸν</span> <span class='ocrx_word' id='word_1_840' title='bbox 2885 5625 2942 5683; x_wconf 83' lang='grc' dir='ltr'>έκ</span> <span class='ocrx_word' id='word_1_841' title='bbox 3011 5635 3064 5684; x_wconf 85' lang='grc' dir='ltr'>Β.</span> <span class='ocrx_word' id='word_1_842' title='bbox 3152 5629 3216 5700; x_wconf 9' lang='grc'>,³</span> <span class='ocrx_word' id='word_1_843' title='bbox 3247 5630 3531 5700; x_wconf 80' lang='grc' dir='ltr'>στάζουσαι</span> <span class='ocrx_word' id='word_1_844' title='bbox 3580 5629 3620 5686; x_wconf 84' lang='lat' dir='ltr'>C</span> <span class='ocrx_word' id='word_1_845' title='bbox 3654 5645 3668 5684; x_wconf 86' lang='lat'><strong>:</strong></span> 
     </span>
    </p>
   </div>
   <div class='ocr_carea' id='block_1_119' title="bbox 2289 5699 3191 5775">
    <p class='ocr_par' dir='ltr' id='par_1_119' title="bbox 2289 5699 3191 5775">
     <span class='ocr_line' id='line_1_119' title="bbox 2289 5699 3191 5775; baseline -0.009 -11"><span class='ocrx_word' id='word_1_846' title='bbox 2289 5703 2334 5736; x_wconf 84' lang='grc'>²⁸</span> <span class='ocrx_word' id='word_1_847' title='bbox 2362 5699 2598 5772; x_wconf 44' lang='lat' dir='ltr'>immite</span> <span class='ocrx_word' id='word_1_848' title='bbox 2631 5705 2688 5760; x_wconf 80' lang='grc' dir='ltr'>Ο.</span> <span class='ocrx_word' id='word_1_849' title='bbox 2767 5701 2814 5736; x_wconf 75' lang='grc'>²⁹</span> <span class='ocrx_word' id='word_1_850' title='bbox 2854 5701 2940 5775; x_wconf 73' lang='grc' dir='ltr'>ἦν]</span> <span class='ocrx_word' id='word_1_851' title='bbox 2973 5703 3106 5760; x_wconf 89' lang='lat' dir='ltr'>libri</span> 
     </span>
    </p>
   </div>
  </div>
