  <div class='ocr_page' id='page_1' title='image "/cluster/home/n/w/nwhite01/storage/ocr_20150623/103/hvd.32044054112495/702.png"; bbox 0 0 4066 6216; ppageno 0'>
   <div class='ocr_carea' id='block_1_1' title="bbox 238 367 403 429">
    <p class='ocr_par' dir='ltr' id='par_1_1' title="bbox 238 367 403 429">
     <span class='ocr_line' id='line_1_1' title="bbox 238 367 403 429; baseline -0.006 0"><span class='ocrx_word' id='word_1_1' title='bbox 238 370 269 429; x_wconf 95' lang='grc'>1</span> <span class='ocrx_word' id='word_1_2' title='bbox 281 367 403 429; x_wconf 81' lang='grc'><strong>365</strong></span> 
     </span>
    </p>
   </div>
   <div class='ocr_carea' id='block_1_2' title="bbox 457 503 1670 583">
    <p class='ocr_par' dir='ltr' id='par_1_2' title="bbox 457 503 1670 583">
     <span class='ocr_line' id='line_1_2' title="bbox 457 503 1670 583; baseline 0 -22"><span class='ocrx_word' id='word_1_3' title='bbox 457 505 680 581; x_wconf 74' lang='grc' dir='ltr'>Έτὲρου</span> <span class='ocrx_word' id='word_1_4' title='bbox 709 507 1108 580; x_wconf 78' lang='grc' dir='ltr'>προτρεπτικοῦ</span> <span class='ocrx_word' id='word_1_5' title='bbox 1139 503 1312 583; x_wconf 89' lang='grc' dir='ltr'>λόγου</span> <span class='ocrx_word' id='word_1_6' title='bbox 1352 507 1670 581; x_wconf 80' lang='grc' dir='ltr'><strong>Προοίμιον.</strong></span> 
     </span>
    </p>
   </div>
   <div class='ocr_carea' id='block_1_3' title="bbox 312 585 1888 667">
    <p class='ocr_par' dir='ltr' id='par_1_3' title="bbox 312 585 1888 667">
     <span class='ocr_line' id='line_1_3' title="bbox 312 585 1888 667; baseline 0.003 -25"><span class='ocrx_word' id='word_1_7' title='bbox 312 587 493 650; x_wconf 80' lang='grc' dir='ltr'>Δεινὸς</span> <span class='ocrx_word' id='word_1_8' title='bbox 524 586 581 644; x_wconf 76' lang='grc' dir='ltr'>δὶ</span> <span class='ocrx_word' id='word_1_9' title='bbox 608 589 675 658; x_wconf 78' lang='grc' dir='ltr'><strong>ἧν</strong></span> <span class='ocrx_word' id='word_1_10' title='bbox 706 585 807 664; x_wconf 74' lang='grc' dir='ltr'><strong>ἄρα</strong></span> <span class='ocrx_word' id='word_1_11' title='bbox 836 588 897 644; x_wconf 77' lang='grc' dir='ltr'>οὗ</span> <span class='ocrx_word' id='word_1_12' title='bbox 927 595 1092 665; x_wconf 82' lang='grc' dir='ltr'>χεῖρα</span> <span class='ocrx_word' id='word_1_13' title='bbox 1124 592 1290 665; x_wconf 87' lang='grc' dir='ltr'>μόνον</span> <span class='ocrx_word' id='word_1_14' title='bbox 1341 589 1488 646; x_wconf 84' lang='grc' dir='ltr'><strong>ἀλλά</strong></span> <span class='ocrx_word' id='word_1_15' title='bbox 1517 590 1607 646; x_wconf 82' lang='grc' dir='ltr'><strong>καὶ</strong></span> <span class='ocrx_word' id='word_1_16' title='bbox 1658 592 1888 667; x_wconf 87' lang='grc' dir='ltr'>γνώμην</span> 
     </span>
    </p>
   </div>
   <div class='ocr_carea' id='block_1_4' title="bbox 234 676 1893 755">
    <p class='ocr_par' dir='ltr' id='par_1_4' title="bbox 234 676 1893 755">
     <span class='ocr_line' id='line_1_4' title="bbox 234 676 1893 755; baseline 0.002 -25"><span class='ocrx_word' id='word_1_17' title='bbox 234 678 265 730; x_wconf 84' lang='grc' dir='ltr'><strong>ὁ</strong></span> <span class='ocrx_word' id='word_1_18' title='bbox 299 676 601 739; x_wconf 89' lang='grc' dir='ltr'>Λύσιππος.</span> <span class='ocrx_word' id='word_1_19' title='bbox 635 679 744 734; x_wconf 81' lang='grc' dir='ltr'>Οἷα</span> <span class='ocrx_word' id='word_1_20' title='bbox 772 680 901 752; x_wconf 82' lang='grc'><strong>[605</strong></span> <span class='ocrx_word' id='word_1_21' title='bbox 947 681 1041 753; x_wconf 87' lang='grc' dir='ltr'><strong>Η.]</strong></span> <span class='ocrx_word' id='word_1_22' title='bbox 1079 685 1212 755; x_wconf 79' lang='grc' dir='ltr'>γοῦν</span> <span class='ocrx_word' id='word_1_23' title='bbox 1253 678 1457 742; x_wconf 68' lang='grc' dir='ltr'>ἐκεῖνος</span> <span class='ocrx_word' id='word_1_24' title='bbox 1487 678 1575 735; x_wconf 75' lang='grc' dir='ltr'><strong>διὰ</strong></span> <span class='ocrx_word' id='word_1_25' title='bbox 1620 686 1720 749; x_wconf 84' lang='grc' dir='ltr'><strong>τῆς</strong></span> <span class='ocrx_word' id='word_1_26' title='bbox 1768 680 1893 734; x_wconf 68' lang='grc' dir='ltr'>ἐαυ-</span> 
     </span>
    </p>
   </div>
   <div class='ocr_carea' id='block_1_5' title="bbox 230 765 1892 849">
    <p class='ocr_par' dir='ltr' id='par_1_5' title="bbox 230 765 1892 849">
     <span class='ocr_line' id='line_1_5' title="bbox 230 765 1892 849; baseline 0.001 -27"><span class='ocrx_word' id='word_1_27' title='bbox 230 771 332 822; x_wconf 83' lang='grc' dir='ltr'>τοὸ</span> <span class='ocrx_word' id='word_1_28' title='bbox 380 768 611 841; x_wconf 82' lang='grc' dir='ltr'>γνώμης</span> <span class='ocrx_word' id='word_1_29' title='bbox 666 765 1009 841; x_wconf 85' lang='grc' dir='ltr'><strong>τετόλμηκεν</strong></span> <span class='ocrx_word' id='word_1_30' title='bbox 1060 770 1072 825; x_wconf 82' lang='lat' dir='ltr'><strong>l</strong></span> <span class='ocrx_word' id='word_1_31' title='bbox 1125 768 1386 849; x_wconf 74' lang='grc' dir='ltr'><strong>ἐγγράφει</strong></span> <span class='ocrx_word' id='word_1_32' title='bbox 1437 775 1558 830; x_wconf 86' lang='grc' dir='ltr'>τοῖς</span> <span class='ocrx_word' id='word_1_33' title='bbox 1608 771 1754 831; x_wconf 81' lang='grc' dir='ltr'>θεοῖς</span> <span class='ocrx_word' id='word_1_34' title='bbox 1800 770 1892 825; x_wconf 82' lang='grc' dir='ltr'><strong>τὸν</strong></span> 
     </span>
    </p>
   </div>
   <div class='ocr_carea' id='block_1_6' title="bbox 235 854 1891 936">
    <p class='ocr_par' dir='ltr' id='par_1_6' title="bbox 235 854 1891 936">
     <span class='ocr_line' id='line_1_6' title="bbox 235 854 1891 936; baseline 0.001 -26"><span class='ocrx_word' id='word_1_35' title='bbox 235 857 446 932; x_wconf 85' lang='grc' dir='ltr'>καιρὸν,</span> <span class='ocrx_word' id='word_1_36' title='bbox 495 856 584 911; x_wconf 83' lang='grc' dir='ltr'><strong>καὶ</strong></span> <span class='ocrx_word' id='word_1_37' title='bbox 649 856 943 935; x_wconf 75' lang='grc' dir='ltr'>μορφώσας</span> <span class='ocrx_word' id='word_1_38' title='bbox 1001 854 1279 934; x_wconf 86' lang='grc' dir='ltr'>ἀγάλματι</span> <span class='ocrx_word' id='word_1_39' title='bbox 1333 861 1434 928; x_wconf 78' lang='grc' dir='ltr'><strong>τήν</strong></span> <span class='ocrx_word' id='word_1_40' title='bbox 1504 856 1661 936; x_wconf 77' lang='grc' dir='ltr'>φύσιν</span> <span class='ocrx_word' id='word_1_41' title='bbox 1725 858 1891 913; x_wconf 82' lang='grc' dir='ltr'>αὐτοῦ</span> 
     </span>
    </p>
   </div>
   <div class='ocr_carea' id='block_1_7' title="bbox 241 942 1891 1023">
    <p class='ocr_par' dir='ltr' id='par_1_7' title="bbox 241 942 1891 1023">
     <span class='ocr_line' id='line_1_7' title="bbox 241 942 1891 1023; baseline 0.001 -24"><span class='ocrx_word' id='word_1_42' title='bbox 241 942 331 1001; x_wconf 83' lang='grc' dir='ltr'><strong>διὰ</strong></span> <span class='ocrx_word' id='word_1_43' title='bbox 378 944 475 1010; x_wconf 69' lang='grc' dir='ltr'>τῆς</span> <span class='ocrx_word' id='word_1_44' title='bbox 545 945 754 1007; x_wconf 84' lang='grc' dir='ltr'>εἰκόνος</span> <span class='ocrx_word' id='word_1_45' title='bbox 793 946 1117 1022; x_wconf 74' lang='grc' dir='ltr'>ἐξηγήσατο.</span> <span class='ocrx_word' id='word_1_46' title='bbox 1187 949 1342 1023; x_wconf 83' lang='grc' dir='ltr'>Ἔχει</span> <span class='ocrx_word' id='word_1_47' title='bbox 1389 945 1447 1002; x_wconf 74' lang='grc' dir='ltr'>δὲ</span> <span class='ocrx_word' id='word_1_48' title='bbox 1492 945 1599 1002; x_wconf 81' lang='grc' dir='ltr'>ὧδέ</span> <span class='ocrx_word' id='word_1_49' title='bbox 1644 968 1782 1015; x_wconf 87' lang='grc' dir='ltr'>πως,</span> <span class='ocrx_word' id='word_1_50' title='bbox 1815 947 1891 1009; x_wconf 83' lang='grc' dir='ltr'>ὡς</span> 
     </span>
    </p>
   </div>
   <div class='ocr_carea' id='block_1_8' title="bbox 240 1033 1891 1112">
    <p class='ocr_par' dir='ltr' id='par_1_8' title="bbox 240 1033 1891 1112">
     <span class='ocr_line' id='line_1_8' title="bbox 240 1033 1891 1112; baseline 0.001 -21"><span class='ocrx_word' id='word_1_51' title='bbox 240 1035 339 1109; x_wconf 65' lang='grc' dir='ltr'>ἐμὲ</span> <span class='ocrx_word' id='word_1_52' title='bbox 384 1036 769 1111; x_wconf 74' lang='grc' dir='ltr'>μνημονεύειν,</span> <span class='ocrx_word' id='word_1_53' title='bbox 800 1038 862 1093; x_wconf 85' lang='grc' dir='ltr'>τὸ</span> <span class='ocrx_word' id='word_1_54' title='bbox 895 1036 1195 1112; x_wconf 66' lang='grc' dir='ltr'>δαίδαλμω</span> <span class='ocrx_word' id='word_1_55' title='bbox 1233 1044 1388 1094; x_wconf 82' lang='grc' dir='ltr'>Ποιεῖ</span> <span class='ocrx_word' id='word_1_56' title='bbox 1416 1036 1583 1094; x_wconf 85' lang='grc' dir='ltr'>παῖδα</span> <span class='ocrx_word' id='word_1_57' title='bbox 1627 1038 1691 1095; x_wconf 84' lang='grc' dir='ltr'>τὸ</span> <span class='ocrx_word' id='word_1_58' title='bbox 1742 1033 1891 1101; x_wconf 72' lang='grc' dir='ltr'>εἶδος</span> 
     </span>
    </p>
   </div>
   <div class='ocr_carea' id='block_1_9' title="bbox 243 1120 1894 1204">
    <p class='ocr_par' dir='ltr' id='par_1_9' title="bbox 243 1120 1894 1204">
     <span class='ocr_line' id='line_1_9' title="bbox 243 1120 1894 1204; baseline 0.001 -24"><span class='ocrx_word' id='word_1_59' title='bbox 243 1120 431 1198; x_wconf 75' lang='grc' dir='ltr'>ἁϐρὸν,</span> <span class='ocrx_word' id='word_1_60' title='bbox 480 1127 580 1195; x_wconf 75' lang='grc' dir='ltr'>τὴν</span> <span class='ocrx_word' id='word_1_61' title='bbox 632 1126 814 1201; x_wconf 81' lang='grc' dir='ltr'>ἀκμὴν</span> <span class='ocrx_word' id='word_1_62' title='bbox 867 1121 1096 1204; x_wconf 72' lang='grc' dir='ltr'>ἔφηϐον,</span> <span class='ocrx_word' id='word_1_63' title='bbox 1152 1133 1408 1201; x_wconf 80' lang='grc' dir='ltr'>κομῶντα</span> <span class='ocrx_word' id='word_1_64' title='bbox 1442 1127 1535 1201; x_wconf 73' lang='grc' dir='ltr'><strong>μὶν</strong></span> <span class='ocrx_word' id='word_1_65' title='bbox 1575 1127 1639 1182; x_wconf 82' lang='grc' dir='ltr'>τὸ</span> <span class='ocrx_word' id='word_1_66' title='bbox 1676 1125 1736 1181; x_wconf 88' lang='grc' dir='ltr'><strong>ἐκ</strong></span> <span class='ocrx_word' id='word_1_67' title='bbox 1764 1147 1894 1202; x_wconf 88' lang='grc' dir='ltr'>κρο-</span> 
     </span>
    </p>
   </div>
   <div class='ocr_carea' id='block_1_10' title="bbox 238 1211 1890 1292">
    <p class='ocr_par' dir='ltr' id='par_1_10' title="bbox 238 1211 1890 1292">
     <span class='ocr_line' id='line_1_10' title="bbox 238 1211 1890 1292; baseline -0.001 -22"><span class='ocrx_word' id='word_1_68' title='bbox 238 1211 424 1292; x_wconf 76' lang='grc' dir='ltr'>τάφων</span> <span class='ocrx_word' id='word_1_69' title='bbox 473 1213 550 1277; x_wconf 83' lang='grc' dir='ltr'><strong>είς</strong></span> <span class='ocrx_word' id='word_1_70' title='bbox 604 1214 879 1289; x_wconf 64' lang='grc' dir='ltr'>μίτωπον,</span> <span class='ocrx_word' id='word_1_71' title='bbox 928 1216 1131 1289; x_wconf 85' lang='grc' dir='ltr'>γυμνὸν</span> <span class='ocrx_word' id='word_1_72' title='bbox 1183 1213 1239 1271; x_wconf 71' lang='grc' dir='ltr'>δὲ</span> <span class='ocrx_word' id='word_1_73' title='bbox 1287 1217 1347 1271; x_wconf 85' lang='grc' dir='ltr'>τὸ</span> <span class='ocrx_word' id='word_1_74' title='bbox 1395 1215 1520 1271; x_wconf 78' lang='grc' dir='ltr'>ὅσον</span> <span class='ocrx_word' id='word_1_75' title='bbox 1568 1214 1767 1271; x_wconf 80' lang='grc' dir='ltr'>ἐκεῖθεν</span> <span class='ocrx_word' id='word_1_76' title='bbox 1802 1215 1890 1271; x_wconf 83' lang='grc' dir='ltr'><strong>ἐπὶ</strong></span> 
     </span>
    </p>
   </div>
   <div class='ocr_carea' id='block_1_11' title="bbox 238 1302 1889 1382">
    <p class='ocr_par' dir='ltr' id='par_1_11' title="bbox 238 1302 1889 1382">
     <span class='ocr_line' id='line_1_11' title="bbox 238 1302 1889 1382; baseline 0.001 -24"><span class='ocrx_word' id='word_1_77' title='bbox 238 1304 307 1358; x_wconf 86' lang='grc' dir='ltr'><strong>τά</strong></span> <span class='ocrx_word' id='word_1_78' title='bbox 346 1307 490 1359; x_wconf 86' lang='grc' dir='ltr'>νῶτα</span> <span class='ocrx_word' id='word_1_79' title='bbox 541 1303 835 1378; x_wconf 77' lang='grc' dir='ltr'>μερίζεται,</span> <span class='ocrx_word' id='word_1_80' title='bbox 886 1302 1099 1382; x_wconf 78' lang='grc' dir='ltr'>σιδήρῳ</span> <span class='ocrx_word' id='word_1_81' title='bbox 1146 1306 1247 1375; x_wconf 80' lang='grc' dir='ltr'>τήν</span> <span class='ocrx_word' id='word_1_82' title='bbox 1288 1303 1462 1375; x_wconf 82' lang='grc' dir='ltr'>δεξιὰν</span> <span class='ocrx_word' id='word_1_83' title='bbox 1520 1304 1889 1379; x_wconf 71' lang='grc' dir='ltr'>ὡπλισμένον,</span> 
     </span>
    </p>
   </div>
   <div class='ocr_carea' id='block_1_12' title="bbox 241 1390 1893 1471">
    <p class='ocr_par' dir='ltr' id='par_1_12' title="bbox 241 1390 1893 1471">
     <span class='ocr_line' id='line_1_12' title="bbox 241 1390 1893 1471; baseline 0.002 -25"><span class='ocrx_word' id='word_1_84' title='bbox 241 1396 388 1466; x_wconf 83' lang='grc' dir='ltr'>ζυγῷ</span> <span class='ocrx_word' id='word_1_85' title='bbox 413 1394 512 1462; x_wconf 80' lang='grc' dir='ltr'><strong>τήν</strong></span> <span class='ocrx_word' id='word_1_86' title='bbox 559 1390 717 1447; x_wconf 83' lang='grc' dir='ltr'>λαιάν</span> <span class='ocrx_word' id='word_1_87' title='bbox 768 1390 1059 1469; x_wconf 65' lang='grc' dir='ltr'><strong>ἐπέχοντα⁹</strong></span> <span class='ocrx_word' id='word_1_88' title='bbox 1104 1395 1379 1470; x_wconf 83' lang='grc' dir='ltr'>πτερωτὸν</span> <span class='ocrx_word' id='word_1_89' title='bbox 1434 1394 1501 1449; x_wconf 83' lang='grc' dir='ltr'><strong>τά</strong></span> <span class='ocrx_word' id='word_1_90' title='bbox 1548 1394 1744 1469; x_wconf 79' lang='grc' dir='ltr'>σφυρὰ,</span> <span class='ocrx_word' id='word_1_91' title='bbox 1785 1393 1893 1471; x_wconf 78' lang='grc' dir='ltr'><strong>οὐχ</strong></span> 
     </span>
    </p>
   </div>
   <div class='ocr_carea' id='block_1_13' title="bbox 234 1480 1891 1562">
    <p class='ocr_par' dir='ltr' id='par_1_13' title="bbox 234 1480 1891 1562">
     <span class='ocr_line' id='line_1_13' title="bbox 234 1480 1891 1562; baseline 0.002 -25"><span class='ocrx_word' id='word_1_92' title='bbox 234 1480 312 1546; x_wconf 82' lang='grc' dir='ltr'>ὠς</span> <span class='ocrx_word' id='word_1_93' title='bbox 346 1483 637 1559; x_wconf 81' lang='grc' dir='ltr'>μετάρσιον</span> <span class='ocrx_word' id='word_1_94' title='bbox 670 1482 801 1559; x_wconf 78' lang='grc' dir='ltr'>ὑπὶρ</span> <span class='ocrx_word' id='word_1_95' title='bbox 860 1490 967 1559; x_wconf 84' lang='grc' dir='ltr'>γῆς</span> <span class='ocrx_word' id='word_1_96' title='bbox 1016 1483 1124 1539; x_wconf 77' lang='grc' dir='ltr'>ἄνω</span> <span class='ocrx_word' id='word_1_97' title='bbox 1181 1483 1547 1562; x_wconf 70' lang='grc' dir='ltr'>κουφίξεσθαι,</span> <span class='ocrx_word' id='word_1_98' title='bbox 1615 1484 1742 1541; x_wconf 88' lang='grc' dir='ltr'>ἀλλ’</span> <span class='ocrx_word' id='word_1_99' title='bbox 1794 1483 1891 1541; x_wconf 78' lang='grc' dir='ltr'>’ίνα</span> 
     </span>
    </p>
   </div>
   <div class='ocr_carea' id='block_1_14' title="bbox 236 1571 1887 1650">
    <p class='ocr_par' dir='ltr' id='par_1_14' title="bbox 236 1571 1887 1650">
     <span class='ocr_line' id='line_1_14' title="bbox 236 1571 1887 1650; baseline 0.002 -23"><span class='ocrx_word' id='word_1_100' title='bbox 236 1571 416 1628; x_wconf 89' lang='grc' dir='ltr'>δοκῶν</span> <span class='ocrx_word' id='word_1_101' title='bbox 464 1571 748 1647; x_wconf 75' lang='grc' dir='ltr'>ἐπιψαύειν</span> <span class='ocrx_word' id='word_1_102' title='bbox 795 1579 895 1643; x_wconf 83' lang='grc' dir='ltr'><strong>τῆς</strong></span> <span class='ocrx_word' id='word_1_103' title='bbox 943 1581 1047 1650; x_wconf 82' lang='grc' dir='ltr'><strong>γῆς</strong></span> <span class='ocrx_word' id='word_1_104' title='bbox 1097 1572 1332 1647; x_wconf 78' lang='grc' dir='ltr'>λανθάνῃ</span> <span class='ocrx_word' id='word_1_105' title='bbox 1380 1574 1630 1630; x_wconf 84' lang='grc' dir='ltr'>κλέπτων</span> <span class='ocrx_word' id='word_1_106' title='bbox 1690 1575 1752 1630; x_wconf 84' lang='grc' dir='ltr'>τὸ</span> <span class='ocrx_word' id='word_1_107' title='bbox 1811 1576 1887 1649; x_wconf 80' lang='grc' dir='ltr'><strong>μὴ</strong></span> 
     </span>
    </p>
   </div>
   <div class='ocr_carea' id='block_1_15' title="bbox 233 1660 1890 1740">
    <p class='ocr_par' dir='ltr' id='par_1_15' title="bbox 233 1660 1890 1740">
     <span class='ocr_line' id='line_1_15' title="bbox 233 1660 1890 1740; baseline 0.002 -22"><span class='ocrx_word' id='word_1_108' title='bbox 233 1665 372 1718; x_wconf 82' lang='grc' dir='ltr'><strong>κατά</strong></span> <span class='ocrx_word' id='word_1_109' title='bbox 399 1669 502 1739; x_wconf 85' lang='grc' dir='ltr'><strong>γῆς</strong></span> <span class='ocrx_word' id='word_1_110' title='bbox 530 1660 925 1739; x_wconf 86' lang='grc' dir='ltr'>ἐπερείδεσθαι.</span> <span class='ocrx_word' id='word_1_111' title='bbox 978 1668 1037 1717; x_wconf 79' lang='lat'><strong>&#39;0</strong></span> <span class='ocrx_word' id='word_1_112' title='bbox 1078 1660 1135 1719; x_wconf 70' lang='grc' dir='ltr'>δὲ</span> <span class='ocrx_word' id='word_1_113' title='bbox 1170 1660 1438 1733; x_wconf 78' lang='grc' dir='ltr'>Γλαῦκος,</span> <span class='ocrx_word' id='word_1_114' title='bbox 1471 1661 1679 1740; x_wconf 83' lang='grc' dir='ltr'>ὥσπερ,</span> <span class='ocrx_word' id='word_1_115' title='bbox 1710 1664 1890 1739; x_wconf 78' lang='grc' dir='ltr'>οἶμαι,</span> 
     </span>
    </p>
   </div>
   <div class='ocr_carea' id='block_1_16' title="bbox 232 1750 1889 1828">
    <p class='ocr_par' dir='ltr' id='par_1_16' title="bbox 232 1750 1889 1828">
     <span class='ocr_line' id='line_1_16' title="bbox 232 1750 1889 1828; baseline 0.001 -20"><span class='ocrx_word' id='word_1_116' title='bbox 232 1750 430 1827; x_wconf 85' lang='grc' dir='ltr'>λοχῶν</span> <span class='ocrx_word' id='word_1_117' title='bbox 463 1751 596 1807; x_wconf 86' lang='grc' dir='ltr'>αὐτὸ</span> <span class='ocrx_word' id='word_1_118' title='bbox 626 1758 727 1822; x_wconf 81' lang='grc' dir='ltr'><strong>τῆς</strong></span> <span class='ocrx_word' id='word_1_119' title='bbox 760 1752 996 1828; x_wconf 82' lang='grc' dir='ltr'>ἀγωνίας</span> <span class='ocrx_word' id='word_1_120' title='bbox 1030 1753 1093 1808; x_wconf 85' lang='grc' dir='ltr'>τὸ</span> <span class='ocrx_word' id='word_1_121' title='bbox 1122 1751 1334 1828; x_wconf 87' lang='grc' dir='ltr'>καίριον</span> <span class='ocrx_word' id='word_1_122' title='bbox 1362 1772 1375 1823; x_wconf 89' lang='lat'><strong>;</strong></span> <span class='ocrx_word' id='word_1_123' title='bbox 1407 1752 1507 1822; x_wconf 78' lang='grc' dir='ltr'><strong>ἧκέ</strong></span> <span class='ocrx_word' id='word_1_124' title='bbox 1554 1774 1614 1809; x_wconf 90' lang='grc' dir='ltr'><strong>τε</strong></span> <span class='ocrx_word' id='word_1_125' title='bbox 1656 1752 1743 1809; x_wconf 78' lang='grc' dir='ltr'><strong>ἐπὶ</strong></span> <span class='ocrx_word' id='word_1_126' title='bbox 1796 1755 1889 1810; x_wconf 87' lang='grc' dir='ltr'><strong>τὸν</strong></span> 
     </span>
    </p>
   </div>
   <div class='ocr_carea' id='block_1_17' title="bbox 232 1826 1973 1921">
    <p class='ocr_par' dir='ltr' id='par_1_17' title="bbox 232 1826 1973 1921">
     <span class='ocr_line' id='line_1_17' title="bbox 232 1826 1973 1921; baseline 0.003 -25"><span class='ocrx_word' id='word_1_127' title='bbox 232 1826 549 1921; x_wconf 73' lang='grc' dir='ltr'>στετρανίτην</span> <span class='ocrx_word' id='word_1_128' title='bbox 587 1843 774 1915; x_wconf 84' lang='grc' dir='ltr'>μόνος,</span> <span class='ocrx_word' id='word_1_129' title='bbox 804 1826 895 1897; x_wconf 82' lang='grc' dir='ltr'><strong>καὶ</strong></span> <span class='ocrx_word' id='word_1_130' title='bbox 926 1847 1145 1919; x_wconf 88' lang='grc' dir='ltr'>πρῶτος</span> <span class='ocrx_word' id='word_1_131' title='bbox 1188 1826 1310 1919; x_wconf 65' lang='grc' dir='ltr'>εἶχε</span> <span class='ocrx_word' id='word_1_132' title='bbox 1356 1844 1403 1879; x_wconf 70' lang='grc'><strong>⁸³</strong></span> <span class='ocrx_word' id='word_1_133' title='bbox 1458 1843 1550 1898; x_wconf 87' lang='grc' dir='ltr'><strong>τὸν</strong></span> <span class='ocrx_word' id='word_1_134' title='bbox 1609 1842 1889 1921; x_wconf 74' lang='grc' dir='ltr'>στέφανον.</span> <span class='ocrx_word' id='word_1_135' title='bbox 1923 1826 1973 1893; x_wconf 81' lang='grc' dir='ltr'><strong>Β</strong></span> 
     </span>
    </p>
   </div>
   <div class='ocr_carea' id='block_1_18' title="bbox 230 1928 1889 2007">
    <p class='ocr_par' dir='ltr' id='par_1_18' title="bbox 230 1928 1889 2007">
     <span class='ocr_line' id='line_1_18' title="bbox 230 1928 1889 2007; baseline 0.002 -22"><span class='ocrx_word' id='word_1_136' title='bbox 230 1930 410 1986; x_wconf 84' lang='grc' dir='ltr'>Πάντα</span> <span class='ocrx_word' id='word_1_137' title='bbox 439 1932 539 2005; x_wconf 83' lang='grc' dir='ltr'><strong>γὰρ</strong></span> <span class='ocrx_word' id='word_1_138' title='bbox 599 1928 742 1986; x_wconf 90' lang='grc' dir='ltr'><strong>καλά</strong></span> <span class='ocrx_word' id='word_1_139' title='bbox 790 1931 845 1986; x_wconf 92' lang='grc' dir='ltr'><strong>ἐν</strong></span> <span class='ocrx_word' id='word_1_140' title='bbox 891 1936 1089 2007; x_wconf 81' lang='grc' dir='ltr'>καιρῷ,</span> <span class='ocrx_word' id='word_1_141' title='bbox 1140 1933 1228 1987; x_wconf 80' lang='grc' dir='ltr'><strong>καὶ</strong></span> <span class='ocrx_word' id='word_1_142' title='bbox 1296 1930 1524 2002; x_wconf 82' lang='grc' dir='ltr'>τοξότης</span> <span class='ocrx_word' id='word_1_143' title='bbox 1573 1930 1889 2004; x_wconf 76' lang='grc' dir='ltr'>ἐπίσκοπος,</span> 
     </span>
    </p>
   </div>
   <div class='ocr_carea' id='block_1_19' title="bbox 230 2015 1889 2093">
    <p class='ocr_par' dir='ltr' id='par_1_19' title="bbox 230 2015 1889 2093">
     <span class='ocr_line' id='line_1_19' title="bbox 230 2015 1889 2093; baseline 0.002 -21"><span class='ocrx_word' id='word_1_144' title='bbox 230 2019 381 2078; x_wconf 82' lang='grc' dir='ltr'>ὅστις</span> <span class='ocrx_word' id='word_1_145' title='bbox 442 2015 553 2072; x_wconf 74' lang='grc' dir='ltr'>οἶδε</span> <span class='ocrx_word' id='word_1_146' title='bbox 600 2019 782 2092; x_wconf 86' lang='grc' dir='ltr'>καίρια</span> <span class='ocrx_word' id='word_1_147' title='bbox 835 2017 1064 2093; x_wconf 80' lang='grc' dir='ltr'>βάλλειν</span> <span class='ocrx_word' id='word_1_148' title='bbox 1113 2018 1439 2092; x_wconf 81' lang='grc' dir='ltr'>τοξεύματα.</span> <span class='ocrx_word' id='word_1_149' title='bbox 1492 2020 1595 2075; x_wconf 82' lang='grc' dir='ltr'>Καὶ</span> <span class='ocrx_word' id='word_1_150' title='bbox 1677 2018 1744 2089; x_wconf 83' lang='grc' dir='ltr'>δὴ</span> <span class='ocrx_word' id='word_1_151' title='bbox 1814 2020 1889 2083; x_wconf 83' lang='grc' dir='ltr'><strong>είς</strong></span> 
     </span>
    </p>
   </div>
   <div class='ocr_carea' id='block_1_20' title="bbox 232 2105 1891 2187">
    <p class='ocr_par' dir='ltr' id='par_1_20' title="bbox 232 2105 1891 2187">
     <span class='ocr_line' id='line_1_20' title="bbox 232 2105 1891 2187; baseline 0 -23"><span class='ocrx_word' id='word_1_152' title='bbox 232 2106 463 2183; x_wconf 84' lang='grc' dir='ltr'>ούρανὸν</span> <span class='ocrx_word' id='word_1_153' title='bbox 510 2105 737 2178; x_wconf 82' lang='grc' dir='ltr'>ἀηδόνες</span> <span class='ocrx_word' id='word_1_154' title='bbox 799 2109 904 2163; x_wconf 86' lang='grc' dir='ltr'>ἀπὸ</span> <span class='ocrx_word' id='word_1_155' title='bbox 968 2114 1072 2184; x_wconf 85' lang='grc' dir='ltr'><strong>γῆς</strong></span> <span class='ocrx_word' id='word_1_156' title='bbox 1126 2106 1425 2164; x_wconf 62' lang='grc' dir='ltr'>’ίπτανταν</span> <span class='ocrx_word' id='word_1_157' title='bbox 1457 2106 1641 2182; x_wconf 84' lang='grc' dir='ltr'>τολμᾶ</span> <span class='ocrx_word' id='word_1_158' title='bbox 1667 2108 1768 2187; x_wconf 78' lang='grc' dir='ltr'><strong>γὰρ</strong></span> <span class='ocrx_word' id='word_1_159' title='bbox 1800 2111 1891 2165; x_wconf 84' lang='grc' dir='ltr'>ἀν-</span> 
     </span>
    </p>
   </div>
   <div class='ocr_carea' id='block_1_21' title="bbox 234 2193 1894 2275">
    <p class='ocr_par' dir='ltr' id='par_1_21' title="bbox 234 2193 1894 2275">
     <span class='ocr_line' id='line_1_21' title="bbox 234 2193 1894 2275; baseline 0.001 -23"><span class='ocrx_word' id='word_1_160' title='bbox 234 2199 389 2273; x_wconf 83' lang='grc' dir='ltr'>ἁγειν</span> <span class='ocrx_word' id='word_1_161' title='bbox 419 2195 554 2272; x_wconf 69' lang='grc' dir='ltr'>ὑπὲρ</span> <span class='ocrx_word' id='word_1_162' title='bbox 587 2193 737 2271; x_wconf 80' lang='grc' dir='ltr'>ᾠδῆς</span> <span class='ocrx_word' id='word_1_163' title='bbox 779 2195 855 2263; x_wconf 80' lang='grc' dir='ltr'><strong>είς</strong></span> <span class='ocrx_word' id='word_1_164' title='bbox 884 2198 1047 2253; x_wconf 82' lang='grc' dir='ltr'>αὗτὸν</span> <span class='ocrx_word' id='word_1_165' title='bbox 1080 2199 1196 2271; x_wconf 84' lang='grc' dir='ltr'>[τὸν</span> <span class='ocrx_word' id='word_1_166' title='bbox 1228 2197 1296 2272; x_wconf 77' lang='grc'><strong>⁴³]</strong></span> <span class='ocrx_word' id='word_1_167' title='bbox 1346 2198 1573 2275; x_wconf 81' lang='grc' dir='ltr'>οὐρανὸν</span> <span class='ocrx_word' id='word_1_168' title='bbox 1626 2200 1654 2254; x_wconf 85' lang='grc' dir='ltr'><strong>ὁ</strong></span> <span class='ocrx_word' id='word_1_169' title='bbox 1724 2201 1894 2273; x_wconf 78' lang='grc' dir='ltr'>μῦθος</span> 
     </span>
    </p>
   </div>
   <div class='ocr_carea' id='block_1_22' title="bbox 235 2282 1891 2363">
    <p class='ocr_par' dir='ltr' id='par_1_22' title="bbox 235 2282 1891 2363">
     <span class='ocr_line' id='line_1_22' title="bbox 235 2282 1891 2363; baseline 0.002 -22"><span class='ocrx_word' id='word_1_170' title='bbox 235 2285 476 2361; x_wconf 74' lang='grc' dir='ltr'>ὄρνιθας.</span> <span class='ocrx_word' id='word_1_171' title='bbox 511 2289 677 2344; x_wconf 86' lang='grc' dir='ltr'>Ἧκον</span> <span class='ocrx_word' id='word_1_172' title='bbox 711 2284 802 2341; x_wconf 70' lang='grc' dir='ltr'><strong>οὖν</strong></span> <span class='ocrx_word' id='word_1_173' title='bbox 849 2288 997 2363; x_wconf 89' lang='grc' dir='ltr'><strong>παρά</strong></span> <span class='ocrx_word' id='word_1_174' title='bbox 1051 2288 1145 2342; x_wconf 87' lang='grc' dir='ltr'>τὸν</span> <span class='ocrx_word' id='word_1_175' title='bbox 1199 2288 1409 2345; x_wconf 86' lang='grc' dir='ltr'>κύκνον.</span> <span class='ocrx_word' id='word_1_176' title='bbox 1474 2289 1535 2346; x_wconf 91' lang='grc' dir='ltr'>Ὁ</span> <span class='ocrx_word' id='word_1_177' title='bbox 1594 2285 1641 2343; x_wconf 83' lang='grc' dir='ltr'>δ’</span> <span class='ocrx_word' id='word_1_178' title='bbox 1697 2282 1891 2363; x_wconf 79' lang='grc' dir='ltr'>ἔτυχεν</span> 
     </span>
    </p>
   </div>
   <div class='ocr_carea' id='block_1_23' title="bbox 239 2373 1887 2455">
    <p class='ocr_par' dir='ltr' id='par_1_23' title="bbox 239 2373 1887 2455">
     <span class='ocr_line' id='line_1_23' title="bbox 239 2373 1887 2455; baseline 0.002 -25"><span class='ocrx_word' id='word_1_179' title='bbox 239 2374 331 2430; x_wconf 82' lang='grc' dir='ltr'><strong>ἐπὶ</strong></span> <span class='ocrx_word' id='word_1_180' title='bbox 360 2395 509 2437; x_wconf 88' lang='grc' dir='ltr'>τινος</span> <span class='ocrx_word' id='word_1_181' title='bbox 550 2373 826 2449; x_wconf 87' lang='grc' dir='ltr'>λειμῶνος</span> <span class='ocrx_word' id='word_1_182' title='bbox 871 2376 1065 2450; x_wconf 77' lang='grc' dir='ltr'>ἠρινοῦ</span> <span class='ocrx_word' id='word_1_183' title='bbox 1114 2374 1233 2448; x_wconf 73' lang='grc' dir='ltr'>ἄρτι</span> <span class='ocrx_word' id='word_1_184' title='bbox 1282 2375 1504 2455; x_wconf 77' lang='grc' dir='ltr'>Ζεφύρῳ</span> <span class='ocrx_word' id='word_1_185' title='bbox 1559 2375 1697 2452; x_wconf 82' lang='grc' dir='ltr'>πρὸς</span> <span class='ocrx_word' id='word_1_186' title='bbox 1740 2375 1887 2451; x_wconf 73' lang='grc' dir='ltr'>ᾠδήν</span> 
     </span>
    </p>
   </div>
   <div class='ocr_carea' id='block_1_24' title="bbox 242 2460 1219 2542">
    <p class='ocr_par' dir='ltr' id='par_1_24' title="bbox 242 2460 1219 2542">
     <span class='ocr_line' id='line_1_24' title="bbox 242 2460 1219 2542; baseline 0.002 -23"><span class='ocrx_word' id='word_1_187' title='bbox 242 2460 516 2519; x_wconf 79' lang='grc' dir='ltr'>ἐκδιδόναι</span> <span class='ocrx_word' id='word_1_188' title='bbox 552 2460 773 2538; x_wconf 78' lang='grc' dir='ltr'>μέλλων</span> <span class='ocrx_word' id='word_1_189' title='bbox 806 2465 901 2527; x_wconf 83' lang='grc' dir='ltr'><strong>τάς</strong></span> <span class='ocrx_word' id='word_1_190' title='bbox 931 2464 1219 2542; x_wconf 76' lang='grc' dir='ltr'>πτέρυγας.</span> 
     </span>
    </p>
   </div>
   <div class='ocr_carea' id='block_1_25' title="bbox 504 2551 1622 2632">
    <p class='ocr_par' dir='ltr' id='par_1_25' title="bbox 504 2551 1622 2632">
     <span class='ocr_line' id='line_1_25' title="bbox 504 2551 1622 2632; baseline 0.002 -25"><span class='ocrx_word' id='word_1_191' title='bbox 504 2553 600 2608; x_wconf 86' lang='grc' dir='ltr'><strong>Ἒκ</strong></span> <span class='ocrx_word' id='word_1_192' title='bbox 627 2556 725 2607; x_wconf 81' lang='grc' dir='ltr'><strong>τοῦ</strong></span> <span class='ocrx_word' id='word_1_193' title='bbox 756 2552 832 2614; x_wconf 86' lang='grc' dir='ltr'>εἷς</span> <span class='ocrx_word' id='word_1_194' title='bbox 854 2553 945 2609; x_wconf 86' lang='grc' dir='ltr'><strong>τὸν</strong></span> <span class='ocrx_word' id='word_1_195' title='bbox 986 2551 1182 2622; x_wconf 68' lang='grc' dir='ltr'>νέηλυν</span> <span class='ocrx_word' id='word_1_196' title='bbox 1209 2554 1301 2609; x_wconf 89' lang='grc' dir='ltr'><strong>τὸν</strong></span> <span class='ocrx_word' id='word_1_197' title='bbox 1326 2553 1622 2632; x_wconf 80' lang='grc' dir='ltr'>Αίγύπτιον</span> 
     </span>
    </p>
   </div>
   <div class='ocr_carea' id='block_1_26' title="bbox 310 2640 1887 2716">
    <p class='ocr_par' dir='ltr' id='par_1_26' title="bbox 310 2640 1887 2716">
     <span class='ocr_line' id='line_1_26' title="bbox 310 2640 1887 2716; baseline 0.003 -21"><span class='ocrx_word' id='word_1_198' title='bbox 310 2642 518 2716; x_wconf 79' lang='grc' dir='ltr'>Πήχεις</span> <span class='ocrx_word' id='word_1_199' title='bbox 572 2642 624 2696; x_wconf 79' lang='grc' dir='ltr'>οἱ</span> <span class='ocrx_word' id='word_1_200' title='bbox 675 2644 721 2678; x_wconf 80' lang='lat'><strong>“</strong></span> <span class='ocrx_word' id='word_1_201' title='bbox 777 2641 1068 2716; x_wconf 79' lang='grc' dir='ltr'>Αἰγύπτιοι</span> <span class='ocrx_word' id='word_1_202' title='bbox 1107 2643 1206 2711; x_wconf 79' lang='grc' dir='ltr'><strong>τήν</strong></span> <span class='ocrx_word' id='word_1_203' title='bbox 1260 2640 1482 2714; x_wconf 66' lang='grc' dir='ltr'>αὔξησιν</span> <span class='ocrx_word' id='word_1_204' title='bbox 1528 2647 1625 2699; x_wconf 76' lang='grc' dir='ltr'>τοῦ</span> <span class='ocrx_word' id='word_1_205' title='bbox 1688 2642 1887 2700; x_wconf 88' lang='grc' dir='ltr'>Νείλου</span> 
     </span>
    </p>
   </div>
   <div class='ocr_carea' id='block_1_27' title="bbox 227 2729 1887 2807">
    <p class='ocr_par' dir='ltr' id='par_1_27' title="bbox 227 2729 1887 2807">
     <span class='ocr_line' id='line_1_27' title="bbox 227 2729 1887 2807; baseline 0.002 -22"><span class='ocrx_word' id='word_1_206' title='bbox 227 2729 693 2805; x_wconf 66' lang='grc' dir='ltr'>προσαγορεύουσι</span> <span class='ocrx_word' id='word_1_207' title='bbox 736 2734 801 2798; x_wconf 73' lang='grc'><strong>⁸³,</strong></span> <span class='ocrx_word' id='word_1_208' title='bbox 857 2731 949 2785; x_wconf 79' lang='grc' dir='ltr'><strong>καὶ</strong></span> <span class='ocrx_word' id='word_1_209' title='bbox 1005 2735 1262 2807; x_wconf 75' lang='grc' dir='ltr'>μετροῦσι</span> <span class='ocrx_word' id='word_1_210' title='bbox 1314 2735 1357 2769; x_wconf 70' lang='grc'><strong>⁸⁸</strong></span> <span class='ocrx_word' id='word_1_211' title='bbox 1403 2734 1469 2787; x_wconf 81' lang='grc' dir='ltr'><strong>τά</strong></span> <span class='ocrx_word' id='word_1_212' title='bbox 1518 2734 1747 2805; x_wconf 78' lang='grc' dir='ltr'>νάματα,</span> <span class='ocrx_word' id='word_1_213' title='bbox 1795 2734 1887 2789; x_wconf 77' lang='grc' dir='ltr'><strong>καὶ</strong></span> 
     </span>
    </p>
   </div>
   <div class='ocr_carea' id='block_1_28' title="bbox 229 2821 1889 2901">
    <p class='ocr_par' dir='ltr' id='par_1_28' title="bbox 229 2821 1889 2901">
     <span class='ocr_line' id='line_1_28' title="bbox 229 2821 1889 2901; baseline 0.002 -26"><span class='ocrx_word' id='word_1_214' title='bbox 229 2821 539 2894; x_wconf 76' lang='grc' dir='ltr'>πανήγυρις</span> <span class='ocrx_word' id='word_1_215' title='bbox 586 2823 774 2884; x_wconf 82' lang='grc' dir='ltr'>αὐτοῖς</span> <span class='ocrx_word' id='word_1_216' title='bbox 815 2821 842 2874; x_wconf 87' lang='grc' dir='ltr'>ὁ</span> <span class='ocrx_word' id='word_1_217' title='bbox 892 2827 1080 2897; x_wconf 77' lang='grc' dir='ltr'>πῆχυς</span> <span class='ocrx_word' id='word_1_218' title='bbox 1132 2821 1360 2897; x_wconf 88' lang='grc' dir='ltr'>γίνεται.</span> <span class='ocrx_word' id='word_1_219' title='bbox 1413 2823 1511 2879; x_wconf 72' lang='grc' dir='ltr'>Καὶ</span> <span class='ocrx_word' id='word_1_220' title='bbox 1563 2822 1691 2887; x_wconf 69' lang='grc' dir='ltr'>τοὺς</span> <span class='ocrx_word' id='word_1_221' title='bbox 1759 2845 1889 2901; x_wconf 86' lang='grc' dir='ltr'>γεν-</span> 
     </span>
    </p>
   </div>
   <div class='ocr_carea' id='block_1_29' title="bbox 229 2906 1887 2988">
    <p class='ocr_par' dir='ltr' id='par_1_29' title="bbox 229 2906 1887 2988">
     <span class='ocr_line' id='line_1_29' title="bbox 229 2906 1887 2988; baseline 0.004 -25"><span class='ocrx_word' id='word_1_222' title='bbox 229 2909 421 2971; x_wconf 86' lang='grc' dir='ltr'>ναίους</span> <span class='ocrx_word' id='word_1_223' title='bbox 452 2906 574 2984; x_wconf 75' lang='grc' dir='ltr'>ὅψει</span> <span class='ocrx_word' id='word_1_224' title='bbox 614 2914 721 2964; x_wconf 89' lang='grc' dir='ltr'><strong>τῶν</strong></span> <span class='ocrx_word' id='word_1_225' title='bbox 766 2915 1080 2987; x_wconf 79' lang='grc' dir='ltr'>στρατηγῶν</span> <span class='ocrx_word' id='word_1_226' title='bbox 1112 2911 1205 2967; x_wconf 87' lang='grc' dir='ltr'><strong>ἀπ’</strong></span> <span class='ocrx_word' id='word_1_227' title='bbox 1262 2911 1561 2968; x_wconf 77' lang='grc' dir='ltr'>ἐλαττόνων</span> <span class='ocrx_word' id='word_1_228' title='bbox 1610 2912 1887 2988; x_wconf 87' lang='grc' dir='ltr'>τροπαίων</span> 
     </span>
    </p>
   </div>
   <div class='ocr_carea' id='block_1_30' title="bbox 231 2997 1886 3079">
    <p class='ocr_par' dir='ltr' id='par_1_30' title="bbox 231 2997 1886 3079">
     <span class='ocr_line' id='line_1_30' title="bbox 231 2997 1886 3079; baseline 0.004 -28"><span class='ocrx_word' id='word_1_229' title='bbox 231 2998 332 3059; x_wconf 84' lang='grc' dir='ltr'><strong>τάς</strong></span> <span class='ocrx_word' id='word_1_230' title='bbox 382 2999 578 3073; x_wconf 90' lang='grc' dir='ltr'>μυρίας</span> <span class='ocrx_word' id='word_1_231' title='bbox 627 2997 774 3061; x_wconf 88' lang='grc' dir='ltr'>νίκας</span> <span class='ocrx_word' id='word_1_232' title='bbox 839 2998 1225 3073; x_wconf 86' lang='grc' dir='ltr'>κηρύττοντας.</span> <span class='ocrx_word' id='word_1_233' title='bbox 1274 3003 1485 3076; x_wconf 80' lang='grc' dir='ltr'>Μικρὸς</span> <span class='ocrx_word' id='word_1_234' title='bbox 1540 3002 1607 3071; x_wconf 79' lang='grc' dir='ltr'><strong>ἦν</strong></span> <span class='ocrx_word' id='word_1_235' title='bbox 1659 3002 1710 3057; x_wconf 89' lang='grc' dir='ltr'><strong>ἐν</strong></span> <span class='ocrx_word' id='word_1_236' title='bbox 1760 3003 1886 3079; x_wconf 83' lang='grc' dir='ltr'><strong>’Δρ-</strong></span> 
     </span>
    </p>
   </div>
   <div class='ocr_carea' id='block_1_31' title="bbox 233 3087 1881 3170">
    <p class='ocr_par' dir='ltr' id='par_1_31' title="bbox 233 3087 1881 3170">
     <span class='ocr_line' id='line_1_31' title="bbox 233 3087 1881 3170; baseline 0.004 -26"><span class='ocrx_word' id='word_1_237' title='bbox 233 3088 470 3161; x_wconf 84' lang='grc' dir='ltr'>τεμισίῳ</span> <span class='ocrx_word' id='word_1_238' title='bbox 520 3087 901 3163; x_wconf 78' lang='grc' dir='ltr'>Θεμιστοκλῆς</span> <span class='ocrx_word' id='word_1_239' title='bbox 948 3091 1108 3165; x_wconf 88' lang='grc' dir='ltr'>(κατά</span> <span class='ocrx_word' id='word_1_240' title='bbox 1151 3090 1195 3127; x_wconf 71' lang='grc'><strong>⁸⁷</strong></span> <span class='ocrx_word' id='word_1_241' title='bbox 1251 3093 1354 3168; x_wconf 79' lang='grc' dir='ltr'><strong>γὰρ</strong></span> <span class='ocrx_word' id='word_1_242' title='bbox 1404 3097 1511 3148; x_wconf 90' lang='grc' dir='ltr'><strong>τῶν</strong></span> <span class='ocrx_word' id='word_1_243' title='bbox 1596 3094 1881 3170; x_wconf 88' lang='grc' dir='ltr'>προπατό-</span> 
     </span>
    </p>
   </div>
   <div class='ocr_carea' id='block_1_32' title="bbox 237 3174 1884 3257">
    <p class='ocr_par' dir='ltr' id='par_1_32' title="bbox 237 3174 1884 3257">
     <span class='ocr_line' id='line_1_32' title="bbox 237 3174 1884 3257; baseline 0.005 -25"><span class='ocrx_word' id='word_1_244' title='bbox 237 3198 346 3254; x_wconf 89' lang='grc' dir='ltr'><strong>ρων</strong></span> <span class='ocrx_word' id='word_1_245' title='bbox 374 3179 422 3214; x_wconf 72' lang='grc'><strong>⁸³</strong></span> <span class='ocrx_word' id='word_1_246' title='bbox 461 3174 538 3233; x_wconf 79' lang='grc' dir='ltr'>ἔτι</span> <span class='ocrx_word' id='word_1_247' title='bbox 585 3184 694 3235; x_wconf 88' lang='grc' dir='ltr'><strong>τῶν</strong></span> <span class='ocrx_word' id='word_1_248' title='bbox 741 3180 1009 3254; x_wconf 73' lang='grc' dir='ltr'>βασιλέως</span> <span class='ocrx_word' id='word_1_249' title='bbox 1066 3179 1361 3257; x_wconf 79' lang='grc' dir='ltr'>ἠρίστευε),</span> <span class='ocrx_word' id='word_1_250' title='bbox 1410 3186 1610 3257; x_wconf 80' lang='grc' dir='ltr'>μείζων</span> <span class='ocrx_word' id='word_1_251' title='bbox 1650 3183 1701 3238; x_wconf 89' lang='grc' dir='ltr'><strong>ἐν</strong></span> <span class='ocrx_word' id='word_1_252' title='bbox 1734 3190 1884 3241; x_wconf 83' lang='grc' dir='ltr'>Ψυτ-</span> 
     </span>
    </p>
   </div>
   <div class='ocr_carea' id='block_1_33' title="bbox 229 3267 1888 3352">
    <p class='ocr_par' dir='ltr' id='par_1_33' title="bbox 229 3267 1888 3352">
     <span class='ocr_line' id='line_1_33' title="bbox 229 3267 1888 3352; baseline 0.002 -27"><span class='ocrx_word' id='word_1_253' title='bbox 229 3267 422 3340; x_wconf 79' lang='grc' dir='ltr'>ταλίᾳ,</span> <span class='ocrx_word' id='word_1_254' title='bbox 469 3268 635 3346; x_wconf 85' lang='grc' dir='ltr'>μέγας</span> <span class='ocrx_word' id='word_1_255' title='bbox 684 3269 773 3326; x_wconf 78' lang='grc' dir='ltr'><strong>ἐπὶ</strong></span> <span class='ocrx_word' id='word_1_256' title='bbox 826 3270 1112 3345; x_wconf 82' lang='grc' dir='ltr'>Σαλαμῖνα</span> <span class='ocrx_word' id='word_1_257' title='bbox 1136 3290 1150 3306; x_wconf 88' lang='grc'><strong>·</strong></span> <span class='ocrx_word' id='word_1_258' title='bbox 1184 3268 1442 3346; x_wconf 78' lang='grc' dir='ltr'>ὲϐἀπτιζε</span> <span class='ocrx_word' id='word_1_259' title='bbox 1471 3272 1574 3352; x_wconf 81' lang='grc' dir='ltr'><strong>γὰρ</strong></span> <span class='ocrx_word' id='word_1_260' title='bbox 1606 3274 1743 3345; x_wconf 81' lang='grc' dir='ltr'>ὃλην</span> <span class='ocrx_word' id='word_1_261' title='bbox 1776 3272 1888 3329; x_wconf 75' lang='grc' dir='ltr'>ἐκεῖ</span> 
     </span>
    </p>
   </div>
   <div class='ocr_carea' id='block_1_34' title="bbox 228 3358 925 3435">
    <p class='ocr_par' dir='ltr' id='par_1_34' title="bbox 228 3358 925 3435">
     <span class='ocr_line' id='line_1_34' title="bbox 228 3358 925 3435; baseline 0 -20"><span class='ocrx_word' id='word_1_262' title='bbox 228 3358 334 3428; x_wconf 84' lang='grc' dir='ltr'><strong>τήν</strong></span> <span class='ocrx_word' id='word_1_263' title='bbox 370 3359 556 3414; x_wconf 85' lang='grc' dir='ltr'>Ἀσίαν</span> <span class='ocrx_word' id='word_1_264' title='bbox 587 3361 925 3435; x_wconf 83' lang='grc' dir='ltr'>μαχόμενος.</span> 
     </span>
    </p>
   </div>
   <div class='ocr_carea' id='block_1_35' title="bbox 585 3450 1544 3526">
    <p class='ocr_par' dir='ltr' id='par_1_35' title="bbox 585 3450 1544 3526">
     <span class='ocr_line' id='line_1_35' title="bbox 585 3450 1544 3526; baseline 0.006 -21"><span class='ocrx_word' id='word_1_265' title='bbox 585 3450 750 3521; x_wconf 83' lang='grc'><strong>[1129</strong></span> <span class='ocrx_word' id='word_1_266' title='bbox 781 3451 875 3522; x_wconf 63' lang='lat' dir='ltr'><strong>IL]</strong></span> <span class='ocrx_word' id='word_1_267' title='bbox 906 3450 1000 3505; x_wconf 89' lang='grc' dir='ltr'>Ἐκ</span> <span class='ocrx_word' id='word_1_268' title='bbox 1028 3450 1076 3487; x_wconf 81' lang='grc'><strong>⁴⁹</strong></span> <span class='ocrx_word' id='word_1_269' title='bbox 1104 3454 1544 3526; x_wconf 80' lang='grc' dir='ltr'>προπεμπτικοῦ.</span> 
     </span>
    </p>
   </div>
   <div class='ocr_carea' id='block_1_36' title="bbox 312 3539 1886 3624">
    <p class='ocr_par' dir='ltr' id='par_1_36' title="bbox 312 3539 1886 3624">
     <span class='ocr_line' id='line_1_36' title="bbox 312 3539 1886 3624; baseline 0.005 -28"><span class='ocrx_word' id='word_1_270' title='bbox 312 3539 409 3596; x_wconf 80' lang='grc' dir='ltr'><strong>Καὶ</strong></span> <span class='ocrx_word' id='word_1_271' title='bbox 440 3544 605 3596; x_wconf 80' lang='grc' dir='ltr'>τοῦτο</span> <span class='ocrx_word' id='word_1_272' title='bbox 668 3542 763 3614; x_wconf 73' lang='grc' dir='ltr'>μὲν</span> <span class='ocrx_word' id='word_1_273' title='bbox 807 3540 937 3605; x_wconf 72' lang='grc' dir='ltr'>ἴσως</span> <span class='ocrx_word' id='word_1_274' title='bbox 984 3542 1169 3605; x_wconf 89' lang='grc' dir='ltr'>καλῶς</span> <span class='ocrx_word' id='word_1_275' title='bbox 1206 3549 1405 3606; x_wconf 71' lang='grc' dir='ltr'>ποιεῖς’</span> <span class='ocrx_word' id='word_1_276' title='bbox 1441 3544 1647 3621; x_wconf 77' lang='grc' dir='ltr'>ἀνάγκη</span> <span class='ocrx_word' id='word_1_277' title='bbox 1680 3548 1784 3624; x_wconf 85' lang='grc' dir='ltr'><strong>γάρ</strong></span> <span class='ocrx_word' id='word_1_278' title='bbox 1818 3545 1886 3620; x_wconf 76' lang='grc' dir='ltr'><strong>δή</strong></span> 
     </span>
    </p>
   </div>
   <div class='ocr_carea' id='block_1_37' title="bbox 226 3629 1890 3711">
    <p class='ocr_par' dir='ltr' id='par_1_37' title="bbox 226 3629 1890 3711">
     <span class='ocr_line' id='line_1_37' title="bbox 226 3629 1890 3711; baseline 0.004 -26"><span class='ocrx_word' id='word_1_279' title='bbox 226 3649 341 3685; x_wconf 78' lang='grc' dir='ltr'><strong>που</strong></span> <span class='ocrx_word' id='word_1_280' title='bbox 400 3630 494 3686; x_wconf 85' lang='grc' dir='ltr'><strong>τὸν</strong></span> <span class='ocrx_word' id='word_1_281' title='bbox 555 3630 879 3686; x_wconf 83' lang='grc' dir='ltr'>ἐπαινεῖσθαι</span> <span class='ocrx_word' id='word_1_282' title='bbox 938 3629 1278 3707; x_wconf 87' lang='grc' dir='ltr'>βουλόμενον</span> <span class='ocrx_word' id='word_1_283' title='bbox 1334 3634 1423 3688; x_wconf 83' lang='grc' dir='ltr'>καὶ</span> <span class='ocrx_word' id='word_1_284' title='bbox 1478 3639 1588 3690; x_wconf 87' lang='grc' dir='ltr'><strong>τῶν</strong></span> <span class='ocrx_word' id='word_1_285' title='bbox 1646 3638 1890 3711; x_wconf 82' lang='grc' dir='ltr'>πράξεων</span> 
     </span>
    </p>
   </div>
   <div class='ocr_carea' id='block_1_38' title="bbox 228 3717 1887 3797">
    <p class='ocr_par' dir='ltr' id='par_1_38' title="bbox 228 3717 1887 3797">
     <span class='ocr_line' id='line_1_38' title="bbox 228 3717 1887 3797; baseline 0.004 -23"><span class='ocrx_word' id='word_1_286' title='bbox 228 3720 456 3774; x_wconf 76' lang='grc' dir='ltr'>ἐκείνων</span> <span class='ocrx_word' id='word_1_287' title='bbox 502 3717 805 3793; x_wconf 79' lang='grc' dir='ltr'>ἐπιθυμεῖν,</span> <span class='ocrx_word' id='word_1_288' title='bbox 838 3722 928 3797; x_wconf 77' lang='grc' dir='ltr'>ἀφ’</span> <span class='ocrx_word' id='word_1_289' title='bbox 985 3722 1058 3775; x_wconf 83' lang='grc' dir='ltr'>ὢν</span> <span class='ocrx_word' id='word_1_290' title='bbox 1111 3717 1345 3797; x_wconf 81' lang='grc' dir='ltr'>ὑπάρχει</span> <span class='ocrx_word' id='word_1_291' title='bbox 1392 3721 1453 3778; x_wconf 85' lang='grc' dir='ltr'>τὸ</span> <span class='ocrx_word' id='word_1_292' title='bbox 1501 3724 1887 3797; x_wconf 78' lang='grc' dir='ltr'>θαυμάζεσθαι.</span> 
     </span>
    </p>
   </div>
   <div class='ocr_carea' id='block_1_39' title="bbox 227 3808 1892 3889">
    <p class='ocr_par' dir='ltr' id='par_1_39' title="bbox 227 3808 1892 3889">
     <span class='ocr_line' id='line_1_39' title="bbox 227 3808 1892 3889; baseline 0.004 -27"><span class='ocrx_word' id='word_1_293' title='bbox 227 3808 309 3862; x_wconf 73' lang='grc' dir='ltr'>Ού</span> <span class='ocrx_word' id='word_1_294' title='bbox 368 3808 474 3883; x_wconf 76' lang='grc' dir='ltr'><strong>γὰρ</strong></span> <span class='ocrx_word' id='word_1_295' title='bbox 530 3808 813 3888; x_wconf 70' lang='grc' dir='ltr'>ἀπέχρησε</span> <span class='ocrx_word' id='word_1_296' title='bbox 868 3814 986 3873; x_wconf 84' lang='grc' dir='ltr'>τοῖς</span> <span class='ocrx_word' id='word_1_297' title='bbox 1042 3811 1196 3867; x_wconf 85' lang='grc' dir='ltr'>παισὶ</span> <span class='ocrx_word' id='word_1_298' title='bbox 1253 3813 1319 3868; x_wconf 83' lang='grc' dir='ltr'><strong>τά</strong></span> <span class='ocrx_word' id='word_1_299' title='bbox 1388 3815 1485 3866; x_wconf 72' lang='grc' dir='ltr'><strong>τοῦ</strong></span> <span class='ocrx_word' id='word_1_300' title='bbox 1561 3812 1892 3889; x_wconf 75' lang='grc' dir='ltr'>Περικλέους</span> 
     </span>
    </p>
   </div>
   <div class='ocr_carea' id='block_1_40' title="bbox 228 3895 1891 3977">
    <p class='ocr_par' dir='ltr' id='par_1_40' title="bbox 228 3895 1891 3977">
     <span class='ocr_line' id='line_1_40' title="bbox 228 3895 1891 3977; baseline 0.005 -26"><span class='ocrx_word' id='word_1_301' title='bbox 228 3895 723 3975; x_wconf 81' lang='grc' dir='ltr'>σεμνολογήματα,</span> <span class='ocrx_word' id='word_1_302' title='bbox 776 3898 901 3955; x_wconf 85' lang='grc' dir='ltr'>ἀλλ’</span> <span class='ocrx_word' id='word_1_303' title='bbox 959 3898 1167 3971; x_wconf 82' lang='grc' dir='ltr'>ἀνάξιοι</span> <span class='ocrx_word' id='word_1_304' title='bbox 1216 3906 1317 3971; x_wconf 84' lang='grc' dir='ltr'><strong>τῆς</strong></span> <span class='ocrx_word' id='word_1_305' title='bbox 1383 3902 1637 3975; x_wconf 83' lang='grc' dir='ltr'>πατρῴας</span> <span class='ocrx_word' id='word_1_306' title='bbox 1692 3903 1891 3977; x_wconf 80' lang='grc' dir='ltr'>ἀρετῆς</span> 
     </span>
    </p>
   </div>
   <div class='ocr_carea' id='block_1_41' title="bbox 224 3984 1886 4063">
    <p class='ocr_par' dir='ltr' id='par_1_41' title="bbox 224 3984 1886 4063">
     <span class='ocr_line' id='line_1_41' title="bbox 224 3984 1886 4063; baseline 0.003 -22"><span class='ocrx_word' id='word_1_307' title='bbox 224 3987 519 4063; x_wconf 87' lang='grc' dir='ltr'>γενόμενοι</span> <span class='ocrx_word' id='word_1_308' title='bbox 571 3988 815 4061; x_wconf 82' lang='grc' dir='ltr'>μείζονος</span> <span class='ocrx_word' id='word_1_309' title='bbox 866 3986 1044 4059; x_wconf 79' lang='grc' dir='ltr'>δήπου</span> <span class='ocrx_word' id='word_1_310' title='bbox 1092 3984 1363 4056; x_wconf 72' lang='grc' dir='ltr'>διαϐολῆς</span> <span class='ocrx_word' id='word_1_311' title='bbox 1410 3991 1582 4045; x_wconf 83' lang='grc' dir='ltr'>αἰτίαν</span> <span class='ocrx_word' id='word_1_312' title='bbox 1627 3993 1728 4061; x_wconf 78' lang='grc' dir='ltr'><strong>τήν</strong></span> <span class='ocrx_word' id='word_1_313' title='bbox 1774 4012 1886 4046; x_wconf 92' lang='grc' dir='ltr'>πα-</span> 
     </span>
    </p>
   </div>
   <div class='ocr_carea' id='block_1_42' title="bbox 223 4072 1889 4148">
    <p class='ocr_par' dir='ltr' id='par_1_42' title="bbox 223 4072 1889 4148">
     <span class='ocr_line' id='line_1_42' title="bbox 223 4072 1889 4148; baseline 0.002 -17"><span class='ocrx_word' id='word_1_314' title='bbox 223 4073 412 4147; x_wconf 72' lang='grc' dir='ltr'>τρῴαν</span> <span class='ocrx_word' id='word_1_315' title='bbox 457 4072 611 4148; x_wconf 82' lang='grc' dir='ltr'>δόξαν</span> <span class='ocrx_word' id='word_1_316' title='bbox 645 4075 961 4146; x_wconf 77' lang='grc' dir='ltr'>ἐκτήσαντο.</span> <span class='ocrx_word' id='word_1_317' title='bbox 994 4078 1099 4133; x_wconf 86' lang='grc' dir='ltr'><strong>Καὶ</strong></span> <span class='ocrx_word' id='word_1_318' title='bbox 1153 4075 1382 4134; x_wconf 88' lang='grc' dir='ltr'>πολλῶν</span> <span class='ocrx_word' id='word_1_319' title='bbox 1441 4075 1498 4133; x_wconf 82' lang='grc' dir='ltr'><strong>δέ</strong></span> <span class='ocrx_word' id='word_1_320' title='bbox 1550 4075 1738 4135; x_wconf 80' lang='grc' dir='ltr'>ἄλλων</span> <span class='ocrx_word' id='word_1_321' title='bbox 1796 4080 1889 4135; x_wconf 86' lang='grc' dir='ltr'>ἀν-</span> 
     </span>
    </p>
   </div>
   <div class='ocr_carea' id='block_1_43' title="bbox 227 4163 1889 4244">
    <p class='ocr_par' dir='ltr' id='par_1_43' title="bbox 227 4163 1889 4244">
     <span class='ocr_line' id='line_1_43' title="bbox 227 4163 1889 4244; baseline 0.003 -24"><span class='ocrx_word' id='word_1_322' title='bbox 227 4163 379 4239; x_wconf 82' lang='grc' dir='ltr'>δρῶν</span> <span class='ocrx_word' id='word_1_323' title='bbox 435 4163 665 4240; x_wconf 83' lang='grc' dir='ltr'>ἀρίστων</span> <span class='ocrx_word' id='word_1_324' title='bbox 710 4166 961 4242; x_wconf 82' lang='grc' dir='ltr'>γεγόνασι</span> <span class='ocrx_word' id='word_1_325' title='bbox 1011 4164 1221 4238; x_wconf 78' lang='grc' dir='ltr'>παῖδες,</span> <span class='ocrx_word' id='word_1_326' title='bbox 1273 4168 1353 4232; x_wconf 70' lang='grc' dir='ltr'><strong>οἷς</strong></span> <span class='ocrx_word' id='word_1_327' title='bbox 1391 4167 1583 4223; x_wconf 77' lang='grc' dir='ltr'>ἅπασιν</span> <span class='ocrx_word' id='word_1_328' title='bbox 1635 4168 1697 4224; x_wconf 71' lang='grc' dir='ltr'>οὺ</span> <span class='ocrx_word' id='word_1_329' title='bbox 1754 4170 1889 4244; x_wconf 86' lang='grc' dir='ltr'>πρὸς</span> 
     </span>
    </p>
   </div>
   <div class='ocr_carea' id='block_1_44' title="bbox 226 4252 1886 4335">
    <p class='ocr_par' dir='ltr' id='par_1_44' title="bbox 226 4252 1886 4335">
     <span class='ocr_line' id='line_1_44' title="bbox 226 4252 1886 4335; baseline 0.003 -25"><span class='ocrx_word' id='word_1_330' title='bbox 226 4252 518 4329; x_wconf 82' lang='grc' dir='ltr'>ἐγκωμίου</span> <span class='ocrx_word' id='word_1_331' title='bbox 567 4253 755 4325; x_wconf 72' lang='grc' dir='ltr'>πλέον,</span> <span class='ocrx_word' id='word_1_332' title='bbox 804 4252 1037 4334; x_wconf 81' lang='grc' dir='ltr'>ἔλεγχος</span> <span class='ocrx_word' id='word_1_333' title='bbox 1085 4253 1143 4311; x_wconf 75' lang='grc' dir='ltr'>δὲ</span> <span class='ocrx_word' id='word_1_334' title='bbox 1198 4257 1389 4320; x_wconf 82' lang='grc' dir='ltr'>κακίας</span> <span class='ocrx_word' id='word_1_335' title='bbox 1435 4256 1641 4335; x_wconf 78' lang='grc' dir='ltr'>ἐγένετο</span> <span class='ocrx_word' id='word_1_336' title='bbox 1684 4258 1751 4315; x_wconf 90' lang='grc' dir='ltr'><strong>τά</strong></span> <span class='ocrx_word' id='word_1_337' title='bbox 1778 4264 1886 4315; x_wconf 88' lang='grc' dir='ltr'><strong>τῶν</strong></span> 
     </span>
    </p>
   </div>
   <div class='ocr_carea' id='block_1_45' title="bbox 224 4341 1888 4422">
    <p class='ocr_par' dir='ltr' id='par_1_45' title="bbox 224 4341 1888 4422">
     <span class='ocr_line' id='line_1_45' title="bbox 224 4341 1888 4422; baseline 0.003 -24"><span class='ocrx_word' id='word_1_338' title='bbox 224 4341 482 4416; x_wconf 74' lang='grc' dir='ltr'>πατέρων</span> <span class='ocrx_word' id='word_1_339' title='bbox 534 4342 796 4416; x_wconf 82' lang='grc' dir='ltr'>ὀνόματα.</span> <span class='ocrx_word' id='word_1_340' title='bbox 827 4342 920 4406; x_wconf 92' lang='grc' dir='ltr'>Τίς</span> <span class='ocrx_word' id='word_1_341' title='bbox 970 4343 1083 4415; x_wconf 73' lang='grc' dir='ltr'>οὖν,</span> <span class='ocrx_word' id='word_1_342' title='bbox 1129 4341 1265 4406; x_wconf 68' lang='grc' dir='ltr'>’ίσως</span> <span class='ocrx_word' id='word_1_343' title='bbox 1324 4346 1384 4400; x_wconf 82' lang='grc' dir='ltr'>ἂν</span> <span class='ocrx_word' id='word_1_344' title='bbox 1431 4345 1595 4421; x_wconf 77' lang='grc' dir='ltr'>ἐρεῖς,</span> <span class='ocrx_word' id='word_1_345' title='bbox 1652 4350 1688 4417; x_wconf 80' lang='grc' dir='ltr'><strong>ἡ</strong></span> <span class='ocrx_word' id='word_1_346' title='bbox 1734 4350 1888 4422; x_wconf 84' lang='grc' dir='ltr'>θερα-</span> 
     </span>
    </p>
   </div>
   <div class='ocr_carea' id='block_1_46' title="bbox 1312 371 2527 435">
    <p class='ocr_par' dir='ltr' id='par_1_46' title="bbox 1312 371 2527 435">
     <span class='ocr_line' id='line_1_46' title="bbox 1312 371 2527 435; baseline -0.002 -2"><span class='ocrx_word' id='word_1_347' title='bbox 1312 371 1830 435; x_wconf 78' lang='lat' dir='ltr'><strong>BIBLIOTHECA</strong></span> <span class='ocrx_word' id='word_1_348' title='bbox 1875 404 1955 421; x_wconf 91' lang='lat'><strong>-—</strong></span> <span class='ocrx_word' id='word_1_349' title='bbox 1995 372 2169 434; x_wconf 87' lang='lat' dir='ltr'><strong>COD.</strong></span> <span class='ocrx_word' id='word_1_350' title='bbox 2216 371 2527 435; x_wconf 85' lang='lat' dir='ltr'><strong>CCXLIII.</strong></span> 
     </span>
    </p>
   </div>
   <div class='ocr_carea' id='block_1_47' title="bbox 1919 514 1979 576">
    <p class='ocr_par' dir='ltr' id='par_1_47' title="bbox 1919 514 1979 576">
     <span class='ocr_line' id='line_1_47' title="bbox 1919 514 1979 576; baseline 0 0"><span class='ocrx_word' id='word_1_351' title='bbox 1919 514 1979 576; x_wconf 92' lang='lat' dir='ltr'><strong>A</strong></span> 
     </span>
    </p>
   </div>
   <div class='ocr_carea' id='block_1_48' title="bbox 3489 367 3645 431">
    <p class='ocr_par' dir='ltr' id='par_1_48' title="bbox 3489 367 3645 431">
     <span class='ocr_line' id='line_1_48' title="bbox 3489 367 3645 431; baseline 0 0"><span class='ocrx_word' id='word_1_352' title='bbox 3489 367 3645 431; x_wconf 87' lang='grc'>1366</span> 
     </span>
    </p>
   </div>
   <div class='ocr_carea' id='block_1_49' title="bbox 2321 504 3326 563">
    <p class='ocr_par' dir='ltr' id='par_1_49' title="bbox 2321 504 3326 563">
     <span class='ocr_line' id='line_1_49' title="bbox 2321 504 3326 563; baseline 0 -1"><span class='ocrx_word' id='word_1_353' title='bbox 2321 509 2402 562; x_wconf 70' lang='lat' dir='ltr'><strong>Em</strong></span> <span class='ocrx_word' id='word_1_354' title='bbox 2428 507 2544 563; x_wconf 74' lang='lat' dir='ltr'><strong>alia</strong></span> <span class='ocrx_word' id='word_1_355' title='bbox 2572 505 2843 561; x_wconf 76' lang='lat' dir='ltr'><strong><em>suasoria.</em></strong></span> <span class='ocrx_word' id='word_1_356' title='bbox 2878 534 2946 546; x_wconf 90' lang='lat'><strong>—-</strong></span> <span class='ocrx_word' id='word_1_357' title='bbox 2974 504 3326 563; x_wconf 68' lang='lat' dir='ltr'><strong>Prommium.</strong></span> 
     </span>
    </p>
   </div>
   <div class='ocr_carea' id='block_1_50' title="bbox 2075 593 3641 669">
    <p class='ocr_par' dir='ltr' id='par_1_50' title="bbox 2075 593 3641 669">
     <span class='ocr_line' id='line_1_50' title="bbox 2075 593 3641 669; baseline -0.001 -17"><span class='ocrx_word' id='word_1_358' title='bbox 2075 596 2367 669; x_wconf 81' lang='lat' dir='ltr'><strong>Lysippus</strong></span> <span class='ocrx_word' id='word_1_359' title='bbox 2397 596 2592 668; x_wconf 78' lang='lat' dir='ltr'><strong>itaque</strong></span> <span class='ocrx_word' id='word_1_360' title='bbox 2624 611 2737 651; x_wconf 92' lang='lat' dir='ltr'><strong>non</strong></span> <span class='ocrx_word' id='word_1_361' title='bbox 2770 593 3045 649; x_wconf 87' lang='lat' dir='ltr'><strong>manibus</strong></span> <span class='ocrx_word' id='word_1_362' title='bbox 3073 593 3282 662; x_wconf 89' lang='lat' dir='ltr'><strong>solum,</strong></span> <span class='ocrx_word' id='word_1_363' title='bbox 3316 595 3416 651; x_wconf 88' lang='lat' dir='ltr'><strong>sed</strong></span> <span class='ocrx_word' id='word_1_364' title='bbox 3464 594 3641 652; x_wconf 85' lang='lat' dir='ltr'><strong>etiam</strong></span> 
     </span>
    </p>
   </div>
   <div class='ocr_carea' id='block_1_51' title="bbox 2001 682 3641 758">
    <p class='ocr_par' dir='ltr' id='par_1_51' title="bbox 2001 682 3641 758">
     <span class='ocr_line' id='line_1_51' title="bbox 2001 682 3641 758; baseline 0 -18"><span class='ocrx_word' id='word_1_365' title='bbox 2001 685 2237 758; x_wconf 88' lang='lat' dir='ltr'><strong>ingenio</strong></span> <span class='ocrx_word' id='word_1_366' title='bbox 2268 685 2535 755; x_wconf 83' lang='lat' dir='ltr'><strong>insignis.</strong></span> <span class='ocrx_word' id='word_1_367' title='bbox 2562 684 2763 750; x_wconf 83' lang='lat' dir='ltr'><strong>Qualia</strong></span> <span class='ocrx_word' id='word_1_368' title='bbox 2794 683 2950 739; x_wconf 90' lang='lat' dir='ltr'><strong>enim</strong></span> <span class='ocrx_word' id='word_1_369' title='bbox 2974 682 3069 737; x_wconf 90' lang='lat' dir='ltr'><strong>ille</strong></span> <span class='ocrx_word' id='word_1_370' title='bbox 3097 684 3170 737; x_wconf 87' lang='lat' dir='ltr'><strong>ab</strong></span> <span class='ocrx_word' id='word_1_371' title='bbox 3202 683 3433 754; x_wconf 88' lang='lat' dir='ltr'><strong>ingenio</strong></span> <span class='ocrx_word' id='word_1_372' title='bbox 3464 700 3641 740; x_wconf 84' lang='lat' dir='ltr'><strong>ausus</strong></span> 
     </span>
    </p>
   </div>
   <div class='ocr_carea' id='block_1_52' title="bbox 2001 771 3645 847">
    <p class='ocr_par' dir='ltr' id='par_1_52' title="bbox 2001 771 3645 847">
     <span class='ocr_line' id='line_1_52' title="bbox 2001 771 3645 847; baseline -0.002 -17"><span class='ocrx_word' id='word_1_373' title='bbox 2001 775 2137 830; x_wconf 80' lang='lat' dir='ltr'><strong>est?</strong></span> <span class='ocrx_word' id='word_1_374' title='bbox 2167 775 2439 847; x_wconf 82' lang='lat' dir='ltr'><strong>Depinxit</strong></span> <span class='ocrx_word' id='word_1_375' title='bbox 2468 774 2579 829; x_wconf 89' lang='lat' dir='ltr'><strong>diis</strong></span> <span class='ocrx_word' id='word_1_376' title='bbox 2628 774 3017 841; x_wconf 83' lang='lat' dir='ltr'><strong>occasionem,</strong></span> <span class='ocrx_word' id='word_1_377' title='bbox 3049 776 3106 827; x_wconf 90' lang='lat' dir='ltr'><strong>et</strong></span> <span class='ocrx_word' id='word_1_378' title='bbox 3150 771 3406 842; x_wconf 85' lang='lat' dir='ltr'><strong>imagine</strong></span> <span class='ocrx_word' id='word_1_379' title='bbox 3436 773 3645 827; x_wconf 88' lang='lat' dir='ltr'><strong>adum-</strong></span> 
     </span>
    </p>
   </div>
   <div class='ocr_carea' id='block_1_53' title="bbox 1999 860 3645 934">
    <p class='ocr_par' dir='ltr' id='par_1_53' title="bbox 1999 860 3645 934">
     <span class='ocr_line' id='line_1_53' title="bbox 1999 860 3645 934; baseline 0 -17"><span class='ocrx_word' id='word_1_380' title='bbox 1999 862 2199 933; x_wconf 87' lang='lat' dir='ltr'><strong>brans,</strong></span> <span class='ocrx_word' id='word_1_381' title='bbox 2224 868 2489 919; x_wconf 87' lang='lat' dir='ltr'><strong>naturam</strong></span> <span class='ocrx_word' id='word_1_382' title='bbox 2514 863 2644 933; x_wconf 86' lang='lat' dir='ltr'><strong>ejus</strong></span> <span class='ocrx_word' id='word_1_383' title='bbox 2665 878 2767 934; x_wconf 87' lang='lat' dir='ltr'><strong>per</strong></span> <span class='ocrx_word' id='word_1_384' title='bbox 2788 861 3008 918; x_wconf 88' lang='lat' dir='ltr'><strong>colores</strong></span> <span class='ocrx_word' id='word_1_385' title='bbox 3026 861 3313 930; x_wconf 78' lang='lat' dir='ltr'><strong>exposuit.</strong></span> <span class='ocrx_word' id='word_1_386' title='bbox 3339 860 3434 915; x_wconf 90' lang='lat' dir='ltr'><strong>Sic</strong></span> <span class='ocrx_word' id='word_1_387' title='bbox 3452 868 3645 917; x_wconf 85' lang='lat' dir='ltr'><strong>autem</strong></span> 
     </span>
    </p>
   </div>
   <div class='ocr_carea' id='block_1_54' title="bbox 2001 948 3646 1023">
    <p class='ocr_par' dir='ltr' id='par_1_54' title="bbox 2001 948 3646 1023">
     <span class='ocr_line' id='line_1_54' title="bbox 2001 948 3646 1023; baseline -0.003 -15"><span class='ocrx_word' id='word_1_388' title='bbox 2001 952 2310 1008; x_wconf 78' lang='lat' dir='ltr'><strong>artificium</strong></span> <span class='ocrx_word' id='word_1_389' title='bbox 2342 956 2626 1023; x_wconf 87' lang='lat' dir='ltr'><strong>quantum</strong></span> <span class='ocrx_word' id='word_1_390' title='bbox 2660 951 2799 1007; x_wconf 90' lang='lat' dir='ltr'><strong>licet</strong></span> <span class='ocrx_word' id='word_1_391' title='bbox 2821 950 3181 1016; x_wconf 74' lang='lat' dir='ltr'><strong>meminisse,</strong></span> <span class='ocrx_word' id='word_1_392' title='bbox 3204 963 3267 1004; x_wconf 92' lang='lat' dir='ltr'><strong>se</strong></span> <span class='ocrx_word' id='word_1_393' title='bbox 3287 948 3485 1005; x_wconf 89' lang='lat' dir='ltr'><strong>habet.</strong></span> <span class='ocrx_word' id='word_1_394' title='bbox 3512 949 3646 1004; x_wconf 87' lang='lat' dir='ltr'><strong>Pin-</strong></span> 
     </span>
    </p>
   </div>
   <div class='ocr_carea' id='block_1_55' title="bbox 2000 1038 3651 1113">
    <p class='ocr_par' dir='ltr' id='par_1_55' title="bbox 2000 1038 3651 1113">
     <span class='ocr_line' id='line_1_55' title="bbox 2000 1038 3651 1113; baseline -0.002 -17"><span class='ocrx_word' id='word_1_395' title='bbox 2000 1042 2086 1113; x_wconf 90' lang='lat' dir='ltr'><strong>git</strong></span> <span class='ocrx_word' id='word_1_396' title='bbox 2113 1041 2431 1112; x_wconf 77' lang='lat' dir='ltr'><strong>quemdam</strong></span> <span class='ocrx_word' id='word_1_397' title='bbox 2455 1041 2644 1111; x_wconf 84' lang='lat' dir='ltr'><strong>ﬁgura</strong></span> <span class='ocrx_word' id='word_1_398' title='bbox 2672 1044 2840 1096; x_wconf 73' lang='lat' dir='ltr'><strong>astate</strong></span> <span class='ocrx_word' id='word_1_399' title='bbox 2870 1041 3197 1107; x_wconf 87' lang='lat' dir='ltr'><strong>venustum,</strong></span> <span class='ocrx_word' id='word_1_400' title='bbox 3220 1038 3534 1109; x_wconf 81' lang='lat' dir='ltr'><strong>ephebum,</strong></span> <span class='ocrx_word' id='word_1_401' title='bbox 3559 1054 3651 1094; x_wconf 89' lang='lat' dir='ltr'><strong>co-</strong></span> 
     </span>
    </p>
   </div>
   <div class='ocr_carea' id='block_1_56' title="bbox 2001 1126 3651 1202">
    <p class='ocr_par' dir='ltr' id='par_1_56' title="bbox 2001 1126 3651 1202">
     <span class='ocr_line' id='line_1_56' title="bbox 2001 1126 3651 1202; baseline -0.002 -17"><span class='ocrx_word' id='word_1_402' title='bbox 2001 1135 2223 1186; x_wconf 87' lang='lat' dir='ltr'><strong>matum</strong></span> <span class='ocrx_word' id='word_1_403' title='bbox 2254 1144 2286 1185; x_wconf 91' lang='lat' dir='ltr'><strong>e</strong></span> <span class='ocrx_word' id='word_1_404' title='bbox 2327 1130 2689 1202; x_wconf 88' lang='lat' dir='ltr'><strong>temporibus</strong></span> <span class='ocrx_word' id='word_1_405' title='bbox 2721 1130 2793 1184; x_wconf 87' lang='lat' dir='ltr'><strong>ad</strong></span> <span class='ocrx_word' id='word_1_406' title='bbox 2842 1128 3091 1185; x_wconf 82' lang='lat' dir='ltr'><strong>frontem</strong></span> <span class='ocrx_word' id='word_1_407' title='bbox 3123 1142 3312 1200; x_wconf 90' lang='lat' dir='ltr'><strong>usque</strong></span> <span class='ocrx_word' id='word_1_408' title='bbox 3352 1143 3365 1182; x_wconf 91' lang='lat'>:</span> <span class='ocrx_word' id='word_1_409' title='bbox 3408 1126 3547 1183; x_wconf 89' lang='lat' dir='ltr'><strong>hinc</strong></span> <span class='ocrx_word' id='word_1_410' title='bbox 3578 1128 3651 1183; x_wconf 91' lang='lat' dir='ltr'><strong>ad</strong></span> 
     </span>
    </p>
   </div>
   <div class='ocr_carea' id='block_1_57' title="bbox 2002 1217 3652 1290">
    <p class='ocr_par' dir='ltr' id='par_1_57' title="bbox 2002 1217 3652 1290">
     <span class='ocr_line' id='line_1_57' title="bbox 2002 1217 3652 1290; baseline -0.004 -14"><span class='ocrx_word' id='word_1_411' title='bbox 2002 1222 2161 1290; x_wconf 88' lang='lat' dir='ltr'><strong>terga</strong></span> <span class='ocrx_word' id='word_1_412' title='bbox 2184 1234 2367 1290; x_wconf 88' lang='lat' dir='ltr'><strong>usque</strong></span> <span class='ocrx_word' id='word_1_413' title='bbox 2399 1219 2645 1284; x_wconf 90' lang='lat' dir='ltr'><strong>nudum,</strong></span> <span class='ocrx_word' id='word_1_414' title='bbox 2672 1217 2933 1273; x_wconf 84' lang='lat' dir='ltr'><strong>dextram</strong></span> <span class='ocrx_word' id='word_1_415' title='bbox 2969 1220 3256 1271; x_wconf 87' lang='lat' dir='ltr'><strong>armatam</strong></span> <span class='ocrx_word' id='word_1_416' title='bbox 3290 1217 3464 1285; x_wconf 82' lang='lat' dir='ltr'><strong>ferro,</strong></span> <span class='ocrx_word' id='word_1_417' title='bbox 3486 1218 3545 1271; x_wconf 89' lang='lat' dir='ltr'><strong>et</strong></span> <span class='ocrx_word' id='word_1_418' title='bbox 3572 1219 3652 1271; x_wconf 57' lang='lat' dir='ltr'><strong>te.</strong></span> 
     </span>
    </p>
   </div>
   <div class='ocr_carea' id='block_1_58' title="bbox 2001 1303 3652 1376">
    <p class='ocr_par' dir='ltr' id='par_1_58' title="bbox 2001 1303 3652 1376">
     <span class='ocr_line' id='line_1_58' title="bbox 2001 1303 3652 1376; baseline -0.002 -12"><span class='ocrx_word' id='word_1_419' title='bbox 2001 1312 2236 1364; x_wconf 91' lang='lat' dir='ltr'><strong>nentem</strong></span> <span class='ocrx_word' id='word_1_420' title='bbox 2268 1307 2511 1363; x_wconf 88' lang='lat' dir='ltr'><strong>sinistra</strong></span> <span class='ocrx_word' id='word_1_421' title='bbox 2556 1306 2865 1373; x_wconf 90' lang='lat' dir='ltr'><strong>bilancem,</strong></span> <span class='ocrx_word' id='word_1_422' title='bbox 2922 1303 3094 1362; x_wconf 88' lang='lat' dir='ltr'><strong>alatis</strong></span> <span class='ocrx_word' id='word_1_423' title='bbox 3143 1304 3379 1376; x_wconf 87' lang='lat' dir='ltr'><strong>plantis,</strong></span> <span class='ocrx_word' id='word_1_424' title='bbox 3421 1321 3539 1361; x_wconf 90' lang='lat' dir='ltr'><strong>non</strong></span> <span class='ocrx_word' id='word_1_425' title='bbox 3587 1308 3652 1360; x_wconf 88' lang='lat' dir='ltr'><strong>ut</strong></span> 
     </span>
    </p>
   </div>
   <div class='ocr_carea' id='block_1_59' title="bbox 2000 1394 3650 1469">
    <p class='ocr_par' dir='ltr' id='par_1_59' title="bbox 2000 1394 3650 1469">
     <span class='ocr_line' id='line_1_59' title="bbox 2000 1394 3650 1469; baseline -0.003 -16"><span class='ocrx_word' id='word_1_426' title='bbox 2000 1396 2274 1453; x_wconf 89' lang='lat' dir='ltr'><strong>sublimis</strong></span> <span class='ocrx_word' id='word_1_427' title='bbox 2296 1412 2475 1469; x_wconf 92' lang='lat' dir='ltr'><strong>super</strong></span> <span class='ocrx_word' id='word_1_428' title='bbox 2492 1399 2704 1453; x_wconf 87' lang='lat' dir='ltr'><strong>terram</strong></span> <span class='ocrx_word' id='word_1_429' title='bbox 2729 1396 2790 1452; x_wconf 90' lang='lat' dir='ltr'><strong>in</strong></span> <span class='ocrx_word' id='word_1_430' title='bbox 2814 1395 2998 1450; x_wconf 85' lang='lat' dir='ltr'><strong>altum</strong></span> <span class='ocrx_word' id='word_1_431' title='bbox 3020 1395 3261 1451; x_wconf 74' lang='lat' dir='ltr'><strong>efferata</strong></span> <span class='ocrx_word' id='word_1_432' title='bbox 3272 1394 3423 1461; x_wconf 87' lang='lat' dir='ltr'><strong>r,sed</strong></span> <span class='ocrx_word' id='word_1_433' title='bbox 3446 1398 3512 1449; x_wconf 90' lang='lat' dir='ltr'><strong>ut</strong></span> <span class='ocrx_word' id='word_1_434' title='bbox 3531 1397 3650 1448; x_wconf 88' lang='lat' dir='ltr'><strong>ter-</strong></span> 
     </span>
    </p>
   </div>
   <div class='ocr_carea' id='block_1_60' title="bbox 2000 1483 3747 1559">
    <p class='ocr_par' dir='ltr' id='par_1_60' title="bbox 2000 1483 3747 1559">
     <span class='ocr_line' id='line_1_60' title="bbox 2000 1483 3747 1559; baseline -0.003 -17"><span class='ocrx_word' id='word_1_435' title='bbox 2000 1503 2122 1543; x_wconf 87' lang='lat' dir='ltr'><strong>ram</strong></span> <span class='ocrx_word' id='word_1_436' title='bbox 2147 1486 2431 1559; x_wconf 86' lang='lat' dir='ltr'><strong>attingere</strong></span> <span class='ocrx_word' id='word_1_437' title='bbox 2448 1486 2733 1553; x_wconf 88' lang='lat' dir='ltr'><strong>videatur,</strong></span> <span class='ocrx_word' id='word_1_438' title='bbox 2755 1485 3060 1558; x_wconf 77' lang='lat' dir='ltr'><strong>ignoretur</strong></span> <span class='ocrx_word' id='word_1_439' title='bbox 3082 1501 3213 1540; x_wconf 87' lang='lat' dir='ltr'><strong>vero</strong></span> <span class='ocrx_word' id='word_1_440' title='bbox 3236 1483 3462 1541; x_wconf 81' lang='lat' dir='ltr'><strong>occulte</strong></span> <span class='ocrx_word' id='word_1_441' title='bbox 3482 1487 3648 1538; x_wconf 66' lang='lat' dir='ltr'><strong>terra</strong></span> <span class='ocrx_word' id='word_1_442' title='bbox 3744 1506 3747 1513; x_wconf 58' lang='grc'><em>’</em></span> 
     </span>
    </p>
   </div>
   <div class='ocr_carea' id='block_1_61' title="bbox 1998 1572 3649 1644">
    <p class='ocr_par' dir='ltr' id='par_1_61' title="bbox 1998 1572 3649 1644">
     <span class='ocr_line' id='line_1_61' title="bbox 1998 1572 3649 1644; baseline -0.003 -10"><span class='ocrx_word' id='word_1_443' title='bbox 1998 1576 2293 1634; x_wconf 90' lang='lat' dir='ltr'><strong>insistere.</strong></span> <span class='ocrx_word' id='word_1_444' title='bbox 2342 1576 2599 1633; x_wconf 83' lang='lat' dir='ltr'><strong>Glaucus</strong></span> <span class='ocrx_word' id='word_1_445' title='bbox 2646 1579 2867 1644; x_wconf 88' lang='lat' dir='ltr'><strong>autem,</strong></span> <span class='ocrx_word' id='word_1_446' title='bbox 2913 1579 2976 1630; x_wconf 89' lang='lat' dir='ltr'><strong>ut</strong></span> <span class='ocrx_word' id='word_1_447' title='bbox 3025 1572 3296 1642; x_wconf 87' lang='lat' dir='ltr'><strong>arbitror,</strong></span> <span class='ocrx_word' id='word_1_448' title='bbox 3347 1573 3649 1629; x_wconf 84' lang='lat' dir='ltr'><strong>occultans</strong></span> 
     </span>
    </p>
   </div>
   <div class='ocr_carea' id='block_1_62' title="bbox 2000 1663 3649 1733">
    <p class='ocr_par' dir='ltr' id='par_1_62' title="bbox 2000 1663 3649 1733">
     <span class='ocr_line' id='line_1_62' title="bbox 2000 1663 3649 1733; baseline -0.002 -10"><span class='ocrx_word' id='word_1_449' title='bbox 2000 1668 2151 1725; x_wconf 89' lang='lat' dir='ltr'><strong>hanc</strong></span> <span class='ocrx_word' id='word_1_450' title='bbox 2180 1666 2519 1724; x_wconf 84' lang='lat' dir='ltr'><strong>certaminis</strong></span> <span class='ocrx_word' id='word_1_451' title='bbox 2549 1665 2933 1733; x_wconf 87' lang='lat' dir='ltr'><strong>occasionem,</strong></span> <span class='ocrx_word' id='word_1_452' title='bbox 2960 1663 3118 1721; x_wconf 86' lang='lat' dir='ltr'><strong>solus</strong></span> <span class='ocrx_word' id='word_1_453' title='bbox 3141 1665 3209 1720; x_wconf 91' lang='lat' dir='ltr'><strong>ad</strong></span> <span class='ocrx_word' id='word_1_454' title='bbox 3246 1668 3649 1720; x_wconf 89' lang='lat' dir='ltr'><strong>coronatorem</strong></span> 
     </span>
    </p>
   </div>
   <div class='ocr_carea' id='block_1_63' title="bbox 2000 1753 3654 1830">
    <p class='ocr_par' dir='ltr' id='par_1_63' title="bbox 2000 1753 3654 1830">
     <span class='ocr_line' id='line_1_63' title="bbox 2000 1753 3654 1830; baseline -0.003 -17"><span class='ocrx_word' id='word_1_455' title='bbox 2000 1758 2177 1827; x_wconf 87' lang='lat' dir='ltr'><strong>venit,</strong></span> <span class='ocrx_word' id='word_1_456' title='bbox 2198 1762 2256 1814; x_wconf 89' lang='lat' dir='ltr'><strong>et</strong></span> <span class='ocrx_word' id='word_1_457' title='bbox 2276 1758 2504 1830; x_wconf 88' lang='lat' dir='ltr'><strong>primus</strong></span> <span class='ocrx_word' id='word_1_458' title='bbox 2525 1770 2798 1814; x_wconf 88' lang='lat' dir='ltr'><strong>coronam</strong></span> <span class='ocrx_word' id='word_1_459' title='bbox 2821 1753 3063 1825; x_wconf 88' lang='lat' dir='ltr'><strong>accepit.</strong></span> <span class='ocrx_word' id='word_1_460' title='bbox 3087 1753 3299 1809; x_wconf 89' lang='lat' dir='ltr'><strong>Omnia</strong></span> <span class='ocrx_word' id='word_1_461' title='bbox 3320 1757 3478 1808; x_wconf 90' lang='lat' dir='ltr'><strong>enim</strong></span> <span class='ocrx_word' id='word_1_462' title='bbox 3503 1753 3654 1809; x_wconf 87' lang='lat' dir='ltr'><strong>bona</strong></span> 
     </span>
    </p>
   </div>
   <div class='ocr_carea' id='block_1_64' title="bbox 2000 1842 3656 1916">
    <p class='ocr_par' dir='ltr' id='par_1_64' title="bbox 2000 1842 3656 1916">
     <span class='ocr_line' id='line_1_64' title="bbox 2000 1842 3656 1916; baseline -0.001 -15"><span class='ocrx_word' id='word_1_463' title='bbox 2000 1848 2061 1902; x_wconf 89' lang='lat' dir='ltr'><strong>in</strong></span> <span class='ocrx_word' id='word_1_464' title='bbox 2109 1847 2436 1915; x_wconf 88' lang='lat' dir='ltr'><strong>occasione,</strong></span> <span class='ocrx_word' id='word_1_465' title='bbox 2469 1849 2525 1900; x_wconf 87' lang='lat' dir='ltr'><strong>et</strong></span> <span class='ocrx_word' id='word_1_466' title='bbox 2575 1844 2828 1916; x_wconf 78' lang='lat' dir='ltr'><strong>diligens</strong></span> <span class='ocrx_word' id='word_1_467' title='bbox 2865 1844 3160 1915; x_wconf 81' lang='lat' dir='ltr'><strong>jaculator</strong></span> <span class='ocrx_word' id='word_1_468' title='bbox 3197 1847 3309 1910; x_wconf 89' lang='lat' dir='ltr'><strong>est,</strong></span> <span class='ocrx_word' id='word_1_469' title='bbox 3342 1842 3443 1915; x_wconf 90' lang='lat' dir='ltr'><strong>qui</strong></span> <span class='ocrx_word' id='word_1_470' title='bbox 3492 1842 3656 1899; x_wconf 81' lang='lat' dir='ltr'><strong>novit</strong></span> 
     </span>
    </p>
   </div>
   <div class='ocr_carea' id='block_1_65' title="bbox 2001 1931 3652 2008">
    <p class='ocr_par' dir='ltr' id='par_1_65' title="bbox 2001 1931 3652 2008">
     <span class='ocr_line' id='line_1_65' title="bbox 2001 1931 3652 2008; baseline -0.002 -15"><span class='ocrx_word' id='word_1_471' title='bbox 2001 1939 2325 2008; x_wconf 88' lang='lat' dir='ltr'><strong>opportuna</strong></span> <span class='ocrx_word' id='word_1_472' title='bbox 2353 1934 2470 1990; x_wconf 89' lang='lat' dir='ltr'><strong>tela</strong></span> <span class='ocrx_word' id='word_1_473' title='bbox 2519 1934 2771 1989; x_wconf 90' lang='lat' dir='ltr'><strong>mittere.</strong></span> <span class='ocrx_word' id='word_1_474' title='bbox 2806 1932 3094 1990; x_wconf 81' lang='lat' dir='ltr'><strong>Luscinias</strong></span> <span class='ocrx_word' id='word_1_475' title='bbox 3141 1947 3284 1988; x_wconf 86' lang='lat' dir='ltr'><strong>sane</strong></span> <span class='ocrx_word' id='word_1_476' title='bbox 3326 1948 3358 1989; x_wconf 91' lang='lat' dir='ltr'><strong>e</strong></span> <span class='ocrx_word' id='word_1_477' title='bbox 3404 1931 3652 1989; x_wconf 88' lang='lat' dir='ltr'><strong>terrain</strong></span> 
     </span>
    </p>
   </div>
   <div class='ocr_carea' id='block_1_66' title="bbox 2000 2022 3651 2082">
    <p class='ocr_par' dir='ltr' id='par_1_66' title="bbox 2000 2022 3651 2082">
     <span class='ocr_line' id='line_1_66' title="bbox 2000 2022 3651 2082; baseline -0.002 0"><span class='ocrx_word' id='word_1_478' title='bbox 2000 2026 2211 2082; x_wconf 80' lang='lat' dir='ltr'><strong>ecslum</strong></span> <span class='ocrx_word' id='word_1_479' title='bbox 2234 2024 2499 2081; x_wconf 83' lang='lat' dir='ltr'><strong>volitant.</strong></span> <span class='ocrx_word' id='word_1_480' title='bbox 2531 2023 2750 2080; x_wconf 89' lang='lat' dir='ltr'><strong>Fabula</strong></span> <span class='ocrx_word' id='word_1_481' title='bbox 2771 2024 2927 2080; x_wconf 91' lang='lat' dir='ltr'><strong>enim</strong></span> <span class='ocrx_word' id='word_1_482' title='bbox 2952 2025 3131 2079; x_wconf 86' lang='lat' dir='ltr'><strong>audet</strong></span> <span class='ocrx_word' id='word_1_483' title='bbox 3150 2022 3208 2077; x_wconf 93' lang='lat' dir='ltr'><strong>in</strong></span> <span class='ocrx_word' id='word_1_484' title='bbox 3240 2022 3453 2078; x_wconf 74' lang='lat' dir='ltr'><strong>cmlum</strong></span> <span class='ocrx_word' id='word_1_485' title='bbox 3475 2026 3651 2079; x_wconf 90' lang='lat' dir='ltr'><strong>cantu</strong></span> 
     </span>
    </p>
   </div>
   <div class='ocr_carea' id='block_1_67' title="bbox 2000 2111 3649 2185">
    <p class='ocr_par' dir='ltr' id='par_1_67' title="bbox 2000 2111 3649 2185">
     <span class='ocr_line' id='line_1_67' title="bbox 2000 2111 3649 2185; baseline -0.004 -13"><span class='ocrx_word' id='word_1_486' title='bbox 2000 2131 2135 2172; x_wconf 89' lang='lat' dir='ltr'><strong>aves</strong></span> <span class='ocrx_word' id='word_1_487' title='bbox 2163 2114 2387 2171; x_wconf 87' lang='lat' dir='ltr'><strong>tollere.</strong></span> <span class='ocrx_word' id='word_1_488' title='bbox 2420 2113 2675 2168; x_wconf 87' lang='lat' dir='ltr'><strong>Veniunt</strong></span> <span class='ocrx_word' id='word_1_489' title='bbox 2705 2113 2878 2185; x_wconf 81' lang='lat' dir='ltr'><strong>igitur</strong></span> <span class='ocrx_word' id='word_1_490' title='bbox 2923 2114 2994 2168; x_wconf 89' lang='lat' dir='ltr'><strong>ad</strong></span> <span class='ocrx_word' id='word_1_491' title='bbox 3024 2111 3266 2182; x_wconf 89' lang='lat' dir='ltr'><strong>olorem,</strong></span> <span class='ocrx_word' id='word_1_492' title='bbox 3298 2112 3397 2182; x_wconf 90' lang='lat' dir='ltr'><strong>qui</strong></span> <span class='ocrx_word' id='word_1_493' title='bbox 3429 2111 3649 2166; x_wconf 86' lang='lat' dir='ltr'><strong>mansit</strong></span> 
     </span>
    </p>
   </div>
   <div class='ocr_carea' id='block_1_68' title="bbox 1999 2201 3647 2276">
    <p class='ocr_par' dir='ltr' id='par_1_68' title="bbox 1999 2201 3647 2276">
     <span class='ocr_line' id='line_1_68' title="bbox 1999 2201 3647 2276; baseline -0.005 -15"><span class='ocrx_word' id='word_1_494' title='bbox 1999 2205 2062 2262; x_wconf 90' lang='lat' dir='ltr'><strong>in</strong></span> <span class='ocrx_word' id='word_1_495' title='bbox 2089 2220 2292 2276; x_wconf 90' lang='lat' dir='ltr'><strong>campo</strong></span> <span class='ocrx_word' id='word_1_496' title='bbox 2320 2204 2575 2275; x_wconf 88' lang='lat' dir='ltr'><strong>quodam</strong></span> <span class='ocrx_word' id='word_1_497' title='bbox 2604 2217 2803 2273; x_wconf 88' lang='lat' dir='ltr'><strong>verno,</strong></span> <span class='ocrx_word' id='word_1_498' title='bbox 2824 2203 3007 2258; x_wconf 91' lang='lat' dir='ltr'><strong>donec</strong></span> <span class='ocrx_word' id='word_1_499' title='bbox 3034 2202 3294 2274; x_wconf 80' lang='lat' dir='ltr'><strong>Zephyro</strong></span> <span class='ocrx_word' id='word_1_500' title='bbox 3314 2201 3387 2257; x_wconf 88' lang='lat' dir='ltr'><strong>ad</strong></span> <span class='ocrx_word' id='word_1_501' title='bbox 3410 2207 3647 2255; x_wconf 86' lang='lat' dir='ltr'><strong>cantum</strong></span> 
     </span>
    </p>
   </div>
   <div class='ocr_carea' id='block_1_69' title="bbox 1999 2292 2489 2368">
    <p class='ocr_par' dir='ltr' id='par_1_69' title="bbox 1999 2292 2489 2368">
     <span class='ocr_line' id='line_1_69' title="bbox 1999 2292 2489 2368; baseline -0.01 -15"><span class='ocrx_word' id='word_1_502' title='bbox 1999 2294 2317 2368; x_wconf 83' lang='lat' dir='ltr'><strong>explicaret</strong></span> <span class='ocrx_word' id='word_1_503' title='bbox 2348 2292 2489 2349; x_wconf 90' lang='lat' dir='ltr'><strong>alas.</strong></span> 
     </span>
    </p>
   </div>
   <div class='ocr_carea' id='block_1_70' title="bbox 2257 2558 3383 2630">
    <p class='ocr_par' dir='ltr' id='par_1_70' title="bbox 2257 2558 3383 2630">
     <span class='ocr_line' id='line_1_70' title="bbox 2257 2558 3383 2630; baseline -0.003 -13"><span class='ocrx_word' id='word_1_504' title='bbox 2257 2561 2341 2617; x_wconf 76' lang='lat' dir='ltr'><strong>Ex</strong></span> <span class='ocrx_word' id='word_1_505' title='bbox 2368 2561 2620 2617; x_wconf 73' lang='lat' dir='ltr'><strong>oratione</strong></span> <span class='ocrx_word' id='word_1_506' title='bbox 2646 2561 2706 2616; x_wconf 78' lang='lat' dir='ltr'><strong>in</strong></span> <span class='ocrx_word' id='word_1_507' title='bbox 2736 2559 3012 2615; x_wconf 76' lang='lat' dir='ltr'><strong>crudelem</strong></span> <span class='ocrx_word' id='word_1_508' title='bbox 3042 2558 3383 2630; x_wconf 67' lang='lat' dir='ltr'><strong>£gyptium.</strong></span> 
     </span>
    </p>
   </div>
   <div class='ocr_carea' id='block_1_71' title="bbox 2069 2644 3643 2724">
    <p class='ocr_par' dir='ltr' id='par_1_71' title="bbox 2069 2644 3643 2724">
     <span class='ocr_line' id='line_1_71' title="bbox 2069 2644 3643 2724; baseline -0.005 -17"><span class='ocrx_word' id='word_1_509' title='bbox 2069 2650 2319 2724; x_wconf 74' lang='lat' dir='ltr'><strong>Egyptii</strong></span> <span class='ocrx_word' id='word_1_510' title='bbox 2341 2650 2767 2706; x_wconf 89' lang='lat' dir='ltr'><strong>incrementum</strong></span> <span class='ocrx_word' id='word_1_511' title='bbox 2782 2647 2896 2703; x_wconf 90' lang='lat' dir='ltr'><strong>Nili</strong></span> <span class='ocrx_word' id='word_1_512' title='bbox 2912 2664 3015 2719; x_wconf 86' lang='lat' dir='ltr'><strong>per</strong></span> <span class='ocrx_word' id='word_1_513' title='bbox 3030 2648 3262 2703; x_wconf 90' lang='lat' dir='ltr'><strong>cubitos</strong></span> <span class='ocrx_word' id='word_1_514' title='bbox 3274 2644 3643 2711; x_wconf 86' lang='lat' dir='ltr'><strong>denuntiant,</strong></span> 
     </span>
    </p>
   </div>
   <div class='ocr_carea' id='block_1_72' title="bbox 1998 2735 3647 2809">
    <p class='ocr_par' dir='ltr' id='par_1_72' title="bbox 1998 2735 3647 2809">
     <span class='ocr_line' id='line_1_72' title="bbox 1998 2735 3647 2809; baseline -0.005 -10"><span class='ocrx_word' id='word_1_515' title='bbox 1998 2745 2056 2799; x_wconf 90' lang='lat' dir='ltr'><strong>et</strong></span> <span class='ocrx_word' id='word_1_516' title='bbox 2077 2756 2354 2798; x_wconf 84' lang='lat' dir='ltr'><strong>mensura</strong></span> <span class='ocrx_word' id='word_1_517' title='bbox 2377 2739 2697 2795; x_wconf 83' lang='lat' dir='ltr'><strong>metiuntur</strong></span> <span class='ocrx_word' id='word_1_518' title='bbox 2716 2740 2986 2809; x_wconf 89' lang='lat' dir='ltr'><strong>aquas,et</strong></span> <span class='ocrx_word' id='word_1_519' title='bbox 3006 2737 3242 2792; x_wconf 87' lang='lat' dir='ltr'><strong>cubitus</strong></span> <span class='ocrx_word' id='word_1_520' title='bbox 3265 2735 3383 2790; x_wconf 88' lang='lat' dir='ltr'><strong>illis</strong></span> <span class='ocrx_word' id='word_1_521' title='bbox 3402 2735 3647 2790; x_wconf 86' lang='lat' dir='ltr'><strong>materia</strong></span> 
     </span>
    </p>
   </div>
   <div class='ocr_carea' id='block_1_73' title="bbox 1998 2824 3645 2900">
    <p class='ocr_par' dir='ltr' id='par_1_73' title="bbox 1998 2824 3645 2900">
     <span class='ocr_line' id='line_1_73' title="bbox 1998 2824 3645 2900; baseline -0.005 -13"><span class='ocrx_word' id='word_1_522' title='bbox 1998 2831 2187 2887; x_wconf 86' lang='lat' dir='ltr'><strong>laudis</strong></span> <span class='ocrx_word' id='word_1_523' title='bbox 2206 2838 2308 2886; x_wconf 84' lang='lat' dir='ltr'><strong>est.</strong></span> <span class='ocrx_word' id='word_1_524' title='bbox 2333 2830 2633 2900; x_wconf 90' lang='lat' dir='ltr'><strong>Ducesque</strong></span> <span class='ocrx_word' id='word_1_525' title='bbox 2655 2835 2925 2884; x_wconf 85' lang='lat' dir='ltr'><strong>strenuos</strong></span> <span class='ocrx_word' id='word_1_526' title='bbox 2947 2826 3164 2881; x_wconf 79' lang='lat' dir='ltr'><strong>videbit</strong></span> <span class='ocrx_word' id='word_1_527' title='bbox 3190 2824 3417 2895; x_wconf 66' lang='lat' dir='ltr'><strong>tropaeis</strong></span> <span class='ocrx_word' id='word_1_528' title='bbox 3447 2824 3645 2879; x_wconf 88' lang='lat' dir='ltr'><strong>mino-</strong></span> 
     </span>
    </p>
   </div>
   <div class='ocr_carea' id='block_1_74' title="bbox 1997 2913 3639 2988">
    <p class='ocr_par' dir='ltr' id='par_1_74' title="bbox 1997 2913 3639 2988">
     <span class='ocr_line' id='line_1_74' title="bbox 1997 2913 3639 2988; baseline -0.005 -12"><span class='ocrx_word' id='word_1_529' title='bbox 1997 2920 2158 2977; x_wconf 89' lang='lat' dir='ltr'><strong>ribus</strong></span> <span class='ocrx_word' id='word_1_530' title='bbox 2180 2918 2336 2975; x_wconf 91' lang='lat' dir='ltr'><strong>mille</strong></span> <span class='ocrx_word' id='word_1_531' title='bbox 2355 2918 2625 2974; x_wconf 82' lang='lat' dir='ltr'><strong>victorias</strong></span> <span class='ocrx_word' id='word_1_532' title='bbox 2649 2916 2981 2988; x_wconf 64' lang='lat' dir='ltr'><strong>pradicare.</strong></span> <span class='ocrx_word' id='word_1_533' title='bbox 3005 2915 3225 2970; x_wconf 88' lang='lat' dir='ltr'><strong>Parvus</strong></span> <span class='ocrx_word' id='word_1_534' title='bbox 3251 2914 3360 2969; x_wconf 82' lang='lat' dir='ltr'><strong>fuit</strong></span> <span class='ocrx_word' id='word_1_535' title='bbox 3387 2913 3448 2968; x_wconf 88' lang='lat' dir='ltr'><strong>in</strong></span> <span class='ocrx_word' id='word_1_536' title='bbox 3471 2916 3639 2968; x_wconf 79' lang='lat' dir='ltr'><strong>Arte-</strong></span> 
     </span>
    </p>
   </div>
   <div class='ocr_carea' id='block_1_75' title="bbox 1996 3002 3640 3075">
    <p class='ocr_par' dir='ltr' id='par_1_75' title="bbox 1996 3002 3640 3075">
     <span class='ocr_line' id='line_1_75' title="bbox 1996 3002 3640 3075; baseline -0.007 -9"><span class='ocrx_word' id='word_1_537' title='bbox 1996 3010 2167 3067; x_wconf 89' lang='lat' dir='ltr'><strong>misio</strong></span> <span class='ocrx_word' id='word_1_538' title='bbox 2181 3007 2607 3065; x_wconf 89' lang='lat' dir='ltr'><strong>Themistocles</strong></span> <span class='ocrx_word' id='word_1_539' title='bbox 2621 3005 2858 3075; x_wconf 87' lang='lat' dir='ltr'><strong>(etenim</strong></span> <span class='ocrx_word' id='word_1_540' title='bbox 2872 3020 3052 3075; x_wconf 86' lang='lat' dir='ltr'><strong>supra</strong></span> <span class='ocrx_word' id='word_1_541' title='bbox 3064 3003 3219 3075; x_wconf 88' lang='lat' dir='ltr'><strong>regis</strong></span> <span class='ocrx_word' id='word_1_542' title='bbox 3235 3002 3485 3073; x_wconf 86' lang='lat' dir='ltr'><strong>majores</strong></span> <span class='ocrx_word' id='word_1_543' title='bbox 3501 3016 3640 3071; x_wconf 67' lang='lat' dir='ltr'><strong>pras-</strong></span> 
     </span>
    </p>
   </div>
   <div class='ocr_carea' id='block_1_76' title="bbox 1996 3090 3636 3172">
    <p class='ocr_par' dir='ltr' id='par_1_76' title="bbox 1996 3090 3636 3172">
     <span class='ocr_line' id='line_1_76' title="bbox 1996 3090 3636 3172; baseline -0.007 -16"><span class='ocrx_word' id='word_1_544' title='bbox 1996 3100 2149 3156; x_wconf 90' lang='lat' dir='ltr'><strong>clare</strong></span> <span class='ocrx_word' id='word_1_545' title='bbox 2169 3099 2374 3172; x_wconf 89' lang='lat' dir='ltr'><strong>gessit)</strong></span> <span class='ocrx_word' id='word_1_546' title='bbox 2395 3097 2582 3169; x_wconf 87' lang='lat' dir='ltr'><strong>major</strong></span> <span class='ocrx_word' id='word_1_547' title='bbox 2602 3098 2662 3152; x_wconf 86' lang='lat' dir='ltr'><strong>in</strong></span> <span class='ocrx_word' id='word_1_548' title='bbox 2684 3093 3215 3165; x_wconf 84' lang='lat' dir='ltr'><strong>Psytalia,magnus</strong></span> <span class='ocrx_word' id='word_1_549' title='bbox 3236 3091 3297 3147; x_wconf 91' lang='lat' dir='ltr'><strong>in</strong></span> <span class='ocrx_word' id='word_1_550' title='bbox 3319 3090 3636 3147; x_wconf 86' lang='lat' dir='ltr'><strong>Salamine.</strong></span> 
     </span>
    </p>
   </div>
   <div class='ocr_carea' id='block_1_77' title="bbox 1996 3180 3420 3257">
    <p class='ocr_par' dir='ltr' id='par_1_77' title="bbox 1996 3180 3420 3257">
     <span class='ocr_line' id='line_1_77' title="bbox 1996 3180 3420 3257; baseline -0.007 -11"><span class='ocrx_word' id='word_1_551' title='bbox 1996 3189 2119 3247; x_wconf 90' lang='lat' dir='ltr'><strong>Illic</strong></span> <span class='ocrx_word' id='word_1_552' title='bbox 2148 3189 2304 3245; x_wconf 90' lang='lat' dir='ltr'><strong>enim</strong></span> <span class='ocrx_word' id='word_1_553' title='bbox 2331 3190 2511 3243; x_wconf 89' lang='lat' dir='ltr'><strong>totam</strong></span> <span class='ocrx_word' id='word_1_554' title='bbox 2544 3185 2743 3241; x_wconf 82' lang='lat' dir='ltr'><strong>Asiam</strong></span> <span class='ocrx_word' id='word_1_555' title='bbox 2775 3184 3092 3257; x_wconf 89' lang='lat' dir='ltr'><strong>pugnando</strong></span> <span class='ocrx_word' id='word_1_556' title='bbox 3121 3180 3420 3239; x_wconf 85' lang='lat' dir='ltr'><strong>demersit.</strong></span> 
     </span>
    </p>
   </div>
   <div class='ocr_carea' id='block_1_78' title="bbox 2584 3453 3049 3527">
    <p class='ocr_par' dir='ltr' id='par_1_78' title="bbox 2584 3453 3049 3527">
     <span class='ocr_line' id='line_1_78' title="bbox 2584 3453 3049 3527; baseline -0.004 -16"><span class='ocrx_word' id='word_1_557' title='bbox 2584 3455 2627 3511; x_wconf 79' lang='grc' dir='ltr'><em>Ε</em></span> <span class='ocrx_word' id='word_1_558' title='bbox 2651 3453 3049 3527; x_wconf 79' lang='lat' dir='ltr'><strong>propemptica.</strong></span> 
     </span>
    </p>
   </div>
   <div class='ocr_carea' id='block_1_79' title="bbox 2067 3541 3643 3613">
    <p class='ocr_par' dir='ltr' id='par_1_79' title="bbox 2067 3541 3643 3613">
     <span class='ocr_line' id='line_1_79' title="bbox 2067 3541 3643 3613; baseline -0.005 -9"><span class='ocrx_word' id='word_1_559' title='bbox 2067 3548 2139 3605; x_wconf 88' lang='lat' dir='ltr'><strong>Et</strong></span> <span class='ocrx_word' id='word_1_560' title='bbox 2164 3545 2276 3605; x_wconf 91' lang='lat' dir='ltr'><strong>hoc</strong></span> <span class='ocrx_word' id='word_1_561' title='bbox 2304 3544 2547 3602; x_wconf 80' lang='lat' dir='ltr'><strong>forsitan</strong></span> <span class='ocrx_word' id='word_1_562' title='bbox 2579 3548 2735 3600; x_wconf 90' lang='lat' dir='ltr'><strong>recte</strong></span> <span class='ocrx_word' id='word_1_563' title='bbox 2783 3543 2944 3599; x_wconf 80' lang='lat' dir='ltr'><strong>iacis.</strong></span> <span class='ocrx_word' id='word_1_564' title='bbox 2978 3543 3126 3601; x_wconf 89' lang='lat' dir='ltr'><strong>Nam</strong></span> <span class='ocrx_word' id='word_1_565' title='bbox 3170 3558 3407 3601; x_wconf 88' lang='lat' dir='ltr'><strong>necesse</strong></span> <span class='ocrx_word' id='word_1_566' title='bbox 3436 3541 3643 3613; x_wconf 89' lang='lat' dir='ltr'><strong>utique</strong></span> 
     </span>
    </p>
   </div>
   <div class='ocr_carea' id='block_1_80' title="bbox 1998 3632 3646 3708">
    <p class='ocr_par' dir='ltr' id='par_1_80' title="bbox 1998 3632 3646 3708">
     <span class='ocr_line' id='line_1_80' title="bbox 1998 3632 3646 3708; baseline -0.005 -14"><span class='ocrx_word' id='word_1_567' title='bbox 1998 3642 2108 3707; x_wconf 88' lang='lat' dir='ltr'><strong>est,</strong></span> <span class='ocrx_word' id='word_1_568' title='bbox 2139 3653 2271 3693; x_wconf 89' lang='lat' dir='ltr'><strong>eum</strong></span> <span class='ocrx_word' id='word_1_569' title='bbox 2299 3636 2398 3708; x_wconf 88' lang='lat' dir='ltr'><strong>qui</strong></span> <span class='ocrx_word' id='word_1_570' title='bbox 2431 3633 2658 3691; x_wconf 88' lang='lat' dir='ltr'><strong>laudari</strong></span> <span class='ocrx_word' id='word_1_571' title='bbox 2680 3633 2994 3698; x_wconf 85' lang='lat' dir='ltr'><strong>desiderat,</strong></span> <span class='ocrx_word' id='word_1_572' title='bbox 3014 3632 3190 3688; x_wconf 89' lang='lat' dir='ltr'><strong>etiam</strong></span> <span class='ocrx_word' id='word_1_573' title='bbox 3214 3649 3307 3689; x_wconf 89' lang='lat' dir='ltr'><strong>res</strong></span> <span class='ocrx_word' id='word_1_574' title='bbox 3323 3632 3456 3689; x_wconf 87' lang='lat' dir='ltr'><strong>illas</strong></span> <span class='ocrx_word' id='word_1_575' title='bbox 3486 3632 3646 3686; x_wconf 84' lang='lat' dir='ltr'><strong>desi—</strong></span> 
     </span>
    </p>
   </div>
   <div class='ocr_carea' id='block_1_81' title="bbox 1998 3719 3644 3795">
    <p class='ocr_par' dir='ltr' id='par_1_81' title="bbox 1998 3719 3644 3795">
     <span class='ocr_line' id='line_1_81' title="bbox 1998 3719 3644 3795; baseline -0.007 -11"><span class='ocrx_word' id='word_1_576' title='bbox 1998 3729 2202 3784; x_wconf 87' lang='lat' dir='ltr'><strong>derare</strong></span> <span class='ocrx_word' id='word_1_577' title='bbox 2234 3726 2390 3781; x_wconf 90' lang='lat' dir='ltr'><strong>unde</strong></span> <span class='ocrx_word' id='word_1_578' title='bbox 2419 3724 2549 3779; x_wconf 89' lang='lat' dir='ltr'><strong>laus</strong></span> <span class='ocrx_word' id='word_1_579' title='bbox 2583 3721 2863 3795; x_wconf 90' lang='lat' dir='ltr'><strong>procedit.</strong></span> <span class='ocrx_word' id='word_1_580' title='bbox 2898 3727 3022 3778; x_wconf 86' lang='lat' dir='ltr'><strong>Non</strong></span> <span class='ocrx_word' id='word_1_581' title='bbox 3045 3720 3201 3777; x_wconf 92' lang='lat' dir='ltr'><strong>enim</strong></span> <span class='ocrx_word' id='word_1_582' title='bbox 3234 3720 3370 3776; x_wconf 84' lang='lat' dir='ltr'><strong>ﬁliis</strong></span> <span class='ocrx_word' id='word_1_583' title='bbox 3406 3719 3644 3775; x_wconf 91' lang='lat' dir='ltr'><strong>Periclis</strong></span> 
     </span>
    </p>
   </div>
   <div class='ocr_carea' id='block_1_82' title="bbox 1999 3808 3644 3889">
    <p class='ocr_par' dir='ltr' id='par_1_82' title="bbox 1999 3808 3644 3889">
     <span class='ocr_line' id='line_1_82' title="bbox 1999 3808 3644 3889; baseline -0.007 -16"><span class='ocrx_word' id='word_1_584' title='bbox 1999 3815 2273 3889; x_wconf 62' lang='lat' dir='ltr'><strong>praeclare</strong></span> <span class='ocrx_word' id='word_1_585' title='bbox 2303 3818 2465 3885; x_wconf 84' lang='lat' dir='ltr'><strong>gesta</strong></span> <span class='ocrx_word' id='word_1_586' title='bbox 2486 3812 2866 3881; x_wconf 71' lang='lat' dir='ltr'><strong>suffecerunt,</strong></span> <span class='ocrx_word' id='word_1_587' title='bbox 2890 3810 2992 3866; x_wconf 86' lang='lat' dir='ltr'><strong>sed</strong></span> <span class='ocrx_word' id='word_1_588' title='bbox 3020 3809 3245 3881; x_wconf 86' lang='lat' dir='ltr'><strong>indigni</strong></span> <span class='ocrx_word' id='word_1_589' title='bbox 3268 3818 3510 3881; x_wconf 87' lang='lat' dir='ltr'><strong>paterna</strong></span> <span class='ocrx_word' id='word_1_590' title='bbox 3528 3808 3644 3862; x_wconf 86' lang='lat' dir='ltr'><strong>vir-</strong></span> 
     </span>
    </p>
   </div>
   <div class='ocr_carea' id='block_1_83' title="bbox 2000 3896 3645 3969">
    <p class='ocr_par' dir='ltr' id='par_1_83' title="bbox 2000 3896 3645 3969">
     <span class='ocr_line' id='line_1_83' title="bbox 2000 3896 3645 3969; baseline -0.006 -8"><span class='ocrx_word' id='word_1_591' title='bbox 2000 3910 2123 3962; x_wconf 89' lang='lat' dir='ltr'><strong>tute</strong></span> <span class='ocrx_word' id='word_1_592' title='bbox 2162 3904 2500 3967; x_wconf 84' lang='lat' dir='ltr'><strong>existentes,</strong></span> <span class='ocrx_word' id='word_1_593' title='bbox 2534 3900 2725 3956; x_wconf 74' lang='lat' dir='ltr'><strong>872a</strong></span> <span class='ocrx_word' id='word_1_594' title='bbox 2770 3900 2841 3955; x_wconf 91' lang='lat' dir='ltr'><strong>ad</strong></span> <span class='ocrx_word' id='word_1_595' title='bbox 2892 3898 3129 3969; x_wconf 84' lang='lat' dir='ltr'><strong>majoris</strong></span> <span class='ocrx_word' id='word_1_596' title='bbox 3176 3896 3645 3968; x_wconf 87' lang='lat' dir='ltr'><strong>reprehensionis</strong></span> 
     </span>
    </p>
   </div>
   <div class='ocr_carea' id='block_1_84' title="bbox 2000 3984 3647 4061">
    <p class='ocr_par' dir='ltr' id='par_1_84' title="bbox 2000 3984 3647 4061">
     <span class='ocr_line' id='line_1_84' title="bbox 2000 3984 3647 4061; baseline -0.006 -11"><span class='ocrx_word' id='word_1_597' title='bbox 2000 3995 2310 4050; x_wconf 87' lang='lat' dir='ltr'><strong>materiam</strong></span> <span class='ocrx_word' id='word_1_598' title='bbox 2337 3994 2635 4061; x_wconf 89' lang='lat' dir='ltr'><strong>paternam</strong></span> <span class='ocrx_word' id='word_1_599' title='bbox 2661 3987 3057 4044; x_wconf 86' lang='lat' dir='ltr'><strong>celebritatem</strong></span> <span class='ocrx_word' id='word_1_600' title='bbox 3094 3986 3289 4058; x_wconf 90' lang='lat' dir='ltr'><strong>adepti</strong></span> <span class='ocrx_word' id='word_1_601' title='bbox 3313 3989 3472 4043; x_wconf 87' lang='lat' dir='ltr'><strong>sunt.</strong></span> <span class='ocrx_word' id='word_1_602' title='bbox 3494 3984 3647 4041; x_wconf 89' lang='lat' dir='ltr'><strong>Alio-</strong></span> 
     </span>
    </p>
   </div>
   <div class='ocr_carea' id='block_1_85' title="bbox 2000 4075 3644 4153">
    <p class='ocr_par' dir='ltr' id='par_1_85' title="bbox 2000 4075 3644 4153">
     <span class='ocr_line' id='line_1_85' title="bbox 2000 4075 3644 4153; baseline -0.006 -13"><span class='ocrx_word' id='word_1_603' title='bbox 2000 4098 2250 4153; x_wconf 90' lang='lat' dir='ltr'><strong>rumque</strong></span> <span class='ocrx_word' id='word_1_604' title='bbox 2264 4082 2368 4136; x_wconf 84' lang='lat' dir='ltr'><strong>filii</strong></span> <span class='ocrx_word' id='word_1_605' title='bbox 2384 4082 2701 4136; x_wconf 89' lang='lat' dir='ltr'><strong>multorum</strong></span> <span class='ocrx_word' id='word_1_606' title='bbox 2719 4077 2958 4134; x_wconf 82' lang='lat' dir='ltr'><strong>fortium</strong></span> <span class='ocrx_word' id='word_1_607' title='bbox 2971 4075 3227 4133; x_wconf 88' lang='lat' dir='ltr'><strong>virorum</strong></span> <span class='ocrx_word' id='word_1_608' title='bbox 3245 4076 3644 4146; x_wconf 85' lang='lat' dir='ltr'><strong>fuere,quibus</strong></span> 
     </span>
    </p>
   </div>
   <div class='ocr_carea' id='block_1_86' title="bbox 2002 4164 3639 4242">
    <p class='ocr_par' dir='ltr' id='par_1_86' title="bbox 2002 4164 3639 4242">
     <span class='ocr_line' id='line_1_86' title="bbox 2002 4164 3639 4242; baseline -0.007 -13"><span class='ocrx_word' id='word_1_609' title='bbox 2002 4172 2279 4230; x_wconf 89' lang='lat' dir='ltr'><strong>omnibus</strong></span> <span class='ocrx_word' id='word_1_610' title='bbox 2304 4174 2606 4242; x_wconf 91' lang='lat' dir='ltr'><strong>parentum</strong></span> <span class='ocrx_word' id='word_1_611' title='bbox 2622 4167 2807 4240; x_wconf 87' lang='lat' dir='ltr'><strong>gloria</strong></span> <span class='ocrx_word' id='word_1_612' title='bbox 2828 4183 2944 4224; x_wconf 93' lang='lat' dir='ltr'><strong>non</strong></span> <span class='ocrx_word' id='word_1_613' title='bbox 2968 4166 3035 4223; x_wconf 90' lang='lat' dir='ltr'><strong>ad</strong></span> <span class='ocrx_word' id='word_1_614' title='bbox 3052 4165 3371 4239; x_wconf 89' lang='lat' dir='ltr'><strong>pleniorem</strong></span> <span class='ocrx_word' id='word_1_615' title='bbox 3390 4164 3639 4234; x_wconf 86' lang='lat' dir='ltr'><strong>laudem,</strong></span> 
     </span>
    </p>
   </div>
   <div class='ocr_carea' id='block_1_87' title="bbox 2000 4253 3643 4333">
    <p class='ocr_par' dir='ltr' id='par_1_87' title="bbox 2000 4253 3643 4333">
     <span class='ocr_line' id='line_1_87' title="bbox 2000 4253 3643 4333; baseline -0.007 -14"><span class='ocrx_word' id='word_1_616' title='bbox 2000 4263 2098 4319; x_wconf 90' lang='lat' dir='ltr'><strong>sed</strong></span> <span class='ocrx_word' id='word_1_617' title='bbox 2148 4262 2218 4318; x_wconf 91' lang='lat' dir='ltr'><strong>ad</strong></span> <span class='ocrx_word' id='word_1_618' title='bbox 2267 4257 2656 4333; x_wconf 84' lang='lat' dir='ltr'><strong>improbitatis</strong></span> <span class='ocrx_word' id='word_1_619' title='bbox 2718 4255 3146 4313; x_wconf 89' lang='lat' dir='ltr'><strong>accusationem</strong></span> <span class='ocrx_word' id='word_1_620' title='bbox 3197 4254 3326 4310; x_wconf 79' lang='lat' dir='ltr'><strong>fuit.</strong></span> <span class='ocrx_word' id='word_1_621' title='bbox 3375 4253 3643 4309; x_wconf 87' lang='lat' dir='ltr'><strong>Forsitan</strong></span> 
     </span>
    </p>
   </div>
   <div class='ocr_carea' id='block_1_88' title="bbox 2002 4343 3647 4418">
    <p class='ocr_par' dir='ltr' id='par_1_88' title="bbox 2002 4343 3647 4418">
     <span class='ocr_line' id='line_1_88' title="bbox 2002 4343 3647 4418; baseline -0.007 -9"><span class='ocrx_word' id='word_1_622' title='bbox 2002 4351 2216 4409; x_wconf 84' lang='lat' dir='ltr'><strong>dixeris</strong></span> <span class='ocrx_word' id='word_1_623' title='bbox 2247 4349 2383 4415; x_wconf 88' lang='lat' dir='ltr'><strong>Quis</strong></span> <span class='ocrx_word' id='word_1_624' title='bbox 2415 4364 2429 4404; x_wconf 88' lang='lat'><strong>:</strong></span> <span class='ocrx_word' id='word_1_625' title='bbox 2463 4348 2643 4418; x_wconf 89' lang='lat' dir='ltr'><strong>igitur</strong></span> <span class='ocrx_word' id='word_1_626' title='bbox 2671 4348 2781 4403; x_wconf 91' lang='lat' dir='ltr'><strong>erit</strong></span> <span class='ocrx_word' id='word_1_627' title='bbox 2826 4346 3042 4402; x_wconf 89' lang='lat' dir='ltr'><strong>mentis</strong></span> <span class='ocrx_word' id='word_1_628' title='bbox 3073 4345 3266 4401; x_wconf 87' lang='lat' dir='ltr'><strong>cultus</strong></span> <span class='ocrx_word' id='word_1_629' title='bbox 3286 4344 3317 4399; x_wconf 70' lang='lat'><strong><em>‘2</em></strong></span> <span class='ocrx_word' id='word_1_630' title='bbox 3361 4343 3559 4400; x_wconf 88' lang='lat' dir='ltr'><strong>Virtus</strong></span> <span class='ocrx_word' id='word_1_631' title='bbox 3589 4352 3647 4399; x_wconf 90' lang='lat' dir='ltr'><strong>et</strong></span> 
     </span>
    </p>
   </div>
   <div class='ocr_carea' id='block_1_89' title="bbox 223 4429 1889 4529">
    <p class='ocr_par' dir='ltr' id='par_1_89' title="bbox 223 4429 1883 4513">
     <span class='ocr_line' id='line_1_89' title="bbox 223 4429 1883 4513; baseline 0.005 -29"><span class='ocrx_word' id='word_1_632' title='bbox 223 4429 360 4487; x_wconf 83' lang='grc' dir='ltr'>πεία</span> <span class='ocrx_word' id='word_1_633' title='bbox 388 4435 484 4485; x_wconf 76' lang='grc' dir='ltr'><strong>τοῦ</strong></span> <span class='ocrx_word' id='word_1_634' title='bbox 541 4436 633 4486; x_wconf 77' lang='grc' dir='ltr'><strong>νοῦ</strong></span> <span class='ocrx_word' id='word_1_635' title='bbox 668 4450 682 4503; x_wconf 88' lang='grc'><strong>;</strong></span> <span class='ocrx_word' id='word_1_636' title='bbox 734 4433 897 4508; x_wconf 84' lang='grc' dir='ltr'>ἀρετὴ</span> <span class='ocrx_word' id='word_1_637' title='bbox 947 4433 1038 4487; x_wconf 85' lang='grc' dir='ltr'><strong>καὶ</strong></span> <span class='ocrx_word' id='word_1_638' title='bbox 1087 4433 1276 4509; x_wconf 88' lang='grc' dir='ltr'>λόγος,</span> <span class='ocrx_word' id='word_1_639' title='bbox 1306 4436 1341 4504; x_wconf 82' lang='grc' dir='ltr'><strong>ἡ</strong></span> <span class='ocrx_word' id='word_1_640' title='bbox 1387 4435 1481 4508; x_wconf 79' lang='grc' dir='ltr'>μὲν</span> <span class='ocrx_word' id='word_1_641' title='bbox 1523 4433 1766 4513; x_wconf 76' lang='grc' dir='ltr'>ἄρχουσα</span> <span class='ocrx_word' id='word_1_642' title='bbox 1795 4438 1883 4492; x_wconf 78' lang='grc' dir='ltr'><strong>καί</strong></span> 
     </span>
    </p>
   </div>
   <div class='ocr_carea' id='block_1_90' title="bbox 2004 4429 3645 4529">
    <p class='ocr_par' dir='ltr' id='par_1_90' title="bbox 2004 4432 3645 4515">
     <span class='ocr_line' id='line_1_90' title="bbox 2004 4432 3645 4515; baseline -0.007 -15"><span class='ocrx_word' id='word_1_643' title='bbox 2004 4438 2354 4515; x_wconf 88' lang='lat' dir='ltr'><strong>eloquentia.</strong></span> <span class='ocrx_word' id='word_1_644' title='bbox 2389 4436 2493 4494; x_wconf 83' lang='lat' dir='ltr'><strong>Illa</strong></span> <span class='ocrx_word' id='word_1_645' title='bbox 2515 4437 2755 4510; x_wconf 88' lang='lat' dir='ltr'><strong>quidem</strong></span> <span class='ocrx_word' id='word_1_646' title='bbox 2779 4436 3079 4508; x_wconf 89' lang='lat' dir='ltr'><strong>imperans</strong></span> <span class='ocrx_word' id='word_1_647' title='bbox 3109 4438 3165 4490; x_wconf 86' lang='lat' dir='ltr'><strong>et</strong></span> <span class='ocrx_word' id='word_1_648' title='bbox 3190 4433 3503 4490; x_wconf 84' lang='lat' dir='ltr'><strong>dominans</strong></span> <span class='ocrx_word' id='word_1_649' title='bbox 3526 4432 3645 4490; x_wconf 89' lang='lat' dir='ltr'><strong>elo-</strong></span> 
     </span>
    </p>
   </div>
   <div class='ocr_carea' id='block_1_91' title="bbox 224 4521 1889 4599">
    <p class='ocr_par' dir='ltr' id='par_1_91' title="bbox 224 4521 1889 4599">
     <span class='ocr_line' id='line_1_91' title="bbox 224 4521 1889 4599; baseline 0.002 -20"><span class='ocrx_word' id='word_1_650' title='bbox 224 4524 592 4579; x_wconf 82' lang='grc' dir='ltr'>ἐπιστατοῦσα</span> <span class='ocrx_word' id='word_1_651' title='bbox 641 4526 722 4595; x_wconf 84' lang='grc' dir='ltr'>τῷ</span> <span class='ocrx_word' id='word_1_652' title='bbox 778 4522 956 4599; x_wconf 81' lang='grc' dir='ltr'>λόγῳ,</span> <span class='ocrx_word' id='word_1_653' title='bbox 1016 4523 1043 4578; x_wconf 79' lang='grc' dir='ltr'><strong>ὁ</strong></span> <span class='ocrx_word' id='word_1_654' title='bbox 1113 4521 1190 4594; x_wconf 71' lang='grc' dir='ltr'>δὲ,</span> <span class='ocrx_word' id='word_1_655' title='bbox 1260 4524 1497 4599; x_wconf 83' lang='grc' dir='ltr'>καθάπερ</span> <span class='ocrx_word' id='word_1_656' title='bbox 1566 4547 1648 4589; x_wconf 84' lang='grc' dir='ltr'><strong>τις</strong></span> <span class='ocrx_word' id='word_1_657' title='bbox 1717 4523 1889 4597; x_wconf 80' lang='grc' dir='ltr'>δεξιὸς</span> 
     </span>
    </p>
   </div>
   <div class='ocr_carea' id='block_1_92' title="bbox 223 4609 1886 4688">
    <p class='ocr_par' dir='ltr' id='par_1_92' title="bbox 223 4609 1886 4688">
     <span class='ocr_line' id='line_1_92' title="bbox 223 4609 1886 4688; baseline 0.002 -20"><span class='ocrx_word' id='word_1_658' title='bbox 223 4612 443 4685; x_wconf 78' lang='grc' dir='ltr'>ἀγαθῆς</span> <span class='ocrx_word' id='word_1_659' title='bbox 499 4609 785 4688; x_wconf 77' lang='grc' dir='ltr'>βασιλίδος</span> <span class='ocrx_word' id='word_1_660' title='bbox 848 4609 1115 4685; x_wconf 87' lang='grc' dir='ltr'>διάκονος,</span> <span class='ocrx_word' id='word_1_661' title='bbox 1189 4613 1257 4669; x_wconf 73' lang='grc' dir='ltr'><strong>τὰ</strong></span> <span class='ocrx_word' id='word_1_662' title='bbox 1336 4611 1545 4686; x_wconf 75' lang='grc' dir='ltr'>ἐκείνης</span> <span class='ocrx_word' id='word_1_663' title='bbox 1623 4614 1886 4672; x_wconf 79' lang='grc' dir='ltr'>ἐπιτελῶν</span> 
     </span>
    </p>
   </div>
   <div class='ocr_carea' id='block_1_93' title="bbox 228 4699 1890 4779">
    <p class='ocr_par' dir='ltr' id='par_1_93' title="bbox 228 4699 1890 4779">
     <span class='ocr_line' id='line_1_93' title="bbox 228 4699 1890 4779; baseline 0.002 -22"><span class='ocrx_word' id='word_1_664' title='bbox 228 4699 453 4776; x_wconf 79' lang='grc' dir='ltr'>σπουδῇ</span> <span class='ocrx_word' id='word_1_665' title='bbox 495 4702 638 4775; x_wconf 77' lang='grc' dir='ltr'>πάσῃ</span> <span class='ocrx_word' id='word_1_666' title='bbox 669 4701 744 4765; x_wconf 83' lang='grc' dir='ltr'>εἷς</span> <span class='ocrx_word' id='word_1_667' title='bbox 776 4699 933 4778; x_wconf 76' lang='grc' dir='ltr'>ἔργον</span> <span class='ocrx_word' id='word_1_668' title='bbox 980 4723 1039 4757; x_wconf 90' lang='grc' dir='ltr'><strong>τε</strong></span> <span class='ocrx_word' id='word_1_669' title='bbox 1098 4701 1243 4778; x_wconf 81' lang='grc' dir='ltr'>ἄγων</span> <span class='ocrx_word' id='word_1_670' title='bbox 1285 4706 1697 4779; x_wconf 82' lang='grc' dir='ltr'>προστάγματα.</span> <span class='ocrx_word' id='word_1_671' title='bbox 1738 4707 1890 4763; x_wconf 79' lang='grc' dir='ltr'>Ἐστι</span> 
     </span>
    </p>
   </div>
   <div class='ocr_carea' id='block_1_94' title="bbox 224 4787 1892 4870">
    <p class='ocr_par' dir='ltr' id='par_1_94' title="bbox 224 4787 1892 4870">
     <span class='ocr_line' id='line_1_94' title="bbox 224 4787 1892 4870; baseline 0.002 -24"><span class='ocrx_word' id='word_1_672' title='bbox 224 4790 324 4846; x_wconf 81' lang='grc' dir='ltr'><strong>καὶ</strong></span> <span class='ocrx_word' id='word_1_673' title='bbox 356 4787 529 4851; x_wconf 71' lang='grc' dir='ltr'>ἄλλος</span> <span class='ocrx_word' id='word_1_674' title='bbox 566 4791 770 4865; x_wconf 85' lang='grc' dir='ltr'>ἀρετῶν</span> <span class='ocrx_word' id='word_1_675' title='bbox 806 4791 997 4865; x_wconf 88' lang='grc' dir='ltr'>μυρίος</span> <span class='ocrx_word' id='word_1_676' title='bbox 1051 4792 1245 4870; x_wconf 80' lang='grc' dir='ltr'>χορὸς,</span> <span class='ocrx_word' id='word_1_677' title='bbox 1280 4790 1336 4847; x_wconf 79' lang='grc' dir='ltr'><strong>ὅν</strong></span> <span class='ocrx_word' id='word_1_678' title='bbox 1382 4792 1586 4849; x_wconf 72' lang='grc' dir='ltr'>ἅπαντα</span> <span class='ocrx_word' id='word_1_679' title='bbox 1642 4795 1892 4868; x_wconf 76' lang='grc' dir='ltr'>εὑρήσεις</span> 
     </span>
    </p>
   </div>
   <div class='ocr_carea' id='block_1_95' title="bbox 225 4877 1893 4956">
    <p class='ocr_par' dir='ltr' id='par_1_95' title="bbox 225 4877 1893 4956">
     <span class='ocr_line' id='line_1_95' title="bbox 225 4877 1893 4956; baseline 0.002 -20"><span class='ocrx_word' id='word_1_680' title='bbox 225 4877 366 4936; x_wconf 68' lang='grc' dir='ltr'>εἵσω</span> <span class='ocrx_word' id='word_1_681' title='bbox 424 4877 674 4942; x_wconf 86' lang='grc' dir='ltr'>παιδείας</span> <span class='ocrx_word' id='word_1_682' title='bbox 751 4880 1062 4956; x_wconf 82' lang='grc' dir='ltr'>ἀνακτόρων</span> <span class='ocrx_word' id='word_1_683' title='bbox 1148 4879 1461 4956; x_wconf 76' lang='grc' dir='ltr'>γενόμενος.</span> <span class='ocrx_word' id='word_1_684' title='bbox 1545 4885 1749 4948; x_wconf 84' lang='grc' dir='ltr'>Ταύτας</span> <span class='ocrx_word' id='word_1_685' title='bbox 1836 4881 1893 4940; x_wconf 77' lang='grc' dir='ltr'>δὲ</span> 
     </span>
    </p>
   </div>
   <div class='ocr_carea' id='block_1_96' title="bbox 228 4971 1894 5053">
    <p class='ocr_par' dir='ltr' id='par_1_96' title="bbox 228 4971 1894 5053">
     <span class='ocr_line' id='line_1_96' title="bbox 228 4971 1894 5053; baseline 0.004 -26"><span class='ocrx_word' id='word_1_686' title='bbox 228 4975 420 5046; x_wconf 78' lang='grc' dir='ltr'>ὥσπερ</span> <span class='ocrx_word' id='word_1_687' title='bbox 475 4971 733 5043; x_wconf 77' lang='grc' dir='ltr'>τιθηνοὺς</span> <span class='ocrx_word' id='word_1_688' title='bbox 788 4973 877 5027; x_wconf 85' lang='grc' dir='ltr'><strong>καὶ</strong></span> <span class='ocrx_word' id='word_1_689' title='bbox 923 4971 1165 5048; x_wconf 76' lang='grc' dir='ltr'>μητέρας</span> <span class='ocrx_word' id='word_1_690' title='bbox 1215 4972 1433 5029; x_wconf 83' lang='grc' dir='ltr'>ἐκείνων</span> <span class='ocrx_word' id='word_1_691' title='bbox 1473 4977 1721 5051; x_wconf 82' lang='lat'><strong>[60611].</strong></span> <span class='ocrx_word' id='word_1_692' title='bbox 1755 4999 1894 5053; x_wconf 83' lang='grc' dir='ltr'>προ-</span> 
     </span>
    </p>
   </div>
   <div class='ocr_carea' id='block_1_97' title="bbox 224 5059 1896 5140">
    <p class='ocr_par' dir='ltr' id='par_1_97' title="bbox 224 5059 1896 5140">
     <span class='ocr_line' id='line_1_97' title="bbox 224 5059 1896 5140; baseline 0.002 -25"><span class='ocrx_word' id='word_1_693' title='bbox 224 5065 367 5134; x_wconf 83' lang='grc' dir='ltr'>ξενῶ</span> <span class='ocrx_word' id='word_1_694' title='bbox 407 5061 452 5097; x_wconf 82' lang='grc' dir='ltr'><strong>⁸ο</strong></span> <span class='ocrx_word' id='word_1_695' title='bbox 474 5059 531 5116; x_wconf 79' lang='grc' dir='ltr'>τὲ</span> <span class='ocrx_word' id='word_1_696' title='bbox 592 5082 679 5117; x_wconf 91' lang='grc' dir='ltr'><strong>σοι</strong></span> <span class='ocrx_word' id='word_1_697' title='bbox 725 5061 819 5117; x_wconf 82' lang='grc' dir='ltr'><strong>καὶ</strong></span> <span class='ocrx_word' id='word_1_698' title='bbox 865 5062 1011 5140; x_wconf 66' lang='grc' dir='ltr'>φημὶ</span> <span class='ocrx_word' id='word_1_699' title='bbox 1060 5060 1125 5132; x_wconf 79' lang='grc' dir='ltr'>δὴ</span> <span class='ocrx_word' id='word_1_700' title='bbox 1178 5059 1248 5117; x_wconf 85' lang='grc' dir='ltr'>δι’</span> <span class='ocrx_word' id='word_1_701' title='bbox 1278 5061 1497 5119; x_wconf 78' lang='grc' dir='ltr'>ἐκείνων</span> <span class='ocrx_word' id='word_1_702' title='bbox 1529 5067 1749 5136; x_wconf 75' lang='grc' dir='ltr'>καὶτῆς</span> <span class='ocrx_word' id='word_1_703' title='bbox 1786 5071 1896 5122; x_wconf 90' lang='grc' dir='ltr'><strong>τῶν</strong></span> 
     </span>
    </p>
   </div>
   <div class='ocr_carea' id='block_1_98' title="bbox 224 5152 1893 5230">
    <p class='ocr_par' dir='ltr' id='par_1_98' title="bbox 224 5152 1893 5230">
     <span class='ocr_line' id='line_1_98' title="bbox 224 5152 1893 5230; baseline 0.005 -23"><span class='ocrx_word' id='word_1_704' title='bbox 224 5152 520 5229; x_wconf 80' lang='grc' dir='ltr'>ἐχομένων</span> <span class='ocrx_word' id='word_1_705' title='bbox 579 5155 749 5229; x_wconf 75' lang='grc' dir='ltr'>θήρας</span> <span class='ocrx_word' id='word_1_706' title='bbox 797 5154 1087 5230; x_wconf 80' lang='grc' dir='ltr'>ἐφίξεσθαι.</span> <span class='ocrx_word' id='word_1_707' title='bbox 1150 5156 1213 5211; x_wconf 81' lang='grc' dir='ltr'><strong>Οἱ</strong></span> <span class='ocrx_word' id='word_1_708' title='bbox 1273 5153 1329 5212; x_wconf 83' lang='grc' dir='ltr'><strong>δε</strong></span> <span class='ocrx_word' id='word_1_709' title='bbox 1386 5154 1574 5221; x_wconf 78' lang='grc' dir='ltr'>παῖδες</span> <span class='ocrx_word' id='word_1_710' title='bbox 1615 5158 1893 5215; x_wconf 86' lang='grc' dir='ltr'>ἀπολελυ-</span> 
     </span>
    </p>
   </div>
   <div class='ocr_carea' id='block_1_99' title="bbox 1998 4523 3646 4607">
    <p class='ocr_par' dir='ltr' id='par_1_99' title="bbox 1998 4523 3646 4607">
     <span class='ocr_line' id='line_1_99' title="bbox 1998 4523 3646 4607; baseline -0.007 -18"><span class='ocrx_word' id='word_1_711' title='bbox 1998 4531 2248 4607; x_wconf 66' lang='lat' dir='ltr'><strong>quentiae</strong></span> <span class='ocrx_word' id='word_1_712' title='bbox 2283 4547 2295 4586; x_wconf 91' lang='lat'><strong>:</strong></span> <span class='ocrx_word' id='word_1_713' title='bbox 2328 4527 2453 4584; x_wconf 70' lang='lat' dir='ltr'><strong>haec</strong></span> <span class='ocrx_word' id='word_1_714' title='bbox 2499 4543 2631 4583; x_wconf 90' lang='lat' dir='ltr'><strong>vero</strong></span> <span class='ocrx_word' id='word_1_715' title='bbox 2660 4530 2941 4598; x_wconf 87' lang='lat' dir='ltr'><strong>tanquam</strong></span> <span class='ocrx_word' id='word_1_716' title='bbox 2992 4523 3183 4580; x_wconf 81' lang='lat' dir='ltr'><strong>ﬁdelis</strong></span> <span class='ocrx_word' id='word_1_717' title='bbox 3232 4524 3398 4579; x_wconf 62' lang='lat' dir='ltr'><strong>bona;</strong></span> <span class='ocrx_word' id='word_1_718' title='bbox 3429 4523 3646 4595; x_wconf 72' lang='lat' dir='ltr'><strong>reginas</strong></span> 
     </span>
    </p>
   </div>
   <div class='ocr_carea' id='block_1_100' title="bbox 1998 4612 3647 4690">
    <p class='ocr_par' dir='ltr' id='par_1_100' title="bbox 1998 4612 3647 4690">
     <span class='ocr_line' id='line_1_100' title="bbox 1998 4612 3647 4690; baseline -0.008 -11"><span class='ocrx_word' id='word_1_719' title='bbox 1998 4622 2294 4688; x_wconf 85' lang='lat' dir='ltr'><strong>ministra,</strong></span> <span class='ocrx_word' id='word_1_720' title='bbox 2327 4617 2491 4675; x_wconf 90' lang='lat' dir='ltr'><strong>illius</strong></span> <span class='ocrx_word' id='word_1_721' title='bbox 2537 4619 2823 4690; x_wconf 70' lang='lat' dir='ltr'><strong>praecepta</strong></span> <span class='ocrx_word' id='word_1_722' title='bbox 2853 4613 3012 4669; x_wconf 90' lang='lat' dir='ltr'><strong>omni</strong></span> <span class='ocrx_word' id='word_1_723' title='bbox 3060 4612 3436 4670; x_wconf 90' lang='lat' dir='ltr'><strong>contentione</strong></span> <span class='ocrx_word' id='word_1_724' title='bbox 3471 4612 3647 4683; x_wconf 86' lang='lat' dir='ltr'><strong>perli-</strong></span> 
     </span>
    </p>
   </div>
   <div class='ocr_carea' id='block_1_101' title="bbox 1998 4703 3643 4778">
    <p class='ocr_par' dir='ltr' id='par_1_101' title="bbox 1998 4703 3643 4778">
     <span class='ocr_line' id='line_1_101' title="bbox 1998 4703 3643 4778; baseline -0.008 -9"><span class='ocrx_word' id='word_1_725' title='bbox 1998 4710 2291 4769; x_wconf 85' lang='lat' dir='ltr'><strong>ciens.Est</strong></span> <span class='ocrx_word' id='word_1_726' title='bbox 2312 4712 2369 4765; x_wconf 86' lang='lat' dir='ltr'><strong>et</strong></span> <span class='ocrx_word' id='word_1_727' title='bbox 2390 4706 2699 4778; x_wconf 84' lang='lat' dir='ltr'><strong>multiplex</strong></span> <span class='ocrx_word' id='word_1_728' title='bbox 2719 4705 2999 4759; x_wconf 87' lang='lat' dir='ltr'><strong>virtutum</strong></span> <span class='ocrx_word' id='word_1_729' title='bbox 3024 4703 3256 4768; x_wconf 89' lang='lat' dir='ltr'><strong>chorus,</strong></span> <span class='ocrx_word' id='word_1_730' title='bbox 3272 4718 3442 4773; x_wconf 89' lang='lat' dir='ltr'><strong>quem</strong></span> <span class='ocrx_word' id='word_1_731' title='bbox 3455 4706 3643 4757; x_wconf 89' lang='lat' dir='ltr'><strong>totum</strong></span> 
     </span>
    </p>
   </div>
   <div class='ocr_carea' id='block_1_102' title="bbox 1999 4790 3646 4867">
    <p class='ocr_par' dir='ltr' id='par_1_102' title="bbox 1999 4790 3646 4867">
     <span class='ocr_line' id='line_1_102' title="bbox 1999 4790 3646 4867; baseline -0.009 -9"><span class='ocrx_word' id='word_1_732' title='bbox 1999 4800 2263 4858; x_wconf 87' lang='lat' dir='ltr'><strong>invenies</strong></span> <span class='ocrx_word' id='word_1_733' title='bbox 2294 4800 2352 4854; x_wconf 90' lang='lat' dir='ltr'><strong>in</strong></span> <span class='ocrx_word' id='word_1_734' title='bbox 2387 4795 2828 4867; x_wconf 88' lang='lat' dir='ltr'><strong>disciplinarum</strong></span> <span class='ocrx_word' id='word_1_735' title='bbox 2861 4793 3166 4867; x_wconf 85' lang='lat' dir='ltr'><strong>gymnasio</strong></span> <span class='ocrx_word' id='word_1_736' title='bbox 3191 4790 3561 4859; x_wconf 88' lang='lat' dir='ltr'><strong>versans,has</strong></span> <span class='ocrx_word' id='word_1_737' title='bbox 3581 4794 3646 4845; x_wconf 89' lang='lat' dir='ltr'><strong>ut</strong></span> 
     </span>
    </p>
   </div>
   <div class='ocr_carea' id='block_1_103' title="bbox 2001 4880 3645 4948">
    <p class='ocr_par' dir='ltr' id='par_1_103' title="bbox 2001 4880 3645 4948">
     <span class='ocr_line' id='line_1_103' title="bbox 2001 4880 3645 4948; baseline -0.009 -1"><span class='ocrx_word' id='word_1_738' title='bbox 2001 4892 2260 4948; x_wconf 81' lang='lat' dir='ltr'><strong>nutrices</strong></span> <span class='ocrx_word' id='word_1_739' title='bbox 2292 4893 2348 4944; x_wconf 90' lang='lat' dir='ltr'><strong>et</strong></span> <span class='ocrx_word' id='word_1_740' title='bbox 2378 4890 2597 4942; x_wconf 89' lang='lat' dir='ltr'><strong>matres</strong></span> <span class='ocrx_word' id='word_1_741' title='bbox 2627 4899 2823 4940; x_wconf 89' lang='lat' dir='ltr'><strong>earum</strong></span> <span class='ocrx_word' id='word_1_742' title='bbox 2856 4882 2961 4938; x_wconf 87' lang='lat' dir='ltr'><strong>tibi</strong></span> <span class='ocrx_word' id='word_1_743' title='bbox 2992 4880 3394 4938; x_wconf 87' lang='lat' dir='ltr'><strong>conciliantes.</strong></span> <span class='ocrx_word' id='word_1_744' title='bbox 3418 4880 3486 4934; x_wconf 86' lang='lat' dir='ltr'><strong>Et</strong></span> <span class='ocrx_word' id='word_1_745' title='bbox 3506 4893 3645 4934; x_wconf 82' lang='lat' dir='ltr'><strong>sane</strong></span> 
     </span>
    </p>
   </div>
   <div class='ocr_carea' id='block_1_104' title="bbox 2001 4967 3644 5052">
    <p class='ocr_par' dir='ltr' id='par_1_104' title="bbox 2001 4967 3644 5052">
     <span class='ocr_line' id='line_1_104' title="bbox 2001 4967 3644 5052; baseline -0.009 -15"><span class='ocrx_word' id='word_1_746' title='bbox 2001 4982 2130 5038; x_wconf 90' lang='lat' dir='ltr'><strong>dico</strong></span> <span class='ocrx_word' id='word_1_747' title='bbox 2163 4997 2261 5052; x_wconf 91' lang='lat' dir='ltr'><strong>per</strong></span> <span class='ocrx_word' id='word_1_748' title='bbox 2293 4980 2396 5035; x_wconf 91' lang='lat' dir='ltr'><strong>has</strong></span> <span class='ocrx_word' id='word_1_749' title='bbox 2423 4979 2659 5034; x_wconf 88' lang='lat' dir='ltr'><strong>illarum</strong></span> <span class='ocrx_word' id='word_1_750' title='bbox 2694 4974 3026 5031; x_wconf 88' lang='lat' dir='ltr'><strong>fruitionem</strong></span> <span class='ocrx_word' id='word_1_751' title='bbox 3074 4973 3480 5029; x_wconf 88' lang='lat' dir='ltr'><strong>adventuram.</strong></span> <span class='ocrx_word' id='word_1_752' title='bbox 3513 4967 3644 5024; x_wconf 87' lang='lat' dir='ltr'><strong>Filii</strong></span> 
     </span>
    </p>
   </div>
   <div class='ocr_carea' id='block_1_105' title="bbox 2001 5059 3644 5141">
    <p class='ocr_par' dir='ltr' id='par_1_105' title="bbox 2001 5059 3644 5141">
     <span class='ocr_line' id='line_1_105' title="bbox 2001 5059 3644 5141; baseline -0.009 -13"><span class='ocrx_word' id='word_1_753' title='bbox 2001 5088 2136 5127; x_wconf 89' lang='lat' dir='ltr'><strong>vero</strong></span> <span class='ocrx_word' id='word_1_754' title='bbox 2166 5088 2200 5126; x_wconf 92' lang='lat' dir='ltr'><strong>a</strong></span> <span class='ocrx_word' id='word_1_755' title='bbox 2230 5068 2682 5141; x_wconf 67' lang='lat' dir='ltr'><strong>praeceptoribus</strong></span> <span class='ocrx_word' id='word_1_756' title='bbox 2714 5063 2985 5132; x_wconf 87' lang='lat' dir='ltr'><strong>abdicati,</strong></span> <span class='ocrx_word' id='word_1_757' title='bbox 3008 5062 3068 5118; x_wconf 89' lang='lat' dir='ltr'><strong>in</strong></span> <span class='ocrx_word' id='word_1_758' title='bbox 3102 5062 3304 5117; x_wconf 91' lang='lat' dir='ltr'><strong>urbem</strong></span> <span class='ocrx_word' id='word_1_759' title='bbox 3336 5059 3499 5115; x_wconf 89' lang='lat' dir='ltr'><strong>illam</strong></span> <span class='ocrx_word' id='word_1_760' title='bbox 3530 5059 3644 5114; x_wconf 90' lang='lat' dir='ltr'><strong>du-</strong></span> 
     </span>
    </p>
   </div>
   <div class='ocr_carea' id='block_1_106' title="bbox 2003 5149 3642 5226">
    <p class='ocr_par' dir='ltr' id='par_1_106' title="bbox 2003 5149 3642 5226">
     <span class='ocr_line' id='line_1_106' title="bbox 2003 5149 3642 5226; baseline -0.009 -9"><span class='ocrx_word' id='word_1_761' title='bbox 2003 5162 2304 5217; x_wconf 89' lang='lat' dir='ltr'><strong>cebantur.</strong></span> <span class='ocrx_word' id='word_1_762' title='bbox 2337 5157 2519 5214; x_wconf 82' lang='lat' dir='ltr'><strong>Midas</strong></span> <span class='ocrx_word' id='word_1_763' title='bbox 2550 5154 2739 5226; x_wconf 81' lang='lat' dir='ltr'><strong>Phryx</strong></span> <span class='ocrx_word' id='word_1_764' title='bbox 2769 5152 2881 5225; x_wconf 75' lang='grc'><strong>(50)</strong></span> <span class='ocrx_word' id='word_1_765' title='bbox 2904 5149 3147 5224; x_wconf 88' lang='lat' dir='ltr'><strong>cupiens</strong></span> <span class='ocrx_word' id='word_1_766' title='bbox 3179 5149 3453 5221; x_wconf 86' lang='lat' dir='ltr'><strong>Satyrum</strong></span> <span class='ocrx_word' id='word_1_767' title='bbox 3478 5163 3642 5205; x_wconf 84' lang='lat' dir='ltr'><strong>com-</strong></span> 
     </span>
    </p>
   </div>
   <div class='ocr_carea' id='block_1_107' title="bbox 1568 5282 2268 5341">
    <p class='ocr_par' dir='ltr' id='par_1_107' title="bbox 1568 5282 2268 5341">
     <span class='ocr_line' id='line_1_107' title="bbox 1568 5282 2268 5341; baseline -0.003 -3"><span class='ocrx_word' id='word_1_768' title='bbox 1568 5283 1810 5339; x_wconf 76' lang='lat' dir='ltr'><strong>VARl/E</strong></span> <span class='ocrx_word' id='word_1_769' title='bbox 1854 5282 2268 5341; x_wconf 80' lang='lat' dir='ltr'><strong>LECTIONES.</strong></span> 
     </span>
    </p>
   </div>
   <div class='ocr_carea' id='block_1_108' title="bbox 304 5372 957 5449">
    <p class='ocr_par' dir='ltr' id='par_1_108' title="bbox 304 5372 957 5449">
     <span class='ocr_line' id='line_1_108' title="bbox 304 5372 957 5449; baseline 0.011 -24"><span class='ocrx_word' id='word_1_770' title='bbox 304 5374 349 5409; x_wconf 72' lang='lat'>“</span> <span class='ocrx_word' id='word_1_771' title='bbox 381 5372 500 5449; x_wconf 65' lang='grc' dir='ltr'>εἶχε</span> <span class='ocrx_word' id='word_1_772' title='bbox 528 5374 621 5449; x_wconf 75' lang='lat' dir='ltr'><strong>AC.</strong></span> <span class='ocrx_word' id='word_1_773' title='bbox 650 5393 669 5431; x_wconf 90' lang='lat'><strong><em>:</em></strong></span> <span class='ocrx_word' id='word_1_774' title='bbox 712 5373 957 5449; x_wconf 78' lang='grc' dir='ltr'>εἷλε</span> 
     </span>
    </p>
   </div>
   <div class='ocr_carea' id='block_1_109' title="bbox 218 5392 735 5517">
    <p class='ocr_par' dir='ltr' id='par_1_109' title="bbox 218 5392 735 5517">
     <span class='ocr_line' id='line_1_109' title="bbox 304 5392 735 5431; baseline 0.005 -5"><span class='ocrx_word' id='word_1_775' title='bbox 304 5392 349 5409; x_wconf 77' lang='grc'><strong>’⁸</strong></span> <span class='ocrx_word' id='word_1_776' title='bbox 381 5393 424 5427; x_wconf 86' lang='grc' dir='ltr'><strong>ει</strong></span> <span class='ocrx_word' id='word_1_777' title='bbox 477 5393 500 5427; x_wconf 90' lang='grc' dir='ltr'><strong>ε</strong></span> <span class='ocrx_word' id='word_1_778' title='bbox 528 5392 621 5429; x_wconf 76' lang='grc' dir='ltr'><strong>Λυ</strong></span> <span class='ocrx_word' id='word_1_779' title='bbox 650 5393 669 5431; x_wconf 70' lang='grc' dir='ltr'><strong><em>ἔ</em></strong></span> <span class='ocrx_word' id='word_1_780' title='bbox 712 5394 735 5428; x_wconf 90' lang='grc' dir='ltr'><strong>ε</strong></span> 
     </span>
     <span class='ocr_line' id='line_1_110' title="bbox 218 5392 735 5517; baseline 0.008 -19"><span class='ocrx_word' id='word_1_781' title='bbox 218 5445 272 5479; x_wconf 79' lang='grc'><strong>⁴⁷</strong></span> <span class='ocrx_word' id='word_1_782' title='bbox 306 5392 474 5517; x_wconf 32' lang='lat' dir='ltr'><strong>una?</strong></span> <span class='ocrx_word' id='word_1_783' title='bbox 514 5447 604 5517; x_wconf 79' lang='grc' dir='ltr'><strong>καί</strong></span> <span class='ocrx_word' id='word_1_784' title='bbox 661 5449 735 5504; x_wconf 82' lang='grc' dir='ltr'><strong>Α.</strong></span> 
     </span>
    </p>
   </div>
   <div class='ocr_carea' id='block_1_110' title="bbox 218 5516 735 5591">
    <p class='ocr_par' dir='ltr' id='par_1_110' title="bbox 218 5516 735 5591">
     <span class='ocr_line' id='line_1_111' title="bbox 218 5516 735 5591; baseline 0.004 -20"><span class='ocrx_word' id='word_1_785' title='bbox 218 5516 609 5590; x_wconf 66' lang='grc' dir='ltr'>προξενοῦντες</span> <span class='ocrx_word' id='word_1_786' title='bbox 650 5517 713 5591; x_wconf 77' lang='grc' dir='ltr'>ς·</span> <span class='ocrx_word' id='word_1_787' title='bbox 723 5561 735 5573; x_wconf 91' lang='grc'><strong>.</strong></span> 
     </span>
    </p>
   </div>
   <div class='ocr_carea' id='block_1_111' title="bbox 1060 5374 1511 5432">
    <p class='ocr_par' dir='ltr' id='par_1_111' title="bbox 1060 5374 1511 5432">
     <span class='ocr_line' id='line_1_112' title="bbox 1060 5374 1511 5432; baseline 0.009 -5"><span class='ocrx_word' id='word_1_788' title='bbox 1060 5374 1109 5409; x_wconf 79' lang='grc'><strong>⁴³</strong></span> <span class='ocrx_word' id='word_1_789' title='bbox 1135 5374 1227 5429; x_wconf 86' lang='grc' dir='ltr'><strong>τὸν</strong></span> <span class='ocrx_word' id='word_1_790' title='bbox 1259 5392 1377 5432; x_wconf 90' lang='lat' dir='ltr'><strong>om.</strong></span> <span class='ocrx_word' id='word_1_791' title='bbox 1401 5376 1511 5432; x_wconf 83' lang='lat' dir='ltr'><strong>AC.</strong></span> 
     </span>
    </p>
   </div>
   <div class='ocr_carea' id='block_1_112' title="bbox 1616 5371 2703 5449">
    <p class='ocr_par' dir='ltr' id='par_1_112' title="bbox 1616 5371 2703 5449">
     <span class='ocr_line' id='line_1_113' title="bbox 1616 5371 2703 5449; baseline -0.004 -20"><span class='ocrx_word' id='word_1_792' title='bbox 1616 5378 1662 5412; x_wconf 81' lang='lat'><strong>“</strong></span> <span class='ocrx_word' id='word_1_793' title='bbox 1701 5378 1751 5429; x_wconf 80' lang='grc' dir='ltr'>οἱ</span> <span class='ocrx_word' id='word_1_794' title='bbox 1794 5394 1911 5433; x_wconf 88' lang='lat' dir='ltr'><strong>om.</strong></span> <span class='ocrx_word' id='word_1_795' title='bbox 1954 5380 2015 5434; x_wconf 90' lang='lat' dir='ltr'><strong>C.</strong></span> <span class='ocrx_word' id='word_1_796' title='bbox 2109 5376 2155 5411; x_wconf 72' lang='lat'><strong>‘“</strong></span> <span class='ocrx_word' id='word_1_797' title='bbox 2183 5371 2703 5449; x_wconf 42' lang='grc' dir='ltr'>προαγορεύουσι-(3.</span> 
     </span>
    </p>
   </div>
   <div class='ocr_carea' id='block_1_113' title="bbox 838 5394 2948 5522">
    <p class='ocr_par' dir='ltr' id='par_1_113' title="bbox 838 5394 2948 5522">
     <span class='ocr_line' id='line_1_114' title="bbox 874 5394 2948 5449; baseline -0.004 -17"><span class='ocrx_word' id='word_1_798' title='bbox 874 5394 912 5449; x_wconf 54' lang='lat'><strong>5</strong></span> <span class='ocrx_word' id='word_1_799' title='bbox 943 5416 957 5432; x_wconf 87' lang='lat'><strong>.</strong></span> <span class='ocrx_word' id='word_1_800' title='bbox 1060 5394 1109 5409; x_wconf 69' lang='grc' dir='ltr'><strong>π</strong></span> <span class='ocrx_word' id='word_1_801' title='bbox 1135 5394 1227 5429; x_wconf 84' lang='grc' dir='ltr'><strong>τον</strong></span> <span class='ocrx_word' id='word_1_802' title='bbox 1259 5394 1377 5432; x_wconf 86' lang='lat' dir='ltr'><strong>om.</strong></span> <span class='ocrx_word' id='word_1_803' title='bbox 1401 5394 1511 5432; x_wconf 78' lang='lat' dir='ltr'><strong>AU.</strong></span> <span class='ocrx_word' id='word_1_804' title='bbox 1616 5394 1662 5412; x_wconf 67' lang='grc' dir='ltr'><strong>’θ’</strong></span> <span class='ocrx_word' id='word_1_805' title='bbox 1701 5394 1751 5429; x_wconf 88' lang='grc' dir='ltr'><strong>οι</strong></span> <span class='ocrx_word' id='word_1_806' title='bbox 1794 5394 1911 5433; x_wconf 91' lang='lat' dir='ltr'><strong>om.</strong></span> <span class='ocrx_word' id='word_1_807' title='bbox 1954 5394 2015 5434; x_wconf 73' lang='grc' dir='ltr'><strong>υ.</strong></span> <span class='ocrx_word' id='word_1_808' title='bbox 2109 5394 2155 5411; x_wconf 76' lang='grc'><strong>’³⁵</strong></span> <span class='ocrx_word' id='word_1_809' title='bbox 2183 5394 2327 5449; x_wconf 81' lang='grc' dir='ltr'>προα</span> <span class='ocrx_word' id='word_1_810' title='bbox 2366 5394 2613 5447; x_wconf 77' lang='grc' dir='ltr'>ορευυυσι</span> <span class='ocrx_word' id='word_1_811' title='bbox 2643 5394 2703 5427; x_wconf 71' lang='grc' dir='ltr'><strong>ι...</strong></span> <span class='ocrx_word' id='word_1_812' title='bbox 2809 5394 2854 5406; x_wconf 69' lang='grc' dir='ltr'>*ν</span> <span class='ocrx_word' id='word_1_813' title='bbox 2881 5394 2948 5423; x_wconf 84' lang='grc' dir='ltr'><strong>κα</strong></span> 
     </span>
     <span class='ocr_line' id='line_1_115' title="bbox 838 5394 2948 5522; baseline -0.001 -21"><span class='ocrx_word' id='word_1_814' title='bbox 838 5446 887 5481; x_wconf 80' lang='grc'><strong>⁴⁸</strong></span> <span class='ocrx_word' id='word_1_815' title='bbox 940 5446 1322 5522; x_wconf 85' lang='grc' dir='ltr'>προπατόρων]</span> <span class='ocrx_word' id='word_1_816' title='bbox 1378 5446 1646 5520; x_wconf 77' lang='grc' dir='ltr'>πρόπλων</span> <span class='ocrx_word' id='word_1_817' title='bbox 1686 5449 2135 5507; x_wconf 77' lang='lat' dir='ltr'><strong>Wernsdorﬁus.</strong></span> <span class='ocrx_word' id='word_1_818' title='bbox 2239 5445 2285 5483; x_wconf 68' lang='lat'><strong>‘9</strong></span> <span class='ocrx_word' id='word_1_819' title='bbox 2327 5394 2393 5500; x_wconf 67' lang='grc' dir='ltr'><strong>ἐκ</strong></span> <span class='ocrx_word' id='word_1_820' title='bbox 2435 5446 2572 5502; x_wconf 82' lang='lat' dir='ltr'><strong>AC:</strong></span> <span class='ocrx_word' id='word_1_821' title='bbox 2617 5442 2677 5497; x_wconf 83' lang='grc' dir='ltr'><strong>ἐκ</strong></span> <span class='ocrx_word' id='word_1_822' title='bbox 2726 5445 2823 5496; x_wconf 77' lang='grc' dir='ltr'>τοῦ</span> <span class='ocrx_word' id='word_1_823' title='bbox 2867 5441 2948 5514; x_wconf 77' lang='grc' dir='ltr'>ς.</span> 
     </span>
    </p>
   </div>
   <div class='ocr_carea' id='block_1_114' title="bbox 2809 5369 3639 5427">
    <p class='ocr_par' dir='ltr' id='par_1_114' title="bbox 2809 5369 3639 5427">
     <span class='ocr_line' id='line_1_116' title="bbox 2809 5369 3639 5427; baseline -0.004 -4"><span class='ocrx_word' id='word_1_824' title='bbox 2809 5371 2854 5406; x_wconf 76' lang='grc'><strong>⁸⁸</strong></span> <span class='ocrx_word' id='word_1_825' title='bbox 2881 5370 2973 5423; x_wconf 85' lang='grc' dir='ltr'>καὶ</span> <span class='ocrx_word' id='word_1_826' title='bbox 3032 5369 3213 5427; x_wconf 71' lang='grc' dir='ltr'>μέτρω</span> <span class='ocrx_word' id='word_1_827' title='bbox 3248 5371 3503 5427; x_wconf 79' lang='grc' dir='ltr'>μετροῦσι</span> <span class='ocrx_word' id='word_1_828' title='bbox 3555 5369 3639 5427; x_wconf 71' lang='grc' dir='ltr'>ς’,</span> 
     </span>
    </p>
   </div>
   <div class='ocr_carea' id='block_1_115' title="bbox 3032 5387 3635 5512">
    <p class='ocr_par' dir='ltr' id='par_1_115' title="bbox 3032 5387 3635 5512">
     <span class='ocr_line' id='line_1_117' title="bbox 3032 5387 3635 5512; baseline 0.003 -17"><span class='ocrx_word' id='word_1_829' title='bbox 3032 5387 3510 5512; x_wconf 49' lang='lat' dir='ltr'><strong>armasse“:</strong></span> <span class='ocrx_word' id='word_1_830' title='bbox 3555 5387 3635 5497; x_wconf 64' lang='lat' dir='ltr'><strong>Er</strong></span> 
     </span>
    </p>
   </div>
   <div class='ocr_carea' id='block_1_116' title="bbox 1819 5627 2048 5685">
    <p class='ocr_par' dir='ltr' id='par_1_116' title="bbox 1819 5627 2048 5685">
     <span class='ocr_line' id='line_1_118' title="bbox 1819 5627 2048 5685; baseline -0.009 0"><span class='ocrx_word' id='word_1_831' title='bbox 1819 5627 2048 5685; x_wconf 70' lang='grc' dir='ltr'><strong>ΝΟΤΕ.</strong></span> 
     </span>
    </p>
   </div>
   <div class='ocr_carea' id='block_1_117' title="bbox 296 5712 1775 5788">
    <p class='ocr_par' dir='ltr' id='par_1_117' title="bbox 296 5712 1775 5788">
     <span class='ocr_line' id='line_1_119' title="bbox 296 5712 1775 5788; baseline 0.003 -21"><span class='ocrx_word' id='word_1_832' title='bbox 296 5714 410 5786; x_wconf 83' lang='grc'><strong>(50)</strong></span> <span class='ocrx_word' id='word_1_833' title='bbox 443 5712 629 5771; x_wconf 86' lang='lat' dir='ltr'><strong>Midas</strong></span> <span class='ocrx_word' id='word_1_834' title='bbox 661 5712 876 5788; x_wconf 83' lang='lat' dir='ltr'><strong>Phryx,</strong></span> <span class='ocrx_word' id='word_1_835' title='bbox 904 5716 975 5771; x_wconf 92' lang='lat' dir='ltr'><strong>de</strong></span> <span class='ocrx_word' id='word_1_836' title='bbox 1008 5729 1125 5787; x_wconf 90' lang='lat' dir='ltr'><strong>quo</strong></span> <span class='ocrx_word' id='word_1_837' title='bbox 1148 5714 1296 5771; x_wconf 80' lang='lat' dir='ltr'><strong>Max.</strong></span> <span class='ocrx_word' id='word_1_838' title='bbox 1326 5715 1459 5785; x_wconf 79' lang='lat' dir='ltr'><strong>Tyr.</strong></span> <span class='ocrx_word' id='word_1_839' title='bbox 1491 5730 1652 5773; x_wconf 72' lang='lat' dir='ltr'><strong>:erm.</strong></span> <span class='ocrx_word' id='word_1_840' title='bbox 1687 5716 1775 5772; x_wconf 91' lang='grc'><strong>30.</strong></span> 
     </span>
    </p>
   </div>
  </div>
