4066 6216
238 320 397 381 1369

1321 318 1870 381 BIBLIOTHECA.
1915 353 1996 366 —
2039 314 2209 385 COD.
2258 322 2567 385 CCXLIII.

3488 323 3647 385 1370

235 451 567 527 ὀχούμενος.
606 449 781 524 Λόγος
812 447 870 504 δὲ
900 448 1003 525 ἄρα
1038 450 1102 505 τὸ
1133 448 1295 525 βέλος
1352 448 1733 513 Ἀπόλλωνος.
1788 452 1886 506 Καὶ

2017 453 2118 512 ;ela
2149 463 2282 512 sunt
2315 455 2618 527 Apollinis,
2651 460 2708 512 et
2738 456 2956 512 flumen
2988 456 3246 513 fabulam
3277 456 3502 513 habens
3553 458 3645 512 di-

234 541 485 612 ποταμὸς
545 539 657 596 ἐκεῖ
721 541 894 612 μῦθον
955 538 1103 619 ἔχων
1158 540 1330 607 ἀκοῆς
1389 539 1674 612 Ἑλλήνων
1722 541 1886 613 ἄξιον.

233 628 438 685 Ἦλθεν
471 628 554 684 ἐπ’
581 626 788 690 Ἰνδοὺς
829 631 857 684 6
889 629 937 665 ⁶⁴
968 631 1248 700 Διόνυσος,
1281 631 1433 705 γένος
1476 631 1577 699 τὴν
1629 631 1890 687 Διονύσου

236 720 401 794 χάριν
432 717 785 795 ἀρνούμενον.
818 721 916 774 Ἠν
969 715 1026 774 δὲ
1057 720 1085 775 6
1120 720 1215 793 μὲν
1267 720 1492 792 στρατὸς
1542 720 1758 795 Βάκχαι
1796 719 1890 775 καὶ

238 808 501 881 Σάτυρος,
532 808 598 862 τὰ
632 805 688 862 δὲ
717 805 866 863 ὅπλα
897 802 1144 884 νεϐρῖδες
1174 810 1223 845 ⁸⁵
1258 810 1351 864 καὶ
1373 809 1581 885 θύρσοι.
1613 811 1676 864 Οἱ
1708 808 1764 865 δὲ
1786 809 1889 880 ἄρα

238 898 385 970 ὁμοῦ
412 916 470 950 τε
509 892 654 950 εἶδον
692 896 782 951 τὸν
812 896 934 951 θεὸν
970 898 1060 951 καὶ
1092 898 1327 972 ᾕρηντο,
1374 896 1464 952 καὶ
1503 898 1570 952 τὰ
1608 896 1755 953 ὅπλα
1801 897 1890 974 ῥί-

240 988 434 1060 ψαντες
466 988 637 1061 χορὸς
690 985 742 1039 οἱ
794 983 932 1048 τέως
982 987 1292 1061 μαχόμενοι
1342 991 1421 1059 τῷ
1470 985 1713 1059 Διονύσῳ
1757 989 1893 1041 καθ-

242 1074 481 1131 ίσταντο.
561 1073 711 1130 Ἐπεὶ
772 1071 830 1129 δὲ
887 1073 938 1128 ἐν
1000 1074 1153 1149 ὅροις
1206 1077 1252 1112 ⁶⁶
1318 1073 1693 1130 Καππαδοκῶν
1750 1078 1886 1145 ἦσαν

239 1162 520 1238 ἀγόμενοι,
553 1167 815 1231 σκηνοῦσι
851 1162 944 1235 μὲν
997 1162 1083 1217 ἐπὶ
1143 1168 1221 1236 τῷ
1252 1163 1430 1239 χείλει
1477 1168 1573 1218 τοῦ
1616 1169 1888 1237 ποταμοῦ,

240 1252 286 1323 ᾧ
327 1250 416 1305 καὶ
476 1248 668 1305 δώσειν
733 1253 831 1320 τήν
896 1250 1208 1325 ἐπωνυμίαν
1268 1250 1544 1325 ⁴ἢμελλον,
1594 1249 1787 1322 δεῆσαν
1835 1250 1893 1308 δὲ

241 1345 359 1402 τοῖς
393 1341 591 1414 νάμασι
643 1339 939 1396 λούσασθαι
984 1336 1264 1414 ἀμείϐεται
1318 1341 1412 1414 μὲν
1448 1342 1476 1396 6
1506 1343 1753 1415 ποταμὸς
1801 1342 1892 1396 καὶ

241 1431 305 1484 τὸ
353 1429 623 1505 ἆργυροῦν
677 1427 827 1505 ὕδωρ
882 1426 1074 1491 Ἰνδοῖς
1124 1429 1401 1503 ὁμιλῆσαν
1454 1428 1791 1505 μελαίνεται,
1841 1432 1896 1487 οἱ

244 1516 301 1573 δὲ
331 1517 462 1593 ὅπερ
493 1519 627 1588 ἦσαν
661 1519 841 1588 αὐτοὶ,
872 1522 1035 1573 τσῦτο
1065 1518 1155 1573 καὶ
1203 1519 1333 1574 εἶναι
1379 1520 1471 1574 καὶ
1522 1518 1807 1575 καλεῖσθαι
1848 1520 1894 1556 ⁸⁷

243 1608 333 1663 τὸν
398 1609 645 1681 ποταμὸν
732 1608 1146 1683 ἀπεργάζονται.
1246 1609 1521 1665 Ἐντεῦθεν

242 1696 518 1754 νεανίσκον
550 1700 585 1767 ἠ
618 1699 800 1774 φήμη.
850 1700 908 1755 Ὁ
963 1694 1019 1753 δὲ
1066 1697 1336 1775 ἡμέτερος
1373 1698 1613 1761 πλοῦτος
1660 1698 1721 1754 ού
1757 1718 1896 1774 χρυ-

246 1786 338 1851 σός
367 1808 452 1850 τις
486 1784 723 1862 Γυγάδας
751 1788 787 1856 ἢ
820 1784 1041 1858 Λύδιος,
1072 1785 1220 1842 ἀλλά
1247 1807 1389 1849 τινες
1429 1785 1617 1850 παῖδες
1649 1783 1896 1858 ἡϐῶντες

1999 560 2196 616 gnam,
2231 561 2359 615 quae
2379 561 2413 600 a
2443 543 2657 600 Graecis
2687 544 2982 600 audiatur.
3008 543 3179 599 Venit
3201 545 3271 600 ad
3305 546 3475 602 Indos
3505 546 3648 602 Bac-

2000 632 2165 702 chus,
2213 634 2287 689 ad
2333 637 2587 706 gentem,
2637 650 2765 705 quae
2797 633 3006 690 Bacchi
3058 633 3404 689 beneﬁcium
3452 645 3640 706 negat,

2000 722 2237 778 Bacchae
2267 727 2324 778 et
2352 726 2591 792 Satyrus
2621 722 2907 777 exercitus
2930 720 3054 787 fuit,
3080 721 3266 792 thyrsi
3297 729 3352 777 et
3373 722 3645 780 nebridas

2003 826 2184 865 arma.
2212 810 2303 867 Illi
2332 827 2465 867 vero
2496 809 2671 866 simul
2693 826 2759 865 ac
2789 809 3062 866 viderunt
3089 810 3295 879 Deum,
3318 825 3453 865 eum
3477 824 3647 866 exce-

2004 904 2240 970 perunt,
2287 899 2585 970 armisque
2632 899 2893 967 deiectis,
2927 914 3061 954 cum
3109 898 3334 954 Baccho
3385 915 3649 971 pugnare

2004 992 2321 1060 coeperunt.
2354 988 2493 1044 Cum
2539 991 2735 1044 autem
2767 987 2825 1042 in
2871 987 3244 1059 Cappadociae
3292 987 3439 1044 ﬁnes
3488 987 3651 1059 pulsi

2005 1080 2166 1143 sunt,
2198 1076 2255 1132 in
2289 1077 2415 1147 ripa
2445 1076 2709 1132 fluminis
2740 1076 2992 1132 tentoria
3035 1075 3281 1147 ﬁngunt,
3313 1075 3406 1132 cui
3437 1092 3649 1133 nomen

2004 1165 2246 1221 indituri
2286 1173 2467 1221 erant.
2513 1165 2832 1237 Oportebat
2878 1182 3011 1222 vero
3060 1182 3160 1222 eos
3205 1167 3371 1237 aquis
3416 1165 3646 1222 lavari:

2003 1259 2270 1311 mutatur
2289 1255 2525 1324 ﬂuvius,
2540 1260 2927 1327 argenteaque
2941 1272 3089 1326 aqua
3102 1272 3235 1311 cum
3250 1255 3649 1312 Indisversata

2002 1343 2173 1416 nigra
2201 1343 2285 1399 fit.
2321 1343 2413 1400 Illi
2441 1360 2574 1401 vero
2604 1344 2661 1399 id
2697 1345 2852 1417 quod
2900 1343 3013 1415 ipsi
3044 1347 3232 1412 erant,
3266 1344 3374 1401 hoc
3417 1348 3476 1401 et
3502 1360 3645 1413 esse,

2004 1432 2229 1504 etloqui
2245 1432 2486 1489 ﬂuvium
2499 1431 2980 1490 voluerunt.Hinc
2996 1434 3429 1504 famajuvenem
3445 1433 3647 1490 trahit:

2005 1523 2198 1579 818a
2227 1527 2428 1579 vestrae
2475 1539 2609 1579 vero
2640 1523 2855 1580 divitiae
2904 1539 3020 1580 non
3053 1539 3262 1580 aurum
3308 1522 3507 1596 Gygis,
3559 1523 3648 1579 vel

1617 1608 1736 1684 ἄγει
1803 1610 1895 1665 τὸν
1926 1618 1973 1682 Β
2006 1612 2192 1683 Lydii,
2214 1613 2315 1668 sed
2344 1612 2451 1668 ﬁlii
2484 1613 2721 1684 quidam
2745 1613 2939 1685 vigore
2968 1613 3155 1669 aetatis
3188 1612 3571 1685 pubescentes
3595 1619 3653 1670 et

2008 1700 2529 1768 ﬂorescentes,visu
2549 1702 2782 1774 quidem
2807 1702 3019 1758 tumidi
3039 1701 3650 1775 etsuperbi,tanquam

2006 1789 2057 1845 si
2087 1806 2117 1846 e
2148 1788 2338 1846 medio
2366 1790 2522 1847 Jovis
2550 1796 2777 1860 pectore
2815 1791 2938 1848 nati
2970 1794 3187 1849 essent.

249 1877 343 1952 μὲν
395 1878 499 1948 τήν
557 1879 603 1915 ⁵⁸
648 1876 792 1952 ὥραν
849 1877 941 1933 καὶ
997 1878 1097 1947 τὴν
1146 1876 1369 1948 ἡλικιαν
1420 1877 1775 1952 ἀκμάζοντες,
1835 1872 2059 1953 σοϐαροὶ
2132 1879 2227 1951 μὲν
2286 1876 2418 1935 ἰδεῖν
2479 1880 2566 1935 καὶ
2648 1879 2974 1957 ὑψαύχενες,
3024 1883 3117 1936 ἅτε
3180 1879 3241 1937 ἐκ
3299 1877 3475 1955 μέσων
3524 1881 3654 1942 Διὸς

246 1965 480 2043 στέρνων
513 1964 823 2039 γεινάμενοι
846 1967 913 2024 δθ.

247 2059 344 2113 Ἐκ
390 2060 488 2112 τοῦ
538 2054 629 2112 ὅτε
650 2128 671 2130 μ
692 2057 810 2130 τὴν,
829 2055 1083 2127 ἐπίδειξιν
1123 2057 1468 2130 ,ἀξιούμενος
1505 2053 1794 2113 ἀνεϐάλετο
1850 2056 1898 2094 7°

622 2128 735 2183 εἶτα
767 2127 935 2184 εἶπεν.
968 2161 1035 2171 -
1066 2128 1146 2186 Τὸ
1184 2127 1512 2204 Προοίμιον.

320 2216 520 2292 Πέρσαι
572 2217 638 2271 τὰ
696 2217 824 2287 τόξα
883 2216 1268 2289 σπουδάζουσι,
1353 2217 1443 2272 καὶ
1530 2223 1633 2280 πᾶς
1692 2218 1720 2271 6
1777 2216 1897 2292 βίος

249 2305 475 2368 ἐκείνοις
512 2304 747 2385 φαρέτρα
794 2308 882 2361 καί
927 2305 1087 2380 βέλη.
1148 2307 1388 2363 Ἐπαινῶ
1437 2307 1530 2363 τὸν
1577 2308 1766 2380 νόμον,
1816 2304 1898 2361 δι-

248 2395 375 2451 καία
423 2393 728 2474 φιλοπόνου
777 2395 1007 2469 γνώμης
1067 2396 1320 2471 βάσανοςο
1368 2396 1567 2452 σπάνια
1613 2396 1716 2472 γὰρ
1767 2395 1898 2450 εἶναι

248 2485 476 2555 καθήκει
507 2484 574 2538 τά
620 2484 798 2557 τίμια.
850 2480 978 2541 Οἷδε
1024 2488 1213 2539 τοῦτον
1247 2484 1352 2558 πρὸ
1404 2489 1624 2559 Περσῶν
1667 2486 1702 2554 ἡ
1737 2484 1896 2559 φύσις

249 2576 340 2631 τὸν
374 2570 543 2647 νόμον
572 2573 638 2629 τί.
682 2570 870 2636 Οὐδεὶς
904 2571 965 2628 ἄν
998 2574 1246 2629 Ὠκεανὸν
1280 2572 1410 2629 ἰδεῖν
1443 2572 1696 2645 ἠξίωσεν,
1727 2571 1773 2629 εἰ
1817 2573 1895 2645 μὴ

247 2665 348 2732 τήν
390 2663 443 2718 ὲν
479 2664 629 2737 μέσῳ
659 2663 848 2741 φυγὼν
879 2664 1185 2738 περιεχύθη
1219 2668 1320 2733 τῆς
1349 2670 1453 2738 γῆς
1484 2668 1602 2727 τοῖς
1642 2661 1901 2736 τέρμασι.

250 2754 339 2816 Τίς
373 2751 423 2808 δ’
455 2754 512 2808 ἄν
547 2752 630 2823 εἴη
666 2751 990 2829 πυραμίδων
1041 2751 1231 2828 λόγος,
1275 2753 1324 2807 εἴ
1377 2755 1452 2825 μὴ
1504 2751 1695 2827 πόρῥω
1736 2755 1899 2806 τοῦτο

247 2846 313 2899 τὸ
352 2842 526 2916 θέαμα
556 2868 571 2912 ,
600 2842 636 2912 ἢ
671 2846 766 2898 τοῦ
796 2844 913 2898 κατ’
943 2843 1213 2906 Αἰθίοπας
1253 2841 1412 2897 λίθου
1450 2846 1547 2897 τοῦ
1593 2843 1901 2915 Μέμνονος,

251 2934 300 2987 εἷ’
326 2934 402 3006 μὴ
436 2932 683 2986 κάκεῖνον
713 2930 820 2987 ἅνω
848 2934 949 3001 τῆς
979 2929 1199 3001 πολλῆς
1230 2931 1355 2994 θέας
1387 2933 1422 3001 ἡ
1458 2932 1645 3007 μήτηρ
1669 2926 1903 3002 ἕστησες

249 3022 423 3078 ταῦτά
479 3042 567 3076 τοι
608 3022 695 3076 καὶ
756 3019 1038 3091 ἀλήθειαν,
1088 3018 1218 3075 ἀλλ’
1265 3019 1327 3075 οὐ
1392 3022 1562 3094 μῦθον
1630 3020 1761 3076 εἶναι
1808 3020 1900 3075 τὸν

251 3110 379 3187 περὶ
436 3110 601 3165 αὐτοῦ
659 3108 822 3185 λόγον
880 3109 1226 3183 πιστεύομεν,
1277 3108 1359 3164 ὅτι
1418 3108 1571 3170 λίθος
1622 3108 1903 3183 ὁμιλήσας

251 3199 403 3272 ἡλίῳ
435 3203 550 3255 οἷον
583 3196 865 3274 ἅνθρωπος
914 3200 1048 3273 ἠχεῖ
1094 3199 1186 3254 καὶ
1235 3198 1552 3276 φθέγγεται.
1602 3196 1782 3262 Μόλις
1814 3199 1903 3253 καὶ

253 3288 418 3366 ῥόδον
477 3292 510 3359 ἡ
558 3290 711 3366 φύσις
766 3289 1075 3364 ἀνθρώποις
1134 3290 1440 3365 χαρίζεται.
1490 3290 1617 3359 [608
1666 3289 1757 3360 Η.]
1810 3288 1908 3342 Καὶ

254 3378 385 3437 οὐδὲ
412 3384 575 3436 τοῦτο
607 3381 749 3451 ὁμοῦ
788 3400 845 3433 τε
892 3379 1013 3457 φύει
1050 3378 1141 3433 καὶ
1190 3378 1266 3440 εἷς
1300 3378 1429 3453 ἀέρα
1475 3380 1521 3416 ἠ
1567 3376 1907 3447 πετάννυται,

253 3469 388 3525 ἀλλ’
418 3469 745 3545 οἰκουρῆσαν
782 3468 845 3524 τὸ
875 3467 1021 3523 πολὺ
1060 3474 1161 3537 τῆς
1188 3466 1372 3536 ἀκμῆς
1422 3464 1552 3522 εἴσω
1590 3469 1687 3521 τοῦ
1736 3464 1908 3520 κάλυ·

254 3580 356 3621 κος
388 3559 486 3633 ὀψὲ
518 3558 815 3632 προκύπτει
842 3556 931 3612 καὶ
964 3556 1232 3632 σχίζεται.
1280 3555 1417 3612 ’Λλλ
1458 3553 1572 3611 οὐδ’
1617 3554 1908 3631 ὀπωρίζειν

255 3646 479 3719 ἔξεστιν,
530 3646 658 3702 ὅταν
722 3646 980 3702 ἐθέλωσιν
1038 3645 1336 3718 ἅνθρωποι·
1393 3643 1539 3699 ἀλλᾶ
1592 3644 1689 3699 κᾶν
1751 3642 1912 3699 συκά-

259 3744 373 3807 ζειν
404 3736 597 3810 ἐθέλῃς
638 3736 705 3802 ⁷³,
737 3736 1021 3809 ἀναμένεις
1060 3735 1162 3804 τὴν
1214 3732 1356 3809 ὥραν
1403 3733 1501 3802 τήν
1551 3740 1650 3801 τῆς
1690 3732 1912 3807 ὀπώρας

258 3826 551 3898 ἐπώνυμον
584 3826 650 3880 7‘.
682 3825 752 3880 T6
780 3823 837 3880 δὲ
868 3824 919 3880 ἐν
973 3822 1211 3897 Δωδώνῃ
1264 3820 1526 3901 χαλκεῖον
1575 3821 1660 3877 ὅτι
1710 3818 1839 3897 ἤχει
1868 3820 1916 3856 ⁷⁸

255 3917 367 3984 ἀεὶ,
403 3917 637 3989 μισήσας
670 3915 698 3969 6
729 3913 930 3990 χρόνος
962 3910 1210 3968 διέλυσεν
1242 3911 1318 3972 εἰς
1353 3912 1518 3984 μῦθον
1547 3910 1610 3965 τὸ
1641 3909 1912 3988 τέχνημα.

250 4007 422 4080 [H33
457 4007 548 4077 IL]
581 4006 737 4073 Δεινὴ
773 4003 875 4080 γάρ
910 4005 944 4073 ἡ
980 4004 1239 4073 συνήθεια
1284 4001 1447 4075 κόρον
1475 4005 1646 4054 τεκεῖν
1695 3998 1784 4053 καὶ
1813 4000 1913 4067 τὴν

253 4097 502 4169 ἐξουσίαν
550 4089 702 4169 ὕϐρει
753 4092 1126 4166 λυμήνασθαι,
1179 4091 1462 4154 Οἰκοῦντες
1497 4096 1602 4167 γῆν
1646 4092 1916 4163 ζητοῦμεν

254 4184 551 4253 θάλατταν,
613 4185 705 4238 καὶ
775 4182 1033 4245 πλέοντες
1104 4181 1273 4238 πάλιν
1353 4184 1797 4255 περισκοπῶμεν
1852 4179 1919 4233 τὰ

254 4272 419 4344 λήϊα.
455 4276 515 4332 ⁸0
557 4273 791 4349 πλωτὴρ
844 4274 1133 4348 μακαρίζει
1185 4274 1454 4348 γηπόνον,
1504 4271 1595 4327 καὶ
1650 4270 1740 4325 τὸν
1789 4290 1917 4324 ναυ-

251 4363 413 4419 τίλον
464 4361 661 4438 sip/im;
691 4365 907 4436 ἡγεῖται
940 4360 1104 4418 πάλιν
1148 4359 1465 4433 εὐδαίμονα.
1509 4363 1692 4418 Ταῦτα
1742 4356 1914 4413 πάντα

2006 2060 2093 2115 Ea:
2120 2062 2393 2129 oratione,
2424 2077 2548 2117 cum
2579 2070 2798 2132 rogatus
2821 2063 3093 2133 specimen
3124 2061 3344 2118 distulit
3371 2078 3435 2117 ac
3473 2063 3653 2133 postea

2516 2133 2684 2190 dixit.
2716 2165 2775 2175 —
2812 2133 3134 2189 Exordium.

2078 2221 2267 2278 Persae
2308 2222 2609 2293 jaculandi
2639 2223 2897 2279 sludium
2947 2225 3160 2289 fovent,
3192 2221 3499 2294 omnisque
3536 2221 3657 2277 vita

2005 2308 2128 2367 illis
2158 2297 2221 2366 in
2250 2310 2524 2383 pharetra
2552 2318 2605 2368 et
2626 2312 2860 2384 iaculis.
2902 2313 3112 2385 Legem
3146 2312 3349 2384 probo,
3379 2324 3656 2384 magnum

2008 2399 2292 2456 iudicium
2316 2401 2594 2458 laboriosi
2616 2402 2886 2473 pectoris.
2913 2401 3062 2457 Rara
3102 2401 3253 2457 enim
3279 2400 3513 2470 praemia
3531 2414 3657 2454 esse

2009 2489 2191 2544 decet.
2220 2491 2371 2545 Ante
2398 2489 2605 2546 Persas
2627 2490 2777 2545 hanc
2803 2490 2991 2562 legem
3027 2490 3203 2546 etiam
3226 2493 3435 2543 natura
3467 2487 3656 2554 scivit,

2011 2593 2142 2633 cum
2167 2594 2338 2634 nemo
2356 2578 2654 2634 Oceanum
2678 2579 2906 2645 viderit,
2926 2577 3041 2633 nisi
3065 2577 3257 2632 media
3280 2576 3483 2633 relicta
3505 2579 3659 2631 terra

2011 2666 2286 2723 extremis
2318 2668 2441 2738 ejus
2472 2668 2689 2723 ﬁnibus
2720 2667 3194 2738 circumvagatus
3218 2666 3386 2721 foret.
3418 2665 3559 2731 Quis
3590 2666 3660 2721 de

2013 2754 2413 2830 pyramidibus
2445 2761 2597 2811 esset
2626 2771 2839 2821 sermo,
2876 2755 2987 2810 nisi
3021 2753 3218 2824 procul
3258 2753 3396 2810 hinc
3427 2756 3656 2824 specta-

2013 2849 2235 2910 rentur,
2266 2843 2355 2900 vel
2389 2843 2520 2916 quis
2552 2844 2623 2899 de
2654 2843 2841 2916 lapide
2892 2842 3212 2898 Memnonis
3238 2842 3391 2914 apud
3438 2841 3656 2897 Ethio-

2016 2933 2257 3005 pes,nisi
2285 2932 2451 2988 illum
2486 2938 2671 2989 mater
2698 2937 2859 2989 extra
2889 2948 3120 2988 omnem
3153 2938 3533 3002 conspectum
3555 2945 3662 3001 po-

2015 3020 2249 3077 suisset.
2282 3021 2412 3078 Haac
2442 3037 2575 3079 vera
2604 3038 2750 3091 esse,
2783 3026 2840 3077 et
2870 3037 2986 3078 non
3021 3018 3284 3075 fabulose
3326 3018 3439 3075 dici
3474 3018 3664 3073 credi-

2019 3126 2172 3177 mus,
2204 3110 2346 3182 quia
2385 3111 2534 3183 lapis
2565 3111 2824 3182 loquitur
2871 3124 3002 3165 cum
3044 3108 3167 3165 sola
3216 3108 3475 3164 humana
3503 3121 3662 3175 voce,

2019 3205 2108 3259 vix
2140 3205 2312 3260 etiam
2345 3221 2534 3260 rosam
2569 3208 2842 3260 naturam
2876 3200 3212 3258 hominibus
3254 3199 3523 3272 largitur,
3557 3213 3663 3253 nec

2017 3294 2119 3349 illa
2166 3293 2343 3350 simul
2394 3292 2672 3359 nascitur,
2707 3302 2759 3348 et
2809 3293 2866 3347 in
2921 3308 3109 3348 aerem
3159 3289 3527 3361 expanditur,
3560 3286 3665 3343 sed

2021 3400 2292 3456 magnam
2318 3388 2537 3456 partem
2565 3381 2775 3455 vigoris
2797 3381 2857 3436 in
2875 3381 3050 3436 calice
3072 3379 3301 3445 retinet,
3317 3394 3446 3434 sero
3468 3380 3663 3433 autem

2018 3474 2274 3545 erumpit
2302 3477 2358 3529 et
2385 3471 2666 3543 aperitur.
2685 3470 2793 3526 Sed
2827 3484 3014 3542 neque
3035 3469 3265 3525 fructus
3291 3465 3664 3523 autumnales

2020 3562 2291 3633 colligere
2321 3561 2475 3628 licet,
2507 3562 2739 3631 quando
2783 3559 3057 3616 homines
3102 3558 3367 3629 cupiunt,
3401 3557 3501 3611 sed
3552 3553 3666 3610 etsi

2022 3652 2168 3707 tiens
2198 3650 2388 3723 legere
2411 3649 2576 3716 velis,
2600 3652 2899 3719 exspectas
2921 3653 3116 3703 tamen
3146 3651 3379 3716 tempus
3399 3642 3668 3699 autumni

2022 3738 2414 3795 nominatum.
2438 3738 2534 3793 IEs
2566 3738 2917 3792 Dodonaeum
2943 3735 3082 3806 quia
3113 3750 3349 3805 semper
3378 3731 3672 3795 tinnit,ar-

2024 3829 2269 3883 tiﬁcium
2292 3827 2483 3899 ipsum
2519 3827 2579 3881 in
2613 3824 2872 3880 fabulam
2897 3825 3022 3879 dies
3052 3821 3341 3878 invidiosa
3361 3819 3668 3881 convertit,

2025 3916 2382 3972 consuetudo
2412 3914 2570 3970 enim
2615 3915 2940 3969 satietatem
2973 3910 3141 3967 facile
3189 3909 3363 3983 parit,
3394 3917 3453 3965 et
3484 3907 3669 3964 licen-

2027 4002 2163 4059 tiam
2194 4005 2408 4059 ferocia
2438 4002 2763 4073 corrumpit
2793 4001 3022 4071 (51-52).
3050 4000 3291 4055 Terram
3321 3997 3670 4063 incolentes,

2027 4109 2183 4150 mare
2206 4091 2605 4165 quaerimus,et
2629 4108 2858 4146 rursum
2884 4091 3228 4161 navigantes
3250 4092 3506 4143 mentem
3532 4102 3671 4141 con-

2020 4182 2261 4253 jicimus
2291 4181 2349 4236 in
2382 4186 2659 4252 segetem.
2684 4178 2871 4235 Nauta
2895 4178 3121 4235 felicem
3145 4176 3420 4248 praedicat
3448 4174 3674 4246 agrico-

2026 4271 2164 4337 lam,
2199 4276 2256 4325 et
2304 4275 2540 4325 nautam
2587 4277 2792 4325 contra
2837 4271 3031 4323 arator
3080 4266 3439 4321 fortunatum
3488 4265 3672 4335 putat.

2027 4361 2151 4416 llaec
2182 4361 2375 4415 omnia
2406 4357 2660 4430 pueriles
2703 4357 2890 4413 lusus.
2926 4354 3262 4413 Satietatem
3319 4353 3512 4425 gignit
3542 4367 3675 4409 con-

252 4457 359 4509 τοῦ
416 4454 581 4527 κόρου
641 4452 882 4527 παίγνια.
944 4451 1115 4526 Κόρον
1173 4455 1334 4525 γεννᾷ
1384 4452 1419 4519 ἡ
1454 4448 1727 4517 συνήθειά.
1778 4446 1902 4501 Φεύ-

2024 4450 2297 4506 suetudo.
2321 4447 2634 4520 Fugiamus
2653 4448 3003 4516 satietatem,
3027 4448 3210 4517 pueri.
3235 4444 3397 4513 Szepe
3429 4442 3552 4497 haec
3593 4442 3673 4496 fe-

1844 4532 1867 4552 ἢ

257 4561 448 4617 γωμεν
495 4541 590 4596 τὸν
648 4541 836 4614 κόρον,
895 4540 940 4594 ὦ
1006 4536 1215 4601 παῖδες*
1258 4537 1463 4609 τοξεύει
1509 4534 1781 4598 πολλάκις
1840 4534 1909 4589 δι’

253 4623 415 4702 ὕϐριν
442 4630 605 4691 οὗτος
634 4631 721 4684 καὶ
756 4629 939 4690 αὐτοῖς
970 4626 1079 4699 ἤδη
1111 4632 1228 4690 τοῖς
1277 4624 1440 4702 ἔρωσι
1472 4626 1540 4684 ⁷⁸.
1589 4630 1765 4681 Τοῦτο
1815 4624 1916 4698 γάρ

252 4740 393 4775 ποτε
419 4726 519 4788 τῆς
550 4720 853 4793 παροιμίας
886 4719 1117 4788 ἤκουσα.

250 4810 355 4866 Ἐκ
419 4813 517 4863 τοῦ
582 4807 656 4870 εἲς
738 4809 1057 4865 Μουσώνιον
1143 4808 1235 4862 τὸν
1325 4805 1631 4861 ἀνθύπατον

711 4876 824 4941 δος.
855 4913 925 4921 —-
955 4880 1027 4936 T6
1054 4879 1099 4915 ⁷⁷
1132 4876 1455 4953 Προοίμιον.

330 4967 627 5025 Ὀκνοῦντά
688 4988 754 5040 με
798 4969 934 5022 πάνυ
992 4966 1059 5021 τά
1116 4965 1331 5041 θέατρα,
1391 4966 1482 5020 καὶ
1533 4969 1643 5019 τῶν
1707 4961 1917 5033 πανδή-

257 5079 380 5133 μων
411 5054 702 5134 συλλόγων
733 5057 959 5131 απάγειν
1001 5054 1132 5117 τοὺς
1163 5050 1364 5131 λόγους
1395 5050 1716 5119 σπεύδοντα,
1749 5051 1913 5108 λῦσαι

1718 4801 1917 4859 Ἐλλά-

2028 4539 2185 4596 rocia
2212 4546 2489 4610 tanquam
2523 4537 2738 4607 sagitta
2772 4536 2922 4599 ferit,
2946 4533 3165 4605 etipsis
3189 4532 3312 4602 jam
3340 4530 3668 4588 amoribus.

2029 4633 2147 4686 Hoc
2177 4628 2335 4685 enim
2369 4626 2682 4700 aliquando
2715 4623 3018 4697 proverbio
3053 4620 3254 4677 didici.

2030 4798 2115 4850 Ex
2156 4793 2413 4849 oratione
2460 4789 2521 4846 in
2559 4782 3290 4915 Muscg‘ziunziproconsulem
3342 4778 3578 4836 erciae.
3608 4807 3678 4819 -—

2736 4873 2844 4914 τοι·
2887 4873 3020 4914 tum.

2736 4873 3020 4914 xoramm.

2099 4952 2354 5025 Coegisti
2389 4966 2477 5007 me
2508 4948 2736 5005 theatra
2768 4944 3180 5018 negligentem,
3215 4950 3269 4997 et
3313 4941 3387 4996 de
3428 4936 3679 5012 publicis

2030 5045 2413 5104 concionibus
2464 5038 2778 5097 orationem
2820 5040 3078 5092 avertere
3125 5036 3456 5101 conantem,
3487 5030 3673 5103 legem

1622 5169 1708 5223 VA
1721 5168 1861 5223 ΙὶῐΛΞ
1902 5160 2319 5221 LECTIONES.

333 5270 380 5307 ⁶⁴
410 5271 439 5326 6
471 5289 583 5329 om.
620 5274 680 5330 C.
757 5272 806 5306 ⁵⁵
832 5266 1065 5342 νευρίδες
1095 5276 1157 5324 Α.

254 5344 498 5414 νώμενοι
535 5344 775 5402 Lobeck.
808 5344 880 5414 ad
901 5341 1191 5414 Phrynich
1220 5358 1275 5412 p.
1300 5341 1431 5414 320:

258 5410 408 5495 ἀέρα]
460 5412 549 5469 ἴσα
604 5421 665 5472 Β.
764 5413 811 5450 7³
866 5410 1078 5473 ἐθέλοις
1136 5416 1195 5468 C.

258 5508 382 5552 om.
422 5496 481 5544 Α.

1260 5270 1306 5305 ⁸⁸
1335 5266 1486 5339 ὅροις
1514 5266 1641 5323 AC:
1679 5262 1869 5335 οὔροις
2062 5262 2111 5294 ⁵⁷

1262 5382 1275 5390 .
1306 5341 1431 5390 320.
1554 5338 1600 5374 ’⁷ο
1630 5331 2006 5390 ἀνεϐϐάλλετο
2074 5333 2140 5386 Α.

1298 5411 1345 5445 ⁷⁴
1410 5406 1697 5482 ἐπώνυμον
1732 5417 1773 5462 Δ
1808 5425 1821 5463 :
1856 5403 2149 5474 ὁμώνυμον
2193 5398 2275 5472 ς.

2062 5259 2111 5294 ⁵⁷
2142 5254 2430 5311 λαλεῖσθαι
2621 5248 2666 5287 ⁶⁸
2695 5248 2793 5317 τὴν
2822 5238 3205 5325 έῠίθῌὴλικίαν
3236 5250 3450 5325 omLA.
3491 5243 3672 5325 ξξγεγ-

2243 5326 2287 5363 ⁷³
2340 5325 2434 5379 τὸν
2477 5314 2678 5393 ’νόμον
2718 5314 2846 5391 post
2890 5314 3081 5393 τοῦτον
3135 5318 3294 5393 pond
3337 5316 3413 5393 C_._
3500 5314 3669 5393 ἶξέἷς

2353 5398 2397 5463 π
2465 5384 2596 5452 ubi:
2654 5384 2808 5470 ἠχεῖ,
2912 5389 2957 5426 76
3011 5384 3174 5464 ἔρωᾱι
3228 5388 3269 5444 C.
3301 5406 3314 5444 :
3351 5386 3433 5462 ς’.
3509 5386 3556 5423 ⁷⁷
3610 5387 3675 5441 τὸ

1867 5565 2077 5625 ΝΟΤίΕ

336 5674 542 5749 (51ηῆ2)
575 5670 770 5727 liorat.
807 5667 905 5725 ιιι).
940 5683 957 5723 ι
991 5668 1165 5722 Serm.
1199 5666 1375 5734 satyr.
1409 5664 1462 5718 1.
