4066 6216
242 392 400 453 1373

1312 392 1857 455 BIBLIOTHECA.
1906 427 1982 437 —
2026 394 2198 456 COD.
2247 395 2565 457 CCXLIII.

3499 413 3653 474 1374

245 529 448 596 ζεσθαι.
487 527 593 582 Τὸν
637 525 964 582 Ἐλευσίνιον
1015 522 1221 607 ἔφηϐον
1266 529 1495 602 ἀρθῆναι
1544 527 1715 605 λόγος
1762 528 1893 602 πρὸς

2012 528 2405 599 Triptolemus
2438 530 2704 591 sublatus
2734 549 2862 590 esse
2894 553 2927 591 a
2956 540 3176 608 Cerere,
3208 546 3271 597 ut
3302 500 3653 615 pastoralem

242 618 557 691 Δήμητρος,
582 614 673 671 ’ἶνα
701 617 799 684 τήν
831 613 1039 689 νομάδα
1086 618 1354 691 τράπεζαν
1403 617 1636 692 ἡμέροις
1682 616 1893 692 ἀμείψῃ

242 711 460 781 πυροῖς.
520 707 682 761 Ἧκεν
725 700 959 779 Ἀϐαρις
1011 706 1275 778 Ἀθήναζε
1329 704 1457 775 τόξα
1511 705 1677 781 ἔχων,
1730 705 1896 782 φαρέ-

245 815 382 870 πραν
414 796 666 869 ἡμμένος
696 793 771 857 είς
812 795 988 868 ὦμον,
1020 793 1271 870 χλαμύδι
1303 795 1687 873 σφιγγόμενος.
1738 798 1891 865 Ζώνη

245 885 311 954 ἦν
344 886 464 939 κατ’
505 882 667 953 ίξύων
698 885 744 920 ⁸9
774 890 977 960 χρυσῆ,
1011 881 1325 957 ἀναξυρίδες
1358 883 1416 940 ἐκ
1456 887 1665 959 ταρσῶν
1715 883 1895 958 ἄκρων

248 972 383 1048 ἄχρι
439 973 527 1028 καὶ
580 972 834 1048 γλουτῶν
886 972 1277 1030 ἀνατείνουσαι.
1324 975 1503 1030 Τοῦτο
1552 972 1893 1051 πανταχόθεν

245 1063 585 1139 εὑρίσκομεν,
652 1064 892 1137 καθάπερ
948 1062 1000 1115 ὲν
1061 1064 1295 1135 ἁρμονίᾳ
1352 1061 1543 1135 λύρας,
1605 1060 1895 1139 σύμφωνον

247 1153 497 1228 ἠχοῦντα
525 1156 593 1226 τῇ
647 1152 840 1228 γνώμῃ
897 1153 989 1206 τὸν
1049 1150 1233 1228 λόγον.
1289 1156 1387 1207 Ἤν
1421 1149 1556 1221 ἡδὺς
1626 1149 1892 1225 ἐντυχεῖν,

249 1237 422 1302 δεινὸς
472 1242 658 1314 ἡσυχῆ
714 1239 962 1312 μεγάλην
1010 1242 1203 1314 πρᾶξιν
1248 1237 1592 1315 ἐργάσασθαι,
1654 1238 1774 1308 ὀξὺς
1828 1239 1891 1292 τὸ

245 1330 415 1405 παρὸν
446 1326 602 1395 ἰδεῖν,
645 1330 939 1404 προμηθὴς
982 1329 1043 1382 τὸ
1107 1326 1311 1401 μὲλλον
1363 1328 1750 1406 φυλάττεσθαι,
1799 1348 1895 1383 σο-

246 1418 374 1491 φίας
432 1419 629 1487 ἦττων,
692 1418 923 1492 ἐραστής
974 1416 1182 1491 φιλίας,
1245 1415 1412 1492 ὀλίγα
1464 1417 1558 1491 μὲν
1607 1416 1752 1491 τύχῃ
1794 1437 1895 1470 πι-

245 1506 470 1577 στεύων,
506 1508 702 1584 γνώμῃ
733 1505 790 1562 δὲ
818 1508 885 1561 τὰ
914 1506 1085 1562 πάντα
1107 1505 1487 1579 πιστούμενος.

627 1596 723 1652 Ἐκ
750 1599 846 1650 τοῦ
886 1595 960 1658 εἰς
986 1590 1231 1671 Σεϐἧρον
1264 1595 1499 1665 ἑταῖρον.

317 1686 411 1747 Τίς
438 1684 537 1761 γὰρ
571 1684 771 1740 ἐκείνου
834 1684 1048 1759 μᾶλλον
1092 1687 1125 1756 ἢ
1175 1683 1267 1739 σὺν
1317 1687 1475 1761 τάχει
1526 1686 1624 1755 τήν
1673 1689 1770 1741 τοῦ
1810 1683 1897 1740 δι-

244 1778 405 1832 καίου
463 1777 621 1854 φύσιν
702 1774 976 1850 ἐθήρευεν,
1035 1775 1069 1844 ἤ
1132 1776 1223 1828 σὺν
1299 1773 1553 1849 ὀρθότητι
1631 1776 1896 1847 θηρεύσας

2010 633 2272 673 mensam
2306 620 2470 675 suavi
2504 621 2700 678 tritico
2744 631 3145 682 commutaret.
3177 629 3349 686 Venit
3394 637 3652 693 Athenas

2009 706 2217 761 Abaris
2249 708 2573 766 instructus
2607 712 2856 783 sagittis,
2892 713 3151 770 humeris
3178 724 3414 789 portans
3444 725 3653 793 phare-

2008 799 2178 865 tram,
2212 798 2451 854 astricta
2500 799 2826 873 chlamyde,
2859 803 3010 859 circa
3040 804 3276 863 lumbos
3316 826 3491 865 aurea
3533 818 3656 869 erat

2013 900 2183 951 zona,
2216 886 2490 944 femorale
2521 890 2594 943 ab
2624 890 2762 946 imis
2795 892 3043 962 pedibus
3073 894 3131 948 in
3166 901 3328 953 nates
3360 916 3538 969 usque
3560 917 3653 956 cx-

2008 980 2260 1028 tensum.
2294 973 2452 1030 Hanc
2502 977 2722 1050 ubique
2752 981 3071 1036 orationem
3117 985 3463 1056 reperimus,
3499 993 3563 1043 ut
3593 989 3653 1045 in

2005 1061 2312 1118 harmonia
2349 1063 2532 1136 lyrica
2575 1083 2706 1122 cum
2746 1069 2941 1125 animo
2983 1079 3425 1130 consonantem.
3457 1079 3652 1133 Comis

2007 1150 2117 1206 fuit
2148 1152 2206 1207 in
2241 1155 2660 1223 conveniendo,
2692 1155 2752 1211 in
2801 1159 2976 1215 rebus
3009 1162 3237 1233 magnis
3283 1164 3452 1220 tacite
3484 1183 3651 1237 pera-

2006 1242 2212 1314 gendis
2236 1243 2651 1312 industrius,in
2675 1264 2735 1303 re
2759 1251 3029 1320 praesenti
3052 1252 3301 1308 videnda
3315 1260 3647 1325 peracutus,

2005 1332 2065 1387 in
2127 1334 2318 1390 futura
2375 1339 2754 1407 praecavenda
2809 1340 3297 1413 circumspectus,
3350 1346 3647 1417 sapientiai

2003 1423 2267 1493 cupidus,
2283 1425 2549 1481 amicitiae
2564 1428 2769 1495 cultor,
2788 1445 2973 1499 pauca
2986 1433 3355 1488 committens
3375 1433 3641 1504 fortunae,

2006 1512 2279 1569 omnibus
2310 1518 2506 1570 tamen
2538 1515 2609 1571 ob
2640 1517 3013 1586 prudentiam
3046 1523 3416 1578 commissus.

2302 1605 2385 1659 Ex
2409 1607 2655 1661 oratione
2684 1607 2743 1661 in
2775 1607 3030 1662 Severum
3060 1610 3341 1679 collegam.

2079 1692 2221 1757 Quis
2253 1694 2435 1764 magis
2467 1694 2588 1764 illo,
2619 1695 2707 1751 vel
2739 1712 2873 1752 cum
2907 1697 3201 1755 celeritate
3231 1701 3521 1771 justitiam
3556 1720 3650 1759 se-

2011 1783 2196 1836 ctatus
2228 1786 2334 1850 est,
2387 1784 2473 1839 vel
2519 1801 2650 1841 cum
2702 1786 2923 1843 ratione
2972 1792 3250 1861 sectatus,
3286 1792 3473 1863 magis
3516 1808 3645 1849 eam

245 1864 602 1939 ἐδημοσίευεν
631 1865 715 1934 ⁹⁰;
754 1863 845 1926 Τίς
902 1866 994 1938 μὲν
1056 1863 1233 1925 οὕτως
1285 1862 1406 1933 ὀξὺς
1451 1863 1669 1937 πρᾶξαι,
1712 1863 1793 1925 τίς
1842 1862 1893 1919 δὲ

2012 1871 2233 1941 publice
2259 1873 2725 1931 demonstravit?
2756 1878 2888 1949 quis
2920 1878 3009 1934 sic
3045 1879 3104 1934 in
3138 1859 3360 1953 agendo
3387 1859 3644 1952 subtilis,

247 1951 452 2029 βραδὺς
509 1951 738 2009 κολάσαι
788 1955 879 2008 τὸν
934 1950 1373 2022 κινδυνεύοντας
1432 1951 1513 2013 τίς
1589 1953 1684 2025 μὲν
1750 1950 1892 2006 οὕτω

243 2042 507 2118 κρείττων
541 2040 797 2117 χρυσίου,
835 2040 921 2103 τίς
953 2043 1083 2115 [610
1121 2043 1208 2111 H.]
1244 2038 1301 2096 δὲ
1348 2040 1527 2110 ἥττων
1586 2038 1893 2118 φιλανθρω-

247 2134 380 2195 πίας
438 2133 485 2167 91
541 2133 632 2186 καὶ
694 2135 790 2186 τοῦ
846 2130 1172 2200 κατελεῆσαι
1254 2134 1345 2186 τὸν
1432 2128 1890 2206 δυστυχήσαντας

237 2219 441 2294 ⁸Αδρὸς
493 2222 587 2294 μὲν
649 2221 701 2275 ἐν
762 2219 966 2297 λόγοις,
1019 2218 1147 2297 ἔργα
1200 2218 1256 2277 δὲ
1313 2220 1401 2275 καὶ
1452 2222 1670 2297 πράξεις
1730 2218 1889 2295 ἁδρό-

240 2331 421 2386 τερος.

239 2401 341 2455 Ἐκ
404 2402 500 2453 τοῦ
568 2399 645 2462 εἰς
730 2395 1059 2453 Σκυλᾶκειον
1120 2399 1168 2434 9³
1234 2400 1324 2453 τὸν
1402 2397 1705 2453 ἀνθύπατον
1759 2397 1895 2453 Ἑλ-

974 2467 1159 2531 λάδος.
1622 2492 1628 2497 θ

317 2562 512 2634 Χρυσῷ
545 2560 638 2633 μὲν
667 2560 828 2622 ἀσπὶς
868 2558 1266 2632 ἀστράπτουσα,
1314 2559 1405 2614 καὶ
1453 2560 1551 2629 τήν
1597 2557 1890 2634 Ἡφαίστου

250 2650 536 2723 μηνύουσα
568 2655 731 2726 χεῖρα
758 2654 874 2711 τοῖς
906 2648 1197 2721 θαύμασιν,
1232 2647 1316 2703 ὅτι
1373 2649 1513 2721 μόνη
1567 2646 1654 2703 διὰ
1701 2646 1888 2725 σοφίαν

248 2738 521 2808 ἠπίστατο
573 2742 640 2812 τῇ
679 2739 851 2817 τέχνῃ
902 2737 1060 2817 φύσιν
1113 2738 1476 2810 μιμήσασθαι.
1528 2734 1831 2813 Μαίανδρος
1862 2738 1890 2792 ὁ

242 2826 365 2903 Κάρ
405 2827 454 2863 9³
493 2829 761 2900 ποταμὸς,
823 2828 948 2882 ὅσον
996 2825 1197 2897 πλήθει
1238 2830 1336 2881 τοῦ
1376 2825 1575 2881 Νείλου
1624 2825 1891 2894 λείπεται,

234 2920 501 2972 τοσοῦτον
536 2918 690 2996 φύσει
747 2915 1009 2993 περίεστι,
1063 2918 1177 2973 Τοῦ
1230 2916 1326 2989 μὶν
1373 2915 1473 2991 γὰρ
1536 2918 1703 2989 μῦθος
1744 2918 1779 2986 ἡ
1820 2922 1887 2993 γῆ

238 3008 311 3078 ἣν
358 3006 681 3082 Αἰγυπτίοις
727 3009 1030 3082 χαρίζεται·
1083 3007 1110 3060 ὁ
1152 3003 1208 3060 δὲ
1264 3007 1562 3079 πλωτῆρας
1612 3004 1893 3077 ἀποσυλή-

236 3117 338 3159 σας
366 3095 413 3133 ⁹⁴
440 3098 539 3166 τήν
588 3094 874 3165 θάλατταν,
923 3096 1188 3172 γηπόνοις
1234 3095 1439 3171 σχίζειν
1478 3092 1673 3150 ἔδωόεν
1725 3094 1889 3168 ἀρού-

2001 1960 2133 2032 quis
2164 1961 2222 2017 in
2258 1963 2572 2032 puniendis
2604 1966 2874 2021 sontibus
2919 1968 2998 2023 ila
3030 1970 3276 2025 tardus?
3319 1973 3459 2036 Quis
3501 1972 3644 2028 adeo

2001 2051 2128 2106 auri
2156 2050 2386 2107 victor?
2417 2053 2548 2124 quis
2579 2054 2660 2109 ita
2680 2056 2933 2127 cupidus
2964 2056 3441 2129 humanitatis,et
3472 2064 3642 2116 tantae

2000 2154 2136 2209 erga
2167 2139 2413 2196 miseros
2444 2141 2765 2198 clementiae
2786 2142 2815 2199 ?
2844 2143 3110 2200 Maturus
3140 2146 3378 2217 quidem
3424 2148 3483 2205 in
3515 2164 3645 2204 ver-

2000 2228 2113 2298 bis,
2146 2228 2207 2283 in
2238 2232 2417 2287 rebus
2447 2234 2503 2286 et
2533 2232 2807 2302 Operibus
2841 2235 3143 2289 maturior.

2075 2412 2153 2465 Ex
2184 2414 2432 2470 oratione
2462 2414 2521 2469 in
2560 2413 2854 2485 Cylaceum
2888 2415 3127 2475 Gracia
3156 2418 3556 2488 proconsulem.

2071 2574 2483 2645 Clypeus,auro
2499 2579 2854 2641 coruscat,et
2869 2575 3195 2632 Vulcaniam
3210 2577 3383 2633 refert
3396 2577 3641 2634 artificio

1999 2664 2284 2730 dextram,
2309 2681 2434 2735 quae
2466 2664 2587 2719 sola
2619 2664 2691 2719 ob
2714 2665 3062 2735 sapientiam
3094 2666 3339 2722 artificio
3372 2674 3640 2721 naturam

1998 2751 2149 2807 valet
2180 2752 2547 2808 adumbrare.
2584 2752 2854 2808 Meander
2883 2753 3058 2808 Cariae
3091 2753 3321 2819 ﬂuvius,
3357 2762 3641 2823 quantum

2001 2840 2401 2913 magnitudine
2428 2859 2462 2897 θ.
2490 2841 2617 2897 Nilo
2649 2846 2973 2912 superatur,
3017 2848 3248 2898 tantum
3300 2848 3508 2899 natura
3537 2859 3645 2899 su—

1998 2935 2166 3002 perat
2195 2934 2370 3000 terra,
2402 2948 2581 3001 quam
2611 2931 2895 3003 [Egyptiis
2927 2931 3196 3003 largitur,
3230 2934 3299 2987 de
3329 2931 3439 2987 hoc
3470 2932 3639 2987 fabu-

2000 3018 2117 3075 lam
2153 3019 2335 3091 fingit.
2361 3021 2465 3077 Ille
2494 3037 2626 3076 vero
2654 3021 2848 3076 nautis
2880 3037 3038 3076 mare
3069 3022 3347 3092 eripiens,
3369 3020 3641 3093 agricolis

1998 3108 2150 3165 dedit
2200 3108 2408 3165 aratris
2454 3126 2557 3182 pro
2619 3110 2789 3183 aquis
2836 3111 3029 3166 sulcos
3096 3109 3379 3167 scindere.
3424 3109 3638 3165 Videas

242 3207 365 3261 ραις
396 3185 510 3242 ἀντὶ
561 3184 817 3260 κυμάτων
865 3187 960 3248 τὰς
989 3188 1032 3223 ³⁸
1062 3181 1320 3247 αὔλακας.
1375 3182 1545 3247 ’Ίδοις
1596 3181 1656 3239 ἄν
1698 3183 1883 3241 πεδίον

2012 3215 2297 3270 :ampum,
2331 3198 2426 3254 ubi
2456 3181 2620 3269 prius
2663 3181 2767 3255 fuit
2817 3215 2999 3265 mare,
3030 3197 3223 3253 videas
3268 3197 3639 3254 lascivientes

243 3277 341 3349 μὲν
386 3276 488 3345 τήν
529 3276 758 3350 πρόσθεν
818 3275 1109 3344 θάλατταν,
1160 3278 1465 3350 σκιρτῶντα
1511 3272 1569 3329 δὲ
1623 3272 1737 3329 ἀντὶ
1791 3275 1884 3349 μὶν

239 3363 507 3441 δελφίνων
535 3359 744 3440 νεϐρόν·
796 3363 913 3420 ἀντὶ
964 3362 1022 3420 δὲ
1069 3365 1264 3420 ναύτου
1313 3362 1630 3427 κελεύοντος
1676 3366 1891 3439 νομέως

234 3453 502 3527 ἠχούσης
532 3453 738 3528 ἀκούσῃ
775 3453 1050 3530 σύριγγος.

307 3546 401 3599 Ἐκ
431 3546 528 3597 τοῦ
570 3543 644 3606 εἰς
668 3540 933 3616 νεήλυδας
966 3543 1264 3622 Ἐφεσίους.
1300 3575 1362 3585 -
1395 3542 1474 3599 Τὸ
1518 3543 1817 3618 Προοίμον.

313 3723 439 3777 Ὅτε
485 3721 534 3757 ⁹⁶
578 3722 672 3777 τὸν
732 3722 988 3795 μαντικὸν
1041 3719 1332 3777 Ἀπόλλων
1390 3717 1611 3795 ἱδρύσας
1663 3720 1894 3798 τρίποδα

236 3817 365 3873 τοῖς
424 3812 765 3886 πανταχόθεν
815 3812 1081 3881 ἐθέσπιζε,
1148 3809 1321 3865 πάντα
1393 3811 1521 3885 γένη
1582 3812 1671 3865 καὶ
1728 3817 1894 3866 πᾶσαι

237 3900 435 3961 πόλεις
486 3901 630 3975 ποιρά
676 3902 766 3955 τὸν
823 3900 942 3955 θεὸν
1002 3898 1329 3956 ἐστέλλοντο
1389 3898 1494 3953 ὑπὸ
1547 3905 1647 3969 τῆς
1702 3902 1893 3973 φήμης

242 3988 794 4066 δημαγωγούμενοιᾶ

239 4079 340 4136 Ἐκ
394 4082 492 4134 τοῦ
567 4078 644 4142 είς
705 4080 833 4141 τοὺς
915 4077 1158 4155 ἑταίρους
1204 4076 1491 4155 ’πατρίδος
1548 4081 1615 4139 ’7.
1688 4110 1757 4120 —-
1820 4079 1894 4134 Τὸ

856 4150 1163 4224 Προοίμιον
1202 4150 1288 4208 9⁷⁸.

315 4238 490 4295 Ἀλλὰ
519 4241 621 4316 γάρ
654 4237 771 4316 ὥρα
816 4240 1036 4309 λοιπὸν,
1092 4239 1137 4294 ὦ
1167 4237 1379 4312 παῖδες,
1431 4239 1521 4296 καὶ
1570 4244 1688 4304 τοῖς
1730 4239 1899 4296 πολί-

237 4350 363 4392 ταις
391 4330 491 4399 τήν
556 4329 723 4403 λύραν
783 4330 881 4399 τὴν
943 4331 1215 4404 ἡμετέραν
1274 4328 1634 4404 ἁρμόσασθαι.
1693 4330 1758 4386 Τί
1798 4331 1897 4399 τήν

241 4418 561 4493 ἐνεγκοῦσαν
590 4418 750 4475 πόλιν
805 4422 1142 4492 ποιήσομενς
1185 4418 1313 4475 ἀλλ’
1362 4417 1477 4474 ἒπεὶ
1526 4420 1627 4474 οὐκ
1674 4418 1897 4476 ἐπὶτῶν

245 4510 507 4583 ἁρμάτων
540 4509 587 4546 ⁸⁸
616 4511 782 4583 ἡμεῖς
813 4508 1095 4584 ὀχούμεθα
1153 4506 1277 4564 οὐδὲ
1321 4508 1388 4563 τὰ
1431 4513 1677 4580 ποιητῶν
1729 4530 1898 4563 σπου-

243 4595 502 4672 δάζομεν,
535 4600 663 4675 φέρε
693 4596 914 4674 ἀνδράσι
941 4598 1031 4653 καὶ
1068 4598 1254 4674 λόγοις
1295 4599 1393 4667 τήν
1422 4597 1587 4653 πόλιν
1631 4600 1895 4674 τειχίσωο

249 4709 370 4762 μεν.
406 4689 518 4757 Τήν
553 4686 609 4743 δὲ
639 4689 888 4763 Ὀμήρου
913 4690 1012 4757 τὴν
1050 4688 1294 4764 μεγάλην
1326 4689 1457 4763 ἠχὼ
1486 4688 1539 4743 τί
1577 4694 1682 4744 τῶν
1732 4689 1895 4744 ἁπάν-

239 4798 350 4831 των
406 4776 700 4851 ἐξὲμηνενς
754 4776 860 4833 Ούν
915 4774 1125 4851 ἀνδρων
1171 4775 1333 4848 δόξας
1384 4778 1530 4853 Ἐγὼ
1589 4774 1646 4833 δὲ
1699 4777 1896 4851 ἀρετὴν

247 4869 422 4935 ζητῶ,
454 4866 544 4920 καὶ
576 4866 682 4921 ἀπὸ
710 4865 912 4937 ταύτης
944 4865 1180 4922 ἐπαινεῖν
1213 4868 1338 4929 τοὺς
1370 4864 1567 4941 ἄνδρας
1592 4866 1893 4943 βούλομαι.

244 4957 364 5024 Τῆς
399 4952 455 5010 δὲ
486 4954 726 5034 ἀρχικῆς
753 4956 951 5031 ἀρετῆς
983 4952 1153 5010 διπλᾶ
1182 4958 1475 5031 τεκμήρια,
1533 4956 1802 5030 βασιλέως
1838 4976 1897 5010 τε

243 5044 301 5098 αἱ
333 5045 379 5080 ’9
408 5047 582 5122 ψῆφοι
613 5046 701 5099 καὶ
734 5050 841 5100 τῶν
876 5044 1201 5120 ἀρχομένων
1237 5045 1287 5100 οἱ
1318 5046 1479 5099 πόθοι
1513 5048 1551 5103 ¹.
1608 5048 1771 5119 [1137
1802 5048 1894 5118 R.]

246 5134 399 5192 Μετὰ
458 5139 565 5189 τῶν
612 5132 783 5209 ἔργων
843 5137 941 5203 τήν
1000 5134 1154 5212 φύσιν
1196 5134 1513 5190 σκέπτεσθαι
1574 5133 1743 5207 ἄξιον⁸
1806 5136 1895 5190 καὶ

243 5222 365 5278 ἴσον
414 5245 499 5285 τις
550 5224 766 5298 εύρήσει
812 5225 909 5286 τάς
956 5245 1015 5279 τε
1063 5225 1279 5299 πράξεις
1335 5224 1585 5299 ἠχυούσας
1644 5223 1733 5278 καὶ
1794 5227 1892 5293 τὴν

238 5314 399 5380 φύσιν
426 5313 544 5369 ὅθεν
575 5316 981 5389 κατώρθωνται.
1014 5314 1149 5370 Τίνα
1180 5313 1247 5383 δὴ
1280 5322 1379 5385 τῆς
1421 5314 1630 5393 φύσεως
1680 5310 1839 5369 τοῦδε
1874 5317 1893 5351 ³

1999 3286 2280 3343 hinnulos
2308 3286 2436 3343 loco
2466 3286 2900 3360 delphinorum,
2934 3287 3062 3343 loco
3095 3291 3287 3343 nautas
3325 3285 3639 3353 hortantis,

2000 3375 2254 3448 pastoris
2285 3379 2591 3432 sonantem
2627 3375 2881 3431 fistulam
2913 3374 3139 3431 audias.

2145 3553 2336 3609 37Δὸ
2368 3555 2449 3610 Ea:
2477 3556 2729 3612 oratione
2770 3556 2829 3611 in
2859 3553 3097 3610 advenas
3126 3553 3408 3626 Ephesios.
3438 3583 3500 3593 —

2661 3627 2989 3682 Exordium.

2075 3716 2220 3770 Cum
2268 3714 2472 3786 Apollo
2532 3714 2949 3770 divinatorium
3014 3712 3306 3784 tripodem
3356 3710 3652 3767 collocans

2004 3806 2278 3862 omnibus
2308 3804 2545 3860 oracula
2594 3804 2884 3871 redderet,
2918 3819 3123 3858 omnes
3172 3806 3377 3873 gentes
3410 3815 3651 3855 omnes-

2010 3908 2123 3964 que
2154 3892 2329 3947 urbes
2362 3893 2512 3947 fama
2541 3892 2650 3948 bac
2684 3891 2754 3946 ad
2782 3891 2969 3945 Deum
3000 3890 3460 3945 attrabebanlur.

2126 4072 2210 4127 Ex
2237 4073 2484 4128 oratione
2510 4071 2572 4127 in
2600 4071 2894 4144 populares
2923 4086 3069 4127 suos.
3101 4100 3170 4111 -—
3200 4066 3527 4124 Exordium.

2081 4238 2305 4293 Etenim
2335 4239 2458 4309 jam
2499 4240 2735 4295 demum
2766 4243 2997 4311 tempus
3032 4241 3140 4304 est,
3171 4237 3439 4307 juvenes,
3472 4234 3648 4290 etiam

2008 4328 2231 4384 civibus
2254 4327 2436 4400 lyram
2459 4333 2716 4384 nostram
2750 4328 3085 4398 adaptandi.
3110 4326 3258 4393 Quid
3291 4326 3495 4381 urbem
3523 4340 3650 4396 pro-

2007 4419 2156 4474 ferre
2187 4419 2454 4475 dicemus
2478 4420 2505 4473 ?
2538 4420 2636 4474 sed
2671 4435 2797 4474 cum
2823 4436 2937 4474 non
2972 4420 3028 4474 in
3058 4417 3324 4473 curribus
3358 4433 3464 4472 nos
3486 4416 3655 4472 veha-

1932 4501 1973 4565 D
2007 4528 2160 4577 mur,
2193 4528 2384 4582 neque
2415 4511 2609 4568 studia
2643 4516 2937 4583 poetarum
2960 4510 3414 4583 amplectamur,
3436 4523 3540 4581 age
3570 4508 3658 4569 vi,

2008 4602 2086 4658 ris
2117 4606 2172 4658 et
2200 4604 2456 4658 oratione
2478 4602 2679 4657 urbem
2714 4602 3070 4657 muniamus.
3096 4601 3245 4667 Quid
3277 4617 3344 4656 ex
3369 4598 3646 4655 omnibus

2006 4708 2280 4764 magnam
2313 4692 2546 4748 llomeri
2581 4692 2794 4748 famam
2817 4692 2873 4746 in
2907 4692 3161 4747 furorem
3194 4688 3360 4761 egit?
3388 4687 3539 4743 Num
3570 4686 3655 4741 vi-

2007 4799 2206 4837 rorum
2256 4781 2485 4853 gloria?
2525 4783 2640 4853 Ego
2685 4780 2961 4837 virtutem
3009 4795 3227 4851 quaero,
3279 4782 3334 4832 et
3378 4779 3451 4833 ob
3500 4776 3653 4830 hanc

2007 4871 2160 4926 viros
2195 4871 2489 4926 celebrare
2521 4871 2713 4943 cupio.
2750 4869 3109 4941 Principium
3140 4864 3372 4922 virtutis
3402 4863 3655 4934 duplicia

2007 4966 2144 5016 sunt
2174 4960 2412 5028 indicia,
2449 4978 2582 5016 cum
2636 4962 2788 5033 regis
2829 4962 3075 5025 decrela,
3110 4968 3231 5015 tum
3282 4956 3652 5013 subditorum

2007 5066 2188 5105 amor.
2223 5050 2367 5104 Cum
2404 5049 2662 5106 subditis
2694 5067 2975 5118 amorem,
3009 5066 3144 5106 cum
3178 5047 3455 5118 cperibus
3485 5050 3653 5101 natu-

2006 5155 2123 5194 ram
2156 5155 2262 5210 par
2290 5143 2380 5193 est
2429 5138 2804 5205 considerari,
2837 5146 2889 5192 et
2935 5138 3149 5209 aliquis
3198 5136 3445 5207 reperiet
3474 5152 3649 5207 opera

2005 5226 2253 5298 aequalia
2283 5243 2416 5282 cum
2464 5231 2695 5295 natura,
2744 5244 2776 5282 a
2807 5243 2923 5299 qua
2976 5227 3330 5298 diriguntur.
3368 5226 3644 5291 Quaenam

2005 5316 2361 5387 principium
2398 5321 2618 5371 naturae
2669 5316 2887 5388 signa?
2935 5316 3215 5372 acerrimo
3254 5314 3642 5386 essejudicio,

1612 5404 1854 5461 VARUE
1902 5405 2310 5464 LECTIONES.

304 5494 351 5566 so
380 5492 494 5563 ’,ξὺν
522 5500 580 5552 (ς,
710 5496 758 5532 90
787 5492 1171 5566 ἐδημοσίευσεν
1206 5498 1265 5553 Δ.

222 5564 520 5640 κυλάκειον
553 5586 638 5640 pr.
672 5571 734 5640 Α,
768 5564 1186 5640 κυλάκκιονᾼρν.
1219 5568 1281 5623 C.

224 5639 273 5715 Ῠξ
311 5641 463 5715 vocis
496 5636 757 5715 πατρίδος
784 5641 1008 5697 litteras
1042 5636 1411 5715 ιδὀοιντοοίοβ
1433 5636 1621 5715 habet
1642 5642 1705 5695 A.

224 5711 273 5747 νο
304 5710 360 5763 αἱ
400 5726 511 5767 om.
544 5713 609 5767 A.

225 5780 444 5836 τούτων
472 5781 558 5855 ς.

1396 5497 1453 5569 917
1474 5493 1885 5569 φιλανθρωπίας

1435 5498 1439 5531 ί
1474 5497 1885 5571 φιλανθρωπίας
1926 5497 2107 5565 ἡττων
2137 5497 2196 5551 C.

1435 5568 1457 5601 3
1487 5566 1623 5601 1ῖὲιηῖ
1655 5571 1835 5601 νηυσὶ...
1867 5569 1906 5601 ρ
2033 5567 2080 5601 9L
2109 5567 2196 5601 Α...

1413 5568 1457 5602 ³³
1486 5568 1623 5640 Κὰρ]
1655 5571 1835 5642 καρῶν
1867 5569 1927 5625 C.
2033 5568 2080 5603 9"
2108 5568 2432 5637 ἀποαλήσας
2465 5568 2525 5622 C.

1443 5639 1615 5695 habet
1642 5642 1705 5695 A.
1809 5639 1910 5711 ‘9’"
1942 5638 2233 5711 προοίμιον
2264 5656 2381 5695 om.
2427 5640 2626 5711 pr._C.

714 5711 733 5747 ί
765 5729 893 5784 quae
922 5715 1058 5784 post
1086 5710 1246 5765 πόθοι
1280 5711 1671 5782 addebantur,
1699 5708 1833 5766 πετᾶ
1861 5708 2328 5786 τῶνάρχομὲνων
2360 5708 2631 5779 οιγπόθοι,
2655 5711 2829 5769 omisi
2877 5727 3007 5767 cum
3054 5708 3164 5767 'AC.

2304 5494 2351 5529 9’
2383 5491 2706 5550 σκυλάκειον
2736 5512 2883 5552 corr.
2945 5499 3012 5565 Α,
3044 5493 3361 5565 σκυλάκιον
3396 5510 3543 5565 corr.
3577 5495 3638 5551 C.

2638 5567 2687 5603 9⁵
2731 5567 2827 5626 τὰς
2872 5569 2946 5622 C:
2990 5564 3117 5639 τοὺς
3161 5567 3290 5639 Δ
3344 5564 3528 5639 98’ὅτε
3571 5600 3639 5639 ῖ-

2760 5638 2804 5675 ⁹⁸
2848 5642 2955 5692 τῶν
3006 5633 3217 5715 ἀφετᾶἶν
3266 5633 3526 5744 ἁρμάτων
3575 5637 3634 5693 C.

2760 5711 2825 5744 ιρι
2878 5727 3004 5744 ...η-ι
3065 5710 3142 5744 Αρ
3350 5703 3509 5744 -..πλε
3558 5709 3634 5744 ρ.

3350 5703 3511 5762 τοῦδε
3558 5709 3597 5762 C
3620 5724 3637 5765 :

2033 5567 2080 5603 9"
2108 5564 2329 5637 ἀποαλή
2339 5585 2432 5626 σας
2465 5568 2525 5622 C.
