4066 6216
271 329 430 390 1377

1349 325 1898 388 BlBLlOTHECA.
1951 354 2016 370 -
2065 325 2237 388 COD.
2282 329 2592 392 CCXLlII.

3521 343 3678 403 1378

273 479 364 514 σαι
415 455 656 532 ἱστορίαν
697 455 872 525 ἄλλην
929 460 1204 526 ζητοῦσιν,
1246 454 1374 511 ἀλλ’
1423 455 1484 511 οὗ
1531 457 1624 512 τὸν
1675 453 1911 532 παρόντα

2033 473 2226 528 curas,
2251 459 2458 532 inopiae
2491 461 2934 532 providentiam,
2961 468 3047 522 vel
3074 469 3416 542 principium
3453 477 3672 545 tempe-

271 552 382 603 τῶν
415 546 598 622 λόγων
634 544 801 619 νόμον
849 545 1158 620 ἀνέχονται.
1195 545 1296 607 Τὰς
1327 547 1545 620 πράξεις
1591 544 1718 620 εἷ’πῃ
1750 566 1832 606 τις
1880 545 1914 615 ἢ

271 635 370 697 τὰς
429 634 618 706 δίκας;
667 634 749 710 [ἢ]
789 637 887 704 τήν
947 633 998 690 ἐν
1060 636 1209 710 μέρει
1260 634 1500 706 σπουδὴν
1635 637 1728 698 τὰς
1785 637 1918 710 ὑπὲρ

271 733 380 782 τῶν
413 725 558 782 ὅλων
587 724 880 804 φροντίδας
908 745 921 795 ;
955 727 1139 790 πενίας
1162 728 1420 801 πρόνοιαν
1515 728 1607 782 τὸν
1641 729 1734 781 σὺν
1753 727 1920 802 πραό-

274 837 402 888 τητι
429 821 536 870 τῶν
589 814 1018 872 δυναστευόντων
1061 816 1473 892 σωφρονισμόνς
1507 815 1686 873 Ἀλλᾶ
1735 813 1822 870 διὰ
1863 815 1919 869 σε

273 907 364 961 καὶ
423 907 646 980 Σπάρτη
707 911 901 984 τρυφᾷ,
936 907 1192 980 ῥυπῶντα
1249 905 1538 978 πλόκαμον
1593 905 1668 966 εἰς
1716 907 1914 973 εὐανθῆ

271 995 453 1068 κόμην
495 995 790 1069 ἀμείψασα.
841 996 942 1051 Τὸν
995 993 1051 1050 δὲ
1109 993 1327 1068 ἄπειρον
1372 1001 1480 1050 τῶν
1533 991 1916 1066 οἰκοδομημά-

270 1107 380 1139 των
416 1083 592 1159 ὄχλον
621 1086 704 1146 τίς
737 1083 796 1138 ἂν
830 1087 946 1140 κατ’
989 1083 1134 1156 ἀξίαν
1177 1082 1484 1155 δηλώσειε;
1523 1082 1780 1156 Περικλεῖ
1821 1083 1914 1155 μὲν

269 1173 591 1246 προπύλαια
649 1175 786 1248 πρὸς
855 1172 1178 1252 φιλοτιμίαν
1239 1172 1396 1248 ἤρκει
1459 1174 1550 1228 καὶ
1615 1170 1916 1246 παρθενὼν,

268 1264 360 1318 καὶ
391 1263 540 1325 οἶκος
577 1263 785 1335 Δαρείῳ
835 1261 1134 1338 βασίλειος,
1165 1263 1256 1318 καὶ
1303 1262 1555 1334 ἄμπελος
1589 1259 1915 1336 Ἀρταξέρξῃ
1959 1339 1964 1346 ,

317 1361 477 1426 ρυσῆ,
531 1351 817 1427 Θεοδώρου
865 1354 1078 1426 Σαμίου
1126 1353 1366 1426 ποίημα,
1415 1352 1699 1429 ἄχρηστον
1749 1347 1912 1426 ἔργον

267 1447 584 1520 τρυφῶντος
615 1440 803 1513 Μήδου
835 1442 970 1497 κατᾶ
1000 1449 1101 1512 τῆς
1132 1442 1362 1520 φύσεως.
1411 1441 1488 1495 Σὺ
1520 1437 1580 1495 δὲ
1627 1439 1688 1495 ἐκ
1717 1437 1912 1494 Πυλῶν

271 1531 570 1608 ἀρξάμενος
602 1529 734 1607 όίχρι
771 1532 860 1586 καὶ
913 1531 1336 1602 Πελοποννήσου
1372 1534 1555 1606 μυχοῦ
1603 1530 1778 1584 πάντα
1825 1529 1916 1584 τὸν

273 1621 328 1675 ἐν
384 1620 533 1694 μέσῳ
581 1621 748 1676 τόπον
784 1620 974 1683 πόλεις
1025 1620 1324 1700 ἀπέφηνας.
1381 1620 1665 1680 Στενωπός
1721 1637 1804 1678 τις
1850 1617 1916 1685 ἦν

273 1707 555 1772 Κολυττὸς
587 1713 630 1748 ¹ί
682 1709 824 1764 οὕτω
854 1708 1196 1783 καλούμενος
1235 1708 1287 1764 έν
1323 1713 1404 1782 τῷ
1457 1706 1766 1780 μεσαιτάτῳ
1815 1712 1914 1774 τῆς

2029 549 2284 604 rantiam
2315 566 2448 604 cum
2479 549 2812 622 clementia,
2844 555 3036 612 dicere
3067 562 3308 628 posset?
3347 564 3590 634 Propter
3619 568 3678 618 te

2028 637 2231 708 Sparta
2279 639 2577 694 sordidum
2629 641 2850 697 crinem
2907 643 2966 698 in
3025 651 3326 704 venustam
3379 653 3670 709 caesariem

2028 731 2419 794 commutans,
2453 727 2513 784 in
2555 729 2780 786 deliciis
2812 731 2953 802 agit.
2987 733 3124 799 Quis
3166 736 3453 794 infinitam
3485 742 3668 795 aediﬁ-

2028 814 2248 871 ciorum
2310 818 2536 889 copiam
2597 835 2700 890 pro
2759 821 3042 894 dignitate
3105 829 3441 882 recenseat?
3481 832 3680 888 375!)

2027 905 2264 961 Suﬂecit
2293 906 2498 962 Pericli
2551 909 2618 964 ad
2651 911 3216 970 commendationem
3273 915 3584 990 Propylsea,
3622 929 3678 976 et

2026 994 2384 1062 Parthenon,
2408 1001 2465 1051 et
2496 996 2666 1053 Dario
2697 1002 2910 1056 domus
2941 1002 3173 1072 regalis,
3208 1021 3503 1076 aureaque
3533 1009 3670 1066 vitis

2027 1083 2326 1138 Artaxerxi
2376 1083 2664 1142 Theodori
2713 1088 2888 1144 Samii
2937 1106 3104 1161 opus,
3139 1109 3269 1148 cum
3316 1096 3517 1152 Medus
3567 1097 3664 1155 ille

2027 1171 2236 1228 inutile
2267 1173 2376 1228 hoc
2406 1190 2552 1244 opus
2573 1175 2812 1232 adversa
2845 1181 3052 1234 natura
3077 1180 3134 1236 in
3160 1181 3385 1240 deliciis
3419 1185 3674 1244 haberet.

2024 1261 2112 1316 Tu
2141 1267 2334 1318 autem
2361 1281 2394 1320 a
2414 1263 2822 1338 Thermopylis
2854 1268 3156 1340 incipiens,
3183 1273 3252 1328 ad
3278 1290 3463 1347 usque
3487 1281 3667 1333 extre-

2026 1367 2186 1406 mum
2212 1352 2594 1424 Peloponnesi
2611 1371 3168 1428 recessum,omnem
3197 1362 3388 1419 locum
3406 1365 3666 1424 medium

2027 1440 2202 1497 urbes
2221 1458 2348 1498 esse
2377 1443 2701 1500 declarasti.
2731 1449 2858 1502 Fuit
2878 1447 3122 1518 quidam
3146 1451 3308 1508 vicus
3331 1453 3588 1526 Colyttas
3613 1458 3672 1514 in

2024 1529 2188 1586 urbis
2212 1529 2534 1588 meditullio
2548 1534 3062 1608 vocitatus,populi
3082 1539 3314 1609 quidem
3335 1541 3557 1600 habens
3574 1562 3676 1601 no-

2024 1633 2180 1686 men,
2205 1620 2304 1675 sed
2330 1619 2436 1676 fori
2461 1637 2569 1677 usu
2592 1622 3148 1697 celebrisantiquus
3172 1629 3378 1700 gloria,
3401 1633 3550 1688 venit
3573 1634 3672 1690 ille

2023 1707 2136 1762 huc
2155 1709 2307 1764 fama
2323 1710 2778 1768 ductus.Videns
2793 1730 2923 1770 vero
2939 1725 3200 1773 naturam
3217 1718 3327 1774 loci
3343 1721 3668 1780 admiratus

271 1797 512 1868 πόλεως»
565 1796 748 1872 δήμου
800 1799 896 1872 μιν
947 1796 1092 1873 ἒχων
1125 1800 1168 1834 η
1611 1796 1814 1872 ἀγορᾶς
1864 1792 1911 1851 δι

2027 1801 2145 1854 est:
2170 1803 2378 1855 ornatu
2401 1816 2536 1856 vero
2559 1802 2716 1858 urbis
2739 1803 2922 1874 magis
2937 1807 3212 1863 confusus
3227 1813 3458 1876 est,non
3474 1815 3669 1868 tamen

271 1887 432 1963 χρείᾳ
483 1889 822 1962 τιμώμενος.
867 1889 1016 1945 Κατά
1065 1885 1130 1958 δὴ
1164 1887 1326 1952 κλέος
1364 1888 1427 1943 τὸ
1477 1886 1649 1942 πάλαι
1697 1880 1915 1960 ἔρχεται

266 1979 360 2032 καὶ
407 1979 564 2040 οὗτος
601 1977 688 2034 ἐπὶ
728 1979 820 2034 τὸν
867 1977 1056 2048 τόπον,
1093 1979 1198 2033 ὑπὸ
1249 1981 1350 2043 τῆς
1409 1979 1602 2056 φήμης
1652 1975 1919 2053 δημαγω-

266 2065 548 2144 γούμενος.
599 2066 751 2126 Ἰδὼν
803 2065 860 2122 δέ
908 2070 1006 2138 τήν
1057 2069 1152 2141 μὲν
1201 2068 1356 2144 φύσιν
1403 2069 1618 2142 ἠγάσθη
1667 2071 1765 2122 τοῦ
1821 2067 1916 2122 τό·-

266 2179 400 2228 που,
449 2163 518 2231 τῇ
575 2161 880 2232 κατασκευῇ
940 2154 998 2212 δὲ
1054 2158 1305 2232 ἠσχύνθη
1368 2155 1585 2229 [πλέον]
1627 2156 1758 2232 ὑπὲρ
1815 2163 1915 2225 τῆς

264 2245 508 2318 πόλεως,
543 2247 604 2302 οὗ
650 2249 757 2322 μὴν
801 2247 976 2326 ἀφῆκε
1021 2243 1188 2302 πλέον
1237 2245 1552 2321 ἐρυθριᾶσαι
1597 2247 1696 2314 τῆν
1749 2240 1916 2300 πόλιν

274 2335 366 2391 ἐπὶ
405 2341 484 2409 τῷ
529 2338 832 2411 πράγματι.
883 2336 960 2392 Σὺ
1001 2335 1089 2391 καὶ
1120 2334 1251 2398 τοὺς
1287 2337 1490 2409 μύθους
1537 2333 1763 2397 πιστοὺς
1811 2333 1918 2389 άπ-

267 2422 491 2494 έδειξας,
524 2426 604 2480 ὅτι
638 2427 807 2480 στένει
836 2425 928 2480 καὶ
959 2424 1114 2488 λίθος
1147 2426 1192 2462 ¹³
1213 2425 1348 2502 ἐρῶν
1381 2425 1470 2479 καὶ
1506 2420 1678 2480 λείϐει
1711 2420 1916 2490 δάκρυα

2026 1885 2199 1941 desiit
2229 1887 2287 1942 in
2320 1903 2379 1942 re
2410 1890 2663 1961 gerenda
2693 1897 2928 1963 propter
2951 1894 3158 1951 urbem
3190 1898 3414 1968 pudore
3443 1900 3670 1956 sulIun-

2027 1975 2107 2030 di.
2132 1975 2215 2030 Tu
2249 1991 2382 2031 vero
2415 1977 2641 2034 fabulas
2671 1981 2978 2038 credibiles
3013 1999 3137 2040 esse
3162 1987 3490 2044 ostendisti.
3524 1990 3668 2046 Cum

2025 2063 2249 2136 lapides
2273 2065 2354 2120 tui
2379 2071 2644 2122 amantes
2663 2067 3072 2141 ingemiscant,
3095 2075 3152 2128 et
3174 2071 3464 2146 lacrymas
3487 2076 3671 2133 libent

2025 2151 2184 2208 velut
2216 2153 2286 2208 ab
2317 2157 2510 2209 amata
2553 2161 2858 2228 separatus
2891 2158 3092 2214 furtim
3142 2162 3422 2232 amasius,
3457 2171 3520 2218 ut
3561 2179 3666 2235 ego

2025 2257 2244 2310 vereor,
2280 2257 2351 2298 ne
2378 2242 2462 2298 tui
2498 2243 2851 2303 desiderium
2883 2247 3166 2304 damnum
3190 2249 3413 2321 aliquot
3443 2251 3672 2323 excitet,

2023 2334 2082 2386 et
2111 2330 2293 2402 aliqui
2325 2336 2596 2388 naturam
2628 2337 3080 2407 commutantes,
3113 2339 3172 2392 in
3205 2337 3404 2396 ﬂorem
3438 2345 3543 2397 aut
3572 2359 3666 2396 ar-

2024 2420 2221 2477 borem
2254 2422 2514 2477 conversi
2547 2421 2743 2478 fabula
2772 2425 3024 2480 absurda
3055 2425 3215 2482 flant.

268 2517 452 2591 ὥσπερ
501 2515 730 2590 ἐραστὴς
761 2523 862 2586 τῆς
916 2514 1197 2591 ἐρωμένης
1241 2513 1612 2588 κλεπτόμενος
1647 2519 1662 2546 ⁸
1715 2515 1789 2576 ὡς
1827 2511 1934 2589 ἐγὼ
1984 2506 2200 2566 δέδοικα
2242 2511 2320 2582 μή
2365 2531 2417 2564 τι
2447 2509 2537 2565 καὶ
2586 2511 2755 2576 πάθος
2785 2513 2812 2567 6
2863 2514 2986 2587 περὶ
3031 2514 3090 2568 σὲ
3135 2515 3304 2577 πόθος
3355 2515 3666 2590 ἐργάσηται,

267 2607 357 2660 καί
385 2626 527 2668 τινες
557 2607 658 2676 τήν
691 2604 846 2680 φύσιν
878 2605 1202 2679 ἀμείψαντες
1230 2605 1345 2660 εἶτα
1375 2604 1520 2674 ξένον
1556 2606 1722 2676 μῦθον
1755 2603 2106 2678 γεννήσωσιν,
2139 2597 2296 2660 ἄνθος
2335 2597 2372 2667 ἢ
2406 2595 2620 2674 δένδρον
2650 2601 2947 2674 γενόμενοι.

271 2701 346 2751 Ex
395 2699 493 2748 τοῦ
541 2694 616 2755 εἷς
671 2692 993 2750 Ἀνατόλιον
1039 2693 1306 2768 ὕπαρχον.
1339 2725 1409 2735 --
1445 2693 1521 2750 Τὸ
1572 2690 1893 2766 Προοίμιον.

336 2783 606 2858 Ἀχιλλέα
662 2785 790 2856 παρ’
842 2785 1068 2858 Ὁμήρῳ
1125 2783 1286 2861 φόνον
1337 2781 1551 2855 ἑταίρου
1607 2777 1910 2854 δακρύοντα

259 2874 392 2937 Ζεὺς
423 2873 474 2944 ἐξ
509 2871 762 2946 οὐρανοῦ,
796 2870 866 2926 δι’
908 2876 1116 2947 Ἑρμοῦ
1146 2873 1366 2946 πέμψας
1415 2872 1685 2942 σύνθημα,
1718 2868 1906 2924 ὅπλων

259 2960 538 3017 ἐκέλευσεν
593 2961 849 3034 ἅψασθαι.
909 2959 1038 3036 Φέρ³
1092 2958 1184 3015 οὖν
1243 2959 1334 3015 καὶ
1395 2962 1562 3033 ἡμεῖς
1612 2957 1792 3030 ὥσπερ
1850 2953 1911 3012 ἔκ

2007 2691 2088 2744 Ea:
2117 2687 2366 2744 oratione
2393 2689 2457 2743 in
2487 2690 2804 2746 Anatolium
2845 2693 3190 2764 pre/sctum.
3225 2724 3291 2734 —
3323 2695 3653 2752 Exordium.

2087 2779 2317 2852 Jupiter
2346 2797 2444 2852 per
2478 2781 2831 2838 Mercurium
2856 2800 2886 2839 e
2916 2785 3058 2841 cmlo
3089 2789 3366 2843 tesseram
3401 2788 3662 2856 mittens,

2019 2868 2178 2940 apud
2211 2869 2548 2938 Homerum,
2567 2871 2747 2940 jussit
2766 2871 3054 2929 Achillem
3077 2875 3218 2931 socii
3243 2891 3444 2932 casum
3469 2877 3666 2950 deplo-

2021 2962 2244 3016 rantem
2277 2975 2441 3014 arma
2471 2975 2717 3016 sumere.
2745 2962 2999 3033 Agedum
3033 2979 3167 3036 ergo
3199 2964 3372 3021 etiam
3399 2982 3506 3022 nos
3537 2972 3664 3022 tan-

255 3072 404 3112 τινος
437 3047 638 3105 ἄνωθεν
689 3049 957 3124 ῥεύματος
1009 3050 1083 3111 είς
1122 3051 1428 3125 πανήγυριν
1475 3048 1538 3102 τὸ
1586 3046 1756 3111 πάθος
1807 3046 1905 3103 λύ-

2022 3065 2199 3120 quam
2232 3047 2448 3105 cmlesti
2475 3048 2672 3121 aliquo
2703 3049 2958 3123 impulsu
2983 3051 3042 3108 in
3075 3053 3385 3112 festivitate
3407 3055 3663 3113 dolorem

263 3159 468 3210 σαντες,
501 3143 579 3212 τῷ
633 3140 941 3216 μουσηγέτῃ
985 3140 1362 3214 χορεύσωμεν.
1397 3139 1548 3212 Θήρα
1577 3135 1768 3212 γέγονε
1802 3143 1902 3206 τῆς

263 3227 535 3304 ἡμετέρας
573 3228 771 3304 τέχνης
809 3229 836 3282 6
891 3225 1053 3302 μέγας
1097 3226 1367 3301 ὕπαρχος.
1402 3225 1474 3282 Οὐ
1527 3226 1696 3298 μῦθος
1736 3230 1908 3280 ταῦτα

265 3315 389 3373 οὔτε
421 3317 638 3372 Ἀττικᾶ
675 3315 1056 3391 κομψεῦματα,
1091 3317 1236 3386 ξένος
1279 3313 1337 3370 ἐκ
1376 3309 1574 3386 Θηϐῶν
1623 3313 1904 3385 Διόνυσος,

269 3403 542 3462 Ποσειδὼν
603 3403 832 3481 ἐραστὴς
878 3405 984 3459 ἀπὸ
1031 3409 1126 3459 τοῦ
1175 3405 1440 3478 κύματος,
1475 3405 1564 3459 οἷα
1617 3403 1754 3459 κατᾶ
1809 3409 1910 3474 τῆς

268 3495 490 3556 πόλεως
519 3496 770 3557 Λάκωνες
803 3493 1110 3564 παίζουσιν,
1131 3493 1258 3549 ἀλλ’
1288 3493 1490 3564 ἀληθὲς
1524 3491 1810 3568 ἐντόχημα
1837 3493 1906 3567 ¹⁵,

267 3583 414 3640 ἀλλὰ
461 3583 680 3639 παιδεία
727 3584 816 3638 καὶ
864 3583 1049 3657 νόμοι,
1091 3584 1214 3657 ῥίζα
1251 3587 1358 3637 τῶν
1409 3584 1619 3660 ἀγαθῶν
1671 3582 1760 3637 καὶ
1805 3604 1910 3656 μη-

269 3671 560 3749 τρόπολις.
617 3672 786 3734 Αὐτός
843 3693 900 3726 τε
957 3671 1169 3749 φυτεύει
1225 3677 1304 3745 τῷ
1357 3673 1510 3749 (ρυτῷ
1575 3671 1755 3743 τοῦτῷ
1811 3673 1909 3740 τὴν

267 3763 461 3818 ἑαυτοῦ
506 3763 717 3837 ψυχὴν,
748 3761 970 3818 Ἀττικὰ
1019 3758 1266 3836 ἐπάρδων
1309 3761 1374 3814 τὰ
1421 3759 1651 3834 νάματα.
1689 3759 1802 3816 Ἀεὶ
1853 3757 1910 3815 δὲ

267 3853 334 3906 τὰ
368 3854 412 3891 1⁵
449 3851 590 3907 καλὰ
619 3851 836 3922 σπάνια,
868 3850 958 3906 καὶ
991 3847 1144 3921 δόξαν
1179 3849 1438 3906 ἀθάνατον
1478 3854 1596 3912 τοῖς
1637 3847 1910 3904 ἐπινοοῢσί

268 3942 664 4016 προμνώμενα.
725 3945 948 4016 Πρῶτος
1004 3940 1099 4013 μὲν
1159 3939 1186 3994 6
1245 3939 1408 4016 σοφὸς
1465 3939 1797 4014 Ἀνάχαρσις
1853 3937 1914 3994 ἐκ

271 4033 492 4086 Σκυθῶν
521 4029 686 4099 ἦλθεν
721 4029 796 4092 εἷς
821 4027 1122 4100 Ἕλληνας,
1151 4033 1365 4105 πρῶτος
1395 4025 1452 4082 δὲ
1475 4025 1664 4102 Πέλοψ
1693 4025 1910 4098 Λυδῶν,

266 4123 392 4194 [613
417 4122 510 4194 Η.]
537 4119 620 4175 ἐπ’
648 4119 920 4174 ἀθανάτων
939 4115 1128 4174 ’ίππων
1151 4118 1287 4174 κατὰ
1308 4115 1559 4191 γαλήνης
1578 4117 1910 4192 ὀχούμενος.

266 4209 366 4264 Καὶ
401 4207 592 4283 μισθὸν
623 4211 724 4273 τῆς
755 4205 1120 4280 καινοτομίας
1152 4201 1422 4280 λαμϐάνει
1455 4203 1640 4261 δοῦναι
1669 4210 1739 4281 τῇ
1789 4205 1909 4280 χώ-

265 4319 334 4374 ρᾳ
356 4297 419 4353 τὸ
449 4297 768 4372 πρόσρημα.
803 4296 906 4353 Καὶ
940 4297 969 4351 6
1005 4297 1100 4370 μὲν
1141 4290 1359 4358 ἔπαινος
1391 4293 1441 4350 ἐν
1489 4293 1766 4370 αἰγιαλοῖς
1807 4292 1909 4355 ἔτι,

2018 3139 2330 3207 solventes,
2365 3138 2612 3211 Apollini
2648 3146 2974 3198 cantemus.
3006 3147 3125 3199 Nos
3173 3145 3389 3201 nostris
3440 3145 3663 3202 artibus

2017 3243 2298 3300 magnum
2330 3228 2500 3284 illum
2533 3229 2859 3302 principem
2893 3231 3178 3303 cepimus.
3213 3235 3336 3289 Non
3371 3235 3492 3289 haec
3523 3239 3663 3291 sunt

2017 3333 2208 3390 nugae,
2237 3321 2340 3374 aut
2369 3318 2540 3374 Attici
2575 3318 2748 3388 sales,
2780 3319 3072 3378 Bacchum
3104 3338 3133 3377 e
3167 3323 3383 3378 Thebis
3411 3324 3664 3395 peregri-

2018 3421 2182 3474 num,
2218 3405 2547 3478 Neptunum
2578 3423 2608 3462 e
2631 3408 2908 3464 ﬂuctibus
2934 3410 3428 3480 amantem,sicuti
3464 3412 3533 3467 ad
3569 3429 3663 3467 ur-

2015 3493 2148 3550 bem
2185 3495 2442 3552 Lacones
2491 3496 2727 3564 ludunt,
2759 3499 2862 3554 sed
2907 3515 3105 3555 verum
3139 3499 3525 3571 colloquium,
3557 3501 3658 3558 sed

2017 3581 2308 3638 institutio
2337 3588 2392 3638 et
2414 3583 2656 3652 sanctio,
2677 3584 2841 3639 radix
2875 3585 3158 3642 bonorum
3193 3591 3248 3642 et
3269 3587 3659 3658 initium.Ipse

2016 3687 2150 3726 vero
2185 3671 2290 3727 hoc
2337 3671 2600 3743 germine
2649 3673 2913 3730 animum
2965 3690 3135 3729 suum
3170 3675 3418 3746 plantat,
3449 3677 3658 3732 Atticis

2019 3759 2272 3832 irrigans
2301 3760 2491 3830 aquis.
2515 3761 2753 3830 Semper
2783 3778 2914 3816 vero
2946 3763 3144 3818 omnia
3169 3763 3416 3834 pulchra
3445 3767 3659 3832 rara,et

2018 3847 2408 3904 immortalem
2430 3848 2677 3920 gloriam
2701 3847 3166 3920 intelligentibus
3191 3849 3660 3906 conciliant.Pri-

2020 3951 2154 3991 mus
2175 3936 2408 4006 sapiens
2435 3936 2790 3993 Anacharsis
2819 3953 2850 3994 e
2880 3937 3116 4010 Scythia
3144 3937 3205 3994 in
3236 3939 3522 3996 Graeciam
3551 3954 3657 3996 ve-

2019 4023 2104 4080 nit
2133 4041 2145 4090 ;
2173 4024 2400 4095 primus
2422 4025 2630 4097 Pelops
2652 4041 2682 4082 ο
2703 4027 2877 4098 Lydia
2900 4027 3334 4084 immortalibus
3357 4028 3417 4083 in
3439 4027 3660 4084 sereni-

2020 4115 2134 4169 late
2163 4117 2360 4169 vectus
2392 4113 2582 4186 equis,
2605 4119 2663 4170 et
2694 4117 3018 4172 mercedem
3044 4133 3199 4173 novre
3223 4117 3528 4173 divisionis
3560 4134 3663 4172 ac—

2020 4203 2182 4274 cipit,
2235 4207 2298 4259 ut
2345 4203 2570 4260 dederit
2613 4204 2835 4278 regioni
2883 4222 3228 4278 cognomen.
3279 4205 3347 4262 Et
3393 4206 3522 4264 laus
3561 4205 3663 4262 illa

2021 4291 2253 4364 quidem
2287 4293 2478 4348 adhuc
2511 4293 2574 4350 in
2620 4293 2920 4352 littoribus
2957 4311 2969 4350 :
3003 4295 3248 4353 ﬂuctuat
3294 4311 3426 4352 vero
3475 4295 3660 4352 oratio

260 4386 548 4462 πελαγίζει
589 4383 646 4440 δὲ
695 4386 722 4440 6
765 4382 1099 4474 λόγοςροῦχ
1137 4383 1280 4459 ὀρων
1326 4383 1498 4474 ὅρμον
1549 4384 1900 4474 φαινόμενον.

2027 4398 2142 4437 non
2173 4381 2373 4440 videns
2422 4389 2652 4454 portum
2701 4389 3100 4457 apparentem.
3133 4385 3432 4458 Optimum
3481 4385 3663 4457 igitur

261 4475 560 4550 Κράτιστον
611 4473 704 4529 οὖν
767 4471 900 4538 ἴσως
946 4473 1114 4529 εἰκόνι
1171 4474 1270 4542 τὴν
1323 4469 1483 4528 τοῦδε
1530 4471 1684 4552 φύσιν
1728 4471 1907 4546 θηράεη

262 4585 448 4636 σαντα,
480 4565 542 4619 τὸ
575 4567 672 4620 τοῦ
723 4561 948 4621 Φειδίου
1003 4563 1370 4637 μιμήσασθαι.
1404 4560 1512 4617 Οὐκ
1559 4562 1746 4639 ἠγνόει
1781 4566 1911 4616 Φει-

263 4651 381 4718 δίας
431 4653 556 4716 ὅσος
601 4657 692 4710 καὶ
733 4653 785 4709 ἐν
837 4654 988 4712 ὃσοις
1028 4652 1056 4706 ὁ
1107 4649 1254 4722 Ζεὺς,
1289 4651 1382 4707 όίτε
1425 4652 1524 4721 τὴν
1576 4652 1762 4728 ψυχήν
1807 4657 1908 4720 τῆς

261 4745 452 4825 χειρὸς
487 4743 816 4823 σοφώτερος.
873 4741 1219 4817 Βουλόμενος
1272 4739 1368 4796 οὗν
1421 4741 1496 4796 ἑνὶ
1539 4743 1769 4814 θηρᾶσαι
1806 4742 1908 4812 τήν

257 4834 384 4894 Διὸς
463 4831 620 4911 οὖσιν
697 4830 996 4906 ἀγάλματι,
1056 4834 1248 4906 χρυσῷ
1315 4829 1548 4904 κεράσας
1617 4827 1908 4910 ἐλέοαντα,

259 4921 500 4983 Ἠλείοις
549 4919 643 4994 μέν
691 4921 785 4975 τὸν
835 4920 1158 4994 Ὀλύμπιον,
1191 4924 1312 4981 τοῖς
1364 4916 1422 4974 δὲ
1461 4916 1654 4980 ἄλλοις
1697 4920 1924 4993 ἀνθρώ-’

256 5031 382 5074 ποις
423 5011 514 5066 τὸν
565 5009 662 5066 Δία
712 5009 878 5065 εἰκόνι
931 5013 1032 5083 μιᾷ
1085 5013 1346 5066 τοσοῦτον
1403 5007 1527 5064 ὅσον
1587 5007 1906 5065 ἐκτυπωσά-

257 5121 441 5178 μενος,
474 5098 680 5156 Ἐθέλω
712 5094 772 5154 δέ
799 5119 884 5155 σοι
926 5099 1087 5154 θείων
1127 5095 1188 5154 ὲκ
1234 5097 1538 5176 φαρμάκων
1577 5097 1780 5172 γράψαι
1810 5097 1902 5151 τὸν

251 5189 452 5245 πίνακα
487 5210 500 5222 ·
534 5185 776 5244 ἔκπλυτα
807 5189 909 5266 γὰρ
941 5185 1158 5263 ταχέως
1187 5185 1376 5263 χρόνῳ
1405 5187 1471 5242 τά
1498 5188 1678 5262 γήϊνα·
1713 5187 1906 5259 Δόγμα

253 5277 312 5334 δὲ
336 5278 426 5334 καὶ
459 5277 612 5350 δόξαν
648 5277 702 5334 εἷ’
725 5300 805 5352 τῳ
832 5275 990 5354 φίλον
1021 5276 1207 5332 καλεῖν
1237 5276 1330 5332 τὸν
1359 5275 1580 5346 πίνακα,
1612 5273 1674 5329 οὗ
1705 5271 1908 5330 διοίσο-

258 5389 355 5444 μαι
410 5372 568 5443 [lilii
624 5371 716 5442 [1.]
748 5363 1000 5426 Ἐπειδὰν
1039 5367 1210 5442 κάμοι
1239 5366 1302 5421 τὸ
1341 5365 1486 5422 πολὺ
1528 5369 1687 5439 σῶμα
1734 5367 1902 5419 τοῦτο

2023 4469 2266 4528 forsitan
2293 4471 2486 4540 fuerit,
2520 4473 2674 4530 hunc
2704 4474 2960 4546 imagine
2997 4475 3126 4546 ejus
3164 4479 3430 4532 naturam
3467 4474 3662 4546 expri-

2021 4565 2298 4628 mentem,
2321 4559 2588 4618 Phidiam
2621 4563 2680 4619 in
2703 4577 2769 4620 eo
2790 4563 3025 4620 imitari.
3049 4564 3171 4620 Non
3199 4565 3507 4637 ignorabat
3530 4563 3661 4618 Phi-

2020 4651 2168 4720 dias,
2193 4651 2328 4724 quis
2359 4655 2415 4707 et
2444 4651 2500 4707 in
2525 4651 2741 4724 quibus
2772 4653 3003 4724 Jupiter
3032 4658 3200 4722 esset,
3221 4653 3444 4710 scilicet
3467 4653 3663 4710 animo

2021 4739 2212 4796 876a
2243 4739 2562 4813 sapientior
2589 4757 2768 4813 quam
2801 4743 3027 4799 dextra.
3050 4742 3306 4815 Cupiens
3335 4743 3518 4814 igitur
3549 4756 3664 4797 una

2019 4827 2275 4902 imagine
2301 4829 2458 4888 Jovis
2503 4829 2803 4904 ingenium
2835 4832 3162 4903 exprimere
3207 4849 3350 4889 auro
3391 4829 3665 4888 commis-

2019 4933 2156 4974 cens
2177 4919 2346 4986 ebur,
2369 4919 2522 4976 Eleis
2543 4920 2776 4991 quidem
2800 4920 3156 4994 Olympium,
3180 4921 3308 4977 aliis
3321 4919 3663 4976 hominibus

2017 5005 2218 5064 Jovem
2252 5025 2370 5064 una
2401 5007 2655 5082 imagine
2695 5009 2890 5080 talem,
2923 5015 2989 5066 ut
3035 5015 3146 5078 est,
3178 5009 3488 5082 efﬁngens.
3519 5006 3661 5064 Volo

2016 5096 2122 5154 tibi
2153 5113 2184 5154 e
2224 5097 2438 5156 divinis
2484 5097 2778 5156 coloribus
2823 5099 3086 5156 tabulam
3134 5099 3395 5172 pingere,
3445 5097 3662 5154 terreni

2017 5189 2174 5244 enim
2206 5187 2430 5244 colores
2477 5193 2738 5260 tempore
2767 5188 3050 5246 eluuntur
3079 5209 3094 5254 :
3149 5188 3500 5247 sententiam
3531 5203 3662 5244 vero

2014 5280 2074 5333 et
2101 5275 2460 5347 opinionem,
2484 5277 2534 5333 si
2564 5279 2658 5334 cui
2688 5277 2878 5350 placet
2908 5278 3212 5335 nominare
3241 5277 3524 5346 tabulam,
3545 5293 3661 5334 non

2015 5365 2384 5421 contendam.
2411 5366 2898 5439 Quandoquidem
2929 5369 2985 5426 et
3007 5367 3152 5424 mihi
3175 5367 3285 5425 hoc
3311 5365 3520 5440 ingens
3539 5381 3664 5425 cor-

1613 5519 1850 5578 νΑιιΙιλΕ
1901 5519 2298 5578 LECTIONES

327 5668 375 5710 “
409 5667 708 5744 Κολυττός]
737 5666 944 5731 κόλπος
974 5669 1036 5728 C.
1109 5667 1157 5704 ‘3
1197 5664 1342 5745 ἔχων
1379 5683 1496 5726 om.
1529 5667 1588 5724 C.
1667 5663 1714 5702 ⁸³
1737 5661 1954 5728 λίθους.
2033 5664 2085 5705 ¹⁴
2113 5664 2408 5740 εὐτύχημα
2445 5668 2508 5727 C.

2588 5667 2633 5705 ¹⁸
2669 5667 2736 5722 τὰ
2766 5674 2894 5742 post
2925 5664 2983 5724 δὲ
3014 5669 3148 5726 add.
3181 5669 3294 5729 AG.
