4066 6216
270 318 422 414 1381

1350 347 1888 410 BIBLIOTHECA.
1935 379 2015 394 -
2059 350 2233 411 COD.
2279 351 2589 415 CCXLIV.

3515 362 3672 425 i382

270 488 365 544 οὖν
399 482 821 547 ἀναϐιϐάσαντες
868 482 930 540 ἐκ
974 484 1143 559 μέσου
1188 484 1282 539 τὸν
1324 481 1511 559 λόγον,
1559 483 1674 538 εἶτα
1724 481 1909 559 ῥυῆναι

2031 484 2078 540 is
2108 485 2353 542 artiﬁcio
2386 502 2492 542 suo
2524 485 2718 542 ebrias
2747 485 2930 559 Lydas
2962 487 3206 546 faciunt.
3230 490 3460 550 Parium
3494 493 3672 568 igitur

268 578 405 633 κατὰ
435 574 643 648 Λιϐύης
676 578 723 613 ³6
752 574 1006 648 ἐάσομεν.
1040 576 1185 644 Νικᾷ
1216 571 1273 627 δὲ
1304 571 1506 639 οὐδεὶς,
1539 571 1624 627 ὄτι
1673 573 1742 628 τὰ
1770 574 1912 627 πάν-

265 689 334 723 τα
364 668 410 703 "
458 666 808 741 θαυμάζεται.
841 662 997 721 ’Λλλ’
1038 664 1065 718 ὁ
1121 658 1285 738 λόγος
1316 662 1419 737 γὰρ
1451 663 1500 699 ³⁸
1535 660 1914 732 ἀκολουθήσας

266 761 347 828 τῷ
394 755 548 829 πόθῳ
597 754 779 828 ὥσπερ
838 752 941 809 τινὶ
997 751 1163 828 βιαίῳ
1221 751 1472 826 ῥεύματι,
1528 756 1727 825 μικροῦ
1783 751 1919 825 πρὸς

268 846 451 920 ἑτέραν
529 842 654 900 ὁδὸν
735 841 1115 917 μετωχετεύθη
1196 841 1517 914 φερόμενος.
1594 842 1757 913 [1144
1827 840 1919 914 IL]

270 934 625 990 Ἐπανακτέον
676 931 767 988 οὖν
811 930 899 987 ἐπὶ
950 926 1157 1000 Λιϐύην
1186 930 1231 965 ²⁹
1261 930 1353 984 τὸν
1393 929 1579 1004 λόγον.
1633 928 1915 1005 Ἠλέγχθη

270 1023 544 1098 Περικλῆς
579 1022 654 1084 εἰς
704 1024 876 1077 πειθὼ
909 1018 1180 1094 δεύτερος,
1231 1017 1486 1094 ἠλέγχθη
1542 1015 1599 1072 δὲ,
1649 1026 1915 1091 Θεμιστο-

268 1112 413 1182 κλῆς
447 1111 523 1175 sic;
571 1112 804 1187 γνώμης
831 1113 1003 1187 ταχος
1053 1104 1424 1183 ἀμϐλύτερος,
1455 1107 1545 1161 καὶ
1580 1106 1808 1162 Πλάτων
1843 1106 1921 1170 εἷς

270 1201 451 1281 φύσιν,
491 1200 581 1256 καὶ
614 1200 807 1255 Σόλων
841 1199 916 1261 εἷς
963 1199 1167 1272 νόμους
1201 1217 1212 1229 ⁸
1246 1198 1334 1251 καὶ
1384 1195 1578 1257 πάντες
1612 1194 1784 1250 ἴσασιν
1834 1195 1916 1249 ὅτι

298 1290 430 1324 νη.
814 1290 1008 1323 ’.ι
1144 1293 1171 1305 ~
1344 1286 1797 1323 ’μεθ’μ.

269 1313 348 1355 εις
390 1312 615 1353 εκαστος
649 1291 725 1355 ὡς
757 1311 947 1363 μονοιι⁵
979 1310 1055 1351 ως
1100 1309 1259 1344 πασιν
1293 1288 1465 1347 οὕτω..
1593 1285 1914 1360 αίαλλεται.

268 1380 329 1436 Τί
360 1377 579 1455 apicis;
612 1379 678 1437 Τί
731 1376 788 1433 δὲ
821 1377 1211 1453 βουλεύσωμαι
1239 1379 1282 1414 ³¹
1313 1395 1326 1444 ;
1378 1378 1663 1450 Ὕπαρχον
1714 1371 1917 1447 πέμψω

266 1467 613 1542 Ῥωμαίοιςς
648 1465 860 1542 χλιδῶν
892 1464 950 1521 δὲ
990 1464 1167 1539 δῆμος
1206 1465 1399 1538 σεμνὸν
1447 1464 1546 1519 οὐκ
1586 1461 1727 1519 οἶδεν
1766 1464 1914 1533 ἡνίο-

266 1576 395 1633 χον.
430 1556 784 1632 Δυσχεραίνει
831 1577 924 1630 μοι
954 1556 1119 1630 τάχα.
1164 1552 1472 1631 Καρχηδὼν
1500 1554 1591 1608 καὶ
1636 1552 1797 1614 πόλις
1829 1551 1915 1607 ἐπὶ

264 1643 476 1718 Λιϐύην
534 1644 605 1701 δι’
663 1645 859 1721 ἀρετήν
919 1666 1051 1701 ποτε
1105 1647 1241 1700 κατᾶ
1308 1645 1531 1716 Ῥώμης
1583 1644 1916 1721 φρονήσασα,

261 1739 429 1801 πόλις
471 1736 704 1794 Ἰταλίαν
762 1739 899 1808 ὅλην
939 1742 1058 1799 τοῖς
1100 1736 1294 1805 ἑαυτῆς
1342 1733 1572 1790 κάλλεσι
1625 1735 1915 1809 βόσκουσα,

2025 576 2346 631 orationem
2380 591 2409 630 e
2450 576 2640 631 medio
2680 576 3004 645 trahemus,
3036 586 3089 632 ot
3126 579 3337 637 deinde
3375 584 3446 638 de
3474 586 3671 641 Africa

2024 663 2206 720 libere
2235 668 2411 719 ﬂuere
2453 662 2878 734 permittemus.
2910 664 3091 721 Nemo
3133 666 3326 737 vincit,
3360 671 3495 741 quia
3539 691 3671 728 om-

2022 751 2116 809 nia
2145 753 2497 819 admiratur,
2530 754 2631 808 sed
2664 754 2846 809 oratio
2877 771 3130 811 amorem
3155 765 3357 813 secuta
3385 763 3669 832 tanquam

2019 840 2345 896 violentum
2380 842 2628 899 ﬂuxum.
2652 844 2866 897 Parum
2890 842 2965 898 ad
2986 843 3156 899 aliam
3181 845 3331 901 viam
3355 847 3545 903 delata
3576 851 3673 906 de-

2022 928 2203 984 ﬂexit.
2240 930 2595 986 Reducenda
2636 930 2815 1002 igitur
2858 931 3044 987 oratio
3089 934 3161 988 ad
3194 934 3470 992 Africam.
3503 936 3671 993 Peri-

2020 1017 2135 1073 cles
2163 1022 2473 1074 accusatus
2506 1023 2595 1075 est
2627 1024 2692 1075 ut
2721 1019 3059 1092 eloquentia
3100 1024 3323 1078 nemini
3353 1028 3667 1093 secundus,

2020 1112 2330 1164 accusatus
2359 1115 2448 1164 est
2477 1107 2924 1180 Themistocles,
2948 1119 3010 1166 ut
3033 1122 3224 1168 mente
3248 1115 3469 1171 tardior
3498 1120 3671 1189 atque

2022 1197 2306 1267 obtusior,
2338 1196 2500 1254 Plato
2546 1205 2784 1270 propter
2816 1199 3139 1271 ingenium,
3173 1202 3243 1258 oh
3280 1203 3440 1276 leges
3471 1206 3670 1279 Solon,

2022 1291 2079 1341 et
2110 1291 2327 1343 norunt
2358 1303 2583 1357 omnes,
2608 1305 3091 1362 unumquemque
3117 1299 3180 1347 ut
3211 1293 3374 1360 solis,
3396 1300 3462 1350 ut
3482 1297 3669 1351 omni-

2022 1374 2134 1431 bus
2165 1376 2249 1432 sic
2294 1376 2606 1432 exsultare.
2642 1377 2789 1442 Quid
2837 1379 3042 1435 faciam
3065 1381 3093 1435 ἒ)
3132 1381 3271 1451 quid
3310 1383 3536 1440 consilii
3570 1402 3668 1440 ca-

2022 1463 2179 1533 piam
2200 1464 2229 1518 ⁸2
2277 1464 2506 1521 Mittam
2538 1465 2746 1520 ducem
2796 1466 3124 1524 Romanis?
3168 1470 3385 1527 Lautus
3418 1473 3667 1544 populus

2023 1553 2285 1608 sobrium
2319 1553 2549 1625 ignorat
2577 1555 2864 1627 aurigam.
2898 1556 3174 1614 Celeriter
3205 1560 3351 1615 mihi
3382 1561 3665 1634 Carthago

2021 1641 2386 1715 indignatur,
2419 1644 2561 1699 urbs
2607 1661 2786 1715 supra
2812 1646 3063 1702 Africam
3112 1648 3184 1703 ob
3234 1649 3505 1706 virtutem
3553 1652 3664 1707 Ro-

2022 1747 2208 1786 mana:
2241 1732 2405 1788 urbis
2436 1732 2666 1801 aemula,
2696 1733 2833 1789 urbs
2862 1738 3044 1791 totam
3070 1736 3301 1794 Italiam
3334 1739 3464 1794 suis
3495 1756 3668 1796 orna-

262 1829 431 1893 πόλις
480 1829 626 1906 παρὰ
664 1832 925 1884 τοσοῦτον
978 1827 1040 1883 οὐ
1090 1827 1282 1903 πρώτη
1329 1827 1457 1897 παρ’
1508 1823 1633 1880 ὅσον
1680 1824 1903 1896 Ῥώμην

2023 1820 2235 1876 mentis
2264 1822 2604 1893 depascens,
2630 1823 2772 1879 urbs
2804 1833 3036 1895 propter
3065 1825 3119 1881 id
3152 1843 3268 1882 non
3300 1827 3510 1899 prima,
3538 1845 3665 1901 pro~

264 1919 600 1995 αἰσχύνεται.
635 1916 941 1974 Κινδυνεύει
978 1938 1070 1991 μοι
1120 1914 1284 1978 πόλις
1340 1915 1576 1990 μεγάλη,
1610 1912 1699 1967 καὶ
1749 1914 1908 1982 ἤπει-

265 2029 359 2083 ρος
410 2009 521 2079 ὅλη
561 2013 827 2084 πονηροῖς
866 2002 1190 2081 κυϐερνᾶται
1237 2011 1354 2067 τοῖς
1397 2002 1556 2077 οἴαξι.
1596 2003 1908 2077 Πέμψωμεν

262 2098 425 2155 αὐτὸν
464 2100 557 2154 τὸν
604 2099 770 2173 μέγαν
806 2106 908 2167 τῆς
952 2097 1111 2168 νίκης
1142 2098 1189 2133 ³²
1238 2096 1490 2171 ἡνίοχον.
1524 2096 1704 2171 Ἔγνω
1746 2098 1912 2149 ταῦτα

267 2186 546 2263 βασιλεὺς,
598 2186 686 2242 καὶ
736 2192 938 2261 χρυσαῖ
985 2192 1333 2264 παραχρῆμα
1383 2182 1568 2240 δέλτοι
1625 2186 1724 2252 τὴν
1774 2183 1913 2259 γνώ-

267 2299 378 2351 μην
410 2274 657 2356 ἔφθανον.
687 2278 947 2333 Ἐνταῦοα
985 2276 1081 2332 τοῦ
1111 2273 1286 2350 λόγου
1315 2271 1624 2351 γενόμενος.

262 2366 320 2422 Τί
378 2371 619 2441 πρῶτον,
671 2366 724 2422 τί
782 2364 830 2421 δ’
887 2360 1071 2421 ἔπειτα
1101 2366 1169 2437 ³³,
1225 2365 1279 2420 τί
1338 2362 1385 2418 δ’
1434 2365 1682 2441 ὑστάτιον
1732 2383 1906 2420 κατα-

1583 2436 1724 2505 λέξω
1749 2455 1763 2506 ;

267 2532 552 2583 Κινοῦνται
616 2531 709 2600 μέν
758 2528 860 2604 γὰρ
915 2525 1254 2605 πανταχόθεν
1311 2525 1370 2580 αἱ
1425 2527 1666 2600 πράξεις,
1703 2523 1794 2579 ἶσα
1851 2522 1907 2579 δὲ

261 2619 453 2688 πάντα,
495 2616 585 2672 καὶ
627 2621 709 2690 τῷ
743 2619 817 2691 μὴ
867 2615 1044 2692 λέγειν
1090 2617 1153 2671 τὸ
1204 2612 1386 2691 λέγειν
1431 2614 1640 2689 ὁμοίως
1679 2611 1903 2689 ἄπορον,

263 2706 348 2762 ὅτι
394 2707 458 2761 τὸ
488 2706 536 2741 3‘
587 2708 681 2779 μὲν
736 2705 938 2776 πλήθει
985 2705 1047 2760 τὸ
1107 2702 1164 2760 δὲ
1214 2705 1423 2780 μεγέθει
1470 2702 1762 2760 κωλύεται.
1797 2709 1903 2759 As-

260 2794 414 2851 κτέον
448 2793 542 2851 οὖν
577 2795 684 2871 οὐχ
715 2794 812 2850 ὅσα
843 2790 1066 2865 ἔνεστιν,
1098 2792 1227 2850 ἀλλ’
1259 2795 1356 2849 ὅσα
1395 2788 1613 2864 ἔξεστιν.
1644 2797 1909 2869 Ὀρῶντες

263 2881 323 2939 δὲ
352 2884 514 2940 αὐτὸν
552 2883 687 2939 κατὰ
713 2887 812 2938 τοῦ
862 2886 1142 2958 χειμῶνος
1172 2885 1217 2919 ³³⁵
1247 2882 1321 2944 ὡς
1349 2882 1487 2938 κατᾶ
1533 2883 1782 2959 γαλήνης
1813 2883 1906 2937 τὸν

262 2971 461 3028 στόλον
530 2972 838 3046 πέμποντα,
906 2972 996 3026 καὶ
1079 2972 1215 3026 κατὰ
1286 2970 1541 3046 κυμάτων
1627 2971 1704 3033 ὡς
1772 2973 1909 3026 κατά

262 3063 513 3136 [61511.]
562 3062 797 3136 λιμένων
850 3061 1142 3136 ἀθύροντα,
1182 3062 1232 3115 οἱ
1287 3061 1382 3136 μὲν
1423 3059 1498 3121 ὡς
1547 3056 1743 3135 δριμὺν
1787 3059 1910 3135 ἐρα-

2020 1914 2148 1981 pter
2175 1910 2329 1981 quod
2363 1914 2599 1966 Romam
2630 1920 2880 1969 veretur.
2904 1912 3265 1971 Periclitatur
3290 1917 3429 1973 mihi
3451 1934 3665 1990 magna

2019 1999 2183 2065 urbs,
2217 2003 2272 2055 et
2305 2003 2422 2055 tota
2451 2001 2760 2057 continens
2784 2000 2935 2058 male
2953 2002 3332 2075 gubernatur.
3362 2005 3664 2064 Mittamus

2020 2087 2217 2159 ipsum
2251 2105 2527 2161 magnum
2567 2090 2818 2147 victorias
2860 2093 3147 2166 aurigam.
3181 2096 3350 2152 Novit
3394 2097 3513 2153 haec
3544 2113 3662 2168 rex,

2020 2181 2079 2234 et
2108 2194 2295 2235 aureae
2325 2179 2519 2236 statim
2550 2180 2778 2238 tabellae
2821 2184 3174 2241 sententiam
3220 2190 3663 2256 praeesserunt.

2019 2266 2166 2322 Cum
2197 2268 2313 2324 huc
2344 2270 2404 2324 in
2435 2268 2697 2324 oratione
2724 2271 3041 2342 venissem,

2090 2354 2234 2425 Quid
2274 2357 2548 2428 primum,
2579 2358 2715 2430 quid
2760 2358 2955 2417 deinde
3000 2377 3224 2433 canam,
3274 2379 3377 2434 quo
3412 2364 3536 2505 [1:223
3571 2366 3658 2473 ξί-

3459 2451 3486 2492 e
3522 2451 3579 2491 ο.

3459 2451 3579 2492 8003

2016 2522 2326 2575 Monentur
2371 2518 2528 2575 enim
2580 2518 2839 2592 undique
2888 2521 3145 2592 negotia,
3194 2523 3415 2594 aequale
3467 2527 3552 2578 est
3610 2529 3664 2578 et

2017 2607 2260 2663 dubium
2291 2608 2482 2663 317a
2502 2624 2668 2680 aeque
2697 2612 2755 2664 et
2786 2625 2900 2665 non
2941 2610 3150 2676 dicere,
3182 2614 3240 2666 et
3270 2612 3461 2667 dicere
3489 2626 3503 2665 :
3552 2610 3662 2666 hoc

2018 2695 2569 2766 multitudine,illud
2605 2712 2735 2754 vero
2767 2698 3171 2768 magnitudine
3194 2699 3661 2767 prohibetur.Di-

2018 2785 2268 2841 cendum
2302 2785 2474 2855 igitur
2503 2802 2616 2843 non
2651 2786 2804 2858 quod
2838 2802 2928 2842 res
2953 2793 3061 2854 est,
3083 2787 3183 2843 sed
3206 2788 3360 2859 quod
3381 2787 3534 2844 licet.
3567 2786 3665 2843 Vi-

2019 2874 2223 2930 dentes
2237 2878 2431 2930 autem
2453 2875 2723 2931 eumdem
2746 2891 2850 2946 per
2874 2880 3107 2947 pratum
3130 2880 3193 2931 ut
3217 2893 3315 2948 per
3335 2876 3665 2948 tranquilli-

2018 2967 2198 3020 tatem
2222 2962 2471 3021 classem
2495 2964 2806 3032 instruere,
2833 2968 2888 3020 et
2910 2964 2967 3020 in
2999 2965 3275 3023 ﬂuctibus
3300 2970 3578 3038 tanquam
3601 2966 3660 3021 in

2022 3057 2194 3123 portu
2228 3051 2539 3122 ludentem,
2563 3052 2624 3108 hi
2655 3052 2890 3125 quidem
2913 3058 3188 3125 tanquam
3222 3070 3409 3111 aerem
3439 3063 3659 3111 amato-

263 3152 394 3220 στήν
428 3148 682 3219 ἐπόθουν,
715 3152 767 3206 οἱ
799 3148 855 3205 δὲ
884 3145 1134 3227 ἔφριττον
1168 3150 1243 3211 ὡς
1291 3154 1422 3204 πᾶσι
1454 3143 1650 3224 φόϐοις
1699 3149 1906 3220 ἀήττη-

2022 3158 2141 3197 rem
2175 3141 2527 3210 desiderant,
2561 3141 2621 3197 bi
2667 3145 2935 3198 metuunt
2963 3147 3241 3215 tanquam
3291 3143 3451 3200 omni
3498 3147 3660 3200 metu

258 3261 374 3300 τον.
436 3247 730 3317 Κρείττονα
786 3242 1014 3316 πομπὴν
1069 3248 1170 3311 τῆς
1231 3240 1527 3315 Ἡφαίστου
1576 3238 1905 3313 ἐπόμπευον.

257 3334 522 3406 Ἀντήχει
576 3329 634 3387 δὶ
682 3330 857 3406 δῆμος
907 3332 1110 3404 κύμασι
1142 3331 1210 3402 ³⁸,
1259 3331 1349 3385 καὶ
1392 3329 1563 3405 ῥοθίῳ
1612 3329 1805 3405 κρότος
1848 3326 1908 3385 ἐκ

265 3417 487 3482 πόλεως
519 3438 533 3454 ο
579 3420 668 3475 καὶ
719 3422 893 3495 ψόφον
944 3417 1218 3490 θαλάσσης
1273 3420 1379 3493 βοὴ
1433 3415 1782 3494 Καρχηδόνος
1823 3417 1909 3487 ἐξ·

269 3507 529 3581 έπληττε.
579 3511 917 3585 Συγγνώμην
957 3505 1014 3563 δὲ
1063 3508 1201 3568 ἅπας
1250 3505 1425 3582 ἐχέτω
1472 3508 1563 3562 καὶ
1603 3506 1775 3586 γέρων
1818 3507 1909 3563 καὶ

262 3598 406 3668 νέος,
442 3600 487 3656 εἱ
535 3598 639 3672 ἔπη
688 3599 991 3678 φθέγγομαι
1023 3598 1101 3635 ³⁷·
1150 3595 1259 3653 οἶδε
1305 3599 1429 3672 γὰρ,
1463 3594 1601 3652 οἶδεν
1650 3594 1786 3674 ἔρως
1816 3598 1908 3653 καὶ

265 3688 435 3767 λόγον
481 3695 656 3746 ποιεῖν
714 3689 1036 3763 αὐτόνομον.
1102 3688 1271 3749 Οὗτος
1311 3687 1470 3742 νόσον
1530 3686 1753 3758 ἐνόσησε
1806 3694 1907 3756 τῆς

266 3781 367 3851 μὲν
427 3780 623 3836 ἑαυτοῦ
678 3780 856 3855 τύχης
918 3778 1157 3852 μείζονα,
1201 3782 1301 3846 τῆς
1362 3773 1417 3830 δὲ
1474 3776 1741 3849 πονηρίας
1802 3775 1910 3855 οὐχ

258 3873 488 3942 ἥττονα.
521 3870 624 3928 Καὶ
676 3870 753 3943 μή
800 3869 1050 3943 θαυμάσῃ
1086 3887 1168 3928 τις
1217 3865 1263 3920 εἶ
1310 3869 1478 3921 ταῦτα
1525 3863 1731 3928 ἐκεῖνος
1772 3864 1910 3920 κατὰ

255 3957 477 4016 τοιοῦδε
526 3956 720 4032 ἀνδρὸς
750 3956 1025 4028 ἐνόσησεν.
1075 3956 1312 4011 ’Άνωθεν
1344 3955 1480 4010 κατὰ
1520 3958 1629 4009 τῶν
1674 3952 1907 4028 ἀρίστων

256 4048 548 4125 ἀρχόντων
579 4053 696 4109 τοῖς
735 4045 987 4103 ἐλάττοσι
1037 4044 1230 4124 φθόνος
1268 4041 1477 4123 φύεται.
1522 4040 1905 4121 Ἐσυκοφάντει

258 4134 532 4213 Περικλέα
590 4134 803 4206 Κλέων,
860 4130 1024 4214 ἔφυγε
1080 4134 1277 4196 Νικίας
1314 4130 1669 4209 Ὑπέρϐολον,
1725 4133 1908 4205 Δημά-

258 4225 361 4300 δης
431 4224 477 4281 δ’
530 4221 707 4302 ἔκρινε
772 4225 1149 4297 Δημοσθένην,
1219 4223 1476 4299 Κλεοφῶν
1540 4216 1905 4293 ’Δλκιϐιάδην

254 4316 543 4395 ἒγράφετο,
600 4315 742 4390 ἀνὴρ
793 4310 1062 4388 ἐλοιδόρει
1121 4310 1494 4386 Θεμιστοκλέα
1546 4310 1799 4389 Σερίφιος
1839 4313 1902 4369 εδ.

256 4412 348 4478 Τῷ
376 4408 475 4482 γὰρ
517 4400 920 4482 ὑπερϐάλλοντι
947 4410 1049 4473 τῆς
1088 4402 1266 4479 τύχης
1308 4404 1718 4480 φθονοῦντες,τὸ
1750 4399 1908 4458 ἐλατ-

2020 3234 2403 3305 superiorem,
2438 3233 2901 3290 excellentiorem
2948 3251 3225 3308 pompam
3273 3233 3438 3290 duxit
3487 3249 3661 3305 quam

2018 3324 2330 3382 Vulcanus.
2363 3326 2573 3382 Contra
2605 3325 2817 3382 ﬂuctus
2858 3330 3029 3381 sonat
3058 3324 3329 3397 populus,
3361 3329 3419 3381 et
3457 3328 3663 3381 contra

2020 3415 2303 3488 impetum
2349 3415 2671 3489 applausus
2719 3432 2788 3472 ex
2831 3416 2997 3484 urbe,
3029 3418 3086 3472 et
3130 3415 3428 3472 fremitum
3480 3413 3663 3472 maris

2019 3505 2494 3578 Carthaginensis
2522 3506 2743 3563 clamor
2766 3505 3094 3578 complevit.
3120 3505 3361 3562 Veniam
3386 3504 3524 3562 dent
3545 3522 3664 3562 om-

2020 3611 2145 3665 nes,
2176 3598 2232 3651 et
2282 3612 2458 3652 senex
2509 3600 2565 3651 et
2598 3596 2857 3667 juvenis,
2891 3595 2939 3650 si
2982 3594 3173 3651 adhuc
3221 3596 3453 3667 loquar.
3484 3594 3665 3650 Scivit

2019 3683 2175 3739 enim
2206 3685 2376 3740 scivit
2418 3700 2584 3740 amor
2614 3685 2932 3739 orationem
2982 3685 3277 3754 propriam
3318 3684 3523 3739 facere.
3556 3681 3663 3738 Hic

2020 3753 2224 3828 morbo
2237 3771 2519 3828 laboravit
2535 3772 2754 3841 majore
2775 3787 2952 3842 quam
2971 3753 3205 3826 fortuna
3219 3786 3324 3826 sua
3344 3774 3660 3841 pateretur,

2017 3858 2329 3930 iniquitate
2360 3875 2475 3914 non
2519 3858 2763 3914 minore.
2798 3857 2862 3912 Et
2910 3872 3043 3912 vero
3077 3873 3244 3913 nemo
3293 3856 3540 3911 miretur
3589 3872 3662 3911 an

2019 3947 2140 4003 haec
2172 3946 2269 4002 ille
2300 3950 2505 4002 contra
2535 3945 2691 4002 hunc
2721 3947 2909 4001 virum
2942 3962 3126 4002 ausus
3160 3945 3476 4002 fuerit.Viri
3500 3944 3660 4014 boni,

2020 4037 2120 4109 qui
2150 4039 2286 4092 ante
2317 4051 2424 4091 nos
2454 4035 2710 4103 fuerunt,
2744 4052 2777 4090 a
2807 4033 2979 4090 malis
3017 4034 3357 4090 hominibus
3401 4034 3662 4090 accusati

2018 4126 2175 4180 sunt.
2207 4123 2513 4177 Accusavit
2545 4120 2825 4177 Periclem
2858 4120 3054 4192 Cleon,
3088 4120 3238 4193 fugit
3266 4118 3661 4192 Hyperbolum

2017 4211 2235 4280 Nicias,
2267 4211 2325 4266 in
2356 4209 2576 4267 crimen
2607 4209 2830 4267 vocavit
2864 4209 3150 4266 Demades
3179 4207 3655 4277 Demosthenem,

2017 4301 2309 4373 Cleophon
2359 4298 2723 4357 Alcibiadem
2782 4299 3144 4372 proscripsit.
3200 4298 3304 4354 Vir
3355 4297 3659 4367 Seriphius

2017 4391 2374 4448 conviciatus
2404 4395 2491 4447 est
2519 4388 2922 4446 Themistocli.
2955 4389 3103 4446 Nam
3136 4388 3235 4461 qui
3266 4386 3660 4446 excellentiori

253 4494 520 4569 τούμενον
562 4503 663 4566 τῆς
716 4493 867 4565 ἀξίας
915 4495 1132 4548 ἀνισοῦν
1185 4493 1367 4567 θράσει
1405 4493 1708 4566 βιάζονται.
1736 4492 1906 4546 Ἔνθα

2022 4482 2263 4537 fortuna:
2284 4480 2568 4548 invident,
2592 4482 2806 4552 cogunt
2838 4478 3091 4535 audaciai
3121 4476 3660 4550 adaequare.Digni-

256 4579 326 4653 δὴ
359 4582 450 4638 καὶ
493 4580 728 4655 μάλιστα
776 4579 969 4652 ἔδειξεν
1000 4579 1125 4635 ὅσον
1170 4580 1232 4635 τὸ
1267 4580 1427 4653 μέσον
1477 4579 1673 4655 ἀρετῆς
1707 4599 1767 4634 τε
1813 4579 1899 4634 καὶ

253 4672 564 4748 πανούργου
591 4670 802 4746 τρόπου
834 4668 1188 4740 καθέστηκεν.

997 4759 1178 4817 ΣΜΔ⁷.

518 4856 627 4920 Τῆς
662 4846 943 4923 Διοδώρου
986 4843 1358 4923 βιϐλιοθήκης
1391 4844 1640 4924 έκλογαί.

324 4940 743 5018 Λνεγνώσθησαν
773 4944 873 5007 τῆς
906 4938 953 4974 ³⁰
998 4934 1279 5013 Διοδώρου
1326 4932 1696 5011 βιϐλιοθήκης
1735 4933 1905 4993 ἄλλοι

248 5051 312 5086 τε
341 5029 503 5105 λόγοι
528 5030 617 5085 καὶ
649 5029 677 5083 ὁ
710 5027 798 5103 λβ⁹
825 5029 915 5083 καὶ
949 5023 1052 5093 λδ’,
1083 5025 1173 5082 καὶ
1215 5026 1243 5080 ὁ
1280 5029 1336 5099 μ’
1368 5027 1415 5063 ⁸ο
1444 5025 1534 5081 καὶ
1566 5026 1594 5080 ὁ
1631 5025 1845 5099 μη’,καὶ
1877 5026 1905 5079 ὁ

2013 4575 2191 4630 tatem
2225 4569 2512 4628 minorem
2542 4569 2775 4627 virtutis
2804 4572 2860 4625 et
2889 4566 3221 4626 calliditatis
3250 4567 3581 4625 constituit.

2694 4750 2973 4809 CCXLIV.

2406 4846 2454 4900 E
2487 4842 2717 4902 Diodoro
2748 4842 2931 4899 Siculo
2970 4842 3267 4913 Excerpta.

2090 4934 2352 4991 Diversos
2381 4948 2413 4991 e
2462 4932 2692 4991 Diodori
2744 4929 3096 4988 Bibliotheca
3123 4929 3240 5001 (55)
3290 4926 3474 4984 libros
3521 4924 3665 4999 legi-

2019 5022 2547 5095 mus,tricesimum
2572 5022 2899 5080 secundum
2923 5015 3312 5093 [tricesimum
3334 5014 3660 5088 quartum],

1631 5152 1876 5209 νΑιιιιΕ
1916 5148 2303 5208 LECTIONES

327 5269 373 5303 "
402 5261 600 5335 λιϐόην
634 5265 695 5322 C.
776 5263 821 5299 ’7
850 5262 1053 5335 πάντα]
1076 5262 1291 5335 πάντων
1320 5264 1378 5318 C.

250 5339 299 5375 ³1
335 5330 707 5410 βουλεύσομαι
887 5407 897 5410 Α
926 5335 974 5410 ί³³²
1000 5330 1182 5407 ν’ίκης]
1214 5330 1372 5410 δίκης

253 5404 685 5467 wernsdorﬂ'us
717 5427 731 5467 :
757 5404 902 5480 libri
927 5404 1219 5480 λειμῶνος.

1479 5261 1659 5367 2815.9
1690 5277 1808 5317 om.
1848 5260 1911 5316 C.

1591 5333 1613 5368 s
1642 5327 1690 5368 ἓν
1720 5335 1853 5368 οηιο
1892 5326 1911 5368 ἓ

1642 5351 1669 5385 Ο

1719 5335 1853 5388 ante
1892 5326 2076 5385 ἔπειτα
2107 5346 2224 5386 om.
2265 5331 2326 5385 C.

1324 5400 1370 5441 ³⁸
1401 5400 1579 5478 δῆμρς
1609 5406 1726 5465 τοῖς
1747 5403 1955 5478 sitmst
1985 5402 2069 5478 ς-

246 5501 423 5560 γομαι
454 5480 539 5553 ς.
613 5479 659 5517 ³⁸
689 5480 824 5537 libri
852 5472 1097 5558 σέριφὸς.
1172 5478 1222 5516 ³⁸
1245 5482 1347 5548 τῆς
1378 5482 1424 5532 Α
1454 5472 1489 5536 ἶ
1511 5473 1573 5531 ἐκ
1599 5481 1700 5547 τῆς
1892 5475 1938 5511 ⁸ο
1964 5472 2053 5529 καὶ
2087 5473 2116 5529 ὁ
2151 5472 2209 5546 μ’
2238 5475 2304 5543 Δ,
2337 5489 2406 5526 κα

2015 5260 2062 5295 ²⁹
2117 5255 2206 5313 ἒπὶ
2236 5256 2336 5336 την
2367 5249 2567 5336 λιϐύην
2596 5258 2658 5313 C.
2753 5254 2807 5336 ‘3?
2836 5254 2912 5336 sic
2942 5285 3013 5294 ——
3041 5252 3244 5336 οϐτως]
3275 5250 3355 5336 οἷς
3389 5249 3661 5336 Reid-tius

2430 5326 2476 5362 ⁸⁴
2499 5322 2580 5397 τῷ
2618 5358 2684 5369 -
2715 5326 2800 5399 τὸ]
2832 5325 2893 5399 τὸ
2931 5357 3005 5399 -ν
3028 5328 3108 5399 τῷ
3146 5328 3205 5380 C.
3226 5322 3242 5324 ⁷
3306 5322 3354 5358 ⁸⁵
3382 5326 3663 5399 χειμῷνος

2435 5340 2476 5362 θ’
2499 5340 2580 5397 τῳ
2618 5358 2684 5369 -
2715 5340 2800 5399 το]
2832 5340 2893 5380 το
2931 5357 3002 5367 -
3028 5346 3108 5397 τῳ
3146 5340 3205 5380 u.
3306 5340 3354 5358 ου
3382 5340 3661 5451 χειμωνος

2435 5398 2794 5544 θὶγγὲιέαὲ
2821 5392 2918 5546 ἔτι
2949 5397 3257 5474 φθέγγομαι
3299 5400 3369 5467 Δ,
3426 5394 3661 5475 πιφθέγ-

2465 5487 2907 5544 μνυιοωηι.

2171 5399 2219 5435 37
2250 5393 2353 5469 ἔπη

1845 5600 2086 5663 NOTAE.

318 5714 441 5789 (55)
472 5713 698 5774 Inserta
727 5710 851 5772 haec
879 5712 942 5771 L.
976 5708 1387 5771 Rhodomanni
1415 5708 1680 5767 editioni.
