4066 6216
178 393 358 452 1385

1297 390 1839 454 BIBLIOTHECA.
1887 427 1963 438 -—
2005 396 2177 456 COD.
2225 395 2524 459 CCXLlV.

3447 413 3604 474 1386

175 527 306 595 Τήν
361 525 419 582 δὲ
474 526 836 582 ἀπολυθεῖσαν
896 530 996 595 τῆς
1051 522 1208 580 νόσου
1252 525 1352 595 την
1408 523 1606 594 ἐσθῆτα
1664 531 1844 603 φορεῖν

1962 545 2066 602 par
2095 534 2203 599 est,
2234 547 2410 603 super
2457 549 2634 589 uxore
2665 534 2902 608 rogitat,
2932 555 3058 609 quae
3093 557 3208 611 prae
3239 546 3456 614 pudore
3488 563 3605 602 non

173 615 529 692 γυναικείαν,
562 615 651 670 καὶ
679 615 778 684 τήν
813 611 992 684 ἄλλην
1037 613 1256 689 ἀγωγην
1308 613 1559 687 οἷ’κουρον
1605 616 1694 670 καὶ
1743 613 1848 671 ὕπ-

177 701 392 780 ανδρον
421 701 803 782 διαφυλάττειν
831 703 900 738 ⁵9⁸
935 700 1387 773 καταδοξάζεσθαι
1416 705 1462 740 ⁶⁰
1501 701 1558 757 δὲ
1604 705 1704 758 ὑπὸ
1742 709 1851 759 τῶν

179 791 521 850 συνειδότων
560 794 660 862 τήν
703 793 1046 866 περιπέτειαν
1096 788 1493 870 ἐρμαφρόδιτον
1543 791 1696 862 εἶναι,
1758 793 1849 848 καὶ

183 886 341 938 κατὰ
397 884 499 952 τὴν
555 881 918 958 γεγενημένην
975 882 1089 954 μετ’
1139 879 1326 955 ἀνδρὸς
1375 876 1702 953 συμϐίωσιν,
1750 888 1852 951 τῆς

181 974 518 1052 κατὰφύσιν
548 972 857 1038 ἐπιπλοκῆς
905 973 1396 1048 ἀντιπραττούσης,
1448 968 1627 1028 δοκεῖν
1677 975 1847 1042 αὐτὴν

179 1071 317 1125 ταῖς
384 1064 691 1139 ἆρῥενικαῖς
739 1068 1173 1142 συμπεριφοραῖς
1217 1059 1662 1134 καθωμιλῆσθαι.
1711 1071 1851 1118 Λαν-

183 1151 469 1224 θανούσης
502 1150 560 1208 δὲ
589 1152 721 1216 τοὺς
760 1151 913 1216 ἐκτὸς
949 1159 1050 1222 τῆς
1101 1149 1389 1213 διαθέσεως
1435 1151 1638 1222 ταύτης
1689 1151 1849 1208 ἐπαν-

183 1240 378 1298 ελθεῖν
405 1241 496 1296 τὸν
527 1237 814 1315 Σαμιάδην
855 1241 946 1296 καὶ
978 1241 1237 1316 (καθάπερ
1278 1242 1343 1310 ἦν
1390 1237 1717 1314 ἐπιϐάλλον)
1745 1243 1845 1311 τήν

181 1332 538 1408 γαμηθεῖσαν
586 1329 883 1400 ἐπιζητεῖν,
945 1329 1006 1385 οὐ
1059 1327 1358 1403 τολμώσης
1408 1327 1454 1384 δ’
1503 1329 1712 1400 ἐκεῖνης
1770 1329 1845 1392 εἷς

179 1416 322 1494 ὄψιν
351 1419 525 1474 ἐλθεῖν
561 1416 648 1474 δια
675 1422 774 1489 τὴν
822 1420 1106 1495 αἰσχύνην,
1145 1420 1236 1474 τὸν
1295 1417 1574 1492 Σαμιάδην
1631 1419 1759 1498 φασὶ
1799 1420 1844 1456 ⁶¹

188 1510 414 1585 βαρέως
458 1508 712 1584 ἐνεγκεῖν.
775 1508 1150 1583 Ἐπικειμένου
1205 1507 1262 1564 δὲ
1319 1509 1698 1588 συνεχέστερον
1756 1510 1846 1565 καὶ

184 1599 557 1660 ἀπαιτοῦντος
595 1600 696 1669 τήν
727 1595 984 1671 σύμϐιον,
1015 1600 1106 1653 καὶ
1135 1603 1234 1654 τοῦ
1265 1600 1469 1674 πατρὸς
1505 1600 1580 1672 μή
1624 1619 1848 1675 συγχω-

187 1691 432 1763 ροῦντος
463 1686 1002 1762 μὲν,αίσχυνομένου
1051 1685 1110 1742 δὲ
1156 1689 1255 1756 τήν
1303 1687 1477 1742 αἰτίαι
1527 1687 1718 1756 εἰπεῖν,
1771 1689 1848 1752 είς

191 1775 340 1853 μέγα
372 1773 563 1847 ηὔξετο
593 1778 628 1845 ἡ
671 1774 924 1856 διαφορά.
960 1780 1294 1852 Ἐπενεγκεῖν
1331 1797 1390 1832 τε
1431 1775 1519 1832 διὰ
1547 1783 1712 1833 τοῦτο
1764 1776 1845 1834 δί-

1958 619 2067 676 fuit
2096 637 2240 677 ausa
2269 638 2621 693 comparere.
2647 625 2810 689 Quod
2832 626 3034 682 acerbe
3058 629 3246 685 ferens
3277 633 3603 706 Samiades,

1959 709 2216 766 instituit
2244 711 2518 782 amplius,
2543 717 2598 769 et
2619 715 2974 770 consortium
2998 733 3130 773 cum
3159 736 3330 776 uxore
3350 739 3457 778 sua
3479 741 3604 791 pos-

1958 798 2205 854 tulavit:
2266 805 2428 870 patre
2469 817 2602 858 vero
2648 809 2946 873 renuente,
3007 811 3063 861 et
3118 823 3354 865 causam
3414 810 3606 868 dicere

1959 888 2354 958 erubescente,
2389 905 2600 962 magna
2629 898 2756 948 orta
2787 899 2875 948 est
2923 897 3236 952 contentio.
3278 898 3480 969 Itaque
3503 917 3604 970 pro

1960 992 2136 1032 uxore
2165 993 2274 1033 sua
2305 994 2504 1035 socero
2535 980 2686 1037 diem
2740 982 2900 1051 dicit,
2934 993 2988 1039 et
3020 989 3084 1040 ut
3113 985 3178 1040 fit
3210 986 3268 1042 in
3300 987 3604 1058 dramatis,

1957 1065 2290 1138 prodigium
2320 1067 2554 1124 fortuna
2602 1070 2661 1126 in
2703 1071 2922 1128 crimen
2953 1075 3253 1134 convertit.
3287 1075 3432 1132 Cum
3481 1078 3606 1148 jam

1949 1153 2182 1226 judices
2231 1155 2656 1226 consedissent,
2708 1167 2761 1214 et
2810 1176 2998 1217 causae
3029 1167 3227 1219 essent
3266 1164 3477 1234 allatai,
3509 1166 3609 1221 ad-

1957 1258 2080 1298 esse
2101 1243 2347 1314 jubetur
2375 1260 2626 1317 persona
2655 1248 2726 1304 de
2747 1265 2860 1319 qua
2880 1254 3287 1310 contendetur.
3319 1254 3452 1310 Jam
3477 1271 3607 1312 vero

1957 1332 2230 1388 dubitant
2251 1333 2502 1404 judices,
2539 1340 2735 1392 utrum
2767 1337 2890 1394 viro
2920 1340 3251 1412 conjugem,
3285 1347 3387 1398 aut
3425 1342 3608 1402 ﬁliam

1958 1422 2107 1493 patri
2140 1423 2478 1493 adjudicent
2511 1441 2525 1492 ;
2557 1430 2799 1482 censent
2830 1429 3065 1485 tandem
3098 1429 3154 1485 id
3183 1431 3487 1488 veritatem
3514 1433 3608 1490 in-

1956 1511 2170 1581 dicare,
2204 1530 2442 1570 uxorem
2493 1515 2615 1572 viro
2661 1532 2788 1573 esse
2819 1519 3277 1591 adjungsndam.
3309 1521 3444 1592 Ipsa
3476 1539 3608 1579 mox

1954 1601 2224 1658 audacter
2251 1611 2470 1660 vestem
2501 1605 2699 1661 fictam
2730 1606 2981 1677 solvens,
3015 1610 3273 1666 ostendit
3305 1611 3496 1684 palam
3530 1613 3612 1668 vi-

1959 1707 2089 1746 rum
2115 1707 2243 1746 sese
2262 1707 2410 1757 esse,
2433 1692 2870 1752 lamentabitem
2899 1698 3110 1754 tollens
3128 1716 3348 1767 vocem,
3374 1702 3443 1757 ad
3467 1702 3606 1772 quid

1957 1789 2230 1850 cogerent
2285 1783 2475 1838 virum
2535 1785 2868 1842 cohabitare
2933 1788 3112 1843 viro?
3183 1790 3608 1861 Obstupescere

186 1887 300 1935 κην
353 1869 434 1937 τῷ
476 1865 639 1941 πατρὶ
691 1853 812 1940 περί
863 1873 962 1936 τῆς
1011 1863 1150 1929 ἰδίας
1192 1866 1470 1943 γυναικὸς,
1522 1873 1622 1936 τῆς
1671 1867 1844 1943 τύχης

1957 1885 2183 1935 omnes,
2229 1875 2284 1926 et
2331 1873 2663 1929 admirabili
2713 1892 2851 1933 voce
2907 1894 2968 1933 se
3029 1879 3326 1949 perculsos
3382 1881 3608 1936 testari.

186 1955 384 2031 ὥσπερ
425 1954 477 2009 ἐν
528 1952 766 2030 δράμασι
814 1958 861 1992 ⁶²
905 1957 967 2011 τὸ
1018 1953 1318 2032 παράδοξον
1367 1962 1466 2025 τῆς
1506 1957 1844 2026 περιπετείας

186 2042 444 2118 ἀγούσης
475 2044 551 2106 εἷς
581 2039 860 2119 ἔγκλημα.
896 2042 1372 2121 Συνεδρευσάντων
1405 2043 1462 2100 δὲ
1501 2051 1607 2100 τῶν
1638 2051 1838 2120 κριτῶν

181 2131 282 2186 καὶ
329 2129 509 2207 λόγων
563 2131 832 2205 ῥηθέντων
888 2139 1248 2208 συμπαρεῖναι
1301 2133 1392 2199 μὲν
1433 2136 1502 2206 τῇ
1558 2133 1730 2208 κρίσει
1777 2135 1842 2190 τὸ

185 2215 712 2298 ἀμφισϐητούμενον
746 2225 926 2294 σῶμα,
971 2219 1248 2298 διαπορεῖν
1299 2219 1356 2277 δὲ
1401 2221 1529 2284 τοὺς
1590 2219 1841 2287 δικαστὰς

183 2310 424 2386 πότερον
454 2313 721 2386 προσήκει
741 2313 832 2368 τὸν
863 2310 1029 2389 ἄνδρα
1059 2320 1159 2383 τῆς
1189 2314 1440 2390 γυναικὸς
1463 2316 1497 2386 ἢ
1528 2316 1618 2370 τὸν
1639 2316 1842 2390 πατέρα

184 2407 297 2470 τῆς
328 2402 592 2477 θυγατρὸς
623 2402 907 2478 κυριεύειν.
944 2403 1117 2480 Πέρας
1165 2407 1272 2460 τῶν
1323 2409 1523 2481 κριτῶν
1577 2404 1840 2478 οἰομένων

190 2489 307 2546 δεῖν
340 2489 659 2546 ἀκολουθεῖν
693 2489 881 2568 τάνδρὶ
911 2495 1011 2563 τήν
1044 2496 1409 2570 γαμηθεῖσαν,
1440 2496 1541 2565 την
1581 2494 1838 2565 ἀλήθειαν

191 2580 527 2660 διασαφῆσαι
558 2583 620 2637 τὸ
647 2585 746 2652 τῆς
778 2581 987 2660 φύσεως
1017 2581 1195 2658 ἄρρεν,
1226 2583 1316 2639 καὶ
1361 2587 1519 2659 θυμῷ
1564 2583 1841 2658 τετολμη-

190 2671 318 2727 κότι
371 2673 472 2740 τὴν
514 2671 1049 2747 καθυποκρινομένην
1110 2671 1310 2743 ἐσθῆτα
1368 2673 1602 2730 λύσασαν
1674 2673 1842 2744 δεῖξαι

192 2765 353 2832 πᾶσι,
395 2761 553 2836 ῥῆξαί
583 2782 641 2816 τε
671 2764 859 2842 φωνην
910 2759 1346 2833 δεινοπαθοῦσαν,
1390 2763 1442 2819 εἷ’
1482 2785 1621 2827 τινες
1676 2765 1844 2839 ἀναγ-

192 2853 422 2921 κάζουσι
457 2857 721 2906 συνοικεῖν
761 2849 912 2922 ἀνδρὶ
963 2849 1292 2928 τὸνάνδρα.
1345 2855 1508 2927 [1148
1554 2856 1642 2927 8.]
1694 2855 1841 2909 Πάνο

192 2961 307 2994 των
368 2937 423 2994 δὲ
478 2939 932 3016 καταπλαγέντων
991 2940 1080 2997 καὶ
1147 2945 1302 3018 φωνῇ
1362 2942 1714 3017 θαυμαζούση
1781 2944 1844 2998 τὸ

195 3026 499 3103 παράδοξον
533 3027 1070 3104 ἐπισημαινομὲνων,
1108 3032 1208 3101 τὴν
1261 3031 1355 3104 μὲν
1408 3029 1637 3106 Ἢραὶδα
1684 3033 1840 3108 φασὶν

194 3117 673 3199 ἀποκαλυφθείσης
723 3126 822 3190 τῆς
882 3120 1148 3195 αἰσχύνης
1229 3122 1698 3199 μεταμφιάσασθαι
1747 3121 1839 3177 τὸ)

195 3215 503 3285 γυναικεῖον
551 3211 759 3284 κόσμον
817 3209 893 3273 εἰς
949 3213 1230 3266 νεανίσκου
1291 3209 1552 3282 διάθεσιν,
1609 3211 1735 3275 τοὺς
1787 3209 1844 3267 δὲ

195 3298 416 3373 ἰατροὺς
452 3297 870 3380 έπιδειχθὲντων
905 3303 1030 3375 [617
1065 3303 1156 3374 [1.]
1197 3298 1380 3364 αὒτοῖς
1421 3305 1529 3357 τῶν
1579 3301 1843 3380 φανέντων

195 3393 394 3466 γνῶναι
427 3388 512 3444 ὅτι
570 3391 967 3464 κατεκέκρυπτο
1025 3392 1071 3428 ⁸³
1123 3390 1279 3468 φύσις
1340 3389 1563 3465 ἄρρενος
1618 3390 1670 3446 ἐν
1720 3391 1844 3464 ᾠει-

199 3476 281 3532 δεῖ
307 3478 355 3513 ⁶⁴
384 3477 536 3551 τόπῳ
569 3479 777 3556 φύσεως
818 3479 1060 3549 θηλείας,
1099 3483 1188 3535 καί
1239 3478 1506 3554 δέρματος
1557 3479 1844 3555 περιειλη-

197 3567 362 3644 φότος
391 3569 539 3642 παρά
589 3568 652 3624 τὸ
702 3569 927 3640 σύνηθες
971 3570 1069 3638 τήν
1124 3569 1281 3646 φύσιν
1329 3570 1619 3644 σύντρησις
1665 3568 1840 3647 ἐγεγέ-

1954 1958 2116 2014 Tunc
2148 1959 2352 2016 Herais
2384 1962 2628 2018 fremoto
2660 1966 2899 2035 pudore,
2944 1966 3170 2022 virilem
3219 1968 3485 2024 habitum
3519 1985 3610 2026 re-

1948 2049 2102 2118 jecto
2122 2049 2370 2106 femineo
2389 2057 3168 2127 memoraturassumpsisse.
3184 2057 3390 2114 Medici
3414 2063 3609 2115 autem

1952 2137 2046 2193 bis
2077 2137 2214 2194 visis
2245 2139 2329 2194 sic
2359 2139 2630 2197 dixerunt
2661 2159 2674 2197 :
2710 2143 2924 2200 Eodem
2957 2145 3081 2202 loco
3112 2151 3167 2202 et
3199 2146 3515 2203 femineum
3548 2151 3604 2203 et

1952 2227 2174 2283 virilem
2207 2244 2410 2285 sexum
2442 2231 2579 2302 tegi,
2629 2239 2681 2286 et
2714 2231 3044 2303 pelliculam
3096 2251 3218 2305 quae
3241 2239 3421 2291 testes
3451 2239 3612 2308 tege-

1953 2321 2059 2387 rct,
2109 2335 2256 2376 novo
2303 2336 2464 2376 more
2509 2321 2764 2391 perviam
2815 2323 3024 2380 factam
3074 2340 3224 2395 esse,
3276 2340 3389 2397 quo
3443 2325 3610 2382 retri-

1953 2411 2152 2463 menta
2182 2411 2400 2463 naturae
2424 2409 2741 2466 transirent
2765 2426 2778 2477 ;
2803 2428 2984 2483 quare
3006 2417 3293 2482 patentem
3326 2413 3493 2469 illum
3517 2412 3606 2468 lo-

1953 2512 2088 2552 cum
2134 2495 2443 2565 obducere,
2495 2507 2548 2555 et
2597 2498 2887 2569 claudere,
2943 2501 3288 2572 virilemque
3337 2507 3606 2557 naturam

1955 2591 2283 2659 promptam
2317 2588 2554 2644 reddere
2585 2590 2765 2645 coacti
2797 2593 2958 2659 sunt,
3009 2591 3285 2647 omnibus
3323 2591 3606 2648 adhibitis

1956 2675 2415 2732 medicamentis.
2433 2677 2633 2733 Herais
2648 2694 2778 2734 vero
2801 2678 3006 2736 induto
3031 2680 3266 2736 nomine
3291 2680 3603 2752 Diophanti

1955 2768 2288 2836 conscripta
2329 2769 2418 2821 est
2455 2766 2605 2822 inter
2645 2768 2888 2838 equites,
2921 2774 2979 2825 et
3009 2769 3278 2825 militaris
3319 2786 3437 2825 una
3465 2785 3602 2826 cum

1955 2869 2089 2926 rege
2119 2855 2275 2910 Abas
2305 2855 2567 2911 secessit.
2603 2857 2766 2912 Tunc
2808 2874 2940 2914 vero
2976 2857 3276 2914 oraculum
3309 2858 3464 2930 quod
3496 2875 3594 2914 an-

1953 2948 2048 3000 tea
2087 2943 2379 2999 occultum
2429 2944 2559 3014 fuit,
2613 2961 2814 3001 verum
2865 2945 3046 3002 fuisse
3101 2947 3392 3019 apparuit.
3453 2947 3600 3003 Nam

1955 3033 2110 3088 Abas
2140 3047 2275 3088 cum
2326 3047 2424 3087 rex
2465 3034 2846 3106 confugisset,
2878 3035 3089 3091 ibidem
3130 3037 3306 3091 etiam
3338 3035 3604 3091 biformis

1873 3163 1916 3230 ρ
1957 3121 2320 3194 Di0pbantus
2341 3122 2471 3178 fuit.
2492 3129 2565 3178 At
2593 3123 2890 3180 Samiades
2913 3126 3064 3196 quod
3089 3126 3274 3181 amori
3299 3124 3604 3196 primoque

1957 3213 2334 3268 matrimonio
2366 3213 2679 3280 serviisset,
2713 3214 2956 3285 pudore,
2999 3218 3057 3269 et
3103 3218 3307 3270 contra
3337 3217 3604 3270 naturam

1957 3301 2146 3358 878!)
2181 3302 2404 3372 nuptiis
2435 3301 2601 3358 initis
2632 3302 2966 3371 afﬂictatus,
2987 3303 3385 3374 Diophantum
3417 3302 3603 3357 haere-

1952 3390 2085 3446 dem
2118 3391 2405 3447 bonorum
2439 3407 2678 3447 suorum
2710 3392 2967 3462 scripsit,
3000 3397 3058 3447 et
3107 3391 3216 3448 sibi
3265 3392 3379 3464 ipsi
3425 3391 3602 3447 vitam

1951 3480 2179 3547 eripuit.
2212 3480 2354 3537 Vide
2402 3482 2694 3552 quomodo
2729 3482 2944 3537 femina
2996 3481 3221 3537 virilem
3255 3480 3518 3537 animum
3548 3483 3608 3535 et

1953 3571 2258 3628 audaciam
2291 3576 2578 3638 assumat,
2610 3580 2664 3626 et
2711 3573 2798 3626 vir
2829 3572 3050 3628 femina
3101 3571 3202 3627 fiat
3233 3571 3603 3628 imbecillior.

197 3678 332 3727 νητο
361 3658 429 3728 ⁸⁵,
475 3656 546 3714 δι’
577 3660 650 3714 ῶν
707 3656 1033 3728 ἐξωδεύοντο
1080 3661 1145 3714 τὰ
1184 3660 1592 3734 περιττώματα’
1654 3656 1843 3734 διόπερ
1897 3660 1989 3716 τὸν
2044 3658 2628 3735 προσεσυριγγωμένον
2671 3660 2840 3714 τόπον
2896 3658 3240 3721 ὲλκώσαντας
3298 3655 3410 3712 δεῖν
3467 3678 3606 3712 κατ·-

199 3746 462 3816 ουλῶσαι,
495 3750 594 3818 τήν
645 3745 702 3804 δὲ
755 3747 950 3825 ἀνδρὸς
990 3749 1145 3827 φύσιν
1203 3747 1468 3822 εὔκοσμον
1515 3751 1849 3820 ποιήσαντας
1901 3748 1994 3805 σὺν
2048 3747 2378 3824 ἐνδεχομένη
2431 3745 2576 3819 δόξαι
2625 3750 2927 3823 κεχρῆσθαι
2977 3749 3024 3783 ⁸⁸
3070 3750 3344 3821 θεραπειᾳ.
3393 3748 3505 3814 Τὴν
3559 3745 3602 3801 δ’

200 3833 426 3902 Ἦραΐδα
497 3839 988 3911 μετονομασθεῖσαν
1051 3837 1340 3917 Διόφαντον
1397 3836 1473 3898 εἲς
1523 3837 1652 3901 τοὺς
1707 3838 1896 3901 ἱππεῖς
1945 3835 2377 3910 καταλεχθῆναι,
2425 3835 2514 3889 καὶ
2577 3835 2670 3889 σὺν
2729 3839 2806 3906 τῷ
2879 3834 3094 3910 βασιλεῖ
3165 3834 3605 3906 παραταξάμενον

200 3925 278 3986 εἰς
308 3925 400 3987 τὰς
430 3921 598 3989 ’Ἄϐας
629 3935 1110 4004 συναναχωρῆσαι.
1146 3929 1248 3990 Διὸ
1297 3929 1386 3982 καὶ
1434 3927 1528 3983 τὸν
1577 3929 1841 4002 πρότερον
1900 3926 2268 4002 ἀγνοούμενον
2328 3927 2586 4004 χρησμὸν
2645 3925 2769 3980 τότε
2817 3927 3128 4001 γνωσθῆναι
3195 3923 3456 4001 φανέντος
3511 3928 3608 3979 τοῦ

205 4012 475 4087 βασιλέως
513 4015 566 4070 ἐν
605 4020 729 4080 ταῖς
758 4013 972 4089 νΑϐαιις,
1003 4019 1122 4072 καθ’
1170 4017 1228 4072 ’ὸν
1285 4016 1454 4071 τόπον
1507 4018 1534 4071 ὁ
1595 4015 1861 4092 δίμορφος
1920 4014 2201 4091 ἐγεγένητο
2251 4015 2316 4072 ⁸⁷.
2371 4015 2478 4070 Τὸν
2541 4013 2598 4068 δὲ
2639 4012 2923 4086 Σαμιαδην
2976 4013 3247 4091 λέγουσιν,
3297 4010 3463 4088 ἓρωτι
3519 4012 3608 4068 καὶ

199 4108 270 4178 τῇ
302 4105 736 4181 προγεγενημένῃ
773 4108 1031 4178 συνηθείᾳ
1089 4103 1525 4179 δεδουλωμένον,
1593 4105 1826 4183 αἰσχύνῃ
1885 4125 1944 4159 τε
1995 4108 2092 4159 τοῦ
2147 4105 2292 4178 παρᾶ
2349 4103 2505 4180 φύσιν
2554 4104 2734 4177 γάμου
2795 4104 3176 4182 συνεχόμενον,
3235 4109 3333 4171 τῆς
3389 4103 3481 4174 μὲν
3515 4102 3610 4157 ού-

204 4191 322 4254 σίας
351 4193 441 4248 τὸν
475 4193 769 4272 Διόφαντον
804 4191 1074 4264 ἀναδεῖξαι
1127 4194 1360 4268 διαθήκῃ
1415 4194 1785 4268 κληρονόμον,
1830 4194 2016 4249 ἑαυτὸν
2065 4191 2121 4248 δὲ
2176 4197 2272 4247 τοῦ
2323 4197 2418 4262 ζῆν
2473 4197 2826 4266 μεταστῆσαι,
2882 4192 3021 4248 ὥστε
3069 4194 3168 4261 τὴν
3224 4192 3320 4265 μὲν
3378 4197 3609 4267 γυναῖκα

201 4282 564 4359 γεγενημένην
619 4281 813 4359 ἀνδρὸς
872 4280 1161 4341 ἀναλαϐεῖν
1213 4282 1368 4356 δόξαν
1417 4284 1507 4340 καὶ
1550 4285 1763 4358 τόλμαν
1819 4287 1885 4355 ⁸⁸,
1941 4283 2032 4338 τὸν
2105 4280 2153 4338 δ’
2209 4281 2376 4356 ἄνδρα
2435 4283 2742 4359 γυναικείας
2789 4286 2974 4358 ψυχῆς
3028 4279 3400 4356 ἀσθενέστερον
3460 4279 3612 4356 γενέ-

205 4375 352 4435 σθας.

280 4458 640 4534 Παραπλησία
700 4459 758 4518 δὲ
819 4462 992 4537 ταύτῃ
1059 4467 1126 4538 τῇ
1186 4460 1416 4518 διαθέσει
1492 4461 1841 4533 συνετελέσθη

2026 4463 2228 4520 Simile
2276 4464 2454 4536 priori
2503 4464 2745 4536 triginta
2795 4467 2926 4536 post
2973 4480 3160 4519 annos
3211 4463 3268 4516 in
3315 4463 3608 4534 Epidauro

212 4549 516 4619 περιπέτεια
542 4553 835 4627 τριάκοντα
860 4548 1030 4608 ἔτεσιν
1064 4552 1284 4628 ὕστερον
1313 4552 1363 4608 ἐν
1407 4556 1476 4626 τῇ
1528 4552 1685 4608 πόλει
1735 4556 1845 4606 τῶν

211 4640 585 4716 Ἐπιδαυρίων.
619 4642 718 4698 Ἦν
747 4642 852 4718 γάρ
880 4662 963 4703 τις
995 4640 1338 4716 Ἐπιδαυρία,
1384 4642 1521 4716 κόρη
1565 4642 1657 4716 μὲν
1709 4643 1846 4696 εἶναι

213 4729 462 4799 δοκοῦσα,
492 4731 694 4804 γονέων
733 4729 789 4786 δὲ
820 4731 1054 4810 ὀρφανὴ,
1087 4731 1291 4788 Καλλὼ
1321 4733 1368 4767 ⁸9
1399 4729 1445 4786 δ’
1477 4727 1673 4804 ὄνομα.
1697 4729 1844 4804 Αὕτη

209 4821 300 4876 τὸν
337 4820 420 4876 ἐπὶ
449 4823 546 4890 τῆς
582 4820 792 4900 φύσεως
840 4819 1289 4898 ἂποδεδειγμέδον
1331 4826 1449 4883 ταῖς
1487 4822 1696 4897 γυναιξὶ
1745 4821 1848 4876 πό-

214 4932 302 4986 ρον
333 4909 562 4984 ἄτρητον
596 4910 765 4986 εἶχιν,
794 4912 939 4984 παρὰ
969 4911 1014 4947 ⁷⁰
1047 4907 1102 4966 δὲ
1130 4911 1223 4966 τὸν
1263 4908 1604 4983 καλούμενον
1653 4911 1699 4946 ⁷¹
1748 4933 1846 4967 συ-

211 5001 570 5077 ριγγωθὲντος
599 5001 646 5036 ’³³
675 4997 735 5055 έκ
765 5007 986 5076 γενετῆς
1025 5001 1119 5062 τὰς
1147 5001 1498 5074 περιττώσεις
1526 5004 1632 5055 τῶν
1665 5001 1846 5076 ὑγρῶν

211 5087 486 5158 ἐξέκρινεν.
521 5087 615 5151 Εἷς
659 5087 716 5143 δὲ
757 5090 859 5158 την
905 5090 1085 5162 ἀκμὴν
1136 5095 1238 5158 τῆς
1283 5086 1504 5158 ἡλικίας
1545 5110 1848 5165 παραγενο-

215 5181 343 5253 μένη
393 5177 692 5252 συνῳκίσθη
741 5179 850 5232 τινὶ
907 5183 1016 5233 τῶν
1066 5177 1333 5233 πολιτῶν.
1387 5185 1550 5248 Διετῆ
1606 5179 1702 5252 μὶν
1753 5177 1847 5234 οὖν

210 5267 406 5343 χρόνον
438 5262 728 5323 συνεϐίωσε
755 5265 966 5342 τάνδρὶ,
1005 5269 1104 5338 τήν
1151 5269 1244 5342 μὲν
1277 5269 1582 5346 γυναικείαν
1621 5267 1848 5325 ἐπιπλοο

1958 4555 2286 4627 prodigium
2321 4554 2584 4627 contigit.
2639 4554 2802 4609 Kallo
2854 4555 3121 4626 quaedam
3157 4553 3264 4608 fuit
3295 4553 3612 4625 Epidauria

1958 4645 2302 4715 parentibus
2333 4645 2559 4711 orbata,
2590 4660 2719 4715 quas
2760 4642 2950 4712 puella
2980 4659 3109 4698 esse
3138 4642 3462 4699 videbatur.
3497 4642 3612 4697 Ha-

1959 4733 2132 4789 bebat
2159 4734 2313 4789 enim
2345 4749 2414 4788 ea
2445 4749 2572 4804 quae
2597 4731 2830 4788 feminis
2853 4736 3064 4787 natura
3080 4730 3383 4796 concessit,
3409 4747 3610 4786 verum

1959 4840 2073 4879 non
2108 4823 2302 4894 pervia
2323 4821 2482 4892 juxta
2511 4821 2669 4876 hunc
2699 4823 2915 4888 locum,
2949 4819 3062 4875 alia
3109 4820 3203 4874 via
3232 4836 3266 4874 a
3310 4819 3611 4874 nativitate

1956 4917 2321 4968 excrementa
2354 4915 2573 4967 naturae
2604 4909 3097 4966 transmittebant.
3121 4908 3208 4964 Ad
3239 4911 3466 4963 (etatem
3501 4924 3614 4963 nu-

1958 5002 2134 5056 bilem
2169 5001 2266 5056 ubi
2299 4999 2672 5072 pervenisset,
2695 4999 2894 5071 nupsit
2923 4997 3156 5054 cuidam
3179 4996 3314 5064 civi,
3337 4997 3604 5068 duosque

1957 5106 2141 5147 annos
2173 5089 2232 5146 in
2269 5089 2638 5146 matrimonio
2671 5105 2804 5144 cum
2833 5089 2954 5144 viro
2983 5085 3191 5159 exegit.
3222 5086 3330 5141 Sed
3360 5088 3607 5156 conjun-

1959 5179 2210 5236 ctionem
2240 5179 2474 5235 feminis
2498 5179 2770 5236 usitatam
2793 5195 2909 5234 non
2933 5177 3274 5239 admittens,
3302 5176 3606 5244 inversam,

1958 5275 2015 5326 et
2061 5278 2262 5326 contra
2311 5278 2580 5326 naturam
2629 5269 2922 5326 sustinere
2969 5265 3190 5323 debuit.
3243 5265 3377 5322 Post
3414 5271 3610 5323 autem

1575 5417 1809 5475 VARIzE
1845 5415 2257 5474 LECTIONES.

286 5537 329 5615 ξι
365 5534 452 5615 ῥπ’
482 5531 650 5615 ἄνδρα
677 5532 974 5615 φυλάττειν·
1019 5537 1079 5592 Α.

217 5609 266 5683 ⁸9
291 5605 518 5683 δράμετι
550 5605 630 5683 PL
691 5605 1192 5683 ’Ἣαταὶιέκρυτῖτο
1223 5612 1280 5661 Β·

218 5682 263 5758 9
290 5677 520 5758 χρῇ-σθαι
552 5677 702 5758 δόξαι
742 5679 804 5752 ς’
813 5723 847 5758 ,ι
901 5679 946 5758 ξ⁷
976 5677 1290 5758 ἐγεγέννητο

1181 5533 1230 5569 ⁸ο
1275 5530 1729 5605 καταδεδοξᾴσθαι
1780 5540 1840 5600 Β,
1869 5528 2208 5605 ,κατεδόξατο
2268 5548 2418 5605 corr.
2477 5536 2543 5605 ᾼ,
2610 5527 3143 5605 καῃδοξάσθαμς.

1385 5609 1432 5643 ⁸⁸
1464 5601 1663 5678 ᾠειδεῖ]
1704 5602 1946 5678 ὁμοειδεῖ
1976 5609 2039 5671 Α,
2085 5601 2329 5678 fortasse
2369 5601 2581 5678 ’ωειδΞί

1455 5671 1499 5713 ⁸³
1530 5671 1750 5749 τόλμαν
1775 5676 1875 5749 καὶ.
1897 5674 2051 5746 δόξαν
2085 5682 2142 5749 B.
2219 5675 2268 5710 ’⁵9
2293 5674 2544 5749 Edidit}.
2622 5675 2668 5709 το
2697 5673 2841 5749 παρὰ
2877 5671 2902 5728 δ

3257 5527 3301 5562 ⁶¹
3351 5527 3493 5602 φησί

2686 5603 2731 5638 ⁸³
2778 5598 3191 5673 σῦνῖρησίς⁷τες
3239 5598 3498 5673 γεγέῡηῖρ
3534 5600 3608 5673 l3-

2940 5621 3060 5670 ησις
3108 5620 3191 5661 τις
3239 5620 3498 5673 γεγενητο
3545 5620 3601 5654 υ.

2907 5620 3080 5728 ςΑΒε
3114 5673 3240 5745 παρ’
3262 5668 3496 5726 αὑτὸνδὲ

219 5753 264 5791 ⁷¹
293 5746 727 5827 ἶαλούμενονΑ,
755 5746 1092 5822 καλούμενον
1124 5751 1281 5804 κτένα
1315 5746 1668 5822 Stephanus,
1707 5747 2046 5825 καλούμενον
2077 5748 2244 5803 τόπον
2433 5747 2480 5783 ’⁷³
2512 5746 2910 5823 συριγγωθέντα
2943 5752 2999 5801 Β.

525 5853 800 5917 ΡΑ-ιιιιοι..
844 5853 959 5916 Gn.
1005 5848 1157 5913 CIII.

3212 5845 3289 5903 44
