2045 3211
239 157 316 187 1387

835 152 965 183 ΡΗΟΤΙΙ
988 151 1253 182 ΡΑΤΒῘΑΗΟΗᾸΞ
1271 151 1329 182 GP.

1858 153 1940 183 1388

235 224 338 252 multis
353 223 503 251 doloribus
519 222 595 250 circa
608 223 723 249 uterum
739 221 842 256 ingens
858 221 951 248 oritur
966 220 1060 253 tuber,

1118 220 1167 253 κήν
1194 219 1242 246 οὐκ
1270 218 1466 257 ὲπιδεχομένη,
1490 219 1541 252 τήν
1571 218 1600 246 δὲ
1628 218 1699 255 παρὰ
1729 218 1809 258 φῦσιν
1830 219 1942 255 ὁμιλίαν

236 269 312 304 quod
328 276 343 295 e
360 267 460 294 multis
477 266 608 298 medicis,
626 265 675 301 qui
692 273 725 293 eo
741 265 952 297 conﬂuxerant,
974 272 1059 292 nemo

236 319 340 339 sanare
356 310 459 346 potuit.
471 309 703 345 Pharmacopola
714 318 780 338 vero
797 309 917 344 quidam
933 317 963 337 se
979 316 1059 336 cura-

235 359 334 383 turum
352 355 494 390 promisit.
511 354 562 382 Hic
588 356 748 382 tumentem
765 354 849 381 illum
869 353 966 381 locum
990 360 1062 388 ape-

234 401 324 435 riens,
348 399 444 427 virilia
460 400 591 427 membra
614 401 641 426 et
666 401 765 431 testes,
790 401 818 426 et
842 397 983 434 virgulam
1005 406 1061 425 non

235 444 365 480 perviam
380 444 448 471 inde
463 444 572 471 eduxit.
587 443 637 471 Rei
649 444 777 470 novitate
793 450 896 470 omnes
912 442 1064 477 obstupes-

235 488 546 524 cunt.Pharmacopola
557 490 619 515 tum
637 487 757 522 reliquis
768 486 900 522 partibus
916 486 993 514 laesis
1005 494 1063 514 me-

236 535 349 562 dicatus
357 536 410 562 est.
420 534 515 561 Primo
524 533 641 569 quidem
650 532 850 560 summitatem
859 532 1061 567 pudendorum

234 587 338 614 parum
355 587 467 613 secans,
490 578 624 613 perduxit
648 585 740 612 usque
761 577 794 604 ad
816 576 930 603 initium
947 577 1059 609 vesicas,

235 627 263 652 et
288 624 417 652 ﬁstulam
444 622 567 650 inseruit
596 625 772 657 argenteam,
793 629 849 656 qua
879 623 1062 648 excrementa

234 668 456 704 pertransirent,
473 667 568 695 locum
594 674 661 694 vero
687 668 753 694 ante
773 668 918 701 patentem
936 665 1061 700 sanavit,

234 716 263 741 et
277 713 399 747 clausit;
412 720 502 748 quare
511 711 565 739 hoc
582 712 644 738 loco
660 713 771 743 sanato,
788 710 933 746 duplicem
951 717 1061 737 merce-

235 757 301 785 dem
326 757 467 792 poposcit,
493 756 586 791 primo
612 755 679 791 quia
704 755 856 782 mulierem
880 754 1063 781 liberasseta

236 802 349 834 morbo,
363 803 391 828 et
406 800 501 828 virum
513 809 547 827 ex
558 808 592 827 ea
610 799 769 835 perfectum
787 799 963 834 perfecisset.
982 798 1062 826 Kallo

233 853 300 874 vero
322 845 398 872 virili
414 848 492 873 veste
516 846 645 880 sumpta,
671 846 699 871 et
722 843 774 870 viri
801 843 930 871 moribus
946 843 1061 878 rejectis

234 890 314 918 radio
326 890 461 922 textorio,
473 891 501 917 et
518 889 674 916 mulierum
687 887 812 924 opiﬁcio,
829 896 888 915 una
904 887 1001 915 littera
1016 895 1064 915 no-
1078 880 1101 912 Β

235 934 307 962 mini
336 935 498 970 adjuncta;
527 933 637 961 scilicet
665 942 693 967 η,
720 932 822 960 Kallon
857 932 981 960 vocitata
1009 936 1061 959 est.

234 979 361 1006 Narrant
373 978 492 1013 quidam
509 977 589 1004 illam
603 980 759 1012 antequam
770 977 798 1003 in
810 976 922 1004 virilem
940 977 1062 1004 formam

237 1024 408 1054 mutaretur.
426 1021 536 1049 Cereris
552 1028 634 1048 sacra
648 1020 718 1048 viris
743 1020 816 1055 ipsis
836 1028 893 1047 non
919 1019 1062 1053 adeunda,

236 1067 353 1100 vidisse,
369 1068 398 1093 et
412 1066 475 1093 ideo
494 1066 649 1099 impietatis
666 1067 834 1092 accusatam
852 1065 954 1092 fuisse.

1116 264 1259 300 ὑπομένειν
1286 264 1500 300 ἀναγκαζομὲνῃ.
1527 264 1602 293 Μετὰ
1629 262 1760 291 δὲταῦτα
1786 264 1947 301 φλεγμονῆς

1115 308 1182 345 αὐτῇ
1197 306 1339 345 συμϐάσης
1360 309 1421 345 περὶ
1437 309 1482 335 τὸν
1499 308 1577 336 κτὲνα
1592 309 1636 336 καί
1655 307 1751 336 δεινῶν
1777 308 1945 347 ἀλγηδόνων

1119 353 1316 391 ἐπιγενομένων
1347 352 1499 388 συνεκλήθη
1538 353 1646 388 πλῆθος
1675 353 1785 391 ἰατρῶν.
1814 355 1861 381 Καὶ
1885 357 1944 382 τῶν

1119 398 1165 433 μὶν
1185 396 1277 425 ἀλλων
1307 396 1395 428 οὐδεὶς
1423 398 1584 435 ὑπισχνεῖτο
1607 399 1776 434 θεραπεύειν,
1798 409 1944 437 εραρμσκο-

1116 442 1215 476 πώλης
1236 442 1264 470 δὲ
1291 453 1333 473 τις
1362 441 1603 479 ἐπαγγελλόμενος
1632 443 1752 480 ὑγιάσειν
1784 439 1863 480 ἔτεμε
1893 445 1943 471 τόν

1117 486 1270 524 ἐπηρμένον
1295 487 1388 519 τόπον,
1419 486 1443 521 ἐξ
1469 487 1552 523 οὗπερ
1578 486 1697 521 ἐξέπεσεν
1719 485 1815 523 ἀνδρὸς
1839 486 1942 523 αἰδοῖα,

1117 530 1226 566 δίδυμοι
1246 531 1290 557 καὶ
1306 530 1407 560 καυλὸς
1423 531 1550 568 ἂτρητος.
1567 530 1679 558 Πάντων
1697 530 1725 558 δὲ
1739 531 1771 558 τὸ
1786 531 1941 569 παράδοξον

1116 575 1355 613 καταπλαγέντων,
1372 575 1385 602 ὁ
1402 575 1631 613 φαρμακοπώλης
1647 573 1755 610 ἐϐοήθει
1770 579 1829 606 τοῖς
1845 576 1943 604 λειιτο⁵

1118 621 1209 656 μένοις
1227 620 1318 656 μέρεσι
1333 623 1383 654 τῆς
1399 620 1561 657 πηρώσεως.
1581 619 1616 646 Τὸ
1634 620 1681 656 μὲν
1708 620 1753 647 οὖν
1776 623 1885 657 πρῶτον
1910 622 1942 648 τὸ

1116 662 1218 690 αἰδοῖον
1236 662 1316 700 ἄκρον
1331 663 1467 700 ἐπιτεμὼν
1486 664 1646 701 συνέτρησεν
1664 664 1702 695 εἰς
1722 664 1768 692 τὸν
1786 665 1941 703 οὐρητῆρα,

1115 708 1160 734 καὶ
1190 708 1280 738 καθεὶς
1306 707 1438 745 ἀργυροῦν
1460 708 1607 735 καυλίσκον
1632 708 1716 745 ταύτῃ
1743 709 1776 736 τὰ
1803 711 1942 745 περιττώ-

1118 763 1189 788 ματα
1208 754 1262 780 τῶν
1284 752 1373 790 ὑγρῶν
1398 752 1548 789 ὲξεκόμιζε,
1572 753 1619 779 τὸν
1646 751 1675 779 δὲ
1701 753 1941 791 σεσυριγγιυμὲνον

1115 797 1197 824 τόπον
1215 797 1336 827 ἒλκώσας
1353 796 1470 835 ἐνέφυσε.
1488 798 1539 825 Καὶ
1551 799 1646 825 τοῦτον
1668 798 1714 825 τὸν
1733 799 1838 835 τρόπον
1867 799 1941 836 ὑγιο-

1115 843 1234 877 ποιήσας
1248 841 1361 869 διπλοῦν
1379 842 1476 879 ἀπῄτει
1500 844 1546 870 τὸν
1574 843 1681 879 μισοόψ
1708 842 1758 881 ἔφη
1782 844 1834 880 γὰρ
1862 844 1939 871 αὖτὸν

1117 884 1315 923 παρειληφέναι
1348 888 1461 922 γυναῖκα
1511 888 1650 921 νοσοῦσαν,

1117 930 1255 957 νεανίσκον
1272 930 1435 967 ὑγιαίνοντα.
1459 931 1491 959 Ἠ
1517 929 1545 957 δὲ
1570 930 1672 958 Καλλὼ
1694 930 1741 962 τὰς
1764 931 1811 968 μὲν
1835 931 1865 958 ἐκ
1888 934 1940 958 τῶν

1118 975 1199 1002 ἱστῶν
1219 973 1341 1012 κερκίδας
1362 974 1407 1002 καὶ
1434 975 1484 1009 τήν
1513 974 1602 1010 ἄλλην
1623 978 1677 1003 τῶν
1702 978 1840 1014 γυναικῶν
1863 976 1941 1003 ταλα-

1118 1020 1256 1056 σιουργίαν
1285 1018 1408 1053 ἀπέθετο,
1439 1018 1628 1056 μεταλαϐοῦσα
1662 1018 1690 1048 δὲ
1718 1019 1817 1057 ἀνδρὸς
1843 1020 1940 1055 ἐσθῆτα

1117 1063 1162 1090 καὶ
1176 1064 1226 1097 τὴν
1248 1062 1336 1098 ἄλλην
1364 1062 1480 1090 διάθεσιν
1504 1065 1701 1100 μετωνομάσθη
1729 1064 1858 1097 Κάλλων,
1882 1065 1939 1095 ’ἑνὸς

1690 887 1884 913 καθεπακὲναι
1913 886 1941 913 δὲ

240 1109 380 1147 στοιχείου
396 1108 440 1136 ἐπὶ
460 1111 501 1145 τῷ
516 1108 589 1135 τὲλει
612 1110 661 1135 τοῦ
689 1108 891 1145 προστεθέντος.
917 1107 1025 1145 Λέγεται
1051 1106 1072 1134 δ’
1091 1108 1141 1134 ὑπό
1161 1118 1242 1134 τινων
1264 1108 1305 1134 δτι
1328 1108 1381 1144 πρὸ
1405 1110 1452 1135 τοῦ
1481 1106 1643 1144 μεταλαϐεῖν
1669 1110 1731 1145 [618
1756 1110 1803 1145 Η.]
1828 1111 1879 1144 τὴν
1905 1111 1939 1142 εἰς

239 1153 324 1192 ἄνδρα
345 1155 454 1192 μορφὴν
483 1153 567 1190 ἱέρεια
594 1156 644 1187 τῆς
675 1154 826 1189 Δήμητρος
855 1151 1009 1189 ἐγεγένητο,
1039 1152 1084 1179 καὶ
1113 1152 1146 1179 τὰ
1173 1154 1233 1182 τοῖς
1263 1151 1370 1189 ἅρρεσιν
1399 1152 1501 1189 ἀόρατα
1531 1151 1625 1180 ἰδοῦσα
1655 1153 1742 1190 κρίσιν
1773 1151 1854 1190 ἔσχεν
1882 1156 1940 1182 ἀπ-

236 1198 322 1231 ϐείας.

271 1246 385 1274 Similia
400 1245 530 1281 Neapoli,
548 1247 577 1272 et
598 1245 663 1272 aliis
684 1245 713 1272 in
740 1245 810 1272 locis
837 1243 965 1280 plurima
986 1244 1061 1271 facta

235 1291 374 1319 dicuntur
389 1290 533 1326 prodigia,
547 1298 602 1317 non
619 1290 696 1324 quod
712 1289 892 1316 masculinua
903 1287 1063 1316 ett'emini-

236 1344 293 1363 nus
308 1343 395 1363 sexus
410 1333 510 1362 819a
526 1334 555 1361 in
572 1334 721 1368 geminum
732 1333 828 1361 locum
843 1333 999 1361 collocatus
1015 1333 1062 1367 sit,

238 1380 315 1416 quod
332 1380 394 1407 ﬁeri
420 1388 477 1407 non
503 1381 608 1415 potest,
624 1387 723 1406 verum
749 1379 817 1414 quia
842 1382 946 1405 natura
966 1377 1065 1412 aliqua

239 1425 370 1453 membra
386 1424 525 1459 corporis,
543 1424 571 1450 in
593 1423 747 1450 hominum
765 1425 925 1458 stuporem,
943 1424 970 1449 et
986 1422 1061 1449 frau-

239 1469 304 1496 dem
322 1468 394 1496 falso
410 1468 565 1495 describat.
593 1468 687 1500 Quare
704 1476 756 1495 nos
773 1467 833 1494 hac
849 1467 934 1502 digna
949 1466 1064 1494 censui-

241 1522 308 1541 mus
324 1521 384 1548 quas
398 1512 501 1539 litteris
513 1520 569 1539 non
586 1511 787 1540 oblectationis
797 1520 885 1539 causa
895 1510 1064 1546 legentium,

241 1558 291 1584 sed
303 1557 436 1584 utilitatis
448 1556 667 1584 mandarentur.
676 1556 761 1583 Multi
772 1556 850 1583 enim
864 1554 1066 1590 superstitiose

1150 1242 1272 1278 Ὁμοίως
1292 1241 1316 1269 δ’
1340 1242 1366 1270 ἐν
1389 1244 1423 1279 τῇ
1448 1243 1586 1271 Νεαπόλει
1607 1245 1653 1271 καὶ
1678 1245 1736 1272 κατ’
1760 1244 1870 1276 ἄλλους
1900 1246 1941 1273 τό-

1118 1297 1184 1316 πους
1201 1286 1328 1317 πλείονας
1345 1288 1366 1305 "
1382 1287 1553 1324 ἱστοροῦνται
1568 1289 1706 1325 γεγονέναι
1726 1292 1852 1317 τοιαῦται
1869 1301 1939 1327 περι-

1119 1331 1231 1366 πέτειαι,
1246 1331 1295 1358 οὐκ
1318 1331 1429 1369 ἅρῥῖνος
1458 1332 1502 1359 καὶ
1528 1332 1640 1368 Θηλείας
1663 1334 1768 1373 φύσεως
1788 1334 1828 1366 εἷς
1849 1334 1940 1372 δίμορ-

1120 1387 1169 1413 φον
1184 1376 1268 1403 τύπον
1284 1376 1307 1393 ⁷⁴
1323 1375 1574 1414 δημιουργηθείσης
1600 1377 1741 1414 (ἀδύνατον
1763 1379 1816 1417 γὰρ
1836 1382 1938 1416 τοῦτο),

1119 1420 1192 1448 ἀλλὰ
1202 1424 1252 1455 τῆς
1263 1421 1367 1460 φύσεως
1379 1421 1422 1448 διὰ
1433 1424 1487 1450 τῶν
1498 1425 1545 1450 τοῦ
1557 1423 1684 1459 σώματος
1698 1426 1788 1462 μερῶν
1802 1426 1882 1461 [1149
1894 1426 1938 1461 8.]

1120 1464 1362 1505 ψευδο-γραφούσης
1392 1467 1429 1497 εἱς
1456 1466 1586 1503 ἔκπληξιν
1612 1468 1657 1495 καὶ
1688 1469 1794 1504 ἀπάτην
1824 1472 1876 1496 τῶν
1899 1470 1940 1496 ἆν-

1120 1511 1247 1546 Ορώπων.
1265 1511 1367 1547 Διόπερ
1380 1511 1425 1537 καὶ
1441 1511 1465 1528 7⁵
1480 1512 1560 1547 ἡμεῖς
1581 1512 1628 1542 τὰς
1654 1512 1824 1549 περιπετείας
1842 1514 1942 1545 ταύτας

1121 1555 1275 1594 ἀναγραφῆς
1306 1556 1473 1592 ἠξιώσαμεν,
1508 1555 1538 1582 οὐ
1573 1558 1756 1595 ψυχαγωγίας
1778 1557 1841 1585 ἀλλ’
1871 1558 1939 1597 ὤιξε-

240 1604 344 1637 putant
359 1601 420 1628 huic
440 1600 573 1636 prodigia
592 1609 665 1635 esse,
691 1608 744 1628 nec
768 1600 864 1628 solum
890 1600 988 1632 rudes,
1014 1599 1062 1626 sed

1122 1600 1197 1630 λείας
1211 1599 1288 1628 ἕνεκα
1311 1603 1364 1628 τῶν
1386 1601 1633 1638 ἀναγινωσκόντων.
1660 1602 1766 1630 Πολλοί
1791 1603 1843 1640 γὰρ
1866 1603 1941 1640 τέρει-

237 1646 324 1673 etiam
341 1645 462 1680 integra;
476 1647 576 1680 gentes
590 1647 617 1672 et
628 1645 722 1671 urbes.
740 1645 828 1672 Fama
839 1647 884 1672 est
897 1645 978 1671 initio
995 1644 1062 1672 belli

237 1689 364 1724 Marsici,
378 1690 462 1724 juxta
479 1689 599 1716 Romam
618 1688 721 1716 Italum
736 1689 894 1724 quemdam
910 1689 1061 1725 Androgy-

237 1743 307 1763 num
322 1742 408 1762 uxore
423 1735 509 1761 ducta
524 1734 668 1769 prioribus
682 1742 738 1761 non
751 1734 1010 1767 absimilem,reum
1024 1734 1063 1761 t'a-

236 1782 317 1808 ctum
334 1779 410 1815 apud
437 1781 572 1806 senatum
595 1778 751 1813 fuisse,qui
775 1778 996 1814 superstitiosus
1021 1778 1063 1805 ni-

236 1825 372 1859 mium,et
381 1833 397 1852 a
413 1824 593 1860 Thyrrhenis
604 1823 787 1859 aruspicibus
801 1823 1064 1859 persuasus,homi-

236 1877 302 1897 nem
311 1868 593 1903 vivumjussitexuri
603 1868 707 1895 Verum
717 1871 837 1896 senatus
845 1869 983 1904 ignorans
991 1876 1063 1896 mor-

235 1914 427 1949 bum,injuste
436 1913 514 1940 hunc
521 1912 627 1940 similis
637 1913 975 1948 participantemquidem
984 1915 1064 1940 natu-

236 1967 284 1991 rai,
309 1966 364 1986 non
382 1965 480 1986 revera
500 1960 596 1985 autem
623 1960 799 1992 monstrum,
816 1957 974 1985 damnavit.
1000 1957 1063 1985 Non

236 2002 328 2030 multo
337 2005 401 2039 post
407 2003 701 2030 Athenienseseadem
710 2003 744 2030 de
751 2010 838 2030 causa
846 2002 1063 2038 morbumigno-

235 2048 646 2084 rantes,quemdamvivumait
653 2048 1061 2083 exussisse.Nuganturetiam

235 2093 352 2128 quidam
365 2093 482 2128 byssnas
496 2093 648 2128 utriusque
664 2094 776 2120 natura:
791 2100 853 2121 esse
865 2093 933 2128 (56),
946 2096 971 2121 et
987 2094 1064 2121 intra

236 2145 346 2165 annum
363 2137 419 2164 sibi
435 2137 557 2165 invicem
573 2137 667 2165 coire:
685 2137 733 2164 sed
752 2145 798 2165 res
815 2139 873 2165 tota
890 2137 972 2165 falsa.
990 2137 1061 2165 Nam

235 2183 389 2216 utramque
406 2184 537 2209 naturam
555 2181 732 2216 simplicem,
755 2183 783 2208 et
806 2190 863 2210 non
890 2181 1061 2217 permistam

236 2225 353 2259 habent,
374 2230 400 2253 et
417 2225 493 2253 male
519 2226 703 2253 tradiderunt
727 2226 758 2260 ii,
775 2227 825 2261 qui
843 2229 949 2254 temere
965 2226 1061 2254 obser-

1116 1655 1148 1671 τα
1177 1645 1209 1671 τὰ
1237 1647 1349 1673 τοιαῦτα
1377 1645 1535 1682 νομίζοντες
1573 1646 1640 1673 εἶναι
1680 1645 1939 1684 δεισιδαιμονοῦσιν,

1118 1689 1166 1716 οὐκ
1186 1688 1292 1717 ἰδιῶται
1310 1690 1392 1726 μόνον
1420 1689 1493 1717 ἀλλὰ
1517 1690 1560 1717 καὶ
1586 1689 1648 1726 ἔθνη
1674 1691 1719 1718 xxi
1744 1691 1852 1724 πόλεις.
1878 1696 1939 1720 Κατ’

1117 1734 1203 1772 ἀρχὰς
1220 1737 1286 1772 γοῦν
1302 1737 1349 1762 τοῦ
1366 1737 1508 1772 Μαρσικοῦ
1523 1735 1648 1772 πολέμου
1664 1735 1786 1772 πλησίον
1802 1742 1853 1772 τῆς
1870 1739 1939 1766 Ῥώ-

1120 1790 1174 1815 μης
1208 1780 1336 1807 οἰκοῦντά
1364 1790 1442 1818 φασιν
1472 1779 1619 1814 Ἰταλικὸν,
1651 1782 1831 1818 γεγαμηκότα
1853 1793 1938 1819 παρα.

1117 1824 1235 1859 πλήσιον
1264 1827 1321 1855 τοῖς
1351 1824 1505 1861 εἰρημένοις
1531 1823 1709 1862 ἀνδρόγυνον,
1738 1828 1937 1865 προσαγγεῖλαι

1117 1871 1151 1905 τῇ
1186 1868 1342 1906 συγκλήτῳ,
1367 1869 1417 1902 τὴν
1447 1867 1475 1896 δὲ
1505 1868 1781 1906 δεισιδαιμονῆσασαν
1808 1872 1854 1898 καὶ
1883 1875 1939 1903 τοῖς

1117 1912 1170 1939 ἀπὸ
1190 1912 1344 1950 Τυῤῥηνίας
1370 1913 1542 1950 ἱεροσκόποις
1562 1915 1714 1941 πεισθεῖσαν
1742 1918 1830 1950 ζῶντα
1859 1927 1941 1953 προς-

1116 1957 1193 1993 τάξαι
1221 1958 1326 1985 καῦσαι.
1356 1959 1455 1985 Τοῦτον
1483 1958 1530 1994 μὶν
1572 1957 1618 1985 οῦν
1658 1959 1754 1995 ὁμοίαις
1789 1971 1938 1996 κεκοινωνη

1117 2002 1183 2029 κὸτα
1203 2001 1318 2040 φύσεως,
1339 2001 1402 2030 ἀλλ’
1418 2001 1448 2029 οἷ)
1473 2003 1542 2040 πρὸς
1567 2003 1695 2039 ἀλήθειαν
1726 2005 1804 2042 τέρας
1832 2017 1942 2042 γεγε-ιη·

1120 2046 1209 2083 μένον,
1231 2046 1308 2084 φασὶν
1337 2046 1432 2084 ἀγνοίᾳ
1457 2051 1506 2082 τῆς
1535 2048 1615 2075 νόσου
1641 2050 1714 2086 παρά
1741 2050 1773 2076 τὸ
1800 2055 1940 2087 προσῆκον

1118 2091 1301 2119 ἀπολωλέναι.
1319 2092 1383 2119 Μετ’
1400 2091 1494 2129 ὀλίγον
1510 2090 1539 2119 δὲ
1564 2092 1609 2120 καὶ
1633 2094 1696 2130 παρ’
1711 2094 1870 2129 Ἀθηναίοις
1895 2098 1944 2122 τοῦ

1117 2135 1243 2162 τοιούτου
1259 2134 1408 2173 γενομένου
1424 2134 1468 2162 διὰ
1483 2137 1532 2171 τήν
1549 2137 1657 2174 ἄγνοιαν
1670 2140 1717 2165 τοῦ
1734 2139 1837 2170 πᾶϐους
1855 2140 1942 2174 ζῶντά

1118 2190 1179 2218 φασι
1195 2180 1217 2198 ’⁷⁵
1237 2183 1415 2214 κατακαῆναι.
1438 2181 1488 2207 Καὶ
1512 2182 1563 2219 γὰρ
1588 2182 1636 2212 τὰς
1662 2183 1685 2200 ⁷⁷
1710 2182 1859 2220 λεγομένας
1885 2184 1943 2211 ὑαί-

1117 2235 1164 2255 νας
1193 2226 1261 2256 τινες
1297 2224 1498 2263 μυθολογοῦσιν
1528 2225 1640 2264 ditem:
1669 2227 1725 2264 ἅμα
1752 2229 1795 2255 καὶ
1831 2228 1943 2264 Θηλείις

235 2272 350 2297 varunt.
368 2269 501 2297 Muliebri
517 2271 598 2297 sexui
616 2270 729 2305 adjacet
744 2271 884 2305 quiddam
905 2270 1001 2298 simile
1016 2278 1061 2298 se-

1120 2269 1264 2307 ὑπάρχειν,
1293 2271 1339 2297 καὶ
1368 2271 1429 2307 παρ’
1456 2270 1577 2298 ἐνιαυτὸν
1603 2271 1730 2307 ἀλλήλας
1751 2272 1873 2312 ὀχεύειν,
1896 2278 1945 2309 τῆς

237 2315 366 2342 cundum
392 2316 526 2342 naturam
553 2314 627 2349 parti
653 2315 740 2349 virili,
766 2317 794 2342 et
817 2315 894 2342 virili
919 2316 1063 2342 contrario

237 2360 324 2387 modo
341 2359 417 2395 quod
434 2359 538 2386 referat
553 2359 680 2394 speciem
693 2359 854 2387 muliebris.
868 2359 932 2387 Haec
948 2360 1064 2395 quidem

236 2405 271 2431 de
282 2404 419 2432 omnibus
432 2403 609 2431 animalibus
622 2411 680 2431 non
692 2403 903 2437 crescentibus,
915 2408 939 2431 et
952 2405 986 2431 ad
1000 2412 1065 2440 per-

238 2449 345 2477 fectum
372 2449 583 2476 incrementum
608 2448 774 2484 pertingere
803 2457 860 2476 non
889 2448 1063 2482 valentibus,

238 2493 369 2528 quamvis
386 2492 479 2520 multa
504 2494 532 2519 et
556 2492 634 2519 varia
651 2500 749 2520 revera
772 2492 905 2521 accidant
923 2493 1065 2529 prodigia,

239 2537 315 2565 dicta
331 2539 400 2565 sunt
416 2537 452 2564 ad
468 2537 705 2572 superstitionem
722 2537 890 2565 tollendam.

1119 2314 1249 2349 ἀληθείας
1271 2314 1324 2351 οὐχ⁸
1337 2313 1423 2345 οὕτως
1440 2314 1569 2352 ἐχούσης.
1591 2317 1735 2353 Ἑκατέρου
1750 2318 1802 2355 γὰρ
1833 2320 1883 2346 τοῦ
1898 2320 1945 2356 γέ·-

1118 2369 1181 2389 νους
1212 2358 1301 2393 ἁπλῆν
1331 2356 1444 2396 ἔχοντος
1474 2360 1518 2387 καὶ
1553 2360 1728 2397 ἀνεπίμικτον
1763 2363 1813 2397 τὴν
1856 2364 1944 2403 ῳῦσιν,

1119 2403 1304 2440 προσώρισται
1333 2403 1364 2430 τὸ
1393 2405 1601 2443 ψευγογραφοῦν
1628 2405 1674 2432 καὶ
1702 2408 1943 2445 παρακρουόμενον

1118 2448 1181 2478 τοὺς
1199 2447 1259 2485 είγῇ
1285 2449 1463 2485 θεωροῦντας·
1485 2450 1519 2485 τῇ
1548 2450 1594 2485 μὲν
1620 2450 1668 2486 γὰρ
1691 2451 1716 2467 ⁷⁸
1737 2450 1839 2487 θηλείᾳ
1864 2454 1944 2490 πρόσι

1119 2492 1204 2520 κειταί
1220 2503 1246 2519 τι
1265 2494 1334 2519 κατὰ
1348 2493 1396 2527 τήν
1418 2493 1495 2532 φύσιν
1523 2495 1695 2534 παρεμφερὲς
1719 2495 1812 2533 ἇρῥενι
1846 2499 1944 2535 μορίῳ,

1120 2539 1159 2572 τῷ
1183 2536 1212 2564 δὲ
1234 2536 1324 2574 ἄρρενι
1348 2537 1415 2564 κατά
1443 2538 1474 2564 τὸ
1498 2536 1616 2566 ἐναντίον
1642 2538 1758 2579 ἔμφασις
1783 2541 1807 2559 7'
1833 2542 1943 2576 Θηλείας

240 2581 355 2619 φύσεως.
372 2581 399 2609 '0
425 2579 448 2607 δ’
478 2580 557 2612 αὐτὸς
588 2580 673 2618 λόγος
705 2581 750 2608 καὶ
780 2581 822 2608 ἐπὶ
850 2591 958 2608 παντων
987 2583 1040 2609 τῶν
1079 2582 1167 2616 ζώων,
1197 2584 1351 2618 γενομένων
1381 2582 1404 2600 ⁸ο
1432 2582 1480 2618 μὶν
1511 2582 1579 2620 πρὸς
1602 2582 1732 2619 ἀλήθειαν
1759 2585 1880 2614 πολλῶν
1904 2586 1943 2613 ιιιέ

918 2637 1036 2665 VARl/E
1056 2637 1262 2664 LECTIONES.

276 2691 300 2709 ⁷³
321 2690 445 2721 πλείονες
458 2694 487 2718 Β.
526 2691 546 2708 ⁷⁴
562 2691 644 2718 τύπον
661 2691 701 2718 B:
721 2690 805 2718 τόπον
822 2691 862 2721 ς’.

243 2726 267 2745 ⁷9
282 2724 397 2764 ἔμφασις
414 2728 434 2754 Β
449 2732 475 2754 et
496 2735 570 2755 corr.
592 2731 634 2755 ΑΖ
651 2725 783 2765 ἐμφάσεις
880 2727 904 2745 ⁸ο
919 2727 1017 2755 malim
1032 2726 1190 2764 γινομένων.

901 2691 924 2709 ⁷⁵
939 2691 983 2717 καὶ
998 2691 1064 2719 add.
1081 2692 1109 2718 Β.

1149 2690 1171 2708 ⁷⁸
1187 2701 1252 2729 φησι
1362 2692 1383 2709 ⁷⁷
1398 2691 1508 2730 καὶγὰρ
1523 2691 1568 2719 καὶ
1582 2702 1608 2721 τ.
1718 2694 1740 2712 τ’
1760 2695 1814 2733 γὰρ
1833 2696 1899 2726 add.
1916 2697 1941 2723 Β.

280 2822 336 2858 (56)
351 2820 499 2851 Palladius
514 2822 549 2851 de
564 2822 674 2859 hyaenis
690 2822 719 2850 in
733 2822 797 2852 Vita
811 2822 940 2857 Macarii,
956 2824 984 2851 et
998 2776 1318 2859 feriare/Eliusbequius
1333 2822 1362 2852 in
1379 2822 1524 2859 Legatione
1538 2823 1706 2861 Byzantina.
2041 2855 2042 2893 γ

273 3109 309 3122 ευ
320 3110 329 3112 ν
340 3109 382 3120 ῖ-
388 3108 646 3118 -τ-ῇ-
742 3109 754 3124 :
770 3049 2042 3211 Ἠν
