4066 6216
233 335 392 396 1389

232 554 476 630 εἰρήσθω
507 557 643 627 πρὸς
676 551 965 627 διόρθωσιν
999 554 1447 632 δεισιδαιμονίας.

1319 337 1865 401 BIBLIOTHECA.
1918 369 1989 380 ο-
2031 336 2206 398 COD.
2253 336 2557 400 CCXLIV.

223 465 591 523 παντοδαπῶν
649 464 912 538 τεράτων,
967 467 1068 539 μή,
1132 469 1476 546 τρεφομένων
1529 467 1586 526 δέ
1651 467 1742 524 καὶ
1799 466 1877 532 εἷς
1933 463 2145 524 τελείαν
2203 466 2424 540 αὔξησιν
2484 466 2662 524 ἰλθεῖν

3487 336 3644 399 1390

2758 468 2820 522 ού
2880 465 3216 542 δυναμένων.
3283 472 3469 528 Ταῦτα
3554 471 3647 544 μὲν

298 645 360 701 Ὀ
396 646 490 717 μὲν
520 645 611 700 οῦν
645 645 917 719 Διόδωρος
950 649 1086 723 πρὸς
1127 652 1204 720 τῷ
1232 647 1379 704 τέλει
1417 653 1517 705 τοῦ
1564 650 1653 723 λβ⁹
1711 647 1884 726 λόγου

2068 649 2200 704 Haec
2229 650 2517 707 Diodorus
2546 649 2700 706 circa
2728 648 2902 705 finem
2937 647 3067 704 libri
3100 647 3377 704 tricesimi
3407 651 3646 708 secundi

227 739 328 802 τῆς
423 735 728 808 Ἰστορικῆς
804 733 968 790 αὑτοῦ
1044 739 1417 812 πραγματείας
1506 742 1743 795 τοσαῦτα
1811 737 1887 793 δι-

228 823 409 892 έξεισι·
453 825 544 878 καὶ
593 823 757 879 ἄλλοι
820 822 878 879 δὲ
934 823 1184 882 πλεῖστοι
1243 830 1498 890 τοιαύτας
1549 828 1885 905 περιπετείας

235 913 608 988 ἱστορήκασιν.

887 1007 983 1062 Ἐκ
1013 1011 1110 1061 τοῦ
1142 1004 1242 1064 λδ’.

305 1092 393 1153 Ὠς
427 1091 712 1167 Ἀντίοχος
743 1094 770 1148 ὁ
805 1094 1082 1167 βασιλεὺς,
1121 1095 1285 1174 φησὶν
1334 1097 1403 1168 εί,
1455 1095 1771 1172 ἐπολιόρκει
1819 1098 1886 1152 τά

224 1180 609 1255 Ἰεροσόλυμα,
664 1183 715 1236 οἱ
766 1180 822 1236 δὲ
875 1181 1139 1240 Ἰουδαίοι
1184 1184 1354 1260 μέχρι
1411 1185 1504 1258 μέν
1564 1207 1709 1247 τινος
1757 1185 1884 1240 ἀντ-

233 1271 415 1346 έσχον,
475 1269 920 1340 ἐξαναλωθέντων
979 1270 1035 1327 δὲ
1087 1278 1194 1328 τῶν
1267 1272 1589 1345 ἐπιτηδείων
1637 1275 1883 1330 ἁπάντων

229 1360 643 1436 ἠναγκάσθησαν
692 1361 815 1434 περὶ
867 1358 1167 1424 διαλύσεως
1221 1358 1766 1438 διαπρεσϐεύσασθαι.
1817 1364 1883 1421 Οἱ

230 1445 286 1502 δὲ
316 1450 541 1510 πλείους
582 1449 728 1522 αύτῷ
768 1455 875 1504 τῶν
923 1448 1101 1526 φίλων
1147 1447 1532 1508 συνεϐούλευον
1581 1453 1715 1508 κατά
1761 1453 1886 1528 κράο

225 1558 320 1599 τος
349 1537 590 1611 αἱρήσειν
634 1540 734 1607 τὴν
782 1538 942 1594 πόλιν
1000 1542 1090 1595 καὶ
1137 1541 1201 1596 τὸ
1249 1541 1401 1618 γένος
1451 1541 1619 1616 ἄρδην
1671 1540 1882 1597 ἀνελεῖν

232 1632 341 1684 τῶν
377 1625 676 1683 Ἰοδδαίωνο
726 1629 930 1702 μόνους
979 1630 1082 1705 γάρ
1136 1630 1384 1686 ἁπάντων
1437 1630 1602 1687 ἐθνῶν
1652 1633 1882 1688 ἀκοινω-

234 1718 433 1788 νήτους
466 1717 599 1772 εἶναι
631 1724 732 1787 τῆς
773 1713 905 1792 πρὸς
939 1718 1082 1775 ἄλλο
1124 1717 1270 1783 ἔθνος
1329 1719 1605 1793 ἐπιμιξίας
1653 1722 1742 1776 καὶ
1792 1742 1889 1776 πο-

235 1805 464 1878 λεμίους
529 1801 935 1878 ὑπολαμϐάνειν
994 1808 1218 1870 πάντας.
1262 1807 1639 1865 Ἀπεδείκνυον
1691 1808 1749 1865 δὲ
1794 1810 1885 1866 καὶ

239 1896 364 1957 τοὺς
395 1896 703 1971 προγόνους
743 1895 919 1951 αὐτῶν
967 1897 1042 1958 ὡς
1091 1893 1303 1960 ἀσεϐεῖς
1365 1899 1454 1952 καὶ
1517 1901 1885 1973 μισουμένους

1998 736 2372 793 Historiarum
2395 736 2938 810 prosequitur,licet
2967 739 3142 793 etiam
3174 736 3292 805 alii,
3324 746 3380 794 et
3409 739 3648 810 plurimi

1997 827 2068 881 de
2096 825 2381 898 prodigiis
2412 825 2757 898 scripserint
2787 826 2923 900 (57).

2411 1017 2494 1072 Ex
2527 1015 2672 1073 libro
2702 1017 2979 1074 tricesimo
3011 1023 3229 1090 quarto.

2064 1103 2392 1174 Obsidenti,
2427 1105 2638 1176 inquit,
2667 1107 2954 1164 Antiocho
2987 1107 3106 1178 regi
3142 1107 3552 1177 Hierosolyma,
3583 1124 3649 1163 eo

1996 1207 2187 1263 usque
2203 1193 2391 1249 Judai
2407 1195 2766 1262 restiterunt,
2781 1197 2964 1251 donec
2980 1197 3312 1252 necessaria
3332 1197 3529 1253 omnia
3550 1198 3651 1254 de-

1993 1281 2290 1337 fecissent.
2315 1284 2477 1338 Tunc
2499 1283 2570 1338 de
2591 1284 2994 1356 componenda
3015 1299 3076 1339 re
3097 1283 3318 1357 legatos
3342 1286 3650 1356 miserunt,

1992 1375 2048 1426 et
2079 1386 2178 1427 eos
2211 1371 2516 1443 plerosque
2547 1373 2734 1443 regios
2754 1375 2992 1430 amicos.
3027 1375 3231 1446 Itaque
3251 1392 3491 1432 suasere
3515 1376 3651 1446 regi,

1994 1465 2061 1516 ut
2090 1459 2374 1517 violenter
2415 1461 2618 1518 urbem
2651 1463 2921 1532 dirueret,
2968 1470 3024 1520 et
3053 1473 3283 1537 gentem
3315 1467 3654 1522 Judaeorum

1994 1549 2262 1606 funditus
2291 1557 2591 1610 everteret.
2627 1551 2793 1608 Solos
2823 1554 2980 1610 enim
3014 1571 3114 1610 eos
3159 1570 3288 1609 esse
3318 1554 3418 1625 qui
3462 1554 3655 1611 87θῦ

1998 1655 2132 1694 cum
2165 1638 2292 1695 aliis
2322 1641 2596 1712 gentibus
2623 1641 2766 1697 nihil
2798 1641 3053 1700 habeant
3082 1660 3413 1714 commune,
3437 1648 3494 1699 et
3525 1661 3658 1700 om—

2000 1745 2104 1784 nes
2137 1729 2193 1783 in
2227 1729 2491 1785 hostium
2517 1747 2760 1788 numero
2783 1739 3024 1803 ponant,
3049 1743 3101 1788 et
3119 1734 3341 1788 clarum
3364 1749 3489 1789 esse
3511 1749 3656 1804 quo-

1996 1819 2170 1874 modo
2207 1821 2454 1890 majores
2505 1835 2727 1888 eorum,
2781 1826 2846 1876 ut
2897 1821 3063 1892 impii
3113 1827 3172 1877 et
3209 1823 3594 1878 exsecrabiles
3625 1839 3658 1878 θ.

2000 1907 2114 1962 diis
2144 1923 2215 1962 ex
2244 1907 2405 1963 omni
2438 1912 2685 1980 Egypto
2735 1909 2986 1981 expulsi,
3019 1914 3075 1966 et
3121 1912 3414 1981 quomodo
3447 1911 3657 1981 leprosi

240 1985 342 2040 ὑπὸ
369 1990 476 2040 τῶν
532 1987 577 2021 ⁸²
629 1987 761 2040 θεῶν
809 1985 858 2058 ἐξ
907 1988 1118 2057 ἁπάσης
1163 1994 1262 2056 τῆς
1317 1986 1600 2063 Αἰγύπτου
1657 2011 1886 2068 πεφυγα·

2001 1995 2445 2053 oonfertimloco
2467 1997 2868 2054 mundationis
2898 1999 3055 2054 velut
3076 2000 3404 2055 detestandi
3425 2001 3656 2071 profugi

239 2071 553 2148 δευμένους.
588 2073 731 2137 Τοὺς
781 2075 884 2150 γὰρ
935 2075 1147 2154 ἀλφοῦς
1194 2074 1228 2146 ἤ
1281 2075 1486 2152 λέπρας
1547 2075 1780 2154 ἔχοντας
1833 2081 1885 2137 ἐν

234 2168 351 2224 τοῖς
383 2164 618 2236 σώμασι,
678 2165 962 2240 καθαρμοῦ
1008 2165 1168 2239 χάριν
1225 2166 1302 2228 ὡς
1354 2166 1559 2241 ἐναγεῖς
1609 2172 1891 2244 συναθροι-

231 2254 474 2321 σθέντας,
534 2256 660 2327 [619
722 2256 814 2326 Η.]
877 2255 1200 2329 ὑπερορίους
1287 2251 1673 2326 ἐκϐεϐλῆσθαὶ·
1759 2261 1885 2324 τοῦς

235 2340 290 2397 δὲ
352 2341 718 2416 έξορισθέντας
811 2340 1210 2400 καταλαϐέσθαι
1304 2346 1399 2419 μὲν
1451 2345 1578 2408 τοὺς
1643 2350 1764 2424 περὶ
1823 2349 1890 2405 τὰ

235 2430 596 2504 Ἰεροσόλυμα
624 2433 850 2502 τόπους,
898 2433 1336 2507 συστησαμένους
1382 2432 1438 2489 δὲ
1483 2437 1546 2490 τὸ
1593 2441 1698 2491 τῶν
1750 2439 1887 2495 ’1ουο

234 2521 404 2578 δαίων
435 2523 583 2586 ἔθνος
636 2521 1012 2600 παραδόσιμον
1058 2533 1284 2595 ποιῆσαι
1333 2527 1394 2580 τὸ
1437 2533 1596 2598 μῖσος
1640 2530 1702 2584 τὸ
1749 2532 1886 2601 πρὸς

233 2613 362 2674 τοὺς
419 2613 738 2687 ἀνθρώπους
796 2615 860 2668 ⁸³.
922 2612 1010 2668 διὰ
1067 2619 1230 2669 τοῦτο
1291 2612 1347 2670 δὲ
1404 2616 1452 2652 ⁸⁴
1509 2620 1599 2672 καὶ
1672 2621 1886 2692 νόμιμα

229 2701 518 2764 παντελῶς
564 2701 940 2778 ἐξηλλαγμένα
988 2702 1318 2776 καταδεῖξαι,
1369 2706 1430 2760 τὸ
1484 2705 1674 2779 μηδενὶ
1726 2707 1886 2782 ἄλλῳ

235 2786 371 2846 ἔθνει
402 2790 674 2865 τραπέζης
715 2798 992 2847 κοινωνεῖν
1030 2791 1160 2866 μηδ’
1192 2793 1394 2849 εὐνοεῖν
1434 2797 1497 2850 τὸ
1535 2799 1785 2871 παράπαν
1815 2799 1881 2833 ⁸⁵·

235 2881 580 2953 Ὑπέμνησαν
642 2879 698 2934 δὲ
751 2881 909 2936 αὑτὸν
957 2883 1044 2936 καὶ
1096 2883 1220 2959 περὶ
1268 2888 1364 2938 τοῦ
1413 2883 1810 2960 προγενομένου
1840 2889 1886 2924 ⁸⁸

229 2969 434 3042 μίσους
460 2974 578 3032 τοῖς
609 2977 900 3045 προγόνοις
950 2971 1084 3045 πρὸς
1142 2975 1302 3027 τοῦτο
1345 2974 1408 3028 τὸ
1458 2967 1628 3037 ἔθνος.
1677 2977 1888 3032 Ἀντίο-

227 3077 327 3133 χος
359 3060 465 3135 γὰρ
516 3059 543 3113 ὁ
593 3061 1048 3135 προσαγορευθεὶς
1098 3063 1427 3136 Ἐπιφανής,
1481 3065 1881 3139 καταπολεμή-

231 3169 327 3210 σας
356 3149 486 3208 τοὺς
510 3146 828 3217 Ἰουδαίους,
864 3148 1108 3214 εἷ’σῆλθεν
1143 3151 1218 3213 εἰς
1248 3152 1340 3206 τὸν
1383 3149 1576 3208 ἄδυτον
1605 3159 1702 3209 τοῦ
1749 3160 1882 3210 Θεοῦ

235 3237 425 3306 σηκὸν,
461 3237 520 3291 οῦ
553 3240 714 3308 [1150
745 3239 837 3308 RH]
862 3237 1103 3312 νόμιμον
1137 3237 1351 3294 εἰσιέναι
1385 3241 1550 3314 μόνον
1583 3243 1676 3297 τὸν
1711 3243 1878 3314 ἱερέαο

225 3302 419 3403 εὑρὼν,
451 3325 507 3383 δὲ
553 3302 605 3382 έν
668 3302 1054 3400 αὑτῷηλίθινον
1106 3328 1329 3406 ἄγαλμα
1379 3302 1574 3406 ἀνδρὸς
1631 3302 1954 3408 βαθυιπώ-(Ξ

223 3439 426 3496 γωνος,
456 3419 764 3491 καθήμενον
815 3417 900 3472 ἐπ’
939 3413 1088 3487 ὄνου,
1153 3421 1286 3494 μετά
1343 3426 1538 3496 χεῖρας
1595 3418 1741 3498 έχων
1801 3425 1885 3498 βι-

228 3504 413 3577 ϐλίον,
452 3511 613 3563 τοῦτο
655 3509 749 3580 μὲν
785 3503 1024 3564 ὑπέλαϐε
1054 3508 1330 3572 Μωυσέως
1361 3513 1404 3547 ⁸⁸
1435 3512 1575 3566 εἶναι
1625 3516 1722 3568 τοῦ
1773 3512 1886 3568 κτί-

240 3618 431 3660 σαντος
477 3598 544 3652 τὰ
606 3597 961 3671 Ἱεροσόλυμα
1019 3599 1108 3652 καὶ
1171 3602 1582 3674 συστησαμένου
1612 3603 1674 3656 τὸ
1713 3597 1884 3673 ἔθνος,

231 3687 369 3762 πρὸς
404 3683 460 3740 δὲ
496 3685 710 3747 τούτοις
745 3688 1213 3760 νομοθετήσαντος
1245 3688 1310 3742 τὰ
1337 3692 1694 3762 μισανθρωπα
1725 3690 1814 3745 καί
1843 3694 1888 3729 ⁸⁸

235 3779 528 3851 παράνομα
560 3772 655 3847 ἔθη
687 3783 804 3840 τοῖς
857 3776 1166 3846 Ἰουδαίοις,
1215 3777 1374 3840 αὐτὸς
1429 3776 1486 3832 δὲ
1539 3782 1809 3854 στυγήσας
1842 3782 1889 3819 9°

238 3869 338 3936 τὴν
377 3865 778 3939 μισανθρωπίαν
811 3865 1025 3921 πάντων
1077 3867 1240 3922 ἐθνῶν
1306 3865 1680 3943 ἐφιλοτιμήθη
1723 3890 1886 3925 κατα·

243 3953 498 4010 λῦσαιτά
525 3955 754 4028 νόμιμα·
786 3953 892 4022 ἶδιὸ
939 3960 1017 4026 τῷ
1057 3955 1339 4030 ἀγάλματι
1388 3960 1484 4011 τοῦ
1531 3955 1750 4012 κτίστου
1800 3958 1890 4013 καὶ

238 4049 321 4117 τῷ
356 4043 598 4116 ὑπαίθρῳ
643 4045 818 4118 βωμῷ
847 4049 943 4099 τοῦ
976 4049 1108 4099 Θεοῦ
1145 4045 1386 4119 μεγάλην
1420 4046 1476 4099 ὗν
1520 4045 1682 4110 θύσας
1725 4048 1786 4101 τό
1834 4068 1892 4101 τε

237 4134 384 4206 αἷμα
414 4132 706 4208 προσέχεεν
740 4133 951 4203 αὐτοῖς,
1003 4132 1092 4187 καὶ
1138 4133 1206 4188 τά
1252 4134 1382 4208 κρέα
1415 4134 1671 4197 σκευάσας
1721 4157 1892 4211 προσ-

242 4223 392 4293 έταξε
421 4226 496 4294 τῷ
529 4223 672 4296 [μὲν]
707 4222 812 4276 ἀπὸ
844 4223 1054 4277 τούτων
1086 4227 1260 4296 ζωμῷ
1298 4224 1394 4286 τὰς
1441 4224 1589 4300 ἱερὰς
1636 4226 1813 4280 αὐτῶν
1846 4229 1889 4265 ⁹¹

246 4307 478 4385 βίϐλους
509 4312 599 4366 καὶ
632 4311 993 4386 περιεχούσας
1036 4311 1103 4366 τὰ
1145 4313 1397 4385 μισόξενα
1443 4312 1656 4387 νόμιμα
1702 4315 1895 4392 καταῤ-

249 4401 426 4478 ῥᾶναι,
457 4402 548 4456 τὸν
595 4399 652 4456 δὲ
699 4401 960 4457 ἀθάνατον
1008 4400 1306 4477 λεγόμενον
1361 4404 1490 4478 παρ’
1546 4404 1732 4467 αὐτοῖς
1790 4405 1891 4460 λύ-

254 4511 388 4566 χνον
416 4491 509 4546 καὶ
552 4491 843 4565 καιόμενον
896 4492 942 4527 ⁹²
973 4489 1336 4552 ἀδιαλείπτως
1367 4491 1416 4546 ἐν
1457 4498 1534 4565 τῷ
1577 4499 1686 4566 ναῷ
1730 4515 1894 4549 κατα-

2000 2085 2167 2154 ejecti
2201 2084 2343 2151 sint,
2377 2091 2436 2142 et
2489 2101 2623 2141 mox
2673 2085 3092 2158 Hierosolymis
3143 2088 3266 2144 loca
3295 2089 3660 2144 contermina

1998 2173 2350 2244 abripientes
2365 2175 2513 2230 hanc
2537 2179 2768 2247 gentem
2789 2177 3209 2244 ordinaverint,
3233 2182 3290 2232 et
3309 2177 3505 2232 odium
3519 2193 3653 2249 erga

1999 2279 2204 2320 omnes
2227 2264 2495 2320 homines
2521 2265 2871 2321 induxerint.
2901 2267 3090 2332 Quare
3123 2270 3180 2322 et
3201 2265 3379 2322 aliam
3415 2267 3652 2322 omnino

1999 2353 2125 2408 vitae
2156 2353 2588 2410 institutionem
2623 2355 2950 2426 complecti,
2984 2372 3090 2412 nec
3140 2371 3271 2412 cum
3323 2355 3440 2411 alia
3484 2360 3652 2427 gente

1997 2444 2237 2499 omnino
2259 2443 2404 2499 velle
2437 2443 2757 2512 comedere,
2792 2461 2895 2500 nec
2925 2445 3096 2500 etiam
3128 2443 3272 2500 velle
3294 2444 3648 2500 benefacere.

1995 2533 2081 2586 Ad
2115 2532 2232 2586 haec
2261 2532 2313 2586 ei
2347 2532 2636 2601 majorum
2670 2534 2870 2586 odium
2919 2549 3161 2588 suorum
3195 2548 3330 2603 erga
3361 2532 3516 2586 hunc
3546 2548 3654 2602 po-

1998 2621 2202 2692 pulum
2235 2621 2294 2675 in
2343 2621 2688 2676 memoriam
2725 2626 3088 2677 revocarunt.
3136 2619 3460 2676 Antiochus
3491 2620 3650 2677 enim

1997 2709 2190 2766 dictus
2212 2709 2542 2782 Epiphanes
2593 2711 2833 2766 devictis
2884 2710 3107 2766 Judaeis
3154 2710 3392 2764 intravit
3443 2711 3652 2765 Sancta

1995 2804 2352 2862 sanctorum,
2377 2799 2519 2854 adiit
2550 2799 2691 2854 solis
2722 2799 3121 2856 sacerdotibus
3149 2800 3440 2869 adeunda,
3471 2805 3528 2855 et
3560 2801 3648 2854 in-

1996 2891 2149 2946 venit
2171 2889 2386 2944 ibidem
2412 2887 2704 2960 lapideam
2727 2895 2980 2945 statuam
3005 2889 3110 2944 viri
3130 2889 3312 2945 barba
3334 2887 3648 2960 promissa,

1994 2978 2244 3034 tenentis
2268 2976 2543 3033 manibus
2567 2977 2783 3034 librum
2815 2978 3240 3050 insidentisque
3262 2978 3449 3044 asino,
3474 2992 3650 3048 quam

1995 3070 2239 3143 putabat
2286 3069 2467 3124 Mosis
2519 3085 2669 3136 esse,
2717 3069 2816 3140 qui
2869 3069 3068 3125 urbem
3119 3077 3171 3125 et
3221 3067 3563 3135 condiderit,
3595 3071 3649 3123 et

1994 3163 2227 3231 gentem
2262 3158 2538 3223 fundarit,
2563 3164 2620 3213 et
2650 3158 2881 3214 odiosas
2911 3157 3041 3214 illas
3071 3159 3346 3214 omnibus
3376 3156 3650 3228 gentibus

1995 3251 2150 3321 leges
2172 3248 2388 3304 tulerit.
2419 3249 2548 3318 Ipse
2567 3264 2701 3303 vero
2724 3249 2968 3320 cupiens
2991 3248 3280 3304 obducere
3301 3247 3500 3303 odium
3524 3262 3652 3302 om—

1999 3337 2163 3393 nium
2193 3336 2479 3408 gentium,
2513 3335 2671 3408 leges
2703 3337 3021 3393 dissolvere
3051 3342 3297 3392 conatus
3328 3340 3438 3392 est.
3463 3337 3653 3401 Quare

1996 3431 2198 3482 statuae
2230 3425 2568 3492 conditoris,
2593 3431 2651 3481 et
2681 3425 2849 3481 altari
2883 3426 2983 3482 Dei
3016 3424 3274 3481 subdiali
3307 3441 3544 3497 porcam
3567 3425 3653 3480 in-

1996 3521 2228 3589 gentem
2261 3515 2632 3581 sacrificavit,
2683 3519 2740 3570 et
2770 3516 3058 3587 sanguine
3109 3515 3244 3570 illos
3290 3515 3563 3586 perfudit,
3595 3519 3654 3569 et

1997 3621 2231 3662 carnem
2263 3621 2544 3676 coquens,
2588 3605 2772 3674 jussit
2819 3622 3016 3660 sacros
3066 3619 3268 3659 eorum
3299 3604 3501 3671 libros,
3551 3603 3654 3674 qui

1997 3695 2155 3766 leges
2188 3695 2724 3764 continerent,jure
2747 3693 2844 3749 illo
2865 3695 3184 3763 corrumpi,
3208 3697 3265 3748 et
3293 3693 3650 3748 oblitterari:

1999 3785 2195 3856 ignem
2227 3799 2532 3853 nunquam
2567 3782 2955 3848 deiicientem,
2989 3791 3042 3837 et
3090 3797 3343 3851 semper,
3378 3789 3436 3835 ut
3468 3780 3654 3846 aiunt,

1999 3874 2322 3936 ardentem,
2356 3873 2411 3924 in
2443 3873 2658 3941 templo
2690 3869 3010 3941 exstingui,
3043 3875 3098 3925 et
3145 3885 3376 3925 carnem
3419 3868 3656 3924 suillam

2001 3977 2303 4016 summum
2340 3959 2726 4025 sacerdotem,
2779 3959 3044 4031 aliosque
3076 3959 3304 4014 .ludzeos
3354 3959 3657 4013 comedere

2002 4050 2212 4121 coegit.
2246 4049 2376 4103 Haec
2411 4054 2710 4102 narrantes
2745 4047 2828 4102 illi
2873 4048 3070 4114 amici,
3115 4047 3460 4102 Antiochum
3493 4046 3656 4102 vehe-

2004 4144 2227 4194 menter
2257 4139 2328 4193 ad
2355 4141 2533 4192 totam
2567 4143 2799 4209 gentem
2828 4139 3203 4209 perdendam,
3227 4141 3328 4191 aut
3358 4137 3563 4192 saltem
3590 4137 3659 4192 ad

2003 4228 2342 4284 evertendas
2374 4225 2547 4297 leges,
2598 4233 2652 4281 et
2684 4227 2809 4280 vitae
2842 4227 3271 4282 institutionem
3308 4230 3534 4280 mutare
3565 4241 3659 4280 co—
3747 4299 3760 4308 κ

2003 4317 2261 4390 gendum
2293 4316 2632 4371 incitarunt.
2660 4315 2869 4372 Verum
2901 4332 2994 4372 rex
3027 4315 3465 4388 magnanimus,
3491 4312 3663 4369 mori-

2006 4408 2228 4478 busque
2251 4410 2621 4473 mansuetus,
2641 4406 3043 4477 impositisque
3066 4405 3384 4461 tolerandis
3405 4405 3660 4471 tributis,

2005 4500 2063 4552 et
2087 4513 2134 4550 m
2148 4512 2249 4550 uro
2275 4495 2510 4567 privans
2525 4495 2820 4550 civitatem
2839 4495 3371 4567 Hierosolymorum
3385 4536 3398 4563 ,
3413 4493 3666 4564 acceptis

249 4575 436 4636 σϐέσαι
473 4584 579 4634 τῶν
612 4601 670 4634 τε
727 4584 898 4655 κρεῶν
960 4579 1263 4652 ἀναγκάσας
1323 4580 1371 4614 9³
1428 4581 1886 4656 προσενέγκασθαι

2001 4585 2326 4653 obsidibus,
2357 4583 2593 4640 Judaeos
2628 4585 2872 4640 crimine
2905 4584 3190 4640 liberavit.

263 4671 357 4727 τὸν
390 4669 656 4745 ἀρχιερέα
681 4670 768 4724 καὶ
800 4668 927 4732 τοὺς
959 4667 1172 4733 ἄλλους
1223 4665 1550 4731 Ἰουδαίους.
1596 4672 1782 4728 Ταῦτα
1836 4667 1900 4740 δὴ
1953 4669 2245 4743 διεξιόντες
2298 4673 2350 4725 οἱ
2391 4670 2545 4748 φίλοι
2576 4672 2667 4726 τὸν
2713 4671 2999 4746 Ἀντίοχον
3029 4669 3371 4746 παρεκάλουν
3431 4669 3667 4744 μάλιστα

252 4760 350 4834 μὲν
383 4758 552 4835 ἄρδην
583 4759 795 4817 ἀνελεῖν
853 4761 915 4816 τὸ
965 4758 1133 4829 ἔθνος,
1180 4758 1224 4815 εἴ
1277 4757 1334 4814 δὲ
1385 4760 1484 4833 μή,
1543 4759 1844 4816 καταλῦσαι
1885 4761 1951 4816 τὰ
2006 4763 2220 4838 νόμιμα
2274 4763 2366 4818 καὶ
2424 4763 2816 4838 συναναγκάσαι
2881 4765 2976 4825 τὰς
3041 4761 3266 4840 ἀγωγὰς
3321 4759 3666 4835 μεταθέσθαι.

245 4850 306 4905 Ὀ
340 4847 396 4905 δὲ
427 4851 686 4924 βασιλεὺς
722 4850 1113 4926 μεγαλόψυχος
1146 4848 1218 4904 ὢν
1249 4850 1337 4904 καὶ
1366 4850 1427 4904 τὸ
1457 4850 1591 4918 ἦθος
1650 4849 1880 4928 ἥμερος,
1940 4847 2128 4907 λαϐὼν
2189 4853 2440 4926 ὁμήρους
2490 4851 2726 4907 ἀπέλυσε
2770 4856 2879 4907 τῶν
2939 4851 3308 4928 ἐγκλημάτων
3349 4850 3474 4910 τοὺς
3525 4850 3668 4905 Ἰου-

252 4936 462 5007 δαίους,
495 4941 697 5018 φόρους
727 4959 784 4994 τε
814 4938 942 5002 τοῦς
975 4938 1366 5016 ὀφειλομένους
1395 4939 1751 5013 πραξάμενος,
1781 4941 1870 4996 καὶ
1899 4940 1967 4996 τὰ
1995 4941 2158 5016 τείχη
2194 4941 2460 5017 περιελῶν
2493 4947 2600 4996 τῶν
2635 4940 3058 5016 Ἱεροσολύμων.

325 5031 511 5086 Ταῦτα
577 5026 850 5106 Διόδωρος
909 5029 1032 5102 περὶ
1086 5033 1194 5083 τῶν
1258 5029 1564 5084 Μωσαϊκῶν
1622 5027 1752 5083 ἐθῶν
1809 5029 1899 5085 καὶ

2085 5032 2215 5087 Haec
2263 5031 2552 5089 Diodorus
2597 5033 2666 5089 de
2706 5033 2970 5090 Mosaicis
3018 5031 3270 5088 intitutis
3319 5033 3376 5087 et
3417 5029 3666 5102 legibus,

1610 5159 1844 5214 VARle
1885 5159 2302 5218 LECTIONES.

326 5247 372 5281 εί
404 5243 575 5322 φησίν
599 5263 716 5322 orn.
751 5252 810 5301 Β.
864 5246 960 5322 ’⁸³
985 5244 1089 5322 ὑπὸ
1119 5244 1226 5298 τῶν
1260 5247 1306 5300 Α
1332 5264 1343 5299 :
1376 5245 1636 5322 παρὰ

255 5396 296 5444 Β
316 5405 336 5463 ς
367 5386 611 5452 Μωσέως
641 5389 725 5463 ς’.
824 5386 990 5444 8θ’καὶ
1023 5386 1157 5447 add.
1193 5386 1257 5444 Ᾱ.

255 5461 422 5517 κάσαι
454 5463 516 5519 Β.

1743 5246 1789 5282 ⁸³
1817 5249 1880 5323 τὸ
1911 5247 2048 5323 πρὲς
2073 5247 2202 5323 τοῦς
2233 5248 2551 5323 ἀνθρώπους
2582 5252 2840 5323 μῖσος-ΑΒ.
2996 5244 3053 5304 δὲ
3075 5265 3193 5323 om_.
3227 5250 3291 5308 Β.
3366 5249 3416 5284 ⁸⁵
3441 5247 3504 5303 τὸ
3531 5267 3672 5323 παρ-

265 5312 426 5394 άπαν’
447 5312 576 5394 μηδ’
609 5316 809 5394 εὐνοεῖν
825 5317 931 5394 -ς.
973 5386 986 5394 _
1008 5317 1054 5353 ⁸⁸
1080 5312 1498 5394 προσγενομένου
1528 5312 1613 5394 Α’ς
1643 5319 1934 5394 γενομένου
1956 5312 2048 5394 .

1362 5387 1410 5423 ⁹⁰
1441 5387 1735 5464 στυγήσας]
1771 5387 1905 5448 libri
1938 5387 2231 5461 συστήσας.

2141 5319 2188 5354 ⁸⁷
2220 5319 2306 5392 οὗ]
2333 5319 2374 5390 ᾖ
2403 5322 2452 5375 Α
2477 5319 2682 5392 malim
2715 5320 2797 5376 οἴ.

2339 5321 2452 5394 ᾗνΑ
2477 5319 2682 5394 malim
2715 5320 2797 5376 οἴ.
2821 5390 2860 5394 μ
2899 5321 2944 5357 ⁸⁸
2998 5319 3263 5394 μωϋσέως
3301 5323 3366 5392 Α,
3407 5319 3666 5394 ᾼμωῦσέος

2345 5392 2390 5427 ⁹¹
2434 5389 2597 5446 αὐτοῦ
2641 5398 2703 5446 Δ.

2819 5390 2867 5428 9³
2925 5390 3190 5467 καόμενον
3236 5393 3299 5451 Β.
3351 5390 3357 5392 ⁷
3403 5390 3450 5427 ’δί’
3495 5391 3667 5467 ἀναγ-

333 5656 447 5730 (57)
475 5655 670 5714 Julius
703 5655 1064 5730 Obsequens,
1097 5654 1158 5712 T.
1192 5651 1408 5725 Livius,
1442 5651 1802 5724 Plutarchus,
1837 5562 2075 5712 33:13
2101 5653 2220 5713 alii.
