4066 6216
430 384 577 443 1391

428 606 728 659 mentitur.
766 602 826 656 Et
861 602 917 655 in
951 600 1403 671 reprehensione
1433 600 1762 655 Judaaorum
1795 600 1987 655 380a
2019 601 2076 654 in

429 691 732 747 mendacio
765 704 1157 760 perseverans,
1184 704 1255 743 ne
1286 688 1399 743 sibi
1432 689 1538 758 ipsi
1571 690 1965 745 contradicere
1996 689 2079 743 vi-

426 782 648 848 deatur,
697 789 974 849 tanquam
1021 779 1164 833 alios
1212 783 1516 834 narrantes
1566 780 1808 844 inducit,
1858 780 2074 850 quibus

424 869 690 924 Antiochi
714 867 1029 923 amicitiam
1055 868 1479 939 adjungit.Haac
1512 885 1740 939 quoque
1770 870 1841 924 de
1862 870 2077 924 .Iudaeis

426 960 573 1015 libro
603 976 671 1015 XL
700 959 1049 1015 Bibliotheca?
1079 958 1273 1013 habet.

757 1238 837 1292 Ea:
867 1238 1286 1309 quadragesimo
1316 1236 1462 1291 circa
1492 1234 1752 1291 medium.

500 1327 833 1397 Scripturus
866 1328 1082 1382 bellum
1116 1332 1318 1383 contra
1348 1326 1577 1380 Judaeos
1610 1340 1709 1395 par
1741 1338 1863 1378 esse
1886 1322 2078 1378 existi-

432 1418 584 1471 mavi
635 1416 983 1487 principium
1038 1418 1202 1488 prius
1246 1422 1303 1473 et
1334 1420 1523 1471 ortum
1555 1414 1736 1484 hujus
1786 1413 1973 1485 gentis
2024 1416 2079 1468 et

432 1506 704 1562 instituta
727 1521 1043 1562 recensere.
1061 1502 1710 1577 Multiapud/Egyptios
1725 1502 1860 1557 olim
1884 1502 2076 1574 perni-

432 1597 605 1651 ciosae
634 1595 811 1664 hujus
843 1594 1192 1651 calamitatis
1224 1611 1456 1650 causam
1489 1595 1555 1648 ad
1596 1598 1771 1647 Deum
1801 1592 2078 1649 referunt.

433 1687 575 1741 Cum
610 1685 778 1739 multi
813 1690 869 1740 et
899 1684 1041 1738 varii
1073 1685 1363 1755 peregrini
1396 1688 1706 1755 Egyptum
1740 1682 2076 1748 incolerent,

432 1774 674 1830 diversis
706 1774 1066 1829 sacriﬁcandi
1103 1778 1334 1829 utentes
1378 1774 1613 1840 ritibus,
1648 1772 1863 1827 factum
1898 1777 1985 1827 est
2017 1784 2081 1826 ut

1634 376 1897 437 PHOTII
1940 374 2469 436 PATRIARCH/E
2511 377 2628 438 ΟΡ.

3517 47 4020 355 ...τ

3720 380 3884 438 1392

428 516 499 569 de
529 514 825 568 conditore
860 508 1408 580 Hierosolymorum,
1443 509 1510 563 de
1542 509 1695 563 exitu
1728 525 1795 563 ex
1825 510 2070 580 {Egypto

2193 506 2452 579 νομίμων,
2512 504 2657 560 ἀλλὰ
2710 506 2797 559 καὶ
2856 505 2952 560 τοῦ
3011 512 3117 560 τῶν
3174 506 3592 581 Ἰεροσολύμων
3654 509 3886 563 κτίστου

2188 597 2663 669 καταψευσάμενος
2719 595 2805 649 καὶ
2871 595 3043 665 αὐτῆς
3098 598 3195 664 τῆς
3252 594 3300 665 ἐξ
3390 596 3702 672 Αἰγύπτου
3780 604 3887 651 τῶν

2192 682 2469 738 Ἰουδαίων
2502 682 2709 756 ἐξόδου,
2742 685 2831 739 καὶ
2865 686 3001 759 πρὸς
3046 684 3139 740 τὸν
3178 682 3414 761 ἔλεγχον
3467 692 3567 741 τοῦ
3630 687 3889 761 ψεύδους

2186 773 2367 847 ὥσπερ
2398 774 2571 846 ἑαυτῷ
2604 775 2667 829 τὸ
2702 776 2776 845 μὴ
2829 774 2991 836 αὐτὸς
3035 774 3240 829 ἁλῶναι
3293 772 3885 848 διοικονομούμενος,

2187 863 2393 937 ἑτέροις
2438 864 2746 938 περιτίθησι
2789 865 3097 937 προσώτοις
3148 866 3245 933 τὴν
3296 866 3419 939 περί
3476 871 3597 919 τῶν
3652 864 3885 939 διεψευ-

2188 954 2393 1023 σμένων
2429 953 2725 1030 αφήγησιν,
2748 954 2847 1021 τήν
2882 954 3178 1028 Ἀντιόχου
3201 952 3383 1029 εριλίαν
3416 954 3663 1017 τούτοις
3700 976 3880 1029 προσ-

2188 1040 2581 1097 επισυνάπτων.
2618 1041 2813 1118 Γράφει
2868 1038 2924 1096 δὲ
2970 1044 3059 1096 καὶ
3112 1041 3162 1096 ἐν
3205 1044 3249 1079 ⁰⁴
3291 1047 3369 1114 τῷ
3425 1044 3477 1115 μ’
3533 1042 3718 1118 λόγῳ
3776 1051 3876 1112 τῆς

2187 1128 2353 1200 αύτῆς
2389 1128 2762 1201 Βιϐλιοθήκης
2801 1132 2921 1204 περί
2963 1128 3237 1188 Ἰουδαίων
3271 1136 3453 1187 ταῦτα.

2522 1220 2613 1274 Ἐκ
2641 1224 2737 1273 τοῦ
2775 1221 2824 1293 μ’
2857 1218 3045 1295 λόγου,
3078 1221 3201 1293 περὶ
3232 1219 3293 1274 τό
3326 1221 3517 1293 μέσον.

2258 1309 2447 1381 Ἡμεῖς
2515 1305 2572 1362 δὲ
2633 1307 2930 1380 μέλλοντες
2987 1308 3305 1385 ἀναγράφειν
3346 1310 3435 1364 τὸν
3496 1312 3652 1385 πρὸς
3736 1314 3874 1367 Ἰου-

2190 1394 2372 1459 δαίους
2402 1394 2669 1469 πόλεμον,
2703 1397 2902 1451 οἰκεῖον
2937 1398 3065 1451 εἶναι
3100 1394 3551 1471 διαλαμϐάνομεν
3586 1400 3875 1475 προδιελ-

2190 1488 2298 1539 θεῖν
2328 1484 2378 1538 ἐν
2408 1484 2729 1563 κεφαλαίοις
2759 1488 2857 1557 τήν
2888 1507 2945 1540 τε
2975 1487 3023 1521 9⁵
3061 1488 3158 1541 τοῦ
3199 1485 3383 1549 ἔθνους
3417 1489 3623 1542 τούτου
3684 1490 3743 1559 ἐξ

2190 1582 2300 1649 χῆς
2339 1574 2509 1629 κτίσιν
2556 1576 2645 1629 καὶ
2702 1578 2769 1629 τά
2834 1577 2965 1649 παρ’
3014 1576 3203 1637 αὐτοῖς
3244 1577 3475 1648 νόμιμα.
3545 1580 3711 1632 Κατὰ
3772 1582 3869 1646 τὴν

2189 1663 2469 1739 Αἴγυπτον
2501 1665 2563 1718 τὸ
2594 1664 2827 1718 παλαιὸν
2864 1667 2993 1738 [6'20
3024 1667 3116 1738 Η.]
3161 1663 3429 1739 λοιμικῆς
3471 1670 3869 1742 περιστάσεως

2189 1754 2482 1827 γενομένης
2522 1754 2827 1826 ἀνέπεμπον
2881 1754 2931 1808 οἱ
2980 1753 3185 1808 πολλοὶ
3234 1757 3335 1823 τὴν
3376 1755 3557 1809 αἰτίαν
3608 1763 3727 1811 τῶν
3771 1779 3870 1810 κα-

432 1863 601 1935 patrii
653 1880 789 1935 erga
834 1865 972 1918 deos
1023 1864 1213 1918 cultus
1271 1863 1599 1929 deﬁcerent,
1652 1862 1806 1932 quod
1856 1860 2076 1929 incola,

2193 1846 2293 1896 ιιῶν
2328 1840 2414 1895 ἐπὶ
2440 1844 2502 1897 τὸ
2552 1839 2854 1914 δαιμόνιον,
2914 1839 3140 1897 πολλῶν
3186 1843 3287 1918 γὰρ
3333 1842 3424 1897 καὶ
3483 1842 3866 1900 παντοδαπῶν

436 1955 544 2008 nisi
571 1954 927 2023 alienigenas
954 1952 1334 2018 dimitterent,
1354 1954 1635 2006 malorum
1654 1950 1934 2005 indicium
1964 1952 2081 2005 fore

434 2042 713 2112 suspicati
758 2047 914 2095 sunt.
972 2042 1175 2096 Statim
1228 2042 1423 2111 itaque
1467 2058 1532 2095 ex
1584 2041 1783 2109 ejectis
1824 2038 2083 2111 profugis

436 2130 900 2200 praestantissimi
924 2129 1434 2199 efﬁcacissimique
1472 2132 1554 2199 (ut
1580 2128 1809 2198 quidam
1852 2144 2084 2199 nugan-

431 2220 551 2287 tur)
569 2217 625 2271 in
650 2218 1196 2288 Greciamﬂocaque
1222 2217 1407 2272 vicina
1432 2216 1622 2288 illapsi
1646 2221 2082 2288 sunl,pra=.stan-

431 2310 520 2359 tes
542 2305 827 2360 habentes
855 2304 1148 2371 ductores,
1179 2321 1427 2376 quorum
1454 2306 1747 2376 principes
1771 2306 2003 2362 Danaus
2026 2310 2083 2364 et

432 2394 686 2449 Cadmus
717 2393 1081 2449 exstiterunt.
1117 2394 1359 2463 Reliqua
1389 2409 1519 2449 vero
1546 2395 1717 2449 turba
1743 2410 1864 2449 eam
1896 2394 2080 2465 regio-

436 2499 590 2550 nem,
618 2499 742 2553 quaa
777 2499 933 2537 nunc
952 2482 1157 2538 Judtsa
1186 2482 1421 2547 dicitur,
1451 2499 1567 2537 non
1592 2482 1788 2553 procul
1813 2484 1884 2538 ab
1917 2484 2084 2555 {Egy-

435 2577 531 2645 pto
564 2570 903 2635 distantem,
936 2579 989 2627 et
1012 2572 1069 2625 in
1102 2571 1202 2626 illa
1220 2587 1402 2642 usque
1434 2576 1695 2644 tempora
1728 2572 1956 2643 penitus
1980 2574 2082 2627 de-

436 2668 648 2717 sertam
681 2662 1003 2731 occupavit.
1030 2661 1188 2716 Hanc
1222 2677 1392 2733 porro
1425 2661 1710 2716 coloniam
1738 2661 1925 2717 Moses
1954 2678 2084 2732 pru-

435 2752 629 2806 dentia
658 2757 713 2806 et
744 2752 949 2805 robore
980 2756 1215 2806 caateros
1246 2750 1533 2807 excellens
1566 2751 1799 2806 deduxit
1821 2752 1955 2822 (58),
1983 2751 2081 2822 qui

436 2840 588 2895 hanc
620 2840 914 2911 regionem
950 2840 1250 2909 invadens,
1285 2840 1501 2895 multas
1534 2841 1707 2896 urbes
1724 2840 2003 2908 condidit,
2028 2845 2083 2896 et

440 2946 638 2998 unam,
663 2945 791 3000 qua:
816 2945 971 2985 nunc
993 2930 1369 2985 celeberrima
1384 2938 1490 2996 est,
1514 2929 1863 3001 appellatam
1884 2929 2083 2986 Hiero-

439 3018 697 3091 solyma;
750 3018 1002 3074 maxime
1033 3023 1223 3074 autem
1260 3018 1593 3087 religionem
1639 3024 1695 3074 et
1739 3019 1963 3076 cultum
1997 3019 2080 3074 eis

438 3108 746 3163 colendum
780 3108 957 3174 dedit,
989 3110 1386 3163 venerationes
1426 3113 1482 3163 et
1512 3108 1798 3163 sacriﬁcia
1826 3108 2053 3165 edocuit

2190 1932 2592 1986 κατοικούντων
2640 1930 2825 2005 ξένων,
2880 1931 2970 1986 καὶ
3030 1929 3457 2007 διηλλαγμένοις
3502 1928 3653 1987 ἔθεσι
3718 1955 3867 2009 χρωο

2199 2022 2367 2093 μένων
2411 2021 2533 2094 περὶ
2580 2022 2641 2075 τὸ
2690 2021 2833 2095 ἱερὸν
2870 2019 2961 2074 καὶ
3016 2022 3111 2084 τάς
3168 2022 3377 2093 θυσίας,
3436 2021 3861 2077 καταλελύσθαι

2196 2106 2465 2165 συνέϐαινε
2510 2110 2638 2183 παρ’
2685 2109 2869 2171 αὐτοῖς
2924 2109 3019 2171 τὰς
3076 2109 3336 2184 πατρίους
3390 2115 3498 2163 τῶν
3567 2113 3708 2165 θεῶν
3773 2134 3855 2167 τι-

2197 2202 2321 2270 μάς.
2356 2200 2523 2271 Ὅπερ
2556 2198 2607 2251 οἱ
2654 2204 2752 2265 τῆς
2789 2198 2977 2271 χώρας
3024 2196 3263 2273 ἐγγενεῖς
3309 2198 3357 2232 95
3399 2194 3707 2267 ὑπέλαϐον,
3766 2200 3853 2254 ἐάν

2196 2290 2270 2359 μὴ
2340 2287 2465 2348 τοὺς
2523 2285 2873 2363 ἀλλοφύλους
2956 2290 3423 2358 μεταστήσωνται,
3490 2289 3678 2361 κρίσιν
3760 2289 3856 2343 οὑκ

2192 2375 2401 2431 ἔσεσθαι
2431 2381 2540 2430 τῶν
2572 2381 2769 2430 κακῶν.
2823 2376 2995 2438 Εὐθὺς
3056 2374 3147 2429 οὖν
3197 2374 3692 2449 ξενηλατουμένων
3743 2384 3851 2433 τῶν

2192 2464 2506 2520 ἀλλοεθνῶν
2550 2467 2600 2519 οἱ
2654 2466 2750 2538 μὲν
2802 2464 3210 2539 ἐπιφανέστατοι
3270 2467 3360 2519 καὶ
3413 2463 3854 2541 δραστικώτατοι

2195 2555 2578 2629 συστραφέντες
2648 2554 2993 2632 ἐξερῥίιρησαν
3039 2555 3139 2625 (ὥς
3195 2554 3334 2615 τινές
3376 2560 3562 2629 φασιν)
3616 2558 3691 2619 εἷς
3754 2560 3849 2626 τήν

2192 2642 2432 2699 Ἐλλάδα
2452 2644 2539 2698 καὶ
2571 2665 2724 2707 τινας
2750 2645 2961 2718 ἑτέρους
2992 2645 3216 2713 τόπους,
3265 2640 3487 2719 ἔχοντες
3533 2649 3580 2681 ⁸⁷
3626 2646 3853 2717 ἀξιολό-

2191 2756 2317 2808 γους
2350 2735 2649 2809 ἡγεμόνας,
2684 2735 2756 2787 ὧν
2787 2734 3015 2808 ἡγοῦντο
3067 2735 3267 2795 Δαναὸς
3314 2734 3406 2787 καὶ
3460 2733 3691 2808 Κάδμος
3745 2741 3848 2790 τῶν

2192 2822 2375 2879 ἄλλων
2408 2823 2839 2901 ἐπιφανέστατοι.
2870 2829 2923 2878 '0
2965 2820 3022 2877 δὲ
3058 2823 3231 2884 πολὺς
3284 2823 3422 2884 λεὼς
3476 2823 3715 2893 ἐξέπεσεν
3773 2826 3847 2884 εἷς

2190 2919 2288 2983 τὴν
2320 2917 2409 2966 νῦν
2440 2910 2786 2987 καλουμένην
2830 2910 3113 2982 Ἰουδαίαν,
3164 2912 3225 2967 ού
3276 2912 3468 2989 πόῤῥω
3512 2915 3608 2986 μὲν
3655 2917 3833 2985 κειμέ-

2189 3027 2289 3074 νην
2319 3011 2417 3073 τῆς
2461 3003 2764 3079 Αἰγύπτου,
2805 3001 3085 3065 παντελῶς
3136 3000 3192 3056 δὲ
3243 3000 3449 3078 ἔρημον
3518 3003 3675 3058 οὖσαν
3722 3006 3843 3060 κατ’

2192 3094 2425 3153 ἐκείνους
2471 3092 2596 3155 τοὺς
2641 3094 2897 3167 χρόνουςο
2945 3098 3161 3167 Ἡγεῖτο
3222 3089 3280 3146 δὲ
3345 3100 3448 3162 τῆς
3504 3092 3751 3154 incilia;
3804 3094 3835 3147 ὀ

2062 3153 2077 3181 θ

439 3203 495 3250 et
622 3195 706 3250 eis
738 3212 852 3265 qua
881 3162 955 3249 ad
982 3196 1400 3267 rempublicam
1434 3197 1727 3267 pertinent
1758 3162 1923 3269 leges

2193 3185 2731 3259 προσαγορευόμενος
2790 3186 3010 3251 Μωσῆς,
3062 3184 3320 3259 φρονήσει
3373 3204 3430 3237 τε
3474 3184 3517 3217 9⁸
3587 3182 3681 3235 καὶ
3738 3182 3835 3236 ἀν-

439 3288 496 3339 et
547 3284 797 3339 decreta.
844 3285 902 3338 ln
952 3285 1255 3339 duodecim
1310 3286 1493 3340 tribus
1541 3286 1825 3357 populum
1860 3288 2076 3357 divisit,-

440 3371 778 3427 existimans
811 3372 967 3426 hunc
999 3389 1309 3427 numerum
1334 3390 1460 3429 esse
1483 3375 1998 3445 perfectissimum,
2023 3382 2080 3433 et

442 3476 596 3516 anno
640 3460 947 3515 duodecim
1002 3462 1304 3516 mensibus
1349 3463 1635 3533 completo
1696 3464 2075 3535 persimilem.

443 3548 732 3619 Imagines
751 3549 992 3603 deorum
1012 3549 1251 3605 omnino
1266 3567 1378 3605 non
1396 3550 1663 3622 sculpsit,
1684 3554 1836 3623 quod
1854 3559 2081 3625 putaret

440 3638 702 3694 humana
728 3638 909 3693 Deum
935 3655 1049 3695 non
1073 3638 1249 3694 videri
1276 3640 1481 3710 forma,
1502 3641 1599 3696 sed
1626 3640 1837 3697 omium
1864 3646 2077 3698 terram

443 3728 708 3784 ambiens
739 3744 866 3783 esse
898 3730 1099 3795 Deum,
1140 3734 1196 3784 et
1226 3730 1418 3785 omnia
1457 3746 1564 3786 suo
1594 3730 1837 3803 imperio
1871 3735 2080 3804 guber-

443 3812 597 3873 nare.
643 3818 939 3873 Sacriﬁcia
988 3820 1227 3888 vitisque
1279 3820 1467 3875 380b
1512 3820 1766 3877 rationes
1822 3822 2082 3879 diversas

442 3924 680 3976 prorsus
702 3910 774 3963 ab
798 3908 928 3963 aliis
952 3910 1223 3979 gentibus
1243 3909 1551 3965 ordinavit.
1578 3911 1721 3968 Nam
1742 3911 1879 3983 quia
1895 3918 2079 3968 exter-

442 4013 550 4051 nos
584 3996 723 4075 urbe
750 4013 858 4051 sua
881 3996 1313 4064 interdicerent,
1343 3999 1604 4054 odiosam
1631 4016 1771 4056 sane
1800 4000 2000 4068 vitam,
2028 4004 2085 4056 et

442 4085 573 4141 aliis
608 4086 857 4141 invisam
893 4086 1143 4141 induxit.
1178 4086 1361 4142 Jussit
1410 4089 1652 4161 insuper
1685 4094 1746 4145 ut
1795 4091 1893 4159 qui
1926 4090 2082 4161 genti

442 4181 781 4247 praeessent,
814 4176 963 4247 grati
1013 4185 1207 4232 essent
1248 4178 1482 4249 populo,
1516 4187 1568 4234 et
1602 4179 1854 4235 maxime
1885 4184 2081 4234 aucto-

444 4265 612 4320 ritate
644 4265 1017 4337 potentiores,
1055 4282 1202 4337 quos
1252 4268 1582 4323 sacerdotes
1631 4284 1754 4324 esse
1797 4267 1996 4336 voluit,
2030 4271 2087 4324 et

442 4369 538 4407 eos
561 4354 830 4424 praecepit
861 4354 1015 4409 circa
1041 4354 1248 4409 altaria
1278 4354 1496 4426 Deique
1527 4356 1749 4412 cultum
1783 4361 1840 4411 et
1871 4357 2087 4411 sacriﬁ-

441 4442 529 4497 cia
562 4442 833 4506 exerceri,
854 4447 909 4496 et
939 4460 1008 4497 ex
1035 4443 1122 4497 his
1154 4444 1408 4513 optimos
1431 4446 1655 4516 judicio
1677 4450 1829 4502 viros
1856 4446 2084 4515 judices

440 4530 760 4600 constituit,
795 4532 1009 4601 quibus
1041 4538 1098 4587 et.
1127 4533 1323 4604 legum
1357 4533 1728 4606 institutique
1759 4536 2081 4590 custodiam

439 4620 722 4675 attribuit.
740 4620 861 4674 Non
879 4621 1163 4677 ordinavit
1180 4622 1399 4678 Judaais
1423 4639 1634 4695 regem,
1652 4625 1752 4679 sed
1769 4624 2082 4695 imperium

440 4710 639 4782 populi
682 4709 731 4763 ei
764 4711 991 4765 censuit
1023 4712 1530 4779 committendum,
1563 4714 1661 4785 qui
1700 4713 2003 4783 prudentia
2030 4717 2087 4768 et

437 4802 649 4857 virtute
680 4800 833 4855 inter
871 4801 1203 4857 sacerdotes
1257 4801 1385 4857 aliis
1434 4810 1704 4874 praestare
1750 4802 2081 4871 videretur;

438 4893 595 4949 hunc
628 4908 928 4948 Summum
981 4892 1312 4962 pontiﬁcem
1368 4891 1685 4964 appellant,
1721 4909 1897 4963 quem
1930 4893 2084 4949 velut

437 4984 709 5037 nuntium
744 4982 854 5037 sibi
891 4980 1217 5036 divinorum
1244 4986 1665 5053 praeceptorum
1691 4998 1816 5037 esse
1839 4983 2082 5047 ducunt,

436 5071 593 5127 hunc
616 5072 803 5127 edicta
824 5070 881 5125 in
914 5070 1111 5141 populi
1145 5068 1698 5141 congregationibus
1718 5072 1774 5124 et
1798 5068 2083 5136 conciliis,

435 5158 515 5214 ait
545 5162 818 5232 proferre,
864 5160 954 5217 cui
996 5159 1181 5216 Judaei
1222 5158 1303 5214 ita
1335 5160 1761 5230 obtemperant,
1792 5166 1854 5213 ut
1886 5156 2085 5213 statim

2190 3272 2339 3349 δρεία
2394 3272 2535 3327 πολὺ
2593 3273 2640 3307 99
2693 3269 2979 3350 διαφέρων.
3039 3271 3210 3332 Οὗτος
3272 3269 3328 3325 δὲ
3387 3267 3835 3345 καταλαῦόμενος

2186 3366 2284 3433 τὴν
2318 3364 2503 3439 χώραν
2534 3360 2707 3422 ἄλλας
2740 3382 2796 3415 τε
2827 3358 3016 3423 πόλεις
3045 3357 3219 3414 ἔκτισε
3273 3362 3358 3413 καὶ
3400 3362 3502 3428 τήν
3542 3366 3633 3415 νῦν
3677 3360 3830 3414 οὖσαν

2187 3452 2605 3530 ἐπιφανεστάτην
2672 3456 2712 3517 ί,
2772 3448 3176 3523 ὀνομαζομένην
3221 3451 3608 3524 Ἱεροσόλυμα·
3661 3448 3827 3525 .1835-

2190 3564 2316 3597 σατο
2347 3540 2402 3596 δὲ
2430 3542 2518 3595 καὶ
2549 3541 2609 3595 τὸ
2645 3538 2883 3613 μάλιστα
2920 3540 3047 3613 παρ’
3077 3539 3263 3602 αὐτοῖς
3298 3540 3620 3612 τιμώμενον
3667 3541 3826 3615 ἱερὸν,

2188 3631 2275 3686 καὶ
2338 3632 2430 3692 τὰς
2472 3629 2635 3702 τιμάς
2684 3630 2773 3683 καὶ
2835 3628 3102 3701 άγιστείας
3135 3632 3281 3683 ²τοῦ
3336 3630 3487 3683 θείου
3546 3628 3828 3699 κατέδειξε,

2189 3721 2277 3775 καὶ
2319 3720 2384 3774 τά
2430 3720 2565 3774 κατὰ
2612 3720 2709 3788 τὴν
2763 3716 3043 3773 πολιτείαν
3098 3718 3458 3790 ένομοθέτησέ
3507 3741 3567 3773 τε
3625 3720 3716 3773 καὶ
3764 3717 3835 3773 διε

2192 3809 2357 3875 έταξε.
2392 3805 2571 3860 Διεῖλε
2602 3803 2657 3859 δὲ
2687 3805 2747 3859 τὸ
2777 3802 2992 3874 πλῆθος
3032 3805 3106 3869 εἰς
3138 3802 3348 3859 δώδεκα
3399 3804 3596 3881 ιξυλάς,
3646 3806 3733 3861 διά
3778 3808 3833 3861 τό

2188 3897 2280 3951 τὸν
2338 3896 2567 3971 ἀριθμὸν
2627 3892 2816 3949 τούτον
2888 3893 3224 3949 τελειότατον
3282 3895 3305 3929 ³
3374 3896 3696 3969 νομίζεσθαι
3748 3900 3833 3951 καὶ

2193 3985 2481 4060 σύμφωνον
2517 3985 2643 4039 εἶναι
2675 3988 2755 4055 τῷ
2804 3983 3006 4054 πλήθει
3056 3984 3163 4037 τῶν
3219 3989 3405 4057 μηνῶν
3448 3992 3557 4040 τῶν
3604 3987 3695 4041 τὸν
3744 3986 3838 4040 iv:-

2192 4077 2350 4131 αυτὸν
2382 4074 2884 4151 συμπληρούντων.
2917 4074 3177 4151 ’Ἃγσλμα
3227 4072 3283 4129 δὲ
3314 4077 3451 4130 θεῶν
3500 4078 3562 4130 τὸ
3620 4077 3836 4131 σύνολον

2194 4169 2256 4221 ού
2284 4164 2661 4236 κατεσκευάσε,
2706 4162 2794 4219 διά
2840 4165 2902 4219 τὸ
2956 4166 3031 4238 μή
3079 4165 3322 4237 νομίζειν
3374 4165 3842 4243 ἀνθρωπόμορφον

2195 4257 2328 4311 εἶναι
2357 4255 2448 4309 τὸν
2482 4256 2632 4324 Θεὸν,
2675 4252 2819 4309 ἀλλά
2849 4254 2939 4308 τὸν
2963 4256 3295 4329 περιέχοντα
3323 4257 3426 4323 τὴν
3474 4262 3575 4330 γῆν
3619 4254 3840 4330 ούρανὸν

2197 4348 2358 4420 μόνον
2392 4345 2522 4401 εἶναι
2556 4345 2673 4399 θεὸν
2706 4344 2794 4398 καὶ
2834 4349 2944 4398 τῶν
2976 4343 3119 4398 ὅλων
3152 4345 3362 4418 κύριον.
3403 4346 3510 4405 Τάς
3551 4343 3607 4399 δὲ
3654 4346 3833 4406 θυσίας

2194 4434 2606 4510 ἐξηλλαγμένας
2641 4435 2999 4505 συνεστήσατο
3033 4439 3141 4488 τῶν
3174 4436 3319 4505 παρά
3356 4440 3476 4495 τοῖς
3529 4433 3719 4496 ἄλλοις
3750 4435 3834 4488 ΞΘ·

2192 4546 2324 4595 νεσι,
2357 4524 2445 4579 καὶ
2477 4523 2570 4585 τὰς
2618 4525 2754 4578 κατὰ
2802 4523 2894 4578 τὸν
2945 4522 3065 4596 βίον
3112 4523 3351 4597 ἀγωγάς’
3403 4526 3565 4597 [1153
3613 4526 3701 4597 8.]
3746 4521 3834 4577 διὰ

2192 4616 2295 4692 γὰρ
2342 4616 2438 4683 τὴν
2479 4611 2615 4668 ἰδίαν
2663 4611 2977 4683 ξενηλασίαν
3026 4610 3389 4685 ἀπᾶνθρωπόν
3431 4634 3549 4666 τινα
3602 4613 3686 4665 καὶ
3738 4634 3831 4683 μι-

2195 4706 2409 4777 σόξενον
2449 4705 2563 4779 βίον
2624 4702 2973 4777 εἰσηγήσατο.
3025 4698 3307 4771 Ἐπιλέξας
3360 4699 3418 4755 δὲ
3474 4706 3577 4755 τῶν
3626 4697 3830 4775 ἀνδρῶν

2194 4794 2321 4856 τοὺς
2371 4792 2761 4869 χαριεστάτους
2816 4790 2906 4844 καὶ
2970 4788 3207 4863 μάλιστα
3292 4786 3690 4865 δυνησομένους
3744 4794 3832 4843 τοῦ

2196 4885 2508 4957 σύμπαντος
2540 4883 2562 4917 ⁴
2601 4879 2783 4940 ἔθνους
2832 4878 3213 4955 προίστασθαι,
3262 4878 3492 4941 τούτους
3544 4882 3706 4955 ἱερεῖς
3738 4882 3830 4933 άπ-

2198 4970 2379 5043 έδειξε·
2430 4972 2528 5039 τήν
2592 4968 2647 5024 δὲ
2696 4964 2979 5043 διατριϐήν
3049 4971 3070 5005 ⁸
3126 4963 3302 5039 ἔταξεν
3370 4974 3549 5023 αυτῶν
3604 4971 3828 5046 γίνεσθαι

2194 5062 2317 5137 περὶ
2340 5062 2403 5116 τὸ
2434 5062 2578 5135 ἱερὸν
2611 5059 2699 5113 καὶ
2730 5061 2824 5119 τὰς
2865 5062 2962 5113 τοῦ
3007 5062 3139 5113 Θεοῦ
3187 5060 3349 5131 τιμάς
3392 5080 3449 5114 τε
3497 5061 3589 5114 καὶ
3640 5061 3826 5118 θυσίας.

2195 5152 2333 5216 Τοὺς
2363 5149 2559 5211 αὐτοὺς
2594 5146 2649 5203 δὲ
2688 5147 2778 5202 καὶ
2831 5145 3086 5208 δικαστὰς
3135 5144 3377 5217 ἀπέδειξε
3419 5153 3530 5203 τῶν
3582 5148 3828 5225 μεγίστων

1797 5284 2035 5341 VARI/1‘3
2077 5281 2482 5339 LECTIONES.

506 5391 552 5427 ⁹⁴
583 5391 633 5445 ἐν
667 5394 799 5452 add.
843 5398 910 5449 A.

438 5464 614 5519 omisi
644 5481 773 5522 cum
809 5471 871 5523 Δ.

988 5395 1031 5431 ⁰⁸
1058 5412 1117 5449 τι
1146 5394 1283 5452 add.
1314 5398 1378 5449 A.

1484 5394 1529 5430 9⁸
1560 5393 1792 5455 εὐγενεῖς
1822 5399 1883 5448 Α.

989 5413 1031 5431 "
1058 5413 1117 5449 τι
1146 5413 1283 5452 aaa.
1314 5413 1378 5449 Α.
1486 5413 1529 5430 νυ
1560 5414 1615 5447 ευ
1660 5413 1681 5447 ε

950 5466 993 5501 ⁰⁹
1030 5463 1292 5540 πολὺλΑε
1326 5463 1592 5540 πλεῖστον
1620 5413 1682 5540 ξ’

1990 5392 2038 5465 9?
2070 5388 2293 5465 ἔχοντας

1687 5510 1702 5525 .
1782 5470 1798 5503 ¹
1830 5464 1989 5519 οὖσαν
2023 5462 2445 5530 ἐπιῲανεστάτην
2476 5477 2593 5517 om.
2627 5464 2686 5516 Β.

2513 5387 2562 5423 ’8
2588 5405 2645 5441 τε
2677 5402 2794 5459 mg.
2827 5384 2963 5459 libri
2999 5380 3059 5459 δξ
3091 5387 3244 5459 qugd
3277 5385 3607 5459 adhebatur
3635 5384 3822 5459 πολλῇ,

2763 5446 2785 5493 δ
2814 5446 3125 5534 άγιαστείαξ
3338 5458 3361 5491 ³
3390 5455 3726 5515 τελεώτατον
3756 5446 3821 5531 gi

433 5534 459 5572 ⁴
489 5553 798 5607 συμπαντος
832 5544 869 5590 Β
899 5554 910 5592 :
947 5538 1327 5613 συμπαρόντος
1516 5539 1539 5572 ⁵
1570 5532 1855 5613 διατριϐὴν
1886 5541 1972 5595 A:
2013 5532 2208 5609 τριϐὴν

2019 5644 2249 5704 ΝΟΤίΕ.

511 5734 622 5813 (58)
652 5734 800 5792 Vide
830 5736 1017 5793 Strab.
1050 5739 1105 5794 et
1134 5736 1350 5797 Justin.
