4066 6216
262 326 423 389 1393

1350 324 1894 388 BIBLIOTHECA.
1941 359 2018 371 ——
2061 325 2234 388 COD.
2281 328 2585 392 CCXLIV.

3513 346 3667 405 1394

249 463 510 540 κρίσεων,
550 464 639 522 καὶ
668 465 768 536 τὴν
799 468 908 520 τῶν
946 465 1136 539 νόμων
1168 462 1258 520 καὶ
1305 467 1414 519 τῶν
1464 462 1598 518 ἐθων
1650 461 1899 541 φυλακὴν

2017 465 2287 538 pontiﬁce
2316 466 2588 538 loquente
2610 471 2886 528 cadentes
2910 474 2968 529 in
3002 477 3211 532 terram
3245 479 3508 536 adorent.
3542 482 3664 536 Ad-

243 554 466 617 τούτοις
496 555 770 630 ἐπέτρεψε·
806 552 892 609 διὸ
924 554 1014 609 καὶ
1058 553 1286 629 βασιλέα
1322 555 1416 627 μὲν
1467 552 1744 626 μηδέποτε
1789 557 1896 608 τῶν

243 642 553 715 Ἰουδαίων,
603 646 703 714 τὴν
754 641 812 699 δέ
859 648 956 699 τοῦ
1003 643 1254 716 πλήθους
1290 643 1621 719 προστασίαν
1656 641 1897 698 δίδοσθαι

244 732 339 790 διὰ
378 735 577 795 παντὸς
641 737 722 806 τῷ
789 731 1038 789 δοκοῦντι
1099 738 1204 788 τῶν
1265 733 1452 808 ἱερέων
1512 737 1774 812 φρονήσει
1813 733 1904 788 καί

245 824 415 900 ἀρετῇ
483 822 764 899 προέχειν.
823 827 1028 880 Τοῦτον
1086 820 1194 878 δέθ
1260 824 1750 898 προσαγορεύουσιν
1804 824 1898 894 ἀρ-

247 912 459 988 χιερέα,
510 913 600 967 καὶ
645 913 960 986 νομίζουσιν
998 911 1183 973 αὐτοῖς
1224 909 1460 988 ἄγγελον
1498 910 1742 986 γίνεσθαι
1790 915 1898 967 τῶν

247 1007 348 1058 τοῦ
396 1007 529 1058 Θεοῦ
580 1003 1041 1078 προσταγμάτων.
1090 1004 1299 1058 Τοῦτον
1349 999 1406 1056 δέ
1451 1001 1588 1057 κατά
1641 1001 1736 1064 τὰς
1776 1003 1896 1056 Ἐκ-

249 1091 488 1162 κλησίας
533 1092 622 1146 καὶ
669 1091 766 1156 τάς
813 1091 989 1153 ἄλλας
1037 1089 1295 1153 συνόδους
1346 1089 1506 1170 φησῖν
1554 1090 1790 1168 ἐκφέρειν
1831 1090 1898 1147 τὰ

249 1179 769 1256 παραγγελλόμενα·
831 1179 919 1235 καὶ
977 1181 1115 1254 πρὸς
1170 1184 1333 1236 τοῦτο
1372 1181 1436 1235 τὸ
1505 1179 1666 1253 μέρος
1725 1180 1897 1242 οὕτως

252 1270 493 1333 εὐπιθεῖς
523 1274 543 1307 ⁷
568 1271 810 1346 γίνεσθαι
851 1270 977 1331 τοὺς
1027 1267 1325 1332 Ἰουδαίους
1369 1269 1506 1324 ὥστε
1552 1275 1895 1344 παραχρῆμα

247 1361 550 1423 πίπτοντας
602 1359 687 1416 ἐπὶ
730 1362 828 1430 τὴν
885 1367 988 1434 γῆν
1027 1363 1346 1432 προσκυνεῖν
1400 1360 1491 1414 τὸν
1544 1358 1758 1420 τούτοις
1805 1360 1896 1433 έρ-

251 1450 552 1526 μηνεόοντα
590 1447 868 1525 ἀρχιερέα.
903 1450 1347 1524 Προσγέγραπται
1387 1451 1509 1521 [621
1562 1449 1650 1522 Η.]
1700 1445 1757 1502 δὲ
1802 1448 1892 1503 καὶ

243 1545 367 1601 τοῖς
398 1538 591 1613 νόμοις
619 1537 708 1592 ἐπὶ
758 1541 858 1603 τῆς
890 1537 915 1572 3
960 1535 1221 1606 τελευτῆς
1260 1535 1342 1592 ὅτι
1403 1538 1610 1605 Μωσῆς
1658 1536 1892 1599 ἀκούσας

240 1632 342 1684 τοῦ
408 1631 541 1684 Θεοῦ
600 1624 726 1683 τάδε
794 1625 944 1701 λέγει
995 1631 1112 1687 τοῖς
1173 1622 1480 1686 Ἰουδαίοις.
1561 1627 1892 1696 Ἐποιήσατο

243 1715 292 1773 δ’
323 1718 350 1772 ὁ
389 1716 691 1791 νομοθέτης
722 1720 828 1771 τῶν
860 1736 920 1770 τε
949 1713 1269 1789 πολεμικῶν
1303 1709 1473 1789 ἔργων
1499 1712 1716 1782 πολλὴν
1751 1716 1890 1788 πρὸο

2011 554 2199 610 ditum
2232 560 2321 612 est
2351 556 2409 611 in
2446 556 2558 613 ﬁne
2587 557 2733 631 legis
2761 577 2771 607 ε
2805 563 2934 618 Haec
2980 563 3142 620 Moses
3181 567 3424 637 loquitur
3451 571 3662 628 Judwi:

2009 643 2269 700 obediens
2301 647 2428 701 Deo.
2457 645 2727 715 Magnam
2759 651 2932 705 etiam
2966 651 3303 708 bellicarum
3338 657 3663 715 institutio-

2018 749 2154 788 num
2189 751 2384 790 curam
2419 735 2703 805 adhibuit,
2726 741 3085 812 juvenesque
3105 744 3174 796 ad
3209 743 3579 802 tolerantiam
3605 757 3662 805 et

2015 823 2438 895 fortitudinem,
2491 831 2548 881 et
2600 827 2670 882 ad
2713 844 2939 885 omnem
2989 831 3278 888 malorum
3311 835 3654 904 patientiam

2013 913 2264 968 exerceri
2286 913 2485 979 voluit.
2513 914 2696 970 Multa
2714 933 2947 989 quoque
2970 923 3172 975 contra
3194 922 3381 978 varios
3414 926 3659 994 populos

2012 1000 2165 1056 bella
2196 1002 2392 1070 gessit,
2430 1019 2819 1076 magnamque
2850 1009 3126 1081 subigens
3158 1014 3313 1066 sorte
3345 1027 3473 1067 eam
3510 1013 3660 1068 divi-

2010 1090 2085 1145 sit
2108 1091 2392 1162 ;aequales
2408 1093 2622 1165 populo
2642 1096 2959 1165 portiones,
2978 1100 3383 1157 sacerdotibus
3404 1103 3660 1172 majores

2011 1179 2336 1252 assignavit
2364 1197 2376 1236 :
2405 1185 2468 1236 ut
2496 1181 2732 1238 latiores
2751 1186 3034 1242 terminos
3052 1188 3440 1258 possidentes,
3469 1190 3654 1246 conti-

2010 1272 2211 1324 nenter
2235 1269 2358 1324 sine
2389 1270 2508 1353 ulla
2539 1271 2804 1328 molestia
2838 1275 2933 1330 Dei
2965 1277 3268 1334 sacriﬁciis
3298 1294 3656 1350 occuparen-

2008 1365 2120 1414 tur.
2154 1359 2268 1415 Nec
2299 1361 2473 1417 etiam
2524 1361 2752 1418 licitum
2799 1373 2915 1420 erat
2966 1367 3324 1438 pauperibus
3356 1368 3653 1440 portiones

2006 1447 2268 1519 proprias
2285 1450 2613 1519 divendere,
2637 1469 2708 1506 ne
2728 1453 2910 1524 aliqui
2937 1471 3037 1526 per
3053 1455 3351 1512 avaritiam
3380 1474 3652 1514 coemen-

2004 1541 2089 1592 tes
2119 1538 2322 1610 inopes
2353 1541 2686 1611 excludant,
2719 1547 2774 1598 et
2812 1544 2872 1598 in
2921 1561 3100 1601 causa
3138 1549 3255 1602 sint
3286 1550 3350 1602 ut
3402 1549 3651 1619 populus

2005 1627 2322 1683 minuatur.
2365 1630 2430 1684 In
2463 1630 2693 1701 regione
2726 1647 2936 1703 pueros
2968 1634 3043 1688 ali
3077 1633 3274 1704 voluit,
3311 1635 3410 1707 qui
3444 1636 3648 1706 exiguo

2002 1721 2238 1788 sumptu
2270 1717 2589 1786 alebantur,
2626 1725 2681 1776 et
2711 1721 2837 1776 ideo
2869 1723 3104 1794 COpiosa
3133 1727 3189 1778 et
3221 1724 3468 1780 fecunda
3497 1741 3649 1780 sem-

240 1828 416 1877 νοιαν,
469 1807 559 1861 καὶ
605 1805 734 1868 τοὺς
765 1805 918 1866 νέους
965 1805 1265 1880 ἠνάγκαζεν
1313 1803 1494 1858 ἀσκεῖν
1535 1800 1780 1876 ἀνδρείαν
1831 1824 1889 1858 τε

2017 1823 2099 1862 ier
2147 1809 2485 1865 Judaiorum
2541 1811 2701 1867 natio
2741 1813 2980 1868 exstitit.
3033 1814 3254 1870 Diversi
3295 1831 3527 1888 quoque
3577 1816 3649 1869 ab

243 1895 333 1952 καὶ
364 1897 648 1972 καρτερίαν
681 1897 704 1931 ⁹
731 1894 821 1950 καὶ
867 1895 930 1950 τὸ
963 1892 1186 1950 σύνολον
1237 1893 1520 1965 ὑπομονὴν
1567 1892 1746 1961 πάσης
1792 1914 1890 1947 κα-

244 1986 556 2052 κοπαθείας.
618 1988 891 2042 Ἑποιεῖτο
943 1982 1000 2039 δὲ
1044 1984 1136 2039 καὶ
1189 1984 1467 2056 στρατείας
1517 1982 1592 2045 εἷς
1636 1983 1703 2036 τά
1741 1981 1893 2053 πλη-

248 2075 498 2151 σιόχωρα
551 2078 660 2131 τῶν
729 2074 920 2142 ἐθνῶν,
976 2074 1067 2128 καὶ
1127 2070 1347 2142 πολλὴν
1411 2071 1891 2144 κατακτησάμενος

251 2167 441 2241 χώραν
473 2163 978 2240 κατεκληρούχησε,
1010 2167 1125 2225 τοῖς
1162 2163 1257 2236 μὲν
1290 2159 1534 2223 ἰδιώταις
1559 2160 1706 2223 ἴσους
1729 2163 1892 2231 ποιή-

156 2242 159 2243 ν
254 2276 350 2320 σας
393 2253 660 2329 κλήρους,
712 2258 833 2317 τοῖς
881 2251 937 2308 δὲ
985 2254 1184 2328 ἱερεῦσι
1239 2251 1510 2324 μείζονας,
1549 2248 1643 2304 ’ίνα
1676 2245 1893 2324 λαμϐά-

2000 1896 2128 1953 aliis
2159 1897 2214 1952 in
2250 1898 2471 1970 nuptiis
2503 1903 2561 1955 et
2599 1901 2917 1973 sepulturis
2948 1903 3202 1958 luerunt.
3255 1904 3364 1959 Sed
3417 1909 3650 1977 propter

2001 1986 2359 2043 accessiones
2392 2005 2518 2060 quas
2576 1994 2777 2060 postea
2806 2008 2836 2048 θ
2869 1992 3066 2049 multis
3096 1993 3358 2050 victoriis
3417 1995 3651 2050 accide—

2003 2080 2157 2144 runt,
2178 2077 2521 2133 monarchia
2542 2087 2748 2151 quarta
2770 2081 2994 2137 scilicet
3019 2083 3352 2150 Persarum,
3370 2087 3426 2138 et
3444 2083 3651 2139 deinde

2002 2165 2408 2232 Macedonum,
2437 2167 2621 2225 multa
2643 2170 2846 2240 patriis
2874 2171 3213 2228 Judzeorum
3245 2172 3532 2228 institutis
3552 2173 3650 2228 de-

2005 2262 2324 2312 cesserunt.

250 2365 433 2406 νοντες
491 2341 922 2418 ἀξιολογωτέρας
989 2339 1296 2417 προσόδους
1353 2339 1742 2419 ἀπερίσπαστοι
1803 2345 2048 2414 συνεχῶς
2103 2340 2506 2418 προσεδρεύωσι
2568 2345 2612 2382 ¹⁰
2667 2352 2785 2408 ταῖς
2851 2350 2958 2401 τοῦ
3033 2350 3166 2402 Θεοῦ
3257 2353 3466 2421 τιμαῖς.
3542 2349 3655 2406 Οὐκ

250 2433 372 2505 ἐξῆν
407 2431 462 2488 δὲ
495 2435 531 2470 ¹¹
566 2437 682 2495 τοῖς
711 2429 957 2494 ἰδιώταις
981 2432 1108 2493 τοὺς
1151 2428 1323 2494 ἰδίους
1350 2427 1593 2504 κλήρους
1623 2429 1854 2498 πωλεῖν,
1907 2429 2058 2493 ὅπως
2107 2433 2182 2503 μή
2232 2454 2376 2495 τινες
2419 2431 2508 2488 διά
2553 2433 2869 2506 πλεονεξίαν
2922 2437 3280 2512 ἀγοράζοντες
3337 2438 3464 2500 τοὺς
3513 2438 3654 2509 κλή-

247 2545 380 2601 ρους
436 2518 732 2580 ἐκθλίϐωσι
791 2522 917 2584 τοὺς
975 2521 1358 2597 ἀπορωτέρους
1421 2521 1509 2575 καὶ
1561 2520 2030 2590 κατασκευάζωσιν
2101 2520 2466 2599 ὀλιγανδρίαν.
2555 2529 2947 2604 Τεκνοτροφεῖν
3032 2549 3090 2582 τε
3174 2530 3449 2603 ἠνάγκαζε
3529 2531 3656 2589 τοὺς

250 2612 340 2668 ἐπὶ
422 2619 522 2682 τῆς
581 2610 791 2687 χώρας’
851 2611 941 2665 καὶ
1002 2608 1073 2665 δι’
1141 2609 1334 2686 ὀλίγης
1401 2606 1645 2679 δαπάνης
1702 2608 2110 2686 ἐκτρεφομένων
2169 2616 2278 2666 τῶν
2353 2615 2566 2687 βρεφῶν
2641 2614 2722 2669 ἀεὶ
2805 2615 2869 2670 τὸ
2951 2616 3100 2691 γένος
3182 2623 3290 2671 τῶν
3377 2613 3656 2672 Ἰουδαίων

249 2702 469 2777 ὑπῆρχε
525 2699 985 2771 πολυάνθρωπον.
1047 2700 1145 2754 Καὶ
1203 2699 1270 2752 τὰ
1325 2699 1450 2773 περί
1505 2699 1632 2760 τοὺς
1687 2697 1896 2774 γάμους
1957 2697 2012 2754 δὲ
2066 2700 2157 2754 καὶ
2205 2703 2300 2763 τὰς
2349 2708 2455 2757 τῶν
2497 2702 2876 2759 τελευτῶντων
2927 2707 3097 2782 ταφάς
3147 2704 3291 2761 πολὺ
3330 2707 3392 2760 τὸ
3434 2703 3655 2779 παρηλ-

249 2789 519 2867 λαγμένον
577 2785 721 2864 ἔχειν
758 2790 803 2827 ¹²
859 2788 1084 2859 ἐποίησε
1138 2787 1348 2860 νόμιμα
1404 2789 1541 2862 πρὸς
1593 2788 1662 2843 τά
1713 2794 1821 2843 τῶν
1880 2786 2068 2844 ἄλλων
2125 2791 2449 2866 ἀνθρώπιον.
2514 2795 2656 2849 Κατά
2716 2792 2772 2848 δὲ
2828 2797 2924 2856 τὰς
2977 2795 3194 2870 ὕστερον
3255 2796 3548 2871 γενομένας
3615 2797 3660 2834 ¹³

249 2880 590 2956 ἐπικρατείας
635 2877 694 2934 ἐκ
740 2884 839 2947 τῆς
877 2882 984 2933 τῶν
1038 2875 1368 2952 ἂλλοφόλων
1411 2877 1709 2951 ἐπιμιξίας,
1762 2875 1850 2932 ἐπὶ
1897 2880 2160 2950 τετάρτης
2233 2884 2278 2917 ¹⁴
2323 2887 2431 2937 τῶν
2497 2888 2713 2958 Περσῶν
2778 2885 3074 2960 ἡγεμονίας
3131 2886 3221 2940 καὶ
3286 2890 3395 2941 τῶν
3452 2886 3657 2956 ταύτην

247 2969 664 3026 καταλυσάντων
701 2964 1052 3036 Μακεδόνων,
1085 2965 1271 3022 πολλά
1300 2971 1408 3021 τῶν
1440 2967 1684 3042 πατρίων
1721 2971 1840 3028 τοῖς
1883 2964 2175 3030 Ἰουδαίοις
2205 2971 2458 3044 νομίμων
2503 2971 2749 3044 ἐκινήθη.

324 3058 482 3118 Οὕτω
544 3060 637 3131 μὲν
694 3055 963 3113 κάνταῦθά
1017 3078 1148 3134 φησι
1197 3056 1320 3131 περὶ
1368 3061 1478 3111 τῶν
1532 3058 1679 3131 παρά
1754 3057 1895 3114 Ἰουο

2084 3061 2275 3118 381a
2306 3063 2389 3119 Ita
2418 3063 2513 3120 hic
2545 3065 2615 3120 de
2665 3065 2922 3122 moribus
2960 3068 3016 3122 et
3065 3064 3296 3138 legibus
3340 3066 3649 3136 majorum,

259 3148 433 3210 δαίοις
465 3147 600 3203 ἐθῶν
636 3148 678 3184 ⁸⁵
715 3168 772 3202 τε
802 3147 891 3200 καὶ
933 3147 1214 3219 νομίμων,
1259 3147 1348 3200 καὶ
1393 3145 1570 3202 αὐτῶν
1603 3147 1648 3183 ¹⁶
1689 3144 1904 3201 ἐκείνων

259 3245 360 3308 τῆς
403 3238 453 3308 ἐξ
503 3235 778 3310 Αἲγόπτου
829 3233 1178 3310 ἀπαλλαγῆς,
1228 3235 1317 3288 καὶ
1374 3239 1470 3289 τοῦ
1529 3234 1674 3290 θείου
1742 3241 1909 3293 Matti-

260 3327 415 3398 σέως,
450 3323 807 3401 ψευδολογῶν
837 3323 904 3378 τὰ
942 3327 1193 3392 πλεῖστα,
1235 3323 1325 3377 καὶ
1375 3320 1732 3402 διερχόμενος
1775 3325 1911 3397 πρὸς

265 3415 392 3478 τοὺς
422 3413 687 3491 ἐλέγχους
728 3412 895 3468 πάλιν
947 3414 1020 3467 ὧν
1069 3411 1435 3487 κατεψεύσατο
1478 3420 1578 3482 τῆς
1629 3412 1910 3484 ἀληθείας,

267 3506 619 3581 ἀναχώρησιν
673 3505 846 3576 ἑαυτῷ
898 3498 1384 3576 μεθοδευσάμενος,
1445 3502 1521 3564 εἷς
1577 3499 1760 3577 ἕτερον
1821 3504 1911 3557 καὶ

266 3599 360 3649 νῦν
414 3593 662 3668 ἀναφέρει
707 3596 814 3647 τῶν
872 3591 1171 3667 εἰρημένων
1223 3591 1320 3658 τὴν
1380 3591 1754 3664 παριστορίαν·
1817 3590 1911 3646 ἐπ-

266 3683 387 3758 άγει
445 3681 546 3759 γὰρ
589 3700 604 3714 °
665 3682 794 3756 Περὶ
859 3680 953 3753 μὲν
1012 3684 1117 3733 τῶν
1176 3677 1460 3735 Ἰουδαίων
1541 3680 1824 3742 Ἑκαταῖος
1884 3680 1912 3734 ὁ

268 3771 545 3842 Μιλήσιος
574 3773 743 3825 ταῦτα
772 3768 1080 3842 ἱστόρηκεν.

867 3857 962 3913 Ἐκ
988 3861 1085 3912 τοῦ
1121 3857 1215 3930 μη¹
1249 3859 1311 3912 ¹’⁷.

334 3951 460 4007 ’Ότι
490 3950 519 4004 ’ὁ
564 3947 781 4025 λέγεται
832 3948 1214 4022 συνενεχθῆναι
1265 3943 1438 4000 αἶ’τιον
1490 3946 1720 4001 θανάτου
1772 3944 1916 4022 παρά

265 4059 430 4094 τινων
481 4033 732 4110 ’1ο6ιανῷ
779 4040 859 4108 τῷ
907 4035 1145 4112 βασιλεῖ,
1203 4036 1266 4090 τὸ
1325 4037 1806 4110 κατακοιμηθῆναι
1865 4034 1916 4089 ἐν

270 4123 410 4197 οἴκῳ
465 4123 660 4180 νεωστὶ
717 4124 1108 4198 κεκονιαμένῳ,
1172 4121 1302 4198 πυρὶ
1343 4118 1402 4177 δὲ
1461 4121 1550 4177 διὰ
1605 4123 1702 4192 τήν
1761 4121 1912 4196 ψύξιν

206 4218 208 4220 ’
271 4211 792 4289 ὑποθερμαινομένῳ
849 4212 938 4266 καὶ
993 4211 1199 4284 ἀτμοὺς
1257 4210 1463 4288 ἀφιέντι
1518 4211 1644 4274 τοὺς
1714 4212 1774 4267 ἐκ
1816 4218 1916 4281 τῆς

267 4303 654 4376 νενοτισμένης
706 4300 915 4370 κονίας,
967 4305 1128 4355 τοῦτο
1179 4300 1368 4358 ἐκόντα
1409 4299 1661 4357 ὑπελθεῖν
1712 4303 1919 4376 ἱστορεῖ

2019 3155 2071 3204 et
2103 3151 2369 3208 discessu
2417 3170 2618 3209 eorum
2666 3171 2734 3210 ex
2763 3155 3028 3226 lEgypto,
3076 3156 3257 3226 deque
3288 3171 3452 3211 sacro
3484 3155 3663 3223 Moss,

2019 3240 2077 3294 in
2112 3240 2314 3298 multis
2346 3244 2645 3312 mentitur,
2678 3243 2929 3315 plurima
2976 3243 3150 3300 etiam
3192 3261 3306 3300 non
3344 3244 3660 3313 attingens.

2023 3328 2087 3384 In
2120 3332 2594 3389 accusationibus
2644 3349 2794 3403 quas
2846 3339 3043 3388 contra
3091 3333 3392 3388 veritatem
3426 3331 3664 3402 profert,

2020 3418 2295 3489 deflectit,
2328 3423 2400 3478 ad
2433 3422 2612 3479 alium
2646 3421 2932 3480 dictorum
2967 3421 3364 3478 narrationem
3386 3421 3664 3477 referens.

2022 3510 2232 3568 Subdit
2261 3513 2414 3569 enim
2446 3514 2683 3571 statim:
2717 3515 2839 3570 H30
2880 3512 2948 3568 de
2987 3511 3200 3570 Iudaeis
3238 3513 3526 3568 Hecataeus
3556 3513 3666 3567 Μί-

2019 3601 2190 3659 tesiu:
2223 3602 2467 3659 tradidit
2497 3603 2627 3676 (59).

2396 3851 2438 3902 Ε
2467 3847 2608 3903 libro
2633 3843 3058 3917 quadragesimo
3090 3849 3292 3898 octavo.

2095 3944 2231 4006 Quae
2247 3933 2834 4008 Jovianoimperatori
2852 3933 2924 3988 ab
2948 3931 3240 4004 aliquibus
3259 3930 3464 3988 mortis
3489 3946 3670 3988 causa

2026 4030 2207 4087 fuisse
2239 4027 2506 4097 traditur,
2539 4031 2601 4081 ut
2649 4023 2874 4080 scilicet
2921 4021 3219 4078 dormiens
3267 4020 3326 4075 in
3377 4020 3549 4076 domo
3584 4037 3672 4075 re-

2027 4138 2164 4179 cens
2205 4119 2489 4188 inalbata,
2534 4120 2591 4172 et
2625 4115 2760 4188 igne
2791 4116 3025 4186 propter
3065 4111 3372 4166 humorem
3404 4109 3672 4178 excitato,

2026 4211 2337 4284 vaporibus
2364 4226 2395 4266 e
2443 4205 2674 4263 madida
2718 4203 2870 4261 calce
2901 4200 3325 4275 prodeuntibus
3355 4198 3675 4255 exstinctus

2028 4303 2106 4359 sit
2135 4301 2267 4374 (60),
2301 4299 2455 4355 hanc
2503 4299 2708 4368 sponte
2739 4291 3012 4349 Catulum
3054 4289 3305 4345 subiisse
3335 4288 3506 4360 longo
3538 4290 3673 4344 ante

271 4391 546 4468 Διόδωρος
601 4392 814 4448 Κάτλον
859 4391 907 4429 1⁸
948 4391 1084 4446 κατά
1127 4393 1255 4455 τοὺς
1287 4393 1486 4465 πολλῷ
1515 4395 1903 4467 παλαιοτέρουι

2017 4398 2287 4464 tempore
2315 4394 2507 4445 narrat
2541 4385 2859 4452 Diodorus;
2893 4397 3026 4437 nam
3069 4380 3129 4436 in
3164 4379 3309 4436 libro
3349 4378 3674 4451 quadrage-

269 4483 524 4560 χρόνους.
560 4481 704 4552 Φησὶ
735 4482 839 4557 γὰρ
871 4480 922 4536 ἐν
956 4483 1048 4555 μη’
1080 4480 1229 4558 λόγῳ
1258 4483 1393 4557 πρὸς
1425 4488 1492 4558 τῇ
1527 4482 1676 4559 ἀρχῇ
1728 4483 1809 4538 ὅτι
1861 4484 1913 4537 o't

266 4571 390 4647 περῖ
448 4572 542 4626 τὸν
606 4571 795 4626 Κίνναν
844 4569 933 4626 καὶ
992 4571 1201 4645 Μάριον
1259 4569 1698 4647 συνεδρεύσαντες
1781 4572 1916 4646 μετά

262 4665 370 4717 τῶν
428 4659 862 4740 ἐπιφανεστάτων
941 4660 1227 4735 ἡγεμόνων
1311 4656 1671 4718 ἐϐουλεύοντο
1765 4662 1916 4727 ὅπως

267 4745 503 4828 βεϐαίως
556 4750 936 4821 καταστήσωσι
1002 4750 1102 4819 τὴν
1159 4749 1380 4825 εἰρήνην
1417 4768 1432 4782 ⁸
1491 4751 1650 4816 τέλος
1735 4747 1910 4823 ἔδοξεν

263 4839 448 4902 αὐτοῖς
508 4838 634 4900 τοὺς
693 4837 1145 4916 ἐπιφανεστάτους
1197 4844 1307 4895 τῶν
1360 4838 1574 4916 ἐχθρῶν
1627 4842 1716 4896 καὶ
1761 4840 1913 4897 δυνα-

2025 4483 2175 4539 simo
2203 4483 2426 4548 octavo,
2459 4475 2648 4544 initio,
2681 4474 2803 4529 haec
2833 4471 3025 4528 habet.
3060 4469 3311 4526 Cinnani
3341 4473 3399 4524 et
3432 4465 3674 4523 Mariani

2024 4567 2336 4626 consilium
2357 4564 2620 4620 inierunt
2640 4576 2774 4617 cum
2808 4555 3307 4632 prastantissimis
3321 4555 3592 4623 ducibus,
3610 4558 3674 4608 ut

2025 4661 2191 4716 firma
2220 4658 2281 4714 in
2304 4671 2443 4730 pace
2467 4655 2743 4715 viverent.
2781 4655 2838 4707 et
2858 4650 3096 4706 tandem
3119 4647 3200 4704 ita
3228 4647 3671 4711 concluserunt,

2025 4756 2089 4808 ut
2118 4749 2495 4806 inimicorum
2527 4743 2880 4802 clarissimos
2911 4753 3196 4812 quosque,
3228 4740 3285 4794 et
3325 4738 3395 4792 de
3427 4734 3675 4807 imperio

2024 4839 2372 4898 contendere
2399 4836 2661 4894 valentes
2710 4831 3130 4900 interﬁcerent,
3182 4833 3246 4884 ut
3275 4825 3497 4884 scilicet
3524 4838 3675 4896 pura

1639 4970 1878 5026 νΑΡιΙΑι
1916 4965 2308 5026 LECTIONES

340 5096 362 5131 ⁸
391 5090 449 5148 δὲ
478 5095 715 5185 add}.
790 5094 1121 5185 :Eft‘ﬂimgti
1135 5095 1216 5185 ς’,

268 5167 316 5241 ‘9
345 5161 830 5241 προσεδρερωσμΒ
867 5186 879 5222 :
921 5160 1357 5241 προσεδρῖόσωσι
1546 5168 1626 5241 _“_
1657 5164 1714 5220 δὲ
1745 5183 1863 5241 om.

272 5223 631 5314 “ftétd'p‘tljﬂ
665 5239 860 5314 malim
881 5223 1136 5314 ﬁesﬁes
1175 5239 1228 5314 f5
1255 5223 1718 5314 παρᾶῗξιουδαίοις
1750 5223 2043 5314 ἐθώιίΒᾼοῐ
2072 5253 2219 5292 corr.
2253 5223 2334 5302 AT
2354 5234 2458 5314 qui
2485 5251 2572 5314 pr.
2599 5229 2750 5314 εταρά
2793 5223 2928 5314 ὲθῶν
3030 5223 3406 5314 παρεθῶνἠς;

1295 5095 1315 5130 ε
1352 5099 1452 5162 τῆς
1486 5112 1600 5153 om.
1639 5098 1701 5152 A.
1777 5095 1798 5130 ο
1827 5094 2109 5168 καρτερίαν
2136 5113 2193 5147 τε
2221 5090 2312 5146 καὶ
2351 5087 2596 5164 ἀνδρείαν
2649 5088 2829 5142 ἀσκεῖν
3027 5081 3205 5151 πάσης
3261 5077 3544 5166 ὑπομονὴν

1295 5187 1352 5205 .m
1390 5166 1452 5205 τ’
1576 5168 1618 5202 ιι
1657 5164 1711 5205 xz
1745 5183 1838 5205 nm
1901 5184 1965 5205 nr
2024 5169 2052 5205 Δ
2192 5165 2237 5199 12
2265 5157 2412 5205 ἕνην
2442 5178 2559 5205 nm-
2594 5167 2653 5205 Β-
2762 5159 2806 5196 1⁸
2859 5153 3171 5205 γενομένας]
3233 5149 3573 5205 ἐγνωσμενας
3651 5192 3664 5205 .

1899 5149 2085 5237 ρι’.Ἀ.
2192 5165 2237 5199 ¹²
2265 5157 2412 5237 ἔχειν
2442 5149 2560 5218 ὁῐη.
2594 5167 2655 5215 Β.
2762 5159 2806 5196 ¹⁸
2859 5149 3171 5230 γένομένας]
3233 5149 3573 5228 ἐγνωσμένας

1918 5243 1955 5275 n
1988 5244 2039 5275 at
2072 5253 2200 5275 μοι-ι·
2262 5239 2290 5275 Δ
2354 5234 2450 5275 nni
2487 5251 2554 5275 nr
2604 5229 2750 5275 ποιοᾶ
2793 5228 2973 5275 ἒθῶνῐ
3030 5226 3272 5275 παοεθῶν
3325 5223 3406 5275 ε’.
3487 5222 3531 5260 ίδ
3579 5240 3672 5275 αυ-

262 5313 398 5382 τῶν]
425 5294 521 5369 31.1-
562 5294 780 5380 aﬁ‘ﬁs?
833 5294 896 5350 id"
931 5294 1184 5384 μη’]’λη’
1218 5294 1632 5383 Wesselingius
1665 5294 1796 5384 post
1826 5294 2332 5366 Rhodomannum'.
2371 5294 2389 5307 ⁸
2412 5304 2460 5342 ¹⁸
2484 5294 2696 5358 Κάτλον
2728 5307 2862 5376 post
2903 5294 3131 5374 χρόνους
3173 5294 3455 5372 ροηὶίζ.

1847 5437 2078 5494 ΝΟΤᾸῦ.

351 5556 445 5632 59)
475 5556 620 5632 Yidp
651 5556 978 5632 Joserhﬁm
1003 5555 1110 5632 lib-
1145 5555 1413 5632 Myer-5w
1445 5555 1760 5632 Αηρίοηεηι·

354 5556 446 5701 59;
475 5556 620 5612 Vide
651 5556 978 5632 Josephum
1009 5556 1110 5612 lib.
1145 5556 1413 5613 Adversus
1445 5556 1760 5637 Appionem.

354 5629 426 5684 60
465 5629 539 5701 lu
565 5630 821 5700 Epitoma
861 5629 1018 5686 Sexti
1041 5628 1264 5701 Aurelii
1296 5627 1564 5684 Victoris.
1592 5627 1745 5701 «llic
1771 5627 1912 5701 dum

265 5719 298 5759 a
318 5698 554 5760 Perside
578 5698 765 5759 hiems
787 5717 996 5774 aspera
1018 5700 1324 5772 mediaque
1346 5698 1912 5771 Constantinopolim

2024 5552 2328 5619 accelerat,
2362 5549 2648 5606 cruditate
2696 5546 3003 5631 stomacbi
3027 5544 3266 5602 tectorio
3299 5541 3429 5599 novi
3473 5539 3665 5613 operis

2025 5631 2296 5697 gravatus
2327 5628 2503 5688 esset,
2540 5626 2772 5693 repente
2796 5626 3030 5675 interiit.
3070 5639 3096 5667 ››
