4066 6216
470 378 622 441 1395

1662 377 1924 440 ΡΗΟΤΙΙ
1968 376 2498 439 PATRIARCHE
2543 375 2658 434 CP.

3751 374 3905 435 i396

467 514 722 573 factione
743 530 938 572 eorum
968 514 1216 581 reddita,
1238 512 1463 584 reliquo
1482 515 1765 585 tempore,
1789 519 1851 568 ut
1872 511 2107 579 vellent,

2230 508 2419 583 μένους
2473 502 2890 580 ἀμφισϐητῆσαι
2956 506 3292 581 πραγμάτων
3343 506 3389 543 ί⁹
3456 507 3688 569 πάντας
3772 507 3902 560 ἄπο-

466 606 589 660 sine
620 605 824 660 timore
855 620 985 658 cum
1019 602 1223 657 amicis
1253 602 1378 658 suis
1410 602 1827 672 rempublicam
1857 603 2106 657 admini-

466 698 733 748 strarent.
767 696 955 756 Quare
986 692 1186 747 statim
1221 696 1417 763 pactas
1448 692 1811 747 conditiones
1843 697 1901 746 et
1934 692 2106 747 fidem

464 782 858 852 neglexerunt,
906 786 961 835 et
1008 782 1193 836 caedes
1234 782 1750 836 condemnatorum
1786 782 2024 852 impune
2055 786 2111 839 et

463 871 678 942 ubique
708 872 867 926 factae
900 876 1058 928 sunt.
1111 872 1359 935 Quintus
1392 888 1522 927 vero
1556 872 1823 927 Lutatius
1854 872 2113 940 Catulus,

463 959 565 1031 qui
587 959 985 1016 clarissimum
1011 961 1081 1015 de
1103 960 1354 1015 Cimbris
1382 960 1742 1031 triumphum
1776 965 1990 1031 egerat,
2016 978 2117 1030 po-

461 1045 601 1116 pulo
634 1046 794 1116 prius
843 1047 1227 1102 charissimus
1269 1065 1300 1101 a
1347 1047 1596 1117 quodam
1649 1048 1887 1102 tribuno
1928 1047 2115 1117 plebis

460 1134 612 1203 apud
644 1135 928 1205 populum
962 1152 1094 1190 reus
1129 1136 1334 1190 mortis
1370 1136 1553 1190 factus
1586 1140 1675 1190 est
1708 1152 1721 1192 :
1768 1151 1949 1206 quare
1984 1152 2113 1192 me-

459 1229 633 1279 tuens
663 1225 982 1293 periculum
1024 1242 1088 1280 ex
1131 1226 1526 1289 accusatione,
1560 1242 1921 1295 speransque
1953 1226 2115 1280 auxi-

462 1310 607 1366 lium
641 1312 879 1383 aliquod
913 1314 981 1367 ad
1019 1314 1258 1367 Marium
1311 1330 1373 1369 se
1422 1313 1699 1368 contulit:
1752 1314 1873 1385 ipse
1918 1321 2109 1369 autem

464 1405 637 1456 antea
695 1402 921 1457 amicus
971 1402 1117 1471 ejus,
1152 1407 1290 1457 tunc
1339 1404 1530 1457 elatus
1576 1404 1867 1473 superbia,
1922 1404 2113 1458 secius

462 1505 599 1561 erga
631 1507 763 1546 eum
788 1491 1026 1545 aﬂ‘eclus
1058 1497 1165 1555 est,
1192 1490 1542 1563 nullumque
1565 1492 1721 1545 aliud
1757 1507 2109 1563 responsum

462 1580 620 1633 dedit
668 1580 798 1648 nisi,
830 1580 1173 1635 Moriendum
1216 1592 1315 1636 est.
1360 1580 1597 1635 Catulus
1630 1597 1759 1635 vero
1812 1582 2113 1653 desperata

460 1669 649 1723 salute
681 1685 1001 1740 properans
1045 1669 1172 1725 sine
1202 1670 1415 1740 injuria
1447 1670 1620 1724 vitam
1654 1670 1986 1734 terminare,
2021 1686 2108 1725 se-

462 1758 658 1827 ipsum
693 1760 808 1813 vita
840 1759 1101 1829 privavit,
1138 1760 1313 1829 idque
1345 1776 1489 1815 novo
1516 1765 1572 1814 et
1612 1760 1893 1813 inusitato
1926 1774 2108 1827 more,

2220 604 2445 667 κτεῖναι,
2480 600 2641 670 [1156
2675 599 2765 671 3.]
2798 597 2949 656 ὅπως
2980 600 3213 669 καθαρᾶς
3244 597 3562 672 γενομένης
3594 602 3712 664 τῆς
3771 596 3903 657 ἰδίας

2218 687 2475 762 αἱρέσεως
2534 686 2622 739 καὶ
2677 682 2897 759 μερίδος
2956 681 3128 745 ἀδεῶς
3187 686 3246 740 τὸ
3299 683 3523 753 λοιπὸν,
3578 685 3683 737 καὶ
3730 686 3815 744 ὡς
3856 687 3903 739 Ξ.

2226 776 2564 851 βούλωνται,
2600 776 2735 845 μετὰ
2763 779 2869 827 τῶν
2902 773 3077 851 φίλων
3117 771 3363 829 διοικῶσι
3408 774 3453 808 ²⁰
3499 773 3569 827 τὰ
3607 775 3767 828 κατᾶ
3815 776 3903 841 τήν

2221 866 2539 942 ἡγεμονίαν,
2597 863 2767 923 Εὐθὺς
2816 863 2908 916 οὖν
2958 864 3065 917 τῶν
3120 864 3212 935 μὲν
3259 862 3650 938 γεγενημένων
3708 863 3906 917 συνθέ-

2223 976 2357 1010 σεων
2403 955 2491 1007 καὶ
2544 954 2778 1007 πίστεων
2827 952 3139 1025 ἠμέλησαν,
3204 953 3398 1031 σφαγαὶ
3454 949 3519 1006 δὲ
3564 958 3688 1007 τῶν
3734 974 3908 1007 κατα-

2223 1043 2597 1119 ψηφισθέντων
2644 1042 2832 1102 αὐτοῖς
2875 1044 3084 1115 ἀκριτοι
3130 1040 3218 1093 καὶ
3267 1046 3563 1117 πανταχοῦ
3622 1040 3903 1114 ἐγίνοντο.

2224 1132 2446 1192 Κόϊντος
2496 1133 2623 1201 [622
2672 1132 2764 1202 Η.]
2814 1127 2871 1184 δὲ
2922 1132 3219 1193 Λουτάτιος
3266 1131 3294 1183 ὁ
3328 1128 3573 1199 Κάτλος,
3628 1133 3903 1201 τεθριαμ-

2224 1217 2431 1280 ϐευκὼς
2493 1220 2585 1290 μὲν
2644 1218 2930 1290 ἐπισήμως
2987 1219 3093 1272 ἀπὸ
3163 1214 3446 1291 Κίμϐρων,
3506 1218 3895 1292 ἀγαπώμενος

2226 1305 2281 1361 δὲ
2306 1308 2407 1361 ὑπὸ
2437 1311 2546 1360 τῶν
2578 1306 2825 1361 πολιτῶν
2856 1306 3259 1380 περιττότερον,
3309 1306 3411 1360 ὑπό
3455 1326 3611 1369 τινος
3669 1305 3895 1378 δημάρ-

2228 1416 2335 1472 χου
2393 1397 2728 1470 κατηγορίας
2787 1395 3081 1470 ἐτύγχανεν
3140 1393 3191 1449 ἐν
3254 1400 3336 1466 τῷ
3395 1392 3563 1468 δήμῳ
3629 1398 3896 1452 θανάτου.

2225 1482 2579 1558 φοϐούμενος
2611 1484 2665 1539 δὲ
2704 1485 2795 1539 τὸν
2839 1485 2899 1539 ἐκ
2925 1491 3024 1553 τῆς
3056 1485 3419 1562 συκοφαντίας
3447 1483 3710 1539 κίνδυνον
3772 1490 3895 1552 ἧκεν

2224 1577 2299 1637 εἰς
2350 1577 2439 1629 τὸν
2488 1575 2720 1648 Μάριον,
2770 1572 3026 1647 δεόμενος
3073 1580 3260 1647 τυχεῖν
3316 1575 3601 1649 βοηθείας.
3636 1576 3706 1631 Ὁ
3752 1573 3808 1630 δὲ
3838 1575 3895 1629 τό

2227 1668 2319 1738 μὶν
2352 1664 2656 1740 ἔμπροσθεν
2689 1664 2928 1738 ἐγεγόνει
2970 1663 3159 1741 φίλος,
3190 1665 3314 1718 τότε
3343 1662 3387 1716 δ’
3428 1659 3485 1717 ἔκ
3546 1685 3707 1725 τινος
3765 1667 3894 1719 ὑπο-

2224 1758 2351 1829 ψίας
2387 1753 2697 1829 ἂλλοτρίως
2729 1750 2881 1833 ἔχωυ
2910 1755 3046 1828 πρὸς
3076 1753 3233 1808 αὐτὸν
3276 1758 3437 1808 τοῦτο
3464 1756 3632 1827 μόνον
3664 1755 3889 1827 ἀπεκρί-

461 1863 595 1902 nam
630 1848 935 1904 includens
969 1849 1228 1919 seipsum
1261 1848 1319 1903 in
1377 1850 1545 1903 domo
1588 1865 1791 1904 recens
1824 1848 2109 1913 dealbata,

2225 1846 2314 1914 θη,
2375 1850 2557 1899 Θανεῖν
2616 1842 2715 1901 δεῖ.
2780 1844 2881 1900 Καὶ
2937 1845 2963 1897 ὁ
3015 1843 3228 1904 Κάτλος
3287 1844 3565 1917 ἀπογνοὺς
3642 1846 3745 1916 μὲν
3796 1847 3888 1905 τὰς

461 1944 513 1992 el
544 1953 817 2008 vaporem
850 1954 881 1992 e
930 1938 1089 1993 calce
1138 1939 1274 2009 igne
1317 1942 1374 1993 et
1424 1938 1584 1993 fumo
1616 1939 1896 2008 excitans,
1931 1938 2112 2008 respi-

462 2026 630 2080 randi
664 2026 943 2081 facultate
972 2027 1291 2097 impeditus
1321 2028 1644 2082 exstinctus
1670 2033 1777 2082 est.

2228 1940 2329 2002 τῆς
2362 1935 2402 1969 ²¹
2438 1932 2710 2006 σωτηρίας
2758 1930 3002 1997 ἐλπίδας,
3054 1930 3299 1986 σπεύδων
3350 1930 3407 1986 δὲ
3456 1935 3638 2006 χωρῖς
3674 1928 3888 2007 ὕϐρεως

2224 2022 2586 2097 καταστρέψαι
2647 2023 2737 2076 τὸν
2793 2021 2932 2094 βίον,
2982 2023 3171 2076 ἑαυτὸν
3225 2025 3321 2076 τοῦ
3382 2026 3479 2093 ζῇν
3553 2022 3884 2093 μετέστησεν

464 2108 589 2181 ἰδίῳ
646 2112 753 2165 τινὶ
805 2113 895 2165 καὶ
952 2112 1407 2187 παρηλλαγμένῳ
1465 2115 1675 2188 τρόπῳ.
1740 2114 2041 2188 Συγκείσας
2099 2113 2288 2169 ἑαυτὸν
2350 2111 2425 2175 εἷς
2483 2112 2629 2165 οἶκόν
2687 2110 3031 2186 νεόχριστον,
3089 2112 3179 2165 καὶ
3232 2113 3329 2178 τήν
3390 2109 3450 2164 έκ
3513 2117 3620 2179 τῆς
3690 2112 3884 2171 κονίας

462 2198 728 2275 ἀναφορὰν
758 2201 888 2273 πυρὶ
920 2203 1007 2255 καὶ
1040 2207 1230 2273 καπνῷ
1263 2203 1619 2272 συναυεήσας,
1647 2205 1719 2274 τῇ
1747 2210 1846 2272 τῆς
1878 2204 2161 2273 ἀναπνοῆς
2202 2205 2375 2280 φθορᾷ
2405 2204 2733 2276 περιπνιγής
2767 2203 2814 2237 ²²
2844 2201 3135 2274 γενόμενος
3165 2199 3499 2271 ἀπήλλαξεν.

971 2294 1057 2347 Ea:
1086 2294 1368 2347 tricesimo
1397 2294 1598 2364 primo.

534 2378 663 2433 Haec
696 2380 836 2434 dum
870 2386 1172 2451 geruntur,
1207 2386 1449 2436 Romam
1483 2382 1670 2437 8811)
1704 2398 1910 2438 venere
1941 2382 2116 2455 legati

466 2465 851 2533 Rhodiorum,
901 2470 971 2522 ad
1022 2469 1295 2524 diluenda
1347 2470 1559 2540 quibus
1590 2471 1857 2542 impediti
1889 2473 2117 2527 fuerant

465 2553 730 2609 crimina.
766 2556 1132 2612 Videbantur
1163 2558 1319 2612 enim
1356 2559 1411 2611 in
1438 2557 1609 2624 bello,
1648 2560 1798 2630 quod
1836 2562 2114 2615 adversus

468 2642 739 2698 Perseum
770 2649 998 2715 gestum
1022 2649 1131 2713 est,
1157 2646 1369 2701 animis
1391 2648 1459 2702 ad
1489 2664 1679 2713 regem
1708 2648 2043 2715 inclinasse,
2061 2653 2119 2703 et

466 2747 643 2801 quam
675 2748 807 2787 cum
834 2734 1109 2789 Romanis
1133 2734 1427 2790 habebant
1458 2736 2113 2807 amicitiam,prodiisse.

467 2820 732 2891 Cumque
766 2823 908 2877 nihil
944 2824 1234 2896 legatione
1264 2843 1371 2880 sua
1404 2828 1767 2897 proﬁcerent,
1801 2828 2117 2897 desponsa-

468 2909 610 2963 bant
640 2910 891 2977 animos,
924 2917 980 2967 et
1010 2930 1141 2968 cum
1173 2914 1449 2985 lacrymis
1483 2914 1771 2985 colloquia
1803 2915 2113 2971 habebant.

471 2997 611 3054 Cum
645 3005 840 3055 autem
875 3016 972 3056 eos
1006 3002 1063 3056 in
1096 3008 1358 3058 senatum
1394 3004 1814 3059 introduxisset
1846 3020 1998 3058 unus
2024 3005 2121 3059 tri-

472 3087 788 3157 bunorum,
824 3090 1057 3145 nomine
1087 3092 1388 3160 Antonius,
1424 3093 1652 3163 primus
1693 3094 2013 3148 orationem
2049 3094 2119 3148 de

467 3176 758 3247 legatione
780 3179 974 3233 habuit
993 3181 1373 3252 Philophron,
1390 3187 1446 3235 et
1468 3184 1793 3236 secundum
1820 3188 2116 3253 posteum,

469 3268 837 3337 Astymedes.
872 3271 939 3321 Hi
972 3286 1103 3323 cum
1152 3270 1333 3324 multa
1364 3270 1705 3341 suppliciter
1743 3276 1800 3325 et
1842 3272 2113 3342 depreca-

471 3355 617 3409 torie
643 3355 949 3419 dixissent.
973 3364 1031 3412 et
1056 3358 1128 3413 ad
1148 3360 1575 3428 extremum(ut
1598 3364 1682 3413 est
1705 3359 1761 3412 in
1785 3360 2110 3431 proverbio)

466 3458 743 3514 cygneam
779 3445 1109 3500 cantionem
1134 3447 1503 3513 cecinissent,
1533 3461 1681 3517 aegre
1711 3462 1987 3515 responsa
2016 3465 2113 3503 ac-

463 3538 764 3603 ceperunt,
786 3550 889 3603 per
910 3551 1036 3602 qua:
1057 3535 1130 3588 ab
1154 3539 1409 3589 extremo
1432 3536 1667 3605 quidem
1703 3540 1857 3590 metu
1879 3535 2109 3592 liberati

466 3625 609 3675 sunt
639 3623 739 3677 sed
771 3623 843 3678 de
873 3623 1223 3680 criminibus
1254 3624 1457 3680 acerbe
1485 3623 1799 3695 objurgati.

532 3802 721 3866 Quare
744 3803 873 3861 licet
895 3806 1048 3876 apud
1076 3805 1364 3861 Romanos
1389 3806 1580 3861 videre
1594 3806 2107 3878 praestantissimos

462 3908 721 3963 quosque
762 3894 830 3948 de
878 3894 1062 3966 gloria
1109 3897 1545 3962 centendentes,
1578 3912 1681 3966 per
1731 3914 1876 3969 quos
1907 3898 2106 3953 omnia

462 3996 609 4051 pene
634 3982 885 4037 maxima
906 4002 935 4038 a
960 3984 1173 4055 populo
1199 3986 1597 4055 perficiuntur.
1619 3986 1729 4040 Sed
1764 3987 1820 4041 in
1855 3987 1984 4042 aliis
2008 4004 2102 4041 ur-

457 4070 631 4125 bibus
663 4071 775 4126 sibi
806 4071 951 4141 ipsis
982 4089 1183 4128 omnes
1214 4073 1497 4139 invident,
1522 4074 1769 4130 Romani
1794 4092 1923 4131 vero
1957 4077 2102 4131 invi-

456 4174 580 4214 cem
614 4158 876 4227 laudant,
907 4162 1056 4215 unde
1088 4162 1274 4217 evenit
1295 4164 1514 4233 optime
1547 4167 1603 4217 et
1634 4163 1947 4220 fortissime
1980 4181 2099 4220 rem

460 4255 520 4301 ut
552 4254 776 4317 gerant,
820 4250 1238 4321 rempublicam
1289 4252 1649 4323 amplificare
1698 4254 1999 4309 studentes
2047 4260 2103 4310 et

458 4336 556 4390 alii
590 4337 807 4405 injuste
838 4340 1180 4409 sentientes,
1213 4345 1270 4395 et
1319 4341 1543 4410 seipsos
1583 4341 2101 4399 circumvenientes

459 4423 704 4495 patriam
742 4428 1007 4496 perdant.

530 4604 799 4660 Perseum
821 4605 1096 4664 ultimum
1120 4625 1311 4682 regem
1343 4610 1715 4679 Macedoniae,
1733 4616 2037 4683 postquam
2054 4614 2101 4669 is

2865 2291 2961 2347 Ἐκ
2996 2311 3092 2345 του
3126 2290 3228 2346 λα’.

2296 2387 2448 2453 "Ap:
2498 2378 2554 2434 δὲ
2600 2379 2816 2441 τούτοίς
2868 2380 3261 2453 πραττομένοις
3311 2378 3386 2443 εἰς
3442 2380 3673 2453 Ῥώμην
3744 2400 3877 2451 παρ-

2231 2469 2473 2543 εγένοντο
2524 2464 2851 2542 πρεσϐευταὶ
2901 2465 3145 2535 Ῥοδίων,
3194 2469 3288 2530 τὰς
3336 2473 3721 2543 γεγευημένας
3769 2466 3880 2521 δια-

2227 2551 2395 2617 ϐολὰς
2442 2556 2559 2609 κατ’
2608 2554 2786 2608 αὐτῶν
2838 2552 3232 2609 ἀπολύσασθαι·
3285 2552 3509 2608 ἐδόκουν
3561 2558 3667 2629 γὰρ
3718 2555 3768 2609 ἐν
3807 2560 3877 2624 τῷ

2225 2646 2361 2715 πρὸς
2421 2647 2626 2717 Περσέα
2682 2641 2919 2717 πολέμῳ
2975 2648 3094 2705 ταῖς
3156 2644 3390 2705 εὐνοίαις
3462 2645 3872 2699 ἀποκεκλικέναι

2226 2735 2361 2809 πρὸς
2399 2735 2490 2788 τὸν
2550 2731 2779 2805 βασιλέα
2829 2732 2916 2787 καὶ
2964 2729 3366 2806 προδεδωκέναι
3414 2734 3517 2801 τήν
3568 2735 3708 2802 πρὸς
3750 2740 3874 2787 Ῥω·-

2230 2824 2423 2895 μαίους
2468 2821 2673 2899 φιλίαν.
2738 2818 2920 2891 Μηδὲν
2980 2821 3035 2875 δὲ
3094 2822 3347 2882 ἀνύοντες
3405 2823 3481 2875 ὧν
3554 2819 3869 2897 ἐπρέσϐευον

2226 2914 2303 2977 εἰς
2332 2912 2568 2986 ἀθυμίαν.)
2610 2911 2912 2977 ἐνέπιπτον,
2962 2910 3049 2965 καὶ
3104 2911 3238 2983 μετᾶ
3287 2908 3539 2984 δακρύων
3592 2912 3865 2966 ἐποιοῦντο

2224 3004 2318 3065 τὰς
2366 3003 2636 3074 ἐντεύξεις.
2698 2999 3098 3076 Εἰσαγαγόντος
3149 2997 3207 3054 δὲ
3258 3001 3455 3061 αὐτοὺς
3507 3001 3584 3062 εἷς
3613 3005 3712 3069 τὴν
3745 3003 3867 3077 σύγο

2223 3090 2427 3162 κλητον
2482 3091 2597 3152 ἑνὸς
2642 3095 2749 3145 τῶν
2802 3088 3106 3164 δημαρχων
3157 3090 3452 3144 ’Δντωνίυυ
3502 3095 3713 3161 πρῶτος
3771 3094 3867 3161 μὲν

2226 3180 2461 3235 ἐποιεῖτο
2506 3182 2596 3233 τον
2650 3179 2778 3250 ὑπὲρ
2817 3186 2915 3247 τῆς
2974 3173 3261 3250 πρεσϐείας
3319 3179 3481 3255 λόγον
3541 3178 3868 3256 Φιλόσρρων,

2229 3270 2359 3342 μετὰ
2409 3266 2463 3322 δὲ
2510 3272 2700 3322 τοῦτον
2748 3264 3120 3339 ’Λστυμηδης.
3178 3266 3373 3322 Πολλὰ
3413 3266 3471 3322 δὲ
3511 3269 3652 3343 πρὸς
3686 3266 3862 3337 δέησιν

2223 3358 2313 3413 καὶ
2366 3359 2692 3433 παραίτησιν
2750 3356 3015 3425 εἰπόντες,
3074 3356 3164 3410 καὶ
3221 3358 3285 3411 τὸ
3340 3357 3659 3412 τελευταῖον
3741 3360 3871 3411 κατὰ

2222 3449 2318 3516 τήν
2383 3448 2682 3523 παροιμίαν
2742 3448 2803 3500 τὸ
2850 3447 3095 3500 κύκνειον
3145 3445 3386 3515 ᾄσαντες,
3442 3445 3614 3517 μόλις
3671 3442 3866 3500 ἔλαϐον

2222 3537 2555 3612 ἀποκρίσεις,
2616 3534 2682 3590 δι’
2734 3537 2809 3589 ὧν
2860 3538 2956 3589 τοῦ
3011 3534 3106 3606 μὲν
3150 3534 3493 3608 ὁλοσχεροῦς
3530 3532 3705 3607 φόϐου
3738 3556 3867 3607 mp-

2218 3626 2508 3696 ελύθησαν,
2543 3624 2665 3700 περὶ
2712 3624 2769 3679 δὲ
2820 3628 2928 3678 τῶν
2977 3622 3344 3699 ἐγκλημάτων
3398 3630 3614 3698 πικρῶς
3660 3622 3865 3679 ὠνειδὶο

2216 3719 2438 3787 οθησαν.

2293 3808 2489 3881 Διόπερ
2541 3804 2673 3860 ἰδεῖν
2726 3799 2835 3859 ἔστι
2881 3803 3028 3877 παρᾶ
3087 3802 3389 3875 Ῥωμαίοις
3447 3803 3577 3864 τοὺς
3629 3803 3872 3883 ἐπιφανε-

2215 3896 2441 3955 στάτους
2491 3892 2683 3964 ἄνδρας
2733 3894 2864 3967 ὑπὲρ
2924 3890 3086 3962 δόξης
3143 3892 3595 3965 ἁμιλλωμένους,
3669 3890 3741 3946 δι’
3790 3894 3856 3945 ὧν

2215 3984 2423 4038 ἅπαντα
2473 3981 2665 4056 σχεδὸν
2712 3982 2777 4036 τὰ
2830 3982 3062 4055 μέγιστα
3108 3984 3186 4051 τῷ
3235 3977 3401 4053 δήμῳ
3447 3984 3853 4054 κατορθοῦνται.

2212 4076 2300 4129 Ἑν
2356 4075 2447 4145 μὲν
2487 4073 2588 4145 γὰρ
2636 4077 2752 4135 τοῖς
2796 4071 2988 4133 ἄλλοις
3040 4069 3403 4142 πολιτεύμασι
3460 4070 3849 4139 ζηὶιοτυποῦσιν

2211 4160 2522 4231 ἀλλήλους,
2555 4163 2825 4235 Ῥωμαῖοι
2858 4157 2915 4214 δὲ
2946 4160 3277 4215 ἐπαινοῦσιν.
3316 4160 3399 4228 ἘΞ
3433 4159 3525 4213 οὖν
3576 4154 3846 4232 συμϐαένει

2216 4250 2453 4324 μάλιστα
2477 4252 2603 4314 τοὺς
2638 4251 2730 4323 μὲν
2776 4250 3028 4325 πράσσειν
3078 4250 3144 4302 τὰ
3192 4246 3461 4303 κάλλιστα
3501 4254 3607 4301 τῶν
3660 4246 3848 4322 ἔργων,

2212 4339 2637 4414 ἁμιλλωμένους
2679 4337 2850 4412 αὔξειν
2903 4340 2965 4393 τὸ
3014 4343 3169 4411 κοινῇ
3206 4338 3251 4372 2³
3302 4337 3600 4412 συμφέρον,
3650 4340 3767 4396 τοὺς
3800 4334 3841 4387 δ’

2212 4426 2419 4492 ἄλλους
2444 4426 2890 4498 ἀδικοδοξοῦντας
2913 4429 3115 4487 καὶτὰς
3147 4423 3413 4496 ἀλλήλων
3448 4427 3492 4461 ²⁴
3524 4422 3780 4487 ἰπιϐολᾶς
3800 4424 3842 4459 ³⁵

2213 4518 2651 4593 λυμαινομένους
2695 4517 2955 4591 βλάπτειν
2987 4518 3085 4587 τήν
3115 4512 3369 4589 πατρίδα.

2283 4611 2403 4665 "0n
2466 4605 2671 4682 Περσέα
2716 4607 2776 4659 τὸ
2833 4604 3146 4659 τελευταῖον
3208 4600 3545 4665 Μακεδονίας
3601 4601 3835 4676 βασιλέα,

456 4709 608 4763 saepe
633 4709 766 4749 cum
802 4694 1081 4753 Romanis
1103 4698 1424 4753 amicitiam
1454 4698 1606 4765 iniit,
1640 4716 1790 4771 saepe
1814 4700 1950 4755 item
1984 4718 2097 4756 non

2225 4696 2481 4758 πολλάκις
2509 4696 2809 4768 Ῥωμαίοις
2839 4692 2927 4747 διὰ
2959 4692 3147 4771 φιλίας
3170 4688 3341 4762 ἰόντα,
3375 4690 3641 4752 πολλάκις
3680 4688 3733 4744 δὲ
3753 4691 3836 4743 καὶ

454 4786 879 4841 contemnendo
910 4786 1161 4843 exercitu
1185 4787 1400 4843 bellum
1427 4788 1625 4858 gessit,
1656 4789 1892 4843 tandem
1919 4790 2102 4844 [Emi-

453 4872 570 4929 lius
601 4873 952 4930 debellatum
985 4876 1152 4945 cepit,
1187 4884 1239 4931 et
1272 4876 1608 4945 praeclarum
1640 4878 1712 4931 ob
1762 4892 1889 4933 eam
1925 4878 2098 4933 victo-

454 4962 597 5019 riam
630 4965 993 5036 triumphum
1028 4965 1161 5035 egit.
1197 4971 1436 5021 Perseus
1463 4982 1594 5021 vero
1635 4968 1815 5023 tantis
1847 4968 2099 5039 agitatus

453 5051 885 5108 calamitatibus
919 5061 979 5108 ut
1010 5053 1230 5109 similes
1259 5070 1385 5109 esse
1414 5053 1719 5109 videantur
1766 5058 1895 5126 ejus
1930 5074 2101 5113 casus

452 5136 661 5195 fabulis
711 5157 902 5197 rerum
960 5158 1264 5213 nunquam
1315 5149 1635 5215 gestarum,
1683 5160 1755 5200 ne
1804 5145 2100 5202 discedere

453 5225 684 5294 quidem
718 5245 748 5285 e
778 5231 895 5286 vita
925 5230 1174 5288 volebat.
1209 5232 1557 5304 Priusquam
1590 5232 1742 5288 enim
1764 5241 2001 5289 senatus
2029 5237 2099 5289 de

448 5326 518 5369 so
566 5321 1025 5391 pronuntiasset,
1074 5323 1216 5394 quid
1285 5324 1611 5379 faciendum
1673 5331 1819 5380 esset
1876 5325 2098 5380 urbano

2212 4790 2433 4858 στρατιᾷ
2465 4786 2563 4839 οὐκ
2594 4782 2935 4856 ἀναξιολόγῳ
2966 4780 3354 4853 πολεμήσαντα
3384 4779 3545 4841 τέλος
3596 4778 3838 4851 Αἰμίλιος

2210 4874 2667 4947 καταπολεμήσας
2703 4874 2841 4940 εἷλε,
2886 4871 2973 4925 καὶ
3027 4869 3280 4943 λαμπρὸν
3333 4865 3601 4941 θρίαμϐον
3650 4869 3733 4923 ἐπὶ
3776 4872 3833 4938 τῇ

2208 4966 2332 5039 νίκῃ
2392 4966 2690 5039 κατήγαγε.
2744 4962 2976 5037 Περσεὺς
3027 4958 3085 5013 δὲ
3132 4958 3496 5029 τηλικαύταις
3553 4957 3837 5032 περιπεσὼν

2211 5059 2513 5131 συμφοραῖς
2535 5051 2673 5107 ὥστε
2695 5051 2869 5107 δοκεῖν
2894 5050 3060 5123 ὅμοια
3082 5049 3271 5120 μύθοις
3296 5047 3590 5120 ἀγενήτοις
3631 5050 3759 5103 εἶναι
3779 5048 3834 5100 τα

2210 5145 2353 5214 πάθη
2385 5145 2450 5199 τὰ
2488 5145 2607 5219 περὶ
2643 5142 2822 5211 αὐτὸν,
2856 5138 2968 5195 οὔδ’
2999 5137 3339 5206 ἀπολυθῆναι
3388 5140 3485 5191 τοῦ
3539 5142 3634 5210 ζῇν
3670 5137 3831 5205 ἤθελε.

2214 5236 2343 5309 Πρὶν
2372 5234 2475 5309 γὰρ
2506 5234 2540 5303 ἢ
2572 5234 2671 5300 τήν
2695 5229 3003 5307 σύγκλητον
3026 5229 3157 5302 ὑπὲρ
3179 5226 3343 5280 αὐτοῦ
3373 5221 3657 5281 διαλαϐεῖν
3690 5228 3717 5280 ὃ
3739 5225 3832 5302 χρῆ

2209 5326 2421 5390 παθεῖν,
2450 5327 2559 5376 τῶν
2592 5320 2726 5375 κατά
2754 5318 2918 5373 πόλιν
2962 5320 3273 5391 στρατηγῶν
3303 5314 3351 5350 ¹⁶
3400 5315 3482 5374 εἷς
3531 5311 3772 5370 ὲνέὸαλεν
3798 5312 3833 5349 ’τ

1810 5442 2033 5498 νΑιιιΕ
2071 5441 2480 5498 LECTIONES.

522 5546 567 5583 ¹⁹
594 5545 734 5654 331:9.
769 5553 1233 5638 περιπραγμάτων
1266 5557 1304 5611 Β
1498 5558 1543 5594 ²⁰
1573 5553 1814 5613 δοικοῦσι
2006 5560 2047 5596 ²¹
2081 5563 2181 5627 τῆς
2214 5561 2345 5614 add.
2380 5562 2448 5615 Α.
2525 5558 2571 5593 ²²
2602 5574 2821 5663 περιπνι
2865 5555 2931 5623 ἠς
2978 5561 3013 5643 l3
3058 5558 3114 5609 et
3162 5566 3305 5637 corr.
3352 5550 3396 5604 Η

522 5660 534 5674 .
686 5640 842 5683 κοινῃ
878 5633 913 5679 Β
946 5645 959 5683 :
992 5628 1168 5681 κοινὸν
1200 5628 1279 5683 ς’.
1359 5630 1402 5666 ³⁸
1432 5627 1698 5683 αλλήλων
1732 5632 1769 5683 Β
1802 5636 1859 5683 et
1886 5648 2033 5683 corr.
2068 5634 2134 5683 Α.
2178 5628 2466 5683 ἀλλήλους
2502 5629 2583 5683 ς’.
2688 5630 2709 5664 ⁵
2740 5573 3035 5683 ἐπιόουλας
3066 5657 3134 5668 -—-
3168 5621 3396 5683 Βλαπτει

451 5616 534 5692 ς’.
611 5616 659 5654 ³³
686 5616 845 5702 κοινῇ
878 5616 970 5702 B::_
992 5616 1279 5702 κ’όινρν
1352 5616 1698 5702 ἶδᾼᾶλλήλων
1732 5632 1769 5685 Β
1802 5616 2033 5687 etdcorr.
2068 5616 2147 5686 Α..
2170 5616 2466 5699 ⁷ἀλλήλους
2662 5616 2709 5664 i5

878 5633 913 5679 Β
930 5645 970 5701 _:_
992 5628 1168 5701 κὀινρν

452 5692 753 5767 στρατηγὸν
783 5692 846 5752 Β.
925 5697 970 5731 ’7
1002 5692 1279 5753 εἰσέϐαλόν
1315 5707 1371 5770 Β,
1405 5692 1691 5756 ἐνέϐαλλεν

3451 5563 3497 5633 :_
3518 5548 3831 5637 περιπνιγεῖς

2872 5620 3035 5686 ουλὰς
3066 5657 3134 5668 --
3168 5621 3399 5697 βλάπτει

2689 5630 2709 5664 ⁵
2740 5623 3035 5682 ἐπιϐουλὰς
3066 5657 3134 5668 --
3168 5623 3399 5682 Βλάπτει
3432 5623 3517 5682 ς’.
3600 5623 3647 5657 ³⁸
3678 5623 3825 5676 τὸν-
