4066 6216
279 338 430 399 1397

1365 323 1907 389 BlBLIOTHE‘CA.
1954 353 2030 369 -ι
2074 319 2246 381 COD.
2295 319 2593 382 CtJXLIV.

3514 314 3672 372 1398

269 472 432 530 αὐτὸν
491 472 566 534 εἰς
619 469 712 527 τὸν
763 467 814 524 ἐν
874 463 1110 532 ’Ἃλϐαις
1149 465 1418 540 κᾶρκαρον
1468 465 1596 537 [623
1643 463 1736 534 11.]
1785 457 1918 534 μετᾶ

2035 456 2280 529 praetori,
2315 457 2564 526 conjecit
2595 468 2731 508 eum
2765 451 2824 508 in
2858 466 3171 520 carcerem,
3217 449 3316 522 qui
3367 452 3453 505 est
3495 449 3676 514 Albae,

268 567 378 617 τῶν
407 561 624 618 τέκνων.
668 560 819 615 Ἐστι
860 556 916 612 δὲ
965 558 993 612 ὁ
1048 557 1317 631 κάρχαρος
1373 552 1586 628 ὄρυγμα
1633 551 1919 626 κατάγειον

272 653 430 728 βαθὺ,
462 651 524 706 τὸ
561 651 653 723 μὲν
686 649 912 722 μέγεθος
944 643 1074 724 ἕχον
1109 647 1157 682 ³⁸
1187 643 1340 700 οἷ’κου
1392 640 1628 716 μάλιστά
1675 661 1792 701 πως
1834 637 1918 693 ἐν·

265 737 552 795 νεακλίνου
602 738 667 806 ²⁹,
716 737 912 792 σκότου
955 736 1001 770 ³ο
1053 733 1107 789 δὲ
1157 731 1366 808 πλῆρες
1401 734 1445 768 ³³
1493 730 1584 784 καὶ
1621 727 1918 800 δυσοσμίας

271 828 362 885 διὰ
417 827 482 882 τὸ
538 825 754 896 πλῆθος
822 829 930 881 τῶν
988 820 1440 898 παραδεδομένων
1491 819 1564 880 εἲς
1607 823 1796 874 τοῦτον
1828 817 1920 871 τὸν

270 917 440 973 τόπον
469 915 706 991 ἀνδρῶν,
750 919 857 970 τῶν
907 913 993 969 ἐπὶ
1043 915 1345 972 Θανατικοῖς
1397 907 1707 984 ἐγκλήμασι
1749 926 1918 961 κατα-

274 1007 648 1079 δικαζομένων
692 1005 855 1077 [1157
906 1004 999 1076 R.]
1047 1003 1121 1056 ὧν
1173 1001 1224 1056 ἐν
1262 998 1484 1060 ἐκείνοις
1531 1003 1645 1059 τοῖς
1693 997 1919 1071 χρόνοις

274 1098 326 1151 οἱ
383 1095 612 1157 πλείους
668 1094 894 1149 ἐνταῦθα
967 1091 1366 1167 καθείργνυντο·
1464 1087 1516 1143 ἐν
1582 1087 1727 1142 οὕτω
1816 1085 1918 1160 γάρ

274 1189 540 1256 στενωπῷ
612 1182 1108 1260 συγκεκλὲισμένων
1164 1178 1391 1235 πολλῶν
1439 1176 1648 1251 ἀνδρῶν
1716 1175 1919 1244 ἀπεθη-

273 1280 460 1351 ριοῦτο
491 1275 559 1330 τὰ
587 1279 696 1329 τῶν
729 1274 947 1348 ἀτυχῶν
979 1272 1229 1344 σώματα,
1268 1275 1378 1324 τῶν
1428 1289 1485 1323 τε
1523 1266 1660 1341 πρὸς
1710 1266 1917 1343 τροφὴν

271 1365 364 1420 καὶ
415 1365 513 1434 τὴν
560 1361 740 1434 ἄλλην
793 1367 962 1417 πᾶσαν
1012 1360 1200 1437 ’χρείαν
1252 1357 1559 1428 ἀνηκόντων
1609 1356 1822 1410 πάντων
1870 1353 1920 1407 ἐν

270 1454 452 1525 ταῦτῷ
501 1453 857 1528 πεφυρμένων
915 1449 1185 1519 τοσαύτην
1245 1447 1604 1524 προσπίπτειν
1655 1440 1922 1499 δυσωδίαν

275 1542 604 1618 συνέϐαινεν,
674 1544 811 1601 ὥστε
876 1541 1082 1618 μηδένα
1151 1547 1258 1598 τῶν
1314 1540 1652 1615 προσιόντων
1719 1535 1921 1612 ῥᾳδίως

275 1634 536 1692 δύνασθαι
589 1642 936 1711 καρτερῆραι.
1009 1631 1124 1711 Ἐφ’
1180 1633 1388 1705 ἡμέρας
1466 1630 1562 1702 μὲν
1617 1628 1709 1683 οὖν
1789 1629 1921 1683 ἔπτὰ

274 1724 572 1782 διετέλεσεν
627 1725 849 1780 ἐνταῦθα
899 1721 1366 1798 κακουχούμενος,
1429 1719 1566 1774 ὥστε
1629 1717 1720 1772 καὶ
1777 1717 1922 1792 παρὰ

2029 564 2158 603 cum
2192 545 2361 602 natis.
2397 549 2498 599 Est
2527 548 2723 598 autem
2755 557 2952 595 carcer
2983 539 3098 608 ille,
3123 548 3350 594 antrum
3385 539 3676 594 subterra-

2031 653 2200 693 neum
2239 636 2618 708 profundum,
2643 630 3050 702 magnitudine
3081 629 3349 692 maxime,
3384 634 3670 698 quantum

2027 736 2112 783 est
2134 725 2496 782 cmuaculum
2523 738 2728 778 novem
2766 717 3292 786 lectorum.Estque
3315 717 3679 772 tenebrarum

2028 815 2264 889 plenum
2297 830 2363 870 ac
2394 812 2614 880 fetoris,
2647 813 2882 881 propter
2904 805 3342 861 multitudinem
3367 805 3670 860 hominum

2027 905 2107 960 rei
2129 902 2398 976 capitalis
2422 902 2857 964 damnatorum,
2879 896 2976 967 qui
2999 895 3056 949 in
3073 910 3202 949 eum
3220 893 3410 947 locum
3437 894 3672 948 tradun-

2027 998 2144 1062 tur,
2170 1007 2418 1063 quorum
2443 989 2700 1044 maxima
2723 1004 2853 1059 pars
2875 984 2992 1040 illis
3016 981 3379 1054 temporibus
3403 981 3495 1036 hic
3517 980 3664 1036 clau-

2026 1082 2297 1138 debatur.
2332 1078 2633 1135 Conclusis
2669 1076 2822 1132 enim
2874 1075 2932 1129 in
2978 1078 3096 1129 tam
3149 1076 3396 1144 augusto
3429 1071 3553 1126 loco
3587 1074 3671 1126 tot

2029 1166 2778 1238 bominibus,et!erebantur
2810 1165 3156 1220 miserorum
3191 1164 3517 1232 corpora,et
3538 1176 3677 1216 con-

2027 1261 2176 1316 fusis
2207 1260 2354 1314 inter
2385 1274 2510 1313 sese
2539 1255 2836 1322 omnibus,
2861 1270 2987 1325 quas
3011 1252 3100 1308 vel
3132 1254 3202 1306 ad
3236 1249 3579 1314 victum,vel
3604 1250 3676 1304 ad

2027 1349 2170 1406 alios
2204 1365 2344 1403 usus
2374 1347 2663 1418 pertinent
2694 1345 2906 1411 382a,
2936 1345 3136 1397 tantus
3165 1339 3312 1395 fetor
3341 1338 3671 1402 exsistebat,

2030 1445 2094 1496 ut
2125 1438 2326 1495 nullus
2357 1434 2763 1492 accedentium
2795 1431 2962 1488 facile
3009 1431 3216 1485 durare
3249 1433 3466 1500 posset.
3503 1429 3678 1498 Igitur

2029 1530 2125 1586 ille
2159 1545 2260 1600 per
2285 1528 2408 1582 dies
2440 1530 2665 1595 septem
2699 1522 2822 1578 loco
2866 1521 2974 1576 hoc
3007 1519 3301 1574 miseriam
3337 1516 3590 1589 pertulit,
3619 1524 3679 1570 ut

2029 1623 2204 1676 etiam
2237 1622 2500 1673 extremae
2520 1612 2870 1670 conditionis
2893 1609 3195 1666 hominum
3229 1610 3285 1662 et
3306 1611 3568 1662 statuum
3593 1605 3676 1660 ci-

2030 1711 2168 1766 bum
2211 1705 2623 1777 accipientium
2674 1718 2780 1773 Ope
2827 1701 3130 1772 indigeret.
3182 1697 3284 1753 Hic
3342 1697 3498 1752 enim
3549 1697 3676 1764 ejus

1078 1782 1111 1798 η
1190 1782 1200 1795 .
1354 1782 1366 1790 .
1857 1782 1866 1792 .

275 1821 384 1872 τῶν
441 1815 686 1891 ἐσχάτων
744 1815 833 1869 καὶ
889 1814 1056 1868 τακτὰ
1096 1812 1143 1847 ³³
1201 1809 1532 1882 σιτουμένων
1602 1805 1918 1880 ἐπικουρίας

2035 1801 2211 1856 vicem
2240 1800 2474 1869 propter
2503 1791 2955 1849 infortuniorum
2986 1787 3450 1861 magnitudinem
3484 1783 3677 1840 dolen-

277 1902 560 1975 δεηθῆναι·
613 1905 909 1976 συμπαθεῖς
956 1900 1061 1976 γὰρ
1115 1900 1266 1954 οὗτοί
1314 1897 1594 1973 γινόμενοι
1635 1896 1683 1931 ³³
1731 1892 1821 1948 διὰ
1857 1895 1919 1949 τὸ

279 1993 504 2070 μέγεθος
559 1999 666 2048 τῶν
726 1990 1168 2066 ἀκληρωμάτων,
1230 1989 1302 2042 ὧν
1375 1981 1789 2060 μεταλάμῧανον
1849 1985 1915 2048 ³⁴,

276 2083 683 2162 φιλανθρώπως
729 2081 935 2136 τούτων
989 2079 1176 2150 ἐκείνῳ
1247 2073 1592 2150 μετεδίδοσαν
1653 2072 1923 2149 δακρύον-

277 2195 387 2237 τες.
419 2172 687 2251 ’Έρῥιπτο
729 2173 781 2208 ³⁵
812 2169 858 2227 δ’
889 2170 1036 2242 αὐτῷ
1064 2170 1154 2223 καί
1185 2168 1330 2246 ξίφος
1361 2167 1496 2241 πρὸς
1529 2165 1796 2239 ἀναίρεσιν
1832 2164 1922 2218 καὶ

276 2261 462 2324 κάλως
517 2263 653 2336 πρὸς
713 2259 980 2336 ἀγχόνην,
1040 2257 1279 2328 ἐξουσίας
1342 2251 1633 2326 διδομένης
1680 2253 1753 2315 ὡς
1795 2251 1924 2327 βού-

277 2349 433 2407 λοιτο
460 2351 508 2386 ³⁵
537 2351 870 2425 χρήσασθαι.
902 2345 1056 2404 Ἀλλ’
1089 2344 1241 2401 οὺδέν
1281 2343 1424 2400 οὕτω
1454 2342 1631 2418 γλυκὺ
1682 2343 1924 2416 φαίνεται

277 2446 392 2502 τοῖς
449 2440 792 2514 ἠτυχηκόσιν
851 2439 926 2499 ὡς
981 2437 1045 2493 τὸ
1103 2441 1226 2509 ζῇν,
1278 2433 1479 2508 καίπερ
1526 2432 1701 2488 αὐτῶν
1732 2434 1775 2468 ³⁷
1808 2431 1927 2501 ἄξια

277 2528 503 2584 θανάτου
551 2527 900 2607 πασχόντων.
962 2526 1063 2582 Καὶ
1109 2525 1275 2597 πέρας
1327 2523 1379 2578 ἐν
1427 2523 1647 2583 ταύταις
1700 2519 1757 2576 ἂν
1805 2526 1925 2583 ταῖς

279 2620 537 2697 ἀνάγκαις
569 2619 896 2694 κατέστρεψε
927 2620 1018 2674 τὸν
1052 2619 1198 2693 βίον,
1253 2616 1301 2672 εἷ
1361 2618 1434 2686 μή
1490 2616 1710 2691 Μάρκος
1763 2614 1929 2686 Αἰμί-

281 2709 402 2772 λιος
443 2711 864 2784 προκαθήμενος
911 2711 1006 2763 τοῦ
1068 2705 1490 2782 βουλευτηρίου,
1541 2709 1722 2778 τηρῶν
1771 2704 1833 2758 τό
1872 2723 1931 2756 τε

282 2798 405 2874 περὶ
457 2798 617 2853 αὐτὸν
672 2798 889 2870 ἀξίωμα
927 2803 1018 2851 καί
1083 2795 1145 2850 τὸ
1202 2802 1301 2864 τῆς
1363 2791 1630 2867 πατρίδος
1674 2792 1926 2857 ἐπιεικὶς,

278 2887 552 2963 παρῄνεσε
590 2889 659 2960 τῇ
708 2885 1007 2962 συγκλήτῳ
1057 2883 1422 2959 σχετλιάζων,
1470 2883 1515 2936 εἷ
1569 2883 1644 2954 μή
1702 2882 1793 2935 τὸν
1848 2881 1931 2934 ἆν-

278 2978 554 3051 θρώπινον
619 2969 786 3052 φόϐον
844 2969 1225 3041 εὐλαϐοῦνται,
1289 2973 1391 3042 τήν
1451 2992 1515 3047 γε
1585 2972 1710 3032 τοὺς
1772 2971 1928 3044 ὑπερ-

279 3064 505 3142 ηφάνως
555 3070 673 3126 ταῖς
721 3063 984 3134 ἐξουσίαις
1037 3062 1355 3138 χρωμένους
1407 3057 1815 3135 μετερχομένην
1846 3062 1925 3115 νέ-
1960 3099 2001 3166 C

281 3175 433 3228 μεσιν
499 3151 784 3209 αἰδεῖσθαι.
849 3153 1045 3225 Διόπερ
1106 3151 1181 3214 εἷς
1265 3150 1659 3224 ἐπιεικεστέραν
1755 3147 1927 3212 δοθεὶς

277 3242 550 3322 φυλακὴν,
601 3243 688 3296 καὶ
744 3247 918 3303 κεναῖς
971 3243 1016 3277 ³⁸
1067 3240 1251 3296 ἐλπίσι
1297 3241 1675 3315 προσανέχων,
1730 3238 1924 3312 ὁμοίαν

274 3338 394 3395 τοῖς
425 3330 914 3409 προητυχημένοις
947 3325 1077 3407 ἔσχε
1104 3336 1202 3386 τυῦ
1237 3331 1359 3402 βίου
1389 3330 1488 3398 τὴν
1521 3331 1923 3406 καταστροφήν.

276 3427 436 3489 Διετῆ
467 3419 568 3495 γὰρ
615 3420 813 3495 χρόνον
851 3418 1260 3496 φιλοψυχήσας,
1309 3419 1399 3474 καὶ
1439 3419 1754 3492 προσκόψας
1807 3422 1924 3478 τοῖς

275 3508 609 3586 φυλάττουσι
658 3511 703 3546 ³³
761 3504 1084 3584 βαρϐάροις,
1139 3506 1492 3582 κωλυόμενος
1553 3507 1642 3561 ὕπ’
1701 3505 1923 3562 ἐκείνων

277 3599 450 3655 ὕπνου
487 3604 676 3673 τυχεῖν
718 3597 1089 3668 ἐτελεύτησεν.

344 3689 463 3742 Ὅτι
513 3684 763 3763 λέγουσιν
797 3689 840 3724 ⁴⁰
889 3687 1109 3750 ἑαυτοὺς
1160 3687 1212 3741 οἱ
1254 3692 1352 3755 τῆς
1403 3683 1785 3747 Καππαδοκίας
1820 3688 1921 3759 βα-

278 3776 452 3838 σιλεῖς
507 3777 584 3841 εἰς
632 3783 812 3851 Κῦρον
858 3777 1140 3856 ἀναφέρειν
1186 3777 1250 3831 τὸ
1278 3775 1433 3850 γένος
1465 3776 1554 3830 τὸν
1586 3773 1636 3829 ἐν
1667 3777 1921 3850 Πέρσαις,

279 3861 717 3922 διαϐεϐαιοῦνται
777 3864 834 3921 δὲ
886 3867 976 3921 καὶ
1034 3871 1140 3920 τῶν
1209 3865 1340 3919 ἐπτὰ
1391 3869 1607 3940 Περσῶν
1673 3871 1780 3920 τῶν
1833 3867 1924 3921 τὸν

280 3956 457 4031 μάγον
508 3955 915 4028 ἐπανελομένων
966 3955 1083 4016 ἐνὸς
1145 3953 1412 4030 ὓπάρχειν
1474 3954 1760 4029 ἀπόγονοι.
1822 3954 1923 4011 Καὶ

275 4044 376 4113 τήν
425 4045 519 4116 μὶν
566 4043 674 4098 άπὸ
731 4042 911 4117 Κύρου
963 4042 1268 4117 συγγένειαν
1323 4041 1464 4096 οὕτω
1521 4041 1924 4114 καταριθμοῦν-

275 4153 384 4191 ται.
419 4129 716 4205 Καμϐύσου
767 4137 864 4188 τοῦ
917 4131 1092 4206 Κύρου
1140 4130 1344 4205 πατρὸς
1407 4128 1648 4207 ἀδελφὴν
1697 4129 1922 4201 ὑπάρξαι

273 4224 498 4296 γνησίαν
524 4225 568 4259 ⁴¹
603 4224 868 4280 Ἄτοσσαν
901 4223 966 4258 ‘2'
1012 4222 1213 4291 ταύτης
1248 4218 1303 4275 δὲ
1360 4221 1450 4276 καὶ
1497 4219 1781 4294 Φαράνκου
1830 4223 1925 4273 τοῦ

278 4308 663 4371 Καππαδοκίας
717 4309 984 4382 βασιλέως
1032 4310 1272 4385 γενέσθαι
1322 4307 1488 4364 παῖδα
1545 4307 1780 4374 Γάλλον,
1833 4308 1923 4361 καὶ

274 4401 472 4453 τούτου
528 4397 770 4473 γενέσθαι
828 4395 1062 4472 Σμέρδιν
1101 4397 1168 4454 ⁴³.
1230 4397 1292 4451 οὗ
1359 4397 1660 4471 Ἀρτάμην·
1708 4401 1808 4450 τοῦ
1867 4393 1925 4450 δὲ

277 4489 527 4565 Ἀναφᾶν,
587 4488 645 4542 ὃν
700 4488 791 4542 καὶ
841 4485 1130 4560 διενεγκεῖν
1177 4487 1272 4560 μὲν
1315 4483 1535 4560 ἀνδρείᾳ
1575 4486 1664 4540 καὶ
1712 4484 1924 4560 τόλμῃ,

278 4575 525 4652 γενέσθαι
555 4573 599 4630 δ’
639 4572 729 4630 ἕνα
767 4579 876 4631 τῶν
925 4577 1058 4631 ἑπτὰ
1107 4579 1350 4650 Περσῶν.
1391 4577 1499 4644 Τὴν
1552 4575 1644 4648 μὲν
1697 4573 1789 4630 οὖν
1846 4576 1922 4636 εἰς

279 4663 457 4740 Κῦρον
500 4666 549 4701 ⁴⁴
586 4664 891 4742 συγγένειαν
925 4664 1068 4721 οὕτω
1115 4664 1501 4740 γενεαλογοῦσι
1555 4665 1643 4719 καὶ
1693 4665 1818 4736 τὴν,
1847 4664 1924 4726 εἰς

282 4757 536 4828 ’Λναφᾶν,
595 4753 652 4810 ὅν
710 4775 838 4834 φασι
895 4752 962 4809 δι’
1019 4753 1264 4830 ἀνδρείαν
1326 4756 1759 4830 συγχωρηθῆναι
1822 4756 1922 4823 τὴν

281 4841 672 4906 Καππαδοκῖας
751 4841 1059 4900 δυναστείαν
1122 4844 1260 4900 ὥστε
1311 4846 1388 4918 μὴ
1459 4843 1636 4900 τελεῖν
1724 4845 1922 4920 φόρους

281 4932 532 5008 Πέρσαις.
586 4934 662 4992 Οὗ
707 4931 1135 5005 τελευτήσαντος
1188 4935 1485 5008 ὁμώνυμος
1558 4935 1676 4997 υἱὸς
1740 4933 1922 5010 ἄρχει.

2029 1893 2140 1956 tes,
2174 1904 2300 1959 quae
2323 1885 2434 1958 ipsi
2465 1883 2847 1954 accipiebant,
2868 1881 2988 1935 haec
3009 1880 3060 1934 ei
3083 1877 3331 1947 benigne
3356 1875 3681 1945 lacryman-

2033 1982 2120 2033 tes
2146 1974 2583 2048 impertiebant.
2610 1972 2790 2044 Igitur
2831 1968 2882 2024 ei
2933 1967 3160 2038 gladius
3191 1965 3263 2021 ad
3295 1963 3673 2026 occisionem,

2033 2070 2090 2122 et
2138 2064 2310 2120 restis
2358 2063 2429 2117 ad
2471 2057 2998 2132 strangulationem
3051 2055 3340 2127 projectus
3389 2055 3497 2118 est,
3545 2053 3678 2105 data

2035 2153 2314 2214 utriusvis
2365 2151 2617 2222 optione.
2650 2148 2867 2203 Verum
2901 2143 3048 2201 nihil
3097 2153 3212 2198 tam
3245 2140 3411 2196 dulce
3451 2138 3678 2194 miseris

2033 2247 2264 2304 videtur
2294 2257 2468 2314 quam
2500 2239 2710 2306 vivere,
2762 2235 2994 2292 etiamsi
3030 2236 3214 2289 morte
3246 2231 3478 2302 dignam
3510 2228 3682 2283 mise-

2035 2339 2184 2394 riam
2216 2335 2533 2408 patiantur.
2583 2331 2662 2384 Ac
2710 2326 2939 2382 tandem
2993 2324 3051 2378 in
3105 2323 3193 2378 bis
3241 2318 3687 2377 necessitatibus

2035 2427 2213 2483 vitam
2250 2423 2558 2487 finivisset,
2591 2417 2700 2474 nisi
2725 2417 2960 2471 Marcus
2981 2413 3237 2468 IEmilius
3272 2410 3446 2466 curiae
3479 2408 3684 2480 przesi-

2038 2518 2204 2582 dens,
2239 2519 2295 2568 et
2325 2527 2491 2567 suam
2516 2507 2856 2579 dignitatem
2882 2508 2939 2559 et
2970 2503 3165 2572 patriae
3189 2500 3521 2570 aequitatem
3545 2497 3685 2551 reti-

2041 2622 2208 2671 nens,
2234 2612 2500 2658 senalum
2525 2612 2657 2652 cum
2682 2594 2845 2666 gravi
2873 2590 3326 2662 reprehensione
3352 2600 3686 2641 commone-

2041 2696 2294 2760 fecisset,
2329 2694 2393 2743 ut
2424 2687 2472 2742 si
2503 2686 2760 2740 humano
2794 2689 2949 2736 metu
2986 2695 3100 2735 non
3132 2680 3464 2740 terreretur,
3498 2678 3553 2727 at
3575 2672 3684 2727 Ne-

2042 2783 2251 2840 mesim
2284 2777 2551 2834 ultricem
2585 2776 2737 2827 certe
2770 2772 3128 2834 vererentur,
3174 2782 3298 2836 quae
3343 2764 3401 2818 in
3434 2778 3534 2818 eos
3565 2761 3688 2816 ani-

2044 2873 2402 2930 madvertere
2423 2864 2587 2928 solet,
2611 2861 2710 2933 qui
2738 2857 3121 2932 potestatibus
3143 2854 3391 2926 superbe
3413 2856 3682 2907 utuntur.

2041 2965 2240 3032 Itaque
2271 2957 2368 3013 ille
2400 2957 2456 3010 in
2492 2952 2781 3008 mitiorem
2823 2950 2993 3004 datus
3045 2944 3387 3010 custodiam,
3420 2947 3477 2997 et
3504 2957 3683 2997 vanas

2045 3069 2177 3124 spes
2209 3050 2427 3114 fovens,
2459 3040 2710 3100 similem
2750 3036 3151 3109 superioribus
3182 3034 3414 3090 casibus
3463 3032 3683 3088 exitum

2039 3119 2168 3196 vitae
2198 3139 2440 3194 sortitus
2488 3135 2596 3188 est.
2653 3130 2966 3198 Postquam
3019 3124 3173 3180 enim
3229 3122 3526 3178 biennium
3557 3119 3685 3175 vita:

2040 3229 2285 3300 cupidus
2303 3223 2550 3290 duravit,
2577 3238 2710 3277 cum
2733 3217 3006 3273 custodes
3029 3213 3310 3270 barbaros
3328 3207 3684 3274 offendisset,

2039 3295 2368 3390 prohibitus
2407 3321 2493 3370 est
2526 3311 2596 3366 ab
2628 3308 2747 3364 illis
2783 3320 2988 3362 somno
3024 3301 3158 3368 frui,
3191 3303 3365 3371 atque
3397 3299 3474 3353 ita
3502 3295 3685 3352 vitam

2036 3407 2242 3464 ﬁnivit.

2105 3689 2314 3745 Dicunt
2343 3699 2472 3740 sese
2503 3678 2734 3752 (inquit)
2770 3673 3143 3746 Cappadociae
3176 3685 3339 3740 reges
3369 3667 3438 3722 ad
3472 3667 3680 3737 Cyrum

2032 3782 2270 3835 Persam
2302 3775 2513 3830 referre
2556 3784 2739 3840 genus
2785 3779 2982 3829 suum,
3030 3759 3501 3825 contenduntque
3544 3767 3682 3822 pro-

2034 3870 2242 3940 gnatos
2271 3878 2401 3919 esse
2431 3876 2493 3915 se
2538 3873 2653 3913 uno
2693 3858 2915 3925 septem
2946 3851 3279 3911 Persarum,
3312 3843 3402 3912 qui
3439 3855 3679 3910 magum

2035 3931 2389 4019 occiderunt,
2421 3953 2478 4004 et
2499 3948 2733 4002 ductam
2768 3941 3004 4013 quidem
3039 3954 3071 3990 a
3103 3935 3244 4006 Cyro
3277 3931 3678 4019 cognationem

2036 4045 2120 4100 sic
2136 4018 2502 4098 enumerant.
2524 4033 2808 4103 Cambyse
2837 4027 2965 4099 Cyri
2999 4022 3181 4097 patris
3209 4035 3464 4077 sororem
3502 4018 3681 4072 fuisse

2036 4145 2370 4207 germanam
2403 4129 2684 4180 Atossam.
2723 4120 2801 4174 Ex
2825 4118 2935 4172 hac
2965 4118 3020 4170 et
3051 4113 3347 4207 Pharnace
3383 4107 3682 4207 Cappado-

2036 4195 2135 4279 cia
2168 4235 2298 4288 rege
2329 4220 2533 4272 natum
2567 4213 2748 4266 fuisse
2795 4207 3188 4275 Pedagamum
3236 4197 3373 4269 (61),
3417 4200 3473 4251 et
3503 4195 3682 4264 hujus

2036 4313 2222 4369 filium
2254 4309 2433 4364 fuisse
2464 4300 2748 4358 Smerdim
2783 4313 2796 4352 :
2827 4297 2998 4365 cujus
3033 4307 3200 4364 porro
3233 4294 3594 4351 Artamnam,
3628 4288 3684 4339 et

2035 4401 2215 4470 hujus
2246 4393 2553 4463 Anaphan,
2588 4387 2689 4458 qui
2722 4381 3063 4440 fortitudine
3091 4383 3149 4432 et
3202 4374 3445 4432 audacia
3492 4371 3682 4428 excel-

2034 4463 2225 4552 luerit,
2249 4489 2308 4541 et
2330 4497 2482 4538 unus
2504 4481 2726 4548 septem
2747 4475 3053 4527 Persarum
3076 4465 3270 4521 fuerit.
3304 4463 3486 4534 Igitur
3507 4476 3677 4516 suam

2034 4579 2103 4634 ad
2135 4578 2344 4648 Cyrum
2377 4567 2783 4642 cognationem
2827 4561 2910 4616 sic
2940 4562 3303 4618 enumerant,
3337 4560 3389 4607 et
3420 4551 3492 4607 ad
3525 4551 3680 4606 Ana-

2031 4641 2210 4740 phanv,
2235 4663 2327 4720 cui
2347 4657 2656 4734 perhibent
2674 4655 2902 4726 propter
2934 4647 3204 4702 virtutem
3233 4641 3317 4698 sic
3339 4654 3679 4696 concessum

2033 4729 2213 4812 luisse
2226 4729 2594 4822 Cappadociae
2609 4740 3024 4815 principatum,
3049 4729 3540 4789 utPersistributa
3562 4743 3678 4781 non

2034 4818 2328 4918 penderet:
2349 4818 2442 4895 'Eo
2477 4837 2592 4892 vita
2622 4833 2898 4889 defuncto
2928 4818 3530 4918 imperavitezj‘usde‘m
3569 4830 3678 4918 no-

2035 4903 2209 4989 minis
2225 4931 2398 4986 ﬁlius.
2413 4929 2550 4984 Post
2571 4923 2739 4994 cujus
2763 4919 2987 4978 obitum
3011 4907 3426 4984 superstitibus
3447 4903 3678 4960 duobus

1648 5063 1895 5119 VARUE
1937 5058 2346 5117 LECTIONES.

351 5179 396 5214 2⁸
426 5173 558 5236 ἕγον
590 5181 632 5233 Β
661 5183 717 5234 et
746 5195 892 5236 corr.
932 5182 994 5234 A.

351 5198 396 5214 ιο
426 5198 558 5305 εχον
590 5198 632 5233 ι)
661 5198 717 5234 et.
746 5198 892 5236 corr.
932 5198 994 5234 Α.
1099 5198 1144 5214 ιν
1174 5198 1517 5234 εννεακλινου
1550 5198 1698 5236 corr.
1735 5198 1780 5236 Α
1816 5199 1827 5235 :
1871 5199 1879 5231 t

279 5253 372 5336 ri“:
405 5251 628 5336 n‘ijppc
779 5252 891 5336 -32
920 5251 1205 5336 EgX‘Fi‘tLIﬁ
1222 5253 1368 5336 ’κατὶὰ
1398 5255 1463 5315 Α,
1496 5244 1786 5336 τά-ἕγκανα
1817 5257 1879 5305 Β.

276 5325 367 5378 ΑΒ
402 5339 415 5378 :
457 5321 857 5394 éﬁp’intofuvig.

278 5397 397 5470 ναῖς
429 5393 528 5470 ς’(
588 5395 656 5470 3°
686 5393 1020 5470 φελάσσῑοεσι
1053 5397 1114 5451 B-

277 5463 541 5523 Ἀττόσαν
697 5463 708 5470 ’
733 5465 779 5501 ⁴³
804 5463 1044 5541 σμέρδην
1083 5472 1139 5524 Β.
1218 5467 1264 5502 ⁴⁴
1291 5463 1458 5542 κῦρον
1489 5471 1536 5524 Α
1569 5463 1592 5525 ζ’
1615 5463 1792 5540 Κύρου

1099 5180 1144 5214 29
1175 5176 1384 5214 gnua-nu)
1402 5179 1517 5214 l’anﬁl\
1550 5196 1681 5214 nnnn
1746 5185 1769 5214 Α
1816 5199 1827 5210 ι
1871 5179 1952 5214 ἔνη
1967 5176 2175 5214 εηνῖιρί

1174 5176 1517 5234 ἒννεακλίνου
1550 5196 1698 5248 corr.
1735 5185 1780 5236 A
1816 5199 1827 5235 :
1871 5176 2240 5232 ἐννεακλιτίου

2001 5252 2045 5332 δέ
2072 5249 2376 5332 γινόμενοι.

933 5323 980 5358 ³⁸
1010 5321 1185 5429 dig—3v
1211 5322 1480 5429 ᾖούλοιτο
1501 5323 1605 5412 ’ςῗ
1638 5321 1641 5322 ν
1683 5324 1726 5357 ³⁷
1757 5322 1948 5394 καίπερ
1989 5321 2186 5390 αὐτῶν]

935 5414 1016 5429 ι.-.
1328 5415 1543 5429 ...Νη-ρ...
1579 5398 1785 5429 I...,-...\
1818 5392 2038 5429 δωρηξν
2074 5391 2132 5429 τ·

1236 5396 1258 5429 ⁰
1287 5391 1786 5470 λέγουσίῖβρηῌσιν)
1818 5391 2038 5470 ὲέδτους

3002 5161 3045 5196 ³¹
3100 5156 3310 5227 πλῆρες
3350 5158 3400 5227 Ii
3429 5155 3679 5227 e_t_gorr.

2482 5244 2528 5278 ³⁸
2571 5230 2980 5312 μετελάμϐανον
3026 5232 3158 5287 add.
3359 5224 3403 5258 ³⁵
3457 5217 3680 5328 ἓξριπτο

2487 5315 2499 5328 ·
2592 5312 2603 5328 ν
2656 5314 2682 5324 ~
2782 5313 2797 5328 ι
3024 5302 3164 5328 _._.-.\.
3212 5302 3379 5328 ..3...ιι
3480 5299 3499 5328 3
3561 5291 3680 5328 νηί,

2592 5312 2723 5335 ’__"’...
2777 5299 2799 5335 λ
2885 5304 2968 5335 ..-ἶ
3021 5302 3164 5335 ροηΑᾶ
3212 5302 3317 5335 φημι
3345 5303 3381 5335 ll
3480 5299 3522 5330 38
3561 5299 3682 5335 ναί-

2887 5304 2972 5357 καὶ
3021 5303 3167 5375 παρὰ
3212 5303 3317 5351 τῶν
3345 5303 3402 5350 Β.
3480 5303 3522 5330 ³⁸
3561 5303 3680 5345 και-

2895 5398 2952 5423 αν
2983 5375 3064 5423 ε’-
3169 5372 3216 5406 ⁴²
3257 5367 3486 5423 ἅτοσσαν
3546 5369 3633 5421 ΑΒ
3669 5381 3680 5418 :

2474 5173 2520 5207 ³ο
2568 5169 2792 5227 σκότους
2839 5171 2898 5220 Β.

2237 5318 2323 5371 καὶ
2375 5315 2499 5388 παρ’
2549 5313 2724 5388 αὐτῶν
2767 5313 2836 5373 Α,

2257 5390 2298 5425 ⁴¹
2337 5375 2565 5461 ὑπάρξαι
2595 5383 2697 5458 γάρ
2729 5377 2952 5454 γνησίαν

1859 5580 2090 5637 NOT/E.

349 5671 460 5745 (61)
495 5672 579 5728 ΑΙ.
615 5667 779 5726 παῖδα
813 5669 1047 5746 Γάλλον,
1080 5673 1256 5745 ﬁlium
1291 5675 1531 5731 Gallum.
