2045 3211
209 130 286 160 1399

805 123 941 153 ῬΗΟΤΙΙ
962 121 1231 155 PATRIARCHIE
1251 124 1309 155 ΟΡ.

1830 129 1922 159 1400

208 197 288 232 ﬁliis,
304 195 425 224 Datame
440 193 534 222 882b
554 194 582 221 et
604 192 761 226 Arimnaeo,
783 190 958 220 successisse
973 190 1030 218 im-

1096 190 1163 219 Μετᾶ
1185 189 1214 218 δὲ
1238 191 1287 226 τὴν
1312 191 1410 219 τούτου
1434 190 1564 227 τελευτὴν
1587 191 1811 231 ἃπολειφθέντων
1837 193 1924 223 δυσῖν

208 242 288 278 perio
304 241 467 272 Datamam,
479 239 572 265 virum
598 239 627 265 et
642 236 718 265 bello
742 239 771 265 et
790 237 856 264 aliis
872 236 951 272 regni
966 244 1034 271 par—

209 286 289 314 tibus
301 285 461 318 laudatum,
471 282 595 319 quicum
607 281 701 310 Persis
715 281 811 317 praelia
823 289 997 316 congressus
1006 282 1035 308 et

210 333 329 358 strenue
345 327 505 364 prmliatus,
520 327 549 354 in
560 335 593 355 eo
613 326 930 362 occubuerit.Regnum
951 333 1033 353 acce-

210 374 250 409 pit
266 374 345 401 ﬁlius
370 374 533 407 Ariamnes,
551 373 635 408 cujus
660 372 738 400 fuere
760 371 801 399 ﬁli
822 371 989 399 Ariarathes
1005 372 1034 398 et

210 417 397 453 Olophernes.
416 417 443 444 Is
458 416 607 444 Arinmnes
623 424 688 444 cum
713 424 806 443 annos
822 415 1034 451 quinquaginta

208 462 393 498 imperasset,
407 469 459 489 nec
471 461 563 489 ullum
575 469 649 496 opus
660 460 783 496 dignum
794 461 935 488 memoria
949 460 1033 488 fecis-

209 509 263 542 set,
273 506 356 534 obiit.
365 506 436 541 Ejus
448 505 477 533 in
488 505 645 541 imperium
656 505 798 533 successit
813 506 880 532 natu
897 505 1035 540 grandior

208 552 289 580 ﬁlius
304 550 484 583 Ariarathes,
496 550 546 586 qui
562 558 651 586 supra
662 549 781 577 modum
794 557 908 577 amasse
919 549 1034 577 fratrem

210 597 328 630 dicitur,
343 598 371 624 et
387 596 422 624 ad
438 595 619 623 clarissimos
644 595 763 623 ordines
788 594 927 629 evexisse,
946 596 1035 630 utque

210 642 288 670 idem
305 649 371 669 cum
390 640 484 669 Persis
506 641 645 668 adversus
667 640 815 676 [Egyptios
831 640 950 672 missus,
967 639 1035 667 belli

212 687 310 715 socius
326 686 429 720 fuisse,
446 687 476 713 et
490 693 555 713 cum
574 685 689 721 magnis
702 685 862 712 honoribus
878 684 1034 718 revenisse,

213 740 285 767 quos
301 731 453 758 Persarum
471 737 520 757 rex
536 729 630 758 Ochus
645 732 761 765 propter
775 729 907 757 virtutem
924 729 953 757 in
969 737 1035 756 eum

212 775 389 808 conferebat,
406 774 553 809 vitamque
569 774 598 801 in
614 773 708 809 patria
723 773 1035 809 reliquisse,supersti-

213 820 294 848 tibus
305 819 374 847 ﬁliis
388 818 542 847 Ariarathe.
551 820 579 846 et
590 820 699 854 Arysa;
715 819 802 846 frater
813 820 910 846 autem
924 821 952 846 et
967 820 1037 854 Cap-

1090 234 1171 269 υἳοῖν,
1207 236 1334 272 Δατάμου
1357 236 1403 263 καὶ
1433 236 1603 273 Ἀριμνιιιίου1
1647 235 1819 273 διαδέξασθαι
1864 240 1922 272 τήν

1090 279 1179 316 ἀρχὴν
1196 281 1335 317 Δατάμην,
1353 280 1434 318 ἄνδρα
1450 282 1494 309 καὶ
1510 282 1534 300 ⁴⁵
1547 282 1616 309 κατὰ
1639 282 1761 319 πόλεμον
1784 284 1830 311 καὶ
1856 285 1924 311 κατ’

1088 322 1159 352 ἑίλλα
1181 325 1250 363 μέρη
1271 329 1321 361 τῆς
1339 325 1477 363 βασιλείας
1493 327 1555 362 [624
1573 327 1619 363 Η.]
1647 326 1855 364 ἐπαινούμενον,
1890 330 1925 359 ὃς

1088 369 1203 406 Πέρσαις
1234 369 1278 397 διὰ
1308 371 1402 408 μάχης
1430 369 1517 398 ἐλθὼν
1542 371 1587 398 καὶ
1613 370 1750 409 λαμπρῶς
1773 373 1842 400 κατὰ
1867 373 1924 407 τήν

1090 413 1182 451 μάχην
1215 414 1418 452 ἀγωνισάμενος
1452 414 1477 442 ἒν
1507 414 1576 452 αὐτῇ
1604 415 1726 451 τελευτᾷ.
1772 416 1924 452 Διεδέξατο

1089 456 1118 485 δὲ
1131 459 1180 493 τὴν
1198 458 1337 496 βασιλείαν
1355 460 1369 486 ὁ
1384 460 1441 490 υἱὸς
1457 459 1622 497 Ἀριάμνης,
1644 461 1675 488 οὗ
1699 461 1820 498 γίνονται
1846 464 1924 489 παῖ-

1090 501 1132 533 δες
1171 504 1335 541 Ἀριαράθης
1373 504 1418 531 καὶ
1455 501 1636 543 Ὀλοφέρνής·
1677 506 1756 536 οὗτος
1794 504 1822 533 δὲ
1867 505 1920 540 ἔτη

1089 548 1258 582 πεντήκοντα
1273 546 1451 580 δυναστεύσας
1465 549 1509 576 καὶ
1533 547 1617 585 μηδὲν
1643 548 1720 587 ἔργον
1744 550 1818 587 ἄξιον
1843 552 1921 587 μνή-

1092 602 1146 627 μης
1160 592 1260 629 πράξας
1275 592 1398 628 τελευτᾷ.
1419 593 1479 628 Τὴν
1500 592 1528 620 δὲ
1544 594 1633 631 ἀρχήν
1650 593 1785 629 διεδέξατο
1801 596 1815 623 ὁ
1830 605 1921 632 πρεσ-

1091 632 1203 672 ϐύτερος
1233 639 1286 664 τῶν
1317 638 1381 664 υἱῶν
1413 638 1589 675 Ἀριαράθης,
1622 639 1652 669 ’ὀς
1694 639 1921 679 φιλοποργῆσαι

1091 679 1271 719 διαφερόντως
1287 680 1394 719 λέγεται
1414 683 1460 710 τὸν
1487 681 1616 721 ἀδελφὸν,
1641 683 1685 710 καὶ
1707 685 1839 721 προάγειν
1866 684 1921 712 αὖ·

1090 726 1136 753 τὸν
1165 726 1203 757 εἰς
1230 727 1278 757 τὰς
1307 726 1519 766 ἐπιφανεστάτας
1547 728 1646 763 τάξεις·
1669 728 1698 755 ὅν
1723 729 1768 756 καὶ
1798 729 1920 766 Πέρσαις

1090 771 1148 798 κατ’
1178 771 1333 808 Αἰγυπτίων
1360 769 1545 800 ἀποσταλέντα
1574 777 1759 811 συμμαχῆσαι
1798 774 1865 810 μετᾶ
1896 776 1919 793 ⁴⁶

1094 814 1220 853 μεγάλων
1244 819 1332 852 τιμῶν
1355 816 1523 852 ἐπανελθεῖν,
1553 816 1583 847 ἃς
1598 819 1684 854 Ὦχος
1707 818 1720 844 ὁ
1737 820 1848 855 Περσῶν
1863 819 1918 856 βα-

214 864 341 901 padocize
348 864 502 899 imperium
510 863 620 891 habens
628 863 692 898 (nec
698 862 777 891 enim
789 871 959 898 germanam
969 870 1035 898 pro-

1096 849 1182 891 πιλεὺς
1199 860 1264 898 ὑπὲρ
1279 859 1401 898 ἀνδρείας
1417 859 1519 895 ἐδίδου,
1536 861 1581 888 καὶ
1596 849 1652 888 τὸν
1666 862 1727 899 βίον
1804 864 1838 899 τῇ
1863 849 1918 890 έα-

214 910 271 938 lem
282 909 430 944 habebat),
442 908 628 944 grandiorem
640 907 739 935 fratris
750 907 842 935 ﬁlium
853 907 1036 935 Ariarathem

215 954 375 990 adoptavit.
388 953 441 981 Per
451 961 484 981 ea
492 955 624 989 tempora
634 952 797 980 Alexander
807 952 925 980 Macedo
936 952 1038 980 Persas

216 998 384 1032 debellavit,
396 997 500 1026 deinde
514 998 595 1025 obiit.
613 998 646 1025 At
654 996 807 1025 Perdiccas
822 997 955 1025 omnium
970 1000 1038 1025 tunc

217 1051 316 1071 rerum
332 1043 520 1079 gubernator,
537 1042 696 1070 Eumenem
713 1041 794 1070 misit
809 1042 910 1070 ducem
925 1042 1038 1078 Cappa-

218 1087 318 1122 dociae,
335 1095 368 1114 ac
384 1086 527 1114 debellato
547 1086 698 1114 Ariaratha
724 1089 753 1115 et
776 1087 806 1114 in
826 1095 924 1123 pugna
945 1087 1039 1115 inter-

217 1132 305 1165 fecto,
316 1133 377 1159 tam
389 1130 454 1166 ipsa
463 1131 644 1167 Cappadocia
653 1139 741 1167 quam
753 1132 884 1160 ﬁnitimae
896 1132 1039 1167 regiones,

219 1177 250 1204 in
276 1176 470 1204 Macedonum
495 1178 667 1211 potestatem
697 1180 846 1204 venerunt.
874 1176 1041 1205 Ariarathes

219 1228 286 1248 vero
303 1220 443 1256 postremi
458 1220 535 1256 regis
552 1220 630 1248 ﬁlius
649 1220 678 1248 in
704 1221 858 1256 praesentia
873 1221 1040 1256 desperans,

222 1265 449 1294 concessitcum
470 1265 570 1300 paucis
594 1265 624 1292 in
649 1265 825 1293 Armeniam.
850 1266 931 1294 Haud
948 1265 1041 1294 multo

220 1313 287 1348 post
301 1313 442 1346 tempore,
457 1311 584 1339 Eumene
598 1315 624 1339 et
642 1312 775 1339 Perdicca
793 1312 924 1342 mortuis,
941 1314 969 1340 et
983 1313 1041 1340 An-

219 1356 318 1391 tigono
327 1364 359 1383 ac
371 1355 490 1384 Seleuco
501 1356 678 1392 subsecutis,
689 1356 737 1384 ille
748 1357 874 1392 acceptis
889 1357 925 1385 ab
941 1357 1042 1385 Arme-

218 1400 335 1428 niorum
352 1408 417 1435 rege
432 1400 559 1428 Ardoata
574 1400 674 1436 copiis,
690 1403 718 1429 et
733 1401 923 1429 Macedonum
937 1401 1041 1429 ducem

218 1445 372 1481 Amyntam
389 1444 544 1480 interfecit,
559 1447 588 1472 et
603 1445 773 1473 Macedones
794 1445 926 1474 celeriter
945 1454 960 1474 e
975 1446 1041 1473 ﬁni-

219 1490 274 1518 bus
289 1490 383 1525 ejecit,
400 1490 652 1526 domesticumque
676 1490 832 1527 imperium
849 1490 1039 1527 recuperavit.

217 1534 326 1562 Habuit
336 1534 383 1562 hic
392 1536 450 1562 tres
463 1534 548 1568 ﬁlios,
556 1542 677 1569 quorum
687 1537 758 1563 natu
771 1535 916 1563 maximus
925 1536 1040 1563 Ariam-

219 1586 271 1606 nes
287 1586 409 1614 regnum
427 1579 549 1613 accepit,
566 1579 616 1613 qui
631 1579 802 1607 afﬁnitatem
819 1582 964 1607 contraxit
976 1588 1041 1607 cum

218 1622 361 1651 Antiocho
378 1623 553 1658 cognomine
569 1624 637 1658 Deo,
654 1625 718 1659 ejus
738 1625 829 1652 ﬁliam
845 1625 1042 1653 Stratonicam

219 1667 380 1696 Ariarathes
391 1667 517 1695 ﬁliorum
528 1676 647 1695 suorum
661 1671 731 1696 natu
743 1669 871 1697 maximo
883 1669 1042 1699 collocavit.

220 1712 350 1748 Cumque
366 1716 442 1740 esset
459 1712 581 1741 ﬁliorum
593 1721 680 1750 supra
692 1715 810 1742 modum
827 1723 937 1750 amans,
954 1723 1043 1751 puero

220 1757 356 1785 diadema
380 1757 530 1793 imposuit,
557 1765 622 1786 eum
646 1759 736 1787 totius
761 1759 791 1787 in
816 1768 904 1796 regno
929 1760 1043 1796 imperii

219 1804 306 1837 atque
317 1802 394 1837 juris
410 1810 443 1829 ex
459 1810 541 1838 aequo
566 1811 666 1831 secum
690 1804 804 1831 socium
829 1805 906 1832 fecit.
932 1805 1044 1833 Mortuo

218 1848 299 1882 patre
310 1846 474 1874 Ariarathes
494 1845 574 1875 solus
600 1848 739 1883 regnavit,
751 1853 778 1876 et
793 1857 808 1876 e
824 1849 878 1876 vita
893 1849 1045 1878 discedens

221 1898 345 1926 regnum
362 1890 422 1919 ﬁlio
430 1891 646 1920 suoadmodnm
655 1901 744 1928 puero
752 1893 879 1929 reliquit.
897 1894 948 1922 Hic
961 1895 1046 1922 duxit

222 1935 252 1963 in
265 1943 386 1963 uxorum
398 1935 490 1964 ﬁliam
503 1936 636 1965 Antiochi
645 1937 753 1974 Magni,
766 1939 885 1967 nomine
899 1940 1046 1968 Antiochi-

223 1980 301 2014 dem,
318 1982 464 2008 versutam
488 1981 660 2014 admodum,
688 1983 784 2011 883a
808 1984 896 2020 Hanc,
921 1993 988 2013 cum
1013 1985 1046 2013 li-

224 2025 309 2052 beros
326 2032 384 2052 non
401 2024 542 2061 gigneret,
558 2027 748 2062 supposuisse
772 2028 871 2057 ferunt
894 2029 952 2057 sibi
974 2030 1047 2059 duos

224 2068 299 2096 ﬁlios
316 2069 465 2104 ignorante
480 2070 551 2104 viro,
576 2071 707 2100 videlicet
731 2073 910 2102 Ariarathem
933 2077 961 2103 et
979 2075 1046 2103 Olo-

225 2112 375 2148 phernem.
394 2113 546 2149 Aliquanto
562 2117 628 2150 post
642 2117 771 2152 tempore
787 2125 854 2145 cum
870 2126 970 2146 semen
985 2128 1048 2147 sus-

226 2156 360 2191 cepisset,
376 2157 470 2202 ipsnm
486 2161 590 2194 praeter
605 2168 688 2196 spem
709 2162 855 2197 peperisse
871 2163 944 2191 duas
961 2164 1049 2202 ﬁlias,

226 2202 254 2227 et
265 2208 358 2228 unum
371 2201 475 2236 ﬁlium,
486 2203 604 2232 nomine
614 2205 820 2235 Mithridatem.
834 2208 867 2235 At
875 2210 945 2236 tunc
956 2201 1050 2239 virum

227 2245 263 2272 de
278 2245 405 2274 subditis
423 2248 615 2284 consuluisse,
628 2254 654 2277 et
665 2250 769 2279 fecisse
784 2254 816 2279 ut
830 2254 968 2287 grandior
983 2263 1050 2283 cum

227 2290 423 2335 mediocribus
438 2292 626 2322 facultatibus
640 2294 763 2323 Romam
781 2296 955 2333 mitteretur,
964 2301 992 2327 et
1003 2300 1050 2335 ju-

227 2334 290 2363 nior
305 2335 335 2363 in
351 2336 473 2372 Ioniam,
483 2346 520 2366 ne
531 2338 565 2366 de
582 2347 670 2375 regno
682 2349 749 2369 cum
760 2349 899 2377 germano
916 2343 974 2371 ﬁlio
985 2334 1051 2372 con-

227 2381 389 2409 tenderent.
405 2384 489 2412 Hunc
505 2383 637 2412 adultum
652 2385 833 2414 Ariarathem
849 2387 932 2415 aiunt
946 2396 1050 2425 cogno-

227 2425 383 2458 minatum,
408 2429 437 2455 et
462 2427 567 2456 litteris
592 2428 697 2457 Graecis
721 2430 880 2466 imbutum,
903 2434 989 2468 atque
1013 2433 1050 2461 ob

228 2473 345 2499 ceteras
361 2471 484 2500 virtutes
500 2472 651 2501 laudatum
668 2474 767 2503 fuisse.
789 2477 822 2504 Et
835 2478 917 2512 pater
931 2477 1050 2513 quidem

228 2515 287 2543 ﬁlio
303 2516 395 2551 patris
410 2517 520 2545 amanti
540 2518 678 2546 studebat
693 2527 724 2547 se
746 2520 875 2549 vicissim
901 2524 1050 2550 amantem

228 2558 280 2586 ﬁlii
297 2560 450 2590 exhibere:
464 2564 551 2598 atque
567 2570 695 2599 eousque
714 2565 857 2600 processit
871 2574 972 2594 eorum
987 2575 1051 2595 mu-

228 2604 281 2631 tua
295 2604 506 2642 benevolentia,
522 2611 552 2636 ut
567 2610 649 2644 pater
663 2611 722 2637 toto
737 2609 860 2646 imperio
875 2611 976 2639 cedere
991 2611 1050 2640 ﬁlio

1091 904 1163 942 τρίδι
1197 904 1298 941 λιπεῖν,
1322 905 1399 936 υἱοὺς
1424 905 1643 943 ἐγκαταλιπόντα
1672 907 1839 944 Ἀριαράθην
1868 908 1916 934 π,αὲ

1093 950 1221 986 Ἀρύσην.
1243 952 1273 978 '0
1297 949 1326 977 δὲ
1345 949 1462 987 ἀδελφὸς
1481 950 1526 977 καὶ
1550 954 1600 986 τῆς
1627 950 1819 982 Καππαδοκίας
1844 951 1917 989 ἔχων

1092 995 1142 1028 τήν
1157 995 1248 1032 ἀρχὴν
1263 994 1304 1030 (οὐ
1320 995 1372 1032 γὰρ
1387 995 1420 1029 ἦν
1434 994 1508 1031 αὐτῷ
1522 1005 1590 1032 γυνη
1607 997 1629 1013 ⁵⁷
1642 996 1751 1033 γνησία)
1773 997 1854 1032 [1160
1868 998 1915 1033 8.]

1094 1039 1140 1067 τὸν
1166 1036 1349 1077 πρεσϐύτερον
1371 1042 1424 1066 τῶν
1454 1038 1559 1067 παίδων
1586 1039 1723 1079 τάδελφοῦ
1751 1041 1916 1078 Ἀριαράθην

1094 1084 1267 1112 υἱοποιεῖται.
1284 1084 1357 1111 Κατὰ
1373 1082 1401 1111 δὲ
1419 1084 1533 1116 τούτους
1555 1084 1619 1116 τοὺς
1645 1084 1764 1122 χρόνους
1790 1084 1916 1121 Ἀλέξαν-

1096 1127 1181 1166 δροςὸ
1205 1127 1337 1158 Μακεδὼν
1365 1129 1553 1165 καταπολεμεῖ
1574 1130 1621 1166 μὲν
1642 1130 1754 1167 Πέρσας,
1788 1130 1847 1158 εἶτα
1874 1132 1916 1157 καῖ

1096 1173 1219 1209 τελευτᾷ,
1235 1174 1282 1201 καὶ
1303 1173 1450 1212 Περδίκκας
1466 1175 1488 1192 ⁴⁵
1503 1175 1517 1202 ὁ
1535 1177 1589 1202 τῶν
1616 1174 1688 1202 ὅλων
1710 1176 1773 1203 τότε
1797 1176 1917 1212 ἡγούμε-

1095 1228 1140 1250 νος
1176 1218 1282 1255 Εὐμένη
1312 1219 1414 1256 πέμπει
1443 1218 1638 1251 Καππαδοκίας
1673 1220 1839 1257 στρατηγόν.
1868 1222 1916 1249 Καὲ

1097 1263 1376 1300 καταπολεμηθέντος
1393 1264 1569 1302 Ἀριαράθου,
1595 1265 1722 1295 πεσόντος
1742 1275 1771 1292 τε
1786 1266 1810 1283 ⁸9
1835 1265 1861 1293 ἐν
1884 1268 1916 1301 τῇ

1099 1307 1185 1346 μάχῃ,
1214 1308 1282 1343 αὐτή
1307 1319 1336 1335 τε
1360 1309 1377 1343 ὴ
1399 1307 1579 1337 Καππαδοκία
1601 1308 1645 1336 καὶ
1669 1309 1703 1336 τὰ
1731 1309 1918 1349 πλησιόχωρα

1096 1352 1180 1385 αὐτῆς
1204 1350 1295 1380 ἔπεσεν
1322 1353 1373 1381 ὑπὸ
1395 1352 1563 1385 Μακεδόνας.
1592 1354 1758 1391 Ἀριαράθης
1784 1353 1813 1382 δὲ
1839 1356 1853 1381 ὁ
1872 1357 1917 1382 τοῦ

1096 1396 1378 1436 προϐεϐασιλευκότος
1403 1399 1472 1434 υἱὸς,
1498 1398 1650 1430 ἀπελπίσας
1673 1400 1743 1427 κατά
1765 1401 1797 1427 τὸ
1820 1400 1915 1437 παρὸν,

1096 1442 1238 1481 ἀποχωρεῖ
1268 1444 1324 1479 μετ’
1347 1442 1449 1481 ὀλίγων
1474 1444 1542 1481 πρὸς
1571 1445 1621 1478 τήν
1655 1444 1811 1481 Ἀρμενίαν.
1854 1445 1916 1472 Μετ’

1097 1488 1127 1516 οὐ
1152 1488 1238 1516 πολὺν
1265 1486 1294 1515 δὲ
1319 1489 1419 1525 χρόνον
1444 1490 1498 1516 τῶν
1522 1488 1585 1526 περῖ
1599 1489 1644 1516 τὸν
1661 1488 1766 1525 Εὐμένη
1782 1489 1827 1516 καὶ
1844 1492 1919 1525 Περ-

1097 1533 1191 1562 δίκκαν
1216 1533 1444 1569 τελευτησάντων.
1471 1534 1630 1572 Ἀντιγόνου
1655 1534 1684 1561 δὲ
1708 1534 1753 1561 καὶ
1781 1533 1916 1561 Σελεύκου

1097 1580 1325 1615 περισπωμένων,
1358 1576 1452 1606 λαϐὼν
1478 1577 1590 1615 δύναμιν
1615 1579 1688 1616 παρὰ
1708 1580 1757 1606 τοῦ
1783 1577 1917 1615 βασιλέως

1097 1626 1150 1651 τῶν
1175 1623 1326 1660 Ἀρμενίων
1351 1622 1498 1661 Ἀρδοάτου
1521 1624 1568 1651 τὸν
1598 1624 1646 1660 μὲν
1674 1625 1727 1650 τῶν
1757 1622 1917 1652 Μακεδόνων

1098 1668 1249 1706 στρατηγὸν
1291 1669 1428 1704 Ἀμύνταν
1474 1668 1639 1702 ἀπέκτεινεν,
1670 1665 1781 1702 ἰξὲὅαλε
1816 1666 1843 1695 δὲ
1876 1668 1919 1694 καὶ

1098 1711 1255 1743 Μακεδόνας
1280 1713 1304 1730 ⁵ο
1326 1713 1434 1750 ταχέως
1459 1715 1509 1747 τῆς
1538 1713 1642 1749 χώρας,
1667 1712 1711 1739 καὶ
1741 1713 1791 1746 τὴν
1824 1712 1921 1740 οἰκείαν

1098 1758 1188 1796 ἀρχὴν
1213 1758 1391 1793 ἀνεκτήσατο.
1413 1758 1507 1794 Τούτῳ
1522 1759 1545 1776 ⁵¹
1571 1757 1599 1785 δὲ
1621 1760 1706 1795 τριῶν
1726 1756 1833 1785 παίδων
1848 1768 1922 1794 γενο-

1100 1803 1185 1839 μένων
1202 1800 1341 1840 παρέλαϐε
1355 1804 1405 1837 τήν
1420 1802 1559 1840 βασιλείαν
1576 1803 1590 1830 ὁ
1606 1800 1793 1840 πρεσϐύτατος
1810 1803 1922 1839 Ἀριάμ-

1098 1858 1156 1883 νης·
1182 1849 1212 1879 ’ὸς
1241 1847 1387 1886 ἐπιγαμίαν
1412 1848 1480 1885 πρὸς
1503 1847 1646 1885 Ἀντίοχόν
1672 1846 1861 1884 ποιησάμενος
1879 1848 1923 1874 τὸν

1099 1893 1318 1930 ἐπονομασθέντα
1341 1892 1418 1927 Θεὸν,
1442 1893 1492 1927 τὴν
1515 1893 1616 1920 τούτου
1645 1892 1778 1929 θυγατέρα
1805 1895 1922 1929 Στρατο-

1099 1937 1176 1972 νίκην
1189 1938 1319 1974 συνῴκισε
1335 1939 1373 1972 τῷ
1398 1934 1572 1974 πρεσϐυτέρῳ
1594 1938 1647 1964 τῶν
1671 1936 1737 1962 υἱῶν
1763 1935 1922 1972 Ἀριαράθῃ,

1100 1981 1242 2020 Ὑπάρχων
1269 1980 1297 2009 δὲ
1319 1981 1481 2021 φιλότεκνος
1503 1980 1686 2020 διαφερόντως
1711 1979 1852 2018 περιέθετο
1886 1982 1924 2015 τῷ

1100 2025 1176 2054 παιδὶ
1193 2024 1326 2062 διάδημα,
1342 2025 1387 2053 καὶ
1403 2026 1545 2063 συνάρχειν
1561 2025 1669 2052 πάντων
1684 2026 1738 2052 τῶν
1762 2027 1814 2059 τῆς
1828 2025 1852 2042 ⁵³
1875 2025 1923 2061 βα-

1102 2070 1206 2102 σιλείας
1230 2071 1254 2088 ⁵³
1278 2071 1492 2108 προτερημάτων
1519 2070 1560 2097 ἐπ’
1586 2069 1648 2105 ἴσης
1674 2068 1852 2106 μεταδίδωσι,
1870 2070 1924 2098 Τοῦ

1102 2115 1130 2144 δὲ
1157 2116 1258 2153 πατρὸς
1281 2115 1492 2151 τελευτήσαντος
1515 2114 1678 2152 Ἀριαράθης
1706 2113 1846 2152 βασιλεύει
1866 2115 1925 2141 καθ’

1066 2169 1087 2201 ι)
1103 2161 1196 2189 ἑαυτὸν
1211 2161 1254 2188 καί
1271 2159 1467 2198 μεταλλάσσων
1482 2160 1528 2187 τὸν
1551 2160 1609 2197 βίον
1623 2158 1754 2187 κατέλιπε
1772 2160 1795 2177 ⁶⁴
1811 2159 1861 2193 τὴν
1880 2159 1927 2196 βι-

1105 2205 1209 2234 σιλείαν
1226 2205 1374 2242 Ἀριαράθῃ
1391 2207 1431 2241 τῷ
1445 2206 1506 2241 υἱῷ,
1521 2204 1614 2241 νηπίῳ
1633 2204 1774 2234 παντελῶς
1799 2201 1857 2231 ὄντι
1878 2204 1927 2238 τήν

1104 2250 1225 2286 ἡλικίαν.
1256 2251 1341 2281 Οὗτος
1370 2248 1398 2277 δὲ
1425 2248 1513 2288 ἔγημε
1544 2250 1678 2287 θυγατέρα
1715 2250 1764 2275 τοῦ
1805 2247 1927 2286 μεγάλου

1104 2295 1252 2331 κληθέντος
1295 2295 1451 2333 Ἀντιόχου,
1496 2293 1702 2331 ὀνομαζομένην
1751 2292 1929 2332 Ἀντιοχίδα,

1105 2343 1254 2378 πανοῦργον
1286 2340 1415 2377 μάλιστα.
1448 2339 1556 2374 Ταύτην
1587 2337 1616 2366 δὲ
1645 2339 1685 2375 μή
1718 2337 1877 2375 γιοομένων
1907 2338 1930 2355 3"

1104 2386 1203 2413 τέκνων
1228 2383 1411 2413 ὑποϐαλέσθαι
1435 2385 1458 2403 ⁵⁸
1482 2383 1530 2411 δύο
1557 2382 1655 2414 παῖδας
1689 2383 1851 2420 ἀγνοοῦντος
1881 2384 1929 2410 τοῦ

1105 2429 1212 2468 ἀνδρὸς,
1238 2430 1406 2467 Ἀριαράθην
1436 2428 1481 2456 καὶ
1506 2428 1688 2467 Ὀλοφέρνην.
1717 2427 1793 2456 Μετὰ
1818 2426 1848 2454 δὲ
1868 2438 1928 2454 τινα

1104 2476 1205 2513 χρόνον
1231 2477 1281 2508 τῆς
1301 2475 1405 2513 φύσεως
1430 2472 1622 2510 έπιδεξαμὲνης
1645 2471 1815 2503 ἀνελπίστως
1842 2475 1928 2499 τεκεῖν

1105 2520 1188 2556 αὐτὴν
1204 2520 1251 2548 δύο
1269 2520 1317 2557 μὶν
1335 2519 1494 2557 θυγατέρας,
1515 2519 1571 2546 υἱὸν
1589 2517 1617 2545 δὲ
1631 2516 1677 2545 ’ἕνα
1691 2517 1737 2544 τὸν
1762 2517 1927 2553 ὀνομασθέν-

1104 2568 1137 2593 τά
1161 2564 1331 2602 Μιθριδάτην
1355 2565 1388 2593 ⁵⁷.
1415 2565 1456 2601 Ἐξ
1483 2564 1514 2591 οὗ
1537 2562 1600 2594 τοὺς
1622 2559 1842 2598 ὑποϐολιμαίους
1867 2560 1927 2589 ἂνα-

1106 2609 1287 2648 διδαξαμένην
1336 2608 1428 2648 τάνδρὶ
1462 2609 1509 2637 τὸν
1554 2609 1602 2645 μὶν
1644 2604 1826 2645 πρεσϐύτερον
1864 2607 1928 2643 μετᾶ

906 2674 1027 2703 VARIE
1045 2674 1250 2703 LECTIONES.

267 2721 291 2766 τι
319 2722 364 2749 καὶ
398 2727 464 2760 post
492 2724 574 2779 ἄνδρα
602 2727 669 2755 add.
699 2729 732 2755 A.

272 2768 276 2779 ι
294 2758 422 2779 arentiuan
440 2761 459 2779 Π
527 2763 537 2779 l
571 2762 702 2779 ..-υρέλημ
718 2764 732 2779 f

271 2728 291 2766 ς’
319 2728 364 2766 καιι
398 2728 464 2766 post
492 2728 574 2766 ἄνδρα
602 2728 670 2766 add,
699 2729 749 2766 A._
784 2728 807 2766 ιξ
839 2728 918 2766 μετὰ]
944 2728 990 2755 καὶ

232 2758 278 2784 καί
294 2758 422 2790 πεσόντος
440 2761 469 2788 B.

571 2762 705 2800 μακεδόνα
718 2764 759 2800 ς.
798 2764 820 2783 ⁵1
837 2762 934 2800 τούτου
952 2768 981 2794 Β,

1043 2728 1088 2756 ετὰ
1104 2732 1132 2756 Β.

1034 2765 1112 2802 ξτῆς
1126 2773 1183 2793 om.
1201 2761 1235 2793 Al
1273 2761 1296 2782 ⁵³
1312 2764 1446 2802 βασιλέως
1462 2761 1499 2792 B.~
1531 2765 1554 2782 ⁵⁸
1568 2761 1712 2791 κατέλειπε
1730 2763 1763 2790 Α.
1801 2761 1827 2779 ⁵⁵
1852 2761 1930 2799 γενοέ

234 2793 322 2829 μένων
338 2794 379 2830 ς’.
416 2795 439 2813 ⁵⁸
455 2796 520 2825 libri
537 2793 750 2829 ὑπόϐαλλεσθαῖ.
789 2800 811 2817 ⁸⁷
831 2798 1002 2836 Μιθριδᾶτης

1184 2729 1293 2766 “iuvi,
1317 2732 1349 2766 Β·
1377 2728 1429 2766 __"
1459 2725 1586 2766 περδέηας
1602 2729 1642 2766 Βι.
1681 2726 1706 2743 ⁴⁹
1733 2724 1864 2766 πεσόξέος
1891 2728 1928 2763 τι]

204 3108 242 3148 ἑ
