4066 6216
269 357 420 418 1401

1359 352 1901 416 BIBLIOTHECA.
1950 387 2026 402 --
2071 355 2246 419 COD.
2294 358 2594 421 CCXLIV.

3508 375 3539 433 1
3554 375 3670 435 402

269 487 586 561 συμμέτρου
639 503 831 564 χρειας
883 483 960 547 εἷς
1017 485 1244 557 Ῥώμην
1301 482 1677 553 ἀποσταλῆναι
1734 505 1904 560 παρα-

2029 493 2298 558 certaret,
2331 490 2430 547 ille
2458 494 2662 548 contra
2692 493 3120 555 demonstraret
3159 499 3281 556 fieri
3312 519 3428 560 non
3473 521 3664 577 posse,

265 576 542 646 σκευάσαι,
606 575 698 630 τὸν
767 571 824 628 δὲ
880 574 1139 648 νεώτερον
1199 573 1275 635 εἰς
1334 574 1435 642 τὴν
1493 573 1698 629 Ἰωνίαν
1742 575 1906 650 χάριν

263 670 361 722 τοῦ
413 667 491 738 μή
543 657 968 741 διαμφισϐητεῖν
1017 663 1150 737 ὑπὲρ
1197 669 1296 732 τῆς
1351 661 1631 736 βασιλείας
1669 670 1748 737 τῷ
1775 686 1911 739 γνη-

263 755 386 828 σίῳ.
442 757 649 812 Τοῦτον
703 751 759 808 δὲ
807 749 1147 827 ἀνδρωθέντα
1203 752 1294 806 καὶ
1352 753 1680 827 Ἀριαράθην
1750 755 1907 828 φασὶν

265 847 759 921 μετονομασθῆναι,
829 844 1074 904 παιδείας
1124 864 1183 899 τε
1239 843 1573 914 Ἑλληνικῆς
1629 848 1758 918 [625

267 943 586 1014 μετασχεῖν,
617 937 705 992 καὶ
752 936 887 992 κατὰ
929 938 1031 1004 τήν
1072 933 1250 1006 ἄλλην
1301 934 1631 990 ἐπαινεῖσθαι
1687 936 1906 1010 ἀρετήν.

266 1029 431 1084 Καὶὸ
467 1027 564 1100 μὶν
595 1028 782 1100 πατὴρ
839 1025 1169 1104 φιλοπάτορι
1219 1023 1332 1080 ὄντι
1381 1029 1461 1096 τῷ
1511 1023 1612 1098 υἱῷ
1659 1020 1909 1080 ἔσπευδεν

261 1113 560 1172 ἄποδοῦναι
590 1117 689 1186 τήν
721 1119 818 1170 τοῦ
851 1112 1177 1190 φιλοτέκνου
1199 1111 1464 1182 σπουδήν,
1495 1113 1583 1169 καὶ
1606 1114 1692 1168 ἐπὶ
1717 1118 1911 1169 τοσοῦ-

257 1226 354 1262 τον
403 1204 590 1269 αὐτοῖς
645 1200 853 1280 προέϐη
902 1205 969 1260 τὰ
1008 1211 1108 1273 τῆς
1157 1205 1292 1280 πρὸς
1345 1201 1632 1275 ἀλλήλους
1675 1203 1906 1273 εὐνοίας,

251 1294 392 1352 ὥστε
421 1296 450 1350 ὀ
485 1296 579 1368 μὲν
613 1296 793 1369 πατὴρ
826 1293 1126 1363 ἐξίστασθαι
1164 1301 1265 1363 τῆς
1299 1292 1436 1363 ὅλης
1469 1294 1648 1368 ἀρχῆς
1693 1293 1906 1368 ἠγωνί-

2021 585 2087 634 ut
2117 596 2151 635 a
2182 579 2521 651 parentibus
2549 583 2740 638 adhuc
2771 584 3098 642 viventibus
3125 590 3411 659 ejusmodi
3446 595 3661 651 benefi-

2021 668 2173 724 cium
2192 670 2540 727 admitteret.
2558 671 2682 736 Hic,
2699 678 3008 744 postquam
3033 682 3331 746 parentem
3356 681 3471 736 fata
3492 699 3660 738 voca-

2021 763 2178 828 runt,
2212 776 2456 831 regnum
2482 761 2723 834 accepit,
2749 766 2869 818 tum
2893 763 2951 818 in
2984 764 3223 836 reliquis
3244 768 3370 823 vitae
3404 772 3665 828 moribus

2019 850 2299 905 eximium
2358 865 2417 906 se
2477 852 2758 923 praebens,
2818 859 2943 908 tum
2997 853 3378 928 philosophica
3433 876 3666 930 operam

2021 955 2261 994 navans.
2286 940 2447 1004 Quod
2473 940 2692 996 factum
2717 945 2806 997 est
2827 950 2887 996 ut
2911 941 3277 1015 Cappadocia
3298 945 3433 1002 olim
3461 948 3667 1003 Graecis

2018 1027 2240 1098 ignota,
2265 1032 2406 1084 tunc
2426 1029 2668 1086 eruditis
2691 1029 2862 1086 fuerit
2885 1033 3330 1103 receptaculum.
3349 1036 3506 1092 Idem
3531 1053 3664 1092 cum

2018 1115 2294 1172 Romanis
2324 1116 2639 1173 amicitiam
2673 1119 3125 1192 societatemque
3167 1123 3478 1179 renovavit.
3511 1124 3664 1180 Alia-

2018 1221 2133 1277 que
2155 1204 2412 1278 plurima
2438 1207 2510 1262 de
2543 1205 2824 1264 relatione
2875 1225 3079 1282 regum
3121 1213 3496 1285 Cappadociae
3523 1231 3667 1286 prae-

2018 1295 2274 1351 sentium
2307 1311 2490 1366 usque
2517 1297 2590 1352 ad
2627 1297 2834 1369 Cyrum
2865 1299 2994 1370 (6'2).

263 1390 386 1454 ζετο
452 1389 531 1457 τῷ
588 1380 764 1451 παιδὲ,
821 1383 850 1437 ὁ
909 1379 969 1436 δὶ
1023 1379 1286 1437 ἀδύνατον
1345 1379 1549 1436 ἐδείκνυ
1617 1383 1664 1418 ⁵⁸
1721 1379 1966 1453 δέξασθαι
2033 1381 2194 1436 αὐτὸν
2247 1383 2392 1457 παρά
2445 1383 2648 1457 γονέων
2717 1381 2794 1438 ἔτι
2852 1386 3070 1456 ζώντων
3131 1388 3385 1459 τοιαύτην
3443 1389 3666 1468 χάριτα.

259 1475 431 1536 Οὗτος
490 1475 582 1530 τὸν
639 1473 844 1548 πατέρα
897 1477 995 1528 τοῦ
1051 1470 1416 1548 πεπρωμένου
1475 1467 1880 1535 καταλαϐόντος
1935 1469 2204 1546 διεδέξατο
2250 1473 2349 1541 τήν
2412 1472 2712 1548 βασιλείαν,
2767 1478 2866 1546 τήν
2931 1496 2988 1530 τε
3051 1476 3228 1550 ἄλλην
3294 1467 3519 1555 ἀγωγην
3569 1487 3667 1537 τοῦ

261 1565 386 1639 βίου
442 1563 884 1640 ἀξιολογωτάτην
935 1561 1338 1637 ἐνδεικνύμενος
1386 1563 1480 1618 καὶ
1528 1563 1828 1641 φιλοσοφίᾳ
1869 1564 2246 1643 προσανέχων,
2297 1563 2345 1637 ἐξ
2398 1564 2459 1619 οὗ
2499 1564 2588 1620 καὶ
2639 1567 2674 1634 ἡ
2728 1566 2874 1640 παρά
2930 1573 3043 1630 τοῖς
3096 1567 3362 1639 Ἕλλησιν
3432 1571 3670 1649 ἀγνοου-

263 1657 400 1728 μένη
466 1653 635 1709 πάλαι
705 1651 1058 1710 Καππαδοκία
1084 1653 1207 1709 τότε
1251 1659 1369 1717 τοῖς
1417 1651 1870 1727 πεπαιδευμένοις
1918 1650 2252 1727 έμϐιώτερον
2285 1655 2334 1688 ⁵9
2385 1654 2653 1733 ὑπῆρχεν.
2708 1657 3072 1712 Ἀνενεώσατο
3123 1656 3169 1712 δ’
3217 1660 3374 1724 οὗτος
3421 1660 3511 1714 καὶ
3569 1663 3668 1730 την

258 1744 397 1820 πρὸς
463 1743 767 1817 Ῥωμαίους
826 1743 1011 1820 φιλίαν
1063 1765 1122 1799 τε
1177 1745 1268 1799 καὶ
1328 1743 1672 1820 συμμαχίαν.
1735 1742 1906 1800 Ἀλλὰ
1961 1747 2028 1800 τὸ.
2096 1744 2192 1818 μὲν
2258 1743 2382 1819 περὶ
2436 1751 2536 1814 τῆς
2592 1745 2669 1808 εἷς
2729 1747 2908 1820 Κῦρον
2966 1747 3235 1828 ἀναφορᾶς
3301 1755 3408 1805 τῶν
3499 1749 3665 1830 μέχρι

257 1831 416 1889 τοῦδε
444 1840 543 1904 τῆς
586 1830 972 1896 Καππαδοκίας
1017 1833 1449 1910 βασιλευσάντων
1485 1833 1536 1891 ἐν
1565 1833 1802 1896 τούτοις.

858 1924 950 1979 Ἐκ
984 1927 1082 1978 τοῦ
1122 1923 1305 1980 αὐτοῦ.

332 2015 458 2070 ’Ὁτι
515 2011 639 2087 περὶ
700 2012 932 2068 Λευκίου
989 2011 1279 2087 Αἰμιλίου,
1336 2018 1434 2068 τοῦ
1492 2015 1696 2085 Περσέα
1744 2034 1904 2070 κατα-

259 2101 703 2177 πολεμήσαντος,
735 2109 833 2173 τῆς
863 2109 1040 2177 ταφῆς
1084 2099 1464 2178 διερχόμενος,
1505 2103 1596 2159 καὶ
1647 2102 1902 2178 λαμπράν

257 2192 425 2262 αὐτὴν
481 2191 534 2255 ές
576 2193 644 2248 τά
690 2190 926 2266 μάλιστα
971 2191 1209 2268 γενέσθαι
1269 2191 1464 2267 λέγων,
1523 2192 1726 2268 ἐπάγει·
1787 2198 1904 2250 Τῶν

257 2282 360 2355 γάρ
394 2279 682 2354 Ῥωμαίων
717 2283 768 2336 o't
797 2287 916 2342 ταῖς
959 2280 1252 2356 εὐγενείαις
1304 2280 1394 2336 καὶ
1442 2281 1724 2357 προγόνων
1779 2279 1906 2356 δόξῃ

260 2367 605 2446 διαφέροντες
700 2371 837 2443 μετά
920 2372 1018 2438 τήν
1093 2369 1354 2439 τελευτὴν
1412 2368 1905 2426 εἲδωλοποιοῦνται

262 2459 396 2514 κατά
424 2480 480 2514 τε
510 2460 608 2528 τὴν
639 2463 737 2514 τοῦ
779 2461 1126 2534 χαρακτῆρος
1160 2459 1464 2533 ὁμοιότητα
1499 2461 1656 2532 [1161
1693 2461 1785 2532 R.]
1814 2459 1905 2514 καὶ

260 2549 396 2604 κατὰ
452 2550 552 2619 τήν
603 2547 740 2619 ὅλην
791 2553 890 2604 τοῦ
940 2549 1201 2622 σώματος
1245 2551 1607 2627 περιγραφὴν,
1660 2549 1904 2623 μιμητὰς

259 2635 480 2718 ἔχοντες
519 2640 579 2696 ἐκ
607 2641 808 2702 παντὸς
849 2643 948 2694 τοῦ
996 2639 1119 2714 βίου
1169 2639 1686 2716 παρατετηρηκότας
1715 2640 1762 2676 ⁶⁰
1805 2641 1904 2708 τήν

256 2749 318 2784 τε
354 2729 577 2804 πορείαν
601 2729 692 2784 καὶ
730 2730 826 2790 τὰς
873 2729 1010 2784 κατᾶ
1056 2731 1218 2804 μέρος
1270 2727 1546 2800 ἰδιότητας
1586 2735 1686 2798 τῆς
1735 2729 1907 2806 ἐμφά-

264 2837 422 2880 σεως.
475 2818 886 2892 Παραπλησίως
937 2817 993 2872 δὲ
1039 2817 1130 2872 καὶ
1193 2822 1301 2873 τῶν
1360 2819 1646 2892 προγόνων
1685 2814 1908 2877 ἕκαστος

263 2911 594 2983 προηγεῖται
651 2906 908 2977 τοιαύτην
969 2901 1114 2981 ἔχων
1171 2904 1458 2976 διασκευήν
1527 2906 1617 2962 καὶ
1676 2905 1907 2978 κόσμον,

266 2995 408 3051 ὥστε
453 2992 582 3059 τοὺς
633 2996 934 3068 θεωμένους
987 2991 1076 3049 διὰ
1127 3003 1229 3065 τῆς
1287 2993 1345 3051 ἐκ
1382 2995 1590 3051 τούτων
1624 2995 1908 3073 ἐμφάσεως

265 3087 549 3160 γινώσκειν
578 3082 658 3161 ἐφ’
686 3085 813 3140 ὅσον
842 3083 1058 3140 ’έκαστοι
1098 3087 1140 3122 ⁶¹
1186 3093 1357 3160 τιμῆς
1401 3087 1763 3161 προήχθησαν
1817 3085 1907 3140 καὶ

271 3173 536 3248 μετέσχον
573 3177 680 3228 τῶν
714 3171 764 3228 έν
796 3176 865 3247 τῇ
897 3172 1150 3245 πολιτείᾳ
1179 3172 1388 3232 καλῶν.

1934 1931 1982 1995 Β

2688 1929 2772 1983 Ex
2799 1928 3004 1985 eodem.

2093 2016 2168 2071 De
2197 2015 2360 2070 Lucii
2392 2016 2630 2084 Emilii,
2663 2018 2762 2090 qui
2815 2016 3045 2074 Persem
3095 2019 3427 2088 debellavit,
3463 2021 3660 2092 sepul-

2014 2108 2145 2160 tura
2174 2103 2294 2159 htec
2326 2103 2521 2172 habet,
2568 2121 2746 2176 quam
2798 2110 3038 2177 propter
3081 2107 3192 2164 ista
3241 2109 3493 2164 maxime
3526 2109 3670 2164 dicit

2015 2192 2324 2248 illustrem.
2354 2192 2555 2249 Solent
2612 2193 2767 2250 enim
2811 2195 3052 2252 Romani
3104 2196 3206 2267 qui
3259 2197 3565 2253 nobilitate
3615 2204 3667 2252 et

2018 2283 2310 2353 majorum
2354 2298 2596 2338 suorum
2645 2282 2836 2354 gloria
2882 2288 3251 2355 prastarent,
3303 2293 3667 2343 mortuorum

2015 2370 2300 2443 imagines
2330 2372 2398 2426 ad
2421 2370 2872 2428 similitudinem
2903 2373 3050 2440 vitae,
3086 2374 3379 2444 totiusque
3408 2374 3670 2446 corporis

2015 2459 2467 2518 delineationem
2501 2461 2794 2530 efﬁngere,
2829 2467 2894 2518 ut
2943 2463 3072 2518 vita
3105 2463 3314 2518 seriem
3347 2469 3666 2532 servantes,

2015 2555 2074 2607 et
2098 2552 2268 2621 juxta
2299 2549 2573 2617 imaginis
2603 2550 2893 2621 cujusque
2933 2551 3225 2621 propriam
3256 2550 3533 2605 virtutem
3565 2550 3671 2605 ha-

2017 2639 2217 2694 berent
2246 2655 2393 2710 quos
2422 2637 2795 2694 imitarentur
2834 2639 2968 2709 (63).
3010 2638 3226 2694 Eodem
3256 2640 3428 2695 modo
3481 2655 3671 2696 unus-

2017 2729 2262 2800 quisque
2309 2745 2340 2784 e
2387 2728 2727 2800 parentibus
2777 2727 3066 2798 ejusmodi
3112 2732 3355 2795 statuas,
3401 2733 3466 2784 et-
3503 2745 3671 2786 orna-

2019 2822 2217 2874 menta
2247 2817 2455 2875 habuit
2482 2821 2538 2874 et
2579 2815 2895 2890 praecessit,
2949 2825 3008 2872 ut
3057 2833 3125 2872 ex
3172 2832 3375 2873 eorum
3425 2817 3669 2889 picturis

2019 2905 2264 2979 quisque
2293 2905 2600 2977 intelligat,
2632 2907 2882 2977 quantas
2914 2904 3102 2960 883b
3133 2905 3191 2960 in
3231 2905 3531 2978 republica
3578 2905 3668 2962 di-

2019 2996 2273 3069 gnitates
2302 2993 2517 3067 singuli
2544 2999 2601 3050 et
2630 2993 2880 3050 honores
2909 2995 3214 3067 gesserint.

331 3264 457 3320 ’Ότι
486 3261 612 3324 τοὺς
653 3257 877 3335 Ἴϐηρας
923 3263 1014 3318 καὶ
1046 3263 1375 3326 Λυσιτανούς
1423 3265 1703 3338 ὀνομάζει.
1755 3265 1901 3334 Φησὶ

2083 3263 2360 3320 Nominat
2381 3263 2664 3336 Hispanos
2696 3267 2752 3319 et
2783 3264 3109 3322 Lusitanos.
3130 3265 3303 3321 Addit
3333 3266 3491 3324 enim
3519 3283 3663 3338 quo-

261 3352 362 3429 γάρ
417 3352 492 3413 ὡς
548 3348 805 3425 Μέμμιος
865 3349 1187 3425 ἒξαπέλεκυς
1236 3354 1285 3389 ⁶²
1327 3355 1630 3429 στρατηγὸς
1687 3353 1764 3416 εἰς
1809 3354 1906 3423 τὴν

258 3435 497 3516 Ἰϐηρίαν
547 3439 911 3510 ἐξαπέσταλτο
963 3442 1098 3514 μετὰ
1147 3441 1452 3516 δυνάμεως,
1499 3443 1555 3498 οἱ
1624 3441 1680 3498 δὲ
1739 3451 1906 3498 Λυσι-

254 3531 409 3584 τανοὶ
459 3531 852 3609 συστραφέντες
898 3531 1033 3604 πρὸς
1087 3529 1269 3600 αὐτὸν,
1321 3531 1410 3586 καὶ
1461 3526 1722 3596 λαϐόντες
1767 3533 1906 3586 ἀπα-

262 3619 519 3695 ράσκευον
567 3624 614 3660 ⁸⁸
652 3620 713 3677 ἐκ
761 3619 1067 3689 κατάπλου,
1113 3622 1266 3696 μάχῃ
1308 3642 1366 3677 τε
1415 3622 1666 3692 ἐνίκησαν
1714 3625 1906 3679 καὶτὸ

259 3708 517 3766 πλεῖστον
582 3715 683 3766 τοῦ
743 3713 972 3784 στρατοῦ
1031 3707 1354 3788 διέφθειραν.
1427 3707 1766 3786 Περιϐοήτου
1850 3708 1907 3766 δὲ

259 3801 560 3878 γενομένης
593 3803 690 3870 τῆς
730 3801 838 3857 τῶν
869 3795 1104 3873 Ἰϐήρων
1134 3799 1429 3876 εὐημερίας
1462 3803 1512 3856 οἱ
1547 3802 1640 3874 μὲν
1674 3803 1909 3874 Ἀρουα-

259 3891 372 3957 κοὶ,
421 3889 739 3964 νομίσαντες
788 3889 932 3946 πολὺ
980 3889 1260 3964 κρείττους
1308 3889 1444 3946 εἶναι
1492 3894 1600 3946 τῶν
1652 3885 1905 3965 Ἰϐήρων,

260 3980 670 4055 κατεφρόνησαν
699 3985 808 4036 τῶν
846 3980 1155 4054 πολεμίων,
1187 3980 1278 4035 καὶ
1307 3981 1368 4035 τὸ
1401 3979 1614 4051 πλῆθος
1662 3981 1723 4035 τὸ
1773 3981 1908 4035 κατὰ

265 4072 365 4139 τήν
419 4068 712 4140 ἐκκλησίαν
763 4067 852 4125 διὰ
894 4070 1094 4141 ταύτην
1142 4068 1377 4144 μάλιστα
1422 4071 1623 4142 ταύτην
1671 4067 1909 4144 μάλιστα

264 4160 366 4229 τὴν
399 4158 572 4214 αἰτίαν
600 4157 783 4216 ε’ίλετο
815 4161 904 4216 τὸν
933 4161 1070 4235 πρὸς
1103 4159 1406 4234 Ῥωμαίους
1448 4159 1711 4235 πόλεμον.

907 4251 1000 4306 Ἐκ
1025 4253 1122 4305 τοῦ
1153 4248 1264 4324 λβ“.

339 4339 463 4396 Ὅτι
490 4338 553 4394 τὸ
581 4343 770 4414 τεῖχος
801 4342 910 4394 τῶν
941 4336 1342 4416 Καρχηδονίων
1371 4342 1470 4409 τῆς
1523 4337 1741 4402 πόλεώς
1789 4361 1908 4418 φη-

265 4447 347 4481 σιν
394 4426 530 4501 ὕψος
581 4427 676 4501 μὲν
718 4428 850 4483 εἶναι
891 4432 1094 4503 πηχῶν
1132 4431 1549 4504 τεσσαράκοντα,
1600 4429 1808 4493 πλάτος
1848 4425 1908 4486 δὲ

260 4512 556 4574 ιῖκοσιδύοο
589 4515 744 4588 ὅμως
780 4516 868 4571 καὶ
899 4518 947 4554 δι
984 4519 1245 4573 τοιούτῶν
1293 4515 1462 4573 ὄντων
1516 4520 1568 4573 αἱ
1617 4518 1906 4593 Ῥωμαίων

2015 3353 2188 3408 modo
2226 3353 2532 3409 Memmius
2565 3357 2776 3424 praetor
2805 3353 2876 3408 ad
2911 3354 3112 3410 urbem
3146 3355 3202 3409 in
3239 3354 3384 3410 bello
3432 3357 3493 3412 iu
3534 3356 3666 3413 His-

2011 3441 2247 3514 paniam
2266 3458 2401 3498 cum
2432 3442 2615 3513 copiis
2636 3441 2714 3498 sit
2737 3441 3037 3510 missus,et
3060 3450 3119 3498 ut
3143 3443 3405 3500 Lusitani
3431 3461 3566 3501 cum
3591 3460 3659 3500 eo

2015 3532 2942 3604 congredientes,exscendentem
2969 3532 3322 3604 imparatum
3355 3542 3664 3606 occupant,

2015 3637 2326 3693 pugnaque
2345 3637 2480 3677 eum
2503 3626 2800 3692 superant,
2816 3637 3208 3692 magnamque
3229 3624 3512 3678 exercitus
3536 3640 3658 3693 par-

2016 3715 2131 3766 tem
2163 3712 2416 3778 caedunt,
2444 3710 2597 3767 facta
2627 3714 2824 3766 autem
2857 3709 3248 3782 Hispanorum
3290 3711 3670 3779 victoriajam

2017 3799 2251 3864 celebri,
2281 3799 2523 3856 Arevaci
2576 3798 2987 3854 existimantes
3038 3814 3101 3854 se
3157 3797 3340 3854 Iberis
3401 3798 3670 3855 fortiores

2017 3887 2208 3944 adhuc
2233 3903 2383 3954 esse,
2417 3887 2644 3944 hostem
2674 3891 3178 3958 contempserunt,
3210 3891 3267 3942 et
3295 3887 3354 3941 in
3389 3887 3668 3944 concione

2020 3975 2293 4048 populus,
2325 3975 2433 4030 hac
2461 3974 2781 4046 praesertim
2814 3975 2887 4031 de
2917 3990 3113 4044 causa,
3139 3981 3340 4032 contra
3370 3975 3671 4033 Romanos

2018 4063 2240 4121 bellum
2275 4064 2450 4121 movit
2482 4065 2619 4138 (64).

2506 4249 2592 4303 8.2:
2621 4245 2898 4304 tricesimo
2925 4261 3089 4303 secun
3099 4247 3191 4304 do.

2087 4336 2244 4393 Licet
2270 4336 2796 4409 Carthaginensum
2837 4338 3050 4394 mmnia
3087 4336 3478 4410 quadraginta
3506 4337 3672 4395 cubi-

2015 4435 2104 4484 tos
2135 4427 2464 4494 altitudine,
2488 4425 2874 4483 etlatitudine
2902 4425 3108 4498 viginti
3130 4426 3275 4484 duos
3299 4427 3665 4498 excederent,

2017 4519 2408 4574 Romanorum
2431 4520 2624 4572 tamen
2650 4515 2956 4586 machina),
2979 4517 3234 4573 etvirtus
3257 4517 3457 4573 fortior
3478 4532 3657 4588 quam

265 4606 628 4681 μηχαναίκαὶ
668 4605 735 4662 τά
763 4605 899 4662 κατά
928 4605 1172 4680 πόλεμον
1213 4604 1680 4685 ἀνδραγαθήματα
1725 4610 1904 4684 κρείτ-

2024 4625 2223 4666 murus
2255 4608 2382 4678 fuit,
2413 4607 2498 4664 sic
2521 4612 2580 4664 ut
2611 4609 2814 4664 urbem
2849 4607 3127 4680 ceperint,
3160 4613 3217 4664 et
3247 4608 3370 4666 solo
3399 4624 3661 4681 aquisve-

261 4715 388 4757 τους
435 4693 692 4773 ὤφθησαν
733 4701 833 4766 τῆς
884 4693 1099 4752 ἒκείνων
1150 4695 1464 4777 ἀσφαλείας,
1517 4699 1609 4754 καὶ
1666 4699 1812 4757 ἑάλω
1869 4702 1904 4770 ἡ

263 4783 434 4846 πόλις
464 4787 552 4839 καὶ
595 4786 972 4861 κατερειπώθη
1005 4787 1072 4845 ⁸⁵.

336 4877 460 4932 ’Ὁτι
512 4876 879 4946 Μασανάσσης
906 4879 951 4914 ⁵⁸
1002 4877 1030 4931 ὁ
1084 4871 1302 4932 Λιϐύων
1363 4873 1766 4953 βεϐασιλευκὼς
1822 4881 1912 4936 καὶ

265 4965 364 5033 τὴν
397 4965 534 5039 πρὸς
567 4965 878 5039 Ῥωμαίους
910 4965 1098 5044 φιλίαν
1148 4969 1468 5044 τετηρηκὼς
1520 4969 1837 5042 ἐνενήκοντα
1867 4974 1911 5009 ⁸⁷

2017 4699 2134 4756 rint
2168 4699 2302 4772 (65).

2092 4882 2398 4939 Masinissa
2426 4896 2526 4938 rex
2552 4880 2982 4947 Africanorum,
3032 4879 3133 4951 qui
3179 4877 3495 4934 amicitiam
3537 4892 3668 4933 cum

2022 4972 2302 5030 Romanis
2343 4972 2550 5038 tenuit,
2584 4987 2769 5028 annos
2806 4970 3123 5042 nonaginta
3152 4970 3211 5024 in
3265 4967 3464 5040 vigore
3501 4965 3667 5022 vixit.

1623 5127 1867 5184 VARle
1908 5126 2320 5184 LECTIONES.

338 5243 651 5323 setsgtgwe
681 5253 738 5323 ιζ.
773 5317 807 5323 __
840 5247 886 5284 ‘9
913 5242 1284 5323 ἔμϐιῳτήριον
1317 5250 1669 5323 Stephanus.

1771 5250 1818 5287 ⁸ο
1849 5249 1970 5324 βίου
1999 5249 2126 5311 τοὺς
2173 5269 2511 5324 παρατετηρ.
2577 5250 2638 5305 Β.

2741 5250 2786 5285 σι
2845 5243 3064 5301 ἕκαστοι
3119 5248 3166 5302 Α
3225 5262 3238 5302 :

3309 5241 3533 5306 ἕκαστος

338 5248 383 5285 ⁸⁸
413 5244 651 5302 ἐδείκνυε
681 5253 738 5302 Β.
840 5247 886 5284 ‘9
913 5244 1284 5323 ἔμϐιωτήριον
1317 5250 1669 5320 Stephanus.
1771 5250 1818 5287 ⁸ο
1849 5249 1970 5324 βίου
1999 5249 2126 5311 τοὺς
2173 5269 2511 5324 παρατετηρ.
2577 5250 2638 5305 Β.
2741 5250 2786 5285 δι
2845 5244 3064 5301 ἕκαστοι
3119 5248 3166 5302 Α
3225 5262 3238 5302 :
3309 5244 3533 5306 ἕκαστος

366 5315 714 5396 ἑξαπέλεκυς]
771 5317 819 5390 ἐξ
851 5320 941 5396 Δοὐ
1001 5319 1227 5396 πέλεκυς
1277 5328 1342 5379 Δ.
1420 5322 1479 5396 “At
1520 5321 1894 5396 ἀπαράσκευον
1935 5324 2432 5396 Rhodomannu‘st
2469 5319 2528 5374 ἐκ
2581 5323 2945 5396 Δπαρασκευῶν
3009 5321 3080 5389 Α,
3133 5316 3528 5391 έκπαράσκευον
3655 5360 3668 5372 .

264 5391 311 5428 ⁶⁴
341 5389 667 5464 καί],καίτοι
696 5389 768 5450 Ἀ.
808 5389 811 5390 ν
844 5391 892 5426 ⁸⁵
920 5393 1267 5467 κατεριπώθη
1297 5398 1362 5452 Α.
1439 5393 1485 5430 ⁸⁸
1516 5389 1760 5467 μανασῆς
1791 5398 1858 5464 A,
1895 5399 2170 5467 μανασσῆς
2202 5394 2264 5450 Β.
2341 5392 2388 5428 ⁸⁷
2415 5389 2762 5462 ἐννενήκοντα

1845 5518 2076 5578 NOTAE.

340 5633 458 5704 (62)
489 5633 632 5690 Vide
661 5633 958 5692 Ciceronis
987 5634 1290 5706 Epistolas.

341 5708 457 5778 (63)
486 5707 630 5764 Vide
660 5706 926 5764 Tacitum
957 5712 1012 5765 et
1040 5707 1406 5766 Juvenalem.

2101 5639 2215 5705 (64)
2245 5635 2578 5707 Eutropius,
2611 5635 2710 5691 lib.
2742 5654 2813 5692 ιν.

2100 5709 2211 5782 (65)
2240 5709 2382 5766 Vide
2411 5708 2613 5766 Ortelii
2649 5707 2944 5768 Theatrum
2972 5711 3030 5767 in
3064 5710 3330 5781 Parergo.
