4066 6216
480 365 634 428 1403

1683 350 1781 410 PH
1792 349 1948 411 OTlI
1993 349 2518 411 PATRIARCHE
2562 350 2677 411 ΟΡ.

3752 367 3908 429 1404

475 502 627 559 ﬁlios
648 504 843 558 decem
868 498 1118 555 moriens
1138 490 1395 565 reliquit,
1416 506 1562 562 quos
1579 486 1858 542 Romanis
1882 485 1939 540 in
1974 488 2111 539 tute-

2237 482 2337 571 μὶν
2368 478 2501 537 ἐϐίω
2533 477 2624 553 ἔτη
2660 483 2711 538 ἐν
2746 483 2989 561 δυνάμει,
3032 487 3229 555 παῖδας
3282 490 3415 549 δέκα
3466 494 3524 551 ἐν
3572 502 3663 571 τῷ
3721 500 3907 555 ἀπαλ-

474 592 591 648 lam
625 590 939 648 commisit.
976 590 1109 640 Erat
1138 590 1193 640 et
1229 581 1485 653 corporis
1510 577 1783 633 ﬁrmitate
1816 578 2121 647 praestans,

474 686 529 737 et
562 679 791 735 duritiei
823 695 888 733 ac
918 674 1216 731 laboribus
1245 690 1275 726 a
1300 669 1546 741 pueritia
1577 673 1867 723 assuetus.
1892 663 2118 719 Etenim

474 774 637 826 stans
666 768 725 823 in
756 766 1013 838 vestigiis
1046 770 1231 821 totum
1266 762 1414 817 diem
1442 758 1713 814 manebat
1738 756 2039 821 immotus,
2063 757 2121 809 et

474 860 681 915 sedens
716 874 829 911 non
864 856 1138 927 surgebat
1168 866 1352 923 usque
1383 850 1451 904 ad
1489 850 1736 910 noctem,
1770 848 1891 899 toto
1922 843 2009 898 die
2042 842 2119 897 la-

470 947 639 1002 bores
674 945 988 1010 meditans,
1033 948 1089 998 et
1138 943 1194 995 in
1247 956 1392 1011 equo
1438 939 1800 992 continenter
1850 938 1968 988 toto
2026 933 2118 989 die

466 1042 520 1090 et
553 1040 716 1090 nocte
748 1036 974 1100 sedens,
1003 1037 1057 1087 et
1088 1028 1547 1102 equitationibus
1575 1030 1740 1079 utens
1766 1040 1878 1079 non
1912 1022 2117 1078 defati-

466 1126 732 1199 gabatur.
758 1126 854 1180 Est
882 1126 1006 1194 ejus
1024 1121 1365 1177 valetudinis
1388 1116 1721 1188 vigorisque
1753 1115 1983 1183 signum
2009 1114 2117 1169 hoc

470 1216 813 1281 maximum,
838 1214 993 1284 quod
1030 1214 1143 1266 fere
1166 1212 1287 1281 jam
1323 1205 1789 1278 monagenarius,
1816 1203 1999 1257 ﬁlium
2021 1203 2117 1257 ha-

466 1306 627 1360 beret
660 1302 1124 1374 quadrimulum,
1159 1299 1415 1370 corporis
1468 1296 1672 1351 robore
1718 1296 2112 1362 praestantem.

466 1395 528 1449 In
562 1409 831 1465 agrorum
867 1390 1095 1445 cultura
1121 1404 1303 1458 usque
1326 1387 1467 1441 adeo
1499 1382 1790 1449 excelluit,
1824 1386 1885 1435 ut
1907 1382 2114 1451 singu-

464 1481 537 1537 lis
571 1483 705 1537 filiis
740 1481 1041 1551 reliquerit
1087 1494 1291 1549 agrum
1326 1477 1524 1529 decem
1560 1472 1809 1527 millium
1839 1472 2112 1541 jugerum

464 1571 1028 1627 omniinstrumento
1049 1562 1624 1635 ornatum.Regnavit
1642 1559 1915 1632 praeclare
1929 1574 2115 1613 annos

462 1661 783 1731 sexaginta.

2236 569 2520 626 λάττεσθαι
2580 572 2918 642 καταλιπὼν,
2978 575 3074 640 οὓς
3133 581 3221 634 καὶ
3291 569 3638 656 Ῥωμαίοις
3678 587 3851 663 ἐπιτρ

2229 660 2480 714 πεύεσθαι
2529 664 2918 737 παρεκατέθετο
2968 668 3011 702 ⁶⁸
3072 670 3197 740 [6'26
3238 672 3353 743 [1.],
3406 674 3473 741 ἦν
3530 671 3588 728 δὲ
3632 677 3733 729 καὶ
3770 660 3905 731 κατὰ

2227 750 2328 818 τήν
2390 754 2486 805 τοῦ
2555 753 2812 825 σώματος
2870 755 3115 810 εὐτονίαν
3202 756 3473 837 διαφέρων
3560 766 3661 818 καί
3772 788 3903 839 καρ-

2228 840 2382 929 τερίᾳ
2435 841 2522 894 καὶ
2584 840 2772 903 πόνοις
2833 846 3073 914 συνήθης
3142 846 3201 902 ἐκ
3256 849 3471 913 παιδός·
3520 854 3585 916 ὅς
3645 876 3712 929 γε
3775 860 3901 918 στας

2228 927 2280 983 ἒν
2347 934 2466 992 τοῖς
2518 929 2727 1009 ἴχνεσιν
2793 931 2931 1002 ὅλην
2975 936 3075 1003 τήν
3136 939 3343 1011 ἡμέραν
3391 927 3672 1011 ἀκίνητος
3723 944 3899 1016 ἔμενε,

2226 1020 2587 1092 καθεζόμενος
2641 1017 2699 1074 δὲ
2747 1021 2846 1076 οὐκ
2893 1024 3140 1098 ἠγείρετο
3203 1026 3370 1105 μέχρι
3421 1032 3622 1092 νυκτὸς
3693 1031 3901 1105 ἐτημε-

2230 1107 2399 1182 ρεῦων
2448 1113 2565 1169 ταῖς
2623 1112 2729 1163 τῶν
2773 1110 2952 1164 πόνων
3004 1112 3284 1187 μελέταις,
3334 1116 3419 1171 ἐπὶ
3470 1115 3532 1172 δὲ
3580 1119 3685 1173 τὸν
3725 1120 3896 1176 ἵππον

2227 1192 2521 1250 ἐπιϐαίνων
2572 1199 2620 1234 (⁵⁸
2668 1204 2912 1277 συνεχῶς
2964 1201 3175 1277 ἡμέραν
3235 1207 3325 1258 καὶ
3371 1206 3539 1260 νύκτα
3605 1211 3707 1263 καὶ
3776 1218 3896 1273 ταῖς

2226 1286 2510 1349 ἱππασίαις
2548 1290 2837 1363 χρώμενος
2870 1291 2969 1345 οὐκ
3007 1290 3251 1364 ἐξελύετο
3282 1296 3347 1353 7°.
3382 1304 3630 1369 Σημεῖον
3685 1299 3747 1354 δὲ
3792 1310 3893 1371 τῆς

2224 1376 2345 1450 περὶ
2406 1377 2567 1430 αὐτὸν
2610 1377 2807 1450 εὐεξίας
2855 1399 2911 1433 τε
2960 1381 3046 1435 καὶ
3101 1378 3383 1456 δυνάμεως
3434 1386 3728 1459 μέγιστον·
3786 1389 3895 1444 Evs-

2224 1467 2458 1534 νήκοντα
2507 1467 2612 1541 γὰρ
2664 1465 2858 1542 σχεδὸν
2914 1466 3059 1543 ἔχων
3110 1465 3203 1541 ἔτη
3254 1475 3368 1527 υἱὸν
3424 1476 3545 1550 εἶχε
3588 1488 3888 1551 τετραετῆ,

2226 1552 2548 1629 διαφέροντα
2595 1560 2663 1630 τῇ
2712 1561 2811 1612 τοῦ
2858 1558 3115 1631 σώματος
3167 1561 3353 1637 ῥώμῃ.
3407 1566 3492 1620 Ἐν
3537 1563 3596 1621 δὲ
3620 1574 3753 1630 ταῖς
3783 1573 3891 1623 τῶν

2224 1643 2402 1720 ἂγρῶν
2473 1644 2810 1719 ἐπιμελείαις
2850 1652 3107 1703 τοσοῦτον
3170 1648 3468 1727 διήνεγκεν,
3530 1656 3609 1716 ὡς
3673 1656 3884 1728 ἐκέστῳ

3828 611 3905 643 SO-

460 1753 571 1803 τῶν
632 1750 759 1803 υἱῶν
824 1746 1113 1802 ἀπολιπεῖν
1170 1744 1334 1820 ἀγρὸν
1396 1741 1826 1816 μυριόπλεθρον,
1883 1734 2297 1811 κεκοσμημένον
2358 1736 2555 1798 πάσαις
2611 1741 2731 1798 ταῖς
2797 1744 3169 1802 κατασκευαῖς.
3230 1737 3583 1799 Ἐϐασίλευσε
3644 1744 3697 1800 δ’
3764 1746 3882 1802 ἐπι-

466 1842 641 1918 φανῶς
674 1835 764 1907 ἔτη
801 1838 1083 1907 ἑξήκοντα.

535 1928 875 1984 Nicomedes
907 1936 1127 1999 patrem
1150 1925 1412 1981 Prusiam
1448 1936 1823 1993 persequens,
1850 1921 1918 1975 ad
1952 1934 2111 1974 aram
2147 1921 2192 1985 Β

460 2019 622 2075 Jovis
673 2018 1103 2089 confugientem
1172 2013 1479 2078 interfecit,
1537 2021 1592 2067 et
1650 2009 1901 2065 nefanda
1958 2010 2112 2063 crede

461 2106 772 2176 imperium
834 2106 1136 2167 invadens,
1208 2101 1486 2173 Bithynia:
1555 2115 1799 2171 regnum
1868 2099 2111 2167 adeptus

465 2201 568 2249 est.

535 2281 796 2338 Lusitani
819 2281 1007 2351 primo
1032 2295 1228 2352 parem
1260 2279 1465 2334 ducem
1490 2294 1603 2332 non
1631 2272 2118 2339 habentes,facile

464 2367 1137 2443 superabantur,hellum
1153 2384 1285 2423 cum
1306 2366 1582 2421 Romanis
1597 2368 1883 2437 gerentes.
1905 2367 2116 2418 Postea

463 2459 793 2515 Viriathum
850 2458 1041 2530 adepti
1089 2456 1341 2512 multum
1394 2455 1657 2511 Romanis
1702 2454 2115 2509 incommoda-

465 2552 623 2605 runt.
674 2551 812 2603 Erat
859 2547 909 2603 is
954 2564 1017 2603 ea
1057 2550 1230 2618 gente
1284 2544 1479 2601 384a
1528 2543 1959 2607 Lusitanorum,
2013 2542 2113 2613 qui

466 2640 756 2695 Oceanum
792 2636 1075 2692 accolunt.
1114 2639 1309 2689 Pastor
1341 2633 1445 2689 fuit
1495 2650 1526 2687 a
1569 2632 1789 2688 teneris
1822 2636 2111 2687 montanae

462 2730 591 2785 vita:
625 2732 918 2791 assuetus,
974 2726 1289 2795 adjuvante
1347 2723 1525 2780 etiam
1573 2721 1831 2793 corporis
1881 2726 2110 2777 natura.

466 2818 607 2874 Nam
642 2826 693 2873 et
724 2818 927 2874 robore
957 2820 1014 2871 et
1044 2814 1331 2872 celeritate
1363 2813 1831 2884 reliquarumque
1862 2813 2110 2883 partium

467 2908 728 2981 agilitate
803 2906 1091 2977 Hispanos
1133 2906 1305 2975 longe
1351 2902 1749 2970 antecellebat,
1801 2918 1933 2956 cum
1984 2902 2111 2958 cibo

470 2997 698 3068 exiguo,
732 3004 783 3051 et
818 2993 1017 3050 multis
1064 2992 1571 3050 exercitationibus
1596 2992 1680 3046 uti
1719 2991 2107 3047 consuefecis-

468 3092 574 3151 set,
609 3094 662 3140 et
692 3100 898 3140 somno
931 3086 1211 3139 duntaxat
1248 3088 1526 3153 quantum
1560 3085 1711 3136 esset
1755 3096 2011 3137 necesse.
2048 3081 2108 3135 In

469 3190 705 3229 summa
738 3173 953 3228 ferrum
978 3174 1339 3228 continenter
1360 3176 1617 3241 gestans,
1650 3174 1704 3225 et
1734 3186 1867 3225 cum
1899 3169 2109 3225 belluis

2295 1917 2414 1971 Ὅτι
2482 1914 2810 1989 Νικομήδης
2879 1919 3148 1989 Προυσίαν
3218 1921 3306 1975 τὸν
3390 1924 3589 1978 ἑαυτοῦ
3678 1926 3880 1997 πατέρα

2221 2006 2701 2079 καταπολεμήσας,
2770 2009 2856 2062 καὶ
2916 2012 3296 2085 καταφυγόντα
3355 2011 3435 2074 εἲς
3490 2014 3558 2067 τὸ
3618 2019 3717 2069 τοῦ
3760 2018 3878 2076 Διὸς

2222 2097 2367 2173 ἱερὸν
2398 2096 2627 2169 ἂνελὼν,
2661 2093 2937 2172 παρέλαϐε
2982 2099 3082 2167 τήν
3126 2099 3401 2173 βασιλείαν
3445 2109 3551 2171 τῆς
3606 2106 3868 2176 Βιθυνίας,

2226 2183 2566 2258 ἆσεϐεστάτῳ
2596 2187 2745 2265 φόνῳ
2776 2187 3119 2261 κτησάμενος
3150 2191 3247 2257 τήν
3285 2188 3485 2264 ἀρχήν.

2299 2278 2418 2331 Ὅτι
2459 2275 2771 2347 Λυσιτανοὶ,
2813 2278 2965 2352 φησί,
3008 2277 3069 2331 τὸ
3105 2278 3197 2349 μὲν
3230 2283 3447 2353 πρῶτον
3500 2280 3605 2335 οὐκ
3655 2280 3874 2357 ἔχοντες

2227 2365 2528 2442 ἀξιόχρεων
2561 2365 2800 2438 ἡγεμόνα
2833 2363 3102 2420 εὐάλωτοι
3132 2368 3173 2401 τί
3204 2368 3526 2423 καθίσταντο
3585 2372 3877 2442 Ῥωμαίοις

2224 2453 2617 2527 πολεμοῦντες,
2668 2451 2891 2528 ὕστεροι)
2933 2450 2989 2507 δὲ
3044 2456 3323 2527 Ὑριάτθου
3382 2459 3728 2531 κυρήσαντες
3788 2480 3872 2530 ps-

2221 2541 2363 2616 γάλα
2409 2542 2718 2615 Ῥωμαίους
2759 2537 3022 2615 ἔϐλαψαν.
3082 2545 3182 2599 Ἦν
3245 2546 3337 2618 μὲν
3400 2548 3495 2600 οὗν
3559 2548 3727 2611 οὗτος
3780 2554 3875 2603 τῶν

2221 2632 2366 2705 παρᾶ
2415 2632 2506 2686 τὸν
2558 2631 2794 2686 ὠκεανὸν
2839 2631 3136 2687 οἰκούντων
3188 2640 3522 2707 Λυσιτανῶν,
3567 2637 3874 2709 ποιμαίνων

2221 2719 2281 2773 ἐκ
2308 2717 2526 2789 παιδὸς,
2561 2720 2723 2793 ὀρείῳ
2759 2720 2862 2795 βίῳ
2893 2721 3175 2794 [κατέστη]
3206 2722 3254 2757 72
3294 2726 3561 2794 συνήθης,
3619 2728 3863 2799 συνεργὸν

2219 2804 2364 2887 ἔχων
2401 2810 2444 2845 ⁷⁸
2475 2809 2563 2863 καὶ
2594 2812 2693 2879 τὴν
2732 2813 2828 2863 τοῦ
2857 2811 3115 2882 σώματος
3166 2812 3325 2889 φύσιν
3352 2829 3365 2841 ·
3416 2814 3512 2867 καὶ
3560 2814 3665 2889 γαρ
3714 2815 3864 2888 enim,

2219 2899 2307 2953 καὶ
2354 2899 2513 2978 τάχει
2558 2899 2648 2954 καὶ
2691 2902 2759 2973 τῇ
2808 2903 2914 2953 τῶν
2954 2898 3164 2957 λοιπῶν
3197 2906 3376 2976 μερῶν
3410 2902 3697 2974 εὐκινησία
3725 2902 3860 2957 πολὺ

2221 2986 2466 3065 διήνεγκε
2513 2994 2622 3044 τῶν
2668 2984 2919 3063 Ἰϐήρων.
2984 2992 3273 3053 Συνεθίσας
3321 2993 3370 3026 7‘
3431 2990 3491 3047 δὲ
3538 2996 3584 3029 ⁷⁸
3627 2995 3789 3048 αὑτὸν
3821 2994 3863 3027 τε

2219 3082 2393 3157 τροφῇ
2430 3081 2522 3152 μὲν
2556 3078 2721 3153 ὀλίγῃ
2756 3079 3074 3153 γυμνασίοις
3108 3078 3163 3135 δὲ
3203 3080 3443 3144 πολλοῖς
3492 3089 3751 3156 χρῆσθαι,
3777 3084 3866 3136 καὶ

2219 3166 2366 3240 ὕπνῳ
2422 3171 2465 3205 ’³⁷
2528 3169 2694 3246 μέχρι
2758 3170 2926 3242 μόνου
2982 3173 3079 3223 τοῦ
3136 3170 3458 3245 ἀναγκαίου,
3521 3169 3771 3225 καθόλου
3815 3168 3867 3225 δὲ

464 3270 517 3317 et
548 3261 875 3316 latronibus
910 3278 1116 3316 manus
1147 3261 1475 3327 conferens,
1505 3260 1677 3330 vulgo
1709 3258 1952 3315 celebris
1982 3275 2108 3313 eva-

2225 3254 2599 3335 σιδηροφορῶν
2639 3264 2883 3333 συνεχῶς
2931 3258 3022 3313 καὶ
3073 3260 3292 3333 θηρίοις
3342 3262 3433 3315 καὶ
3492 3259 3724 3335 λῃσταῖς
3793 3260 3863 3322 ei;

466 3347 562 3411 sit,
611 3352 667 3401 et
696 3346 764 3401 ab
813 3346 930 3400 illis
962 3347 1079 3400 dux
1110 3346 1354 3411 electus,
1397 3346 1555 3400 brevi
1585 3344 1879 3399 latronum
1913 3350 2105 3400 cater-

459 3452 589 3491 vam
622 3451 685 3490 se
715 3434 933 3489 circum
985 3434 1375 3506 congregavit.
1408 3436 1593 3505 Atque
1642 3435 1702 3489 in
1733 3434 1901 3491 bellis
1934 3437 2107 3507 proﬁ-

460 3526 643 3595 ciens,
680 3541 791 3580 non
839 3524 1031 3579 solum
1082 3524 1455 3581 admirationi
1508 3526 1617 3579 fuit
1664 3529 1899 3597 propter
1929 3526 2109 3581 robur

459 3616 740 3688 corporis,
766 3631 967 3670 verum
994 3616 1166 3671 etiam
1199 3616 1317 3670 dux
1337 3614 1621 3671 excellens
1652 3615 1813 3672 visus
1839 3619 1946 3672 est.
1971 3616 2107 3671 Erat

456 3710 649 3761 autem
697 3705 759 3760 in
805 3704 1205 3776 dispertienda
1255 3705 1449 3775 praeda
1496 3705 1710 3775 justus,
1753 3709 1811 3760 et
1858 3721 1956 3761 eos
2002 3706 2100 3775 qui

457 3797 682 3870 egregie
714 3801 1133 3868 pugnaverant,
1187 3812 1288 3867 pro
1339 3796 1616 3868 dignitate
1656 3798 1824 3852 donis
1863 3796 2104 3852 extolle-

457 3888 558 3941 bat
590 3885 829 3954 (66-67).
864 3884 1119 3939 Tandem
1161 3899 1291 3939 cum
1331 3884 1456 3953 jam
1507 3900 1622 3938 non
1670 3882 1956 3939 latronem
2003 3884 2100 3940 sed

461 3976 784 4048 principem
802 3991 929 4031 sese
942 3972 1547 4041 exhibuisset,bellum
1562 3975 1739 4046 gessit
1752 3991 1882 4030 cum
1900 3975 2103 4029 Roma-

459 4065 574 4133 nis,
600 4064 919 4135 multisque
944 4064 1157 4136 prmliis
1176 4064 1443 4134 superior
1459 4064 1657 4131 evasit,
1682 4065 1821 4119 adeo
1847 4071 1908 4119 ut
1928 4064 2097 4119 etiam

465 4154 672 4210 ducem
718 4155 1111 4209 Romanorum
1144 4152 1440 4207 Vitellium
1487 4169 1622 4207 cum
1671 4153 1798 4224 ipso
1846 4153 2100 4209 exercitu

460 4243 872 4314 proﬂigaverit,
906 4242 1318 4314 captivumque
1349 4243 1585 4313 ceperit,
1627 4249 1680 4297 et
1709 4240 1900 4313 gladio
1934 4258 2100 4297 neca-

458 4334 625 4399 verit,
657 4336 712 4386 et
743 4332 856 4387 alia
890 4333 1065 4386 multa
1098 4331 1153 4385 in
1188 4331 1336 4386 bello
1366 4330 1609 4387 feliciter
1638 4330 2104 4401 gesserit,donec

461 4420 677 4476 Fabius
709 4418 843 4474 belli
876 4420 1150 4475 adversus
1184 4419 1349 4475 illum
1397 4421 1513 4475 dux
1561 4424 1787 4475 creatus
1827 4424 1934 4475 est.
1970 4419 2108 4474 Inde

461 4526 579 4565 non
611 4508 784 4580 paulo
818 4508 1056 4563 inferior
1105 4524 1234 4564 esse
1273 4509 1465 4580 coepit.
1510 4508 1728 4565 Deinde
1771 4513 2021 4576 creatus,
2054 4513 2110 4563 et

2223 3347 2433 3420 ἀγῶνας
2480 3349 2898 3421 καθιστάμενος,
2957 3344 3291 3423 περιϐόητος
3350 3348 3555 3427 ἐγένετο
3616 3351 3666 3386 τε
3730 3351 3865 3422 παρᾶ

2220 3443 2336 3497 τοῖς
2397 3437 2655 3507 πλήθεσι,
2703 3438 2791 3491 καὶ
2842 3439 3064 3513 ἡγεμὼν
3111 3439 3301 3501 αὐτοῖς
3350 3440 3551 3515 ᾑρέθη,
3602 3442 3693 3494 καὶ
3732 3441 3861 3514 ταχυ

2223 3526 2473 3600 σύστημα
2504 3527 2629 3600 περὶ
2661 3528 2845 3583 ἑαυτὸν
2882 3528 3093 3602 λῃστῶν
3121 3526 3364 3603 ἤθροισε.
3415 3532 3581 3602 [1464
3631 3531 3724 3601 HJ
3774 3530 3861 3583 Καὶ

2223 3614 2547 3687 προκόπτων
2578 3613 2629 3669 ἐν
2678 3619 2794 3676 τοῖς
2842 3613 3109 3688 πολέμοις
3149 3615 3209 3669 οὐ
3264 3617 3429 3688 μόνον
3472 3614 3861 3687 ἐθαυμαστώθη

2224 3700 2294 3756 δι’
2338 3702 2536 3772 ἀλκὴν,
2576 3703 2724 3759 ἀλλὰ
2770 3704 2859 3758 καὶ
2913 3711 3232 3780 στρατηγεῖν
3283 3702 3434 3777 ἔδοξε
3472 3702 3857 3781 διαφερόντως.

2224 3793 2320 3849 Ἠν
2369 3790 2427 3846 δὲ
2468 3793 2555 3847 καὶ
2590 3791 2796 3857 δίκαιος
2848 3793 2899 3848 ἐν
2946 3800 3065 3857 ταῖς
3103 3792 3390 3867 διανομαῖς
3430 3800 3543 3849 τῶν
3584 3794 3861 3875 λαγῦρων,

2223 3880 2313 3937 καί
2370 3884 2490 3938 κατ’
2558 3882 2704 3956 ἀξίαν
2770 3882 2896 3946 τοὺς
2943 3882 3452 3959 ἀνδραγαθήσαντας
3513 3884 3673 3959 ἐξῆρε
3753 3891 3861 3945 tsi;

2226 3970 2444 4047 δώροις.
2534 3974 2747 4047 Προϊὼν
2832 3971 2890 4028 δὲ
2955 3974 3133 4029 οὐκέτι
3202 3974 3406 4047 λῃστήν
3484 3974 3634 4029 ἀλλᾶ
3717 3972 3860 4028 δυνά-

2225 4083 2353 4133 στην
2442 4062 2599 4117 αὕτὸν
2668 4063 2714 4099 ⁷⁸
2794 4061 3063 4131 ἀναδείξας
3147 4061 3459 4137 ἐπολέμησε
3545 4063 3854 4133 Ῥωμαίοις,

2224 4154 2310 4206 καὶ
2374 4152 2614 4215 πολλαῖς
2672 4151 2930 4227 ἐκράτησε
3001 4153 3226 4229 μάχαις,
3281 4153 3355 4214 ὡς
3415 4152 3505 4207 καὶ
3564 4152 3855 4227 στρατηγὸν

2224 4244 2511 4315 Ῥωμαίων
2539 4240 2859 4297 Οὐϊτέλλιον
2893 4242 2941 4277 ⁸ο
2968 4242 3118 4313 αὐτῷ
3165 4240 3619 4314 καταπολεμῆσαι
3652 4245 3853 4312 στρατῷ

2296 4332 2310 4352 ‘
2382 4330 2395 4352 ,
2508 4332 2521 4349 Ι
2881 4336 2902 4347 ν
3032 4332 3045 4350 I
3116 4331 3127 4349 Ι
3271 4331 3285 4347 9
3420 4335 3444 4346 ν
3620 4330 3630 4343 η
3792 4327 3805 4338 ⁸
3833 4327 3844 4342 \

2222 4352 2311 4387 και
2346 4331 2707 4407 αιχμαλωτον
2741 4327 2929 4385 λαόειν
2962 4352 3052 4385 και
3082 4332 3218 4407 ξιφει
3260 4330 3493 4397 ανελειν,
3546 4351 3635 4384 και
3681 4328 3852 4383 πολλα

2217 4420 2373 4497 ἕτερα
2420 4421 2755 4496 εὐημερῆσαι
2804 4422 2939 4475 κατᾶ
2989 4420 3258 4494 πόλεμον,
3308 4418 3414 4482 ἕως
3459 4415 3667 4480 Φάϐιος
3700 4438 3849 4486 στρα-

2218 4511 2388 4586 τηγὸς
2420 4515 2513 4563 τοῦ
2545 4511 2679 4584 πρὸς
2711 4509 2870 4564 αὐτὸν
2904 4506 3154 4582 πολέμου
3189 4510 3634 4584 κεχειροτόνητο.
3687 4508 3847 4563 Ἐκεῑο

456 4600 630 4655 Fabio
665 4599 929 4669 superior
962 4599 1169 4669 factus,
1204 4616 1334 4656 eum
1364 4601 1421 4654 in
1447 4605 1612 4672 pacta
1645 4600 1997 4655 descendere
2018 4600 2104 4656 in-

2225 4602 2299 4655 )av
2334 4596 2380 4653 δ’
2412 4598 2765 4654 ἐλαττοῦσθαι
2795 4600 2996 4673 ἤρξατο
3037 4599 3119 4653 ἐπ’
3151 4599 3250 4652 οὐκ
3290 4596 3503 4673 ὀλίγον.
3563 4596 3685 4651 Εἶτα
3727 4595 3844 4647 ἀναο

459 4691 637 4762 digna
669 4689 946 4744 Romanis
978 4690 1186 4762 coegit.
1220 4690 1431 4747 Verum
1465 4689 1656 4761 Scipio
1690 4690 1967 4744 adversus
2007 4689 2105 4745 Vi-

455 4780 714 4836 riathum
744 4780 863 4834 dux
891 4779 1129 4847 electus,
1159 4795 1285 4850 quas
1318 4785 1441 4835 acta
1474 4779 1609 4835 fecit
1640 4779 1823 4844 irrita,
1854 4782 1909 4833 et
1939 4794 2106 4850 supe-

456 4876 644 4929 ratum
669 4886 825 4942 saepe
848 4869 1201 4939 Viriathum,
1229 4870 1298 4924 ad
1318 4873 1638 4924 extremam
1655 4868 1863 4924 deinde
1880 4868 2103 4924 cladem

457 4962 850 5034 compulsum,
876 4962 1017 5016 adeo
1050 4968 1107 5015 ut
1141 4976 1339 5031 pacem
1365 4963 1677 5031 spectaret,
1710 4975 1811 5030 per
1833 4959 2107 5015 domesti-

455 5068 551 5107 cos
600 5052 730 5109 dolo
780 5049 1093 5118 interfecit,
1144 5054 1201 5104 et
1251 5050 1375 5120 ejus
1426 5049 1656 5120 imperii
1708 5064 2103 5104 successorem

451 5138 800 5196 Tautamum
829 5141 1075 5211 ejusque
1109 5138 1296 5195 socios
1329 5136 1596 5209 perculit,
1630 5146 1683 5194 et
1715 5149 1780 5194 ut
1806 5156 1917 5210 pax
1950 5138 2104 5192 arbi-

2216 4684 2401 4743 λαϐὼν
2449 4689 2536 4742 καὶ
2586 4685 3055 4760 κατευδοκιμήσας
3106 4682 3315 4742 Φαϐίου
3348 4688 3425 4747 εἷς
3458 4686 3713 4753 συνθήκας
3752 4682 3846 4737 αὖα

2212 4779 2305 4832 τὸν
2349 4775 2523 4832 ἐλθεῖν
2570 4775 2814 4848 ἀναξίους
2850 4777 3131 4848 Ῥωμαίων
3187 4776 3503 4850 ἠνάγκασεν.
3548 4772 3703 4831 Ἀλλ’
3734 4773 3763 4827 ὂ
3792 4792 3843 4844 γε

2217 4864 2481 4935 Σκηπίων
2540 4871 2859 4943 στρατηγεῖν
2906 4868 3020 4920 καθ’
3068 4866 3350 4941 Ὑριάτθου
3381 4867 3427 4903 ⁸¹
3478 4862 3713 4938 αἱρεθεὶς
3760 4863 3840 4918 τὰς

2212 4978 2270 5011 τε
2312 4958 2579 5026 συνθήκας
2616 4956 2887 5030 ἠκύρωσε,
2935 4956 3026 5010 καὶ
3075 4952 3349 5019 πολλάκις
3390 4955 3664 5029 Ὑρίατθον
3702 4950 3841 5007 ὲλστο

2214 5046 2415 5114 τώσας,
2459 5048 2574 5102 εἶτα
2623 5044 2697 5109 εἷς
2744 5042 2976 5121 ἔσχατον
3027 5046 3199 5115 ἥττης
3249 5045 3542 5107 συνελάσας
3596 5043 3731 5097 ὥστε
3765 5038 3836 5093 καὶ

2216 5138 2352 5211 πρὸς
2417 5134 2649 5199 σπονδὰς
2703 5138 2854 5211 ὁρᾷν,
2906 5134 2996 5191 διὰ
3042 5140 3151 5191 τῶν
3200 5134 3415 5189 οἰκείων
3468 5131 3837 5207 ἐδολοφόνησε

1795 5236 2034 5292 VARUE
2081 5237 2494 5295 LECTIONES.

527 5321 585 5400 °8_
606 5324 1125 5400 παρακατέθετος.
1197 5328 1249 5400 ’⁸9
1275 5326 1368 5381 τὸν
1395 5325 1568 5382 ’ίππον
1596 5321 1891 5400 ἐπιϐαίνων
1925 5333 1961 5380 Β
1993 5335 2045 5382 et
2078 5343 2226 5382 corr.
2262 5334 2305 5381 Λ
2350 5345 2362 5382 :
2394 5330 2501 5380 τῶν
2537 5322 2722 5380 ’ίππων
2769 5324 3038 5400 ἐπιμένων
3228 5325 3273 5359 ⁷ο
3328 5320 3753 5400 έξ-ελυτοΔ-σδθνζἰ

1360 5418 1473 5455 om.
1512 5407 1568 5454 B.
1647 5399 1692 5472 τέ
1722 5396 1865 5472 ἔχων
1896 5416 2013 5455 om.

456 5392 502 5429 ’⁷³
538 5392 814 5450 εὐάλωτον
1008 5392 1316 5468 72’κατέστη

1182 5470 1227 5505 ⁷⁷
1259 5472 1430 5525 ὕπνου
1464 5477 1525 5529 Δ.

459 5482 573 5521 om.
608 5473 669 5523 Δ.
747 5468 795 5501 ⁷⁸
826 5468 1010 5522 ἑαυτὸν
1044 5476 1100 5526 Β.

457 5539 589 5611 θρου

1647 5403 1692 5433 ⁷³
1722 5403 1865 5472 ἔχων
1896 5416 2013 5455 om.
2057 5414 2141 5470 pr.
2176 5403 2243 5453 A.

1604 5472 1648 5507 ⁷⁸
1680 5470 1884 5543 ἐγένετο
1936 5472 2069 5529 add.
2131 5475 2194 5527 Α.

2324 5401 2368 5434 ⁷⁴
2398 5399 2694 5458 συνειθίσας
2724 5403 2786 5462 Β,
2819 5390 3056 5464 συνήθης
3084 5390 3124 5451 Ᾰ
3159 5416 3170 5452 :
3222 5390 3485 5449 συνείθισε
3707 5390 3757 5466 ⁸7⁵

2272 5468 2318 5505 το
2374 5468 2559 5524 ἑαυτὸν
2622 5477 2682 5526 Β,
2757 5458 2804 5504 8'0
2862 5458 3149 5526 οὑῖιτὲλιον
3218 5467 3300 5541 ς’.
3377 5466 3421 5501 δι
3481 5458 3598 5519 κατ’
3655 5458 3834 5534 Οὗριά-

2045 5640 2277 5696 NOTAE.

526 5707 736 5781 (66-67)
768 5706 944 5766 Cicer.
982 5708 1079 5766 lib.
1115 5728 1133 5764 1
1165 5712 1236 5768 De
1265 5713 1491 5784 ofﬁciis.
