4066 6216
261 389 419 451 1505

1358 387 1896 450 BIBLIOTHECA.
1944 417 2002 431 —
2062 388 2234 448 COD.
2282 388 2582 451 CCXLIV.

3510 401 3666 461 1406

261 520 367 578 Καὶ
426 520 518 576 τὸν
580 518 960 594 διαδεξάμενον
1024 519 1189 576 αὑτοῦ
1225 527 1323 591 τῆν
1393 519 1716 594 στρατηγίαν
1772 518 1897 572 Γαύ-

2023 520 2135 576 trio
2166 536 2273 576 suo
2304 521 2486 591 ﬁeret,
2519 521 2730 592 effecit,
2762 526 2937 596 atque
2967 524 3084 582 illis
3135 545 3337 601 agrum
3371 536 3428 590 et
3459 533 3660 591 urbem

255 630 433 682 ταμον
489 609 577 664 καὶ
636 612 764 672 τοὺς
827 612 943 684 μετ’
1000 612 1170 666 αὐτοῦ
1241 609 1754 683 καταπληξάμενος,
1812 607 1903 663 καὶ

2017 610 2176 666 dedit
2205 611 2274 666 ad
2310 610 2714 667 habitandum.

259 695 492 761 σπονδὰς
549 701 677 772 [627
738 700 827 773 Η.]
886 697 1010 762 οἵας
1078 696 1336 755 ἐϐούλετο
1396 701 1576 754 θέσθαι
1643 697 2210 774 παρασκευασάμενος,
2297 695 2465 754 ἔδωκε
2549 700 2739 774 χώραν
2823 701 2913 755 καὶ
2991 702 3153 758 πόλιν
3240 707 3314 768 εἰς
3406 711 3661 783 κατοίκη-

260 809 340 843 σιν
375 789 440 845 π.

906 879 998 932 Ἐκ
1024 882 1122 933 τοῦ
1162 876 1263 934 λδ’.

328 969 445 1022 Ὀτι
481 968 614 1040 μετὰ
644 969 744 1036 τήν
786 965 1189 1042 Καρχηδονίων
1221 966 1514 1021 κατάλυσιν
1549 967 1636 1021 ἐπὶ
1679 967 1717 1038 ξ’
1767 965 1904 1020 ἔτεσι

258 1061 367 1111 τῶν
402 1055 646 1111 Σικελῶν
680 1056 1011 1130 εὐροούντων
1045 1057 1092 1093 ⁸³
1122 1057 1174 1111 ἐν
1206 1061 1389 1126 πᾶσιν,
1433 1058 1460 1110 ὁ
1512 1053 1766 1116 δουλικὸς
1811 1054 1907 1109 αὑ-

258 1151 378 1210 τοῖς
407 1143 668 1216 ἐπανέστη
703 1145 952 1219 πόλεμος
983 1145 1033 1217 ἐξ
1075 1146 1252 1209 αἰτίας
1283 1147 1560 1217 τοιαύτης.
1605 1146 1729 1200 Ἐπὶ
1761 1143 1904 1199 πολὺ

257 1240 375 1297 τοῖς
412 1233 558 1309 βίοις
592 1232 992 1308 ἀναδραμόντες
1023 1236 1110 1290 καὶ
1148 1234 1424 1312 μεγάλους
1461 1234 1908 1310 περιποιησάμε-

258 1345 346 1378 νοι
379 1322 655 1386 πλούτους
686 1325 1055 1398 ουνηγόραζον
1089 1325 1311 1380 οἰκετῶν
1340 1323 1572 1393 πλῆθοςο
1599 1325 1680 1384 οἷς
1709 1323 1768 1378 ἐκ
1795 1326 1903 1377 τῶν

260 1414 756 1488 σωματοτροφείων
806 1411 1076 1488 ἀγεληδὸν
1126 1413 1450 1488 ἀπαχθεῖσιν
1503 1411 1657 1474 εὐθὺς
1717 1431 1900 1490 χαρα-

256 1509 434 1576 κτῆρα
464 1497 768 1558 ἐπέϐαλλον
799 1503 887 1557 καὶ
912 1503 1141 1578 στιγμάς
1171 1508 1286 1564 τοῖς
1320 1503 1585 1575 σώμασιν.
1620 1503 1902 1579 Ἐχρῶντο

262 1589 318 1646 δὲ
348 1593 522 1646 αὐτῶν
555 1596 669 1653 τοῖς
704 1591 798 1666 μὲν
827 1591 969 1655 νέοις
991 1596 1236 1665 νομεῦσι,
1262 1596 1379 1654 τοῖς
1411 1589 1456 1646 δ’
1488 1588 1704 1657 ἄλλοις,
1730 1590 1802 1652 ὥς
1824 1610 1898 1664 πῃ

258 1682 467 1753 ἑκάστῳ
499 1683 533 1751 ἡ
566 1681 724 1756 χρεία
755 1677 1044 1738 ἐπέϐαλλε.
1098 1683 1309 1755 Βαρέως
1343 1679 1390 1736 δ’
1438 1681 1620 1741 αὐτοῖς
1667 1681 1804 1734 κατά
1845 1700 1901 1734 τε

2442 880 2525 933 Ea:
2556 878 2696 934 libro
2723 879 3003 938 tricesimo
3033 888 3246 954 quarto.

2091 967 2232 1021 Cum
2267 969 2399 1038 post
2421 967 2642 1023 deletos
2663 969 3173 1041 Carthaginenses,
3214 973 3542 1032 Siculorum
3568 995 3658 1036 res

2019 1055 2188 1110 annis
2207 1055 2507 1126 sexaginta
2532 1057 2590 1112 in
2624 1058 3038 1116 ﬂorentissima
3064 1062 3293 1119 fortuna
3316 1069 3664 1136 permansis-

2017 1152 2164 1214 sent,
2191 1145 2426 1201 tandem
2457 1145 2664 1202 servile
2696 1146 2915 1204 bellum
2949 1151 3103 1221 apud
3138 1167 3234 1208 eos
3258 1153 3366 1210 hac
3395 1156 3464 1210 de
3495 1173 3665 1214 causa

2016 1237 2279 1289 exortum
2313 1243 2420 1291 est.
2450 1235 2594 1291 Vita:
2625 1239 3142 1296 commoditatibus
3175 1258 3527 1316 magnOpere
3557 1265 3661 1304 au-

2015 1323 2113 1392 cti,
2149 1339 2215 1378 ac
2245 1323 2481 1381 divitias
2510 1325 2776 1396 ingentes
2808 1328 3020 1398 adepti,
3057 1347 3330 1402 magnam
3363 1351 3663 1394 servorum

2015 1410 2446 1468 multitudinem
2488 1429 2675 1468 emere
2726 1414 2876 1469 soliti
2939 1422 3106 1472 erant
3140 1435 3153 1472 :
3197 1437 3446 1490 quorum
3486 1425 3662 1481 veluti

2013 1518 2218 1574 greges
2250 1504 2560 1574 quosdam,
2593 1505 2946 1578 simulatque
2977 1526 3007 1564 e
3037 1509 3179 1566 locis
3210 1513 3268 1567 in
3302 1515 3518 1584 quibus
3550 1534 3661 1573 nu-

2012 1592 2357 1648 triebanbur
2386 1594 2729 1663 eduxerant,
2751 1595 2924 1651 certis
2956 1597 3087 1654 illos
3120 1602 3273 1658 notis
3306 1619 3664 1679 compunge-

2013 1681 2190 1738 bant:
2225 1687 2282 1737 et
2312 1698 2407 1738 eos
2437 1682 2669 1754 quidem
2723 1685 2820 1756 qui
2865 1687 3132 1757 juniores
3179 1697 3365 1761 erant,
3399 1701 3661 1765 pastores

256 1772 352 1831 νὰς
413 1771 709 1846 ὑπηρεσίας
767 1772 1039 1849 ἐχρῶντο,
1097 1773 1189 1826 καὶ
1247 1770 1563 1845 ἐπιμελείας
1622 1770 1897 1831 παντελῶς

2011 1771 2442 1828 constituebant
2478 1789 2490 1827 :
2526 1772 2772 1828 aliorum
2806 1780 3000 1832 autem
3035 1793 3210 1848 opera
3238 1781 3308 1835 ad
3342 1745 3456 1838 alia
3486 1783 3661 1839 mini-

257 1860 456 1937 ὀλίγης
485 1862 694 1933 ἠξίουν,
729 1861 826 1917 ὅσα
857 1884 913 1918 τε
945 1861 1279 1943 ἐντρέφεσθαι
1313 1864 1403 1917 καῖ
1435 1864 1533 1917 ὅσα
1564 1859 1898 1918 ἐνδύσασθαι.

258 1951 344 2020 Ἐξ
391 1952 465 2005 ὧν
517 1953 569 2006 οἱ
608 1949 834 2013 πλείους
879 1951 984 2006 ἀπὸ
1018 1951 1272 2026 λῃστείας
1319 1953 1382 2007 τὸ
1431 1956 1528 2025 ζῇν
1559 1951 1900 2024 ἐπορίζοντο,

253 2038 344 2093 καὶ
407 2039 576 2113 μεστᾶ
612 2041 660 2076 3‘
726 2041 904 2118 φόνων
965 2041 1032 2110 ἦν
1089 2043 1317 2108 ἅπαντα,
1371 2041 1608 2115 καθάπερ
1649 2060 1904 2114 στρατευ-

262 2129 444 2200 μάτων
498 2128 905 2203 διεσπαρμένων
955 2134 1063 2184 τῶν
1110 2127 1348 2203 λῃστῶν.
1400 2130 1465 2186 Οἱ
1520 2126 1576 2184 δὲ
1607 2127 1904 2203 στρατηγοὶ

257 2217 493 2273 κωλύειν
547 2220 644 2292 μὲν
694 2219 1031 2295 ἐπεχείρουν,
1083 2218 1336 2290 κολάζειν
1389 2218 1446 2276 δὲ
1495 2220 1554 2275 οὐ
1596 2220 1904 2292 τολμῶντες

261 2304 349 2362 διὰ
387 2309 486 2376 τήν
526 2309 682 2384 ἰσχὺν
712 2309 802 2364 καὶ
829 2309 892 2364 τὸ
936 2310 1104 2386 βάρος
1149 2315 1256 2364 τῶν
1298 2308 1521 2383 κυρίων,
1573 2307 1628 2363 οἳ
1680 2307 1904 2364 ἐδέσπο-

260 2401 350 2465 ζον
395 2401 502 2452 τῶν
535 2399 582 2433 ⁸⁵
631 2399 865 2472 λῃστῶν,
917 2399 1284 2475 ἠναγκάζοντο
1342 2403 1598 2475 περιορᾷν
1641 2397 1902 2472 λῃστευο-

261 2484 427 2558 μένην
481 2488 580 2556 τήν
633 2487 919 2563 ἐπαρχίαν·
965 2488 1015 2542 o't
1055 2486 1306 2542 πλεῖστοι
1337 2487 1439 2563 γὰρ
1470 2492 1576 2542 τῶν
1616 2488 1898 2562 κτητόρων

253 2575 441 2636 ἱππεῖς
474 2575 620 2639 ὄντες
647 2582 757 2632 τῶν
790 2576 1109 2651 Ῥωμαίων,
1141 2577 1228 2632 καὶ
1261 2577 1440 2651 κριταὶ
1471 2582 1588 2640 τοῖς
1640 2578 1743 2631 ἀπὸ
1790 2581 1897 2632 τῶν

251 2665 533 2742 ἐπαρχιῶν
586 2666 1084 2744 κατηγορουμένοις
1136 2673 1461 2744 στρατηγοῖς
1506 2669 1552 2705 ⁸⁸
1598 2669 1897 2743 γινόμενοι,

252 2751 481 2834 φοϐεροὶ
512 2762 629 2818 τοῖς
660 2756 922 2832 ἄρχουσιν
957 2758 1228 2833 ὑπῆρχον.
1258 2758 1576 2830 Πιεζόμενοι
1613 2756 1668 2812 δὲ
1700 2759 1751 2811 οἱ
1783 2755 1896 2812 δοῖ)⁴

251 2844 339 2900 λοι
367 2851 484 2907 ταῖς
515 2844 938 2920 ταλαιπωρίαις,
981 2848 1070 2901 καὶ
1114 2845 1362 2922 πληγαῖς
1398 2847 1464 2902 τὰ
1497 2846 1684 2902 πολλᾶ
1727 2867 1898 2918 παρα-

250 2932 434 3007 λόγως
485 2935 529 2970 ⁸⁷
575 2929 943 3009 ὑϐριζόμενοι,
997 2936 1104 3012 οὐχ
1151 2935 1438 3010 ὑπέμενον.
1493 2936 1774 3000 Συνιόντες
1805 2935 1897 2992 οὖν

250 3021 530 3093 ἀλλήλοις
567 3023 703 3078 κατᾶ
747 3023 849 3086 τὰς
899 3024 1176 3099 εὐκαιρίας
1223 3024 1549 3081 συνελάλουν
1591 3026 1714 3101 περὶ
1754 3027 1891 3081 ἀπο·
1927 3067 1972 3131 c

337 3113 346 3126 ο
559 3109 584 3131 (1
742 3112 756 3131 9
840 3110 864 3131 Μ
1085 3117 1096 3131 I
1193 3115 1221 3131 Λ
1295 3115 1316 3131 ἢ
1345 3116 1358 3131 \
1455 3115 1479 3131 εὶ
1714 3118 1779 3131 νοτ
1845 3113 1890 3131 (\l

255 3113 513 3177 στάσεως,
559 3109 664 3175 ἕως
714 3112 788 3175 εἷς
837 3110 992 3190 ἔργον
1038 3117 1137 3184 τήν
1192 3115 1398 3189 βουλὴν
1445 3115 1674 3190 ἤγαγον.
1714 3118 1811 3172 Ἠν
1842 3113 1898 3170 δέ

251 3220 335 3260 τις
397 3199 613 3271 οἰκέτης
681 3200 854 3276 Σύρος
915 3201 1248 3277 Ἀντιγένους
1308 3202 1551 3259 Ἐνναίου
1606 3204 1668 3259 τὸ
1727 3203 1897 3280 γένος,

253 3286 313 3342 ἐκ
341 3295 440 3357 τῆς
486 3290 805 3362 Ἀπαμείας,
853 3289 1135 3364 ἅνθρωπος
1194 3293 1368 3366 μάγος
1414 3291 1504 3346 καὶ
1543 3292 1900 3367 τερατουργὸς

249 3378 342 3430 τὸν
374 3377 598 3451 τρόπον.
649 3378 820 3440 Οὗτος
868 3379 914 3415 ⁸⁸
954 3385 1339 3448 προσεποιεῖτο
1389 3381 1525 3435 θεῶν
1567 3379 1898 3455 ἐπιτάγμασι

250 3466 368 3520 καθ’
419 3464 585 3520 ὕπνον
633 3487 673 3520 π
745 3465 800 3521 λ’
1010 3470 1022 3483 “
1131 3465 1228 3523 111
1484 3470 1497 3486 “
1719 3471 1729 3485 “
1815 3467 1885 3488 ““

679 3486 738 3540 ρο
784 3487 921 3541 εγειν
967 3489 1032 3522 τα
1088 3491 1153 3540 με
1237 3490 1379 3538 οντα,
1411 3491 1499 3524 και
1527 3468 1777 3532 πολλους
1811 3481 1898 3525 οια

246 3552 347 3621 τήν
376 3551 451 3613 εἰς
482 3555 647 3606 τοῦτο
678 3553 740 3607 τὸ
775 3551 938 3627 μέρος
978 3554 1025 3590 8³
1054 3551 1276 3631 εὐφυΐαν
1310 3553 1566 3625 ἐξηπάτα.
1616 3556 1894 3609 Ἐντεῦθεν

248 3639 459 3712 προϊὼν
510 3638 571 3694 οὗ
624 3639 788 3712 μόνον
841 3639 891 3710 ἐξ
941 3639 1164 3716 ὀνείρων
1232 3639 1551 3713 ἐμαντεύετο
1583 3645 1747 3712 [1165
1779 3643 1896 3715 R.],

247 3727 396 3783 ἀλλὰ
461 3729 551 3783 καὶ
610 3728 994 3805 ἐγρηγορότως
1063 3731 1218 3792 θεοὺς
1277 3731 1405 3803 ὁρᾷν
1451 3730 1764 3805 ὑπεκρίνετο
1807 3731 1898 3785 καὶ

247 3817 299 3887 ἐξ
333 3817 508 3872 αὐτῶν
549 3818 760 3874 ἀκούειν
792 3820 860 3874 τὰ
895 3817 1196 3893 μέλλοντα.
1244 3817 1474 3874 Πολλῶν
1520 3817 1566 3874 δ’
1609 3820 1695 3874 ὑπ’
1735 3819 1898 3874 αὑτοῦ

249 3904 707 3982 σχεδιαζομένων,
759 3909 866 3963 ἀπὸ
915 3909 1091 3984 τύχης
1149 3904 1262 3965 ἔνια
1320 3910 1458 3984 πρὸς
1507 3908 1767 3979 ἂλήθειαν
1817 3909 1896 3981 ἐξ-

248 3992 472 4050 έϐαινε⁸
534 3997 624 4052 καὶ
680 4003 788 4052 τῶν
849 3999 944 4071 μὲν
1014 4000 1089 4072 μη
1158 3997 1455 4072 γινομένων
1518 3998 1604 4052 ὑπ’
1683 3995 1898 4060 οὐδενὸς

247 4083 658 4159 ἐλεγχομένων,
723 4091 833 4141 τῶν
893 4085 950 4142 δὲ
1009 4086 1450 4161 συντελουμένων
1531 4086 1894 4159 ἐπισημασίας

246 4174 652 4250 τυγχανόντων,
703 4179 987 4250 προκοπήν
1035 4171 1338 4251 ἐλάμϐανεν
1395 4178 1428 4245 ἡ
1489 4177 1612 4250 περὶ
1661 4175 1820 4231 αὐτὸν
1853 4176 1898 4213 ⁸ο

247 4260 398 4334 δόξα.
450 4262 766 4319 Τελευταῖον
817 4263 906 4320 διά
951 4287 1101 4329 τινος
1150 4273 1406 4342 μηχανῆς
1451 4269 1559 4340 πῦρ
1593 4267 1726 4339 μετά
1753 4286 1898 4328 τινος

244 4351 648 4423 ἐνθουσιασμοῦ
680 4353 770 4407 καὶ
803 4353 985 4430 φλόγα
1016 4352 1105 4410 διὰ
1139 4360 1238 4411 τοῦ
1270 4358 1540 4428 στόματος
1589 4355 1766 4428 ἠφίει,
1805 4356 1896 4410 καὶ

243 4441 391 4497 οὕτω
439 4443 507 4497 τὰ
556 4441 828 4516 μέλλοντα
876 4440 1259 4522 ἀπεφοίϐαζεν.
1318 4445 1407 4508 Εἰς
1454 4447 1560 4520 γὰρ
1607 4445 1804 4520 κάρυον
1844 4445 1890 4484 ⁹¹

242 4528 280 4600 ἤ
321 4552 374 4586 τι
414 4536 634 4588 τοιοῦτο
661 4533 998 4610 τετρημένον
1030 4535 1080 4604 ἐξ
1131 4533 1383 4610 ἐκατέρου
1435 4535 1630 4609 μέρους
1672 4533 1892 4590 ἐνετίθει

241 4622 334 4676 καὶ
363 4623 464 4690 τήν
509 4623 749 4700 συνέχειν
785 4622 913 4678 αὐτὸ
946 4621 1245 4696 δυναμένην
1281 4622 1450 4696 ὕλην’
1505 4625 1619 4680 εἶτα
1669 4623 1892 4686 ἐντιθεὶς

245 4715 324 4782 τῷ
355 4711 584 4785 στόματι
615 4713 702 4767 καὶ
739 4713 1057 4787 προσπνέων
1084 4716 1216 4769 ποτὲ
1264 4715 1358 4788 μὲν
1411 4715 1708 4790 σπινθῆρας
1760 4715 1891 4770 ποτέ

244 4797 304 4854 δὲ
353 4798 532 4880 φλόγα
580 4800 807 4872 ἐξέκαεν.
861 4803 1034 4864 Οὗτος
1083 4803 1190 4878 πρὸ
1229 4807 1332 4869 τῆς
1362 4803 1710 4868 ἀποστάσεως
1739 4801 1892 4880 ἔλεγε

239 4891 344 4958 τήν
377 4890 572 4964 Συρίαν
607 4892 726 4946 θεὸν
769 4890 1193 4970 ἐπιφαινομένην
1228 4894 1378 4966 αὐτῷ
1418 4892 1600 4970 λέγειν
1651 4894 1733 4950 ὅτι
1789 4896 1892 4971 βα-

241 4977 502 5034 σιλεύσειο
545 4979 634 5035 καὶ
673 4984 834 5036 τοῦτο
867 4982 931 5036 οὗ
972 4982 1108 5057 πρὸς
1154 4981 1360 5044 ἄλλους
1405 4985 1571 5057 μόνον
1604 4983 1746 5040 ἀλλὰ
1801 4989 1890 5039 καί

240 5070 381 5144 πρὸς
422 5069 582 5125 αὐτὸν
618 5069 709 5125 τὸν
753 5068 941 5145 κύριον
981 5072 1148 5128 αὑτοῦ
1189 5070 1415 5129 διετέλει
1461 5073 1658 5148 λέγων,
1707 5073 1802 5136 Εἰς
1835 5071 1892 5127 δὲ

237 5159 460 5236 γέλωτα
506 5159 844 5235 τρεπομένου
889 5165 986 5216 τοῦ
1036 5162 1373 5238 πράγματος,
1417 5163 1444 5218 ὁ
1489 5164 1584 5237 μὲν
1633 5165 1678 5200 ⁹²
1718 5163 1892 5220 Ἀντι-

239 5248 410 5326 γένης
469 5245 981 5324 ψυχαγωλούμενος
1046 5249 1134 5306 ἐπὶ
1191 5257 1260 5326 τῇ
1326 5251 1572 5327 τερατείᾳ
1628 5253 1755 5326 [628

2014 1861 2194 1917 steria
2225 1869 2392 1933 prout
2425 1863 2710 1934 cujusque
2755 1881 2899 1920 usus
2933 1868 3280 1937 postulabat,
3328 1873 3660 1930 utebantur.

2014 1950 2227 2006 Verum
2261 1955 2648 2022 praeterquam
2681 1955 2832 2024 quod
2883 1971 3020 2027 erga
3067 1973 3165 2013 eos
3213 1975 3448 2030 asperos
3487 1977 3552 2016 ac
3584 1964 3661 2017 ri-

2014 2040 2180 2112 gidos
2211 2041 2270 2096 in
2302 2041 2662 2113 imperandis
2695 2043 3038 2100 ministeriis
3070 2046 3439 2117 exhibebant,
3472 2051 3660 2107 384b

2013 2131 2186 2186 etiam
2218 2145 2418 2185 eorum
2452 2131 2639 2186 victus
2687 2148 2752 2187 ac
2803 2133 3044 2189 vestitus
3089 2134 3181 2190 vix
3233 2135 3413 2191 ullam
3463 2154 3660 2209 gerere

2011 2233 2212 2276 curam
2243 2219 2654 2291 dignabantur.
2709 2220 2870 2276 Unde
2920 2223 3114 2288 ﬁebat,
3165 2228 3232 2279 ut
3280 2240 3476 2281 eorum
3508 2227 3661 2284 bona

2013 2326 2148 2381 pars
2181 2308 2359 2364 vitam
2394 2315 2558 2381 rapto
2603 2314 2972 2376 sustentaret,
3028 2312 3342 2384 omniaque
3372 2315 3661 2387 sanguine

2012 2399 2445 2454 redundarent:
2473 2405 2671 2470 utpote
2692 2400 3085 2471 praedonibus,
3102 2405 3385 2472 tanquam
3409 2403 3659 2461 militum

2011 2488 2381 2557 exercitibus,
2414 2487 2585 2560 longe
2619 2488 2848 2559 lateque
2877 2491 3300 2561 grassantibus.
3333 2491 3660 2550 Provincia-

2011 2595 2141 2634 rum
2174 2583 2368 2634 autem
2401 2578 2654 2648 praefecti
2682 2579 2990 2649 prohibere
3007 2579 3244 2648 quidem
3277 2582 3656 2651 conabantur,

2011 2667 2110 2722 sed
2145 2682 2276 2722 cum
2326 2666 2680 2737 supplicium
2713 2669 2783 2720 de
2836 2667 2906 2722 iis
2939 2683 3167 2724 sumere
3220 2685 3337 2724 non
3376 2671 3656 2726 auderent

2011 2761 2236 2827 prepter
2267 2771 2542 2827 magnam
2574 2755 2946 2811 dominorum
2990 2757 3309 2828 potentiam
3342 2763 3516 2830 atque
3547 2776 3654 2815 au-

2008 2848 2539 2911 ctoritatem,suam
2559 2844 2806 2916 quisque
2824 2844 3180 2916 provinciam
3203 2846 3394 2903 sinere
3413 2847 3654 2920 impune

2008 2935 2182 3007 diripi
2206 2935 2535 3006 cogebatur.
2554 2937 2700 2990 Nam
2723 2949 2851 2989 cum
2876 2933 3139 3006 plerique
3160 2951 3190 2990 e
3213 2936 3469 2994 dominis
3490 2939 3659 3010 equi-

2010 3031 2097 3081 tes
2129 3024 2374 3080 Romani
2401 3035 2614 3089 essent,
2641 3027 2698 3078 et
2718 3022 2950 3094 judices
2982 3024 3660 3084 constituerenturaccu-

2011 3115 2306 3171 sationum
2341 3130 2464 3182 quas
2496 3114 2774 3169 adversus
2797 3113 3098 3184 praefectos
3128 3130 3158 3169 e
3181 3115 3493 3185 provinciis
3523 3118 3664 3173 atie—

2011 3206 2309 3272 rebantur,
2362 3201 2726 3259 tormidolosi
2775 3201 2930 3280 ipsis,
2966 3203 3250 3274 praefectis
3299 3215 3480 3261 erant.
3530 3207 3658 3261 Jam

2009 3309 2141 3351 vero
2175 3309 2307 3349 cum
2339 3291 2614 3348 aerumnis
2645 3299 3044 3362 premerentur
3073 3292 3244 3363 servi,
3274 3298 3330 3349 et
3359 3309 3490 3349 cum
3527 3294 3659 3352 aliis

2010 3383 2198 3439 modis
2229 3381 2484 3454 pessime
2515 3383 2938 3451 acciperentur,
2974 3385 3094 3436 tum
3127 3397 3256 3437 vero
3286 3383 3475 3455 plagis
3515 3385 3658 3440 sub-

2009 3473 2144 3529 inde
2174 3476 2385 3544 praeter
2415 3471 2699 3526 rationem
2743 3474 2799 3526 et
2831 3470 3107 3541 injuriose
3140 3473 3658 3541 contunderentur,

2008 3561 2350 3635 patientiam
2385 3561 2733 3631 abrumpere
2785 3563 3104 3631 coeperunt.
3137 3559 3336 3631 Itaque
3379 3572 3657 3633 opportu-

2009 3668 2151 3706 num
2210 3655 2444 3720 tempus
2504 3649 2677 3718 nacti,
2738 3649 2796 3704 in
2849 3663 3033 3702 unum
3093 3648 3524 3715 convenientes,
3583 3653 3654 3706 de

2008 3741 2337 3796 defectione
2384 3753 2686 3794 sermones
2734 3736 2886 3791 inter
2934 3751 2996 3791 se
3055 3736 3313 3791 conferre
3369 3737 3653 3802 solebant,

2007 3831 2185 3884 donec
2207 3829 2442 3883 tandem
2467 3827 2643 3881 verba
2665 3825 2734 3880 ad
2765 3839 2886 3879 rem
2911 3823 3307 3880 contulerunt.
3333 3824 3466 3879 Erat
3495 3826 3652 3882 enim

2008 3933 2209 3972 servus
2254 3915 2494 3986 quidam
2544 3915 2722 3983 Syrus
2771 3912 2914 3968 urbe
2961 3913 3215 3983 Apamea
3246 3921 3418 3969 natus
3463 3915 3654 3986 (cujus

2009 4005 2280 4062 dominus
2317 4003 2629 4074 Antigenes
2651 4002 2985 4070 vocabatur,
3009 4005 3248 4072 eratque
3278 4002 3442 4059 Enna
3471 4009 3653 4076 ortus)

2007 4094 2090 4148 vir
2123 4091 2362 4164 magicis
2395 4089 2892 4146 incantationibus
2936 4095 2995 4146 et
3024 4089 3411 4146 circulatoriis
3441 4092 3654 4161 captio-

2007 4181 2183 4238 nibus
2214 4197 2280 4237 ac
2311 4180 2621 4252 praastigiis
2653 4178 2905 4236 deditus.
2939 4179 3085 4236 Hinc
3123 4193 3185 4234 se
3215 4179 3409 4235 futura
3444 4181 3651 4251 pradi-

2007 4288 2134 4328 cere
2165 4271 2446 4327 instinctu
2477 4269 2791 4341 afﬂatuque
2823 4268 3017 4324 divino
3048 4268 3157 4340 ipsi
3190 4268 3248 4323 in
3280 4269 3504 4325 somnis
3537 4285 3650 4341 ap-

2007 4360 2335 4434 parentium
2369 4358 2686 4416 simulabat
2711 4374 2722 4415 :
2752 4358 3072 4429 multisque
3095 4373 3194 4428 per
3221 4372 3346 4413 eam
3377 4375 3492 4429 qua
3523 4363 3648 4414 ute-

2003 4451 2176 4507 batur
2205 4450 2310 4506 hac
2341 4450 2400 4504 in
2432 4453 2595 4520 parte
2648 4448 2938 4504 solertiam
2988 4448 3056 4502 ad
3107 4445 3500 4504 dexteritatem
3532 4447 3648 4503 im-

2001 4538 2361 4613 ponebat.Ab
2376 4538 2465 4593 his
2479 4540 2673 4593 autem
2690 4536 3026 4608 primordiis
3039 4535 3270 4607 longius
3284 4551 3643 4608 progressus,

2001 4645 2115 4685 non
2139 4628 2328 4684 solum
2354 4643 2420 4684 ex
2447 4625 2812 4682 somniorum
2832 4625 2974 4680 visis
2993 4626 3188 4680 futura
3209 4625 3646 4695 pronuntiabat,

2001 4719 2102 4774 sed
2137 4727 2188 4772 et
2220 4717 2356 4790 vigil
2389 4731 2626 4773 cernere
2659 4731 2720 4771 se
2749 4715 2912 4782 deos,
2960 4719 3018 4771 et
3064 4729 3133 4770 ex
3177 4714 3248 4770 iis
3283 4729 3373 4769 res
3420 4715 3644 4771 futuras

1998 4808 2200 4864 audire
2230 4807 2502 4879 fingebat.
2537 4806 2682 4862 Cum
2713 4807 2902 4859 autem
2937 4803 2993 4858 in
3047 4803 3250 4858 multis
3285 4801 3647 4858 vaticinatio-

2000 4897 2174 4952 nibus
2202 4896 2452 4952 mendax
2484 4893 2925 4966 comperiretur,
2984 4891 3218 4947 interim
3268 4895 3464 4946 tamen
3507 4907 3643 4946 casu

2000 4990 2236 5042 eventus
2292 4983 2683 5057 quarumdam
2735 4998 2924 5038 rerum
2985 4997 3114 5037 vere
3169 4979 3645 5052 praedictionibus

1999 5076 2126 5146 ejus
2159 5074 2600 5145 responderent,
2631 5076 2689 5129 et
2719 5071 2861 5127 falsa
2911 5070 3150 5144 quidem
3199 5070 3327 5142 ejus
3364 5070 3639 5126 vaticinia

2001 5182 2166 5221 nemo
2199 5167 2556 5233 coargueret,
2589 5179 2723 5220 vera
2750 5165 2946 5217 autem
3000 5175 3132 5216 cum
3175 5159 3458 5232 applausu
3505 5157 3645 5214 dili—

1999 5258 2202 5326 genter
2229 5256 2596 5322 notarentur,
2632 5253 2938 5309 hominum
2973 5248 3170 5321 opinio
3201 5248 3272 5304 de
3310 5265 3376 5305 eo
3424 5249 3481 5304 in
3515 5247 3641 5304 dies

1586 5433 1678 5488 VA
1688 5431 1830 5488 RUE
1871 5431 2255 5489 LECTIONES
2275 5475 2290 5488 .

301 5587 682 5666 ξηὲατοίκισιν
708 5598 797 5666 13.
871 5593 916 5629 ⁸³
945 5590 1313 5666 εὐρροούντων
1350 5599 1408 5651 Β.

227 5660 319 5738 γοὶ
511 5661 557 5698 ⁸⁷
581 5661 918 5739 παραλόγως
947 5669 986 5718 A
1006 5660 1049 5718 ’τ’
1069 5663 1214 5738 παρὰ
1240 5662 1399 5738 λόγον.

233 5753 366 5809 ρυον
429 5734 659 5808 κάρανον
695 5737 756 5795 Β.
831 5738 878 5773 9³
923 5735 1015 5810 μὲν
1047 5739 1091 5792 Α
1123 5754 1134 5792 :
1181 5735 1276 5809 μὲν
1307 5734 1399 5791 οὗν

1520 5595 1566 5630 δ”
1598 5591 1767 5680 μεστὰ
1794 5599 1832 5646 Β
1865 5593 2051 5680 ipsa?

420 5704 434 5718 .
511 5661 557 5698 ⁸⁷
581 5661 918 5739 παραλόγως
947 5669 986 5718 A
1006 5661 1048 5718 ’τ’
1069 5663 1214 5738 παρὰ
1240 5662 1410 5738 λόγου
1598 5661 1650 5702 δδ
1680 5664 1836 5726 οὗτος
1870 5661 1951 5721 Βι
1987 5661 2145 5727 αὑτὸς

429 5734 659 5808 κάρανον
695 5737 756 5795 Β.
831 5738 878 5773 9³
923 5735 1015 5810 μὲν
1047 5739 1091 5792 Α
1123 5754 1134 5792 :
1181 5735 1276 5809 μὲν
1307 5734 1399 5791 οὖν
1499 5779 1514 5794 .

2275 5593 2321 5629 ⁸⁵
2347 5597 2456 5646 τῶν
2488 5593 2620 5650 add.
2655 5594 2719 5649 A.

2821 5593 2865 5627 ⁸⁸
2897 5592 3215 5667 σξρατηγοῖς
3237 5595 3286 5667 ,B
3330 5602 3342 5644 ε

2334 5664 2382 5700 ⁸9
2406 5664 2569 5736 μέρος
2593 5668 2638 5720 Α
2675 5682 2686 5719 :
2721 5662 2869 5739 γένος
2893 5662 2974 5737 ς’.

3052 5666 3096 5700 ³ο
3113 5662 3297 5717 αὐτῶν
3332 5665 3394 5716 Α.

3397 5607 3632 5662 στρατηγ-

2178 5664 2255 5714 ς’-
2334 5664 2382 5700 89
2408 5664 2569 5714 ιιέοος
2595 5668 2635 5714 Α
2675 5682 2686 5714 :
2721 5662 2869 5714 γένος
2893 5661 2973 5714 εξ
3052 5661 3297 5714 θοάὐτῶν
3332 5665 3394 5714 Α.
3463 5661 3518 5696 νθί
3541 5661 3632 5714 κά-
