4066 6216
484 344 642 405 1407

1680 343 1944 405 PHO'I‘II
1989 344 2521 410 PATRIARCHJE
2562 353 2680 413 ΟΡ.

3768 364 3916 423 1408

480 501 821 574 augebatur.
872 500 1169 554 Postremo
1229 496 1547 553 artiﬁcium
1597 498 1964 571 excogitavit,
2017 514 2122 568 quo

2240 490 2457 561 παρῆγε
2505 485 2596 541 τὸν
2662 485 2857 544 Εὔνουν
2916 490 2991 553 εἷς
3044 492 3110 547 τὰ
3162 491 3450 549 σύνδειπνα
3527 497 3742 568 (τοῦτο
3824 496 3910 569 γᾶς

482 591 779 647 ﬂammam
813 605 882 644 ex
902 603 996 642 ore
1019 602 1145 642 cum
1170 587 1424 656 quodam
1453 586 1699 642 fanatico
1734 588 1927 644 furore
1956 588 2129 643 emit-

485 680 663 744 tebat,
696 682 904 733 etcum
940 676 1174 730 ﬂamma
1199 676 1376 730 simul
1407 675 1656 731 vaticina
1688 678 1857 733 verba
1888 678 2133 733 thba-

478 769 617 822 dum
666 766 725 820 in
777 780 997 821 morem
1040 766 1338 821 fundebat.
1384 769 1579 835 Ignem
1635 766 1787 821 enim
1821 767 1883 822 in
1917 783 2123 823 nucem

480 860 581 912 aut
628 854 846 925 aliquid
897 854 1235 925 hujusmodi
1290 856 1565 925 utrinque
1607 856 1959 926 perforatum
1995 856 2130 927 (68),

479 942 777 1015 simulque
812 944 1115 998 materiam
1150 960 1275 1014 qua:
1309 943 1474 999 illum
1510 943 1660 999 alere
1693 949 1914 1015 posset,
1938 945 2129 1016 impo-

480 1035 677 1102 nebat,
710 1034 922 1089 deinde
953 1034 1037 1089 ori
1062 1034 1268 1089 indens
1300 1039 1356 1089 et
1377 1035 1603 1100 efﬂans,
1630 1035 1801 1091 modo
1826 1035 2127 1106 scintillas,

481 1124 656 1180 modo
688 1124 987 1178 ﬂammam
1024 1123 1396 1179 accendebat.
1433 1125 1532 1178 Hic
1565 1134 1697 1180 ante
1746 1125 2128 1181 defectionem

475 1215 698 1283 jactare
728 1221 1125 1280 consueverat,
1148 1218 1519 1283 apparentem
1544 1214 1652 1268 sibi
1688 1213 1745 1270 in
1779 1215 2002 1269 somnis
2032 1215 2131 1286 Sy-

481 1304 794 1359 riamdeam
813 1302 1151 1372 dignitatem
1171 1302 1383 1373 regiam
1396 1302 1649 1372 polliceri
1668 1304 1872 1374 (69).Et
1888 1304 1997 1359 hoc
2012 1320 2127 1359 non

483 1393 615 1449 aliis
648 1391 862 1458 solum,
887 1393 982 1447 sed
1018 1399 1071 1446 et
1092 1407 1195 1446 suo
1228 1390 1412 1463 ipsius
1437 1391 1671 1447 domino
1702 1392 1934 1449 assidue
1962 1394 2129 1448 dicti-

480 1484 659 1538 tabat.
683 1483 825 1536 Cum
849 1485 1041 1536 autem
1067 1480 1185 1535 risu
1212 1497 1299 1536 res
1332 1481 1452 1535 hzec
1483 1482 1862 1553 exciperetur,
1886 1483 2129 1549 Antige-

479 1590 583 1628 nes
616 1589 683 1627 ex
718 1572 875 1626 hisce
906 1570 1256 1641 prodigiosis
1302 1571 1618 1626 mendaciis
1650 1572 2001 1642 voluptatem
2036 1588 2126 1626 ca-

2246 569 2417 645 ὅνομα
2445 580 2522 646 τῷ
2552 575 2795 651 τερατίᾳ)
2824 579 2914 633 καὶ
2970 577 3214 654 διηρώτα
3262 584 3387 657 περὶ
3436 590 3547 651 τῆς
3609 583 3913 657 βασιλείας,

2243 663 2333 718 καὶ
2400 669 2518 728 πῶς
2581 667 2789 740 ἓκάστῲ
2852 671 3119 743 χρήσεται
3174 676 3280 726 τῶν
3334 673 3672 747 παρόντων·
3734 678 3835 727 τοῦ
3874 672 3913 726 Si

2242 752 2519 828 ἀτρέπτως
2585 756 2755 811 πάντα
2795 757 2843 792 9³
2910 757 3302 834 διηγουμένου,
3362 761 3456 815 καὶ
3516 764 3601 823 ὡς
3676 765 3910 835 μετρία

2243 846 2508 918 χρήσεται
2535 850 2649 907 τοῖς
2683 846 2915 922 κυρίοις,
2946 850 3122 903 καὶτὸ
3156 848 3377 905 σύνολον
3412 850 3723 913 ποικίλως
3767 874 3913 924 τερα·

2238 934 2553 1006 τευομένου,
2600 934 2839 1009 γέλωτες
2890 936 3128 1012 ἐγίνοντο
3175 945 3293 1001 τοῖς
3351 940 3910 1013 παρακεκλημένοις,

2238 1023 2328 1076 καί
2358 1043 2500 1086 τινες
2531 1022 2705 1079 αὐτῶν
2740 1025 2847 1079 ἀπὸ
2884 1033 2985 1095 τῆς
3034 1027 3306 1099 τραπέζης
3354 1026 3715 1103 ἀξιυλόγους
3766 1029 3911 1101 μερῖ-

2240 1108 2335 1174 δας
2388 1112 2629 1187 αἴροντες
2689 1110 3016 1189 ἐδωροῦντο,
3077 1115 3420 1193 ἐπιλέγοντες
3499 1118 3697 1187 ὅπως,
3791 1120 3906 1172 ὅττν

2237 1203 2463 1278 γένηται
2518 1202 2792 1277 βασιλεὺς,
2844 1211 2943 1274 τῆς
2990 1205 3219 1280 χάριτος
3255 1207 3637 1279 μνημονεύω.
3693 1208 3775 1265 Οὐ
3811 1209 3909 1278 μήν

2237 1291 2364 1347 ἀλλ’
2405 1294 2440 1361 ἡ
2490 1294 2735 1364 τερατεία
2783 1293 3061 1367 προῆλθεν
3109 1295 3184 1355 εἷς
3226 1294 3487 1365 ἀληθινὸν
3540 1296 3906 1368 ἀποτέλεσμα

2241 1380 2537 1457 βασιλείας,
2596 1381 2687 1435 καὶ
2744 1383 2842 1451 τήν
2900 1380 3255 1438 ἀνταπόδοσιν
3310 1390 3424 1444 τοῖς
3492 1385 3655 1458 παρὰ
3716 1386 3766 1420 9‘
3847 1390 3905 1439 τί

2238 1469 2427 1527 δεῖπνα
2477 1470 2890 1544 δεξιωσαμένοις
2939 1471 2991 1527 ἐν
3043 1471 3247 1548 γὲλωτι
3298 1475 3361 1528 οὐ
3413 1474 3597 1549 χωρὶς
3659 1474 3903 1543 σπουδῆς

2236 1564 2531 1634 ἐποιήσατο
2562 1568 2661 1631 τῆς
2692 1561 2945 1636 χάριτος.

477 1661 667 1733 piens,
725 1660 785 1714 in
845 1659 1123 1714 conviviis
1180 1659 1250 1714 ad
1311 1676 1439 1729 qua;
1488 1659 1764 1715 invitatus
1813 1664 1958 1727 erat,
2010 1660 2236 1715 Eunum
2279 1657 2387 1727 (ita
2434 1653 2592 1709 enim
2642 1652 2738 1707 hic
2789 1653 3169 1725 praestigiator
3218 1655 3561 1724 vocabatur)
3610 1655 3898 1712 asseclam

479 1750 750 1817 habebat,
783 1764 1033 1820 eumque
1065 1764 1238 1817 super
1285 1764 1459 1819 regno
1505 1749 1924 1821 interrogabat,
1975 1752 2032 1803 et
2081 1745 2365 1819 quomodo
2413 1758 2550 1814 erga
2598 1757 3073 1813 unumquemque
3120 1758 3343 1810 eorum,
3378 1744 3483 1815 qui
3517 1744 3579 1799 in
3615 1750 3771 1801 centu
3804 1744 3898 1800 illo

477 1848 660 1911 erant,
692 1856 885 1911 gerere
914 1855 977 1894 se
1008 1838 1377 1894 decrevisset.
1409 1838 1553 1894 Cum
1586 1843 1779 1894 autem
1812 1838 1908 1893 ille
1939 1839 2020 1895 ita
2051 1838 2121 1893 iis
2151 1835 2547 1908 responderet,
2581 1836 2645 1888 ut
2691 1832 2750 1888 in
2800 1832 2926 1887 suis
2974 1834 3343 1889 sermonibus
3376 1833 3635 1891 minime
3666 1835 3899 1891 vacilla-

482 1936 589 1998 ret,
624 1930 1110 2002 pollicereturque
1141 1929 1279 1997 fore,
1313 1932 1377 1984 ut
1407 1930 1671 1986 dominos
1702 1946 1840 1985 suos
1890 1929 2095 1984 leniter
2142 1926 2575 1994 clementerque
2623 1922 2935 1995 acciperet,
2964 1939 3125 1979 mera
3172 1924 3424 1995 denique
3475 1930 3751 1980 monstra
3783 1924 3896 1981 illis

487 2034 666 2090 super
695 2019 826 2074 aliis
865 2019 1039 2075 variis
1070 2018 1243 2073 rebus
1276 2034 1509 2073 narrare
1560 2034 1796 2090 pergere
1840 2018 2033 2075 885a
2063 2016 2337 2073 omnibus
2390 2011 2644 2069 convivis
2692 2012 2877 2067 risum
2927 2013 3215 2070 movebat.
3247 2013 3328 2069 Ex
3372 2013 3601 2085 quibus
3631 2013 3893 2071 nonnulli

486 2106 840 2161 ferculorum
902 2124 1019 2163 non
1074 2107 1440 2178 pmnitendas
1496 2108 1789 2177 portiones
1854 2106 2080 2162 ablatas
2132 2122 2162 2160 e
2210 2120 2412 2160 mensa
2460 2102 2511 2159 ei
2579 2102 2973 2174 porrigebant,
3033 2110 3206 2173 atque
3265 2103 3415 2157 inter
3466 2104 3884 2176 porrigendum

473 2194 880 2262 hortabantur,
911 2200 976 2251 ut
1007 2212 1248 2267 regnum
1284 2199 1528 2267 adeptus
1560 2198 1777 2268 accepti
1809 2197 1879 2252 ab
1908 2196 2056 2268 ipsis
2087 2193 2352 2251 beneficii
2387 2208 2602 2248 memor
2642 2195 2811 2247 esset.
2858 2191 2969 2246 Sed
3019 2192 3173 2246 enim
3217 2206 3334 2262 qua:
3379 2193 3726 2263 prodigiosa
3768 2209 3886 2249 esse

475 2283 781 2340 videbatur
810 2284 1269 2355 vaniloquentia,
1304 2283 1543 2341 minime
1574 2302 1783 2341 vanum
1816 2292 1984 2342 nacta
2016 2293 2099 2341 est
2127 2283 2360 2340 tandem
2394 2281 2637 2346 exitum,
2669 2280 2830 2351 regni
2861 2280 3257 2351 adoptionem.

549 2374 903 2444 Principium
936 2379 1130 2430 autem
1181 2375 1361 2431 totius
1393 2375 1733 2431 defectionis
1766 2375 1876 2431 fuit
1913 2376 2120 2448 hujus-
2154 2377 2200 2442 Β

482 2464 663 2520 modi.
697 2463 986 2519 Ennensis
1017 2464 1255 2535 quidam
1307 2465 1540 2520 nomine
1586 2464 1997 2537 Demophilus,
2037 2465 2125 2520 vir

481 2553 630 2609 elato
663 2553 897 2623 ingenio
917 2552 1215 2623 prmditus,
1242 2553 1497 2624 indignis
1527 2554 1714 2612 modis
1737 2571 1915 2627 supra
1946 2572 2125 2627 quam

479 2643 638 2700 credi
670 2644 856 2714 possit
895 2659 1091 2698 servos
1124 2660 1261 2699 suos
1292 2649 1592 2714 acceperat
1624 2662 1638 2700 :
1672 2645 1920 2716 ejusque
1956 2662 2127 2701 uxore

480 2732 782 2803 Megallide
813 2732 1074 2788 certatim
1121 2749 1219 2788 eos
1251 2733 1553 2804 suppliciis
1596 2734 1770 2789 variis
1814 2735 2123 2802 afficiente,

479 2828 536 2879 et
566 2840 798 2879 omnem
832 2840 969 2895 erga
999 2840 1096 2879 eos
1143 2840 1382 2880 sensum
1424 2824 1808 2881 humanitatis
1857 2830 2122 2897 exuente,

480 2914 843 2972 exactionem
876 2919 931 2970 et
960 2914 1329 2971 dominorum
1363 2917 1579 2972 caedem
1630 2915 1780 2972 inter
1828 2933 1889 2971 se
1920 2919 2122 2987 conju-

480 3010 630 3070 rant,
686 3009 1032 3076 Eunumque
1081 3006 1363 3061 adeuntes
1409 3004 1787 3078 interrogant,
1838 3024 1911 3062 an
1952 3024 2120 3063 suum

477 3094 743 3163 ipsorum
775 3099 1121 3165 conceptum
1146 3111 1179 3149 a
1210 3094 1320 3150 diis
1339 3095 1770 3151 concederetur.
1792 3095 1895 3151 IIic
1924 3100 2119 3151 autem

476 3180 595 3236 illis
619 3182 945 3237 assentiens
976 3199 1008 3236 ιι
1038 3183 1151 3237 diis
1180 3183 1417 3238 concedi
1442 3186 1775 3255 respondet,
1797 3183 1973 3240 verba
1989 3201 2118 3241 cum

477 3268 664 3324 solitis
697 3270 1003 3341 praestigiis
1034 3270 1285 3327 fundens
1311 3288 1323 3326 :
1349 3272 1641 3347 simulque
1670 3272 1803 3341 illis,
1837 3278 1902 3328 ut
1932 3274 2119 3345 primo

479 3373 709 3428 quoque
766 3362 1025 3427 tempore
1078 3358 1220 3413 illud
1295 3361 1732 3431 aggrediantur,
1793 3365 2116 3434 persuadet.

477 3446 686 3502 Statim
710 3446 888 3517 igitur
908 3452 1104 3503 coacta
1124 3449 1683 3519 quadringentorum
1708 3466 2116 3509 conservorum

480 3551 679 3602 manu,
711 3538 767 3590 et
796 3534 853 3589 in
887 3552 1020 3592 eum
1053 3552 1224 3607 quem
1271 3554 1371 3606 pro
1417 3542 1678 3610 tempore
1727 3549 1989 3613 poterant
2019 3559 2118 3599 ar-

478 3625 617 3679 mati
649 3625 907 3693 modum,
942 3626 999 3680 in
1034 3625 1233 3682 urbem
1268 3626 1493 3682 Ennam
1526 3627 1877 3700 irrumpunt,
1911 3632 2117 3687 ducem

476 3712 758 3769 habentes
788 3717 1038 3781 Eunum,
1071 3716 1194 3771 suis
1226 3715 1285 3770 in
1308 3717 1626 3772 emittenda
1655 3734 1722 3773 ex
1753 3736 1850 3774 ore
1882 3719 2116 3776 ﬂamma

472 3801 784 3873 praestigiis
805 3806 1081 3858 utentem.
1110 3805 1318 3859 Demos
1342 3808 1535 3860 autem
1568 3806 1833 3875 ingressi,
1862 3814 2117 3879 stragem

474 3906 745 3960 magnam
786 3892 984 3958 edunt,
1021 3909 1090 3947 ne
1140 3893 1492 3950 lactentibus
1523 3895 1755 3965 quidem
1792 3895 2118 3954 infantibus

480 3985 827 4050 parcentes:
866 3982 966 4036 sed
1011 3998 1107 4037 eos
1155 3981 1226 4037 ab
1274 3982 1447 4039 ubere
1496 3985 1697 4039 matris
1749 3993 1944 4057 raptos
1992 3987 2117 4044 solo

478 4069 825 4140 atﬂigentes.
861 4070 926 4125 In
965 4070 1241 4128 mulieres
1272 4076 1466 4128 autem
1507 4089 1634 4144 quae
1666 4074 2033 4131 contumelia)
2064 4085 2118 4133 et

474 4159 809 4231 petulantiae
839 4175 1050 4231 genera
1089 4162 1449 4217 exercuerint
1498 4162 1699 4234 (idque
1746 4164 1805 4219 in
1855 4165 2113 4236 ipsorum

471 4248 817 4304 maritorum
848 4252 1202 4321 conspectu),
1251 4250 1443 4306 verbis
1492 4252 1737 4323 exprimi
1787 4254 1967 4311 nullis
2011 4272 2113 4327 pro

472 4338 756 4408 dignitate
786 4342 988 4408 potest.
1018 4339 1135 4394 Illis
1166 4340 1322 4395 enim
1356 4356 1418 4396 se
1451 4357 1663 4411 magna
1692 4360 1989 4400 servorum
2022 4362 2116 4400 ur-

471 4424 563 4480 bis
583 4425 897 4482 multitudo
922 4428 1285 4498 adjunxerat.
1308 4430 1590 4486 Craterum
1607 4448 1741 4487 cum
1765 4433 1824 4489 in
1844 4434 2113 4490 dominos

472 4519 671 4574 omnia
701 4519 964 4591 exempla
994 4521 1399 4593 cruciatusque
1429 4523 1771 4591 edidissent,
1794 4526 1865 4580 ad
1898 4527 2111 4582 cadem

471 4606 723 4664 aliorum
756 4625 814 4664 se
844 4615 1271 4666 converterunt.
1292 4616 1491 4667 Eunus
1524 4617 1713 4669 autem
1747 4630 1880 4669 cum
1904 4617 2112 4672 Damo-

471 4697 693 4769 philum
726 4698 785 4753 in
820 4698 1179 4756 suburbanis
1211 4701 1395 4757 hortis
1427 4718 1543 4757 una
1574 4719 1705 4757 cum
1738 4720 1913 4761 uxore
1945 4705 2112 4761 rusti-

466 4788 588 4847 cari
622 4787 903 4859 audisset,
939 4787 1073 4844 illuc
1104 4790 1387 4861 quosdam
1419 4807 1449 4846 e
1481 4790 1603 4847 suis
1648 4792 1827 4860 misit,
1862 4793 1959 4865 qui
1991 4811 2111 4850 am-

466 4878 570 4935 bos
603 4877 741 4934 inde
774 4877 831 4932 in
868 4878 1069 4933 urbem
1118 4878 1339 4935 vinctos
1381 4883 1811 4950 protraxerunt,
1842 4881 2016 4939 variis
2047 4883 2106 4939 in

464 4968 558 5024 via
587 4968 962 5025 contumeliis
992 4968 1249 5024 aﬂ‘ectos.
1283 4967 1405 5025 Soli
1435 4973 1625 5026 autem
1656 4970 1782 5042 ejus
1813 4971 1945 5027 ﬁliae
1962 4972 2108 5028 servi

2305 2371 2481 2445 ’Λρχὴ
2535 2367 2592 2424 δὲ
2637 2370 2737 2437 τῆς
2786 2367 2923 2438 ὅλης
2974 2367 3326 2431 ἀποστάσεως
3367 2368 3591 2443 ἐγένετο
3640 2371 3884 2439 τοιαότη.

2238 2459 2563 2538 Δαμόφιλός
2590 2480 2672 2521 τις
2704 2459 2769 2527 ἦν
2802 2459 3064 2527 Ἐνναῖος,
3094 2459 3193 2527 τήν
3237 2456 3284 2513 δ’
3324 2458 3513 2513 οὐσίαν
3570 2460 3881 2535 μεγιλῆυο

2235 2572 2339 2627 χος
2370 2552 2439 2617 9⁵,
2474 2550 2813 2625 ὑπερήφανος
2844 2545 2902 2602 δὲ
2948 2549 3039 2603 τὸν
3076 2549 3299 2622 τρόπον.
3354 2548 3535 2611 Οὗτος
3588 2555 3776 2612 κακῶς
3815 2552 3882 2611 si;

2240 2636 2552 2716 ὑπερϐολὴν
2596 2638 2862 2712 ἐκέχρητο
2885 2643 3002 2699 τοῖς
3031 2635 3275 2705 δούλοις,
3317 2639 3409 2707 καὶ
3440 2641 3477 2708 ἡ
3528 2641 3670 2713 γ)νὴ
3706 2638 3764 2694 εὶ
3796 2647 3886 2694 χε-

2234 2728 2436 2806 γαλλὶς
2467 2726 2886 2804 ἀντεφιλονείκει
2914 2724 3103 2802 τάνδρὶ
3135 2728 3271 2802 πρὸς
3321 2729 3426 2796 τήν
3472 2736 3759 2803 τιμωρίαν
3802 2730 3884 2783 καὶ

2234 2822 2333 2889 τὴν
2368 2817 2545 2887 ἄλλην
2578 2816 2960 2891 ἀπανθρωπίαν
2988 2816 3088 2885 τὴν
3116 2816 3241 2891 περὶ
3264 2815 3393 2878 τοὺς
3418 2814 3682 2879 δούλους.
3708 2820 3795 2888 Ἐξ
3815 2820 3881 2872 ὦν

2234 2907 2703 2984 ἂποθηριωθέντες
2736 2909 2788 2962 οἱ
2829 2906 3373 2981 προπηλακιζόμενοι
3425 2909 3705 2964 συνέθεντο
3754 2910 3886 2981 πρὸς

2234 2999 2522 3070 ἀλλήλους
2569 2999 2699 3071 ὑπὲρ
2748 2997 3096 3059 ἀποστάσεως
3134 3000 3227 3052 καὶ
3282 2999 3450 3076 φόνου
3501 3005 3612 3055 τῶν
3659 2998 3880 3074 κυρίων.

2234 3089 2331 3144 Καὶ
2385 3090 2521 3164 πρὸς
2568 3089 2661 3142 τὸν
2714 3082 2909 3142 Εὔνουν
2962 3085 3211 3149 ἐλθόντες
3242 3088 3478 3163 ἠρώτων
3512 3091 3550 3124 ⁸⁸
3578 3088 3625 3141 εί
3657 3107 3883 3163 συγχω-

2233 3188 2405 3258 ρεῖταί
2452 3182 2597 3255 παρὰ
2651 3185 2760 3235 τῶν
2810 3182 2946 3236 θεῶν
2999 3180 3183 3241 αὐτοῖς
3220 3180 3283 3235 τὸ
3330 3178 3789 3255 βεϐουλευμένον.
3826 3183 3881 3237 'O

2231 3270 2288 3327 δὲ
2335 3273 2469 3345 μετὰ
2515 3270 2815 3345 τερατείας,
2862 3271 2935 3331 ὡς
2984 3269 3186 3337 εἰώθει,
3239 3270 3564 3343 συνθέμενος
3617 3269 3704 3324 ὅτι
3755 3291 3878 3345 συγ-

2229 3366 2497 3436 χωροῦσι,
2528 3366 2873 3435 παραχρῆμα
2899 3359 3072 3414 πείθει
3098 3354 3320 3433 ἔχεσθαι
3350 3366 3450 3429 τῆς
3478 3359 3871 3435 ἐγχειρήσεως.

2228 3451 2401 3513 Εὐθὺς
2435 3448 2524 3505 οὖν
2569 3448 2944 3523 τετρακοσίους
2972 3454 3078 3503 τῶν
3118 3446 3449 3521 ὁμοδούλων
3491 3452 3868 3523 συνήθροισαν,

2228 3542 2317 3595 καὶ
2371 3540 2445 3601 ὡς
2496 3540 2555 3593 ἂν
2604 3540 2632 3593 ὁ
2680 3538 2868 3615 καιρὸς
2919 3536 3122 3607 ἐδίδου,
3172 3538 3636 3602 καθοπλισθέντες
3676 3539 3751 3601 εἷς
3777 3540 3871 3605 τὴν

2229 3630 2419 3684 Ἔνναν
2448 3630 2547 3698 τὴν
2590 3628 2750 3683 πόλιν
2802 3628 3200 3698 εἰσπίπτουσιν,
3259 3629 3655 3705 ἀφηγουμένου
3706 3627 3869 3682 αὐτῶν

2226 3718 2316 3773 καὶ
2370 3722 2467 3773 τοῦ
2526 3718 2695 3791 πυρὸς
2749 3718 2845 3780 τὰς
2904 3715 3111 3796 φλόγας
3172 3718 3605 3790 τερατευομὲνου
3662 3717 3872 3775 τούτοις

2224 3812 2320 3863 τοῦ
2352 3805 2546 3863 Εὕνου.
2578 3812 2704 3868 Ταῖς
2737 3803 2782 3861 δ’
2832 3805 3029 3868 οἰκίαις
3085 3805 3491 3869 ἐπεισελθόντες
3521 3807 3569 3841 ⁹⁷
3618 3805 3867 3862 πλεῖστον

2226 3898 2386 3974 φόνον
2416 3896 2751 3972 εἰργάζοντο,
2789 3894 2919 3968 μηδ’
2949 3894 3123 3950 αὐτῶν
3156 3901 3264 3950 τῶν
3313 3895 3643 3968 ὑπομαζίων
3694 3892 3869 3971 φειδό-

2229 4006 2398 4059 μενοι.
2459 3984 2632 4041 Ἀλλᾶ
2688 3989 2855 4040 ταῦτα
2932 3985 3025 4056 μὶν
3098 3991 3199 4054 τῆς
3272 3982 3454 4054 θηλῆς
3522 3984 3870 4042 ἀποσπῶντες

2223 4076 2602 4150 προσήρασσον
2652 4078 2721 4148 τῇ
2776 4078 2868 4149 γῇ·
2925 4073 3000 4134 εἷς
3046 4070 3232 4134 δὲτὰς
3284 4079 3543 4149 γυναῖκας
3581 4072 3702 4129 οὐδ’
3732 4072 3865 4129 ἔστιν

2223 4162 2395 4218 εἴπεῖν
2459 4163 2569 4235 (καὶ
2625 4162 2750 4217 τότε
2814 4164 2857 4199 ³³
2918 4161 3231 4237 βλεπόντων
3290 4166 3396 4217 τῶν
3456 4161 3699 4236 ἀνδρῶν)
3772 4162 3863 4215 ὅσα

2223 4248 2502 4324 ἐνύϐριζόν
2533 4273 2591 4307 τε
2628 4251 2718 4306 καὶ
2767 4249 3178 4327 ἐνησέλγαινον,
3226 4249 3445 4306 πολλοῦ
3490 4249 3678 4312 αὺτοῖς
3727 4249 3863 4317 ulri-

2224 4344 2348 4402 θους
2395 4347 2502 4397 τῶν
2554 4340 2659 4395 ἀπὸ
2695 4347 2796 4411 τῆς
2844 4342 3060 4402 πόλεως
3112 4338 3325 4395 δούλων
3380 4340 3766 4415 προστεθέντος
3796 4339 3858 4405 ⁸⁸,

2223 4434 2283 4489 οἵ
2331 4436 2418 4489 καὶ
2473 4434 2608 4490 κατὰ
2647 4438 2757 4489 τῶν
2802 4433 3005 4509 κυρίων
3056 4435 3318 4509 πρότερον
3359 4436 3428 4489 τὰ
3467 4431 3672 4507 ἔσχατα
3703 4431 3856 4487 ἐνδει-

2220 4526 2475 4599 κνόμενοι
2517 4523 2659 4579 οὕτω
2697 4525 2835 4598 πρὸς
2867 4525 2959 4579 τὸν
2985 4530 3091 4579 τῶν
3134 4522 3320 4579 ἄλλων
3350 4526 3514 4603 φόνον
3559 4523 3857 4597 ἐτρέποντο.

2223 4616 2284 4670 Οἱ
2318 4612 2373 4670 δὲ
2403 4616 2526 4689 περὶ
2558 4615 2647 4669 τὸν
2690 4612 2891 4669 Εὔνουν
2941 4614 3241 4686 πυθόμενοι
3288 4615 3378 4668 τὸν
3427 4612 3739 4688 Δαμόφιλον
3776 4611 3856 4664 δτι

2220 4706 2355 4760 κατὰ
2402 4705 2494 4760 τὸν
2544 4703 2782 4775 πλησίον
2820 4712 2918 4773 τῆς
2964 4702 3181 4766 πόλεως
3231 4702 3539 4778 περίκηπον
3596 4695 3857 4775 διατρίεει

2225 4796 2358 4867 μετᾶ
2412 4802 2514 4863 τῆς
2581 4794 2856 4870 γυναικὸς,
2914 4795 3079 4866 [1168
3134 4795 3226 4866 3.]
3284 4791 3476 4849 εἷλκον
3536 4790 3735 4847 tumes
3776 4788 3857 4844 διά

2215 4905 2379 4939 τινων
2425 4882 2477 4955 ἐξ
2527 4884 2703 4939 αὐτῶν
2753 4881 3052 4938 σταλέντων
3091 4881 3251 4937 αὐτόν
3280 4903 3340 4938 τε
3378 4880 3472 4936 καὶ
3502 4882 3605 4951 τὴν
3640 4884 3854 4957 γυναῖκα

2221 4970 2541 5044 δεδεμένους
2592 4970 3062 5047 ἐξαγωνίσαντες,
3118 4971 3336 5033 πολλὰς
3401 4969 3541 5026 κατὰ
3595 4971 3699 5039 τὴν
3740 4968 3852 5025 ὁδᾶν

464 5075 704 5130 prorsus
739 5061 1122 5131 pepercerunt
1175 5062 1231 5114 et
1283 5075 1355 5115 ne
1408 5058 1641 5116 minima
1695 5061 1932 5132 quidem
1983 5078 2109 5119 eam

2233 5056 2403 5137 36pm;
2465 5060 2827 5137 ὑποσχόντας.
2887 5062 3077 5130 Μόνης
3136 5057 3191 5115 δὲ
3237 5066 3337 5130 τῆς
3384 5059 3657 5136 θυγατρὸς
3688 5058 3851 5114 αὐτῶν

1810 5179 2050 5238 VARIIE
2091 5182 2500 5239 LECTIONES.

532 5297 579 5333 νε
608 5297 818 5355 ἅπαντα
974 5305 1019 5340 οι
1047 5304 1195 5379 παρὰ
1226 5310 1270 5361 A
1308 5322 1320 5361 :
1356 5303 1480 5379 περὶ
1585 5348 1597 5361 .
1639 5305 1685 5342 9'
1718 5303 2135 5384 μεγαλόψυχος]
2167 5309 2382 5381 aptius,
2416 5309 2572 5380 quod
2602 5313 2692 5365 est
2722 5325 2779 5380 p.
2810 5309 2914 5364 386
2946 5309 2974 5364 b
3005 5308 3094 5377 3'7,
3129 5316 3181 5363 et
3211 5308 3311 5361 387
3346 5310 3378 5363 b
3404 5308 3500 5375 29,
3531 5312 3593 5363 et
3613 5308 3718 5363 389
3746 5324 3777 5361 α
3801 5310 3843 5365 7.

534 5370 938 5451 γαλὸπὶετρυτος.
963 5449 991 5451 _
1020 5377 1064 5411 "
1093 5376 1327 5450 ἠρώτων
1361 5386 1489 5447 post
1514 5305 1948 5451 ᾖϐουλευμένον
1986 5383 2152 5451 ponit
2181 5382 2242 5437 Β.
2320 5381 2367 5416 9⁸⁷
2401 5378 2807 5441 ὑπεισελθόντες
3013 5379 3059 5415 ⁹⁹
3088 5378 3176 5433 καὶ
3207 5378 3329 5432 τότε
3385 5382 3432 5434 Α
3484 5398 3500 5439 :
3559 5376 3737 5432 καίτοι

1556 5398 1579 5432 ε

465 5370 938 5443 μεγαλόπλουτός.
1020 5377 1064 5411 ⁸⁸
1093 5370 1327 5450 ἠρώτων
1361 5370 1489 5447 ροέι

462 5443 507 5477 ⁹⁹
531 5442 931 5501 προστεθέντων
961 5449 1023 5501 Β.

531 5461 931 5515 προστευεντων
961 5461 1023 5503 β.

1624 5374 1955 5453 ουλἐυῤ.ἐνον’
1986 5374 2152 5453 ponit
2181 5374 2242 5437 Β.
2320 5374 2807 5441 9’⁷’ὑίτεισελθόντις
3013 5374 3176 5433 θίκαὶ
3207 5378 3329 5432 τότε
3385 5382 3432 5434 Α
3484 5374 3500 5439 ξ
3559 5374 3843 5448 καίτοι

2046 5587 2280 5645 NOTE.

529 5685 649 5759 (68)
682 5686 827 5742 Vide
852 5688 1003 5745 Flori
1033 5692 1345 5763 Epitomen.

2290 5698 2408 5770 (69)
2441 5696 2585 5754 Vide
2604 5694 2925 5755 Lucianum
2954 5698 3013 5752 et
3035 5694 3467 5767 Athenagoram
3489 5695 3549 5753 in
3577 5692 3836 5769 Apelogis.
