4066 6216
178 366 354 426 1409

1304 363 1842 426 BIBLlOTHECA.
1889 397 1964 411 —
2010 366 2183 426 COD.
2229 367 2528 430 CCXLlV.

3449 377 3606 438 1410

177 496 239 550 o't
321 494 516 552 δοῦλοι
571 494 828 571 ὤφθησαν
890 496 968 559 εἰς
1021 515 1194 550 παντα
1252 496 1590 572 φεισάμενοι,
1631 492 1720 549 διά
1785 495 1846 549 τὸ

1969 497 2180 569 injuria
2209 501 2294 556 vel
2329 501 2685 557 contumelia
2716 504 3052 570 affecerunt,
3077 506 3149 560 ob
3172 506 3455 566 humanos
3474 510 3604 580 ejus

176 582 585 658 φιλάνθρωπον
617 587 782 654 αὐτῆς
814 584 950 653 ἦθος
986 584 1076 638 καὶ
1121 583 1244 658 περὶ
1273 587 1400 648 τοὺς
1432 583 1663 646 δούλους
1704 605 1850 657 συμ-

168 674 357 736 παθὲς
388 674 478 728 καὶ
514 675 845 749 βοηθητικὸν
881 675 1017 728 κατὰ
1057 671 1304 748 δύναμιν.
1339 676 1424 745 Ἐξ
1455 676 1528 729 ὧν
1575 672 1846 730 ἐδείκνυτο

167 768 292 817 τῶν
331 760 545 817 δούλων
580 763 711 837 οὐχὶ
745 767 759 801 ί
794 763 1020 836 ὠμότης
1061 764 1196 818 εἶναι
1244 765 1454 841 φύσεως
1485 765 1551 820 τὰ
1589 761 1850 838 γινόμενα

172 852 258 912 εἷς
291 852 423 913 τοὺς
455 850 684 918 ἄλλους,
717 852 864 908 ἀλλά
894 859 1000 908 τῶν
1029 853 1504 931 προϋπηργμένων
1543 853 1622 916 εἷς
1651 853 1847 915 αὐτοὺς

177 937 553 1012 ἀδικημάτων
590 940 970 1006 ἀνταπόδοσις.
1002 944 1103 997 Τὸν
1154 941 1210 998 δὲ
1251 942 1567 1022 Δαμόφιλον
1614 943 1704 997 καὶ
1747 943 1845 1010 τήν

181 1029 524 1105 Μεγαλλίδα
564 1031 641 1094 εἷς
673 1033 771 1101 τὴν
801 1031 963 1087 πόλιν
995 1033 1044 1086 οἱ
1073 1031 1474 1106 ἀπεσταλμένοι
1504 1033 1848 1103 ἑλκύσαντες,

189 1119 384 1194 ὥσπερ
424 1115 653 1198 ἔφημεν,
687 1120 764 1184 εἰς
804 1123 866 1176 τὸ
914 1121 1132 1196 θέατρον
1185 1122 1497 1198 εἰσήγαγον,
1541 1120 1851 1192 συνεληλυ-

192 1212 362 1273 θότος
395 1213 416 1246 ³
471 1208 698 1264 ἐνταῦθα
755 1214 855 1266 τοῦ
911 1209 1158 1282 πλήθους
1206 1217 1311 1267 τῶν
1352 1212 1691 1268 ἀποστατῶν.
1744 1211 1848 1267 Καὶ

193 1303 302 1354 τοῦ
353 1300 678 1374 Δαμοφίλου
726 1301 1090 1374 τεχνάσασθαι
1139 1303 1264 1372 [629
1319 1303 1410 1376 Η.]
1453 1323 1503 1355 τι
1557 1303 1694 1376 πρὸς
1747 1303 1847 1370 τήν

194 1391 484 1463 σωτηρίαν
527 1388 974 1466 ἐγχειρήσαντος,
1031 1392 1118 1445 καὶ
1169 1389 1417 1453 πολλοὺς
1458 1395 1555 1446 τοῦ
1600 1390 1850 1461 πλήθους

192 1483 320 1540 τοῖς
354 1476 550 1552 λόγοις
597 1477 956 1554 ἐπαγομένου,
990 1479 1241 1554 Ἑρμείας
1287 1481 1378 1534 καὶ
1420 1480 1601 1550 Ζεῦξις
1640 1483 1852 1553 πικρῶς

190 1569 337 1644 πρὸς
385 1569 542 1624 αὐτὸν
575 1571 599 1604 ³
646 1566 974 1643 διακείμενοι
1023 1569 1229 1625 πλάνον
1283 1590 1342 1624 τε
1387 1569 1712 1639 ἀπεκάλουν,
1761 1569 1852 1624 καὶ

192 1658 304 1714 οὐκ
360 1657 737 1731 ἀναμείναντες
786 1660 884 1728 τήν
941 1654 1139 1734 ἀκριϐῆ
1197 1663 1295 1714 τοῦ
1355 1657 1536 1732 δήμου
1593 1659 1769 1734 κρίσιν
1825 1659 1852 1713 ὁ

194 1750 295 1822 μὶν
349 1745 440 1802 διὰ
491 1751 599 1802 τῶν
649 1746 901 1821 πλευρῶν
943 1750 1004 1803 τὸ
1055 1748 1203 1826 ξίφος
1254 1748 1405 1818 ὠθεῖ,
1452 1749 1478 1802 ὁ
1531 1747 1586 1803 δὲ
1633 1747 1852 1804 πελέκει

1959 603 2174 657 mores,
2198 594 2255 644 et
2273 591 2534 646 animum
2559 592 2629 645 ad
2654 593 3217 650 commiserationem
3246 613 3380 667 erga
3403 613 3598 654 servos

1961 692 2343 748 propensum,
2401 685 2578 750 atque
2629 681 2771 735 adeo
2819 681 2890 736 iis
2938 680 3254 737 auxiliandi
3301 685 3604 755 cupidum.

1959 765 2118 829 Quod
2138 768 2372 838 quidem
2404 775 2751 840 argumento
2770 777 2885 825 erat
2905 786 3102 826 servos
3123 789 3237 828 non
3258 776 3601 830 crudelitate

1959 859 2178 910 natura
2222 856 2361 912 talia
2410 863 2742 928 perpetrare
2793 859 2850 914 in
2910 859 3070 927 alios,
3123 862 3220 916 sed
3267 862 3456 918 illatas
3498 863 3607 918 sibi

1959 942 2206 1011 injurias
2239 944 2614 1002 ulciscentes.
2650 945 2847 1004 285b
2877 948 3158 1004 Caeterum
3194 950 3605 1022 DamOpbilum

1959 1047 2090 1087 cum
2120 1049 2224 1089 sua
2255 1034 2563 1106 Megallide
2595 1053 2728 1092 cum
2762 1039 2820 1092 in
2862 1037 3064 1093 urbem
3103 1041 3512 1110 protraxissent
3546 1040 3607 1108 ii,

1960 1120 2174 1191 quibus
2205 1122 2401 1178 datum
2435 1129 2559 1180 erat
2591 1127 2912 1196 negotium,
2949 1134 3012 1184 ut
3042 1128 3322 1197 diximus,
3356 1130 3414 1186 in
3449 1129 3608 1186 thea-

1960 1215 2118 1266 trum
2169 1227 2268 1268 eos
2301 1213 2723 1284 produxerunt,
2777 1215 2874 1271 ubi
2927 1218 3284 1274 defectorum
3339 1219 3612 1276 universa

1961 1304 2308 1372 congregata
2354 1307 2478 1358 erat
2529 1303 2855 1360 multitudo.
2908 1305 3164 1378 Cumque
3223 1307 3609 1379 Damophilus

1959 1393 2081 1443 arte
2113 1389 2300 1459 aliqua
2332 1390 2505 1446 saluti
2539 1409 2656 1448 suae
2687 1393 2988 1450 consulere
3021 1411 3256 1466 conans,
3290 1396 3607 1453 multorum

1961 1492 2031 1531 ex
2078 1476 2193 1532 illis
2242 1478 2570 1537 voluntates
2617 1484 2687 1538 ad
2737 1499 2799 1538 se
2847 1486 3106 1540 oratione
3137 1503 3242 1541 sua
3281 1487 3607 1552 inclinaret,

1963 1567 2237 1622 Hermeas
2267 1575 2319 1622 et
2349 1569 2553 1624 Zeuxis
2581 1572 2788 1628 acerbo
2820 1588 2951 1628 eum
2985 1575 3118 1629 odio
3162 1582 3606 1646 prosequentes,

1963 1654 2336 1726 impostorem
2383 1659 2748 1715 vocitabant:
2801 1662 3165 1735 minimeque
3204 1669 3610 1736 exspectantes

1966 1743 2106 1798 dum
2133 1745 2385 1816 populus
2408 1753 2630 1803 certum
2665 1749 2734 1805 de
2754 1767 2820 1806 eo
2839 1751 3124 1820 judicium
3147 1756 3609 1823 pronuntiasset,

189 1835 287 1891 τὸν
333 1835 618 1912 τράχηλον
672 1835 888 1910 ἔκοψεν.
949 1838 1179 1892 Ἐκεῖθεν
1222 1839 1454 1910 αἱρεῖται
1517 1835 1770 1910 βασιλεὺς
1824 1838 1852 1891 ὁ

1969 1831 2105 1888 alter
2153 1849 2354 1889 ensem
2416 1852 2518 1907 per
2575 1837 2756 1894 latera
2805 1841 2930 1910 ejus
2978 1821 3181 1912 adigit,
3234 1841 3376 1897 alter
3419 1821 3610 1898 securi

193 1923 424 1996 Εὔνους,
475 1922 599 1981 οὕτε
650 1923 720 1980 δι’
772 1923 1016 2001 ἀνδρείαν
1071 1925 1192 1980 οὔτε
1242 1923 1329 1980 διὰ
1380 1927 1732 2003 στρατηγίαν,
1766 1923 1854 1981 διά

194 2012 255 2069 δὲ
314 2010 484 2087 μόνην
539 2014 815 2086 τερατείαν
871 2015 960 2069 καὶ
1015 2016 1076 2069 τὸ
1124 2021 1224 2084 τῆς
1283 2016 1630 2076 ἀποστάσεως
1674 2015 1852 2088 ἄρξαι,

201 2103 319 2176 ἅμα
387 2101 446 2159 δὶ
495 2104 587 2158 καὶ
643 2110 746 2172 τῆς
787 2105 810 2140 ⁸
864 2103 1236 2180 προσηγορίας
1289 2103 1455 2158 οἱονεί
1510 2125 1632 2159 τινα
1680 2103 1850 2159 καλὸν

201 2195 396 2250 οἰωνὸν
429 2193 666 2268 ἐχούσης
696 2194 834 2268 πρὸς
864 2195 963 2262 τὴν
991 2197 1096 2249 τῶν
1133 2193 1583 2268 ὑποταττομένων
1619 2191 1852 2250 εὔνοιαν.

200 2287 320 2338 Τῶν
371 2281 517 2338 ὅλων
558 2279 614 2337 δὲ
651 2288 767 2344 τοῖς
810 2283 1136 2347 ἀποστάτάις
1181 2285 1446 2346 καταστὰς
1498 2284 1721 2358 Κύριος,
1764 2285 1852 2339 καὶ

208 2373 524 2449 συναγαγὼν
575 2371 891 2442 ἐκκλησίαν,
939 2373 1119 2428 ἀνεῖλε
1171 2375 1264 2448 μὲν
1297 2377 1318 2410 ⁸
1366 2375 1491 2435 τοὺς
1541 2373 1857 2449 ἐζωγρημέ-

204 2484 334 2526 νους
361 2468 468 2518 τῶν
493 2462 770 2532 Ἐνναίων,
795 2461 942 2524 ὅσοις
973 2463 1072 2518 οὐκ
1099 2463 1165 2531 ἦν
1197 2466 1231 2533 ἡ
1263 2465 1434 2542 τέχνη
1469 2464 1616 2519 ὅπλα
1646 2463 1860 2540 ἐργάζε-

206 2554 354 2621 σθαι,
395 2550 628 2614 ἒκείνους
661 2549 717 2606 δὲ
744 2554 765 2588 ⁵
792 2549 1110 2624 δεδεμένους
1148 2557 1266 2613 τοῖς
1298 2550 1480 2629 ἔργοις
1517 2549 1780 2608 ὑπέϐαλεν
1811 2553 1854 2609 ⁷.

206 2638 416 2696 Ἔδωκε
447 2638 504 2696 δὲ
545 2641 634 2695 καὶ
673 2645 792 2705 ταῖς
830 2640 1182 2713 θεραπαίναις
1210 2642 1309 2710 τήν
1353 2639 1678 2718 Μεγαλλίδα
1709 2643 1857 2716 χρή-

212 2731 406 2784 σασθαι
452 2731 526 2792 ὡς
578 2729 637 2784 ἃν
685 2728 982 2803 βούλοιντο
1027 2749 1040 2762 ⁸
1089 2730 1178 2785 καὶ
1225 2731 1380 2785 αὗται
1425 2733 1860 2805 κατεκρήμνισαν

212 2819 578 2892 αἰκισάμεναι.
613 2821 716 2874 Καὶ
768 2819 925 2882 αὐτὸς
955 2816 1012 2873 δὲ
1062 2819 1190 2883 τοὺς
1214 2817 1384 2882 ἰδίους
1430 2818 1613 2874 ἀνεῖλε
1641 2821 1862 2894 κυρίους

211 2907 496 2982 Ἀντιγένη
546 2907 636 2961 καὶ
689 2907 934 2964 Πύθωνα.
971 2909 1327 2982 Περιθέμενος
1379 2905 1437 2963 δὶ
1484 2907 1729 2983 διάδημα
1769 2910 1858 2964 καὶ

212 2997 386 3051 πάντα
417 2995 483 3049 τὰ
515 2993 661 3050 ἄλλα
692 2995 755 3048 τὰ
785 2995 907 3068 περὶ
939 2995 1101 3051 αὐτὸν
1133 2996 1432 3071 βασιλικῶς
1464 2994 1859 3069 διακοσμήσας,

213 3087 312 3156 τήν
349 3106 406 3139 τε
455 3079 788 3157 συμϐιοῦσαν
828 3085 995 3157 αὐτῷ,
1043 3085 1218 3159 Σύραν
1247 3085 1334 3140 καὶ
1387 3085 1719 3159 συμπολῖτιν
1768 3083 1862 3140 οὗ·

1965 1924 2243 1980 cervicem
2276 1926 2404 1995 ejus
2436 1927 2746 1983 abscindit.
2785 1929 2886 1984 llic
2920 1946 3051 1986 vero
3093 1931 3292 1987 Eunus
3325 1949 3421 1987 rex
3450 1949 3611 1988 crea-

1965 2021 2092 2068 tur:
2130 2031 2243 2070 non
2277 2017 2427 2086 quod
2459 2016 2547 2072 vir
2576 2018 2739 2073 fortis
2771 2024 2928 2075 esset
2958 2019 3055 2077 ille
3095 2021 3355 2092 quidem,
3389 2022 3476 2077 vel
3509 2023 3611 2079 bo-

1963 2119 2074 2158 nus
2096 2102 2427 2174 imperator,
2452 2107 2548 2160 sed
2573 2106 2645 2162 ob
2676 2123 2843 2162 suam
2869 2109 3366 2179 praestigiatoriam
3401 2116 3607 2180 artem,

1965 2193 2237 2263 quodque
2294 2194 2636 2251 defectionis
2692 2202 2894 2252 auctor
2942 2199 3162 2256 fuisset.
3215 2200 3364 2263 Quin
3433 2199 3609 2256 etiam

1965 2281 2220 2336 nominis
2248 2282 2376 2352 ejus
2411 2283 2518 2338 fuit
2549 2284 2760 2348 habita,
2795 2285 2985 2357 aliqua
3016 2288 3186 2354 ratio,
3222 2292 3422 2358 utpote
3453 2289 3608 2359 quod

1963 2373 2123 2428 velut
2152 2375 2465 2445 augurium
2499 2381 2654 2432 esset
2704 2377 2912 2433 futurae
2958 2379 3119 2437 illius
3165 2396 3302 2454 erga
3343 2381 3612 2438 subditos

1967 2461 2396 2518 benevolentiae.
2431 2465 2629 2535 Itaque
2663 2466 2980 2522 defectores
3013 2485 3146 2523 cum
3197 2485 3390 2524 rerum
3443 2485 3610 2524 sum-

1968 2565 2119 2604 mam
2171 2551 2240 2605 ad
2289 2567 2422 2606 eum
2472 2552 2843 2620 detulissent,
2892 2556 3165 2613 advocata
3213 2557 3510 2626 concione,
3543 2572 3612 2612 ex

1968 2640 2338 2696 Ennensibus
2369 2641 2469 2712 qui
2504 2642 2615 2697 vivi
2647 2644 2799 2714 capti
2832 2649 3018 2710 erant,
3060 2661 3264 2700 omnes
3293 2662 3394 2701 eos
3433 2646 3610 2702 inter-

1969 2727 2122 2794 fecit,
2151 2729 2250 2800 qui
2275 2730 2670 2787 fabricationis
2696 2748 2994 2788 armorum
3019 2733 3268 2803 imperiti
3290 2739 3452 2789 erant
3478 2751 3491 2790 :
3521 2750 3616 2807 pe-

1970 2818 2104 2874 ritos
2136 2823 2325 2874 autem
2357 2819 2577 2876 vinctos
2623 2821 2778 2893 cperi
2829 2822 3089 2879 faciendo
3121 2823 3363 2880 addixit.
3399 2825 3611 2896 Megal-

1967 2906 2145 2962 lidem
2205 2912 2480 2978 praeterea
2526 2909 2584 2963 in
2633 2925 2928 2965 servarum
2981 2914 3320 2982 potestalem
3353 2913 3614 2982 tradidit,

1973 3001 2037 3051 ut
2071 3013 2170 3067 pro
2211 3012 2316 3052 suo
2358 2997 2596 3053 arbitrio
2647 2999 2704 3054 in
2751 3016 2877 3055 eam
2925 3001 3466 3058 animadverterent.
3503 3003 3616 3058 Illae

1972 3088 2167 3141 autem
2190 3101 2317 3141 eam
2352 3086 2609 3158 primum
2645 3088 2995 3144 cruciatibus
3040 3091 3374 3162 affecerunt,
3410 3092 3620 3148 deinde

219 3196 333 3244 σαν,
389 3173 706 3249 βασίλισσαν
755 3171 1058 3244 ἀποδείξας,
1110 3173 1392 3250 συνέδρους
1445 3196 1503 3230 τε
1551 3178 1678 3238 τοὺς
1739 3195 1858 3230 συν-

1974 3174 2325 3246 praecipitem
2352 3151 2662 3236 dederunt.
2698 3179 2827 3248 Ipse
2857 3195 3090 3250 quoque
3118 3151 3380 3252 prOprios
3410 3182 3626 3238 occidit

219 3265 324 3319 έσει
357 3261 650 3325 δοκοῦντας
684 3260 953 3342 διαφέρειν
981 3265 1370 3337 ποιησάμενος,
1399 3266 1472 3319 ὧν
1491 3266 1558 3334 ἦν
1587 3265 1813 3339 Ἀχαιὸς
1843 3266 1864 3301 ⁸

219 3354 307 3408 καί
335 3351 578 3426 τοῦνομα
624 3352 803 3407 καὶτὸ
832 3353 1001 3426 γένος,
1055 3354 1189 3428 ἀνὴρ
1230 3355 1320 3408 καὶ
1369 3355 1545 3429 βουλῇ
1595 3353 1686 3408 καὶ
1717 3352 1864 3430 χειρὶ

223 3441 509 3522 διαφέρων,
555 3443 644 3497 καὶ
703 3442 753 3497 έν
811 3444 987 3518 τρισὶν
1050 3443 1284 3518 ἡμέραις
1340 3442 1568 3506 πλείους
1625 3448 1733 3498 τῶν
1785 3441 1868 3512 ἐξ-

223 3531 552 3611 ακισχιλίων
591 3533 686 3588 τόν
717 3529 938 3586 δυνατοὶν
989 3531 1328 3594 καθοπλίσας
1375 3533 1600 3608 τρόπον,
1629 3534 1722 3588 καὶ
1754 3533 1866 3588 ἑτέ-

224 3642 350 3692 ρους
398 3620 825 3697 συνεπαγόμενος
871 3620 1072 3690 ἀξίναις
1109 3620 1199 3674 καὶ
1247 3619 1496 3675 πελέκεσι
1541 3625 1864 3696 χρωμένους

223 3711 257 3780 ἢ
291 3709 597 3789 σφενδόναις
642 3711 676 3779 ἢ
716 3708 998 3784 δρεπάνοις
1039 3709 1074 3778 ἧ
1116 3709 1303 3779 ξῦλοις
1353 3713 1865 3783 πεπυρακτωμένοις

226 3801 377 3870 ﬁxed
434 3799 702 3875 μαγείρων
753 3794 1000 3870 ὀϐελοῖς,
1033 3797 1186 3873 έπῄει
1227 3803 1398 3853 πᾶσαν
1441 3798 1728 3869 λεηλατῶν
1769 3802 1867 3869 τήν

226 3891 435 3965 χώραν,
495 3890 583 3944 καὶ
650 3887 865 3959 πλῆθος
923 3887 1147 3964 ἄπειρον
1216 3888 1439 3944 οἰκετῶν
1509 3884 1866 3964 προσλαμϐά-

227 4001 329 4034 νων
376 3977 637 4054 έθάρῥησε
683 3979 772 4033 καὶ
821 3984 1145 4054 στρατηγοῖς
1190 3976 1479 4051 Ῥωμαίων
1531 3976 1867 4052 πολεμῆσαι,

223 4068 313 4124 καὶ
374 4066 712 4140 συμπλακεὶς
777 4072 856 4140 τῷ
927 4067 1130 4138 πλήθει
1203 4065 1478 4129 πολλάκις
1551 4067 1869 4141 ἐκράτησεν,

235 4155 376 4234 ἔχων
410 4154 520 4228 ἤδη
553 4158 885 4231 στρατιώτας
928 4157 1060 4232 ὑπὲρ
1097 4158 1227 4220 τοὺς
1260 4155 1510 4232 μυρίους.

1975 3264 2267 3332 dominos,
2323 3265 2664 3335 Antigenem
2713 3272 2770 3322 et
2820 3267 3160 3339 Pythonem.
3195 3270 3454 3326 Tandem
3486 3286 3621 3326 vero

1977 3354 2247 3426 imposito
2273 3354 2448 3425 capiti
2481 3355 2830 3424 diademate,
2859 3357 3151 3429 rebusque
3195 3359 3320 3414 suis
3347 3359 3620 3414 omnibus

1975 3442 2146 3515 regali
2198 3441 2506 3513 splendore
2554 3445 2873 3512 adornatis,
2922 3463 3028 3501 sua
3066 3446 3206 3502 item
3257 3463 3432 3503 uxore
3468 3449 3618 3520 (quae

1970 3537 2027 3587 et
2057 3533 2184 3604 ipsa
2216 3533 2358 3604 Syra
2408 3540 2528 3588 erat
2577 3533 2824 3606 ejusque
2879 3534 3044 3607 civis)
3074 3534 3365 3592 declarata
3399 3537 3621 3608 regina,

1972 3637 2038 3678 ex
2068 3638 2266 3678 eorum
2289 3639 2531 3677 numero
2564 3623 2661 3692 qui
2687 3625 2994 3694 prudentia
3020 3625 3242 3679 caeteris
3275 3625 3623 3680 antecellere

1971 3711 2339 3776 videbantur,
2394 3711 2616 3782 aliquot
2667 3712 2777 3766 sibi
2831 3711 3192 3767 consiliarios
3250 3714 3485 3784 delegit.
3544 3713 3626 3767 Ex

1973 3799 2191 3871 quibus
2223 3804 2345 3854 erat
2373 3799 2640 3867 Achaeus,
2694 3815 2809 3854 non
2859 3804 3086 3855 tantum
3134 3800 3390 3866 nomine,
3437 3800 3540 3856 sed
3571 3807 3624 3854 et

1973 3891 2210 3944 natione
2240 3889 2504 3954 Achaeus,
2539 3888 2625 3942 vir
2669 3897 2724 3944 et
2757 3888 3003 3944 consilio
3045 3894 3332 3961 praestans
3363 3898 3415 3946 et
3447 3907 3621 3944 manu

1975 3979 2186 4034 mirum
2232 3977 2291 4032 in
2352 3976 2588 4032 modum
2649 3987 2972 4050 promptus.
3025 3979 3127 4034 Ilic
3181 3978 3354 4034 trium
3397 3980 3623 4035 dierum

1974 4068 2161 4140 spatio
2196 4083 2327 4122 cum
2365 4082 2462 4122 sex
2495 4067 2801 4122 hominum
2830 4073 3117 4123 armasset
3145 4067 3349 4136 millia,
3382 4073 3446 4123 ut
3475 4073 3628 4124 tem-

1975 4175 2085 4231 pus
2116 4157 2306 4224 dabat,
2340 4171 2471 4212 cum
2504 4156 2591 4211 bis
2622 4171 2756 4213 vero
2803 4160 2860 4212 et
2908 4156 3053 4212 alios
3102 4156 3337 4212 haberet
3370 4157 3544 4212 asciis
3575 4161 3631 4212 et

227 4249 545 4316 securibus,
588 4253 688 4304 aut
735 4248 951 4316 fundis,
993 4253 1095 4304 aut
1147 4248 1410 4317 falcibus,
1471 4258 1573 4305 aut
1628 4248 1876 4305 sudibus
1935 4248 2226 4321 praeustis,
2272 4257 2374 4302 aut
2433 4261 2756 4317 coquorum
2815 4247 3070 4302 verubus
3115 4246 3454 4314 instructos,
3505 4251 3628 4303 tota

228 4338 461 4409 regione
491 4337 714 4408 praedas
745 4353 921 4407 agens
953 4337 1318 4409 peragrabat.
1370 4336 1560 4393 Simul
1613 4354 1746 4394 vero
1799 4337 2231 4394 multitudinem
2284 4336 2577 4391 infinitam
2628 4351 2925 4392 servorum
2979 4335 3272 4392 asciscens
3329 4337 3626 4394 Romanos

229 4428 402 4484 etiam
434 4427 816 4499 imperatores
847 4425 996 4482 bello
1027 4443 1210 4482 ausus
1243 4431 1332 4483 est
1363 4425 1667 4495 lacessere,
1702 4429 2102 4500 consertisque
2138 4426 2403 4481 manibus
2449 4441 2576 4480 cum
2611 4425 2715 4494 eis,
2752 4424 2998 4481 militum
3043 4441 3284 4482 numero
3317 4427 3629 4498 potentior,

227 4517 470 4573 victoria
499 4533 647 4589 saepe
679 4517 898 4589 potitus
923 4520 1028 4586 est,
1065 4521 1265 4588 utpote
1298 4516 1604 4588 plusquam
1635 4517 1835 4573 decem
1868 4517 2175 4574 hominum
2209 4515 2396 4571 millia
2424 4515 2667 4571 ducens.

300 4605 384 4660 Ἐν
415 4603 593 4676 τούτῳ
625 4601 682 4658 δὲ
716 4603 904 4661 Κλέων
933 4624 1015 4666 τις
1049 4603 1202 4675 Κίλιξ
1237 4603 1422 4658 ἄλλων
1457 4601 1670 4659 δούλων
1729 4605 1858 4659 ἀπο-

2045 4606 2193 4662 Dum
2227 4605 2344 4661 haec
2383 4609 2658 4676 aguntur,
2707 4604 2852 4661 Cilix
2903 4605 3138 4677 quidam
3191 4607 3284 4663 cui
3315 4607 3487 4664 Cleon
3523 4623 3630 4663 no-

232 4696 464 4756 στάσεως
525 4695 677 4768 ἦρξε.
753 4693 856 4749 Καὶ
915 4693 1130 4748 πάντων
1181 4698 1300 4756 ταῖς
1362 4691 1547 4748 έλπίσι
1605 4714 1870 4768 μετεωρι-

231 4784 486 4854 σθέντων,
547 4784 622 4845 ὡς
697 4781 1123 4856 ἁντιπολεμήσει
1189 4784 1255 4838 τὰ
1313 4786 1666 4839 στασιάσαντα
1735 4784 1872 4858 πρὸς

233 4871 516 4944 ἂλλήλους
565 4873 655 4928 καὶ
709 4872 864 4928 αὐτοὶ
915 4872 1140 4935 ἑαυτοὺς
1172 4874 1223 4927 οἱ
1275 4874 1570 4930 ἀποστάται
1624 4871 1868 4952 διαφθεῖ-

234 4983 412 5040 ροντες
453 4961 876 5037 ἐλευθερώσουσι
932 4965 1032 5032 τήν
1089 4962 1342 5018 Σικελίαν
1399 4970 1498 5033 τῆς
1559 4964 1794 5026 στάσεως
1825 4965 1868 5036 θ,

231 5054 374 5128 παρά
406 5049 561 5123 δόξαν
613 5050 888 5121 ἀλλήλοις
917 5047 1238 5121 συνέϐησαν,
1288 5056 1384 5106 τοῦ
1429 5053 1681 5114 Κλέωνος
1733 5055 1869 5107 ὑπο-

233 5142 480 5219 ταγέντος
511 5139 662 5216 ψιλῷ
705 5145 804 5196 τοῦ
838 5137 1010 5196 Εὕνου
1059 5141 1437 5216 προστάγματι
1488 5143 1578 5197 καὶ
1626 5143 1725 5212 τὴν
1775 5146 1871 5198 τοῦ

235 5236 540 5307 στρατηγοῦ
572 5232 688 5306 (οἶα
718 5227 786 5300 δὴ
821 5232 869 5267 ¹⁰
903 5230 1138 5305 βασιλεῖ)
1169 5231 1359 5307 χρείαν
1389 5231 1872 5305 ἀποπληροῦντος,

233 5317 458 5398 ἔχοντος
488 5320 686 5378 οἰκεῖον
725 5318 939 5392 πλῆθος
973 5324 1317 5398 στρατιωτῶν
1361 5318 1821 5395 πεντακισχιλίων
1855 5339 1868 5354 ο

1981 4711 2113 4752 men
2165 4700 2308 4764 erat,
2361 4701 2564 4751 auctor
2610 4695 2952 4751 defectionis
3013 4695 3261 4752 aliorum
3323 4713 3628 4753 servorum

1979 4785 2108 4853 fuit,
2142 4793 2362 4841 etcum
2397 4785 2466 4840 ad
2518 4801 2645 4840 eam
2692 4801 2857 4857 spem
2908 4785 3082 4842 erecti
3139 4787 3402 4842 omnium
3447 4785 3630 4840 animi

1979 4882 2191 4944 essent,
2252 4875 2369 4931 fore
2420 4877 2480 4930 ut
2525 4878 2650 4930 orta
2697 4874 2984 4931 seditione
3039 4875 3097 4930 hi
3155 4875 3436 4932 adversus
3495 4874 3629 4932 illos

1980 4980 2144 5020 arma
2173 4966 2463 5036 caperent,
2489 4964 2759 5036 atqueita
2781 4965 2890 5020 sibi
2925 4969 3190 5021 mutuum
3224 4965 3465 5021 exitium
3496 4963 3629 5020 affe-

1981 5059 2194 5121 rentes,
2217 5053 2475 5109 Siciliam
2495 5053 2750 5109 tumultu
2777 5052 3112 5121 liberarent,
3135 5057 3341 5126 praeter
3364 5053 3628 5109 omnium

1980 5142 2470 5214 exspectationem
2498 5142 2806 5198 coitionem
2839 5143 2990 5199 inter
3019 5159 3081 5200 se
3101 5144 3361 5198 fecerunt
3386 5143 3630 5214 ;quippe

1983 5247 2116 5286 cum
2148 5231 2322 5288 Cleon
2353 5233 2510 5288 nudo
2537 5229 2688 5287 Euni
2721 5233 2994 5288 mandato
3043 5248 3105 5288 se
3144 5231 3534 5300 submitteret,
3567 5237 3628 5288 ut

1983 5322 2092 5376 sub
2122 5321 2240 5390 illo,
2273 5326 2337 5378 ut
2367 5337 2520 5394 rege,
2551 5320 2920 5395 imperatoris
2951 5322 3154 5379 munia
3189 5319 3396 5379 886a
3426 5323 3631 5392 obiret,

1580 5488 1824 5546 VARl/E
1864 5486 2276 5546 LECTIONES.

307 5646 325 5682 ¹
356 5642 458 5700 οὐκ
497 5649 555 5699 Β.
632 5644 656 5679 ²
684 5639 1134 5751 συνεληλυθότων
1166 5643 1230 5698 Β.

310 5717 417 5751 3...:
462 5708 662 5751 ιιι-ια..)
685 5718 767 5751 ιη
921 5713 1173 5751 umnam
1204 5713 1230 5751 ,ι

239 5721 259 5756 ’⁸
289 5717 421 5776 libri
461 5708 791 5774 ὑπέϐαλλεν.

1325 5643 1346 5678 ⁸
1375 5641 1554 5715 αὐτὸν]
1585 5641 1750 5715 αὐτόν
1781 5640 1935 5696 αὐτοὶ
1969 5647 2029 5699 Β.

921 5713 1173 5794 ’Δχαιὸς]
1204 5713 1439 5790 ἀρχαῖος
1471 5708 1554 5773 Β.’
1605 5713 1630 5751 9
1660 5712 1898 5777 στάσεως
1927 5717 1970 5768 Α
2008 5730 2022 5769 :
2054 5708 2401 5776 ἀποστάσεως
2591 5713 2638 5750 ¹⁰
2679 5708 2746 5782 δὴ
2779 5708 2820 5768 li
2857 5732 2868 5769 :
2898 5710 3091 5787 δεῖ

2125 5642 2150 5677 ⁸
2174 5640 2300 5713 τῆς]
2327 5639 2390 5694 τὸ
2424 5644 2527 5713 τῇς
2555 5643 2625 5698 Α.
2683 5708 2700 5713 Α
2728 5641 2749 5677 ⁸
2782 5641 2876 5713 μὶν
2902 5643 3043 5713 add.
3077 5650 3139 5700 Δ.
3242 5644 3265 5680 ⁸
3306 5640 3362 5700 δὲ
3393 5647 3524 5704 add.
3569 5646 3630 5704 Β.
