2045 3211
214 121 289 152 1411

213 235 308 261 autem
325 231 378 259 fuit
394 231 511 266 triginta
533 230 591 257 fere
615 237 631 256 a
653 228 814 257 defectione
842 229 956 256 diebus.
975 230 1038 256 Non

215 277 306 305 multo
323 278 386 311 post
398 275 553 303 commissa
563 282 660 310 pugna
671 274 920 309 cumimperatore
936 273 967 301 L.
982 275 1040 309 Hy-

213 330 309 358 poswo
327 321 417 348 Roma
441 319 574 347 veniente
598 327 663 347 cum
689 321 752 346 octo
776 318 907 346 millibus
928 317 1040 346 Siculo—

213 373 278 392 rum
295 364 433 398 militum,
449 363 569 391 victoria
595 362 678 398 potiti
705 365 784 396 sunt,
810 364 911 397 utpote
934 361 984 397 qui
998 362 1039 389 vi—

213 409 285 445 ginti
303 408 397 436 millia
411 410 519 436 essent.
546 407 709 443 Aliquando
734 409 800 442 post
824 409 922 435 autem
938 415 1038 434 eorum

212 462 352 482 numerus
368 461 459 489 usque
478 453 512 480 ad
539 455 657 480 centum
682 452 765 479 milia
786 452 884 480 crevit.
911 451 1040 486 Cumque

215 500 354 528 adversus
370 499 518 527 Romanos
535 498 633 534 praelia
658 498 781 526 subinde
804 500 946 533 gererent,
964 505 1039 532 saepe

215 553 251 573 ex
266 545 302 572 iis
317 544 441 580 gloriam
458 543 656 579 reportabant,
685 551 749 570 raro
775 546 870 570 autem
893 542 974 569 clade
990 550 1038 569 ac-

215 593 297 625 cepts
313 589 456 616 redibant.
473 588 562 623 Cujus
578 586 618 615 rei
634 595 701 615 cum
719 587 878 622 dissipatus
896 589 973 614 esset
988 594 1035 614 ru-

216 642 289 668 mor,
302 633 365 669 jam
382 633 456 661 servi
472 635 590 660 centum
616 631 828 667 quinquaginta
851 631 944 659 Romae
969 639 1037 658 con-

213 678 372 714 spiratione
396 678 471 706 inter
492 685 523 705 se
545 677 620 705 facta
646 678 681 704 ad
706 676 896 704 defectionem
926 676 1038 704 incensi

213 726 306 758 erant,
333 724 362 751 in
387 723 481 751 Attica
505 726 598 750 autem
624 722 781 758 plusquam
809 721 910 756 mille;
937 721 1036 749 itidem

214 778 280 798 vero
298 770 367 800 Deli,
387 769 546 804 multisque
562 768 628 796 aliis
644 768 674 795 in
694 767 776 795 locis.
792 768 846 795 Sed
863 775 1037 802 unoquoque

216 815 246 843 in
264 814 326 842 loco
339 814 358 841 ii
374 822 498 850 quorum
517 821 590 841 cura
601 813 716 848 negotia
733 812 849 848 publica
864 812 1039 839 demandata

215 861 309 892 erant,
326 859 423 886 subito
435 858 522 886 rebus
533 858 563 885 in
579 857 734 884 discrimen
750 857 882 884 adductis
893 856 1037 891 opitulati,

215 911 281 931 eum
298 903 396 939 gravia
411 903 446 931 de
461 902 520 930 illis
535 902 681 937 supplicia
697 901 906 937 sumpsissent,
922 906 1038 929 ceteros

215 948 321 984 quibus
333 948 394 983 jam
410 949 438 975 et
454 947 526 982 ipsis
550 954 616 982 spes
640 953 762 974 accensa
781 945 952 973 defectionis
966 947 1037 978 erat,

217 995 296 1020 metu
312 994 523 1029 represserunt,
540 994 569 1019 et
593 992 629 1019 ad
651 992 797 1019 saniorem
814 993 939 1019 mentem
956 999 1040 1018 revo—

218 1039 332 1065 carunt.
346 1038 382 1064 At
396 1045 463 1065 vero
479 1037 508 1064 in
524 1036 621 1064 Sicilia
648 1035 758 1063 malum
775 1036 804 1063 in
830 1036 891 1063 dies
911 1035 1040 1070 ingrave-

219 1081 329 1115 scebat,
346 1089 413 1109 cum
429 1083 458 1109 et
479 1081 566 1109 urbes
582 1089 640 1108 una
660 1089 727 1108 cum
744 1080 814 1115 ipsis
830 1080 942 1107 civibus
957 1088 1039 1115 cape-

220 1128 330 1158 rentur,
347 1128 375 1153 et
400 1125 486 1153 multi
510 1126 653 1153 exercitus
679 1133 695 1152 a
719 1124 915 1153 defectoribus
930 1125 1041 1152 desere-

217 1173 325 1198 rentur.
344 1170 399 1198 Sed
427 1170 545 1198 tandem
570 1169 696 1197 Rutilius
719 1177 858 1197 romanus
882 1169 1042 1205 imperator

217 1215 441 1243 Tauromenium
467 1215 540 1251 ipsis
562 1214 754 1250 recuperavit,
781 1216 935 1249 postquam
959 1213 1041 1242 vehe-

221 1259 402 1287 mentissime
417 1259 491 1287 illud
504 1261 712 1295 oppugnasset,
729 1262 756 1287 et
771 1259 930 1287 defectores
946 1258 995 1294 qui
1012 1258 1041 1285 in

219 1312 252 1332 eo
269 1307 350 1332 erant
366 1305 401 1332 ad
417 1312 550 1332 summas
563 1304 713 1340 angustias
729 1304 896 1339 redegisset,
911 1306 998 1339 atque
1007 1303 1042 1331 ad

218 1351 279 1377 tam
296 1357 390 1376 acrem
415 1349 520 1376 famem
546 1348 745 1384 compulisset,
763 1351 795 1376 ut
815 1356 879 1376 cum
896 1348 987 1383 primo
1007 1347 1042 1375 li-

220 1393 357 1422 berorum
369 1401 489 1422 suorum
506 1393 675 1428 corporibus
691 1393 767 1422 vesci
783 1393 948 1428 cepissent,
966 1401 1042 1426 mox,

222 1438 256 1465 ad
275 1446 396 1466 uxorum
413 1446 533 1474 corpora
549 1446 580 1466 se
604 1439 826 1471 convertissent,
847 1440 991 1473 postremo
1007 1444 1042 1464 ne

221 1483 277 1511 sibi
294 1483 412 1519 quidem
429 1482 550 1510 invicem
567 1485 728 1518 parcerent,
746 1483 794 1510 sed
811 1482 858 1510 alii
876 1483 948 1510 alios
959 1490 1041 1509 vora-

221 1529 295 1554 rent.
319 1527 424 1554 Eodem
448 1531 577 1562 tempore
601 1527 761 1554 Comanum
786 1526 900 1554 Cleonis
925 1527 1041 1553 fratrem

223 1579 257 1599 ex
284 1571 354 1599 urbe
368 1571 437 1598 dum
468 1571 659 1605 obsideretur,
678 1571 837 1605 fugientem
863 1571 949 1607 cepit,
965 1572 993 1597 et
1008 1570 1043 1597 ad

222 1617 384 1642 extremum
412 1623 478 1642 arce
501 1624 517 1642 a
533 1615 690 1649 Sarapione
714 1615 785 1651 Syro
808 1615 931 1650 prodita.
957 1617 1043 1650 quot-

222 1662 292 1695 quot
307 1659 336 1686 in
354 1659 424 1686 urbe
440 1659 551 1695 fugitivi
567 1661 660 1692 erant,
684 1659 713 1686 in
734 1661 903 1694 potestatem
920 1659 1044 1695 impera-

222 1703 291 1731 toris
320 1706 470 1736 venerunt,
499 1711 572 1739 quos
604 1704 689 1731 etiam
719 1704 896 1732 cruciatibus
925 1704 1042 1732 aﬂ'eetos

220 1747 418 1783 pracipitavit.
437 1748 506 1775 Inda
525 1749 637 1775 Ennam
665 1749 811 1784 profectus
833 1748 958 1776 similem
978 1749 1042 1784 ejus

221 1792 400 1820 obsidionem
431 1792 608 1828 aggreditur,
639 1793 796 1820 defectores
831 1793 867 1821 ad
897 1801 1041 1821 summam

222 1837 454 1873 desperationem
472 1837 604 1873 adigens.
616 1839 746 1872 Cumque
761 1837 895 1866 Cleonem
912 1838 1042 1873 impera-

220 1884 313 1910 torem
339 1882 409 1909 urbe
435 1890 597 1917 egressum,
622 1890 655 1910 ac
680 1882 796 1910 heroiea
821 1883 948 1918 quadam
965 1883 1043 1910 forti-

221 1926 321 1954 tudine
335 1925 487 1961 praelatum
503 1926 674 1954 vulneribus
691 1935 757 1954 mox
768 1927 954 1961 confodisset,
970 1928 1043 1955 hanc

221 1978 338 2006 quoque
353 1971 455 1998 urbem
480 1971 565 2006 cepit,
592 1971 678 2006 idque
701 1971 873 2007 proditione.
899 1973 941 2000 Ita
965 1973 1043 2000 enim

220 2023 284 2043 eam
302 2015 376 2043 situs
392 2016 452 2050 ipse
468 2015 611 2042 munitam
629 2015 777 2049 reddebat,
795 2019 828 2043 ut
843 2017 868 2043 vi
884 2017 1043 2052 expugnari

221 2059 300 2088 nullo
317 2060 400 2087 modo
416 2063 523 2095 posset.
537 2060 636 2088 Eunus
649 2064 744 2088 autem
755 2061 913 2097 assumptis
925 2069 1045 2089 sexcen—

221 2105 269 2137 tis,
296 2105 329 2131 ad
347 2103 410 2132 loca
432 2105 564 2139 quaedam
585 2109 739 2140 praerupta,
766 2107 798 2132 ut
821 2107 883 2133 erat
912 2105 1043 2141 ignavus,

223 2148 292 2184 fuga
315 2156 346 2175 se
375 2149 488 2184 recepit.
511 2149 565 2177 Sed
590 2150 640 2185 qui
663 2158 728 2177 cum
753 2158 785 2177 eo
812 2152 905 2184 erant,
923 2150 1044 2177 exitium

223 2192 278 2220 sibi
294 2193 459 2221 inevitabile
476 2193 642 2229 impendere
658 2194 784 2222 scientes
798 2194 869 2229 (jam
895 2194 973 2222 enim
989 2195 1045 2222 Ru-

220 2237 302 2265 tilius
317 2237 473 2272 imperator
485 2239 519 2265 ad
535 2247 582 2266 eos
598 2247 684 2266 cursu
701 2239 916 2275 contendebat),
935 2242 966 2266 ut
983 2248 1044 2267 rna-

222 2291 278 2310 nus
295 2282 422 2310 hostium
439 2283 639 2317 praevenirent,
656 2284 710 2312 sibi
728 2287 830 2312 mutuo
854 2284 978 2312 cervices
994 2285 1046 2312 ab-

221 2328 404 2356 scindebant.
421 2330 452 2356 At
469 2328 579 2363 Eunus,
596 2329 789 2365 praestigiator
804 2329 911 2365 pariter
935 2332 963 2357 et
985 2338 1043 2364 rex,

220 2381 287 2402 cum
299 2381 356 2409 prae
370 2372 524 2401 timiditate
534 2373 563 2401 in
575 2374 718 2409 quasdam
731 2373 884 2409 speluncas
896 2374 1044 2410 confugis-

221 2420 273 2451 set,
290 2426 348 2446 una
362 2426 427 2446 cum
445 2420 570 2453 quatuor
591 2426 625 2446 ex
645 2418 708 2446 suis
731 2418 799 2446 inde
824 2421 969 2447 extractus
991 2423 1045 2454 est,

222 2471 325 2499 coquo,
342 2463 460 2499 pistore,
477 2462 570 2491 88M
587 2466 613 2490 et
636 2471 669 2491 eo
684 2463 767 2498 cujus
782 2471 872 2492 manu
895 2464 925 2491 in
941 2464 1045 2492 balneo

221 2508 390 2542 fricabatur,
403 2510 505 2544 quarto
521 2511 617 2536 autem
634 2516 677 2541 eo,
694 2508 744 2543 qui
760 2508 836 2536 inter
850 2508 951 2545 epulas
967 2508 1045 2536 oble-

223 2552 369 2580 ctamenta
388 2552 413 2580 ei
431 2551 578 2580 afferebat.
599 2552 627 2580 Is
642 2554 788 2580 extractus
803 2552 882 2588 inde,
899 2554 928 2580 et
943 2552 972 2581 in
988 2561 1047 2580 car-

795 117 933 148 PHOTII
955 116 1214 149 PATRIARCHIE
1235 118 1291 148 GP.

212 188 343 216 militum
370 187 537 223 propiorum
564 184 694 220 quinque
718 184 810 212 millia
836 183 957 212 habens.
979 186 1036 212 Hoc

1096 183 1194 220 ἡμέραι
1225 183 1248 211 δ’
1276 183 1353 222 ἐγγὺς
1380 185 1448 219 ἦσαν
1476 185 1529 213 ἀπὸ
1561 188 1611 220 τῆς
1639 185 1825 217 ἀποστάσεως
1856 187 1939 224 τριά-

1846 121 1933 152 1412

1094 238 1184 256 κοντα.
1201 230 1283 265 [H69
1298 231 1347 267 R.]
1373 230 1421 257 Καὶ
1439 229 1508 266 μετὰ
1534 230 1624 270 βραχὺ
1642 230 1672 258 ἐκ
1695 232 1815 267 Ῥώμης
1832 233 1936 266 ἦκοντι

1094 276 1239 311 στρατηγῷ
1267 275 1374 312 Λευκίῳ
1410 275 1523 312 Ὑψαίῳ,
1553 273 1649 312 ἔχοντι
1681 277 1866 313 στρατιώτας
1908 276 1937 304 ἐκ

1096 318 1222 350 Σικελίας
1253 320 1490 357 ὀκτακισχιλίους,
1515 319 1552 351 εἷς
1583 320 1705 357 πόλεμον
1736 323 1935 352 καταστάντες

1095 363 1120 390 οἱ
1154 364 1303 392 ἀποστάται
1341 364 1478 400 ἐνίκησαν,
1507 365 1614 399 πλῆθος
1652 363 1727 397 ὅντες
1766 365 1933 404 δισμύριοι.

1094 409 1158 435 Μετ’
1174 408 1204 435 οὒ
1229 408 1302 436 πολὺ
1328 407 1355 436 δὲ
1380 409 1531 447 ἀθροίζεται
1555 410 1586 438 τὸ
1611 410 1738 445 σύστημα
1765 410 1866 438 αὐτῶν
1896 412 1934 442 εἷς

1096 451 1227 488 μυριάδας
1256 451 1410 488 εἷ’κοσι,καῖ
1437 452 1556 485 πολλοῖς
1579 457 1638 485 τοῖς
1667 456 1734 491 πρὸς
1763 457 1933 492 Ῥωμαίους

1093 495 1227 533 πολέμοις
1256 496 1515 533 ἑνευδοκιμήσαντος
1542 497 1654 526 ἔλαττον
1684 500 1764 527 αὐτοὶ
1796 499 1930 530 's'mzzm.

1092 540 1128 567 Οὗ
1151 538 1342 576 διαϐοηθέντος
1367 542 1433 570 κατά
1457 553 1486 570 τε
1502 543 1612 580 Ῥώμην
1639 542 1745 572 δούλων
1772 546 1933 578 ἀπόστασις

1093 584 1185 612 ἑκατὸν
1228 587 1393 621 πεντήκοντα
1436 586 1646 623 συνομοσάντων
1685 588 1842 625 ἀνήπτετο,
1884 590 1929 616 καὶ

1092 630 1158 656 κατά
1173 630 1223 664 τήν
1248 630 1375 665 Ἀττικὴν
1405 631 1471 668 ὑπὲρ
1491 631 1606 668 χιλίων,
1622 631 1648 659 ἔν
1673 643 1702 660 τε
1720 634 1740 652 ¹¹
1762 634 1857 670 Δήλῳ
1884 636 1929 661 καὶ

1092 675 1149 702 κατ’
1165 674 1267 706 ἄλλους
1284 675 1407 707 πολλοὺς
1422 676 1523 707 τόπους
1539 686 1544 692 ·
1572 676 1618 708 οὓς
1634 677 1713 717 τάχει
1728 689 1759 706 τε
1787 683 1843 714 τῆς
1861 681 1930 717 βοη-

1092 719 1163 750 θείας
1178 720 1222 746 καὶ
1248 721 1312 756 [630
1398 723 1432 757 τῇ
1449 720 1552 760 σφοδρᾷ
1574 721 1688 750 κολάσει
1709 727 1761 757 τῆς
1783 726 1931 761 τιμωρίας

1093 764 1118 791 οἱ
1134 765 1192 791 καθ’
1207 762 1318 792 ἕκαστον
1343 764 1509 802 ἐπιμεληταί
1533 769 1587 793 τῶν
1607 770 1706 794 κοινῶν
1729 769 1832 796 θᾶττον
1858 770 1928 806 ἠφά-

1092 819 1177 844 νισαν,
1195 809 1408 847 σωφρονίσαντες
1433 810 1524 837 καὶτὸ
1544 810 1626 843 ἄλλο,
1647 811 1708 838 ὅσον
1732 812 1766 846 ἦν
1786 812 1834 839 ἐπὶ
1860 814 1928 841 ἄπο-

1054 848 1078 881 Β
1094 853 1183 880 στάσει
1202 854 1348 891 μετέωρον.
1367 854 1438 882 Κατᾶ
1454 854 1481 881 δὲ
1503 854 1630 887 Σικελίαν
1651 855 1748 891 ηὔξετο
1770 858 1806 884 τὸ
1830 859 1925 893 κακὸν,

1092 898 1136 925 καί
1152 897 1248 930 πόλεις
1275 898 1423 933 ἡλίσκοντο
1448 898 1661 937 αὔτανδροι,Ἅί
1686 900 1785 929 πολλᾶ
1810 904 1926 939 στρατό-

1093 941 1161 969 πεδα
1191 944 1242 970 ὑπὸ
1271 946 1323 970 τῶν
1352 944 1511 972 ἀποστατῶν
1538 946 1739 981 κατεκόπησαν,
1764 945 1824 977 ἕως
1853 948 1925 974 Ῥου-

1093 987 1182 1018 τίλιος
1208 989 1230 1006 ¹²
1253 988 1266 1015 ὁ
1289 989 1311 1006 ¹³
1333 989 1478 1023 Ῥωμαίων
1504 991 1651 1027 στρατηγὸς
1675 991 1706 1017 τὸ
1732 992 1922 1028 Ταυρορνιον

1095 1032 1247 1060 ἀνεσώσατο
1262 1033 1410 1069 Ῥωμαίοις
1427 1034 1459 1070 ίε,
1485 1037 1621 1071 καρτερῶς
1640 1035 1687 1071 μὲν
1713 1035 1786 1063 αὐτό
1805 1037 1921 1073 πολιορ-

1094 1078 1191 1113 κήσας,
1205 1077 1250 1104 καὶ
1275 1078 1313 1108 εἷς
1330 1077 1430 1115 ἄφατον
1453 1078 1571 1116 ἀνάγκην
1595 1079 1640 1106 καὶ
1660 1079 1744 1116 λιμὸν
1771 1082 1842 1111 τοὺς
1865 1082 1926 1108 ἀπο-

1096 1121 1192 1152 στάτας
1214 1122 1384 1160 συγκλείσας,
1409 1122 1479 1150 ὥστε
1503 1123 1669 1160 ἀρξαμένους
1692 1124 1722 1152 ἐκ
1741 1124 1854 1152 παίδων
1880 1127 1925 1163 βο-

1097 1169 1145 1204 ρᾶς
1169 1167 1213 1193 καὶ
1244 1165 1401 1198 διελθόντας
1427 1166 1472 1194 διὰ
1496 1171 1631 1206 γυναικῶν
1657 1168 1729 1205 μηδὲ
1758 1174 1816 1204 τῆς
1840 1171 1925 1198 αὐτῶν

1096 1210 1306 1250 ὰλληλοφογίας
1325 1211 1390 1248 μηδ’
1415 1211 1487 1244 ὅλως
1503 1213 1642 1251 φείσασθαι
1658 1223 1665 1230 ⁶
1691 1213 1737 1241 ὅτε
1755 1215 1777 1231 ¹⁵
1805 1215 1854 1241 καὶ
1878 1218 1925 1243 Κο-

1098 1256 1179 1291 μανὸν
1198 1256 1219 1274 ιδ
1234 1256 1279 1283 τὸν
1295 1255 1412 1294 ἀδελφὸν
1429 1256 1554 1288 Κλέωνος
1579 1258 1710 1294 ῳεύγοντα
1726 1262 1779 1293 τῆς
1808 1259 1925 1297 πολιορ-

1096 1300 1229 1336 κουμένης
1245 1300 1353 1331 πόλεως
1374 1300 1440 1328 εἷλε.
1465 1302 1516 1329 Καὶ
1532 1302 1562 1329 τὸ
1586 1302 1756 1337 τελευταῖον,
1774 1306 1925 1342 Σαραπίω-

1096 1355 1141 1375 νος
1160 1344 1249 1382 Σύρου
1264 1346 1313 1380 τήν
1340 1344 1422 1383 ἄκραν
1447 1345 1608 1383 προδόντος,
1625 1348 1795 1383 συμπάντων
1823 1352 1879 1377 τῶν
1900 1349 1923 1376 ἐν

1096 1392 1130 1426 τῇ
1146 1390 1225 1417 πόλει
1248 1389 1387 1427 δραπετῶν
1404 1391 1417 1418 ὁ
1443 1392 1593 1429 στρατηγὸς
1609 1391 1761 1428 ἐκυρίευσεν
1779 1405 1786 1409 -
1807 1394 1854 1424 03;
1877 1395 1922 1421 καὶ

1097 1432 1272 1469 αἰκισάμενος
1294 1435 1518 1470 κατεκρήμνισεν.
1544 1435 1660 1462 Ἐκεῖθεν
1687 1435 1730 1463 ἐπὶ
1751 1437 1803 1468 τῆν
1827 1439 1921 1464 ’Ἔνναν

1098 1477 1183 1505 ἐλθὼν
1198 1477 1398 1515 παραπλησίως
1414 1477 1581 1516 ἐπολιόρκει,
1598 1480 1636 1510 εἰς
1658 1479 1776 1517 ἐσχάτην
1800 1482 1924 1518 ἀνάγκην

1099 1521 1248 1560 συγκλείων
1264 1522 1311 1553 τὰς
1333 1525 1386 1550 τῶν
1409 1523 1567 1550 ἀποστατῶν
1582 1522 1707 1555 ἐλπίδας.
1735 1524 1782 1553 Καὶ
1808 1524 1925 1552 Κλέωνα

1099 1567 1143 1594 τὸν
1171 1568 1332 1605 στρατηγὸν,
1349 1567 1491 1602 ἐξελθόντα
1514 1571 1564 1603 τῆς
1588 1568 1697 1599 πόλεως
1721 1570 1767 1596 καὶ
1792 1570 1922 1606 ἡρωικῶς

1098 1611 1300 1648 ἀγωνισάμενον
1332 1612 1389 1648 μετ’
1416 1612 1517 1649 ὀλίγων
1536 1614 1555 1630 ¹“¹
1591 1613 1641 1639 ὑπὸ
1677 1615 1731 1640 τῶν
1758 1615 1922 1650 τραυμάτων

1099 1654 1184 1690 ’δείξας
1209 1657 1314 1693 νεκρὸν,
1330 1655 1387 1683 εἷλε
1405 1657 1450 1684 καὶ
1474 1657 1574 1692 ταύτην
1598 1656 1732 1695 προδοσίᾳ
1753 1659 1804 1692 τήν
1833 1659 1923 1693 πόλιν,

1098 1699 1153 1727 ἐπεὶ
1184 1699 1240 1727 οὐδ’
1259 1701 1281 1720 ’⁸
1306 1701 1339 1735 ἦν
1369 1701 1511 1738 ἁλώσιμος
1541 1700 1584 1729 8ιά
1612 1703 1661 1737 τὴν
1691 1703 1855 1740 ὀχυρότητα
1881 1703 1923 1740 βίᾳ

1098 1746 1203 1784 χειρός.
1229 1746 1259 1774 Ὀ
1284 1744 1312 1772 δὲ
1328 1746 1349 1764 ¹⁹
1374 1744 1473 1777 Εὔνους
1498 1744 1641 1774 ἀναλαϐὼν
1664 1747 1728 1778 τοὺς
1755 1748 1922 1785 σωματοςῦ-

1099 1787 1194 1822 λακας,
1211 1787 1288 1820 ὄντας
1307 1789 1417 1826 χιλίους
1435 1791 1468 1825 ³ο,
1482 1787 1575 1828 ἔφυγεν
1592 1790 1613 1807 ²¹
1639 1789 1778 1827 ἀνάνδρως
1795 1791 1838 1822 εἷς
1854 1801 1923 1822 τινας

1097 1835 1309 1871 παρακρῆμνους
1331 1834 1442 1864 τόπους.
1465 1833 1546 1862 Ἀλλ’
1561 1835 1587 1861 οἱ
1613 1835 1660 1871 μὲν
1685 1834 1731 1861 σὺν
1758 1835 1836 1871 αὐτῷ
1860 1836 1923 1874 ἔξυ-

1097 1888 1159 1905 κτον
1174 1878 1205 1905 τὸ
1221 1879 1281 1915 περὶ
1298 1878 1394 1909 αὐτοὺς
1411 1877 1498 1906 δεινὸν
1518 1878 1692 1915 ἐπιστάμενοι
1709 1878 1776 1914 (ἤδη
1798 1881 1856 1917 γὰρ
1880 1880 1920 1907 δικῖ

1098 1923 1112 1949 ὁ
1135 1923 1286 1960 στρατηγὸς
1302 1922 1455 1954 Ῥουτίλιος
1481 1923 1522 1950 ἐπ’
1540 1923 1636 1954 αὐτοὺς
1661 1923 1802 1960 ἤλαυνεν),
1830 1924 1923 1960 ἀλλή-

1097 1966 1162 1998 λους
1177 1970 1235 1998 τοῖς
1250 1968 1350 2007 ξίφεσιν
1366 1965 1479 2006 ἔσφαζον
1495 1969 1517 1986 ²²
1542 1968 1776 2007 ἀπαυχενίσαντας
1791 1970 1816 1987 ²³
1835 1979 1842 1985 ·
1870 1970 1884 1997 ὁ
1900 1968 1924 1996 Ξέ

1097 2011 1221 2049 τερατίας
1250 2011 1351 2043 Εὔνους
1376 2013 1421 2040 καὶ
1447 2012 1587 2050 βασιλεὺς,
1611 2014 1776 2051 καταφυγὼν
1803 2013 1853 2041 Bri
1875 2013 1925 2041 δει-

1098 2056 1158 2084 λίαν
1190 2054 1215 2083 ἓν
1251 2067 1304 2084 τισι
1334 2056 1469 2093 κοιλάσιν,
1498 2056 1655 2092 ἐξειλκύσθη
1687 2056 1744 2094 ἅμα
1777 2062 1924 2095 τεττάρων,

1101 2101 1232 2139 μαγείρου
1247 2101 1292 2129 καὶ
1318 2102 1466 2139 ἀρτοποιοῦ
1482 2103 1526 2129 καὶ
1549 2104 1597 2130 τοῦ
1625 2100 1768 2140 τρίϐοντος
1788 2103 1877 2131 αὐτὸν
1902 2104 1924 2130 ἐν

1099 2150 1138 2183 τῷ
1163 2145 1272 2184 λουτρῷ
1289 2148 1311 2165 ²⁴
1334 2147 1379 2175 καὶ
1407 2147 1535 2184 τετάρτου
1558 2150 1606 2175 τοῦ
1630 2148 1703 2185 παρᾶ
1731 2149 1794 2179 τοὺς
1825 2150 1925 2179 πότους

1100 2192 1226 2223 εἰωθότος
1263 2194 1438 2230 ψυχαγωγεῖν
1468 2192 1559 2221 αὐτόν.
1595 2193 1644 2220 Καὶ
1683 2192 1852 2231 παραδοθεὶς
1890 2194 1924 2223 εἷς

1100 2236 1236 2275 φυλακὴν,
1261 2237 1305 2264 καὶ
1333 2239 1381 2264 τοῦ
1407 2238 1535 2273 σώματος
1564 2238 1649 2265 αὐτοῦ
1678 2237 1858 2270 διαλυθέντος
1890 2239 1925 2268 εἷς

1100 2282 1217 2320 φθειρῶν
1234 2281 1352 2317 πλῆθος,
1369 2281 1479 2313 οἷκείως
1494 2286 1543 2317 τῆς
1559 2283 1621 2320 περὶ
1646 2282 1727 2310 αὐτὸν
1745 2282 1927 2322 ῥᾳδιουργίας

1100 2325 1261 2363 κατέστρεψε
1288 2327 1335 2353 τὸν
1366 2326 1424 2364 βίον
1453 2326 1479 2354 ἐν
1509 2328 1543 2363 τῇ
1575 2327 1755 2365 Μοργαντίνῃ.
1788 2327 1927 2355 Ἐντεῦθεν

1099 2370 1249 2401 Ῥουτίλιος
1266 2370 1416 2408 ἐπιτρέχων
1437 2370 1503 2406 ὅλην
1522 2371 1571 2405 τήν
1588 2370 1716 2398 Σικελίαν
1743 2372 1800 2407 ἅμα
1827 2371 1928 2411 λογάσι

1100 2415 1220 2452 ὀλίγοις,
1237 2416 1331 2443 θᾶττον
1348 2414 1418 2453 ἤπερ
1433 2426 1473 2446 τις
1490 2413 1591 2451 ἤλπισε
1610 2416 1709 2446 παντὸς
1725 2416 1810 2450 αὐτὴν
1841 2417 1926 2452 ἠλευ-

1101 2459 1200 2498 θέρωσε
1238 2460 1397 2498 λῃστηρίου.
1426 2461 1488 2489 ’Ότι
1519 2462 1532 2488 ὁ
1562 2463 1615 2488 τῶν
1648 2462 1810 2489 ἀποστατῶν
1853 2463 1926 2500 βασι-

1101 2505 1164 2537 λεὺς
1189 2504 1289 2538 Εὔνους
1313 2506 1406 2533 ἑαυτὸν
1435 2506 1482 2542 μὲν
1509 2506 1662 2543 Ἀντιόχον,
1687 2507 1792 2544 Σύρους
1818 2505 1851 2535 δὲ
1876 2509 1924 2535 τῶν

1100 2551 1260 2579 ἀποστατῶν
1275 2552 1305 2579 τὸ
1322 2551 1428 2587 πλῆθος
1443 2550 1630 2588 ἐπωνόμασεν.

223 2602 318 2624 cerem
343 2597 504 2632 conjectus,
531 2596 561 2625 in
586 2605 723 2633 magnam
746 2597 947 2634 pediculorum
972 2597 1030 2626 vim
1059 2597 1186 2626 resoluto
1215 2605 1344 2634 corpore,
1376 2597 1453 2634 apud
1479 2597 1692 2634 Morgantinam
1719 2596 1844 2633 dignum
1869 2598 1926 2627 sui:

899 2671 1021 2699 VARl/E
1041 2670 1244 2699 LECTIONES.

260 2722 282 2741 ¹¹
302 2732 332 2749 τε
347 2724 413 2751 add.
435 2726 467 2752 A.

224 2758 335 2786 Amstel
358 2767 364 2786 :
381 2758 422 2786 ὅτι

224 2794 382 2830 ἒξακοσίους

508 2724 666 2771 ίξλροτίλιος
687 2726 719 2771 A‘,
741 2725 973 2771 Rliqod‘o'mannus
991 2724 1160 2771 ξςουπίλιρς.

516 2760 680 2799 ᾖδ’κωμανὸν
750 2761 789 2799 ..⁸⁷
805 2760 908 2799 ὀλίγων
925 2768 945 2799 it
964 2770 970 2789 :
987 2761 1083 2799 ὀλίγον

1199 2725 1222 2743 ¹³
1237 2725 1251 2752 ὁ
1265 2733 1323 2754 om.
1340 2727 1374 2754 Α.
1413 2725 1435 2743 ¹⁴
1461 2723 1495 2752 ιω
1521 2724 1591 2755 αίοις
1606 2725 1757 2752 ἀνεσώσατο
1773 2727 1806 2753 Β.
1849 2728 1871 2745 ¹⁵
1886 2726 1924 2753 ὅτε

1199 2759 1284 2779 imam
1303 2759 1368 2779 ...λιν
1387 2762 1400 2779 Α
1454 2735 1478 2779 ῗο
1492 2736 1520 2779 ἐξ
1542 2762 1596 2779 mm
1628 2763 1642 2779 Α
1697 2762 1720 2779 se
1733 2761 1849 2779 «μνη...
1868 2764 1922 2779 an.

1181 2761 1203 2780 ¹⁸
1216 2759 1284 2804 oﬁ‘d']
1302 2759 1368 2804 μηδ’
1382 2762 1415 2791 Α.
1438 2796 1444 2804 1
1454 2759 1478 2779 λθ
1492 2759 1521 2788 δὲ
1542 2762 1609 2804 add:
1697 2761 1849 2804 ’ἶχιλίους
1863 2764 1922 2791 AB:

478 2797 499 2814 ²¹
515 2795 625 2834 ἔφευγεν
639 2798 672 2826 Α,
711 2798 734 2815 ²²
748 2795 873 2838 ἔσφαζον]
889 2796 1002 2837 ἔφθαζον
1022 2795 1068 2835 γρ.
1085 2795 1118 2825 Βῖ
1154 2797 1177 2816 ³³
1192 2795 1551 2835 ωαὶίῐῇἀπαυχενίσαντες.
1589 2797 1612 2816 ³⁵
1627 2795 1782 2835 λοετρῷἝ.
