4066 6216
221 346 380 406 1413

1281 342 1823 406 BlBLlOTHECA.
1873 375 1946 390 —
1990 345 2166 406 COD.
2214 346 2514 412 CCXLIV.

3479 359 3636 422 1414

221 477 550 534 temerariis
581 476 742 532 ausis
773 479 980 531 nactus
1027 479 1118 532 est
1167 477 1294 531 vitae
1345 477 1588 532 exitum.
1622 477 1826 532 Postea
1878 493 2012 544 vero,
2043 477 2317 547 Rutilius,
2367 485 2488 536 tota
2537 483 2732 540 Sicilia
2781 501 2916 542 cum
2965 503 3140 559 parva
3187 505 3372 564 eaque
3427 491 3639 550 seleeta

221 583 406 622 manu
436 566 680 623 celerius
709 565 976 621 omnium
1009 581 1112 637 spe
1145 572 1466 640 peragrata,
1501 584 1534 621 a
1565 567 1936 638 praedonibus
1966 584 2092 623 eam
2116 569 2354 626 omnino
2383 569 2673 630 liberavit.

879 654 972 708 Ἐκ
999 658 1098 709 τοῦ
1129 651 1230 724 λζ’.

292 747 416 798 Ὅτι
449 743 554 797 ὑπὸ
599 741 727 804 τοὺς
761 743 957 804 αὐτοὺς
1009 743 1244 817 χρόνους
1287 743 1338 798 ἐν
1388 745 1596 818 Ῥώμῃ,
1627 746 1742 798 καθ’
1795 744 1886 806 οὓς

221 833 434 907 Μάριος
471 834 564 904 μὲν
613 833 741 895 τοὺς
786 833 924 886 κατά
967 828 1180 904 Λιϐύην
1237 833 1482 908 βασιλεῖς
1535 833 1744 906 Βόκχον
1795 835 1886 887 καὶ

223 919 570 995 Ἰουγούρθαν
637 921 1060 994 κατεπολέμησε
1129 921 1342 998 μεγάλῃ
1415 923 1728 996 παρατάξει,
1794 923 1886 978 καὶ

222 1009 440 1072 πολλὰς
501 1011 597 1082 μὲν
661 1015 770 1066 τῶν
831 1005 1046 1065 Λιϐύων
1116 1009 1382 1087 μυριάδας
1449 1009 1680 1081 ἀνεῖλεν,
1739 1009 1886 1067 ὕστε-

227 1120 320 1174 ρον
382 1097 440 1154 δὲ
507 1099 666 1154 αὐτὸν
722 1099 1032 1175 Ἰογούρθαν
1063 1103 1107 1138 ’⁵
1165 1100 1546 1178 συλληφθέντα
1601 1103 1764 1176 [1172
1792 1104 1886 1174 R.]

229 1191 333 1246 ὑπὸ
368 1192 610 1264 Βόκχου,
651 1189 788 1245 ὥστε
817 1197 1005 1266 τυχεῖν
1041 1193 1370 1267 συγγνώμης
1415 1192 1558 1266 παρά
1599 1192 1888 1266 Ῥωμαίων

229 1279 364 1356 ὑπὲρ
397 1279 470 1333 ὧν
505 1277 688 1340 αὐτοῖς
728 1280 958 1350 κατέστη
1009 1282 1148 1355 πρὸς
1197 1279 1470 1354 πόλεμον,
1511 1277 1698 1336 λαϐὼν
1747 1279 1888 1336 ἐκεῖ-

225 1371 316 1423 θεν
363 1369 726 1443 αἰχμάλωτον
781 1370 922 1447 εἶχε,
957 1369 1235 1447 μεγίστοις
1297 1367 1352 1425 δὲ
1409 1371 1712 1444 πταίσμασι
1769 1376 1886 1432 τοῖς

224 1459 362 1514 κατὰ
423 1457 686 1520 Γαλατίαν
761 1463 870 1514 τῶν
960 1455 1224 1532 Κίμϐρων
1293 1460 1690 1534 πολεμούντων
1757 1462 1890 1516 Ῥω-

229 1554 382 1618 μαῖοι
435 1549 562 1618 [631
781 1548 1160 1621 περιπεσόντες
1228 1550 1502 1622 ἠθύμουν,
1563 1551 1698 1604 κατά
1754 1549 1880 1612 τοὺς

229 1637 426 1698 αὐτοὺς
483 1636 720 1715 χρόνους
768 1639 902 1705 ἧκόν
955 1657 1094 1698 τινες
1134 1638 1240 1692 ἀπὸ
1294 1637 1552 1700 Σικελίας
1591 1639 1883 1694 ἀπόστασιν

229 1723 600 1800 ἀγγέλλοντες
633 1725 859 1780 οἰκετῶν
918 1726 993 1788 εἰς
1045 1725 1258 1788 πολλὰς
1317 1729 1734 1804 ἀριθμουμένων
1787 1749 1888 1800 μυ-

233 1811 442 1887 ριάδας.
478 1815 554 1871 0-5
598 1813 1096 1888 προσαγγελθέντος
1148 1815 1200 1870 ἐν
1243 1816 1432 1890 πολλῇ
1477 1817 1784 1892 περιστάσει
1825 1820 1887 1872 τὸ

231 1903 540 1976 Ῥωμαϊκὸν
587 1905 724 1958 ἅπαν
777 1903 1136 1976 συνεχόμενον
1199 1902 1450 1974 διετέλει,
1501 1905 1576 1969 ὡς
1625 1905 1684 1960 ἂν
1727 1926 1885 1980 στρα-

1913 667 1964 728 Α

2561 663 2643 717 Ea:
2675 661 2822 720 libro
2857 682 3066 722 xxxvu.

2069 749 2278 804 Eodem
2313 753 2572 823 tempore
2617 770 2732 824 quo
2778 757 2994 812 Marius
3043 756 3244 812 Africa
3287 775 3450 830 reges
3497 761 3642 816 Boc-

1999 835 2170 893 chum
2206 843 2262 893 et
2291 843 2640 912 Jugurtham
2675 860 2886 916 magno
2919 846 3115 917 praelia
3147 847 3558 914 debellaverat,
3589 855 3646 904 et

1993 927 2264 982 Afrorum
2315 929 2548 986 infinita
2595 949 2772 1004 prope
2824 934 3010 990 millia
3081 937 3388 1005 occiderat,
3447 936 3640 1007 ipsum

1995 1015 2205 1072 deinde
2231 1017 2582 1088 Jugurtbam
2633 1023 2688 1090 (a
2719 1023 2936 1079 Boccho
2987 1025 3495 1096 comprehensum,
3528 1026 3642 1081 sibi

1996 1109 2333 1175 susceptum
2385 1108 2664 1166 adversus
2715 1111 2936 1166 bellum
2988 1113 3300 1170 condonari
3353 1114 3638 1186 cupiente)

1993 1193 2286 1264 captivum
2318 1194 2652 1268 abduxerat,
2679 1216 2792 1270 quo
2817 1200 2956 1256 item
2989 1201 3232 1257 Romani
3265 1219 3466 1274 graves
3485 1205 3639 1275 apud

1993 1281 2236 1338 Galliam
2270 1285 2328 1339 in
2368 1286 2657 1344 Cimbrico
2709 1289 2860 1345 bello
2893 1289 3084 1347 clades
3125 1309 3239 1348 non
3275 1293 3401 1349 sine
3433 1309 3642 1365 magno

1994 1372 2188 1429 dolore
2221 1381 2600 1447 acceperant:
2647 1380 2874 1448 eodem,
2925 1380 3186 1451 inquam,
3231 1387 3492 1454 tempore
3523 1383 3645 1438 Ro-

1994 1475 2150 1516 mam
2191 1463 2555 1520 advenerunt
2583 1467 2817 1535 quidam
2852 1484 2881 1523 e
2911 1467 3129 1536 Sicilia,
3163 1471 3414 1540 plurima
3447 1487 3646 1527 servo-

1995 1567 2126 1605 rum
2159 1550 2340 1606 millia
2370 1554 2652 1610 defecisse
2686 1557 3041 1614 nuntiantes.
3077 1559 3196 1623 Quo
3227 1563 3458 1630 accepto
3489 1578 3644 1616 nun-

1993 1639 2096 1706 tio,
2129 1641 2382 1696 summis
2413 1643 2472 1697 in
2505 1646 2792 1716 angustiis
2839 1651 2996 1702 totus
3051 1649 3302 1719 populus
3343 1652 3643 1704 Romanus

1994 1732 2212 1786 versari
2228 1733 2422 1804 cmpit,
2451 1739 2648 1804 utpote
2671 1736 2760 1790 cui
2790 1736 3046 1792 militum
3069 1739 3425 1794 delectorum
3441 1739 3644 1809 60,000

1995 1819 2056 1875 in
2088 1819 2239 1878 bello
2271 1823 2541 1879 adversus
2573 1823 2838 1882 Cimbros
2871 1827 3016 1897 apud
3053 1827 3298 1884 Galliam
3331 1828 3643 1884 occubuis-

1994 1915 2150 1975 sent,
2185 1927 2290 1966 nec
2321 1911 2392 1966 de
2427 1913 2650 1985 integro
2705 1931 2902 1986 parem
2953 1916 3270 1972 exercitum
3307 1917 3363 1972 in
3413 1918 3648 1990 expedi-

227 1997 444 2047 τιωτῶν
481 1989 780 2047 ἐπιλέκτων
835 1989 1027 2066 σχεδὸν
1080 1993 1476 2068 ἑξακισμυρίων
1519 1993 1568 2048 ἐν
1619 1999 1698 2067 τῷ
1752 1997 1888 2070 πρὸς

2007 1999 2214 2056 tionem
2246 2001 2492 2056 educere
2523 1983 2738 2072 posset.

235 2078 524 2160 Κίμϐρους
582 2083 719 2138 κατᾶ
805 2083 1068 2138 Γαλατίαν
1139 2083 1374 2157 πολέμῳ
1451 2081 1830 2156 διολωλότων,
1889 2088 1978 2142 καὶ
2056 2087 2274 2162 ἀπόρων
2332 2083 2500 2145 ὅντων
2579 2089 2662 2145 sic
2735 2091 3050 2163 ἀποστολὴν
3123 2097 3469 2168 στρατιωτῶν
3545 2094 3644 2150 λοσ-

233 2171 434 2250 γάδων.

305 2263 416 2336 ΙΙρὸ
459 2259 514 2316 δὲ
551 2269 650 2332 τῆς
698 2263 834 2318 κατὰ
861 2264 960 2332 τήν
996 2265 1042 2300 ²⁶
1093 2263 1345 2320 Σικελίαν
1375 2269 1482 2320 τῶν
1533 2263 1746 2320 δούλων
1789 2267 1880 2321 ἐπ-

233 2352 568 2414 αναστάσεως
644 2351 893 2428 ἐγένοντο
967 2354 1104 2408 κατᾶ
1177 2355 1276 2424 τὴν
1346 2354 1580 2411 Ἰταλίαν
1656 2354 1879 2419 πλείους

231 2441 552 2503 ἀποστάσεις
611 2439 992 2518 ὀλιγοχρόνιοι
1051 2442 1142 2497 καὶ
1222 2444 1432 2518 μικραὶ,
1489 2446 1726 2520 καθάπερ
1784 2448 1882 2500 τοῦ

235 2528 526 2604 δαιμονίου
591 2530 1064 2603 προσημαίνοντος
1117 2530 1182 2585 τὸ
1243 2529 1470 2606 μέγεθος
1535 2535 1634 2600 τῆς
1691 2531 1886 2605 ἐσομέ-

232 2641 328 2690 νης
365 2623 406 2655 ²“²
455 2618 590 2674 κατά
635 2621 736 2688 τήν
781 2617 1032 2674 Σικελίαν
1083 2617 1517 2688 ἐπαναστάσεως,
1557 2623 1750 2696 πρώτη
1787 2622 1883 2693 μὲν

233 2712 268 2778 ἡ
327 2709 450 2784 περὶ
509 2709 828 2780 Νουκερίαν,
882 2709 1170 2784 τριάκοντα
1244 2709 1467 2765 οἰκετῶν
1546 2712 1886 2784 συνωμοσίαν

235 2801 622 2872 ποιησαμένων
653 2797 743 2852 καὶ
794 2797 934 2872 ταχὺ
983 2797 1380 2866 κολασθέντων,
1417 2795 1634 2874 δευτέρα
1681 2802 1715 2869 ἡ
1764 2800 1886 2870 περὶ

235 2889 336 2956 τήν
397 2888 640 2956 Καπύην,
701 2885 990 2941 διακοσίων
1051 2887 1278 2942 οἰκετῶν
1333 2887 1740 2944 ἐπαναστάντων
1799 2889 1888 2942 καὶ

231 2978 379 3050 ταχὺ
432 2973 864 3032 καταλυθέντων.
899 2976 1068 3050 Τρίτη
1124 2973 1180 3030 δὲ
1211 2975 1512 3050 παράδοξος
1557 2976 1746 3054 γέγονέ
1783 2999 1886 3041 τις.

236 3071 334 3122 Ἤν
373 3065 528 3128 Τίτος
579 3063 927 3136 Μενουίτιος,
962 3065 1158 3128 ἱππεὺς
1210 3067 1303 3138 μὲν
1353 3068 1664 3140 Ῥωμαίων,
1721 3088 1893 3144 μεγα-

237 3153 558 3210 λοπλούτου
609 3151 666 3208 δὲ
715 3155 921 3226 πατρὸς
969 3159 1117 3217 παῖς.
1161 3155 1334 3218 Οὗτος
1381 3157 1592 3229 ἠράσθη
1635 3159 1894 3229 θεραπαι-

234 3242 381 3305 νίδος
439 3241 762 3318 ἀλλοτρίας,
819 3241 1014 3299 κάλλει
1090 3241 1474 3318 διαφερούσης.
1541 3244 1892 3318 Συμπλακείς

239 3332 280 3354 δ’

233 3423 556 3498 ἐξηγόρασεν
597 3421 788 3492 αὐτὴν,
839 3422 988 3477 οὕτω
1026 3426 1122 3478 τοῦ
1146 3426 1192 3460 ²⁹
1230 3443 1288 3478 τε
1337 3421 1646 3497 μανιώδους
1691 3423 1892 3500 ἔρωτος

241 3513 570 3588 βιαζομένου
617 3513 708 3566 καὶ
769 3515 867 3566 τοῦ
907 3513 1098 3584 κυρίου
1157 3519 1256 3581 τῆς
1315 3514 1485 3586 κόρης
1541 3515 1638 3580 τὴν
1699 3521 1894 3588 πρᾶσιν

245 3599 412 3676 μόλις
467 3599 912 3672 κατανεύσαντος,
965 3598 1248 3656 ταλάντων
1297 3602 1556 3657 Ἀττικῶν
1605 3603 1758 3675 ams,
1807 3605 1898 3658 καὶ

249 3691 450 3768 χρόνον
481 3688 648 3764 ὥρισε
689 3691 806 3744 καθ’
851 3691 908 3744 ’ὀν
941 3691 1186 3746 ἀποτίσει
1233 3691 1294 3744 τὸ
1343 3690 1506 3765 χρέος
1537 3709 1549 3722 ⁶
1592 3691 1900 3748 ἐπιστεύετο

256 3778 314 3835 δὲ
361 3777 450 3834 διὰ
497 3783 594 3850 τήν
654 3781 906 3854 πατρῴαν
957 3780 1292 3856 περιουσίαν.
1339 3779 1654 3843 Ἐνστάντος
1703 3777 1760 3835 δέ
1807 3785 1902 3836 τοῦ

242 3868 588 3942 ὁρισθέντος,
633 3871 722 3924 καὶ
781 3871 856 3942 μή
908 3866 1054 3944 ἔχων
1101 3865 1414 3937 ἀποδοῦναι,
1449 3867 1613 3926 πάλιν
1658 3866 1808 3939 ἔταξε
1855 3868 1908 3924 λ’

250 3961 474 4032 ἡμερῶν
526 3959 878 4034 προθεσμίαν.
914 3960 1002 4019 Ὧς
1051 3956 1108 4012 δὲ
1147 3957 1236 4013 καὶ
1275 3959 1476 4029 ταύτης
1525 3957 1818 4030 ἐπιστάσης
1853 3959 1902 4012 οἱ

253 4035 350 4122 μέν
382 4047 644 4122 ἀπῄτουν,
675 4049 702 4102 ὁ
731 4046 788 4102 δέ
825 4045 978 4102 οὐδὲν
1011 4047 1176 4102 πλέον
1211 4048 1354 4122 εἶχεν
1383 4046 1576 4116 ἀνύειν,
1613 4049 1640 4103 ὁ
1690 4045 1736 4102 δ’
1767 4043 1902 4122 ἔρως

243 4139 510 4212 ἤκμαζεν,
571 4137 896 4214 ἐπεχείρησε
971 4137 1157 4213 πράξει
1233 4137 1688 4214 παραλογωτάτῃ.
1749 4139 1900 4194 Ἐπι-

243 4222 494 4283 ϐουλεύει
549 4228 652 4301 μὲν
701 4229 802 4303 γὰρ
833 4229 958 4289 τοὺς
1011 4229 1386 4298 ἀπαιτοῦντας,
1438 4229 1612 4300 ἐαυτῷ
1657 4225 1712 4282 δὲ
1765 4249 1898 4302 μον-

253 4318 494 4392 αρχικήν
589 4317 836 4390 ἐξουσίαν
937 4317 1244 4390 περιέθηκε.
1345 4319 1724 4393 Συναγοράσας
1799 4317 1900 4392 γὰρ

249 4405 600 4468 πεντακοσίας
649 4405 974 4476 πανοπλίας,
1031 4407 1120 4460 καὶ
1169 4407 1366 4484 χρόνον
1419 4413 1518 4476 τῆς
1561 4413 1730 4479 τιμῆς
1773 4428 1900 4462 συν-

247 4497 432 4565 τάξας,
465 4495 556 4550 καὶ
603 4497 930 4561 πιστευθεὶς,
981 4495 1153 4570 λάθρα
1183 4497 1317 4569 πρὸς
1361 4493 1524 4570 ἀγρόν
1555 4517 1674 4551 τινα
1721 4517 1899 4572 παρα-

247 4586 482 4658 κομίσας
529 4585 657 4648 τοὺς
704 4584 876 4648 ἰδίους
927 4585 1162 4640 ἀνέσεισε
1191 4587 1237 4622 ⁸ο
1285 4589 1418 4659 πρὸς
1477 4585 1767 4640 ἀπόστασιν
1823 4587 1900 4642 οἰ-

2060 2273 2340 2326 Ceterum
2373 2278 2504 2327 ante
2535 2271 2692 2328 hunc
2723 2273 2779 2328 in
2831 2274 3028 2331 Sicilia
3065 2273 3476 2334 rebellantium
3507 2289 3638 2333 ser-

1991 2375 2194 2414 vorum
2235 2359 2552 2417 tumultum
2587 2360 2732 2418 tales
2763 2363 2896 2420 etin
2931 2363 3088 2420 Italia
3119 2363 3346 2420 excitati
3381 2365 3634 2436 fuerant,

1993 2448 2094 2504 sed
2127 2449 2284 2518 parvi
2307 2465 2374 2505 ac
2403 2448 2642 2507 minime
2672 2451 2931 2508 diuturni
2955 2470 2969 2506 :
2989 2453 3424 2520 velutnumiue,
3459 2470 3637 2525 quam

1995 2541 2158 2593 atrox
2201 2537 2396 2594 futura
2443 2543 2598 2595 esset
2645 2540 2700 2594 in
2735 2541 2932 2597 Sicilia
2979 2541 3238 2608 rebellio,
3287 2543 3638 2614 praesigniﬁ-

1995 2633 2184 2682 cante.
2238 2627 2468 2682 Primus
2517 2636 2706 2684 autem
2755 2631 2912 2701 apud
2961 2629 3272 2686 Nuceriam
3321 2631 3642 2701 exstiterat,

1996 2731 2130 2771 cum
2181 2715 2426 2786 triginta
2482 2717 2632 2772 servi
2692 2719 3158 2788 coniurationem
3237 2719 3532 2784 fecissent,
3590 2723 3648 2774 et

1997 2804 2436 2876 quamprimum
2471 2821 2668 2876 prunas
2699 2807 3022 2864 dedissent.
3075 2807 3378 2864 Secundus
3417 2807 3646 2877 Capuae,

1999 2910 2131 2949 cum
2167 2894 2398 2950 ducenti
2420 2897 2570 2950 servi
2603 2896 3004 2963 rebellassent,
3039 2913 3104 2952 ac
3135 2897 3260 2954 sine
3284 2913 3446 2952 mora
3477 2896 3650 2952 deleti

2001 2981 2266 3039 fuissent.
2302 2983 2530 3040 Tertius
2577 2989 2772 3040 autem
2825 2986 2972 3042 miro
3015 2987 3268 3057 quodam
3302 2989 3532 3042 exortus
3561 2988 3650 3042 est

2005 3073 2196 3127 modo.
2219 3075 2351 3127 Erat
2369 3073 2607 3144 quidam
2632 3073 2796 3130 Titus
2819 3074 3104 3132 Miuutius
3127 3091 3300 3145 eques
3329 3079 3647 3143 Romanus,

2003 3165 2061 3217 et
2089 3161 2386 3232 praedivite
2417 3165 2590 3218 natus
2641 3167 2821 3234 patre,
2871 3165 2970 3236 qui
3021 3163 3221 3222 alienae
3275 3165 3500 3220 famulis
3533 3165 3652 3220 foro

2005 3251 2350 3306 mosissimaa
2372 3267 2566 3306 amore
2585 3259 2810 3321 captus,
2831 3257 2892 3307 ut
2917 3254 2972 3308 in
2987 3255 3116 3324 ejus
3139 3256 3474 3325 amplexum
3499 3253 3656 3310 veni-

235 3332 280 3388 δ’
329 3333 468 3406 αύτῇ
519 3333 604 3388 καὶ
641 3333 691 3368 ³⁸
737 3333 816 3396 εἰς
856 3329 1032 3407 ἔρωτα
1079 3330 1384 3408 παράδοξον
1433 3335 1598 3404 αὐτῆς
1649 3334 1893 3408 ἐμπεσὼν

2009 3343 2098 3394 ret
2127 3338 2336 3394 effecit.
2385 3339 2811 3396 Tandemvero
2855 3341 2938 3396 ita
2986 3359 3112 3398 eam
3155 3343 3412 3414 deperire
3461 3341 3654 3413 coepit,

2006 3435 2068 3483 ut
2099 3445 2132 3482 a
2178 3427 2416 3484 domino
2451 3427 2612 3486 illius
2644 3436 2866 3502 septem
2909 3429 3144 3486 talentis
3173 3431 3377 3487 Atticis
3415 3435 3656 3500 emeret,

2005 3533 2140 3574 cum
2172 3519 2242 3574 ad
2271 3519 2418 3574 hanc
2447 3519 2798 3590 emptionem
2833 3535 2966 3575 cum
2999 3521 3218 3576 amoris
3249 3520 3480 3576 insania
3501 3537 3654 3577 com-

2009 3606 2262 3678 pelleret,
2297 3623 2474 3678 quam
2505 3623 2654 3680 aegre
2695 3608 2916 3679 alioqui
2945 3627 2976 3663 a
3007 3609 3240 3664 domino
3271 3609 3462 3664 387a
3493 3609 3656 3664 illius

2009 3695 2378 3764 impetrabat.
2422 3695 2532 3750 Sed
2579 3695 2674 3751 illa
2725 3696 2820 3751 ubi
2863 3697 3116 3764 advenit,
3167 3697 3334 3768 isque
3383 3695 3654 3753 solvendo

2013 3801 2128 3841 nou
2152 3789 2324 3850 esset,
2365 3793 2426 3838 ut
2455 3783 2566 3840 sibi
2599 3785 2722 3840 dies
2761 3785 2998 3852 triginta
3029 3793 3476 3856 prorogarentur
3503 3785 3654 3840 obti-

2014 3871 2162 3928 nuit.
2195 3871 2448 3925 Rursum
2473 3870 2660 3926 ethoc
2689 3871 2874 3942 spatio
2893 3877 3112 3938 exacto,
3133 3887 3265 3926 cum
3299 3869 3393 3925 ille
3425 3877 3655 3941 pactum

2015 3959 2266 4032 pretium
2301 3959 2570 4028 exigeret,
2602 3958 2695 4014 hic
2729 3959 2950 4014 nullam
2993 3959 3254 4016 solvendi
3291 3959 3540 4015 nominis
3571 3977 3658 4015 ra-

2015 4049 2231 4105 tionem
2265 4047 2410 4102 inire
2443 4051 2660 4118 posset,
2705 4049 2924 4104 interea
2975 4064 3106 4104 vero
3147 4065 3308 4104 amor
3339 4048 3656 4105 invalesce-

2011 4142 2119 4204 ret,
2151 4153 2364 4194 novum
2397 4141 2452 4192 et
2482 4137 2812 4192 inauditum
2843 4137 3072 4194 facinus
3102 4153 3412 4210 aggressus
3443 4141 3550 4193 est.
3579 4137 3656 4193 Iis

2011 4227 2166 4284 enim
2198 4227 2296 4298 qui
2331 4226 2590 4282 debitum
2635 4227 2962 4299 exigebant,
3011 4228 3256 4284 insidias
3295 4231 3542 4295 struere,
3599 4230 3660 4282 et

2013 4315 2448 4373 monarchicam
2482 4317 2797 4387 quamdam
2847 4317 3169 4388 potentiam
3213 4315 3320 4372 sibi
3353 4331 3656 4372 assumere

2011 4407 2284 4463 instituit.
2319 4409 2464 4462 Nam
2497 4405 2781 4477 coemptis
2805 4407 3138 4478 quingentis
3169 4405 3482 4478 panopliis,
3509 4409 3660 4461 tem-

2011 4514 2122 4570 pus
2155 4496 2321 4568 pretii
2357 4495 2736 4566 persolutioni
2767 4496 3015 4566 praefixit
3048 4497 3274 4566 fideque
3321 4497 3658 4566 impetrata,

2012 4603 2112 4643 eos
2143 4585 2470 4642 clanculum
2505 4586 2562 4640 in
2595 4601 2800 4656 agrum
2835 4585 3150 4656 quemdam
3183 4586 3527 4642 deferendas
3555 4601 3658 4640 eu-

249 4673 431 4744 κέτας,
481 4677 862 4748 τετρακοσίους
912 4671 1090 4737 ὄντας.
1145 4675 1272 4730 Εἶτα
1321 4669 1612 4730 ἀναλαϐὼν
1663 4673 1893 4750 διάδημα

2013 4676 2184 4732 ravit.
2217 4675 2435 4732 Deinde
2468 4693 2600 4732 cum
2633 4693 2772 4732 suos
2803 4692 2996 4732 servos
3025 4677 3095 4732 ad
3139 4676 3518 4732 defectionem
3553 4673 3666 4730 sol-

251 4763 344 4818 καὶ
393 4758 752 4838 περιϐόλαιον
803 4765 1110 4840 πορφυροῦν
1155 4762 1244 4816 καὶ
1295 4757 1646 4838 ῥαϐδούχους
1693 4765 1781 4818 καὶ
1839 4765 1907 4818 τά

257 4851 404 4908 ἅλλα
463 4849 675 4926 εύσημα
707 4855 750 4889 ³1
811 4859 909 4922 τῆς
971 4853 1174 4929 ἀρχῆς,
1232 4852 1322 4906 καὶ
1381 4850 1608 4926 βασιλέα
1645 4853 1831 4909 ἑαυτὸν
1863 4855 1909 4890 ³³

254 4943 538 5018 συνεργείᾳ
575 4947 683 4998 τῶν
739 4939 950 4997 δούλων
985 4939 1279 5011 ἀναδείξας,
1309 4940 1438 5002 τοὺς
1491 4943 1585 5014 μὲν
1627 4941 1911 4998 ἀπαιτοῦν-

253 5053 352 5094 τας
391 5033 490 5101 τῆν
537 5032 708 5105 τιμὴν
757 5037 858 5100 τῆς
905 5029 1074 5104 κόρης
1143 5025 1401 5103 ῥαϐδίσας
1450 5029 1782 5100 ἐπελέκισεν,
1831 5032 1912 5100 ἐξ-

257 5120 492 5182 οπλίσας
545 5117 602 5175 δὲ
653 5117 780 5182 τοὺς
829 5118 1042 5182 οἰκέτας
1092 5116 1248 5192 ἐπῄει
1296 5117 1390 5181 τας
1443 5117 1696 5195 σύνεγγυς
1746 5119 1912 5174 ἐπαύ-

481 5209 574 5264 καὶ
660 5209 786 5272 τοὺς
873 5209 968 5283 μὲν
1040 5208 1342 5282 προθύμως
1423 5211 1913 5288 συναφισταμένους

967 5299 1424 5376 ἀντιπράττοντας
1485 5297 1692 5374 ἀνῂρει.
1767 5297 1916 5373 Ταχὺ

257 5211 396 5280 λεις,

255 5299 594 5374 καθώπλιζε,
653 5299 788 5356 τουσ
843 5297 891 5354 δ’

2013 4766 2317 4832 licitasset,
2348 4781 2588 4822 numero
2622 4765 3104 4838 quadringentos,
3135 4765 3364 4837 sibique
3395 4765 3666 4819 diadema

2017 4854 2414 4926 imposuisset,
2431 4871 2749 4926 purpuram
2770 4871 3001 4926 quoque
3023 4871 3152 4910 cum
3178 4853 3308 4910 aliis
3337 4851 3668 4924 insignibus

2019 4943 2172 5016 regis
2201 4945 2643 5014 assumpsisset,
2695 4945 3050 5015 tandemque
3097 4959 3392 4999 servorum
3449 4941 3666 4998 auxilio

2019 5049 2218 5105 regem
2251 5049 2310 5089 se
2360 5033 2784 5100 constituisset,
2819 5033 3070 5105 primum
3129 5033 3366 5104 quidem
3425 5047 3520 5088 eos
3571 5030 3672 5102 qui

2023 5127 2262 5196 pactum
2313 5121 2560 5194 pretium
2623 5121 2950 5194 exigebant,
3009 5122 3190 5194 virgis
3251 5137 3428 5178 caesos
3486 5119 3676 5178 securi

2023 5210 2356 5283 percussit:
2409 5213 2612 5282 postea
2642 5226 2772 5266 vero
2803 5227 2935 5266 cum
2969 5227 3076 5267 sua
3135 5209 3234 5268 illa
3291 5209 3528 5267 servitia
3585 5225 3676 5266 ar-

2027 5309 2265 5368 masset,
2297 5299 2519 5356 vicinas
2549 5299 2716 5356 villas
2745 5315 3056 5373 peragrare
3083 5299 3316 5372 placuit,
3357 5301 3415 5356 in
3457 5298 3674 5372 quibus

1589 5466 1836 5523 VARI/ﬁ
1875 5466 2280 5524 LECTIONES.

337 5617 388 5708 ξε
409 5613 782 5708 Ἰουγούρθασχ]
813 5611 1040 5708 ἶρυργάν
1193 5682 1221 5702 ν
1247 5615 1292 5652 εδ
1317 5615 1418 5708 τήν
1453 5613 1598 5708 εὰός

262 5685 642 5764 ἀνέστησέςζ
723 5685 866 5745 ³ι’τᾶι
895 5685 1042 5744 ἄλλα
1069 5685 1135 5744 τὰ
1165 5685 1278 5745 εὕσ.
1309 5691 1376 5745 Α.
1451 5687 1495 5723 ³¹
1539 5685 1698 5742 αὐτὸν
1727 5689 1785 5742 Β.

1778 5613 1822 5648 ³⁷
1851 5611 2126 5687 ἑπομένης
2159 5618 2216 5666 Β.

2331 5611 2376 5650 ³⁸
2407 5609 2496 5667 καὶ
2527 5619 2586 5672 et

2683 5615 2730 5652 ²⁹
2755 5617 2854 5670 τοῦ
2901 5615 3032 5674 add.
3071 5617 3140 5675 Α.
3243 5615 3292 5651 ³ο
3319 5613 3550 5672 ἀνέσεισε
3581 5619 3624 5672 Α
3661 5634 3675 5676 ι
