  <div class='ocr_page' id='page_1' title='image "/cluster/home/n/w/nwhite01/storage/ocr_20150623/103/hvd.32044054112495/727.png"; bbox 0 0 4066 6216; ppageno 0'>
   <div class='ocr_carea' id='block_1_1' title="bbox 436 366 590 426">
    <p class='ocr_par' dir='ltr' id='par_1_1' title="bbox 436 366 590 426">
     <span class='ocr_line' id='line_1_1' title="bbox 436 366 590 426; baseline -0.006 0"><span class='ocrx_word' id='word_1_1' title='bbox 436 366 590 426; x_wconf 78' lang='grc'><strong>1415</strong></span> 
     </span>
    </p>
   </div>
   <div class='ocr_carea' id='block_1_2' title="bbox 1634 351 2633 416">
    <p class='ocr_par' dir='ltr' id='par_1_2' title="bbox 1634 351 2633 416">
     <span class='ocr_line' id='line_1_2' title="bbox 1634 351 2633 416; baseline -0.004 -1"><span class='ocrx_word' id='word_1_2' title='bbox 1634 355 1895 415; x_wconf 83' lang='lat' dir='ltr'>PHOTll</span> <span class='ocrx_word' id='word_1_3' title='bbox 1942 353 2474 416; x_wconf 60' lang='lat' dir='ltr'>PATRIARCHE</span> <span class='ocrx_word' id='word_1_4' title='bbox 2517 351 2633 413; x_wconf 84' lang='lat' dir='ltr'>GP.</span> 
     </span>
    </p>
   </div>
   <div class='ocr_carea' id='block_1_3' title="bbox 3692 352 3825 411">
    <p class='ocr_par' dir='ltr' id='par_1_3' title="bbox 3692 352 3825 411">
     <span class='ocr_line' id='line_1_3' title="bbox 3692 352 3825 411; baseline 0 -2"><span class='ocrx_word' id='word_1_5' title='bbox 3692 352 3825 411; x_wconf 68' lang='grc'>1416</span> 
     </span>
    </p>
   </div>
   <div class='ocr_carea' id='block_1_4' title="bbox 435 478 2085 569">
    <p class='ocr_par' dir='ltr' id='par_1_4' title="bbox 435 487 2078 569">
     <span class='ocr_line' id='line_1_4' title="bbox 435 487 2078 569; baseline -0.008 -14"><span class='ocrx_word' id='word_1_6' title='bbox 435 515 533 555; x_wconf 92' lang='lat' dir='ltr'>eos</span> <span class='ocrx_word' id='word_1_7' title='bbox 563 497 664 569; x_wconf 87' lang='lat' dir='ltr'>qui</span> <span class='ocrx_word' id='word_1_8' title='bbox 692 511 754 552; x_wconf 92' lang='lat' dir='ltr'>se</span> <span class='ocrx_word' id='word_1_9' title='bbox 787 495 1050 565; x_wconf 90' lang='lat' dir='ltr'>prompto</span> <span class='ocrx_word' id='word_1_10' title='bbox 1080 492 1136 546; x_wconf 88' lang='lat' dir='ltr'>et</span> <span class='ocrx_word' id='word_1_11' title='bbox 1164 488 1336 545; x_wconf 87' lang='lat' dir='ltr'>alacri</span> <span class='ocrx_word' id='word_1_12' title='bbox 1368 488 1563 544; x_wconf 88' lang='lat' dir='ltr'>animo</span> <span class='ocrx_word' id='word_1_13' title='bbox 1587 488 1776 544; x_wconf 90' lang='lat' dir='ltr'>socios</span> <span class='ocrx_word' id='word_1_14' title='bbox 1808 487 2078 544; x_wconf 85' lang='lat' dir='ltr'>defectio-</span> 
     </span>
    </p>
   </div>
   <div class='ocr_carea' id='block_1_5' title="bbox 2195 478 3831 569">
    <p class='ocr_par' dir='ltr' id='par_1_5' title="bbox 2195 478 3831 559">
     <span class='ocr_line' id='line_1_5' title="bbox 2195 478 3831 559; baseline -0.004 -19"><span class='ocrx_word' id='word_1_15' title='bbox 2195 483 2250 539; x_wconf 77' lang='grc' dir='ltr'>δὲ</span> <span class='ocrx_word' id='word_1_16' title='bbox 2300 483 2617 559; x_wconf 87' lang='grc' dir='ltr'>συναγαγὼν</span> <span class='ocrx_word' id='word_1_17' title='bbox 2669 481 3002 557; x_wconf 74' lang='grc' dir='ltr'>στρατιώτας</span> <span class='ocrx_word' id='word_1_18' title='bbox 3047 478 3268 543; x_wconf 86' lang='grc' dir='ltr'>πλείους</span> <span class='ocrx_word' id='word_1_19' title='bbox 3315 485 3424 536; x_wconf 89' lang='grc' dir='ltr'>τῶν</span> <span class='ocrx_word' id='word_1_20' title='bbox 3476 480 3831 551; x_wconf 71' lang='grc' dir='ltr'>ἑπτακοσίων,</span> 
     </span>
    </p>
   </div>
   <div class='ocr_carea' id='block_1_6' title="bbox 438 578 2081 657">
    <p class='ocr_par' dir='ltr' id='par_1_6' title="bbox 438 578 2081 657">
     <span class='ocr_line' id='line_1_6' title="bbox 438 578 2081 657; baseline -0.007 -13"><span class='ocrx_word' id='word_1_21' title='bbox 438 588 532 643; x_wconf 92' lang='lat' dir='ltr'>nis</span> <span class='ocrx_word' id='word_1_22' title='bbox 565 584 987 657; x_wconf 85' lang='lat' dir='ltr'>adjungebant,</span> <span class='ocrx_word' id='word_1_23' title='bbox 1011 578 1311 635; x_wconf 79' lang='lat' dir='ltr'>armabat:</span> <span class='ocrx_word' id='word_1_24' title='bbox 1365 581 1651 649; x_wconf 85' lang='lat' dir='ltr'>quotquot</span> <span class='ocrx_word' id='word_1_25' title='bbox 1680 585 1871 633; x_wconf 87' lang='lat' dir='ltr'>autem</span> <span class='ocrx_word' id='word_1_26' title='bbox 1905 594 2081 649; x_wconf 88' lang='lat' dir='ltr'>repu-</span> 
     </span>
    </p>
   </div>
   <div class='ocr_carea' id='block_1_7' title="bbox 437 667 2083 750">
    <p class='ocr_par' dir='ltr' id='par_1_7' title="bbox 437 667 2083 750">
     <span class='ocr_line' id='line_1_7' title="bbox 437 667 2083 750; baseline -0.008 -15"><span class='ocrx_word' id='word_1_27' title='bbox 437 679 717 750; x_wconf 89' lang='lat' dir='ltr'>gnabant,</span> <span class='ocrx_word' id='word_1_28' title='bbox 743 688 838 729; x_wconf 91' lang='lat' dir='ltr'>eos</span> <span class='ocrx_word' id='word_1_29' title='bbox 868 668 1269 726; x_wconf 84' lang='lat' dir='ltr'>interficiebat.</span> <span class='ocrx_word' id='word_1_30' title='bbox 1321 668 1464 723; x_wconf 90' lang='lat' dir='ltr'>Cum</span> <span class='ocrx_word' id='word_1_31' title='bbox 1522 667 1701 738; x_wconf 82' lang='lat' dir='ltr'>igitur</span> <span class='ocrx_word' id='word_1_32' title='bbox 1752 668 1946 738; x_wconf 80' lang='lat' dir='ltr'>plures</span> <span class='ocrx_word' id='word_1_33' title='bbox 1990 684 2083 723; x_wconf 89' lang='lat' dir='ltr'>se-</span> 
     </span>
    </p>
   </div>
   <div class='ocr_carea' id='block_1_8' title="bbox 439 756 2083 839">
    <p class='ocr_par' dir='ltr' id='par_1_8' title="bbox 439 756 2083 839">
     <span class='ocr_line' id='line_1_8' title="bbox 439 756 2083 839; baseline -0.005 -18"><span class='ocrx_word' id='word_1_34' title='bbox 439 763 763 839; x_wconf 80' lang='lat' dir='ltr'>ptingentis</span> <span class='ocrx_word' id='word_1_35' title='bbox 816 760 1035 817; x_wconf 82' lang='lat' dir='ltr'>milites</span> <span class='ocrx_word' id='word_1_36' title='bbox 1066 758 1369 829; x_wconf 81' lang='lat' dir='ltr'>coegisset,</span> <span class='ocrx_word' id='word_1_37' title='bbox 1427 773 1641 827; x_wconf 90' lang='lat' dir='ltr'>eosque</span> <span class='ocrx_word' id='word_1_38' title='bbox 1694 758 1751 811; x_wconf 91' lang='lat' dir='ltr'>in</span> <span class='ocrx_word' id='word_1_39' title='bbox 1790 756 2083 812; x_wconf 82' lang='lat' dir='ltr'>centurias</span> 
     </span>
    </p>
   </div>
   <div class='ocr_carea' id='block_1_9' title="bbox 438 846 2087 917">
    <p class='ocr_par' dir='ltr' id='par_1_9' title="bbox 438 846 2087 917">
     <span class='ocr_line' id='line_1_9' title="bbox 438 846 2087 917; baseline -0.006 -6"><span class='ocrx_word' id='word_1_40' title='bbox 438 853 861 916; x_wconf 89' lang='lat' dir='ltr'>distribuisset,</span> <span class='ocrx_word' id='word_1_41' title='bbox 895 866 960 904; x_wconf 92' lang='lat' dir='ltr'>ac</span> <span class='ocrx_word' id='word_1_42' title='bbox 993 850 1186 903; x_wconf 89' lang='lat' dir='ltr'>locum</span> <span class='ocrx_word' id='word_1_43' title='bbox 1222 847 1276 901; x_wconf 90' lang='lat' dir='ltr'>in</span> <span class='ocrx_word' id='word_1_44' title='bbox 1311 863 1424 915; x_wconf 92' lang='lat' dir='ltr'>quo</span> <span class='ocrx_word' id='word_1_45' title='bbox 1456 852 1580 902; x_wconf 90' lang='lat' dir='ltr'>erat</span> <span class='ocrx_word' id='word_1_46' title='bbox 1609 846 1758 901; x_wconf 90' lang='lat' dir='ltr'>vallo</span> <span class='ocrx_word' id='word_1_47' title='bbox 1790 846 2087 917; x_wconf 89' lang='lat' dir='ltr'>circumje-</span> 
     </span>
    </p>
   </div>
   <div class='ocr_carea' id='block_1_10' title="bbox 437 935 2085 1007">
    <p class='ocr_par' dir='ltr' id='par_1_10' title="bbox 437 935 2085 1007">
     <span class='ocr_line' id='line_1_10' title="bbox 437 935 2085 1007; baseline -0.005 -7"><span class='ocrx_word' id='word_1_48' title='bbox 437 948 529 1000; x_wconf 91' lang='lat' dir='ltr'>cto</span> <span class='ocrx_word' id='word_1_49' title='bbox 560 941 884 1007; x_wconf 77' lang='lat' dir='ltr'>clausisset,</span> <span class='ocrx_word' id='word_1_50' title='bbox 918 939 987 995; x_wconf 92' lang='lat' dir='ltr'>ad</span> <span class='ocrx_word' id='word_1_51' title='bbox 1020 955 1079 995; x_wconf 92' lang='lat' dir='ltr'>se</span> <span class='ocrx_word' id='word_1_52' title='bbox 1110 953 1207 993; x_wconf 90' lang='lat' dir='ltr'>eos</span> <span class='ocrx_word' id='word_1_53' title='bbox 1266 937 1365 1007; x_wconf 88' lang='lat' dir='ltr'>qui</span> <span class='ocrx_word' id='word_1_54' title='bbox 1424 936 1789 1006; x_wconf 84' lang='lat' dir='ltr'>deficiebant,</span> <span class='ocrx_word' id='word_1_55' title='bbox 1842 935 2085 1007; x_wconf 82' lang='lat' dir='ltr'>recipie-</span> 
     </span>
    </p>
   </div>
   <div class='ocr_carea' id='block_1_11' title="bbox 437 1025 2084 1095">
    <p class='ocr_par' dir='ltr' id='par_1_11' title="bbox 437 1025 2084 1095">
     <span class='ocr_line' id='line_1_11' title="bbox 437 1025 2084 1095; baseline -0.006 -6"><span class='ocrx_word' id='word_1_56' title='bbox 437 1034 553 1089; x_wconf 89' lang='lat' dir='ltr'>bat.</span> <span class='ocrx_word' id='word_1_57' title='bbox 591 1033 714 1095; x_wconf 86' lang='lat' dir='ltr'>Qua</span> <span class='ocrx_word' id='word_1_58' title='bbox 742 1028 1063 1086; x_wconf 83' lang='lat' dir='ltr'>defectione</span> <span class='ocrx_word' id='word_1_59' title='bbox 1094 1028 1334 1082; x_wconf 82' lang='lat' dir='ltr'>Romam</span> <span class='ocrx_word' id='word_1_60' title='bbox 1387 1025 1677 1091; x_wconf 90' lang='lat' dir='ltr'>nuntiata,</span> <span class='ocrx_word' id='word_1_61' title='bbox 1730 1030 1965 1079; x_wconf 83' lang='lat' dir='ltr'>senatus</span> <span class='ocrx_word' id='word_1_62' title='bbox 2014 1025 2084 1079; x_wconf 90' lang='lat' dir='ltr'>de</span> 
     </span>
    </p>
   </div>
   <div class='ocr_carea' id='block_1_12' title="bbox 438 1114 2082 1189">
    <p class='ocr_par' dir='ltr' id='par_1_12' title="bbox 438 1114 2082 1189">
     <span class='ocr_line' id='line_1_12' title="bbox 438 1114 2082 1189; baseline -0.006 -11"><span class='ocrx_word' id='word_1_63' title='bbox 438 1138 502 1179; x_wconf 90' lang='lat' dir='ltr'>ea</span> <span class='ocrx_word' id='word_1_64' title='bbox 531 1119 841 1177; x_wconf 81' lang='lat' dir='ltr'>consilium</span> <span class='ocrx_word' id='word_1_65' title='bbox 868 1118 1120 1189; x_wconf 79' lang='lat' dir='ltr'>prudens</span> <span class='ocrx_word' id='word_1_66' title='bbox 1153 1115 1304 1184; x_wconf 92' lang='lat' dir='ltr'>iniit,</span> <span class='ocrx_word' id='word_1_67' title='bbox 1337 1114 1681 1184; x_wconf 78' lang='lat' dir='ltr'>felicemque</span> <span class='ocrx_word' id='word_1_68' title='bbox 1714 1114 1837 1183; x_wconf 85' lang='lat' dir='ltr'>ejus</span> <span class='ocrx_word' id='word_1_69' title='bbox 1863 1114 2082 1168; x_wconf 82' lang='lat' dir='ltr'>exitum</span> 
     </span>
    </p>
   </div>
   <div class='ocr_carea' id='block_1_13' title="bbox 439 1202 2082 1279">
    <p class='ocr_par' dir='ltr' id='par_1_13' title="bbox 439 1202 2082 1279">
     <span class='ocr_line' id='line_1_13' title="bbox 439 1202 2082 1279; baseline -0.007 -12"><span class='ocrx_word' id='word_1_70' title='bbox 439 1210 663 1267; x_wconf 82' lang='lat' dir='ltr'>habuit.</span> <span class='ocrx_word' id='word_1_71' title='bbox 695 1208 984 1279; x_wconf 88' lang='lat' dir='ltr'>Siquidem</span> <span class='ocrx_word' id='word_1_72' title='bbox 1017 1223 1084 1261; x_wconf 85' lang='lat' dir='ltr'>ex</span> <span class='ocrx_word' id='word_1_73' title='bbox 1114 1205 1185 1260; x_wconf 92' lang='lat' dir='ltr'>iis</span> <span class='ocrx_word' id='word_1_74' title='bbox 1218 1204 1315 1275; x_wconf 88' lang='lat' dir='ltr'>qui</span> <span class='ocrx_word' id='word_1_75' title='bbox 1350 1203 1408 1257; x_wconf 91' lang='lat' dir='ltr'>in</span> <span class='ocrx_word' id='word_1_76' title='bbox 1455 1202 1605 1257; x_wconf 82' lang='lat' dir='ltr'>Urbe</span> <span class='ocrx_word' id='word_1_77' title='bbox 1638 1206 1803 1257; x_wconf 89' lang='lat' dir='ltr'>erant</span> <span class='ocrx_word' id='word_1_78' title='bbox 1833 1204 2082 1273; x_wconf 87' lang='lat' dir='ltr'>impera-</span> 
     </span>
    </p>
   </div>
   <div class='ocr_carea' id='block_1_14' title="bbox 439 1292 2082 1363">
    <p class='ocr_par' dir='ltr' id='par_1_14' title="bbox 439 1292 2082 1363">
     <span class='ocr_line' id='line_1_14' title="bbox 439 1292 2082 1363; baseline -0.007 -6"><span class='ocrx_word' id='word_1_79' title='bbox 439 1300 661 1357; x_wconf 81' lang='lat' dir='ltr'>toribus</span> <span class='ocrx_word' id='word_1_80' title='bbox 695 1298 794 1353; x_wconf 91' lang='lat' dir='ltr'>uni</span> <span class='ocrx_word' id='word_1_81' title='bbox 832 1298 885 1352; x_wconf 89' lang='lat' dir='ltr'>L.</span> <span class='ocrx_word' id='word_1_82' title='bbox 923 1294 1156 1351; x_wconf 88' lang='lat' dir='ltr'>Lucullo</span> <span class='ocrx_word' id='word_1_83' title='bbox 1207 1292 1665 1363; x_wconf 83' lang='lat' dir='ltr'>subigendorum</span> <span class='ocrx_word' id='word_1_84' title='bbox 1710 1292 2082 1361; x_wconf 81' lang='lat' dir='ltr'>fugitivorum</span> 
     </span>
    </p>
   </div>
   <div class='ocr_carea' id='block_1_15' title="bbox 441 1383 2086 1464">
    <p class='ocr_par' dir='ltr' id='par_1_15' title="bbox 441 1383 2086 1464">
     <span class='ocr_line' id='line_1_15' title="bbox 441 1383 2086 1464; baseline -0.007 -16"><span class='ocrx_word' id='word_1_85' title='bbox 441 1392 735 1464; x_wconf 83' lang='lat' dir='ltr'>negotium</span> <span class='ocrx_word' id='word_1_86' title='bbox 768 1389 943 1444; x_wconf 87' lang='lat' dir='ltr'>dedit.</span> <span class='ocrx_word' id='word_1_87' title='bbox 970 1387 1071 1442; x_wconf 92' lang='lat' dir='ltr'>Hic</span> <span class='ocrx_word' id='word_1_88' title='bbox 1101 1390 1296 1441; x_wconf 86' lang='lat' dir='ltr'>autem</span> <span class='ocrx_word' id='word_1_89' title='bbox 1328 1400 1394 1439; x_wconf 90' lang='lat' dir='ltr'>eo</span> <span class='ocrx_word' id='word_1_90' title='bbox 1424 1383 1551 1455; x_wconf 92' lang='lat' dir='ltr'>ipso</span> <span class='ocrx_word' id='word_1_91' title='bbox 1582 1383 1675 1438; x_wconf 91' lang='lat' dir='ltr'>die</span> <span class='ocrx_word' id='word_1_92' title='bbox 1706 1399 1837 1438; x_wconf 90' lang='lat' dir='ltr'>cum</span> <span class='ocrx_word' id='word_1_93' title='bbox 1888 1383 2086 1437; x_wconf 67' lang='lat' dir='ltr'>Romae</span> 
     </span>
    </p>
   </div>
   <div class='ocr_carea' id='block_1_16' title="bbox 438 1473 2081 1544">
    <p class='ocr_par' dir='ltr' id='par_1_16' title="bbox 438 1473 2081 1544">
     <span class='ocr_line' id='line_1_16' title="bbox 438 1473 2081 1544; baseline -0.007 -7"><span class='ocrx_word' id='word_1_94' title='bbox 438 1485 740 1537; x_wconf 85' lang='lat' dir='ltr'>sexcentos</span> <span class='ocrx_word' id='word_1_95' title='bbox 802 1477 1016 1533; x_wconf 85' lang='lat' dir='ltr'>milites</span> <span class='ocrx_word' id='word_1_96' title='bbox 1070 1475 1252 1531; x_wconf 89' lang='lat' dir='ltr'>lectos</span> <span class='ocrx_word' id='word_1_97' title='bbox 1310 1473 1772 1544; x_wconf 88' lang='lat' dir='ltr'>conscripsisset,</span> <span class='ocrx_word' id='word_1_98' title='bbox 1830 1473 2081 1542; x_wconf 88' lang='lat' dir='ltr'>Capuam</span> 
     </span>
    </p>
   </div>
   <div class='ocr_carea' id='block_1_17' title="bbox 438 1560 2086 1638">
    <p class='ocr_par' dir='ltr' id='par_1_17' title="bbox 438 1560 2086 1638">
     <span class='ocr_line' id='line_1_17' title="bbox 438 1560 2086 1638; baseline -0.007 -12"><span class='ocrx_word' id='word_1_99' title='bbox 438 1566 1034 1638; x_wconf 91' lang='lat' dir='ltr'>contendit,peditum</span> <span class='ocrx_word' id='word_1_100' title='bbox 1060 1563 1243 1619; x_wconf 90' lang='lat' dir='ltr'>millia</span> <span class='ocrx_word' id='word_1_101' title='bbox 1269 1567 1538 1633; x_wconf 86' lang='lat' dir='ltr'>quatuor,</span> <span class='ocrx_word' id='word_1_102' title='bbox 1564 1563 1788 1633; x_wconf 88' lang='lat' dir='ltr'>equites</span> <span class='ocrx_word' id='word_1_103' title='bbox 1814 1560 2086 1632; x_wconf 88' lang='lat' dir='ltr'>quadrin-</span> 
     </span>
    </p>
   </div>
   <div class='ocr_carea' id='block_1_18' title="bbox 439 1653 2085 1734">
    <p class='ocr_par' dir='ltr' id='par_1_18' title="bbox 439 1653 2085 1734">
     <span class='ocr_line' id='line_1_18' title="bbox 439 1653 2085 1734; baseline -0.006 -17"><span class='ocrx_word' id='word_1_104' title='bbox 439 1666 643 1734; x_wconf 86' lang='lat' dir='ltr'>gentos</span> <span class='ocrx_word' id='word_1_105' title='bbox 674 1660 1041 1715; x_wconf 89' lang='lat' dir='ltr'>collecturus.</span> <span class='ocrx_word' id='word_1_106' title='bbox 1078 1658 1351 1711; x_wconf 89' lang='lat' dir='ltr'>Minutius</span> <span class='ocrx_word' id='word_1_107' title='bbox 1385 1656 1479 1711; x_wconf 90' lang='lat' dir='ltr'>ubi</span> <span class='ocrx_word' id='word_1_108' title='bbox 1534 1654 1840 1710; x_wconf 90' lang='lat' dir='ltr'>Lucullum</span> <span class='ocrx_word' id='word_1_109' title='bbox 1883 1653 2085 1709; x_wconf 82' lang='lat' dir='ltr'>conci-</span> 
     </span>
    </p>
   </div>
   <div class='ocr_carea' id='block_1_19' title="bbox 439 1742 2083 1809">
    <p class='ocr_par' dir='ltr' id='par_1_19' title="bbox 439 1742 2083 1809">
     <span class='ocr_line' id='line_1_19' title="bbox 439 1742 2083 1809; baseline -0.005 -5"><span class='ocrx_word' id='word_1_110' title='bbox 439 1755 559 1806; x_wconf 90' lang='lat' dir='ltr'>tato</span> <span class='ocrx_word' id='word_1_111' title='bbox 592 1766 762 1804; x_wconf 90' lang='lat' dir='ltr'>cursu</span> <span class='ocrx_word' id='word_1_112' title='bbox 797 1749 1101 1803; x_wconf 88' lang='lat' dir='ltr'>adventare</span> <span class='ocrx_word' id='word_1_113' title='bbox 1154 1744 1451 1809; x_wconf 84' lang='lat' dir='ltr'>intellexit,</span> <span class='ocrx_word' id='word_1_114' title='bbox 1497 1743 1703 1799; x_wconf 86' lang='lat' dir='ltr'>collem</span> <span class='ocrx_word' id='word_1_115' title='bbox 1738 1748 1946 1798; x_wconf 90' lang='lat' dir='ltr'>natura</span> <span class='ocrx_word' id='word_1_116' title='bbox 1974 1742 2083 1796; x_wconf 89' lang='lat' dir='ltr'>loci</span> 
     </span>
    </p>
   </div>
   <div class='ocr_carea' id='block_1_20' title="bbox 2188 568 3833 648">
    <p class='ocr_par' dir='ltr' id='par_1_20' title="bbox 2188 568 3833 648">
     <span class='ocr_line' id='line_1_20' title="bbox 2188 568 3833 648; baseline -0.002 -19"><span class='ocrx_word' id='word_1_117' title='bbox 2188 575 2277 629; x_wconf 82' lang='grc' dir='ltr'>καὶ</span> <span class='ocrx_word' id='word_1_118' title='bbox 2337 573 2562 634; x_wconf 81' lang='grc' dir='ltr'>τούτους</span> <span class='ocrx_word' id='word_1_119' title='bbox 2637 571 2712 633; x_wconf 89' lang='grc' dir='ltr'>εἰς</span> <span class='ocrx_word' id='word_1_120' title='bbox 2781 569 3207 648; x_wconf 68' lang='grc' dir='ltr'>ἑκατονταρχίας</span> <span class='ocrx_word' id='word_1_121' title='bbox 3283 570 3583 641; x_wconf 77' lang='grc' dir='ltr'>καταλέξας</span> <span class='ocrx_word' id='word_1_122' title='bbox 3662 568 3833 625; x_wconf 79' lang='grc' dir='ltr'>ἐνεϐά-</span> 
     </span>
    </p>
   </div>
   <div class='ocr_carea' id='block_1_21' title="bbox 2192 658 3833 740">
    <p class='ocr_par' dir='ltr' id='par_1_21' title="bbox 2192 658 3833 740">
     <span class='ocr_line' id='line_1_21' title="bbox 2192 658 3833 740; baseline -0.001 -22"><span class='ocrx_word' id='word_1_123' title='bbox 2192 662 2315 718; x_wconf 88' lang='grc' dir='ltr'>λετο</span> <span class='ocrx_word' id='word_1_124' title='bbox 2349 665 2395 700; x_wconf 82' lang='grc'>³⁸</span> <span class='ocrx_word' id='word_1_125' title='bbox 2444 663 2659 740; x_wconf 80' lang='grc' dir='ltr'>χάρακα</span> <span class='ocrx_word' id='word_1_126' title='bbox 2718 659 2807 715; x_wconf 84' lang='grc' dir='ltr'>καὶ</span> <span class='ocrx_word' id='word_1_127' title='bbox 2865 661 2991 720; x_wconf 73' lang='grc' dir='ltr'>τοὺς</span> <span class='ocrx_word' id='word_1_128' title='bbox 3058 660 3457 733; x_wconf 71' lang='grc' dir='ltr'>ἀφισταμένους</span> <span class='ocrx_word' id='word_1_129' title='bbox 3522 658 3833 737; x_wconf 78' lang='grc' dir='ltr'>ὑπεδέχετο.</span> 
     </span>
    </p>
   </div>
   <div class='ocr_carea' id='block_1_22' title="bbox 2192 750 3830 827">
    <p class='ocr_par' dir='ltr' id='par_1_22' title="bbox 2192 750 3830 827">
     <span class='ocr_line' id='line_1_22' title="bbox 2192 750 3830 827; baseline -0.012 -7"><span class='ocrx_word' id='word_1_130' title='bbox 2192 756 2308 822; x_wconf 75' lang='grc' dir='ltr'>Τῆς</span> <span class='ocrx_word' id='word_1_131' title='bbox 2369 750 2415 806; x_wconf 84' lang='grc' dir='ltr'>δ’</span> <span class='ocrx_word' id='word_1_132' title='bbox 2468 752 2816 812; x_wconf 82' lang='grc' dir='ltr'>ἀποστάσεως</span> <span class='ocrx_word' id='word_1_133' title='bbox 2873 750 2951 811; x_wconf 78' lang='grc' dir='ltr'>εἰς</span> <span class='ocrx_word' id='word_1_134' title='bbox 3017 750 3235 821; x_wconf 82' lang='grc' dir='ltr'>Ῥώμην</span> <span class='ocrx_word' id='word_1_135' title='bbox 3292 750 3755 827; x_wconf 67' lang='grc' dir='ltr'>ἀπαγγελθείσης,</span> <span class='ocrx_word' id='word_1_136' title='bbox 3803 754 3830 819; x_wconf 71' lang='grc' dir='ltr'>ἡ</span> 
     </span>
    </p>
   </div>
   <div class='ocr_carea' id='block_1_23' title="bbox 2193 835 3831 919">
    <p class='ocr_par' dir='ltr' id='par_1_23' title="bbox 2193 835 3831 919">
     <span class='ocr_line' id='line_1_23' title="bbox 2193 835 3831 919; baseline -0.003 -23"><span class='ocrx_word' id='word_1_137' title='bbox 2193 841 2503 919; x_wconf 73' lang='grc' dir='ltr'>σύγκλητος</span> <span class='ocrx_word' id='word_1_138' title='bbox 2565 840 2852 916; x_wconf 79' lang='grc' dir='ltr'>ἐμφρόνως</span> <span class='ocrx_word' id='word_1_139' title='bbox 2910 838 3032 911; x_wconf 81' lang='grc' dir='ltr'>περὶ</span> <span class='ocrx_word' id='word_1_140' title='bbox 3092 840 3262 907; x_wconf 73' lang='grc' dir='ltr'>αὐτῆς</span> <span class='ocrx_word' id='word_1_141' title='bbox 3329 835 3703 895; x_wconf 83' lang='grc' dir='ltr'>ἐϐουλεύσατο</span> <span class='ocrx_word' id='word_1_142' title='bbox 3756 839 3831 893; x_wconf 73' lang='grc' dir='ltr'>καὶ</span> 
     </span>
    </p>
   </div>
   <div class='ocr_carea' id='block_1_24' title="bbox 2191 927 3833 1005">
    <p class='ocr_par' dir='ltr' id='par_1_24' title="bbox 2191 927 3833 1005">
     <span class='ocr_line' id='line_1_24' title="bbox 2191 927 3833 1005; baseline -0.003 -19"><span class='ocrx_word' id='word_1_143' title='bbox 2191 933 2537 1005; x_wconf 76' lang='grc' dir='ltr'>κατώρθωσε.</span> <span class='ocrx_word' id='word_1_144' title='bbox 2581 934 2701 984; x_wconf 89' lang='grc' dir='ltr'>Τῶν</span> <span class='ocrx_word' id='word_1_145' title='bbox 2734 930 2838 1003; x_wconf 76' lang='grc' dir='ltr'>γὰρ</span> <span class='ocrx_word' id='word_1_146' title='bbox 2869 929 3004 983; x_wconf 85' lang='grc' dir='ltr'>κατὰ</span> <span class='ocrx_word' id='word_1_147' title='bbox 3051 927 3218 983; x_wconf 88' lang='grc' dir='ltr'>πόλιν</span> <span class='ocrx_word' id='word_1_148' title='bbox 3252 934 3577 1005; x_wconf 77' lang='grc' dir='ltr'>στρατηγῶν</span> <span class='ocrx_word' id='word_1_149' title='bbox 3631 929 3833 984; x_wconf 70' lang='grc' dir='ltr'>ἆπέδει-</span> 
     </span>
    </p>
   </div>
   <div class='ocr_carea' id='block_1_25' title="bbox 2192 1015 3833 1094">
    <p class='ocr_par' dir='ltr' id='par_1_25' title="bbox 2192 1015 3833 1094">
     <span class='ocr_line' id='line_1_25' title="bbox 2192 1015 3833 1094; baseline -0.002 -19"><span class='ocrx_word' id='word_1_150' title='bbox 2192 1023 2273 1090; x_wconf 80' lang='grc' dir='ltr'>ξεν</span> <span class='ocrx_word' id='word_1_151' title='bbox 2305 1018 2398 1075; x_wconf 75' lang='grc' dir='ltr'>ἕνα</span> <span class='ocrx_word' id='word_1_152' title='bbox 2446 1020 2579 1094; x_wconf 83' lang='grc' dir='ltr'>πρὸς</span> <span class='ocrx_word' id='word_1_153' title='bbox 2632 1021 2734 1085; x_wconf 71' lang='grc' dir='ltr'>τήν</span> <span class='ocrx_word' id='word_1_154' title='bbox 2772 1023 2880 1073; x_wconf 89' lang='grc' dir='ltr'>τῶν</span> <span class='ocrx_word' id='word_1_155' title='bbox 2935 1015 3215 1093; x_wconf 77' lang='grc' dir='ltr'>δραπετῶν</span> <span class='ocrx_word' id='word_1_156' title='bbox 3260 1017 3571 1092; x_wconf 73' lang='grc' dir='ltr'>σύλληψιν,</span> <span class='ocrx_word' id='word_1_157' title='bbox 3624 1020 3833 1073; x_wconf 72' lang='grc' dir='ltr'>Λεύκιον</span> 
     </span>
    </p>
   </div>
   <div class='ocr_carea' id='block_1_26' title="bbox 2194 1106 3832 1182">
    <p class='ocr_par' dir='ltr' id='par_1_26' title="bbox 2194 1106 3832 1182">
     <span class='ocr_line' id='line_1_26' title="bbox 2194 1106 3832 1182; baseline -0.002 -18"><span class='ocrx_word' id='word_1_158' title='bbox 2194 1108 2568 1165; x_wconf 86' lang='grc' dir='ltr'>Λούκουλλον.</span> <span class='ocrx_word' id='word_1_159' title='bbox 2630 1108 2805 1169; x_wconf 79' lang='grc' dir='ltr'>Οὗτος</span> <span class='ocrx_word' id='word_1_160' title='bbox 2873 1106 2927 1162; x_wconf 76' lang='grc' dir='ltr'>δὲ</span> <span class='ocrx_word' id='word_1_161' title='bbox 2987 1107 3297 1182; x_wconf 74' lang='grc' dir='ltr'>αὐθημερὸν</span> <span class='ocrx_word' id='word_1_162' title='bbox 3347 1106 3407 1161; x_wconf 85' lang='grc' dir='ltr'>ἐκ</span> <span class='ocrx_word' id='word_1_163' title='bbox 3460 1115 3567 1177; x_wconf 77' lang='grc' dir='ltr'>τῆς</span> <span class='ocrx_word' id='word_1_164' title='bbox 3622 1108 3832 1180; x_wconf 76' lang='grc' dir='ltr'>Ῥώμης</span> 
     </span>
    </p>
   </div>
   <div class='ocr_carea' id='block_1_27' title="bbox 2195 1196 3829 1273">
    <p class='ocr_par' dir='ltr' id='par_1_27' title="bbox 2195 1196 3829 1273">
     <span class='ocr_line' id='line_1_27' title="bbox 2195 1196 3829 1273; baseline -0.002 -20"><span class='ocrx_word' id='word_1_165' title='bbox 2195 1198 2441 1271; x_wconf 75' lang='grc' dir='ltr'>ἐπιλέξας</span> <span class='ocrx_word' id='word_1_166' title='bbox 2499 1198 2835 1273; x_wconf 75' lang='grc' dir='ltr'>στρατιώτας</span> <span class='ocrx_word' id='word_1_167' title='bbox 2910 1197 3243 1267; x_wconf 69' lang='grc' dir='ltr'>ἑξακοσίους,</span> <span class='ocrx_word' id='word_1_168' title='bbox 3303 1196 3379 1258; x_wconf 78' lang='grc' dir='ltr'>εἷς</span> <span class='ocrx_word' id='word_1_169' title='bbox 3443 1198 3547 1265; x_wconf 79' lang='grc' dir='ltr'>τήν</span> <span class='ocrx_word' id='word_1_170' title='bbox 3628 1198 3829 1263; x_wconf 60' lang='lat' dir='ltr'>[ierim</span> 
     </span>
    </p>
   </div>
   <div class='ocr_carea' id='block_1_28' title="bbox 2193 1287 3834 1362">
    <p class='ocr_par' dir='ltr' id='par_1_28' title="bbox 2193 1287 3834 1362">
     <span class='ocr_line' id='line_1_28' title="bbox 2193 1287 3834 1362; baseline -0.001 -19"><span class='ocrx_word' id='word_1_171' title='bbox 2193 1289 2330 1357; x_wconf 79' lang='grc' dir='ltr'>ἦλθε</span> <span class='ocrx_word' id='word_1_172' title='bbox 2388 1288 2742 1362; x_wconf 70' lang='grc' dir='ltr'>συναθροίσας</span> <span class='ocrx_word' id='word_1_173' title='bbox 2793 1288 2990 1357; x_wconf 73' lang='grc' dir='ltr'>πεζοὺς</span> <span class='ocrx_word' id='word_1_174' title='bbox 3048 1288 3146 1359; x_wconf 72' lang='grc' dir='ltr'>μὲν</span> <span class='ocrx_word' id='word_1_175' title='bbox 3198 1287 3704 1362; x_wconf 72' lang='grc' dir='ltr'>τετρακισχιλίους,</span> <span class='ocrx_word' id='word_1_176' title='bbox 3759 1289 3834 1342; x_wconf 72' lang='grc' dir='ltr'>ία-</span> 
     </span>
    </p>
   </div>
   <div class='ocr_carea' id='block_1_29' title="bbox 2193 1376 3831 1453">
    <p class='ocr_par' dir='ltr' id='par_1_29' title="bbox 2193 1376 3831 1453">
     <span class='ocr_line' id='line_1_29' title="bbox 2193 1376 3831 1453; baseline -0.003 -18"><span class='ocrx_word' id='word_1_177' title='bbox 2193 1384 2312 1440; x_wconf 86' lang='grc' dir='ltr'>πεῖς</span> <span class='ocrx_word' id='word_1_178' title='bbox 2363 1377 2419 1434; x_wconf 74' lang='grc' dir='ltr'>δὲ</span> <span class='ocrx_word' id='word_1_179' title='bbox 2476 1378 2881 1453; x_wconf 87' lang='grc' dir='ltr'>τετρακοσίους.</span> <span class='ocrx_word' id='word_1_180' title='bbox 2942 1381 3005 1436; x_wconf 76' lang='grc' dir='ltr'><strong>Ὀ</strong></span> <span class='ocrx_word' id='word_1_181' title='bbox 3065 1376 3122 1434; x_wconf 73' lang='grc' dir='ltr'>δὲ</span> <span class='ocrx_word' id='word_1_182' title='bbox 3179 1378 3436 1441; x_wconf 76' lang='grc' dir='ltr'>Οὐέττιος</span> <span class='ocrx_word' id='word_1_183' title='bbox 3501 1382 3609 1449; x_wconf 70' lang='grc' dir='ltr'>τήν</span> <span class='ocrx_word' id='word_1_184' title='bbox 3669 1381 3831 1452; x_wconf 42' lang='lat' dir='ltr'>agas...</span> 
     </span>
    </p>
   </div>
   <div class='ocr_carea' id='block_1_30' title="bbox 2194 1464 3832 1542">
    <p class='ocr_par' dir='ltr' id='par_1_30' title="bbox 2194 1464 3832 1542">
     <span class='ocr_line' id='line_1_30' title="bbox 2194 1464 3832 1542; baseline -0.001 -18"><span class='ocrx_word' id='word_1_185' title='bbox 2194 1470 2319 1542; x_wconf 80' lang='lat'>[632</span> <span class='ocrx_word' id='word_1_186' title='bbox 2352 1470 2446 1542; x_wconf 84' lang='lat' dir='ltr'>H.]</span> <span class='ocrx_word' id='word_1_187' title='bbox 2485 1473 2581 1523; x_wconf 77' lang='grc' dir='ltr'>τοῦ</span> <span class='ocrx_word' id='word_1_188' title='bbox 2624 1467 2985 1524; x_wconf 75' lang='grc' dir='ltr'>Λουκούλλου</span> <span class='ocrx_word' id='word_1_189' title='bbox 3034 1468 3345 1542; x_wconf 84' lang='grc' dir='ltr'>πυθόμενος</span> <span class='ocrx_word' id='word_1_190' title='bbox 3379 1464 3722 1524; x_wconf 80' lang='grc' dir='ltr'>κατελάϐετο</span> <span class='ocrx_word' id='word_1_191' title='bbox 3751 1468 3832 1523; x_wconf 81' lang='grc' dir='ltr'>λό·</span> 
     </span>
    </p>
   </div>
   <div class='ocr_carea' id='block_1_31' title="bbox 2195 1556 3828 1633">
    <p class='ocr_par' dir='ltr' id='par_1_31' title="bbox 2195 1556 3828 1633">
     <span class='ocr_line' id='line_1_31' title="bbox 2195 1556 3828 1633; baseline -0.001 -21"><span class='ocrx_word' id='word_1_192' title='bbox 2195 1579 2295 1633; x_wconf 73' lang='grc' dir='ltr'>(ρον</span> <span class='ocrx_word' id='word_1_193' title='bbox 2346 1559 2627 1633; x_wconf 89' lang='grc' dir='ltr'>καρτερὸν,</span> <span class='ocrx_word' id='word_1_194' title='bbox 2661 1556 2804 1633; x_wconf 85' lang='grc' dir='ltr'>ἔχων</span> <span class='ocrx_word' id='word_1_195' title='bbox 2850 1560 2979 1619; x_wconf 81' lang='grc' dir='ltr'>τοὺς</span> <span class='ocrx_word' id='word_1_196' title='bbox 3024 1559 3224 1617; x_wconf 77' lang='grc' dir='ltr'>πάντας</span> <span class='ocrx_word' id='word_1_197' title='bbox 3274 1556 3440 1613; x_wconf 80' lang='grc' dir='ltr'>πλέον</span> <span class='ocrx_word' id='word_1_198' title='bbox 3489 1564 3607 1613; x_wconf 89' lang='grc' dir='ltr'>τῶν</span> <span class='ocrx_word' id='word_1_199' title='bbox 3653 1561 3725 1632; x_wconf 78' lang='grc' dir='ltr'>γ’,</span> <span class='ocrx_word' id='word_1_200' title='bbox 3756 1561 3828 1611; x_wconf 74' lang='grc' dir='ltr'>καὶ</span> 
     </span>
    </p>
   </div>
   <div class='ocr_carea' id='block_1_32' title="bbox 2195 1644 3830 1723">
    <p class='ocr_par' dir='ltr' id='par_1_32' title="bbox 2195 1644 3830 1723">
     <span class='ocr_line' id='line_1_32' title="bbox 2195 1644 3830 1723; baseline 0 -21"><span class='ocrx_word' id='word_1_201' title='bbox 2195 1654 2262 1722; x_wconf 77' lang='grc' dir='ltr'>φ’.</span> <span class='ocrx_word' id='word_1_202' title='bbox 2299 1649 2461 1722; x_wconf 82' lang='grc'>[1173</span> <span class='ocrx_word' id='word_1_203' title='bbox 2494 1650 2586 1720; x_wconf 77' lang='grc' dir='ltr'>Η.]</span> <span class='ocrx_word' id='word_1_204' title='bbox 2620 1648 2717 1702; x_wconf 74' lang='grc' dir='ltr'>Καὶ</span> <span class='ocrx_word' id='word_1_205' title='bbox 2768 1650 2828 1702; x_wconf 89' lang='grc' dir='ltr'>τὸ</span> <span class='ocrx_word' id='word_1_206' title='bbox 2865 1650 2958 1721; x_wconf 77' lang='grc' dir='ltr'>μὶν</span> <span class='ocrx_word' id='word_1_207' title='bbox 3006 1653 3221 1723; x_wconf 86' lang='grc' dir='ltr'>πρῶτον</span> <span class='ocrx_word' id='word_1_208' title='bbox 3260 1644 3563 1721; x_wconf 70' lang='grc' dir='ltr'>συμϐολῆς</span> <span class='ocrx_word' id='word_1_209' title='bbox 3597 1653 3644 1685; x_wconf 68' lang='grc'>³⁸</span> <span class='ocrx_word' id='word_1_210' title='bbox 3692 1670 3830 1721; x_wconf 82' lang='grc' dir='ltr'>γενο-</span> 
     </span>
    </p>
   </div>
   <div class='ocr_carea' id='block_1_33' title="bbox 2199 1735 3828 1811">
    <p class='ocr_par' dir='ltr' id='par_1_33' title="bbox 2199 1735 3828 1811">
     <span class='ocr_line' id='line_1_33' title="bbox 2199 1735 3828 1811; baseline 0 -20"><span class='ocrx_word' id='word_1_211' title='bbox 2199 1738 2366 1809; x_wconf 86' lang='grc' dir='ltr'>μένης</span> <span class='ocrx_word' id='word_1_212' title='bbox 2416 1736 2840 1807; x_wconf 73' lang='grc' dir='ltr'>ἐπλεονέκτησαν</span> <span class='ocrx_word' id='word_1_213' title='bbox 2888 1739 2939 1791; x_wconf 72' lang='grc' dir='ltr'>οἱ</span> <span class='ocrx_word' id='word_1_214' title='bbox 2982 1735 3261 1811; x_wconf 72' lang='grc' dir='ltr'>δραπέται,</span> <span class='ocrx_word' id='word_1_215' title='bbox 3314 1736 3373 1791; x_wconf 80' lang='grc' dir='ltr'>ἐκ</span> <span class='ocrx_word' id='word_1_216' title='bbox 3430 1738 3624 1792; x_wconf 74' lang='grc' dir='ltr'>τόπων</span> <span class='ocrx_word' id='word_1_217' title='bbox 3686 1740 3828 1811; x_wconf 76' lang='grc' dir='ltr'>ὅπερ·</span> 
     </span>
    </p>
   </div>
   <div class='ocr_carea' id='block_1_34' title="bbox 443 1816 2085 1908">
    <p class='ocr_par' dir='ltr' id='par_1_34' title="bbox 443 1832 2082 1908">
     <span class='ocr_line' id='line_1_34' title="bbox 443 1832 2082 1908; baseline -0.007 -13"><span class='ocrx_word' id='word_1_218' title='bbox 443 1841 727 1895; x_wconf 90' lang='lat' dir='ltr'>munitum</span> <span class='ocrx_word' id='word_1_219' title='bbox 770 1838 1072 1908; x_wconf 85' lang='lat' dir='ltr'>occupavit</span> <span class='ocrx_word' id='word_1_220' title='bbox 1093 1852 1227 1890; x_wconf 90' lang='lat' dir='ltr'>cum</span> <span class='ocrx_word' id='word_1_221' title='bbox 1263 1834 1548 1889; x_wconf 84' lang='lat' dir='ltr'>universis</span> <span class='ocrx_word' id='word_1_222' title='bbox 1578 1833 1705 1889; x_wconf 89' lang='lat' dir='ltr'>suis</span> <span class='ocrx_word' id='word_1_223' title='bbox 1736 1832 1938 1902; x_wconf 85' lang='lat' dir='ltr'>cOpiis,</span> <span class='ocrx_word' id='word_1_224' title='bbox 1962 1848 2082 1900; x_wconf 71' lang='lat' dir='ltr'>quae</span> 
     </span>
    </p>
   </div>
   <div class='ocr_carea' id='block_1_35' title="bbox 2195 1816 3831 1908">
    <p class='ocr_par' dir='ltr' id='par_1_35' title="bbox 2198 1823 3831 1902">
     <span class='ocr_line' id='line_1_35' title="bbox 2198 1823 3831 1902; baseline -0.002 -22"><span class='ocrx_word' id='word_1_225' title='bbox 2198 1823 2383 1897; x_wconf 83' lang='grc' dir='ltr'>δεξίων</span> <span class='ocrx_word' id='word_1_226' title='bbox 2416 1825 2724 1899; x_wconf 87' lang='grc' dir='ltr'>μαχόμενοι</span> <span class='ocrx_word' id='word_1_227' title='bbox 2761 1844 2773 1857; x_wconf 92' lang='grc'><strong>·</strong></span> <span class='ocrx_word' id='word_1_228' title='bbox 2822 1826 2953 1897; x_wconf 84' lang='grc' dir='ltr'>μετᾶ</span> <span class='ocrx_word' id='word_1_229' title='bbox 2993 1824 3047 1881; x_wconf 74' lang='grc' dir='ltr'>δὲ</span> <span class='ocrx_word' id='word_1_230' title='bbox 3079 1831 3245 1881; x_wconf 71' lang='grc' dir='ltr'>ταῦτα</span> <span class='ocrx_word' id='word_1_231' title='bbox 3273 1826 3363 1880; x_wconf 91' lang='grc' dir='ltr'>τὸν</span> <span class='ocrx_word' id='word_1_232' title='bbox 3414 1828 3511 1899; x_wconf 76' lang='grc' dir='ltr'>μὲν</span> <span class='ocrx_word' id='word_1_233' title='bbox 3547 1827 3831 1902; x_wconf 74' lang='grc' dir='ltr'>στρατηγὸν</span> 
     </span>
    </p>
   </div>
   <div class='ocr_carea' id='block_1_36' title="bbox 442 1922 2085 1995">
    <p class='ocr_par' dir='ltr' id='par_1_36' title="bbox 442 1922 2085 1995">
     <span class='ocr_line' id='line_1_36' title="bbox 442 1922 2085 1995; baseline -0.007 -10"><span class='ocrx_word' id='word_1_234' title='bbox 442 1930 553 1985; x_wconf 85' lang='lat' dir='ltr'>tria</span> <span class='ocrx_word' id='word_1_235' title='bbox 584 1928 892 1984; x_wconf 88' lang='lat' dir='ltr'>hominum</span> <span class='ocrx_word' id='word_1_236' title='bbox 928 1926 1108 1981; x_wconf 83' lang='lat' dir='ltr'>millia</span> <span class='ocrx_word' id='word_1_237' title='bbox 1134 1930 1190 1979; x_wconf 89' lang='lat' dir='ltr'>et</span> <span class='ocrx_word' id='word_1_238' title='bbox 1220 1924 1565 1995; x_wconf 88' lang='lat' dir='ltr'>quingentos</span> <span class='ocrx_word' id='word_1_239' title='bbox 1596 1922 1951 1989; x_wconf 82' lang='lat' dir='ltr'>efﬁciebant,</span> <span class='ocrx_word' id='word_1_240' title='bbox 2001 1925 2085 1975; x_wconf 90' lang='lat' dir='ltr'>at-</span> 
     </span>
    </p>
   </div>
   <div class='ocr_carea' id='block_1_37' title="bbox 443 2008 2089 2089">
    <p class='ocr_par' dir='ltr' id='par_1_37' title="bbox 443 2008 2089 2089">
     <span class='ocr_line' id='line_1_37' title="bbox 443 2008 2089 2089; baseline -0.007 -15"><span class='ocrx_word' id='word_1_241' title='bbox 443 2035 553 2089; x_wconf 90' lang='lat' dir='ltr'>que</span> <span class='ocrx_word' id='word_1_242' title='bbox 584 2017 852 2088; x_wconf 88' lang='lat' dir='ltr'>amplius.</span> <span class='ocrx_word' id='word_1_243' title='bbox 915 2017 977 2069; x_wconf 90' lang='lat' dir='ltr'>Et</span> <span class='ocrx_word' id='word_1_244' title='bbox 1030 2014 1217 2084; x_wconf 88' lang='lat' dir='ltr'>primo</span> <span class='ocrx_word' id='word_1_245' title='bbox 1268 2012 1508 2083; x_wconf 88' lang='lat' dir='ltr'>quidem</span> <span class='ocrx_word' id='word_1_246' title='bbox 1542 2011 1811 2066; x_wconf 82' lang='lat' dir='ltr'>conflictu</span> <span class='ocrx_word' id='word_1_247' title='bbox 1866 2008 2089 2065; x_wconf 88' lang='lat' dir='ltr'>stetita</span> 
     </span>
    </p>
   </div>
   <div class='ocr_carea' id='block_1_38' title="bbox 446 2095 2088 2173">
    <p class='ocr_par' dir='ltr' id='par_1_38' title="bbox 446 2095 2088 2173">
     <span class='ocr_line' id='line_1_38' title="bbox 446 2095 2088 2173; baseline -0.005 -14"><span class='ocrx_word' id='word_1_248' title='bbox 446 2105 701 2173; x_wconf 84' lang='lat' dir='ltr'>fugitivis</span> <span class='ocrx_word' id='word_1_249' title='bbox 722 2102 959 2158; x_wconf 88' lang='lat' dir='ltr'>victoria</span> <span class='ocrx_word' id='word_1_250' title='bbox 973 2102 1183 2171; x_wconf 91' lang='lat' dir='ltr'>quippe</span> <span class='ocrx_word' id='word_1_251' title='bbox 1198 2100 1297 2169; x_wconf 91' lang='lat' dir='ltr'>qui</span> <span class='ocrx_word' id='word_1_252' title='bbox 1320 2116 1350 2153; x_wconf 92' lang='lat' dir='ltr'>e</span> <span class='ocrx_word' id='word_1_253' title='bbox 1368 2097 1665 2169; x_wconf 86' lang='lat' dir='ltr'>superiore</span> <span class='ocrx_word' id='word_1_254' title='bbox 1684 2097 1807 2152; x_wconf 90' lang='lat' dir='ltr'>loco</span> <span class='ocrx_word' id='word_1_255' title='bbox 1826 2095 2088 2167; x_wconf 73' lang='lat' dir='ltr'>praelium</span> 
     </span>
    </p>
   </div>
   <div class='ocr_carea' id='block_1_39' title="bbox 442 2185 2089 2263">
    <p class='ocr_par' dir='ltr' id='par_1_39' title="bbox 442 2185 2089 2263">
     <span class='ocr_line' id='line_1_39' title="bbox 442 2185 2089 2263; baseline -0.005 -15"><span class='ocrx_word' id='word_1_256' title='bbox 442 2192 686 2261; x_wconf 86' lang='lat' dir='ltr'>inirent;</span> <span class='ocrx_word' id='word_1_257' title='bbox 704 2196 905 2263; x_wconf 91' lang='lat' dir='ltr'>postea</span> <span class='ocrx_word' id='word_1_258' title='bbox 928 2207 1058 2245; x_wconf 90' lang='lat' dir='ltr'>cum</span> <span class='ocrx_word' id='word_1_259' title='bbox 1075 2187 1439 2260; x_wconf 85' lang='lat' dir='ltr'>Apollonium</span> <span class='ocrx_word' id='word_1_260' title='bbox 1456 2187 1863 2258; x_wconf 86' lang='lat' dir='ltr'>imperatorem</span> <span class='ocrx_word' id='word_1_261' title='bbox 1882 2185 2089 2240; x_wconf 85' lang='lat' dir='ltr'>exerci-</span> 
     </span>
    </p>
   </div>
   <div class='ocr_carea' id='block_1_40' title="bbox 438 2273 2086 2350">
    <p class='ocr_par' dir='ltr' id='par_1_40' title="bbox 438 2273 2086 2350">
     <span class='ocr_line' id='line_1_40' title="bbox 438 2273 2086 2350; baseline -0.006 -14"><span class='ocrx_word' id='word_1_262' title='bbox 438 2280 716 2336; x_wconf 90' lang='lat' dir='ltr'>tusVettii</span> <span class='ocrx_word' id='word_1_263' title='bbox 732 2275 1285 2350; x_wconf 76' lang='lat' dir='ltr'>[Minutii1Lucullus</span> <span class='ocrx_word' id='word_1_264' title='bbox 1298 2274 1701 2343; x_wconf 83' lang='lat' dir='ltr'>largitionibus</span> <span class='ocrx_word' id='word_1_265' title='bbox 1715 2289 1877 2328; x_wconf 91' lang='lat' dir='ltr'>corru</span> <span class='ocrx_word' id='word_1_266' title='bbox 1890 2273 2086 2341; x_wconf 89' lang='lat' dir='ltr'>pisset,</span> 
     </span>
    </p>
   </div>
   <div class='ocr_carea' id='block_1_41' title="bbox 441 2362 2086 2441">
    <p class='ocr_par' dir='ltr' id='par_1_41' title="bbox 441 2362 2086 2441">
     <span class='ocr_line' id='line_1_41' title="bbox 441 2362 2086 2441; baseline -0.004 -16"><span class='ocrx_word' id='word_1_267' title='bbox 441 2371 728 2441; x_wconf 82' lang='lat' dir='ltr'>ﬁdemque</span> <span class='ocrx_word' id='word_1_268' title='bbox 759 2367 1053 2440; x_wconf 88' lang='lat' dir='ltr'>publicam</span> <span class='ocrx_word' id='word_1_269' title='bbox 1086 2366 1349 2422; x_wconf 88' lang='lat' dir='ltr'>dedisset</span> <span class='ocrx_word' id='word_1_270' title='bbox 1395 2380 1621 2436; x_wconf 77' lang='lat' dir='ltr'>pcenam</span> <span class='ocrx_word' id='word_1_271' title='bbox 1656 2362 1739 2417; x_wconf 89' lang='lat' dir='ltr'>illi</span> <span class='ocrx_word' id='word_1_272' title='bbox 1774 2362 2086 2418; x_wconf 88' lang='lat' dir='ltr'>remissum</span> 
     </span>
    </p>
   </div>
   <div class='ocr_carea' id='block_1_42' title="bbox 439 2449 2085 2529">
    <p class='ocr_par' dir='ltr' id='par_1_42' title="bbox 439 2449 2085 2529">
     <span class='ocr_line' id='line_1_42' title="bbox 439 2449 2085 2529; baseline -0.005 -15"><span class='ocrx_word' id='word_1_273' title='bbox 439 2460 691 2529; x_wconf 89' lang='lat' dir='ltr'>iri,eum</span> <span class='ocrx_word' id='word_1_274' title='bbox 724 2458 793 2514; x_wconf 91' lang='lat' dir='ltr'>ad</span> <span class='ocrx_word' id='word_1_275' title='bbox 828 2455 1159 2529; x_wconf 89' lang='lat' dir='ltr'>prodendos</span> <span class='ocrx_word' id='word_1_276' title='bbox 1212 2454 1403 2509; x_wconf 90' lang='lat' dir='ltr'>socios</span> <span class='ocrx_word' id='word_1_277' title='bbox 1461 2450 1715 2521; x_wconf 88' lang='lat' dir='ltr'>impulit.</span> <span class='ocrx_word' id='word_1_278' title='bbox 1776 2449 2085 2515; x_wconf 89' lang='lat' dir='ltr'>Quareillo</span> 
     </span>
    </p>
   </div>
   <div class='ocr_carea' id='block_1_43' title="bbox 440 2540 2083 2618">
    <p class='ocr_par' dir='ltr' id='par_1_43' title="bbox 440 2540 2083 2618">
     <span class='ocr_line' id='line_1_43' title="bbox 440 2540 2083 2618; baseline -0.005 -13"><span class='ocrx_word' id='word_1_279' title='bbox 440 2549 715 2604; x_wconf 78' lang='lat' dir='ltr'>Romanis</span> <span class='ocrx_word' id='word_1_280' title='bbox 744 2563 979 2618; x_wconf 86' lang='lat' dir='ltr'>operam</span> <span class='ocrx_word' id='word_1_281' title='bbox 1005 2561 1173 2601; x_wconf 91' lang='lat' dir='ltr'>suam</span> <span class='ocrx_word' id='word_1_282' title='bbox 1209 2546 1481 2609; x_wconf 88' lang='lat' dir='ltr'>navante,</span> <span class='ocrx_word' id='word_1_283' title='bbox 1543 2550 1715 2611; x_wconf 88' lang='lat' dir='ltr'>atque</span> <span class='ocrx_word' id='word_1_284' title='bbox 1771 2542 1910 2597; x_wconf 90' lang='lat' dir='ltr'>adeo</span> <span class='ocrx_word' id='word_1_285' title='bbox 1969 2540 2083 2613; x_wconf 90' lang='lat' dir='ltr'>ipsi</span> 
     </span>
    </p>
   </div>
   <div class='ocr_carea' id='block_1_44' title="bbox 439 2629 2081 2709">
    <p class='ocr_par' dir='ltr' id='par_1_44' title="bbox 439 2629 2081 2709">
     <span class='ocr_line' id='line_1_44' title="bbox 439 2629 2081 2709; baseline -0.001 -20"><span class='ocrx_word' id='word_1_286' title='bbox 439 2636 629 2693; x_wconf 90' lang='lat' dir='ltr'>Vettio</span> <span class='ocrx_word' id='word_1_287' title='bbox 663 2635 954 2709; x_wconf 76' lang='lat' dir='ltr'>[Minutio]</span> <span class='ocrx_word' id='word_1_288' title='bbox 988 2650 1197 2689; x_wconf 91' lang='lat' dir='ltr'>manus</span> <span class='ocrx_word' id='word_1_289' title='bbox 1249 2633 1551 2695; x_wconf 84' lang='lat' dir='ltr'>inferente,</span> <span class='ocrx_word' id='word_1_290' title='bbox 1586 2630 1681 2686; x_wconf 93' lang='lat' dir='ltr'>hic</span> <span class='ocrx_word' id='word_1_291' title='bbox 1729 2629 2081 2701; x_wconf 87' lang='lat' dir='ltr'>supplicium</span> 
     </span>
    </p>
   </div>
   <div class='ocr_carea' id='block_1_45' title="bbox 442 2719 2078 2798">
    <p class='ocr_par' dir='ltr' id='par_1_45' title="bbox 442 2719 2078 2798">
     <span class='ocr_line' id='line_1_45' title="bbox 442 2719 2078 2798; baseline -0.006 -16"><span class='ocrx_word' id='word_1_292' title='bbox 442 2728 553 2783; x_wconf 89' lang='lat' dir='ltr'>sibi</span> <span class='ocrx_word' id='word_1_293' title='bbox 583 2735 748 2798; x_wconf 91' lang='lat' dir='ltr'>capto</span> <span class='ocrx_word' id='word_1_294' title='bbox 767 2724 1108 2797; x_wconf 86' lang='lat' dir='ltr'>impendens</span> <span class='ocrx_word' id='word_1_295' title='bbox 1126 2722 1369 2789; x_wconf 89' lang='lat' dir='ltr'>veritus,</span> <span class='ocrx_word' id='word_1_296' title='bbox 1388 2725 1632 2776; x_wconf 91' lang='lat' dir='ltr'>mortem</span> <span class='ocrx_word' id='word_1_297' title='bbox 1647 2720 1757 2775; x_wconf 92' lang='lat' dir='ltr'>sibi</span> <span class='ocrx_word' id='word_1_298' title='bbox 1782 2719 2078 2775; x_wconf 85' lang='lat' dir='ltr'>conscivit.</span> 
     </span>
    </p>
   </div>
   <div class='ocr_carea' id='block_1_46' title="bbox 443 2808 2079 2882">
    <p class='ocr_par' dir='ltr' id='par_1_46' title="bbox 443 2808 2079 2882">
     <span class='ocr_line' id='line_1_46' title="bbox 443 2808 2079 2882; baseline -0.006 -11"><span class='ocrx_word' id='word_1_299' title='bbox 443 2816 628 2871; x_wconf 89' lang='lat' dir='ltr'>Simul</span> <span class='ocrx_word' id='word_1_300' title='bbox 685 2832 815 2871; x_wconf 84' lang='lat' dir='ltr'>vero</span> <span class='ocrx_word' id='word_1_301' title='bbox 873 2812 1215 2869; x_wconf 77' lang='lat' dir='ltr'>defectionis</span> <span class='ocrx_word' id='word_1_302' title='bbox 1265 2810 1578 2882; x_wconf 90' lang='lat' dir='ltr'>participes</span> <span class='ocrx_word' id='word_1_303' title='bbox 1636 2808 1767 2865; x_wconf 69' lang='lat' dir='ltr'>cassi</span> <span class='ocrx_word' id='word_1_304' title='bbox 1822 2809 2079 2875; x_wconf 83' lang='lat' dir='ltr'>fuerunt,</span> 
     </span>
    </p>
   </div>
   <div class='ocr_carea' id='block_1_47' title="bbox 2191 1913 3828 1991">
    <p class='ocr_par' dir='ltr' id='par_1_47' title="bbox 2191 1913 3828 1991">
     <span class='ocr_line' id='line_1_47' title="bbox 2191 1913 3828 1991; baseline -0.001 -21"><span class='ocrx_word' id='word_1_305' title='bbox 2191 1920 2289 1970; x_wconf 76' lang='grc' dir='ltr'>τοῦ</span> <span class='ocrx_word' id='word_1_306' title='bbox 2323 1914 2581 1972; x_wconf 82' lang='grc' dir='ltr'>Οὐεττίου</span> <span class='ocrx_word' id='word_1_307' title='bbox 2616 1913 2995 1971; x_wconf 87' lang='grc' dir='ltr'>Ἀπολλώνιον</span> <span class='ocrx_word' id='word_1_308' title='bbox 3037 1913 3349 1991; x_wconf 72' lang='grc' dir='ltr'>διαφθείρας</span> <span class='ocrx_word' id='word_1_309' title='bbox 3383 1918 3409 1970; x_wconf 86' lang='grc' dir='ltr'>ὁ</span> <span class='ocrx_word' id='word_1_310' title='bbox 3461 1914 3828 1982; x_wconf 72' lang='grc' dir='ltr'>Λούκουλλος,</span> 
     </span>
    </p>
   </div>
   <div class='ocr_carea' id='block_1_48' title="bbox 2198 2002 3829 2081">
    <p class='ocr_par' dir='ltr' id='par_1_48' title="bbox 2198 2002 3829 2081">
     <span class='ocr_line' id='line_1_48' title="bbox 2198 2002 3829 2081; baseline -0.001 -22"><span class='ocrx_word' id='word_1_311' title='bbox 2198 2006 2286 2059; x_wconf 75' lang='grc' dir='ltr'>καὶ</span> <span class='ocrx_word' id='word_1_312' title='bbox 2318 2008 2384 2078; x_wconf 75' lang='grc' dir='ltr'>τῇ</span> <span class='ocrx_word' id='word_1_313' title='bbox 2436 2002 2676 2078; x_wconf 79' lang='grc' dir='ltr'>δημοσίᾳ</span> <span class='ocrx_word' id='word_1_314' title='bbox 2704 2005 2879 2059; x_wconf 81' lang='grc' dir='ltr'>πίστει</span> <span class='ocrx_word' id='word_1_315' title='bbox 2928 2005 3026 2072; x_wconf 73' lang='grc' dir='ltr'>τὴν</span> <span class='ocrx_word' id='word_1_316' title='bbox 3059 2002 3242 2081; x_wconf 65' lang='grc' dir='ltr'>ἄφεσιν</span> <span class='ocrx_word' id='word_1_317' title='bbox 3294 2012 3394 2074; x_wconf 76' lang='grc' dir='ltr'>τῆς</span> <span class='ocrx_word' id='word_1_318' title='bbox 3445 2006 3717 2080; x_wconf 75' lang='grc' dir='ltr'>τιμωρίας</span> <span class='ocrx_word' id='word_1_319' title='bbox 3757 2006 3829 2078; x_wconf 77' lang='grc' dir='ltr'>βεο</span> 
     </span>
    </p>
   </div>
   <div class='ocr_carea' id='block_1_49' title="bbox 2198 2090 3823 2168">
    <p class='ocr_par' dir='ltr' id='par_1_49' title="bbox 2198 2090 3823 2168">
     <span class='ocr_line' id='line_1_49' title="bbox 2198 2090 3823 2168; baseline -0.001 -21"><span class='ocrx_word' id='word_1_320' title='bbox 2198 2090 2458 2162; x_wconf 89' lang='grc' dir='ltr'>ϐαιώσας,</span> <span class='ocrx_word' id='word_1_321' title='bbox 2547 2092 2751 2149; x_wconf 81' lang='grc' dir='ltr'>ἔπεισεν</span> <span class='ocrx_word' id='word_1_322' title='bbox 2830 2094 2985 2148; x_wconf 82' lang='grc' dir='ltr'>αὐτὸν</span> <span class='ocrx_word' id='word_1_323' title='bbox 3067 2092 3341 2167; x_wconf 75' lang='grc' dir='ltr'>προδότην</span> <span class='ocrx_word' id='word_1_324' title='bbox 3422 2095 3669 2168; x_wconf 76' lang='grc' dir='ltr'>γενέσθαι</span> <span class='ocrx_word' id='word_1_325' title='bbox 3733 2098 3823 2147; x_wconf 84' lang='grc' dir='ltr'>τῶν</span> 
     </span>
    </p>
   </div>
   <div class='ocr_carea' id='block_1_50' title="bbox 2195 2184 3829 2259">
    <p class='ocr_par' dir='ltr' id='par_1_50' title="bbox 2195 2184 3829 2259">
     <span class='ocr_line' id='line_1_50' title="bbox 2195 2184 3829 2259; baseline -0.002 -21"><span class='ocrx_word' id='word_1_326' title='bbox 2195 2188 2624 2240; x_wconf 86' lang='grc' dir='ltr'>συναποστατῶν.</span> <span class='ocrx_word' id='word_1_327' title='bbox 2688 2184 2780 2239; x_wconf 83' lang='grc' dir='ltr'>Διὸ</span> <span class='ocrx_word' id='word_1_328' title='bbox 2850 2184 2937 2237; x_wconf 77' lang='grc' dir='ltr'>καὶ</span> <span class='ocrx_word' id='word_1_329' title='bbox 2997 2185 3194 2239; x_wconf 78' lang='grc' dir='ltr'>τούτου</span> <span class='ocrx_word' id='word_1_330' title='bbox 3273 2186 3666 2259; x_wconf 70' lang='grc' dir='ltr'>συνεργοῦντος</span> <span class='ocrx_word' id='word_1_331' title='bbox 3728 2187 3829 2241; x_wconf 74' lang='grc' dir='ltr'>τοῖς</span> 
     </span>
    </p>
   </div>
   <div class='ocr_carea' id='block_1_51' title="bbox 2194 2272 3828 2350">
    <p class='ocr_par' dir='ltr' id='par_1_51' title="bbox 2194 2272 3828 2350">
     <span class='ocr_line' id='line_1_51' title="bbox 2194 2272 3828 2350; baseline -0.001 -23"><span class='ocrx_word' id='word_1_332' title='bbox 2194 2274 2489 2346; x_wconf 86' lang='grc' dir='ltr'>Ῥωμαίοις</span> <span class='ocrx_word' id='word_1_333' title='bbox 2530 2274 2619 2327; x_wconf 83' lang='grc' dir='ltr'>καὶ</span> <span class='ocrx_word' id='word_1_334' title='bbox 2653 2274 2745 2335; x_wconf 79' lang='grc' dir='ltr'>τὰς</span> <span class='ocrx_word' id='word_1_335' title='bbox 2776 2278 2965 2348; x_wconf 82' lang='grc' dir='ltr'>χεῖρας</span> <span class='ocrx_word' id='word_1_336' title='bbox 3006 2273 3408 2350; x_wconf 70' lang='grc' dir='ltr'>προσφέροντος</span> <span class='ocrx_word' id='word_1_337' title='bbox 3452 2279 3534 2345; x_wconf 72' lang='grc' dir='ltr'>τῷ</span> <span class='ocrx_word' id='word_1_338' title='bbox 3584 2272 3828 2345; x_wconf 72' lang='grc' dir='ltr'>Οὖεττίῳ,</span> 
     </span>
    </p>
   </div>
   <div class='ocr_carea' id='block_1_52' title="bbox 2195 2358 3828 2438">
    <p class='ocr_par' dir='ltr' id='par_1_52' title="bbox 2195 2358 3828 2438">
     <span class='ocr_line' id='line_1_52' title="bbox 2195 2358 3828 2438; baseline -0.002 -21"><span class='ocrx_word' id='word_1_339' title='bbox 2195 2358 2453 2438; x_wconf 74' lang='grc' dir='ltr'>φοϐηθεὶς</span> <span class='ocrx_word' id='word_1_340' title='bbox 2491 2364 2590 2430; x_wconf 72' lang='grc' dir='ltr'>τὴν</span> <span class='ocrx_word' id='word_1_341' title='bbox 2623 2361 2682 2417; x_wconf 87' lang='grc' dir='ltr'>ἐκ</span> <span class='ocrx_word' id='word_1_342' title='bbox 2727 2370 2827 2431; x_wconf 79' lang='grc' dir='ltr'>τῆς</span> <span class='ocrx_word' id='word_1_343' title='bbox 2861 2360 3124 2424; x_wconf 77' lang='grc' dir='ltr'>ἁλώσεως</span> <span class='ocrx_word' id='word_1_344' title='bbox 3170 2362 3444 2437; x_wconf 79' lang='grc' dir='ltr'>τιμωρίαν</span> <span class='ocrx_word' id='word_1_345' title='bbox 3500 2365 3693 2417; x_wconf 72' lang='grc' dir='ltr'>ἑαυτὸν</span> <span class='ocrx_word' id='word_1_346' title='bbox 3742 2363 3828 2415; x_wconf 74' lang='grc' dir='ltr'>άπ-</span> 
     </span>
    </p>
   </div>
   <div class='ocr_carea' id='block_1_53' title="bbox 2195 2451 3831 2531">
    <p class='ocr_par' dir='ltr' id='par_1_53' title="bbox 2195 2451 3831 2531">
     <span class='ocr_line' id='line_1_53' title="bbox 2195 2451 3831 2531; baseline -0.001 -24"><span class='ocrx_word' id='word_1_347' title='bbox 2195 2452 2432 2531; x_wconf 67' lang='grc' dir='ltr'>ἐσφαξεν,</span> <span class='ocrx_word' id='word_1_348' title='bbox 2488 2452 2681 2508; x_wconf 82' lang='grc' dir='ltr'>αὐτίκα</span> <span class='ocrx_word' id='word_1_349' title='bbox 2722 2451 3199 2507; x_wconf 88' lang='grc' dir='ltr'>συναπολωλότων</span> <span class='ocrx_word' id='word_1_350' title='bbox 3254 2457 3343 2507; x_wconf 74' lang='grc' dir='ltr'>καὶ</span> <span class='ocrx_word' id='word_1_351' title='bbox 3395 2458 3507 2507; x_wconf 85' lang='grc' dir='ltr'>τῶν</span> <span class='ocrx_word' id='word_1_352' title='bbox 3572 2460 3676 2521; x_wconf 77' lang='grc' dir='ltr'>τῆς</span> 
     </span>
    </p>
   </div>
   <div class='ocr_carea' id='block_1_54' title="bbox 2196 2540 3827 2616">
    <p class='ocr_par' dir='ltr' id='par_1_54' title="bbox 2196 2540 3827 2616">
     <span class='ocr_line' id='line_1_54' title="bbox 2196 2540 3827 2616; baseline -0.001 -21"><span class='ocrx_word' id='word_1_353' title='bbox 2196 2542 2429 2603; x_wconf 84' lang='grc' dir='ltr'>στάσεως</span> <span class='ocrx_word' id='word_1_354' title='bbox 2463 2543 2965 2610; x_wconf 79' lang='grc' dir='ltr'>κεκοινωνηκότων,</span> <span class='ocrx_word' id='word_1_355' title='bbox 2996 2542 3143 2610; x_wconf 69' lang='grc' dir='ltr'>πλὴν</span> <span class='ocrx_word' id='word_1_356' title='bbox 3175 2547 3271 2597; x_wconf 75' lang='grc' dir='ltr'>τοῦ</span> <span class='ocrx_word' id='word_1_357' title='bbox 3304 2540 3614 2616; x_wconf 62' lang='grc' dir='ltr'>προδόντος</span> <span class='ocrx_word' id='word_1_358' title='bbox 3647 2540 3827 2597; x_wconf 76' lang='grc' dir='ltr'>Ἀπολ·</span> 
     </span>
    </p>
   </div>
   <div class='ocr_carea' id='block_1_55' title="bbox 2195 2630 3825 2705">
    <p class='ocr_par' dir='ltr' id='par_1_55' title="bbox 2195 2630 3825 2705">
     <span class='ocr_line' id='line_1_55' title="bbox 2195 2630 3825 2705; baseline -0.001 -19"><span class='ocrx_word' id='word_1_359' title='bbox 2195 2630 2416 2688; x_wconf 86' lang='grc' dir='ltr'>λωνίου.</span> <span class='ocrx_word' id='word_1_360' title='bbox 2452 2632 2549 2686; x_wconf 78' lang='grc' dir='ltr'>Καὶ</span> <span class='ocrx_word' id='word_1_361' title='bbox 2580 2636 2748 2685; x_wconf 77' lang='grc' dir='ltr'>ταῦτα</span> <span class='ocrx_word' id='word_1_362' title='bbox 2790 2632 2882 2705; x_wconf 75' lang='grc' dir='ltr'>μὲν</span> <span class='ocrx_word' id='word_1_363' title='bbox 2913 2633 3019 2705; x_wconf 82' lang='grc' dir='ltr'>πρὸ</span> <span class='ocrx_word' id='word_1_364' title='bbox 3058 2635 3157 2697; x_wconf 79' lang='grc' dir='ltr'>τῆς</span> <span class='ocrx_word' id='word_1_365' title='bbox 3188 2633 3322 2686; x_wconf 81' lang='grc' dir='ltr'>κατὰ</span> <span class='ocrx_word' id='word_1_366' title='bbox 3357 2630 3639 2698; x_wconf 85' lang='grc' dir='ltr'>Σικελίαν,</span> <span class='ocrx_word' id='word_1_367' title='bbox 3663 2632 3825 2703; x_wconf 76' lang='grc' dir='ltr'>ὥσπερ</span> 
     </span>
    </p>
   </div>
   <div class='ocr_carea' id='block_1_56' title="bbox 2192 2720 3827 2797">
    <p class='ocr_par' dir='ltr' id='par_1_56' title="bbox 2192 2720 3827 2797">
     <span class='ocr_line' id='line_1_56' title="bbox 2192 2720 3827 2797; baseline 0 -23"><span class='ocrx_word' id='word_1_368' title='bbox 2192 2721 2661 2795; x_wconf 80' lang='grc' dir='ltr'>προοιμιαζόμενα</span> <span class='ocrx_word' id='word_1_369' title='bbox 2716 2722 2883 2795; x_wconf 80' lang='grc' dir='ltr'>ταύτῃ</span> <span class='ocrx_word' id='word_1_370' title='bbox 2944 2723 3009 2788; x_wconf 84' lang='grc'>³⁸,</span> <span class='ocrx_word' id='word_1_371' title='bbox 3095 2722 3359 2797; x_wconf 83' lang='grc' dir='ltr'>μεγίσσης</span> <span class='ocrx_word' id='word_1_372' title='bbox 3446 2720 3827 2781; x_wconf 70' lang='grc' dir='ltr'>ἀποστάσεως·</span> 
     </span>
    </p>
   </div>
   <div class='ocr_carea' id='block_1_57' title="bbox 2192 2804 3035 2887">
    <p class='ocr_par' dir='ltr' id='par_1_57' title="bbox 2192 2804 3035 2887">
     <span class='ocr_line' id='line_1_57' title="bbox 2192 2804 3035 2887; baseline 0.006 -24"><span class='ocrx_word' id='word_1_373' title='bbox 2192 2807 2315 2877; x_wconf 73' lang='grc' dir='ltr'>ἤτις</span> <span class='ocrx_word' id='word_1_374' title='bbox 2347 2810 2529 2887; x_wconf 74' lang='grc' dir='ltr'>ἀρχὴν</span> <span class='ocrx_word' id='word_1_375' title='bbox 2562 2804 2726 2864; x_wconf 81' lang='grc' dir='ltr'>ἔλαϐε</span> <span class='ocrx_word' id='word_1_376' title='bbox 2755 2809 3035 2881; x_wconf 80' lang='grc' dir='ltr'>τοιαύτην.</span> 
     </span>
    </p>
   </div>
   <div class='ocr_carea' id='block_1_58' title="bbox 442 2898 3831 2979">
    <p class='ocr_par' dir='ltr' id='par_1_58' title="bbox 442 2898 3831 2979">
     <span class='ocr_line' id='line_1_58' title="bbox 442 2898 3831 2979; baseline -0.002 -17"><span class='ocrx_word' id='word_1_377' title='bbox 442 2911 650 2979; x_wconf 66' lang='lat' dir='ltr'>praeter</span> <span class='ocrx_word' id='word_1_378' title='bbox 679 2923 811 2962; x_wconf 91' lang='lat' dir='ltr'>eum</span> <span class='ocrx_word' id='word_1_379' title='bbox 847 2904 946 2976; x_wconf 89' lang='lat' dir='ltr'>qui</span> <span class='ocrx_word' id='word_1_380' title='bbox 981 2903 1113 2960; x_wconf 91' lang='lat' dir='ltr'>illos</span> <span class='ocrx_word' id='word_1_381' title='bbox 1145 2902 1472 2974; x_wconf 80' lang='lat' dir='ltr'>prodiderat</span> <span class='ocrx_word' id='word_1_382' title='bbox 1503 2898 1891 2972; x_wconf 77' lang='lat' dir='ltr'>Apollonium.</span> <span class='ocrx_word' id='word_1_383' title='bbox 1926 2899 1994 2954; x_wconf 89' lang='lat' dir='ltr'>Et</span> <span class='ocrx_word' id='word_1_384' title='bbox 2044 2899 2164 2957; x_wconf 59' lang='lat' dir='ltr'>hac</span> <span class='ocrx_word' id='word_1_385' title='bbox 2196 2901 2429 2972; x_wconf 89' lang='lat' dir='ltr'>quidem</span> <span class='ocrx_word' id='word_1_386' title='bbox 2464 2906 2899 2957; x_wconf 89' lang='lat' dir='ltr'>anteverterunt</span> <span class='ocrx_word' id='word_1_387' title='bbox 2921 2902 3238 2958; x_wconf 85' lang='lat' dir='ltr'>maximam</span> <span class='ocrx_word' id='word_1_388' title='bbox 3273 2902 3367 2973; x_wconf 88' lang='lat' dir='ltr'>qui</span> <span class='ocrx_word' id='word_1_389' title='bbox 3400 2903 3459 2957; x_wconf 91' lang='lat' dir='ltr'>in</span> <span class='ocrx_word' id='word_1_390' title='bbox 3497 2903 3688 2959; x_wconf 78' lang='lat' dir='ltr'>Sicilia</span> <span class='ocrx_word' id='word_1_391' title='bbox 3708 2917 3831 2958; x_wconf 79' lang='lat' dir='ltr'>con-</span> 
     </span>
    </p>
   </div>
   <div class='ocr_carea' id='block_1_59' title="bbox 442 2989 3484 3065">
    <p class='ocr_par' dir='ltr' id='par_1_59' title="bbox 442 2989 3484 3065">
     <span class='ocr_line' id='line_1_59' title="bbox 442 2989 3484 3065; baseline -0.001 -14"><span class='ocrx_word' id='word_1_392' title='bbox 442 2996 568 3065; x_wconf 83' lang='lat' dir='ltr'>tigit</span> <span class='ocrx_word' id='word_1_393' title='bbox 607 2994 988 3052; x_wconf 82' lang='lat' dir='ltr'>defectionem</span> <span class='ocrx_word' id='word_1_394' title='bbox 1020 2992 1208 3048; x_wconf 74' lang='grc'>3871)</span> <span class='ocrx_word' id='word_1_395' title='bbox 1240 2990 1407 3062; x_wconf 91' lang='lat' dir='ltr'>quasi</span> <span class='ocrx_word' id='word_1_396' title='bbox 1451 3007 1580 3061; x_wconf 83' lang='lat' dir='ltr'>quae</span> <span class='ocrx_word' id='word_1_397' title='bbox 1612 2990 1739 3059; x_wconf 82' lang='lat' dir='ltr'>ejus</span> <span class='ocrx_word' id='word_1_398' title='bbox 1770 2989 2054 3058; x_wconf 87' lang='lat' dir='ltr'>quoddam</span> <span class='ocrx_word' id='word_1_399' title='bbox 2091 2990 2437 3060; x_wconf 83' lang='lat' dir='ltr'>praeludium</span> <span class='ocrx_word' id='word_1_400' title='bbox 2472 2996 2686 3046; x_wconf 86' lang='lat' dir='ltr'>essent.</span> <span class='ocrx_word' id='word_1_401' title='bbox 2723 2991 2798 3047; x_wconf 87' lang='lat' dir='ltr'>Ea</span> <span class='ocrx_word' id='word_1_402' title='bbox 2830 2997 3021 3048; x_wconf 90' lang='lat' dir='ltr'>autem</span> <span class='ocrx_word' id='word_1_403' title='bbox 3059 2991 3195 3049; x_wconf 89' lang='lat' dir='ltr'>hinc</span> <span class='ocrx_word' id='word_1_404' title='bbox 3225 3001 3349 3048; x_wconf 90' lang='lat' dir='ltr'>orta</span> <span class='ocrx_word' id='word_1_405' title='bbox 3375 2998 3484 3048; x_wconf 89' lang='lat' dir='ltr'>est.</span> 
     </span>
    </p>
   </div>
   <div class='ocr_carea' id='block_1_60' title="bbox 512 3074 2085 3154">
    <p class='ocr_par' dir='ltr' id='par_1_60' title="bbox 512 3078 2081 3150">
     <span class='ocr_line' id='line_1_60' title="bbox 512 3078 2081 3150; baseline -0.004 -11"><span class='ocrx_word' id='word_1_406' title='bbox 512 3085 576 3140; x_wconf 91' lang='lat' dir='ltr'>In</span> <span class='ocrx_word' id='word_1_407' title='bbox 617 3084 779 3139; x_wconf 83' lang='lat' dir='ltr'>Marii</span> <span class='ocrx_word' id='word_1_408' title='bbox 810 3085 1090 3139; x_wconf 83' lang='lat' dir='ltr'>adversus</span> <span class='ocrx_word' id='word_1_409' title='bbox 1129 3082 1395 3136; x_wconf 78' lang='lat' dir='ltr'>Cimbros</span> <span class='ocrx_word' id='word_1_410' title='bbox 1428 3078 1793 3150; x_wconf 86' lang='lat' dir='ltr'>expeditione</span> <span class='ocrx_word' id='word_1_411' title='bbox 1846 3082 2081 3133; x_wconf 83' lang='lat' dir='ltr'>senatus</span> 
     </span>
    </p>
   </div>
   <div class='ocr_carea' id='block_1_61' title="bbox 2195 3074 3825 3154">
    <p class='ocr_par' dir='ltr' id='par_1_61' title="bbox 2274 3074 3825 3154">
     <span class='ocr_line' id='line_1_61' title="bbox 2274 3074 3825 3154; baseline -0.002 -22"><span class='ocrx_word' id='word_1_412' title='bbox 2274 3077 2425 3132; x_wconf 79' lang='grc' dir='ltr'>Κατὰ</span> <span class='ocrx_word' id='word_1_413' title='bbox 2470 3079 2571 3147; x_wconf 75' lang='grc' dir='ltr'>την</span> <span class='ocrx_word' id='word_1_414' title='bbox 2619 3077 2705 3132; x_wconf 82' lang='grc' dir='ltr'>ἐπὶ</span> <span class='ocrx_word' id='word_1_415' title='bbox 2755 3078 2881 3141; x_wconf 82' lang='grc' dir='ltr'>τοὺς</span> <span class='ocrx_word' id='word_1_416' title='bbox 2928 3074 3211 3153; x_wconf 87' lang='grc' dir='ltr'>Κίμϐρους</span> <span class='ocrx_word' id='word_1_417' title='bbox 3261 3083 3359 3134; x_wconf 75' lang='grc' dir='ltr'>τοῦ</span> <span class='ocrx_word' id='word_1_418' title='bbox 3410 3080 3615 3154; x_wconf 76' lang='grc' dir='ltr'>Μαρίου</span> <span class='ocrx_word' id='word_1_419' title='bbox 3672 3096 3825 3150; x_wconf 84' lang='grc' dir='ltr'>στρα-</span> 
     </span>
    </p>
   </div>
   <div class='ocr_carea' id='block_1_62' title="bbox 444 3168 2089 3239">
    <p class='ocr_par' dir='ltr' id='par_1_62' title="bbox 444 3168 2089 3239">
     <span class='ocr_line' id='line_1_62' title="bbox 444 3168 2089 3239; baseline -0.005 -8"><span class='ocrx_word' id='word_1_420' title='bbox 444 3176 652 3231; x_wconf 83' lang='lat' dir='ltr'>auxilia</span> <span class='ocrx_word' id='word_1_421' title='bbox 696 3192 763 3230; x_wconf 88' lang='lat' dir='ltr'>ex</span> <span class='ocrx_word' id='word_1_422' title='bbox 794 3171 1206 3230; x_wconf 89' lang='lat' dir='ltr'>transmarinis</span> <span class='ocrx_word' id='word_1_423' title='bbox 1237 3170 1573 3226; x_wconf 85' lang='lat' dir='ltr'>nationibus</span> <span class='ocrx_word' id='word_1_424' title='bbox 1603 3168 1933 3224; x_wconf 90' lang='lat' dir='ltr'>accersendi</span> <span class='ocrx_word' id='word_1_425' title='bbox 1982 3184 2089 3239; x_wconf 88' lang='lat' dir='ltr'>po-</span> 
     </span>
    </p>
   </div>
   <div class='ocr_carea' id='block_1_63' title="bbox 442 3258 2087 3330">
    <p class='ocr_par' dir='ltr' id='par_1_63' title="bbox 442 3258 2087 3330">
     <span class='ocr_line' id='line_1_63' title="bbox 442 3258 2087 3330; baseline -0.005 -11"><span class='ocrx_word' id='word_1_426' title='bbox 442 3269 708 3319; x_wconf 87' lang='lat' dir='ltr'>testatem</span> <span class='ocrx_word' id='word_1_427' title='bbox 725 3263 905 3318; x_wconf 90' lang='lat' dir='ltr'>Mario</span> <span class='ocrx_word' id='word_1_428' title='bbox 929 3262 1184 3317; x_wconf 88' lang='lat' dir='ltr'>dederat.</span> <span class='ocrx_word' id='word_1_429' title='bbox 1203 3260 1419 3314; x_wconf 83' lang='lat' dir='ltr'>Marius</span> <span class='ocrx_word' id='word_1_430' title='bbox 1435 3260 1609 3330; x_wconf 87' lang='lat' dir='ltr'>igitur</span> <span class='ocrx_word' id='word_1_431' title='bbox 1624 3259 1691 3313; x_wconf 92' lang='lat' dir='ltr'>ad</span> <span class='ocrx_word' id='word_1_432' title='bbox 1716 3258 2087 3313; x_wconf 89' lang='lat' dir='ltr'>Nicomedem</span> 
     </span>
    </p>
   </div>
   <div class='ocr_carea' id='block_1_64' title="bbox 443 3346 2086 3423">
    <p class='ocr_par' dir='ltr' id='par_1_64' title="bbox 443 3346 2086 3423">
     <span class='ocr_line' id='line_1_64' title="bbox 443 3346 2086 3423; baseline -0.003 -17"><span class='ocrx_word' id='word_1_433' title='bbox 443 3351 724 3423; x_wconf 62' lang='lat' dir='ltr'>Bithynia</span> <span class='ocrx_word' id='word_1_434' title='bbox 758 3366 955 3420; x_wconf 88' lang='lat' dir='ltr'>regem</span> <span class='ocrx_word' id='word_1_435' title='bbox 987 3351 1057 3404; x_wconf 90' lang='lat' dir='ltr'>de</span> <span class='ocrx_word' id='word_1_436' title='bbox 1080 3348 1381 3402; x_wconf 86' lang='lat' dir='ltr'>mittendis</span> <span class='ocrx_word' id='word_1_437' title='bbox 1399 3348 1467 3401; x_wconf 92' lang='lat' dir='ltr'>ad</span> <span class='ocrx_word' id='word_1_438' title='bbox 1503 3363 1563 3402; x_wconf 89' lang='lat' dir='ltr'>se</span> <span class='ocrx_word' id='word_1_439' title='bbox 1595 3346 1975 3402; x_wconf 77' lang='lat' dir='ltr'>auxiliaribus</span> <span class='ocrx_word' id='word_1_440' title='bbox 2001 3362 2086 3401; x_wconf 93' lang='lat' dir='ltr'>co-</span> 
     </span>
    </p>
   </div>
   <div class='ocr_carea' id='block_1_65' title="bbox 443 3434 2087 3512">
    <p class='ocr_par' dir='ltr' id='par_1_65' title="bbox 443 3434 2087 3512">
     <span class='ocr_line' id='line_1_65' title="bbox 443 3434 2087 3512; baseline -0.002 -18"><span class='ocrx_word' id='word_1_441' title='bbox 443 3440 555 3512; x_wconf 91' lang='lat' dir='ltr'>piis</span> <span class='ocrx_word' id='word_1_442' title='bbox 588 3439 810 3495; x_wconf 89' lang='lat' dir='ltr'>scribit.</span> <span class='ocrx_word' id='word_1_443' title='bbox 846 3440 900 3493; x_wconf 92' lang='lat' dir='ltr'>ls</span> <span class='ocrx_word' id='word_1_444' title='bbox 924 3454 1264 3507; x_wconf 86' lang='lat' dir='ltr'>responsum</span> <span class='ocrx_word' id='word_1_445' title='bbox 1299 3437 1417 3503; x_wconf 91' lang='lat' dir='ltr'>dat,</span> <span class='ocrx_word' id='word_1_446' title='bbox 1461 3436 1671 3490; x_wconf 89' lang='lat' dir='ltr'>bonam</span> <span class='ocrx_word' id='word_1_447' title='bbox 1704 3434 2087 3506; x_wconf 82' lang='lat' dir='ltr'>Bithynorum</span> 
     </span>
    </p>
   </div>
   <div class='ocr_carea' id='block_1_66' title="bbox 444 3524 2087 3601">
    <p class='ocr_par' dir='ltr' id='par_1_66' title="bbox 444 3524 2087 3601">
     <span class='ocr_line' id='line_1_66' title="bbox 444 3524 2087 3601; baseline -0.004 -17"><span class='ocrx_word' id='word_1_448' title='bbox 444 3533 667 3601; x_wconf 90' lang='lat' dir='ltr'>partem</span> <span class='ocrx_word' id='word_1_449' title='bbox 702 3546 735 3583; x_wconf 91' lang='lat' dir='ltr'>a</span> <span class='ocrx_word' id='word_1_450' title='bbox 778 3526 1148 3599; x_wconf 81' lang='lat' dir='ltr'>vectigalium</span> <span class='ocrx_word' id='word_1_451' title='bbox 1212 3524 1577 3597; x_wconf 89' lang='lat' dir='ltr'>publicorum</span> <span class='ocrx_word' id='word_1_452' title='bbox 1622 3524 2087 3593; x_wconf 86' lang='lat' dir='ltr'>redemptoribus</span> 
     </span>
    </p>
   </div>
   <div class='ocr_carea' id='block_1_67' title="bbox 444 3611 2081 3690">
    <p class='ocr_par' dir='ltr' id='par_1_67' title="bbox 444 3611 2081 3690">
     <span class='ocr_line' id='line_1_67' title="bbox 444 3611 2081 3690; baseline -0.004 -17"><span class='ocrx_word' id='word_1_453' title='bbox 444 3619 729 3690; x_wconf 88' lang='lat' dir='ltr'>direptam</span> <span class='ocrx_word' id='word_1_454' title='bbox 763 3618 975 3673; x_wconf 85' lang='lat' dir='ltr'>servire</span> <span class='ocrx_word' id='word_1_455' title='bbox 1025 3614 1364 3671; x_wconf 82' lang='lat' dir='ltr'>servitutem</span> <span class='ocrx_word' id='word_1_456' title='bbox 1408 3630 1510 3685; x_wconf 90' lang='lat' dir='ltr'>per</span> <span class='ocrx_word' id='word_1_457' title='bbox 1540 3612 1893 3684; x_wconf 83' lang='lat' dir='ltr'>provincias.</span> <span class='ocrx_word' id='word_1_458' title='bbox 1938 3611 2081 3667; x_wconf 90' lang='lat' dir='ltr'>Cum</span> 
     </span>
    </p>
   </div>
   <div class='ocr_carea' id='block_1_68' title="bbox 441 3701 2090 3776">
    <p class='ocr_par' dir='ltr' id='par_1_68' title="bbox 441 3701 2090 3776">
     <span class='ocr_line' id='line_1_68' title="bbox 441 3701 2090 3776; baseline -0.005 -13"><span class='ocrx_word' id='word_1_459' title='bbox 441 3712 635 3763; x_wconf 89' lang='lat' dir='ltr'>autem</span> <span class='ocrx_word' id='word_1_460' title='bbox 651 3711 886 3763; x_wconf 89' lang='lat' dir='ltr'>senatus</span> <span class='ocrx_word' id='word_1_461' title='bbox 900 3704 1227 3762; x_wconf 88' lang='lat' dir='ltr'>consultum</span> <span class='ocrx_word' id='word_1_462' title='bbox 1244 3708 1421 3768; x_wconf 86' lang='lat' dir='ltr'>esset,</span> <span class='ocrx_word' id='word_1_463' title='bbox 1440 3719 1511 3758; x_wconf 90' lang='lat' dir='ltr'>ne</span> <span class='ocrx_word' id='word_1_464' title='bbox 1526 3703 1656 3776; x_wconf 88' lang='lat' dir='ltr'>quis</span> <span class='ocrx_word' id='word_1_465' title='bbox 1674 3718 1738 3757; x_wconf 88' lang='lat' dir='ltr'>ex</span> <span class='ocrx_word' id='word_1_466' title='bbox 1761 3702 1955 3772; x_wconf 92' lang='lat' dir='ltr'>populi</span> <span class='ocrx_word' id='word_1_467' title='bbox 1982 3701 2090 3756; x_wconf 82' lang='lat' dir='ltr'>Ro-</span> 
     </span>
    </p>
   </div>
   <div class='ocr_carea' id='block_1_69' title="bbox 442 3790 2089 3867">
    <p class='ocr_par' dir='ltr' id='par_1_69' title="bbox 442 3790 2089 3867">
     <span class='ocr_line' id='line_1_69' title="bbox 442 3790 2089 3867; baseline -0.004 -15"><span class='ocrx_word' id='word_1_468' title='bbox 442 3797 598 3853; x_wconf 89' lang='lat' dir='ltr'>mani</span> <span class='ocrx_word' id='word_1_469' title='bbox 633 3796 823 3865; x_wconf 85' lang='lat' dir='ltr'>sociis,</span> <span class='ocrx_word' id='word_1_470' title='bbox 857 3793 1369 3867; x_wconf 89' lang='lat' dir='ltr'>quiquidemliber</span> <span class='ocrx_word' id='word_1_471' title='bbox 1397 3790 2089 3862; x_wconf 89' lang='lat' dir='ltr'>esset,inprovinciaulla</span> 
     </span>
    </p>
   </div>
   <div class='ocr_carea' id='block_1_70' title="bbox 441 3881 2090 3955">
    <p class='ocr_par' dir='ltr' id='par_1_70' title="bbox 441 3881 2090 3955">
     <span class='ocr_line' id='line_1_70' title="bbox 441 3881 2090 3955; baseline -0.005 -12"><span class='ocrx_word' id='word_1_472' title='bbox 441 3887 699 3951; x_wconf 88' lang='lat' dir='ltr'>serviret,</span> <span class='ocrx_word' id='word_1_473' title='bbox 732 3890 789 3941; x_wconf 88' lang='lat' dir='ltr'>et</span> <span class='ocrx_word' id='word_1_474' title='bbox 820 3894 879 3940; x_wconf 89' lang='lat' dir='ltr'>ut</span> <span class='ocrx_word' id='word_1_475' title='bbox 912 3885 1293 3955; x_wconf 84' lang='lat' dir='ltr'>imperatores</span> <span class='ocrx_word' id='word_1_476' title='bbox 1316 3899 1513 3938; x_wconf 91' lang='lat' dir='ltr'>curam</span> <span class='ocrx_word' id='word_1_477' title='bbox 1546 3898 1747 3937; x_wconf 89' lang='lat' dir='ltr'>eorum</span> <span class='ocrx_word' id='word_1_478' title='bbox 1772 3881 2090 3936; x_wconf 88' lang='lat' dir='ltr'>manumit-</span> 
     </span>
    </p>
   </div>
   <div class='ocr_carea' id='block_1_71' title="bbox 441 3969 2089 4045">
    <p class='ocr_par' dir='ltr' id='par_1_71' title="bbox 441 3969 2089 4045">
     <span class='ocr_line' id='line_1_71' title="bbox 441 3969 2089 4045; baseline -0.005 -14"><span class='ocrx_word' id='word_1_479' title='bbox 441 3976 755 4032; x_wconf 88' lang='lat' dir='ltr'>tendorum</span> <span class='ocrx_word' id='word_1_480' title='bbox 779 3977 1067 4045; x_wconf 86' lang='lat' dir='ltr'>gererent,</span> <span class='ocrx_word' id='word_1_481' title='bbox 1101 3973 1311 4029; x_wconf 84' lang='lat' dir='ltr'>accidit</span> <span class='ocrx_word' id='word_1_482' title='bbox 1336 3980 1396 4027; x_wconf 90' lang='lat' dir='ltr'>ut</span> <span class='ocrx_word' id='word_1_483' title='bbox 1461 3972 1776 4041; x_wconf 89' lang='lat' dir='ltr'>imperator</span> <span class='ocrx_word' id='word_1_484' title='bbox 1834 3969 2089 4026; x_wconf 88' lang='lat' dir='ltr'>Licinius</span> 
     </span>
    </p>
   </div>
   <div class='ocr_carea' id='block_1_72' title="bbox 441 4060 2087 4137">
    <p class='ocr_par' dir='ltr' id='par_1_72' title="bbox 441 4060 2087 4137">
     <span class='ocr_line' id='line_1_72' title="bbox 441 4060 2087 4137; baseline -0.004 -16"><span class='ocrx_word' id='word_1_485' title='bbox 441 4066 645 4133; x_wconf 89' lang='lat' dir='ltr'>Nerva,</span> <span class='ocrx_word' id='word_1_486' title='bbox 679 4064 778 4137; x_wconf 92' lang='lat' dir='ltr'>qui</span> <span class='ocrx_word' id='word_1_487' title='bbox 811 4069 937 4119; x_wconf 89' lang='lat' dir='ltr'>tum</span> <span class='ocrx_word' id='word_1_488' title='bbox 972 4064 1114 4118; x_wconf 81' lang='lat' dir='ltr'>forte</span> <span class='ocrx_word' id='word_1_489' title='bbox 1144 4062 1203 4117; x_wconf 93' lang='lat' dir='ltr'>in</span> <span class='ocrx_word' id='word_1_490' title='bbox 1219 4061 1414 4118; x_wconf 86' lang='lat' dir='ltr'>Sicilia</span> <span class='ocrx_word' id='word_1_491' title='bbox 1435 4070 1578 4127; x_wconf 87' lang='lat' dir='ltr'>erat,</span> <span class='ocrx_word' id='word_1_492' title='bbox 1603 4060 1899 4116; x_wconf 90' lang='lat' dir='ltr'>decretum</span> <span class='ocrx_word' id='word_1_493' title='bbox 1916 4077 2087 4116; x_wconf 88' lang='lat' dir='ltr'>sena-</span> 
     </span>
    </p>
   </div>
   <div class='ocr_carea' id='block_1_73' title="bbox 441 4148 2090 4223">
    <p class='ocr_par' dir='ltr' id='par_1_73' title="bbox 441 4148 2090 4223">
     <span class='ocr_line' id='line_1_73' title="bbox 441 4148 2090 4223; baseline -0.003 -14"><span class='ocrx_word' id='word_1_494' title='bbox 441 4159 533 4211; x_wconf 92' lang='lat' dir='ltr'>tus</span> <span class='ocrx_word' id='word_1_495' title='bbox 564 4156 899 4223; x_wconf 86' lang='lat' dir='ltr'>observans,</span> <span class='ocrx_word' id='word_1_496' title='bbox 933 4152 1151 4208; x_wconf 91' lang='lat' dir='ltr'>multos</span> <span class='ocrx_word' id='word_1_497' title='bbox 1182 4168 1251 4208; x_wconf 87' lang='lat' dir='ltr'>ex</span> <span class='ocrx_word' id='word_1_498' title='bbox 1282 4151 1457 4207; x_wconf 88' lang='lat' dir='ltr'>servis</span> <span class='ocrx_word' id='word_1_499' title='bbox 1483 4150 1722 4221; x_wconf 86' lang='lat' dir='ltr'>judiciis</span> <span class='ocrx_word' id='word_1_500' title='bbox 1754 4148 2090 4205; x_wconf 90' lang='lat' dir='ltr'>constitutis</span> 
     </span>
    </p>
   </div>
   <div class='ocr_carea' id='block_1_74' title="bbox 441 4239 2090 4310">
    <p class='ocr_par' dir='ltr' id='par_1_74' title="bbox 441 4239 2090 4310">
     <span class='ocr_line' id='line_1_74' title="bbox 441 4239 2090 4310; baseline -0.002 -11"><span class='ocrx_word' id='word_1_501' title='bbox 441 4244 899 4309; x_wconf 88' lang='lat' dir='ltr'>manumitteret,</span> <span class='ocrx_word' id='word_1_502' title='bbox 961 4244 1102 4298; x_wconf 86' lang='lat' dir='ltr'>adeo</span> <span class='ocrx_word' id='word_1_503' title='bbox 1150 4248 1207 4297; x_wconf 89' lang='lat' dir='ltr'>ut</span> <span class='ocrx_word' id='word_1_504' title='bbox 1257 4242 1409 4296; x_wconf 89' lang='lat' dir='ltr'>intra</span> <span class='ocrx_word' id='word_1_505' title='bbox 1467 4255 1683 4310; x_wconf 90' lang='lat' dir='ltr'>paucos</span> <span class='ocrx_word' id='word_1_506' title='bbox 1738 4239 1858 4294; x_wconf 89' lang='lat' dir='ltr'>dies</span> <span class='ocrx_word' id='word_1_507' title='bbox 1895 4240 2090 4310; x_wconf 87' lang='lat' dir='ltr'>plures</span> 
     </span>
    </p>
   </div>
   <div class='ocr_carea' id='block_1_75' title="bbox 436 4328 2091 4405">
    <p class='ocr_par' dir='ltr' id='par_1_75' title="bbox 436 4328 2091 4405">
     <span class='ocr_line' id='line_1_75' title="bbox 436 4328 2091 4405; baseline -0.004 -15"><span class='ocrx_word' id='word_1_508' title='bbox 436 4334 785 4405; x_wconf 90' lang='lat' dir='ltr'>octingentis</span> <span class='ocrx_word' id='word_1_509' title='bbox 808 4333 867 4387; x_wconf 92' lang='lat' dir='ltr'>in</span> <span class='ocrx_word' id='word_1_510' title='bbox 889 4332 1212 4388; x_wconf 87' lang='lat' dir='ltr'>libertatem</span> <span class='ocrx_word' id='word_1_511' title='bbox 1236 4328 1909 4399; x_wconf 85' lang='lat' dir='ltr'>asserercntur.Jamque</span> <span class='ocrx_word' id='word_1_512' title='bbox 1930 4335 2091 4384; x_wconf 84' lang='lat' dir='ltr'>erant</span> 
     </span>
    </p>
   </div>
   <div class='ocr_carea' id='block_1_76' title="bbox 2197 3158 3831 3238">
    <p class='ocr_par' dir='ltr' id='par_1_76' title="bbox 2197 3158 3831 3238">
     <span class='ocr_line' id='line_1_76' title="bbox 2197 3158 3831 3238; baseline -0.002 -19"><span class='ocrx_word' id='word_1_513' title='bbox 2197 3162 2341 3219; x_wconf 88' lang='grc' dir='ltr'>τείαν</span> <span class='ocrx_word' id='word_1_514' title='bbox 2373 3158 2568 3218; x_wconf 78' lang='grc' dir='ltr'>ἔδωκεν</span> <span class='ocrx_word' id='word_1_515' title='bbox 2599 3166 2632 3232; x_wconf 79' lang='grc' dir='ltr'>ἡ</span> <span class='ocrx_word' id='word_1_516' title='bbox 2667 3163 2973 3236; x_wconf 84' lang='grc' dir='ltr'>σύγκλητος</span> <span class='ocrx_word' id='word_1_517' title='bbox 3023 3164 3265 3234; x_wconf 80' lang='grc' dir='ltr'>ἐξουσίαν</span> <span class='ocrx_word' id='word_1_518' title='bbox 3295 3170 3377 3235; x_wconf 81' lang='grc' dir='ltr'>τῷ</span> <span class='ocrx_word' id='word_1_519' title='bbox 3407 3165 3591 3238; x_wconf 80' lang='grc' dir='ltr'>Μαρίῳ</span> <span class='ocrx_word' id='word_1_520' title='bbox 3638 3161 3697 3217; x_wconf 85' lang='grc' dir='ltr'>ἐκ</span> <span class='ocrx_word' id='word_1_521' title='bbox 3726 3166 3831 3216; x_wconf 85' lang='grc' dir='ltr'>τῶν</span> 
     </span>
    </p>
   </div>
   <div class='ocr_carea' id='block_1_77' title="bbox 2199 3253 3830 3329">
    <p class='ocr_par' dir='ltr' id='par_1_77' title="bbox 2199 3253 3830 3329">
     <span class='ocr_line' id='line_1_77' title="bbox 2199 3253 3830 3329; baseline -0.004 -19"><span class='ocrx_word' id='word_1_522' title='bbox 2199 3255 2363 3329; x_wconf 82' lang='grc' dir='ltr'>πέραν</span> <span class='ocrx_word' id='word_1_523' title='bbox 2415 3253 2684 3323; x_wconf 78' lang='grc' dir='ltr'>θαλάττης</span> <span class='ocrx_word' id='word_1_524' title='bbox 2716 3257 2761 3291; x_wconf 72' lang='grc'>³⁸</span> <span class='ocrx_word' id='word_1_525' title='bbox 2808 3253 2968 3310; x_wconf 80' lang='grc' dir='ltr'>ἐθνῶν</span> <span class='ocrx_word' id='word_1_526' title='bbox 3004 3257 3448 3329; x_wconf 67' lang='grc' dir='ltr'>μεταπέμπεσθαι</span> <span class='ocrx_word' id='word_1_527' title='bbox 3502 3254 3830 3328; x_wconf 67' lang='grc' dir='ltr'>συμμαχίαν,</span> 
     </span>
    </p>
   </div>
   <div class='ocr_carea' id='block_1_78' title="bbox 2200 3343 3834 3419">
    <p class='ocr_par' dir='ltr' id='par_1_78' title="bbox 2200 3343 3834 3419">
     <span class='ocr_line' id='line_1_78' title="bbox 2200 3343 3834 3419; baseline 0.004 -22"><span class='ocrx_word' id='word_1_528' title='bbox 2200 3344 2226 3397; x_wconf 87' lang='grc' dir='ltr'>ὁ</span> <span class='ocrx_word' id='word_1_529' title='bbox 2262 3345 2354 3417; x_wconf 77' lang='grc' dir='ltr'>μὶν</span> <span class='ocrx_word' id='word_1_530' title='bbox 2383 3345 2474 3398; x_wconf 77' lang='grc' dir='ltr'>οὖν</span> <span class='ocrx_word' id='word_1_531' title='bbox 2495 3345 2539 3381; x_wconf 83' lang='grc'>³⁷</span> <span class='ocrx_word' id='word_1_532' title='bbox 2568 3346 2781 3418; x_wconf 82' lang='grc' dir='ltr'>Μάριος</span> <span class='ocrx_word' id='word_1_533' title='bbox 2807 3344 3072 3418; x_wconf 68' lang='grc' dir='ltr'>ἐξέπεμψε</span> <span class='ocrx_word' id='word_1_534' title='bbox 3102 3346 3240 3419; x_wconf 83' lang='grc' dir='ltr'>πρὸς</span> <span class='ocrx_word' id='word_1_535' title='bbox 3264 3343 3599 3419; x_wconf 72' lang='grc' dir='ltr'>Νικομήδην</span> <span class='ocrx_word' id='word_1_536' title='bbox 3630 3346 3721 3400; x_wconf 82' lang='grc' dir='ltr'>τὸν</span> <span class='ocrx_word' id='word_1_537' title='bbox 3742 3351 3834 3411; x_wconf 67' lang='grc' dir='ltr'>τῆς</span> 
     </span>
    </p>
   </div>
   <div class='ocr_carea' id='block_1_79' title="bbox 2203 3432 3831 3508">
    <p class='ocr_par' dir='ltr' id='par_1_79' title="bbox 2203 3432 3831 3508">
     <span class='ocr_line' id='line_1_79' title="bbox 2203 3432 3831 3508; baseline -0.001 -22"><span class='ocrx_word' id='word_1_538' title='bbox 2203 3433 2455 3498; x_wconf 80' lang='grc' dir='ltr'>Βιθυνίας</span> <span class='ocrx_word' id='word_1_539' title='bbox 2514 3434 2737 3508; x_wconf 79' lang='grc' dir='ltr'>βασιλέα</span> <span class='ocrx_word' id='word_1_540' title='bbox 2794 3434 2916 3508; x_wconf 88' lang='grc' dir='ltr'>περί</span> <span class='ocrx_word' id='word_1_541' title='bbox 2978 3434 3231 3505; x_wconf 80' lang='grc' dir='ltr'>βοηθείας</span> <span class='ocrx_word' id='word_1_542' title='bbox 3269 3453 3281 3464; x_wconf 95' lang='grc'><strong>·</strong></span> <span class='ocrx_word' id='word_1_543' title='bbox 3344 3437 3374 3489; x_wconf 88' lang='grc' dir='ltr'>ὁ</span> <span class='ocrx_word' id='word_1_544' title='bbox 3441 3432 3499 3489; x_wconf 73' lang='grc' dir='ltr'>δὲ</span> <span class='ocrx_word' id='word_1_545' title='bbox 3562 3435 3831 3507; x_wconf 80' lang='grc' dir='ltr'>ἀπόκρισιν</span> 
     </span>
    </p>
   </div>
   <div class='ocr_carea' id='block_1_80' title="bbox 2198 3517 3834 3596">
    <p class='ocr_par' dir='ltr' id='par_1_80' title="bbox 2198 3517 3834 3596">
     <span class='ocr_line' id='line_1_80' title="bbox 2198 3517 3834 3596; baseline -0.002 -20"><span class='ocrx_word' id='word_1_546' title='bbox 2198 3517 2364 3577; x_wconf 78' lang='grc' dir='ltr'>ἔδωκε</span> <span class='ocrx_word' id='word_1_547' title='bbox 2394 3522 2520 3584; x_wconf 68' lang='grc' dir='ltr'>τοὺς</span> <span class='ocrx_word' id='word_1_548' title='bbox 2565 3522 2787 3584; x_wconf 85' lang='grc' dir='ltr'>πλείους</span> <span class='ocrx_word' id='word_1_549' title='bbox 2820 3528 2930 3579; x_wconf 87' lang='grc' dir='ltr'>τῶν</span> <span class='ocrx_word' id='word_1_550' title='bbox 2984 3525 3225 3578; x_wconf 78' lang='grc' dir='ltr'>Βιθυνῶν</span> <span class='ocrx_word' id='word_1_551' title='bbox 3260 3524 3362 3578; x_wconf 74' lang='grc' dir='ltr'>ὑπὸ</span> <span class='ocrx_word' id='word_1_552' title='bbox 3412 3529 3520 3577; x_wconf 86' lang='grc' dir='ltr'>τῶν</span> <span class='ocrx_word' id='word_1_553' title='bbox 3574 3524 3834 3596; x_wconf 80' lang='grc' dir='ltr'>δημοσιω-</span> 
     </span>
    </p>
   </div>
   <div class='ocr_carea' id='block_1_81' title="bbox 2196 3610 3835 3690">
    <p class='ocr_par' dir='ltr' id='par_1_81' title="bbox 2196 3610 3835 3690">
     <span class='ocr_line' id='line_1_81' title="bbox 2196 3610 3835 3690; baseline -0.002 -23"><span class='ocrx_word' id='word_1_554' title='bbox 2196 3616 2298 3667; x_wconf 91' lang='grc' dir='ltr'>νῶν</span> <span class='ocrx_word' id='word_1_555' title='bbox 2328 3613 2376 3647; x_wconf 81' lang='grc'>³⁸</span> <span class='ocrx_word' id='word_1_556' title='bbox 2408 3610 2798 3687; x_wconf 85' lang='grc' dir='ltr'>διαρπαγέντας</span> <span class='ocrx_word' id='word_1_557' title='bbox 2831 3610 3106 3667; x_wconf 76' lang='grc' dir='ltr'>δουλεύειν</span> <span class='ocrx_word' id='word_1_558' title='bbox 3146 3612 3196 3665; x_wconf 87' lang='grc' dir='ltr'>ἐν</span> <span class='ocrx_word' id='word_1_559' title='bbox 3226 3618 3347 3674; x_wconf 80' lang='grc' dir='ltr'>ταῖς</span> <span class='ocrx_word' id='word_1_560' title='bbox 3398 3611 3717 3690; x_wconf 77' lang='grc' dir='ltr'>ἐπαρχίαις,</span> <span class='ocrx_word' id='word_1_561' title='bbox 3748 3616 3835 3676; x_wconf 73' lang='grc' dir='ltr'>τῆς</span> 
     </span>
    </p>
   </div>
   <div class='ocr_carea' id='block_1_82' title="bbox 2200 3698 3833 3780">
    <p class='ocr_par' dir='ltr' id='par_1_82' title="bbox 2200 3698 3833 3780">
     <span class='ocr_line' id='line_1_82' title="bbox 2200 3698 3833 3780; baseline 0.002 -25"><span class='ocrx_word' id='word_1_562' title='bbox 2200 3698 2256 3755; x_wconf 75' lang='grc' dir='ltr'>δὲ</span> <span class='ocrx_word' id='word_1_563' title='bbox 2306 3701 2615 3777; x_wconf 65' lang='grc' dir='ltr'>συγκλήτου</span> <span class='ocrx_word' id='word_1_564' title='bbox 2665 3701 3050 3780; x_wconf 67' lang='grc' dir='ltr'>ψηφισαμένης</span> <span class='ocrx_word' id='word_1_565' title='bbox 3104 3701 3253 3764; x_wconf 78' lang='grc' dir='ltr'>ὅπως</span> <span class='ocrx_word' id='word_1_566' title='bbox 3307 3699 3505 3773; x_wconf 71' lang='grc' dir='ltr'>μηδείς</span> <span class='ocrx_word' id='word_1_567' title='bbox 3557 3702 3833 3773; x_wconf 76' lang='grc' dir='ltr'>σύμμαχος</span> 
     </span>
    </p>
   </div>
   <div class='ocr_carea' id='block_1_83' title="bbox 2200 3789 3835 3866">
    <p class='ocr_par' dir='ltr' id='par_1_83' title="bbox 2200 3789 3835 3866">
     <span class='ocr_line' id='line_1_83' title="bbox 2200 3789 3835 3866; baseline -0.004 -21"><span class='ocrx_word' id='word_1_568' title='bbox 2200 3790 2480 3865; x_wconf 79' lang='grc' dir='ltr'>ἐλεύτερος</span> <span class='ocrx_word' id='word_1_569' title='bbox 2549 3791 2602 3845; x_wconf 86' lang='grc' dir='ltr'>ἐν</span> <span class='ocrx_word' id='word_1_570' title='bbox 2661 3790 2903 3866; x_wconf 60' lang='grc' dir='ltr'>ἐπαρχίᾳ</span> <span class='ocrx_word' id='word_1_571' title='bbox 2959 3789 3195 3866; x_wconf 81' lang='grc' dir='ltr'>δουλεύῃ</span> <span class='ocrx_word' id='word_1_572' title='bbox 3229 3793 3277 3827; x_wconf 74' lang='grc'>³9</span> <span class='ocrx_word' id='word_1_573' title='bbox 3331 3792 3419 3845; x_wconf 81' lang='grc' dir='ltr'>καὶ</span> <span class='ocrx_word' id='word_1_574' title='bbox 3482 3795 3586 3856; x_wconf 76' lang='grc' dir='ltr'>τῆς</span> <span class='ocrx_word' id='word_1_575' title='bbox 3645 3792 3835 3846; x_wconf 74' lang='grc' dir='ltr'>τούτων</span> 
     </span>
    </p>
   </div>
   <div class='ocr_carea' id='block_1_84' title="bbox 2198 3880 3836 3956">
    <p class='ocr_par' dir='ltr' id='par_1_84' title="bbox 2198 3880 3836 3956">
     <span class='ocr_line' id='line_1_84' title="bbox 2198 3880 3836 3956; baseline -0.002 -22"><span class='ocrx_word' id='word_1_576' title='bbox 2198 3880 2604 3955; x_wconf 80' lang='grc' dir='ltr'>ἐλευθερώσεως</span> <span class='ocrx_word' id='word_1_577' title='bbox 2638 3881 2687 3934; x_wconf 75' lang='grc' dir='ltr'>οἱ</span> <span class='ocrx_word' id='word_1_578' title='bbox 2740 3880 3038 3956; x_wconf 78' lang='grc' dir='ltr'>στρατηγοί</span> <span class='ocrx_word' id='word_1_579' title='bbox 3088 3880 3346 3953; x_wconf 87' lang='grc' dir='ltr'>πρόνοιαν</span> <span class='ocrx_word' id='word_1_580' title='bbox 3398 3884 3696 3946; x_wconf 80' lang='grc' dir='ltr'>ποιῶνται,</span> <span class='ocrx_word' id='word_1_581' title='bbox 3727 3880 3836 3932; x_wconf 79' lang='grc' dir='ltr'>τότε</span> 
     </span>
    </p>
   </div>
   <div class='ocr_carea' id='block_1_85' title="bbox 2197 3966 3838 4044">
    <p class='ocr_par' dir='ltr' id='par_1_85' title="bbox 2197 3966 3838 4044">
     <span class='ocr_line' id='line_1_85' title="bbox 2197 3966 3838 4044; baseline -0.001 -22"><span class='ocrx_word' id='word_1_582' title='bbox 2197 3968 2331 4022; x_wconf 82' lang='grc' dir='ltr'>κατᾶ</span> <span class='ocrx_word' id='word_1_583' title='bbox 2377 3970 2476 4037; x_wconf 75' lang='grc' dir='ltr'>τήν</span> <span class='ocrx_word' id='word_1_584' title='bbox 2529 3967 2780 4023; x_wconf 87' lang='grc' dir='ltr'>Σικελίαν</span> <span class='ocrx_word' id='word_1_585' title='bbox 2840 3966 2913 4022; x_wconf 83' lang='grc' dir='ltr'>ὢν</span> <span class='ocrx_word' id='word_1_586' title='bbox 2965 3971 3262 4044; x_wconf 87' lang='grc' dir='ltr'>στρατηγὸς</span> <span class='ocrx_word' id='word_1_587' title='bbox 3315 3967 3560 4030; x_wconf 71' lang='grc' dir='ltr'>Λικίνιος</span> <span class='ocrx_word' id='word_1_588' title='bbox 3612 3966 3838 4040; x_wconf 62' lang='lat' dir='ltr'>Nsce-31;</span> 
     </span>
    </p>
   </div>
   <div class='ocr_carea' id='block_1_86' title="bbox 2196 4057 3839 4136">
    <p class='ocr_par' dir='ltr' id='par_1_86' title="bbox 2196 4057 3839 4136">
     <span class='ocr_line' id='line_1_86' title="bbox 2196 4057 3839 4136; baseline -0.002 -21"><span class='ocrx_word' id='word_1_589' title='bbox 2196 4060 2517 4122; x_wconf 81' lang='grc' dir='ltr'>ἀκολούθως</span> <span class='ocrx_word' id='word_1_590' title='bbox 2548 4066 2626 4132; x_wconf 77' lang='grc' dir='ltr'>τῷ</span> <span class='ocrx_word' id='word_1_591' title='bbox 2658 4058 2889 4135; x_wconf 85' lang='grc' dir='ltr'>δόγματι</span> <span class='ocrx_word' id='word_1_592' title='bbox 2932 4060 3167 4136; x_wconf 68' lang='grc' dir='ltr'>συχνοὺς</span> <span class='ocrx_word' id='word_1_593' title='bbox 3202 4067 3310 4115; x_wconf 91' lang='grc' dir='ltr'>τῶν</span> <span class='ocrx_word' id='word_1_594' title='bbox 3360 4057 3580 4115; x_wconf 81' lang='grc' dir='ltr'>δούλων</span> <span class='ocrx_word' id='word_1_595' title='bbox 3625 4058 3839 4130; x_wconf 75' lang='grc' dir='ltr'>ἠλευθέ-</span> 
     </span>
    </p>
   </div>
   <div class='ocr_carea' id='block_1_87' title="bbox 2198 4150 3841 4228">
    <p class='ocr_par' dir='ltr' id='par_1_87' title="bbox 2198 4150 3841 4228">
     <span class='ocr_line' id='line_1_87' title="bbox 2198 4150 3841 4228; baseline -0.001 -24"><span class='ocrx_word' id='word_1_596' title='bbox 2198 4172 2359 4226; x_wconf 84' lang='grc' dir='ltr'>ρωσε,</span> <span class='ocrx_word' id='word_1_597' title='bbox 2393 4150 2595 4226; x_wconf 87' lang='grc' dir='ltr'>κρίσεις</span> <span class='ocrx_word' id='word_1_598' title='bbox 2628 4151 2871 4224; x_wconf 76' lang='grc' dir='ltr'>προθεὶς,</span> <span class='ocrx_word' id='word_1_599' title='bbox 2905 4151 2978 4213; x_wconf 84' lang='grc' dir='ltr'>ὡς</span> <span class='ocrx_word' id='word_1_600' title='bbox 3010 4150 3060 4205; x_wconf 83' lang='grc' dir='ltr'>ἐν</span> <span class='ocrx_word' id='word_1_601' title='bbox 3092 4150 3306 4228; x_wconf 84' lang='grc' dir='ltr'>ὀλίγαις</span> <span class='ocrx_word' id='word_1_602' title='bbox 3344 4152 3582 4224; x_wconf 77' lang='grc' dir='ltr'>ἡμέραις</span> <span class='ocrx_word' id='word_1_603' title='bbox 3621 4150 3841 4207; x_wconf 83' lang='grc' dir='ltr'>πλείους</span> 
     </span>
    </p>
   </div>
   <div class='ocr_carea' id='block_1_88' title="bbox 2196 4238 3837 4317">
    <p class='ocr_par' dir='ltr' id='par_1_88' title="bbox 2196 4238 3837 4317">
     <span class='ocr_line' id='line_1_88' title="bbox 2196 4238 3837 4317; baseline -0.001 -24"><span class='ocrx_word' id='word_1_604' title='bbox 2196 4243 2303 4293; x_wconf 90' lang='grc' dir='ltr'>τῶν</span> <span class='ocrx_word' id='word_1_605' title='bbox 2364 4238 2702 4294; x_wconf 83' lang='grc' dir='ltr'>ὀκτακοσίων</span> <span class='ocrx_word' id='word_1_606' title='bbox 2750 4245 2939 4317; x_wconf 84' lang='grc' dir='ltr'>τυχεῖν</span> <span class='ocrx_word' id='word_1_607' title='bbox 2995 4246 3095 4308; x_wconf 75' lang='grc' dir='ltr'>τῆς</span> <span class='ocrx_word' id='word_1_608' title='bbox 3154 4238 3477 4313; x_wconf 86' lang='grc' dir='ltr'>ἐλευθερίας.</span> <span class='ocrx_word' id='word_1_609' title='bbox 3551 4240 3648 4292; x_wconf 74' lang='grc' dir='ltr'>Καὶ</span> <span class='ocrx_word' id='word_1_610' title='bbox 3712 4238 3837 4306; x_wconf 75' lang='grc' dir='ltr'>ἦσαν</span> 
     </span>
    </p>
   </div>
   <div class='ocr_carea' id='block_1_89' title="bbox 2198 4324 3836 4399">
    <p class='ocr_par' dir='ltr' id='par_1_89' title="bbox 2198 4324 3836 4399">
     <span class='ocr_line' id='line_1_89' title="bbox 2198 4324 3836 4399; baseline -0.004 -15"><span class='ocrx_word' id='word_1_611' title='bbox 2198 4330 2391 4393; x_wconf 86' lang='grc' dir='ltr'>πάντες</span> <span class='ocrx_word' id='word_1_612' title='bbox 2457 4330 2507 4384; x_wconf 77' lang='grc' dir='ltr'>οἱ</span> <span class='ocrx_word' id='word_1_613' title='bbox 2565 4330 2701 4384; x_wconf 73' lang='grc' dir='ltr'>κατὰ</span> <span class='ocrx_word' id='word_1_614' title='bbox 2769 4331 2868 4399; x_wconf 75' lang='grc' dir='ltr'>τὴν</span> <span class='ocrx_word' id='word_1_615' title='bbox 2928 4336 3088 4399; x_wconf 77' lang='grc' dir='ltr'>νῆσον</span> <span class='ocrx_word' id='word_1_616' title='bbox 3158 4324 3508 4390; x_wconf 82' lang='grc' dir='ltr'>δουλεύοντες</span> <span class='ocrx_word' id='word_1_617' title='bbox 3580 4328 3836 4399; x_wconf 77' lang='grc' dir='ltr'>μετέωροι</span> 
     </span>
    </p>
   </div>
   <div class='ocr_carea' id='block_1_90' title="bbox 439 4409 2085 4493">
    <p class='ocr_par' dir='ltr' id='par_1_90' title="bbox 439 4417 2085 4487">
     <span class='ocr_line' id='line_1_90' title="bbox 439 4417 2085 4487; baseline -0.003 -11"><span class='ocrx_word' id='word_1_618' title='bbox 439 4421 894 4476; x_wconf 88' lang='lat' dir='ltr'>animiomnium</span> <span class='ocrx_word' id='word_1_619' title='bbox 923 4420 1081 4476; x_wconf 91' lang='lat' dir='ltr'>illius</span> <span class='ocrx_word' id='word_1_620' title='bbox 1104 4418 1332 4475; x_wconf 89' lang='lat' dir='ltr'>insulae</span> <span class='ocrx_word' id='word_1_621' title='bbox 1345 4434 1636 4474; x_wconf 89' lang='lat' dir='ltr'>servorum</span> <span class='ocrx_word' id='word_1_622' title='bbox 1662 4418 1720 4471; x_wconf 91' lang='lat' dir='ltr'>in</span> <span class='ocrx_word' id='word_1_623' title='bbox 1736 4434 1895 4487; x_wconf 86' lang='lat' dir='ltr'>spem</span> <span class='ocrx_word' id='word_1_624' title='bbox 1917 4417 2085 4472; x_wconf 91' lang='lat' dir='ltr'>liber-</span> 
     </span>
    </p>
   </div>
   <div class='ocr_carea' id='block_1_91' title="bbox 2195 4409 3839 4493">
    <p class='ocr_par' dir='ltr' id='par_1_91' title="bbox 2198 4413 3839 4493">
     <span class='ocr_line' id='line_1_91' title="bbox 2198 4413 3839 4493; baseline -0.002 -20"><span class='ocrx_word' id='word_1_625' title='bbox 2198 4418 2333 4493; x_wconf 79' lang='grc' dir='ltr'>πρὸς</span> <span class='ocrx_word' id='word_1_626' title='bbox 2375 4420 2475 4488; x_wconf 78' lang='grc' dir='ltr'>τήν</span> <span class='ocrx_word' id='word_1_627' title='bbox 2524 4417 2851 4493; x_wconf 85' lang='grc' dir='ltr'>ἐλευθερίαν.</span> <span class='ocrx_word' id='word_1_628' title='bbox 2895 4420 2956 4472; x_wconf 80' lang='grc' dir='ltr'>Οί</span> <span class='ocrx_word' id='word_1_629' title='bbox 3008 4416 3055 4471; x_wconf 84' lang='grc' dir='ltr'>δ’</span> <span class='ocrx_word' id='word_1_630' title='bbox 3109 4417 3159 4472; x_wconf 80' lang='grc' dir='ltr'>ἐν</span> <span class='ocrx_word' id='word_1_631' title='bbox 3210 4417 3474 4491; x_wconf 77' lang='grc' dir='ltr'>ἀξιώμασι</span> <span class='ocrx_word' id='word_1_632' title='bbox 3532 4418 3576 4452; x_wconf 74' lang='grc' dir='ltr'>⁸ο</span> <span class='ocrx_word' id='word_1_633' title='bbox 3620 4413 3839 4489; x_wconf 80' lang='grc' dir='ltr'>συνδρα-</span> 
     </span>
    </p>
   </div>
   <div class='ocr_carea' id='block_1_92' title="bbox 439 4505 2082 4581">
    <p class='ocr_par' dir='ltr' id='par_1_92' title="bbox 439 4505 2082 4581">
     <span class='ocr_line' id='line_1_92' title="bbox 439 4505 2082 4581; baseline -0.003 -15"><span class='ocrx_word' id='word_1_634' title='bbox 439 4510 574 4567; x_wconf 87' lang='lat' dir='ltr'>tatis</span> <span class='ocrx_word' id='word_1_635' title='bbox 610 4511 810 4576; x_wconf 89' lang='lat' dir='ltr'>erecti,</span> <span class='ocrx_word' id='word_1_636' title='bbox 843 4526 974 4567; x_wconf 89' lang='lat' dir='ltr'>cum</span> <span class='ocrx_word' id='word_1_637' title='bbox 1008 4526 1209 4581; x_wconf 87' lang='lat' dir='ltr'>graves</span> <span class='ocrx_word' id='word_1_638' title='bbox 1250 4508 1591 4563; x_wconf 87' lang='lat' dir='ltr'>auctoritate</span> <span class='ocrx_word' id='word_1_639' title='bbox 1621 4505 1727 4562; x_wconf 91' lang='lat' dir='ltr'>viri</span> <span class='ocrx_word' id='word_1_640' title='bbox 1750 4506 1941 4577; x_wconf 92' lang='lat' dir='ltr'>ipsum</span> <span class='ocrx_word' id='word_1_641' title='bbox 1976 4506 2082 4561; x_wconf 91' lang='lat' dir='ltr'>im-</span> 
     </span>
    </p>
   </div>
   <div class='ocr_carea' id='block_1_93' title="bbox 438 4599 2088 4672">
    <p class='ocr_par' dir='ltr' id='par_1_93' title="bbox 438 4599 2088 4672">
     <span class='ocr_line' id='line_1_93' title="bbox 438 4599 2088 4672; baseline -0.004 -16"><span class='ocrx_word' id='word_1_642' title='bbox 438 4608 759 4672; x_wconf 90' lang='lat' dir='ltr'>peratorem</span> <span class='ocrx_word' id='word_1_643' title='bbox 795 4600 1165 4669; x_wconf 89' lang='lat' dir='ltr'>conveniunt,</span> <span class='ocrx_word' id='word_1_644' title='bbox 1200 4614 1451 4669; x_wconf 88' lang='lat' dir='ltr'>eumque</span> <span class='ocrx_word' id='word_1_645' title='bbox 1493 4614 1606 4652; x_wconf 92' lang='lat' dir='ltr'>uno</span> <span class='ocrx_word' id='word_1_646' title='bbox 1638 4611 1840 4650; x_wconf 89' lang='lat' dir='ltr'>omnes</span> <span class='ocrx_word' id='word_1_647' title='bbox 1871 4612 1987 4663; x_wconf 89' lang='lat' dir='ltr'>ore,</span> <span class='ocrx_word' id='word_1_648' title='bbox 2022 4599 2088 4650; x_wconf 90' lang='lat' dir='ltr'>ut</span> 
     </span>
    </p>
   </div>
   <div class='ocr_carea' id='block_1_94' title="bbox 437 4684 2089 4761">
    <p class='ocr_par' dir='ltr' id='par_1_94' title="bbox 437 4684 2089 4761">
     <span class='ocr_line' id='line_1_94' title="bbox 437 4684 2089 4761; baseline -0.005 -15"><span class='ocrx_word' id='word_1_649' title='bbox 437 4692 508 4747; x_wconf 88' lang='lat' dir='ltr'>ab</span> <span class='ocrx_word' id='word_1_650' title='bbox 541 4690 770 4761; x_wconf 88' lang='lat' dir='ltr'>incepto</span> <span class='ocrx_word' id='word_1_651' title='bbox 802 4688 1059 4755; x_wconf 89' lang='lat' dir='ltr'>desistat,</span> <span class='ocrx_word' id='word_1_652' title='bbox 1120 4692 1343 4758; x_wconf 84' lang='lat' dir='ltr'>rogant.</span> <span class='ocrx_word' id='word_1_653' title='bbox 1403 4689 1589 4759; x_wconf 85' lang='lat' dir='ltr'>Atque</span> <span class='ocrx_word' id='word_1_654' title='bbox 1622 4684 1717 4740; x_wconf 92' lang='lat' dir='ltr'>hic</span> <span class='ocrx_word' id='word_1_655' title='bbox 1768 4684 1886 4741; x_wconf 87' lang='lat' dir='ltr'>sive</span> <span class='ocrx_word' id='word_1_656' title='bbox 1918 4700 2089 4755; x_wconf 85' lang='lat' dir='ltr'>pecu-</span> 
     </span>
    </p>
   </div>
   <div class='ocr_carea' id='block_1_95' title="bbox 437 4773 2084 4851">
    <p class='ocr_par' dir='ltr' id='par_1_95' title="bbox 437 4773 2084 4851">
     <span class='ocr_line' id='line_1_95' title="bbox 437 4773 2084 4851; baseline -0.005 -15"><span class='ocrx_word' id='word_1_657' title='bbox 437 4780 553 4837; x_wconf 91' lang='lat' dir='ltr'>niis</span> <span class='ocrx_word' id='word_1_658' title='bbox 575 4782 963 4851; x_wconf 85' lang='lat' dir='ltr'>expugnatus,</span> <span class='ocrx_word' id='word_1_659' title='bbox 1000 4778 1122 4835; x_wconf 87' lang='lat' dir='ltr'>sive</span> <span class='ocrx_word' id='word_1_660' title='bbox 1150 4777 1396 4848; x_wconf 88' lang='lat' dir='ltr'>gratiam</span> <span class='ocrx_word' id='word_1_661' title='bbox 1422 4777 1768 4846; x_wconf 89' lang='lat' dir='ltr'>aucupatus,</span> <span class='ocrx_word' id='word_1_662' title='bbox 1794 4773 2084 4843; x_wconf 90' lang='lat' dir='ltr'>judicium</span> 
     </span>
    </p>
   </div>
   <div class='ocr_carea' id='block_1_96' title="bbox 433 4864 2085 4928">
    <p class='ocr_par' dir='ltr' id='par_1_96' title="bbox 433 4864 2085 4928">
     <span class='ocr_line' id='line_1_96' title="bbox 433 4864 2085 4928; baseline -0.007 0"><span class='ocrx_word' id='word_1_663' title='bbox 433 4871 542 4928; x_wconf 90' lang='lat' dir='ltr'>hac</span> <span class='ocrx_word' id='word_1_664' title='bbox 570 4871 641 4927; x_wconf 91' lang='lat' dir='ltr'>de</span> <span class='ocrx_word' id='word_1_665' title='bbox 673 4886 733 4926; x_wconf 91' lang='lat' dir='ltr'>re</span> <span class='ocrx_word' id='word_1_666' title='bbox 764 4868 1089 4926; x_wconf 89' lang='lat' dir='ltr'>accuratius</span> <span class='ocrx_word' id='word_1_667' title='bbox 1121 4882 1381 4923; x_wconf 87' lang='lat' dir='ltr'>exercere</span> <span class='ocrx_word' id='word_1_668' title='bbox 1411 4865 1587 4921; x_wconf 87' lang='lat' dir='ltr'>desiit</span> <span class='ocrx_word' id='word_1_669' title='bbox 1621 4882 1632 4918; x_wconf 89' lang='lat'><strong>:</strong></span> <span class='ocrx_word' id='word_1_670' title='bbox 1662 4868 1717 4919; x_wconf 90' lang='lat' dir='ltr'>et</span> <span class='ocrx_word' id='word_1_671' title='bbox 1744 4864 1816 4918; x_wconf 91' lang='lat' dir='ltr'>ad</span> <span class='ocrx_word' id='word_1_672' title='bbox 1869 4878 1930 4919; x_wconf 90' lang='lat' dir='ltr'>se</span> <span class='ocrx_word' id='word_1_673' title='bbox 1988 4880 2085 4918; x_wconf 89' lang='lat' dir='ltr'>ve-</span> 
     </span>
    </p>
   </div>
   <div class='ocr_carea' id='block_1_97' title="bbox 432 4953 2083 5024">
    <p class='ocr_par' dir='ltr' id='par_1_97' title="bbox 432 4953 2083 5024">
     <span class='ocr_line' id='line_1_97' title="bbox 432 4953 2083 5024; baseline -0.007 -5"><span class='ocrx_word' id='word_1_674' title='bbox 432 4962 734 5020; x_wconf 88' lang='lat' dir='ltr'>nientibus</span> <span class='ocrx_word' id='word_1_675' title='bbox 765 4965 829 5015; x_wconf 91' lang='lat' dir='ltr'>ut</span> <span class='ocrx_word' id='word_1_676' title='bbox 854 4960 1118 5015; x_wconf 88' lang='lat' dir='ltr'>libertate</span> <span class='ocrx_word' id='word_1_677' title='bbox 1149 4958 1525 5024; x_wconf 91' lang='lat' dir='ltr'>donarentur,</span> <span class='ocrx_word' id='word_1_678' title='bbox 1562 4954 1709 5009; x_wconf 88' lang='lat' dir='ltr'>utad</span> <span class='ocrx_word' id='word_1_679' title='bbox 1739 4969 1907 5009; x_wconf 86' lang='lat' dir='ltr'>suum</span> <span class='ocrx_word' id='word_1_680' title='bbox 1928 4953 2083 5023; x_wconf 90' lang='lat' dir='ltr'>quis-</span> 
     </span>
    </p>
   </div>
   <div class='ocr_carea' id='block_1_98' title="bbox 434 5044 2082 5123">
    <p class='ocr_par' dir='ltr' id='par_1_98' title="bbox 434 5044 2082 5123">
     <span class='ocr_line' id='line_1_98' title="bbox 434 5044 2082 5123; baseline -0.006 -14"><span class='ocrx_word' id='word_1_681' title='bbox 434 5069 543 5123; x_wconf 90' lang='lat' dir='ltr'>que</span> <span class='ocrx_word' id='word_1_682' title='bbox 574 5052 882 5110; x_wconf 87' lang='lat' dir='ltr'>dominum</span> <span class='ocrx_word' id='word_1_683' title='bbox 916 5052 1364 5113; x_wconf 85' lang='lat' dir='ltr'>reverterentur,</span> <span class='ocrx_word' id='word_1_684' title='bbox 1398 5046 1684 5117; x_wconf 88' lang='lat' dir='ltr'>imperare</span> <span class='ocrx_word' id='word_1_685' title='bbox 1716 5044 1903 5114; x_wconf 74' lang='lat' dir='ltr'>ccepit.</span> <span class='ocrx_word' id='word_1_686' title='bbox 1935 5045 2082 5099; x_wconf 90' lang='lat' dir='ltr'>Tum</span> 
     </span>
    </p>
   </div>
   <div class='ocr_carea' id='block_1_99' title="bbox 432 5133 2085 5205">
    <p class='ocr_par' dir='ltr' id='par_1_99' title="bbox 432 5133 2085 5205">
     <span class='ocr_line' id='line_1_99' title="bbox 432 5133 2085 5205; baseline -0.004 -10"><span class='ocrx_word' id='word_1_687' title='bbox 432 5155 565 5196; x_wconf 90' lang='lat' dir='ltr'>vero</span> <span class='ocrx_word' id='word_1_688' title='bbox 596 5142 744 5198; x_wconf 89' lang='lat' dir='ltr'>servi</span> <span class='ocrx_word' id='word_1_689' title='bbox 776 5142 1025 5198; x_wconf 89' lang='lat' dir='ltr'>coitione</span> <span class='ocrx_word' id='word_1_690' title='bbox 1056 5143 1211 5193; x_wconf 85' lang='lat' dir='ltr'>tacta</span> <span class='ocrx_word' id='word_1_691' title='bbox 1252 5137 1569 5205; x_wconf 87' lang='lat' dir='ltr'>Syracusas</span> <span class='ocrx_word' id='word_1_692' title='bbox 1627 5133 1978 5204; x_wconf 90' lang='lat' dir='ltr'>relinquere,</span> <span class='ocrx_word' id='word_1_693' title='bbox 2029 5136 2085 5189; x_wconf 90' lang='lat' dir='ltr'>et</span> 
     </span>
    </p>
   </div>
   <div class='ocr_carea' id='block_1_100' title="bbox 433 5221 2082 5298">
    <p class='ocr_par' dir='ltr' id='par_1_100' title="bbox 433 5221 2082 5298">
     <span class='ocr_line' id='line_1_100' title="bbox 433 5221 2082 5298; baseline -0.001 -18"><span class='ocrx_word' id='word_1_694' title='bbox 433 5229 502 5281; x_wconf 88' lang='lat' dir='ltr'>ad</span> <span class='ocrx_word' id='word_1_695' title='bbox 535 5228 863 5287; x_wconf 91' lang='lat' dir='ltr'>Palicorum</span> <span class='ocrx_word' id='word_1_696' title='bbox 887 5229 1195 5286; x_wconf 87' lang='lat' dir='ltr'>delubrum</span> <span class='ocrx_word' id='word_1_697' title='bbox 1228 5227 1563 5298; x_wconf 86' lang='lat' dir='ltr'>confugere,</span> <span class='ocrx_word' id='word_1_698' title='bbox 1597 5222 1798 5295; x_wconf 89' lang='lat' dir='ltr'>ibique</span> <span class='ocrx_word' id='word_1_699' title='bbox 1837 5221 1989 5278; x_wconf 89' lang='lat' dir='ltr'>inter</span> <span class='ocrx_word' id='word_1_700' title='bbox 2024 5238 2082 5278; x_wconf 88' lang='lat' dir='ltr'>se</span> 
     </span>
    </p>
   </div>
   <div class='ocr_carea' id='block_1_101' title="bbox 435 5312 2083 5378">
    <p class='ocr_par' dir='ltr' id='par_1_101' title="bbox 435 5312 2083 5378">
     <span class='ocr_line' id='line_1_101' title="bbox 435 5312 2083 5378; baseline -0.001 -8"><span class='ocrx_word' id='word_1_701' title='bbox 435 5315 505 5371; x_wconf 91' lang='lat' dir='ltr'>de</span> <span class='ocrx_word' id='word_1_702' title='bbox 539 5316 856 5378; x_wconf 79' lang='lat' dir='ltr'>delectione</span> <span class='ocrx_word' id='word_1_703' title='bbox 889 5334 1185 5377; x_wconf 85' lang='lat' dir='ltr'>sermones</span> <span class='ocrx_word' id='word_1_704' title='bbox 1216 5316 1498 5375; x_wconf 85' lang='lat' dir='ltr'>conferre.</span> <span class='ocrx_word' id='word_1_705' title='bbox 1539 5315 1704 5373; x_wconf 83' lang='lat' dir='ltr'>Fama</span> <span class='ocrx_word' id='word_1_706' title='bbox 1753 5316 1945 5370; x_wconf 89' lang='lat' dir='ltr'>autem</span> <span class='ocrx_word' id='word_1_707' title='bbox 1977 5312 2083 5369; x_wconf 88' lang='lat' dir='ltr'>hu-</span> 
     </span>
    </p>
   </div>
   <div class='ocr_carea' id='block_1_102' title="bbox 2204 4505 3838 4582">
    <p class='ocr_par' dir='ltr' id='par_1_102' title="bbox 2204 4505 3838 4582">
     <span class='ocr_line' id='line_1_102' title="bbox 2204 4505 3838 4582; baseline 0.001 -20"><span class='ocrx_word' id='word_1_708' title='bbox 2204 4506 2394 4581; x_wconf 85' lang='grc' dir='ltr'>μόντες</span> <span class='ocrx_word' id='word_1_709' title='bbox 2426 4505 2765 4577; x_wconf 72' lang='grc' dir='ltr'>παρεκάλουν</span> <span class='ocrx_word' id='word_1_710' title='bbox 2814 4508 2908 4562; x_wconf 88' lang='grc' dir='ltr'>τὸν</span> <span class='ocrx_word' id='word_1_711' title='bbox 2941 4508 3246 4582; x_wconf 85' lang='grc' dir='ltr'>στρατηγὸν</span> <span class='ocrx_word' id='word_1_712' title='bbox 3292 4507 3597 4575; x_wconf 80' lang='grc' dir='ltr'>ἀποστῆναι</span> <span class='ocrx_word' id='word_1_713' title='bbox 3642 4506 3838 4573; x_wconf 75' lang='grc' dir='ltr'>ταύτης</span> 
     </span>
    </p>
   </div>
   <div class='ocr_carea' id='block_1_103' title="bbox 2195 4592 3838 4672">
    <p class='ocr_par' dir='ltr' id='par_1_103' title="bbox 2195 4592 3838 4672">
     <span class='ocr_line' id='line_1_103' title="bbox 2195 4592 3838 4672; baseline -0.002 -21"><span class='ocrx_word' id='word_1_714' title='bbox 2195 4604 2296 4666; x_wconf 77' lang='grc' dir='ltr'>τῆς</span> <span class='ocrx_word' id='word_1_715' title='bbox 2340 4592 2627 4662; x_wconf 72' lang='grc' dir='ltr'>ἐπιϐολῆς.</span> <span class='ocrx_word' id='word_1_716' title='bbox 2675 4598 2732 4651; x_wconf 87' lang='grc' dir='ltr'><strong>Ὃ</strong></span> <span class='ocrx_word' id='word_1_717' title='bbox 2765 4594 2811 4651; x_wconf 85' lang='grc' dir='ltr'>δ’</span> <span class='ocrx_word' id='word_1_718' title='bbox 2858 4595 2964 4651; x_wconf 63' lang='grc' dir='ltr'>εἴτε</span> <span class='ocrx_word' id='word_1_719' title='bbox 3008 4598 3259 4672; x_wconf 76' lang='grc' dir='ltr'>χρήμασι</span> <span class='ocrx_word' id='word_1_720' title='bbox 3313 4596 3550 4656; x_wconf 75' lang='grc' dir='ltr'>πεισθεὶς</span> <span class='ocrx_word' id='word_1_721' title='bbox 3596 4594 3705 4649; x_wconf 63' lang='grc' dir='ltr'>εἴτε</span> <span class='ocrx_word' id='word_1_722' title='bbox 3738 4593 3838 4668; x_wconf 79' lang='grc' dir='ltr'>χά-</span> 
     </span>
    </p>
   </div>
   <div class='ocr_carea' id='block_1_104' title="bbox 2198 4685 3838 4761">
    <p class='ocr_par' dir='ltr' id='par_1_104' title="bbox 2198 4685 3838 4761">
     <span class='ocr_line' id='line_1_104' title="bbox 2198 4685 3838 4761; baseline -0.003 -20"><span class='ocrx_word' id='word_1_723' title='bbox 2198 4707 2307 4761; x_wconf 89' lang='grc' dir='ltr'>ρισι</span> <span class='ocrx_word' id='word_1_724' title='bbox 2351 4685 2647 4747; x_wconf 81' lang='grc' dir='ltr'>δουλεύσας</span> <span class='ocrx_word' id='word_1_725' title='bbox 2674 4693 2775 4755; x_wconf 77' lang='grc' dir='ltr'>τῆς</span> <span class='ocrx_word' id='word_1_726' title='bbox 2812 4687 2904 4759; x_wconf 75' lang='grc' dir='ltr'>μὲν</span> <span class='ocrx_word' id='word_1_727' title='bbox 2942 4691 3051 4741; x_wconf 91' lang='grc' dir='ltr'>τῶν</span> <span class='ocrx_word' id='word_1_728' title='bbox 3079 4686 3382 4761; x_wconf 84' lang='grc' dir='ltr'>κριτηρίων</span> <span class='ocrx_word' id='word_1_729' title='bbox 3416 4687 3615 4741; x_wconf 76' lang='grc' dir='ltr'>τούτων</span> <span class='ocrx_word' id='word_1_730' title='bbox 3672 4703 3838 4737; x_wconf 84' lang='grc' dir='ltr'>σπου-</span> 
     </span>
    </p>
   </div>
   <div class='ocr_carea' id='block_1_105' title="bbox 2196 4775 3841 4850">
    <p class='ocr_par' dir='ltr' id='par_1_105' title="bbox 2196 4775 3841 4850">
     <span class='ocr_line' id='line_1_105' title="bbox 2196 4775 3841 4850; baseline -0.002 -20"><span class='ocrx_word' id='word_1_731' title='bbox 2196 4775 2294 4846; x_wconf 85' lang='grc' dir='ltr'>δῆς</span> <span class='ocrx_word' id='word_1_732' title='bbox 2323 4777 2548 4847; x_wconf 80' lang='grc' dir='ltr'>ἀπέστη,</span> <span class='ocrx_word' id='word_1_733' title='bbox 2580 4776 2671 4830; x_wconf 86' lang='grc' dir='ltr'>καὶ</span> <span class='ocrx_word' id='word_1_734' title='bbox 2696 4775 2823 4837; x_wconf 78' lang='grc' dir='ltr'>τοὺς</span> <span class='ocrx_word' id='word_1_735' title='bbox 2864 4776 3194 4850; x_wconf 80' lang='grc' dir='ltr'>προσιόντας</span> <span class='ocrx_word' id='word_1_736' title='bbox 3226 4775 3313 4831; x_wconf 77' lang='grc' dir='ltr'>ἐπὶ</span> <span class='ocrx_word' id='word_1_737' title='bbox 3345 4780 3425 4847; x_wconf 77' lang='grc' dir='ltr'>τῷ</span> <span class='ocrx_word' id='word_1_738' title='bbox 3456 4779 3496 4812; x_wconf 68' lang='grc'>⁸¹</span> <span class='ocrx_word' id='word_1_739' title='bbox 3526 4780 3715 4850; x_wconf 72' lang='grc' dir='ltr'>τυχεῖν</span> <span class='ocrx_word' id='word_1_740' title='bbox 3743 4779 3841 4841; x_wconf 74' lang='grc' dir='ltr'>τῆς</span> 
     </span>
    </p>
   </div>
   <div class='ocr_carea' id='block_1_106' title="bbox 2194 4863 3835 4941">
    <p class='ocr_par' dir='ltr' id='par_1_106' title="bbox 2194 4863 3835 4941">
     <span class='ocr_line' id='line_1_106' title="bbox 2194 4863 3835 4941; baseline -0.002 -21"><span class='ocrx_word' id='word_1_741' title='bbox 2194 4864 2501 4941; x_wconf 82' lang='grc' dir='ltr'>ἐλευθερίας</span> <span class='ocrx_word' id='word_1_742' title='bbox 2544 4865 2897 4936; x_wconf 69' lang='grc' dir='ltr'>ἐπιπλήττων</span> <span class='ocrx_word' id='word_1_743' title='bbox 2928 4865 3003 4927; x_wconf 84' lang='grc' dir='ltr'>είς</span> <span class='ocrx_word' id='word_1_744' title='bbox 3032 4868 3158 4928; x_wconf 82' lang='grc' dir='ltr'>τοὺς</span> <span class='ocrx_word' id='word_1_745' title='bbox 3194 4863 3367 4927; x_wconf 84' lang='grc' dir='ltr'>ἰδίους</span> <span class='ocrx_word' id='word_1_746' title='bbox 3398 4866 3619 4940; x_wconf 85' lang='grc' dir='ltr'>κυρίους</span> <span class='ocrx_word' id='word_1_747' title='bbox 3670 4883 3835 4937; x_wconf 75' lang='grc' dir='ltr'>προσο</span> 
     </span>
    </p>
   </div>
   <div class='ocr_carea' id='block_1_107' title="bbox 2194 4951 3833 5033">
    <p class='ocr_par' dir='ltr' id='par_1_107' title="bbox 2194 4951 3833 5033">
     <span class='ocr_line' id='line_1_107' title="bbox 2194 4951 3833 5033; baseline 0.001 -23"><span class='ocrx_word' id='word_1_748' title='bbox 2194 4954 2405 5010; x_wconf 84' lang='grc' dir='ltr'>έταττεν</span> <span class='ocrx_word' id='word_1_749' title='bbox 2454 4953 2889 5033; x_wconf 71' lang='grc' dir='ltr'>ἐπαναστρέφειν.</span> <span class='ocrx_word' id='word_1_750' title='bbox 2950 4956 3011 5009; x_wconf 74' lang='lat' dir='ltr'>Ol</span> <span class='ocrx_word' id='word_1_751' title='bbox 3064 4951 3118 5009; x_wconf 75' lang='grc' dir='ltr'>δε</span> <span class='ocrx_word' id='word_1_752' title='bbox 3177 4951 3367 5009; x_wconf 77' lang='grc' dir='ltr'>δοῦλοι</span> <span class='ocrx_word' id='word_1_753' title='bbox 3428 4956 3833 5027; x_wconf 69' lang='grc' dir='ltr'>συστραφέντες.</span> 
     </span>
    </p>
   </div>
   <div class='ocr_carea' id='block_1_108' title="bbox 2191 5042 3832 5120">
    <p class='ocr_par' dir='ltr' id='par_1_108' title="bbox 2191 5042 3832 5120">
     <span class='ocr_line' id='line_1_108' title="bbox 2191 5042 3832 5120; baseline -0.002 -21"><span class='ocrx_word' id='word_1_754' title='bbox 2191 5046 2283 5100; x_wconf 83' lang='grc' dir='ltr'>καὶ</span> <span class='ocrx_word' id='word_1_755' title='bbox 2340 5049 2447 5100; x_wconf 93' lang='grc' dir='ltr'>τῶν</span> <span class='ocrx_word' id='word_1_756' title='bbox 2515 5050 2877 5120; x_wconf 90' lang='grc' dir='ltr'>Συρακουσῶν</span> <span class='ocrx_word' id='word_1_757' title='bbox 2946 5042 3374 5119; x_wconf 80' lang='grc' dir='ltr'>ἀπαλλαγέντες,</span> <span class='ocrx_word' id='word_1_758' title='bbox 3432 5044 3523 5097; x_wconf 79' lang='grc' dir='ltr'>καὶ</span> <span class='ocrx_word' id='word_1_759' title='bbox 3598 5064 3832 5118; x_wconf 68' lang='grc' dir='ltr'>καταφυ-</span> 
     </span>
    </p>
   </div>
   <div class='ocr_carea' id='block_1_109' title="bbox 2192 5130 3831 5209">
    <p class='ocr_par' dir='ltr' id='par_1_109' title="bbox 2192 5130 3831 5209">
     <span class='ocr_line' id='line_1_109' title="bbox 2192 5130 3831 5209; baseline -0.001 -21"><span class='ocrx_word' id='word_1_760' title='bbox 2192 5134 2382 5209; x_wconf 85' lang='grc' dir='ltr'>γόντες</span> <span class='ocrx_word' id='word_1_761' title='bbox 2414 5134 2488 5195; x_wconf 85' lang='grc' dir='ltr'>εἰς</span> <span class='ocrx_word' id='word_1_762' title='bbox 2538 5133 2599 5188; x_wconf 88' lang='grc' dir='ltr'>τὸ</span> <span class='ocrx_word' id='word_1_763' title='bbox 2630 5137 2738 5187; x_wconf 87' lang='grc' dir='ltr'>τῶν</span> <span class='ocrx_word' id='word_1_764' title='bbox 2778 5131 3033 5188; x_wconf 89' lang='grc' dir='ltr'>Παλίκων</span> <span class='ocrx_word' id='word_1_765' title='bbox 3074 5134 3320 5206; x_wconf 77' lang='grc' dir='ltr'>τέμενος,</span> <span class='ocrx_word' id='word_1_766' title='bbox 3373 5130 3661 5187; x_wconf 72' lang='grc' dir='ltr'>διελάλουν</span> <span class='ocrx_word' id='word_1_767' title='bbox 3708 5131 3831 5203; x_wconf 73' lang='grc' dir='ltr'>πρὸς</span> 
     </span>
    </p>
   </div>
   <div class='ocr_carea' id='block_1_110' title="bbox 2192 5218 3829 5297">
    <p class='ocr_par' dir='ltr' id='par_1_110' title="bbox 2192 5218 3829 5297">
     <span class='ocr_line' id='line_1_110' title="bbox 2192 5218 3829 5297; baseline -0.003 -20"><span class='ocrx_word' id='word_1_768' title='bbox 2192 5220 2479 5294; x_wconf 74' lang='grc' dir='ltr'>ἀλλήλους</span> <span class='ocrx_word' id='word_1_769' title='bbox 2512 5222 2642 5297; x_wconf 76' lang='grc' dir='ltr'>ὑπὲρ</span> <span class='ocrx_word' id='word_1_770' title='bbox 2693 5222 3063 5285; x_wconf 80' lang='grc' dir='ltr'>ἀποστάσεως.</span> <span class='ocrx_word' id='word_1_771' title='bbox 3097 5222 3331 5277; x_wconf 80' lang='grc' dir='ltr'>Ἐκεῖθεν</span> <span class='ocrx_word' id='word_1_772' title='bbox 3383 5220 3436 5275; x_wconf 83' lang='grc' dir='ltr'>ἐν</span> <span class='ocrx_word' id='word_1_773' title='bbox 3474 5218 3717 5281; x_wconf 79' lang='grc' dir='ltr'>πολλοῖς</span> <span class='ocrx_word' id='word_1_774' title='bbox 3744 5220 3829 5275; x_wconf 78' lang='grc' dir='ltr'>τόο</span> 
     </span>
    </p>
   </div>
   <div class='ocr_carea' id='block_1_111' title="bbox 2192 5307 3829 5387">
    <p class='ocr_par' dir='ltr' id='par_1_111' title="bbox 2192 5307 3829 5387">
     <span class='ocr_line' id='line_1_111' title="bbox 2192 5307 3829 5387; baseline -0.002 -21"><span class='ocrx_word' id='word_1_775' title='bbox 2192 5332 2317 5374; x_wconf 88' lang='grc' dir='ltr'>ποις</span> <span class='ocrx_word' id='word_1_776' title='bbox 2348 5318 2448 5382; x_wconf 83' lang='grc' dir='ltr'>τῆς</span> <span class='ocrx_word' id='word_1_777' title='bbox 2485 5316 2593 5367; x_wconf 91' lang='grc' dir='ltr'>τῶν</span> <span class='ocrx_word' id='word_1_778' title='bbox 2641 5309 2869 5367; x_wconf 85' lang='grc' dir='ltr'>οίκετῶν</span> <span class='ocrx_word' id='word_1_779' title='bbox 2910 5310 3131 5387; x_wconf 86' lang='grc' dir='ltr'>τόλμης</span> <span class='ocrx_word' id='word_1_780' title='bbox 3178 5308 3414 5383; x_wconf 72' lang='grc' dir='ltr'>ἐκδήλου</span> <span class='ocrx_word' id='word_1_781' title='bbox 3463 5311 3764 5385; x_wconf 78' lang='grc' dir='ltr'>γινομένης</span> <span class='ocrx_word' id='word_1_782' title='bbox 3790 5307 3829 5342; x_wconf 77' lang='grc'>⁵³</span> 
     </span>
    </p>
   </div>
   <div class='ocr_carea' id='block_1_112' title="bbox 1786 5438 2487 5498">
    <p class='ocr_par' dir='ltr' id='par_1_112' title="bbox 1786 5438 2487 5498">
     <span class='ocr_line' id='line_1_112' title="bbox 1786 5438 2487 5498; baseline 0.007 -5"><span class='ocrx_word' id='word_1_783' title='bbox 1786 5439 2027 5495; x_wconf 78' lang='lat' dir='ltr'><strong>VARle</strong></span> <span class='ocrx_word' id='word_1_784' title='bbox 2071 5438 2487 5498; x_wconf 86' lang='lat' dir='ltr'>LECTIONES.</span> 
     </span>
    </p>
   </div>
   <div class='ocr_carea' id='block_1_113' title="bbox 426 5550 3818 5682">
    <p class='ocr_par' dir='ltr' id='par_1_113' title="bbox 426 5550 3818 5682">
     <span class='ocr_line' id='line_1_113' title="bbox 426 5550 3818 5682; baseline -0.001 -72"><span class='ocrx_word' id='word_1_785' title='bbox 426 5630 431 5633; x_wconf 26' lang='grc' dir='ltr'><em>ι</em></span> <span class='ocrx_word' id='word_1_786' title='bbox 504 5559 549 5596; x_wconf 78' lang='grc'><strong>³³</strong></span> <span class='ocrx_word' id='word_1_787' title='bbox 580 5553 860 5616; x_wconf 79' lang='grc' dir='ltr'>ἐνεϐάλετο</span> <span class='ocrx_word' id='word_1_788' title='bbox 895 5562 981 5617; x_wconf 83' lang='grc' dir='ltr'>Β;</span> <span class='ocrx_word' id='word_1_789' title='bbox 1044 5555 1371 5615; x_wconf 78' lang='grc' dir='ltr'>ἒνεϐάλλετο</span> <span class='ocrx_word' id='word_1_790' title='bbox 1550 5558 1812 5629; x_wconf 83' lang='lat' dir='ltr'>Scaliger</span> <span class='ocrx_word' id='word_1_791' title='bbox 1869 5550 2163 5614; x_wconf 86' lang='grc' dir='ltr'>ἐϐάλλετο.</span> <span class='ocrx_word' id='word_1_792' title='bbox 2271 5556 2319 5592; x_wconf 78' lang='grc'>²⁴</span> <span class='ocrx_word' id='word_1_793' title='bbox 2348 5550 2669 5628; x_wconf 78' lang='grc' dir='ltr'>συμϐουλῆς</span> <span class='ocrx_word' id='word_1_794' title='bbox 2884 5557 2929 5592; x_wconf 82' lang='grc'>⁸⁸</span> <span class='ocrx_word' id='word_1_795' title='bbox 2957 5553 3126 5628; x_wconf 77' lang='grc' dir='ltr'>ταύτῃ</span> <span class='ocrx_word' id='word_1_796' title='bbox 3173 5570 3287 5628; x_wconf 83' lang='lat' dir='ltr'>mg.</span> <span class='ocrx_word' id='word_1_797' title='bbox 3329 5552 3485 5609; x_wconf 88' lang='grc' dir='ltr'>ταυτὶ</span> <span class='ocrx_word' id='word_1_798' title='bbox 3544 5571 3694 5611; x_wconf 89' lang='lat' dir='ltr'>corr.</span> <span class='ocrx_word' id='word_1_799' title='bbox 3738 5555 3818 5610; x_wconf 73' lang='grc' dir='ltr'><strong>ΔΞ</strong></span> 
     </span>
     <span class='ocr_line' id='line_1_114' title="bbox 430 5623 3816 5682; baseline -0.001 0"><span class='ocrx_word' id='word_1_800' title='bbox 430 5629 634 5682; x_wconf 75' lang='grc' dir='ltr'>ταύτην</span> <span class='ocrx_word' id='word_1_801' title='bbox 666 5630 747 5682; x_wconf 73' lang='grc' dir='ltr'>ς’.</span> <span class='ocrx_word' id='word_1_802' title='bbox 826 5634 871 5669; x_wconf 74' lang='grc'>³⁸</span> <span class='ocrx_word' id='word_1_803' title='bbox 904 5631 1179 5682; x_wconf 62' lang='grc' dir='ltr'>θαλάττης</span> <span class='ocrx_word' id='word_1_804' title='bbox 1215 5633 1469 5682; x_wconf 67' lang='lat' dir='ltr'>Scaliger</span> <span class='ocrx_word' id='word_1_805' title='bbox 1504 5648 1515 5682; x_wconf 89' lang='lat'>:</span> <span class='ocrx_word' id='word_1_806' title='bbox 1560 5631 1691 5682; x_wconf 89' lang='lat' dir='ltr'>libri</span> <span class='ocrx_word' id='word_1_807' title='bbox 1735 5625 2037 5682; x_wconf 85' lang='grc' dir='ltr'>θαλαττῶν.</span> <span class='ocrx_word' id='word_1_808' title='bbox 2120 5628 2165 5663; x_wconf 80' lang='grc'>³⁷</span> <span class='ocrx_word' id='word_1_809' title='bbox 2209 5626 2236 5679; x_wconf 95' lang='lat'>6</span> <span class='ocrx_word' id='word_1_810' title='bbox 2274 5627 2368 5682; x_wconf 76' lang='grc' dir='ltr'>μὶν</span> <span class='ocrx_word' id='word_1_811' title='bbox 2403 5626 2496 5682; x_wconf 76' lang='grc' dir='ltr'>οὖν</span> <span class='ocrx_word' id='word_1_812' title='bbox 2528 5629 2588 5682; x_wconf 85' lang='lat' dir='ltr'>B.</span> <span class='ocrx_word' id='word_1_813' title='bbox 2622 5627 2649 5681; x_wconf 88' lang='lat'>6</span> <span class='ocrx_word' id='word_1_814' title='bbox 2686 5650 2724 5682; x_wconf 74' lang='grc' dir='ltr'>μ</span> <span class='ocrx_word' id='word_1_815' title='bbox 2755 5650 2779 5681; x_wconf 93' lang='grc' dir='ltr'>ν</span> <span class='ocrx_word' id='word_1_816' title='bbox 2812 5634 2860 5682; x_wconf 81' lang='grc' dir='ltr'><strong>Δ</strong></span> <span class='ocrx_word' id='word_1_817' title='bbox 2899 5646 2911 5682; x_wconf 91' lang='lat'>:</span> <span class='ocrx_word' id='word_1_818' title='bbox 2948 5626 3067 5681; x_wconf 79' lang='grc' dir='ltr'>ὅθεν</span> <span class='ocrx_word' id='word_1_819' title='bbox 3093 5627 3172 5682; x_wconf 77' lang='lat' dir='ltr'>C.</span> <span class='ocrx_word' id='word_1_820' title='bbox 3267 5627 3308 5661; x_wconf 81' lang='grc'>³⁸</span> <span class='ocrx_word' id='word_1_821' title='bbox 3340 5623 3707 5682; x_wconf 76' lang='grc' dir='ltr'>δημοσιωνῶν</span> <span class='ocrx_word' id='word_1_822' title='bbox 3739 5633 3775 5679; x_wconf 78' lang='grc' dir='ltr'>Α</span> <span class='ocrx_word' id='word_1_823' title='bbox 3806 5639 3816 5678; x_wconf 88' lang='lat'><strong>:</strong></span> 
     </span>
    </p>
   </div>
   <div class='ocr_carea' id='block_1_114' title="bbox 430 5623 3816 5703">
    <p class='ocr_par' dir='ltr' id='par_1_114' title="bbox 430 5623 3816 5703">
     <span class='ocr_line' id='line_1_115' title="bbox 430 5623 3816 5703; baseline -0.002 -18"><span class='ocrx_word' id='word_1_824' title='bbox 430 5629 636 5703; x_wconf 82' lang='grc' dir='ltr'>ταύτην</span> <span class='ocrx_word' id='word_1_825' title='bbox 784 5702 787 5703; x_wconf 15' lang='grc' dir='ltr'><em>ν</em></span> <span class='ocrx_word' id='word_1_826' title='bbox 826 5634 871 5669; x_wconf 76' lang='grc'>³⁸</span> <span class='ocrx_word' id='word_1_827' title='bbox 904 5631 1179 5703; x_wconf 77' lang='grc' dir='ltr'>θαλάττης</span> <span class='ocrx_word' id='word_1_828' title='bbox 1215 5623 1469 5703; x_wconf 70' lang='lat' dir='ltr'>Scaliger</span> <span class='ocrx_word' id='word_1_829' title='bbox 1504 5648 1515 5703; x_wconf 72' lang='grc' dir='ltr'>ζ</span> <span class='ocrx_word' id='word_1_830' title='bbox 1560 5623 2074 5703; x_wconf 33' lang='grc' dir='ltr'>Ιὶίη-ἰέθαλοιττῶνεΔ</span> <span class='ocrx_word' id='word_1_831' title='bbox 2120 5628 2165 5703; x_wconf 46' lang='grc'>³7</span> <span class='ocrx_word' id='word_1_832' title='bbox 2209 5626 2236 5679; x_wconf 96' lang='lat'>6</span> <span class='ocrx_word' id='word_1_833' title='bbox 2273 5623 2588 5703; x_wconf 35' lang='lat' dir='ltr'>ptio-WB,</span> <span class='ocrx_word' id='word_1_834' title='bbox 2612 5623 2649 5703; x_wconf 10' lang='lat'>76</span> <span class='ocrx_word' id='word_1_835' title='bbox 2685 5623 2779 5699; x_wconf 66' lang='grc' dir='ltr'>μὶν</span> <span class='ocrx_word' id='word_1_836' title='bbox 2899 5623 3172 5703; x_wconf 33' lang='grc' dir='ltr'>ᾲὸθεν-ζ.</span> <span class='ocrx_word' id='word_1_837' title='bbox 3235 5623 3312 5703; x_wconf 59' lang='grc' dir='ltr'>Ἷξ</span> <span class='ocrx_word' id='word_1_838' title='bbox 3340 5623 3707 5703; x_wconf 49' lang='grc' dir='ltr'>δημιξιωνῶν</span> <span class='ocrx_word' id='word_1_839' title='bbox 3739 5633 3775 5679; x_wconf 78' lang='grc' dir='ltr'>Α</span> <span class='ocrx_word' id='word_1_840' title='bbox 3806 5639 3816 5678; x_wconf 88' lang='lat'><strong>:</strong></span> 
     </span>
    </p>
   </div>
   <div class='ocr_carea' id='block_1_115' title="bbox 435 5696 3535 5775">
    <p class='ocr_par' dir='ltr' id='par_1_115' title="bbox 435 5696 3535 5775">
     <span class='ocr_line' id='line_1_116' title="bbox 435 5696 3535 5775; baseline -0.002 -19"><span class='ocrx_word' id='word_1_841' title='bbox 435 5696 717 5775; x_wconf 47' lang='grc' dir='ltr'>δημοσίων</span> <span class='ocrx_word' id='word_1_842' title='bbox 912 5706 956 5739; x_wconf 79' lang='grc'>³⁸</span> <span class='ocrx_word' id='word_1_843' title='bbox 987 5696 1239 5758; x_wconf 79' lang='grc' dir='ltr'>δουλεύοι</span> <span class='ocrx_word' id='word_1_844' title='bbox 1272 5708 1342 5759; x_wconf 81' lang='grc' dir='ltr'>Α.</span> <span class='ocrx_word' id='word_1_845' title='bbox 1373 5696 1467 5738; x_wconf 45' lang='grc' dir='ltr'>ν⁴⁰</span> <span class='ocrx_word' id='word_1_846' title='bbox 1499 5702 1550 5755; x_wconf 81' lang='grc' dir='ltr'>ἐν</span> <span class='ocrx_word' id='word_1_847' title='bbox 1590 5700 1862 5775; x_wconf 68' lang='grc' dir='ltr'>ἀξιώμασι</span> <span class='ocrx_word' id='word_1_848' title='bbox 1894 5703 1941 5757; x_wconf 76' lang='grc' dir='ltr'><strong>Α</strong></span> <span class='ocrx_word' id='word_1_849' title='bbox 1977 5717 1990 5755; x_wconf 89' lang='lat'><strong>:</strong></span> <span class='ocrx_word' id='word_1_850' title='bbox 2026 5696 2299 5772; x_wconf 79' lang='grc' dir='ltr'>ἀξιώματί</span> <span class='ocrx_word' id='word_1_851' title='bbox 2488 5701 2533 5739; x_wconf 79' lang='grc'>⁴¹</span> <span class='ocrx_word' id='word_1_852' title='bbox 2566 5702 2644 5771; x_wconf 84' lang='grc' dir='ltr'>τῷ</span> <span class='ocrx_word' id='word_1_853' title='bbox 2679 5696 2715 5753; x_wconf 85' lang='lat' dir='ltr'><strong>B</strong></span> <span class='ocrx_word' id='word_1_854' title='bbox 2750 5717 2764 5756; x_wconf 87' lang='lat'><strong><em>:</em></strong></span> <span class='ocrx_word' id='word_1_855' title='bbox 2795 5700 2858 5756; x_wconf 85' lang='grc' dir='ltr'>τὸ</span> <span class='ocrx_word' id='word_1_856' title='bbox 3048 5696 3427 5774; x_wconf 69' lang='grc' dir='ltr'>⁴²’γενομὲνης</span> <span class='ocrx_word' id='word_1_857' title='bbox 3452 5697 3535 5773; x_wconf 71' lang='grc' dir='ltr'>ς’,</span> 
     </span>
    </p>
   </div>
  </div>
