4066 6216
235 339 396 398 1417

1353 343 1893 408 BlBLIO'l‘HECA.
1945 377 2015 388 -—
2060 347 2231 406 COD.
2279 348 2580 411 CCXLIV.

3479 359 3636 418 1418

230 476 449 547 πρῶτοι
523 478 623 542 τῆς
688 471 996 548 ἐλευθερίας
1079 474 1504 547 ἀντεποιήσαντο
1577 480 1714 534 κατά
1784 479 1882 548 τήν

1993 481 2160 551 jusce
2190 488 2306 538 lam
2341 483 2580 540 audacis
2611 499 2905 539 servorum
2939 486 3210 542 facinoris
3243 505 3342 560 per
3374 492 3641 564 Ancylio-

234 562 548 638 ’Δγκυλίων
610 563 797 636 γώραν
869 559 1119 640 ἀδελφῶν
1189 568 1330 620 δυεῖν
1411 565 1878 641 μεγαλοπλούτων

233 649 445 705 οἰκέται
473 650 782 724 τριάκοντα,
815 651 888 704 ὧν
925 654 1114 726 ἡγεῖτο
1137 653 1350 730 Ὀάριος
1383 654 1558 729 ὄνομα
1590 675 1604 688 ·
1640 657 1691 711 οἳ
1727 662 1882 731 πρῶ-

230 759 329 794 τον
380 741 475 812 μὲν
527 740 717 801 νυκτὸς
768 742 1156 814 κοιμωμένους
1203 742 1328 806 τοὺς
1387 741 1555 807 ἰδίους
1623 743 1884 808 δεσπότας

235 827 560 905 ἀπέσφαξαν,
609 830 721 884 εἶτα
768 828 856 885 ἐπὶ
918 831 1014 893 τὰς
1075 833 1390 905 γειτνιώσας
1441 833 1695 895 ἐπαύλεις
1743 854 1882 910 παρ-

237 916 488 980 ελθόντες
531 918 872 993 παρεκάλουν
925 918 1012 974 ἐπὶ
1061 922 1160 990 τήν
1206 919 1510 997 ἐλευθερίαν
1569 924 1695 984 τοὺς
1753 921 1882 978 δού-

236 1011 373 1076 λους
407 1034 420 1046 ο
453 1012 544 1068 καὶ
575 1012 626 1067 ἐν
663 1013 801 1088 αὐτῇ
831 1019 899 1089 τῇ
943 1015 1092 1070 νυκτὶ
1127 1014 1456 1090 συνέδραμον
1501 1015 1723 1081 πλείους
1771 1022 1881 1073 τῶν

237 1103 340 1177 ρκ’.
392 1102 490 1156 Καὶ
529 1098 965 1178 καταλαϐόμενοι
1016 1103 1224 1180 χωρίον
1257 1105 1411 1184 φύσει
1462 1107 1689 1181 ὀχυρὸν,
1721 1111 1882 1164 τοῦτο

240 1191 459 1266 μᾶλλον
535 1193 936 1273 ἐπωχύρωσαν,
1005 1194 1433 1270 προσδεξάμενοι
1501 1199 1588 1253 καὶ
1664 1200 1882 1274 ἐτέρους

236 1282 473 1350 δούλους
516 1283 900 1358 ὡπλισμένους
931 1288 1008 1344 π’.
1040 1293 1094 1342 '0
1127 1286 1185 1342 δὲ
1227 1289 1535 1364 στρατηγὸς
1579 1296 1680 1358 τῆς
1725 1290 1885 1364 ἐπαρ-

237 1373 367 1448 χίας
420 1375 659 1436 Λικίνιος
689 1375 735 1410 ‘3
791 1375 1034 1450 Νερούας
1072 1377 1210 1431 κατά
1256 1378 1428 1452 τάχος
1479 1377 1669 1441 αὐτοῖς
1718 1377 1876 1434 ἐπελ-

226 1462 344 1517 θὼν
397 1463 487 1518 καὶ
545 1462 860 1538 πολιορκῶν
919 1466 1192 1540 ἄπρακτον
1251 1463 1381 1544 ἔσχε
1446 1467 1544 1536 τήν
1618 1465 1883 1538 σπουδήν.

236 1552 386 1608 Ἐπεὶ
419 1549 476 1607 δὲ
509 1552 600 1627 βίᾳ
644 1551 926 1608 ἀνάλωτον
965 1555 1028 1608 τὸ
1059 1558 1105 1592 ⁸⁸
1151 1554 1410 1633 φρούριον
1463 1556 1626 1627 ἐώρα,
1659 1554 1746 1610 ἐπὶ
1785 1557 1884 1626 τὴν

234 1639 532 1716 προδοσίαν
581 1643 701 1717 ὁρᾷ,
751 1643 839 1696 καὶ
890 1642 1166 1718 σωτηρίας
1218 1645 1542 1720 ὑποσχέσεσι
1584 1648 1742 1700 Γάϊον
1787 1652 1881 1702 Τι-

231 1729 400 1784 τίνιον
454 1732 580 1804 [633
629 1733 718 1803 Η.]
768 1730 1196 1805 ἐπικαλούμενον
1244 1731 1470 1788 Γαδαῖον
1505 1737 1548 1770 ⁴⁸
1594 1733 1882 1797 ἀναπείσας

1990 587 2122 626 rum
2150 571 2272 629 loca
2293 574 2416 643 jam
2441 573 2691 646 vulgata,
2716 573 2890 645 primi
2924 590 2985 631 se
3019 575 3078 630 in
3113 575 3436 634 libertatem
3460 581 3645 637 vindi-

1990 665 2197 715 carunt
2213 661 2450 733 triginta
2470 662 2719 717 duorum
2743 661 3164 718 ditissimorum
3193 665 3430 722 fratrum
3448 669 3632 725 servi:

1991 765 2242 818 quorum
2285 751 2400 806 dux
2447 756 2570 806 erat
2601 750 2840 822 quidam
2875 752 3110 808 nomine
3159 754 3384 810 Oarins.
3418 757 3480 810 Hi
3522 758 3641 827 pri-

1993 854 2153 894 mum
2202 856 2339 896 suos
2403 840 2576 897 heros
2635 844 2806 896 noctu
2858 841 3216 897 dormientes
3269 843 3641 916 jugularunt,

1994 926 2201 982 deinde
2241 929 2311 983 ad
2360 928 2582 985 vicinas
2618 931 2794 986 etiam
2832 931 3118 1002 progressi
3149 931 3316 988 villas
3347 950 3640 990 servorum

1993 1015 2223 1071 animos
2253 1016 2324 1071 ad
2358 1016 2644 1074 libertatis
2677 1019 2939 1075 studium
2962 1022 3373 1086 accenderunt,
3406 1024 3548 1078 adeo
3583 1027 3644 1079 ut

1993 1101 2092 1158 illa
2122 1103 2245 1174 ipsa
2277 1109 2443 1160 nocte
2473 1122 2798 1162 concursus
2837 1109 2906 1162 ad
2939 1122 3036 1163 eos
3071 1109 3257 1164 factus
3289 1111 3367 1165 sit
3397 1110 3643 1167 aliorum

1994 1197 2227 1248 centum
2260 1199 2317 1249 et
2342 1193 2548 1265 viginti
2584 1199 2763 1267 atque
2794 1196 3064 1268 amplius.
3102 1197 3170 1253 Hi
3210 1203 3490 1270 occupato
3523 1201 3645 1257 loco

1994 1286 2203 1339 natura
2237 1284 2483 1354 munito,
2516 1290 2640 1340 arte
2664 1287 2819 1342 haud
2853 1287 3024 1358 paulo
3057 1289 3427 1344 munitiorem
3453 1290 3644 1346 reddi-

1993 1372 2224 1442 derunt,
2259 1375 2581 1446 assumptis
2608 1383 2664 1431 et
2694 1377 2829 1432 aliis
2858 1377 3153 1448 octoginta
3184 1378 3389 1448 servis,
3421 1380 3521 1450 qui
3553 1397 3644 1436 ar-

1996 1461 2137 1517 mati
2186 1468 2406 1520 essent.
2446 1463 2758 1522 Provinciae
2807 1470 2999 1522 autem
3047 1466 3363 1539 imperator
3394 1469 3645 1525 Licinius

1992 1554 2194 1618 Nerva,
2226 1567 2360 1608 cum
2395 1561 2626 1624 repente
2657 1555 3076 1625 superveniens
3107 1571 3204 1611 eos
3235 1557 3504 1613 obsidere
3533 1573 3646 1614 cm-

1991 1641 2193 1711 pisset,
2256 1640 2400 1696 nihil
2455 1641 2591 1697 ullis
2641 1644 2950 1699 conatibus
3006 1661 3341 1715 promovere
3395 1651 3640 1718 poterat.

1991 1730 2378 1793 Quamobrem
2417 1731 2595 1787 nullis
2627 1732 2848 1788 viribus
2881 1735 3268 1805 expugnabile
3302 1735 3640 1806 praesidium

238 1819 327 1893 (ἦν
383 1816 429 1872 δ’
475 1820 632 1882 οὗτος
681 1821 786 1896 πρὸ
827 1818 966 1876 δυεῖν
1021 1820 1153 1876 ἐτῶν
1194 1819 1599 1883 καταδικασθεὶς
1651 1824 1745 1894 μὲν
1789 1825 1882 1878 θα-

1994 1818 2135 1874 illud
2171 1836 2296 1876 esse
2327 1821 2678 1890 cernens,ad
2711 1823 3095 1893 proditionem
3123 1827 3380 1879 animum
3401 1841 3643 1880 conver-

236 1905 404 1980 νᾶτῳ,
453 1909 555 1977 τήν
613 1909 882 1984 τιμωρίαν
932 1907 978 1964 δ’
1038 1908 1287 1984 ἐκφυγὼν
1334 1912 1424 1965 καὶ
1475 1909 1720 1972 πολλοὺς
1776 1917 1886 1967 τῶν

235 1998 375 2052 κατά
421 1998 522 2066 τήν
569 1999 756 2072 χώραν
799 1995 1096 2072 ἐλευθέρων
1142 2000 1277 2054 κατά
1329 1997 1580 2073 λῃστείαν
1625 1999 1885 2075 ἀναιρῶν,

238 2083 428 2140 οὐδένα
462 2083 518 2140 δε
565 2091 672 2142 τῶν
709 2085 933 2141 οἰκετῶν
980 2085 1364 2161 παραλυπῶν),
1416 2089 1561 2164 εἶχεν
1613 2089 1886 2164 ὑπηρέτην

233 2179 332 2230 τοῦ
377 2180 606 2232 σκοποῦ.
660 2179 822 2249 [ί17ύ
855 2179 944 2249 H.]
989 2177 1160 2239 Οὗτος
1192 2176 1334 2252 ἔχων
1381 2179 1529 2250 αὑτῷ
1559 2179 1603 2214 ⁴⁶
1660 2177 1884 2239 πιστοὺς

233 2265 446 2326 οἰκέτας
476 2265 716 2332 ἱκανοὺς,
748 2265 994 2339 πρόσεισι
1025 2271 1103 2338 τῷ
1133 2267 1378 2346 φρουρίῳ
1413 2271 1520 2322 τῶν
1553 2271 1595 2304 ⁸⁷
1643 2269 1888 2323 ἀποστα-

230 2358 364 2424 τῶν,
423 2355 496 2416 ὡς
573 2352 722 2422 δή⁴⁸
799 2356 1145 2428 συμμεθέξων
1211 2360 1308 2410 τοῦ
1384 2357 1519 2411 κατὰ
1593 2359 1884 2430 Ῥωμαίων

231 2439 484 2514 πολέμου
530 2461 542 2474 ·
589 2442 832 2515 εὐμενῶς
881 2441 938 2498 δὲ
981 2444 1072 2498 καὶ
1120 2442 1470 2524 φιλοφρόνως
1523 2445 1885 2524 προσδεχθεὶς

234 2531 404 2604 ᾑρέθη
438 2530 527 2586 διὰ
554 2533 655 2601 τήν
687 2529 934 2608 ἀνδρείαν
967 2534 1056 2588 καὶ
1099 2535 1422 2610 στρατηγὸς,
1455 2536 1544 2590 καὶ
1593 2533 1885 2608 προῦδωκε

227 2619 292 2674 τὸ
342 2621 618 2696 φρούριον.
664 2625 779 2676 Τῶν
827 2619 874 2676 δ’
920 2623 1238 2678 ἀποστατῶν
1267 2625 1314 2658 ⁴⁹
1371 2625 1423 2678 οἱ
1476 2625 1570 2698 μὲν
1629 2625 1885 2700 μαχόμε-

233 2729 319 2763 νοι
349 2712 394 2746 ⁵ο
436 2710 832 2780 κατεκόπησαν,
866 2712 916 2766 οἱ
949 2708 1006 2766 δὲ
1048 2714 1147 2781 τὴν
1198 2711 1304 2767 ἀπὸ
1342 2719 1442 2783 τῆς
1492 2711 1754 2777 ἁλώσεως
1797 2711 1882 2769 δε-

236 2792 413 2858 διότες
444 2797 718 2871 τιμωρίαν
764 2795 991 2860 ἒαύτοὺς
1043 2803 1495 2876 κατεκρήμνισαν.
1542 2802 1604 2856 Ἠ
1649 2802 1743 2874 μὲν
1789 2799 1882 2857 οὖν

233 2887 427 2961 πρώτη
460 2891 569 2941 τῶν
613 2883 891 2961 δραπετῶν
943 2889 1124 2951 στάσις
1153 2888 1424 2961 κατελύθη
1473 2891 1562 2946 τὸν
1591 2889 1881 2966 εἰρημένον

233 2977 462 3048 τρόπον.

1998 1908 2085 1963 tit.
2102 1909 2240 1977 Ejus
2253 1915 2448 1965 autem
2466 1911 2802 1965 ministrum
2819 1912 3351 1984 habnitqnemdam
3369 1913 3645 1968 Titinium

1995 2003 2382 2069 cognomento
2402 1998 2700 2067 Gadazum,
2715 2017 2817 2072 spe
2834 2000 3042 2056 salutis
3061 2003 3380 2058 adductum
3416 2019 3430 2057 ι
3457 2004 3645 2058 fuerat

1996 2090 2150 2142 enim
2187 2087 2279 2142 hic
2315 2087 2570 2143 Titinius
2601 2094 2734 2144 ante
2769 2091 2916 2145 duos
2947 2106 3128 2146 annos
3159 2091 3399 2160 [Romae]
3435 2091 3642 2162 capitis

1996 2177 2443 2242 condemnatus,
2478 2180 2572 2232 sed
2614 2195 2838 2248 poenam
2886 2179 3184 2249 effugerat,
3213 2179 3543 2251 multosque
3573 2195 3643 2235 ex

1995 2263 2335 2319 hominibus
2358 2263 2548 2319 888a
2573 2264 2766 2320 liberis
2785 2267 2910 2336 ejus
2932 2267 3188 2338 regionis
3213 2267 3642 2338 praedabundus

1993 2353 2319 2409 interficere
2350 2353 2593 2425 solebat,
2626 2356 2807 2411 servis
2834 2363 3036 2412 contra
3067 2372 3137 2411 ne
3178 2357 3490 2412 minimum
3517 2355 3642 2428 qui-

1995 2445 2125 2500 dem
2157 2443 2373 2517 negotii
2408 2445 2900 2501 facessens.Unde
2923 2463 3056 2501 cum
3091 2446 3308 2501 multos
3332 2446 3412 2501 ibi
3444 2462 3640 2502 servos

1995 2531 2104 2587 sibi
2153 2531 2298 2586 fidos
2338 2531 2596 2600 haberet,
2628 2533 2699 2586 ad
2749 2533 3078 2599 castellum,
3115 2541 3390 2604 tanquam
3423 2538 3480 2588 et
3518 2533 3638 2603 ipse

1994 2636 2098 2691 pro
2119 2619 2269 2675 virili
2302 2627 2461 2690 parte
2491 2622 2771 2676 adversus
2804 2621 3098 2677 Romanos
3121 2622 3514 2692 praeliaturus,
3548 2637 3640 2678 ac-

1993 2711 2167 2769 cedit.
2201 2711 2480 2765 Benevole
2529 2715 2723 2765 autem
2760 2713 3118 2781 comiterque
3141 2717 3432 2783 receptus,
3462 2712 3636 2767 etiam

1992 2802 2314 2871 imperator
2361 2798 2718 2854 fortitudinis
2785 2815 2918 2870 ergo
2975 2808 3202 2856 creatus
3261 2801 3391 2856 fuit.
3453 2802 3638 2866 Quam

1993 2889 2335 2960 dignitatem
2373 2890 2636 2960 adeptus,
2670 2889 2975 2944 castellum
3011 2889 3289 2960 prodidit.
3320 2891 3471 2944 Tum
3504 2906 3639 2945 vero

1991 2995 2060 3035 ex
2089 2977 2473 3034 defectoribus
2503 2977 2602 3033 alii
2640 2977 2878 3049 quidem
2928 2979 2988 3033 in
3031 2977 3227 3049 praelio
3267 2979 3483 3034 concisi
3517 2979 3640 3035 fue-

233 3071 390 3133 runt,
423 3066 520 3122 alii
552 3083 681 3124 vero
712 3085 893 3139 poena
929 3074 1112 3136 metu,
1137 3085 1312 3140 quam
1346 3087 1409 3126 se
1440 3075 1639 3142 captos
1670 3086 1908 3127 manere
1937 3067 2218 3134 sciebant,
2245 3083 2306 3123 se
2339 3066 2659 3138 praecipites
2690 3067 2991 3123 dederunt.
3021 3066 3210 3123 Prima
3239 3067 3414 3140 igitur
3436 3067 3641 3139 fugiti-

235 3171 439 3213 vorum
471 3154 679 3211 seditio
712 3173 973 3227 repressa
998 3157 1103 3213 hoc
1123 3158 1290 3214 modo
1324 3159 1448 3214 fuit.

303 3246 426 3300 Τῶν
469 3239 528 3298 δὲ
574 3249 918 3318 στρατιωτῶν
968 3247 1104 3320 πρὸς
1155 3245 1222 3300 τα
1269 3246 1446 3301 οἰκεῖα
1503 3247 1610 3318 ἤθη
1667 3245 1875 3301 ιΞιπολυ⁹

2064 3245 2577 3302 Verumenimvero
2617 3244 2903 3302 militibus
2936 3246 3008 3301 ad
3048 3245 3216 3302 sedes
3253 3262 3391 3303 suas
3430 3246 3640 3304 dimis-

235 3333 454 3399 θέντων,
495 3332 628 3402 ἧκόν
679 3353 816 3396 τινες
857 3332 1286 3409 ἀπαγγέλλοντες
1320 3334 1404 3390 ὅτι
1456 3335 1700 3392 Πόπλιον
1739 3335 1879 3392 Κλόο

233 3443 368 3491 νιον,
428 3423 722 3496 γενόμενον
792 3423 958 3479 ἱππέα
1013 3425 1317 3497 Ῥωμαίων,
1387 3425 1771 3489 ἐπαναστάντες
1829 3426 1880 3480 o't

235 3507 425 3566 δοῦλοι
465 3512 795 3589 κατέσφαξαν
827 3510 1164 3587 ὀγδοήκοντα
1195 3513 1362 3586 ὄντες,
1407 3515 1495 3572 καὶ
1529 3517 1613 3572 ὅτι
1661 3515 1878 3585 πλῆθος

235 3599 530 3673 ἀγείρουσι.
595 3601 694 3655 Καὶ
753 3602 780 3655 ὁ
865 3602 959 3674 μὲν
1021 3603 1325 3676 στρατηγὸς
1393 3604 1586 3678 ἐτέρων
1652 3603 1878 3680 βουλαῖς

232 3691 686 3764 παρακρουσθεὶς,
735 3688 843 3760 ἤδη
895 3693 984 3746 καί
1039 3695 1149 3746 τῶν
1202 3690 1473 3747 πλείστων
1535 3699 1880 3766 στρατιωτῶν

233 3775 660 3851 ἀπολελυμένων
689 3781 760 3849 ⁵¹,
819 3781 1006 3853 καιρὸν
1053 3785 1284 3854 παρεῖχε
1325 3778 1412 3835 διὰ
1458 3788 1558 3851 τῆς
1607 3778 1882 3851 ἀναϐολῆς

233 3873 350 3932 τοῖς
379 3868 705 3932 ἀποστάταις
738 3868 950 3942 βέλτιον
979 3868 1177 3934 αὐτοὺς
1206 3870 1623 3945 ἂσφαλίσασθαι.
1660 3878 1882 3946 Προῆγε

238 3956 295 4013 δὲ
349 3958 483 4030 μετά
545 3963 655 4013 τῶν
702 3957 930 4014 ἐνόντων
982 3961 1351 4032 στρατιωτῶν,
1402 3961 1489 4015 καὶ
1543 3956 1730 4022 διαϐάς
1788 3961 1878 4014 τὸν

235 4042 444 4104 Ἄλϐαν
476 4048 747 4122 ποταμὸν,
788 4047 1038 4124 παρῆλθε
1063 4048 1190 4110 τοὺς
1221 4050 1528 4113 ἀποστάτας
1567 4044 1882 4124 διατρίϐον-

233 4156 330 4198 τας
379 4135 428 4190 έν
483 4133 596 4213 ὄρει
627 4135 980 4208 καλουμένῳ.
1033 4143 1348 4212 Καπριανῷ,
1399 4138 1487 4192 καὶ
1543 4140 1880 4210 κατήντησεν

235 4226 311 4289 εἷς
343 4225 506 4281 πόλιν
547 4225 893 4303 Ἡράκλειαν.
927 4229 1022 4284 Ἐκ
1068 4227 1173 4302 γὰρ
1201 4229 1248 4264 ⁵³
1291 4233 1390 4283 τοῦ
1423 4230 1500 4302 μή
1553 4225 1883 4304 προσϐαλεῖν

232 4314 419 4378 αὐτοῖς
475 4317 567 4374 τὸν
627 4317 930 4392 στρατηγὸν
979 4315 1246 4390 ἀτολμίαν
1302 4317 1468 4374 αὐτοῦ
1527 4315 1884 4398 διαφημίσαν-

229 4427 341 4474 τες,
376 4406 609 4481 συχνοὺς
643 4405 876 4461 ἀνέσειον
921 4410 1030 4461 τῶν
1073 4406 1317 4462 οἰκετῶν.
1351 4408 1450 4462 Καὶ
1489 4406 1718 4464 πολλῶν
1761 4405 1883 4483 συρο

234 4493 466 4568 ῥεόντων
520 4494 610 4548 καὶ
660 4495 755 4549 τὸν
815 4491 1034 4549 δυνατὸν
1093 4493 1295 4570 τρόπον
1352 4495 1427 4556 εἰς
1477 4498 1664 4570 μάχην
1714 4515 1884 4570 παρα-

235 4582 665 4655 σκευαζομένων⁹
754 4583 806 4638 ἐν
895 4583 1029 4639 έπτά
1108 4590 1228 4647 ταῖς

233 4671 694 4744 καθωπλίσθησαν
771 4672 999 4736 πλείους
1073 4678 1179 4728 τῶν
1266 4674 1622 4745 ὀκτακοσίων,
1694 4673 1882 4751 ἐφεξῆς

237 4759 284 4816 δ’
329 4759 570 4835 ἐγέθοντο
601 4766 708 4816 τῶν
760 4758 1054 4836 δισχιλίων
1106 4761 1204 4817 ούκ
1255 4762 1534 4824 ἐλάττους.
1574 4763 1885 4834 Πυθόμενος

236 4847 284 4905 δ’
342 4848 393 4904 ἐν
454 4849 749 4925 Ἡρακλείᾳ
803 4853 901 4920 τὴν
969 4849 1190 4922 αὔξησιν
1251 4851 1424 4907 αὐτῶν
1486 4853 1513 4907 ὁ
1590 4853 1888 4927 στρατηγὸς

235 4940 487 5016 ἡγεμόνα
515 4941 940 5016 προεχειρίσατο
990 4941 1213 5016 Μάρκον
1259 4943 1521 5010 Τιτίνιον,
1566 4941 1692 5006 δοὺς
1739 4939 1886 5013 αἱ)τῷ

232 5030 567 5104 στρατιώτας
597 5029 726 5094 τοὺς
763 5029 822 5085 ἐκ
865 5037 964 5100 τῆς
1012 5033 1206 5102 Ἕννης
1239 5031 1511 5109 φρουροὺς
1556 5032 1884 5102 ἑξακοσίους.

236 5120 409 5180 Οὗτος
468 5117 525 5174 δὲ
581 5119 736 5194 μάχῃ
791 5116 1122 5194 προσϐαλὼν
1181 5126 1300 5185 τοῖς
1365 5121 1710 5192 ἀποστάταις,
1771 5119 1886 5175 ἐπεὶ

230 5207 323 5264 καὶ
367 5212 447 5281 τῷ
497 5205 699 5278 πλήθει
746 5209 836 5264 καὶ
876 5214 996 5272 ταῖς
1047 5208 1383 5285 δυσχωρίαις
1413 5211 1457 5246 ⁵³
1504 5209 1884 5265 ἐπλεονέκτουν

229 5297 451 5366 ἐκεῖνοι,
507 5294 712 5373 ἐτράπη
773 5299 867 5354 σὺν
924 5303 1042 5362 τοῖς
1092 5298 1217 5376 περὶ
1277 5298 1459 5369 αὐτὸν,
1508 5297 1732 5353 πολλῶν
1789 5297 1884 5371 μὲν

1989 3338 2091 3408 sis,
2125 3339 2366 3394 affertur
2387 3354 2421 3392 a
2439 3336 2791 3408 quibusdam
2818 3335 3083 3400 nuntius,
3117 3351 3312 3393 servos
3342 3337 3412 3392 8O
3432 3338 3637 3407 conju-

1991 3427 2217 3483 ratione
2241 3427 2389 3482 facta
2419 3425 2478 3482 P.
2513 3425 2769 3482 Clonium
2807 3424 2906 3496 qui
2936 3425 3222 3496 equestris
3252 3425 3473 3482 ordinis
3506 3425 3632 3495 fuit,

1990 3515 2372 3581 interfecisse,
2405 3531 2796 3587 magnamque
2842 3514 2952 3570 sibi
3005 3531 3243 3571 manum
3291 3515 3634 3586 adjungere.

1991 3607 2321 3672 Quinetiam
2365 3605 2493 3676 ipse
2544 3606 2859 3674 imperator
2897 3605 3160 3660 consiliis
3201 3603 3444 3659 aliorum
3469 3603 3637 3660 dece-

1993 3701 2141 3766 ptus,
2159 3697 2282 3766 jam
2300 3695 2450 3750 bona
2472 3710 2710 3749 suorum
2731 3693 2983 3747 militum
3010 3697 3168 3761 parte
3199 3692 3465 3757 dimissa,
3491 3692 3642 3748 defeo

1992 3786 2248 3842 ctoribus
2271 3784 2340 3839 ad
2361 3800 2423 3839 se
2440 3783 2646 3837 melius
2675 3781 3021 3836 muniendos
3039 3786 3268 3852 tempus
3284 3780 3480 3834 dabat.
3498 3781 3646 3835 Tan-

1992 3875 2124 3929 dem
2158 3883 2348 3928 lamen
2381 3887 2512 3927 cum
2546 3870 2943 3940 qualicunque
2985 3869 3176 3940 potuit
3209 3885 3387 3922 manu
3420 3869 3491 3922 ad
3539 3884 3639 3924 eos

1991 3961 2311 4025 contendit,
2362 3959 2720 4030 trajectoquc
2783 3957 2956 4012 ﬂuvio
3004 3957 3169 4025 Alba,
3222 3957 3540 4013 defectores
3580 3957 3638 4012 in

1993 4056 2190 4108 monte
2233 4048 2517 4122 Capriano
2559 4049 2866 4103 stationem
2914 4051 3148 4118 agentes
3197 4051 3641 4117 praetergressus

1991 4146 2099 4207 est,
2123 4145 2179 4196 et
2208 4140 2277 4194 ad
2313 4139 2517 4193 urbem
2541 4135 2872 4192 Heracleam
2909 4136 3176 4208 perrexit.
3203 4135 3348 4190 Cum
3375 4134 3552 4205 igitur
3573 4135 3643 4190 de

1989 4227 2596 4304 ignaviaimperatoris
2609 4243 2670 4282 ru
2685 4243 2896 4282 morem
2912 4226 3288 4296 sparsissent,
3307 4223 3644 4295 utpoteillos

1992 4321 2188 4392 pmlio
2219 4320 2500 4375 lacessere
2548 4333 2661 4372 non
2703 4317 2854 4384 ausi,
2887 4314 3103 4371 multos
3133 4331 3201 4370 ex
3230 4313 3412 4370 servis
3444 4315 3516 4369 ad
3548 4315 3641 4370 de-

1995 4410 2298 4466 fectionem
2333 4406 2694 4465 animabant,
2719 4408 2859 4460 adeo
2883 4405 3088 4460 multis
3112 4404 3372 4475 undique
3391 4404 3639 4460 circum-

1993 4498 2330 4565 ﬂuentibus,
2383 4513 2558 4567 seque
2601 4496 2695 4560 iis,
2738 4511 2986 4566 quorum
3033 4495 3365 4549 facultatem
3406 4498 3640 4564 tempus

1321 4585 1565 4654 πρώταις
1649 4585 1882 4660 ἡμέραις

1993 4587 2266 4657 locusque
2297 4584 2537 4650 dabant,
2561 4583 2741 4636 armis
2773 4581 3307 4650 inslruentibus,ut
3337 4580 3492 4635 intra
3523 4579 3642 4651 pri-

1995 4692 2123 4732 mos
2145 4679 2368 4748 septem
2401 4673 2526 4729 dies
2559 4672 2905 4743 octingentis
2933 4669 3128 4742 plures
3160 4670 3367 4726 armati
3399 4669 3638 4738 fuerint,

1997 4770 2197 4837 postea
2245 4779 2376 4818 vero
2410 4777 2597 4832 usque
2640 4759 2713 4815 ad
2751 4762 2998 4815 duorum
3043 4758 3290 4815 millium
3335 4775 3644 4814 numerum

1997 4853 2301 4910 creverint.
2337 4852 2649 4922 Postquam
2698 4857 2890 4905 autem
2933 4848 3250 4920 imperator
3285 4849 3435 4919 apud
3473 4847 3645 4902 [lera-

1996 4943 2179 4998 cleam
2213 4941 2283 4996 de
2333 4941 2516 4996 auctis
2555 4955 2757 4994 eorum
2794 4937 3015 4993 viribus
3062 4937 3274 4993 certior
3304 4936 3488 4991 factus
3513 4934 3644 5004 fuit,

1997 5031 2204 5086 ducem
2265 5029 2546 5084 adversus
2609 5043 2709 5082 eos
2760 5028 3013 5083 Marcum
3071 5025 3349 5080 Titinium
3407 5023 3643 5092 creavit,

1997 5135 2245 5190 eumque
2267 5135 2398 5174 cum
2432 5117 2717 5172 sexcentis
2746 5130 2815 5170 ex
2846 5116 3009 5170 Enna
3039 5113 3414 5186 praesidiariis
3446 5111 3644 5168 militi~

1997 5209 2106 5264 bus
2134 5209 2310 5264 misit.
2344 5208 2444 5263 Hic
2467 5223 2598 5263 vero
2638 5205 2958 5262 defectores
2993 5205 3228 5261 adortus
3261 5202 3456 5274 praelio
3486 5203 3643 5273 (cum

1997 5297 2079 5354 illi
2111 5303 2167 5353 et
2212 5312 2455 5354 numero
2497 5294 2826 5368 superiores
2875 5298 3090 5360 essent,
3113 5300 3166 5349 et
3215 5292 3273 5348 in
3315 5308 3382 5349 eo
3413 5305 3642 5364 quoque

1593 5430 1688 5483 VA
1699 5427 1834 5483 BHE
1877 5424 2179 5482 LECTION
2191 5424 2286 5478 ES.

302 5558 346 5595 ⁴⁸
377 5555 679 5621 Λικκίννιος
712 5560 778 5614 Α.
857 5557 903 5592 ⁴⁴
932 5555 994 5611 τὸ
1035 5574 1152 5614 om.
1189 5560 1252 5612 Α.
1332 5559 1376 5594 ⁴³
1409 5551 1668 5610 Γαδδαῖον
1700 5561 1755 5608 Β.

232 5649 350 5705 om.
383 5634 444 5705 Β.
469 5637 525 5705 et
557 5650 640 5705 pr.
672 5635 757 5705 A._
841 5628 1261 5705 “ofaxoﬁpsvoz

236 5651 350 5690 om.
383 5651 444 5689 υ.
469 5651 525 5689 et
557 5651 640 5705 pr.
672 5651 736 5687 Α.
841 5651 886 5665 νυ
962 5657 966 5678 ‹

236 5703 353 5760 οὖν.
427 5704 475 5740 ⁸³
506 5701 848 5778 δυσχερείαις

559 5804 837 5868 ΡΑτιιοι..
885 5803 994 5865 Gn.
1041 5801 1189 5864 CIII.

1833 5552 1882 5588 ‘6
1915 5551 2076 5606 αύτοῦ
2110 5560 2166 5606 Β.
2212 5550 2414 5623 ’⁵⁷λτῶν]
2447 5548 2536 5604 καὶ
2567 5552 2672 5603 τῶν

1483 5629 1524 5664 ⁵³
1562 5628 1904 5701 στρατιωτῶν
1956 5621 2527 5696 ἀπολελυμένωνίοω.
2571 5631 2626 5676 Α.

2845 5547 2889 5583 ⁴⁸
2922 5546 2995 5609 ὡς
3029 5544 3094 5617 δὴ
3127 5580 3190 5589 -η
3230 5546 3278 5581 ⁴⁹
3318 5546 3639 5617 ἀποστατῶν

2730 5622 2775 5656 ⁶²
2807 5618 2933 5695 γαρ]
2964 5614 3092 5697 γοῦν
3125 5622 3192 5688 Λ,
3227 5621 3560 5692 praestiterit
3593 5614 3639 5670 δ’

3245 5793 3320 5855 4ἴ)
