4066 6216
490 377 641 436 1419

1679 376 1947 436 ΡΗΟΤΙΙ
1994 375 2519 436 ΡΑΊἮΙΑΗΟΗίΕ
2561 375 2681 437 CP.

3744 382 3877 441 1420
3960 71 4038 466 Ι

3744 382 3877 441 1420

486 510 713 567 meliori
738 512 1063 569 conditione
1096 511 1299 580 forent,
1320 510 1473 581 quod
1496 507 1634 565 locis
1667 510 1966 565 difficilem
1999 510 2110 565 adi-

2239 507 2638 582 ἀναιρεθέντων,
2668 512 2776 563 τῶν
2816 505 2872 563 δὲ
2916 506 3126 563 λοιπῶν
3168 507 3439 584 ῥιψάντων
3484 513 3554 566 τά
3597 512 3749 567 ὅπλα
3797 512 3882 567 καὶ

492 603 618 656 tum
651 600 1039 672 praebentibus
1086 600 1572 668 defenderentur),
1608 616 1726 654 una
1757 616 1887 655 cum
1928 600 1999 655 iis
2032 599 2130 671 qui

488 691 571 745 illi
600 691 869 745 astabant
894 697 1051 760 terga
1081 690 1258 757 dedit,
1294 690 1609 760 multisque
1632 690 1970 759 interfectis,
2003 688 2132 745 reli-

485 778 838 849 quiabjectis
859 781 1033 835 armis
1055 780 1150 833 vix
1170 779 1277 835 sibi
1295 780 1431 851 fuga
1452 780 1700 835 salutem
1718 780 2126 851 quaesiverunt.

482 869 812 925 Defectores
844 870 1025 941 igitur
1057 873 1137 926 tot
1166 869 1870 938 armaturis,simuletiam
1890 870 2129 926 victoria

483 958 673 1015 subito
697 958 889 1030 potiti,
921 960 981 1014 in
1014 977 1107 1015 suo
1139 959 1367 1031 incepto
1392 960 1674 1016 audacius
1707 960 2047 1032 pergebant,
2072 962 2125 1013 et

476 1048 733 1104 omnium
767 1066 1061 1107 servorum
1092 1051 1269 1106 animi
1302 1051 1372 1105 ad
1405 1067 1569 1121 spem
1613 1049 1903 1106 libertatis
1939 1050 2128 1120 erige-

478 1138 711 1194 bantur.
747 1138 1002 1209 Cumque
1028 1139 1201 1195 multi
1226 1140 1286 1194 in
1317 1139 1438 1195 dies
1461 1138 1968 1206 deficerent,brevi
1988 1144 2129 1195 tem-

482 1244 621 1300 pore
652 1245 823 1299 supra
861 1245 1036 1300 quam
1066 1228 1221 1284 credi
1244 1229 1426 1300 possit
1456 1232 1661 1284 auctus
1687 1243 1886 1283 eorum
1920 1243 2124 1283 nume-

478 1334 579 1373 rus
628 1318 758 1373 fuit.
799 1318 1098 1388 Siquidem
1148 1318 1300 1372 intra
1347 1334 1563 1389 paucos
1618 1316 1737 1371 dies
1782 1316 1979 1388 plures
2027 1332 2127 1372 sex

475 1407 737 1463 millibus
770 1408 1060 1463 numerati
1092 1408 1343 1463 fuerunt.
1379 1408 1528 1462 Tum
1551 1423 1683 1463 vero
1714 1410 1908 1463 coacto
1932 1407 2125 1462 conci-

478 1497 576 1565 lio,
609 1506 662 1553 et
702 1497 1119 1553 deliberatione
1174 1498 1243 1552 de
1288 1513 1520 1553 summa
1564 1513 1760 1553 rerum
1808 1497 2125 1568 proposita,

476 1593 613 1644 ante
662 1590 860 1644 omnia
924 1592 1195 1645 crearunt
1240 1604 1431 1659 regem
1482 1588 1737 1644 Salvium
1781 1590 2123 1660 quemdam,

478 1679 666 1733 8881)
689 1681 789 1750 qui
823 1679 1172 1751 aruspicinaa
1206 1681 1423 1750 peritus
1451 1678 1795 1747 habebatur,
1829 1684 1885 1734 et
1911 1680 1970 1734 in
2004 1696 2126 1733 mu-

476 1769 676 1825 lierem
725 1786 939 1826 corona
974 1774 1148 1826 cantu
1192 1770 1484 1836 tibiarum,
1518 1770 1587 1825 ad
1619 1768 1905 1825 insaniam
1938 1784 2124 1840 usque

2241 603 2387 676 (ρυγῇ
2442 596 2602 670 μόλις
2653 595 3049 656 διασωθέντων.
3087 598 3186 653 Καὶ
3237 600 3288 654 οἱ
3348 599 3652 655 ἀποστάται
3716 599 3884 656 ὅπλων

2238 708 2296 741 τε
2337 687 2731 762 εὐπορήσαντες
2771 688 3045 743 τοσούτων
3075 689 3270 764 ἀθρόον
3303 690 3393 744 καί
3422 691 3603 759 νίκης,
3643 691 3881 765 θρασῦτε-

2237 794 2330 840 ρον
2359 773 2578 849 εἴχοντο
2624 780 2732 830 τῶν
2779 773 2970 852 ἔργων,
3001 776 3091 832 καί
3122 781 3312 840 πάντες
3355 782 3463 833 τῶν
3508 776 3733 833 δούλων
3769 780 3882 853 έμε-

2234 864 2561 935 τεωρίζοντο
2593 866 2729 939 πρὸς
2772 864 3087 923 ἀπόστασιν,
3132 869 3233 923 Καὶ
3270 867 3498 923 πολλῶν
3532 871 3656 923 καθ’
3691 867 3883 943 ἡμέραν

2237 956 2610 1031 ἀφισταμένων
2688 956 2958 1030 σύντομον
3029 956 3121 1012 καὶ
3208 954 3513 1033 παράδοξον
3583 956 3879 1032 ἐλάμϐανον

2238 1040 2477 1114 αίέξησιν,
2535 1045 2610 1107 ὡς
2668 1044 2720 1100 ἐν
2783 1046 3001 1122 ὀλίγαις
3068 1046 3300 1121 ἡμέραις
3360 1046 3593 1111 πλείους
3650 1050 3875 1124 γενέσθαι

2231 1136 2337 1186 τῶν
2388 1130 2799 1207 ἑξακισχιλίων,
2844 1135 2933 1189 ὅτε
2972 1132 3039 1204 δὴ
3097 1137 3187 1189 καὶ
3228 1135 3306 1197 εἷς
3356 1133 3662 1207 ἐκκλησίαν
3715 1136 3884 1192 συνελ-

2236 1221 2418 1284 θόντες
2449 1225 2535 1277 καὶ
2574 1224 2783 1297 βουλῆς
2825 1226 3182 1298 προτεθείσης
3211 1230 3431 1299 πρῶτον
3474 1229 3573 1298 μὲν
3611 1226 3817 1282 εἵλαντο
3844 1230 3881 1263 ⁸⁴

2238 1312 2462 1373 βασιλέα
2519 1315 2611 1368 τὸν
2673 1314 3081 1389 ὀνομαζόμενον
3131 1313 3423 1384 Σαλοῦϊον,
3475 1314 3747 1372 δοκοῦντα
3789 1324 3876 1386 τῆς

2232 1402 2574 1475 ἱεροσκοπίας
2631 1398 2890 1479 ἔμπειρον
2952 1405 3085 1460 εἶναι
3146 1406 3236 1460 καί
3295 1411 3416 1469 ταῖς
3458 1408 3504 1442 ⁸⁵
3564 1407 3878 1477 γυναικείαις

2234 1492 2380 1555 θέαις
2444 1491 2869 1565 αὐλομανοῦντα
2959 1495 3129 1555 Οὗτος
3209 1494 3541 1568 βασιλεύσας
3618 1500 3718 1558 τὰς
3790 1498 3873 1568 μὲν

2232 1580 2422 1643 πόλεις
2481 1583 2673 1657 ἀργίας
2740 1584 2827 1637 καὶ
2886 1591 3097 1661 τρυφῆς
3170 1583 3414 1658 νομίζων
3470 1584 3759 1655 ἐξέκλινεν,
3814 1586 3874 1645 εἷς

2231 1672 2354 1743 τρία
2404 1668 2461 1725 δὲ
2513 1671 2733 1746 μερίσας
2780 1672 2909 1735 τοὺς
2958 1673 3293 1746 ἀποστάτας,
3340 1675 3429 1729 καὶ
3478 1674 3639 1737 ἴσους
3692 1671 3875 1749 ἡγεμό-

2232 1783 2323 1824 νας
2383 1761 2788 1837 ἐγκαταστήσας
2848 1769 2966 1825 ταῖς
3036 1765 3237 1839 μερίσι,
3297 1766 3629 1839 προσέταξεν
3694 1765 3871 1819 ἐπιέναι

476 1866 839 1932 perstrepere
870 1860 1079 1916 solitus
1101 1864 1243 1916 erat.
1279 1860 1381 1915 Hic
1413 1876 1659 1931 regnum
1692 1860 1955 1932 adeptus,
1990 1875 2110 1914 cur:

2228 1852 2324 1919 τήν
2372 1852 2561 1928 χώραν
2610 1851 2699 1906 καὶ
2752 1854 2886 1925 πρὸς
2927 1852 3020 1907 ἕνα
3067 1855 3233 1908 τόπον
3275 1855 3365 1908 καὶ
3414 1856 3610 1929 καιρὸν
3661 1855 3875 1916 ἅπαντας

476 1951 651 2006 urbes
684 1950 905 2005 desidia
933 1950 1241 2005 mollitiem
1276 1953 1465 2005 fovere
1486 1950 1862 2019 existimaret,
1887 1965 1985 2004 eas
2008 1948 2119 2004 sibi

473 2040 741 2095 vitandas
757 2040 1062 2110 judicavit.
1087 2040 1272 2103 Quare
1291 2039 1681 2094 defectoribus
1700 2043 1819 2094 tres
1846 2038 1901 2092 in
1923 2047 2116 2109 partes

467 2128 1052 2199 divisis,totidemque
1069 2129 1318 2183 ducibus
1333 2128 1642 2199 unicuique
1659 2128 1803 2200 parti
1818 2129 2116 2183 attributis

465 2217 667 2273 effusis
684 2218 1155 2289 populationibus
1171 2234 1477 2289 peragrare
1492 2219 1786 2289 regionem
1800 2222 1979 2273 totam
1992 2234 2119 2285 ,om-

469 2323 689 2378 nesque
720 2314 937 2362 certum
970 2306 1042 2361 ad
1063 2306 1279 2374 locum,
1301 2311 1842 2378 certoquetempore
1856 2321 2114 2362 remeare

463 2395 2116 2467 imperavit.Illicumaliorumanimalium,tumveroequo-

470 2503 599 2541 rum
617 2488 841 2557 copiam
859 2486 980 2541 suis
995 2486 1432 2543 excursionibus
1447 2486 1825 2558 adepti,brevi
1851 2487 2110 2558 peditum

471 2575 675 2645 viginti
716 2574 925 2641 millia,
966 2576 1230 2647 equitum
1267 2576 1382 2631 duo
1414 2575 1766 2631 effecerunt:
1804 2576 1978 2648 idque
2004 2576 2112 2631 bo-

467 2666 694 2722 minum
730 2666 824 2737 qui
861 2666 980 2735 jam
1011 2665 1339 2721 tirocinium
1376 2683 1488 2722 non
1522 2666 1647 2723 sine
1681 2681 1910 2721 summa
1940 2665 2112 2723 laude

461 2756 1063 2827 posuerant.Repente
1094 2755 1272 2826 igitur
1301 2754 1373 2810 ad
1404 2754 1603 2811 urbem
1636 2756 1922 2811 munitam
1956 2755 2111 2812 Mor-

460 2849 765 2919 gantinam
791 2863 1005 2919 magno
1035 2848 1253 2918 impetu
1288 2849 1648 2903 contendunt
1677 2864 1689 2902 :
1714 2864 1957 2919 eamque
1988 2855 2108 2903 tum

458 2938 689 3008 validis,
712 2942 833 2993 tum
850 2938 1104 2994 assiduis
1127 2937 1203 2991 im
1216 2938 1611 3008 pressionibus
1641 2954 1980 3010 oppugnare
2010 2954 2109 2994 oo-

462 3029 705 3099 cipiunt.
733 3028 1053 3098 Imperator
1082 3034 1275 3082 autem
1309 3043 1443 3082 cum
1466 3028 1663 3083 eodem
1689 3026 1993 3083 nocturnis
2018 3026 2109 3081 iti-

463 3117 704 3171 neribus
762 3116 1137 3187 pervenisset,
1189 3120 1470 3185 tanquam
1532 3117 1601 3170 ad
1662 3117 1927 3171 ferendas
1978 3113 2105 3170 urbi

2230 1940 2486 2010 ἀπαντᾷν.
2537 1940 2630 1995 Διὸ
2685 1940 2913 1997 πολλῶν
2961 1941 3021 1996 ἐκ
3077 1950 3176 2013 τῆς
3239 1941 3529 2004 ἐπελασίας
3594 1942 3775 1999 ἄλλων
3824 1964 3871 1997 τε

2230 2031 2385 2100 ζώων
2445 2031 2533 2084 καὶ
2584 2029 2772 2087 ἵππων
2842 2031 3262 2107 εὐπορήσαντες,
3323 2032 3379 2088 ἐν
3449 2033 3637 2108 ὀλίγῳ
3703 2034 3867 2109 χρόνῳ

2227 2118 2721 2189 κατεσκευάσθησαν
2778 2121 2962 2182 ἱππεῖς
3008 2121 3101 2194 μὶν
3160 2123 3286 2194 [634
3348 2122 3437 2194 H.]
3491 2120 3721 2183 πλείους
3767 2126 3860 2175 τῶν

2230 2203 2545 2281 δισχιλίων,
2603 2207 2757 2278 πεζοὶ
2813 2206 2869 2263 δέ
2925 2209 3023 2264 οὐκ
3076 2208 3332 2271 ἐλάττους
3388 2215 3496 2265 τῶν
3556 2209 3857 2284 δισμυρίων,

2229 2294 2337 2367 ἤδη
2425 2297 2514 2352 καὶ
2593 2299 2910 2373 γυμνασίαις
2988 2297 3320 2373 πολεμικαῖς
3404 2297 3857 2375 ἐνδιαπρέποντες.

2230 2386 2632 2459 ΙΙροσπεσόντες
2692 2385 2782 2441 οὖν
2842 2389 2993 2464 ἄφνω
3049 2388 3209 2443 ⁶πόλει
3268 2389 3447 2465 ὀχυρᾷ
3501 2389 3858 2466 Μοργαντὶνῃ,

2226 2473 2541 2551 προσϐολὰς
2598 2476 2829 2552 ένεργεῖς
2884 2477 2973 2531 καί
3026 2483 3271 2552 συνεχεῖς
3337 2477 3657 2537 ἐποιοῦντο.
3716 2482 3768 2533 ’0
3814 2476 3859 2532 δέ

2227 2565 2530 2641 στρατηγὸς
2564 2565 2638 2618 ὡς
2674 2566 2965 2641 βοηθήσων
2994 2567 3040 2603 ⁵⁸
3076 2570 3145 2640 τῇ
3176 2566 3335 2622 πόλει
3383 2566 3657 2637 ἐπελθὼν,
3690 2588 3859 2623 νυκτο-

2223 2654 2389 2725 πορίᾳ
2416 2654 2464 2689 57
2525 2654 2893 2729 χρησάμενος,
2950 2650 3095 2729 ἔχων
3154 2658 3269 2728 μεθ’
3330 2656 3526 2711 ἑαυτοῦ
3590 2662 3746 2731 [1177
3782 2658 3857 2728 8.]

2223 2740 2542 2805 Ἰταλιώτας
2601 2764 2657 2798 τε
2704 2745 2793 2798 καὶ
2852 2743 2911 2799 ἰκ
2967 2744 3223 2806 Σικελίας
3287 2744 3487 2822 σχεδὸν
3549 2749 3858 2821 στρατιώτας

2227 2832 2478 2907 μυρίους,
2518 2828 2783 2888 κατέλαϐε
2812 2835 2858 2870 ⁵⁸
2906 2832 3036 2897 τοὺς
3086 2834 3393 2898 ἀποστάτας
3430 2836 3858 2912 ἀσχολουμένους

2222 2923 2345 2997 περὶ
2401 2926 2501 2992 τὴν
2561 2922 2883 2998 πολιορκίαν
2934 2926 3000 2992 ⁵⁸,
3055 2924 3143 2978 καὶ
3194 2924 3514 2997 ἐπιθέμενος
3574 2928 3740 2981 αὐτῶν

2217 3006 2571 3086 παρεμϐολῇ,
2614 3012 2701 3066 καὶ
2734 3013 2905 3087 εὑρὼν
2931 3012 3152 3088 ὀλίγους
3189 3015 3283 3087 μὲν
3314 3014 3442 3076 τοὺς
3477 3015 3849 3090 φυλάττοντας,

2218 3098 2432 3169 πλῆθος
2480 3099 2537 3155 δὲ
2592 3102 2860 3175 γυναικῶν
2910 3102 3286 3177 αἰχμαλώτων
3344 3105 3433 3158 καί
3495 3104 3635 3162 λείας
3682 3102 3852 3171 ἄλλης

460 3206 776 3274 suppetias,
817 3206 1033 3261 ducens
1075 3203 1330 3259 militum
1383 3204 1611 3259 circiter
1659 3206 1858 3260 decem
1904 3204 2105 3271 millia,

2221 3187 2600 3253 παντοδαποῦς
2645 3192 2713 3264 σο,
2782 3188 2982 3264 ῥᾳδίως
3033 3191 3205 3262 ἐξεῖλε
3272 3194 3374 3261 τήν
3434 3189 3846 3267 στρατοπεδείαν.

455 3293 671 3363 partim
724 3292 1079 3359 Italicorum,
1126 3293 1336 3363 partim
1386 3310 1454 3349 ex
1515 3293 1730 3359 Sicilia,
1784 3294 2106 3350 defectores

455 3381 605 3437 circa
656 3380 1018 3437 obsidionem
1052 3385 1365 3452 occupatos
1421 3382 1659 3437 invenit.
1693 3383 1833 3437 Cum
1881 3399 2014 3453 ergo
2048 3384 2106 3439 in

456 3484 657 3524 eorum
686 3466 1280 3537 castrairruptionem
1315 3467 1561 3534 fecisset,
1596 3472 1652 3521 et
1682 3468 1955 3539 exiguum
1992 3470 2107 3525 illic

461 3556 793 3629 praesidium
828 3556 1156 3627 reperisset,
1186 3572 1455 3627 magnam
1506 3560 1698 3611 autem
1749 3557 2105 3628 captivarum

463 3645 918 3713 multitudinem,
941 3644 1366 3717 magnamitem
1391 3645 1541 3701 alius
1569 3648 1775 3717 prmdee
1802 3649 1994 3704 omnis
2017 3665 2108 3720 ge-

460 3737 634 3803 neris,
662 3736 822 3791 nullo
854 3735 1084 3806 negotio
1109 3740 1300 3791 castra
1330 3734 1561 3790 illorum
1584 3735 1895 3803 submovit,
1920 3738 2106 3809 iisque

456 3826 704 3896 direptis
744 3827 814 3881 ad
868 3825 1065 3880 urbem
1101 3824 1527 3895 Morgantinam
1559 3824 1668 3881 iter
1698 3827 1994 3881 convertit.
2030 3828 2106 3882 At

457 3917 770 3974 defectores
794 3922 1027 3988 repente
1058 3916 1114 3970 in
1148 3914 1313 3970 illum
1347 3914 1637 3971 irruentes
1667 3915 1944 3984 vicissim,
1969 3934 2102 3972 cum

452 4007 623 4063 eloco
647 4007 939 4080 superiore
966 4004 1907 4077 pugnarent,violentairruptione
1934 4008 2100 4077 facta,

452 4099 771 4155 secundam
806 4098 1097 4152 fortunam
1149 4095 1414 4166 experiri,
1444 4095 1691 4150 Romani
1734 4096 2101 4168 imperatoris

452 4190 626 4260 cepize
676 4193 838 4259 terga
882 4190 1100 4241 vertere
1150 4192 1461 4256 coeperunt.
1500 4185 1785 4241 Caeterum
1828 4186 1963 4257 quia
2002 4204 2101 4243 rex

451 4278 813 4332 defectorum
864 4275 1252 4347 imperaverat
1293 4275 1502 4341 edicto,
1536 4279 1601 4330 ut
1632 4274 1903 4330 omnibus
1936 4293 2099 4332 arma

449 4365 862 4436 abjicientibus
902 4368 1254 4435 parceretur,
1286 4363 1437 4418 bona
1480 4380 1611 4434 pars
1661 4363 1731 4417 iis
1762 4364 2005 4435 abjectis
2035 4365 2095 4421 in

449 4456 640 4523 fugam
676 4472 733 4509 se
768 4455 960 4510 dabat.
995 4454 1115 4517 Quo
1148 4453 1384 4525 quidem
1419 4457 1837 4524 strategemate
1869 4454 2094 4511 Salvius

450 4546 720 4601 adversus
758 4544 953 4599 hostes
977 4561 1142 4611 usus,
1176 4548 1364 4599 castra
1395 4560 1502 4598 sua
1525 4543 1903 4615 recupaverit.
1924 4544 2095 4600 victo-

447 4634 648 4704 riaque
672 4632 847 4688 simul
870 4640 923 4688 et
948 4648 1152 4701 magna
1175 4630 1547 4687 multitudine
1563 4647 1858 4685 armorum
1875 4632 2096 4703 potitus

446 4727 553 4779 est.
593 4722 732 4777 Caesi
770 4724 962 4777 autem
1007 4721 1065 4775 in
1098 4720 1205 4776 hoc
1237 4718 1431 4790 praelio
1484 4720 1714 4774 fuerunt
1752 4734 1818 4773 ex
1852 4720 2010 4775 Italis
2043 4730 2094 4777 et

443 4814 651 4870 Siculis
701 4827 814 4868 non
857 4810 1049 4882 plures
1100 4811 1403 4877 sexcentis,
1446 4815 1678 4880 prepter
1722 4809 1894 4865 edicti
1934 4810 2093 4867 illius

442 4901 835 4967 clementiam,
882 4900 985 4955 sed
1043 4904 1213 4970 capta
1262 4899 1498 4954 fuerunt
1556 4896 1784 4953 circiter
1846 4904 2094 4969 quatuor

443 4992 647 5047 millia.
677 4991 851 5048 Porro
893 5006 1027 5045 cum
1069 4990 1139 5046 ad
1174 4987 1451 5057 Salvium,
1486 4986 1657 5043 rebus
1703 4988 1775 5043 ab
1815 4986 1915 5044 illo
1948 4989 2092 5045 bene

438 5084 638 5154 gestis,
673 5082 840 5140 multi
863 5080 1240 5151 confluerent,
1277 5079 1568 5151 duplicato
1603 5078 1883 5147 exercitu,
1915 5085 2091 5152 atque

439 5176 638 5241 aperto
661 5172 850 5245 potius
869 5168 1483 5242 camp0,Morgantinaa
1503 5167 1870 5226 obsidionem
1903 5169 2091 5227 redin-

2224 3286 2263 3333 Κ
2306 3280 2318 3297 \
2368 3300 2390 3314 ρ
2450 3278 2463 3299 Ι
2661 3282 2686 3334 ὲ
2763 3278 2789 3335 δ
3186 3283 3199 3299 \
3262 3279 3301 3299 λς
3344 3285 3403 3316 ,ς
3579 3303 3603 3317 ἢ
3710 3283 3758 3317 ,α

2268 3301 2319 3334 αι
2379 3300 2568 3350 ,αυτην
2622 3302 2714 3354 μν
2801 3283 3074 3356 ιήρπασεν,
3116 3282 3201 3336 ἐπι
3256 3296 3311 3337 οε
3355 3305 3440 3351 ιην
3491 3290 3850 3359 Μοργανιινην

2220 3369 2366 3443 ἦγεν.
2419 3371 2480 3423 Οἱ
2541 3369 2587 3424 δ’
2646 3370 2942 3425 ἀποστάται
2995 3370 3244 3449 ἐξαίφνης
3300 3372 3730 3445 ἀντεπιθέμενοι,
3770 3371 3847 3425 καί

2223 3456 2529 3531 ὑπερδέξιον
2568 3460 2668 3527 τήν
2717 3460 2863 3529 τάξιν
2897 3461 2941 3497 δι
2999 3454 3239 3537 ἔχοντες,
3296 3462 3489 3535 βιαίως
3538 3482 3599 3516 τε
3646 3459 3845 3534 ἐπιέράν

2221 3546 2396 3617 ξαντες
2428 3550 2495 3616 ⁸2,
2530 3547 2681 3610 εὐθὺς
2723 3547 2810 3604 ἐπὶ
2842 3550 2888 3585 ⁸³
2926 3552 3346 3623 προτερήματος
3374 3552 3533 3619 ἦσαν.
3570 3553 3631 3606 Oi
3682 3549 3730 3605 δὲ
3765 3553 3845 3603 τοῦ

2221 3642 2531 3712 στρατηγοῦ
2582 3638 2885 3713 ἐτράπησαν
2932 3639 3067 3713 πρὸς
3111 3642 3302 3716 φυγήν.
3335 3644 3438 3693 Τοῦ
3493 3642 3549 3695 οἱ
3602 3639 3846 3715 βασιλέως

2217 3732 2325 3782 τῶν
2411 3727 2727 3783 ἀποστατῶν
2817 3730 3072 3803 κήρυγμα
3184 3730 3568 3802 ποιησαμένου
3668 3728 3846 3803 μηὲἑνα

2215 3816 2437 3872 κτείνειν
2483 3822 2591 3871 τῶν
2641 3818 2707 3871 τά
2768 3816 2913 3872 ὅπλα
2964 3817 3320 3892 ιεἷιπτοῦντων,
3368 3828 3420 3873 οὶ
3478 3818 3729 3875 πλεῖστοι
3783 3820 3847 3892 ρι-

2214 3911 2466 3970 πτοῦντες
2493 3910 2539 3944 ⁶⁴
2569 3902 2808 3984 ἔφευγον.
2845 3908 2941 3962 Καὶ
2990 3908 3167 3982 τούτῳ
3196 3914 3275 3978 τῶ
3318 3912 3509 3983 τρόπῳ
3558 3930 3845 3983 καταστρα-

2211 4000 2456 4073 τηγήσας
2490 3997 2615 4062 τοὺς
2643 3998 2947 4071 πολεμίους
2988 3999 3015 4054 ὁ
3049 4000 3317 4062 Σαλοῦϊος
3345 4003 3444 4072 τήν
3476 4022 3536 4056 τε
3576 3998 3842 4077 παρεμϐο-

2214 4086 2315 4156 λὴν
2346 4088 2698 4159 ἀνεκτήσατο,
2725 4088 2815 4142 καὶ
2855 4084 3181 4162 περιϐόητον
3225 4090 3379 4160 νίκην
3430 4091 3846 4167 ἀπενεγκάμενος

2210 4176 2438 4232 πολλῶν
2470 4176 2658 4232 ὅπλων
2710 4177 3030 4254 ἐκυρίευσεν.
3067 4179 3355 4236 Ἀπέθανον
3390 4178 3443 4235 δὲ
3494 4181 3546 4236 έν
3586 4187 3659 4256 τῇ
3703 4187 3840 4255 μάχῃ

2210 4271 2315 4321 τῶν
2348 4265 2675 4323 Ἰταλιωτῶν
2707 4290 2761 4322 τε
2800 4270 2888 4323 καί
2932 4268 3175 4324 Σικελῶν
3209 4270 3269 4325 οὗ
3302 4270 3528 4335 πλείους
3564 4274 3840 4345 ἑξακοσίων

2208 4354 2296 4411 ’διά
2341 4359 2442 4425 τήν
2488 4362 2584 4412 τοῦ
2633 4357 2989 4433 κηρύγματος
3039 4357 3467 4435 φιλανθρωπίαν,
3502 4359 3752 4416 ἑάλωσαν
3798 4358 3842 4414 δὲ

2205 4449 2326 4522 περὶ
2361 4446 2859 4523 τετρακισχιλίους.
2903 4452 2959 4503 Ὁ
3010 4445 3065 4503 δέ
3110 4448 3404 4516 Σαλούϊος,
3447 4448 3682 4505 πολλῶν

2206 4538 2363 4593 αὐτὸν
2408 4538 2511 4593 ἀπὸ
2561 4542 2659 4592 τοῦ
2706 4539 3131 4612 κατορθώματος
3160 4541 3209 4574 ⁸⁵
3257 4540 3606 4616 συρρεόντων,
3661 4540 3845 4597 διπλα-

2206 4629 2394 4689 σιάσας
2448 4628 2546 4695 τὴν
2612 4624 2749 4683 ἰδίαν
2812 4624 3058 4701 δύναμιν,
3118 4628 3325 4704 ἐκράτει
3381 4636 3490 4685 τῶν
3551 4631 3841 4706 ὑπαίθρων,

2201 4718 2291 4772 καί
2348 4717 2668 4793 πολιορκεῖν
2728 4717 2893 4775 πάλιν
2950 4720 3220 4796 ἐπεχείρει
3285 4724 3384 4791 τήν
3456 4728 3843 4800 Μοργπτῖναν,

2200 4810 2458 4885 κήρυγμα
2498 4806 2623 4872 δοὺς
2664 4815 2779 4872 τοῖς
2825 4809 2876 4864 ἐν
2930 4810 3065 4885 αὐτῇ
3107 4808 3331 4874 δούλοις
3368 4813 3467 4881 την
3516 4810 3837 4889 ἐλευθερία-ρ.

2199 4901 2316 4954 Τῶν
2374 4896 2431 4953 δὲ
2487 4900 2688 4972 κυρίων
2748 4900 3257 4977 ἀντιπροτεινόντων
3290 4903 3339 4939 ⁵⁸
3387 4902 3574 4966 αὐτοῖς
3624 4902 3835 4972 ταύτην,

2198 4988 2241 5044 εἷ
2311 4988 2457 5067 σφίσι
2519 4990 2996 5068 συναγωνίσαιντο,
3036 4989 3248 5047 ε’ίλοντο
3311 4990 3525 5063 μᾶλλον
3584 4996 3689 5064 τήν
3744 4994 3833 5047 ἀπὸ

2196 5082 2301 5134 τῶν
2359 5078 2586 5155 κυρίων,
2648 5081 2737 5135 καί
2804 5079 3102 5155 προθύμως
3178 5080 3569 5156 ὲγωνισάμενοι
3641 5083 3834 5155 ἀπετρὶ-

2198 5174 2363 5247 ψαντο
2401 5172 2500 5242 τὴν
2548 5170 2895 5247 πολιορκίαν.
2954 5173 3008 5229 Ὀ
3040 5168 3096 5227 δὲ
3147 5175 3448 5248 στρατηγὸς
3499 5176 3640 5251 μετά
3685 5177 3829 5230 ταῦτα

1791 5410 2033 5469 νΑΗΙᾸῦ
2072 5411 2478 5474 LECTIONES.

513 5603 561 5639 5‘
592 5601 803 5679 εἵλοντο
970 5675 981 5679 _
1056 5608 1101 5643 ⁵³
1130 5612 1249 5671 ταῖς
1282 5613 1337 5665 et
1366 5604 1524 5679 31554
1561 5604 1653 5679 μὲν
1691 5605 1825 5679 add.
1858 5606 1922 5660 A.

513 5607 561 5639 5‘
592 5607 803 5660 ε’ίλοντο
905 5653 917 5665 .
1056 5608 1101 5643 ⁵⁵
1130 5612 1249 5671 ταῖς
1282 5613 1337 5665 et
1366 5608 1398 5663 3
1430 5607 1524 5668 τὰς
1561 5607 1653 5679 μὲν

436 5677 486 5713 ⁵9
516 5607 1217 5752 πολιορκίανῗπολιορκίαν
1260 5674 1581 5752 καταλαϐὼν
1614 5683 1673 5733 Β.

2054 5605 2096 5640 ⁸⁸
2132 5604 2349 5676 βοηθῶν
2590 5606 2641 5643 ⁵⁷
2666 5606 3026 5683 νυκτοπορείᾳ
3055 5616 3118 5665 Δ.

2054 5682 2188 5711 ηφῖρ
2223 5675 2284 5711 Γ·
2412 5680 2424 5711 Ι
2457 5676 2631 5711 πιέζειιῖ
2663 5679 2847 5711 --.ί-..ι
2894 5686 2912 5711 Δ
3022 5680 3071 5711 6!
3100 5680 3118 5711 2

1752 5675 1800 5711 ⁶⁰
1837 5672 2305 5750 παντοδαπῆς-ς’.
2382 5672 2424 5712 ⁸⁸

435 5748 693 5823 Scaliger
728 5766 739 5805 :
775 5748 905 5808 libri
941 5748 1079 5805 ὑπό(
1140 5753 1185 5787 ⁸⁸
1215 5751 1495 5826 ῥίπτοντες
1530 5756 1593 5806 Δ.
1670 5748 1716 5783 (³⁵
1744 5751 1850 5802 τῶν
1882 5748 2325 5821 καθορθωμάτθων
2366 5755 2425 5808 Β.

3246 5609 3299 5643 ⁵⁸
3329 5601 3602 5665 κατέλαϐε
3634 5625 3743 5669 om.
3770 5608 3821 5661 Δ.

2457 5676 2631 5755 τάξιν]
2663 5679 2847 5735 στάσιν
2881 5674 2945 5737 Α.
2987 5674 3071 5755 ί⁶²
3100 5676 3491 5755 έπαρῥάξαντις
3537 5688 3597 5738 Β.
3681 5680 3727 5715 ⁸³
3750 5674 3819 5732 ἰπὶ

2507 5752 2552 5786 ⁸⁸
2580 5749 3143 5828 ἀντιπαρατεινόντων
3182 5749 3238 5810 Β.

3877 624 3884 650 Ι

3877 893 3883 918 ἰ
