4066 6216
252 319 404 378 1421
1331 321 1868 384 BlBLIOTHECA.

2033 323 2209 384 COD.
2255 323 2564 386 CCXLIV.
3503 323 3656 382 1422

247 451 350 521 τήν
393 448 700 526 ἐλευθερίαν
755 451 1076 528 ἀνατρέψας,
1119 451 1500 526 αὐτομολῆσαι
1549 456 1682 519 τοὺς
1732 453 1898 512 πλεί-

2021 458 2281 530 tegravit,
2297 459 2595 530 jussitque
2619 457 2966 530 proclamari
2997 473 3058 514 se
3085 457 3155 512 iis
3186 457 3535 522 libertatem,
3559 455 3654 528 qui

249 561 412 604 στους
442 541 807 616 παρεσκεύασε
834 546 952 604 τοῖς
983 541 1336 605 ἀποστάταις.

2021 546 2087 602 ibi
2121 551 2338 616 essent,
2372 547 2552 604 servis
2579 549 2952 604 donaturum.
2989 545 3096 600 Sed
3130 546 3286 600 enim
3317 562 3512 602 eorum
3541 547 3654 602 do-

247 632 427 688 minis
467 632 718 688 vicissim
767 649 896 689 eam
939 631 1058 690 illis
1108 637 1588 707 proponentibus,
1623 638 1946 694 dummodo
1993 653 2194 694 secum
2247 639 2525 694 adversus
2575 637 2770 694 hostes
2818 636 3186 700 dimicarent,
3220 651 3340 691 eam
3394 639 3464 692 ab
3513 636 3658 708 ipsis

248 723 512 794 accipere
556 723 914 790 maluerunt,
951 726 1226 796 tantaque
1269 726 1449 782 animi
1498 730 1910 798 pugnaverunt
1957 725 2276 797 alacritate,
2311 731 2378 782 ut
2417 727 2778 784 obsidionem
2822 726 3253 782 submoverent.
3285 724 3662 782 Verumenim

247 827 382 868 vero
414 811 730 883 imperator
759 816 962 886 postea
991 813 1182 870 389a
1213 814 1508 888 denegans
1541 817 1884 887 promissam
1915 815 2037 871 illis
2069 815 2417 886 libertatem,
2457 815 2518 872 in
2568 831 2747 872 causa
2793 814 2903 870 fuit
2947 830 3049 868 cur
3079 813 3150 868 ad
3185 811 3498 868 defectores
3530 811 3661 884 plu-

247 899 382 956 rimi
413 901 848 974 transfugerent
880 901 1013 974 (70).

323 990 452 1064 Περῖ
513 986 570 1044 δὲ
617 990 716 1059 τὴν
767 989 1102 1068 Αίγεσταίων
1144 993 1234 1046 καὶ
1284 985 1626 1048 Λιλυϐαϊτῶν
1689 992 1902 1071 χώραν,

247 1077 326 1134 ἔτι
370 1075 428 1133 δὲ
467 1081 582 1132 τῶν
641 1077 830 1135 ἄλλων
887 1083 994 1134 τῶν
1047 1079 1486 1156 πλησιοχῶρων,
1547 1079 1717 1136 ἐνόσει
1765 1081 1902 1156 πρὸς

247 1166 544 1223 ἀπόστασιν
578 1168 644 1223 τὰ
700 1165 890 1239 πλήθη
951 1174 1060 1224 τῶν
1118 1169 1362 1228 οἰκετῶν.
1423 1169 1629 1225 Γίνεται
1663 1168 1720 1225 δὲ
1773 1168 1904 1226 τού-

245 1279 354 1314 των
397 1257 647 1333 ἀρχηγὸς
699 1257 972 1328 ’Δθηνίων
1024 1257 1222 1332 ὄνομα,
1274 1259 1410 1332 ἀνὴρ
1453 1256 1672 1332 ἀνδρείᾳ
1721 1255 1905 1338 διαιρὲ-

251 1367 378 1421 ρων,
431 1346 592 1424 Κίλιξ
630 1346 692 1401 τὸ
749 1345 922 1422 γένος.
978 1349 1144 1411 Οὗτος
1188 1346 1480 1420 οἰκονόμος
1531 1342 1604 1402 ὥν
1658 1345 1805 1402 δυοῖν
1859 1349 1902 1382 ⁸⁷

247 1434 499 1514 ἀδελφῶν
560 1435 1056 1512 μεγαλοπλούτων,
1115 1437 1206 1492 καὶ
1288 1443 1390 1506 τῆς
1469 1436 1906 1511 ἀστρομαντικῆς

247 1523 472 1594 πολλὴν
509 1519 653 1600 ἔχων
688 1525 994 1602 ἐμπειρίαν,
1045 1520 1223 1581 ἔπεισε
1253 1529 1362 1582 τῶν
1411 1524 1640 1581 οἷκετῶν
1685 1530 1900 1602 πρῶτον

252 1617 350 1687 μὲν
379 1613 504 1676 τοὺς
541 1615 626 1692 ὕφ’
661 1613 846 1670 ἑαυτὸν
883 1615 1268 1691 τεταγμένους,
1318 1615 1440 1688 περὶ
1489 1615 1538 1652 ⁵⁸
1587 1611 1904 1678 διακοσίους

249 1700 428 1778 ὄντας,
458 1701 642 1758 ἔπειτα
679 1705 806 1766 τοὺς
837 1709 1211 1780 γειτνιῶντας,
1263 1703 1404 1759 ὥστε
1453 1702 1506 1758 ἒν
1557 1703 1715 1760 πέντε
1763 1705 1900 1778 ἡμὲ-
1933 1745 1984 1810 Β

587 1795 611 1810 n
627 1799 648 1810 υ
839 1791 858 1810 \
910 1794 922 1810 1
1109 1797 1135 1808 ιιι
1299 1793 1318 1810 ‘
1339 1792 1351 1810 Ι
1498 1796 1554 1810 Ιιι
1603 1793 1616 1810 \
1681 1789 1720 1810 λι
1857 1791 1870 1808 Ι

1857 1791 1870 1808 1

251 1813 369 1868 ραις
409 1795 741 1870 σγναγθῆναι
794 1791 1020 1856 πλείους
1070 1797 1178 1848 τῶν
1229 1792 1454 1868 χιλίων.
1498 1793 1626 1846 Ὑπὸ
1677 1789 1732 1848 δὲ
1774 1791 1903 1848 τού-

250 1903 358 1938 των
417 1883 646 1954 αἱρεθεῖς
682 1881 938 1958 βασιλεὺς
989 1882 1078 1936 καὶ
1113 1881 1360 1956 διάδημα
1409 1880 1777 1956 περιθέμενος,
1819 1881 1903 1936 ἐν·

249 1971 430 2028 αντίαν
484 1977 602 2034 τοῖς
647 1969 845 2034 ἄλλοις
895 1973 1088 2028 ἅπασιν
1149 1971 1478 2034 ἀποστάταις
1517 1973 1616 2040 τήν
1665 1969 1898 2026 διάθεσιν

251 2059 512 2118 ἐποιεῖτο.
554 2063 633 2118 Οὐ
685 2061 786 2137 γὰρ
837 2058 1203 2138 προσεδέχετο
1253 2061 1458 2124 πάντας
1504 2059 1630 2122 τοὺς
1679 2059 1902 2136 ἀφιστα·

257 2151 476 2224 μένους,
509 2149 654 2205 ἄλλά
700 2149 828 2212 τοὺς
875 2150 1128 2224 ἀρίστους
1168 2151 1498 2224 ποιούμενος
1548 2147 1900 2225 στρατιώτας,

253 2239 381 2301 τούς
415 2237 624 2302 ἄλλους
655 2239 924 2313 ἠνάγκαζε
978 2235 1237 2311 μένοντας
1293 2237 1381 2295 ἐπὶ
1421 2243 1529 2293 τῶν
1571 2259 1904 2316 προγεγενη-

257 2327 432 2402 μὲνων
471 2327 739 2404 ἐργασιῶν
791 2329 1168 2404 ἐπιμελεῖσθαι
1215 2336 1314 2398 τῆς
1364 2325 1502 2391 ἰδίας
1551 2325 1774 2384 ἕκαστον
1813 2328 1902 2383 οῗ-

253 2417 514 2492 κονομίας
565 2418 652 2474 καὶ
709 2419 931 2490 τάξεως,
984 2417 1034 2492 ἐξ
1093 2421 1166 2473 ὧν
1227 2419 1316 2473 καὶ
1374 2419 1578 2497 τροφὰς
1633 2417 1904 2492 ἀφθόνους

251 2511 359 2563 τῶν
422 2513 770 2584 στρατιωτῶν
822 2507 1178 2585 ἐχορηγεῖτο.
1233 2511 1622 2582 Προσεποιεῖτο
1675 2503 1729 2561 δὲ
1777 2505 1902 2569 τοὺς

253 2599 404 2660 θεοὺς
436 2598 580 2670 αύτῷ
612 2595 700 2653 διὰ
738 2602 845 2652 τῶν
898 2595 1107 2673 ἄστρων
1161 2595 1557 2672 προσημαίνειν
1605 2596 1680 2660 ὡς
1727 2593 1903 2652 ἔσοιτο

255 2693 356 2756 τῆς
387 2689 520 2758 [635
577 2688 670 2760 Η.]
713 2684 967 2748 Σικελίας
1024 2687 1072 2721 ⁶⁹
1129 2685 1420 2758 συμπάσης
1483 2683 1754 2760 βασιλεύςε
1817 2683 1904 2740 διο

255 2773 366 2831 δεῖν
396 2777 567 2845 αὐτῆς
595 2796 654 2830 τε
683 2783 784 2845 τῆς
823 2773 1010 2850 χώρας
1065 2773 1154 2829 καί
1182 2781 1288 2830 τῶν
1343 2774 1396 2828 ἐν
1444 2773 1579 2848 αὐτῇ
1635 2775 1788 2843 ζώων
1846 2793 1905 2828 τε

252 2864 342 2920 καὶ
409 2867 632 2939 καρπῶν
699 2863 772 2925 ὡς
842 2861 994 2917 ἰδίων
1063 2861 1355 2941 φείδεσθαι.
1413 2861 1589 2926 Τέλος
1647 2860 1903 2936 ἀθροίσας

254 2954 392 3027 ὑπὲρ
445 2953 573 3016 τοὺς
631 2951 858 3028 μυρίους
917 2949 1192 3024 ἐτόλμησε
1245 2949 1406 3006 πόλιν
1477 2952 1783 3028 ἀπόρθητον
1842 2952 1902 3006 τὸ

255 3035 564 3098 Λιλυϐαῖον
589 3038 931 3114 πολιορκεῖν.
967 3038 1150 3112 Μηδὲν
1184 3037 1239 3096 δὲ
1269 3039 1440 3094 ἀνύιυν
1474 3041 1826 3116 μετανίστατο
1855 3039 1905 3074 ’⁷ο

255 3133 449 3203 αὐτῆς,
511 3130 678 3186 εἷ’πὼν
734 3131 883 3204 αύτῷ
951 3129 1077 3192 τοὺς
1145 3130 1299 3192 θεοὺς
1355 3133 1518 3185 τοῦτο
1582 3130 1902 3185 ἐπιτάττειν·

255 3222 612 3296 ἐπιμένοντας
642 3221 744 3298 γάρ
783 3225 852 3296 τῇ
901 3219 1197 3296 πολιορκίᾳ
1245 3217 1670 3296 δυστυχήματος
1719 3241 1906 3296 πειρα-

259 3315 438 3383 θῆναι.
473 3309 1024 3388 Παρασκευαζομένου
1092 3313 1134 3349 τί
1189 3307 1245 3364 δὲ
1292 3310 1460 3364 αύτοῦ
1509 3311 1610 3379 τήν
1651 3311 1756 3365 ἀπὸ
1807 3317 1906 3380 τῆς

258 3401 476 3464 πόλεως
507 3400 886 3476 ἀναχώρησιν,
919 3397 1285 3456 κατέπλευσάν
1313 3419 1455 3460 τινες
1489 3399 1540 3454 ἐν
1583 3403 1704 3462 ταῖς
1753 3401 1906 3454 ναυσὶ

261 3491 580 3566 κομίζοντες
611 3489 934 3552 ἐπιλέκτους
977 3489 1381 3564 Μαυρουσίους,
1416 3485 1467 3542 o'i
1506 3485 1592 3543 ἐπὶ
1652 3489 1904 3564 βοήθειαν

261 3584 394 3652 ἦσαν
427 3579 826 3653 ἀπεσταλμένοι
859 3581 1026 3652 [1180
1056 3580 1150 3650 Β.)
1179 3583 1296 3640 τοῖς
1337 3573 1720 3648 Λιλυϐαΐταις,
1753 3577 1912 3657 ἕχον-

259 3691 347 3733 τες
379 3669 684 3746 ἡγούμενον
722 3669 784 3731 ’ὃς
815 3667 1132 3742 ὠνομάζετο
1181 3668 1397 3742 Γόμων.
1449 3667 1616 3728 Οὗτος
1661 3667 1750 3722 σὺν
1787 3671 1909 3730 τοῖς

263 3761 356 3834 ἅμ’
419 3759 564 3832 αύτῷ
619 3758 754 3813 κατά
813 3756 980 3811 νύκτα
1035 3755 1125 3810 καὶ
1183 3753 1528 3818 ἀνελπίστως
1595 3755 1912 3829 ἐπιθέμενος

259 3851 388 3912 τοὺς
423 3849 548 3924 περὶ
597 3847 906 3918 Ἀθηνίωνα
957 3845 1406 3922 ὁδοιποροῦντας,
1455 3843 1702 3908 πολλοὺς
1748 3867 1912 3900 κατα-

263 3935 550 4010 ϐαλόντες,
581 3937 680 3993 ούκ
710 3935 934 4013 ὀλίγους
963 3936 1011 3973 ⁷³
1053 3933 1110 3991 δὲ
1159 3933 1638 4011 τραυματίσαντες,
1691 3933 1765 3994 εἰς
1811 3937 1910 4005 τήν

261 4027 426 4085 πόλιν
459 4026 791 4093 ἐπανῆλθον.
827 4027 1024 4102 Διόπερ
1071 4025 1122 4080 οἱ
1154 4025 1454 4079 ἀποστάται
1495 4025 1596 4092 τήν
1629 4021 1688 4078 ἐκ
1731 4025 1775 4059 ⁷³
1815 4029 1916 4094 τῆς

260 4116 686 4194 ἀστρομαντείας
719 4113 1024 4193 πρόρρησιν
1057 4113 1386 4188 ἐθαύμαζον.

343 4485 473 4560 Εἶχε
503 4479 560 4538 δὲ
598 4483 696 4552 τήν
727 4478 1009 4538 Σικελείαν
1057 4483 1226 4536 πᾶσαν
1279 4483 1325 4516 ⁷⁵
1375 4479 1640 4557 σύγχυσις
1691 4479 1779 4534 καὶ
1827 4499 1917 4534 κα-

265 4577 378 4631 κῶν
411 4572 599 4636 Ἰλιάς.
635 4569 708 4628 Οὒ
739 4571 844 4647 γάρ
895 4571 947 4625 o't
994 4567 1186 4624 δοῦλοι
1238 4569 1425 4642 μόνον,
1477 4565 1625 4622 ἀλλά
1675 4568 1762 4622 καὶ
1809 4569 1914 4622 τῶν

269 4661 568 4738 ἐλευθέρων
601 4663 654 4716 o't
685 4662 882 4736 ἄποροι
913 4665 1084 4716 πᾶσαν
1135 4659 1386 4735 ἁρπαγὴν
1437 4657 1528 4712 καὶ
1577 4658 1916 4732 παρανομίαν

268 4752 648 4827 ἐργαζόμενοι,
698 4752 786 4806 καὶ
835 4749 962 4813 τοὺς
1013 4747 1516 4828 περιτυγχάνοντας
1585 4744 1818 4810 δούλους
1861 4767 1920 4802 τε

267 4843 360 4899 καὶ
391 4841 729 4920 ἐλευθέρους,
772 4841 921 4903 ὅπως
954 4837 1145 4914 μηδεὶς
1195 4837 1502 4916 ἀπαγγέλοι
1556 4837 1605 4872 ⁷⁵
1649 4839 1747 4907 τὴν
1797 4838 1920 4914 περὶ

267 4933 470 4996 αὐτοὺς
499 4935 784 5005 ἀπόνοιαν,
829 4931 1076 5010 ἐφόνευον
1128 4929 1386 4993 ἀναιδῶς,
1439 4930 1530 4986 Διὸ
1580 4931 1670 4986 καὶ
1725 4929 1920 4992 πάντες

269 5025 324 5082 οἱ
363 5025 500 5080 κατὰ
527 5023 622 5086 τὰς
655 5021 846 5084 πόλεις
880 5015 1268 5095 ὑπελάμϐανον
1295 5021 1364 5077 τά
1396 5021 1490 5094 μὲν
1538 5019 1686 5083 ἐντὸς
1716 5023 1922 5095 τειχῶν

271 5113 438 5190 μόλις
471 5113 609 5170 εἶναι
641 5110 772 5186 ἴδια,
803 5111 872 5168 τά
911 5107 958 5166 δ’
987 5109 1143 5173 ἐκτὸς
1175 5108 1444 5184 ἀλλότρια
1483 5110 1572 5164 καὶ
1601 5106 1774 5165 δοῦλα
1820 5115 1920 5178 τῆς

2083 995 2212 1050 Jam
2257 1009 2392 1051 vero
2443 998 2500 1052 et
2543 994 2696 1066 apud
2747 995 3082 1066 (Egestaeos,
3133 990 3466 1064 pariterque
3526 989 3664 1045 Lili-

2011 1083 2294 1148 basenses,
2327 1100 2392 1140 ac
2417 1083 2696 1141 ﬁnitimos
2725 1082 2840 1138 illis
2875 1081 3134 1155 populos,
3159 1081 3362 1138 eadem
3393 1079 3664 1136 defectio-

2013 1171 2106 1230 nis
2149 1173 2460 1246 cupiditas,
2511 1189 2616 1230 ceu
2663 1173 2905 1228 morbus
2953 1171 3192 1243 quidam
3239 1186 3340 1241 per
3369 1185 3666 1226 servorum

2011 1279 2218 1335 greges
2280 1264 2569 1336 serpebat.
2621 1263 2836 1319 Eorum
2887 1265 3079 1318 autem
3132 1261 3251 1316 dux
3299 1259 3668 1316 constituitur

2011 1353 2258 1410 Athenio
2285 1353 2524 1424 quidam
2553 1353 2642 1408 vir
2671 1351 3010 1408 fortitudine
3041 1355 3350 1423 praastans,
3370 1353 3534 1405 ortus
3565 1364 3668 1404 au-

2013 1447 2128 1500 tem
2151 1459 2182 1499 e
2203 1441 2424 1500 Cilicia.
2449 1443 2550 1500 Hic
2573 1459 2706 1500 cum
2741 1458 2830 1498 res
2862 1439 3214 1497 domesticas
3246 1440 3495 1496 duorum
3527 1455 3670 1510 opu-

2013 1532 2476 1589 lentissimorum
2512 1533 2755 1588 fratrum
2784 1533 3170 1603 dispensaret,
3203 1533 3260 1588 et
3291 1530 3418 1600 ejus
3446 1545 3570 1600 qua
3605 1528 3669 1583 fit

2013 1635 2080 1676 ex
2102 1618 2278 1676 astris
2303 1619 2558 1676 scientia:
2583 1619 2976 1692 peritissimus
2999 1621 3174 1684 esset,
3199 1633 3396 1673 servos
3421 1616 3480 1671 in
3499 1631 3668 1672 suam

2015 1710 2364 1766 sententiam
2385 1710 2696 1782 pertraxit:
2715 1710 2968 1782 primum
2995 1707 3229 1780 quidem
3252 1723 3372 1778 eos,
3393 1723 3538 1780 quos
3559 1707 3668 1762 sub

2016 1804 2302 1871 potestale
2327 1801 2601 1868 habebat,
2629 1817 2870 1856 numero
2893 1799 3122 1855 circiter
3141 1801 3450 1866 ducentos;
3476 1805 3669 1870 postea

2014 1907 2145 1947 vero
2167 1895 2224 1946 et
2245 1890 2650 1960 vieinos,adeo
2675 1895 2738 1946 ut
2760 1891 3019 1962 quinque
3049 1890 3274 1945 dierum
3309 1891 3488 1959 spatio
3509 1888 3668 1944 mille

2013 1985 2071 2036 et
2099 1980 2355 2052 amplius
2388 1985 2902 2052 congregarentur.
2926 1979 3012 2034 Ab
3041 1978 3132 2034 bis
3156 1983 3352 2035 autem
3385 1995 3480 2034 rex
3511 1995 3664 2034 crea-

2013 2073 2132 2134 tus,
2159 2069 2550 2142 impositaque
2579 2069 2756 2141 capiti
2791 2069 3140 2137 diademate,
3167 2085 3335 2124 secus
3357 2085 3528 2139 quam
3555 2083 3666 2122 caa-

2013 2159 2119 2215 teri
2174 2159 2494 2214 defectores
2551 2177 2688 2216 suas
2740 2158 2992 2214 rationes
3049 2157 3413 2214 instituebat.
3467 2159 3665 2228 Neque

2013 2247 2168 2304 enim
2193 2263 2396 2304 omnes
2419 2253 2708 2320 quotquot
2729 2247 3094 2316 deficiebant,
3120 2245 3452 2316 recipiebat,
3475 2243 3578 2300 sed
3600 2260 3670 2300 ex

2013 2337 2084 2392 iis
2104 2337 2538 2395 strenuissimos
2559 2353 2815 2410 quosque
2839 2337 2898 2394 in
2923 2352 3167 2393 suorum
3191 2335 3444 2390 militum
3466 2349 3667 2389 nume-

2013 2443 2144 2483 rum
2186 2427 2464 2500 allegens,
2497 2427 2752 2499 reliquos
2801 2427 3062 2499 cogebat,
3097 2425 3358 2498 repetitis
3401 2423 3665 2496 pristinis

2013 2516 2282 2586 opificiis,
2299 2531 2782 2588 unumquemque
2798 2515 3064 2570 eumdem
3085 2529 3258 2585 quem
3279 2515 3450 2568 antea
3471 2511 3665 2566 locum

2013 2609 2231 2676 tenere,
2255 2609 2311 2660 et
2332 2621 2583 2676 quarum
2617 2620 2802 2660 rerum
2833 2602 3187 2675 dispensatio
3219 2605 3375 2656 esset
3395 2601 3521 2670 ejus
3543 2597 3667 2654 offi-

2014 2693 2110 2764 cii,
2159 2709 2286 2750 eam
2344 2693 2608 2749 studiose
2659 2691 2974 2763 suscipere.
3027 2694 3152 2757 Qua
3201 2706 3270 2746 ex
3325 2705 3384 2745 re
3439 2688 3666 2760 largum

2014 2783 2186 2841 etiam
2221 2781 2596 2855 comparabat
2624 2783 2741 2838 suis
2771 2784 3179 2836 commeatum.
3205 2779 3382 2834 Porro
3413 2777 3667 2848 ﬁngebat

2013 2873 2152 2929 deos
2183 2889 2284 2944 per
2313 2876 2472 2928 astra
2503 2873 2760 2927 futurum
2795 2887 2853 2928 se
2895 2870 3170 2926 universa:
3209 2867 3420 2924 Sicilia:
3470 2883 3666 2939 regem

2015 2963 2485 3036 prmsignificare,
2519 2961 2766 3033 ideoque
2810 2965 3076 3034 oportere
3119 2967 3236 3014 tam
3271 2957 3381 3030 ipsi
3413 2956 3664 3029 regioni,

1935 3065 1986 3132 ί]
2015 3069 2190 3126 quam
2224 3051 2576 3108 animalibus
2607 3057 2664 3106 et
2695 3050 2998 3118 fructibus,
3025 3047 3204 3120 quiin
3229 3064 3296 3104 ea
3313 3052 3512 3104 essent
3537 3051 3668 3102 tan-

2014 3159 2186 3215 quam
2218 3141 2468 3214 propriis
2491 3156 2744 3212 parcere.
2769 3141 3024 3196 Tandem
3047 3154 3179 3193 vero
3202 3153 3332 3194 cum
3367 3153 3544 3207 supra
3575 3138 3668 3192 de-

2014 3247 2134 3288 cem
2151 3231 2651 3287 milliahominum
2666 3227 3298 3302 coegisset,Lilybasum
3313 3226 3668 3298 inexpugna-

2013 3321 2188 3377 bilem
2233 3321 2438 3376 urbem
2489 3318 2755 3374 obsidere
2800 3323 2890 3374 est
2938 3333 3156 3384 ausus;
3194 3316 3293 3372 sed
3334 3331 3393 3370 se
3428 3329 3666 3386 Operam

2015 3410 2253 3482 perdere
2295 3408 2788 3474 animadvertens,
2821 3405 3186 3461 obsidionem
3218 3408 3496 3476 tanquam
3529 3404 3665 3459 deo-

2016 3515 2146 3554 rum
2195 3497 2442 3570 imperio
2488 3497 2680 3564 solvit,
2721 3499 2925 3566 utpote
2973 3495 3172 3567 aliqua
3220 3511 3336 3550 non
3388 3491 3666 3548 mediocri

2016 3583 2388 3656 impendente
2406 3585 2738 3640 calamitate
2758 3584 3062 3639 obsidione
3081 3600 3192 3638 non
3213 3581 3666 3638 abstinentibus.

2017 3675 2156 3731 Cum
2191 3675 2364 3747 igitur
2411 3675 2481 3728 ab
2532 3675 2672 3728 urbe
2722 3674 2988 3728 recedere
3021 3677 3265 3742 pararet,
3309 3670 3668 3740 appulerunt

2019 3781 2214 3831 naves,
2266 3764 2532 3835 quaedam
2582 3762 2866 3817 delectam
2917 3761 3254 3816 Maurorum
3315 3759 3668 3812 advehentes

2021 3869 2283 3920 manum,
2314 3851 2528 3906 auxilio
2574 3850 3036 3920 Lylibazensibus
3083 3849 3364 3904 missam:
3398 3845 3488 3901 cui
3523 3861 3669 3915 prae-

2021 3947 2146 3998 erat
2177 3941 2416 4011 quidam
2453 3939 2688 3994 nomine
2709 3939 2952 3994 Gomon.
2978 3937 3080 3992 Hic
3104 3954 3238 3992 cum
3261 3937 3384 3991 suis
3417 3939 3592 3990 noctu
3617 3943 3670 3989 et

2019 4029 2330 4102 improviso
2357 4026 2742 4082 Athenionem
2774 4043 2910 4082 suas
2941 4026 3138 4098 copias
3160 4025 3466 4080 ducentem
3500 4023 3667 4078 ador-

2022 4131 2137 4188 tus,
2158 4136 2290 4176 eum
2315 4117 2532 4173 multos
2553 4117 2664 4172 iter
2683 4116 2963 4173 facientes
2991 4119 3363 4188 prostrasset,
3388 4129 3500 4169 non
3526 4129 3672 4184 pau-

2027 4227 2127 4267 cos
2175 4214 2372 4264 autem
2421 4205 2802 4272 vulnerasset,
2836 4206 2906 4261 ad
2953 4205 3154 4261 urbem
3200 4205 3400 4276 pedem
3451 4201 3669 4258 retulit.

2028 4301 2212 4366 Quare
2242 4297 2340 4354 illa
2367 4295 2710 4352 Athenionis
2732 4311 2800 4352 ex
2821 4295 3028 4350 castris
3052 4291 3382 4350 vaticinatio
3405 4292 3462 4348 in
3491 4290 3671 4363 pretio

1943 4397 1988 4462 Ι)
2021 4395 2078 4448 et
2105 4387 2489 4446 admiratione
2518 4388 2662 4442 erat.

2099 4481 2254 4536 Inter
2291 4495 2358 4534 ea
2397 4483 2594 4534 autem
2645 4475 2810 4532 valde
2857 4475 3139 4532 confusus
3183 4474 3676 4546 perturbatusque

2028 4576 2152 4628 erat
2183 4585 2374 4626 rerum
2419 4567 2630 4622 Siciliae
2673 4569 2882 4632 status,
2913 4580 3162 4635 vereque
3213 4563 3496 4619 malorum
3543 4561 3680 4617 llias

2027 4677 2152 4716 eam
2185 4662 2584 4730 occupaverat.
2617 4657 2814 4726 Neque
2859 4655 3010 4710 enim
3063 4655 3210 4710 servi
3244 4653 3548 4720 duntaxat,
3577 4650 3682 4706 sed

2029 4753 2202 4808 etiam
2244 4766 2312 4806 ex
2349 4748 2544 4804 liberis
2591 4745 2927 4800 hominibus
2965 4743 3004 4800 ii
3035 4745 3132 4816 qui
3160 4749 3417 4816 egestate
3449 4756 3681 4813 preme-

2031 4841 2266 4906 bantur,
2299 4853 2472 4894 omne
2523 4833 2808 4890 latrocinii
2857 4831 3176 4904 ﬂagitiique
3222 4848 3409 4902 genus
3453 4844 3681 4886 exerce-

2031 4929 2190 4985 bant.
2215 4929 2286 4982 At
2309 4943 2380 4982 ne
2403 4924 2532 4998 quis
2557 4925 2706 4979 hanc
2739 4923 3024 4994 perditam
3057 4921 3380 4993 nequitiam
3415 4919 3684 4976 nuntiare

2033 5023 2252 5092 posset,
2285 5017 2520 5074 obvium
2551 5013 2887 5086 quemlibet,
2921 5029 3154 5070 servum
3187 5011 3403 5084 pariter
3433 5015 3490 5066 et
3521 5010 3682 5081 inge-

2033 5125 2183 5166 nuos
2227 5105 2616 5164 trucidabant.
2649 5102 2812 5159 Unde
2861 5101 3058 5170 fiebat,
3095 5105 3159 5157 ut
3199 5101 3300 5172 qui
3345 5100 3404 5156 in
3451 5098 3684 5172 oppidis

1633 5253 1878 5310 VARI/E
1920 5251 2320 5310 LECTIONES

354 5377 400 5417 ⁸⁷
432 5373 574 5434 δυεῖν
601 5381 664 5434 Β.
740 5375 785 5412 ⁸³
809 5373 938 5447 περὶ
968 5387 1085 5447 om.
1107 5372 1180 5447 _B.

1283 5371 1330 5408 ⁶⁰
1359 5367 1602 5431 σικελίας
1634 5375 1676 5425 Β
1707 5375 1764 5427 et
1791 5387 1949 5442 corr.
1971 5371 2016 5425 A
2042 5387 2054 5424 :
2089 5365 2366 5442 βασιλείας

2577 5361 2624 5399 ⁷ο
2647 5361 2899 5418 ἀνίστατο
2931 5367 2994 5419 Β.
3089 5359 3132 5398 τί
3165 5358 3565 5435 σκευαζομένου
3597 5357 3684 5433 ς.

268 5445 318 5482 ⁷⁸
348 5431 656 5528 ὀλίγαςξ,
732 5447 778 5484 ⁷³
806 5431 980 5502 ἐκἈε
1024 5443 1128 5500 ἀπὸ
1335 5441 1384 5478 ’⁷³⁸
1421 5447 1596 5497 πᾶσαν
1626 5457 1746 5514 mg.
1773 5458 1786 5498 :
1821 5441 1956 5498 libri
1986 5431 2148 5495 πᾶσα.
2227 5439 2270 5474 ⁷⁵
2295 5431 2644 5512 ἀπαγγέλλοι
2677 5439 2742 5492 Α.

1853 5583 2086 5642 NOTAE.

349 5687 464 5762 (70)
491 5685 688 5744 Cicero
715 5684 781 5740 1η
818 5679 1054 5738 Verrem.
