4090 6422
442 279 592 338 1423
1634 256 1896 319 ΡΗΟΤΙῙ
1942 255 2057 315 PA'

2272 251 2468 311 tCH/E
2509 249 2628 311 ΟΡ.
3713 257 3887 316 1424

435 412 624 469 3891)
656 411 841 474 erant,
875 422 940 461 ea
971 419 1097 475 quia
1130 401 1283 454 intra
1335 412 1534 452 muros
1573 398 1789 460 essent,
1823 392 1915 447 vix
1944 407 2043 462 pro

2274 386 2506 461 ρανόμου
2544 383 2948 459 χειροκρασίας.
2986 384 3086 439 Καὶ
3119 381 3262 439 ἄλλα
3295 380 3353 440 3‘s
3383 384 3579 441 πολλὰ
3612 385 3889 450 πολλοῖς

438 470 1142 576 ρτὶαθχίειὶωιιτθηιξᾳυεε
1168 493 1362 543 autem
1385 492 1565 549 extra,
1581 483 1767 538 aliena
1780 487 1835 537 et
1851 480 2048 535 domin

1665 487 1835 538 enaet
1851 480 2086 535 domino
2197 472 2369 529 ἂτοπα
2408 474 2542 527 κατά
2571 474 2668 541 τὴν
2705 470 2953 528 Σικελίαν
2990 470 3280 547 ἐτολμᾶτο.

442 565 621 657 exlegi
641 586 1025 652 violentazque
1048 577 1316 652 potentia
1342 575 1597 631 subdita.
1616 571 1795 627 Multa
1812 570 2064 639 denique
2088 568 2201 622 alia
2222 570 2424 657 contra
2443 568 2526 619 fas
2548 569 2605 620 et
2624 580 2859 635 aequum
2878 569 3210 635 perpetrare
3230 565 3525 621 audebant
3550 566 3615 621 in
3640 567 3887 625 Sicilia.

508 650 738 734 salvius
766 650 957 729 autem
992 650 1092 741 qui
1127 668 1541 739 Morgantinam
1574 663 1895 727 obsidebat,
1917 657 2084 714 factis

2267 653 2326 741 Ὁ
2384 650 2440 707 δὲ
2495 654 2593 721 τήν
2651 652 3028 727 Μαργαντίνην
3094 651 3473 725 πολιορκήσας
3556 654 3882 725 Σιλούϊος,

438 771 497 824 in
530 770 707 822 totam
736 763 897 818 illam
932 760 1227 832 regionem
1269 754 1726 821 incursionibus,
1755 750 1827 806 ad
1858 747 2053 804 Leonti

2265 739 2505 817 ιὸραμὼν
2538 742 2636 809 τήν
2682 744 2870 816 χώραν
2923 742 3089 817 μέχρι
3146 745 3245 796 τοῦ
3295 742 3587 798 Λεοντίνου
3643 742 3880 811 πεδίου,

436 872 578 912 num
604 869 788 925 usque
814 829 1107 925 campum,
1130 852 1319 903 totum
1344 844 1655 900 exercitum
1681 840 1761 895 ibi
1784 837 2047 908 recollegi

2264 851 2438 906 ροισεν
2482 829 2646 885 αὑτοῦ
2676 832 2737 885 τὸ
2769 830 2984 903 σύμπαν
3016 832 3345 907 στράτευμα,
3396 829 3747 894 ἐπιλέκτους
3780 830 3877 887 ἄν·

435 946 493 1002 in
514 960 629 1018 quo
646 917 1037 998 numerabant
1056 936 1291 1008 triginta
1309 932 1509 997 millia,
1524 930 1827 1000 etquidem
1843 926 2050 983 selecto

2267 941 2317 982 ις
2350 919 2453 973 οὐκ
2492 918 2749 980 ἐλάττους
2808 924 2916 974 τῶν
2965 920 3329 996 τρισμυρίων,
3377 921 3469 975 καὶ
3516 922 3701 983 θύσας
3759 928 3882 986 τοῖς

433 1008 590 1091 rum.
611 1034 759 1089 Tum
783 1046 917 1085 vero
942 1028 1100 1084 Italis
1124 1025 1402 1082 heroibus
1427 1038 1587 1077 sacra
1610 1019 1766 1083 fecit,
1788 1031 2042 1085 unamqu

2254 1008 2556 1071 ταλικοῖςτδ
2586 1008 2761 1083 ἥρωσι
2823 1010 3041 1072 τούτοις
3102 1010 3196 1082 μὲν
3252 1009 3479 1080 ἀνέθηκε
3542 1012 3682 1083 μίαν
3755 1018 3869 1068 τῶν

432 1120 785 1195 epurpureis
800 1117 1058 1174 vestibus
1081 1114 1309 1183 dicavit,
1326 1115 1529 1184 gratus
1548 1126 1612 1165 ac
1631 1123 1853 1164 memor
1871 1106 2047 1163 beneﬁ

2260 1104 2473 1176 ουργῶν
2538 1099 2961 1177 περιπορφύρων
3052 1098 3257 1167 στολὴν
3333 1103 3683 1175 χαριστήρια
3772 1109 3875 1171 τῆς

431 1188 525 1279 cii,
560 1212 617 1266 in
651 1226 764 1281 quo
799 1208 960 1262 illum
993 1204 1294 1260 victoriam
1328 1203 1530 1257 dantes
1562 1200 1887 1254 affecerant.
1924 1196 2046 1251 Tan

2258 1213 2361 1261 ιης,
2420 1189 2580 1251 αὐτὸς
2633 1188 2680 1243 δ’
2730 1188 3091 1265 ἀναγορεύσεις
3154 1189 3343 1243 ἑαυτὸν
3408 1190 3649 1263 βασιλέα
3715 1192 3873 1266 Τρύ-

429 1302 562 1357 dem
620 1315 755 1355 vero
803 1314 936 1352 cum
983 1294 1137 1366 regis
1181 1309 1387 1349 nomen
1439 1290 1546 1345 sibi
1600 1288 1924 1355 ascivisset,
1977 1300 2044 1355 pri

2259 1301 2295 1333 ιν
2329 1280 2374 1315 ⁷⁷
2409 1279 2501 1352 μὶν
2533 1276 2637 1333 ὑπὰ
2689 1282 2794 1333 τῶν
2838 1278 3162 1332 ἀποστατῶν
3206 1278 3685 1352 προσηγορεύετο.
3752 1288 3874 1334 Δια-

426 1389 619 1447 Salvio
648 1387 917 1459 Tryphon
954 1403 985 1441 a
1017 1361 1403 1439 defectoribus
1434 1378 1708 1452 appellari
1739 1375 1927 1445 coepit.
1966 1376 2041 1428 Ha

2255 1370 2477 1442 ούμενος
2528 1365 2585 1422 δὲ
2612 1369 2679 1423 τὰ
2730 1366 3005 1441 Τριόκαλα
3062 1367 3111 1402 ’³⁸
3156 1361 3564 1421 καταλαϐέσθαι
3633 1369 3737 1420 καὶ
3780 1389 3870 1422 κα-

428 1482 573 1536 bens
621 1482 816 1534 autem
870 1477 929 1531 in
977 1475 1172 1529 animo
1222 1470 1488 1528 Triocala
1535 1482 1836 1537 occupare,
1876 1464 2037 1534 ibiqu

2250 1457 2501 1512 σκευάσαι
2574 1455 2826 1532 βασίλεια
2895 1455 3100 1529 πέμπει
3174 1456 3263 1509 καὶ
3320 1456 3456 1529 πρὸς
3516 1456 3862 1525 Ἀθηνίωνα,

427 1569 647 1640 regiam
682 1582 844 1621 suam
873 1569 1150 1629 statuere,
1176 1566 1371 1617 evocat
1394 1559 1569 1614 etiam
1606 1556 2042 1621 Athenionem,e

2243 1547 2672 1620 ίταπεμπόμενος
2769 1544 2927 1599 αὑτὸν
3009 1544 3083 1607 ὡς
3151 1545 3455 1619 στρατηγὸν
3558 1544 3858 1618 βασιλεύς.

426 1662 663 1733 quidem
686 1676 816 1715 eum
841 1662 906 1713 ut
927 1674 1019 1713 rex
1042 1657 1449 1726 imperatorem
1475 1666 1797 1708 accersens.
1820 1648 1918 1703 Hic
1940 1662 2041 1702 ver.

2242 1636 2383 1697 ίντες
2444 1636 2537 1708 μὲν
2597 1634 2689 1689 οὖν
2762 1628 3145 1706 ὑπελάμϐανον
3212 1633 3304 1687 τὸν
3374 1632 3683 1704 Ἀθηνίωνα
3746 1639 3857 1688 τῶν

428 1768 562 1806 cum
605 1766 808 1805 omnes
855 1746 1274 1803 arbitrarentur
1305 1744 1423 1799 fore
1455 1749 1513 1797 ut
1544 1739 1783 1795 Athenio
1818 1738 2043 1809 primun

2239 1725 2464 1781 :w-reiwv
2520 1724 2963 1795 ἀντιποιήσεσθαι
3020 1726 3083 1791 7°,
3143 1723 3234 1795 καὶ
3317 1720 3406 1777 διὰ
3484 1726 3590 1793 τὴν
3664 1723 3854 1778 στάσιν

427 1846 482 1897 et
516 1840 875 1896 altissimum
926 1836 1230 1908 dignitatis
1276 1833 1518 1905 gradum
1571 1830 1831 1886 obtinere
1884 1826 2042 1883 vellet

2240 1821 2288 1869 ῐ›ν
2347 1815 2669 1869 ἀποστατῶν
2738 1811 2941 1889 ῥᾳδίως
2999 1810 3465 1882 καταλυθήσεσθαι
3522 1814 3623 1867 τὸν
3685 1814 3855 1868 πόλε-

428 1934 601 2000 atque
636 1929 769 1984 hinc
792 1931 915 1983 orto
939 1899 1089 1980 inter
1110 1899 1464 1979 defectorum
1492 1919 1783 1991 principes
1810 1916 2043 1971 dissidio

2238 1923 2311 1960 ον’
2347 1906 2381 1973 ἡ
2416 1902 2472 1959 δὲ
2510 1903 2656 1981 τύχη
2710 1902 2949 1978 καθάπερ
3003 1899 3256 1973 ἐπίτηδες
3304 1899 3538 1975 αὔξουσα
3595 1904 3700 1965 τὰς
3748 1908 3853 1957 τῶν

426 1990 596 2074 facile
626 2018 761 2071 huic
797 2015 942 2071 bello
976 2015 1149 2068 tinem
1182 1990 1527 2084 impositum
1560 2009 1652 2076 iri,
1688 2008 1917 2063 fortuna
1948 2010 2041 2059 tan

2241 1998 2464 2048 ›απετῶν
2512 1990 2789 2065 δυνάμεις,
2836 1993 3140 2065 ὁμονοῆσαι
3188 1990 3315 2053 τοὺς
3366 1992 3592 2047 τούτων
3644 1993 3856 2066 ἡγεμό-

429 2121 604 2176 quam
632 2104 702 2157 de
724 2101 1006 2155 industria
1028 2100 1227 2171 copias
1246 2080 1619 2168 fugitivorum
1641 2110 1881 2165 augens,
1897 2093 2043 2146 duce

2241 2104 2275 2145 ες
2332 2082 2607 2152 ἐποίησεν.
2674 2084 2812 2138 Ἤκε
2884 2082 2978 2153 μὲν
3033 2082 3136 2158 γάρ
3205 2080 3485 2153 συντόμως
3552 2082 3699 2153 μετᾶ
3760 2088 3856 2149 τῆς

428 2209 627 2249 eorum
651 2191 709 2245 in
733 2192 1103 2246 concordiam
1128 2188 1387 2242 adduxit.
1413 2185 1646 2257 Trypho
1669 2183 1821 2239 enim
1848 2181 2040 2252 magni

2238 2174 2461 2244 ινάμεως
2511 2171 2598 2227 ἐπὶ
2664 2173 2729 2226 τὰ
2784 2170 3060 2246 Τριόκαλα
3100 2171 3127 2225 ὁ
3170 2170 3422 2247 Τρύφων,
3480 2171 3587 2239 ἧκε
3651 2168 3709 2224 δὲ
3769 2172 3853 2225 καὶ

427 2280 736 2336 itineribus
757 2280 825 2334 ad
850 2278 1051 2333 urbem
1072 2276 1333 2332 Triocala
1353 2291 1483 2329 cum
1508 2274 1778 2329 universo
1796 2286 1903 2325 suo
1920 2285 2042 2324 exet

2237 2264 2457 2333 »θηνίων
2495 2262 2630 2335 μετά
2657 2258 3017 2335 τρισχιλίων,
3062 2260 3347 2314 ὑπακούων
3404 2260 3480 2321 ὡς
3536 2261 3852 2335 στρατηγὸς

429 2371 543 2425 citu
588 2368 865 2439 pervenit.
903 2368 1111 2422 Eodem
1152 2370 1208 2420 et
1238 2364 1483 2419 Athenio
1530 2378 1739 2433 magna
1783 2357 2039 2414 celeritat

2240 2351 2404 2407 ισιλεῖ
2433 2357 2511 2424 τῷ
2548 2352 2817 2429 Τρύφωνι,
2864 2352 2964 2419 τήν
3011 2348 3191 2420 ἄλλην
3242 2349 3404 2403 αὑτοῦ
3460 2346 3703 2422 δύναμιν
3768 2372 3855 2404 κα-

430 2438 747 2523 contendit,
782 2473 849 2510 ex
894 2455 1018 2511 suis
1068 2454 1177 2508 tria
1224 2454 1507 2507 duntaxat
1544 2451 1838 2504 adducens
1870 2446 2045 2501 millia

2235 2444 2465 2517 ιτρὲχειν
2501 2443 2600 2510 τήν
2660 2440 2847 2516 χώραν
2905 2440 2994 2505 καὶ
3055 2438 3295 2494 ἂνασείεν
3351 2439 3491 2513 πρὸς
3542 2439 3850 2494 ἀπόστασιν

430 2551 487 2601 et
517 2544 813 2616 Tryphoni
846 2547 909 2597 ut
940 2543 1255 2613 imperator
1304 2540 1423 2609 regi
1473 2539 1625 2593 dicto
1664 2536 1929 2592 audiens.
1964 2535 2045 2589 Re

2232 2532 2311 2593 ὣς
2343 2532 2554 2593 υῗκέτας
2586 2527 2963 2591 ἀπεσταλκώς.
3010 2529 3157 2585 Μετὰ
3200 2527 3256 2583 δὲ
3299 2532 3468 2583 ταῦτα
3523 2530 3847 2599 ὑπονοήσας

428 2637 655 2706 liquum
712 2638 906 2689 autem
959 2632 1271 2687 exercitum
1305 2631 1376 2684 ad
1420 2626 1861 2699 depopulandos
1908 2624 2043 2695 long

2271 2620 2499 2698 Τρύφων
2568 2620 2662 2674 τὸν
2739 2620 3049 2688 Ἀθηνίωνα
3136 2617 3485 2688 ἐπιθήσεσθαι
3555 2617 3612 2671 ἐν
3676 2623 3847 2692 καιρῷ

432 2704 659 2793 lateque
697 2738 885 2791 agros,
918 2721 1264 2790 servitiaque
1305 2719 1373 2772 ad
1426 2716 1805 2772 defectionem
1856 2713 2041 2770 sollici

2230 2708 2492 2785 αρέδωκεν
2526 2709 2600 2770 εἰς
2632 2708 2902 2788 φυλακήν.
2952 2708 3027 2764 Τὸ
3088 2704 3143 2762 δὲ
3193 2706 3453 2782 φρούριον
3515 2706 3845 2783 ὀχουρώτα-

430 2791 609 2868 tanda
658 2812 917 2867 miserat.
959 2810 1169 2865 Verum
1219 2813 1418 2880 postea
1463 2805 1694 2877 Trypho
1743 2804 2039 2875 suspicatu

2225 2820 2275 2853 ον
2333 2798 2389 2853 ὅν
2446 2796 2797 2866 κατεσκεύαζε
2890 2791 3215 2851 πολυτελέσι
3295 2802 3662 2858 κατασκευαῖς
3752 2797 3840 2849 καὶ

430 2901 552 2957 fore
584 2905 648 2956 ut
679 2900 924 2955 Athenio
956 2897 1144 2969 prima
1174 2912 1407 2968 quoque
1438 2894 1759 2961 occasione,
1798 2894 2041 2947 adversu

2227 2887 2271 2941 τὶ
2309 2886 2522 2959 μᾶλλον
2556 2886 2802 2965 ὠχύρου.
2837 2884 3121 2959 Τριόκαλα
3151 2882 3208 2939 δὲ
3239 2884 3370 2940 αὑτό
3401 2907 3560 2964 φασιν
3615 2887 3665 2923 ⁸ο
3704 2885 3842 2940 (ch-

432 2991 629 3062 ipsum
672 3005 834 3044 arma
881 2992 1128 3057 caperet,
1178 3002 1311 3041 eum
1358 2987 1415 3039 in
1466 2999 1754 3040 carcerem
1805 2980 2047 3051 conjecit

2227 2978 2389 3031 ,άσθαι
2425 2973 2513 3031 διὰ
2549 2978 2612 3030 τὸ
2661 2975 2785 3049 τρία
2834 2973 2977 3029 καλᾶ
3026 2972 3197 3049 ἔχειν,
3255 2979 3475 3047 πρῶτον
3528 2977 3620 3046 μὲν
3666 2996 3842 3045 ναμα-

434 3084 713 3133 Caeterum
749 3076 1080 3148 praesidium
1110 3075 1253 3129 illud
1278 3074 1491 3143 alioqui
1527 3072 1984 3127 munitissimum
2019 3069 2049 3124 i1

2225 3066 2372 3120 ιαίων
2437 3063 2643 3120 ὑδάτων
2701 3064 2935 3134 πλῆθος,
3025 3062 3297 3140 διαφόρων
3370 3068 3441 3137 τῇ
3505 3063 3840 3139 γλυκύτητι,

436 3167 561 3221 dies
612 3168 799 3237 magis
837 3182 901 3221 ac
935 3165 1124 3235 magis
1173 3163 1494 3231 muniebat,
1527 3166 1582 3218 et
1610 3160 1902 3232 magnifici
1936 3163 2050 3213 stru

2224 3157 2436 3233 εύτερον
2467 3156 2870 3232 παρακειμένην
2902 3158 3089 3235 χώραν
3140 3155 3527 3237 ἀμπελόφυτόν
3562 3158 3701 3229 ἶὸἓὸ
3749 3159 3838 3229 Η·]

438 3256 620 3310 cturis
677 3256 1015 3309 adornabat.
1078 3252 1255 3307 Aiunt
1321 3258 1512 3306 autem
1571 3250 1835 3305 Triocala
1898 3247 2053 3303 Γυίεε‹

2229 3270 2244 3303 ε
2292 3248 2381 3303 καὶ
2442 3245 2762 3325 ἐλαιόφυτον
2794 3245 2884 3301 καί
2941 3247 3295 3320 γεωργεῖσθαι
3355 3244 3665 3318 δυναμένην
3724 3248 3844 3300 θαυ-

439 3345 793 3401 nominatam
847 3344 997 3413 quod
1050 3338 1173 3413 τρία
1220 3338 1361 3393 καλὰ
1414 3341 1492 3411 (id
1525 3344 1613 3394 est
1653 3341 1764 3393 tria
1815 3337 2054 3410 pulchra

2223 3343 2409 3398 ιαστῶς
2468 3338 2535 3405 εί,
2593 3338 2775 3413 τρίτον
2838 3332 3290 3410 ὑπερϐάλλουσαν
3367 3334 3709 3409 ὀχυρότητα,
3766 3338 3838 3396 ὡς

439 3435 489 3488 ei
540 3434 821 3487 inessent.
864 3431 1122 3485 Primum
1173 3431 1326 3501 quod
1377 3427 1761 3499 scaturigines
1811 3427 2054 3500 plurima

2228 3452 2248 3480 ν
2296 3425 2466 3498 οὔσης
2516 3426 2788 3503 μεγάλης,
2835 3426 3033 3501 πέτρας
3086 3422 3391 3480 ἀναλώτου·
3444 3424 3514 3493 ἦν
3558 3425 3649 3479 καὶ
3700 3447 3843 3499 περι-

439 3538 721 3594 aquarum
748 3520 804 3574 in
830 3536 895 3575 ea
916 3523 1227 3587 exstarent,
1251 3536 1374 3590 qua:
1401 3518 1705 3573 dulcedine
1730 3532 2054 3588 magnoperi

2227 3517 2340 3588 όλῳ
2368 3514 2584 3577 πόλεως
2618 3513 2847 3571 σταδίων
2882 3514 3025 3569 ὀκτὼ
3086 3508 3570 3590 προσπεριϐαλὼν,
3619 3516 3711 3568 κάὲ
3758 3537 3838 3569 τα-

435 3610 1005 3667 commendarentur.
1054 3609 1271 3664 Deinde
1321 3609 1472 3680 quod
1506 3608 1796 3677 njacentes
1844 3604 1963 3675 agri
1994 3606 2047 3659 vi

2216 3607 2417 3681 ›ρεύσας
2482 3606 2672 3678 βαθείᾳ
2754 3606 2966 3682 τάφρῳ,
3032 3602 3329 3678 βασιλείοις
3389 3603 3626 3679 ἐχρῆτο,
3691 3606 3831 3679 πάσῃ

434 3704 568 3755 neta
589 3698 766 3754 simul
789 3703 845 3753 et
862 3699 1068 3754 oliveta
1086 3698 1390 3767 baberent,
1406 3702 1740 3753 essentvero
1762 3700 1819 3751 et
1840 3694 2049 3751 cultura

2225 3696 2418 3775 φθονίᾳ
2440 3701 2547 3751 τῶν
2580 3694 2714 3750 κατᾶ
2758 3696 2849 3750 τὸν
2904 3694 3021 3769 βίον
3068 3694 3313 3749 ἁπάντων
3364 3695 3411 3729 ⁸³
3462 3692 3838 3770 πεπληρωμέ-

437 3789 647 3844 mirum
682 3788 740 3841 in
785 3788 1019 3842 modum
1070 3786 1283 3843 idonei.
1320 3787 1641 3855 Postremo,
1672 3785 1825 3856 quod
1874 3790 2052 3840 natur;

2230 3810 2308 3857 ην.
2348 3786 2709 3841 Κατεσκεύασε
2742 3783 2916 3840 δὲκαὶ
2974 3782 3263 3858 βασιλικήν
3324 3783 3505 3839 οἰκίαν
3562 3786 3654 3838 καὶ
3728 3786 3845 3858 ἆγο-

435 3878 599 3933 locus
656 3878 737 3931 ita
795 3877 1056 3931 munitus
1112 3877 1281 3945 foret,
1334 3880 1397 3931 ut
1447 3874 1590 3930 nihil
1640 3891 1815 3945 snpra
1867 3880 2050 3946 posset

2234 3878 2290 3931 ἄν
2326 3875 2629 3949 δυναμένην
2665 3874 2908 3945 δέξασθαι
2938 3876 2984 3911 ⁸³
3012 3872 3224 3944 πλῆθος
3253 3874 3577 3947 ἀνθρώπων.
3632 3874 3846 3944 Ἐξελέ-

436 3966 652 4037 quippe
682 3966 777 4037 qui
812 3982 1082 4037 magnam
1133 3967 1447 4037 quamdam
1477 3968 1533 4019 et
1572 3964 2051 4034 inexpugnabilem

2233 3988 2320 4021 ιτο
2357 3964 2415 4021 δὲ
2444 3966 2671 4021 καὶτῶν
2714 3966 2975 4043 φρονήσει
3026 3961 3391 4041 διαφερόντων
3452 3961 3669 4038 ἀνδρῶν
3724 3966 3848 4024 τους

436 4056 667 4112 haberet
700 4072 933 4127 rupem:
960 4072 1135 4125 quam
1171 4055 1333 4110 urbis
1364 4053 1610 4121 ambitu,
1632 4052 1729 4123 qui
1764 4053 1924 4110 mille
1956 4072 2051 4126 pas

2237 4055 2431 4125 ιανοὺς,
2467 4057 2558 4117 οὓς
2599 4052 2881 4126 ἀποδείξας
2922 4049 3271 4127 συμϐούλους
3297 4052 3503 4129 ἐχρῆτο
3539 4051 3852 4126 συνένδροις

438 4160 540 4199 sus
590 4145 985 4215 amplectitur,
1018 4159 1151 4200 cum
1194 4144 1490 4213 cinxisset,
1525 4143 1799 4210 fossaque
1831 4141 1889 4197 in
1922 4160 2052 4199 sum

2239 4146 2412 4213 ὑτοῖς;
2443 4140 2697 4216 τήϐεννάν
2727 4166 2783 4199 τε
2812 4144 3219 4222 περιπόρφυρον
3250 4138 3647 4214 περιεϐάλλετο
3669 4144 3739 4214 3‘,
3766 4144 3854 4197 γ,αὲ

440 4249 595 4289 mam
657 4233 1023 4287 altitudinem
1086 4234 1367 4304 producta
1422 4232 1921 4296 circumdedisset,
1984 4250 2051 4304 pr

2242 4234 2558 4307 λατύσημον
2597 4232 2687 4289 ἔδυ
2748 4238 2958 4309 χιτῶνα
3015 4234 3148 4287 κατὰ
3205 4234 3333 4287 τοὺς
3389 4234 3852 4306 χρηματισμοὺς,

440 4322 600 4391 regia
634 4338 741 4375 sua
773 4320 998 4389 habuit,
1032 4322 1296 4377 omnium
1330 4339 1456 4394 qua:
1489 4321 1759 4376 humanae
1794 4322 1918 4376 vita
1947 4339 2055 4377 usu

2235 4324 2285 4378 αἱ
2322 4301 2479 4396 [Ηέί
2518 4324 2608 4395 R.]
2641 4301 2988 4397 ῥαϐδούχους
3046 4322 3165 4395 εἶχε
3217 4322 3352 4394 μετὰ
3393 4301 3849 4379 πελέκεων-τους

440 4410 696 4481 postulat
746 4411 1107 4466 abundantia
1158 4413 1456 4467 refertum.
1504 4412 1802 4467 Construit
1851 4411 2055 4484 insupe

2247 4412 2670 4488 ροηγουμὲνους,
2702 4412 2791 4466 καὶ
2821 4409 2999 4465 τᾶλλα
3046 4411 3223 4465 πάντα
3282 4411 3382 4465 ὅσα
3432 4410 3655 4464 ποιοῖ)σί
3702 4431 3761 4464 τε
3811 4412 3855 4445 ³⁵

441 4500 740 4555 basilicam
774 4517 786 4554 :
818 4500 1003 4555 forum
1037 4500 1170 4555 item
1207 4517 1529 4556 numerosae
1563 4500 1865 4556 hominum
1905 4502 2056 4557 turb:

1756 4517 1865 4556 tum
1905 4502 2090 4557 turbae
2202 4503 2291 4557 καὶ
2324 4501 2715 4575 ἐπικοσμοῦσιν
2759 4497 3049 4569 ἐπετήδευε
3074 4498 3371 4576 βασιλείαν.

438 4604 643 4661 capax.
678 4590 959 4644 Prasterea
989 4606 1053 4644 ex
1087 4590 1374 4661 praedictis
1424 4589 1641 4661 insigni
1692 4590 2000 4661 prudentia
2049 4591 2190 4649 viris
2240 4592 2453 4664 delegit
2496 4595 2635 4663 quot
2683 4592 2826 4647 satis
2868 4596 3052 4658 erant,
3099 4606 3311 4661 eosque
3343 4589 3455 4645 sibi
3488 4590 3858 4645 consiliarios

438 4682 669 4752 statuit,
718 4690 889 4753 atque
940 4698 1261 4739 assessores
1303 4683 1360 4738 in
1405 4681 1558 4753 juris
1616 4682 2133 4752 disceptationibus
2186 4683 2396 4740 habere
2448 4682 2723 4741 instituit.
2763 4682 2890 4738 Jam
2941 4697 3072 4737 vero
3104 4685 3161 4737 et
3201 4686 3335 4754 toga
3384 4686 3658 4753 praetexta
3700 4683 3863 4737 tuni-

435 4788 613 4844 caque
648 4772 749 4827 lati
782 4770 955 4826 clavis
1000 4774 1249 4828 amictus
1298 4773 1401 4843 jus
1449 4770 1745 4837 reddebat,
1779 4770 1967 4825 390a
2009 4770 2358 4843 lictoresque
2402 4772 2482 4828 illi
2536 4788 2669 4828 cum
2720 4770 3026 4828 securibus
3078 4770 3396 4842 praeibam:
3427 4786 3552 4841 qua:
3594 4770 3853 4841 denique

433 4866 649 4934 regiam
685 4863 1027 4933 dignitatem
1060 4862 1345 4927 efficiunt,
1374 4866 1430 4917 et
1461 4877 1587 4933 qum
1620 4866 1848 4929 ornant,
1881 4878 1947 4917 ea
1979 4862 2177 4918 omnia
2206 4868 2634 4920 consectantur.

502 4954 719 5009 Cmteru
732 4970 785 5007 m
804 4953 1211 5023 imperatorem
1230 4955 1504 5007 adversus
1520 4952 1832 5007 defectores
1846 4956 2085 5008 senatus

2270 4949 2683 5027 ῐιροχειρίζεται
2719 4946 2776 5004 δὲ
2815 4950 2952 5005 κατὰ
2997 4953 3104 5004 τῶν
3156 4949 3472 5004 ἀποστατῶν
3519 4950 3555 5016 ἡ
3607 4947 3852 5025 5577.17,-

432 5042 726 5099 Romanus
760 5043 970 5111 delegit
1004 5044 1055 5097 ι.
1094 5042 1381 5097 Licinium
1415 5040 1745 5109 Lucullum,
1779 5040 2047 5097 habente:

2238 5062 2285 5103 >ς
2317 5045 2424 5095 τῶν
2457 5039 2744 5113 Ῥωμαίων
2797 5038 3020 5094 Λεύκιον
3075 5040 3317 5094 Λικίνιον
3368 5038 3735 5094 Λούκουλλον
3786 5041 3853 5107 ⁵⁸,

431 5134 827 5188 Romanorum
843 5133 1081 5204 quidem
1097 5136 1151 5187 et
1166 5130 1442 5187 Italorum
1463 5130 1712 5185 militum
1732 5130 2046 5203 quatuorde

2238 5150 2393 5204 [οντα
2423 5130 2755 5203 στρατιώτας
2798 5127 3026 5203 μυρίους
3082 5129 3177 5202 μὲν
3235 5128 3323 5183 καὶ
3369 5127 3853 5203 τετρακισχιλίους

433 5217 543 5274 cim
568 5220 773 5288 millia,
788 5221 1061 5294 Bithynos
1080 5220 1604 5290 autem,Thessalos
1615 5222 1948 5278 Acarnanes
1961 5222 2048 5276 80(

2237 5221 2503 5293 Ῥωμαίους
2532 5220 2621 5275 καὶ
2667 5216 2936 5289 Ἰταλοὺς,
2986 5218 3245 5281 Βιθυνοὺς
3309 5215 3367 5273 δὶ
3407 5218 3495 5273 καὶ
3549 5216 3852 5278 Θετταλοὺς

1786 5346 2029 5405 νΑΗΙιΕ
2070 5347 2376 5406 LECTION
2389 5349 2491 5404 ES.

506 5456 557 5538 7°_
584 5453 846 5538 Παλικοῖς
882 5459 1375 5538 Wesselingius._u
1399 5454 1703 5538 llTpuo‘wv
1751 5487 1819 5538 _—-
1868 5455 1969 5538 65a
2009 5488 2078 5538 :—
2108 5454 2569 5538 προσηγορεύετο]
2613 5455 3191 5538 cpdpwva.—_pe1&“
3220 5487 3290 5538 -ς
3335 5454 3692 5538 προηγάγετο
3724 5459 3767 5512 Δ
3794 5462 3853 5538 St

435 5528 563 5609 (qui
594 5527 846 5609 cptitptn-va
904 5534 1101 5609 habet)
1285 5531 1376 5609 _"3
1421 5527 1803 5609 Τριόκέλαᾘᾼ.
1904 5529 1954 5609 :9
2009 5527 2477 5609 d’zvftﬁozﬁcbtcOuL
2508 5534 2617 5609 Α.υ
2649 5527 2933 5609 ί⁸⁰λφηαῖν
2988 5527 3099 5609 Βξ-
3151 5529 3196 5566 ⁸⁸
3253 5527 3583 5603 θαυμαστῶς
3620 5545 3745 5586 om.
3794 5530 3834 5585 Β

433 5593 721 5653 ⁸⁵1’ἅπαντα
911 5602 959 5637 ⁸³
989 5593 1240 5677 δέχξεσθαι
1437 5593 1483 5637 ⁸⁸
1515 5593 1869 5674 περιεϐάλετο
1904 5602 1961 5655 Β.
2040 5600 2088 5634 ⁸⁵
2124 5620 2182 5654 τι
2212 5593 2288 5656 Av:
2321 5620 2383 5679 γε
2574 5601 2619 5636 ⁸⁵
2658 5593 3007 5657 Λεύκουλλον
