4066 6216
268 366 424 427 1425

1336 357 1870 423 BlBLIOTHECA.
1918 391 1979 403 --
2039 356 2214 419 COD.
2262 361 2562 423 CCXLIV.

3515 371 3670 430 “26

262 503 356 558 καὶ
386 505 719 578 Ἀκαρνᾶνας
749 499 795 534 3"
844 493 1216 567 ὀκτακοσίους,
1265 493 1324 550 ἐκ
1370 493 1428 550 δὲ
1471 501 1573 564 τῆς
1621 491 1908 556 Λευκανίας

2030 511 2100 551 ex
2119 495 2516 552 Lucaniavero
2527 497 2652 567 600,
2668 497 2882 568 quibus
2903 501 3401 571 praeeratCleptius
3421 503 3673 576 impera-

263 591 598 662 ἑξακοσίους,
641 591 714 642 ὧν
769 589 961 662 ἡγεῖτο
1009 584 1302 654 Κλέπτιος,
1354 583 1496 652 ἀνὴρ
1557 582 1918 659 στρατηγικὸς

258 684 350 737 καὶ
383 681 465 736 ἐπ’
505 677 726 754 ἀνδρείᾳ
774 670 1124 750 περιϐόητος,
1176 673 1254 729 ἔτι
1300 671 1356 729 δὶ
1398 674 1488 728 καὶ
1539 674 1756 747 ἑτέρους
1804 672 1918 744 ἐξα-

259 768 504 840 κοσίους,
573 769 650 832 ὡς
743 766 987 844 γενέσθαι
1078 767 1393 837 σύμπαντας
1463 761 1915 836 ἑπτακισχιλίους

258 860 349 916 καὶ
386 858 633 934 μυρίους,
665 857 758 918 οὓς
791 850 934 931 ἔχων
972 849 1245 910 ,κατέλαϐε
1289 855 1390 922 τὴν
1442 851 1716 907 Σικελίαν.
1753 852 1808 904 '0
1858 847 1916 904 δὲ

259 950 484 1025 Τρύφων
526 944 806 1008 ἀπολύσας
855 943 1156 1014 Ἀθηνίωνα
1212 948 1312 1011 τῆς
1364 940 1541 1002 αἰτίας
1591 935 1912 994 ἐϐουλεύετο

257 1039 380 1112 περὶ
441 1041 537 1092 τοῦ
594 1036 731 1110 πρὸς
789 1033 1102 1107 Ῥωμαίους
1169 1029 1445 1103 πολέμου.
1524 1029 1625 1084 Καὶ
1681 1033 1760 1100 τῷ
1821 1029 1915 1101 μὲν

262 1126 488 1202 ἤρεσκεν
519 1125 570 1180 ἐν
602 1129 720 1186 τοῖς
749 1121 1081 1197 Τριοκάλοις
1113 1121 1492 1199 ἀγωνίζεσθαι,
1553 1115 1817 1187 Ἀθηνίων
1857 1115 1913 1172 δὲ

259 1211 618 1272 συνεϐούλευε
679 1217 754 1287 μή
808 1211 1114 1288 συγκλείειν
1167 1209 1387 1272 ἑαυτοὺς
1437 1208 1512 1270 εἷς
1561 1206 1910 1280 πολιορκίαν,

258 1304 391 1361 ἀλλ’
458 1304 510 1360 ἐν
584 1303 833 1378 ὑπαίθρῳ
909 1299 1340 1376 διαγωνίζεσθαι.
1439 1295 1795 1371 Κρατησάσης
1858 1293 1914 1351 δὲ

255 1394 461 1464 ταύτης
494 1394 544 1428 ⁸⁸
592 1399 693 1462 τῆς
755 1389 967 1467 βουλῆς
1023 1386 1619 1463 κατεστρατοπέδευσαν
1670 1384 1912 1456 πλησίον

260 1481 555 1558 Σκιρθαίας
605 1483 671 1551 ⁸⁸,
725 1477 870 1542 ὅντες
929 1481 1032 1534 οὐκ
1090 1478 1348 1540 ἐλάττους
1387 1481 1495 1531 τῶν
1547 1496 1912 1551 τετρακισμυ-

261 1574 418 1648 ρίων⁶
490 1572 686 1646 ἀπεῖχε
751 1569 796 1624 δ’
860 1568 1037 1625 αὐτῶν
1098 1571 1134 1637 ἡ
1205 1565 1489 1640 Ῥωμαίων
1577 1559 1908 1639 παρεμϐολὴ

260 1660 456 1719 στάδια
497 1658 840 1718 δυοκαίδεκα.
874 1660 946 1716 Τὸ
980 1660 1072 1733 μὶν
1107 1657 1202 1713 οὖν
1235 1661 1452 1732 πρῶτον
1493 1654 1732 1733 ἐγίνοντο
1789 1676 1913 1709 συν-

258 1755 409 1826 εχεῖς
467 1746 892 1824 ἀκροϐολισμοίο
945 1751 1063 1804 εἷτα
1110 1745 1575 1821 παραταξαμένων
1623 1743 1912 1817 ἑκατέρων,

2025 587 2136 652 tor,
2154 586 2236 641 rei
2261 585 2532 642 militaris
2551 586 2792 642 scientia
2814 592 2870 643 et
2887 588 3226 645 fortitudine
3240 592 3670 652 celeberrimus.

2025 675 2181 731 Alios
2214 682 2486 746 praeterea
2515 678 2641 743 600,
2677 677 2818 732 adeo
2855 682 2918 732 ut
2959 679 3206 735 universi
3241 699 3550 740 numerum
3584 704 3669 741 se-

2026 766 2373 837 ptemdecim
2407 765 2654 821 millium
2687 766 2995 822 efficerent.
3031 769 3172 824 Cum
3199 769 3291 824 his
3324 772 3504 842 copiis
3526 773 3670 830 Sici-

2025 853 2166 910 liam
2210 859 2474 926 occupat.
2529 856 2801 926 Tryphon
2847 856 3028 928 igitur
3075 857 3308 929 culpam
3361 861 3672 919 Athenioni

2023 943 2479 1011 condonans,_ad
2504 943 2976 1001 deliberationem
3013 947 3080 1001 de
3113 946 3258 1002 bello
3291 948 3349 1003 in
3380 949 3674 1008 Romanos

2022 1033 2275 1104 gerendo
2307 1048 2439 1088 eum
2471 1033 2759 1089 adhibuit.
2787 1035 2854 1089 Et
2878 1035 3210 1107 Tryphonis
3234 1038 3468 1109 quidem
3493 1043 3675 1098 consi-

2023 1120 2170 1176 lium
2223 1125 2366 1188 erat,
2419 1127 2483 1177 ut
2541 1121 2823 1178 Triocalis
2879 1130 3201 1194 manentes,
3237 1127 3371 1183 inde
3421 1144 3674 1202 pugnam

2023 1210 2759 1268 committerent:Athenio
2786 1218 2975 1269 autem
3006 1218 3211 1270 auctor
3239 1221 3382 1286 erat,
3417 1234 3489 1275 ne
3520 1220 3674 1290 seip-

2023 1316 2118 1356 sos
2150 1300 2453 1357 obsidione
2483 1301 2792 1358 intercludi
2844 1306 3199 1373 paterentur,
3235 1308 3330 1363 sed
3379 1308 3573 1379 potius
3617 1309 3676 1366 in

2021 1393 2221 1460 aperto
2271 1405 2474 1461 campo
2523 1390 2884 1448 dimicarent.
2920 1395 3058 1447 Cum
3091 1393 3268 1464 igitur
3321 1399 3506 1467 potior
3552 1398 3677 1455 visa

2022 1483 2176 1534 esset
2223 1479 2344 1534 haec
2390 1479 2705 1547 sententia,
2745 1481 2914 1552 juxta
2961 1481 3300 1539 Scirthzsam
3363 1495 3673 1544 castrame-

2021 1567 2127 1624 tati
2161 1573 2322 1632 sunt,
2347 1569 2737 1640 quadraginta
2769 1569 3032 1626 millibus
3064 1588 3177 1627 non
3212 1574 3676 1643 pauciores.Ab-

2025 1661 2192 1715 erant
2221 1674 2352 1713 vero
2382 1660 2453 1713 ab
2477 1659 2545 1713 iis
2569 1658 2964 1715 Romanorum
2998 1666 3187 1716 castra
3218 1665 3490 1734 passibus
3516 1668 3670 1722 1250.

2025 1746 2214 1801 Primo
2267 1746 2445 1818 igitur
2489 1747 2756 1802 velitares
2797 1765 3006 1820 pugnae
3049 1750 3298 1807 subinde
3343 1757 3674 1813 committe-

255 1825 479 1910 καὶτῆς
514 1841 703 1920 μάχης
759 1837 866 1894 ὧδε
911 1839 1126 1894 κάκεῖσε
1185 1839 1480 1912 ῥεπούσης,
1539 1836 1629 1889 καὶ
1686 1832 1908 1888 πολλῶν

2026 1833 2277 1888 bantur:
2313 1835 2412 1889 sed
2465 1851 2596 1890 cum
2646 1839 2882 1892 tandem
2932 1838 3209 1910 utrinque
3239 1841 3419 1897 aciem
3460 1844 3669 1899 instru-

254 1931 587 2005 δκατὲρωθεν
621 1919 952 1998 πιπτόντων,
987 1931 1015 1983 6
1051 1929 1146 2002 μὲν
1190 1927 1459 1992 Ἀθηνίων
1510 1919 1654 1999 ἔχων
1715 1925 1757 1960 ⁹¹
1800 1944 1918 1978 συν-

255 2021 700 2096 αγωνιζομένους
761 2017 1080 2081 διακοσίους
1132 2019 1316 2079 ἱππεῖς
1367 2014 1689 2085 ἐπιλεκτων,
1743 2016 1915 2068 πάντα

251 2111 348 2166 τὸν
403 2111 525 2186 περί
598 2110 764 2166 αὐτὸν
824 2108 992 2164 τόπον
1052 2112 1256 2182 νεκρῶν
1322 2104 1634 2178 ἐπλήρωσε,
1687 2104 1914 2179 τρωθεὶς

254 2198 308 2256 δ’
335 2199 412 2261 εἷς
443 2200 726 2274 ἀμφότερα
765 2200 833 2254 τὰ
856 2197 1060 2275 γόνατα
1111 2196 1202 2252 καὶ
1243 2195 1431 2270 τρίτην
1478 2189 1688 2264 λαϐὼν,
1730 2193 1912 2267 ἃχρη-

256 2310 382 2352 στος
412 2288 619 2366 ἐγένετο
651 2290 787 2365 πρὸς
825 2291 926 2360 τήν
963 2289 1172 2362 μάχην,
1205 2284 1258 2359 ἐξ
1293 2286 1354 2340 οὗ
1404 2285 1456 2340 οἱ
1505 2281 1763 2358 δραπέται
1793 2287 1911 2346 ταῖς

253 2381 466 2458 ψυχαῖς
498 2379 747 2440 πεσόντες
779 2379 916 2454 πρὸς
949 2377 1122 2452 φυγὴν
1164 2373 1496 2451 ἐτράπησαν.
1537 2378 1592 2428 '0
1637 2369 1694 2426 δὲ
1738 2373 1909 2441 Ἀθη-

255 2457 391 2523 νίων
425 2469 501 2531 ὡς
529 2469 716 2543 νεκρὸς
749 2464 824 2522 ὥν
871 2463 1046 2535 ἔλαθε,
1091 2465 1180 2521 καὶ
1226 2461 1620 2540 προσποιηθεὶς
1667 2457 1910 2516 τετελευ-

252 2556 475 2626 τηκέναι
506 2562 607 2626 τῆς
646 2556 839 2620 νυκτὸς
893 2548 1267 2622 ἐπιλαϐούσης
1329 2549 1586 2621 διεσώθη.
1648 2550 1905 2622 Ἐπεκροὶ⁹

251 2667 424 2716 τησαν
460 2643 518 2702 δὲ
559 2645 830 2721 λαμπρῶς
883 2645 933 2699 οἱ
987 2645 1277 2716 Ῥωμαῖοι,
1328 2640 1603 2719 φυγόντων
1658 2639 1748 2694 καὶ
1799 2642 1909 2692 τῶν

257 2735 396 2808 μετὰ
437 2733 738 2812 Τρύφωνος
769 2735 859 2789 καὶ
891 2733 1056 2789 αὐτοῦ
1097 2731 1326 2787 ἐκείνου·
1376 2731 1466 2784 καὶ
1506 2726 1734 2784 πολλῶν
1775 2727 1909 2782 κατᾶ

250 2825 354 2893 τὴν
384 2825 560 2901 φυγὴν
593 2822 871 2878 κοπὲντων
908 2821 1073 2884 τέλος
1114 2821 1215 2876 οὐκ
1257 2819 1516 2881 ἐλάττους
1553 2822 1661 2873 τῶν
1712 2815 1910 2890 δισμυ-

254 2912 391 2990 ρίων
430 2913 792 2986 ἀνῃρέθησαν.
825 2913 889 2966 O't
922 2909 978 2966 δὲ
1005 2909 1194 2966 λοιποὶ
1243 2915 1344 2977 τῆς
1391 2907 1582 2968 νυκτὸς
1633 2904 1908 2980 συνεργούο

251 3024 360 3069 σης
409 2999 663 3076 διέφυγον
711 3001 787 3062 εἰς
852 2999 918 3055 τὰ
961 2999 1255 3073 Τριόκαλα·
1311 2996 1492 3052 καίτοι
1547 2995 1675 3072 ῥᾷον
1742 2996 1788 3031 οἳ
1841 2995 1907 3062 ἦν

255 3087 604 3160 ἐπιδιώξαντι
645 3093 724 3162 τῷ
767 3093 1055 3164 στρατηγῷ
1084 3088 1177 3142 καὶ
1225 3088 1453 3148 τούτους
1503 3083 1735 3139 ἀνελεῖν.
1787 3084 1910 3138 Ἐπὶ

252 3183 515 3236 τοσοῦτον
549 3177 607 3234 δέ
635 3178 997 3234 τεταπείνωτο
1027 3179 1090 3232 τὸ
1123 3175 1413 3246 οἰκετικὸν,
1449 3173 1590 3229 ὥστε
1626 3172 1716 3228 καὶ
1749 3169 1908 3228 ἐϐου-

251 3267 514 3325 λεύσαντο
555 3266 645 3322 ἐπὶ
704 3268 831 3328 τοὺς
887 3267 1109 3341 κυρίους
1167 3261 1566 3337 ἐπαναδραμεῖν
1623 3262 1714 3317 καὶ
1775 3265 1908 3339 σφᾶς

257 3358 446 3413 αὐτοῖς
488 3355 810 3430 ἐγχειρίσαιο
868 3353 1015 3424 πλὴν
1071 3354 1430 3428 ἐπεκράτησεν
1481 3353 1516 3421 ἡ
1547 3351 1741 3428 γνώμη
1799 3354 1908 3404 τῶν

261 3446 426 3522 μέχρι
457 3445 721 3515 τελευτῆς
754 3445 1102 3517 ὑποθεμένων
1141 3441 1509 3518 ἀγωνίσασθαι
1543 3441 1633 3496 καὶ
1685 3442 1762 3513 μή
1792 3444 1909 3500 τοῖς

253 3535 478 3611 ἐχθροῖς
533 3534 754 3597 ἐαυτοὺς
807 3530 1262 3607 καταπροδοῦναι.
1344 3532 1492 3588 Μετᾶ
1535 3527 1580 3586 δ’
1632 3530 1820 3599 ἐνάτην
1863 3530 1910 3565 9⁸

249 3623 460 3700 ἡμέραν
495 3626 523 3679 6
557 3622 864 3699 στρατηγὸς
919 3624 1019 3692 ἧκε
1080 3619 1469 3694 πολιορκήσων
1524 3618 1591 3674 τὰ
1650 3620 1908 3692 [63711.]

249 3712 558 3789 Τριόκαλα.
591 3714 693 3769 Καὶ
731 3714 800 3768 τὰ
833 3713 927 3786 μὶν
960 3711 1222 3781 ἀναιρῶν,
1243 3709 1310 3764 τά
1341 3707 1398 3762 δὲ
1423 3709 1467 3745 ⁹⁴
1496 3709 1906 3781 ἀναιρούμενος,

246 3802 475 3860 ἔλαττον
545 3800 689 3878 ἔχων
750 3801 1080 3878 ἀπηλλάγη,
1143 3800 1233 3854 καὶ
1295 3800 1347 3853 οἱ
1408 3797 1708 3852 ἀποστάται
1759 3794 1910 3860 αὖθις

245 3893 772 3972 ἐφρονηματίζοντο.
803 3893 964 3947 Ἦνυε
993 3889 1052 3945 δὲ
1083 3893 1188 3944 τῶν
1245 3885 1478 3943 δεόντων
1520 3887 1547 3940 6
1591 3886 1909 3980 0190171764,

248 3971 360 4040 εἴτε
391 3980 480 4037 διὰ
525 3981 809 4057 ῥᾳστώνην
856 3979 963 4036 εἷ’τε
1016 3977 1105 4036 διὰ
1157 3975 1518 4052 δωροδοκίαν,
1571 3971 1746 4030 οὐδέν’
1795 3974 1892 4029 ἀνθ

251 4072 329 4126 ὧν
359 4073 447 4127 καὶ
481 4069 640 4144 δίκην
672 4070 890 4147 ὕστερον
927 4070 1135 4146 κριθεὶς
1166 4067 1465 4143 Ῥωμαίοις
1495 4063 1684 4123 ἔδωκε.

2023 1923 2260 1992 xissent,
2321 1925 2539 1995 diuque
2613 1926 2855 1996 ancipiti
2932 1927 3114 1983 Marte
3186 1936 3508 2001 pugnaturn
3588 1951 3674 1989 es-

2025 2019 2131 2077 set,
2156 2029 2222 2068 ac
2247 2012 2418 2068 multi
2451 2013 2521 2068 ab
2553 2018 2800 2084 utraque
2831 2021 2995 2086 parte
3025 2016 3392 2080 cecidissent,
3426 2021 3674 2078 Athenio

2023 2103 2270 2174 stipatus
2293 2104 2397 2159 200
2419 2103 2648 2160 selectis
2671 2105 2983 2175 equitibus,
3005 2112 3192 2179 strage
3211 2110 3412 2164 omnia
3432 2111 3582 2166 circu
3596 2129 3674 2166 m—

2022 2207 2253 2265 quaque
2285 2191 2582 2262 implevit:
2616 2209 2812 2249 verum
2847 2209 3000 2266 genu
3035 2200 3284 2268 utroque
3317 2197 3674 2270 vulneratus,

2023 2286 2224 2354 postea
2253 2285 2311 2337 et
2343 2282 2511 2339 tertio
2560 2283 2797 2339 vulnere
2827 2285 2886 2340 in
2919 2285 3033 2342 alia
3086 2288 3344 2360 corporis
3384 2294 3548 2360 parte
3579 2307 3673 2346 ac-

2022 2378 2209 2442 cepto,
2233 2387 2440 2444 pugnae
2472 2373 2630 2429 utilis
2653 2390 2781 2430 esse
2813 2375 3002 2431 desiit.
3031 2375 3419 2439 Quamobrem
3447 2380 3674 2452 fugitivi

2021 2460 2290 2516 animum
2323 2462 2770 2532 despondentes,
2813 2464 2959 2536 fugae
2991 2481 3054 2520 se
3085 2467 3390 2523 dederunt.
3424 2467 3671 2524 Athenio

2021 2553 2216 2605 autem
2244 2566 2374 2605 eum
2399 2559 2662 2609 mortuus
2679 2553 3027 2620 crederetur,
3043 2553 3375 2624 latitavit,et
3395 2556 3673 2612 simulata

2021 2637 2442 2710 aliquantisper
2476 2645 2682 2710 morte,
2707 2657 2837 2696 cum
2862 2642 3113 2712 primum
3135 2659 3247 2699 nox
3268 2645 3520 2709 advenit,
3535 2645 3671 2713 fuga

2021 2727 2131 2781 sibi
2163 2726 2410 2784 salutem
2461 2730 2704 2800 peperit.
2737 2730 3075 2788 Praeclaram
3109 2749 3240 2788 vero
3283 2734 3478 2806 adepti
3527 2739 3670 2790 sunt

2021 2815 2267 2871 Romani
2295 2817 2618 2885 victoriam,
2640 2818 2966 2891 Tryphonis
2998 2819 3306 2878 comitibus
3329 2827 3384 2878 et
3413 2821 3512 2879 illo
3539 2823 3665 2896 ipso

2018 2903 2076 2960 in
2111 2905 2306 2977 fugam
2339 2906 2654 2974 conversis,
2695 2907 3008 2980 multisque
3042 2909 3100 2964 in
3144 2910 3278 2982 fuga
3326 2911 3510 2978 caesis,
3546 2920 3667 2968 tan-

1941 2980 1984 3046 C
2022 2995 2151 3051 dem
2199 2993 2399 3065 viginti
2448 2995 2634 3051 millia
2664 3013 2939 3053 cursorum
2982 2980 3388 3071 compererunt
3416 3017 3560 3056 esse.
3596 3005 3668 3058 At

2022 3083 2229 3156 reliqui
2261 3086 2674 3140 commoditate
2705 3087 2891 3142 noctis
2923 3087 3034 3155 usi,
3067 3090 3136 3143 ad
3168 3088 3434 3144 Triocala
3464 3090 3667 3145 confu-

2021 3176 2244 3244 gerant,
2268 3189 2604 3245 quanquam
2638 3178 2694 3230 et
2719 3174 2825 3230 hos
2857 3176 3183 3232 interficere
3211 3176 3374 3233 facile
3403 3182 3526 3233 erat
3557 3178 3671 3232 im-

2021 3262 2293 3331 peratori,
2325 3263 2370 3318 si
2407 3272 2742 3334 persecutus
2773 3280 2868 3319 eos
2899 3263 3123 3320 fuisset.
3158 3266 3313 3320 Adeo
3341 3270 3531 3320 autem
3569 3267 3672 3320 ab-

2013 3352 2275 3421 jecerant
2319 3352 2547 3407 animos
2589 3353 2763 3420 servi,
2797 3357 2860 3408 ut
2907 3355 3078 3409 etiam
3132 3355 3202 3410 de
3251 3355 3545 3411 redeundo
3597 3357 3667 3410 ad

2017 3439 2306 3512 dominos,
2322 3457 2496 3514 seque
2508 3459 2707 3498 eorum
2725 3443 2996 3514 potestati
3011 3444 3671 3515 committendo,delibe-

2017 3530 2165 3585 ratio
2206 3531 2278 3586 ab
2321 3531 2392 3586 iis
2440 3531 2733 3603 proposita
2779 3533 2972 3588 fuerit.
3015 3537 3225 3589 Eorum
3281 3541 3478 3592 tamen
3528 3535 3667 3591 vicit

2017 3620 2328 3687 sententia,
2353 3620 2451 3691 qui
2475 3627 2743 3677 auctores
2765 3627 2932 3676 erant
2957 3627 3020 3676 ut
3041 3625 3111 3677 ad
3136 3627 3456 3678 extremum
3483 3640 3666 3696 usque

2018 3709 2283 3780 spiritum
2320 3708 2685 3775 dimicarent,
2727 3724 2830 3764 nec
2864 3709 2975 3782 ipsi
3008 3710 3234 3781 seipsos
3263 3712 3574 3781 prodentes
3607 3712 3664 3764 in

2019 3813 2230 3852 manus
2261 3797 2520 3852 hostium
2551 3815 2612 3853 se
2644 3798 2958 3853 traderent.
2990 3802 3158 3854 Sexto
3202 3802 3332 3869 post
3360 3799 3453 3854 die
3483 3799 3668 3870 impe-

2019 3889 2174 3940 rator
2204 3885 2276 3940 ad
2308 3885 2626 3942 obsidenda
2665 3887 2929 3942 Triocala
2957 3887 3132 3953 venit,
3163 3887 3262 3957 qui
3298 3903 3430 3942 cum
3468 3887 3667 3944 hostes

2019 3973 2284 4044 caederet,
2330 3974 2705 4048 vicissimque
2766 3976 2838 4031 ab
2885 3975 3000 4030 illis
3047 3976 3382 4044 cederetur,
3428 3977 3667 4035 tandem

2019 4063 2257 4120 inferior
2304 4065 2592 4122 discessit.
2632 4068 2756 4132 Qua
2798 4081 2865 4121 ex
2915 4082 2974 4122 re
3022 4066 3268 4121 multum
3329 4066 3554 4121 ﬁducia:
3601 4084 3666 4122 ac

253 4162 505 4234 spiritus
535 4162 927 4220 defectoribus
957 4160 1149 4218 rediit.
1183 4160 1371 4216 ιθοὺ
1397 4159 1512 4214 Nec
1561 4172 1694 4212 vero
1745 4153 1867 4225 ipse
1914 4153 2234 4224 imperator
2282 4153 2400 4209 ulla
2445 4153 2505 4210 in
2556 4159 2720 4227 parte
2759 4154 2903 4225 (sive
2935 4173 3047 4226 prae
3080 4155 3326 4222 desidia,
3359 4155 3479 4211 sive
3509 4157 3664 4226 quod

249 4253 601 4310 muneribus
631 4261 939 4325 corruptus
968 4254 1142 4321 esset)
1174 4250 1364 4308 ofﬁcio
1395 4265 1500 4306 suo
1531 4243 1942 4305 satisfaciebat.
1979 4243 2139 4299 Unde
2168 4245 2344 4299 etiam
2379 4249 2578 4316 postea
2607 4245 2666 4300 in
2703 4246 2992 4317 judicium
3029 4263 3062 4302 a
3091 4244 3369 4302 Romanis
3399 4250 3664 4316 vocatus,

251 4341 658 4414 multatnsque
688 4343 814 4399 fuit.

328 4431 486 4496 Γάϊος
529 4429 587 4487 δὲ
630 4429 944 4508 Σερουίλιος
991 4428 1397 4509 καταπεμφθεὶς
1447 4430 1753 4503 στρατηγὸς
1787 4425 1902 4483 διά-

2083 4427 2156 4480 Αι
2185 4425 2354 4482 Caius
2375 4426 2648 4482 Servilius
2673 4427 2891 4482 missus
2915 4425 3246 4499 imperatori
3271 4425 3512 4484 Lucullo
3534 4444 3662 4483 suc-

251 4519 430 4596 δοχος
453 4520 830 4590 Λουκούλλου,
855 4517 971 4575 οὐδ’
998 4519 1156 4581 αὐτός
1186 4541 1238 4575 τι
1267 4519 1412 4590 ἃξιον
1441 4521 1667 4593 μνήμης
1691 4516 1902 4592 ἔπραξε·

250 4608 338 4666 διὸ
367 4609 458 4664 καὶ
505 4610 714 4684 ὁμοίως
776 4607 1117 4682 Λουκούλλῳ
1164 4609 1384 4682 ὕστερον
1428 4613 1570 4689 φυγῇ
1623 4609 1902 4669 κατεδικάι

249 4703 377 4769 σθη.
411 4699 856 4770 Τελευτήσαντος
909 4695 965 4754 δὲ
1013 4696 1309 4776 Τρύφωνος
1350 4695 1612 4775 διάδοχος
1657 4707 1757 4771 τῆς
1807 4704 1904 4779 ἂρ.

251 4795 363 4864 χῆς
405 4789 433 4844 6
489 4789 758 4860 Ἀθηνίων
817 4787 1155 4859 καθίσταται,
1214 4788 1504 4844 καὶτοῦτο
1556 4790 1652 4862 μὲν
1711 4791 1902 4856 πόλεις

250 4875 590 4954 ἐπολιόρκει,
621 4879 786 4934 τοῦτο
829 4875 886 4933 δὲ
943 4882 1117 4933 πᾶσαν
1174 4878 1273 4948 τήν
1325 4879 1514 4954 χώραν
1573 4877 1743 4943 ἀδεῶς
1775 4902 1900 4937 κατ⁸

249 4969 462 5044 ἑτρεχε,
494 4967 584 5022 καὶ
607 4966 835 5024 πολλῶν
860 4967 1150 5042 ἐκυρίευσε,
1185 4970 1280 5022 τοῦ
1311 4966 1635 5042 Σερουϊλίου
1661 4967 1904 5043 μηδὲν,⁰⁸

250 5059 731 5135 ἀντιπράττοντος.

324 5148 430 5204 Τοῦ
471 5145 518 5204 δ’
547 5147 821 5204 ἐνιαυσίου
854 5149 1056 5222 χρόνου
1082 5144 1390 5210 διελθόντος
1437 5147 1640 5211 ὕπατος
1679 5147 1730 5204 ἐν
1762 5151 1900 5206 Ῥώ-

250 5258 332 5312 μῃ
366 5237 526 5300 Γάϊος
557 5238 764 5312 Μάριος
796 5236 967 5312 ᾑρέθη
999 5237 1062 5291 τὸ
1100 5231 1347 5306 πέμπτον
1388 5237 1478 5290 καὶ
1519 5238 1677 5298 Γάϊος
1710 5237 1902 5294 Ἀκύλ-

245 5325 396 5388 λιος⁶
432 5327 504 5380 ὧν
538 5327 566 5380 6
623 5323 917 5386 ’Δκύλλιος
947 5325 1247 5401 στρατηγὸς
1305 5326 1442 5380 κατὰ
1493 5331 1602 5380 τῶν
1654 5327 1894 5382 ἀποστα-

2013 4529 2231 4583 cessor,
2263 4515 2390 4587 ipse
2437 4532 2667 4587 quoque
2717 4515 2862 4572 nihil
2911 4517 3234 4589 quidquam
3287 4517 3664 4573 memorabile

2009 4605 2224 4674 gessit:
2261 4621 2441 4675 quare
2471 4606 2675 4660 eodem
2709 4621 2824 4677 quo
2858 4605 3130 4660 Lucullus
3174 4605 3343 4661 modo
3379 4605 3661 4661 multatus

2009 4693 2208 4749 exsilio
2258 4695 2385 4750 fuit.
2424 4695 2562 4750 Dum
2606 4695 2724 4750 haec
2771 4699 3072 4766 geruntur,
3109 4695 3354 4751 moritur
3382 4712 3481 4752 rex
3517 4695 3661 4768 Try-

2009 4783 2142 4854 pho.
2169 4785 2367 4856 Regno
2390 4784 2653 4840 succedit
2680 4783 2950 4839 Athenio.
2979 4783 3078 4840 Hic
3110 4785 3282 4840 urbes
3314 4783 3657 4850 obsidendo,

2008 4876 2312 4945 totamque
2343 4873 2638 4946 regionem
2692 4873 3131 4929 incursionibus
3163 4888 3265 4944 pro
3297 4871 3538 4927 libidine
3568 4872 3659 4927 in-

2010 4962 2297 5032 festando,
2343 4963 2538 5034 prada
2585 4962 2826 5034 ingenti,
2879 4977 2994 5018 non
3053 4960 3373 5018 obsistente
3419 4959 3656 5016 Servilio

2010 5052 2225 5123 potitus
2255 5055 2365 5108 est.

2078 5145 2254 5200 Porro
2285 5146 2483 5200 exacto
2530 5159 2724 5199 annuo
2767 5143 2957 5215 spatio
2989 5143 3182 5199 Romae
3212 5141 3481 5214 quintum
3518 5159 3654 5199 con-

2007 5234 2101 5288 sul
2131 5250 2264 5292 cum
2295 5234 2431 5291 Caio
2459 5233 2633 5289 Acilio
2665 5231 2764 5306 [αἱ.
2786 5232 3050 5306 Aquileo]
3081 5237 3310 5289 creatus
3342 5234 3451 5290 fuit
3480 5234 3655 5291 Caius

2010 5325 2246 5383 Marius.
2281 5325 2492 5380 Missus
2523 5326 2718 5378 autem
2752 5321 2966 5377 Acilius
3016 5322 3297 5377 adversus
3337 5323 3654 5380 defectores

1599 5487 1836 5545 νΑΒΙΑι
1878 5486 2301 5545 LEGTIONES.

316 5627 364 5665 ³⁷
393 5631 658 5702 καρνᾶνας
691 5631 759 5682 Δ.
863 5627 908 5663 ⁸⁸
936 5624 1182 5752 ταύτης]δ
1205 5623 1372 5694 αὐτῆς
1402 5632 1464 5681 Δ.

339 5717 487 5752 corr.
523 5706 589 5752 Δ.
666 5701 710 5736 ⁸³
751 5697 904 5752 ὁᾶονῖ
935 5698 1052 5752 imo
1085 5694 1150 5752 ὁά
1190 5715 1290 5752 ιον.
1367 5696 1464 5752 ⁹³ἐ

1569 5625 1615 5662 ⁸⁹
1669 5624 1960 5698 ξκριθαίας

2172 5615 2687 5708 θοδεὲχωινῇοωᾏιιλ.
2728 5618 3205 5708 Μ⁹¹ιέπικλέκτωδῃ
3252 5619 3554 5698 ἐπικρατῶν
3607 5625 3647 5679 Β

245 5704 307 5759 et
339 5688 487 5757 corr'.
523 5706 589 5757 Α.
647 5688 710 5736 7⁸³
750 5697 904 5775 ῥᾷον]
935 5698 1052 5755 imo
1085 5688 1290 5773 ῥᾴδιον.
1329 5688 1339 5694 ’
1367 5696 1413 5733 ⁸³
1442 5696 1653 5768 ἐνάτην]
1685 5688 1847 5765 ἱίκτην
1878 5697 1940 5750 Β.
2018 5696 2060 5731 ⁹⁴
2098 5690 2176 5767 δὲ]
2217 5690 2272 5747 δὲ
2295 5688 2388 5747 ’καί
2424 5693 2486 5751 Β.
2561 5691 2608 5727 ⁹⁸
2642 5688 2807 5764 μηδὲν
2838 5695 2920 5748 A:
2956 5689 3012 5748 δὲ
3044 5688 3235 5766 μηδέν.
