2004 3225
178 145 255 176 1427

777 141 910 173 PHOTlI
934 140 1198 171 ΡΑΤΒΙΑΒΕΗΛΞ
1220 141 1276 171 GP.

1817 143 1831 172 1
1836 141 1904 170 ηδ

175 213 343 249 imperator,
359 214 400 241 ita
414 221 445 241 se
468 212 579 240 fortiler
594 210 696 247 gessit,
712 212 744 237 ut
760 210 918 237 defectores
938 208 1001 236 illu-

1074 209 1109 235 ὧν
1127 207 1234 240 σταλεὶς
1250 210 1331 244 [1184
1347 210 1392 243 R.]
1409 208 1454 236 διὰ
1467 212 1518 244 τῆς
1530 208 1600 240 ἰδίας
1616 208 1745 246 ἀνδρείας
1760 208 1910 246 ἐπιφανεῖ

176 258 229 286 stri
239 258 336 293 praelio
345 257 533 293 superaverit.
542 256 705 289 Quinetiam
716 263 781 282 cum
793 254 924 289 ipsorum
934 261 1000 289 rege

175 302 338 331 Athenione
353 305 488 330 conserta
503 309 590 328 manu
608 300 756 328 heroicum
778 298 910 334 praelium
931 306 1001 325 com-

175 347 270 381 misit;
280 348 454 382 tandemque
461 355 526 374 eum
534 342 879 380 interfecil,acceptosolo
886 342 1004 369 vulnere

175 393 206 421 in
221 393 325 427 capite,
340 400 374 419 ex
389 400 446 427 quo
462 393 585 419 sanatus
600 389 754 425 aliquanto
771 390 836 424 post
851 387 913 414 fuit.
931 387 1005 414 Mox-

176 445 234 473 que
242 437 421 465 defectorum
430 435 571 471 reliquias
583 434 659 462 bello
671 434 841 469 persecutus
852 434 896 459 est
905 432 1004 459 decem

176 482 270 510 millia
286 481 449 509 hominum.
461 481 569 508 Verum
582 480 612 507 hi
623 488 690 507 cum
706 478 848 514 impetum
865 477 929 512 ejus
945 484 1003 504 non

176 526 397 558 sustinuissent,
410 526 460 554 sed
473 525 509 553 ad
522 525 584 552 loca
596 524 708 552 munita
719 518 933 558 confugissent;
945 528 1002 549 non

177 579 273 601 tamen
295 571 414 607 Acylius
440 570 540 599 omnia
564 572 676 597 tentare
701 568 781 605 prius
805 567 898 600 desiit,
915 574 1002 602 quam

177 625 227 645 eos
242 619 423 653 expugnatos
439 615 469 643 in
487 617 658 651 potestatem
679 612 799 647 redegit.
816 613 888 639 Cum
904 613 1001 639 autem

178 663 365 697 superessent
378 660 474 688 adhuc
487 659 576 693 mille,
590 667 713 694 quorum
727 659 783 685 dux
800 658 862 685 erat
872 656 1002 690 Satyrus,

177 708 304 743 primum
321 706 440 742 quidem
458 707 581 734 conatus
601 706 646 732 est
671 703 761 731 armis
781 710 830 730 eos
856 701 1002 737 subigere,

177 754 278 788 postea
293 759 360 779 vero
374 759 440 779 cum
451 750 554 785 legatis
567 749 665 777 missis
678 757 708 776 se
720 747 878 778 dedissent,
891 747 919 773 in
933 754 1002 781 prte-

178 806 245 825 sens
261 796 378 832 quidem
396 804 509 831 pcsnam
527 794 649 827 remisit,
664 793 714 821 sed
731 792 853 820 Romam
865 791 1004 818 abductos

179 850 244 869 cum
265 841 367 868 bestiis
392 839 549 873 commisit,
567 839 617 866 ubi
633 838 779 874 proditum
795 838 839 864 est
854 845 870 864 a
885 836 1004 871 quibus-

179 886 258 920 dam,
275 894 324 914 eos
341 886 467 913 maxima
484 892 548 912 cum
566 884 651 911 laude
675 882 763 909 vitam
782 881 917 909 ﬁnivisse.
933 882 1006 907 Nam
1022 873 1045 905 Β

179 934 324 960 certamen
347 938 413 957 cum
434 929 535 957 bestiis
562 929 747 961 detrectasse,
765 928 793 954 et
815 926 851 953 ad
875 925 1005 961 publicas

180 984 245 1004 aras
262 976 373 1003 mutuis
388 974 559 1001 vulneribus
585 971 768 1005 occubuisse,
785 978 910 1006 cumque
933 969 1006 997 ulti—

180 1028 262 1048 mum
278 1028 312 1048 ex
326 1020 361 1047 iis
376 1019 438 1055 ipse
452 1019 570 1054 Satyrus
583 1017 786 1050 interfecisset,
802 1023 869 1043 eum
886 1019 949 1050 post
965 1022 1005 1042 re-

179 1065 276 1101 liquos
293 1072 405 1097 omnes,
423 1071 490 1090 cum
506 1070 609 1098 magno
626 1070 658 1089 ac
674 1061 758 1096 plane
783 1059 898 1088 heroico
916 1058 1006 1087 animi

181 1109 297 1142 robore,
313 1108 369 1136 sibi
384 1115 489 1135 manus
504 1106 649 1134 intulisse.
666 1105 777 1133 Bellum
793 1104 882 1140 igitur
903 1103 1007 1132 servile

182 1154 211 1182 in
229 1153 337 1188 Sicilia,
354 1160 419 1181 cum
445 1160 537 1180 annos
557 1151 695 1178 durasset
711 1149 921 1185 propemodum
937 1156 1007 1185 qua-

182 1202 259 1233 tuor,
276 1199 354 1226 hunc
370 1198 428 1226 fere
445 1197 586 1233 tragicum
602 1196 711 1224 exitum
728 1195 839 1223 habuit.

219 1289 315 1324 Venit,
341 1289 447 1325 inquit,
471 1296 485 1316 ε
510 1287 686 1315 Pessinunte
715 1285 846 1322 Phrygia
874 1285 1009 1313 sacerdos

183 1334 304 1371 quidam
321 1342 431 1369 magna:
451 1333 571 1360 deorum
596 1331 700 1359 matris
726 1330 843 1358 nomine
868 1330 1009 1364 Battaces,

184 1379 234 1416 qui
251 1379 379 1414 sejussu
396 1379 453 1406 dem
470 1384 602 1405 asserens
619 1376 732 1409 adesse,
750 1375 779 1402 in
795 1377 896 1403 senatu
912 1382 1009 1402 coram

184 1423 409 1460 magistratibus
434 1422 505 1449 dixit
529 1428 609 1448 sacra
624 1421 683 1448 dere
699 1420 811 1456 polluta
835 1428 910 1454 esse,
925 1421 1011 1455 atque

184 1469 248 1497 ideo
264 1469 359 1496 Romae
381 1466 497 1504 publice
520 1465 631 1502 expiari
657 1465 770 1493 debere.
789 1465 907 1492 Ferebat
922 1464 957 1491 ad
980 1463 1010 1491 id

183 1516 307 1546 vestem,
323 1512 438 1547 aliaque
454 1511 583 1546 corporis
596 1513 769 1538 ornamenta
784 1510 881 1537 391a
896 1517 970 1536 nova
984 1510 1012 1536 et

187 1565 340 1593 nunquam
357 1556 497 1584 Romanis
513 1556 586 1590 visa,
603 1562 799 1590 coronamque
815 1562 933 1582 auream
948 1562 1011 1581 ma-

186 1601 339 1639 gnitudine
359 1600 512 1634 inusitata,
529 1601 556 1626 et
571 1599 676 1627 stolam
702 1599 822 1626 ﬂoribus
846 1597 963 1626 intextis
986 1599 1013 1625 et

186 1648 363 1678 inauratam,
384 1644 463 1679 regio
488 1651 557 1670 sane
582 1643 745 1678 splendore.
764 1642 864 1677 Itaque
879 1650 895 1669 e
910 1643 1013 1669 rostris

187 1691 223 1719 ad
240 1689 378 1726 populum
395 1688 481 1715 verba
497 1687 615 1721 faciens,
634 1687 669 1714 ad
692 1687 926 1721 superstitiosum
952 1686 1014 1713 cul-

187 1738 250 1763 tum
262 1742 310 1762 eos
323 1733 465 1766 incitavit,
477 1735 506 1760 et
518 1731 653 1767 hospitiis
670 1731 794 1767 publicis
807 1733 835 1758 et
847 1731 1014 1759 diversoriis

190 1781 328 1814 exceptus
340 1787 356 1806 a
366 1778 484 1805 tribuno
502 1776 592 1812 plebis
602 1777 633 1804 A.
646 1776 784 1812 Pompeio
796 1783 932 1803 coronam
943 1776 1015 1804 ferre

189 1823 355 1861 prohibitus
367 1824 419 1850 est.
434 1822 473 1849 Ab
485 1822 575 1849 altero
587 1825 683 1849 autem
700 1821 816 1848 tribuno
832 1821 973 1848 deductus
985 1821 1014 1848 in

190 1871 293 1902 rostra,
315 1869 343 1895 et
359 1867 393 1894 de
409 1866 509 1902 templi
524 1865 687 1902 expiatione
703 1865 898 1901 interrogatus
914 1874 1015 1902 super~

191 1913 339 1941 stitiosum
355 1919 424 1939 sane
440 1919 612 1946 responsum
630 1910 764 1938 reddidit.
782 1910 884 1946 Itaque
899 1919 915 1938 a
931 1911 1016 1938 Pom-

191 1958 256 1995 peio
267 1957 406 1985 seditiose
417 1958 568 1988 tractatus,
578 1958 606 1983 et
616 1963 682 1983 cum
692 1955 801 1990 injuria
811 1955 846 1983 ad
857 1955 1015 1991 hospitium

192 2003 345 2036 deductos,
357 2010 414 2029 non
424 2001 551 2037 amplius
564 2000 679 2037 prodiit,
692 2008 750 2028 non
760 2008 790 2028 se
806 2001 901 2034 modo,
914 2008 1015 2028 verum

193 2048 278 2075 etiam
301 2047 385 2074 deam
408 2046 549 2081 injuriose
572 2044 702 2072 habitam
723 2052 787 2073 esse
806 2045 914 2073 dicens.
931 2045 1015 2072 Pom-

195 2092 277 2127 peius
288 2100 354 2119 vero
366 2099 398 2119 ex
409 2093 540 2126 tempore
548 2090 619 2118 febri
629 2089 791 2117 vehementi
803 2089 908 2125 corripi
920 2090 1016 2126 coepit,

194 2137 271 2164 unde
286 2136 370 2171 paulo
387 2140 450 2171 post
467 2137 567 2163 mutus
584 2135 676 2162 factus
687 2137 742 2166 est,
755 2135 926 2170 saginaeque
936 2134 1016 2162 dolo-

193 2180 275 2208 ribus
301 2188 390 2215 supra
415 2180 535 2207 modum
559 2181 676 2207 vexatus
701 2183 765 2214 post
790 2179 867 2207 diem
897 2180 1016 2207 tertium

194 2226 359 2262 exspiravit,
372 2225 516 2261 multique
527 2233 559 2253 eo
571 2225 648 2260 quod
659 2224 851 2259 sacerdotem,
863 2224 1017 2260 ipsamque

195 2271 279 2298 deam
301 2270 481 2304 otfendissel,
498 2269 595 2297 divina
617 2269 743 2305 quadam
769 2269 949 2305 providentia
969 2277 1018 2297 ex-

196 2315 338 2344 stinctum
355 2314 590 2351 suspicabantur.
603 2314 867 2349 Superstitionibus
878 2313 955 2341 enim
967 2314 1019 2341 mi-

194 2369 260 2389 rum
275 2360 303 2388 in
315 2360 435 2388 modum
450 2359 539 2387 dediti
555 2359 677 2387 Romani
690 2363 767 2387 sunt.
780 2359 872 2391 Quare
888 2359 1018 2386 Battaces

195 2414 285 2435 sacras
300 2405 380 2434 stolas
401 2404 521 2433 indutus
537 2406 720 2438 ornamento,
741 2403 931 2440 amplioribus
946 2412 963 2432 a
979 2404 1018 2431 vi-

195 2452 235 2480 ris
260 2450 360 2480 multis
386 2454 412 2478 et
438 2449 555 2478 feminis
584 2449 720 2485 hospitiis
749 2451 892 2484 exceptus,
911 2449 1021 2477 Roma-

194 2505 250 2533 que
275 2497 425 2525 discedens
453 2503 519 2524 cum
551 2503 658 2531 pompa
683 2495 823 2523 dimissus
847 2497 898 2523 est.
923 2495 1021 2523 Solent

195 2541 316 2570 Romani
346 2541 456 2569 milites
482 2541 598 2574 ducem,
625 2540 740 2576 quando
763 2539 898 2568 adversus
921 2540 1021 2568 hostes

196 2593 261 2614 cum
288 2585 347 2613 illis
373 2593 472 2622 pugna
495 2584 685 2619 contendens,
702 2592 790 2620 supra
806 2592 857 2613 sex
872 2584 952 2612 mille
970 2584 1021 2613 ho-

1058 253 1135 290 μάχῃ
1156 253 1219 284 τοὺς
1246 254 1398 285 ἀποστάτας
1427 253 1543 290 ἐνίκησε.
1574 255 1626 283 Καὶ
1654 255 1726 292 πρὸς
1750 254 1842 282 αὐτὸν
1877 253 1909 281 3‘s

1056 298 1103 325 τὸν
1135 298 1247 336 βασιλέα
1275 301 1329 326 τῶν
1359 299 1516 327 ἀποστατῶν
1547 299 1702 335 Ἀθηνίωνα
1734 297 1911 336 συμϐαλὼν

1059 344 1181 380 ἡρωϊκὸν
1197 343 1290 381 ἀγῶνα
1307 345 1497 379 συνεστήσατο.
1514 344 1564 371 Καὶ
1584 346 1681 372 τοῦτον
1698 345 1747 381 μὲν
1769 344 1910 377 ἀνεῖλεν,

1058 388 1140 420 αὐτὸς
1153 387 1175 416 δ’
1201 389 1238 420 εἷς
1266 389 1316 423 τήν
1346 389 1469 428 κεφαλὴν
1488 389 1603 427 τρωθεῖς
1629 389 1814 426 ἐθεραπεύθη.
1844 390 1908 417 Καὶ

1059 433 1196 470 στρατεύει
1213 433 1257 461 ἐπὶ
1281 434 1346 464 τοὺς
1372 432 1609 471 ὑπολειπομένους
1632 436 1686 461 τῶν
1709 434 1907 468 ἀποστατῶν,

1058 475 1136 509 ὄντας
1155 478 1278 515 μυρίους.
1299 478 1354 506 Οὐκ
1370 479 1578 516 ὑπομεινάντων
1590 477 1618 506 δὲ
1632 479 1682 513 τήν
1698 477 1818 517 ἔφοδον,
1831 478 1909 506 ἀλλ’

1058 522 1096 554 εἰς
1118 524 1151 551 τὰ
1181 524 1350 563 ὀχυρώματα
1379 524 1602 564 καταφυγόντων,
1627 524 1703 562 ὅμως
1734 523 1906 556 Ἀκύλλιος

1058 568 1107 595 οὐκ
1134 567 1252 596 ἐνεδίδου
1268 570 1355 597 πάντα
1379 569 1516 606 πράττων,
1536 568 1588 599 ἓῶς
1614 568 1712 602 αὑτοὺς
1736 569 1901 606 ἐκπολιορ-

1057 614 1141 649 κήσας
1156 614 1180 631 9⁸
1199 614 1377 653 ἐχειρώσατο.
1398 617 1458 641 ’Έτι
1479 613 1502 641 δ’
1519 614 1742 651 ὑπολειπομένων
1770 614 1899 651 χιλίων,

1058 660 1101 685 καὶ
1118 660 1269 697 στρατηγὸν
1291 658 1408 696 ἐχόντων
1424 659 1470 686 τὸν
1488 660 1620 697 Σάτυρον,
1641 659 1672 686 τὸ
1697 660 1747 696 μὲν
1772 662 1899 696 πρῶτον

1058 701 1205 731 ἐπεϐάλετο
1230 705 1251 722 9⁷
1276 703 1320 731 διὰ
1343 706 1396 732 τῶν
1431 704 1525 732 ὅπλων
1555 703 1653 735 αὐτοὺς
1682 705 1896 742 χοιρώσασθαι,

1060 748 1127 784 μετᾶ
1158 747 1185 775 δὲ.
1218 749 1300 776 ταῦτα
1344 746 1591 785 διαπρεσϐευόντων
1628 750 1673 776 καὶ
1706 748 1895 786 παραδόντων

1059 793 1169 824 ἑαυτοὺς
1203 796 1252 828 τῆς
1304 794 1351 830 μὶν
1384 793 1538 830 παραυτίκα
1571 793 1706 832 τιμωρίας
1742 794 1893 829 ἀπέλυσεν,

1060 837 1208 876 ἀπαγαγὼν
1232 836 1260 865 δὲ
1276 838 1314 869 εἷς
1338 838 1387 872 τὴν
1407 838 1519 874 Ῥώμην
1545 839 1723 876 θηριομάχας
1749 839 1774 856 9⁸
1788 839 1894 869 αὐτους

1061 882 1182 917 ἐποίησε.
1207 882 1279 914 Τοὺς
1303 882 1332 910 δὲ
1347 881 1411 921 φασί
1434 892 1502 914 τινες
1532 882 1749 920 ἐπιφανεστάτην
1769 885 1895 917 ποιήσα-

1062 929 1121 955 σθαι
1137 930 1184 955 τοῦ
1203 928 1264 965 βίου
1279 927 1478 965 καταστροφήν*
1496 930 1545 962 τῆς
1573 929 1620 965 μὶν
1647 928 1670 946 ⁹⁹
1694 928 1747 966 γὰρ
1770 929 1843 966 πρὸς
1860 929 1894 955 τὲ

1061 973 1142 1008 θηρία
1160 973 1253 1011 μάχης
1269 973 1429 1008 ἀποστῆναι,
1446 971 1590 1007 ἀλλήλους
1605 971 1633 1000 δὲ
1657 972 1701 1000 ἐπὶ
1727 975 1783 1000 τῶν
1802 972 1892 1008 δημο-

1063 1017 1127 1045 σίων
1150 1018 1251 1055 βωμῶν
1277 1017 1452 1054 κατασφάξαι,
1473 1017 1518 1044 καὶ
1547 1017 1594 1044 τὸν
1618 1016 1780 1045 τελευταῖον
1810 1018 1889 1045 αὑτὸν

1064 1064 1183 1100 Σάτυρον
1205 1061 1345 1097 ἀνελόντα,
1375 1064 1470 1089 τοῦτον
1500 1061 1522 1089 δ’
1550 1062 1594 1090 ἐπὶ
1624 1064 1704 1089 πᾶσιν
1726 1062 1893 1100 αὐτοχειρῖᾳ

1063 1109 1193 1144 ἡρωϊκῶς
1222 1106 1413 1144 καταστρέψαι.
1444 1108 1474 1136 Ὀ
1505 1106 1553 1142 μὲν
1582 1106 1631 1133 οὗν
1657 1106 1726 1134 κατὰ
1756 1107 1890 1134 Σικελίαν

1061 1155 1114 1180 τῶν
1130 1152 1241 1180 οἰκετῶν
1256 1151 1390 1188 πόλεμος,
1407 1151 1547 1188 διαμείνας
1563 1150 1609 1186 ἔτη
1626 1150 1725 1189 σχεδόν
1751 1162 1806 1179 που
1827 1153 1890 1180 τετ-

1062 1207 1141 1235 ταρα,
1157 1197 1290 1235 τραγικὴν
1307 1195 1371 1234 ἔσχε
1386 1197 1436 1231 τὴν
1451 1197 1652 1235 καταστροφήν.

1098 1288 1159 1316 Ὂτι
1175 1287 1315 1322 Βαττάκης
1329 1297 1372 1318 τις
1388 1286 1475 1323 ὄνομα
1489 1288 1549 1321 ἧκε,
1571 1286 1664 1325 φησὶν,
1690 1286 1721 1314 ἐκ
1747 1289 1891 1314 Πισινοῦνα

1064 1342 1110 1363 τος
1131 1335 1139 1351 ί
1159 1335 1208 1367 τῆς
1239 1331 1369 1370 Φρυγίας,
1400 1332 1487 1370 ἱερεὺς
1516 1331 1648 1369 ὑπάρχων
1675 1335 1727 1366 τῆς
1764 1330 1891 1369 μεγάλης

1063 1379 1116 1404 τῶν
1135 1378 1203 1404 θεῶν
1231 1377 1345 1414 μητρός.
1371 1377 1457 1408 Οὗτος
1482 1376 1550 1404 κατὰ
1572 1376 1735 1414 πρόσταγμα
1758 1378 1809 1410 τῆς
1830 1378 1889 1403 θεοῦ

1065 1424 1188 1459 παρεῖναι
1206 1422 1304 1460 φήσας,
1330 1424 1388 1452 τοῖς
1413 1421 1543 1459 ἄρχουσιν
1567 1420 1679 1460 ἐνέτυχε
1697 1420 1742 1448 καὶ
1768 1423 1802 1457 τῇ
1829 1431 1889 1457 συγ-

1066 1466 1173 1503 κλήτῳ,
1191 1466 1277 1503 λέγων
1292 1467 1323 1493 τὸ
1339 1466 1412 1504 ἱερὸν
1433 1469 1482 1500 τῆς
1497 1467 1559 1493 θεοῦ
1587 1466 1744 1502 μεμιάνθαι,
1768 1465 1813 1492 καῖ
1835 1464 1889 1492 δεῖν

1067 1510 1166 1541 αὐτοὺς
1182 1511 1192 1528 ³
1208 1509 1327 1546 δημοσίᾳ
1341 1509 1499 1547 καθαρμοὺς
1519 1509 1562 1536 ἐπὶ
1587 1512 1637 1544 τῆς
1660 1510 1768 1544 Ῥώμης
1792 1519 1890 1536 συντε-

1069 1554 1207 1589 λεσθῆναι.
1229 1555 1336 1593 Ἐφόρει
1362 1553 1391 1582 δὲ
1409 1553 1509 1589 ἐσθῆτα
1532 1553 1577 1581 καὶ
1599 1555 1650 1589 τὴν
1677 1553 1735 1589 περὶ
1759 1553 1791 1580 τὸ
1808 1556 1892 1589 σῶμα

1069 1599 1156 1634 ἃλλην
1186 1600 1353 1634 κατασκευὴν
1379 1598 1583 1636 ἐξηλλαγμένην
1613 1598 1658 1626 καὶ
1685 1598 1738 1625 ὑπό
1757 1600 1811 1625 τῶν
1827 1599 1893 1625 Ῥω-

1071 1644 1158 1680 μαίων
1174 1643 1240 1671 ἑθῶν
1255 1644 1266 1662 ³
1281 1643 1331 1671 οὑκ
1350 1643 1578 1681 ἐπιχωρουμένην
1601 1647 1622 1661 δ’
1648 1645 1772 1682 χρυσοῦν
1791 1653 1819 1670 τε
1842 1643 1889 1679 γὰρ

1069 1689 1197 1728 στέφανον
1215 1689 1286 1726 εἶχεν
1303 1688 1474 1726 ὑπερμεγέθη
1501 1688 1546 1715 καὶ
1572 1687 1674 1722 στολὴν
1703 1687 1815 1722 ἀνθίνην
1833 1686 1893 1714 διά-

1069 1742 1183 1770 χρυσον,
1201 1733 1346 1771 βασιλικὴν
1372 1733 1444 1768 ἀξίαν
1467 1732 1669 1772 ἐπιφαίνουσαν.
1699 1732 1891 1768 Ποιησάμενος

1071 1776 1098 1805 δὲ
1114 1778 1211 1815 λόγους
1231 1778 1273 1805 ἐπὶ
1290 1780 1342 1805 τῶν
1359 1776 1486 1813 ἐμϐόλων
1501 1776 1527 1804 ἐν
1543 1780 1582 1813 τῴ
1598 1775 1690 1813 δήμῳ,
1707 1778 1753 1804 καὶ
1770 1777 1802 1804 τὸ
1817 1777 1892 1810 πλῆ-

1070 1821 1295 1850 θο-εἶ’δ“ι“
1384 1822 1390 1849 ί
1453 1819 1558 1849 ἐϐλ¹
1656 1821 1875 1838 ~'--‘

1107 1841 1118 1854 ι,
1148 1843 1184 1854 υ...
1229 1832 1379 1859 ιισ.οαιμον
1394 1833 1423 1849 αν
1469 1833 1488 1859 μ
1508 1833 1523 1849 α
1545 1832 1594 1856 ων,
1621 1821 1816 1858 καιαλυμαλι,
1848 1832 1893 1857 μεν

1070 1866 1207 1904 δημοσίου
1230 1867 1275 1894 καὶ
1302 1866 1391 1903 ξενίων
1412 1867 1529 1901 ἡξιώθη;
1552 1867 1599 1893 τὸν
1625 1865 1653 1893 δὲ
1674 1864 1803 1904 στέφανον
1827 1865 1894 1893 ἐκω-

1070 1910 1138 1947 λύθη
1153 1915 1244 1948 φορεῖν
1258 1912 1301 1949 ὑφ’
1316 1911 1373 1942 ἑνὸς
1387 1913 1440 1938 τῶν
1455 1910 1609 1948 δημάρχων
1623 1909 1715 1938 Αὔλου
1732 1911 1894 1947 Πομπηὶου.

1071 1957 1119 1984 Διά
1133 1967 1207 1987 τινος
1224 1955 1246 1983 δ’
1263 1956 1354 1993 ἑτερου
1371 1955 1519 1993 δημάρχου
1535 1955 1685 1993 προαχθεὶς
1700 1955 1746 1983 ἐπὶ
1771 1956 1836 1992 [638
1854 1955 1897 1990 Η.)

1069 2002 1104 2029 τὰ
1122 2000 1239 2038 ἔμϐολα,
1256 2001 1300 2028 καὶ
1317 2001 1379 2038 περὶ
1394 2004 1443 2036 τῆς
1473 2001 1511 2031 εἰς
1529 2002 1541 2018 ⁵
1556 2001 1587 2028 τὸ
1612 2001 1683 2038 ἱερὸν
1709 2001 1821 2038 ἁγνείας
1848 2000 1898 2028 ἐπ-

1071 2047 1259 2084 ερωτώμενος,
1286 2046 1444 2083 ἀποκρίσεις
1471 2045 1590 2073 ἐποιεῖτο
1613 2044 1830 2082 δεισιδαιμονίαν
1853 2057 1898 2073 πε-

1072 2092 1229 2131 ριεχούσας.
1248 2091 1490 2122 Καταστασιασθεὶς
1513 2089 1541 2118 δὲ
1568 2091 1620 2118 ὑπὸ
1645 2089 1694 2117 τοῦ
1709 2091 1721 2108 ⁶
1736 2091 1897 2127 Πομπηΐου,

1071 2137 1116 2163 καὶ
1134 2136 1191 2172 μεθ’
1207 2134 1311 2174 ὕϐρεως
1328 2135 1499 2172 ἀπαλλαγεὶς
1527 2135 1570 2163 ἐπὶ
1596 2136 1645 2169 τὴν
1669 2134 1829 2170 κατάλυσιν,
1856 2136 1900 2163 οὖ-

1071 2182 1129 2210 κὲτι
1152 2181 1362 2219 προεπορεύετο,
1389 2180 1475 2219 λέγων
1499 2181 1537 2217 μή
1565 2181 1648 2217 μόνον
1674 2180 1767 2207 ἑαυτὸν
1795 2178 1898 2211 ἀσεϐῶς

1072 2225 1342 2264 προπεπηλακίσθαι,
1359 2225 1432 2253 ἀλλὰ
1448 2226 1492 2253 καὶ
1507 2226 1556 2260 τήν
1571 2225 1642 2253 θεόν.
1660 2225 1690 2253 '0
1702 2223 1731 2252 δὲ
1748 2226 1898 2261 Πομπήϊος

1072 2273 1243 2309 παραχρῆμα
1275 2271 1322 2307 μὶν
1353 2268 1448 2308 λάϐρῳ
1468 2271 1477 2288 ⁷
1502 2272 1612 2307 πυρετῷ
1636 2269 1798 2307 συνεσχέθη,
1829 2269 1901 2305 peti

1073 2315 1102 2343 δὲ
1130 2318 1214 2344 ταῦτα
1243 2315 1350 2354 ἄφωνος
1378 2315 1524 2352 γενόμενος
1554 2315 1599 2342 καὶ
1629 2314 1816 2353 καταληφθεὶς
1838 2325 1904 2341 κυν-

1074 2363 1181 2398 αγχικῷ
1214 2361 1293 2388 πάθει
1321 2362 1443 2397 τριταῖος
1466 2359 1632 2396 κατέστρεψε
1661 2359 1707 2386 τὸν
1732 2359 1806 2396 βίον,
1830 2359 1903 2396 παρὰ

1073 2407 1131 2436 τοῖς
1152 2404 1270 2436 πολλοῖς
1287 2404 1456 2443 ὑποληφθεὶς
1473 2404 1531 2439 θείᾳ
1555 2403 1607 2431 τινὶ
1632 2404 1759 2441 προνοίᾳ,
1785 2402 1843 2431 ἄνθ’
1867 2404 1903 2430 ὤν

1075 2450 1112 2480 εἰς
1128 2450 1173 2477 τὸν
1190 2449 1264 2488 ἱερέα
1286 2450 1331 2477 καὶ
1356 2450 1405 2484 τὴν
1433 2449 1492 2477 θεὸν
1523 2447 1750 2485 ἐπλημμέλησεν,
1780 2451 1831 2476 τοῦ
1855 2451 1903 2484 ζῇν

1076 2495 1245 2533 ἐστερῆσθαι’
1272 2493 1375 2532 σφόδρα
1414 2495 1466 2531 γὰρ
1490 2494 1626 2531 Ῥωμαῖοι
1656 2491 1903 2529 δεισιδαιμονοῦσι,

1076 2539 1176 2576 Διόπερ
1199 2540 1213 2567 ὁ
1228 2538 1369 2573 Βαττάκης
1385 2536 1478 2565 λαϐὼν
1493 2539 1543 2572 τήν
1567 2539 1742 2576 συγχώρησιν
1767 2540 1820 2570 τῆς
1840 2538 1905 2566 mi

1076 2585 1126 2619 τὴν
1151 2585 1224 2621 ἱερὰν
1253 2583 1355 2618 στολὴν
1381 2586 1561 2618 κατασκευῆς,
1588 2583 1776 2620 καὶτιμηθεῑς
1796 2583 1905 2618 ἀξιολό-

882 2677 997 2706 VARle
1016 2677 1222 2706 LECTIONES.

232 2750 257 2768 9⁸
274 2749 503 2787 ἐκπολιορκήσας]
521 2751 539 2778 Δ
554 2759 560 2787 ζ
577 2749 768 2786 ἐκπολεμήσας

198 2788 293 2814 νοῦντο
311 2787 341 2815 Β.
377 2785 395 2823 ,²’
407 2785 516 2822 αὐτοὺς]
532 2786 600 2823 αὖτῇ
619 2785 834 2823 Wesselingius.

203 2822 296 2859 μένην.
335 2822 347 2840 ⁵
362 2822 400 2852 εἷς
416 2831 461 2850 om
491 2824 523 2851 Α.
562 2822 572 2839 ⁸
587 2824 634 2848 τοῦ
655 2822 720 2850 add.
739 2823 771 2851 Α.

878 2747 1084 2787 Ἦ-ἐπεὸάλλετο
1105 2750 1147 2787 ς.

882 2786 892 2823 δ’
909 2785 976 2823 ἐθῶν
997 2785 1146 2823 Scaliger:
1164 2786 1229 2815 libri
1241 2785 1337 2814 ἐθτῶν.

810 2823 819 2840 ⁷
836 2820 931 2857 λαύρφ
946 2821 977 2858 ς·
980 2843 988 2851 -

1194 2750 1216 2768 ⁹⁸
1231 2748 1424 2787 θηριομάχοαυς
1438 2752 1469 2777 Β.
1518 2749 1541 2767 ⁹⁹
1557 2748 1604 2787 μὶν
1622 2749 1737 2787 αρᾀιβ.
1766 2783 1774 2787 _
1787 2750 1797 2767 ¹
1816 2752 1905 2777 [Itam-

1385 2785 1397 2803 ⁴
1416 2783 1658 2823 ἐπιχωρουμένην]
1673 2785 1740 2814 libri
1764 2783 1908 2823 ἐπιχωρη-
