4066 6216
243 343 415 404 1429

1361 341 1875 406 BIBLIOTHECA
1919 377 1997 394 —-
2039 347 2211 409 COD.
2261 346 2565 409 CCXLIV.

3505 345 3672 406 I430

236 497 373 551 γοις
426 475 635 550 ξενίοις,
685 473 788 530 ὑπὸ
845 471 1072 531 πολλῶν
1131 471 1339 549 ἀνδρῶν
1385 495 1442 530 τε
1498 474 1587 531 καὶ
1637 481 1902 552 γυναικῶν

2039 481 2194 538 ιιίιιιη
2244 480 2625 554 proﬂigasset,
2677 479 3108 552 imperatorem,
3159 480 3270 538 hoc
3323 486 3409 538 est
3464 494 3659 552 regem

244 565 619 640 προεπέμφθη
653 565 748 635 τὴν
775 561 834 618 ἐκ
861 571 959 634 τῆς
991 566 1215 637 Ῥώμης
1245 561 1505 619 ἐπάνοδον
1553 567 1909 640 ποιούμενος.

2022 569 2360 626 renuntiare
2389 570 2531 640 (71).

247 657 382 709 ’Ότι
442 653 560 715 ἔθος
615 653 681 722 ἦν
738 658 856 714 τοῖς
911 654 1197 726 Ῥωμαίων
1253 655 1634 728 στρατιώταις,
1687 659 1847 726 ἡνίκα
1905 660 1933 714 ὁ
1991 658 2296 734 στρατηγὸς
2336 657 2535 727 αὐτῶν,
2576 655 2667 710 σὺν
2730 655 2915 717 αὐτοῖς
2974 655 3126 734 μάχῃ
3188 656 3324 729 πρός
3363 678 3510 719 τινας
3558 663 3665 712 τῶν

249 744 546 818 πολεμίων
588 741 952 817 συμπλακεὶς,
988 743 1119 818 ὑπὲρ
1162 743 1290 807 τοὺς
1341 744 1746 819 ἐξαχισκιλίους
1795 751 1921 822 [156
1953 750 2046 822 R.]
2097 753 2203 804 τῶν
2253 747 2466 824 ἐχθρῶν
2513 744 2758 827 ἐφαίνετο
2807 744 3032 814 ἀνελὼν,
3076 745 3452 821 ἷγπεράτοραδ
3501 745 3658 801 αὑτὸν

251 835 605 912 ἀναγορεύειν
633 834 722 890 καὶ
753 835 1078 906 ἀποκαλεῖν,
1110 833 1141 890 ὅ
1179 834 1290 891 ἐστι
1325 835 1573 911 βασιλέα.

569 927 661 980 Ἐκ
689 930 786 981 τοῦ
818 925 901 995 λζ’
931 925 1020 980 καὶ
1049 927 1104 996 η’
1133 925 1224 981 καὶ
1253 929 1360 980 τῶν
1394 925 1602 997 ἐφεξῆς.

334 1018 459 1073 ’Ότι
516 1015 608 1071 τὸν
666 1016 942 1091 Μαρσικὸν
991 1014 1354 1090 ὀνομασθέντα
1397 1015 1643 1090 πόλεμον
1688 1015 1774 1072 ἐπὶ
1815 1023 1915 1087 τῆς

256 1106 433 1160 αὑτοῦ
465 1105 511 1140 ¹⁰
565 1103 788 1175 ἡλικίας
847 1102 1127 1179 Διόδωρος
1185 1105 1400 1178 μείζονα
1454 1107 1667 1161 πάντων
1698 1107 1741 1146 ίι
1808 1111 1914 1162 τῶν

255 1193 680 1271 προγεγονότων
738 1193 1119 1273 ἀποφαίνεται.
1189 1194 1526 1269 Ὠνομάσθαι
1581 1193 1638 1250 δέ
1704 1197 1915 1274 φησι¹²

256 1284 538 1359 Μαρσικὸν
605 1281 664 1338 ἐκ
717 1287 826 1338 τῶν
877 1282 1152 1356 ἀρξάντων
1209 1284 1306 1352 τῆς
1372 1283 1742 1349 ἀποστάσεως,
1801 1282 1914 1338 ἐπεὶ

257 1373 571 1446 σύμπαντές
603 1393 664 1449 γε
707 1369 910 1427 Ἰταλοὶ
962 1372 1100 1428 κατά
1132 1371 1418 1444 Ῥωμαίων
1466 1377 1656 1427 τοῦτον
1697 1370 1917 1449 ἐξήνεγ-

255 1484 359 1519 καν
388 1463 480 1518 τὸν
513 1461 782 1536 πόλεμον.
818 1461 1002 1517 Αίτίαν
1035 1459 1092 1517 δὲ
1131 1463 1356 1536 πρώτην
1405 1461 1645 1538 γενέσθαι
1677 1467 1772 1517 τοῦ
1815 1485 1914 1519 πο-

257 1550 441 1627 λέμου
469 1554 531 1608 τὸ
585 1556 896 1626 μεταπεσεῖν
925 1550 1051 1615 τοὺς
1101 1551 1408 1625 Ῥωμαίους
1449 1551 1556 1606 ἀπὸ
1603 1559 1702 1622 τῆς
1755 1551 1916 1608 εὐτά-

260 1663 400 1699 κτου
430 1643 520 1697 καὶ
562 1640 721 1711 λιτῆς
767 1643 994 1718 ἂγωγῆς
1027 1642 1113 1697 καὶ
1167 1641 1483 1716 ἐγκρατοῦς,
1517 1639 1586 1696 δι’
1632 1644 1697 1710 ἧς
1748 1641 1833 1697 ἐπὶ
1867 1643 1913 1680 ¹³

258 1736 528 1788 τοσοῦτον
577 1733 916 1804 ηὐξήθησαν,
950 1732 1025 1794 εἰς
1075 1729 1323 1806 ὀλέθριον
1369 1729 1539 1801 ζῆλον
1577 1739 1787 1806 τρυφῆς
1829 1734 1915 1789 καὶ

265 1818 584 1882 ἀκολασίας.
634 1820 734 1876 Ἐκ
788 1820 893 1894 γὰρ
945 1827 1048 1889 τῆς
1106 1817 1403 1894 διαφθορᾶς
1447 1823 1491 1858 ¹⁴
1544 1819 1746 1890 ταύτης
1804 1842 1926 1877 στα-

267 1908 551 1972 σιάσαντος
601 1913 698 1964 τοῦ
748 1906 1054 1982 δημοτικοῦ
1101 1910 1236 1983 πρὸς
1283 1911 1385 1978 τὴν
1447 1908 1782 1986 σύγκλητον,
1815 1912 1925 1965 εἶτα

264 1997 482 2070 ἐκείνης
528 1996 996 2072 ἐπικαλεσαμένης
1021 1997 1149 2061 τοὺς
1175 1997 1234 2052 ἐκ
1273 2005 1376 2067 τῆς
1420 1997 1653 2060 Ἰταλίας
1699 1998 1926 2054 ἐπικου-

267 2092 457 2165 ρῆσαι,
489 2089 577 2144 καὶ
631 2088 1022 2163 ὑποσχομένης
1050 2095 1150 2157 τῆς
1197 2087 1572 2162 πολυεράστου
1613 2090 1926 2160 Ῥωμαῖκῆς

266 2178 552 2244 πολιτείας
603 2176 928 2252 μεταδοῦναι
968 2179 1058 2233 καὶ
1106 2179 1264 2252 νόμῳ
1306 2183 1568 2254 κυρῶσαι,
1621 2177 1734 2234 ἐπεὶ
1775 2177 1926 2236 οὐδὲν

265 2274 378 2326 τῶν
409 2269 810 2345 ὑπεσχημένων
849 2273 967 2330 τοῖς
1017 2267 1364 2332 Ἰταλιώταις
1407 2269 1641 2344 ἐγένετο,
1674 2270 1702 2324 ὁ
1750 2269 1799 2338 ἐξ
1834 2268 1925 2324 αύο

265 2364 376 2414 τῶν
411 2357 660 2432 πόλεμος
695 2361 831 2433 πρὸς
883 2357 1188 2431 Ῥωμαίους
1221 2357 1502 2429 ἐξεκαύθη,
1552 2358 1924 2414 ὑπατευόντων

279 2447 334 2504 ἐν
367 2451 436 2522 τῇ
466 2449 659 2522 Ῥώμη
712 2447 943 2503 Λευκίου
976 2447 1200 2524 Μάρκου
1229 2449 1277 2484 1⁵
1325 2447 1610 2503 Φιλίππου
1660 2449 1750 2502 καὶ
1800 2448 1929 2518 Σέξ-

269 2559 371 2594 του
404 2538 448 2575 ¹⁶
469 2535 710 2592 Ἰουλίου
742 2535 1053 2610 Ὀλυμπιὰς
1085 2535 1131 2592 δ’
1163 2538 1316 2615 ἤχθη
1342 2537 1386 2572 ¹⁷
1416 2537 1552 2613 πρὸς
1583 2542 1704 2600 ταῖς
1737 2537 1923 2593 ἑκατὸν

273 2623 678 2700 ἱϐδομήκοντα.
712 2626 798 2681 Ἐν
827 2629 1009 2698 τούτῳ
1038 2625 1118 2699 τῷ
1161 2625 1393 2698 πολέμῳ
1434 2625 1664 2681 ποικίλα
1693 2628 1780 2682 καὶ
1831 2648 1930 2681 πο-

274 2715 522 2789 λύτροπα
571 2715 716 2784 πάθη
771 2714 860 2768 καὶ
917 2713 1134 2770 πόλεων
1190 2714 1424 2776 ἀλώσεις
1483 2715 1718 2790 ἐκατέρῳ
1777 2715 1929 2788 μέρει

271 2807 384 2861 τῶν
411 2803 938 2876 διαπολεμησάντων
978 2798 1195 2873 συνέϐη,
1229 2801 1704 2877 ταλαντευομένης
1747 2802 1928 2878 ὥσπερ

269 2891 530 2963 ἐπίτηδες
587 2891 734 2964 παρά
795 2891 957 2967 μέρος
1005 2899 1105 2962 τῆς
1154 2893 1311 2962 νίκης
1359 2893 1449 2947 καὶ
1513 2891 1832 2968 μηδετέροις
1879 2891 1930 2948 ἐν

274 2979 484 3061 βεϐαίῳ
525 2979 889 3055 διαμενούσης
923 3000 936 3016 ’
979 2979 1133 3054 ὅμως
1181 2981 1410 3057 ἀπείρου
1457 2984 1705 3052 πλήθους
1744 2982 1929 3037 ὲκατέ-
1961 3019 2002 3085 C

268 3074 444 3148 ρωθεν
492 3074 777 3139 πεσόντος,
829 3071 929 3144 ὀψὲ
968 3071 1055 3125 καὶ
1111 3068 1276 3144 μόλις
1327 3070 1623 3146 Ῥωμαίοις
1661 3070 1931 3145 ἐξενίκησε

272 3156 648 3238 βεϐαιωθῆναι
708 3161 770 3214 τὸ
828 3160 1046 3234 κράτος.
1109 3159 1451 3233 Ἐπολέμουν
1520 3159 1576 3216 δὲ
1637 3161 1929 3235 Ῥωμαίοις

269 3255 546 3319 Σαυνῖται,
588 3247 911 3306 Ἀσκολανοὶ
945 3249 1011 3321 ¹⁸,
1045 3249 1330 3319 Λευκανοὶ,
1364 3249 1691 3320 Πικεντηνοὶ
1724 3251 1925 3319 ¹⁹,Νω-

271 3340 432 3398 λανοὶ
463 3340 551 3394 καὶ
579 3337 760 3414 ἕτεραι
791 3336 982 3402 πόλεις
1010 3340 1102 3394 καὶ
1134 3333 1260 3410 ἔθνη
1294 3359 1308 3374 ο
1341 3337 1394 3394 ἐν
1427 3341 1514 3401 οἷς
1543 3339 1925 3413 ἐπισημοτάτη

273 3430 367 3486 καὶ
425 3429 656 3506 μεγίστη
715 3428 806 3484 καὶ
853 3430 1012 3498 κοινή
1072 3427 1236 3488 πόλις
1296 3425 1416 3503 ἄρτι
1476 3427 1926 3506 συντετελεσμένη

275 3524 393 3581 τοῖς
440 3517 782 3580 Ἰταλιώταις
814 3519 877 3573 τὸ
931 3517 1218 3596 Κορφίνιον
1257 3518 1342 3589 ἦν,
1384 3515 1435 3572 ἐν
1481 3519 1519 3589 ᾗ
1557 3503 1622 3573 τά
1664 3538 1722 3573 τε
1760 3516 1927 3588 ἄλλα,

279 3610 382 3664 ὅσα
415 3606 656 3683 μεγάλην
710 3606 874 3662 πόλιν
917 3605 1006 3661 καὶ
1054 3605 1234 3680 ἀρχὴν
1273 3607 1618 3682 κρατύνουσι,
1670 3609 1928 3678 συνεστή⁴

282 3719 442 3754 σαντο
473 3697 562 3753 καὶ
613 3696 814 3771 ἀγορὰν
867 3695 1134 3771 εὐμεγέθη
1167 3697 1257 3750 καὶ
1311 3697 1438 3769 [639
1635 3694 1931 3770 βουλευτή-

284 3808 426 3865 ριον,
451 3787 543 3842 καὶ
571 3787 636 3842 τὰ
676 3784 823 3841 ἄλλα
853 3786 921 3841 τὰ
958 3785 1094 3860 πρὸς
1133 3782 1380 3858 πόλεμον
1423 3784 1669 3864 ἀφθόνως
1700 3784 1931 3856 ἅπαντα,

283 3878 377 3933 καὶ
435 3877 741 3952 χρημάτων
791 3873 1029 3945 πλῆθος,
1077 3874 1168 3929 καὶ
1215 3879 1425 3950 τροφῆς
1481 3870 1686 3948 δαψιλῆ
1750 3893 1930 3949 γορη-

283 3965 428 4042 γίαν.

361 4056 767 4126 Συνεστήσαντο
799 4053 857 4111 δὲ
883 4053 972 4110 καὶ
1005 4053 1310 4132 σύγκλητον
1363 4053 1552 4122 κοινήν
1581 4054 1629 4089 ²⁰
1672 4072 1929 4108 πεντακο-

285 4147 420 4201 σίων
451 4143 685 4218 ἀνδρῶν,
718 4144 767 4214 ἐξ
817 4145 889 4199 ὧν
920 4141 974 4199 οἵ
1014 4165 1073 4199 τε
1114 4151 1215 4214 τῆς
1246 4141 1506 4218 πατρίδος
1555 4141 1741 4218 ἄρχειν
1793 4141 1931 4212 ἄξιοι

282 4235 730 4310 προαχθήσεσθαι
758 4229 998 4304 ἔμελλον
1029 4233 1120 4288 καὶ
1151 4233 1203 4287 οἱ
1253 4228 1717 4307 προϐουλεύεσθαι
1749 4233 1793 4268 εί
1839 4229 1931 4287 δυ-

2195 931 2280 985 Ex
2307 931 2448 986 libro
2477 945 2665 985 xxxvu
2697 932 2748 984 et
2777 945 2875 984 vm
2906 933 2958 984 et
2987 929 3115 984 aliis
3135 928 3500 1000 sequentibus.

2095 1020 2189 1075 Ait
2219 1019 2506 1076 Diodorus
2536 1018 2755 1074 bellum
2779 1018 2930 1088 quod
2955 1018 3168 1074 dicitur
3200 1017 3530 1086 Marsicum,
3565 1033 3668 1073 sua

2024 1115 2191 1168 (etate
2221 1108 2443 1165 caeteris
2473 1107 2954 1164 antecedentibus
3004 1108 3196 1178 majus
3241 1123 3406 1162 esse:
3442 1111 3499 1162 et
3543 1107 3671 1163 ideo

2023 1203 2096 1259 ab
2142 1197 2478 1256 auctoribus
2510 1196 2842 1253 rebellionis
2874 1196 3188 1252 Marsicum
3229 1196 3670 1252 denominatum

2023 1306 2171 1346 esse.
2223 1286 2525 1359 Siquidem
2575 1285 2702 1341 Itali
2743 1301 2944 1341 omnes
2989 1285 3265 1340 Romanis
3316 1284 3528 1340 bellum
3566 1284 3674 1340 hoc

2024 1378 2374 1436 intulerunt.
2419 1375 2564 1433 Belli
2624 1391 2800 1431 causa
2841 1375 3030 1446 prima
3082 1375 3212 1442 fuit,
3245 1374 3382 1445 quia
3428 1374 3673 1430 Romani

2023 1467 2362 1542 compositis
2418 1466 2748 1538 sobriisque
2789 1469 2846 1522 et
2904 1465 3341 1522 continentibus
3391 1466 3675 1535 moribus,

2025 1577 2128 1632 per
2156 1575 2304 1632 quos
2337 1561 2636 1628 tantopere
2666 1556 3076 1625 creverant,ad
3103 1555 3493 1626 perniciosum
3527 1555 3676 1611 deli-

2025 1650 2243 1706 ciarum
2274 1651 2330 1704 et
2349 1645 2810 1716 intemperantiae
2834 1645 3096 1701 studium
3121 1645 3507 1700 desciverunt.
3527 1645 3672 1702 Nam

2035 1739 2107 1795 ob
2133 1739 2284 1793 hanc
2305 1735 2689 1808 corruptelam
2729 1739 2855 1790 orta
2877 1733 3063 1806 plebis
3101 1735 3378 1790 adversus
3411 1738 3676 1790 senatum

2034 1827 2341 1892 seditione,
2376 1841 2510 1881 cum
2560 1825 2770 1881 deinde
2805 1827 3042 1880 senatus
3069 1823 3344 1880 Italorum
3376 1840 3541 1894 opem
3574 1824 3680 1878 im-

2035 1916 2340 1988 plorasset,
2373 1921 2427 1970 et
2465 1913 2546 1969 eis
2597 1917 2860 1985 optatum
2893 1913 3037 1969 illud
3080 1913 3356 1970 Romanae
3389 1914 3574 1968 σου)
3597 1913 3681 1969 ci-

2034 2005 2234 2064 vitatis
2257 2005 2354 2075 jus
2388 2002 2684 2072 pollicitus
2713 2003 2937 2070 fuisset,
2963 2003 3139 2074 idque
3170 2019 3232 2058 se
3263 2001 3388 2073 lege
3421 2003 3677 2059 sancitu-

2035 2111 2167 2150 rum
2217 2091 2605 2164 promisisset,
2652 2108 2786 2148 cum
2841 2092 3261 2164 promissorum
3319 2092 3465 2146 nihil
3523 2091 3680 2147 Italis

2036 2184 2430 2253 praestaretur,
2451 2179 2664 2234 exarsit
2691 2195 2759 2234 ex
2780 2178 2898 2234 illis
2932 2177 3150 2235 bellum
3184 2179 3456 2234 adversos
3481 2178 3682 2232 Roma-

2038 2288 2168 2338 nos,
2199 2271 2393 2326 Romae
2439 2267 2811 2324 consulatum
2865 2268 3196 2338 gerentibus
3244 2266 3414 2323 Lucio
3474 2266 3682 2322 Marcio

2040 2361 2331 2434 Philippo,
2363 2365 2421 2417 et
2451 2364 2619 2415 Sexto
2653 2358 2826 2426 Julio,
2853 2357 3188 2431 Olympiade
3228 2374 3408 2429 supra
3437 2357 3684 2414 centesi-

2038 2465 2194 2505 mam
2238 2447 2662 2521 septuagesima
2708 2446 2986 2502 secunda.
3023 2448 3084 2500 In
3131 2444 3238 2500 hoc
3284 2443 3434 2499 bello
3473 2445 3689 2500 diversi

2037 2537 2304 2608 variique
2359 2553 2532 2593 casus
2574 2542 2629 2590 et
2668 2535 2904 2589 urbium
2951 2532 3404 2604 expugnationes
3455 2533 3689 2603 utrique

2038 2626 2381 2682 bellantium
2427 2624 2577 2696 parti
2621 2622 3005 2692 contigerunt,
3050 2625 3289 2677 nutante
3346 2620 3508 2691 quasi
3560 2619 3692 2674 data

2037 2733 2214 2788 opera
2240 2715 2300 2771 in
2337 2719 2647 2785 utramque
2677 2717 2895 2785 partem
2915 2712 3172 2780 victoria,
3197 2719 3249 2768 et
3297 2711 3520 2767 neutris
3573 2718 3688 2768 sta-

2038 2806 2141 2862 bili
2173 2808 2566 2876 permanente.
2583 2803 2804 2858 Tamen
2830 2805 3136 2873 postquam
3171 2801 3445 2872 utrinque
3475 2801 3686 2856 cecidit

2038 2895 2328 2950 immensa
2383 2892 2689 2948 hominum
2738 2891 3071 2959 multitudo,
3113 2907 3241 2947 sero
3281 2895 3338 2945 et
3385 2905 3533 2962 aegre
3572 2895 3682 2946 Ro-

2041 2985 2202 3040 mani
2243 2982 2544 3040 victoriam
2591 2981 2811 3053 adepti,
2843 2981 3044 3036 ﬁrmas
3092 2981 3240 3036 vires
3285 2981 3684 3037 obtinuerunt.

2042 3071 2470 3144 Oppugnabant
2500 3074 2694 3127 autem
2729 3070 3024 3126 Romanos
3054 3069 3366 3137 Samnites,
3389 3068 3684 3132 Asculani,

2041 3160 2608 3230 Lucani,Picentini,
2631 3160 2854 3226 Nolani,
2885 3163 2942 3216 et
2973 3159 3098 3215 alias
3133 3159 3304 3215 urbes
3337 3164 3513 3232 atque
3543 3175 3688 3230 gen-

2040 3260 2145 3322 tes,
2174 3253 2231 3308 in
2255 3252 2473 3325 quibus
2503 3258 2623 3308 erat
2643 3251 3045 3308 illustrissima
3073 3255 3131 3308 et
3153 3251 3410 3307 maxima
3440 3255 3497 3306 et
3523 3266 3689 3307 com-

2040 3343 2234 3399 munis
2264 3343 2406 3398 urbs
2439 3358 2622 3412 nuper
2652 3341 2724 3397 ab
2762 3340 2923 3396 Italis
2959 3341 3210 3412 perfecta
3249 3339 3589 3409 Corfinium,
3624 3341 3684 3395 in

2040 3449 2156 3503 qua
2179 3449 2312 3488 cum
2335 3435 2541 3489 caetera
2574 3447 2701 3503 qua
2745 3446 3017 3504 magnam
3049 3431 3251 3487 urbem
3285 3435 3342 3486 et
3371 3431 3682 3502 imperium

2039 3522 2411 3592 conﬁrmant,
2443 3521 2891 3587 constituerunt,
2913 3525 3038 3576 tum
3061 3520 3250 3576 forum
3279 3535 3683 3594 permagnum,

2040 3619 2093 3668 et
2122 3611 2374 3680 curiam,
2405 3615 2461 3667 et
2490 3619 2694 3668 cetera
2732 3611 2928 3668 omnia
2975 3611 3043 3666 ad
3095 3609 3316 3666 bellum
3362 3610 3690 3667 necessaria

2040 3701 2291 3772 copiose,
2329 3703 2386 3755 et
2433 3701 2687 3770 pecuniae
2736 3697 3196 3766 multitudinem,
3239 3701 3296 3753 et
3338 3698 3688 3754 cibariorum

2038 3789 2268 3862 largum
2292 3791 2709 3846 commeatum.

2113 4056 2550 4113 Constituerunt
2589 4058 2645 4112 et
2687 4058 2956 4112 senatum
2982 4069 3200 4110 novum
3231 4051 3683 4124 quingentorum

2039 4146 2320 4213 virorum,
2344 4160 2412 4200 ex
2435 4145 2649 4217 quibus
2673 4144 2772 4216 qui
2809 4143 3001 4215 patria).
3024 4141 3265 4214 imperio
3283 4141 3446 4212 digni
3468 4146 3686 4211 essent,

2041 4236 2524 4306 producerentur,
2556 4240 2611 4290 et
2653 4234 2750 4304 qui
2789 4233 2860 4289 de
2899 4231 3198 4288 communi
3231 4229 3422 4286 salute
3450 4229 3692 4286 consul-

280 4327 504 4400 νάμενοι
542 4322 666 4398 περὶ
715 4330 815 4393 τῆς
863 4329 1055 4392 κοινῆς
1105 4322 1399 4397 σωτηρίας.
1434 4324 1531 4377 Καὶ
1569 4323 1784 4384 τούτοις
1836 4323 1924 4378 ἐπ-

2039 4330 2162 4381 tare
2194 4329 2452 4396 possent,
2475 4323 2664 4394 iisque
2686 4321 2822 4378 belli
2851 4337 3049 4377 curam
3079 4321 3449 4388 mandarunt,
3476 4335 3695 4376 summa

280 4416 508 4490 έτρεψαν
541 4415 587 4450 ²²
612 4414 682 4469 τὰ
707 4412 845 4468 κατὰ
889 4416 982 4468 τὸν
1012 4411 1258 4486 πόλεμον
1310 4409 1553 4480 διοικεῖν,
1585 4413 1929 4486 αὐτοκράτο-

281 4524 376 4581 ρας
406 4505 734 4574 ποιήσαντες
773 4500 901 4564 τοὺς
952 4499 1258 4577 συνέδρους.
1292 4501 1455 4557 Οὗτοι
1505 4499 1550 4556 δ’
1599 4500 1929 4575 ἐνομοθέτη-

279 4604 375 4650 σαν
409 4591 505 4650 δύο
541 4593 636 4667 μὲν
678 4591 921 4655 ὑπάτους
961 4592 1078 4648 κατ’
1109 4590 1349 4646 ἐνιαυτὸν
1399 4591 1687 4666 αἱρεῖσθαι,
1720 4589 1930 4647 δώδεκα

278 4683 338 4741 δὲ
368 4684 732 4761 στρατηγούς.
769 4683 867 4738 Καὶ
915 4682 1320 4751 κατεστάθησαν
1377 4682 1574 4736 ὕπατοι
1626 4682 1721 4756 μὲν
1770 4682 1930 4737 Κόϊν-

282 4795 381 4836 τος
422 4770 770 4847 Πομπαίδιος
811 4771 1017 4843 Σίλων,
1059 4773 1279 4847 Μάρσος
1329 4771 1425 4844 μὲν
1457 4773 1519 4826 τὸ
1555 4771 1732 4848 γένος,
1774 4793 1930 4847 πρω-

277 4861 450 4920 τεύων
481 4859 540 4918 δὲ
574 4865 683 4917 τῶν
714 4861 1010 4934 ὁμοεθνῶν,
1042 4861 1133 4915 καὶ
1165 4857 1412 4935 δεύτερος
1443 4858 1502 4914 ἐκ
1530 4863 1626 4916 τοῦ
1657 4865 1928 4916 Σαυνιτῶν

278 4952 465 5029 γένους
499 4949 657 5013 Γάϊος
700 4951 972 5015 Ἀπώνιος
1019 4949 1296 5019 Μότυλος,
1327 4951 1417 5004 καὶ
1465 4949 1624 5012 αὐτὸς
1667 4947 1794 5025 δόξῃ
1841 4951 1930 5005 καὶ

276 5044 500 5119 πράξεσι
529 5045 628 5098 τοῦ
660 5039 850 5104 ἔθνους
878 5039 1158 5120 προέχων.
1189 5041 1300 5111 Τήν
1329 5035 1374 5095 δ’
1415 5037 1554 5112 ὅλην
1586 5037 1820 5096 Ἰταλίαν
1853 5039 1930 5102 εἷς

2041 4419 2326 4487 potestate
2357 4413 2803 4471 concessoribus
2828 4411 3132 4485 permissa.
3159 4411 3225 4467 Hi
3249 4411 3408 4484 leges
3433 4412 3693 4468 tulerunt

2042 4510 2105 4560 ut
2126 4506 2239 4561 duo
2271 4503 2544 4561 consules
2575 4505 2891 4576 quotannis
2923 4506 3277 4569 crearentur,
3302 4506 3358 4558 et
3379 4501 3688 4558 duodecim

2039 4595 2236 4651 duces.
2255 4592 2535 4650 Consules
2549 4591 2728 4650 creati
2750 4598 2890 4648 sunt
2905 4591 3153 4660 Quintus
3168 4591 3529 4663 Pompasdius
3545 4591 3683 4658 Silo,

2039 4685 2271 4742 natione
2304 4683 2555 4750 Marsus,
2579 4687 2635 4738 et
2675 4698 2792 4738 suae
2829 4681 3019 4753 gentis
3071 4680 3407 4750 primarius.
3432 4679 3588 4736 Alter
3618 4696 3686 4735 ex

2040 4773 2372 4830 Samnitum
2411 4789 2620 4844 genere
2674 4771 2848 4827 Caius
2906 4769 3170 4842 Aponius
3237 4769 3514 4836 Motulus,
3561 4770 3688 4839 ipse

2039 4879 2270 4935 quoque
2307 4861 2496 4935 gloria
2525 4861 2812 4934 rebusque
2841 4859 3020 4934 gestis
3055 4876 3174 4916 suae
3205 4859 3397 4930 gentis
3445 4857 3694 4914 clarissi-

2042 4968 2190 5009 mus.
2215 4952 2282 5007 Et
2316 4955 2436 5008 tota
2475 4951 2639 5008 Italia
2668 4952 2725 5007 in
2759 4955 2954 5023 partes
2994 4950 3140 5006 duas
3171 4948 3378 5016 divisa,
3410 4961 3509 5002 eas
3552 4963 3692 5004 con-

2043 5041 2265 5098 sulares
2296 5041 2668 5114 praefecturas
2703 5045 2878 5114 atque
2907 5043 3103 5113 partes
3145 5037 3592 5095 constituerunt.
3628 5037 3695 5093 Et

1647 5165 1890 5224 VARUE
1933 5168 2336 5225 LECTIONES.

351 5267 376 5302 ⁸
405 5265 851 5342 ῖνπεράτορα-ςᾏ
929 5267 951 5302 ³
980 5263 1368 5342 βαειλέαμοω.
1404 5266 1576 5342 pr._A
1609 5280 1622 5319 :
1658 5264 1716 5342 iAn
1731 5269 2195 5342 _quo_po_st-ea_m
2227 5282 2422 5342 vocem
2454 5265 2616 5322 vacui
2651 5269 2790 5342 s_unt
2819 5281 3026 5342 versus
3054 5264 3089 5320 3
3117 5265 3262 5342 t/2_._
3316 5261 3560 5342 mntiri;
3592 5266 3679 5342 A_t.

274 5341 316 5376 “
353 5335 575 5394 πάντων
609 5335 700 5394 Βέ
733 5335 1104 5411 ἁπάντων
1149 5410 1155 5411 γ
1207 5335 1421 5411 “pater

1647 5334 1786 5410 “se
1843 5334 1936 5408 μὶν
1965 5334 2054 5410 ἐπί
2086 5335 2169 5410 ς.

2275 5339 2320 5374 ¹⁴
2348 5333 2613 5414 διαφορᾷς
2833 5337 2878 5374 ¹⁵
2909 5334 3156 5414 Μάρκῳ]
3209 5335 3475 5414 Μαρτίου
3503 5335 3677 5414 scali-

309 5429 392 5468 er.
479 5412 522 5446 ³⁸
551 5411 785 5483 Σέξστου
983 5376 1231 5501 1⁷δῆγιθη]
1263 5393 1414 5482 ἤχθη
1448 5376 1497 5474 ἦ,
1596 5376 1880 5480 διιαηὲοιείυ
1955 5410 1997 5445 ¹⁸
2040 5376 2358 5463 ’Λῖκαλανοί
2387 5376 2476 5466 Af
2518 5376 2922 5479 ἷῖΩἿῘιῗθκεντηνοί
2955 5376 3037 5463 Br:
3083 5376 3381 5463 HIJXEV‘H‘SOl
3537 5408 3580 5442 ²⁰
3609 5406 3679 5463 li-

268 5430 362 5542 gri
397 5483 618 5542 καινήν.
699 5481 745 5518 ’ί
775 5476 1276 5542 παραϐουλτυεσθαι
1309 5486 1372 5539 Β.
1450 5479 1497 5514 ²²
1539 5476 1854 5542 ἐπέτρεψαν]
1885 5476 2272 5542 ἐπιτρέψαντες
2305 5485 2371 5537 Α.

312 5483 362 5540 ri
397 5476 648 5554 καινήν.’
699 5481 745 5518 ’ί
775 5476 1372 5556 πᾶραϐουλιύεσθάιῧ.
1405 5476 1412 5478 ﬁ
1450 5479 1497 5514 ²²
1519 5476 1854 5553 έπέτρεψὶω]
1885 5476 2272 5554 ἐπιτρέψαντες
2305 5485 2371 5537 Α.

1855 5595 2081 5652 NOTAE.

351 5708 468 5780 (71)
498 5705 643 5765 Vide
675 5705 738 5762 P.
768 5704 1118 5774 Valtrinum,
1146 5703 1315 5762 initio
1338 5703 1438 5760 lib.
1472 5704 1578 5763 ult.
1610 5706 1684 5763 De
1712 5705 1924 5763 militia
1957 5706 2352 5761 Romanorum.
