2004 3225
194 127 270 158 1431

798 124 932 155 PHOTII
954 124 1218 156 PATRIARCHE
1239 126 1297 157 (ΞΡ.

1836 125 1925 156 1432

193 196 364 232 Ροιῃρεεᾶίο
379 195 494 231 quidem
503 194 651 230 regionem
662 194 850 230 assignarunt
865 194 900 221 ab
910 202 943 222 eo
955 193 1010 221 loc:

1077 191 1125 220 δύο
1153 192 1221 230 μέρη
1252 191 1385 223 διελόντες
1412 192 1543 224 ὑπατικὰς
1570 191 1706 230 ἐπαρχίας
1736 193 1852 223 ταύτας
1880 193 1926 220 καί

202 240 251 276 qui
266 240 381 268 Cercola
397 239 569 275 appellatur,
582 247 676 275 usque
687 239 719 266 ad
736 238 918 266 Adriaticum
931 246 1019 271 mare,

178 276 180 279 ”
195 293 246 313 eos
264 287 375 312 tractus
392 284 443 321 qui
466 285 501 312 ad
518 292 653 312 occasum
680 286 708 312 et
722 283 936 320 septentriones
957 291 1022 311 ver-

193 332 276 366 gunt,
287 331 315 357 et
326 329 415 357 duces
431 330 455 357 ei
471 337 521 357 sex
530 330 737 357 attribuerunt.
753 328 905 364 Reliquum
919 328 1016 362 Italiae,

191 373 324 402 videlicet
351 382 415 402 eam
436 376 558 410 partem,
581 382 642 410 quas
660 376 770 409 spectat
785 374 819 401 ad
836 374 975 401 orientem
990 375 1018 401 et

193 418 357 451 meridiem,
376 418 567 454 assignarunt
591 419 657 446 Caio
683 418 803 451 Motulo,
825 418 970 453 adjunctis
992 418 1018 445 ei

191 463 290 491 itidem
306 471 355 490 sex
377 463 511 491 ducibus.
528 464 629 499 Itaque
646 466 801 498 postquam
820 471 908 490 suum
924 463 1017 498 impe-

193 508 267 536 rium
283 510 310 536 et
334 509 433 536 omnia
458 508 541 542 scite,
566 512 602 541 et,
620 511 652 536 ut
668 508 837 536 summatim
858 508 964 542 dicam,
980 508 1017 535 ad

191 552 386 581 imitationem
404 553 526 581 Romani
542 555 570 581 et
591 553 702 588 antiqui
720 553 830 580 ordinis
847 560 1017 588 composue-

193 599 273 630 runt,
295 597 430 634 deinceps
456 598 659 626 vehementius
689 598 786 625 futuro
810 597 885 625 bello
901 598 1017 625 incum-

192 642 310 677 bebant,
331 650 399 670 cum
421 642 537 677 quidem
567 642 680 670 Italiam
706 650 889 670 communem
917 642 1016 671 urbem

193 687 289 715 892a
302 689 532 723 nuncupassent,
559 689 587 715 et
608 687 648 715 ita
671 687 781 715 bellum
807 695 921 722 gessere
950 695 1016 715 cum

193 731 341 765 Romanis,
360 736 390 759 ut
415 731 543 759 maxima
558 739 592 759 ex
611 733 692 766 parte
718 731 824 759 fuerint
843 731 1015 767 superiores,

193 777 285 804 donec
300 776 406 804 Cneius
419 776 575 812 Pompeius
591 776 733 804 consulet
749 775 816 804 belli
828 776 885 810 dux
896 775 1015 812 electus,

192 822 221 848 et
237 820 318 848 Sulla
333 821 390 848 dux
405 821 456 848 sub
469 819 557 848 altero
572 822 691 848 consule
706 819 1017 853 Catone,nobilissimis

192 865 298 901 prasliis
314 865 401 893 Italos
417 873 474 893 non
486 865 585 898 semel,
605 865 654 893 sed
671 865 775 900 saepius
791 865 943 899 vincendo,
956 865 1016 893 illo-

190 918 254 939 rum
271 918 316 938 res
336 918 369 938 eo
385 910 566 945 redegerunt,
582 912 612 937 ut
628 909 783 946 proﬂigate
795 910 913 939 fuerint.
926 910 1016 945 Igilur

190 963 248 983 non
269 955 398 991 amplius
418 954 574 989 bellaruut,
590 954 639 982 sed
656 953 723 982 Caio
739 954 870 982 Coscinio
887 955 915 982 in
932 955 1016 991 iapy-

189 1000 267 1035 giam
278 999 353 1027 duce
364 999 466 1033 misso,
475 1007 551 1034 serpe
559 999 628 1026 victi
644 1001 812 1034 sunt,atque
823 999 862 1027 ita
874 1000 1014 1035 superati,

190 1047 216 1071 et
232 1052 266 1071 ex
290 1043 392 1071 multis
412 1043 497 1078 pauci
517 1043 619 1077 relicti,
632 1044 780 1071 communi
800 1044 943 1072 sententia
966 1052 1016 1072 no-

190 1095 257 1115 vam
273 1088 412 1115 deserunt
432 1088 532 1115 urbem
548 1087 718 1122 Corfinium,
735 1088 869 1123 quoniam
887 1088 971 1116 Marsi
988 1090 1016 1116 et

196 1139 298 1160 omnes
321 1131 453 1159 finitima!
476 1134 578 1167 gentes
604 1131 784 1160 desciverant
806 1133 839 1160 ad
857 1132 1013 1160 Romanos.

193 1176 389 1205 Consederuut
405 1178 502 1204 autem
523 1176 553 1203 in
573 1177 705 1205 Esernia
719 1177 894 1210 Samnitum,
910 1177 1014 1205 creatis

193 1221 247 1249 sibi
261 1221 388 1257 quinque
406 1221 539 1255 ducibus,
557 1229 680 1257 quorum
702 1221 752 1248 uni
770 1222 894 1249 maxime
908 1222 1014 1255 Quinto

192 1266 355 1301 Pompasdio
372 1266 463 1294 Siloni
486 1266 619 1293 omnium
644 1266 799 1302 imperium
819 1267 1013 1300 crediderunt,

191 1314 309 1347 propter
328 1312 392 1347 ejus
407 1311 569 1346 imperandi
587 1311 723 1338 virtutem
742 1315 827 1347 atque
839 1311 972 1347 gloriam.
988 1313 1013 1339 Is

189 1357 224 1384 de
240 1356 389 1384 communi
410 1356 518 1384 ducum
535 1356 681 1384 sententia
703 1364 841 1392 magnum
857 1357 1013 1386 exercitum

187 1401 376 1437 comparavit,
402 1401 474 1428 adeo
499 1405 530 1428 ut
550 1401 730 1436 universum,
747 1409 811 1429 cum
828 1401 864 1429 iis
888 1401 937 1437 qui
950 1402 1011 1437 jam

186 1448 278 1480 erant,
299 1446 386 1474 fuerit
414 1446 528 1474 circiter
549 1446 668 1482 triginta
692 1445 795 1474 millia.
824 1447 932 1475 Preter
959 1446 1012 1475 hos

185 1491 372 1527 congregavit
387 1490 473 1518 etiam
487 1498 594 1524 servos,
612 1500 628 1518 a
645 1499 675 1519 se
685 1491 817 1519 libertate
834 1492 967 1526 donatos,
984 1493 1012 1519 et

184 1538 217 1563 ut
232 1537 349 1570 tempus
361 1535 470 1562 ferebat
483 1537 613 1562 armatos
630 1544 686 1563 non
698 1535 790 1563 multo
802 1536 953 1572 pauciores
963 1536 1010 1564 de-

184 1587 246 1607 cem
267 1578 409 1613 millibus,
422 1581 449 1606 et
470 1579 582 1614 equites
598 1579 689 1607 mille.
700 1581 739 1607 Ac
755 1580 853 1615 praelio
874 1588 940 1608 cum
956 1580 1010 1608 Ro-

184 1622 280 1650 manis
302 1630 488 1658 congressus,
509 1631 634 1657 quorum
664 1623 723 1650 dux
750 1626 811 1651 erat
832 1624 1005 1658 Mamercus,

185 1667 331 1694 Romanos
353 1674 458 1702 paucos
479 1666 625 1701 interﬁcit,
647 1669 674 1694 et
698 1675 819 1695 suorum
847 1676 935 1703 supra
957 1677 1008 1696 sex

184 1709 277 1738 millia
292 1709 407 1737 amittit.
423 1710 476 1737 Per
486 1709 563 1737 idem
579 1712 695 1746 tempus
710 1711 843 1739 Metellus
858 1712 887 1739 in
902 1713 1007 1748 Apulia

183 1754 352 1789 Venusiam,
368 1755 470 1782 urbem
487 1754 557 1782 satis
574 1762 723 1790 magnam,
739 1757 767 1783 et
778 1755 887 1784 milites
900 1757 1005 1786 mullos

183 1799 350 1833 habentem,
368 1799 556 1835 expugnavit,
567 1801 595 1826 et
613 1799 768 1835 plusquam
784 1800 839 1828 tria
855 1801 944 1829 millia
959 1810 1006 1830 ca-

181 1844 324 1880 ptivorum
342 1843 558 1879 cepit.Jamque
574 1844 777 1880 superantibus
792 1845 823 1873 in
835 1845 896 1874 dies
913 1847 1007 1882 magis

181 1889 333 1924 magisque
357 1888 504 1924 Romanis,
527 1888 647 1916 mittunt
671 1888 735 1916 Itali
755 1890 790 1917 ad
808 1890 1004 1919 Mithridatem

182 1941 278 1969 regem
296 1933 390 1967 Ponti,
408 1933 564 1969 pollentem
590 1936 660 1961 tunc
678 1933 779 1962 bellica
806 1943 894 1963 manu
918 1938 1006 1972 atque

183 1980 336 2014 apparatu,
354 1980 484 2014 petentes
501 1978 570 2005 utin
582 1978 692 2006 Italiam
702 1980 842 2007 adversus
858 1979 1005 2009 Romanos

183 2023 337 2051 adduceret
352 2023 459 2059 copias,
477 2023 515 2050 ita
535 2022 610 2050 enim
632 2023 716 2051 facile
731 2025 895 2059 conjunctis
915 2026 1005 2061 copiis

184 2075 270 2103 posse
304 2067 501 2095 Romanorum
536 2067 611 2095 vires
634 2067 793 2096 deturbari.
824 2069 1005 2097 Mithridates

183 2120 355 2148 responsum
377 2114 435 2146 dat,
457 2113 615 2141 ducturum
649 2121 679 2142 se
711 2114 807 2149 copias
828 2114 857 2142 in
880 2114 1004 2150 Italiam,

1034 842 1054 874 Β

183 2159 338 2202 postquam
362 2157 459 2185 Asiam
484 2157 641 2193 subegerit,
659 2158 687 2186 id
703 2158 781 2186 enim
797 2159 910 2195 agebat.
927 2159 1006 2187 Hanc
1022 2169 1045 2202 Ι)

182 2201 218 2228 ob
235 2208 295 2228 rem
321 2209 442 2236 prorsus
466 2202 563 2237 rejecti
580 2202 764 2230 rebellatores
786 2204 1007 2239 despondebaut

182 2245 306 2274 animos.
335 2246 421 2273 Erant
443 2246 520 2274 enim
547 2245 652 2282 reliqui
678 2246 841 2275 Samnitum
864 2248 957 2283 pauci.
981 2253 1007 2276 et

182 2289 288 2318 Sabelli
304 2290 381 2318 Nolae
393 2291 540 2326 degentes,
558 2296 586 2319 et
601 2293 703 2327 praeter
718 2292 770 2320 hos
786 2293 964 2328 Lamponius
979 2296 1008 2321 et

182 2335 320 2371 Cleptius,
347 2335 486 2363 habentes
515 2336 695 2364 Lucanorum
727 2337 875 2373 reliquias.
906 2338 1006 2374 Itaque

183 2380 304 2408 Marsico
336 2380 412 2409 bello
432 2381 491 2415 jam
515 2381 572 2408 fere
596 2380 786 2415 exolescente,
808 2382 902 2410 89211
918 2390 1004 2418 supe-

183 2425 267 2453 rioris
281 2425 422 2462 temporis
441 2425 599 2453 seditiones
619 2426 719 2454 civiles
730 2426 827 2455 Romae
838 2435 928 2455 novos
944 2435 1004 2456 mo-

183 2473 229 2498 tus
240 2470 395 2505 faciebant,
409 2470 508 2499 multis
519 2470 682 2499 illustribus
692 2471 761 2499 viris
772 2472 1003 2508 belliimperium

184 2516 322 2543 adversus
344 2515 542 2543 Mithridatem
571 2516 780 2550 ambientibus,
798 2520 913 2553 propter
933 2525 1003 2552 prae-

184 2558 309 2587 miorum
332 2559 573 2596 magnitudinem.
596 2560 667 2588 Nam
695 2562 723 2589 et
746 2561 830 2589 Caius
849 2561 955 2597 Julius,
975 2564 1004 2590 et

183 2603 269 2631 Caius
284 2604 404 2640 Marius,
413 2605 437 2633 is
446 2605 496 2641 qui
508 2605 601 2634 sexies
611 2605 796 2634 consulatum
808 2608 946 2642 gesserat,
959 2607 1002 2635 in-

850 2669 969 2697 νΑιιΙίΕ

219 2718 243 2736 2³
258 2718 445 2757 ὀνομάσαντες
455 2720 496 2757 ς.
517 2720 643 2757 ²⁴ᾹΣύλας
659 2723 691 2749 Α.
714 2722 737 2740 ²⁵
755 2721 828 2757 ἐπιφ.

220 2732 241 2736 --
258 2732 438 2755 υνυμασαντες
455 2732 474 2757 ε
488 2739 496 2748 .
517 2732 539 2738 -ν
555 2732 643 2752 suum:
659 2732 691 2749 Α.
715 2732 737 2740 ··’
755 2732 797 2749 επι
822 2744 827 2750 .

184 2754 209 2794 ξξ
224 2755 318 2794 καινήν
426 2756 461 2794 -δίξ
474 2755 675 2794 καθιδρύθησαν
693 2761 711 2785 Β
725 2767 731 2787 :
748 2732 827 2786 meis

185 2791 210 2808 "
227 2789 379 2826 ἔχονοανἈ
397 2799 404 2819 :
421 2789 569 2827 ἀνέχουσαν
584 2789 625 2829 ςξ

830 2768 911 2795 ρυσαν
922 2758 968 2795 .

664 2794 686 2812 ιε
701 2794 779 2822 ιῖλον
797 2794 838 2831 ς;

238 3115 244 3117 -
302 3106 732 3121 νει-Μ
452 3114 732 3131 ᾼ-ε-
764 3105 827 3131 τ-τ-

80 3134 204 3225 ΑΞ

1079 235 1190 274 μερίδας
1215 236 1363 273 ἀπέδειξαν,
1380 236 1480 273 καὶτῷ
1506 237 1552 273 μὲν
1578 236 1748 274 Πομπαιόίῳ
1769 238 1926 274 προσώρι-

1077 291 1122 308 σαν
1139 281 1232 319 χώραν
1247 282 1299 309 ἀπὸ
1318 283 1370 309 τῶν
1390 280 1541 319 Κερκώλων
1557 281 1738 318 καλουμένων
1756 282 1856 319 μέχρι
1872 286 1923 316 τῆς

1071 325 1247 363 Ἀδριατικῆς
1265 326 1417 361 θαλάσσης,
1442 326 1476 353 τὰ
1490 326 1559 362 πρὸς
1583 325 1688 363 δυσμὰς
1706 327 1757 353 καὶ
1779 327 1839 361 τήν
1870 326 1922 363 ἆρ-

1069 381 1132 398 κτον
1147 371 1257 398 νεύοντα
1274 370 1355 407 μέρη,
1381 371 1426 397 καί
1447 370 1618 408 στρατηγοὺς
1633 369 1726 406 ἔταξαν
1750 371 1836 406 αὐτῷ
1864 369 1893 406 ’ἐξ
1910 381 1918 387 ·

1069 416 1100 443 τὸ
1116 414 1144 443 δὲ
1164 415 1260 443 λοιπὸν
1286 419 1336 450 τῆς
1359 415 1488 451 Ἰταλίας,
1503 416 1553 450 τὴν
1568 416 1637 452 πρὸς
1659 414 1697 443 ἕω
1721 416 1771 443 καὶ
1796 426 1917 452 μεσημ-

1070 458 1148 498 ϐρίαν
1172 460 1309 495 νεύουσαν,
1325 460 1498 498 προσώρισαν
1524 459 1597 496 Γαίῳ
1621 460 1758 496 Μοτύλῳ,
1782 471 1913 497 στρατη-

1069 505 1136 542 γοὺς
1157 505 1261 542 ὁμοίως
1277 505 1448 541 συζεύξαντες
1471 503 1510 540 ἕξ,
1526 504 1605 532 Οὕτω
1620 505 1706 532 πάντα
1731 503 1840 541 δεξιῶς
1866 506 1912 532 καὶ

1069 550 1137 577 κατὰ
1155 551 1281 586 μίμησιν,
1303 550 1335 576 τὸ
1354 548 1468 577 σύνολον
1494 548 1585 587 φάναι,
1601 552 1651 584 τῆς
1673 550 1849 586 Ῥωμαϊκῆς
1865 550 1911 577 καὶ

1071 593 1100 621 ἐκ
1127 593 1246 621 παλαιοῦ
1275 594 1375 629 τάξεως
1395 594 1445 628 τήν
1474 594 1577 621 ἑαυτῶν
1607 594 1698 631 ἀρχὴν
1728 592 1911 630 διαθέμενοι,

1070 639 1136 666 κατὰ
1160 638 1191 666 τὸ
1211 637 1391 677 σφοδρότερον
1416 637 1514 666 λοιπὸν
1531 637 1641 676 εἴχοντο
1665 638 1710 666 καὶ
1732 641 1787 666 τοῦ
1812 640 1913 677 ἐφεξῆς

1069 683 1205 719 πολέμου,
1220 684 1269 718 τὴν
1286 684 1380 718 κοινὴν
1395 683 1476 711 πόλιν
1495 683 1610 711 Ἰταλίαν
1633 682 1859 720 ἐπονομάσαντες
1877 686 1910 713 υ.

1070 728 1119 755 Καὶ
1148 727 1351 764 διεπολέμησαν
1380 728 1532 764 Ῥωμαίοις
1560 728 1594 755 τὰ
1623 728 1741 756 πλεῖστα
1773 729 1850 756 κατᾶ
1879 730 1909 756 τὸ

1069 772 1301 810 ἐπικρατέστερον,
1324 772 1377 804 ἕως
1401 776 1498 804 Γναῖος
1518 774 1667 810 Πομπήϊος
1692 773 1800 804 ὕπατος
1829 775 1907 811 αἱρε-

1070 818 1123 850 θεὶς
1139 819 1182 846 καὶ
1200 819 1352 856 στρατηγὸς
1367 821 1417 846 τοῦ
1430 817 1566 855 πολέμου,
1582 819 1628 845 καὶ
1645 818 1759 850 Σύλλας
1776 820 1798 837 ’δ
1814 826 1904 856 στρα-

1068 864 1150 901 τηγὸς
1169 863 1219 891 ὑπὸ
1233 865 1273 899 τῷ
1289 864 1371 900 ἑτέρῳ
1387 863 1481 899 ὑπάτῳ
1497 863 1613 898 Κάτωνι,
1630 863 1864 903 ἐπιφανεστάταις
1882 865 1905 883 ³⁸

1072 908 1175 947 μάχαις
1190 909 1253 940 τοὺς
1268 908 1427 939 Ἰταλιώτας
1444 908 1498 947 οὐχ
1508 908 1587 943 ἅπαξ,
1604 907 1677 935 ἀλλᾶ
1693 909 1740 936 καὶ
1761 909 1904 940 πολλάκις

1069 954 1237 988 νικήσαντες,
1269 953 1350 989 [1188
1376 953 1421 989 IL]
1439 953 1474 980 τὰ
1502 954 1651 990 πράγματα
1677 953 1770 980 αὖτῶν
1803 953 1844 984 εἷς
1872 955 1900 981 τὸ

1069 995 1254 1035 συντρίϐεσθαι
1275 996 1463 1034 περιέστησαν.
1489 996 1680 1033 Ἐπολέμησαν
1702 996 1725 1025 δ’
1753 998 1803 1025 οὖν
1820 998 1862 1025 καὶ
1877 1000 1899 1017 ²⁸

1070 1040 1108 1069 ἔτι
1124 1050 1129 1056 ·
1151 1040 1225 1069 ἀλλᾶ
1245 1042 1325 1068 Γαίου
1342 1041 1490 1069 Κοσκονίου
1505 1043 1528 1060 ²⁷
1543 1040 1688 1073 σταλέντος
1705 1043 1745 1073 εἷς
1758 1043 1899 1081 Ἰαπυγίαν

1069 1088 1223 1124 στρατηγοῦ
1245 1085 1381 1117 πολλάκις
1409 1087 1574 1122 ἡττήθησαν.
1605 1087 1670 1114 Εἶτα
1697 1085 1900 1118 ἐλπτωθὲντες

1068 1131 1113 1158 καὶ
1128 1132 1150 1149 ﬂ
1165 1131 1194 1158 ἐκ
1208 1130 1322 1158 πολλῶν
1343 1130 1436 1168 ὀλίγοι
1450 1130 1683 1169 καταλειφθέντες,
1699 1134 1783 1169 κοινῇ
1799 1134 1897 1170 γνώμῃ

1067 1177 1117 1211 τῆν
1137 1177 1230 1211 κοινὴν
1245 1177 1269 1194 ²ι⁹
1283 1174 1440 1203 ἐκλείπουσι
1459 1174 1554 1210 πόλιν,
1570 1175 1600 1203 τὸ
1624 1177 1789 1216 Κορφίνιον,
1811 1176 1859 1205 Bri
1871 1179 1900 1205 τὸ

1067 1219 1131 1249 τοὺς
1165 1219 1291 1257 Μάρσους
1314 1219 1359 1246 καὶ
1388 1220 1475 1246 πάντα
1497 1219 1531 1247 τὰ
1556 1222 1713 1257 γειτνιῶντα
1731 1221 1790 1248 τὼν
1819 1221 1900 1249 ἐθνῶν

1068 1266 1330 1303 προσκεχωρηκέναι
1347 1268 1405 1296 τοῖς
1421 1265 1579 1302 Ῥωμαίοις.
1596 1266 1643 1297 Εἷς
1660 1265 1688 1294 δὲ
1702 1267 1754 1301 τήν
1774 1267 1802 1295 ἐν
1829 1272 1899 1295 Σαυ-

1068 1310 1153 1341 νίταις
1177 1310 1319 1347 Αἰσερνίαν
1344 1309 1544 1347 καθιδρύθησαν
1561 1311 1594 1344 ³ο,
1619 1310 1698 1338 πέντε
1724 1313 1899 1349 στρατηγοῦς

1068 1355 1160 1385 αὑτοῖς
1182 1354 1383 1390 ἐπιστήσαντες,
1411 1355 1447 1381 ὧν
1477 1355 1515 1382 ἑνὶ
1542 1354 1661 1391 μάλιστα
1683 1354 1793 1392 Κοίντῳ
1822 1360 1897 1392 Πομ-

1067 1398 1169 1436 παιδίῳ
1185 1399 1287 1427 Σίλωνι
1301 1400 1351 1434 τὴν
1366 1398 1473 1426 πάντων
1496 1399 1645 1437 ἡγεμονίαν
1670 1398 1833 1428 ἒπίστευσαν
1852 1400 1894 1428 διὰ

1067 1445 1115 1479 τήν
1138 1444 1199 1481 περὶ
1225 1443 1306 1471 αὐτὸν
1322 1443 1348 1470 ἐν
1367 1446 1405 1479 τῷ
1422 1446 1583 1480 στρατηγεῖν
1610 1444 1709 1480 ἀρετήν
1729 1455 1758 1472 τε
1781 1445 1827 1472 καὶ
1854 1444 1897 1473 ’ὁὸ-

1025 1502 1046 1535 C
1066 1490 1120 1524 ξαν.
1138 1489 1221 1519 Οὗτος
1239 1487 1267 1515 δὲ
1291 1489 1357 1524 μετὰ
1380 1492 1429 1523 τῆς
1445 1491 1539 1535 κοινῆς
1563 1490 1618 1515 τῶν
1636 1491 1792 1526 στρατηγῶν
1814 1491 1896 1527 γνώ-

1067 1545 1120 1571 μης
1136 1533 1312 1561 κατεσκεύασε
1338 1532 1459 1571 μεγάλην
1483 1531 1608 1569 δύναμιν,
1625 1533 1664 1564 ὡς
1683 1533 1742 1564 τοὺς
1760 1533 1895 1570 σύμπαν-

1064 1589 1111 1610 τας
1130 1578 1197 1615 μετὰ
1216 1580 1269 1605 τῶν
1295 1577 1530 1614 προϋπαρχόντων
1550 1578 1613 1614 περί
1640 1579 1819 1615 τρισμυρίους
1845 1590 1895 1616 γε..

1061 1623 1161 1652 νὲσθαι.
1184 1622 1273 1659 Χωρὶς
1293 1621 1320 1649 δὲ
1344 1622 1447 1649 τούτων
1472 1621 1537 1653 τοὺς
1562 1621 1679 1653 δούλους
1702 1622 1890 1660 ἐλευθερώσας

1060 1669 1104 1696 καὶ
1121 1668 1168 1704 (ὡς
1183 1668 1196 1694 ὁ
1211 1667 1304 1704 καιρὸς
1319 1665 1420 1702 ἐδίδου)
1435 1666 1605 1698 καθοπλίσας
1629 1670 1745 1705 συνῆγεν
1767 1669 1799 1695 οὗ
1814 1668 1886 1695 πολὺ

1061 1713 1207 1744 λείποντας
1226 1714 1279 1739 τῶν
1295 1711 1446 1749 δισμυρίων
1462 1712 1496 1746 ’³,
1512 1712 1604 1742 ἱππεῖς
1621 1710 1648 1739 δὲ
1665 1711 1789 1749 χιλίους.
1813 1717 1889 1750 Συμ-

1062 1756 1156 1785 ϐαλὼν
1172 1756 1200 1784 δὲ
1214 1756 1361 1793 Ῥωμαίοις
1386 1756 1534 1794 Μαμέρκου
1550 1758 1768 1793 στρατηγοῦντος
1788 1758 1889 1791 αὐτῶν,

1060 1802 1209 1839 Ῥωμαίους
1230 1802 1276 1838 μὲν
1299 1802 1404 1839 ἀναιρεῖ
1428 1800 1552 1839 ὀλίγους,
1567 1804 1621 1828 τῶν
1640 1800 1663 1828 δ’
1687 1802 1799 1829 οἰκείων
1825 1803 1891 1839 ὑπὲρ

1061 1847 1262 1885 ἑξακισχιλίους
1291 1843 1456 1874 ἀποϐάλλει.
1486 1846 1536 1873 Καὶ
1566 1846 1707 1877 Μέτελλος
1741 1848 1813 1875 κατᾶ
1839 1849 1890 1883 τήν

1062 1891 1208 1920 Ἀπουλίαν
1226 1892 1287 1926 [640
1383 1892 1432 1926 τήν
1453 1890 1613 1918 Οὐενουσίαν
1636 1891 1718 1918 πόλιν
1744 1891 1892 1930 ἀξιόλογον

1064 1935 1090 1946 κν
1154 1937 1176 1954 η
1237 1935 1245 1945 ‘
1374 1936 1379 1945 '
1495 1934 1531 1962 λλ
1551 1935 1582 1952 κ.
1611 1934 1623 1944 ι’
1748 1937 1770 1954 3:
1842 1948 1864 1953 -

1061 1946 1141 1963 ουσαν
1201 1946 1246 1963 και
1267 1946 1433 1973 στρατιωτας
1457 1945 1492 1962 πο
1535 1945 1581 1966 ου,
1610 1945 1727 1972 εχουσαν
1799 1937 1893 1972 ξελθ-

1061 1979 1191 2017 λιόρκησε
1214 1981 1282 2007 κατὰ
1310 1980 1404 2017 καιρὸν
1429 1981 1474 2007 τὸν
1501 1980 1594 2014 αὐτὸν,
1617 1980 1662 2007 καὶ
1691 1979 1808 2012 πλείους
1835 1985 1892 2009 τῶν

1059 2024 1222 2062 τρισχιλίων
1242 2023 1445 2062 αἶχμαλώτους
1466 2024 1540 2051 εἷλεν
1556 2024 1590 2053 ³⁵.
1611 2024 1851 2061 Ἐπικρατούντων
1867 2025 1891 2053 δ’

1061 2068 1103 2096 ἐπὶ
1122 2068 1227 2105 μᾶλλον
1242 2069 1286 2096 καὶ
1312 2068 1418 2105 μᾶλλον
1442 2070 1496 2096 τῶν
1511 2069 1656 2105 Ῥωμαίων
1679 2069 1834 2105 πέμπουσιν
1864 2071 1890 2098 οἱ

1061 2113 1161 2142 Ἰταλοὶ
1177 2114 1244 2150 πρὸς
1270 2112 1439 2151 Μιθριδάτην
1454 2113 1499 2141 τὸν
1525 2112 1638 2151 βασιλέα
1663 2115 1778 2148 Πόντου,
1795 2115 1891 2152 ἀκμά-

1062 2161 1139 2194 ζοντα
1157 2159 1214 2186 τότε
1237 2159 1378 2196 πολεμικῇ
1401 2159 1474 2197 χειρὶ
1495 2159 1540 2186 καὶ
1565 2159 1732 2196 παρασκευῇ,
1749 2159 1889 2194 ἀξιοῦντες

1061 2203 1104 2231 ἐπὶ
1126 2205 1174 2238 τήν
1192 2203 1310 2232 Ἰταλίαν
1325 2205 1393 2231 κατὰ
1417 2204 1561 2240 Ῥωμαίων
1580 2202 1651 2242 ἄγειν
1666 2205 1714 2235 τὰς
1730 2203 1863 2242 δυνάμεις
1883 2217 1889 2222 ·

1063 2248 1134 2275 οὕτω
1159 2249 1209 2286 γὰρ
1236 2247 1336 2285 ῥᾳδίως
1351 2248 1375 2266 ³⁸
1405 2248 1434 2275 ἃν
1465 2247 1652 2287 συναφθέντων
1671 2249 1703 2276 τὸ
1731 2251 1889 2286 Ῥωμαϊκὸν

1060 2291 1317 2328 καταϐληθήσεσθαι
1337 2293 1447 2329 κράτος.
1472 2293 1500 2320 '0
1523 2291 1552 2320 δὲ
1576 2291 1746 2330 Μιθριδάτης
1768 2294 1891 2331 ἀπόκρι-

1061 2348 1101 2364 σιν
1127 2336 1236 2365 δίδωσιν
1259 2336 1329 2373 ἄξειν
1344 2338 1366 2355 ³⁷
1391 2338 1439 2369 τὰς
1460 2336 1586 2374 δυνάμεις
1611 2337 1649 2369 εἰς
1673 2339 1723 2372 τὴν
1756 2338 1891 2372 Ἰταλίαν,

1059 2380 1167 2409 ἐπειδὰν
1188 2383 1262 2419 αὑτῷ
1278 2383 1433 2419 καταστήσῃ
1447 2382 1496 2416 τήν
1523 2381 1615 2410 Ἀσίαν
1632 2392 1639 2398 ·
1664 2385 1746 2410 τοῦτο
1761 2384 1816 2421 γὰρ
1840 2386 1890 2411 καὶ

1058 2424 1182 2464 ἔπραττε.
1197 2427 1243 2455 Διὸ
1268 2426 1408 2458 παντελῶς
1433 2427 1460 2454 οἱ
1485 2427 1633 2454 ἀποστάται
1655 2429 1889 2465 τεταπεινωμὶνοι

1058 2471 1242 2509 ἀπεγίνωσκον
1260 2480 1266 2488 ·
1288 2470 1383 2499 λοιποὶ
1407 2471 1457 2508 γὰρ
1481 2472 1609 2509 ὑπῆρχον
1632 2474 1769 2499 Σαυνιτῶν
1791 2472 1890 2511 ὀλίγοι

1057 2516 1102 2544 καὶ
1129 2514 1267 2544 Σάϐελλοι
1293 2514 1475 2554 διατρίϐοντες
1489 2516 1515 2543 ὲν
1535 2518 1570 2553 τῇ
1590 2516 1676 2551 Νώλα
1698 2516 1744 2543 καὶ
1768 2518 1839 2554 πρός
1856 2529 1890 2556 γε

1057 2561 1168 2593 τούτοις
1192 2561 1221 2588 οὶ
1240 2561 1302 2598 περὶ
1326 2561 1492 2597 Λαμπώνιον
1517 2560 1562 2588 καὶ
1587 2560 1743 2596 Κλεπίτιον,
1773 2560 1888 2600 ἔχοντες

1058 2605 1174 2643 λείψανα
1188 2608 1241 2634 τῶν
1257 2607 1409 2634 Λευκανῶν.
1426 2605 1472 2633 Διὸ
1497 2606 1542 2633 καὶ
1555 2606 1580 2624 ⁸⁸
1602 2605 1650 2634 τοῦ
1670 2609 1814 2644 Μαρσικοῦ
1838 2618 1889 2635 πο-

999 2669 1204 2698 LECTIONES.

845 2724 904 2752 ταῖς
923 2721 1023 2759 μάχαις
1099 2723 1123 2740 ²⁶
1137 2722 1193 2758 καί]
1215 2733 1263 2750 ουκ
1278 2725 1312 2751 Α.
1333 2723 1355 2740 ’⁷
1370 2722 1510 2750 κοσκινίου
1597 2722 1620 2741 ’³
1634 2721 1725 2750 ἔλαττ.
1741 2721 1766 2749 εί
1781 2723 1829 2750 καί

848 2768 911 2778 manu
927 2758 957 2778 Γ-
1031 2760 1054 2778 31
1073 2759 1252 2778 I'mwvnuriwrnm
1272 2759 1303 2778 Γ-
1378 2760 1401 2777 II
1418 2758 1523 2778 ..ιιΛΙιιιυ
1543 2761 1557 2778 Δ
1633 2759 1657 2777 ⁸⁸
1672 2757 1753 2778 (sanun
1779 2768 1829 2778 nm

877 2768 911 2785 ἀν
927 2759 968 2787 ε’.
1031 2760 1054 2778 ³¹
1073 2759 1143 2796 ὑπαρ
1168 2760 1252 2786 όντων
1378 2760 1401 2777 ⁸¹
1417 2759 1523 2795 μυρίων
1535 2759 1573 2787 Ἀ.
1633 2759 1657 2777 ⁸⁸

877 2794 900 2813 ³⁸
913 2788 1006 2831 ρᾆιον
1104 2795 1127 2814 ³⁷
1140 2768 1211 2831 ρειν
1227 2798 1248 2823 Δ
1265 2803 1271 2823 :
1289 2794 1356 2830 ’ἕξειν
1372 2794 1414 2832 ς.
1453 2795 1476 2813 ³⁸
1491 2795 1536 2822 καὶ
1552 2795 1619 2825 add.
1636 2796 1671 2823 Α.

1378 2724 1510 2750 ιοσκινίου
1527 2724 1569 2760 ς.
1597 2724 1620 2741 ’³
1634 2724 1725 2750 ἔλαττ.
1741 2724 1766 2749 εί
1781 2724 1829 2750 καί

1378 2760 1401 2795 ’ξ
1417 2758 1523 2795 μυρίων
1539 2761 1573 2787 Α.
1633 2759 1657 2777 ⁸⁸
1672 2757 1753 2786 οὖσαν
1779 2768 1841 2789 om.
1858 2764 1888 2789 Α.

780 2910 1996 3225 Η
