4066 6216
247 364 408 428 1433

1364 356 1910 422 BIBLIOTHECA.
1960 389 2034 403 -—
2079 358 2254 420 COD.
2301 359 2596 422 CCXLIV.

3498 375 3525 433 1
3536 377 3654 439 434

242 497 424 574 λέμου
457 497 652 574 σχεδόν
684 494 792 567 ἤδη
846 493 1212 569 διαλυομένου
1259 492 1425 550 πάλιν
1473 495 1526 548 αἱ
1576 513 1876 570 προγεγενηι

2009 496 2096 550 ter
2145 509 2208 550 se
2255 495 2684 552 contendebant
2740 501 2798 554 et
2850 499 3034 570 plebis
3075 518 3210 573 pars
3257 506 3435 566 altera
3486 509 3652 568 alteri

240 588 406 662 μέναι
458 590 666 650 πάσεις
724 584 984 662 ἐμφύλιοι
1040 584 1176 640 κατᾶ
1230 585 1329 654 τὴν
1383 583 1601 657 Ῥώμην
1647 586 1888 654 κινήσεις

230 671 573 749 ἐλάμϐανον,
608 676 1075 748 ἀντιποιουμένων
1099 672 1328 729 πολλῶν
1349 670 1578 746 ἐνδόξων
1609 673 1670 727 τὸ
1700 677 1886 748 τυχεῖν

228 771 338 834 τῆς
370 764 509 820 κατὰ
539 761 875 839 Μιθριδάτου
906 764 1233 839 στρατηγίας
1274 760 1364 817 διὰ
1397 763 1459 816 τὸ
1513 759 1740 836 μέγεθος
1782 767 1891 816 τῶν

228 853 491 911 ἐπάθλων
523 873 536 886 ·
573 853 734 916 Γάϊός
779 875 836 909 τε
864 854 964 928 γάρ
1018 852 1252 914 Ἰούλιος
1283 852 1370 907 καὶ
1423 851 1584 914 Γάϊος
1614 853 1825 926 Μάριος
1864 853 1892 906 6

227 945 412 1014 ἑξάκις
456 944 753 1004 ὑπατεύσας
802 942 1295 1016 ἀντεφιλοκείνουν,
1327 942 1416 996 καὶ
1465 942 1528 997 τὸ
1566 940 1779 1010 πλῆθος
1824 942 1890 1011 ἦν

228 1033 514 1108 ἑκατέροις
565 1033 1040 1108 συμμεριζὸμενον
1085 1037 1204 1093 ταῖς
1259 1031 1525 1106 γνώμαις.
1580 1025 1889 1100 Συνέϐησαν

228 1120 292 1178 δὲ
321 1121 412 1177 καὶ
470 1120 649 1196 ἕτεραι
688 1121 943 1197 ταραχαί.
978 1126 1034 1176 Ὀ
1078 1121 1262 1194 μέντοι
1305 1118 1524 1182 Σύλλας
1554 1117 1760 1184 ὕπατος
1788 1117 1883 1191 ὢν,

226 1209 529 1286 χωρισθεὶς
579 1216 681 1279 τῆς
717 1208 956 1282 Ῥώμης,
999 1209 1137 1284 πρὸς
1165 1209 1262 1271 τὰς
1292 1207 1414 1283 περὶ
1464 1205 1660 1262 Νῶλαν
1692 1208 1887 1282 ἠθροι-

229 1300 439 1374 σμένας
485 1298 804 1374 παρεγένετο
855 1296 1128 1372 δυνάμεις,
1169 1299 1256 1353 καὶ
1304 1295 1552 1359 πολλοὺς
1581 1300 1687 1351 τῶν
1737 1294 1886 1367 πλη-

225 1388 525 1464 σιοχώρων
578 1389 626 1425 ³⁸
673 1386 1162 1460 καταπληξάμενος
1230 1386 1498 1461 ἠνάγκασε
1551 1382 1886 1461 παραδοῦναι

221 1482 366 1554 σφᾶς
403 1476 601 1540 αὐτοὺς
645 1475 862 1538 καὶτὰς
911 1475 1125 1538 πόλεις.
1155 1478 1261 1530 Τοῦ
1301 1471 1358 1529 δὲ
1400 1472 1588 1528 Σύλλα
1637 1473 1884 1548 στρατεύ-

223 1587 421 1627 σαντος
457 1567 552 1640 μὲν
599 1564 688 1621 ἐπὶ
717 1566 816 1635 τήν
877 1565 1058 1620 Ἀσίαν
1096 1564 1230 1620 κατᾶ
1270 1561 1629 1639 Μιθριδάτου,
1675 1571 1776 1634 τῆς
1825 1561 1882 1626 δὲ

219 1653 454 1729 Ῥώμης
489 1653 757 1731 μεγάλαις
795 1659 1064 1730 ταραχαῖς
1099 1655 1189 1709 καὶ
1229 1654 1417 1730 φόνοις
1455 1652 1748 1732 ἐμφυλίοις
1791 1675 1880 1709 πει

225 1745 605 1819 ρισπωμένης,
656 1746 877 1820 Μάρκος
925 1745 1193 1807 Ἀπώνιος
1244 1743 1334 1798 καὶ
1386 1738 1633 1818 Τιϐέριος
1686 1741 1882 1798 Κλεπί-

1998 583 2449 656 suifragabatur.
2481 585 2840 643 Exstiterunt
2869 591 2924 644 et
2951 589 3077 646 alite
3106 593 3306 651 turbae.
3331 598 3462 655 Jam
3492 601 3650 672 Sylla

1999 672 2205 730 consul
2236 675 2419 730 Roma
2442 675 2836 746 profectus,ad
2871 685 3252 752 congregatas
3275 689 3423 755 apud
3447 688 3648 746 Nolam

1999 765 2202 837 cupias
2253 766 2430 833 venit,
2471 771 2528 822 et
2583 765 2799 823 multos
2859 767 3239 826 finitimorum
3313 779 3650 844 perterritos

2000 855 2206 926 coegit,
2240 860 2298 911 et
2327 855 2554 927 seipsos
2577 859 2633 911 et
2665 856 2839 912 urbes
2862 858 3246 916 dedere.Cum
3276 869 3466 920 autem
3498 867 3651 938 Sylla

1996 942 2058 998 in
2089 943 2285 999 Asiam
2320 944 2600 1000 adversus
2620 944 3064 1002 Mithriditatem
3100 951 3391 1020 profectus
3423 953 3648 1022 fuisset,

1997 1034 2055 1086 et
2083 1035 2262 1088 Roma
2307 1033 2536 1103 magnis
2580 1032 2937 1090 tumultibus
2980 1041 3038 1091 et
3088 1037 3360 1095 civilibus
3389 1042 3648 1100 caedibus

1996 1120 2410 1184 destinaretur,
2430 1121 2659 1178 Marcus
2688 1124 2950 1192 Aponius
2981 1129 3039 1181 et
3067 1126 3334 1186 Tiberius
3364 1131 3645 1203 Cleptius,

1996 1216 2278 1283 praeterea
2313 1212 2644 1284 Pompeius,
2668 1213 3023 1285 reliquorum
3066 1217 3345 1277 Italorum
3378 1222 3553 1280 duces
3583 1223 3642 1281 in

1996 1301 2187 1358 Bretia
2213 1302 2460 1373 [Brutis]
2490 1303 2789 1374 degentes,
2812 1305 2965 1360 Asiae
2998 1307 3204 1363 urbem
3236 1309 3487 1368 validam
3507 1328 3642 1370 cum

1993 1390 2091 1446 diu
2112 1391 2496 1455 obsedissent,
2529 1407 2644 1447 non
2677 1397 2988 1464 potuerunt
3037 1412 3262 1468 capere,
3295 1400 3399 1456 sed
3444 1401 3642 1460 relicta
3681 1463 3684 1470 ,

1993 1479 2051 1534 in
2083 1479 2386 1536 obsidione
2410 1484 2572 1552 parte
2592 1481 3146 1556 exercitus,reliqua
3168 1495 3325 1557 parte
3348 1490 3637 1562 Rhegium

1993 1569 2202 1626 acriter
2231 1569 2587 1638 obsidentes,
2617 1575 2938 1641 sperantes,
2972 1574 3022 1629 si
3059 1573 3166 1630 hac
3199 1577 3364 1647 potiti
3406 1580 3640 1654 fuerint,

1991 1659 2162 1715 facile
2193 1659 2250 1714 in
2288 1659 2543 1714 Siciliam
2577 1664 3079 1732 transportaturos
3111 1666 3328 1736 copias,
3361 1671 3416 1723 et
3445 1669 3642 1728 insula

1991 1749 2282 1819 petituros
2313 1750 2576 1805 omnium
2602 1765 2730 1821 quas
2760 1751 2870 1806 sub
2906 1751 3029 1808 sole
3059 1761 3258 1810 essent
3279 1757 3636 1818 beatissima.

222 1854 346 1897 τιος
377 1832 528 1904 ⁴⁰,ἔτι
560 1833 616 1890 δὲ
653 1835 948 1908 Πομπήϊος
979 1835 1109 1905 ⁴¹,οἱ
1137 1838 1244 1888 τῶν
1280 1830 1598 1888 ὑπολοίπων
1625 1832 1876 1888 Ἰταλιω-

1987 1813 2203 1894 Verum
2236 1838 2362 1908 ejus
2394 1839 2510 1894 dux
2551 1813 2723 1894 Caius
2759 1839 3021 1896 Orbanus
3054 1858 3263 1916 magno
3294 1813 3640 1905 exercitu—et

221 1929 336 1979 τῶν
371 1925 690 1999 στρατηγοὶ,
735 1921 1102 1999 διατρίϐοντες
1134 1921 1184 1977 ἐν
1237 1925 1306 1996 τῇ
1341 1922 1585 1997 Βρεττίᾳ,
1638 1922 1800 1984 Ἰσίας
1831 1924 1877 1958 ⁸³

227 2014 328 2086 μὲν
367 2012 529 2069 πόλιν
561 2012 767 2089 ὀχυρὰν
799 2011 888 2067 ἐπὶ
919 2010 1095 2067 πολὺν
1138 2011 1340 2087 χρόνον
1380 2009 1876 2086 πολιορκήσαντες,

225 2101 329 2157 οὑκ
357 2103 404 2139 ⁴³
442 2100 670 2181 ἴσχυσαν
703 2102 866 2172 ἑλεῖν,
902 2101 1064 2178 μέρος
1094 2099 1140 2157 δ’
1172 2100 1258 2156 ἐπὶ
1288 2107 1389 2171 τῆς
1427 2099 1749 2175 πολιορκίας
1779 2105 1877 2156 τοῦ

228 2191 635 2267 στρατεύματος
683 2192 1076 2254 καταλιπόντες
1106 2193 1154 2226 ⁴⁴
1200 2194 1269 2264 τῇ
1326 2189 1498 2264 λοιπῇ
1545 2190 1607 2244 τὸ
1659 2192 1874 2266 Ῥήγιον

228 2282 476 2357 ἰσχυρῶς
528 2281 914 2358 ἐπολιόρκουν,
963 2280 1300 2351 ἐπλίζοντες,
1335 2279 1381 2335 εἰ
1429 2280 1631 2351 ταύτης
1670 2282 1874 2354 κρατή-

221 2389 394 2438 σαιεν,
429 2368 632 2447 ῥᾳδίως
665 2372 740 2434 εἰς
773 2372 874 2440 τήν
909 2371 1161 2426 Σικελίαν
1195 2364 1532 2425 διαϐιϐάσειν
1582 2370 1678 2431 τὰς
1720 2367 1875 2424 δυνά·

225 2482 350 2534 μεις
377 2463 467 2516 καὶ
507 2459 796 2536 κρατήσειν
828 2468 929 2531 τῆς
969 2458 1462 2535 εύδαιμονεστάτης
1499 2465 1606 2515 τῶν
1643 2460 1746 2516 ὑπὸ
1784 2461 1875 2515 τὸν

219 2550 386 2620 ἤλιον
419 2553 624 2621 νήσων.
657 2550 818 2608 Ἀλλ’
842 2552 870 2606 6
899 2550 1102 2621 ταύτης
1147 2551 1456 2628 στρατηγὸς
1486 2551 1644 2612 Γάϊος
1679 2545 1873 2623 Ὀρϐα-

219 2641 337 2712 νὸς,
405 2639 594 2714 πολλῇ
654 2638 879 2714 δυνάμει
938 2642 1030 2696 καὶ
1087 2641 1402 2715 παρασκευῇ
1456 2640 1550 2695 καὶ
1599 2639 1878 2716 προθυμίᾳ

216 2733 608 2810 χρησάμενος,
669 2733 832 2805 [1189
899 2734 992 2806 Β.]
1056 2733 1144 2786 καὶ
1221 2729 1711 2805 καταπληξάμενος
1764 2729 1892 2792 τοὺς

1987 1932 2264 2000 apparatu
2309 1934 2361 1984 et
2410 1927 2708 1984 alacritate
2750 1945 2916 1999 usus,
2950 1933 3200 2002 percutit
3232 1934 3404 1991 Italos
3454 1954 3636 2010 appa-

1988 2028 2147 2073 ratus
2193 2017 2622 2089 magnitudine,
2649 2022 2823 2090 atque
2873 2019 3226 2091 Rbegienses
3269 2039 3336 2079 ex
3377 2026 3634 2096 periculo

1986 2104 2218 2178 eripuit.
2250 2107 2462 2162 Deinde
2493 2122 2625 2162 cum
2650 2108 2958 2164 exarsisset
2983 2111 3134 2181 apud
3159 2112 3445 2170 Romanos
3465 2114 3638 2186 Sylla!

1986 2199 2044 2252 et
2072 2194 2240 2251 Marii
2270 2195 2459 2252 civilis
2497 2196 2719 2264 seditio,
2751 2197 2846 2252 alii
2887 2197 3076 2267 Sylla,
3110 2199 3208 2254 alii
3238 2201 3400 2256 Marii
3443 2208 3636 2274 partes

1986 2286 2170 2342 secuti
2193 2293 2356 2356 sunt,
2389 2289 2446 2340 et
2475 2301 2677 2341 eorum
2711 2303 2846 2358 pars
2877 2288 3067 2357 major
3096 2289 3267 2345 bellis
3290 2291 3518 2358 cecidit,
3550 2309 3636 2349 re-

1985 2375 2149 2446 liqua
2178 2375 2249 2430 ad
2282 2375 2558 2431 victorem
2602 2374 2816 2447 Syllam
2859 2377 3103 2433 descivit
3136 2396 3149 2434 :
3188 2383 3362 2451 atque
3394 2381 3475 2436 ita
3505 2388 3634 2439 tan-

1984 2465 2114 2520 dem
2148 2480 2268 2520 una
2306 2480 2439 2520 cum
2481 2465 2764 2520 seditione
2792 2466 2946 2520 civili
2977 2467 3323 2524 exstinctum
3373 2474 3463 2525 est
3513 2471 3636 2526 bel-

1985 2553 2103 2608 lum
2138 2551 2284 2608 illud
2316 2554 2621 2608 Marsicum
2655 2553 3188 2623 appellatum,cum
3221 2556 3432 2615 fuisset
3451 2558 3632 2614 maxi-

1988 2655 2172 2696 mum.

1963 2729 2284 2791 Ἰταλιώτας
2341 2733 2420 2800 τῷ
2479 2730 2691 2804 μεγέθει
2770 2736 2869 2800 τῆς
2924 2739 3290 2806 παρασκευῆς,
3356 2732 3624 2810 ἐξήρπασε

212 2821 350 2884 τοὺς
408 2822 696 2895 ιρηγίωυς
721 2821 788 2878 4s.
833 2821 961 2876 εἶτα
1015 2826 1115 2890 τῆς
1173 2821 1296 2894 περὶ
1352 2817 1568 2875 Σύλλαν
1615 2821 1706 2874 καὶ
1758 2819 1967 2894 Μάριον
2023 2816 2299 2892 ἐμφυλίου
2356 2818 2594 2882 στάσεως
2658 2817 3139 2894 ἀναρριπισθείσης
3207 2821 3507 2896 Ῥωμαίοις
3575 2825 3628 2878 οἱ

230 2909 330 2983 μὶν
381 2907 588 2980 Σύλλᾳ,
634 2909 686 2963 οἱ
731 2907 788 2963 δὲ
837 2908 1033 2984 Μαρίῳ
1083 2909 1487 2987 συνεμάχησαν.
1538 2908 1642 2966 Καὶ
1699 2908 1762 2963 τὸ
1825 2908 1920 2982 μὲν
1966 2905 2134 2962 πλέον
2181 2906 2356 2962 αὐτῶν
2405 2900 2562 2961 ἔπεσε
2612 2912 2732 2971 τοῖς
2781 2905 3071 2981 πολέμοις,
3119 2910 3180 2964 τὸ
3231 2907 3280 2964 δ’
3327 2911 3632 2970 ὑπόλοιπον

220 2996 646 3072 ἐπικρατήσαντι
679 2996 866 3069 Σύλλᾳ
913 2999 1337 3076 προσεχώρησε.
1367 2999 1467 3054 Καὶ
1527 2999 1670 3054 οὕτω
1707 2996 1892 3052 τέλεον
1934 2995 2004 3070 τῇ
2060 2994 2316 3074 ἐμφυλίῳ
2376 2990 2684 3066 συναπέσϐη
2747 2997 2926 3051 στάσει
2979 2995 3232 3072 μέγιστος
3263 2999 3497 3076 γεγονὼς
3542 3001 3634 3056 καὶ

219 3089 248 3142 ὸ
282 3086 561 3160 Μαρσικὸς
590 3085 906 3158 ἐπικληθεὶς
937 3086 1205 3161 πόλεμος.

296 3176 414 3229 Ὅτι
449 3175 661 3251 μεγάλη
696 3176 878 3239 στάσις
922 3175 1192 3256 ἐμφύλιος
1231 3174 1340 3248 ἤδη
1379 3174 1742 3252 διαλυομένου
1769 3180 1867 3232 τοῦ

2056 3176 2288 3232 Exstitit
2328 3180 2544 3246 autem,
2579 3176 2972 3234 exolescentes
3003 3179 3132 3250 jam
3172 3179 3324 3236 bello
3360 3182 3629 3250 Marsico,

223 3268 507 3339 Μαρσικοῦ
553 3265 741 3341 γέγονε
787 3264 1058 3339 πολέμου,
1102 3268 1167 3335 ἧς
1216 3268 1452 3341 ἡγοῦντο
1511 3265 1731 3328 Σύλλας
1783 3267 1874 3321 καὶ

227 3354 392 3417 Γάϊος
427 3354 655 3429 Μάριος,
686 3355 804 3416 νέος
855 3353 948 3426 ὢν,
983 3356 1010 3410 6
1043 3355 1254 3431 Μαρίου
1283 3357 1379 3410 τοῦ
1417 3354 1690 3419 πολλάκις
1741 3356 1876 3410 ὑπα-

227 3442 481 3504 τευκότος
540 3445 785 3517 (ἑπτάκις
837 3447 940 3521 γὰρ
1003 3445 1284 3518 ὑπάτευσε)
1343 3451 1490 3508 παῖς.
1543 3447 1630 3501 Ἐν
1695 3443 1752 3500 δὲ
1806 3449 1873 3519 τῇ

230 3551 408 3586 στάσει
462 3534 579 3589 Γ641
640 3534 730 3608 Η.]
766 3532 972 3588 πολλαὶ
1027 3531 1283 3608 μυριάδες
1339 3533 1637 3609 ἀνθρώπων
1684 3533 1874 3610 ἀνῃρέ-

227 3625 417 3692 θησαν.
453 3623 748 3699 Ἐκράτησε
779 3621 826 3678 δ’
858 3625 886 3678 ὁ
911 3623 1155 3692 Σύλλας,
1185 3625 1275 3679 καὶ
1309 3621 1576 3700 δικτάτωρ
1615 3627 1872 3702 γεγονὼς,

226 3709 625 3789 Ἒπαφρόδιτόν
670 3734 728 3768 τε
778 3711 1051 3787 ὀνομάσας
1102 3713 1314 3783 ἑαυτὸν,
1347 3713 1446 3768 ούκ
1491 3713 1720 3788 ἐψεύσθη
1773 3722 1872 3784 τῆς

227 3799 549 3871 ἀλαζονείας
583 3818 596 3833 ⁶
630 3807 846 3876 κρατῶν
886 3803 987 3878 γὰρ
1037 3808 1153 3865 τοῖς
1183 3801 1460 3877 πολέμοις
1492 3801 1618 3875 ἰδίῳ
1662 3799 1873 3859 άπεϐίω

225 3893 452 3965 θανάτῳ.
485 3893 541 3948 Ὀ
573 3891 631 3949 δὲ
663 3894 872 3970 Μάριος
914 3893 1066 3968 μάχῃ
1095 3897 1164 3968 τῇ
1197 3895 1334 3968 πρὸς
1367 3892 1581 3949 Σύλλαν
1615 3893 1871 3971 γένναίως

219 3980 646 4056 ἀγωνισάμενος,
715 3985 868 4056 ὅμως
925 3982 1182 4053 ἡττηθείς
1229 3984 1525 4061 κατέφυγεν
1585 3983 1660 4046 εἷς
1713 3985 1874 4058 Πραί-

223 4091 408 4126 νεστον
443 4071 558 4146 ἅμα
598 4073 815 4149 μυρίοις
864 4073 1354 4149 πεντακισχιλίοις.
1405 4073 1780 4150 Συγκλεισθεὶς
1827 4071 1874 4127 δ’

225 4160 278 4216 ἐν
309 4161 447 4235 αὐτῇ
478 4161 568 4217 καί
615 4163 813 4239 χρόνον
847 4160 947 4218 οὑκ
984 4161 1171 4237 ὀλίγον
1222 4162 1611 4236 πολιορκηθεὶς
1641 4164 1872 4238 ἠναγκά-

222 4251 347 4318 σθη,
399 4251 616 4306 πάντων
659 4251 816 4306 αὐτὸν
863 4251 1335 4327 ἐγκαταλιπόντων
1364 4255 1430 4321 “5,
1463 4254 1550 4308 καὶ
1603 4251 1873 4327 μηδεμίαν

223 4340 501 4415 σωτηρίας
534 4340 658 4397 ὁδὸν
691 4345 967 4417 καθορῶν,
995 4345 1096 4413 τήν
1128 4345 1244 4407 ἑνὸς
1276 4345 1488 4400 οἰκέτου
1519 4347 1627 4401 τῶν
1663 4348 1870 4401 πιστῶν

225 4435 386 4505 χεῖρα
429 4430 506 4493 εἷς
551 4430 707 4487 λύσιν
755 4436 862 4487 τῶν
907 4430 1093 4488 δεινῶν
1141 4433 1534 4510 παρακαλέσαι.
1583 4434 1682 4489 Καὶ
1741 4435 1770 4488 ὅ
1814 4456 1873 4508 γε

1986 3268 2197 3340 ingens
2227 3267 2439 3324 seditio
2487 3267 2697 3337 civilis,
2729 3269 2898 3339 cujus
2947 3269 3126 3324 duces
3175 3275 3341 3326 erant
3387 3271 3547 3344 Sylla
3577 3277 3633 3330 et

1986 3356 2160 3413 Caius
2192 3357 2431 3426 Marius,
2456 3357 2694 3428 juvenis
2722 3358 2913 3414 adhuc
2943 3358 3062 3414 Caii
3101 3360 3260 3415 Marii
3300 3360 3480 3431 ﬁlius,
3507 3364 3631 3433 ejus

1985 3447 2084 3520 qui
2119 3447 2288 3503 toties
2333 3447 2573 3518 (septies
2603 3445 2784 3518 enim)
2817 3448 3188 3504 consulatum
3220 3451 3424 3522 gessit.
3460 3454 3522 3508 In
3564 3467 3633 3507 ea

1983 3536 2268 3593 seditione
2316 3537 2618 3592 interfecta
2657 3541 2796 3592 sunt
2835 3536 3142 3594 hominum
3196 3539 3384 3596 multa
3427 3541 3634 3611 millia,

1984 3643 2050 3682 ac
2097 3627 2364 3698 superior
2397 3627 2586 3683 iactus
2617 3627 2797 3698 Sylla,
2842 3630 2899 3682 et
2928 3628 3180 3684 dictator
3218 3634 3448 3685 creatus
3481 3631 3634 3686 Feli-

1983 3730 2109 3771 cem
2142 3716 2402 3786 seipsum
2430 3715 2773 3779 nominavit,
2808 3731 2934 3784 quae
2963 3731 3100 3771 eum
3143 3717 3471 3787 arrogantia
3520 3735 3635 3774 non

1985 3803 2210 3860 fefellit.
2244 3805 2442 3858 Armis
2481 3804 2638 3858 enim
2679 3803 2948 3874 superior
2985 3803 3219 3874 prepria
3252 3808 3430 3860 morte
3461 3821 3633 3862 occu-

1985 3892 2128 3947 buit.
2189 3891 2404 3947 Marius
2449 3905 2585 3947 vero
2634 3890 2832 3961 prmlio
2875 3906 3007 3948 cum
3057 3890 3214 3962 Sylla
3260 3908 3635 3964 congressus,

1985 3980 2254 4054 quamvis
2310 3995 2586 4052 generose
2633 3979 2958 4052 proeliatus,
2998 3980 3191 4036 898a
3212 3985 3410 4038 tamen
3449 3983 3638 4041 victus

1982 4071 2276 4127 Praeneste
2308 4068 2589 4139 confugit,
2625 4083 2738 4123 una
2766 4084 2900 4123 cum
2933 4067 3093 4122 mille
3140 4067 3479 4140 quingentis
3523 4071 3634 4126 mi-

1984 4160 2208 4227 litibus,
2255 4167 2310 4215 et
2359 4161 2416 4216 in
2462 4174 2530 4215 ea
2573 4157 2717 4215 urbe
2767 4155 3095 4226 conclusus,
3128 4173 3234 4214 nec
3284 4174 3492 4229 parum
3540 4161 3640 4216 diu

1983 4254 2278 4322 obsessus,
2303 4255 2536 4310 coactus
2580 4257 2666 4306 est
2703 4248 2796 4322 (ab
2845 4248 3124 4305 omnibus
3167 4248 3500 4319 derelictus,
3530 4265 3634 4308 nec

1983 4343 2164 4401 ullam
2196 4341 2398 4399 salutis
2423 4341 2577 4397 viam
2607 4337 2836 4402 videns)
2857 4336 3034 4393 unius
3059 4335 3247 4394 ﬁdelis
3276 4337 3478 4393 famuli
3513 4355 3634 4395 ma-

1983 4451 2125 4491 num
2156 4432 2428 4490 ﬁniendis
2462 4429 2716 4487 miseriis
2747 4428 3034 4484 invocare.
3068 4427 3138 4482 Et
3167 4425 3264 4483 ille
3293 4427 3627 4499 obsecutus,

221 4499 477 4590 πεισθεὶς,
511 4521 596 4574 καὶ
635 4525 733 4593 μιᾷ
759 4519 953 4596 πληγῇ
981 4525 1079 4576 τοῦ
1113 4499 1234 4596 etot;
1263 4522 1358 4577 τὸν
1390 4520 1653 4593 δεσπότην
1694 4499 1872 4580 ἀπαλ-

1986 4541 2098 4580 nno
2138 4524 2258 4579 ictu
2297 4522 2504 4578 herum
2536 4520 2655 4576 vita
2685 4516 2947 4590 privavit,
2991 4520 3048 4572 et
3085 4515 3344 4588 seipsum
3387 4516 3638 4590 insuper

223 4606 411 4678 λάξας,
462 4609 652 4664 ἑαυτὸν
711 4609 1110 4688 ἐπικατέσφαξε.
1167 4611 1264 4667 Καὶ
1313 4612 1538 4668 παύεται
1593 4615 1687 4686 μὲν
1735 4613 1868 4685 αὕτη

1986 4612 2285 4686 iugulavit.
2321 4613 2392 4667 Et
2449 4611 2652 4667 sedata
2709 4612 2799 4662 est
2853 4605 3090 4676 quidem
3148 4605 3380 4673 seditio,
3429 4622 3632 4663 verum

220 4698 254 4766 ἡ
285 4699 492 4767 στάσις,
524 4697 752 4774 λείψανα
803 4696 988 4772 μέντοι
1027 4703 1125 4756 τοῦ
1171 4699 1422 4774 πολέμου
1477 4703 1873 4779 ὑπολειφθέντα

218 4792 316 4856 τῆς
354 4786 563 4862 Μαρίου
611 4788 804 4862 μοίρας
841 4787 926 4845 ἐπὶ
979 4789 1179 4865 χρόνον
1212 4789 1402 4863 Σύλλᾳ
1451 4788 1867 4872 διεμαχέσαντο,

218 4874 319 4939 ’έως
350 4878 440 4932 καὶ
492 4878 627 4934 αὐτὰ
678 4875 1027 4958 συνδιέφθορε
1063 4885 1180 4943 τοῖς
1234 4879 1450 4945 ἄλλοις.
1485 4881 1631 4938 Μετὰ
1682 4887 1866 4955 μέντοι

221 4965 316 5034 τήν
373 4966 581 5022 τούτων
641 4965 968 5042 ἀπαλλαγὴν
1036 4970 1315 5043 Πομπηίῳ
1371 4974 1449 5041 τῷ
1517 4969 1865 5042 ἐπικληθέντι

218 5053 422 5131 Μάγνῳ
479 5052 568 5111 διὰ
620 5057 718 5121 τὰς
772 5057 991 5132 πράξεις
1057 5057 1118 5120 ’ὰς
1175 5059 1501 5135 κατώρθωσε
1556 5059 1748 5132 Σύλλᾳ
1811 5083 1868 5117 τε

217 5145 471 5218 πράττων
501 5146 592 5202 καὶ
640 5149 763 5203 καθ’
803 5148 992 5205 ἑαυτὸν
1052 5149 1370 5222 Ῥωμαίοις,
1419 5149 1596 5222 τούτῳ
1653 5147 1719 5218 δή
1773 5151 1862 5206 καὶ

217 5233 438 5309 Ἰουλίῳ
469 5237 696 5313 Καίσαρι
735 5230 849 5314 ἔρις
886 5237 1134 5294 ἐκκαεῖσα
1176 5238 1254 5303 εἷς
1300 5239 1603 5317 ἐμφυλίους
1653 5241 1863 5317 σφαγὰς

215 5323 340 5388 τοὺς
382 5325 695 5401 Ῥωμαίους
738 5326 903 5384 πάλιν
947 5329 1215 5406 ἠνάγκασε
1265 5336 1659 5404 συστραφῆναι.
1713 5335 1862 5402 Πομ-

1982 4703 2217 4775 reliquas
2250 4700 2382 4758 belli
2415 4698 2672 4772 reliquias
2705 4694 2975 4753 factionis
3012 4693 3286 4751 Marianae
3314 4694 3481 4765 Sylla
3513 4696 3626 4752 ali-

1980 4795 2241 4866 quandiu
2275 4795 2696 4866 repugnarunt,
2730 4790 2914 4845 donec
2933 4787 3073 4860 ipsae
3099 4802 3326 4859 quoque
3347 4803 3480 4842 cum
3499 4787 3629 4843 aliis

1979 4885 2293 4957 proﬂigata:
2347 4887 2506 4938 sunt.
2539 4881 2948 4937 Verumtamen
2998 4882 3127 4948 post
3171 4876 3375 4932 borum
3427 4876 3626 4943 ﬁnem,

1978 4974 2130 5031 inter
2169 4973 2510 5045 Pompeium
2543 4969 2657 5043 (cui
2690 4972 2926 5041 propter
2956 4981 3146 5023 rerum
3178 4968 3472 5037 gestarum
3506 4981 3626 5022 ma-

1976 5063 2360 5138 gnitudinem,
2386 5077 2534 5132 quas
2559 5058 2837 5116 Romanis
2870 5055 3082 5128 partim
3105 5053 3322 5123 Syllam
3339 5053 3622 5124 juvando,

1975 5153 2180 5226 partim
2237 5151 2362 5224 ipse
2412 5167 2519 5208 suo
2567 5151 2744 5205 Marte
2792 5145 2997 5221 gessit,
3038 5148 3246 5226 Magno
3299 5160 3622 5217 cognomen

1975 5245 2124 5312 fuit),
2155 5244 2302 5296 inter
2345 5241 2522 5308 hunc,
2557 5239 2824 5311 inquam,
2866 5243 2922 5290 et
2947 5232 3172 5290 Julium
3204 5231 3487 5288 Caesarem
3523 5250 3618 5288 ac-

1971 5348 2144 5388 censa
2181 5330 2473 5387 discordia
2499 5328 2572 5385 ad
2619 5326 2820 5384 civiles
2867 5324 3051 5380 caedes
3080 5327 3372 5379 Romanos
3401 5322 3615 5380 iterum

1578 5485 1813 5544 VABIE
1847 5484 2263 5544 LECTIONES.

272 5631 322 5717 3"
344 5627 804 5717 πλησιο-χώρωνλ
815 5630 1056 5717 πλησίον
1085 5635 1384 5717 χώρωνωΑ.

1490 5638 1534 5675 ⁴⁰
1564 5636 1835 5699 Κλέπτιος
1870 5642 1932 5694 Β.

2035 5639 2074 5673 ⁸⁸
2109 5637 2432 5710 Πομπῄϊος]
2465 5635 2689 5710 Πόντιος
2724 5637 3158 5710 wesselinggius.
3189 5703 3205 5710 _
3264 5635 3309 5670 δ’
3336 5631 3516 5710 ΔἸσίας
3545 5636 3614 5704 Α,

207 5703 387 5767 Ἀσίας
535 5703 729 5770 Τὶσίας
767 5703 1203 5778 ῗνθεεὸιίηεὶἰιεζ
1281 5708 1328 5743 ⁴³
1359 5706 1458 5763 οὐκ
1487 5741 1554 5752 -
1585 5712 1628 5745 “
1657 5707 2054 5770 καταλιπόντες
2086 5703 2208 5767 om.
2238 5703 2320 5782 ς’.
2397 5703 2440 5744 ⁸³
2468 5708 2720 5782 Ῥηγίους
2916 5710 2960 5746 ⁴⁶
2992 5703 3496 5782 ἐγκαταλειπόντων
3540 5703 3611 5762 Α.
