4066 6216
236 371 398 432 1437

1367 367 1910 431 BIBLIOTHECA.
1954 399 2030 412 —-
2074 367 2251 429 COD.
2297 369 2573 432 CCXLV.

3494 381 3653 442 1438

237 501 450 576 λόγους
500 496 725 576 ἔχοντας
771 500 980 574 κόσμον
1011 503 1059 540 ⁸ο
1104 501 1356 576 ἐξευρεῖν,
1406 500 1566 561 αὐτὸς
1615 499 1802 555 ἑαυτὸν
1831 497 1879 555 οὶ

2009 499 2194 558 malos
2224 517 2416 558 mores
2455 507 2514 560 et
2559 502 2782 575 injusta
2812 505 2965 562 facta
2997 508 3254 567 honestis
3285 511 3342 568 in
3393 514 3648 585 speciem

238 589 469 645 δύναται
525 589 697 644 πάντα
739 592 1150 664 μηχανώμενος
1191 589 1463 658 ἐξελέσθαι
1510 596 1612 659 τῆς
1660 597 1895 666 γραφῆς,

235 680 317 741 ὡς
368 678 431 734 ού
471 679 989 758 φιλοτυραννότατος
1038 681 1336 756 ἀνθρώπων
1397 681 1604 758 γένοιτο
1645 680 1734 734 καὶ
1798 679 1897 753 μά-

235 768 407 825 λιστα
471 768 684 823 πάντων
745 769 826 824 ἀεὶ
896 768 1151 840 ζηλώσας
1213 770 1302 825 καὶ
1358 770 1636 844 Θαυμάσας
1690 769 1897 846 τρυφὴν

232 861 327 916 καὶ
367 857 598 932 δυναμιν
629 861 720 915 καὶ
767 859 1008 917 πλοῦτον
1039 864 1082 898 ⁸⁸
1122 862 1213 916 καὶ
1243 863 1451 937 γάμους
1495 861 1623 922 τοὺς
1663 863 1768 915 τῶν
1799 879 1893 914 τυ-

235 949 472 1024 ράννῶν.
529 949 710 1006 Ἀλλά
747 951 847 1026 γὰρ
898 948 1162 1006 Φιλίστου
1214 952 1309 1024 μὶν
1353 951 1381 1004 6
1435 951 1573 1023 μήτε
1618 949 1715 1012 τὰς
1761 946 1894 1022 πρά-

235 1040 347 1111 ξεις
416 1037 648 1096 ἐπαινῶν
713 1041 855 1115 μήτε
907 1040 1002 1104 τὰς
1073 1041 1246 1116 τύχας
1301 1037 1576 1110 ὀνειδίζων
1653 1036 1892 1112 ἐμμελέ-

237 1150 458 1193 στατος.

809 1307 902 1363 Ἐκ
929 1311 1026 1362 τοῦ
1058 1306 1318 1383 Βρούτου.

306 1397 401 1452 Ἐκ
443 1397 536 1470 μὲν
567 1398 613 1433 ⁶¹
643 1395 733 1451 οὖν
779 1402 897 1457 ταῖς
928 1397 1173 1472 πρώταις
1213 1393 1530 1457 ἐπιστολαῖς
1581 1399 1825 1457 τοιοῦτος
1861 1397 1889 1451 ὁ

231 1491 475 1561 Βροῦτος
506 1505 520 1520 ο
580 1484 688 1558 ἤδη
739 1484 796 1542 δὲ
851 1491 958 1542 τῶν
1011 1489 1103 1560 μὲν
1151 1487 1225 1550 ὡς
1275 1487 1512 1562 Καίσαρα
1557 1492 1666 1543 τῶν
1717 1484 1775 1542 δὲ
1813 1488 1888 1550 ὼς

230 1578 523 1633 Ἀντώνιον
571 1574 955 1651 διισταμένων,
1013 1577 1188 1634 ὠνίων
1221 1581 1266 1616 ⁸³
1320 1577 1377 1633 δέ
1430 1583 1538 1634 τῶν
1600 1579 1890 1654 στρατοπέ-

230 1663 342 1721 δων
399 1664 580 1741 ὥσπερ
640 1667 743 1722 ὑπὸ
802 1669 998 1740 κήρυκι
1060 1667 1502 1742 προστιθεμένων
1559 1672 1639 1740 τῷ
1696 1666 1886 1722 πλεῖον

230 1753 462 1824 διδόντι,
513 1759 846 1812 παντάπασιν
898 1756 1166 1834 ἀπογνοὺς
1199 1763 1306 1812 τῶν
1352 1758 1688 1833 πραγμάτων
1743 1754 1881 1830 ἔγνω

229 1844 552 1901 καταλιπεῖν
619 1843 877 1920 Ἰταλίαν,
946 1847 1035 1900 καὶ
1093 1851 1231 1921 πεζῇ
1293 1844 1380 1901 διὰ
1456 1844 1749 1909 Λευκανίας
1806 1845 1881 1907 είς

231 1933 453 1990 Ἐλαίαν
518 1935 606 1990 ἐπὶ
669 1933 942 1991 Θάλασσαν
1000 1937 1126 2008 ἧκεν
1160 1939 1227 1993 ⁸⁸.
1285 1937 1442 1991 Ὅθεν
1499 1938 1535 2005 ἡ
1595 1933 1801 2010 Πορκία
1838 1936 1884 1971 6⁸

235 2022 524 2099 μέλλουσα
568 2023 732 2080 πάλιν
797 2024 874 2088 εἷς
933 2026 1153 2098 Ῥώμην
1200 2025 1622 2100 ἀποτρέπεσθαί,
1681 2023 1885 2079 λανθά-

223 2135 330 2171 νειν
389 2116 486 2188 μὲν
538 2113 790 2191 ἐπειρᾶτο
839 2117 1154 2189 περιπαθῶς
1193 2113 1419 2192 ἔχουσα,
1467 2115 1647 2192 γραφή
1699 2111 1757 2170 δέ
1802 2133 1884 2175 τις

227 2205 399 2274 αὐτὴν
448 2201 756 2278 προύδωκε,
794 2202 974 2260 τᾶλλα
1021 2204 1265 2279 γενναίαν
1305 2203 1488 2262 οὖσαν.
1521 2207 1620 2260 Ἢν
1671 2203 1774 2279 γὰρ
1824 2202 1884 2259 ἐκ

225 2297 336 2348 τῶν
389 2293 730 2364 Ἑλληνικῶν
783 2291 1019 2356 διάθεσις
1077 2297 1294 2368 ’Έκτωρ
1324 2295 1370 2332 ⁸⁸
1422 2295 1524 2350 ὑπὸ
1575 2291 1882 2369 ’Δνδρομά-

228 2402 342 2458 χης
391 2382 873 2457 προπεμπόμενος,
933 2385 1311 2458 κομιζομένης
1340 2386 1385 2422 ⁸⁷
1433 2386 1560 2459 παρ’
1608 2383 1773 2439 αὐτοῦ
1821 2383 1883 2438 τὸ

228 2469 473 2542 παιδίον,
514 2469 701 2545 ἐκείνῳ
750 2469 806 2527 δὲ
854 2467 1334 2547 προσϐλεπούσης.
1381 2477 1559 2528 Ταῦτα
1606 2470 1886 2546 θεωμένην

226 2562 329 2630 τὴν
363 2560 593 2634 Πορκίαν
632 2563 667 2631 ἡ
700 2564 795 2616 τοῦ
825 2562 1030 2624 πάθους
1071 2561 1228 2617 εἰκὼν
1265 2561 1503 2633 ἐξέτηξεν
1546 2562 1623 2626 εἷς
1655 2560 1877 2636 δάκρυα,

224 2651 318 2706 καὶ
348 2649 618 2714 πολλάκις
651 2655 893 2729 φοιτῶσα
922 2654 1020 2721 τῆς
1048 2652 1260 2728 ἡμέρας
1290 2647 1523 2709 ἔκλαιεν.

747 2831 841 2885 Ἐκ
869 2833 966 2884 τοῦ
997 2828 1264 2904 Δΐμιλίου
1294 2830 1362 2886 ⁸⁸.

303 2922 389 2976 Ἐν
455 2921 501 2993 ᾧ
539 2921 588 2956 δί’
643 2921 829 2974 παθῶν
883 2940 940 2974 τε
991 2917 1347 2974 παντοδαπῶν
1407 2921 1498 2976 καὶ
1555 2923 1882 2994 νοσημάτων

225 3011 461 3067 ἐνόντων
498 3009 798 3086 ἐπρώτευεν
830 3009 877 3045 ⁷ο
929 3009 964 3079 ἡ
1016 3007 1372 3087 φιλαργυρία.
1421 3008 1577 3084 (Περὶ
1609 3007 1665 3065 δέ
1693 3011 1735 3045 ’⁷⁸
1784 3014 1880 3065 τοῦ

224 3101 479 3176 Περσέως
517 3103 624 3155 τῶν
677 3095 1004 3156 Μακεδόνων
1056 3096 1325 3174 βασιλέως
1361 3101 1407 3135 ’³³
1440 3100 1468 3154 6
1518 3098 1880 3176 Πλούταρχος

227 3188 428 3266 λέγεμ)

713 3279 807 3335 Ἐκ
837 3283 935 3335 τοῦ
976 3279 1058 3351 Δη
1069 3277 1384 3354 μοσθένους,

294 3372 414 3423 Ὅτι
443 3368 492 3403 ⁷³
536 3372 646 3423 τῶν
692 3365 966 3443 πρέσϐεων
1019 3369 1070 3441 ἐξ
1110 3371 1354 3441 Ἀθηνῶν
1409 3369 1544 3445 πρὸς
1593 3368 1871 3424 Φίλιππον

222 3456 672 3534 παραγεγονότων
717 3458 916 3526 ἤκουσε
968 3460 1060 3531 μὲν
1089 3459 1136 3496 ⁷⁴
1181 3459 1432 3513 ἁπάντων
1482 3459 1510 3512 6
1563 3458 1871 3530 Φίλιππος,

221 3547 438 3602 ἀντεῖπε
470 3544 529 3602 δὲ
571 3547 704 3620 μετὰ
750 3546 1014 3617 πλείστης
1064 3545 1379 3620 ἐπιμελείας
1427 3548 1563 3622 πρὸς
1609 3549 1700 3603 τὸν
1759 3556 1876 3620 Δη-

224 3636 518 3711 μοσθένους
561 3635 748 3712 λόγον.
783 3639 856 3691 Ού
902 3639 1008 3710 μὴν
1049 3643 1169 3700 ταῖς
1202 3635 1400 3698 ἄλλαις
1429 3643 1618 3710 τιμαῖς
1649 3639 1739 3693 καὶ
1780 3660 1871 3716 φι-

221 3727 587 3803 λοφροσύναις
635 3727 830 3802 ὅμοιόν
880 3727 1040 3783 αὑτὸν
1085 3731 1166 3800 τῷ
1215 3726 1547 3800 Δημοσθένει
1589 3733 1870 3802 παρεῖχεν,

221 3816 371 3872 ἀλλᾶ
411 3816 502 3872 καὶ
534 3819 844 3895 προσήγετο
892 3815 1018 3879 τοὺς
1050 3817 1174 3890 περὶ
1207 3817 1330 3891 [643
1361 3818 1448 3889 Η.]
1493 3813 1754 3890 Αἰσχίνην
1785 3815 1872 3872 καί

225 3907 582 3984 Φιλοκράτην
633 3909 866 3982 μᾶλλον.
927 3910 1091 3981 [1193
1141 3910 1254 3981 Β.],
1312 3909 1466 3962 Ὅθεν
1515 3905 1873 3963 ἐπαινούντων

226 3995 445 4052 ἐκείνων
495 3997 586 4052 τὸν
647 3997 930 4052 Φίλιππόν
998 3996 1072 4058 ὡς
1129 3993 1309 4071 λέγειν
1365 3992 1736 4051 δυνατώτατον
1785 3995 1874 4051 καί

223 4084 525 4142 κάλλιστον
574 4087 805 4162 ὀφθῆναι
834 4085 925 4141 καὶ
969 4087 1035 4155 νὴ
1071 4085 1167 4140 Δία
1214 4090 1469 4160 συμπιεῖν
1514 4085 1872 4157 ἱκανώτατον,

223 4176 563 4252 ἠναγκάζετο
607 4175 908 4250 βασκαίνων
955 4173 1314 4232 ἐπισκώπτειν
1345 4174 1422 4237 ὡς
1466 4175 1527 4230 τὸ
1575 4175 1669 4249 μὲν
1717 4195 1874 4245 σοφι-

222 4268 377 4331 στοῦ,
407 4266 470 4320 τὸ
500 4263 559 4320 δὲ
597 4265 872 4340 γυναικὸς,
904 4266 966 4320 τὸ
995 4261 1053 4320 δὲ
1091 4270 1358 4341 σπογγιᾶς
1391 4263 1498 4336 εἴη,
1536 4263 1805 4340 βασιλέως
1827 4266 1874 4302 ’⁸⁵

225 4353 282 4411 δέ
312 4352 463 4411 οὐδὲν
496 4353 795 4431 ἐγκώμιον.

295 4448 416 4501 Ὅτι
445 4445 494 4482 ⁷⁸
537 4452 636 4515 τῆς
686 4448 949 4520 θυγατρὸς
993 4451 1092 4502 τοῦ
1120 4450 1164 4484 ⁷⁷
1227 4444 1605 4518 Δημοσθένους
1663 4443 1874 4500 ἀποθα-

223 4531 446 4605 νούσης,
477 4531 636 4608 γνοὺς
668 4533 829 4596 αὐτὸς
859 4536 1039 4615 κρύφα
1075 4536 1174 4604 τήν
1222 4538 1320 4590 τοῦ
1353 4532 1636 4590 Φιλίππου
1682 4531 1871 4590 τελευ-

223 4621 345 4690 τὴν,
387 4621 635 4696 προῆλθε
665 4621 714 4657 ⁷⁸
752 4621 979 4699 φαιδρὸς
1027 4623 1104 4686 εἷς
1133 4624 1234 4692 τὴν
1289 4621 1522 4692 Βουλήν,
1572 4620 1871 4697 ἐπιθαρῥύ-

222 4731 326 4765 νων
386 4711 514 4772 τοὺς
564 4711 890 4782 Ἀθηναίους
939 4713 1076 4787 πρὸς
1116 4714 1184 4768 τὰ
1236 4710 1532 4786 μέλλοντα,
1589 4713 1678 4767 καὶ
1740 4709 1869 4787 ὄναρ

223 4801 520 4876 ἑωρακέναι
579 4798 762 4879 ἔλεγεν
823 4803 908 4878 ἀφ’
953 4804 1015 4859 ού
1071 4825 1123 4859 τι
1174 4803 1312 4878 μέγα
1357 4801 1660 4878 προσδοκᾷν
1707 4805 1864 4876 Ἀθη-

222 4889 396 4953 ναίοις
425 4893 471 4928 ⁷⁸
510 4890 726 4967 ἀγαθόν,
760 4894 859 4949 Καὶ
904 4894 1019 4966 μετ’
1051 4893 1111 4948 ού
1155 4891 1298 4948 πολὺ
1329 4900 1575 4969 παρῆσαν
1604 4896 1649 4932 ⁸ο
1695 4896 1746 4950 οἱ
1775 4895 1866 4950 τὸν

223 4979 506 5038 Φιλίππου
562 4981 785 5038 θάνατον
861 4981 1323 5059 ἀπαγγέλλοντες,
1377 4983 1467 5038 καὶ
1539 4987 1780 5057 παρῆθεν
1819 4986 1863 5021 ⁸¹

223 5071 251 5126 ὁ
319 5069 667 5143 Δημοσθένης
731 5069 1185 5147 ἐστεφανωμένος,
1245 5071 1389 5147 ἔχων
1462 5071 1551 5128 καὶ
1611 5072 1864 5149 λαμπρὸν

2009 592 2545 663 przsscriptlonibus
2594 597 2812 665 tegere,
2852 599 3028 666 atque
3077 613 3348 656 excusare
3391 604 3650 659 credere-

2009 685 2126 748 tur,
2157 681 2215 736 id
2249 690 2434 738 tamen
2467 683 2624 739 omni
2651 693 2858 740 conatu
2891 689 3068 755 atque
3099 703 3272 757 opera
3306 691 3526 746 crimen
3558 694 3645 749 di-

2003 769 2162 826 luere
2193 787 2306 827 non
2332 772 2540 844 potuit,
2564 773 2856 829 hominem
2890 774 3069 830 fuisse
3097 790 3233 830 eum
3266 781 3645 848 tyrannorum

2003 859 2526 929 studiosissimum,
2558 869 2611 918 et
2659 863 2757 934 qui
2814 864 3062 919 maxime
3095 865 3360 921 omnium
3418 866 3647 937 luxum,

2003 951 2338 1019 potentiam,
2370 951 2604 1008 divitias
2651 952 3006 1024 nuptiasque
3036 957 3417 1024 tyrannorum
3450 958 3647 1028 suspi-

2003 1045 2153 1094 ceret
2193 1042 2369 1112 atque
2423 1041 2833 1098 admiraretur.
2895 1042 3283 1099 Tutissimum
3343 1049 3432 1102 est
3462 1062 3650 1117 neque

2002 1125 2246 1184 laudare
2303 1127 2534 1185 Philisti
2603 1130 2780 1201 facta,
2841 1146 3028 1202 neque
3103 1132 3367 1190 fortunas
3435 1150 3649 1208 expro-

1999 1215 2192 1273 brare.

2569 1309 2759 1366 394a
2774 1313 2862 1366 Ex
2880 1312 3074 1367 Bruto.

2071 1396 2422 1468 Hujusmodi
2464 1397 2526 1454 in
2578 1399 2784 1471 primis
2812 1400 3079 1473 epistolis
3109 1401 3220 1457 fuit
3247 1405 3479 1459 Brutus.
3511 1404 3643 1460 Jam

1996 1501 2130 1543 vero
2161 1485 2290 1544 aliis
2321 1489 2388 1543 ad
2413 1487 2721 1555 Caesarem,
2747 1489 2876 1546 aliis
2908 1491 2978 1546 ad
2996 1491 3317 1548 Antonium
3337 1492 3641 1549 disceden-

1998 1575 2176 1647 tibus,
2211 1581 2268 1632 et
2309 1578 2655 1635 exercitibus
2706 1578 2864 1635 velut
2903 1580 3012 1636 sub
3057 1597 3318 1651 pracone
3375 1589 3644 1653 prostan-

1996 1665 2175 1734 tibus,
2211 1671 2383 1739 atque
2411 1669 2464 1723 ei
2489 1668 2584 1739 qui
2617 1669 2749 1740 plus
2781 1669 3039 1725 dedisset
3071 1687 3133 1726 se
3165 1671 3641 1743 adjuugentibus,

1993 1755 2320 1828 desperatis
2353 1756 2526 1829 plane
2558 1759 2732 1815 rebus
2781 1757 2945 1815 Italia
2975 1760 3250 1816 excedere
3281 1761 3508 1829 statuit,
3540 1778 3644 1833 pe-

1912 1831 1960 1897 B
1993 1843 2289 1918 destrique
2337 1846 2545 1903 itinere
2587 1864 2685 1919 per
2734 1849 3047 1904 Lucaniam
3098 1850 3168 1905 ad
3229 1865 3390 1906 mare
3446 1831 3642 1909 Eleam

1992 1935 2167 1992 venit.
2231 1935 2370 1992 Inde
2427 1937 2668 1993 Romam
2727 1937 2926 1994 Porcia
2981 1938 3095 2009 (74)
3151 1953 3470 2007 reversura,
3505 1955 3639 1996 cum

1993 2033 2302 2082 conaretur
2331 2025 2620 2082 occultare
2651 2025 2906 2083 dolorem
2950 2043 3123 2099 quem
3157 2027 3352 2084 animo
3421 2029 3493 2086 ob
3552 2029 3643 2085 di-

1988 2129 2254 2185 gressum
2287 2115 2484 2172 mariti
2535 2132 2835 2173 summum
2871 2117 3158 2189 capiebat,
3207 2117 3357 2173 victa
3389 2125 3476 2173 est
3506 2134 3641 2174 con-

1990 2204 2363 2277 templatione
2395 2205 2634 2277 picturae
2665 2206 2992 2277 cujusdam,
3023 2222 3305 2278 generosa
3345 2206 3490 2263 alias
3522 2208 3636 2264 for-

1987 2293 2184 2366 tisque
2215 2295 2447 2351 mulier.
2481 2295 2612 2351 Erat
2658 2299 2855 2352 autem
2888 2296 3127 2367 picturae
3168 2296 3436 2352 Graecum
3468 2312 3637 2367 argu-

1989 2387 2274 2452 mentum,
2301 2385 2711 2442 Andromacha
2733 2387 3037 2442 Hectorem
3061 2385 3370 2456 comitans,
3395 2401 3635 2456 puerum

1990 2475 2059 2531 ab
2090 2491 2158 2532 eo
2218 2476 2507 2532 redditum
2565 2476 2883 2548 accipiens,
2934 2477 3112 2546 inque
3151 2475 3420 2531 maritum
3453 2476 3636 2546 respi-

1988 2564 2170 2622 ciens.
2203 2565 2362 2622 Hane
2393 2565 2682 2636 picturam
2739 2565 2990 2620 intuenti
3042 2563 3278 2632 Porciae,
3325 2564 3634 2620 affectuum

1987 2669 2230 2711 suorum
2264 2653 2486 2724 objecta
2536 2653 2756 2722 efﬁgies
2803 2652 3091 2723 lacrymas
3135 2651 3412 2720 excussit,
3444 2651 3632 2708 inter-

1988 2744 2205 2814 diuque
2230 2758 2384 2815 saepe
2411 2758 2478 2799 eo
2515 2741 2798 2798 accedens
2829 2742 3096 2814 ploravit.

2521 2833 2603 2887 Ea:
2644 2832 2818 2888 Paulo
2848 2830 3097 2888 zEmilio.

2062 2923 2123 2979 In
2137 2939 2254 2995 quo
2275 2921 2610 2994 passionum
2641 2922 2932 2978 variarum
2969 2921 3420 2991 morborumque
3449 2919 3636 2976 inter-

1990 3027 2199 3068 norum
2218 3011 2606 3084 principatum
2638 3010 2806 3066 duxit
2822 3010 3082 3067 avaritia.
3107 3013 3186 3068 De
3209 3009 3413 3067 Perseo
3445 3007 3635 3066 Mace-

1992 3103 2208 3158 donum
2230 3116 2362 3173 rege
2393 3101 2474 3158 ait
2495 3099 2858 3156 Plutarchus.

2470 3288 2555 3342 Ex
2582 3283 2958 3342 Demosthenis
3003 3285 3140 3340 Vita.

2055 3375 2340 3432 Omnibus
2378 3375 2598 3431 auditis
2662 3374 2866 3448 legatis
2914 3372 3358 3429 Atheniensium
3409 3373 3514 3444 qui
3559 3374 3634 3429 ad

1983 3481 2046 3522 se
2072 3469 2372 3534 venerant,
2417 3463 2725 3535 Philippus
2765 3461 3208 3520 accuratissime
3255 3462 3629 3519 Demostheni

1984 3555 2304 3628 respondit.
2338 3555 2566 3611 Honore
2597 3556 2791 3610 autem
2824 3557 2881 3608 et
2910 3551 3279 3608 humanitate
3310 3568 3464 3620 eum,
3516 3569 3631 3622 qua

1984 3650 2244 3714 caeteros,
2275 3661 2392 3701 non
2421 3645 2619 3700 eadem
2663 3648 2752 3698 est
2783 3646 3149 3714 prosecutus,
3208 3640 3542 3696 zEsohinem
3575 3644 3634 3695 et

1982 3735 2370 3792 Philocratem
2401 3734 2589 3804 magis
2619 3731 2943 3802 amplexus.
2978 3729 3366 3794 Quamobrem
3390 3729 3460 3783 iis
3484 3728 3628 3782 Phi-

1983 3824 2210 3896 lippum
2253 3821 2646 3885 laudantibus,
2681 3821 2834 3892 quod
2869 3824 2926 3874 et
2981 3817 3438 3874 facundissimus
3469 3820 3626 3872 esset

1983 3917 2040 3968 et
2072 3910 2550 3976 formosissimus,
2584 3913 2642 3964 et
2669 3908 2928 3980 optimus
2960 3910 3206 3979 potator,
3239 3905 3467 3961 invidias
3499 3920 3628 3960 suc-

1982 3999 2266 4057 cumbens
2341 3998 2411 4053 ad
2462 3997 2792 4053 irridendas
2850 4013 2946 4052 eas
2984 3995 3187 4051 laudes
3241 4010 3303 4050 se
3351 3992 3627 4062 contulit,

1983 4087 2209 4144 nullam
2241 4085 2458 4158 regiam
2475 4085 2708 4141 laudem
2732 4085 2823 4140 hic
2845 4099 2974 4142 esse
3003 4083 3223 4151 dicens,
3256 4083 3354 4139 sed
3379 4082 3629 4154 primum

1985 4175 2223 4246 rhetori,
2251 4175 2498 4232 alterum
2557 4174 2804 4241 mulieri,
2834 4174 3078 4232 tertium
3123 4171 3377 4245 spongiae
3409 4186 3626 4228 conve-

1986 4268 2130 4324 nire.

2055 4449 2283 4505 Mortua
2303 4445 2427 4503 filia
2455 4445 2897 4515 Demosthenes,
2926 4461 3058 4502 cum
3089 4445 3160 4501 de
3191 4443 3353 4501 obitu
3402 4445 3630 4502 occulte

1980 4537 2234 4610 Philippi
2257 4535 2642 4609 cognovisset,
2665 4540 2728 4592 ut
2749 4536 2982 4592 animos
3005 4534 3455 4591 Atheniensium
3473 4535 3628 4591 bona

1980 4627 2313 4685 futurorum
2345 4642 2450 4698 spe
2479 4625 2695 4696 injecta
2729 4627 3170 4697 praeoccuparet,
3201 4623 3332 4680 ιωιο
3363 4622 3529 4679 vultu
3565 4624 3624 4680 in

1977 4726 2245 4775 senatum
2279 4716 2516 4790 prodiit,
2549 4715 2846 4771 somnium
2872 4730 2932 4771 se
2959 4713 3174 4770 vidisse
3217 4713 3426 4781 ferens,
3469 4715 3624 4784 quod

1977 4823 2250 4880 magnam
2305 4806 2559 4880 aliquam
2593 4803 2807 4877 populo
2839 4803 3176 4860 felicitatem
3237 4802 3624 4874 protenderet.

1973 4896 2152 4953 Paulo
2184 4899 2313 4967 post
2339 4896 2597 4962 adfuere,
2633 4893 2734 4966 qui
2774 4893 3107 4965 Philippum
3139 4892 3258 4948 vita
3308 4890 3625 4946 excessisse

1974 4985 2362 5042 enuntiarent.
2389 4989 2740 5056 Progressus
2771 4987 2863 5039 est
2891 4983 3066 5038 etiam
3099 4982 3158 5037 in
3191 4978 3495 5052 publicum
3513 4984 3624 5036 De-

1977 5074 2311 5131 mosthenes
2333 5072 2638 5146 splendide
2658 5072 2905 5130 vestitus
2928 5086 2992 5127 ac
3014 5073 3346 5136 coronatus,
3378 5067 3624 5140 septimo

1569 5173 1744 5228 VARI
1763 5176 1813 5228 ,Ε
1855 5173 2162 5230 LECTION
2172 5172 2268 5228 ES.

292 5260 340 5334 ξο
368 5259 692 5334 κόσμουμςῖ
713 5331 744 5334 Α,
797 5262 840 5298 ⁸¹
870 5258 1144 5334 πλούτους
1354 5261 1402 5296 ⁸³
1427 5258 1481 5314 ἐν
1517 5261 1635 5333 μέν]
1665 5277 1713 5316 οο
1741 5262 1834 5334 23-

797 5262 840 5298 ⁸¹
870 5258 1144 5336 πλούτους

217 5330 521 5406 πολιορκία
547 5330 647 5440 ςί
705 5331 752 5367 ⁸⁸
774 5330 1108 5440 ’ΈκτωρᾸ-ἐκ
1135 5330 1240 5388 τῶν
1273 5339 1329 5389 Β.
1407 5335 1450 5368 ⁸⁷
1480 5330 1820 5405 κομιζομένη
1856 5339 1915 5388 Β.

221 5407 287 5440 3.1
320 5423 348 5440 η
406 5407 439 5440 9
536 5403 557 5438 7
612 5403 944 5440 :....:..._...-...
1157 5405 1199 5440 τι
1235 5401 1290 5440 xz
1323 5421 1414 5440 nm
1478 5406 1507 5440 Δ
1639 5405 1686 5439 1s
1723 5400 1912 5440 μηδὲ

220 5407 287 5480 ᾧ]
320 5423 368 5462 c.
394 5401 458 5461 ⁷8.
536 5401 585 5440 ⁷⁸
612 5401 1060 5479 ἐπρώτευσεν
1157 5405 1199 5441 ⁷¹
1235 5401 1290 5460 δὲ
1323 5421 1442 5462 om.
1469 5401 1567 5460 A.‘
1639 5401 1701 5439 ’⁷⁸-
1723 5401 1991 5478 βασιλέως
2024 5401 2158 5460 add.
2196 5407 2256 5462 Β.

219 5477 362 5539 λέως
402 5473 458 5531 δέ
489 5485 532 5531 Α
577 5495 603 5550 :A
626 5474 682 5530 δὲ
717 5475 988 5550 βασιλέως
1175 5477 1224 5550 7⁸
1255 5476 1360 5550 ὅτι]
1393 5494 1444 5550 ο.
1475 5477 1568 5531 22.
1647 5473 1814 5550 71106
1830 5493 1962 5550 2m.
1994 5476 2056 5532 Β.
2162 5475 2209 5510 ⁷⁸
2240 5497 2256 5528 1

221 5555 390 5626 ρῆσαν
423 5553 555 5622 post
581 5544 1222 5624 ἀπαγγέλλοντείροῐιὶι
1249 5552 1315 5605 Α.
1343 5544 1360 5550 ’
1391 5547 1437 5584 δί
1469 5544 1778 5622 προσῆλθεν
1813 5546 1896 5620 ς’.

1047 5447 1060 5458 .
1157 5405 1199 5441 ⁷¹
1235 5401 1290 5460 δὲ
1323 5421 1442 5462 om.
1469 5406 1536 5460 A.

612 5405 944 5479 ἐπρώτευσεν

320 5423 368 5462 θ’
404 5407 458 5480 .8:

1941 5260 2174 5334 ⁶³νένίων

2385 5260 2431 5346 0:
2458 5261 2587 5346 ἧκεν
2620 5264 2710 5346 Δις
2744 5255 3006 5346 ἐπανῆκεν
3166 5329 3177 5346 1
3219 5256 3266 5292 ⁸⁵
3299 5252 3616 5346 Πορκίαέρ

1992 5333 2041 5367 ⁸⁸
2071 5327 2358 5404 Αἰμιλίου]
2393 5330 2631 5400 Βρούτου
2662 5335 2709 5387 Α
2745 5348 2759 5386 :
2799 5337 2836 5385 Β
2866 5331 3022 5387 enim
3055 5327 3286 5386 titulum
3319 5327 3430 5385 om.
3500 5327 3544 5362 ⁸⁸
3570 5327 3621 5381 ἒν

2024 5406 2158 5460 add.
2354 5403 2398 5438 ⁷³
2423 5403 2532 5476 δτι]
2564 5419 2615 5458 c.
2650 5405 2735 5460 16.
2919 5401 3011 5473 μὶν
3047 5404 3180 5476 add.
3215 5405 3304 5476 A._
3383 5399 3616 5476 “ﬁam-v.-

2196 5407 2256 5462 Β.
2339 5399 2398 5438 ’⁷³
2426 5399 2532 5476 ὅτι]
2564 5419 2615 5458 c.
2650 5405 2735 5460 16.
2838 5402 2885 5437 ⁷⁴
2919 5401 3011 5473 μὶν
3047 5404 3180 5458 add.
3215 5405 3279 5458 A.
3383 5399 3429 5436 ⁷⁵
3459 5399 3616 5507 ἔασι-

2162 5475 2209 5510 τδ
2240 5472 2519 5550 προσῆλθε
2549 5491 2638 5547 pr.
2670 5477 2736 5531 A.
2839 5473 2887 5510 7’
2916 5472 3240 5544 Ἀθηναίους
3271 5473 3340 5531 D.
3437 5472 3458 5508 ⁸
3511 5491 3619 5526 πα-

289 5729 404 5803 (74)
433 5728 526 5788 Sic
555 5729 1004 5790 emendandum.
1030 5726 1178 5786 Male
1208 5726 1361 5783 enim
1387 5727 1480 5784 hic
1509 5636 2101 5800 πολιορκίαῗῗᾷέῗυιυ,
2136 5742 2238 5800 pro
2269 5723 2523 5800 Πορκίαν.
2556 5727 2776 5799 Porcia,
2811 5726 2972 5786 Bruti
3004 5741 3162 5784 uxor.
