4066 6216
434 329 590 393 1439
1639 322 1895 383 PHOTII
1942 322 2078 383 PA'I

2195 322 2464 383 ARCHJE
2510 320 2623 383 ΟΡ.
3696 328 3860 389 14ιο

429 486 463 524 a
494 470 672 523 morte
702 466 830 520 ﬁliae
862 479 978 519 suae
1010 461 1120 526 die,
1155 460 1308 531 quod
1347 457 1649 514 [Eschines
1682 458 2071 529 exprobrandi

2195 458 2420 528 ιμάτιον,
2478 451 2721 530 ἑϐδόμην
2780 454 2990 530 ἡμέραν
3057 464 3155 527 τῆς
3212 460 3479 536 θυγατρὸς
3533 460 3719 518 mito-t5
3788 486 3865 519 τεε

433 573 607 613 causa
636 556 829 621 refert,
862 551 1354 607 inbumanitatem
1412 548 1461 603 ei
1495 563 1629 620 erga
1660 548 1871 605 liberos
1920 549 2066 619 obji-

2195 547 2457 619 δνηκυίας,
2531 548 2604 611 ὡς
2664 548 2931 624 Αἰσχίνης
3005 551 3134 623 φησὲ
3192 549 3463 627 λοιδορῶν
3522 554 3693 610 αὐτὸν
3778 556 3861 611 ἐπί

433 648 593 702 ciens
627 642 1000 711 :mollisipse
1021 645 1076 695 et
1111 640 1407 708 degeneris
1439 638 1644 703 animi,
1678 638 1726 693 si
1760 638 1981 695 luctum
2014 642 2070 695 et

2195 635 2352 708 τούτῳ
2399 637 2488 691 καὶ
2536 641 2864 711 κατηγορῶν
2914 635 3081 692 αὐτοῦ
3135 642 3503 714 μισοτεκνίαν,
3554 642 3734 705 αὐτὸς
3791 643 3863 696 ὧν

432 736 712 805 ejulalum
748 730 1031 786 mansueti
1064 728 1241 784 animi
1272 732 1329 783 et
1361 744 1598 783 suorum
1624 728 1874 784 amantis
1904 729 2070 800 signa

2195 724 2403 800 ἰγεννής
2449 727 2541 779 καὶ
2587 726 2855 799 μαλακὸς,
2887 725 2933 781 εί
2980 727 3044 782 τὸ
3074 730 3323 783 ταπεινὸν
3354 730 3446 783 καὶ
3500 731 3640 794 τοὺς
3693 730 3866 808 ὀδυρ-

432 824 675 892 censuit,
707 823 834 877 sine
866 820 1085 875 doloris
1116 823 1309 874 autem
1344 834 1521 874 sensu
1554 822 1609 872 et
1632 818 1882 874 molliter
1899 835 2072 873 casus

2195 813 2319 877 min:
2370 814 2582 889 ἡμέρου
2630 816 2723 870 καὶ
2783 813 3153 892 φιλοστόργου
3210 821 3398 892 ψυχῆς
3456 826 3709 875 ποιεῖται
3762 843 3869 892 σηο

431 912 765 984 hujusmodi
799 912 966 977 ferre,
1015 910 1072 963 in
1105 909 1243 962 vitio
1302 907 1517 979 posuit.
1569 906 1852 977 Equidem
1894 907 2074 963 Athe-

2195 909 2330 974 asiar,
2362 906 2423 960 τὸ
2456 904 2512 959 δὲ
2562 904 2792 968 ἀλύπως
2824 906 2913 960 καὶ
2965 908 3157 981 πράως
3194 912 3361 963 ταῦτα
3406 910 3591 984 φέρειν
3648 910 3865 966 ἀπεδο-

431 1003 739 1060 niensibus
771 1002 1046 1056 decorum
1084 999 1282 1065 fuisse,
1338 997 1410 1053 ob
1465 1000 1707 1052 mortem
1770 997 1947 1068 regis,
1978 997 2072 1067 qui

2195 991 2424 1065 ιίμαζεν.
2482 995 2625 1069 Ἐγὼ
2703 991 2759 1049 δὲ
2836 994 2910 1055 ὡς
2976 996 3072 1067 μὲν
3141 994 3228 1051 ἐπὶ
3292 997 3503 1069 θανάτῳ
3576 1000 3867 1074 βασιλέως

429 1098 549 1149 tam
586 1091 925 1147 clementem
986 1088 1153 1143 victis
1202 1104 1264 1142 se
1313 1086 1394 1141 eis
1450 1086 1772 1156 praebuerat
1829 1102 2072 1142 coronas

2195 1085 2405 1161 ἡμέρως
2437 1087 2483 1121 ⁸²
2514 1084 2656 1140 οὕτω
2686 1084 2775 1139 καὶ
2808 1083 3232 1163 φιλανθρώπως,
3258 1087 3308 1142 έν
3339 1092 3421 1150 οἷς
3452 1090 3755 1166 ηὐτύχησε
3791 1094 3863 1155 33,

434 1182 604 1249 ferre,
627 1186 803 1252 atque
826 1180 1001 1234 etiam
1024 1177 1375 1241 sacriﬁcare,
1412 1191 1773 1246 nequaquam
1809 1175 2071 1231 afﬁrmo:

2195 1176 2534 1249 χρησαμένου
2588 1176 2873 1230 πταίσασιν
2902 1175 2950 1210 ⁸⁴
3005 1175 3192 1240 αὐτοῖς
3250 1186 3685 1257 στεφανηιρορεῐν
3747 1202 3855 1235 κιο

432 1287 567 1327 nam
592 1274 981 1341 praeterquam
1020 1266 1170 1338 quod
1218 1265 1569 1320 invidiosum
1612 1264 1719 1320 hoc
1771 1269 1880 1333 est,
1922 1264 2071 1318 indi-

2195 1267 2295 1326 λῶς
2341 1265 2459 1338 εἶχε
2498 1264 2589 1317 καὶ
2640 1264 2806 1331 θύειν,
2852 1263 2951 1319 οὐκ
2999 1266 3058 1319 ἃν
3109 1264 3323 1340 εἴποιμι
3358 1285 3371 1297 '
3414 1269 3552 1342 πρὸς
3603 1270 3711 1344 γὰρ
3777 1277 3861 1343 τῷ

434 1377 613 1434 gnum
647 1360 821 1414 etiam
852 1357 1121 1429 ingenuis
1152 1354 1486 1411 hominibus
1505 1360 1648 1424 erat,
1682 1370 1853 1426 quem
1886 1354 2075 1410 viven-

435 1454 553 1505 tem
587 1448 909 1503 honoribus
948 1444 1298 1514 afl'ecissent,
1332 1459 1396 1498 ac
1454 1443 1685 1499 civitate
1735 1444 2075 1511 donassent,

436 1540 624 1595 894b
656 1539 727 1593 ob
750 1539 876 1607 ejus
910 1540 1154 1592 mortem
1185 1535 1477 1590 exsultare
1508 1533 1741 1605 gaudio,
1775 1534 2077 1590 defunctos

437 1646 549 1701 que
578 1628 885 1684 insultare.
920 1627 1078 1691 Quod
1113 1633 1306 1681 autem
1342 1623 1721 1679 domesticam
1776 1622 2075 1680 calamita-

436 1726 550 1777 tem
594 1720 919 1775 deﬂendam
965 1716 1308 1772 mulieribus
1341 1714 1577 1786 reliquit
1634 1714 2079 1784 Demosthenes,

437 1811 557 1883 ipse
604 1827 689 1877 ea,
742 1825 871 1879 qua
904 1825 932 1861 e
991 1805 1291 1878 republica
1348 1820 1475 1860 esse
1533 1804 1795 1859 crederet
1853 1805 2080 1876 agenda

439 1899 780 1971 suscipiens,
809 1897 866 1953 id
912 1896 1105 1965 laudo,
1159 1896 1595 1966 profectumque
1628 1910 1661 1949 a
1718 1894 1853 1949 forti
1887 1894 2079 1949 animo

437 1990 709 2060 civilique
739 1988 953 2059 judico,
986 1988 1157 2056 cujus
1184 1984 1441 2040 ofﬁcium
1476 1990 1563 2038 est
1614 1999 1847 2056 semper
1884 1984 2079 2055 reipu-

438 2081 602 2136 blicae
632 2080 917 2133 intentum
940 2092 1089 2145 esse,
1114 2076 1280 2147 eique
1305 2090 1397 2131 res
1416 2090 1701 2146 casusque
1730 2075 2082 2132 domesticos

436 2177 804 2241 postponere,
870 2182 1213 2238 semperque
1270 2166 1612 2236 dignitatem
1674 2180 1841 2219 suam
1905 2163 2078 2230 tueri,

439 2257 626 2314 multo
658 2255 845 2327 magis
868 2271 1039 2326 quam
1082 2255 1142 2309 in
1173 2254 1366 2310 scenis
1399 2253 1713 2309 histriones
1746 2252 1965 2308 faciunt
1987 2268 2083 2307 re-

439 2346 528 2420 gis
561 2349 665 2402 aut
694 2343 923 2416 tyranni
955 2358 1263 2415 personam
1297 2346 1533 2414 agentes
1560 2358 1573 2395 :
1624 2357 1771 2412 quos
1801 2342 1961 2413 ipsos
1991 2342 2085 2397 vi-

443 2437 650 2491 demus
682 2451 796 2490 non
831 2438 892 2489 ut
920 2433 1060 2504 ipsis
1100 2432 1332 2487 libitum
1364 2438 1449 2487 est
1492 2430 1580 2487 vel
1610 2432 1801 2487 ridere
1837 2432 1924 2487 vel
1956 2431 2081 2503 plo-

440 2541 587 2593 rare,
612 2523 715 2580 sed
746 2528 810 2578 ut
841 2524 986 2578 ratio
1019 2520 1302 2593 propositi
1334 2538 1406 2591 ap
1432 2521 1718 2591 agendum
1752 2521 2084 2592 argumenti

438 2615 698 2687 requirit.
730 2615 858 2670 Jam
891 2614 941 2668 si
972 2616 1171 2668 contra
1202 2611 1459 2668 ofﬁcium
1492 2615 1599 2679 est,
1624 2612 1801 2666 ictum
1827 2610 2079 2683 aliquem

438 2705 757 2761 infortunio
792 2702 1104 2775 negligere,
1142 2702 1377 2773 patique
1429 2710 1491 2756 ut
1547 2702 1596 2756 is
1655 2701 1848 2757 omnis
1878 2717 2082 2772 expers

439 2794 856 2851 consolationis
914 2807 1155 2849 maerore
1204 2808 1266 2847 se
1310 2807 1412 2847 suo
1458 2790 1745 2861 conﬁciat,
1777 2791 1877 2846 sed
1905 2794 1960 2845 et
1999 2790 2082 2846 le-

437 2889 660 2944 vandus
716 2888 905 2945 verbis
945 2886 1071 2957 ejus
1130 2885 1293 2941 dolor
1329 2889 1436 2952 est,
1478 2889 1535 2941 et
1582 2884 1961 2940 abducendus
2008 2885 2081 2938 ad

438 2996 631 3035 rerum
680 2978 967 3034 laetiorum
1010 2976 1420 3050 cogitationem
1483 2976 1736 3046 animus,
1787 2975 2080 3047 quomodo

437 3084 506 3124 ex
555 3068 737 3124 oculis
768 3066 1097 3123 laborantes
1136 3083 1166 3120 a
1214 3067 1475 3120 contuitu
1518 3080 1712 3120 rerum
1754 3063 2081 3134 splendida-
2111 3095 2153 3161 Ο

438 3173 571 3213 rum
635 3174 854 3226 suoque
923 3156 1147 3228 fulgore
1212 3171 1310 3210 eos
1369 3153 1721 3221 ferientium,
1780 3154 2082 3210 deﬂectere

440 3249 742 3316 aspectum
784 3245 843 3299 in
892 3245 1105 3300 virides
1146 3248 1202 3299 et
1251 3243 1457 3299 molles
1514 3242 1737 3299 colores
1779 3244 2079 3312 jubemus,

439 3334 595 3406 quod
654 3335 887 3389 tandem
947 3332 1144 3404 patriis
1202 3331 1420 3402 lugenti
1471 3330 1681 3385 melius
1740 3332 2082 3388 consolandi

2183 1357 2466 1427 νεμεσητῷ
2509 1352 2599 1408 καὶ
2660 1354 2871 1429 ἀγεννὲς
2925 1359 3098 1424 ζῶντα
3154 1357 3249 1429 μὲν
3298 1363 3463 1431 τιμᾷν
3528 1360 3623 1413 καὶ
3674 1368 3859 1416 ποιεῖ-

2184 1445 2305 1499 σθαι
2349 1442 2608 1514 πολίτην,
2641 1445 2899 1507 πεσόντος
2946 1442 3003 1499 δὲ
3035 1446 3123 1519 ὑφ’
3175 1446 3358 1524 ἑτέρου
3406 1450 3485 1521 μὴ
3536 1447 3722 1527 φέρειν
3755 1454 3857 1519 τήν

2186 1534 2361 1612 χαρὰν
2427 1532 2679 1609 μετρίως,
2748 1532 2876 1590 ἀλλ’
2946 1534 3261 1612 ἐπισκιρτᾷν
3319 1542 3398 1609 τῷ
3468 1544 3670 1613 νεκρῷ.
3728 1543 3853 1595 Ὀτι

2191 1622 2375 1697 μέντοι
2435 1622 2531 1686 τὰς
2587 1622 2732 1678 οἴκοι
2779 1622 2954 1699 τύχας
3008 1625 3096 1679 καὶ
3158 1623 3360 1699 δάκρυα
3416 1629 3507 1681 καὶ
3569 1626 3851 1703 ὀδυρμοὺς

2187 1712 2476 1768 ἀπολιπὼν
2504 1714 2552 1748 ⁸⁵
2580 1719 2699 1776 ταῖς
2736 1714 2970 1789 γυναιξὶν
3000 1716 3028 1770 ὁ
3074 1719 3450 1788 Δημοσθένης,
3487 1718 3521 1771 ἃ
3685 1719 3850 1774 πόλει

2188 1802 2477 1879 συμφέρειν
2524 1800 2682 1876 ᾤετο,
2730 1809 2900 1860 ταῦτα
2949 1804 3228 1880 ἔπραττεν,
3281 1808 3513 1879 ἐπαινῶ,
3562 1810 3656 1863 καὶ
3711 1810 3852 1864 τίθει

2193 1914 2288 1966 μαι
2335 1891 2629 1963 πολιτικῆς
2682 1894 2772 1948 καὶ
2823 1892 3131 1971 ἀνδρώδους
3178 1900 3391 1970 ψυχῆς,
3444 1898 3534 1952 ἀεὶ
3602 1901 3742 1975 πρὸς
3792 1902 3850 1955 τὸ

2194 1983 2381 2037 κοινὸν
2438 1982 2793 2056 ἐνιττάμενον
2868 1984 2957 2038 καὶ
3024 1986 3089 2039 τὰ
3149 1986 3323 2041 οἰκεῖα
3397 1987 3703 2065 πράγματα
3765 1991 3850 2044 καὶ

2191 2074 2335 2143 πάθη
2369 2077 2487 2135 τοῖς
2538 2071 2830 2146 δημοσίοις
2882 2074 3237 2152 ἐπανέχοντα,
3286 2084 3474 2151 τηρεῖν
3529 2081 3589 2133 τὸ
3640 2080 3849 2154 ἀξίωμα

2192 2161 2338 2217 πολὺ
2397 2160 2610 2235 μᾶλλον
2648 2160 2683 2231 ἢ
2714 2161 2845 2225 τοὺς
2900 2164 3197 2237 ὑποκριτὰς
3244 2170 3353 2220 τῶν
3412 2165 3717 2240 βασιλικῶν
3768 2168 3851 2222 καὶ

2190 2258 2524 2327 τυραννικῶν
2562 2254 2609 2289 ⁸⁸
2656 2252 2989 2324 προσώπων,
3043 2252 3134 2317 οὓς
3184 2256 3400 2329 ὁρῶμεν
3449 2254 3580 2312 οὔτε
3640 2259 3857 2313 κλαίον-

2191 2364 2288 2406 τας
2317 2342 2440 2400 οἰὶτε
2487 2344 2767 2422 γελῶντας
2796 2346 2847 2400 ἐν
2899 2352 3015 2410 τοῖς
3046 2349 3290 2423 θεάτροις
3342 2350 3419 2411 ὡς
3471 2349 3632 2405 αὐτοὶ
3675 2350 3854 2406 θέλου-

2195 2457 2297 2504 σιν,
2328 2433 2455 2490 ἆλλ¹
2487 2436 2563 2497 ὡς
2595 2436 2622 2489 ὁ
2654 2435 2801 2512 ἀγὼν
2832 2435 3048 2492 ἀπαιτεῖ
3093 2438 3229 2510 πρὸς
3258 2440 3361 2508 τήν
3414 2438 3701 2499 ὑπόθεσιν.
3743 2449 3854 2497 Xm-

2192 2526 2274 2600 ρὶς
2307 2522 2365 2579 δὶ
2396 2524 2600 2579 τούτων
2634 2521 2739 2580 ἔδει
2771 2524 2863 2580 τόν
2896 2526 3243 2602 ἀτυχήσαντα
3281 2530 3359 2601 μή
3392 2535 3662 2604 περιορᾷν
3693 2530 3855 2605 dmp-

2191 2614 2469 2691 ηγόρητον
2502 2612 2554 2669 ἐν
2606 2612 2685 2687 τῷ
2722 2615 2953 2690 πάσχειν
3013 2615 3289 2689 κείμενον,
3323 2615 3473 2673 ἀλλὰ
3522 2619 3617 2673 καὶ
3671 2618 3851 2694 λόγοις

2190 2705 2427 2780 χρῆσθαι
2477 2703 2793 2781 κουφίζουσι
2840 2704 2930 2757 καὶ
2970 2705 3108 2780 πρὸς
3175 2703 3318 2775 ἡδίω
3368 2708 3677 2782 πράγματα
3734 2710 3849 2782 τρέε

2191 2814 2309 2848 πειν
2346 2794 2393 2832 ⁸⁷
2448 2792 2550 2865 τὴν
2611 2791 2871 2863 διάνοιαν,
2924 2792 3103 2867 ὥσπερ
3164 2795 3292 2858 τοὺς
3345 2796 3847 2874 ὀφθαλμιῶνταςα

2192 2883 2298 2939 ἀπὸ
2336 2888 2444 2938 τῶν
2498 2882 2766 2959 λαμπρῶν
2796 2884 2887 2938 καὶ
2937 2883 3246 2941 ἀντιτύπων
3276 2886 3365 2941 ἐπὶ
3413 2886 3483 2942 τὰ
3516 2886 3735 2960 μαλακὰ
3760 2887 3843 2940 καί

2191 2972 2393 3052 χλωρά
2423 2975 2698 3048 χρώματα
2728 2976 2827 3044 τήν
2879 2970 3001 3048 ὄψιν
3030 2975 3257 3049 ἀπάγειν
3305 2974 3648 3037 κελεύοντες.
3683 2974 3846 3031 Πόθεν

2191 3062 2250 3117 ἄν
2283 3064 2330 3100 3’
2373 3085 2458 3127 τις
2512 3061 2770 3140 ἐπάγοιτο
2825 3062 3027 3139 βελτίω
3067 3067 3433 3143 παρηγορίαν,
3492 3068 3523 3135 ἢ
3582 3063 3847 3138 πατρίδος

2192 3152 2529 3227 εὐτυχούσης
2588 3152 2646 3208 ἐκ
2699 3159 2808 3209 τῶν
2867 3160 3063 3209 κοινῶν
3126 3156 3315 3210 παθῶν
3382 3155 3468 3209 ἰπὶ
3535 3154 3603 3209 τὰ
3663 3153 3845 3209 οἰκεῖα

2192 3242 2479 3318 σύγκρασιν
2552 3244 2939 3316 ποριζόμενος,
3000 3244 3136 3318 [καὶ]
3211 3250 3331 3308 τοῖς
3412 3242 3695 3319 βελτίοσιν
3769 3244 3846 3297 ὲν-

2191 3331 2555 3407 αφανίζουσαν
2587 3333 2636 3367 9°
2665 3333 2731 3387 τὰ
2763 3333 2934 3407 χείρω
2960 3351 2973 3401 ;

439 3438 625 3496 genus
656 3422 928 3477 adhibeat
959 3420 1191 3493 aliquis,
1226 3437 1400 3492 quam
1424 3420 1473 3476 si
1496 3421 1849 3476 domesticas
1879 3421 2239 3480 calamitates
2288 3441 2420 3478 cum
2483 3424 2731 3493 publicis
2782 3423 3140 3496 temperarit,
3173 3423 3520 3481 melioribus
3572 3424 3842 3481 deteriora

440 3512 758 3569 obscuret?

508 3601 711 3659 Victus
781 3618 1036 3670 munere,
1093 3601 1304 3674 inquit,
1357 3601 1589 3673 Harpali
1636 3600 2080 3670 Demosthenes,

441 3693 863 3769 perculsusque
900 3692 1139 3765 perinde
1178 3709 1243 3748 ac
1295 3692 1344 3747 si
1399 3692 1733 3765 praesidium
1790 3692 1903 3748 sibi
1936 3697 2087 3749 esset

440 3784 803 3857 impositum,
836 3784 965 3854 ejus
998 3780 1257 3852 partibus
1279 3797 1341 3837 se
1370 3782 1654 3853 adjunxit.
1679 3782 1747 3836 Et
1778 3789 2086 3838 convocata

439 3872 839 3941 multitudine,
873 3888 999 3943 quae
1025 3873 1094 3927 de
1124 3869 1349 3942 Harpali
1383 3872 1555 3927 rebus
1586 3871 2082 3940 animadversura,

443 3962 871 4018 contradixerat
926 3961 1083 4017 enim
1138 3960 1210 4016 iis
1261 3960 1362 4032 qui
1411 3976 1643 4016 servare
1699 3966 1977 4031 cuperent
2030 3966 2085 4017 et

441 4068 574 4108 eum
607 4050 923 4122 suscipere,
957 4055 1266 4121 antequam
1308 4066 1449 4106 auro
1476 4067 1717 4106 manum
1749 4050 2081 4123 implesset:

442 4146 598 4199 recte
637 4146 693 4197 et
721 4142 869 4197 bene
898 4139 1045 4195 collo
1078 4140 1212 4195 lana
1260 4147 1312 4195 el
1359 4139 1556 4195 fasciis
1614 4145 1880 4196 accurate
1917 4140 2082 4196 invo-

443 4231 561 4288 luto
592 4231 653 4286 in
684 4232 1023 4289 concionem
1066 4230 1297 4300 prodiit,
1324 4231 1639 4303 jussusque
1670 4232 1739 4285 ad
1772 4230 2082 4287 dicendum

444 4337 703 4393 surgere,
733 4337 928 4376 vocem
962 4321 1074 4377 sibi
1098 4320 1462 4377 intercidisse
1488 4319 1703 4378 innuit.
1736 4319 2084 4377 Urbaniores

444 4414 642 4466 autem
674 4410 941 4466 homines
966 4410 1412 4479 cavillabantur,
1456 4427 1569 4467 non
1594 4410 1831 4482 angina,
1864 4411 1960 4466 sed
1994 4427 2085 4467 ar-

441 4499 795 4572 gentangina
821 4504 987 4556 nocte
1015 4503 1348 4571 correptum
1376 4503 1662 4557 oratorem
1696 4499 1973 4557 dicentes.

518 4685 830 4756 Postquam
862 4682 921 4739 in
956 4682 1225 4739 exsilium
1267 4687 1502 4756 propter
1548 4686 1785 4754 accepta
1832 4683 1901 4737 ab
1951 4683 2086 4737 Har-

444 4775 574 4848 palo
593 4774 709 4847 (75)
743 4790 983 4829 munera
1023 4774 1223 4845 pulsus
1253 4777 1408 4829 esset
1461 4771 1903 4839 Demosthenes,
1958 4771 2089 4827 ado-

442 4866 729 4922 lescentes
761 4864 860 4938 qui
896 4864 965 4919 ad
1006 4880 1068 4919 se
1098 4862 1539 4932 conveniebant,
1580 4871 1633 4917 et
1667 4860 2089 4917 consuetudine

443 4956 633 5027 ipsius
663 4955 994 5025 utebantur,
1022 4970 1056 5009 a
1094 4952 1393 5024 republica
1424 4950 1837 5008 dehortabatur
1866 4950 2090 5018 dicens,

2267 3605 2387 3657 ’Ὀτι
2419 3603 2465 3638 θί
2522 3600 2892 3675 Δημοσθένης,
2944 3602 3098 3679 φησὶ,
3158 3601 3395 3677 πληγεὶς
3451 3604 3559 3657 ὑπὸ
3602 3610 3704 3672 τῆς
3752 3600 3850 3658 δω-

2196 3689 2448 3768 ροδοκίας
2498 3692 2775 3767 Ἁρπάλου
2807 3693 2876 3761 ”,
2932 3692 3116 3768 ὥσπερ
3148 3693 3193 3729 ⁸³
3233 3689 3562 3768 δεδεγμένος
3593 3693 3645 3727 ⁹⁴
3694 3714 3853 3770 φρου-

2194 3781 2313 3855 ρὰν,
2390 3784 2872 3857 προσεκεχωρήκει
2922 3782 2971 3817 9⁵
3059 3781 3231 3854 αύτῷ,
3300 3783 3398 3835 Καὶ
3480 3782 3852 3855 ἀθροισθείσης

2194 3868 2489 3940 ἐκκλησίας
2520 3872 2555 3941 ἢ
2610 3866 2814 3945 ἔμελλε
2842 3872 2909 3927 τὰ
2955 3871 3076 3947 περί
3126 3868 3410 3944 Ἅρπαλον
3462 3870 3853 3945 ἐπισκέψασθαι

2193 3958 2542 4035 (ιίιντέλεγεεθί⁵
2593 3963 2718 4034 [644
2775 3962 2870 4035 Η.]
2928 3962 3033 4037 γὰρ
3079 3966 3195 4022 τοῖς
3249 3959 3621 4037 βουλομένοις
3665 3962 3851 4031 σώζειν

2193 4048 2351 4105 αὐτὸν
2402 4051 2491 4105 καὶ
2548 4048 2799 4126 δέχεσθαι
2847 4052 2954 4127 πρὸ
2994 4055 3093 4106 τοῦ
3142 4052 3240 4119 τήν
3293 4054 3457 4125 χεῖρα
3508 4055 3589 4121 τῷ
3643 4051 3852 4126 χρυσίῳ

2195 4140 2504 4214 ὑποσχεῖν),
2559 4137 2615 4194 εὖ
2673 4141 2761 4195 καὶ
2831 4137 3016 4203 καλῶς
3062 4139 3230 4216 ἐρίοις
3288 4140 3378 4195 καὶ
3427 4140 3667 4204 ταινίαις
3722 4140 3852 4196 κατᾶ

2190 4233 2288 4285 τοῦ
2362 4227 2651 4305 τραχήλου
2724 4229 3147 4302 κατελιξάμενος
3214 4228 3290 4291 είς
3371 4229 3471 4297 τήν
3553 4226 3848 4299 Euadne-im

2191 4317 2462 4394 προῆλθε,
2511 4318 2600 4373 καὶ
2653 4317 2987 4373 κελευόντων
3033 4318 3343 4373 ἀνίστασθαι
3395 4319 3483 4372 καὶ
3539 4317 3719 4391 λέγειν
3769 4317 3849 4371 διο

2194 4409 2362 4463 ένευεν
2420 4409 2494 4471 ὡς
2557 4409 3013 4481 ἀποκεκομμένης
3074 4407 3219 4480 αύτῷ
3267 4415 3365 4477 τῆς
3416 4414 3625 4483 φωνῆς.
3675 4409 3739 4463 0i
3798 4406 3847 4462 δὲ

2115 4540 2161 4605 D
2194 4500 2407 4577 εὐφυεῖς
2445 4495 2801 4573 χλευάζοντες
2834 4496 2941 4574 οὐχ
2975 4497 3079 4553 ὑπὸ
3110 4498 3391 4575 συνάγχης
3435 4493 3694 4573 ἔφραζον,
3724 4495 3849 4551 ἀλλ’

2204 4588 2218 4605 .
2387 4589 2397 4605 .
2618 4585 2659 4605 ,κ
2682 4593 2709 4605 -
2760 4588 2785 4605 ,ι
2920 4590 2932 4605 .
3157 4588 3172 4602 .
3249 4583 3273 4605 ε.
3533 4585 3545 4601 .

2193 4588 2556 4664 ἀργυράγχης
2588 4585 2847 4662 εἰλῆφθαι
2877 4590 3089 4663 νύκτωρ
3118 4588 3211 4642 τὸν
3246 4583 3595 4661 δημαγωγόν.

2265 4681 2425 4753 [1196
2474 4680 2566 4751 Η.]
2596 4676 2786 4732 “Οτι⁹’⁷
2836 4677 2970 4751 μετὰ
3008 4677 3071 4731 τὸ
3121 4672 3517 4755 φυγαδευθῆναι
3567 4670 3737 4728 Bri“
3786 4674 3856 4729 τὰ

2195 4766 2495 4843 ⁴Ἀριιεάλεια
2542 4768 2810 4843 χρήματα
2856 4766 3209 4838 Δημοσθένης
3259 4768 3304 4801 ⁹⁹
3348 4764 3475 4826 τοὺς
3525 4764 3852 4838 προσιόντας

2198 4857 2347 4930 αύτῷ
2398 4858 2486 4912 καὶ
2534 4853 3006 4933 συνδιατρίϐοντας
3056 4854 3371 4918 νεανίσκους
3426 4855 3701 4929 ἀπέτρεπε
3755 4862 3848 4923 τῆς

2201 4946 2504 5019 πολιτείας,
2556 4946 2732 5023 λέγων
2794 4945 2867 5007 ὡς
2918 4945 2965 5000 εἰ
3023 4942 3165 5001 δυεῖν
3199 4951 3215 4984 ί
3273 4944 3422 5016 αὐτῷ
3475 4944 3848 5019 προκειμένων

1790 5039 2034 5095 VARl/E
2073 5038 2485 5095 LECTIONES.

516 5134 560 5167 ⁸³
636 5131 800 5206 μέρου
833 5138 898 5189 Α.

450 5201 747 5275 βασιλικῶν
777 5211 834 5259 Β.

452 5272 702 5349 μ-ιοῦντας
954 5276 1000 5349 ἓν
1031 5272 1116 5349 ἂν]
1159 5272 1256 5349 οὖν
1298 5272 1358 5331 ἄν
1387 5276 1448 5331 Β.

448 5343 728 5416 ’Ἅρπαλος
752 5343 829 5415 λ,
864 5349 891 5402 ὁ
923 5348 1025 5420 γὰρ
1058 5343 1338 5419 ’Ἅρπαλος
1372 5356 1429 5405 Β.

448 5416 491 5450 οε
522 5414 672 5450 ,ιω-ω
689 5437 775 5450 ...ρ
808 5420 848 5450 n
885 5436 897 5450 .
935 5417 1082 5450 λαιῇ
1099 5439 1221 5450 ..,-..
1250 5421 1313 5450 ρ-

448 5416 491 5450 ⁹⁶
522 5414 711 5470 ἆντέλε
756 5437 779 5471 ε
808 5420 851 5474 Β
885 5436 897 5475 :
934 5414 1221 5496 ἆντέλεγον

448 5488 464 5521 ¹
503 5482 653 5539 δυοῖν

1030 5132 1079 5204 εξ
1099 5129 1313 5204 Δεὐτύχη
1325 5149 1382 5184 σε
1412 5132 1473 5185 Β.

1534 5344 1579 5417 9³
1608 5342 1791 5417 ὥσπερ
1823 5362 1939 5402 om.

1433 5420 1476 5455 9"
1507 5415 1614 5491 ὅτι]
1645 5434 1697 5476 c.
1729 5415 1820 5476 26.

1614 5129 1661 5163 ⁸⁴
1690 5128 2018 5200 πταίσμασιν
2053 5127 2135 5200 ς.

938 5204 986 5292 δῖ
1013 5200 1157 5273 ἡδίω
1188 5192 1484 5292 πραγματα
1511 5199 1748 5292 τρέπειν]
1782 5192 1924 5292 ι’διρν
1958 5192 2185 5273 πρᾶγμα
2237 5197 2582 5292 μετατρέπειν
2615 5201 2681 5264 Α,
2702 5192 2865 5292 ὶδιον
2899 5214 3026 5292 μὴ.
3063 5192 3469 5292 τρῖἰιῖυξζοοι-τξ

1581 5274 1629 5308 ⁹⁰
1655 5271 2091 5351 ἐναφανίζουσανή
2115 5271 2161 5327 Α
2198 5289 2211 5327 :
2260 5271 2652 5397 ἐὲιφανιζούσας

1608 5342 1791 5399 ὥσπερ
1823 5362 1939 5399 om.
1973 5345 2036 5399 Β.
2141 5344 2185 5379 ⁸⁵
2214 5339 2271 5397 δε
2310 5344 2531 5399 εγμένος
2562 5345 2608 5399 Α
2643 5359 2655 5398 :

1927 5389 1939 5401 .
1973 5345 2036 5399 Β.
2141 5344 2185 5379 ⁸⁵
2214 5344 2531 5418 δεδεγμένος
2562 5345 2608 5399 Α
2643 5359 2655 5398 :
2708 5344 2991 5411 δεδεμένος

1924 5417 1965 5452 ⁸⁸
1997 5413 2085 5469 διὰ
2116 5416 2252 5472 add.
2281 5418 2365 5473 A:
2416 5411 2765 5489 Δημοσθένην
2797 5408 2886 5467 διὰ
2910 5418 2969 5469 Β.
3073 5411 3121 5448 θ’

2247 5126 2292 5162 ⁸⁸
2321 5125 2613 5181 ἀπολιπών
2642 5128 2687 5181 Α
2723 5141 2735 5179 :
2768 5118 3065 5179 ἀποϐαλών
3320 5124 3367 5158 ⁸⁸
3394 5128 3735 5197 τυραννικῶν
3767 5123 3845 5177 καὶ

2247 5197 2582 5251 ιετατοέπειν
2615 5201 2681 5251 Α.
2728 5192 2865 5250 ἴδιον
2900 5214 3012 5251 nr..
3063 5213 3123 5251 re
3154 5198 3287 5251 iaua
3318 5212 3469 5251 corr.
3577 5197 3622 5232 ⁸⁸
3660 5195 3845 5251 ὀφθαλ-

3063 5218 3287 5268 Γθιιιῖυι
3318 5218 3469 5251 υοῐτ.
3577 5218 3622 5232 ’⁷
3660 5218 3845 5281 οῖυαΑ·

3017 5266 3109 5301 lani
3159 5284 3187 5301 ιι
3255 5268 3323 5301 6)ῑὶ
3469 5267 3844 5301 Μ’Δρς--ὶιμ.Ί

2742 5268 2783 5326 ’.
2901 5267 2960 5303 -⁹¹
2996 5267 3109 5340 ὅτι]
3159 5267 3211 5324 οξ
3255 5268 3340 5321 25.
3469 5267 3519 5301 θ’
3549 5267 3844 5341 Ἀρπᾶλου]

2742 5336 2991 5411 εδεμὲνος
3214 5338 3259 5373 ⁸⁵
3305 5358 3345 5392 π
3383 5357 3511 5393 om
3560 5341 3761 5409 ωνηκει
3792 5344 3842 5395 Β.

2742 5433 2765 5466 ν
2797 5408 2886 5466 διὰ
2910 5418 2969 5466 Β.
3073 5411 3121 5448 9‘
3149 5356 3497 5466 Anuoagévnv
3644 5429 3760 5466 om.
3792 5416 3843 5466 Β.

3189 5429 3304 5484 ημο

3374 5409 3497 5482 ένην
3519 5409 3612 5478 “Ᾱ,
3644 5429 3760 5470 om.
3792 5416 3843 5469 Β.

520 5647 634 5719 (75)
656 5649 802 5722 Vide
835 5668 905 5707 an
942 5652 1060 5711 haec
1091 5671 1204 5713 non
1238 5656 1558 5713 confundat
1603 5654 1898 5712 Plutarch.
1932 5560 2128 5710 Alia?
2143 5560 2299 5709 55m
2347 5648 2599 5722 Agellius
2629 5648 2729 5706 lib.
2768 5658 2829 5717 ll,
2873 5663 3001 5721 cap.
3033 5648 3089 5719 9,
3122 5648 3192 5703 de
3221 5645 3601 5703 Malesiorum
3631 5646 3841 5721 legatis,

450 5736 566 5777 non
590 5722 661 5781 de
692 5721 963 5794 Harpalo.
