4066 6216
220 323 371 394 1441

1343 318 1884 386 BlBLIOTHECA.
1930 355 2009 364 —
2051 321 2222 383 COD.
2265 323 2536 386 CCXLV.

3457 335 3609 393 1442

213 455 308 511 ἀπ’
349 456 529 531 ἀρχῆς
562 451 726 524 ὁδῶν,
775 457 874 521 τῆς
908 453 1002 525 μὲν
1053 450 1140 508 ἐπὶ
1179 454 1241 507 τὸ
1293 455 1446 528 βῆμα
1493 453 1584 508 καὶ
1630 454 1728 522 τὴν
1779 449 1862 506 ἐκ·

1999 469 2056 525 e,
2090 454 2140 510 si
2170 454 2240 510 ab
2272 455 2436 512 initio
2466 457 2596 513 duae
2646 459 2952 531 propositae
2997 462 3241 520 fuissent
3270 465 3394 534 viae,
3427 465 3614 523 altera

209 545 471 616 κλησίαν,
503 551 604 614 τῆς
634 541 691 598 δὲ
728 541 982 618 ἄντικρυς
1027 543 1104 606 εἷς
1146 543 1238 598 τὸν
1281 541 1528 619 ὄλεθρον,
1571 541 1860 620 ἐτύγχανεν

212 631 374 696 εἰδὼς
431 634 500 688 τὰ
553 634 690 688 κατᾶ
754 633 852 702 τήν
921 632 1206 688 πολιτείαν
1282 633 1442 702 κακὰ,
1504 628 1708 709 φόϐους
1771 631 1862 688 καὶ

213 722 444 800 φθόνους
494 721 582 777 καὶ
645 716 906 784 διαϐολὰς
969 721 1060 778 καὶ
1119 721 1377 799 ἀγωνίας,
1421 721 1510 776 ἐπὶ
1566 721 1763 793 ταύτην
1807 719 1866 776 ἂν

217 813 458 888 ὁρμῆσαι
484 812 584 881 τὴν
618 809 738 866 εὐθὺ
768 815 866 867 τοῦ
899 811 1127 868 θανάτου
1156 813 1450 868 τείνουσαν.

759 993 852 1048 Ἐκ
881 996 978 1046 τοῦ
1013 991 1330 1067 Κικέρωνος.

290 1087 412 1140 Ὅτι
456 1085 478 1120 ³
532 1081 593 1138 ού
650 1083 838 1158 μικρὰ,
907 1083 1090 1159 φησὶν,
1148 1081 1206 1136 ἐκ
1261 1084 1357 1138 τοῦ
1423 1079 1800 1155 ὑποκρίνεσθαι
1847 1081 1869 1116 ³

219 1175 366 1248 ῥοπή
396 1176 610 1250 προσῆν
659 1170 736 1234 εἰς
766 1171 830 1226 τὸ
877 1173 1078 1226 πείθειν
1128 1175 1208 1242 τῷ
1255 1171 1516 1246 Κικέρωνι
1550 1187 1563 1202 ³
1615 1169 1704 1224 καὶ
1743 1168 1868 1230 τοὺς

216 1268 299 1336 τῷ
361 1261 575 1337 μεγάλα
634 1262 762 1335 βοᾷν
823 1259 1147 1337 χρωμένους
1203 1261 1438 1336 ῥήτορας
1513 1259 1868 1314 ἐπισκώπτων

219 1347 378 1428 ἔλεγε
426 1348 494 1405 δι’
554 1351 820 1405 ἀσθένειαν
869 1349 957 1405 ἐπὶ
1013 1351 1112 1419 τήν
1161 1351 1402 1426 κραυγὴν
1435 1352 1457 1384 ⁵
1514 1347 1692 1422 ὥσπερ
1739 1347 1866 1409 τοὺς

220 1439 445 1516 χωλοὺς
478 1438 557 1517 ἐφ’
577 1437 749 1494 ’ίππον
779 1442 799 1476 ⁵
821 1437 1016 1510 πηδᾷν.
1048 1442 1168 1494 Ὅτι
1199 1440 1222 1474 ⁸
1251 1440 1310 1494 τὸ
1344 1439 1440 1512 μὲν
1471 1438 1605 1514 πρὸς
1639 1437 1868 1514 ἐχθροὺς

220 1532 258 1601 ἢ
317 1529 454 1605 πρὸς
507 1525 810 1592 ἀντιδίκους
871 1529 1164 1602 σκώμμασι
1225 1531 1465 1602 χρῆσθαι
1522 1529 1870 1602 πικροτέροις

219 1616 373 1674 δοκεῖ
421 1617 712 1695 ῥητορικὸν
761 1619 901 1672 εἶναι
930 1637 941 1649 ·
989 1618 1051 1672 τὸ
1084 1615 1141 1672 δὶ
1178 1618 1264 1680 οἶς
1313 1614 1476 1696 ἔτυχε
1515 1616 1872 1692 προσκρούειν

218 1705 372 1764 ’ἑνεκα
425 1711 520 1762 τοῦ
567 1706 784 1783 γελοίου
841 1705 985 1762 πολὺ
1042 1709 1317 1784 συνήγαγε
1379 1712 1536 1780 μῖσος
1590 1711 1669 1778 τῷ
1717 1704 1869 1761 Κικὲ-

1972 543 2041 600 ad
2065 547 2408 616 suggestum
2439 548 2496 601 et
2521 545 2882 615 concionem,
2915 549 3097 606 altera
3133 552 3203 606 ad
3234 559 3455 610 certum
3489 555 3612 612 exi-

1973 631 2118 686 tium
2151 633 2391 701 ducens,
2417 650 2480 689 ac
2513 633 2562 689 si
2594 635 2983 707 preescivisset
3013 639 3170 695 mala
3200 656 3328 712 quae
3361 644 3420 697 in
3451 661 3615 716 repu-

1977 720 2128 777 blica
2184 723 2555 780 versantibus
2623 725 2987 796 incumbunt,
3021 733 3288 799 terrores,
3341 731 3616 804 invidias,

1976 807 2316 880 calumnias,
2353 813 2780 880 contentiones,
2815 815 3021 887 utique
3050 834 3178 873 eam
3213 818 3616 890 ingressurum

1977 897 2158 954 fuisse
2189 915 2302 971 qua
2335 911 2486 957 recta
2511 903 2580 957 ad
2615 903 2920 960 interitum
2945 906 3105 964 isset.

2511 993 2700 1049 395a
2741 996 2782 1049 E
2813 995 3085 1053 Cicerone.

2047 1076 2196 1134 Sane
2239 1079 2409 1150 actio,
2446 1080 2656 1153 inquit,
2688 1082 2951 1140 Ciceroni
2994 1085 3148 1142 haud
3195 1087 3317 1144 leve
3349 1105 3620 1148 momen-

1979 1169 2097 1220 tum
2132 1171 2202 1222 ad
2249 1171 2720 1238 persuadendum
2772 1172 3058 1228 contulit:
3113 1175 3379 1248 idemque
3409 1195 3621 1253 magna

1980 1255 2386 1315 vociferatione
2403 1263 2634 1318 utentes
2656 1267 2911 1319 oratores
2935 1263 3203 1333 irridens,
3224 1267 3296 1322 ob
3319 1268 3623 1328 imbecilli-

1979 1347 2155 1401 tatem
2187 1347 2258 1402 ad
2291 1347 2629 1419 clamorem,
2665 1351 2840 1407 veluti
2886 1352 3123 1410 claudos
3153 1357 3222 1412 ad
3253 1373 3435 1429 equos
3490 1377 3622 1416 con-

1979 1434 2172 1504 fugere
2191 1436 2440 1494 dicebat.
2472 1439 2761 1495 Conviciis
2811 1443 3206 1502 acerbioribus
3241 1446 3504 1504 inimicos
3535 1449 3622 1507 vel

1979 1523 2339 1582 adversarios
2379 1528 2636 1584 dicteriis
2686 1530 2959 1587 insectari
3005 1535 3235 1590 videtur
3279 1539 3622 1610 oratorium,

1980 1616 2310 1686 proximum
2333 1635 2466 1675 vero
2486 1619 2642 1676 risus
2661 1623 2935 1692 captandi
2955 1640 3131 1680 causa
3153 1626 3454 1684 offendens
3477 1629 3623 1684 mul-

1979 1709 2169 1760 torum
2205 1705 2260 1762 in
2319 1723 2382 1763 se
2423 1711 2555 1764 odia
2611 1712 2940 1769 concitavit.
3002 1715 3068 1769 Et
3126 1732 3193 1770 ex
3251 1717 3358 1772 hac
3406 1719 3621 1774 dicaci-

225 1817 382 1872 ρωνι,
421 1797 511 1851 καί
541 1799 604 1851 ἓκ
640 1797 839 1852 τούτου
869 1793 1104 1858 πολλοῖς
1136 1796 1351 1872 γέγονεν
1406 1795 1673 1870 ἐπαχθὴς,
1701 1794 1790 1849 καὶ
1823 1795 1874 1849 οἱ

1999 1804 2093 1850 'ale
2151 1795 2364 1853 multos
2426 1801 2650 1870 paravit
2716 1802 3006 1874 inimicos,
3074 1805 3424 1878 Clodiusque
3488 1824 3623 1864 cum

226 1885 363 1958 μετὰ
393 1884 646 1941 Κλωδίου
701 1887 1027 1958 συνέστησαν
1067 1884 1148 1940 ἐπ’
1199 1886 1356 1940 αὐτὸν
1389 1885 1571 1960 ἀρχὴν
1614 1885 1871 1955 τοιαύτην

224 1969 504 2038 λαϐόντες.
537 1977 658 2030 Ὅτι
683 1975 704 2009 ⁷
743 1975 804 2030 τὸ
854 1973 1184 2046 λεπτότατον
1235 1977 1331 2030 τοῦ
1371 1973 1588 2049 χαλκοῦ
1631 1973 1873 2047 νόμισμα

222 2061 598 2135 κουαδράντην
677 2069 938 2135 Ῥωμαῖοι
1017 2062 1300 2120 καλοῦσιν.
1378 2065 1496 2118 Ὅτι
1528 2065 1549 2099 ⁸
1633 2064 1872 2140 λέγεται,

226 2156 384 2232 φησὶ,
417 2155 512 2216 τὰς
561 2155 783 2230 πρώτας
833 2153 1042 2228 ἡμέρας
1093 2151 1558 2231 διαγωνισάμενος
1607 2153 1737 2227 ὑπὲρ
1777 2157 1874 2208 τοῦ

223 2244 538 2319 Κικέρωνος
571 2245 598 2298 ὁ
647 2249 850 2318 Καῖσαρ
885 2240 1124 2299 ἐνδοῦναι
1173 2248 1240 2318 τῇ
1280 2243 1436 2318 τρίτῃ
1487 2242 1576 2298 καὶ
1621 2243 1874 2315 προέσθαι

223 2335 319 2388 τὸν
369 2333 550 2408 φίλον.
581 2333 655 2388 Τὰ
708 2331 764 2388 δὲ
809 2340 908 2404 τῆς
955 2331 1278 2398 ἀντιδόσεως
1309 2333 1482 2395 οὕτως
1533 2334 1676 2408 εἶχεν
1711 2351 1723 2364 ·
1767 2331 1876 2388 ἔδει

227 2423 536 2498 Κικέρωνος
583 2424 680 2496 μὲν
712 2421 964 2492 ἐκστῆναι
1013 2423 1274 2498 Καίσαρα,
1310 2421 1531 2478 Παύλου
1572 2421 1630 2478 δὲ
1680 2420 1876 2478 τάδελ-

226 2517 332 2587 φοῦ
365 2511 622 2582 Λέπιδον,
675 2513 906 2568 Λευκίου
939 2511 996 2568 δὲ
1045 2513 1309 2589 Καίσαρος
1359 2515 1673 2584 Ἀντώνιον,
1706 2515 1764 2576 ὃς
1812 2514 1878 2584 ἦν

227 2605 375 2658 θεῖοι·
404 2603 552 2674 αὐτῷ
592 2604 728 2677 πρὸς
777 2601 1006 2678 μητρός.
1053 2601 1235 2666 Οὕτως
1269 2601 1510 2673 ἐξέπεσον
1566 2604 1668 2659 ὑπὸ
1702 2605 1878 2676 θυμοῦ

223 2693 318 2747 καὶ
351 2691 554 2762 λύσσης
617 2696 723 2748 τῶν
752 2693 776 2728 9
821 2692 1176 2767 ἀνθρωπίνων
1225 2691 1530 2765 λογισμῶν,
1569 2692 1781 2767 μᾶλλον
1824 2691 1879 2748 δὲ

231 2778 516 2850 ἀπέδειξαν
567 2781 642 2844 ὡς
689 2778 843 2834 οὐδὲν
896 2779 1085 2856 θηρίον
1147 2783 1434 2855 ἀνθρώπου
1485 2779 1625 2838 ἒστὶν
1679 2782 1879 2857 ἀγριώ-

227 2891 414 2947 τερον,
448 2868 693 2943 ἐξουσίαν
723 2872 878 2925 πάθει
911 2865 1318 2944 προσλαϐόντος
1351 2872 1416 2925 ¹⁰.

779 2965 872 3014 Ἐκ
901 2963 998 3013 τοῦ
1026 2961 1334 3023 Φωκίονος.

301 3048 422 3101 Ὅτι
456 3047 522 3115 ίί,
552 3047 737 3124 φησὶν,
771 3047 798 3102 ὁ
831 3046 1066 3102 Φωκίων
1098 3047 1308 3126 τραχὺς
1336 3049 1402 3117 ἦν
1447 3047 1536 3103 καὶ
1575 3051 1826 3128 κατηφής
1859 3068 1872 3081 ·

227 3135 316 3191 διὸ
359 3137 450 3191 καὶ
511 3137 977 3211 ’Δριστογείτονος
1027 3141 1122 3192 τοῦ
1172 3137 1510 3208 συκοφάντου
1568 3137 1878 3212 πολεμικοῦ

225 3221 382 3288 ὄντος
429 3224 480 3280 ἐν
520 3231 640 3289 ταῖς
691 3224 1008 3297 ἐκκλησίαις
1051 3225 1140 3281 καὶ
1199 3227 1600 3301 παροξύνοντος
1649 3227 1737 3284 ἐπὶ
1785 3229 1886 3290 τὰς

217 3315 442 3390 πράξεις
471 3317 564 3370 τὸν
612 3313 813 3388 δῆμον,
847 3315 898 3370 ἐν
929 3313 986 3370 δὲ
1031 3321 1112 3389 τῷ
1143 3314 1434 3393 καταλόγῳ
1481 3315 1885 3390 προσελθόντος

223 3405 314 3460 ἐπὶ
367 3404 636 3479 βακτηρίᾳ
693 3406 772 3459 τὼ
826 3405 994 3476 σκὲλη
1029 3407 1074 3442 ³³
1125 3402 1557 3479 καταδεδεμένω,
1607 3405 1889 3483 πόῤῥῶθεν

227 3495 397 3549 αὐτὸν
448 3493 553 3550 ἀπὸ
597 3498 694 3549 τοῦ
747 3495 998 3570 βήματος
1049 3491 1182 3550 ἰδὼν
1214 3496 1242 3549 ὁ
1297 3495 1531 3552 Φωκίων
1580 3497 1840 3572 ἀνέκραγε
1875 3517 1887 3530 ·

229 3591 269 3640 Γ
275 3585 412 3660 ράφε
483 3584 572 3638 καὶ
660 3584 1098 3660 Ἀριστογείτονα
1187 3583 1372 3661 χωλὸν
1456 3587 1544 3640 καὶ
1623 3586 1890 3660 πονηρόν.

227 3675 396 3727 ’Ὡστε
452 3673 745 3746 θαυμάζειν
809 3673 959 3736 ὅπως
1018 3674 1110 3728 καὶ
1186 3673 1377 3728 ὁπόθεν
1434 3677 1644 3751 τραχύς
1719 3675 1891 3738 οὕτως

232 3764 376 3839 ἀνὴρ
432 3763 523 3817 καὶ
583 3764 902 3840 σκυθρωπὸς
979 3761 1242 3834 ἐκτήσατο
1301 3764 1398 3832 τήν
1476 3768 1574 3818 τοῦ
1647 3769 1896 3842 χρηστοῦ

237 3853 634 3929 προσηγορίαν.
669 3855 822 3908 Ἐστι
863 3851 940 3922 δὲ,
990 3854 1172 3926 οἶμαι,
1205 3851 1474 3932 χαλεπὸν,
1507 3854 1572 3908 οὐ
1607 3856 1715 3926 μήν
1767 3851 1898 3909 ἀδύ-

234 3964 420 4014 νατον,
467 3945 598 4014 [645
631 3945 722 4015 Η.]
776 3943 957 4019 ὥσπερ
986 3945 1156 4013 οἶνον,
1187 3945 1277 3998 καί
1324 3942 1612 4014 ἄνθρωπον
1659 3945 1748 3998 τὸν
1803 3943 1900 3998 αὖ·

237 4033 336 4088 τὸν
387 4028 520 4100 ἡδὺν
581 4031 694 4103 ἅμα
741 4031 830 4085 καὶ
887 4031 1156 4105 αὐστηρὸν
1207 4031 1368 4100 εἶναι,
1428 4031 1668 4105 καθάπερ
1723 4027 1898 4108 ἕτεροι

235 4121 410 4179 πάλιν
449 4119 768 4197 φαινόμενοι
797 4119 1020 4196 γλυκεῖς
1052 4118 1373 4190 ἀηδέστατοι
1415 4125 1533 4182 τοῖς
1584 4121 1900 4199 χρωμένοις

241 4211 349 4267 εἶσὶ
411 4211 500 4264 καὶ
560 4205 993 4285 βλαϐερώτατοι.
1055 4211 1159 4265 Καί
1227 4212 1313 4265 τοί
1380 4231 1536 4290 φασιν
1611 4208 1902 4286 Ὑπερίδην

241 4299 384 4356 ποτὲ
413 4299 582 4354 εἰπεῖν
632 4299 767 4375 πρὸς
796 4301 888 4354 τὸν
937 4297 1114 4373 δῆμον
1149 4317 1161 4332 ·
1196 4298 1425 4374 ’Ἄνδρες
1477 4303 1779 4372 Ἀθηναῖοι,
1823 4302 1898 4374 μὴ

584 4393 749 4467 μόνον
829 4393 874 4448 εἷ
931 4395 1124 4468 πικρός
1185 4393 1318 4466 εἰμι,
1396 4391 1522 4449 ἀλλ’
1583 4393 1628 4448 εί
1703 4393 1906 4468 προῖκά

247 4483 368 4556 εἷμί
401 4483 618 4558 πικρός.
652 4482 887 4537 Φωκίων
945 4482 1122 4537 τοίνυν
1155 4475 1330 4560 ἔχθρᾳ
1380 4483 1476 4556 μὲν
1506 4486 1613 4538 τῶν
1658 4480 1904 4537 πολιτῶν

245 4575 435 4634 κακῶς
476 4569 668 4626 οὐδένα
707 4571 980 4642 ἐποίησεν,
1029 4569 1154 4626 οὐδὲ
1185 4570 1432 4644 ἐνόμιζεν
1485 4571 1682 4648 ἐχθρόν
1717 4591 1730 4604 ·
1783 4569 1911 4626 ἄλλ’

252 4662 385 4718 ὅσον
426 4657 535 4716 ἔδει
569 4661 720 4735 μόνῳ
749 4665 828 4734 τῷ
859 4657 1188 4735 ἒνισταμὲνῳ
1221 4661 1304 4722 οῖς
1334 4657 1590 4735 ἔπραττεν
1627 4661 1760 4736 ὑπὲρ
1808 4663 1909 4731 τῆς

255 4747 523 4824 πατρίδος
571 4751 1050 4820 κατεξαναστῆναι,
1081 4749 1288 4828 τραχύς
1337 4770 1396 4804 τε
1428 4749 1472 4785 ¹³
1520 4747 1593 4804 ὢν
1643 4751 1734 4806 καὶ
1784 4747 1913 4805 δυσ-

257 4834 548 4902 εκϐίαστος
617 4840 707 4894 καὶ
777 4838 1174 4915 ἀπαραίτητος,
1245 4837 1321 4901 εἰς
1395 4839 1487 4893 τὸν
1555 4837 1727 4895 ἄλλον
1796 4839 1912 4914 βίον

257 4931 463 5002 εὐμενῆ
525 4933 654 4983 πᾶσι
714 4929 804 4984 καὶ
877 4929 1058 4983 κοινὸν
1123 4927 1214 4982 καὶ
1273 4927 1662 5006 φιλάνθρωπον
1726 4929 1912 4985 ἑαυτὸν

259 5023 550 5093 παρεῖχεν,
601 5016 739 5073 ὥστε
785 5017 876 5072 καὶ
927 5018 1182 5071 πταίσασι
1233 5017 1454 5090 βοηθεῖν
1501 5017 1590 5072 καὶ
1633 5014 1918 5072 κινδυνεύσ-

261 5129 384 5164 ουσι
415 5105 842 5178 συνεξετάζεσται
873 5107 920 5142 ¹⁴
945 5111 1062 5168 τοῖς
1095 5103 1401 5182 διαφόροις.

335 5200 456 5252 Ὅτι
498 5197 544 5233 ¹⁵
613 5195 959 5273 ’Δντίπατρον
1035 5197 1128 5252 τὸν
1195 5193 1534 5258 Μακεδονίας
1611 5197 1913 5272 στρατηγὸν

259 5288 478 5364 λέγεται
526 5285 696 5342 εἰπεῖν
739 5287 814 5351 ὡς
862 5283 1011 5342 δυοῖν
1067 5285 1216 5358 αὐτῷ
1262 5285 1440 5364 φίλων
1488 5287 1780 5360 Ἀθήνῃσιν
1837 5283 1918 5342 ὅν-

247 4397 504 4448 σκοπεῖτε

1982 1883 2112 1940 aliis
2172 1884 2323 1942 hanc
2370 1889 2734 1946 occasionem
2794 1897 3000 1947 nactus
3073 1895 3444 1966 conspiravit.
3495 1897 3628 1952 Om-

1983 1973 2144 2030 nium
2179 1975 2490 2031 minimum
2523 1978 2677 2049 apud
2735 1983 3022 2038 Romanos
3071 1985 3365 2040 numisma
3412 2001 3626 2042 aereum

1983 2066 2073 2118 est
2105 2064 2418 2135 quadrans.
2481 2067 2706 2135 Fertur,
2757 2069 2970 2141 inquit,
3001 2072 3196 2128 Caesar
3239 2089 3370 2128 cum
3423 2074 3628 2145 primis

1983 2151 2190 2208 diebus
2239 2171 2340 2224 pro
2396 2154 2683 2212 Ciceronis
2740 2157 2928 2214 salute
2977 2165 3274 2227 certasset,
3315 2161 3489 2216 tertia
3535 2159 3630 2217 die

1985 2240 2368 2312 concessisse,
2403 2247 2466 2298 ut
2498 2245 2726 2301 amicus
2755 2247 3234 2318 proscriberetur.
3270 2248 3402 2304 Fuit
3430 2253 3629 2304 autem

1986 2331 2336 2402 permutatio
2366 2332 2449 2388 ita
2486 2333 2778 2404 instituta,
2812 2341 2876 2392 ut
2923 2341 3113 2393 Caesar
3141 2338 3500 2404 Ciceronem,
3537 2339 3632 2396 Le-

1987 2420 2160 2490 pidus
2218 2421 2466 2480 Paulum
2520 2426 2776 2492 fratrem,
2829 2425 3072 2482 Lucium
3122 2429 3402 2484 Caesarem
3450 2444 3630 2483 avun-

1987 2509 2182 2563 culum
2225 2511 2512 2566 Antonius
2571 2513 2856 2583 proscribi
2895 2515 3319 2585 permitterent.
3360 2514 3516 2568 Adeo
3547 2514 3635 2570 ira

1988 2597 2070 2653 eis
2102 2603 2160 2653 et
2186 2600 2378 2655 rabies
2399 2615 2600 2656 omnes
2630 2601 2920 2658 humanas
2951 2603 3338 2674 cogitationes
3361 2617 3631 2659 excusse-

1989 2692 2158 2744 rant:
2194 2688 2312 2746 imo
2342 2694 2536 2745 autem
2588 2691 2672 2746 illi
2704 2691 3206 2762 demonstrarunt,
3234 2693 3457 2749 nullam
3504 2707 3634 2748 esse

1989 2777 2244 2834 belluam
2289 2777 2544 2848 homine,
2581 2785 2860 2851 potestate
2889 2783 2958 2837 ad
2989 2781 3446 2854 exsequendum,
3478 2781 3634 2854 quod

1993 2867 2326 2939 perturbato
2360 2868 2556 2924 animo
2579 2869 2852 2940 decrevit,
2887 2875 3135 2942 armato,
3171 2871 3525 2928 ferociorem.

2605 2961 2688 3014 Ex
2715 2960 3010 3016 Phocione.

2060 3047 2192 3102 Fuit
2219 3046 2468 3104 Phocion
2503 3064 2740 3105 severus
2779 3055 2834 3106 et
2865 3051 3124 3106 tetricus.
3150 3051 3295 3106 Cum
3345 3049 3636 3106 exercitus

1994 3137 2396 3193 conscribendi
2455 3155 2630 3195 causa
2663 3155 2765 3210 pro
2805 3139 3085 3196 tribunali
3118 3141 3329 3196 sedens
3360 3138 3640 3210 Aristogi-

1996 3229 2192 3282 tonem
2225 3227 2668 3300 sycophantam,
2694 3229 2794 3300 qui
2827 3231 2886 3286 in
2907 3228 3288 3285 concionibus
3317 3230 3390 3285 ad
3417 3228 3638 3285 bellum

1997 3315 2240 3372 excitare
2260 3317 2543 3389 populum
2569 3317 2774 3375 solitus
2805 3318 3010 3388 fuerat,
3039 3321 3240 3392 procul
3271 3333 3405 3374 cum
3430 3317 3640 3374 baculo

1998 3409 2054 3460 et
2082 3421 2246 3462 crure
2271 3407 2525 3479 obligato
2555 3408 2715 3464 adire
2759 3408 2996 3476 videret,
3030 3407 3376 3464 exclamavit
3408 3423 3420 3462 :
3456 3407 3648 3464 Scribe

2000 3497 2422 3568 Aristogitonem
2471 3499 2639 3553 etiam
2667 3497 2926 3555 claudum
2955 3507 3008 3554 et
3033 3515 3291 3571 nequam.
3327 3503 3407 3552 Ac
3439 3495 3644 3553 mirari

2001 3586 2234 3656 quidem
2276 3586 2462 3656 possit
2496 3603 2608 3643 non
2642 3603 2834 3656 nemo,
2869 3589 3150 3659 quomodo
3199 3589 3279 3642 ita
3323 3601 3559 3641 severus
3590 3589 3647 3640 et

2002 3675 2186 3730 durus
2208 3691 2422 3730 nomen
2455 3677 2593 3730 Boni
2617 3676 2923 3731 invenerit.
2961 3675 3072 3730 Sed
3117 3675 3368 3730 arbitror
3400 3682 3460 3727 ut
3491 3673 3647 3727 difﬁ-

2005 3763 2112 3820 cile
2155 3779 2300 3832 esse,
2335 3764 2418 3818 ita
2461 3768 2654 3819 tamen
2698 3764 2820 3818 ﬁeri
2869 3779 3062 3835 posse,
3107 3763 3194 3818 uti
3251 3763 3406 3818 idem
3445 3761 3646 3828 homo,

2007 3852 2158 3908 sicut
2187 3857 2246 3907 et
2265 3852 2489 3919 vinum,
2514 3851 2702 3907 dulcis
2723 3852 2900 3907 simul
2933 3856 2990 3908 et
3011 3856 3278 3907 austerus
3299 3852 3416 3908 sit:
3452 3865 3652 3920 quem-

2007 3941 2320 3996 admodum
2354 3946 2557 3996 contra
2587 3941 2852 3997 nonnulli
2901 3957 3032 3998 cum
3067 3957 3272 3998 suaves
3317 3941 3650 4009 videantur,

2009 4029 2371 4088 acerbissimi
2426 4033 2564 4086 sunt
2609 4029 2909 4087 utentibus
2949 4035 3007 4088 et
3057 4029 3378 4102 plurimum
3421 4037 3649 4085 nocent.

2007 4119 2225 4176 Ferunt
2255 4119 2764 4191 saneHyperidem
2795 4120 2968 4176 etiam
3013 4119 3327 4191 aliquando
3357 4119 3426 4174 ad
3468 4134 3653 4191 popu-

2009 4210 2132 4265 lum
2157 4209 2241 4265 ita
2269 4209 2524 4266 locutum
2563 4226 2576 4267 :
2621 4209 2880 4281 Cogitate,
2932 4209 3304 4276 Athenienses,
3337 4223 3448 4265 non
3498 4207 3655 4264 modo

2011 4317 2086 4356 an
2117 4303 2224 4356 sim
2273 4300 2524 4368 acerbus,
2556 4301 2648 4356 sed
2677 4303 2843 4356 etiam
2872 4315 3056 4356 annon
3099 4300 3339 4372 offensus
3371 4297 3500 4354 tatis
3527 4299 3654 4354 sim.

2015 4390 2297 4462 Equidem
2330 4389 2587 4445 Phocion
2617 4388 2938 4446 inimicitiae
2960 4406 3150 4445 causa:
3185 4389 3404 4444 nemini
3444 4387 3660 4444 civium

2018 4479 2330 4546 malefecit,
2364 4495 2428 4535 ac
2471 4495 2541 4535 ne
2573 4479 2876 4534 inimicum
2911 4479 3150 4550 quidem
3183 4477 3367 4534 ullum
3386 4477 3612 4551 putavit
3640 4491 3656 4533 :

2020 4575 2310 4643 quantum
2344 4585 2434 4625 res
2479 4569 2606 4641 ipsa
2661 4567 3010 4640 postulabat,
3045 4573 3109 4624 ut
3139 4567 3484 4624 adversariis
3527 4583 3664 4623 suo-

2015 4677 2171 4728 rum,
2205 4676 2332 4732 quaa
2381 4661 2454 4716 ob
2502 4658 2809 4714 utilitatem
2859 4657 3060 4728 patriae
3093 4657 3350 4726 iniisset,
3385 4655 3662 4712 consilio-

2017 4767 2148 4806 rum
2205 4749 2520 4815 resisteret,
2583 4763 2855 4818 asperum
2899 4762 2962 4802 se
3017 4746 3498 4819 pervicacemque
3530 4759 3670 4813 pra:-

2019 4839 2164 4895 buil.
2205 4835 2395 4894 895i)
2425 4837 2702 4892 Privatim
2733 4851 3106 4892 communem
3151 4834 3547 4904 omnibusque
3567 4832 3666 4888 be-

2017 4929 2262 4999 nignum
2303 4935 2357 4981 et
2406 4924 2602 4981 mitem
2652 4940 2781 4980 sese
2833 4923 3118 4988 exhibuit,
3169 4921 3250 4977 ita
3299 4926 3363 4976 ut
3416 4919 3672 4976 inimicis

2019 5033 2252 5091 quoque
2288 5014 2677 5071 infortunium
2711 5014 2900 5086 passis
2931 5011 3218 5068 auxilium
3269 5009 3492 5076 tulerit,
3523 5011 3580 5065 et
3610 5008 3672 5065 in

2013 5107 2234 5180 judicio
2267 5103 2722 5178 periclitantium
2754 5103 3007 5159 salutem
3039 5100 3384 5158 defenderit.

2093 5203 2294 5267 Ipsum
2324 5193 2702 5265 Antipatrum
2757 5191 3142 5250 Macedonum
3197 5191 3406 5248 ducem
3463 5187 3676 5246 dixisse

2023 5285 2347 5358 perhibent,
2379 5299 2443 5340 se
2475 5283 2546 5340 de
2580 5282 2808 5339 duobus
2836 5282 3067 5354 amicis,
3101 5297 3252 5356 quos
3289 5279 3531 5338 Athenis
3577 5278 3679 5336 ha-

1621 5423 1866 5480 VARl/E
1907 5419 2318 5480 LECTIONES.

338 5537 362 5574 ι
395 5535 694 5609 81;]c.5_.

800 5537 821 5571 ³
844 5531 1248 5608 ἀποκρίνεσθαι,
1272 5533 1354 5608 .

576 5681 624 5716 1⁸
649 5677 1027 5750 συνετάξασθαι
1056 5677 1124 5736 Αί.

265 5699 397 5743 om.
428 5681 496 5736 A.
576 5681 624 5716 ¹⁵
649 5673 1027 5750 σύνετάζεσθαι
1056 5673 1124 5736 Αῖ
1205 5677 1248 5716 ⁸⁵
1278 5673 1383 5752 ὅτι]
1412 5692 1463 5734 c.
1492 5677 1584 5732 30.

1461 5532 1484 5565 ⁴
1531 5527 1620 5586 ἐπὶ
1651 5531 1750 5602 τὴν
1805 5530 2046 5608 κραυγήν
2081 5525 2152 5608 δι’
2190 5526 2476 5608 ξισθένειεδ
2669 5527 2719 5608 ..³
2740 5521 3022 5608 ’ίππογΔΒ
3054 5523 3287 5608 τιζππωγ

265 5629 322 5671 ο,
353 5609 446 5664 27.
487 5593 544 5644 ’τ
575 5605 684 5678 ὅτι]
713 5623 763 5664 c.
794 5607 886 5678 29.
963 5593 1118 5678 δ’ὅτι]
1151 5623 1202 5663 c.
1365 5603 1416 5678 _9
1437 5607 1545 5678 τῷν
1579 5593 1718 5661 add:
1748 5607 1818 5661 A.
1843 5593 1854 5608 ’
1895 5603 1939 5639 ¹⁰
1959 5593 2370 5676 ’προσλαϐόντες

3519 5524 3542 5558 ⁸
3571 5519 3680 5592 ὅτι]

2592 5597 2634 5636 ίί
2664 5597 2771 5670 ὅτι]
2803 5617 2852 5655 c.
2883 5597 2979 5657 10.
3083 5597 3130 5634 ¹²
3161 5594 3438 5652 σκέλειἈ.
3547 5596 3592 5630 ¹³
3623 5611 3682 5648 τε
