4066 6216
459 251 613 312 1443

1655 234 1921 301 ΡΗΟἸῚῙ
1963 235 2494 298 ΡΑΤΒΙΑΗΟΗᾸΞ
2535 239 2656 300 ΟΡ.

3728 247 3855 305 14M

463 383 647 452 heret,
680 381 968 438 Phocione
998 381 1056 433 et
1080 376 1350 444 Demade,
1378 373 1544 430 alteri
1575 377 1640 428 ut
1668 373 1951 443 acciperet
1980 385 2083 442 per

2213 389 2344 439 των,
2403 369 2725 441 Φωκίωνος,
2777 372 2868 427 καὶ
2909 369 3191 444 Δημάδου,
3247 375 3336 429 τὸν
3399 375 3505 448 μὲν
3560 371 3760 431 λαϐεῖν
3809 379 3856 432 οὑ

459 473 722 539 suadere,
747 471 993 528 alterum
1024 465 1214 522 dando
1237 469 1506 520 saturare
1536 461 1884 535 nequivisse.

1130 558 1172 611 Ε
1203 557 1425 612 Catone.

529 651 671 707 Cum
722 664 785 704 se
829 647 899 703 ad
933 646 1276 702 discendum
1327 647 1465 702 Cato
1496 643 1863 709 contulisset,
1899 643 2098 699 tardus

457 738 566 794 fuit
597 739 667 792 ad
701 735 1140 810 percipiendum
1176 754 1189 804 ;
1224 751 1350 807 quae
1401 738 1595 790 autem
1627 733 2000 804 percepisset,
2034 748 2101 788 ea

455 826 698 883 ﬁrmiter
719 826 1006 882 memoria
1035 825 1349 882 retinebat.
1385 823 1679 888 Quomodo
1709 822 1976 879 videmus
1999 821 2100 893 qui

453 917 606 970 bono
631 919 768 970 sunt
799 914 1034 988 ingenio
1067 914 1317 986 praediti,
1348 913 1462 970 cito
1492 928 1590 970 eos
1623 911 1915 968 memoria;
1944 928 2099 967 man-

452 1003 625 1058 dare:
653 1003 752 1074 qui
776 1009 968 1062 autem
991 1005 1225 1062 nonnisi
1241 1021 1373 1060 cum
1397 1001 1817 1075 magnolabore
1839 1001 2095 1069 discunt,

450 1108 548 1150 eos
581 1095 916 1152 memoriter
937 1111 1061 1166 quae
1084 1093 1596 1166 apprehenderunt
1619 1097 1833 1160 tenere,
1857 1106 1921 1147 eo
1945 1089 2098 1161 quod

450 1181 682 1252 singula
732 1201 857 1256 quae
916 1185 1265 1252 didicerunt,
1299 1183 1460 1255 quasi
1518 1183 1840 1238 inuruntur
1895 1196 2098 1238 eorum

449 1269 686 1328 animis.

1049 1369 1130 1423 Ex
1160 1363 1488 1422 Alexandro.

519 1461 732 1518 Album
766 1461 847 1516 ait
887 1458 1281 1516 Alexandrum
1332 1454 1538 1522 fuisse,
1589 1452 1978 1522 ruboremque
2035 1451 2094 1506 in

449 1557 683 1624 pectore
716 1550 1038 1622 praesertim
1071 1552 1129 1603 et
1159 1546 1304 1602 facie
1334 1542 1589 1601 albedini
1620 1541 1938 1598 admistum
1996 1540 2096 1596 ha-

379 1640 381 1642 ’
448 1641 662 1698 buisse.
685 1640 1104 1697 Suavissimum
1129 1637 1365 1693 odorem
1391 1635 1462 1689 ab
1487 1650 1582 1689 ore
1603 1636 1658 1689 et
1681 1631 1952 1688 universa
1969 1632 2094 1702 ejus

2209 457 2451 531 πέπεικε,
2494 461 2585 516 τὸν
2620 458 2676 516 δὲ
2706 457 2888 526 διδοὺς
2921 461 3022 517 οὐκ
3051 461 3428 536 ἐμπέπληκεν.

2617 553 2776 623 [1197
2808 552 2896 626 R.]
2927 553 3020 606 Ἐκ
3047 552 3147 606 τοῦ
3181 554 3448 616 Κάτωνος.

2271 638 2360 702 Ὡς
2393 639 2438 676 ¹⁶
2463 636 2554 693 οὑν
2605 638 2680 700 εἷς
2711 639 2774 694 τὸ
2826 640 3104 713 μανθάνειν
3147 643 3273 710 ἧκεν
3309 641 3336 695 6
3389 643 3614 710 Κάτων,
3669 645 3861 716 νωθρὸς

2201 727 2267 796 ἦν
2302 723 2590 783 ἀναλαϐεῖν
2641 729 2732 783 καὶ
2784 727 3008 804 βραδὺς,
3052 725 3342 784 ἀναλαϐὼν
3393 727 3457 784 δὲ
3496 731 3755 811 κάτοχος
3783 735 3858 787 καὶ

2204 817 2564 889 μνημονικός.
2595 824 2657 873 ‘O
2689 815 2754 887 δὴ
2788 818 2878 873 καὶ
2928 819 3160 896 πέφυκεν
3213 817 3400 882 ἄλλως
3442 822 3582 883 τοὺς
3639 824 3738 893 μὲν
3777 824 3852 876 εὖ.

2202 907 2527 983 φυεστάτους
2585 907 3019 980 ἀναμνηστικοὺς
3086 906 3299 981 μᾶλλον
3359 910 3523 980 εἶναι,
3605 933 3854 983 μνημονι-

2201 996 2331 1057 κοὺς
2365 992 2423 1050 δὲ
2453 996 2578 1058 τοὺς
2625 996 2759 1070 μετὰ
2795 997 2966 1052 πόνου
2997 998 3086 1052 καὶ
3139 1001 3519 1074 πραγματείας
3551 997 3852 1075 παραδεχο-

2207 1086 2395 1159 μένους
2429 1102 2442 1115 ·
2479 1085 2687 1160 γίνεται
2718 1087 2823 1162 γὰρ
2875 1087 2996 1141 οἷον
3023 1082 3270 1160 ἔκκαυμα
3307 1094 3405 1157 τῆς
3442 1091 3483 1125 ¹⁷
3528 1093 3727 1164 ψυχῆς
3760 1096 3850 1145 τῶν

2200 1175 2542 1249 παθημάτων
2573 1171 2820 1233 ἕκαστον.

2715 1361 2810 1416 Ἐκ
2837 1364 2934 1416 τοῦ
2964 1359 3346 1436 Ἀλεξάνδρου.

2269 1450 2389 1504 Ὅτι
2423 1451 2488 1519 ³⁸,
2522 1448 2677 1530 φησὶ,
2724 1448 2916 1511 λευκὸς
2946 1451 3012 1519 ἦν
3071 1451 3099 1505 6
3128 1447 3510 1525 Ἀλέξανδρος,
3541 1453 3579 1520 ἡ
3636 1449 3694 1506 δῖε
3733 1451 3847 1508 λεν⁸

2197 1537 2363 1609 κότης
2402 1537 2771 1616 ἐπεφοίνισσεν
2820 1536 2986 1593 αὑτοῦ
3028 1539 3266 1611 μάλιστα
3314 1540 3436 1612 περὶ
3475 1542 3518 1576 ¹⁹
3545 1540 3612 1594 τὸ
3666 1544 3848 1610 στῆθος

2197 1628 2287 1683 καὶ
2317 1628 2378 1682 τὸ
2408 1628 2720 1702 πρόσωπον.
2748 1631 2866 1683 Ὃτι
2909 1625 2965 1683 δὲ
2993 1632 3089 1682 τοῦ
3119 1629 3344 1704 χρωτὸς
3376 1625 3605 1697 ἣδιστον
3644 1630 3843 1685 ἀπέπνει

447 1747 621 1787 carne
652 1729 974 1796 exhalasse,
999 1728 1079 1782 ita
1101 1731 1165 1782 ut
1187 1730 1241 1782 ct
1271 1724 1481 1779 tunicas
1517 1722 1834 1794 fragrantia
1864 1719 2083 1792 repleta

2200 1717 2290 1773 καὶ
2319 1718 2382 1773 τὸ
2430 1716 2606 1792 στόμα
2634 1723 2884 1793 κατεῖχεν
2936 1715 3132 1774 εὐωδία
3159 1719 3248 1772 καὶ
3297 1719 3396 1786 τήν
3446 1719 3623 1780 σάρκα
3669 1725 3843 1789 πᾶσαν,

447 1815 585 1873 inde
620 1816 760 1885 sint,
796 1819 860 1870 ut
899 1813 1067 1869 multi
1097 1810 1480 1867 tradiderunt.
1515 1809 1698 1864 Causa
1729 1807 1972 1863 fortasse
1990 1805 2098 1860 fuit

446 1904 1022 1975 calidumetigneum
1049 1901 1308 1973 corporis
1332 1904 1878 1971 temperamentum.
1904 1897 2098 1951 Bonus

447 1994 603 2049 enim
636 1995 798 2062 odor,
829 1992 1230 2064 Theophrasto
1261 1989 1309 2045 si
1341 1989 1654 2055 credimus,
1705 1985 1934 2042 exsistit
1963 2001 2094 2040 cum

450 2083 722 2138 humores
767 2099 799 2137 a
847 2081 1036 2136 calore
1080 2083 1455 2151 coquuntur:
1494 2077 1690 2148 itaque
1710 2075 1873 2131 siccae
1895 2081 1950 2129 et
1981 2079 2099 2129 tor-

447 2169 586 2225 ridae
613 2170 771 2225 orbis
803 2174 1085 2226 terrarum
1117 2174 1312 2241 partes
1349 2167 1603 2239 plurima
1631 2169 1688 2221 et
1744 2164 1965 2237 optima
2017 2161 2096 2234 gi-

444 2263 635 2332 gnunt
664 2263 948 2328 aromata,
977 2259 1128 2329 quod
1159 2256 1246 2314 sol
1271 2257 1593 2323 humorem,
1627 2254 1722 2326 qui
1756 2254 1816 2308 in
1840 2255 2092 2310 summis

439 2348 970 2420 corporibusveluti
990 2346 1231 2403 materia
1244 2344 1565 2416 putredinis
1587 2345 1831 2411 innatat,
1853 2343 2088 2400 attollit.

439 2437 509 2492 Et
539 2442 999 2493 consentaneum
1033 2441 1120 2492 est
1150 2435 1542 2491 Alexandrum
1576 2433 1647 2488 oh
1681 2433 1931 2489 calorem
1965 2447 2087 2489 cor-

439 2527 598 2600 poris
630 2527 895 2585 bibacem
930 2527 1387 2596 iracundumque
1428 2525 1625 2581 fuisse.

511 2710 654 2766 Cum
688 2708 1082 2779 Bucephalum
1114 2708 1389 2765 tredecim
1425 2706 1653 2764 talentis
1683 2705 1968 2772 venalem,
1993 2704 2088 2760 ad-

445 2799 685 2855 ductum
719 2816 752 2855 a
805 2797 1101 2855 Philonico
1133 2796 1369 2854 Tessalo
1401 2795 1708 2868 Philippus
1742 2795 2084 2862 dimitteret,

441 2889 594 2960 quod
611 2903 800 2960 neque
821 2904 1108 2944 sessorem
1125 2887 1474 2956 admitteret,
1490 2901 1883 2958 nequevocem
1905 2884 2085 2940 ullius

441 2994 647 3036 eorum
681 2978 780 3050 qui
805 2994 938 3033 cum
961 2977 1227 3048 Philippo
1259 2983 1421 3033 erant
1451 2975 1831 3044 auscultaret,
1854 2974 1911 3029 id
1935 2989 2083 3046 aegre

436 3067 626 3123 ferens
650 3066 986 3134 Alexander,
1015 3064 1177 3136 petiit
1199 3082 1232 3120 a
1262 3068 1427 3135 patre
1451 3072 1510 3119 ut
1531 3079 1747 3136 equum
1773 3062 2079 3134 acciperet,

437 3159 494 3209 et
526 3153 820 3223 accipiens
841 3155 912 3208 ah
942 3153 1215 3209 omnibus
1238 3170 1339 3224 pro
1354 3152 1524 3208 effero
1549 3158 1605 3208 et
1626 3150 2084 3222 indomitojudi-

437 3245 658 3306 catum,
691 3243 850 3298 freno
908 3249 1236 3311 correptum
1269 3241 1548 3296 adversus
1579 3243 1760 3297 solem
1815 3241 2079 3309 obvertit,

433 3329 718 3385 nimirum
735 3330 1203 3385 animadvertens
1216 3345 1434 3400 equum
1460 3331 1696 3398 umbrae,
1711 3347 1839 3401 quae
1861 3332 2081 3402 agitata

432 3423 489 3474 et
513 3423 766 3474 tremens
797 3417 848 3473 ei
880 3417 1373 3490 appropinquaret
1404 3417 1570 3487 alias,
1605 3425 1917 3491 conspectu
1951 3437 2080 3493 per-

430 3507 654 3565 turbari
679 3507 919 3578 ;deinde
951 3524 1085 3563 cum
1109 3507 1410 3578 paululum
1445 3511 1756 3581 palpasset,
1783 3527 2081 3582 manuque

423 3597 625 3654 leviter
654 3599 828 3655 ducta
878 3598 1274 3669 demulsisset,
1337 3606 1400 3656 ut
1449 3600 1536 3657 ira
1585 3600 1872 3673 repletum
1906 3603 2076 3675 vidit,

420 3690 640 3746 sensim
664 3689 886 3760 abjecta
906 3688 1212 3761 chlamyde
1245 3705 1368 3746 sese
1391 3691 1449 3746 in
1483 3707 1614 3747 eum
1637 3691 1861 3758 extulit,
1886 3694 2079 3751 390a

429 3784 672 3852 tutoque
725 3778 1010 3845 consedit,
1061 3786 1116 3834 et
1156 3779 1436 3836 violenter
1482 3797 1700 3853 equum
1732 3782 1989 3854 impulit,
2024 3789 2081 3842 et

429 3868 613 3941 aliqui
645 3885 712 3925 ex
771 3869 841 3925 iis
874 3869 977 3942 qui
1011 3870 1271 3939 aderant,
1315 3871 1486 3927 anxie
1546 3873 1826 3943 taciteque
1857 3879 2077 3946 specta-

431 3960 593 4028 bant,
628 3976 700 4016 ne
722 3961 873 4032 quod
902 3961 1342 4017 incommodum
1377 3961 1735 4019 adolescenti
1767 3964 2073 4033 accideret,

429 4049 613 4122 aliqui
645 4050 922 4106 manibus
982 4049 1325 4122 plaudentes
1378 4051 1660 4122 jucunde,
1711 4069 1914 4111 omnes
1945 4071 2076 4112 vero

423 4139 700 4196 similiter
721 4139 1155 4210 stupescebant,
1190 4145 1499 4212 postquam
1536 4143 1831 4199 exsultans
1861 4146 2072 4217 gaudio

429 4229 629 4285 salvus
652 4233 799 4285 retro
823 4236 946 4285 acto
977 4244 1127 4302 equo
1152 4230 1341 4298 rediit,
1359 4231 1620 4288 omnium
1654 4233 2073 4293 acclamatione

424 4315 685 4372 sublata:
720 4317 1022 4389 Philippus
1069 4335 1180 4388 pra:
1230 4317 1429 4375 laetitia
1470 4319 1642 4376 etiam
1671 4320 2067 4396 illacrymasse
2099 4353 2150 4417 D
2186 4321 2357 4390 θέαμα
2393 4340 2407 4354 ·

423 4413 940 4479 commemoratur,
955 4414 1245 4482 caputque
1269 4409 1394 4477 ﬁlii,
1417 4426 1549 4466 cum
1575 4411 1645 4466 ab
1659 4427 1808 4482 equo
1833 4414 2068 4470 descen-

427 4498 629 4567 disset,
658 4497 956 4554 osculatus
990 4499 1206 4555 dixisse
1235 4517 1248 4556 :
1308 4500 1353 4555 0
1382 4505 1532 4570 nate,
1577 4518 1808 4572 regnum
1839 4503 1943 4559 tibi
1968 4521 2073 4576 par

422 4604 630 4662 quare,
683 4589 998 4646 Macedonia
1053 4590 1201 4647 enim
1256 4595 1306 4646 te
1345 4608 1454 4648 non
1502 4593 1670 4664 capit.
1723 4595 2068 4666 Alexander,

417 4678 636 4753 inquit,
663 4679 922 4751 seipsum
945 4679 1172 4737 vincere
1195 4697 1369 4751 quam
1401 4681 1600 4738 hostes
1635 4683 1819 4755 magis
1844 4686 2068 4757 regium

421 4770 761 4827 existimans
804 4785 953 4839 esse,
987 4784 1093 4825 nec
1124 4769 1304 4824 ullam
1359 4769 1608 4826 filiarum
1661 4770 1818 4828 Darii
1849 4774 2069 4847 alioqui

418 4860 975 4933 pulcherrimarum,
1017 4875 1208 4930 neque
1239 4857 1422 4914 ullam
1456 4859 1630 4916 aliam
1665 4865 1798 4918 ante
1836 4865 2070 4936 nuptias

420 4951 616 5024 attigit
637 4949 965 5018 mulierem,
1004 4948 1247 5006 Barsina
1276 4952 1533 5022 excepta,
1573 4965 1700 5022 quas
1731 4951 1907 5010 vidua
1938 4953 2066 5010 fuit.

420 5039 562 5096 Cum
592 5045 789 5099 autem
827 5039 949 5098 ovis
999 5055 1216 5112 agnum
1267 5039 1609 5112 peperisset,
1650 5040 1746 5112 qui
1775 5041 1834 5098 in
1883 5044 2068 5115 capite

417 5128 669 5202 ﬁguram
702 5136 760 5192 et
781 5133 1035 5194 colorem
1060 5133 1247 5202 tiaras,
1280 5135 1337 5190 et
1365 5147 1434 5190 ex
1466 5137 1716 5206 utraque
1745 5135 1872 5208 ejus
1903 5141 2067 5208 parte

2207 1806 2346 1862 ὥστε
2375 1808 2718 1880 πληροῦσθαι
2750 1808 2796 1844 ²⁰
2824 1809 2951 1868 τοὺς
2992 1807 3374 1886 χιτωνίσκους,
3409 1807 3618 1863 πολλοὶ
3667 1812 3844 1883 γεγρά-

2205 1919 2386 1975 φασιν.
2420 1897 2576 1952 Αἰτία
2623 1895 2679 1952 δὲ
2713 1895 2850 1960 Tum:
2881 1900 2916 1966 ἡ
2960 1901 3056 1951 τοῦ
3107 1897 3364 1971 σώματος
3412 1902 3631 1972 κρᾶσις,
3679 1898 3849 1954 πολεῖ-

2205 1988 2408 2061 θερμος
2457 1984 2589 2042 οὖσα
2634 1987 2725 2041 καὶ
2773 1983 3075 2062 πυρώδης·
3136 1989 3170 2056 ἡ
3226 1988 3329 2063 γάρ
3385 1985 3591 2043 εὑωδὶα
3652 1990 3848 2064 γίνεται

2203 2077 2426 2149 πέψει²¹
2476 2081 2583 2130 τῶν
2616 2075 2792 2151 ὑγρῶν
2839 2074 2941 2130 ὑπὸ
2991 2076 3346 2150 θερμότηνος,
3381 2077 3458 2140 ὡς
3510 2078 3684 2133 οἴεται
3723 2079 3848 2133 Θεό-

2202 2187 2458 2247 φραστος.
2517 2169 2668 2223 Ὅθεν
2733 2167 2783 2222 οἱ
2850 2169 3009 2240 ξηροὶ
3061 2169 3149 2222 καὶ
3221 2165 3479 2244 διάπυροι
3539 2171 3700 2224 τόποι
3758 2174 3850 2235 τίς

2203 2258 2531 2332 οἰκουμένης
2559 2258 2627 2313 τά
2673 2256 2902 2313 πλεῖστα
2941 2258 3030 2313 καὶ
3081 2255 3350 2314 κάλλιστα
3389 2263 3500 2313 τῶν
3551 2260 3847 2334 ἀρωμάτων

2202 2347 2453 2424 φέρουσιν
2483 2367 2496 2380 ·
2531 2347 2724 2423 ἐξαίρει
2775 2349 2878 2423 γάρ
2910 2349 2937 2402 6
2971 2347 3128 2417 ἥλιος
3154 2349 3218 2403 τὸ
3268 2348 3436 2422 ὑγρὸν
3489 2348 3674 2421 ὥσπερ
3721 2348 3846 2418 ῧλτιν

2200 2437 2501 2509 σηπεδόνος
2572 2436 2904 2507 έπιπολάζσν
2971 2443 3087 2500 τοῖς
3165 2439 3443 2496 σώπασιν.
3500 2437 3843 2511 Ἀλέξανδρον

2199 2526 2276 2598 δὲ,
2322 2527 2396 2590 ὼς
2441 2526 2636 2596 ἔοικεν,
2687 2529 2722 2597 ἡ
2775 2528 3049 2602 θερμότης
3081 2529 3129 2564 ²²
3174 2529 3264 2583 καὶ
3324 2529 3554 2584 ποτικὸν
3609 2530 3703 2583 καὶ
3758 2531 3847 2584 θυ-

2201 2616 2395 2692 μοειδῆ
2429 2623 2711 2696 παρεῖχεν.

2267 2709 2387 2763 Ὅτι
2417 2710 2463 2744 ³³
2492 2709 2582 2762 τὸν
2633 2704 2979 2786 Βουκέφαλον
3027 2707 3408 2783 προσαχθέντα
3455 2704 3621 2764 ὤνιον
3655 2709 3846 2765 ταλάν-

2193 2819 2301 2853 των
2337 2794 2464 2852 δέκα
2500 2797 2589 2851 καὶ
2629 2800 2795 2872 τριῶν
2825 2798 2970 2872 παρὰ
3010 2795 3311 2852 Φιλονίκου
3354 2802 3458 2853 τοῦ
3499 2799 3770 2855 Θετταλοῦ
3798 2799 3842 2834 ³*

2199 2889 2225 2942 ὁ
2261 2888 2354 2961 μὲν
2389 2886 2670 2949 Φίλιππος
2717 2887 3066 2960 ἀπεπέμπετο
3116 2887 3190 2948 ὡς
3220 2887 3265 2923 ²³
3311 2888 3405 2942 τὸν
3457 2883 3730 2958 ἀναϐάτην
3777 2888 3836 2942 οὑ

2197 2973 2496 3056 δεχόμενον
2528 2974 2653 3031 οὐδὲ
2699 2978 2880 3052 φωνήν
2907 2996 3054 3039 τινος
3103 2979 3212 3030 τῶν
3244 2977 3369 3050 περὶ
3421 2977 3512 3032 τὸν
3565 2976 3841 3031 Φίλιππον

2194 3065 2529 3138 ὑπομένοντα
2563 3083 2576 3096 ⁸
2613 3065 2640 3119 6
2672 3061 2728 3119 δὲ
2777 3061 3126 3140 Ἀλέξανδρος
3178 3065 3531 3138 μεμψάμενος
3559 3067 3659 3132 τήν
3707 3066 3847 3118 ξιπο-

2191 3156 2420 3228 πομπὴν
2449 3158 2545 3209 τοῦ
2587 3152 2763 3208 ’ίππου
2794 3153 3034 3227 ᾐτήσατο
3083 3153 3232 3227 παρά
3259 3154 3355 3208 τοὺ
3400 3153 3596 3226 πατρὸς
3640 3149 3845 3208 λαῦεἶν

2192 3245 2371 3315 αὑτὸν,
2412 3245 2501 3299 καὶ
2552 3239 2736 3298 λαϐὼν
2787 3244 2874 3297 τὸν
2927 3241 3192 3298 δοκοῦντα
3243 3241 3414 3299 ἵππον
3463 3241 3652 3318 ἄγριον
3709 3245 3846 3298 εἶναι

2191 3335 2326 3410 πρὸς
2384 3334 2604 3401 πάντας,
2663 3331 2717 3388 οἳ
2773 3331 3074 3406 προσῄεσαν
3133 3332 3302 3405 αὐτῷ,
3357 3334 3452 3389 καὶ
3519 3332 3843 3402 ᾰκόλαστον,

2188 3421 2558 3499 προσδραμὼν
2605 3427 2682 3494 τῷ
2724 3420 2880 3495 ’ίππῳ
2927 3421 3017 3477 καὶ
3061 3419 3398 3498 παραλαϐὼν
3449 3425 3554 3494 τὴν
3604 3426 3756 3495 ἡνίαν
3813 3424 3842 3477 6

2190 3510 2541 3587 Ἀλέξανδρος
2600 3511 2890 3586 ἐπέστρεψε
2938 3513 3074 3587 πρὸς
3128 3514 3221 3568 τὸν
3270 3513 3459 3583 ἣλιον,
3524 3515 3602 3579 ὼς
3653 3513 3845 3584 ἔοικεν,

2188 3603 2446 3673 ἐννοήσας
2496 3603 2579 3657 δτι
2636 3603 2736 3671 τὴν
2779 3601 2930 3656 σκιᾶν
2973 3603 3427 3676 προσπίπτουσαν
3479 3604 3575 3658 καὶ
3627 3603 3851 3659 311530-

2193 3693 2356 3767 μένην
2415 3693 2557 3766 ὁρῶν
2624 3692 2740 3766 πρὸ
2771 3694 2815 3728 ²⁶
2864 3691 3030 3746 αὑτοῦ
3083 3693 3208 3764 [646
3246 3693 3338 3765 Η.]
3401 3691 3848 3768 διαταράττοιτο.

2187 3783 2366 3857 Μικρᾶ
2426 3779 2481 3836 δὲ
2539 3778 2680 3836 οὕτω
2747 3777 3176 3856 παρακαλπάσας
3247 3783 3336 3834 καὶ
3390 3785 3722 3856 καταψήσας
3779 3784 3850 3843 ὡς

2187 3874 2332 3947 ἑώρα
2361 3874 2536 3944 θυμοῦ
2568 3869 2951 3945 πληρούμενον
2987 3871 3126 3943 ὁμοῦ
3155 3869 3245 3924 καὶ
3293 3870 3637 3943 πνεύματος,
3670 3870 3849 3945 ἀποβ-

2188 3961 2348 4037 ῥίψας
2405 3964 2593 4036 ἡσυχῇ
2636 3963 2734 4030 τὴν
2791 3958 3053 4038 χλαμύδα
3108 3960 3198 4016 καὶ
3261 3962 3601 4035 μετεωρίσας
3657 3961 3847 4016 ἑαυτὸν

2185 4051 2441 4130 ἀσφαλῶς
2473 4046 2725 4124 περιέϐη,
2755 4051 2846 4106 καὶ
2887 4048 3117 4120 ⁴ἤλαυνεν
3150 4050 3248 4105 άνᾶ
3285 4051 3488 4127 κράτος
3517 4053 3614 4108 τὸν
3642 4051 3846 4108 ἵππον.

2187 4141 2285 4196 Καὶ
2314 4146 2436 4204 τοῖς
2472 4141 2566 4215 μὲν
2613 4138 2732 4204 δέος
2769 4141 2857 4195 καὶ
2893 4140 3035 4216 ἁγὼν
3084 4141 3353 4211 ἐνέπιπτε,
3389 4142 3468 4214 μή
3519 4163 3571 4196 τι
3603 4141 3668 4197 τὸ
3726 4161 3847 4214 μει-

2183 4231 2368 4307 ράκιον
2399 4232 2568 4306 πάθῃ,
2599 4235 2717 4294 τοῖς
2767 4227 2824 4285 δὲ
2852 4231 3047 4306 κρότος
3096 4230 3162 4300 ἦν
3217 4234 3418 4307 χειρῶν
3467 4231 3560 4286 καὶ
3616 4231 3847 4306 τερπνὸν

2462 4321 2660 4383 πάντας
2729 4316 2774 4373 δ’
2834 4319 3040 4392 ὁμοίως
3097 4319 3244 4394 εἶχεν
3301 4317 3588 4391 ἔκπληξις.
3639 4321 3735 4384 Ὠς
3789 4315 3846 4373 εὶ

2185 4411 2404 4486 κάμψας
2460 4411 2780 4484 ὑπέστρεψεν
2844 4409 3020 4484 ὀρθῶς
3073 4403 3302 4483 σοϐαρὸς
3336 4410 3456 4446 37'”
3512 4410 3604 4464 καὶ
3671 4417 3845 4487 7311‘;-

2181 4500 2309 4569 θὼς,
2350 4495 2577 4561 ἅπαντες
2613 4501 2707 4573 μὲν
2741 4497 3023 4573 χαίροντες
3071 4497 3441 4568 ἀνηλάλαξαν,
3475 4498 3504 4553 6
3554 4496 3610 4552 δὲ
3653 4497 3843 4571 πατὴρ

2179 4592 2266 4647 καὶ
2328 4587 2589 4665 δακρῦσαι
2646 4587 2857 4665 λέγεται
2916 4589 3053 4662 πρὸς
3088 4589 3186 4657 τήν
3243 4589 3444 4667 χαράν,
3495 4582 3844 4647 καταϐάντος

2181 4680 2238 4737 δὲ
2264 4682 2433 4738 αὑτοῦ
2478 4682 2577 4751 τὴν
2614 4678 2855 4753 κεφαλὴν
2900 4678 3160 4757 φιλήσας,
3190 4683 3255 4734 Ὦ
3302 4684 3425 4748 παῖ,
3466 4680 3645 4758 νξάναι,
3678 4681 3845 4748 ζήτει

2180 4776 2384 4845 σεαυτῷ
2461 4768 2740 4846 βασιλείαν
2821 4765 2951 4838 ’ίσην
2985 4785 2998 4800 ·
3079 4766 3388 4824 Μακεδονία
3463 4769 3563 4843 γάρ
3627 4789 3688 4825 σε
3781 4766 3842 4822 οὗ

2179 4866 2378 4938 χωρεῖ.
2436 4863 2630 4917 Ὅτι⁸⁰
2687 4855 3062 4935 Ἀλέξανδρος,
3121 4857 3281 4936 φησὶ,
3334 4861 3432 4913 τοῦ
3501 4862 3656 4928 νικᾷν
3707 4857 3840 4915 τοὺς

2177 4948 2479 5026 πολεμίους
2531 4950 2596 5005 τὸ
2654 4953 2866 5026 κρατεῖν
2922 4948 3115 5004 ἑαυτοῦ
3171 4946 3604 5023 βασιλικώτερον
3667 4943 3838 5022 i706-

2183 5065 2366 5118 μενος,
2425 5040 2547 5098 οὔτε
2603 5041 2751 5102 τινὸς
2802 5043 2912 5096 τῶν
2965 5040 3189 5113 Δαρείου
3245 5041 3584 5115 θυγατέρων,
3638 5036 3834 5095 κάλλει

2181 5131 2650 5210 διαπρεπεστάτων
2694 5128 2888 5205 οὐσῶν,
2935 5126 3195 5206 οὐδεμιᾶς
3241 5122 3438 5205 ἔθιγεν,
3489 5125 3616 5184 οὔτε
3656 5124 3836 5194 ἄλλην

1781 5271 2016 5330 VARI/E
2056 5272 2469 5334 LECTIONES.

433 5459 447 5476 ν
490 5387 535 5422 ¹⁶
567 5385 663 5476 εἶξς]
691 5391 814 5476 ρει.
858 5393 999 5476 Min.
1035 5411 1095 5476 c._
1124 5395 1173 5476 in.

420 5461 494 5567 ξιές
520 5461 611 5544 καὶ
650 5461 750 5528 τὴν
783 5493 850 5503 —
879 5465 994 5535 πλη
1037 5466 1224 5520 οὖσθαι
1255 5463 1344 5519 καί
1384 5461 1449 5521 Δ.

499 5529 606 5601 δτι]
643 5548 689 5586 c.
722 5536 776 5590 6.
855 5535 901 5570 ²⁴
931 5485 1260 5592 Φιλονείκου
1290 5539 1388 5590 τοῦ
1429 5543 1449 5592 ε

422 5605 461 5659 Β
496 5608 552 5660 et
582 5579 727 5660 6m.
765 5611 830 5662 Α.
865 5579 1224 5683 σοέαρὶῶςῦξῖ

1250 5391 1297 5428 1⁷
1325 5397 1425 5463 τῆς
1459 5410 1574 5451 om.
1608 5397 1674 5452 A.

1304 5609 1348 5644 ³ο
1381 5609 1485 5682 ὅτι]
1518 5629 1566 5668 c.
1600 5614 1690 5668 21.

1753 5395 1801 5434 ¹⁸
1830 5395 1944 5469 ὅτι]
1969 5413 2020 5455 c.
2054 5399 2107 5455 4.

1556 5465 1815 5545 ³ξπέψὲ]
1861 5465 1954 5545 xei}
1985 5469 2143 5545 πέψει
2176 5473 2242 5527 Δ.

855 5535 901 5570 ²⁴
931 5535 1260 5618 (Ριλονείέου
1290 5539 1408 5618 τοῦ..
1429 5535 1820 5618 Θεσσαλοὺςξ
1899 5541 1946 5578 ²⁸
1976 5535 2234 5615 ὡςίηε.,
2267 5535 2498 5618 πρός⁷ς
2529 5557 2540 5595 :
2574 5539 2616 5595 B
2647 5535 2764 5595 citi).

2188 5398 2235 5436 ‘9
2263 5397 2389 5472 περί
2419 5401 2461 5450 Δ
2493 5412 2507 5451 :
2540 5413 2607 5450 πε
2851 5393 2895 5429 ³⁸³
2924 5389 3016 5447 καὶ
3039 5391 3137 5461 τήν
3169 5421 3238 5434 —-
3267 5384 3411 5445 ὥστε
3450 5387 3824 5462 πληροῦσθαι]

2188 5473 2242 5521 Α.
2348 5469 2394 5506 ε’
2425 5476 2551 5521 nost
2607 5413 2879 5521 θερμότης
2921 5481 3052 5521 cum
3105 5470 3148 5518 Α
3197 5463 3371 5520 omisi
3419 5465 3522 5517 τοῦ
3555 5459 3822 5521 σώματος.

2348 5469 2394 5543 ξ’
2425 5476 2551 5543 post
2575 5459 2888 5543 -θεεῖμότης
2897 5481 3069 5543 _cun_1_
3099 5459 3148 5518 VA
3187 5463 3371 5543 omisi
3419 5459 3822 5543 τοῦμαώμλατος.

2869 5537 2914 5572 ²⁶
2939 5535 3069 5611 πρὸ]
3097 5533 3229 5608 πρός
3261 5539 3329 5590 Λ.
3438 5535 3564 5570 ²⁷·²⁹
3595 5529 3821 5600 σοϐαρὸς
