4066 6216
233 357 396 420 ms
470 434 476 438 _

1335 359 1882 423 BIBLIOTHECA.
1928 393 2004 408 --
2047 363 2222 426 COD.
2267 365 2540 426 CCXLV.
2647 419 2650 422 .

3482 371 3640 432 1446

218 492 366 572 ἔγνω
425 497 654 570 γυναῖκα
709 492 816 569 πρὸ
873 492 1056 567 γάμου
1111 491 1260 561 πλὴν
1336 492 1627 566 Βαρσίνης,
1676 491 1868 569 ἀνδρὸς

1982 498 2285 556 testiculos
2315 499 2574 570 haberet,
2598 499 2968 556 abominatus
2997 500 3054 556 id
3085 503 3436 576 prodigium,
3459 521 3488 560 ει
3521 509 3630 562 Ba-

220 581 396 654 οόσης
427 581 824 658 κεχηρωμένης
851 581 920 640 ³¹.
954 583 1078 640 Ὅτι
1119 583 1166 618 ⁸³
1214 577 1517 657 προϐάτου,
1575 585 1734 662 φησί,
1783 605 1874 639 τε-

217 671 418 734 κόντος
475 671 608 748 ἄρνα
661 671 785 745 περὶ
840 672 937 740 τὴν
983 669 1226 751 κεφαλὴν
1273 678 1470 746 σχῆμα
1523 673 1614 727 καὶ
1667 677 1872 749 χρῶμα

218 757 430 841 ἔχοντα
457 759 648 836 τιάρας
679 761 771 816 καὶ
825 758 1090 832 διδύμους
1138 761 1464 835 ἑκατέρωθεν
1514 762 1700 832 αὐτοῦ,
1745 760 1872 836 βδε-

219 851 454 927 λυχθεὶς
489 852 552 907 τὸ
585 857 813 925 σημεῖον
845 850 1114 926 ἐκαθάρθη
1162 853 1255 924 μὲν
1309 852 1411 906 ὑπὸ
1458 856 1566 906 τῶν
1611 847 1873 909 Βαϐυλω-

225 943 364 997 νίων
412 942 440 996 ὁ
493 937 866 1015 Ἀλέξανδρος,
919 941 1012 1005 οὓς
1061 939 1112 1012 ἐξ
1157 938 1311 1004 ἔθους
1351 941 1586 1018 ἐπήγετο
1633 942 1768 1016 πρὸς
1805 941 1873 998 τὰ

217 1033 471 1100 τοιαῦτα,
504 1027 792 1108 διειλέχθη
827 1027 882 1084 δὲ
911 1031 1046 1104 πρὸς
1073 1029 1202 1092 τοὺς
1233 1029 1428 1106 φίλους
1457 1030 1532 1093 ὡς
1565 1030 1626 1085 οὐ
1675 1028 1744 1085 δι’
1774 1028 1869 1085 αὗ-

218 1120 340 1188 τὸν,
373 1117 520 1174 ἀλλὰ
553 1116 621 1173 δι’
651 1117 887 1180 ἐκείνους
927 1120 1268 1196 ταράττοιτο,
1317 1121 1392 1190 μή
1434 1120 1497 1174 τὸ
1546 1121 1744 1194 κράτος
1795 1119 1870 1182 είς

219 1209 414 1286 ἀγεννῆ
445 1209 534 1264 καὶ
569 1205 792 1264 ἄναλκιν
832 1207 1116 1282 ἄνθρωπον
1147 1206 1472 1270 ἐκλιπόντος
1505 1209 1672 1264 αὐτοῦ
1713 1228 1871 1284 περι-

221 1301 396 1374 στήσῃ
425 1299 476 1335 ³³
505 1299 566 1354 τὸ
598 1297 902 1371 δαιμόνιον.
935 1297 1012 1355 Οὐ
1067 1300 1174 1372 μὴν
1207 1296 1354 1352 ἀλλὰ
1403 1297 1619 1372 βέλτιόν
1668 1318 1722 1352 τι
1770 1319 1873 1368 ση-

226 1393 382 1462 μεῖον
415 1389 704 1467 γενόμενον
735 1387 832 1456 τήν
861 1387 1091 1460 ἀθυμίαν
1124 1383 1310 1443 ἔλυσεν
1341 1389 1406 1443 ³⁵.
1457 1389 1621 1460 [1200
1669 1388 1760 1460 R.]
1810 1387 1870 1444 Ὀ

224 1478 333 1555 γὰρ
380 1480 426 1516 ³⁵
473 1477 560 1533 ἐπὶ
599 1481 706 1532 τῶν
753 1477 1024 1550 σωμάτων
1078 1475 1407 1552 τεταγμένος
1465 1471 1640 1550 ὄνομα
1671 1477 1874 1552 Πρόξε-

221 1588 336 1641 νος,
371 1569 558 1642 χώραν
592 1565 832 1640 ὀρύττων
863 1568 932 1638 τῇ
977 1563 1238 1641 βασιλικῇ
1290 1569 1463 1638 σκηνῇ
1494 1565 1540 1603 ³⁸
1588 1567 1734 1640 παρὰ
1777 1565 1868 1620 τὸν

1981 585 2257 659 byloniis,
2281 603 2424 660 quos
2444 589 2572 659 ejus
2590 588 2673 643 rei
2695 604 2873 644 causa
2889 604 2956 644 ex
2977 603 3134 646 more
3157 594 3404 662 quodam
3427 611 3628 651 secum

1983 677 2252 745 ducebat,
2294 678 2585 750 expiatus,
2633 679 2704 734 ad
2738 678 2958 734 amicos
3001 679 3174 736 etiam
3222 681 3386 749 dixit,
3420 700 3482 739 se
3513 702 3628 742 non

1981 765 2091 832 sui,
2123 781 2326 822 verum
2375 767 2642 838 ipsorum
2693 783 2870 824 causa
2914 768 3318 840 perturbatum
3365 786 3511 838 esse,
3560 790 3632 828 ne

1981 854 2105 926 ipso
2135 855 2410 912 defuncto
2437 872 2734 914 summam
2753 873 2942 914 rerum
2977 858 3048 912 ad
3083 856 3398 928 ignobilem
3431 863 3486 915 et
3517 859 3632 916 im-

1981 943 2192 1000 bellem
2239 944 2496 1017 aliquem
2561 946 2856 1003 hominem
2899 946 3080 1002 fatum
3133 945 3475 1003 devolveret.
3526 949 3633 1004 Sed

1981 1031 2136 1088 hunc
2164 1033 2290 1105 ejus
2319 1049 2626 1091 mmrorem
2652 1035 2810 1091 aliud
2842 1035 3031 1091 laetius
3053 1039 3348 1092 ostentum
3369 1037 3630 1094 sustulit.

1982 1121 2204 1177 Etenim
2235 1122 2534 1180 Proxenus
2556 1123 2900 1182 stratoribus
2932 1124 3106 1196 regiis
3138 1127 3464 1196 praefectus,
3499 1142 3630 1183 cum

1980 1211 2230 1268 tentorio
2258 1213 2412 1284 regis
2453 1211 2648 1270 locum
2699 1213 2922 1270 foderet
2945 1213 3110 1284 juxta
3137 1213 3324 1269 Oxum
3364 1214 3630 1284 ﬂuvium,

1983 1299 2198 1356 fontem
2215 1300 2457 1373 liquoris
2470 1301 2701 1376 pinguis
2720 1302 2970 1374 aperuit,
2987 1303 3156 1374 cujus
3175 1319 3308 1359 cum
3327 1319 3628 1360 summum

1983 1395 2135 1446 esset
2164 1390 2464 1462 haustum,
2498 1408 2712 1464 purum
2734 1393 2946 1448 deinde
2969 1400 3022 1448 et
3051 1391 3416 1464 perlucidum
3441 1393 3631 1451 oleum

1985 1479 2270 1548 scaturiit,
2303 1497 2490 1552 neque
2530 1481 2704 1537 odore
2743 1481 3086 1552 quidquam,
3130 1497 3320 1553 neque
3358 1489 3531 1554 gustu
3563 1483 3636 1538 ab

1985 1567 2134 1634 oleo,
2165 1585 2349 1642 neque
2377 1571 2566 1626 nitore
2586 1570 2762 1626 etiam
2785 1579 2837 1625 et
2869 1569 3227 1642 pinguedine
3259 1571 3552 1640 differens,
3578 1579 3632 1627 et

221 1657 386 1727 ’Όξον
444 1655 714 1729 ποταμὸν,
790 1654 1104 1728 ἀπεκάλυψε
1177 1656 1361 1728 πηγὴν
1413 1655 1581 1729 ὑγροῦ
1630 1653 1867 1730 λιπαροῦ

1982 1673 2114 1713 vero
2137 1658 2315 1715 nulla
2347 1665 2482 1715 sunt
2512 1659 2570 1714 in
2601 1660 2717 1715 ista
2757 1659 2990 1730 regione
3023 1659 3179 1716 oleae.
3216 1659 3402 1716 Oxum
3437 1665 3629 1718 autem

222 1746 314 1801 καὶ
345 1742 723 1819 πιμελώδους,
783 1742 1256 1816 Ἀπαντλουμὲνου
1295 1746 1338 1780 θτ
1389 1741 1447 1798 δὲ
1491 1749 1588 1800 τοῦ
1617 1746 1866 1819 πρώτου,

223 1838 458 1911 καθαρὸν
521 1831 807 1905 ἀνέϐλυζεν
864 1831 974 1904 ἤδη
1033 1835 1123 1889 καὶ
1182 1832 1398 1909 διαυγὲς
1465 1830 1674 1904 ἔλαιον,
1740 1833 1868 1892 οότε

225 1926 374 1999 ὀσμῇ
425 1923 618 1980 δοκοῦν
669 1921 792 1979 οὔτε
829 1923 1008 1999 γεύσει
1057 1923 1241 1979 ἐλαίου
1271 1925 1317 1960 ³⁸
1365 1921 1658 2001 διαφέρειν,
1713 1922 1868 1980 στιλ-

229 2014 424 2092 βότητι
455 2015 503 2052 ³⁸
549 2012 607 2069 δὲ
653 2015 740 2070 καὶ
793 2012 1124 2089 λιπαρότητι
1171 2013 1507 2068 παντάπασιν
1554 2011 1872 2088 ἅπαράλλα-

221 2125 372 2178 κτον,
412 2105 502 2160 καὶ
539 2108 708 2160 ταῦτα
752 2110 852 2172 τῆς
900 2103 1090 2182 χώρας
1143 2099 1282 2178 μηδὲ
1331 2101 1518 2164 ἐλαίας
1558 2104 1858 2183 φερούσης.

220 2195 448 2270 Λέγεται
494 2194 586 2266 μὲν
635 2192 726 2248 οὖν
765 2193 854 2247 καὶ
906 2192 998 2248 τὸν
1045 2193 1206 2262 ’Ὀξον
1257 2191 1418 2247 αὐτὸν
1473 2191 1868 2266 μαλακώτατον

221 2282 394 2360 ὕδωρ,
425 2281 562 2338 ὥστε
591 2283 654 2338 τὸ
707 2279 878 2357 δερμα
929 2281 1056 2344 τοὺς
1097 2280 1430 2355 λουομένους
1480 2279 1864 2338 ἐπιλιπαίνειν.

223 2375 300 2431 Οὐ
345 2375 450 2448 μὴν
484 2372 630 2430 ἀλλᾶ
659 2373 749 2429 καὶ
796 2374 1114 2447 θαυμαστῶς
1155 2376 1200 2411 ‘9
1235 2370 1590 2447 Ἀλέξανδρος
1637 2378 1716 2444 τῷ
1767 2393 1868 2443 ση-

224 2465 363 2540 μείῳ
391 2466 557 2534 ἥσθη.
589 2467 709 2519 Ὅτι
741 2464 786 2501 ⁴¹
819 2460 1100 2538 Ἀριδαῖος
1134 2464 1228 2538 μὲν
1261 2465 1450 2537 γέγονε
1487 2466 1566 2534 τῷ
1599 2459 1868 2535 Φιλίππῳ

1981 1747 2382 1804 mollissimam
2404 1749 2574 1805 habet
2593 1765 2833 1820 aquam,
2853 1747 2994 1805 adeo
3013 1755 3078 1805 ut
3095 1749 3426 1806 lavantibus
3449 1751 3626 1806 cutim

1977 1837 2334 1910 pinguedine
2379 1839 2634 1910 quadam
2687 1839 2948 1910 inungat.
2997 1839 3238 1896 Miriﬁce
3267 1857 3334 1896 eo
3365 1840 3626 1912 prodigio

1973 1927 2302 1985 Alexander
2353 1929 2677 1986 delectatus
2730 1933 2836 1986 est.
2893 1931 3022 1986 Fuit
3061 1931 3414 2002 etPhilippo
3471 1931 3630 1986 ﬁlius

1977 2014 2263 2084 Aridaeus,
2281 2032 2348 2072 ex
2369 2015 2615 2088 ignobili
2638 2021 2828 2072 scorto
2851 2016 3076 2072 Philina
3098 2025 3442 2090 prognatus,
3463 2034 3630 2074 men-

1976 2104 2054 2160 tis
2085 2121 2198 2160 non
2233 2105 2404 2177 plane
2436 2121 2700 2176 compos,
2727 2107 2874 2176 quod
2899 2107 3159 2179 corporis
3191 2108 3394 2163 morbo
3425 2108 3474 2164 ei
3508 2123 3633 2164 eve-

1976 2193 2191 2250 niebat.
2217 2193 2428 2250 Verum
2449 2193 2500 2250 is
2524 2195 2762 2251 morbus
2800 2211 2913 2252 non
2939 2201 3162 2252 naturae
3181 2196 3344 2257 vitio,
3371 2197 3630 2268 quinimo

1976 2281 2038 2337 in
2069 2298 2244 2353 puero
2275 2299 2340 2338 eo
2361 2283 2506 2340 satis
2537 2283 2690 2340 bona
2707 2288 2884 2356 atque
2913 2286 3168 2356 ingenua
3189 2285 3418 2342 indoles
3448 2302 3626 2359 appa-

1976 2371 2166 2428 ruisse
2207 2371 2437 2443 dicitur,
2479 2373 2579 2430 sed
2621 2375 2998 2445 postmodum
3046 2375 3288 2432 venenis
3327 2375 3400 2431 ab
3437 2374 3622 2447 Olym-

1978 2462 2146 2534 piade
2177 2466 2506 2534 corruptus,
2540 2479 2695 2520 sanae
2729 2465 2940 2522 mentis
2961 2466 3254 2535 jacturam
3287 2466 3513 2522 fecisse.

217 2554 274 2625 ἐξ
303 2551 496 2624 ἀδόξου
525 2552 780 2628 γυναικὸς
815 2553 907 2608 καὶ
957 2559 1166 2624 κοινῆς,
1218 2551 1472 2623 Φιλίνης,
1519 2551 1721 2622 ἀτελὴς
1772 2549 1830 2607 δὲ
1875 2555 1954 2623 τῷ
2007 2555 2300 2629 σωφρονεῖν
2343 2550 2389 2586 ⁴²
2431 2547 2522 2605 διὰ
2569 2551 2824 2624 σώματος
2871 2551 3108 2628 ἐγεγόνει
3160 2553 3340 2618 νόσον,
3393 2551 3454 2607 οὗ
3515 2551 3626 2624 μὴν

221 2643 402 2724 φύσει,
471 2641 618 2698 ἀλλᾶ
663 2643 750 2697 καῖ
799 2643 936 2696 πάνυ
976 2642 1132 2718 φασὶν
1185 2640 1348 2697 αὐτοῦ
1395 2639 1592 2703 παιδὸς
1643 2640 1794 2703 ὄντος
1841 2638 2209 2718 διαφαίνεσθαι
2260 2636 2450 2715 χαρίεν
2499 2639 2634 2709 ἦθος
2677 2641 2765 2694 καί
2821 2639 2919 2696 οὐκ
2961 2641 3187 2715 ἀγεννὲς,
3243 2641 3360 2696 εἶτα
3446 2639 3627 2714 μέντοι

219 2731 529 2814 φαρμάκοις
554 2731 658 2788 ὑπὸ
689 2729 1068 2805 Ὀλυμπιάδος
1099 2731 1404 2786 κακῶθέντα
1435 2729 1792 2810 διαφθαρῆναι
1822 2731 1922 2799 τὴν
1957 2726 2221 2787 διάνοιαν.

771 2822 866 2878 Ἐκ
894 2825 990 2876 τοῦ
1019 2822 1307 2896 Καίσαρος.

287 2913 408 2966 ’Ὀτι
469 2909 516 2945 ⁸³
572 2911 776 2980 Καῖσαρ
833 2905 1069 2980 λέγεται,
1128 2910 1196 2980 τῇ
1249 2907 1488 2981 προτέρᾳ
1545 2907 1693 2962 νυκτὶ
1767 2911 1862 2976 τῆς

217 2999 303 3056 ἐπ’
334 2996 616 3070 Ἀρίμινον
659 2999 704 3033 ⁸⁸
734 2990 1033 3058 διαϐάσεως
1074 2995 1260 3070 (πόλις
1294 2993 1350 3050 δέ
1387 2993 1530 3051 ἐστιν
1577 2995 1710 3064 αὕτη
1761 3001 1860 3064 τῆς

219 3087 490 3158 Κελτικῆς
519 3088 566 3123 ⁴³
599 3084 837 3161 μεγάλη,
877 3087 937 3155 ἣν
988 3087 1074 3140 καὶ
1119 3086 1312 3162 ἀθρόον
1363 3085 1612 3142 ἀπελθὼν
1663 3083 1859 3159 ἔσχεν),

223 3177 349 3254 ὄναρ
407 3175 544 3234 tam
601 3170 860 3250 ἔκθεσμον
896 3194 910 3209 ’
969 3172 1143 3231 ἐδόκει
1202 3175 1304 3250 γὰρ
1361 3175 1524 3239 αὐτὸς
1569 3179 1636 3248 τῇ
1670 3173 1860 3229 ἑαυτοῦ

221 3267 391 3345 μητρὶ
427 3265 711 3342 μίγνυσθαι
741 3267 838 3335 τήν
867 3261 1103 3339 ἅῤῥητον
1140 3263 1304 3336 μίξιν.

617 3357 743 3430 [647
909 3355 1003 3409 Ἐκ
1029 3357 1126 3410 τοῦ
1159 3351 1450 3428 Εὒμένους.

294 3447 364 3503 Τὸ
424 3446 520 3520 μὲν
559 3446 606 3483 ⁴⁶
663 3444 910 3519 εύτυχεῖν
958 3443 1048 3497 καὶ
1091 3441 1218 3504 τοὺς
1265 3441 1419 3522 φύσει
1475 3441 1706 3516 μικροὺς
1737 3462 1862 3496 συν-

221 3535 558 3616 ἐπικουφίζει
607 3540 722 3597 τοῖς
773 3535 1135 3610 φρονήμασιν,
1187 3531 1323 3588 ὥστε
1373 3531 1650 3612 φαίνεσθαί
1687 3554 1739 3587 τι
1775 3530 1866 3605 μὲ-

217 3629 375 3706 γεθος
423 3627 542 3702 περὶ
599 3623 797 3686 αὐτοὺς
847 3623 937 3678 καὶ
987 3621 1149 3696 ὄγκον
1199 3621 1257 3676 ἐκ
1303 3622 1634 3698 πραγμάτων
1692 3622 1865 3697 ὑπερ-

222 3717 462 3792 εχόντων
495 3709 1004 3786 ἀποϐλεπομένους.
1031 3713 1090 3766 Ὀ
1135 3709 1194 3766 δέ
1237 3732 1298 3786 γε
1343 3709 1566 3780 ἀληθῶς
1621 3709 1867 3786 μεγαλό-

226 3826 377 3886 φρων
404 3805 491 3860 καὶ
537 3797 756 3879 βέϐαιος
789 3799 844 3856 ἐν
875 3807 992 3863 τοῖς
1032 3798 1314 3880 σφάλμασι
1351 3796 1564 3873 μᾶλλον
1615 3799 1706 3853 καὶ
1747 3803 1866 3861 ταῖς

229 3885 582 3969 δυσημερίαις
640 3890 918 3970 ἀναφέρων
974 3891 1178 3965 γίνεται
1231 3885 1562 3958 κατάδηλος,
1617 3887 1798 3962 ὥσπερ
1839 3887 1866 3942 ὁ

227 3984 480 4057 Εὐμένης
533 3983 980 4057 κακοπραγήσας.
1044 3976 1275 4036 Μᾶλλον
1329 3977 1432 4054 γὰρ
1518 3975 1684 4031 αὐτοῦ
1771 3981 1871 4046 τῆς

229 4079 418 4154 ψυχῆς
465 4074 528 4128 τὸ
576 4077 818 4150 γενναῖον
845 4072 890 4108 ⁴⁶⁷
939 4068 1163 4150 διεφάνη
1215 4068 1304 4123 καὶ
1354 4065 1625 4141 ἐξέλαμψε
1670 4067 1760 4122 καὶ
1806 4065 1870 4121 τὸ

228 4165 503 4235 ἀπτόητον
547 4165 646 4219 τοῦ
694 4161 1040 4240 φρονήματος
1085 4159 1176 4214 καὶ
1224 4163 1342 4221 ταῖς
1401 4161 1708 4234 συμφοραῖς
1747 4156 1870 4212 ἀτα-

229 4255 514 4310 πείνωτον.
564 4255 684 4306 ’Ότι
717 4254 760 4289 ⁸⁸
807 4249 1144 4323 αἷσθόμενος,
1196 4248 1350 4328 φησὶ,
1391 4247 1516 4310 τοὺς
1567 4245 1656 4301 ὑπ’
1704 4247 1868 4302 αὐτὸν

229 4341 496 4414 ἀλλήλων
548 4342 640 4416 μὲν
673 4342 721 4379 ⁴⁹
765 4343 1253 4417 καταφρονοῦντας,
1285 4337 1448 4392 αύτὸυ
1499 4333 1556 4391 δὲ
1595 4331 1872 4413 φοϐουμέ-

227 4457 374 4509 νους,
419 4434 510 4490 καὶ
559 4430 1082 4510 παραφυλάττοντας
1128 4427 1360 4500 ἀνελεῖν,
1411 4426 1457 4482 εἰ
1507 4426 1721 4505 γένοιτο
1751 4447 1876 4482 και-

231 4525 344 4602 ρὸς,
377 4523 648 4598 ἐσκήψατο
681 4521 990 4602 χρημάτων
1041 4516 1268 4588 δεῖσθαι,
1322 4517 1412 4571 καὶ
1462 4513 1871 4572 συνεδανείσατο

226 4613 462 4670 τάλαντα
501 4611 686 4668 πολλὰ
714 4613 758 4648 ⁸ο
807 4610 952 4686 παρὰ
1007 4612 1114 4664 τῶν
1162 4606 1398 4682 μάλιστα
1432 4603 1758 4679 μισούντων,
1784 4602 1876 4660 ’ίνα

227 4705 316 4761 καὶ
373 4703 666 4758 πιστεύωσι
719 4703 763 4739 ⁵1
817 4699 908 4754 καὶ
960 4697 1274 4772 ἀπέχωνται
1341 4695 1466 4769 περὶ
1531 4695 1594 4750 τὸ
1659 4691 1868 4750 δάνειον

227 4793 592 4869 ἀγωνιῶντες.
649 4791 808 4845 Ὥστε
867 4782 1064 4859 συνέϐη
1113 4787 1204 4841 τὸν
1260 4783 1556 4860 ἀλλότριον
1625 4782 1868 4840 πλοῦτον

227 4881 446 4962 φύλακα
495 4885 590 4937 τοῦ
639 4877 892 4954 σώματος
941 4875 1110 4953 ἔχειν,
1160 4875 1251 4930 καὶ
1297 4881 1405 4930 τῶν
1435 4873 1624 4930 ἄλλων
1651 4873 1737 4929 ἐπὶ
1769 4894 1872 4930 σω-

225 4959 392 5047 τηρίᾳ
452 4967 710 5026 διδόντων
773 4967 936 5042 μόνον
995 4967 1055 5022 ἐκ
1099 4967 1148 5003 ⁵³
1193 4969 1290 5021 τοῦ
1337 4959 1526 5020 λαϐεῖν
1571 4965 1870 5036 κτήσασθαι

224 5063 327 5132 τήν
371 5058 690 5140 ἀσφάλειαν.
741 5061 861 5113 Ὅτι
913 5053 1292 5138 φιλοπόλεμος
1348 5053 1442 5128 μεν
1493 5053 1628 5128 ἐστι,
1680 5054 1867 5134 φησὶν,

2533 2825 2620 2878 Ba:
2649 2819 2890 2878 Caesaris
2924 2821 3072 2878 Vita.

2045 2909 2256 2966 Ferunt
2287 2911 2570 2982 proxima,
2617 2927 2791 2982 quam
2843 2911 3033 2968 89M
3076 2911 3396 2968 Ariminum
3427 2928 3629 2983 perve-

1973 2997 2154 3054 nisset
2183 2999 2350 3069 (urbs
2379 3015 2444 3055 ea
2474 3005 2562 3056 est
2599 3017 2812 3074 magna
2852 3001 2912 3056 in
2944 3001 3180 3072 Celtica,
3226 3019 3396 3074 quam
3431 3001 3625 3058 subito

1971 3086 2192 3160 impetu
2215 3088 2500 3145 invadens
2529 3091 2854 3163 occupavit)
2883 3094 3050 3147 nocte
3071 3091 3389 3148 obscenum
3412 3089 3626 3147 Casari

1971 3176 2326 3234 inomnium
2351 3179 2566 3246 visum,
2600 3195 2810 3251 nempe
2832 3197 2894 3237 se
2914 3195 3048 3236 cum
3075 3189 3255 3238 matre
3275 3197 3382 3238 sua
3407 3194 3622 3251 corpus

1892 3243 1934 3311 (ἶ
1977 3266 2245 3324 miscere.

2527 3359 2612 3414 En:
2641 3359 2902 3414 Eumenis
2930 3357 3072 3416 Vita.

2047 3444 2345 3502 Enimvero
2385 3447 2657 3503 secundas
2704 3463 2793 3504 res
2825 3447 2998 3504 etiam
3041 3447 3276 3520 ingenio
3309 3447 3538 3505 modico
3567 3453 3624 3504 et

1973 3535 2266 3591 submisso
2294 3535 2567 3608 praeditos
2599 3536 2891 3606 attollunt,
2917 3541 2982 3593 ut
3010 3537 3210 3609 magni
3245 3537 3358 3594 sibi
3389 3539 3622 3594 videan-

1973 3628 2089 3692 tur,
2120 3626 2444 3697 cristasque
2466 3626 2713 3697 erigant,
2736 3641 2872 3684 cum
2899 3625 3124 3682 excelso
3155 3627 3280 3682 loco
3313 3625 3621 3682 collocatos

1975 3729 2038 3769 se
2090 3714 2306 3770 vident.
2363 3714 2512 3770 Vera
2567 3714 2750 3770 animi
2794 3713 3134 3783 magnitudo
3179 3718 3237 3770 et
3281 3714 3618 3770 constantia

1975 3800 2152 3855 rebus
2173 3800 2430 3855 adversis
2451 3801 2704 3856 ferendis
2727 3800 3223 3868 emendandisque
3243 3799 3476 3854 casibus
3499 3799 3624 3854 elu-

1978 3888 2186 3944 cescit:
2213 3889 2382 3958 cujus
2401 3890 2478 3944 rei
2503 3887 2830 3958 exemplum
2853 3889 3136 3944 Eumenes
3157 3887 3419 3959 praebuit.
3437 3887 3628 3960 Magis

1978 3976 2133 4032 enim
2162 3975 2320 4033 illius
2351 3977 2623 4033 nobilitas
2653 3977 2864 4033 anima:
2911 3979 3180 4050 apparuit
3226 3982 3280 4032 et
3323 3979 3526 4048 patuit,
3570 3981 3627 4034 et

1981 4063 2251 4122 alacritas
2281 4066 2498 4138 ingenii
2519 4067 2792 4124 omnibus
2813 4067 3240 4124 calamitatibus
3259 4068 3428 4140 longe
3448 4084 3629 4139 supe-

1981 4155 2172 4212 rioris.
2213 4156 2527 4228 Eapropler
2556 4157 2810 4214 sentiens
2839 4173 2940 4214 eos
2969 4173 3098 4214 sese
3129 4161 3334 4214 mutuo
3364 4165 3629 4214 contem-

1981 4260 2138 4314 nere,
2169 4244 2365 4318 ipsum
2397 4251 2672 4315 metuere,
2695 4251 2752 4304 et
2779 4246 2838 4302 in
2870 4245 2979 4304 hoc
3005 4263 3150 4316 esse,
3173 4253 3236 4302 ut
3266 4253 3436 4318 capta
3466 4262 3631 4302 occa-

1983 4334 2148 4391 sione
2175 4335 2463 4402 occidant,
2515 4336 2759 4408 pecunia
2797 4336 2910 4392 sibi
2954 4352 3102 4409 opus
3143 4351 3272 4392 esse
3303 4335 3626 4407 simulavit,

1983 4441 2170 4496 eoque
2201 4425 2312 4481 sub
2363 4429 2662 4497 praetextu,
2714 4425 2784 4482 ab
2833 4425 2906 4481 iis
2945 4426 3164 4498 quibus
3207 4425 3466 4482 maxime
3497 4425 3630 4483 odio

1986 4521 2130 4582 erat,
2163 4513 2348 4571 multa
2389 4514 2605 4572 talenta
2635 4520 2840 4572 mutuo
2871 4517 3112 4587 accepit,
3145 4520 3211 4572 ut
3239 4516 3279 4572 ii
3311 4517 3481 4572 ﬁdem
3516 4514 3628 4588 ipsi

1906 4568 1950 4633 ι)
1985 4568 2604 4675 g.‘i.‘.;.;.1,"'.(sa.;
2637 4568 3630 4662 unigenitumanimi.

1981 4694 2347 4752 desisterent.
2381 4697 2467 4751 Ita
2511 4694 2725 4761 evenit,
2773 4697 2838 4750 ut
2884 4694 3135 4751 alienam
3185 4693 3282 4751 ille
3323 4692 3630 4767 pecuniam

1981 4783 2240 4856 corporis
2270 4783 2361 4840 sui
2401 4783 2706 4840 custodem
2752 4782 3046 4853 habuerit,
3095 4787 3154 4840 et
3200 4781 3331 4838 aliis
3379 4781 3631 4837 salutem

1981 4889 2153 4929 suam
2203 4874 2338 4929 data
2367 4872 2616 4946 pecunia
2645 4871 3090 4940 redimentibus,
3124 4871 3288 4928 solus
3325 4871 3449 4944 ipse
3477 4870 3633 4926 acci-

1981 4963 2191 5035 piendo
2235 4967 2432 5019 tutum
2482 4979 2544 5020 se
2591 4961 2880 5034 praestitit.
2929 4961 3363 5034 Philopolemus
3401 4959 3480 5029 [id
3513 4963 3633 5029 est,

1979 5053 2212 5111 militiae
2225 5052 2442 5124 amans]
2461 5055 2569 5120 est,
2591 5051 2693 5124 qui
2717 5051 3031 5108 utilitatem
3049 5049 3352 5108 securitati
3375 5048 3628 5122 praefert;

1574 5245 1820 5302 VARIJE
1860 5244 2165 5302 LECTION
2175 5244 2279 5302 ES.

298 5431 342 5472 ³⁸
369 5430 786 5523 κεχειρωμένης
815 5437 900 5523 BQ.”
950 5429 998 5523 ξ’
1029 5427 1142 5523 ὄτι]ἱ
1172 5446 1222 5486 c.
1252 5427 1344 5523 517.
1421 5427 1472 5523 3:
1497 5424 1814 5523 περιστήσῃ

229 5509 276 5546 ³⁸
306 5493 482 5582 σκηνῖ
713 5493 781 5562 Ᾰέ
853 5501 900 5582 ³7
949 5493 1474 5582 άπαντλουμὲνου-ΞΞ
1511 5516 1524 5556 :
1568 5493 2002 5582 ξπαὶθτλωιίένου

2015 5415 2390 5500 ³ξ-ἕλυρσεν-Α.
2428 5439 2442 5478 :
2494 5416 2758 5500 atéADGSV—
2789 5421 2899 5500 ςε-
2947 5421 2994 5458 ³⁸
3022 5418 3201 5500 ρᾼγάρ
3231 5426 3275 5478 Δ
3309 5437 3324 5479 :
3377 5419 3508 5500 ᾇπερ
3545 5421 3633 5500 .

2107 5539 2119 5551 .
2141 5564 2152 5570 _
2195 5493 2241 5530 ³³
2271 5490 2664 5570 ἐλαίου-γεύσει
2696 5489 2827 5570 ,μ’
2853 5494 2902 5530 ³9
2934 5489 3266 5570 στιλϐότήτα
3295 5527 3366 5535 —
3391 5489 3633 5570 λιπαρὲ-

229 5509 276 5546 3s
306 5493 482 5582 σκηνῖ
713 5493 781 5562 A'.’
853 5501 900 5538 37
949 5493 1474 5626 ἀπαντλςὲιμὲνουρῖξ
1511 5516 1524 5556 :
1561 5493 2119 5640 ﬁnayrlwiiévou.ﬁ'.
2141 5564 2156 5582 ‘
2195 5493 2241 5530 3|
2271 5493 2664 5622 ἐλαίουέγεύσᾶι
2696 5493 2778 5621 .
2803 5493 2823 5497 ⁷
2853 5494 2902 5530 39
3295 5527 3366 5535 _
3391 5493 3630 5638 λιτξαὲ-

226 5574 1075 5712 ἕλῖἒέἱιελτιιῗέἒθῗιὲἷόῖι.ᾼἰσ
1102 5645 1166 5700 τι
1201 5575 1396 5712 Ltfe.
1427 5612 1484 5699 ρΣ
1534 5639 1604 5712 in
1633 5589 1722 5694 τὲἒ
1753 5584 2526 5712 ᾞῗεσῖἔξέντέἒῖιιίἳέιένςξ
2558 5711 2571 5712 θ
2601 5637 2648 5674 ιο
2703 5567 2810 5712 εξἱῇ
2846 5584 2905 5695 ξ’.
2956 5611 3042 5696 43'.
3137 5637 3183 5674 ιο
3231 5585 3506 5712 nimii?
3563 5607 3630 5693 Αἰ

1559 5639 1604 5677 δ’]
1659 5639 1722 5694 τὸ

228 5643 410 5734 ftis
439 5643 866 5734 Κελτιιεῆίριξιο,
889 5649 972 5734 3;.
1029 5645 1166 5734 “ﬁ
1201 5643 1320 5734 μω
1347 5659 1396 5734 9-
1425 5643 1484 5734 9ο

1813 5637 2020 5712 ενναῖον
2055 5637 2180 5712 τῆς-
2208 5637 2525 5712 Ψυχῆςης.
2558 5711 2571 5712 7
2601 5637 2648 5674 ⁸⁵⁸
2703 5637 2810 5712 ὅτι]
2854 5656 2905 5695 c.
2956 5641 3042 5696 13.

3137 5637 3183 5674 ιο
3231 5637 3506 5712 panda.
3562 5637 3633 5693 λ.

229 5725 278 5762 5°
318 5707 563 5780 τάλαντα
587 5707 872 5778 τὰ’πολλά
909 5717 992 5792 ς.
1065 5717 1110 5756 ⁸¹
1137 5707 1466 5772 πιὶττεῦσωσι
1499 5711 1582 5788 ς’.
1659 5711 1708 5748 ⁵²
1737 5707 1901 5784 μόνον
1934 5709 2130 5785 εὐμενῆ
2162 5707 2234 5764 ἦκ’
2255 5707 2323 5769 Βξ
2392 5711 2435 5746 ⁵³
2457 5707 2572 5782 ὄτι]
2613 5707 2930 5784 comparat.
2963 5728 3014 5771 c.
3047 5715 3104 5770 2.
