4066 6216
458 264 612 323 1447

1652 260 1915 320 ΡΗΟΤΙΙ
1962 260 2248 320 PATBIA
2258 257 2485 320 RCHIE
2529 258 2646 320 ΟΡ.

3720 262 3867 322 1448

456 399 777 471 polemicus
808 398 885 467 [id
921 402 1009 453 est
1047 395 1335 466 militaris]
1379 394 1531 451 bello
1580 396 1883 467 possidens
1929 412 2073 452 secum

2209 394 2236 447 ὁ
2287 400 2387 463 τῆς
2429 390 2722 470 ἀσφαλείας
2765 394 2867 462 τήν
2916 392 3227 467 πλεονεξίαν
3274 401 3599 469 προτιμῶν,
3633 398 3866 471 πολεμιο

455 489 702 546 ritatem.

1028 577 1072 630 E
1104 575 1341 631 Sertorii
1379 577 1515 633 Vita.

525 667 731 737 Agenti
781 665 1030 721 Sertorio
1077 666 1133 720 in
1185 664 1465 735 Hispania
1513 670 1704 721 nauta
1756 665 1987 734 quidam
2038 666 2088 721 ei

449 759 781 824 occurrunt,
802 755 901 825 qui
926 771 1109 826 nuper
1129 771 1197 810 ex
1218 754 1524 811 Atlanticis
1546 753 1753 810 insulis
1777 755 2089 810 redierant.

447 843 584 898 Dua
615 851 745 900 sunt
778 843 983 900 insula
1016 844 1212 900 stricto
1253 845 1564 900 admodum
1598 845 1740 899 freto
1776 844 2089 911 distincta,

446 933 644 988 decem
714 934 1036 989 stadiorum
1110 934 1371 989 millibus
1438 934 1508 989 ab
1572 933 1765 989 Africa
1823 941 2087 989 remota:

445 1023 779 1092 eademque
822 1022 1028 1078 insula
1072 1027 1375 1079 Beatorum
1423 1025 1767 1090 Fortunata,
1798 1024 2087 1078 dicuntur.

444 1112 735 1167 Imbribus
780 1112 1023 1169 modicis
1055 1113 1229 1183 idque
1271 1130 1400 1168 raro
1432 1113 1717 1184 rigantur,
1752 1112 2090 1184 plerumque

445 1200 674 1256 lenibus
702 1217 765 1256 ac
789 1202 1033 1258 roscidis
1063 1201 1249 1257 ventis
1273 1201 1548 1273 perflata,
1580 1218 1694 1258 non
1726 1201 2089 1258 arationibus

444 1291 615 1345 modo
636 1293 692 1344 et
714 1290 1052 1360 plantationi
1088 1290 1334 1346 fertilem
1360 1294 1576 1347 terram
1602 1290 1879 1362 praebent,
1904 1290 2004 1347 sed
2028 1294 2087 1346 et

443 1379 595 1436 ultro
626 1381 827 1452 fruges
858 1382 1187 1448 effundunt,
1223 1397 1351 1452 qua
1379 1399 1487 1436 sua
1516 1386 1574 1437 et
1603 1381 1770 1452 copia
1800 1388 1854 1437 et
1885 1380 2085 1437 dulce-

441 1469 574 1525 dine
593 1470 885 1525 sufticiant
902 1472 972 1525 ad
993 1470 1267 1525 alendum
1288 1471 1558 1537 otiosum,
1575 1475 1631 1525 et
1650 1470 1825 1525 nullis
1839 1470 2084 1541 negotiis

443 1561 707 1615 deditum
743 1560 1044 1631 populum.
1083 1564 1187 1615 Aer
1217 1560 1488 1615 innoxius
1518 1564 1622 1623 est,
1657 1559 1913 1631 annique
1945 1568 2084 1615 tem-

442 1654 693 1720 pestates
716 1649 989 1704 mediocri
1017 1649 1336 1705 mutatione
1357 1649 1427 1703 iis
1448 1649 1505 1703 in
1531 1649 1737 1704 insulis
1758 1650 2078 1704 variantur.

2205 482 2301 544 κὸς
2335 481 2393 537 δὲ
2423 484 2451 537 ὁ
2489 486 2569 554 τῷ
2597 482 2829 555 πολέμῳ
2857 484 3137 555 κτώμενος
3165 486 3264 553 τήν
3298 484 3631 563 ἀσφάλειαν.

2741 574 2835 629 Ἐκ
2860 576 2955 627 τοῦ
2987 574 3316 647 Σερτωρίου.

2271 663 2393 716 ..Οτι
2424 662 2473 698 5ι
2507 656 2863 735 διατρίϐοντι,
2897 662 3053 741 φησὶ,
3093 664 3377 738 Σερτωρίῳ
3429 665 3561 739 περὶ
3615 662 3863 741 Ἰϐηρζπν

2199 749 2387 804 ναῦταί
2430 770 2570 811 τινες
2616 750 3036 825 ἒντυγχάνουσιν
3076 752 3227 824 αὐτῷ
3284 752 3341 808 ἐκ
3391 759 3501 808 τῶν
3566 755 3862 811 Ἀτλαντιο

2198 844 2305 893 κῶν
2358 840 2536 910 νήσων
2584 839 3074 910 ἀναπεπλευκότες,
3107 840 3161 897 ατί
3210 840 3306 898 δύο
3360 844 3455 916 μὲν
3513 846 3627 900 εἶσι
3670 846 3856 919 λεπτῴ

2199 931 2500 984 παντάπασι
2561 933 2798 1003 πορθμῷ
2850 929 3240 1007 διαιρούμεναι,
3305 936 3534 1009 μυρίους
3617 934 3676 991 δὲ
3756 939 3855 991 ἀπ-

2202 1019 2391 1093 έχουσι
2422 1013 2627 1089 Λιϐύης
2680 1017 2950 1086 σταδίους,
3000 1022 3089 1075 καὶ
3148 1022 3506 1094 ὀνομάζονται
3555 1029 3850 1096 Μακάρων.

2198 1102 2469 1180 Ὄμϐροις
2502 1106 2558 1163 δὲ
2589 1109 2875 1183 χρώμεναι
2911 1110 3151 1184 μετρίοις
3184 1114 3443 1182 σπανίως,
3498 1116 3568 1168 τὰ
3619 1114 3849 1170 πλεῖστα

2196 1198 2466 1269 πνεύμασι
2535 1199 2805 1271 μαλακοῖς
2867 1201 2959 1255 καὶ
3019 1197 3384 1277 δροσοϐόλοις
3470 1206 3844 1279 καταπνεόμε-

2195 1306 2280 1341 ναι
2312 1288 2380 1356 ⁵⁵,
2432 1287 2493 1342 ού
2538 1288 2702 1363 μόνον
2754 1290 2917 1365 ἀροῦν
2966 1292 3055 1345 καὶ
3106 1293 3155 1326 ⁵6
3203 1294 3450 1370 φυτεύειν
3506 1296 3848 1370 παρέχουσιν

2194 1374 2403 1452 ἀγαθὴν
2434 1377 2527 1432 καὶ
2560 1378 2721 1433 πίονα
2754 1381 2961 1454 χώραν,
2992 1379 3139 1436 ἀλλὰ
3181 1383 3270 1437 καὶ
3329 1384 3536 1459 καρπὸν
3600 1386 3846 1461 αὐτο-ξυῆ

2194 1465 2471 1542 φέρουσιν,
2503 1468 2835 1543 ἀποχρῶντα
2882 1468 3087 1539 πλήθει
3133 1472 3223 1525 καὶ
3271 1472 3577 1545 γλυκύτητι
3637 1474 3844 1548 βόσκειν

2193 1554 2316 1609 ἄνευ
2375 1557 2553 1611 πόνων
2609 1558 2697 1611 καὶ
2763 1561 3134 1634 πραγματείας
3214 1559 3560 1636 σχολάζοντα

2192 1645 2325 1720 Ἀἡρ
2379 1645 2438 1701 δὲ
2487 1646 2699 1711 ἄλυπος
2746 1648 2902 1723 ὡρῶν
2961 1671 3018 1704 τε
3066 1650 3251 1723 κράσει
3289 1651 3338 1686 ⁵⁷
3388 1654 3481 1706 καὶ
3526 1650 3842 1725 μεταὸολῆς

3651 1560 3720 1627 δῆ
3729 1586 3841 1635 μον.

440 1738 666 1793 Etenim
698 1738 796 1809 qui
818 1755 1018 1793 versus
1043 1754 1138 1793 eas
1164 1743 1357 1809 partes
1376 1755 1409 1793 a
1434 1742 1587 1793 terra
1611 1739 1875 1793 feruntur
1898 1740 2073 1794 borea

2196 1708 2515 1807 μετριότητι
2544 1738 2589 1773 ⁵⁸
2639 1708 2860 1813 κατέχει
2908 1738 3003 1802 τάς
3049 1708 3270 1809 νησους.
3317 1743 3479 1813 [1201
3653 1744 3716 1797 Οἱ

438 1836 490 1883 et
521 1828 846 1893 subsolani,
888 1844 1020 1882 cum
1054 1828 1113 1882 in
1145 1833 1375 1883 vastum
1418 1828 1489 1883 ob
1533 1827 1958 1899 longitudinem
1991 1828 2081 1883 di-

438 1919 666 1973 stantia
689 1918 955 1972 incidunt
972 1918 1185 1986 locum,
1205 1918 1591 1987 dissipantur,
1612 1923 1669 1971 et
1688 1922 1996 1989 antequam
2016 1934 2080 1974 eo

437 2006 825 2078 perferantur,
873 2007 1223 2073 concidunt;
1274 2006 1447 2061 Gauri
1498 2012 1692 2061 autem
1740 2015 1795 2061 et
1842 2006 2083 2077 Zephyri

437 2097 533 2168 qui
565 2096 636 2151 ab
668 2096 785 2151 alto
816 2096 1175 2151 circumﬂant
1207 2096 1419 2161 897a,
1461 2095 1684 2167 pluvias
1715 2112 1749 2150 a
1781 2095 1924 2151 mari
1957 2111 2079 2151 mo-

436 2188 593 2242 dicas
614 2201 888 2254 rarasque
908 2186 1247 2252 infundunt,
1265 2184 1611 2255 plerumque
1633 2184 1916 2239 bumectis
1936 2201 2084 2240 sere-

434 2274 721 2329 nitatibus
745 2273 1145 2343 refringerant,
1174 2271 1513 2342 incolasque
1536 2271 1760 2342 placide
1782 2271 1966 2327 alunt.
1996 2273 2081 2327 Ita

436 2380 619 2434 usque
647 2364 716 2418 ad
751 2362 1027 2418 barbaros
1069 2361 1239 2417 etiam
1274 2370 1546 2417 constans
1575 2366 1631 2416 et
1663 2361 1908 2432 probata
1948 2378 2081 2432 per-

434 2453 652 2507 crcbuit
702 2452 923 2522 opinio,
974 2467 1103 2506 esse
1152 2449 1267 2504 illis
1315 2450 1371 2504 in
1420 2449 1635 2505 insulis
1676 2450 1897 2523 Elysios
1935 2450 2081 2505 istos

435 2558 690 2612 campos,
722 2545 778 2595 et
825 2540 1151 2607 beatorum,
1202 2555 1380 2611 quam
1422 2538 1731 2609 descripsit
1775 2539 2080 2607 Homerus,

436 2630 879 2686 habitationem.
909 2630 1005 2684 llis
1037 2630 1108 2685 de
1137 2629 1312 2685 rebus
1342 2633 1406 2685 ut
1434 2629 1635 2684 auditu
1672 2629 1925 2701 percepit
1954 2629 2081 2684 Ser-

434 2721 642 2787 torius,
666 2718 948 2774 mirabilis
968 2734 1101 2773 eum
1132 2718 1347 2773 invasit
1368 2734 1534 2773 amor
1554 2734 1652 2773 eae
1675 2717 1897 2774 insulas
1920 2716 2079 2772 inco-

434 2811 613 2878 lendi,
663 2809 1087 2881 tyrannideque
1136 2812 1195 2863 et
1245 2808 1414 2864 bellis
1463 2808 1687 2863 evitatis
1728 2809 1785 2862 in
1839 2826 1975 2881 pace
2023 2813 2080 2864 et

434 2900 621 2970 quiete
660 2898 906 2955 vivendi.
949 2898 1163 2953 Verum
1202 2898 1462 2954 turbavit
1500 2902 1557 2953 et
1594 2897 1896 2969 dissipavit
1925 2898 2078 2953 hunc

434 3005 692 3044 amorem
724 2987 969 3043 Cilicum
1019 2988 1323 3055 adventus,
1371 2991 1429 3044 et
1473 3004 1751 3044 novorum
1790 2986 2070 3045 bellorum

432 3078 883 3135 administratio.

501 3169 817 3223 Sertorium
883 3168 1168 3224 memoria
1227 3168 1515 3238 proditum
1572 3172 1675 3236 est,
1735 3185 1917 3239 neque
1972 3186 2071 3225 νου

431 3258 663 3329 luptati,
708 3272 897 3328 neque
948 3256 1130 3311 metui
1170 3256 1418 3311 obnoxio
1451 3257 1681 3327 ingenio
1716 3258 1933 3313 fuisse:
1968 3275 2069 3313 na-

428 3352 560 3404 tura
580 3352 637 3402 et
667 3345 1119 3417 imperterritum
1151 3345 1324 3399 rebus
1355 3344 1633 3414 adversis,
1656 3347 1829 3416 etqui
1860 3362 1949 3401 res
1980 3363 2066 3402 se-

423 3439 645 3494 cundas
679 3436 973 3491 moderate
1005 3434 1215 3503 ferret;
1251 3433 1542 3489 neminem
1574 3450 1639 3489 eo
1668 3439 1930 3506 tempore
1960 3436 2066 3491 du-

420 3544 542 3584 cem
589 3524 772 3593 magis
831 3527 1030 3595 aperta
1097 3522 1291 3592 pralia
1337 3523 1565 3589 vitasse,
1616 3521 2064 3579 callidissimum

418 3633 549 3673 vero
600 3614 827 3670 furtivis
880 3614 1014 3668 belli
1065 3611 1358 3683 operibus,
1410 3612 1466 3666 in
1515 3612 1874 3684 occupandis
1924 3612 2064 3669 locis

418 3716 624 3762 natura
657 3703 916 3771 munitis,
942 3702 1368 3759 etvﬂuminibus
1397 3702 1783 3772 trajiciendis,
1814 3702 2063 3776 aliisque

414 3797 471 3850 id
506 3812 691 3866 genus
722 3796 894 3850 rebus
927 3810 1053 3865 qua
1077 3792 1385 3862 celeritate,
1408 3793 1646 3859 astutia,
1670 3798 1727 3848 et
1760 3794 2060 3849 mendacio

413 3885 823 3950 conﬁciuntur,
850 3882 1250 3954 perliberalem
1275 3881 1333 3934 in
1354 3881 1608 3952 pramiis
1632 3881 1910 3937 virtutum
1930 3899 2063 3938 con-

412 3974 683 4041 ferendis,
716 3973 774 4027 in
809 3969 1114 4042 suppliciis
1156 3969 1540 4023 moderatum.
1576 3972 1923 4041 Quanquam
1957 3987 2060 4025 ex-

412 4072 595 4119 tremo
627 4064 757 4116 vita
780 4076 955 4115 cursu
977 4059 1206 4113 videtur
1229 4058 1281 4111 id
1310 4059 1463 4129 quod
1492 4058 1548 4113 in
1574 4060 1808 4115 obsides
1833 4060 2053 4127 statuit,

410 4153 728 4208 ostendisse
744 4150 1005 4204 animum
1027 4148 1153 4217 ejus
1175 4164 1288 4203 non
1308 4163 1435 4203 vere
1456 4153 1824 4205 mansuetum
1853 4151 2055 4219 fuisse,

409 4243 508 4299 sed
529 4239 930 4295 crudelitatem
950 4237 1077 4306 ejus
1095 4240 1215 4291 arte
1232 4237 1383 4307 quad
1394 4253 1484 4291 am
1508 4238 1865 4293 necessitatis
1883 4254 2057 4294 causa

2192 1824 2397 1882 ἐνθενδὶ
2451 1834 2550 1896 τῆς
2613 1834 2718 1901 γῆς
2768 1828 3127 1891 ἀποπνέοντες
3177 1828 3278 1900 ἔξω
3319 1829 3520 1904 Βορέαι
3568 1832 3666 1886 καὶ
3718 1834 3843 1889 Ἀπ-

2194 1914 2433 1985 ηλιῶται
2466 1914 2555 1970 διὰ
2587 1923 2763 1988 μῆκος
2804 1915 3119 1981 ἐκπεσόντες
3150 1917 3227 1981 εἷς
3267 1920 3436 1974 τόπον
3490 1920 3679 1997 ἀχανῆ
3722 1920 3845 1975 δια-

2192 2007 2497 2081 σπείρονται
2538 2008 2625 2061 καὶ
2678 2006 3175 2083 προαπολείπουσι·
3226 2009 3490 2084 πελάγιοι
3543 2008 3601 2065 δὲ
3656 2011 3843 2087 περιρ·

2192 2094 2401 2168 ῥέοντες
2462 2095 2737 2169 Ἀργὲσται
2793 2096 2883 2150 καὶ
2940 2097 3166 2173 Ζέφυροι
3256 2097 3548 2172 βληχροὺς
3641 2101 3733 2171 μὶν
3800 2101 3846 2136 ³⁵

2195 2183 2381 2245 ὑετοὺς
2430 2184 2518 2238 καὶ
2572 2181 2844 2256 σποράδας
2892 2184 2950 2239 ἐκ
2998 2183 3272 2256 θαλάττης
3326 2187 3656 2262 ἐπάγοντες,
3695 2187 3847 2263 tit“:

2190 2270 2380 2327 πολλᾶ
2436 2278 2680 2343 νοτεραῖς
2739 2271 2977 2348 αἰθρίαις
3030 2272 3413 2351 ἐπιψύχοντες,
3471 2277 3672 2353 ἡσυχῇ
3728 2278 3845 2351 τρέ-

2190 2382 2403 2434 φουσιν.
2456 2368 2615 2416 Ὥστε
2672 2358 2839 2437 μέχρι
2893 2366 3003 2417 τῶν
3059 2360 3347 2437 βαρϐάρων
3399 2361 3639 2439 διῆχθαι
3670 2366 3845 2420 πίστιν

2193 2450 2422 2525 ἰσχυραν
2463 2449 2649 2506 αὐτόθι
2688 2452 2750 2506 τὸ
2784 2450 3038 2507 Ἠλύσιον
3075 2453 3209 2507 εἶναι
3242 2452 3429 2507 πεδίον
3467 2455 3561 2509 καὶ
3609 2458 3713 2522 τήν
3744 2462 3844 2509 τῶν

2189 2537 2526 2611 εὐδαιμόνων
2583 2538 2822 2610 οἷ’κησιν,
2872 2540 2938 2610 ἢν
2988 2542 3246 2616 ’Όμηρος
3294 2540 3532 2615 ὕμνησε.
3583 2545 3765 2599 Ταῦτα
3819 2545 3844 2598 ὁ

2190 2628 2499 2703 Σερτώριος
2557 2628 2791 2693 ἀκούσας
2838 2625 3013 2703 ἔρωτα
3061 2631 3369 2703 θαυμαστὸν
3425 2627 3586 2707 ἔσχεν
3625 2632 3844 2703 οἰκῆσαι

2186 2719 2281 2780 τὰς
2330 2720 2528 2788 νήσους
2566 2718 2655 2773 καὶ
2839 2718 2890 2773 ἐν
2947 2720 3175 2794 ἡσυχίᾳ,
3223 2720 3540 2795 τυραννίδος
3591 2721 3841 2778 ἀπαλλα-

2187 2806 2303 2880 γεὶς
2339 2807 2430 2861 καὶ
2461 2805 2722 2879 πολέμων
2782 2807 3095 2862 ἀπαύστων’
3146 2806 3326 2864 Ἀλλά
3374 2807 3707 2883 διεμάραναν
3747 2809 3835 2864 αύο

2184 2899 2283 2950 τοῦ
2337 2894 2427 2949 καί
2484 2894 2844 2969 περιέσπασαν
2901 2896 2992 2950 τὸν
3049 2894 3224 2971 ἔρωτα
3268 2898 3303 2967 ἦ
3358 2918 3417 2952 τε
3464 2899 3688 2969 κίνησις
3729 2903 3833 2954 τῶν

2191 2986 2305 3058 μετ’
2363 2983 2527 3039 αὐτοῦ
2588 2983 2826 3040 Κιλίκων
2906 2984 3297 3061 ἐκταραχθεῖσα
3377 2988 3469 3043 καὶ
3553 2991 3830 3062 νεωτέρων

2186 3073 2404 3150 φροντὶς
2430 3071 2733 3147 πολεμίων.

2250 3165 2374 3221 ’Ότι
2415 3166 2459 3200 ⁸ο
2507 3160 2723 3237 λέγεται
2773 3164 2979 3240 (φησὶν)
3019 3165 3062 3201 δί
3113 3165 3140 3218 ὁ
3194 3167 3491 3240 Σερτώριος
3553 3162 3680 3220 οὔτε
3743 3166 3833 3244 ὕφ’

2180 3250 2381 3322 ἡδονῆς
2421 3249 2541 3307 οὔτε
2575 3252 2677 3306 ὑπὸ
2711 3250 2863 3315 δέους
2896 3251 3173 3316 εὐάλωτος
3204 3255 3471 3330 γενέσθαι,
3506 3253 3661 3332 φύσει
3695 3254 3753 3310 δε
3783 3256 3834 3292 δ’

2178 3342 2556 3413 ἀνέκπληκτος
2586 3344 2735 3416 παρά
2770 3345 2814 3380 ⁵³
2843 3345 2909 3397 τά
2939 3341 3084 3398 δεινά
3114 3345 3201 3399 καὶ
3248 3347 3375 3417 [638
3410 3348 3499 3419 Η.]
3537 3348 3753 3420 μετριος
3784 3350 3832 3383 ⁶⁴

2178 3431 2406 3509 ἐνεγκεῖν
2446 3431 2699 3505 εὐτυχίαν
2733 3450 2745 3465 ·
2814 3430 3035 3495 οὐδενὸς
3090 3432 3275 3506 μέντοι
3324 3432 3451 3489 οὐδὲ
3503 3437 3643 3509 πρὸς
3680 3436 3834 3490 εὐθυ-

2179 3520 2383 3595 μαχίαν
2413 3520 2783 3594 ἀτολμότερος
2811 3525 2918 3576 τῶν
2963 3523 3079 3577 καθ’
3126 3523 3314 3577 ἑαυτὸν
3366 3525 3689 3599 ἡγεμόνων,
3738 3524 3833 3579 ὅσα

2175 3608 2231 3664 δὲ
2260 3609 2519 3671 κλοπείας
2551 3610 2597 3646 ⁸⁵
2628 3610 2678 3665 ἐν
2710 3610 2978 3683 πολέμοις
3021 3606 3147 3685 ἔργα
3184 3611 3274 3666 καὶ
3324 3610 3651 3686 πλεονεξίας
3710 3615 3832 3688 περῖ

2170 3700 2371 3762 τόπους
2431 3699 2669 3773 ὀχυροὺς
2725 3698 2815 3755 καὶ
2883 3696 3156 3763 διαϐάσεις
3232 3701 3445 3775 τάχους

2172 3789 2385 3857 ἀπάτης
2414 3809 2472 3845 τε
2501 3790 2591 3843 καὶ
2622 3785 2835 3863 ψευδῶν
2866 3788 2917 3843 ἐν
2952 3786 3150 3859 δέοντι,
3185 3793 3455 3865 σοφιστὴς
3496 3788 3831 3855 δεινότατος.

2171 3879 2260 3936 Ἐν
2321 3876 2377 3933 δὲ
2442 3882 2561 3939 ταῖς
2616 3884 2803 3951 τιμαῖς
2863 3882 2971 3932 τῶν
3020 3875 3529 3955 ἀνδραγαθημάτων
3588 3881 3831 3955 δαψιλής

2171 3966 2514 4046 φαινόμενος,
2548 3967 2672 4041 περὶ
2712 3969 2805 4029 τὰς
2836 3967 3109 4042 τιμωρίας
3154 3967 3439 4042 ἐμετρίαζε
3486 3975 3599 4024 τῶν
3655 3973 3832 4043 ἀμαρ-

2166 4056 2448 4131 τημάτωνο
2480 4057 2659 4111 καίτοι
2702 4053 2852 4111 δοκεῖ
2898 4056 3019 4131 περῖ
3069 4057 3160 4111 τὸν
3201 4052 3436 4130 ἔσχατον
3484 4058 3657 4114 αὐτοῦ
3714 4060 3829 4133 βίον

2167 4145 2456 4217 ὠμότητός
2487 4166 2547 4199 τε
2575 4145 2622 4182 ⁸⁸
2660 4145 2751 4199 καὶ
2783 4146 3085 4221 βαρύτητος
3125 4146 3189 4200 τὸ
3232 4146 3355 4220 περῖ
3402 4148 3533 4207 τοὺς
3577 4149 3829 4221 ὁμήρους

2166 4238 2438 4310 προαχθὲν
2470 4235 2516 4270 ⁸⁷
2574 4231 2731 4309 ἔργον
2794 4230 3055 4305 ἐπιδεῖξαι
3113 4235 3212 4302 τήν
3272 4237 3429 4313 φύσιν
3492 4235 3595 4289 οὐκ
3664 4236 3825 4292 οὖσαν

3543 3702 3567 3721 '5
3694 3706 3704 3721 ι

3538 3716 3828 3775 δεομενας,

413 4331 595 4385 fuisse
640 4327 905 4384 celatam.
942 4326 1078 4381 Mihi
1119 4333 1308 4382 autem
1345 4330 1409 4380 ut
1439 4343 1629 4382 veram
1663 4327 1932 4383 virtutem
1965 4345 2055 4384 ra-

2186 4323 2397 4399 ἧμερον,
2439 4321 2568 4378 ἀλλ’
2599 4322 2947 4397 ἀπεχομένην
2980 4323 3030 4357 6⁸
3070 4322 3325 4396 λογισμῷ
3376 4320 3469 4377 διὰ
3502 4324 3606 4392 τὴν
3655 4325 3828 4399 ἀνάγο

408 4420 685 4489 tioneque
735 4421 892 4472 recta
934 4415 1278 4483 stabilitam,
1336 4432 1635 4487 nunquam
1681 4418 1911 4472 videtur
1942 4418 2060 4472 tor-

406 4512 561 4562 tuna:
580 4505 667 4563 vis
692 4508 747 4559 in
772 4504 1126 4560 contrarium
1153 4520 1322 4574 posse
1348 4511 1695 4571 convertere,
1721 4504 1796 4557 ita
1813 4502 2060 4560 consilia

409 4606 598 4653 tamen
628 4594 774 4651 alias
808 4600 965 4649 recta
996 4594 1289 4664 bonasque
1322 4597 1564 4647 naturas
1596 4591 1831 4662 indigne
1861 4592 2061 4663 gravi-

405 4688 518 4744 bus
541 4684 977 4743 calamitatibus
999 4683 1272 4749 afﬂictas,
1294 4697 1406 4738 non
1431 4681 1753 4737 absurdum
1779 4685 1916 4751 puto
1940 4698 2060 4738 cre-

406 4782 539 4835 dere
568 4794 678 4833 una
699 4791 834 4831 cum
860 4775 1090 4829 fortuna
1112 4771 1345 4827 mutari.
1380 4771 1441 4826 Id
1468 4770 1623 4841 quod
1650 4786 1755 4842 ego
1780 4774 1904 4825 tum
1926 4770 2058 4825 Ser-

405 4870 553 4924 torio
585 4866 872 4923 accidisse
906 4867 1066 4935 puto,
1094 4863 1219 4933 jam
1245 4861 1477 4917 fortuna
1506 4876 1641 4915 eum
1674 4860 2051 4926 destituente,

2168 4435 2293 4483 κην.
2347 4410 2501 4485 Ἐμοί
2554 4408 2599 4466 δ’
2652 4411 2845 4486 ἀρετὴν
2902 4413 2994 4485 μὲν
3047 4412 3315 4488 εἰλικρινῆ
3360 4413 3452 4467 καὶ
3482 4415 3622 4469 κατὰ
3656 4414 3826 4490 λόγον

2168 4506 2502 4557 συνεστῶσαν
2560 4501 2661 4555 οὐκ
2718 4498 2777 4554 ἄν
2834 4521 2966 4556 ποτε
3006 4498 3155 4555 δοκεῖ
3208 4500 3355 4575 τύχη
3424 4523 3507 4564 τις
3562 4501 3824 4572 ἐκστῆσαι

2161 4592 2299 4666 πρὸς
2353 4591 2687 4645 τούναντίον·
2750 4588 2939 4652 ἄλλως
2996 4588 3053 4645 δὲ
3101 4588 3444 4666 προαιρέσεις
3492 4592 3580 4646 καί
3628 4592 3826 4669 φύσεις

2162 4682 2410 4756 χρηστὰς
2460 4682 2563 4735 ὑπὸ
2623 4684 2917 4758 συμφορῶν
2961 4680 3215 4755 μεγάλων
3260 4684 3388 4755 παρ’
3442 4681 3585 4751 ἀξίαν
3634 4704 3825 4738 κακω-

2162 4770 2339 4832 θείσας
2383 4769 2481 4825 οὐκ
2524 4767 2785 4825 ἀδύνατον
2829 4774 2909 4843 τῷ
2960 4765 3184 4842 δαίμονι
3246 4764 3696 4843 συμμεταϐαλεῖν
3764 4775 3824 4827 τὸ

2159 4860 2315 4929 ἧθος³
2370 4860 2398 4913 ὃ
2443 4858 2533 4914 καὶ
2582 4860 2891 4934 Σερτώριον
2950 4858 3109 4932 οἶμαι
3162 4860 3371 4927 παθεῖν,
3411 4857 3524 4929 ἤδη
3576 4868 3680 4929 τῆς
3728 4860 3819 4916 τύ·

404 4959 699 5029 rebusque
760 4954 906 5027 ipsis
969 4956 1371 5024 exasperatum
1443 4948 1687 5020 injurias
1766 4951 2052 5007 malorum

2186 4971 2271 5025 me
2301 4949 2466 5008 αὐτὸν
2528 4948 2921 5019 ἐπιλειπούσης
2953 4950 3000 4985 ⁶⁹
3051 4949 3524 5024 ἐκτραχυνόμενον
3564 4952 3673 5006 ὑπὸ
3722 4957 3823 5007 te}:

408 5050 663 5104 atrocius
696 5049 882 5103 ultum
927 5044 1200 5100 arbitror.

2155 5042 2493 5117 πραγμάτων
2527 5039 2618 5095 καὶ
2649 5041 2937 5116 γινόμενον
2971 5040 3214 5113 πονηρὸν
3248 5039 3294 5076 ⁷ο
3334 5038 3475 5113 πρὸς
3522 5044 3655 5104 τοὺς
3704 5040 3821 5096 ἀξια

2154 5133 2379 5194 κοῦντας
2390 5173 2404 5188 .

1764 5266 2002 5324 VARle
2044 5268 2459 5325 LECTIONES.

478 5394 525 5430 ⁸⁴
555 5391 661 5464 ὅτι]
692 5410 741 5449 c.
772 5396 824 5449 8.
904 5395 951 5429 ⁵⁵
976 5395 1403 5465 καταπνεόμεναι
1435 5393 1569 5449 add.
1602 5396 1665 5449 Β.
1744 5392 1787 5426 ⁵⁸
1819 5391 1979 5466 ἀροῦν
2012 5385 2160 5446 ἀλλὰ
2197 5389 2287 5445 καί
2480 5390 2522 5426 ⁸⁷
2553 5394 2746 5458 κρᾶσις
2818 5390 2864 5427 ⁵⁸
2917 5389 3203 5464 μετριότης
3244 5391 3307 5447 Β.

480 5465 540 5499 .'..
570 5464 632 5499 π-
754 5465 800 5499 σο
831 5466 907 5499 κ...
956 5474 979 5499 Α
1027 5486 1038 5497 .
1073 5468 1159 5499 ιτα-η
1192 5467 1253 5499 τ-
1377 5468 1421 5499 οι
1473 5462 1658 5499 κυρίη]
1693 5480 1719 5499 η
1779 5464 1843 5499 ιη
1962 5465 2006 5499 ei
2039 5459 2093 5499 Rt
2136 5473 2162 5499 Α
2216 5481 2227 5493 ο
2261 5483 2316 5499 ιιι-ε
2360 5462 2421 5499 Γ·
2552 5462 2599 5499 es
2628 5464 2769 5499 ..νημαι
2810 5468 2834 5499 Α
2878 5480 2891 5493 ο
2923 5463 3043 5499 mm:
3082 5462 3163 5499 τ’.
3263 5462 3307 5495 64

1810 5462 1864 5518 0.
1962 5465 2006 5499 ⁵³
2039 5462 2097 5517 δὲ
2129 5473 2170 5517 Α
2215 5462 2440 5536 ςτές.

1808 5534 1852 5571 στ
1884 5533 2124 5609 πραχθὲν
2318 5536 2361 5571 ⁸⁸
2392 5534 2440 5589 ἐτ

413 5462 659 5541 ρούςςῖ
692 5465 800 5541 ,⁸ο
830 5466 911 5541 ὅτι
946 5474 991 5541 A
1026 5486 1038 5522 =
1069 5468 1162 5541 ὅτε
1191 5462 1272 5541 ς.
1344 5468 1421 5541 -,⁶¹
1473 5462 1740 5541 φηφίνᾞο-
1779 5462 1863 5541 1ρέ

414 5534 648 5611 μετρίως
794 5606 804 5611 _
836 5540 880 5573 ⁸⁸
909 5536 1144 5600 κλοπίας
1335 5537 1382 5571 δδ
1410 5556 1467 5591 τε
1487 5534 1730 5611 ὐᾰιῌΑ.

414 5606 571 5687 μενον
606 5606 845 5678 πονηρὸν
879 5614 918 5667 Β
950 5628 962 5667 :
995 5606 1283 5683 γινομένου
1316 5612 1561 5684 πονηροῦ

3382 5390 3433 5468 δῗ
3491 5390 3587 5468 καὶ
3643 5392 3812 5468 βληχ-

2552 5462 2599 5499 ⁶³
2628 5464 2770 5547 παρά
2801 5468 2845 5517 Α
2878 5480 2891 5518 ζ
2919 5461 3044 5547 περ-ί
3237 5462 3312 5547 ¹⁶⁴
3339 5461 3435 5516 καὶ
3475 5461 3699 5547 μέτριος
3722 5461 3807 5520 An:

2318 5533 2735 5609 ⁶⁸”ἐπεχομένην
2772 5542 2828 5591 Β.
2906 5536 2952 5570 ⁸9
3001 5533 3361 5604 ἐπιλιπούσης
3414 5533 3485 5590 A.
3567 5533 3615 5571 7'3
3666 5538 3809 5613 γινέ-
