4066 6216
209 335 369 396 1449
442 390 451 395 .

738 465 835 519 Ἐκ
860 468 957 519 τοῦ
989 464 1342 539 Δημητρίου.

282 561 402 614 "Ott
433 559 480 596 τί
532 554 874 630 Δημήτριος,
922 554 1078 633 φησὶ,
1132 552 1340 630 μεγέθει
1384 555 1478 628 μὲν
1517 555 1583 624 ἦν
1624 560 1722 612 τοῦ
1760 578 1867 612 πα-

202 647 339 723 τρὸς
387 646 652 717 ἐλάττων,
699 644 894 719 καίπερ
945 640 1019 699 ὢν
1067 643 1258 718 μέγας,
1291 640 1407 716 ἰδέᾳ
1436 642 1494 701 δὲ
1523 648 1570 683 τε
1598 648 1689 702 καὶ
1727 648 1864 703 κάλ.

211 737 302 794 λει
358 736 655 811 προσώπου
695 733 1004 807 θαυμαστὸς
1061 732 1153 787 καὶ
1210 734 1482 809 περιττὸς,
1542 735 1683 792 ὥστε
1761 741 1866 792 τῶν

213 825 569 883 πλαττοντων
619 824 710 878 καὶ
758 821 1075 899 γραφόντων
1124 818 1333 894 μηδένα
1387 829 1487 892 τῆς
1534 824 1867 898 ὁμοιότητος

214 914 512 995 ἐφικέσθαι.
561 913 633 968 Τὸ
674 914 779 989 γὰρ
824 912 959 967 αὐτὸ
1016 911 1179 987 χάριν
1223 910 1314 966 καὶ
1367 912 1534 987 βάρος
1578 914 1668 969 καὶ
1696 908 1867 986 φόϐον

213 1005 308 1062 καὶ
338 1002 483 1079 ὥραν
510 1003 645 1079 εἶχε,
676 1003 768 1059 καὶ
797 1002 845 1039 ’⁷³
883 1000 1217 1077 συγκέκρατο
1248 1002 1294 1038 ’¹⁴
1321 1005 1401 1073 τῷ
1428 1003 1603 1078 νεαρῷ
1631 1002 1722 1057 καὶ
1754 1001 1865 1058 ἰτα-

218 1100 308 1169 μῷ
349 1090 695 1168 δυσμίμητος
733 1092 949 1166 ἡρωϊκή
1001 1111 1085 1153 τις
1136 1088 1418 1166 ἐπιφάνειαι
1463 1092 1555 1147 καὶ
1607 1091 1866 1166 βασιλικὴ

213 1184 505 1258 σεμνότης.
558 1180 711 1237 Οὕτω
752 1177 810 1235 δέ
857 1200 974 1242 πως
1023 1178 1115 1235 καὶ
1159 1180 1221 1234 τὸ
1267 1180 1402 1248 ἦθος
1442 1178 1691 1257 ἐπεφύκει
1732 1180 1868 1256 πρὸς

215 1268 481 1342 ἔκπληξιν
513 1269 813 1345 ἀνθρώπων
844 1270 958 1341 ἅμα
985 1269 1074 1323 καὶ
1109 1269 1294 1344 χάριν.

286 1363 408 1417 Ὅτι
447 1361 498 1396 ’⁷⁵
541 1360 604 1415 τὸ
657 1357 1089 1434 ὑπερφυέστάτον
1139 1356 1429 1432 ἐνθύμημα
1483 1361 1579 1414 τοῦ
1627 1366 1870 1436 Στρατο-

208 1448 410 1513 κλέους
463 1448 647 1530 φησίν·
706 1450 866 1510 οὗτος
924 1448 1027 1523 γὰρ
1086 1448 1153 1517 ἦν
1207 1448 1236 1502 ὁ
1276 1451 1384 1503 τῶν
1432 1451 1612 1526 σοφῶν
1662 1449 1869 1504 τούτων

208 1542 306 1597 καὶ
366 1542 633 1615 περιττῶν
687 1539 1009 1615 καινουργὸς
1067 1535 1507 1612 ἀρεσκευμάτων.
1595 1539 1868 1613 Ἔγραψεν

214 1629 369 1692 ὅπως
403 1629 454 1684 οἱ
499 1627 845 1703 πεμπόμενοι
893 1625 1028 1683 κατᾶ
1076 1628 1333 1703 ψήφισμα
1373 1623 1617 1699 δημοσίᾳ
1646 1627 1693 1664 ’⁸⁸
1730 1628 1867 1701 πρὸς

214 1717 530 1795 Ἀντίγονον
588 1716 624 1787 ἢ
683 1718 999 1792 Δημήτριον
1058 1713 1178 1771 ἀντὶ
1242 1710 1584 1789 πρεσϐευτῶν
1669 1715 1866 1788 θεωροὶ

1312 330 1862 395 BIBLIOTHECA.
1911 366 1989 379 -
2031 334 2206 396 COD.
2254 331 2523 395 CCXLV.

1901 470 1955 538 A

3463 340 3629 405 H50

2534 467 2618 523 Ea:
2642 468 2905 525 Demetrii
2935 470 3071 528 Vita.

2051 555 2385 615 Demetrius
2435 559 2667 613 statura
2715 560 2878 629 patre
2927 558 3040 615 fuit
3086 560 3347 633 inferior,
3390 568 3624 625 tametsi

1977 662 2262 718 magnus;
2298 646 2489 717 figura
2516 650 2708 702 autem
2753 650 2811 702 et
2858 646 3295 721 pulchritudine
3338 655 3504 711 faciei
3537 658 3628 721 ita

1974 735 2188 809 insigni
2229 743 2283 792 et
2331 734 2561 803 eximia,
2612 743 2673 792 ut
2720 753 2849 793 eam
2901 738 3172 811 ﬁngendo
3220 742 3629 816 pingendoque

1978 824 2210 898 assequi
2250 841 2420 881 nemo
2452 824 2725 896 potuerit.
2759 826 2904 883 Nam
2934 842 3046 883 una
3075 846 3211 885 cum
3237 838 3540 890 venustate
3571 839 3628 890 et

1978 913 2265 984 elegantia
2297 913 2545 984 gravitas
2575 917 2878 986 terrorque
2908 915 2969 971 in
2999 915 3162 973 vultu
3196 920 3403 989 inerat,
3446 925 3503 977 et
3533 922 3628 981 he.

1977 1001 2136 1058 rcica
2165 1002 2430 1074 quaedam
2469 1017 2534 1057 ac
2577 1002 2730 1075 regia
2762 1004 3037 1074 majestas
3070 1005 3310 1076 juvenili
3343 1009 3628 1066 alacritati

1978 1088 2244 1145 admista.
2294 1089 2389 1145 Sic
2427 1088 2732 1161 ingenium
2772 1106 3004 1163 quoque
3043 1098 3189 1164 erat,
3215 1100 3270 1151 et
3308 1096 3378 1152 ab
3408 1101 3628 1169 perter-

1977 1180 2189 1235 rendos
2228 1177 2520 1249 homines,
2570 1183 2624 1236 et
2663 1180 2736 1236 ad
2786 1180 3216 1240 conciliandam
3268 1185 3382 1242 sibi
3426 1202 3628 1244 eorum

1977 1267 2222 1340 gratiam
2249 1271 2471 1340 aptum.

2049 1356 2589 1415 lnsolentissimum
2631 1358 2744 1414 fuit
2788 1360 3092 1419 Stratoclis
3142 1364 3329 1422 891!)
3362 1365 3437 1439 (is
3467 1365 3624 1428 enim

1977 1446 2254 1503 scitarum
2285 1447 2536 1503 istarum
2559 1447 2662 1503 fuit
2683 1452 2741 1505 et
2766 1449 3074 1507 subtilium
3097 1458 3299 1511 auctor
3318 1454 3626 1513 blanditia-

1977 1538 2127 1608 rum)
2146 1541 2566 1607 commentum,
2590 1539 2686 1612 qui
2710 1538 2897 1613 legem
2927 1543 3339 1616 promulgavit,
3367 1549 3425 1603 ut
3450 1546 3499 1601 si
3521 1547 3623 1619 qui

1978 1626 2211 1698 publico
2241 1626 2428 1686 edicto
2451 1628 2523 1684 ad
2555 1628 2917 1702 Antigonum
2938 1632 3029 1688 vel
3055 1632 3409 1691 Demetrium
3432 1636 3624 1693 mitte-
3700 1678 3705 1687 ι

1975 1718 2196 1785 rentur,
2228 1716 2267 1772 ii
2300 1730 2415 1771 non
2444 1714 2640 1790 legati,
2672 1718 2773 1774 sed
2807 1718 3017 1792 theori,
3044 1720 3101 1776 id
3134 1726 3222 1777 est
3255 1723 3621 1782 consultores

215 1807 493 1883 λέγοιντο,
559 1806 799 1882 καθάπερ
859 1805 911 1860 οἱ
968 1805 1141 1860 Πυθοῖ
1197 1803 1289 1858 καὶ
1346 1802 1682 1878 Ὀλυμπίαζε
1773 1805 1864 1866 τὰς

1980 1805 2449 1864 nominarentur:
2478 1807 2633 1877 quod
2666 1823 2879 1865 nomen
2902 1825 3105 1866 eorum
3130 1818 3239 1879 est,
3274 1813 3371 1883 qui
3404 1813 3620 1886 Pythias

212 1897 476 1972 πατρίους
557 1894 742 1957 θυσίας
834 1894 1134 1970 ἀπάγοντες
1215 1892 1269 1948 ἐν
1338 1898 1456 1955 ταῖς
1512 1891 1864 1963 Ἑλληνικαῖς

213 1987 458 2060 ἑορταῖς.
513 1984 673 2044 Οὕτω
727 1982 786 2040 δὲ
842 1985 1316 2058 καταμωκώμενοι
1389 1987 1486 2038 τοῦ
1544 1982 1865 2059 Δημητρίου

211 2073 665 2156 προσδιέφθειραν
722 2073 882 2130 αὐτὸν
955 2070 1080 2128 οὐδὲ
1144 2075 1187 2111 ⁷⁷
1273 2070 1464 2135 ἄλλως
1557 2072 1865 2148 ὑγιαίνοντα

208 2167 313 2235 τὴν
355 2162 619 2221 διάνοιαν.
651 2166 770 2220 Ὅτι
792 2164 838 2201 ⁷⁸
869 2165 1175 2234 Ἀθηναῖοι,
1207 2160 1637 2237 πολιορκοῦντος
1668 2162 1864 2226 αὐτοὺς

211 2253 521 2326 Φιλίππου,
566 2253 1071 2331 γραμματοφόρους
1129 2250 1343 2314 ἑλόντες
1388 2252 1483 2313 τὰς
1549 2252 1643 2324 μὲν
1694 2249 1867 2317 ἄλλας

210 2340 507 2420 ἀνέγνωσαν
567 2341 878 2413 ἐπιστολάς,
942 2342 1116 2414 μόνην
1184 2337 1242 2396 δὲ
1310 2342 1409 2411 τὴν
1494 2337 1867 2414 Ὀλυμπιάδος

210 2433 316 2489 οὐκ
379 2427 597 2501 ἔλυσαν,
656 2431 784 2486 ἀλλ’
841 2426 1026 2505 ὥσπερ
1082 2429 1150 2500 ἦν
1203 2427 1732 2503 κατασεσημασμένη
1799 2431 1864 2499 7',

208 2521 352 2596 πρὸς
392 2521 591 2577 ἐκεῖνον
629 2518 919 2576 ἀπέλυσαν.
957 2522 1120 2594 [1204
1150 2520 1243 2592 R.]
1274 2519 1395 2574 "Gtt
1423 2520 1469 2555 ⁸ο
1518 2516 1669 2574 οὐδέν
1703 2540 1867 2595 φησιν

213 2611 363 2668 οὕτω
424 2608 642 2687 βασιλεῖ
696 2611 993 2687 προσήκειν
1048 2609 1123 2671 ὡς
1179 2609 1243 2664 τὸ
1317 2614 1419 2678 τῆς
1478 2605 1633 2679 δίκης
1715 2601 1868 2686 ἔργον

214 2703 391 2776 ’Δρης
451 2703 546 2775 μὲν
602 2701 709 2777 γὰρ
761 2699 1045 2774 τύραννος,
1094 2697 1171 2760 ὥς
1220 2718 1352 2772 φησι
1380 2699 1643 2771 Τιμόθεος
1692 2694 1867 2773 νόμος

208 2790 272 2847 δὲ
327 2792 544 2847 πάντων
612 2788 874 2866 βασιλεὺς
924 2789 1061 2844 κατὰ
1119 2785 1388 2863 Πίνδαρόν
1440 2786 1605 2846 ἐστιν.
1663 2791 1785 2843 "Ott
1821 2790 1865 2826 ⁸1

204 2879 379 2957 μέχρι
432 2880 753 2956 Δημητρίου
800 2883 897 2934 τοῦ
945 2878 1261 2953 Ἀντιγόνου
1308 2875 1519 2947 παιδὸς,
1579 2879 1640 2943 ’ὀς
1693 2878 1783 2934 καὶ
1822 2880 1869 2915 ⁸³

209 2970 607 3045 Πολιορκητὴς
639 2968 1024 3043 ἐπωνομάζετο
1053 2970 1119 3037 ⁸³,
1159 2964 1337 3027 οὐδεὶς
1376 2965 1515 3023 εἶδεν
1562 2967 1862 3044 ἀνθρώπων

205 3057 333 3117 οὔτε
382 3055 840 3134 πεντεκαιδεκήρη
899 3060 1027 3113 ναῦν
1093 3056 1139 3094 ⁸4
1195 3057 1460 3132 πρότερον
1502 3054 1624 3112 οὔτε
1680 3057 1860 3112 ἐκκαι-

1974 1896 2074 1948 aut
2096 1892 2376 1966 Olympia:
2404 1911 2437 1950 a
2462 1895 2784 1966 majoribus
2804 1898 3018 1954 tradita
3039 1900 3323 1957 sacriﬁcia
3344 1918 3447 1973 pro
3479 1901 3621 1957 civi-

1971 1983 2189 2039 tatibus
2212 1984 2271 2040 in
2295 1984 2540 2041 solemni
2563 1988 2891 2043 Gracorum
2922 1995 3210 2046 conventu
3243 1992 3620 2064 peragebant.

1973 2072 2073 2129 His
2096 2073 2182 2130 illi
2198 2074 2631 2133 adulationibus
2648 2078 3011 2136 Demetrium
3030 2080 3246 2153 alioqui
3268 2098 3412 2139 sana
3429 2090 3621 2139 mente

1972 2164 2281 2235 prmditum
2342 2165 2743 2223 demulcentes
2794 2174 3195 2240 corruperunt.
3239 2170 3623 2229 Athenienses

1973 2251 2194 2308 obsessi
2226 2269 2260 2308 a
2291 2252 2558 2327 Philippo
2589 2256 2927 2314 tabellarios
2958 2257 3418 2331 intercipientes,
3454 2260 3620 2318 lectis

1975 2340 2218 2413 reliquis
2248 2342 2534 2415 epistolis,
2582 2343 2827 2402 missam
2859 2346 2932 2402 ab
2965 2346 3305 2420 Olympiade
3337 2365 3451 2405 non
3482 2365 3620 2421 ape-

1974 2434 2233 2499 ruerunt,
2264 2432 2365 2488 sed
2398 2432 2763 2506 obsignatam
2792 2435 2983 2492 adhuc
3005 2435 3276 2509 Philippo
3309 2439 3619 2494 miserunt.

1974 2520 2172 2593 Neque
2202 2536 2332 2577 vero
2363 2522 2483 2578 ulla
2526 2524 2647 2594 regi
2678 2524 3112 2581 convenientior
3139 2526 3292 2582 actio
3323 2530 3412 2583 est
3440 2544 3619 2599 quam

1969 2610 2211 2682 justitim
2242 2613 2556 2668 exsecutio.
2610 2615 2756 2669 Mars
2802 2614 2985 2683 enim,
3032 2618 3095 2671 ut
3135 2616 3477 2673 Timotheus
3518 2619 3623 2687 ait,

1974 2702 2257 2772 tyrannus
2287 2709 2393 2770 est,
2427 2703 2612 2774 legem
2643 2719 2779 2759 vero
2811 2703 3077 2759 omnium
3108 2721 3302 2777 regem
3332 2707 3623 2763 Pindarus

1976 2788 2227 2862 appellat
2256 2790 2387 2862 (76).
2423 2791 2615 2864 Usque
2657 2792 2727 2847 ad
2775 2793 3133 2850 Demetrium
3174 2795 3471 2868 Antigoni,
3520 2796 3622 2868 qui

1976 2879 2331 2936 Poliorcetes
2378 2880 2804 2953 appellabatur,
2856 2898 3029 2939 nemo
3059 2883 3370 2941 hominum
3401 2885 3626 2942 viderat

1972 2973 2107 3024 ante
2137 2967 2632 3041 quindeciremem
2657 2974 2759 3027 aut
2786 2971 3220 3029 sedccircmem.
3253 2974 3460 3030 Postea
3482 2974 3621 3045 qui-

1971 3058 2105 3114 dem
2144 3057 2421 3130 temporis
2454 3058 2798 3116 Ptolemaeus
2838 3060 3166 3132 Phi10pator
3197 3062 3622 3135 quadraginta-

206 3147 424 3225 δεκήρη
456 3151 521 3187 ³⁸·
554 3133 780 3224 ὕστερον
822 3144 880 3203 δὲ
916 3146 1007 3202 καὶ
1036 3147 1083 3184 ⁸⁸
1128 3148 1600 3221 τεσσαρακοντήρη
1651 3144 1864 3202 Πτολε-

1980 3165 2180 3205 remem
2215 3149 2561 3219 construxit,
2587 3149 2818 3222 longam
2839 3151 2965 3222 280,
2990 3151 3166 3208 altam
3196 3133 3267 3208 ab
3291 3152 3410 3208 imo
3430 3133 3624 3211 tundo

207 3240 375 3314 μαῖος
423 3239 450 3294 ὁ
496 3237 833 3310 Φιλοπάτωρ
882 3235 1321 3311 ἐναυπηγήσατο,
1364 3242 1543 3306 μῆκος
1596 3237 1722 3309 [649
1766 3237 1859 3310 Η.]

204 3326 505 3385 διακοσίων
537 3324 879 3403 ὀγδοήκοντα
907 3331 1135 3403 πηχῶν,
1164 3324 1301 3399 ὕψος
1351 3321 1409 3380 δὲ
1452 3322 1559 3387 ἕως
1599 3324 1862 3400 ἀκροστο-

198 3416 330 3474 λίου
389 3417 746 3488 πεντήκοντα,
806 3412 950 3470 δυεῖν
1009 3410 1263 3484 δεόντων,
1313 3411 1536 3477 ναύταις
1587 3410 1645 3468 δὲ
1681 3413 1860 3489 χωρὶς

196 3506 401 3584 ἐρετῶν
455 3505 824 3582 ἐξηρτυμένην
891 3502 1292 3582 τετρακοσίοις,
1351 3502 1556 3576 ἐρέταις
1638 3501 1694 3558 δὲ
1777 3524 1861 3559 τε.

197 3592 632 3675 τρακισχιλίοις,
673 3593 848 3670 χωρὶς
894 3592 951 3648 δὲ
1008 3593 1215 3648 τούτων
1258 3590 1487 3654 ὁπλίτας
1553 3588 1859 3667 δεχομένην

200 3683 293 3742 ἐπί
333 3706 391 3741 τε
446 3688 553 3739 τῶν
600 3680 856 3760 παρόδων
903 3681 993 3737 καὶ
1033 3685 1129 3735 τοῦ
1176 3680 1636 3755 καταστρώματος
1685 3680 1862 3756 ὀλίγῳ

196 3773 526 3850 τρισχιλίων
583 3769 933 3833 ἀποδέοντας.
986 3768 1162 3826 Ἀλλὰ
1211 3770 1422 3844 (ναῦται
1465 3770 1530 3840 υ’,
1580 3767 1755 3843 ἐρέται
1793 3766 1859 3841 ,δ,

200 3862 430 3920 ὁπλῖται
459 3864 607 3939 παρὰ
640 3860 832 3937 μικρὸν
867 3882 937 3935 ⁸γ,
970 3861 1112 3933 ὁμοῦ
1142 3860 1242 3933 ,ζυ)
1288 3857 1408 3912 θέαν
1463 3858 1632 3931 μόνην
1684 3856 1858 3928 ἐκείνη

1975 3254 2155 3309 usque
2199 3238 2272 3294 ad
2315 3254 2612 3294 summum
2645 3239 2860 3312 puppis
2903 3240 2973 3295 48
3002 3239 3252 3306 cubitos,
3306 3240 3621 3312 remigibus

1971 3332 2176 3400 quater
2208 3326 2384 3394 mille,
2417 3333 2475 3384 et
2504 3330 2696 3385 nautis
2736 3333 3016 3402 praeterea
3054 3330 3493 3403 quadringentis
3526 3331 3624 3387 in~

1970 3418 2326 3484 struebatur,
2359 3417 2789 3489 recipiebatque
2837 3416 3273 3475 classiariorum
3304 3420 3363 3475 in
3396 3419 3539 3476 foris
3566 3423 3624 3475 et

1970 3504 2226 3562 tabulato
2259 3521 2436 3578 prope
2466 3506 2575 3561 tria
2616 3506 2800 3562 millia
2825 3508 2948 3578 (sed
2980 3513 3169 3564 nauta:
3203 3509 3327 3577 400,
3377 3509 3627 3581 remiges

1970 3594 2133 3666 4000,
2156 3599 2213 3649 et
2234 3594 2449 3651 milites
2465 3596 2606 3650 3000
2627 3612 2639 3662 ;
2664 3600 2831 3651 erant
2852 3596 2912 3651 in
2934 3612 3169 3652 summa
3192 3597 3377 3667 7400).
3402 3597 3621 3652 Verum

1972 3684 2093 3740 haec
2125 3683 2284 3739 navis
2328 3683 2659 3755 spectaculo
2708 3684 2893 3755 magis
2944 3688 3000 3740 et
3040 3685 3416 3741 ostentationi
3448 3701 3623 3754 quam

1973 3773 2108 3827 usui
2139 3772 2268 3840 fuit,
2293 3772 2448 3843 quod
2472 3772 2786 3827 difﬁculter
2813 3785 3002 3842 neque
3035 3772 3161 3828 sine
3190 3771 3447 3843 periculo
3470 3788 3626 3827 com-

1973 3860 2191 3919 moveri
2222 3863 2437 3932 posset,
2465 3857 2787 3931 parumque
2809 3860 2881 3915 ab
2904 3860 3164 3916 aediﬁciis
3189 3860 3319 3917 fixis
3340 3860 3619 3917 ditferret.

202 3953 475 4032 παρέσχε,
525 3953 613 4007 καὶ
676 3951 872 4027 μικρὸν
922 3950 1047 4004 ὅσον
1090 3945 1417 4025 διαφέρουσα
1463 3950 1573 4001 τῶν
1620 3945 1870 4021 μονίμων
1898 3946 1946 3984 ⁸⁷
1994 3944 2460 4020 οἰκοδομημάτων
2511 3948 2744 4024 φανῆναι
2799 3946 2933 4009 ποὸς
2989 3944 3274 4021 ἐπίδειξιν,
3320 3945 3381 4002 οὐ
3410 3948 3621 4025 χρείαν,

199 4040 527 4120 ἐπισφαλῶς
557 4039 650 4097 καὶ
682 4037 956 4116 δυσέργως
983 4037 1234 4109 ἐκινήθη.

742 4132 836 4187 Ἐκ
866 4134 967 4187 τοῦ
1006 4127 1324 4187 Ἀντωνίου.

270 4224 398 4279 "Ott
427 4223 473 4260 ⁸⁸
503 4222 813 4290 Ἀντώνιος,
846 4219 1009 4297 φησὶν
1048 4219 1118 4288 ⁸9,
1160 4217 1349 4293 ἠγνόει
1381 4212 1566 4273 πολλὰ
1609 4220 1716 4272 τῶν
1771 4216 1863 4272 ὑπ’

2537 4129 2621 4185 Ex
2647 4129 2875 4187 Antonii
2907 4130 3047 4188 Vita.

2042 4218 2220 4275 Multa
2239 4220 2529 4277 Antonius
2558 4221 2864 4292 ignoravit,
2892 4237 3009 4278 non
3031 4224 3152 4278 tam
3175 4220 3248 4277 ob
3270 4219 3618 4291 socordiam,

193 4314 352 4384 αὐτῷ
372 4312 420 4349 9°
446 4310 765 4387 γινομένων,
799 4309 907 4386 οὐχ
932 4308 1075 4365 οὕτω
1106 4306 1347 4382 ῥᾴθυμος
1378 4302 1450 4361 ὢν
1484 4306 1558 4369 ὡς
1591 4303 1661 4361 δι’
1691 4305 1862 4362 ἀπλύ-

324 4421 327 4422 ,
402 4421 407 4422 ,
522 4400 565 4422 κν
645 4420 650 4422 .
745 4404 818 4422 ,··-
867 4397 985 4422 ---8
1041 4394 1220 4422 --.Σ-Ι-.-
1283 4394 1407 4422 2ηξ-.
1464 4395 1561 4422 μὶ.-
1616 4394 1861 4422 .1_‘l.!__-

1980 4324 2149 4381 quam
2173 4309 2630 4382 simplicitatem,
2647 4326 2757 4382 qua
2772 4309 2981 4367 ductus
3002 4309 3168 4367 facile
3188 4309 3310 4367 suis
3328 4308 3615 4366 credebat.

1980 4397 2104 4422 ω--.
2138 4397 2289 4422 --=_.
2317 4397 2568 4422 4..-.“
2595 4398 2825 4422 :__-_:-
2879 4403 2927 4422 ,ι
2952 4399 3110 4422 .__s-
3146 4398 3613 4422 _-_.:-L_..---__

192 4421 346 4473 τητα
384 4400 652 4457 πιστεύων
703 4404 819 4461 τοῖς
863 4397 986 4473 περὶ
1037 4394 1220 4451 αὐτόν’
1282 4394 1407 4464 ἐνῆν
1463 4395 1564 4473 γὰρ
1611 4394 1861 4465 ἁπλότης

1980 4397 2108 4453 Erat
2136 4397 2293 4454 enim
2317 4397 2570 4470 simplici
2595 4398 2850 4471 ingenio,
2875 4403 2931 4455 et
2952 4399 3115 4456 tarde
3144 4398 3615 4468 sentiebat;cum

194 4498 284 4567 τῷ
332 4490 477 4563 ἤθει,
527 4491 620 4547 καὶ
665 4488 887 4568 βραδεῖα
938 4488 1033 4562 μὶν
1063 4487 1108 4525 ’ί
1166 4484 1440 4558 αἴσθησις,
1487 4485 1863 4560 αἰσθανομένῳ

1980 4490 2168 4542 autem
2191 4486 2472 4544 sensisset
2494 4504 2555 4544 se
2577 4503 2870 4561 peccasse,
2895 4488 3056 4561 gravi
3080 4488 3415 4545 movebatur
3438 4487 3618 4560 paeni-

196 4580 262 4638 δὲ
307 4584 417 4636 τῶν
462 4579 932 4656 ἁμαρτανομένων
996 4574 1197 4652 ἰσχυρᾶ
1257 4575 1514 4649 μετάνοια
1568 4573 1659 4630 καὶ
1723 4575 1860 4650 πρὸς

1980 4578 2177 4647 tentia,
2209 4581 2266 4635 et
2294 4579 2447 4651 apud
2479 4595 2578 4636 eos
2609 4579 2766 4652 ipsos
2797 4594 2946 4652 quos
2982 4579 3348 4647 offendisset,
3376 4579 3618 4636 confite-

196 4670 401 4733 αὖτους
448 4669 853 4746 ἐξομολόγησις
901 4665 1029 4729 τοὺς
1078 4662 1586 4741 ἀγνωμονηθέντας,
1632 4664 1858 4744 μέγεθος

1980 4668 2163 4724 batur.
2179 4668 2390 4741 Magna
2406 4672 2464 4725 et
2478 4667 2763 4742 supplicia
2783 4672 2837 4724 et
2860 4668 3100 4741 praemia
3121 4669 3438 4742 irrogabat,
3459 4667 3618 4724 modi

199 4758 265 4815 δὶ
323 4758 413 4815 καὶ
470 4757 593 4834 περὶ
643 4758 742 4821 τὰς
804 4750 1038 4832 ἀμοιϐὰς
1093 4753 1184 4810 καὶ
1242 4754 1365 4831 περὶ
1405 4755 1499 4818 τὰς
1556 4752 1857 4830 τιμωρίας-⁸

1980 4760 2158 4814 tamen
2188 4757 2246 4813 in
2292 4757 2696 4829 gratificando,
2737 4774 2914 4832 quam
2950 4758 3247 4831 puniendo
3276 4761 3401 4814 erat
3430 4756 3618 4828 negli-

200 4848 423 4924 μᾶλλόν
450 4871 511 4927 γε
543 4850 652 4924 μὴν
684 4845 861 4904 ἐδόκει
905 4846 1272 4922 χαριζόμενος
1310 4847 1346 4917 ἢ
1388 4843 1639 4915 κολάζων
1693 4844 1859 4922 ὑπερ-

1980 4846 2217 4919 gentior.
2248 4846 2403 4904 Jocis
2443 4851 2639 4904 autem
2669 4849 2798 4919 ejus
2839 4848 3152 4920 nimiaeque
3183 4846 3476 4903 dicacitati
3510 4844 3619 4900 hoc

196 4932 434 4994 ϐάλλειν
488 4940 551 4993 τὸ
610 4935 854 5013 μέτριον.
917 4937 979 4991 Ἣ
1026 4932 1084 4989 δὲ
1149 4933 1274 5008 περῖ
1326 4931 1424 4996 τὰς
1480 4930 1703 4996 παιδιὰς
1767 4935 1857 4989 καὶ

1980 4936 2165 4993 λόει-ιιι
2195 4935 2541 5005 remedium,
2574 4934 2733 5008 quod
2764 4951 2824 4993 se
2855 4935 3113 4993 vicissim
3144 4934 3400 4991 morderi
3434 4932 3619 5005 patie-

190 5028 300 5092 τὰς
348 5028 585 5103 σκώψεις
633 5021 792 5100 ὕϐρις
833 5023 884 5082 ἐν
922 5022 1057 5099 αὐτῇ
1116 5024 1164 5061 ⁸⁸
1206 5024 1271 5079 τὸ
1336 5022 1621 5102 φάρμακον
1671 5022 1854 5097 εἶχεν⁹

1980 5028 2160 5096 batur,
2185 5041 2372 5097 neque
2390 5025 2599 5082 minori
2622 5041 2751 5082 cum
2774 5024 3072 5096 voluptate
3095 5022 3415 5089 ridebatur,
3440 5038 3613 5094 quam

1554 5147 1803 5205 VARIIE
1844 5146 2264 5205 LECTIONES.

269 5250 319 5289 7‘
349 5249 458 5326 ὅτι]
488 5270 539 5311 c.
571 5270 632 5310 II.
709 5251 760 5288 ⁷³
792 5245 847 5305 δὲ
880 5265 994 5306 om.
1027 5252 1090 5303 B.
1168 5245 1214 5282 ’⁷³
1243 5244 1385 5320 εἶχε]
1416 5240 1532 5321 ἔχει
1564 5248 1630 5302 Α.
1708 5244 1756 5280 ⁷⁴
1795 5242 2146 5319 συνεκέκρατο
2181 5248 2251 5302 Α.
2328 5246 2374 5281 ’⁷⁵
2405 5242 2512 5352 ὅτι]
2541 5262 2592 5303 c.
2626 5264 2705 5302 ιι.
2781 5247 2827 5284 ⁷⁸
2857 5242 3126 5319 δημόσιον
3154 5249 3221 5303 Α.
3253 5247 3296 5282 ⁷⁷
3338 5239 3494 5300 οὐδέν

284 5324 391 5352 ιι-.π
429 5342 455 5352 -
509 5342 625 5352 ..-η
720 5323 768 5352 ἰο
796 5316 1355 5352 υ--............-..έ..-..
1394 5323 1417 5352 Α
1489 5317 1537 5352 80
1566 5315 1675 5352 δίη-,Ἰ
1707 5334 1735 5352 η
1789 5334 1900 5352 νη.
1998 5316 2044 5352 St
2079 5318 2186 5352 ,εις-,Ἰ
2217 5335 2246 5352 η
2298 5334 2355 5352 νε
2373 5334 2437 5352 ιη
2518 5318 2538 5352 8
2567 5315 2657 5352 ν...)
2690 5319 2796 5352 ..ΛΑ
2876 5324 2898 5352 Α
3005 5318 3052 5352 83
3090 5316 3479 5352 :.......-...'.r.....
3511 5323 3548 5352 η
3596 5334 3608 5347 ο

185 5326 240 5364 ’⁷⁸
281 5324 391 5415 ὅτι]
426 5315 477 5382 ὁ.
509 5342 646 5383 xm.
720 5323 768 5360 7°
796 5315 1355 5415 κατασεσημασμένην
1375 5315 1537 5373 Ἀ.’”⁸⁰
1566 5315 1675 5390 ὅτι]
1707 5334 1752 5374 ο.
1789 5334 1922 5373 XLII.
1998 5315 2044 5355 ⁸⁷1
2079 5318 2187 5389 ὅτι]
2217 5335 2266 5374 c.
2298 5334 2460 5374 XLIII.
2491 5315 2538 5352 ³³
2567 5315 2657 5371 καί
2689 5319 2821 5377 add.
2864 5315 2947 5377 Af
3005 5318 3052 5354 ⁸³
3090 5316 3480 5390 ἐπωνομάζετο
3511 5315 3562 5371 13⁷
3596 5334 3609 5374 :

208 5396 226 5415 s
400 5400 427 5415 υ
562 5396 623 5415 ρ
719 5396 766 5415 ιιι
862 5398 919 5415 ~,
994 5392 1043 5415 ιε.
1107 5385 1436 5415 ----..-9----ι-μ
1484 5406 1572 5415 Α...
1644 5393 1663 5415 Α
1772 5387 1935 5415 88..-}
1973 5406 2061 5415 -..Α
2132 5394 2152 5415 Α
2262 5387 2310 5415 R7
2346 5387 2596 5415 ._-..!....-.
2644 5393 2661 5415 Α
2708 5406 2722 5415 .
2755 5389 3006 5415 _._.-I___-_.
3041 5389 3102 5415 ρ·-
3154 5392 3197 5415 an
3232 5390 3335 5415 ειμι
3372 5407 3397 5415 -
3449 5407 3582 5415 .......

186 5340 240 5364 ἰ’
281 5340 391 5415 οτι)
426 5342 477 5382 c.
509 5342 646 5383 xm.
729 5340 768 5360 ιν
796 5340 1063 5389 κατασεση
1116 5340 1355 5391 ασμενην
1383 5340 1448 5373 a.
1489 5340 1536 5354 νν
1566 5340 1675 5390 οτι]
1707 5340 1752 5374 c.
1790 5340 1922 5373 χιιι.
1998 5340 2044 5355 νε
2079 5340 2187 5389 οτι]
2217 5340 2266 5374 c.
2299 5340 2460 5374 xuu.
2492 5340 2538 5352 ν·
2567 5340 2656 5371 και
2689 5340 2821 5377 auu.
2864 5340 2928 5377 Α.
3005 5340 3052 5354 υ·-
3090 5340 3480 5390 επωνομαζετο
3514 5340 3550 5371 υ
3596 5340 3607 5374 :

186 5396 529 5471 ὠνομαζετο
718 5396 922 5471 δίναῦν
982 5340 1441 5471 ξδ-ζκκαιδεκήρη
1482 5393 1695 5471 οωᾏΑ.
1725 5387 1937 5471 Μδδέαὶ
1971 5406 2086 5471 om.
2121 5394 2211 5471 A._
2253 5387 2311 5471 Ξ
2344 5387 2597 5462 μονίμων
2630 5393 2676 5446 Α
2708 5406 2722 5447 :
2755 5389 3007 5464 νομίμων
3153 5392 3197 5427 ⁸⁸
3228 5390 3335 5463 ὅτι]
3368 5407 3418 5447 c.
3449 5407 3607 5446 XXIX.

187 5470 244 5507 ⁸⁸
274 5455 439 5548 φὴσίῦ
467 5455 601 5527 ιιιὰῖ
634 5473 698 5524 Α.
773 5466 823 5503 9°
850 5460 1014 5521 αὐτοῦ
1046 5469 1105 5519 Β.
1181 5464 1224 5500 ⁰¹
1262 5455 1453 5536 nefa;
1484 5481 1566 5523 τις
1597 5462 1636 5516 Β
1674 5479 1686 5516 :
1722 5455 1779 5514 δέ
1983 5461 2028 5496 ⁹²
2052 5460 2215 5532 ἑαυτῇ
2483 5455 2493 5462 ’
2821 5455 2832 5464 ’
2891 5455 2901 5464 ’
3055 5455 3079 5464 ’
3238 5462 3241 5463 ⁷
3317 5455 3334 5463 ”
3522 5485 3532 5492 -

1799 5568 2037 5625 NOT/E.

273 5675 388 5749 (76)
419 5673 696 5734 Herodot.
728 5673 942 5741 Thalia,
970 5672 1028 5727 et
1056 5668 1215 5742 Orig.
1246 5667 1349 5725 lib.
1385 5669 1584 5727 Contra
1616 5668 1854 5741 Celsum,
1884 5684 1940 5740 p.
1971 5666 2101 5738 262,
2132 5667 2263 5725 edit.
2297 5670 2529 5739 August.
2565 5668 2721 5728 Vind.

527 5777 794 5840 Peraea.
839 5776 956 5837 Gn.
999 5769 1154 5834 CIII.
3210 5772 3290 5833 46
