4066 6216
157 309 308 375 M53

1253 313 1791 378 BIBLIOTHECA.
1837 348 1914 358 —
1956 314 2128 376 COD.
2189 316 2463 379 CCXLV.

3407 320 3562 382 1454·

154 448 342 524 φησὶν,
403 447 506 504 ὑπὸ
567 445 850 518 Σκηπίωνι
885 448 929 486 ¹²
985 446 1156 502 πάλαι
1221 448 1674 524 στρατευόμενος,
1713 449 1802 506 καὶ

1923 467 2083 508 arma
2134 458 2190 508 et
2247 469 2442 510 carros
2501 454 2855 526 inspicienti,
2917 456 3160 512 adduxit
3214 456 3557 515 bellicosum

150 535 704 613 πολυπραγμονοῦντι
737 536 860 603 περί
896 557 954 592 τε
983 541 1091 592 τῶν
1136 537 1322 593 ὅπλων
1376 540 1467 594 καὶ
1513 539 1619 595 τῶν
1667 540 1802 594 ὑπο-

153 628 355 702 ζυγίων
389 630 480 683 τὸν
510 629 846 703 στρατιώτην
877 630 1222 705 προσήγαγεν
1251 626 1422 684 ’ίππον
1455 651 1515 685 τε
1537 629 1803 686 κάλλιστα

152 715 528 790 τεθραμμένον
583 716 674 772 καὶ
741 715 975 789 ἡμίονον
1034 716 1207 790 εὐεξίᾳ
1279 717 1369 772 καὶ
1417 718 1684 792 πραόνητι
1715 717 1805 773 καὶ

156 804 320 881 ῥώμῃ
353 803 674 884 διαφέροντα
703 806 845 863 πολὺ
875 811 982 861 τῶν
1017 805 1223 864 ἄλλων.
1273 808 1555 870 Ἣσθέντος
1607 805 1664 862 δὲ
1710 811 1806 862 τοῦ

157 899 466 971 στρατηγοῦ
511 900 628 958 τοῖς
673 900 771 950 τοῦ
819 895 1031 968 Μαρίου
1084 895 1356 970 θρέμμασι
1405 897 1496 951 καὶ
1536 894 1808 956 πολλάκις

157 985 330 1041 αὐτῶν
382 985 730 1059 μνησθέντος,
782 985 960 1049 οὕτως
1023 984 1125 1062 ἄρα
1189 987 1316 1048 τοὺς
1366 989 1712 1050 σκώπτοντας
1753 986 1808 1043 ἐν

157 1073 360 1147 ἐπαίνῳ
417 1076 509 1131 τὸν
569 1073 834 1154 ἐνδελεχῆ
885 1075 974 1130 καὶ
1029 1076 1286 1149 τλήμονα
1350 1077 1438 1132 καὶ
1509 1077 1808 1151 φιλόπονον

157 1165 426 1240 Μαριανὸν
459 1167 692 1239 ἡμίονον
723 1165 1173 1243 προσαγορεύειν.

229 1255 349 1308 ’Ότι
400 1253 663 1314 Τεύτονας
722 1254 939 1328 Μαρίου
987 1255 1562 1326 καταπολεμήσαντος,
1612 1254 1811 1328 μυριά-

163 1338 256 1404 δας
303 1339 450 1410 δέκα,
491 1342 884 1398 Μασσαλιῶται
916 1343 961 1378 ⁸³
1004 1348 1121 1405 τοῖς
1161 1343 1370 1408 ὀστέοις
1418 1342 1667 1418 λέγονται
1715 1363 1814 1398 πε-

162 1432 510 1505 ριθριγκῶσαι
544 1433 588 1467 ¹⁴
659 1430 789 1493 τοὺς
843 1428 1198 1504 ἀμπελῶναςο
1256 1433 1357 1501 τήν
1411 1429 1468 1486 δὲ
1525 1434 1650 1507 γῆν,
1704 1436 1811 1488 τῶν

158 1525 366 1594 νεκρῶν
408 1517 899 1575 καταναλωθέντων
955 1519 1008 1575 ἐν
1054 1519 1189 1591 αὐτῆ
1239 1520 1328 1575 καὶ
1389 1517 1478 1575 διὰ
1535 1524 1811 1598 χειμῶνος

165 1605 393 1684 ὄμϐρων
432 1608 820 1678 ἐπιπεσόντων,
862 1608 1034 1672 οὕτως
1085 1608 1479 1680 ὲκλιπανθῆναι
1524 1611 1612 1664 καὶ
1663 1610 1812 1684 γενέ-

163 1700 281 1754 σθαι
312 1698 400 1754 διὰ
435 1699 634 1775 βάθους
673 1697 929 1754 ἀνάπλεω
963 1700 1010 1735 ¹⁵
1056 1707 1156 1769 τῆς
1206 1696 1508 1770 σηπεδόνος
1568 1695 1812 1770 ἐνδόσης,

1911 556 2126 613 equum
2158 541 2376 612 Optime
2404 543 2742 610 enutritum,
2775 546 2831 598 et
2858 542 3104 600 multum
3146 547 3366 601 caeteris
3397 546 3562 603 babi-

1914 629 2117 686 liorem
2149 638 2204 686 et
2245 632 2542 689 cicuritate
2573 640 2625 688 et
2656 633 2862 689 robore
2911 638 3281 704 prastantem
3333 636 3554 702 multo;

1916 734 2163 790 cumque
2191 720 2508 792 imperator
2537 721 2699 778 Marii
2736 723 3025 791 jumentis
3075 723 3478 790 obiectaretur,
3510 733 3564 778 et

1918 823 2070 878 saepe
2112 823 2314 864 eorum
2363 811 2783 878 recordaretur,
2816 810 2953 866 inde
3000 814 3191 867 ortum
3240 812 3430 883 utqui
3464 829 3567 882 per

1918 895 2192 951 cavillum
2224 897 2296 952 ob
2327 897 2591 954 laborum
2636 899 3046 956 assiduitatem
3097 905 3153 956 et
3199 900 3564 956 tolerantiam

1918 982 2274 1054 laudaretur,
2309 985 2592 1044 Marianas
2622 989 2807 1045 mulus
2837 989 3249 1061 appellaretur.

1991 1250 2244 1308 Devictis
2292 1254 2528 1308 centum
2587 1251 2852 1309 millibus
2899 1254 3228 1310 Teutonum
3279 1270 3312 1310 a
3359 1253 3569 1320 Mario,

1923 1339 2317 1398 Massilienses
2401 1341 2592 1398 ferunt
2677 1344 2909 1399 ossibus
2992 1345 3190 1401 vineas
3265 1346 3569 1417 sepiisse:

1920 1427 2189 1485 tellurem
2221 1445 2354 1486 vero
2385 1431 2754 1504 consumptis
2777 1431 2834 1488 in
2863 1449 2926 1488 ea
2957 1432 3354 1502 cadaveribus,
3380 1453 3446 1491 ac
3470 1452 3574 1508 per

1921 1517 2174 1574 hiemem
2204 1517 2498 1576 imbribus
2527 1520 2804 1592 delapsis,
2837 1521 2914 1577 ita
2944 1521 3220 1594 pinguem
3255 1526 3569 1592 redditam,

1924 1608 2230 1678 putredine
2269 1610 2328 1664 in
2374 1609 2727 1679 profundum
2781 1616 3119 1680 penetrante
3169 1612 3472 1685 repletam,
3504 1619 3574 1670 ut

1922 1697 2184 1768 legitimo
2231 1703 2492 1770 tempore
2542 1699 2774 1756 abunde
2824 1700 3123 1757 fructuum
3166 1703 3485 1775 protulerit,
3518 1713 3575 1759 et

161 1785 302 1843 ὥστε
355 1793 578 1863 καρπῶν
629 1784 974 1863 ὑπερϐάλλον
1025 1788 1100 1850 εἷς
1153 1789 1297 1860 ὥρας
1345 1787 1560 1858 πλῆθος
1610 1786 1808 1862 ἐξενεγ-

1923 1787 2073 1857 quod
2107 1787 2492 1844 Archilochus
2533 1789 2699 1858 dixit,
2732 1789 2842 1845 hoc
2891 1793 3064 1847 modo
3117 1809 3288 1864 agros
3339 1793 3576 1865 pingue-

161 1882 293 1947 κεῖν,
323 1877 413 1932 καὶ
448 1885 790 1953 μαρτυρῆσαι
835 1883 915 1951 τῷ
955 1875 1286 1956 Ἀρχιλόχῳ
1345 1877 1558 1951 λέγοντι
1602 1879 1810 1933 πιαίνε-

162 1966 284 2020 σθαι
333 1967 470 2042 πρὸς
515 1971 611 2021 τοῦ
658 1968 911 2022 τοιούτου
966 1969 1007 2003 “
1053 1967 1148 2028 τὰς
1213 1964 1472 2042 ἀρούρας.
1524 1967 1810 2028 Ἐπιεικῶς

163 2050 220 2108 δὲ
246 2061 365 2117 ταῖς
409 2053 672 2129 μεγάλαις
716 2056 923 2130 μάχαις
973 2054 1238 2124 ἐξαισίους
1297 2055 1483 2117 ὑετοὺς
1530 2053 1814 2129 ἐπικαταρο

161 2143 458 2218 ῥήγνυσθαι
492 2143 762 2218 λέγουσιν,
796 2142 904 2199 εἴτε
953 2141 1237 2216 δαιμονίου
1285 2145 1433 2208 τινὸς
1482 2149 1604 2208 τοῖς
1647 2146 1814 2199 καθα-

161 2239 276 2307 ροῖς
323 2233 414 2288 καὶ
464 2231 754 2289 διιπετέσιν
801 2233 1118 2308 ἁγνίζοντυς
1161 2230 1317 2288 ὕδασι
1386 2233 1477 2288 καὶ
1543 2232 1813 2289 κατακλύ-

163 2328 368 2393 ζοντος,
419 2321 528 2378 εἴτε
568 2327 670 2378 τοῦ
721 2322 885 2400 φόνου
942 2321 1032 2396 καὶ
1089 2329 1189 2392 τῆς
1235 2319 1530 2394 σηπεδόνος
1589 2321 1814 2395 έξανιεί-

161 2432 264 2482 σης
323 2412 491 2488 ὑγρὰν
549 2413 640 2468 καὶ
702 2413 919 2487 βαρεῖαν
981 2413 1358 2484 ἀναθυμίασιν,
1417 2409 1616 2480 ἢλτὸν
1683 2411 1814 2486 ἀέρα

157 2499 487 2570 συνίστησιν,
537 2497 828 2575 εὔτρεπτον
867 2496 996 2556 ὄντα
1043 2501 1132 2555 καὶ
1187 2497 1388 2575 ῥᾳδίως
1448 2493 1810 2572 μεταϐάλλειν

157 2587 246 2644 ἐπὶ
293 2586 554 2646 πλεῖστον
606 2590 714 2645 ἀπὸ
762 2589 1132 2663 ομικροτάτης
1171 2588 1376 2667 ἀρχῆς.
1425 2591 1544 2645 Ὅτι
1580 2589 1626 2625 ¹⁷
1664 2585 1810 2662 ἄξιον

161 2677 432 2753 θαυμάσαι
472 2678 602 2742 τοὺς
643 2677 984 2754 Κουρνούτου
1026 2679 1374 2751 θεράποντας.
1425 2675 1661 2734 Πολλῶν
1710 2680 1811 2754 γάρ

160 2767 212 2821 έν
257 2767 616 2841 στασιαζούσῃ
668 2771 738 2840 τῇ
787 2765 948 2823 πόλει
1000 2766 1210 2838 θανάτῳ
1256 2765 1343 2820 καὶ
1391 2771 1500 2821 τῶν
1556 2765 1811 2822 ἀναιτίων

158 2851 718 2933 καταψηφισαμένων,
751 2855 839 2910 καὶ
882 2855 1088 2930 μυρίων
1134 2859 1353 2932 σφαγῶν
1401 2855 1489 2910 καὶ
1540 2855 1810 2910 ποικίλων

157 2945 566 3021 προελθόντων,
633 2943 785 2999 οὗτοι
841 2945 934 2999 τὸν
1030 2941 1295 3013 δεσπότην
1385 2943 1811 3018 ἀποκρύψαντες,

155 3034 350 3108 νεκρὸν
399 3030 458 3088 δέ
493 3054 616 3088 τινα
658 3037 766 3088 τῶν
827 3031 1058 3088 πολλῶν
1117 3033 1483 3106 ἀναρτήσαντε
1544 3051 1558 3090 :
1617 3031 1678 3087 ἐκ
1714 3037 1811 3088 τοῦ

155 3121 451 3200 τραχήλου
506 3121 598 3177 καὶ
656 3121 962 3197 περιθέντες
1021 3120 1170 3192 αὖτῷ
1224 3125 1457 3196 χρυσοῦν
1519 3120 1810 3178 δακτύλιον

158 3209 497 3267 ἐπεδείκνυον
539 3213 662 3284 [651
723 3213 817 3282 Η.]
865 3217 980 3271 τοῖς
1041 3210 1260 3284 Μαρίου
1315 3207 1665 3287 δορυφόροις,
1722 3210 1814 3265 καὶ

1923 1891 2103 1942 scere,
2126 1875 2182 1930 id
2211 1886 2331 1932 tum
2365 1877 2545 1934 fuisse
2574 1879 3011 1936 confirmatum.
3035 1881 3231 1951 Neque
3253 1882 3356 1938 abs
3381 1897 3440 1937 re
3464 1888 3574 1954 est,

1923 1967 2076 2036 quod
2097 1970 2444 2040 postmagna
2465 1969 2672 2040 proelia
2692 1969 3018 2026 immodicas
3043 1971 3249 2044 pluvia;
3272 1973 3572 2030 decidant:

1923 2053 2041 2110 sive
2073 2055 2217 2111 deus
2248 2056 2461 2128 aliquis
2506 2061 2724 2114 terram
2758 2059 2922 2131 puris
2953 2064 3010 2116 et
3037 2060 3376 2117 cmlestibus
3407 2063 3576 2134 aquis

1923 2142 2137 2201 lustrat
2157 2148 2331 2216 atque
2352 2145 2720 2216 proluit,sive
2741 2148 3122 2204 cadaveribus
3143 2153 3199 2205 et
3221 2151 3574 2221 pinguedine

1921 2231 2223 2289 humidam
2273 2249 2628 2306 gravemque
2673 2237 3072 2294 emittentibus
3122 2237 3571 2306 exbalationem,

1920 2322 2003 2378 ita
2050 2339 2148 2378 aer
2194 2323 2329 2392 coit,
2380 2323 2640 2396 alioquin
2690 2325 2856 2383 facile
2913 2327 3087 2382 etiam
3149 2327 3458 2384 levissimis
3503 2329 3575 2382 de

1922 2412 2116 2467 causis
2160 2411 2466 2468 mutationi
2513 2413 2823 2470 obnoxius.
2861 2415 3028 2484 Digni
3075 2416 3272 2486 itaque
3320 2417 3573 2471 admira-

1920 2501 2080 2556 tione
2108 2500 2347 2556 Cornuti
2379 2501 2562 2558 servi:
2596 2502 2800 2559 multis
2831 2503 2987 2559 enim
3020 2504 3173 2560 bello
3206 2504 3357 2560 civili
3393 2511 3576 2560 morte

1921 2590 2048 2646 sine
2076 2606 2251 2645 causa
2281 2591 2707 2655 condemnatis,
2741 2592 3037 2665 variisque
3084 2593 3346 2648 caedibus
3379 2609 3578 2665 perpe-

1921 2679 2112 2744 tratis,
2127 2694 2258 2732 cum
2274 2678 2478 2734 herum
2499 2695 2670 2735 suum
2692 2681 3098 2747 occultassent,
3115 2680 3268 2736 aliud
3284 2682 3572 2753 quoddam

1922 2767 2163 2823 cadaver
2191 2767 2262 2821 de
2293 2771 2650 2823 mortuorum
2701 2785 2902 2824 acervo
2941 2776 3235 2839 arreptum
3268 2769 3415 2825 collo
3445 2773 3564 2824 tra-

1923 2856 2148 2922 hentes,
2181 2871 2422 2911 aureum
2479 2857 2765 2913 annulum
2798 2858 2976 2929 digito
3035 2860 3562 2925 accommodantes,

1922 2944 2201 3001 Marianis
2232 2945 2312 3000 ita
2341 2945 2694 3002 satellitibus
2723 2947 3120 3012 ostenderunt,
3155 2952 3212 3003 et
3242 2952 3443 3004 ornato
3474 2949 3565 3004 tu-

1923 3049 2079 3102 nere,
2131 3033 2293 3104 quasi
2349 3033 2528 3090 herile
2583 3042 2736 3091 esset
2791 3034 3218 3106 sepeliverunt:
3270 3053 3455 3107 neque
3508 3036 3567 3091 id

1924 3121 2238 3194 quisquam
2270 3121 2471 3188 sensit,
2495 3138 2678 3194 eoque
2702 3123 2871 3178 modo
2894 3123 3186 3180 Cornutus
3215 3123 3367 3180 clam
3399 3138 3572 3196 opera

1926 3226 2222 3268 servorum
2253 3211 2313 3266 in
2344 3210 2589 3267 Galliam
2620 3211 2824 3268 evasit.

162 3303 539 3375 κοσμήσαντες
571 3300 645 3363 ὡς
694 3299 902 3355 ἐκεῖνον
953 3299 1116 3355 αὐτὸν
1165 3295 1413 3357 ἔθαπτον.
1462 3300 1755 3371 Ὑπενόησε
1810 3296 1866 3354 δὲ
1923 3295 2122 3368 οὐδεὶς,
2182 3296 2310 3353 ἀλλ’
2367 3296 2510 3352 οὕτω
2568 3297 2749 3354 λαθὼν
2809 3299 2838 3354 ὁ
2897 3301 3239 3375 Κουρνοῦτος
3299 3301 3404 3357 ὑπὸ
3457 3305 3566 3356 τῶν

160 3390 393 3446 είκετῶν
425 3388 500 3452 εἰς
540 3387 806 3445 Γαλατίαν
840 3386 1185 3462 διεκομίσθη.

723 3480 820 3535 Ἐκ
846 3481 945 3534 τοῦ
985 3477 1239 3553 Ἀράτου.

218 3572 340 3625 Ὅτι
375 3569 422 3606 ¹⁸
449 3569 478 3624 ὁ
509 3573 771 3642 νΑρατος,
799 3566 954 3644 φησὶ,
985 3565 1258 3641 λαμπρῶς
1291 3569 1334 3603 ³³
1359 3566 1495 3622 κατᾶ
1523 3567 1800 3644 ’Δριστίπ-

151 3680 260 3716 που
298 3663 395 3714 τοῦ
443 3659 701 3734 τυράννου
749 3656 840 3712 καὶ
888 3657 1025 3711 κατά
1059 3659 1168 3712 τῶν
1220 3656 1312 3710 σὺν
1356 3657 1504 3728 αὐτῷ
1545 3657 1802 3730 ἀριστεύ-

153 3769 274 3818 σας,
333 3746 586 3809 πεσόντος
634 3746 726 3800 καὶ
771 3743 936 3800 αὐτοῦ
984 3749 1081 3800 τοῦ
1127 3744 1389 3818 τυράννου
1449 3743 1552 3798 ὑπὸ
1594 3744 1805 3818 Κρητός

150 3859 297 3902 τινος
315 3839 622 3914 Τραγίσκου
646 3839 693 3874 ²⁰
713 3836 976 3910 τοῦνομα,
999 3835 1090 3890 καὶ
1116 3840 1212 3890 τοῦ
1236 3835 1486 3905 πλήθους
1526 3835 1691 3906 [1208
1715 3835 1806 3906 3.]

151 3933 262 3984 τῶν
295 3926 483 3983 ἄλλων
517 3925 688 3983 ὅντων
724 3927 831 4004 ἀφ’
862 3929 971 3980 τῶν
1013 3923 1419 3999 ἀναιρεθέντων,
1468 3922 1558 3977 καὶ
1603 3920 1810 3996 μηδένα

153 4023 266 4072 τῶν
316 4015 482 4072 αὐτοῦ
532 4019 878 4089 στρατιωτῶν
926 4010 1240 4082 ἀποϐαλὼν,
1293 4014 1446 4087 ὅμως
1490 4013 1592 4067 οὐκ
1648 4005 1812 4066 ἔλαϐε

153 4107 220 4162 τὸ
262 4107 456 4182 Ἀργος
510 4103 636 4160 οὐδὲ
683 4101 1030 4179 ἠλευθέρωσε
1074 4104 1202 4164 τοὺς
1250 4101 1304 4157 έν
1354 4101 1500 4174 αὐτῷ
1545 4105 1654 4157 τῶν
1687 4101 1812 4174 περὶ

157 4197 321 4270 ι’Δγιν
376 4196 466 4251 καὶ
513 4195 604 4250 τὸν
662 4195 919 4268 νεώτερον
981 4193 1383 4267 Ἀριστόμαχον
1454 4190 1588 4264 μετᾶ
1653 4188 1812 4245 δυνά-

163 4307 312 4359 μεως
369 4283 663 4360 βασιλικῆς
719 4283 1187 4358 παρεισπεσόντων
1256 4280 1345 4336 καὶ
1429 4279 1812 4355 κατασχόντων

2527 3483 2611 3535 Ea:
2638 3479 2800 3536 Arati
2831 3479 2970 3537 Vita.

1981 3571 2152 3624 Arato
2181 3584 2315 3624 cum
2346 3567 2640 3639 Aristippo
2658 3573 2716 3624 et
2738 3569 3028 3625 militibus
3053 3570 3172 3625 acri
3204 3585 3399 3641 pugna
3431 3586 3567 3625 con-

1913 3657 2228 3727 grediente,
2251 3661 2308 3712 et
2327 3661 2574 3726 tyranno
2597 3673 2630 3711 a
2651 3657 2814 3713 Crete
2836 3657 3086 3728 quodam
3111 3658 3348 3712 nomine
3369 3657 3570 3725 Tragi-

1914 3759 2013 3800 sco
2035 3749 2260 3810 necato,
2275 3747 2332 3799 et
2350 3744 2540 3798 899a
2558 3744 2791 3800 amissis
2811 3745 3072 3815 ipsorum
3096 3744 3403 3815 plusquam
3428 3745 3566 3799 1500

1914 3832 2074 3900 viris,
2099 3837 2156 3888 et
2178 3832 2411 3887 nemine
2431 3848 2673 3887 suorum
2700 3831 2932 3901 amisso,
2957 3839 3141 3904 Argos
3161 3836 3355 3888 tamen
3377 3848 3565 3903 neque

1919 3921 2077 3994 cepit
2123 3937 2308 3991 neque
2354 3920 2634 3977 liberavit.
2672 3923 2809 3992 Agis
2849 3923 3005 3978 enim
3039 3927 3096 3977 et
3126 3922 3564 3980 Aristomachus

1919 4009 2112 4067 minor
2140 4025 2275 4065 cum
2329 4009 2580 4066 exercitu
2613 4009 2770 4082 regio
2801 4009 3133 4082 irruperant
3162 4026 3251 4076 eo,
3283 4014 3340 4066 et
3370 4025 3562 4066 rerum

1921 4103 2266 4173 potestatem
2298 4108 2738 4170 occupaverant.
2772 4101 3039 4171 Magnam
3071 4099 3311 4171 quidem
3343 4104 3565 4170 partem

1921 4189 2278 4258 cavillorum,
2312 4187 2808 4260 dicteriorumque
2836 4193 2894 4245 et
2932 4187 3268 4244 scurrilium
3316 4187 3568 4244 insecta-

1921 4279 2162 4347 tionem,
2195 4278 2407 4350 quibus
2453 4293 2586 4333 eum
2635 4277 2970 4334 adulatores
3017 4282 3402 4350 tyrannorum
3451 4283 3568 4334 tra-

158 4377 226 4431 τά
256 4375 574 4451 πράγματα.
615 4373 692 4431 Τὸ
728 4373 822 4446 μὲν
853 4372 944 4429 οὖν
977 4371 1122 4428 πολὺ
1151 4378 1253 4441 τῆς
1281 4366 1550 4440 διαϐολῆς
1577 4370 1667 4425 καὶ
1717 4367 1809 4424 λό-

1924 4368 2236 4436 ducebant,
2295 4367 2602 4435 refutavit;
2645 4367 2745 4438 qui
2797 4369 2855 4422 in
2903 4367 3152 4440 gratiam
3200 4367 3568 4424 dominorum

157 4485 288 4541 γους
337 4465 426 4519 καὶ
474 4464 784 4536 σκώμματα
828 4463 918 4517 καὶ
973 4459 1336 4537 βωμολοχίας
1391 4458 1678 4534 παρείλετο
1705 4463 1812 4514 τῶν

160 4553 568 4609 κολακευόντων
615 4550 744 4616 τοὺς
793 4550 1110 4626 τυράννους,
1160 4549 1251 4604 καὶ
1310 4546 1640 4619 διεξιόντων,
1673 4546 1809 4602 ἐκεί·

161 4662 278 4704 νοις
327 4640 731 4716 χαριζομένων,
781 4640 855 4702 ὡς
903 4643 1002 4695 τοῦ
1060 4641 1368 4713 στρατηγοῦ
1415 4643 1524 4692 τῶν
1571 4637 1809 4712 Ἀχαιῶν

162 4730 545 4807 ἐκταράττοιτο
581 4730 674 4804 μὲν
708 4731 743 4798 ἡ
770 4726 960 4784 κοιλία
995 4728 1141 4802 παρᾶ
1170 4729 1267 4792 τας
1306 4728 1350 4763 ²ί
1395 4727 1596 4802 μάχας,
1645 4726 1810 4801 κάρος

164 4818 340 4876 δὲκαὶ
398 4819 613 4896 ἴλιγγος
671 4817 1014 4894 προσπίπτοι
1044 4821 1093 4854 ²²
1153 4817 1266 4891 ἅμα
1330 4821 1408 4889 τῷ
1474 4822 1810 4890 παραστῆναι

163 4911 256 4966 τὸν
317 4910 658 4984 σαλπιγκτὴν
697 4909 766 4978 ³³,
823 4906 1038 4980 ἰκτάξας
1094 4905 1152 4961 δὲ
1204 4907 1304 4976 τήν
1355 4903 1584 4979 δύναμιν
1630 4905 1811 4960 καὶτὸ

164 4999 412 5074 σύνθημα
468 4999 872 5075 παρεγγυήσας,
937 4996 1029 5051 καὶ
1087 4989 1394 5069 πυθόμενος
1469 4995 1578 5049 τῶν
1676 4994 1812 5048 ὑπο-

164 5090 484 5164 στρατηγῶν
523 5089 598 5161 μή
631 5107 718 5150 τις
748 5085 913 5141 αὐτοῦ
957 5086 1118 5162 χρεία
1165 5084 1455 5160 παρόντος,
1510 5077 1814 5157 βεϐλῆσθαι

162 5178 267 5255 γὰρ
330 5177 457 5240 τούς
523 5174 926 5253 ἀστραγάλους,
1011 5168 1336 5249 ἀπέρχοιτο,
1420 5168 1810 5246 καραδοκήσων

1921 4457 2189 4513 dictitare
2219 4455 2505 4521 solebant,
2538 4456 2672 4511 duci
2719 4456 3058 4512 Achaeorum
3090 4463 3346 4528 tempore
3382 4455 3566 4528 proelii

1921 4546 2115 4602 alvum
2148 4545 2503 4610 conturbari,
2535 4544 2879 4616 vertiginem
2922 4549 2980 4601 et
3017 4561 3248 4617 gravem
3296 4561 3566 4616 soporem

1921 4635 2136 4694 oboriri
2193 4634 2363 4692 simul
2415 4639 2589 4706 atque
2644 4633 2795 4690 tubas
2845 4634 3101 4690 sonitum
3152 4633 3564 4690 exaudivisset.

1924 4726 2129 4797 Itaque
2161 4728 2224 4779 ut
2255 4723 2507 4796 primum
2543 4723 2727 4779 aciem
2777 4721 3167 4788 instruxisset,
3210 4729 3264 4778 et
3293 4725 3567 4778 tesseram

1923 4813 2199 4879 dedisset,
2243 4811 2564 4884 percontari
2614 4811 2851 4867 solitum
2900 4810 3287 4875 centuriones,
3329 4818 3383 4866 et
3426 4811 3566 4879 quid

1923 4920 2033 4959 sua
2065 4901 2368 4972 praesentia
2399 4917 2546 4971 opus
2580 4901 2744 4971 foret,
2771 4900 3068 4970 jactajam
3101 4897 3264 4965 alea;
3291 4902 3464 4969 atque
3495 4898 3572 4954 ita

1924 4991 2343 5064 digredientem
2401 5005 2576 5061 quam
2633 4987 2996 5060 longissime,
3033 4991 3307 5044 eventum
3362 5002 3569 5058 pugna:

1924 5083 2276 5152 exspectare.
2301 5077 2429 5134 Haec
2452 5077 2690 5148 quidem
2723 5076 2808 5132 ita
2837 5075 3092 5132 obtinuit
3120 5074 3338 5147 opinio,
3361 5079 3425 5130 ut
3447 5074 3572 5147 pbi-

1927 5167 2154 5241 losopbi
2185 5167 2359 5224 etiam
2384 5166 2442 5222 in
2467 5164 2686 5223 scholis
2718 5166 3041 5238 disputent,
3065 5170 3355 5222 tremorne
3385 5165 3574 5221 cordis

1519 5315 1762 5372 VARI/1‘3
1803 5310 2212 5370 LECTIONES.

243 5444 291 5482 ¹²
349 5439 600 5497 σκιπίωνι
656 5443 724 5497 Α.
803 5439 848 5474 ¹³
914 5434 1311 5495 Μασσαλιῶται
1343 5440 1403 5502 Β,
1457 5428 1801 5486 δίασαλαῖται
1867 5433 1934 5497 Α,
1994 5422 2322 5502 Μασαλιΐται
2364 5424 2444 5502 ςέ

1094 5508 1146 5544 ¹⁶
1168 5510 1266 5562 τοῦ
1295 5495 1548 5561 τοιούτου
1589 5505 1629 5558 Β
1661 5512 1715 5559 et
1745 5518 1892 5558 corr.
1923 5495 1973 5554 Α
2011 5516 2024 5554 :
2057 5498 2119 5553 τὸ
2148 5495 2481 5569 τοιοῦτος’.

1641 5576 1686 5614 ²¹
1719 5574 1816 5636 τὰς
1845 5572 1980 5628 add.
2013 5575 2075 5626 Α.

168 5521 354 5622 χῶραι
386 5512 486 5601 ς’ζ.
549 5515 593 5552 ¹⁶
633 5509 923 5622 άνάπλειρχ
957 5516 1015 5564 Β.

295 5604 530 5622 mum...
566 5605 654 5622 ν...
695 5603 827 5622 νηηη

173 5581 220 5627 ίδ
256 5581 530 5661 λαμπρῶς
566 5584 658 5641 καὶ
695 5583 830 5640 κατά
860 5581 943 5656 ς’.

171 5660 309 5731 κτήν
338 5657 424 5734 ς’.

1045 5579 1093 5616 ³ο
1121 5577 1422 5652 Τραγίσκον
1456 5575 1539 5649 ς.

2648 5423 3190 5499 ,περιθριγκῶσαιΔᾼ
3233 5439 3258 5499 λε
3315 5443 3576 5499 περιτρο-

2560 5443 2602 5461 ¹⁹
2659 5443 2725 5478 πε
2769 5443 3089 5498 ιυριγκωσαι
3143 5443 3190 5479 Α
3244 5443 3258 5479 Ζ
3315 5443 3570 5499 περιτρο-

2560 5495 2607 5531 ¹⁷
2641 5443 2830 5571 (infe.
2864 5513 2965 5571 xu.
3073 5492 3249 5571 mihi]
3301 5513 3351 5571 ρ.
3415 5515 3570 5571 x_x1x.

2179 5568 2224 5605 ²²
2255 5565 2589 5642 προσπίπτοι
2622 5573 2664 5624 Β
2706 5565 3078 5642 ε’προσπίπτει
3233 5565 3245 5566 ί
3296 5568 3341 5604 ³³
3373 5567 3574 5624 σαλπι-
