4066 6216
232 360 390 425 1457

1340 364 1884 426 BIBLIOTHECA.
1929 395 2005 408 —
2050 361 2225 438 COD.
2271 359 2541 423 CCXLV.

3482 325 3697 428 1458'

227 496 480 551 θάνατον.
539 497 595 551 '0
661 491 718 550 δὲ
787 497 923 568 μετά
958 515 1122 552 τινων
1198 494 1476 568 ἑξκαίδεκα
1539 498 1648 553 τῶν
1707 495 1874 550 αὐτοῦ

1987 494 2283 579 exsiliens,
2308 510 2413 567 per
2431 494 2588 552 vicos
2611 493 2809 564 currit,
2826 500 2877 550 et
2901 495 2972 550 ad
2994 495 3322 553 libertatem
3354 498 3636 570 populum

226 585 461 658 ἑταίρων
509 582 821 656 ἐκπηδήσας
876 585 1010 660 μετά
1053 587 1217 664 ξιφῶν
1267 591 1363 642 τοῦ
1422 587 1724 659 οἰκήματος
1770 581 1876 642 ἔθει

231 673 329 746 μὲν
362 671 453 728 διὰ
479 682 582 744 τῆς
629 673 847 751 ἀγορᾶς,
879 674 967 730 καὶ
1016 675 1143 738 τοὺς
1193 675 1423 740 πολίτας
1480 678 1569 731 καὶ
1616 675 1743 738 τοὺς
1776 675 1878 732 ἃλ-

227 761 366 827 λους
413 763 491 825 εἷς
530 763 838 839 ἐλευθερίαν
889 764 1094 821 ἐκάλει*
1141 766 1193 821 οἱ
1243 763 1299 821 δὲ
1346 764 1577 840 ἐπῄνουν
1636 767 1729 839 μὲν
1777 766 1876 833 τήν

228 855 461 927 γνώμην
495 855 584 909 καὶ
615 852 916 927 ἐθαύμαζον
944 855 1006 910 τὸ
1037 861 1301 931 γενναῖον,
1343 852 1520 916 οὐδεὶς
1555 854 1736 928 μέντοι
1788 852 1877 909 διὰ

228 943 322 998 τὸν
355 943 414 998 ἐκ
443 949 544 1012 τῆς
573 941 892 1018 τυραννίδος
923 939 1092 1023 φόϐον
1147 943 1356 1018 ἐτόλμα
1405 938 1875 1000 συνεπιλαϐέσθαι.

232 1032 539 1097 Ἀνελόντες
587 1029 633 1087 δ’
692 1031 784 1087 οὖν
842 1034 968 1095 τοὺς
1031 1033 1107 1097 εὶς
1161 1039 1350 1108 χεῖρας
1408 1033 1664 1096 ἐλθόντας
1710 1036 1750 1070 ⁸¹
1784 1033 1876 1088 καὶ

233 1119 328 1176 δύο
383 1127 492 1176 τῶν
538 1119 832 1198 ἐχθίστων,
883 1122 1099 1179 πολλοῦ
1157 1121 1472 1199 συῤῥυέντος
1541 1123 1622 1178 ἐπ’
1680 1121 1874 1183 αὐτοὺς

230 1210 505 1282 πλήθους,
536 1212 626 1267 καὶ
665 1210 912 1274 πολλοὺς
963 1213 1265 1284 ἀνελόντες,
1314 1214 1403 1268 καὶ
1442 1211 1597 1268 αὐτοὶ
1645 1210 1874 1267 κατεκό-

229 1323 431 1372 πησαν,
501 1302 616 1357 εἶτα
696 1301 1172 1376 ἀνεσταυρώθησαν
1251 1303 1320 1360 ⁴².
1399 1301 1639 1376 Ὀλίγαις
1705 1302 1750 1337 ⁴³
1818 1298 1873 1358 δέ

227 1389 447 1465 ὕστερον
479 1392 712 1466 ἡμέραις
740 1391 792 1445 οἱ
829 1393 890 1446 τὸ
924 1395 1081 1464 σῶμα
1110 1396 1204 1447 τοῦ
1240 1390 1581 1466 Κλεομένους
1611 1391 1872 1447 ἀνεσταυ-

230 1481 473 1554 ρωμένον
522 1481 1032 1557 παραφυλάττοντες
1105 1479 1246 1536 εἶδον
1294 1480 1554 1556 εὐμεγέθη
1607 1479 1875 1554 δράκοντα

226 1574 298 1644 τῇ
354 1569 563 1648 κεφαλῇ
611 1569 1119 1646 περιπεπλεγμένον
1178 1569 1268 1626 καὶ
1337 1570 1755 1645 ἀποκρύπτοντα
1809 1573 1872 1627 τὸ

230 1661 546 1734 πρόσωπον,
591 1656 730 1714 ὥστε
772 1656 942 1732 μηδὲν
993 1654 1177 1734 ὄρνεον
1224 1656 1546 1738 ἐφίπτασθαι
1596 1660 1876 1732 σαρκοφά-

228 1769 346 1824 γον.
379 1749 474 1806 Ἑκ
512 1747 570 1804 δὲ
611 1749 807 1804 τούτου
857 1746 1256 1822 δεισιδαιμονία
1302 1748 1604 1823 προσέπεσε
1644 1753 1724 1820 τῷ
1774 1749 1876 1822 βα-

1986 581 2170 644 vocat.
2198 588 2462 644 Laudant
2492 588 2899 659 miranturque
2924 589 3073 644 cives
3104 589 3429 646 Cleomenis
3461 593 3636 648 auda-

1987 677 2138 733 ciam
2177 683 2231 732 et
2278 676 2565 747 animum,
2597 678 2766 748 sequi
2814 685 2866 733 et
2915 693 3081 747 Opem
3125 677 3269 732 ferre
3319 696 3498 735 ausus
3546 689 3632 738 est

1990 782 2160 822 nemo
2190 770 2349 822 metu
2381 766 2636 839 tyranni.
2662 765 2749 821 Illi
2783 770 2976 821 autem
3001 766 3200 821 obvios
3232 783 3496 837 quosque
3522 773 3636 824 tru-

1990 854 2280 923 cidarunt,
2319 859 2374 912 et
2407 856 2554 912 inter
2583 872 2682 911 eos
2714 856 2860 910 duos
2899 854 3359 919 inimicissimos,
3392 873 3636 926 cumque

1989 961 2261 1016 magnam
2283 945 2356 1000 ad
2378 961 2440 1001 se
2458 944 2847 1000 conﬂuentem
2868 944 3168 1000 hominum
3194 944 3634 1002 multitudinem

1986 1033 2435 1099 interfecissent,
2467 1035 2702 1089 tandem
2752 1035 2925 1088 etiam
2979 1034 3266 1089 interfecti
3298 1039 3457 1101 sunt,
3490 1039 3547 1090 et
3579 1035 3638 1093 in

1985 1139 2214 1178 crucem
2240 1121 2372 1178 acti.
2395 1122 2531 1178 Post
2551 1123 2673 1178 dies
2696 1122 2853 1177 haud
2879 1122 3118 1190 multos,
3139 1123 3177 1178 ii
3199 1122 3298 1194 qui
3324 1123 3381 1177 in
3406 1139 3636 1180 crucem

1985 1216 2180 1269 actum
2204 1229 2417 1284 corpus
2437 1212 2765 1269 Cleomenis
2787 1212 3401 1283 custodiebant,justaa
3420 1215 3641 1286 magni-

1985 1302 2207 1358 tudinis
2251 1303 2565 1358 draconem
2615 1301 2888 1358 viderunt
2931 1306 3105 1373 caput
3134 1303 3263 1372 ejus
3304 1302 3636 1374 circumpli-

1985 1409 2169 1459 casse,
2203 1391 2530 1463 faciemque
2574 1391 2896 1462 operuisse,
2930 1391 3010 1447 ita
3042 1395 3102 1446 ut
3135 1390 3293 1446 nulla
3333 1393 3635 1449 carnivora

1985 1483 2108 1539 avis
2161 1482 2474 1539 advolaret.
2517 1483 2575 1536 Id
2628 1481 3106 1554 superstitionem
3158 1482 3275 1554 regi
3329 1482 3531 1553 injecit
3580 1489 3636 1539 et

1986 1576 2229 1639 metum,
2253 1572 2406 1643 quod
2430 1571 2520 1626 vir
2538 1571 2648 1628 diis
2679 1571 2889 1626 charus
2918 1575 2974 1627 et
2996 1573 3186 1627 40οα
3210 1573 3636 1642 praestantioris

1984 1660 2255 1716 humanae
2287 1663 2510 1716 natura:
2543 1659 2883 1715 interfectus
2915 1659 3238 1715 videbatur.
3262 1649 3636 1717 Alexandrini

1981 1750 2162 1806 etiam
2180 1750 2506 1821 frequentes
2523 1750 2590 1805 ad
2611 1765 2743 1804 eum
2761 1749 2947 1804 locum
2976 1754 3388 1816 commeantes,
3407 1749 3637 1806 heroem

229 1821 373 1894 σιλεῖ
402 1839 490 1893 καὶ
522 1833 712 1914 φόϐος,
745 1839 819 1900 ὡς
849 1835 1039 1912 ἀνδρὸς
1072 1821 1425 1913 ἀνῃρημένου
1458 1835 1749 1911 θεοφιλοῦς
1776 1821 1874 1892 καὶ

1987 1839 2354 1896 Cleomenem
2413 1842 2470 1894 et
2524 1839 2761 1894 deorum
2836 1838 3021 1894 filium
3083 1837 3446 1910 appellavere
3511 1844 3640 1894 tan-

231 1928 534 2003 κρείττονος
563 1929 661 1997 τὴν
711 1928 893 2006 φύσιν.
944 1929 1010 1984 Οἱ
1060 1925 1117 1982 δέ
1164 1923 1536 2000 Ἀλεξανδρεῖς
1575 1925 1662 1980 καὶ
1714 1948 1878 2002 προσ-

228 2019 518 2093 ετέρποντο
547 2021 860 2096 φοιτῶντες,
889 2018 1041 2092 ἥρωα
1092 2018 1184 2072 τὸν
1232 2015 1551 2089 Κλεομένην
1601 2017 1690 2070 καὶ
1739 2019 1873 2072 θεῶν

225 2105 392 2164 παῖδα
438 2107 931 2182 προσαγορεύοντες
971 2105 1135 2185 ἄχρις
1189 2104 1250 2162 οὗ
1294 2107 1629 2161 κατέπαυσαν
1678 2105 1872 2167 αὐτοὺς

225 2198 280 2253 οἱ
308 2199 632 2275 σοφώτεροι,
665 2194 905 2260 διδόντες
943 2195 1110 2272 λόγον
1145 2197 1220 2257 ὡς
1271 2194 1532 2270 μελίττας
1579 2196 1672 2269 μὲν
1724 2195 1870 2270 βόες,

221 2293 433 2365 σφῆκας
498 2283 556 2341 δὲ
602 2284 769 2342 ’ίπποι
828 2284 1196 2350 ἀποσαπέντες
1251 2284 1552 2357 ἐξανθοῦσι,
1618 2287 1874 2360 κάνθαροι

220 2374 282 2432 δὲ
308 2377 368 2432 τὸ
398 2376 533 2432 αὐτὸ
564 2377 848 2432 παθόντων
883 2372 1023 2432 ὄνων
1056 2377 1102 2413 “
1131 2380 1551 2450 ζωογονοῦνται,
1583 2375 1651 2430 τά
1700 2372 1758 2430 δὲ
1786 2375 1876 2430 ἀν·

226 2465 471 2542 θρώπινα
521 2466 750 2540 σώματα
805 2465 930 2542 περὶ
971 2467 1064 2521 τὸν
1111 2463 1311 2539 μυελὸν
1360 2466 1586 2539 ἰχώρων
1636 2463 1870 2539 συρῥοήν

1988 1927 2186 1997 tisper,
2237 1926 2376 1981 dum
2428 1941 2558 1981 eum
2619 1940 2872 1981 errorem
2933 1926 3216 1981 doctiores
3274 1926 3636 1996 minuerunt,

1983 2017 2253 2073 docentes
2327 2015 2650 2087 putrefacto
2720 2014 2882 2070 bovis
2951 2016 3224 2071 cadavere
3281 2032 3442 2086 apes,
3503 2017 3638 2088 equi

1983 2123 2207 2178 vespas,
2231 2105 2383 2162 asini
2415 2104 2722 2162 scarabeos
2743 2104 3008 2177 generari
3034 2122 3046 2160 :
3077 2105 3134 2160 in
3164 2105 3416 2160 humano
3440 2111 3636 2161 autem

1986 2211 2225 2267 corpore
2255 2193 2580 2250 confluente
2618 2193 2804 2260 sanie,
2838 2209 2964 2264 quae
2995 2201 3074 2248 est
3110 2193 3265 2250 circa
3298 2193 3636 2259 medullam,

1985 2290 2044 2342 et
2068 2287 2126 2341 in
2159 2301 2342 2340 unum
2389 2283 2750 2340 coalescente
2789 2299 3010 2354 angues
3057 2283 3236 2348 nasci,
3271 2282 3326 2338 id
3363 2283 3519 2354 quod
3550 2282 3638 2338 in-

1985 2374 2310 2448 telligentes
2334 2372 2586 2444 antiqui,
2616 2376 2673 2427 et
2693 2371 2964 2428 omnibus
2992 2371 3393 2427 animantibus
3431 2372 3632 2428 draco-

1988 2480 2119 2520 nem
2149 2463 2520 2534 potissimum
2551 2461 2827 2517 heroibus
2861 2463 3345 2516 consecraverunt
3371 2461 3512 2529 (77).

218 2579 340 2616 τινα
366 2560 456 2615 καὶ
496 2559 747 2615 σύστασιν
808 2557 860 2614 ἐν
912 2559 1122 2623 ἑαυτοῖς
1163 2553 1444 2614 λαϐόντων
1504 2553 1651 2635 ὄφεις
1708 2553 2026 2613 ἀναδίδωσι.
2086 2554 2188 2610 Καὶ
2243 2557 2409 2608 τοῦτο
2467 2549 2777 2613 κατιδόντες
2837 2551 2889 2604 οἱ
2943 2549 3171 2606 παλαιοὶ
3229 2549 3468 2623 μάλιστα
3524 2553 3630 2604 τῶν

221 2649 374 2719 ζώων
404 2650 498 2704 τὸν
529 2645 797 2723 δράκοντα
824 2652 942 2714 τοῖς
969 2647 1150 2723 ἥρωσι
1183 2646 1582 2721 συνῳκείωσαν.

693 2742 820 2813 [653
849 2743 947 2813 Η.]
977 2741 1074 2796 Ἐκ
1100 2744 1196 2794 τοῦ
1226 2739 1406 2796 Τίτου.

301 2831 419 2884 Ὅτι
449 2831 494 2866 ⁸³
537 2828 792 2900 Ἰσθμίων
842 2827 1124 2902 ἀγομένων
1165 2826 1385 2898 πλῆθος
1441 2829 1535 2902 μὲν
1577 2828 1870 2904 ἀνθρώπων

223 2919 280 2976 ἐν
318 2925 396 2992 τῷ
444 2915 649 2992 σταδίῳ
678 2920 914 2988 καθῆστο
970 2919 1064 2974 τὸν
1106 2920 1372 2996 γυμνικὸν
1424 2920 1611 2994 ἀγῶνα
1666 2919 1875 2992 θεωμέ-

223 3029 361 3078 νων,
399 3009 489 3064 ὁίτε
539 3005 627 3063 διὰ
673 3007 890 3086 χρόνων
945 3010 1297 3083 πεπαυμένης
1354 3010 1402 3045 ⁴⁶
1461 3011 1556 3083 μὲν
1611 3008 1871 3082 πολέμων

227 3107 333 3170 τῆς
381 3097 670 3168 Ἑλλάδος,
723 3101 777 3155 ἐν
824 3103 868 3138 ⁴⁷
916 3099 1191 3177 ἐλευθερίᾳ
1240 3098 1298 3156 δὲ
1335 3106 1495 3180 σαφεῖ
1533 3101 1624 3166 καὶ
1683 3101 1872 3176 εἰρήνῃ

2519 2738 2604 2790 Ea:
2634 2732 2741 2790 Titi
2769 2731 3092 2788 Flaminini.

2055 2825 2201 2882 Cum
2234 2823 2481 2881 Isthmia
2511 2823 2960 2890 celebrarentur,
2994 2838 3060 2878 ac
3091 2819 3408 2877 multitudo
3440 2819 3631 2876 homi-

1986 2933 2128 2973 num
2160 2914 2219 2970 in
2253 2913 2440 2971 stadio
2472 2911 2833 2969 consedisset
2875 2911 3176 2982 spectandi
3215 2909 3473 2983 gymnici
3505 2925 3633 2966 cer-

1984 3004 2227 3062 taminis
2253 3019 2445 3070 causa,
2469 3017 2534 3058 eo
2565 2999 2773 3073 magis,
2808 3001 2964 3072 quod
2997 2998 3095 3055 illo
3126 3003 3387 3071 tempore
3417 2997 3633 3054 Graecia

1986 3113 2020 3152 a
2065 3095 2235 3152 bellis
2281 3095 2549 3162 vacabat,
2607 3108 2886 3165 spemque
2931 3091 3216 3147 libertatis
3266 3091 3629 3163 propositam

230 3189 733 3264 πανηγυριζούσης·
766 3195 834 3264 τῇ
867 3170 1131 3267 σάλπιγγι
1171 3170 1228 3245 δὲ
1267 3170 1480 3260 σιωπίῇς
1521 3192 1596 3252 είς
1626 3192 1671 3228 ⁴⁸
1702 3170 1873 3246 ἅπανλ

1987 3200 2248 3252 cernens,
2285 3182 2597 3239 manifesta
2635 3182 2696 3237 in
2737 3197 2875 3252 pace
2913 3180 3067 3235 diem
3118 3180 3332 3235 festum
3381 3179 3631 3250 agebat:

225 3301 322 3340 τας
372 3275 715 3348 διαδοθείσης
761 3276 1048 3355 προελθὼν
1098 3279 1175 3342 είς
1225 3280 1388 3353 μέσον
1440 3279 1486 3315 ⁴⁹
1516 3281 1544 3334 6
1574 3281 1740 3354 κῆρυξ
1791 3281 1876 3335 ἀν-

225 3375 373 3427 εῖπεν
406 3369 488 3425 ὅτι
517 3372 807 3443 Ῥωμαίων
859 3371 890 3440 ἡ
941 3366 1251 3445 σύγκλητος
1297 3369 1387 3425 καὶ
1433 3370 1599 3433 Τίτος
1649 3368 1872 3430 Κόϊντος

228 3459 536 3535 στρατηγὸς
590 3457 814 3523 ὕπατος,
893 3456 1441 3530 καταπολεμήσαντες
1497 3457 1723 3534 βασιλέα
1773 3457 1872 3513 Φί·

227 3549 432 3605 λιππον
507 3548 599 3603 καὶ
666 3544 999 3613 Μακεδόνας,
1058 3547 1272 3624 ἀφιᾶσιν
1351 3545 1726 3625 ἀφρουρήτους
1785 3549 1872 3601 καὶ

226 3636 544 3713 ἐλευθέρους
574 3636 664 3692 καὶ
696 3635 1147 3714 ἀφορολογήτους
1174 3634 1300 3697 τοὺς
1333 3635 1636 3705 Ἓλληνας,
1676 3636 1872 3709 νόμοις

225 3728 552 3804 χρωμένους
584 3729 705 3788 τοῖς
753 3723 1029 3799 πατρίοις,
1083 3722 1426 3800 Κορινθίους,
1478 3725 1741 3799 Λοκροὺς,
1777 3725 1875 3781 Εὗ-

225 3812 407 3886 ϐοέας,
442 3819 679 3884 Φωκεῖς,
727 3815 1012 3890 Ἀχαιοὺς,
1062 3813 1334 3884 Φθιώτας,
1378 3813 1698 3888 Μάγνητας,
1745 3821 1877 3868 Θετ-

224 3905 452 3974 ταλοὺς,
487 3899 838 3982 Πεῤῥαίϐους.
880 3905 957 3960 Τὸ
1009 3904 1103 3977 μὲν
1155 3901 1246 3958 οὖν
1297 3907 1515 3977 πρῶτον
1568 3904 1631 3958 οὐ
1679 3901 1872 3964 πάντες

226 3993 356 4052 οὐδὲ
388 3999 572 4072 σαφῶς
601 3995 864 4064 ἤκουσαν,
906 3991 1036 4048 ἀλλ’
1084 3993 1375 4066 ἀνώμαλος
1414 3993 1504 4048 καὶ
1554 3987 1876 4068 θορυϐώδης

224 4084 443 4155 κίνησις
475 4086 541 4154 ἦν
573 4084 624 4139 ἐν
657 4087 735 4155 τῷ
767 4079 968 4155 σταδίῳ
1007 4083 1394 4157 θαυμαζόντων
1441 4081 1532 4137 καὶ
1582 4079 1874 4138 διαπυνθα-

222 4174 471 4248 νομένων
504 4173 592 4229 καὶ
642 4172 806 4230 πάλιν
853 4174 1088 4228 ἀνειπεῖν
1134 4172 1490 4229 κελευόντων.
1522 4174 1611 4236 Ὠς
1660 4170 1706 4228 δ’
1738 4173 1875 4244 ἅπαξ

223 4265 466 4340 ἡσυχίας
487 4263 784 4341 γενομένης
817 4263 1101 4338 ἀναγαγὼν
1125 4263 1154 4317 6
1181 4265 1350 4338 κῆρυξ
1390 4265 1490 4333 τήν
1523 4265 1708 4340 φωνήν
1740 4283 1876 4337 προ-

223 4354 529 4431 θυμότερον
562 4355 636 4415 εἰς
669 4354 909 4417 ἅπαντας
936 4352 1241 4429 ἐγεγώνησε
1266 4353 1353 4407 καὶ
1391 4350 1584 4422 διῆλθε
1612 4355 1674 4408 τὸ
1705 4354 1878 4426 κήρυ-

222 4465 367 4522 γμα,
399 4445 608 4519 κραυγή
644 4443 738 4516 μὲν
760 4442 982 4504 ἄπιστος
1012 4444 1072 4497 τὸ
1107 4441 1329 4516 μέγεθος
1353 4442 1440 4496 διὰ
1464 4443 1639 4521 χαρὰν
1676 4442 1876 4517 ἐχώρει

227 4533 400 4608 μέχρι
441 4530 717 4602 θαλάσσης
761 4533 828 4598 ⁸ο,
879 4531 1039 4605 ὀρθὸν
1082 4527 1139 4584 δὲ
1185 4530 1486 4600 ἀνειστήκει
1534 4529 1598 4584 τὸ
1637 4528 1877 4603 θέατρον,

223 4619 408 4682 οὐδεὶς
441 4618 497 4675 δὲ
528 4619 697 4695 λόγος
733 4620 800 4688 ἦν
832 4623 939 4674 τῶν
972 4618 1412 4694 ἀγωνιζομένων,
1445 4614 1700 4674 ἔσπευδον
1735 4617 1791 4674 δέ
1828 4621 1870 4656 ⁶¹

222 4713 422 4774 πάντες
454 4708 803 4782 ἀναπηδῆσαι
832 4711 922 4765 καὶ
963 4707 1315 4785 δεξιώσασθαι
1356 4711 1444 4765 καὶ
1488 4715 1802 4785 προσειπεῖν
1830 4712 1878 4746 ⁵³

223 4802 320 4857 τὸν
357 4805 579 4872 σωτῆρα
615 4799 714 4867 τῆς
745 4794 1014 4860 Ἑλλάδος
1046 4798 1138 4853 καὶ
1178 4799 1496 4874 πρόμαχον.
1526 4798 1597 4852 Τὸ
1631 4795 1686 4853 δὲ
1733 4794 1875 4852 πολ-

223 4892 386 4952 λάκις
418 4889 716 4968 λεγόμενον
747 4889 820 4952 εἷς
856 4884 1170 4964 ὑπερϐολὴν
1201 4890 1290 4945 καὶ
1343 4888 1563 4967 μέγεθος
1606 4896 1708 4959 τῆς
1758 4911 1876 4967 φω‹

222 4981 326 5050 νῆς
356 4973 510 5054 ὤφθη
566 4978 709 5034 τότε·
757 4979 923 5052 [1212
968 4979 1054 5048 R.)
1105 4976 1332 5051 κόρακες
1371 4980 1475 5054 γὰρ
1521 4979 1879 5053 περιπετόμε-

221 5090 317 5125 νοι
346 5067 484 5124 κατά
521 5067 698 5143 τύχην
732 5064 919 5123 ἔπεσον
954 5065 1030 5132 εἰς
1072 5067 1134 5124 τὸ
1167 5065 1405 5126 στάδιον.
1440 5067 1600 5124 Αἰτία
1631 5066 1678 5122 δ’
1707 5069 1741 5137 ἡ
1780 5070 1878 5122 τοῦ

1985 3280 2295 3349 postquam
2329 3273 2470 3330 tuba
2497 3271 2795 3328 silentium
2828 3271 3085 3340 undique
3111 3272 3201 3325 est
3232 3269 3470 3336 factum,
3497 3284 3631 3340 pro-

1982 3383 2216 3434 gressus
2243 3365 2301 3421 in
2336 3363 2595 3420 medium
2630 3378 2813 3432 praeco
2835 3360 2912 3415 ita
2931 3358 3633 3432 pronuntiavit:Senatus

1982 3457 2272 3512 Romanus
2304 3458 2362 3509 et
2390 3452 2558 3508 Titus
2591 3449 2897 3516 Quinctius
2923 3447 3244 3520 imperator
3269 3447 3496 3516 consul,
3533 3447 3634 3502 de—

1981 3545 2127 3602 victo
2177 3543 2446 3614 Philippo
2491 3544 2548 3597 et
2599 3537 3037 3607 Macedonibus,
3079 3537 3296 3608 absque
3346 3534 3634 3606 praesidiis

1982 3650 2110 3690 esse
2141 3633 2371 3700 liberos,
2395 3633 2451 3686 et
2472 3629 2790 3694 immunes,
2813 3627 2937 3682 suis
2965 3625 3194 3696 legibus
3225 3625 3415 3680 vivere
3441 3624 3630 3693 jubet,

1982 3721 2334 3787 Corinthios,
2354 3719 2584 3783 Locros,
2604 3715 2952 3779 Phocenses,
2978 3713 3350 3775 Eubceenses,
3373 3709 3634 3777 Achaeos,

1984 3809 2312 3877 Phthiotas,
2360 3806 2678 3874 Magnetas,
2721 3800 3055 3869 Thessalos,
3103 3797 3466 3854 Perrhaebos.
3511 3797 3636 3852 Pri-

1986 3914 2143 3954 mum
2196 3911 2381 3967 neque
2428 3907 2632 3948 omnes
2681 3890 2875 3962 plane,
2919 3903 3104 3959 neque
3145 3887 3393 3958 perfecte
3436 3901 3634 3942 vocem

1986 3985 2268 4061 praeconis
2316 3981 2735 4045 exaudierunt;
2777 3981 3014 4048 eratque
3064 3976 3391 4046 promiscua
3438 3979 3495 4031 et
3543 3978 3633 4030 tu-

1986 4072 2306 4132 multuaria
2329 4073 2385 4127 in
2409 4069 2598 4126 stadio
2629 4065 2938 4124 commotio
2962 4063 3405 4132 admirantium,
3429 4062 3635 4119 scisci-

1984 4164 2259 4230 tantium,
2285 4160 2578 4234 repetique
2599 4158 2856 4215 edictum
2881 4154 3260 4226 poscentium.
3288 4153 3360 4210 Ut
3383 4169 3512 4209 vero
3535 4152 3634 4207 ite-

1987 4273 2139 4326 rum,
2159 4257 2306 4311 facto
2330 4252 2582 4318 silentio,
2603 4249 2796 4307 altiori
2818 4264 2952 4305 voce
2974 4247 3175 4304 eadem
3201 4262 3384 4318 praeco
3409 4244 3634 4316 procla-

1987 4341 2644 4414 mavit,exauditumque
2657 4343 2746 4396 est
2759 4339 2830 4394 ab
2845 4338 3117 4394 omnibus
3132 4335 3633 4401 edictum,tantus,

1987 4438 2268 4508 quantum
2287 4429 2562 4489 credibile
2583 4429 2674 4485 vix
2687 4428 2783 4494 sit,
2799 4427 3013 4483 clamor
3031 4443 3146 4498 prae
3162 4423 3636 4480 laetitiaomnium

1988 4531 2244 4595 exortus,
2268 4523 2339 4578 ad
2366 4536 2524 4576 mare
2553 4533 2738 4590 usque
2771 4517 3040 4589 pervasit.
3065 4517 3358 4587 Quotquot
3388 4513 3447 4568 in
3479 4512 3638 4567 thea-

1984 4621 2074 4673 tro
2100 4617 2287 4682 erant,
2320 4625 2694 4668 assurrexere
2723 4623 2948 4673 omnes,
2969 4621 3158 4678 neque
3181 4606 3301 4676 jam
3335 4602 3634 4674 quisquam

1985 4703 2330 4763 certantium
2374 4699 2701 4773 spectaculo
2742 4697 3068 4765 tenebatur,
3103 4693 3368 4766 prosilire
3408 4707 3635 4755 omnes,

1984 4792 2258 4868 amplecti
2283 4799 2336 4848 et
2358 4788 2574 4860 alloqui
2595 4787 2824 4846 Graeciae
2849 4788 3200 4843 servatorem
3221 4787 3395 4853 atque
3418 4796 3638 4853 propu-

1986 4895 2288 4960 gnatorem
2323 4883 2733 4957 properabant.
2755 4885 2939 4951 Atque
2960 4894 3024 4934 eo
3049 4881 3307 4944 tempore
3337 4873 3395 4928 id
3419 4889 3480 4928 re
3510 4871 3639 4943 ipsa

1987 4974 2282 5049 apparuit,
2315 4972 2467 5044 quod
2501 4969 2572 5026 de
2602 4969 2890 5026 immenso
2924 4964 3356 5034 immodicoque
3388 4960 3640 5016 clamore

1988 5065 2100 5122 dici
2126 5062 2290 5120 solet.
2316 5060 2481 5118 Corvi
2503 5060 2658 5117 enim
2682 5057 2930 5130 quiLtum
2961 5057 3105 5112 forte
3138 5049 3636 5127 praetervolabant,

1593 5214 1832 5271 VARI/{‘3
1872 5209 2285 5269 LECTIONES.

300 5333 346 5407 ξι
378 5325 1088 5407 xsipa;_xai_é).60'v1a¢_§'
1094 5376 1109 5392 .
1186 5333 1233 5368 ⁸³
1271 5332 1384 5387 εἶτα
1415 5332 2145 5407 ἀνεσταυρ-ώθησανιρηξ.-Α.

223 5407 271 5443 ⁸⁵
302 5383 1114 5477 δτιΤᾶ
1148 5421 1234 5477 pr.
1901 5383 1953 5436 ⁴έ
2119 5396 2256 5471 πρός
2287 5402 2345 5452 Β.
2421 5383 2469 5432 "9
2497 5394 2526 5448 6
2643 5391 2718 5455 είς
2749 5413 2805 5467 μ.
2999 5391 3047 5426 ⁵ο
3077 5386 3352 5457 θαλάττης
3381 5393 3438 5441 Β.
3507 5383 3550 5420 ⁸⁸

224 5494 347 5537 om.
379 5474 444 5535 Ᾱ.
551 5476 598 5512 ⁸³
628 5474 718 5530 καὶ
759 5474 1078 5550 προσειπεῖν
1108 5474 1225 5535 oin.
1258 5479 1322 5533 A.

2249 5327 2293 5361 η
2330 5321 2569 5396 ολίγαις]
2601 5322 2773 5396 c._39.

2895 5319 2942 5356 “
2971 5313 3104 5374 ὅνων
3137 5324 3175 5372 Α
3201 5334 3214 5372 :
3244 5317 3351 5370 τῶν
3386 5307 3522 5368 ὄνων

2895 5391 2923 5438 ⁵-
2999 5391 3047 5426 ⁵ο
3077 5386 3352 5438 θαλάττης
3381 5393 3438 5438 Β.
3507 5383 3550 5420 ⁸⁸
3613 5383 3636 5437 ὲ

3615 5404 3639 5437 ε

1807 5618 2039 5674 NOTAE.

303 5731 421 5803 (77)
449 5728 596 5785 Vide
630 5725 1058 5801 Harapolinem,
1091 5726 1194 5787 lib.
1229 5744 1292 5797 ιι,
1324 5743 1450 5800 cap.
1483 5727 1572 5798 44,
1605 5734 1656 5785 et
1687 5725 1995 5799 Origenem
2023 5723 2235 5781 Contra
2259 5721 2508 5789 Celsum,
2543 5718 2645 5776 lib.
2677 5734 2751 5774 ιν.
