4066 6216
356 293 512 356 1463

1569 284 1836 345 PHOTII
1881 283 2417 347 PATRIARCH/E
2460 285 2577 345 ΟΡ.

3648 290 3796 351 1464

425 430 586 488 Unde
617 432 757 484 tunc
779 423 974 481 omnia
998 419 1165 492 quasi
1183 420 1317 475 fune
1332 424 1498 490 rupto
1522 421 2004 487 retrocesserunt,

2190 419 2464 473 Ἐντεῦθεν
2495 419 2539 455 ⁹⁴
2570 415 2645 487 δὲ,
2682 415 2865 492 ὥσπερ
2893 417 3049 474 κάλω
3080 420 3128 454 9⁵
3159 418 3445 496 ῥαγέντος,
3506 421 3814 497 ἐχώρησεν

356 520 644 576 dissoluto
673 518 1034 572 Amazonum
1068 514 1126 565 et
1155 508 1420 580 imperio,
1447 512 1503 563 et
1524 523 1794 578 excursu,
1825 513 1882 564 et
1907 525 2009 564 ur-

355 612 450 677 be,
509 609 594 664 sic
627 601 931 661 communi
985 599 1259 656 subvenit
1309 607 1551 665 naturae,
1587 598 1912 671 effecitque,
1947 604 2012 656 ut

352 702 474 771 jam
530 695 777 751 dubium
828 690 929 754 sit,
963 706 1036 745 an
1073 703 1339 760 unquam
1371 688 1721 744 exstiterint.
1761 693 1824 745 At
1855 705 2012 747 nunc

358 803 490 843 cum
519 801 624 857 par
647 782 804 838 labor
827 780 886 835 in
907 778 1230 851 quaestione
1248 778 1726 847 omittendorum,
1760 783 1818 834 et
1840 779 2013 850 digna

362 890 586 941 eorum,
619 887 746 943 quae
785 868 1119 925 clarissima
1144 868 1474 937 videantur,
1507 867 1893 939 explicatione
1941 867 2016 922 sit

358 963 686 1038 ponendus,
715 977 822 1018 nee
837 959 1152 1032 quisquam
1174 958 1362 1014 adhuc
1388 958 1477 1014 vel
1500 959 1658 1014 nuda
1681 957 2015 1014 narratione

364 1053 438 1110 sit
469 1050 663 1108 omnia
694 1047 1052 1120 complexus,
1077 1048 1345 1118 quamvis
1381 1047 1600 1118 alioqui
1623 1047 1874 1119 plurima
1898 1046 2016 1102 sin-

362 1141 509 1216 guli,
543 1142 614 1196 de
639 1140 745 1196 hac
787 1155 903 1194 una
934 1136 1188 1206 civitate,
1221 1141 1396 1207 atque
1446 1138 1590 1192 adeo
1642 1136 1812 1208 plura
1841 1153 2016 1208 quam

363 1234 434 1290 de
463 1230 703 1304 reliquis
726 1229 1026 1296 omnibus,
1059 1227 1333 1297 dixerint,
1357 1245 1471 1283 non
1499 1227 1634 1284 licet
1658 1228 1826 1284 nobis
1849 1245 2018 1284 accu-

363 1323 544 1379 ratius
584 1324 831 1377 tractare
862 1317 1119 1389 singula,
1152 1323 1207 1372 et
1239 1317 1495 1389 plurima
1517 1323 1656 1373 sunt
1679 1318 2018 1390 omittenda,

366 1417 432 1468 ut
474 1411 728 1466 maxima
775 1425 901 1480 quas
961 1411 1103 1462 sunt
1154 1407 1498 1472 referamus,
1546 1407 2021 1478 quandoquidem

367 1505 522 1556 certe
557 1515 726 1554 nemo
758 1498 855 1563 sit,
886 1497 1028 1567 quin
1078 1495 1328 1552 libenter
1358 1497 1475 1551 ista
1509 1497 1565 1550 in
1598 1496 1860 1551 medium
1893 1512 2022 1565 pro-

368 1592 536 1646 ferat.
559 1589 700 1643 Nam
735 1604 869 1642 cum
914 1585 1094 1640 Graeci
1128 1586 1198 1640 de
1231 1602 1465 1640 summa
1499 1601 1692 1640 rerum
1726 1601 1859 1641 cum
1893 1584 2024 1640 bar-

372 1679 529 1735 baris
559 1679 944 1743 decertarent,
988 1692 1164 1746 parva
1219 1680 1385 1730 terrae
1426 1683 1586 1746 parte
1630 1691 1762 1730 cum
1796 1675 2019 1746 ingenti

375 1769 716 1834 commissa,
749 1771 804 1822 et
835 1783 938 1839 pro
968 1765 1179 1821 virtute
1211 1783 1276 1822 ac
1310 1766 1503 1822 salute
1533 1769 1824 1823 certamen
1847 1770 2016 1835 esset,

371 1863 498 1915 tum
535 1858 737 1914 civitas
759 1861 1068 1927 utramque
1097 1861 1324 1926 gentem
1363 1861 1566 1927 prater
1597 1873 1828 1912 omnem
1851 1871 2016 1928 spem

374 1947 530 2016 vicit,
555 1951 612 2003 et
632 1947 873 2002 alteram
898 1961 1025 2001 esse
1058 1961 1294 2017 parvam
1316 1945 1427 1999 sibi
1455 1946 1855 2016 appendicem,
1881 1943 2017 1999 alte-

375 2053 498 2093 ram
530 2041 690 2092 tanto
724 2034 1090 2101 deteriorem,
1116 2041 1329 2106 quanto
1356 2034 1658 2090 videbatur
1689 2035 1895 2104 major,
1919 2034 2016 2088 de-

377 2124 636 2180 claravit.
686 2125 836 2178 Tum
870 2139 1003 2179 vero
1048 2124 1200 2179 facta
1229 2127 1363 2179 sunt
1397 2140 1430 2178 a
1459 2123 1666 2192 verbis,
1707 2123 1897 2178 aliena
1925 2121 2017 2177 vi-

377 2211 587 2268 delicet
613 2229 647 2267 a
691 2212 933 2278 nostris,
965 2217 1260 2283 superata,
1293 2229 1423 2267 eum
1460 2212 1831 2284 plebiscitum
1859 2211 2019 2267 omni

377 2305 594 2374 tropaeo
617 2300 975 2374 praeclarius,
1006 2301 1199 2358 verbis
1232 2301 1446 2373 pariter
1469 2307 1524 2358 et
1555 2318 1613 2358 re
1648 2302 1802 2372 vicit,
1831 2318 2019 2374 quan-

377 2391 693 2462 doquidem
727 2391 1001 2447 manibus
1032 2391 1230 2447 statim
1278 2392 1389 2448 fuit
1417 2393 1881 2463 comprobatum,
1905 2408 2019 2447 non

379 2479 554 2534 modo
587 2479 855 2544 sublatis,
890 2484 954 2535 ut
985 2481 1110 2536 ﬁeri
1167 2480 1338 2552 solet,
1379 2482 1479 2537 sed
1505 2483 1680 2537 etiam
1729 2497 2022 2553 praecones

379 2568 778 2641 perdentibus.
839 2569 1032 2625 402a
1078 2569 1160 2625 De
1188 2585 1255 2626 eo
1313 2575 1529 2639 autem,
1563 2569 1663 2641 qui
1696 2569 2022 2625 litterarum

380 2657 886 2731 fueratinterpres,
914 2657 1198 2731 populum
1212 2659 1442 2731 quidem
1466 2659 1524 2714 in
1547 2659 1890 2731 suffragium
1915 2658 2022 2714 mi-

381 2754 604 2816 serunt,
637 2752 704 2803 ut
727 2747 936 2818 judicii
978 2749 1247 2820 formam,
1279 2749 1557 2820 quoniam
1607 2750 1835 2805 Gracus
1882 2752 2023 2819 erat,

383 2844 589 2909 praeter
644 2841 884 2893 caeteros
933 2836 1224 2894 haberet:
1275 2837 1662 2894 nihilominus
1721 2842 1916 2895 tamen
1972 2845 2027 2894 et

381 2925 578 3000 ipsum
617 2926 1056 2996 interemerunt,
1092 2927 1263 2998 quasi
1321 2946 1394 2985 ne
1449 2946 1589 2987 voce
1621 2930 1857 3002 quidem
1907 2929 2030 2986 sola

381 3017 645 3074 barbaris
675 3024 824 3073 esset
855 3017 1310 3073 inserviendum.
1350 3019 1548 3090 Itaque
1577 3021 1633 3075 id
1657 3037 1772 3092 quo
1795 3018 1889 3074 ille
1913 3034 2029 3074 ma-

384 3107 539 3163 xime
570 3105 887 3173 nitebatur,
949 3123 1083 3162 eum
1133 3106 1358 3176 fefellit,
1417 3125 1550 3165 cum
1592 3109 1678 3164 illi
1727 3111 2032 3165 censerent

387 3195 684 3251 hominem
707 3193 1123 3267 municipalem
1147 3196 1480 3267 interpretis
1503 3198 1692 3254 ofﬁcio
1715 3204 1914 3254 contra
1939 3213 2030 3253 ur-

388 3284 615 3348 bem,et
635 3283 862 3338 Graecos
879 3299 981 3352 pro
1012 3283 1281 3340 hostibus
1304 3286 1464 3356 fungi
1497 3303 1610 3342 non
1635 3287 1863 3344 debere.
1887 3289 2033 3342 Tum

390 3369 452 3425 in
484 3369 824 3425 barathrum
859 3370 1098 3440 projecti
1157 3376 1318 3439 sunt,
1350 3373 1436 3428 sic
1484 3378 1548 3429 ut
1605 3373 1705 3429 alii
1755 3391 2036 3446 responsa

390 3458 514 3530 regi
534 3456 863 3513 intulerint.

467 3546 770 3625 [sublatus
807 3546 1094 3620 interpres
1123 3549 1352 3607 Samius
1392 3558 1510 3608 erat
1537 3567 1768 3625 genere,
1803 3553 2039 3611 nomine

390 3617 525 3676 vero
557 3617 724 3692 Mys.]

463 3708 674 3763 Civitas
704 3714 897 3764 autem
947 3725 1222 3782 pompam
1257 3711 1451 3782 potius
1501 3714 1732 3785 ducere,
1765 3729 1941 3786 quam
1968 3714 2039 3770 ad

394 3801 690 3855 certamen
712 3814 774 3854 se
795 3814 1145 3871 comparare
1173 3801 1494 3860 videbatur.
1526 3803 1765 3876 Templa
1785 3821 2042 3877 namque

397 3889 597 3945 omnia
628 3893 950 3961 aperuerat,
989 3893 1388 3949 sacerdotibus
1443 3896 1798 3964 convocatis,
1834 3912 1899 3952 ac
1930 3895 2043 3951 diis

399 3979 638 4049 antiquo
671 3995 830 4034 more
878 3979 1338 4052 supplicationes
1379 3983 1642 4040 faciebat.
1673 3987 1752 4040 Ae
1784 3985 2042 4056 primum

396 4069 632 4141 quidem
656 4085 865 4126 cursus
889 4087 986 4127 eos
1009 4087 1232 4139 omnes,
1257 4073 1358 4144 qui
1379 4074 1450 4129 ob
1483 4091 1708 4131 coronae
1740 4077 2042 4147 praemium

397 4158 617 4230 suscipi
641 4159 850 4227 solent,
879 4161 1051 4232 longe
1071 4164 1447 4234 superabant,
1472 4165 1753 4235 arqualem
1773 4165 2046 4238 praemio-

398 4265 529 4304 rum
589 4248 944 4306 excellentia
997 4256 1339 4322 praestantes
1387 4251 1792 4324 alacritatem;
1842 4257 1900 4312 in
1933 4257 2047 4311 fine

399 4353 532 4394 vero
562 4353 689 4393 sese
719 4337 832 4410 ipsi
887 4340 1218 4398 vincebant.
1277 4344 1463 4399 Tanta
1519 4360 1648 4400 vero
1708 4345 1818 4401 fuit
1874 4345 2048 4417 hujus

400 4430 716 4497 apparatus
735 4431 791 4482 et
812 4427 946 4484 facti
967 4431 1256 4501 superbia,
1292 4436 1356 4488 ut
1381 4433 1782 4490 existimarent
1812 4435 2046 4491 barbari

403 4532 485 4582 se,
509 4515 561 4572 si
596 4517 766 4573 modo
795 4517 903 4573 visi
935 4524 1152 4590 essent,
1186 4525 1415 4577 tantum
1465 4523 1792 4592 effecturos,
1826 4530 1891 4580 ut
1921 4542 2044 4581 om-

402 4622 505 4661 nes
539 4605 692 4662 vclut
724 4605 783 4662 in
811 4607 967 4664 ludis
1000 4626 1134 4665 mox
1165 4612 1456 4680 cederent,
1502 4617 1746 4685 utroque
1777 4630 1839 4670 se
1871 4615 2045 4670 dede-

405 4698 550 4752 rent.
579 4696 767 4768 Atque
787 4695 909 4754 haec
930 4698 1121 4769 prima
1148 4700 1296 4756 inter
1326 4700 1587 4758 homines
1617 4702 1849 4773 publica
1868 4703 2049 4760 virtu-

404 4784 484 4840 tis
517 4800 650 4841 cum
685 4784 928 4850 divitiis,
961 4791 1018 4843 et
1047 4789 1370 4860 prudentiae
1394 4789 1599 4846 Graecae
1629 4807 1762 4847 cum
1794 4793 1965 4848 turba
1993 4799 2050 4850 et

405 4879 682 4949 apparatu
714 4875 1011 4934 barbarico
1069 4879 1290 4935 exstitit
1334 4881 1741 4950 controversia,
1776 4899 1901 4955 quaa
1933 4901 2048 4940 non

408 4967 696 5025 sermonis
725 4967 1077 5041 eloquentia,
1110 4970 1212 5025 sed
1247 4969 1525 5027 factorum
1557 4971 2050 5031 demonstratione

409 5057 804 5130 temporisque
833 5058 1262 5130 opportunitate
1292 5059 1404 5117 fuit
1423 5059 1730 5133 dirempta.
1762 5062 1877 5120 Nec
1893 5064 2049 5121 enim

2123 507 2318 562 ὀπίσωο
2378 507 2465 562 καὶ
2528 504 2813 562 διελέλυτο
2871 509 3168 582 Ἀμαζόσιν
3209 512 3242 580 ἢ
3277 532 3337 566 τε
3387 511 3558 586 ἀρχή
3630 513 3732 566 καὶ
3791 513 3819 566 ὁ

2123 595 2350 672 δρόμος,
2383 598 2472 651 καὶ
2503 599 2538 666 ἡ
2588 595 2753 658 πόλις
2786 599 2829 634 9⁸
2870 595 3138 653 κᾶνταῦοα
3187 594 3472 670 ἐϐοήθησε
3653 608 3822 674 κοινῇ

2121 687 2296 765 φύσει,
2357 686 2446 741 καὶ
2503 690 2593 740 νῦν
2663 685 2739 748 εἷς
2814 685 3042 743 ἄπιστον
3123 688 3490 763 περιέστηκεν
3563 691 3625 746 εἶ’
3682 713 3822 746 ποτε

2123 777 2397 852 ἐγένοντο.
2431 780 2535 830 Νῦν
2568 776 2612 812 9⁷
2654 773 2701 830 δ’
2731 774 2780 846 ἐξ
2819 774 2930 830 ίσου
2979 778 3318 839 καθεστῶτος
3359 784 3462 834 τοῦ
3517 802 3580 835 τε
3638 783 3688 817 ⁸⁵
3735 783 3822 836 sfa-

2126 871 2234 943 ρεῖν
2265 866 2298 920 ἃ
2327 866 2440 941 χρὴ
2473 863 2804 940 παραλιπεῖν
2855 864 2946 920 καὶ
2995 869 3092 921 τοῦ
3132 868 3268 941 πρὸς
3317 871 3363 905 ⁹⁹
3409 869 3576 938 ἀξίαν
3633 869 3820 924 εἰπεῖν

2123 956 2189 1011 τὰ
2218 957 2535 1026 νικήσαντα,
2576 955 2668 1009 καὶ
2701 952 2918 1017 οὐδενὸς
2954 955 3048 1028 μὶν
3080 953 3192 1010 οὐδ’
3224 955 3276 1012 έν
3325 956 3488 1030 ἁπλῇ
3535 956 3818 1034 διηγήσει

2125 1046 2299 1100 πάντα
2332 1048 2346 1082 ¹
2389 1065 2475 1098 πω
2507 1041 2874 1115 διεξελθόντος
2905 1047 2949 1116 ³,
2979 1043 3211 1100 πλεῖστα
3242 1043 3299 1101 δὲ
3339 1047 3476 1120 ὑπὲρ
3539 1053 3682 1120 μιΞς
3713 1051 3817 1103 πόα

2127 1133 2269 1198 λεως
2322 1133 2525 1204 ταύτης
2584 1134 2832 1189 ἁπάντων
2885 1133 3208 1209 εἰρηκότων,
3275 1135 3496 1209 μᾶλλον
3553 1137 3614 1192 δὲ
3671 1139 3814 1213 ὓπερ

2134 1224 2304 1298 μόνης
2333 1222 2510 1278 πλείω
2540 1221 2735 1299 σχεδὸν
2773 1225 2800 1294 ἢ
2833 1227 2938 1277 τῶν
2974 1223 3160 1280 ἄλλων
3191 1226 3438 1297 ἀπασῶν,
3501 1229 3683 1300 [12ιὸ

2132 1314 2230 1370 οὐκ
2272 1311 2549 1388 ἐνδέχεται
2609 1310 2855 1386 διεξιέναι
2903 1315 3028 1369 καθ’
3070 1311 3293 1370 ἕκαστον
3342 1312 3617 1389 ἀκριϐῶς,
3681 1317 3815 1373 ἀλλ’

2131 1403 2338 1476 ἀνάγκη
2392 1404 2457 1458 τά
2505 1401 2738 1459 πλεῖστα
2790 1404 3139 1477 παραλιπεῖν,
3189 1403 3285 1459 ’ίνα
3341 1402 3410 1474 δή
3460 1410 3590 1469 τοῖς
3655 1406 3816 1481 μεγί-

2133 1515 2278 1556 στοις
2338 1495 2699 1568 χρησώμεθα.
2759 1495 2908 1550 Ἐπεὶ
2965 1495 3047 1556 τίς
3107 1493 3206 1549 οὐκ
3279 1494 3339 1549 ἄν
3399 1493 3641 1568 ἅσμενος
3716 1496 3812 1548 καὶ

2131 1589 2298 1642 ταῦτα
2339 1584 2413 1647 εἷς
2468 1585 2627 1657 μέσον
2675 1587 2931 1661 ﬁve-(xw;
2991 1586 3122 1643 Ὅτε
3161 1586 3265 1662 γὰρ
3312 1588 3332 1622 ³
3379 1592 3498 1648 τοῖς
3553 1585 3810 1657 Ἕλλησι

2133 1676 2224 1730 καὶ
2287 1671 2580 1750 βαρϐάροις
2636 1674 2702 1730 τά
2758 1673 3048 1750 πράγματα
3115 1674 3380 1748 ἐκρίνετο,
3439 1676 3536 1730 καὶ
3601 1679 3808 1749 μικρὸν

2053 1740 2098 1803 Β
2127 1765 2264 1838 πρὸς
2291 1762 2433 1818 πολὺ
2482 1763 2644 1838 μέρος
2685 1770 2785 1832 τῆς
2835 1770 2940 1839 γῆς
2986 1765 3314 1838 ἠγωνίζετο,
3351 1764 3379 1818 ὁ
3423 1762 3482 1818 δὲ
3533 1763 3689 1838 ἀγὼν
3743 1763 3805 1830 ἦν

2131 1854 2264 1928 ὑπὲρ
2324 1852 2596 1928 σωτηρίας
2654 1854 2766 1927 ἅμα
2830 1853 2919 1907 καὶ
2979 1853 3198 1928 ἀρετῆς,
3273 1853 3400 1907 τότε
3459 1851 3711 1923 ἐνίκησεν
3763 1856 3800 1923 ἡ

2127 1942 2291 2008 πόλις
2323 1945 2486 2023 ἄμφω
2515 1945 2594 1998 τὼ
2626 1943 2752 2020 γένη
2789 1942 3022 1999 κάλλιον
3056 1942 3245 2018 εὐχῆς,
3280 1943 3354 2005 ὡς
3389 1942 3456 1997 τὸ
3490 1946 3594 2015 μὲν
3626 1964 3800 2016 προσ.

2130 2036 2306 2105 θήκην
2339 2034 2505 2104 αὐτῆς
2555 2034 2752 2107 μικράν
2805 2035 2825 2069 δ
2869 2033 3275 2109 ἀποφανθῆναι,
3332 2031 3398 2088 τδ
3449 2029 3509 2087 δὲ
3552 2030 3743 2088 πλεῖον
3771 2033 3795 2066 ⁵

2129 2128 2317 2198 χεῖρον
2361 2124 2395 2192 ἢ
2447 2123 2559 2195 ὅσῳ
2597 2121 2784 2177 πλεῖον
2819 2126 2840 2158 ⁶
2871 2120 3067 2177 ἐδόκει.
3126 2123 3213 2178 Ἐν
3260 2125 3278 2158 ’⁷
3323 2121 3559 2184 ἐκείνοις
3616 2124 3800 2195 μέντοι

2130 2216 2244 2272 τοῖς
2304 2216 2513 2286 καιροῖς
2571 2206 2703 2286 ἔργα
2761 2209 2943 2285 λόγων
2995 2211 3233 2280 ἡττήθη,
3279 2209 3430 2284 λέγω
3481 2207 3543 2265 δὲ
3572 2211 3642 2264 τά
3677 2215 3792 2265 τῶν

2133 2299 2321 2356 ἄλλων
2380 2294 2510 2375 ἔργα
2567 2297 2750 2375 λόγων
2814 2303 2923 2354 τῶν
2984 2301 3110 2373 παρ’
3159 2301 3319 2370 ἡμῖν·
3372 2298 3467 2353 καὶ
3529 2304 3798 2376 time-.3311

2129 2391 2395 2465 τροπαίου
2461 2395 2704 2464 κρεῖττον
2766 2389 2843 2451 εἷς
2891 2390 3112 2463 μνήμην
3161 2387 3432 2462 ἐνίκησεν,
3487 2392 3606 2464 ἅμα
3645 2389 3804 2466 λόγῳ

2131 2481 2222 2536 καὶ
2270 2474 2409 2555 ἔργῳ
2468 2485 2712 2548 νικῆσαν.
2775 2479 2943 2541 Εὐθὺς
3002 2480 3101 2553 γὰρ
3163 2482 3292 2552 [656
3334 2481 3428 2553 Η.]
3490 2480 3544 2536 έν
3614 2486 3804 2555 lagois

2131 2568 2317 2642 κύριον
2349 2571 2437 2639 ἦν,
2484 2568 2545 2624 οὐ
2586 2573 2655 2642 τῇ
2706 2567 3020 2644 χειροτονίᾳ
3073 2567 3236 2640 μόνον
3283 2569 3360 2632 ὡς
3408 2570 3610 2643 νόμος,
3656 2569 3805 2625 ἀλλά

2131 2659 2223 2715 καὶ
2263 2664 2344 2731 τῷ
2393 2655 2699 2734 διαφθεῖραι
2755 2656 2882 2722 τοὺς
2929 2657 3214 2733 ἀγγέλους.
3267 2662 3356 2729 Τῷ
3404 2655 3465 2712 δὶ
3524 2658 3800 2732 ἒρμηνεῦν

2133 2769 2284 2804 σαντι
2340 2747 2408 2803 τὰ
2457 2749 2753 2824 γράμματα
2811 2744 3242 2826 διαχειροτονίαν
3318 2748 3413 2820 μέν
3500 2746 3802 2818 ἀπέδοσαν,

2131 2836 2220 2894 ’ίνα
2251 2835 2543 2914 ἐπειδήπερ
2584 2834 2798 2908 Ἕλλην
2844 2838 2936 2907 ἦν,
2983 2833 3104 2913 ἔχοι
3154 2835 3322 2892 πλέον
3379 2839 3479 2906 τῆν
3536 2844 3638 2908 τῆς
3687 2838 3796 2912 κρί-

2138 2947 2273 2989 σεως
2307 2927 2508 3000 εἰκόνα,
2540 2926 2856 2982 ἀπέκτειναν
2901 2925 2956 2982 δὲ
2999 2927 3087 2981 καὶ
3131 2930 3324 2982 τοῦτον
3367 2927 3442 2997 ᾡς
3493 2924 3612 2981 οὐδ’
3665 2926 3799 3002 ἄχρι

2141 3023 2328 3093 φωνῆς
2363 3013 2679 3084 διακονῆσαι
2736 3023 3014 3090 προσῆκον
3053 3022 3170 3078 τοῖς
3217 3011 3538 3090 βαρϐάροις,
3585 3016 3677 3069 καῖ
3723 3016 3787 3069 τὸ

2144 3106 2368 3181 ἰσχυρὸν
2399 3103 2688 3180 περιῆλθεν
2723 3105 2894 3178 αὐτῷ.
2937 3106 3044 3162 Τὸν
3080 3105 3181 3181 γάρ
3211 3112 3312 3175 τῆς
3365 3105 3565 3165 πόλεως
3619 3103 3793 3158 ἔποι-

2141 3217 2234 3251 κον
2266 3194 2364 3250 οὐκ
2392 3195 2578 3265 ἠξίουν
2619 3193 2754 3249 κατά
2800 3201 2901 3264 τῆς
2942 3191 3159 3256 πόλεως
3210 3193 3304 3248 καὶ
3350 3198 3447 3248 τῶν
3491 3190 3792 3261 Ἑλλήνων

2145 3285 2380 3360 ἑρμηνέα
2418 3289 2498 3357 τῷ
2555 3283 2707 3361 φύσει
2759 3281 3016 3356 πολεμίῳ
3063 3282 3329 3358 γίνεσθαι.
3384 3282 3482 3337 Καὶ
3536 3281 3685 3336 οὓτω
3729 3280 3794 3349 δὴ

2145 3377 2425 3450 ῥίπτουσιν
2455 3373 2529 3436 εἰς
2570 3374 2632 3429 τὸ
2688 3374 2979 3450 βάραθρον,
3031 3370 3170 3427 ὥστε
3214 3370 3429 3433 ἄλλους
3474 3369 3805 3447 ἀναγγεῖλαι

2143 3468 2223 3536 τῷ
2266 3463 2482 3538 βασιλεῖ
2508 3462 2602 3524 τὰς
2634 3461 2969 3538 ἀποκρίσεις.

2221 3553 2307 3645 [1⁸0
2355 3553 2619 3641 ἑρμηνεὺς
2662 3553 2695 3645 1<3
2749 3550 3040 3626 ἀναιρεθεὶς
3088 3549 3302 3624 Σάμιος
3351 3550 3419 3618 ἦν
3460 3549 3526 3605 τὸ
3560 3552 3582 3587 ⁸
3631 3549 3803 3624 γένος,

2147 3624 2398 3698 τοῦνομα
2430 3624 2485 3679 δὲ
2518 3625 2679 3696 Mum]

2219 3718 2279 3773 Ἣ
2334 3713 2443 3771 δέθ
2473 3714 2636 3778 πόλις
2691 3714 2922 3787 πομπὴν
2970 3712 3173 3789 ἀγούσῃ
3224 3714 3533 3786 προσεῴκει
3591 3713 3804 3786 μᾶλλον

2149 3805 2184 3875 ἢ
2252 3804 2388 3879 πρός
2446 3805 2626 3880 ἀγῶνα
2709 3805 3084 3878 κοσμουμένῃ·
3158 3803 3279 3877 lapsi
3352 3824 3409 3858 τε
3468 3805 3574 3879 γαρ
3637 3805 3805 3859 πάντα

2153 3894 2378 3971 ἀνέῳγε,
2410 3895 2594 3950 καὶτὰ
2625 3899 2731 3950 τῶν
2773 3893 2961 3969 ἱερέων
3000 3893 3131 3968 γένη
3184 3900 3406 3968 συνῆγε,
3459 3895 3550 3947 καί
3600 3891 3812 3968 διεπρε-

2152 3983 2371 4042 σϐεύετο
2413 3986 2547 4061 πρὸς
2588 3985 2713 4047 τοὺς
2774 3983 2926 4046 θεοὺς
2983 3985 3073 4038 τὸν
3124 3983 3355 4058 ἀρχαῖον
3413 3983 3646 4058 τρόπον.
3709 3983 3809 4041 Καὶ

2153 4081 2370 4151 πρῶτον
2406 4078 2446 4111 ¹⁰
2479 4075 2572 4148 μέν
2605 4073 2732 4136 τοὺς
2761 4074 2814 4128 ἓν
2861 4078 2982 4135 τοῖς
3032 4071 3370 4151 στεφανίταις
3411 4069 3654 4145 δρόμους
3704 4072 3807 4126 ἀπο

2155 4169 2407 4239 ἔκρυψαν,
2440 4165 2550 4238 ὅσῳ
2594 4165 2715 4239 περὶ
2763 4162 3075 4219 καλλιόνων
3122 4167 3230 4217 τῶν
3283 4163 3327 4200 ¹¹
3378 4159 3561 4216 ἄθλων
3605 4162 3808 4236 ἠγωνί-

2159 4261 2334 4326 ζοντο,
2365 4253 2611 4326 τοσούτῳ
2646 4257 2689 4291 ”
2718 4252 3153 4327 θαυμαστοτέραν
3184 4253 3282 4321 τὴν
3321 4253 3633 4326 προθυμίάν
3686 4254 3802 4306 έπι-

2083 4380 2126 4444 D
2159 4343 2484 4418 δειξάμενοι.
2515 4344 2760 4415 Τοσαύτη
2809 4342 2857 4397 δ’
2887 4343 2954 4412 ἦν
3015 4341 3355 4418 ὑπερηφανία
3406 4344 3452 4378 ¹³
3493 4348 3593 4409 τῆς
3633 4362 3804 4415 παρα-

2291 4439 2317 4444 -
2491 4435 2502 4444 .
2604 4437 2629 4444 _
2935 4433 2946 4444 .
3149 4432 3175 4444 ..
3336 4429 3384 4444 η
3521 4436 3544 4444 ..
3636 4428 3718 4444 ις,

3706 4430 3718 4448 Ι

3636 4428 3687 4447 ᾮΆ

2158 4439 2353 4500 σκευῆς
2417 4435 2506 4490 καὶ
2563 4437 2671 4488 τῶν
2716 4433 3084 4506 ποιουμένων,
3137 4432 3274 4487 ὥστε
3334 4429 3572 4504 ἐξαρκεῖν
3635 4429 3802 4485 ἐδόκει

2152 4531 2267 4588 τοῖς
2303 4520 2597 4602 βαρϐάροις
2631 4525 2857 4600 ὀφθῆναι
2904 4522 3093 4597 μόνον*
3145 4517 3319 4595 ᾤοντο
3367 4520 3470 4597 γὰρ
3519 4521 3696 4593 ὥσπερ
3747 4521 3799 4576 ἓν

2156 4613 2342 4677 ἄθλοις
2412 4615 2644 4674 ἅπαντας
2722 4612 2879 4674 εὐθὺς
2948 4612 3350 4688 ἀπογνώσεσθαι
3435 4610 3524 4665 καὶ
3608 4607 3793 4664 δώσειν

2156 4703 2376 4767 ἑαυτοὺς
2435 4703 2658 4760 ἀκονιτί.
2719 4700 2867 4772 Αὕτη
2922 4701 3112 4776 πρώτη
3157 4697 3477 4772 δημοτελὴς
3527 4699 3698 4772 κρίσις
3745 4697 3794 4754 ἐν

2155 4798 2233 4866 τῷ
2301 4792 2449 4866 μέσῳ
2524 4794 2640 4848 κατ’
2705 4791 3024 4865 ἀνθρώπους
3115 4787 3327 4864 ἐγένετο
3404 4790 3598 4863 ἀρετῆς
3666 4789 3797 4860 πρὸς

2157 4881 2395 4938 πλοῦτον
2451 4881 2539 4937 καὶ
2599 4882 2946 4960 φρονήματος
3009 4876 3344 4949 Ἑλληνικοῦ
3401 4878 3539 4953 πρὸς
3601 4873 3800 4953 βαρϐά-

2160 4994 2266 5050 ρων
2318 4974 2362 5010 “
2391 4970 2605 5042 πλῆθος
2650 4971 2738 5024 καὶ
2791 4969 3161 5044 παρασκευὴν,
3211 4966 3276 5023 οὐ
3323 4966 3503 5041 λόγων
3565 4966 3804 5045 εὐφημία

2161 5065 2428 5138 κριθεῖσα,
2471 5059 2595 5118 ἀλλ’
2627 5054 2801 5137 ἔργων
2833 5057 3106 5130 ἀποδείξει
3134 5058 3226 5114 καὶ
3275 5061 3356 5130 τῷ
3403 5056 3662 5113 καλοῦντι
3705 5062 3800 5112 τοῦ

1768 5223 2006 5282 VARI/13
2047 5225 2339 5283 LECTION
2346 5224 2450 5282 ES.

486 5338 533 5418 9:
547 5337 820 5418 ἐντεῦθεν]
856 5364 910 5418 p.
942 5349 1068 5403 20/1.

1172 5348 1220 5382 95
1255 5345 1426 5422 καλου
1458 5351 1571 5406 ΑΒ.
1675 5353 1717 5389 ⁹⁶
1754 5353 1844 5407 καὶ
1877 5355 1910 5422 ἡ

420 5426 475 5480 p.
506 5411 632 5480 207.
763 5411 892 5470 πτε
931 5436 1045 5474 om.
1081 5421 1147 5475 Α.

1252 5421 1483 5494 θθίπρὸς]
1521 5423 1594 5485 ὡς
1625 5426 1689 5481 Α.

417 5569 473 5660 p3.
509 5553 634 5609 211.
675 5553 729 5645 γε
759 5553 820 5611 τὸ
850 5577 963 5615 om.
995 5553 1062 5650 A1.
1129 5553 1163 5598 ’9
1191 5565 1224 5632 ἡ

491 5623 559 5694 ἦν
600 5627 642 5694 ἡ
669 5645 759 5684 υπ.
912 5633 953 5666 ¹⁴
984 5629 1258 5707 βαρϐαρον

1943 5351 2107 5416 πόλις
2137 5372 2248 5411 om.
2282 5355 2410 5411 AB:
2446 5354 2543 5410 sed
2577 5353 2622 5425 Β
2652 5359 2775 5422 post
2805 5350 2995 5425 speet
3022 5350 3185 5425 addit
3231 5349 3265 5416 ἠ
3315 5346 3500 5425 πόλις.

1798 5430 1813 5462 ί
1842 5425 2037 5498 πάντα]
2067 5428 2281 5481 πάντων
2315 5431 2362 5484 Α
2401 5431 2456 5482 et
2488 5443 2572 5496 pr.

419 5479 439 5516 ⁸
469 5479 639 5573 αξξῆς
675 5489 868 5573 μικργάν
904 5493 949 5545 Α
977 5509 987 5546 :
1012 5491 1222 5573 Δδιικρὶόιν
1265 5479 1591 5573 αρτοἷςλς.’
1628 5479 2213 5554 ν⁵ήπλεῖονηᾸξλπλέον
2235 5479 2826 5573 ήςί-ω-έιὶιωίπλείονι.
2974 5479 3189 5573 πλεῖον]
3217 5479 3482 5573 πλειόνων
3685 5492 3707 5524 ’³
3734 5490 3794 5573 ίῖί

711 5557 963 5702 ἒτέοῐξζ·
984 5557 1352 5708 aii-96:02}?
1373 5584 1425 5638 p.
1460 5557 1583 5624 2ἶ3.
1663 5569 1708 5605 ¹⁰
1737 5570 1824 5624 καὶ
1858 5571 2098 5643 πρῶτον]
2128 5589 2181 5642 p.
2215 5557 2338 5627 2ἷ4.
2419 5569 2461 5605 ¹¹
2492 5571 2600 5621 τῶν
2629 5584 2746 5624 om.
2778 5570 2837 5624 Α.
2915 5566 2960 5602 ¹²
2990 5557 3244 5620 τοσοῦτον
3275 5561 3710 5636 θαυμαστότερον
3740 5557 3794 5622 ΑΖ

3606 5347 3655 5383 9⁷
3701 5350 3798 5418 νῦν]

3362 5420 3385 5492 ξ
3430 5418 3539 5492 γὰρ
3580 5436 3697 5477 om.
3739 5422 3795 5492 Β.

2929 5496 2950 5531 ⁶
2974 5492 3189 5564 πλεῖον]
3217 5489 3482 5546 πλειόνων
3685 5492 3707 5524 ’³
3734 5490 3796 5564 ἓν]

2800 5419 3165 5481 ’διελθόντος
3197 5424 3259 5476 Α.
