4066 6216
234 375 392 438 N65

1321 375 1860 437 BIBLIOTHECA.
1907 408 1982 420 —
2027 375 2200 436 COD.
2249 375 2553 435 CCXLVI.

3481 383 3634 442 1466

231 514 446 585 καιροῦ.
479 509 551 564 Οὔ
600 510 704 586 γὰρ
739 509 814 570 εἷς
867 505 1038 586 φόϐον
1085 509 1185 579 τὴν
1232 507 1354 565 θέαν
1402 506 1625 584 ἔτρεψαν
1659 509 1724 579 ¹⁵,
1765 506 1880 566 οὐδ’

1997 509 2110 566 isto
2143 507 2472 581 spectaculo
2504 508 2564 564 in
2596 513 2837 575 metum,
2870 511 2967 566 sed
3000 511 3356 570 alacritatem
3390 515 3473 572 illi
3495 532 3631 572 con-

230 596 597 672 ἐξεπλάγησαν
666 601 772 653 τῶν
847 597 1141 672 ὁρωμένων
1214 599 1313 666 τήν
1372 597 1593 668 ἀήθειαν
1626 600 1690 669 ¹⁶,
1756 597 1885 654 ἀλλ’

229 689 478 757 ⁵ἥσθησαν
536 687 767 761 ὁρῶντες
839 685 980 741 ὅσων
1047 687 1326 762 κρείττους
1395 691 1736 762 γενήσονται,
1794 690 1882 743 καὶ

227 776 545 850 νομίσαντες
623 775 804 850 ὥσπερ
880 775 1135 850 ἀφορμὴν
1215 773 1499 854 εἰληφέναι
1567 779 1711 852 ποιρά
1783 785 1882 847 τῆς

227 863 409 944 τύχης
462 859 860 938 ὑπερϐαλέσθαι
893 865 938 900 ¹⁷
985 869 1187 927 πάντας
1247 865 1567 941 ἀνθρώπους
1625 864 1883 943 ἀνδραγα,

230 953 338 1025 θίᾳ,
389 952 476 1008 καὶ
529 955 675 1008 τοῦτ’
725 954 858 1009 εἶναι
910 951 1077 1009 πλέον
1136 953 1236 1021 τῆς
1295 954 1562 1025 τοσαύτης
1605 963 1878 1030 στρατιᾶς,

226 1043 375 1119 ἔχειν
427 1043 608 1118 ὥσπερ
660 1045 941 1119 χρήμασιν
973 1043 1219 1117 ἀφθόνως
1268 1046 1598 1120 χρήσασθαι,
1631 1047 1720 1101 καὶ
1763 1044 1878 1102 δια-

225 1136 511 1205 νοηθέντες
561 1133 646 1189 ὅτι
695 1139 786 1190 νῦν
836 1133 1017 1209 ὥσπερ
1065 1136 1398 1191 ἒστιάσονται
1449 1136 1716 1212 λαμπρῶς
1778 1137 1879 1192 ὑπὸ

225 1231 337 1280 τῶν
383 1224 676 1300 βαρβάρων
732 1222 822 1278 καὶ
882 1231 980 1293 τῆς
1018 1224 1213 1298 ἀρετῆς
1270 1225 1436 1296 ἀξίως
1491 1233 1590 1295 τῆς
1650 1227 1875 1282 ἑαυτῶν.

225 1313 334 1370 Καὶ
383 1313 488 1387 γὰρ
531 1310 694 1366 ’ίπποι
753 1313 846 1367 καὶ
893 1312 1028 1387 βέλη
1079 1312 1170 1368 καὶ
1221 1320 1346 1384 νῆες
1398 1312 1486 1369 καὶ
1535 1313 1738 1388 ψέλλια
1785 1315 1877 1370 καὶ

227 1403 482 1478 στρεπτοὶ
518 1402 564 1440 ¹⁸
601 1400 689 1457 καὶ
731 1401 880 1464 κύνες
920 1403 1008 1457 καί
1059 1404 1234 1459 πάντα
1278 1405 1541 1478 χρήματα
1582 1401 1730 1479 δῶρα
1775 1411 1876 1474 τῆς

225 1491 405 1568 τύχης
475 1491 582 1546 έστί
642 1490 969 1565 προκείμενα
1038 1497 1155 1556 τοῖς
1213 1492 1501 1567 κρείττοσι.
1558 1497 1735 1548 Ταῦτα
1785 1493 1874 1548 καὶ

224 1580 525 1658 στρατηγοὶ
584 1581 719 1656 πρὸς
769 1580 990 1644 ἑαυτοὺς
1035 1579 1291 1650 εἰπόντες,
1339 1582 1432 1637 καὶ
1492 1583 1626 1656 πρὸς
1676 1583 1876 1644 αὑτοὺς

221 1670 443 1727 ἕκαστοι
503 1667 902 1748 διαλεχθέντες,
961 1669 1020 1726 έοι
1077 1672 1212 1725 θεῶν
1281 1670 1573 1746 ἀρξάμενοι
1631 1673 1719 1727 καὶ
1777 1677 1874 1728 τοῦ

223 1758 389 1834 φίλου
415 1764 655 1822 παιῶνος
689 1761 734 1796 ¹⁹
763 1759 1011 1835 ἐχώρουν
1055 1757 1268 1834 δρόμῳ,
1307 1762 1550 1836 καθάπερ
1589 1758 1676 1816 διὰ
1707 1761 1874 1835 ψιλοῦ

1994 598 2140 658 versi
2163 603 2322 665 sunt,
2349 614 2452 654 nec
2484 597 2854 654 insolentiam
2885 615 3105 669 eorum,
3141 618 3264 672 quae
3296 607 3629 676 cernebant,

1993 688 2436 761 osbtupuerunt,
2453 688 2550 742 sed
2568 703 2700 742 cum
2715 688 2979 743 viderent
2993 693 3132 760 quot
3145 701 3332 747 essent
3345 693 3630 761 vincendi,

1990 779 2169 835 laetati
2202 779 2656 848 sunt,quoniam
2689 793 2750 832 se
2779 777 2952 832 istam
2985 780 3353 835 occasionem
3387 799 3418 836 a
3450 784 3631 838 fortu-

1990 885 2062 924 na
2081 867 2343 923 omnium
2370 866 2592 921 fortiter
2621 867 3076 937 snperandorum
3106 874 3302 924 nactos
3326 871 3627 940 putabant,

1988 963 2046 1014 et
2074 958 2184 1013 hoc
2215 957 2334 1012 fore
2356 955 2498 1012 tanti
2529 955 2813 1012 exercitus
2844 959 3238 1025 commodum,
3267 960 3421 1030 quod
3449 960 3632 1015 abun-

1987 1049 2227 1104 dantem
2267 1045 2360 1101 sui
2400 1061 2563 1100 usum
2614 1049 2766 1101 esset
2797 1047 3161 1115 praebiturus,
3196 1063 3260 1103 ac
3291 1065 3350 1104 se
3382 1050 3631 1119 jamjam

1988 1135 2296 1208 magnifico
2338 1149 2512 1205 seque
2541 1134 2717 1206 digno
2757 1135 2922 1206 quasi
2963 1136 3221 1192 convivio
3265 1138 3632 1208 excipiendos

1985 1226 2284 1296 putabant.
2319 1224 2458 1279 Nam
2488 1227 2546 1279 et
2575 1223 2733 1295 equi,
2764 1228 2819 1280 et
2849 1224 2984 1292 tela,
3009 1230 3065 1281 et
3105 1243 3298 1294 naves,
3332 1231 3455 1282 tum
3491 1228 3632 1299 pha-

1984 1314 2140 1383 leras,
2185 1319 2242 1370 et
2295 1318 2556 1385 torques,
2606 1330 2781 1370 canes
2840 1331 3155 1388 omnesque
3197 1333 3353 1388 opes,
3390 1319 3630 1375 fortunae

1983 1404 2158 1467 dona.
2193 1409 2596 1474 preponuntur
2624 1403 2986 1472 fortioribus,
3010 1409 3064 1460 et
3089 1405 3208 1462 haec
3239 1408 3433 1462 omnia
3459 1405 3633 1476 largi-

1983 1499 2077 1549 tur
2114 1491 2374 1548 victoria.
2409 1491 2544 1555 Quae
2590 1507 2721 1548 cum
2764 1493 2918 1564 apud
2961 1510 3023 1549 se
3073 1493 3270 1563 duces,
3302 1503 3354 1551 et
3388 1495 3540 1552 inter
3570 1513 3631 1552 se

1983 1581 2199 1638 milites
2245 1580 2674 1652 expendisscnt,
2710 1585 2833 1637 tum
2885 1599 2918 1636 a
2959 1582 3096 1649 diis,
3145 1588 3202 1638 et
3268 1584 3455 1640 amico
3514 1582 3632 1639 orsi

1978 1672 2264 1744 Apolline,
2297 1670 2580 1726 curriculo
2599 1675 2878 1743 tanquam
2913 1676 3144 1744 patente
3164 1691 3368 1746 campo
3394 1691 3623 1746 proces-

1981 1769 2202 1832 serunt,
2225 1760 2414 1816 402b
2443 1775 2546 1816 nec
2593 1761 2857 1818 barbaris
2889 1762 3120 1818 videndi
3161 1764 3298 1834 quid
3339 1769 3628 1836 ageretur,

220 1854 321 1906 τοῦ
351 1847 542 1905 πεδίου
592 1847 822 1917 θέοντες,
862 1849 952 1905 καὶ
999 1854 1120 1910 τοῖς
1169 1847 1468 1925 βαρϐάροις
1523 1849 1622 1906 οὑκ
1671 1849 1875 1906 ἔδωκαν

1995 1852 2246 1926 spatium
2275 1850 2579 1906 dederunt.
2616 1849 2827 1906 Verum
2863 1853 3079 1923 pariter
3108 1857 3165 1908 et
3205 1855 3358 1910 acies
3397 1870 3630 1926 rumpe-

225 1938 360 1996 ἰδεῖν
399 1941 428 1995 ὅ
457 1961 509 1996 τι
547 1937 657 1996 ἔστι
688 1941 754 1995 τὰ
803 1939 1120 2016 γιγνόμενα,
1164 1939 1291 1995 ἀλλ’
1339 1943 1451 2015 ἅμα
1479 1942 1655 2015 τάξεις
1704 1940 1876 2016 έῤῥὼο

228 2051 410 2106 γεσαν,
460 2031 549 2084 καὶ
589 2026 778 2104 ἄνδρες
829 2028 1152 2102 ἐκτείνοντο,
1183 2031 1274 2085 καὶ
1308 2028 1473 2086 ’ίπποι
1523 2026 1874 2105 συνελαμϐά-

226 2140 411 2187 νοντο,
442 2119 532 2174 καὶ
562 2126 686 2188 νῆες
710 2117 1144 2193 ε’ίλκοντο,[1217
1169 2122 1262 2194 Ρι.]
1293 2119 1381 2175 καὶ
1405 2123 1668 2199 χρήματα
1689 2121 1874 2196 ἤγετο,

226 2210 322 2266 καὶ
374 2210 566 2285 χορεία
617 2210 786 2271 Πανὸς
833 2211 900 2278 ἦν
947 2210 1014 2265 τὰ
1057 2210 1379 2283 ποιούμενα.
1419 2208 1564 2281 ’Ἤδη
1607 2212 1652 2248 ²⁰
1691 2210 1748 2266 δέ
1794 2232 1878 2274 τις

226 2298 555 2371 τελευτήσας
606 2298 842 2369 εἱστήκει
901 2299 1298 2374 περιτοξευθεὶς
1350 2299 1453 2355 ὑπὸ
1509 2303 1616 2354 τῶν
1676 2296 1880 2374 βαρϐά-

235 2411 370 2467 ρων,
428 2385 615 2470 φοϐῶν
667 2389 796 2455 τοὺς
861 2388 1095 2453 λοιποὺς
1143 2389 1326 2464 ὥσπερ
1383 2389 1643 2454 ἀθάνατος
1701 2389 1774 2446 ὤν
1809 2393 1878 2447 ²¹.

229 2476 414 2536 Ἀλλά
440 2482 487 2514 ²²
530 2477 652 2533 τότε
691 2478 764 2537 ὡς
818 2476 1041 2549 ἀληθῶς
1073 2476 1248 2558 ὄχλος
1300 2474 1448 2542 ὅντες
1479 2480 1526 2515 2³
1562 2479 1880 2553 ᾐσθάνοντο,

232 2569 322 2622 καὶ
377 2566 630 2645 μέγιστον
677 2567 989 2641 ἓναντίωμα
1038 2569 1269 2637 ἑαυτοῖς,
1319 2569 1407 2624 καὶ
1467 2575 1584 2631 τοῖς
1636 2568 1884 2624 πλείοσιν

230 2659 362 2730 [657
408 2659 497 2729 [1.]
546 2656 743 2726 ἥττους
785 2657 1033 2734 ἐγένοντο
1083 2657 1118 2726 ἢ
1163 2656 1310 2720 ὅσοις
1350 2659 1409 2712 ἄν
1457 2679 1541 2720 τις
1591 2658 1641 2731 ἐξ
1700 2659 1882 2736 ἀρχῆς

234 2743 528 2821 έθάρῥησεν
580 2747 910 2814 ἀντιστῆναι.
958 2747 1109 2802 ”Ωστ’
1149 2747 1194 2782 ²⁴
1239 2746 1463 2808 εἰκότως
1519 2747 1686 2803 εἰπεῖν
1749 2747 1883 2802 εἶναι

231 2833 334 2902 τήν
363 2833 457 2905 μὶν
491 2831 654 2888 πόλιν
689 2833 780 2888 τὸν
813 2832 1116 2907 ἐλευθέριον
1151 2835 1247 2888 Διά
1275 2839 1439 2906 τιμᾷν
1473 2833 1561 2890 ἐπὶ
1600 2839 1716 2897 τοῖς
1745 2855 1885 2911 πρα-

231 2924 418 3001 χθεῖσι
453 2923 500 2958 ³⁵
530 2924 848 2997 προσήκειν,
868 2927 984 2984 τοῖς
1014 2919 1060 2977 δ’
1083 2920 1278 2985 ἄλλοις
1311 2921 1547 2994 Ἕλλησι
1567 2926 1666 2993 τὴν
1699 2923 1885 2993 πόλιν,

227 3012 324 3067 καὶ
383 3011 630 3084 νομίζειν
679 3012 771 3066 τὸν
813 3010 1116 3081 Ἀθηναίων
1183 3008 1361 3084 δῆμον
1421 3011 1604 3088 ὥσπερ
1671 3013 1884 3070 ἐλευθέ-

230 3121 352 3177 ριον
388 3100 434 3136 εδ
463 3106 580 3163 τοῖς
618 3099 889 3171 Ἕλλησιν
919 3103 962 3138 ²⁷
995 3101 1146 3158 εἶναι.
1176 3104 1338 3158 Ὥστε
1368 3103 1414 3138 ³⁸
1443 3103 1491 3157 εἷ’
1519 3104 1581 3159 τὸ
1617 3105 1692 3177 μὴ
1736 3102 1883 3183 ἔχειν

1987 1943 2219 2010 bantur,
2260 1945 2317 1998 et
2355 1942 2620 1999 homines
2670 1941 3106 2008 occidebantur,
3153 1947 3210 1998 et
3257 1943 3632 2015 capiebantur

1985 2031 2143 2103 equi,
2177 2047 2376 2100 naves,
2403 2047 2561 2102 opes,
2586 2032 2772 2086 instar
2821 2031 3043 2086 Panicze
3083 2032 3344 2102 ejusdem
3389 2032 3627 2089 choreae.

1986 2121 2134 2188 Quid
2176 2121 2332 2193 quod
2371 2121 2548 2177 etiam
2597 2127 2864 2177 mortuus
2895 2120 3159 2192 quidam,
3191 2138 3322 2177 cum
3358 2121 3634 2178 barbaro-

1987 2226 2119 2266 rum
2167 2208 2294 2265 telis
2341 2210 2650 2265 confossus
2687 2213 2859 2276 esset,
2893 2208 3055 2265 stetit
3100 2215 3346 2279 erectus,
3390 2226 3455 2265 ac
3503 2215 3628 2265 tan-

1989 2314 2165 2370 quam
2208 2299 2561 2354 immortalis
2609 2302 2782 2365 esset,
2825 2297 3078 2370 reliquos
3136 2299 3465 2370 perterruit.
3517 2298 3631 2354 Sed

1988 2394 2113 2444 tum
2162 2404 2360 2444 revera
2411 2389 2643 2444 turbam
2691 2403 2754 2445 se
2803 2394 2978 2458 esset,
3014 2388 3379 2460 maximeque
3409 2388 3631 2460 seipsos

1991 2476 2274 2549 impedire
2303 2482 2720 2548 cognoverunt,
2743 2493 2875 2532 cum
2908 2481 3106 2532 essent
3136 2479 3351 2548 majore
3370 2491 3631 2542 numero,

1993 2582 2164 2640 quam
2181 2565 2274 2621 cui
2292 2566 2504 2637 aliquis
2525 2565 2687 2620 initio
2710 2565 3089 2621 sustinuisset
3109 2565 3398 2621 resistere.
3415 2563 3636 2636 Utjure

1993 2655 2302 2713 dicendum
2327 2655 2402 2710 sit
2430 2670 2565 2710 eum
2591 2654 2791 2710 Jovem
2822 2653 3191 2710 liberatorem
3225 2654 3296 2709 ob
3329 2670 3420 2709 res
3444 2660 3635 2725 gestas

1996 2747 2133 2804 urbs
2155 2746 2326 2811 colat,
2351 2745 2575 2801 Graecos
2604 2745 2806 2800 urbem
2829 2761 2892 2800 ac
2916 2745 3196 2816 populum
3229 2743 3639 2800 Atheniensem

1993 2835 2324 2893 liberatoris
2353 2834 2480 2890 loco
2506 2833 2715 2889 habere
2738 2833 3313 2900 debere.Quocircasi
3337 2832 3643 2904 inaequali-

1994 2930 2085 2982 tas
2099 2924 2441 2980 inferiorum
2459 2928 2567 2992 est,
2581 2921 2854 2980 omnibus
2868 2922 2926 2977 hi
2946 2923 3246 2979 victoriam
3270 2923 3640 2978 ademerunt.

1996 3015 2176 3072 Filius
2206 3013 2363 3071 Darii
2402 3013 2640 3075 Xerxes,
2667 3012 2767 3084 qui
2795 3013 3061 3069 omnium
3096 3028 3298 3085 regum
3337 3011 3643 3084 cogitatio-

1996 3123 2101 3163 nes
2133 3105 2443 3177 superavit,
2476 3111 2530 3160 et
2552 3102 2698 3160 nihil
2731 3103 3064 3159 mirandum
3089 3119 3202 3158 non
3229 3103 3488 3168 tentavit,
3512 3117 3646 3157 cum

226 3190 282 3262 ἐξ
337 3189 458 3246 ἴσου
515 3190 753 3266 γενέσθαι
813 3195 922 3246 τῶν
972 3191 1212 3261 ἡττόνων
1273 3191 1439 3263 ἐστὶν,
1501 3195 1735 3257 ἅπαντας
1786 3195 1876 3249 ἀνι

1995 3200 2054 3252 et
2084 3167 2267 3267 patris
2293 3167 2539 3250 conatus
2570 3193 2768 3264 inopia
2800 3191 2983 3248 fuisse
3011 3191 3322 3262 impeditos
3361 3167 3642 3257 crederet,

227 3279 483 3356 θρώπους
519 3281 885 3350 νενικήκασιν.
921 3283 984 3338 ⁴0
1029 3279 1086 3338 δὲ
1116 3283 1163 3319 ³9
1200 3281 1400 3346 πάντας
1455 3285 1708 3358 βασιλέας
1741 3305 1883 3358 παρ-

227 3369 462 3443 ενεγκὼν
493 3373 611 3433 ταῖς
653 3367 932 3441 ἐπινοίαις,
969 3371 1058 3426 καὶ
1102 3369 1273 3445 μηδὲν
1319 3372 1637 3430 καταλιπὼν
1679 3372 1879 3430 ἄτοπον

228 3456 473 3530 νομίσαι,
511 3458 722 3533 Ξέρξης
777 3459 805 3514 ὁ
853 3459 1100 3536 Δαρείου,
1143 3462 1442 3539 καταγνοὺς
1495 3464 1588 3536 μὲν
1637 3467 1735 3519 τοῦ
1778 3485 1882 3519 πα·

231 3547 361 3624 τρὸς
415 3549 490 3611 ὡς
555 3548 754 3614 ενδεῶς
811 3549 1283 3626 ἐπιχειρήσαντος,
1348 3551 1615 3626 ὑπεριδὼν
1667 3551 1726 3609 δὲ
1782 3561 1881 3624 τῆς

229 3636 450 3700 πόλεως
483 3637 573 3694 καὶ
603 3642 709 3693 τῶν
744 3637 1026 3710 Ἑλλήνων
1073 3641 1146 3704 ὡς
1177 3639 1422 3715 οὐδαμοῦ
1467 3642 1884 3718 φανησὸμένων,

229 3725 414 3802 ἀγῶνα
453 3723 685 3782 διπλοῦν
727 3727 1067 3803 ἀγωνίζεται,
1099 3729 1190 3785 τὸν
1247 3731 1339 3803 μὲν
1386 3727 1782 3806 ὑπερϐαλέσθαι
1815 3733 1886 3802 ³ο,

227 3818 332 3886 τήν
384 3813 441 3872 δὲ
487 3819 907 3892 τιμωρήσασθαι
962 3819 1096 3891 μετά
1144 3817 1362 3875 πολλοῦ
1413 3824 1510 3876 τοῦ
1559 3820 1886 3895 κρείττονος.

1992 3286 2402 3356 civitatemque
2421 3287 2476 3340 et
2496 3282 2724 3339 Graecos
2750 3297 3046 3354 nusquam
3078 3281 3498 3350 comparituros
3519 3292 3652 3334 con'

1991 3371 2524 3444 temneret,duplex
2553 3370 2812 3428 instituit
2840 3374 3289 3441 certamen,quo
3321 3369 3534 3441 partim
3559 3367 3644 3422 illi

1993 3461 2381 3528 antecelleret,
2444 3459 2657 3532 partim
2709 3458 2860 3514 hanc
2919 3459 3148 3530 egregie
3200 3458 3452 3529 puniret.
3496 3455 3646 3520 Quin

1993 3553 2168 3609 etiam
2203 3567 2334 3607 cum
2367 3549 2590 3604 effectis
2631 3546 2987 3615 cmlestibus,
3021 3545 3298 3617 omnique
3343 3553 3461 3600 tum
3492 3545 3645 3613 visu,

1993 3646 2119 3698 tum
2168 3654 2402 3695 rumore
2443 3636 2680 3692 insolito
2732 3637 2892 3706 [non,
2936 3651 3066 3690 cum
3117 3639 3277 3705 patre
3325 3634 3648 3701 duntaxat],

1995 3731 2224 3786 videtur
2279 3731 2552 3794 certasse,
2586 3725 2753 3796 quasi
2784 3723 2884 3793 qui
2933 3738 3100 3778 suam
3133 3736 3261 3777 esse
3302 3724 3520 3776 terram
3551 3735 3650 3774 vo-

1999 3819 2205 3874 luisset
2237 3815 2558 3872 ostendere.

228 3910 392 3962 Δοκεῖ
438 3902 496 3961 δέ
558 3927 652 3979 μοι
697 3905 786 3961 καὶ
844 3908 979 3982 πρὸς
1028 3907 1122 3971 τὰς
1164 3906 1485 3982 διοσημείας
1544 3893 1667 3966 τότε
1713 3911 1922 3986 Ξέρξης
1983 3904 2422 3980 ἀμιλλήσασθαι,
2454 3901 2543 3954 καὶ
2598 3900 2735 3975 πρὸς
2823 3899 3037 3952 ἅπασαν
3098 3895 3222 3969 ὄψιν
3275 3916 3333 3949 τε
3384 3894 3473 3948 καὶ
3522 3893 3660 3962 ἀκοῆ

226 3994 542 4069 ἀνθρώποις
569 3992 915 4066 ἀνέλπιστον,
949 3993 1129 4071 ὥσπερ
1154 3994 1481 4068 ἐνδείξασθαι
1517 3997 1857 4074 βουλόμενος
1887 3997 1971 4054 ὅτι
2006 3995 2171 4050 αὐτοῦ
2201 3988 2434 4068 βεϐαίως
2464 3989 2605 4044 ἐστὶν
2648 3990 2681 4058 ἦ
2723 3990 2817 4063 γῆ.

302 4121 819 4199 Ἰσοκράτης
898 4125 1259 4199 ἂνθηρότερον
1317 4126 1485 4192 εἶπεν,
1563 4127 1711 4199 οὕτω
1762 4127 1885 4199 ,τήν

227 4192 423 4273 πρῖξιν
456 4192 836 4273 ᾅπαγγέίλας·
879 4192 1188 4273 (ῌΚαθάπερ
1227 4199 1363 4273 πρὸς
1395 4199 1484 4253 τὸν
1521 4199 1624 4273 Δία,
1662 4198 1728 4253 τὰ
1758 4192 1888 4253 ὄντα

227 4263 683 4346 δςανειμάμενος,
724 4265 816 4346 καὶ
859 4268 951 4346 .τῷ
1014 4270 1108 4340 μὲν
1141 4263 1278 4346 "Aci.
1319 4272 1730 4346 παραχωρήσας
1789 4273 1886 4325 τοῦ

228 4335 499 4412 οὐρανοῦ,
522 4337 697 4408 ἑαυτῷ
725 4335 783 4392 δὲ
813 4335 1067 4414 τῆν’γῆν.
1104 4341 1158 4414 ››]

305 4427 374 4482 Ἢ
405 4425 596 4490 ποίους
627 4427 750 4464 ³¹ο³⁸
779 4424 983 4505 φόϐους
1033 4428 1276 4506 ἐγγείους
1305 4432 1340 4501 ἢ
1387 4431 1710 4493 θαλαττίους
1756 4431 1884 4508 οὑχὶ

231 4513 542 4571 συνέστειλε
577 4521 696 4578 τοῖς
745 4519 874 4592 παρ’
906 4518 1108 4588 αὑτοῦ;
1164 4520 1224 4574 οὗ
1254 4521 1346 4582 τὰς
1394 4519 1624 4582 ἀπειλὰς
1669 4525 1885 4596 πρῶτον

235 4605 340 4661 οὐκ
369 4607 434 4674 ἦν
483 4605 680 4661 ἑστῶσι
730 4611 848 4669 τοῖς
877 4607 1007 4662 ὠσὶν
1056 4609 1304 4664 ἀκοῦσαι.
1339 4609 1496 4668 Ἀλλ’
1545 4612 1756 4687 ἀπῆγον
1810 4611 1886 4674 εἷς

235 4691 443 4769 ἔσχατα
473 4701 602 4769 γῆς,
634 4697 722 4750 καὶ
764 4694 1064 4774 προῦλεγεν
1094 4699 1128 4754 ἃ
1170 4696 1404 4772 μηδενὸς
1433 4701 1502 4769 ἧν
1531 4702 1698 4777 ενρείν
1731 4702 1876 4771 πλὴν

233 4782 445 4840 ἐκείνου
477 4783 543 4840 ³⁸.
588 4785 704 4840 Ἐτι
755 4782 813 4840 δὲ
845 4785 1204 4845 Ἀτλαντικοῦ
1242 4787 1516 4864 πελάγους
1549 4789 1888 4866 κληρουχίας

233 4871 470 4946 ἀτίμους
517 4871 759 4944 ἠπείλει,
790 4875 879 4929 καὶ
925 4883 1029 4950 γῆς
1069 4876 1288 4945 ποίησιν
1336 4872 1436 4952 ἔξω
1483 4885 1585 4948 τῆς
1633 4881 1891 4954 οἰκουμέ-

235 4983 362 5032 νης,
439 4963 506 5030 ἢν
589 4962 910 5038 ἀναγκάσειν
984 4967 1538 5042 ἠκρωτηριασμένους
1608 4973 1888 5048 προσχοῦν

236 5051 316 5115 εἰς
349 5051 412 5106 τὸ
460 5050 720 5128 πέλαγος,
778 5051 926 5129 ὕδωρ
956 5055 1000 5092 ³⁸
1049 5055 1147 5130 μὶν
1191 5054 1544 5130 ἀντλοῦντας,
1588 5058 1789 5133 πέτρας
1835 5055 1892 5113 δὲ

1916 4356 1968 4419 D

2092 4121 2379 4180 Floridius
2418 4119 2526 4174 hoc
2548 4118 2691 4173 dixit
2726 4117 3028 4184 Isocrates,
3056 4116 3140 4170 sic
3163 4130 3283 4170 rem
3317 4111 3656 4168 enuntians:

2092 4125 2379 4180 Floridius
2419 4125 2526 4174 hoc
2548 4125 2691 4173 dixit
2727 4125 3028 4184 lsocrates,
3056 4125 3140 4170 sic
3163 4130 3283 4170 rem
3317 4125 3653 4168 enuntians:

1995 4125 2173 4252 veiuti
2211 4209 2343 4248 cum
2387 4191 2524 4247 Jove
2565 4195 2755 4244 creata
2787 4189 3080 4252 dividens,
3111 4186 3236 4243 Jovi
3297 4184 3528 4252 caelum,
3563 4185 3653 4240 sib

1997 4284 2130 4326 vero
2162 4275 2374 4322 terram
2409 4262 2816 4331 distribuens]

2069 4433 2222 4498 Quos
2268 4432 2514 4484 terrores
2559 4429 2712 4482 terra
2747 4423 3006 4496 marique
3035 4421 3156 4479 suis
3196 4438 3310 4478 non
3350 4420 3648 4476 incussit?

1998 4520 2166 4590 cujus
2198 4518 2390 4572 minas
2422 4513 2671 4587 primum
2699 4529 2865 4569 nemo
2892 4516 3114 4583 poterat
3143 4511 3382 4567 attentis
3405 4509 3643 4566 auribus

1996 4609 2220 4679 audire,
2243 4620 2380 4662 cum
2411 4605 2477 4658 ad
2506 4603 2747 4659 ultimas
2776 4607 2942 4658 terras
2963 4603 3108 4658 fines
3134 4600 3641 4672 progrederentur,

1998 4717 2064 4756 ea
2093 4697 2487 4772 praedicentes,
2527 4711 2653 4766 quae
2681 4693 2941 4765 exipsius
2984 4696 3212 4748 tantum
3258 4689 3500 4761 ingenio
3533 4704 3641 4758 po-

2000 4795 2189 4848 terant
2247 4787 2498 4861 prodire.
2547 4783 2827 4841 Atlantici
2867 4782 3121 4853 denique
3163 4780 3340 4836 maris
3388 4777 3649 4834 colonias

2000 4879 2142 4936 viles
2175 4878 2563 4946 redditurum,
2594 4880 2650 4931 et
2692 4881 2850 4931 extra
2879 4887 3008 4928 eam
3039 4887 3167 4942 quas
3198 4869 3498 4925 habitatur
3532 4869 3652 4921 ter-

2004 4985 2148 5034 ram,
2174 4968 2544 5024 condituram
2580 4965 2862 5035 :jamque
2902 4962 3058 5033 ipsos
3097 4962 3437 5016 coacturum
3481 4953 3653 5011 muti-

2001 5056 2154 5115 latos
2175 5057 2236 5113 in
2268 5072 2428 5114 mare
2443 5068 2807 5128 evaggerare,
2840 5068 2994 5124 aqua
3023 5049 3333 5117 exhausta,
3353 5045 3649 5119 lapidibus

1597 5251 1838 5309 VARIIE
1881 5251 2292 5310 LECTIONES.

252 5487 258 5518 ς
306 5439 352 5474 ¹⁸
389 5434 605 5518 51M}?
626 5445 702 5518 Α·
783 5438 1080 5518 “ﬁtilla”
1108 5444 1152 5496 Α
1187 5458 1200 5518 ξ
1233 5440 1609 5518 “1.39659??-

1691 5446 1730 5480 ³⁷
1763 5437 2162 5516 ὑπερϐαλέσθαι
2195 5449 2232 5497 Β
2267 5461 2280 5500 2
2322 5436 2757 5516 ,ὑπερϐάλλεσθαι

2973 5438 3019 5476 ⁸⁸
3049 5435 3280 5510 στρεπτά
3311 5441 3366 5490 Β,
3396 5434 3491 5510 “‘9
3513 5451 3643 5486 παιτ

227 5515 358 5590 iam
399 5505 462 5590 ΒΖ
524 5505 592 5547 ’²⁰
619 5509 792 5590 ἤδηοη
835 5513 879 5551 ³⁸
907 5505 987 5590 ἐν
1021 5516 1238 5590 σφώ·
1263 5585 1277 5590 -
1303 5505 1363 5590 β’
1403 5505 1570 5590 illis]
1604 5534 1660 5590 ρο
1692 5518 1816 5572 216·
1849 5505 1971 5590 ἤτε
1998 5516 2135 5572 add-
2169 5518 2236 5572 A-
2312 5515 2359 5551 ³³
2388 5505 2757 5590 ἕξιεεςβχλος
2788 5505 2934 5590 ‘33.“
2961 5505 3438 5590 ὦκ’]’ῂὲηκπ
3468 5525 3644 5590 reex-

228 5583 442 5659 θεῖσιμῇ
475 5600 488 5639 :
522 5585 854 5659 προαχθεῖσι

227 5656 274 5692 ³⁸
474 5649 711 5727 p.220?
796 5657 841 5693 ⁸ο
867 5649 962 5713 τδν

963 5626 977 5641 .
1054 5584 1100 5620 ²⁶
1129 5580 1450 5660 ἐλευθέριον]
1491 5580 1622 5642 ἕλευ
1655 5607 1738 5662 pr.
1777 5596 1847 5656 A,
1876 5585 2124 5642 ἐλευσῖνα
2157 5604 2305 5644 corr.
2384 5588 2424 5622 ³⁷
2454 5580 2986 5711 ’Ἑλλήόιήλθᾶλλοις
3009 5587 3072 5638 Α.

1005 5656 1100 5711 μὲν
1137 5651 1535 5711 ὑπερϐαλέσται
1564 5677 1682 5711 om-
1718 5664 1784 5711 A.
1819 5678 1854 5711 a
1881 5665 2201 5711 correctore
2235 5660 2404 5711 habet
2436 5659 2498 5711 B.
2534 5651 2738 5711 ὑπεοϐα
2783 5651 2928 5710 έσθαι
2962 5660 3000 5708 Β
3034 5671 3046 5710 :

1005 5656 1100 5730 μὲν
1137 5651 1535 5731 ὑπερϐαλέσῖται
1564 5651 1682 5719 οω’.
1716 5664 1784 5731 Α,
1819 5651 2201 5731 acorrectore
2233 5660 2404 5731 habet
2430 5659 2498 5731 _B.
2534 5651 2928 5731 ὑπερϐαλέσθαι
2962 5660 3000 5708 Β
3034 5671 3046 5710 :

3151 5579 3200 5614 23
3227 5577 3382 5650 dicte]
3423 5595 3479 5648 p.
3512 5577 3640 5650 213}.

3084 5645 3322 5725 ὑπερϐάλ
3331 5645 3518 5704 λεσθαι
3549 5646 3612 5719 ς’
3621 5690 3636 5704 .

236 5725 362 5763 ³¹’³²
393 5723 678 5801 ἦτῖοίους]
713 5747 766 5802 P-
797 5729 924 5786 221-
955 5723 1161 5798 {ante
1189 5723 1380 5790 πὸίους
1402 5747 1517 5788 om.
1551 5735 1616 5800 A,
1693 5731 1740 5768 3‘
1768 5723 1972 5786 ἐκείνου
2002 5734 2049 5788 Α
2084 5749 2098 5788 :
2133 5729 2336 5786 ἐκείνου
2371 5728 2535 5806 μόνου
2568 5723 2650 5802 gl
2727 5728 2774 5766 ³⁸
2803 5723 2970 5800 ὕδωρ.
