4066 6216
292 393 457 454 1469

1390 392 1934 454 BlBLlOTHECA.
1984 424 2057 439 ο·-
2102 393 2275 457 COD.
2321 398 2620 462 CCXLVI.

3547 405 3701 468 14Ἶο

287 521 485 587 δύνους
546 521 602 580 δὲ
659 521 769 578 ἄντ’
810 519 1106 602 ἀσφαλείας
1153 521 1428 596 ἑλόμενοι,
1481 520 1830 593 δικαιοσύνην
1881 521 1921 577 δῖ

2055 524 2166 582 Sed
2199 543 2270 583 ne
2294 530 2432 601 quid
2467 532 2704 590 aliunde
2733 534 3037 602 adducam,
3061 537 3192 591 huic
3225 538 3324 592 uni
3359 539 3695 611 inhrsream,

281 614 404 670 ἀντὶ
449 621 550 684 τῆς
603 611 873 688 βασιλέως
914 611 1188 682 τοσαύτης
1236 611 1672 690 φιλανθρωπίας.
1704 611 1864 667 Ἀλλ’
1893 614 1921 648 ⁶⁴

2049 615 2124 670 ad
2171 621 2433 676 ceteram
2480 635 2540 676 ac
2589 624 2928 678 continuam
2987 625 3262 681 orationis
3323 635 3540 698 partem
3602 646 3694 686 me

275 699 378 756 ’ίνα
410 704 488 775 μή
520 700 686 757 πλέον
719 701 765 739 ⁸⁸
815 705 921 755 τῶν
955 701 1261 776 ἀναγκαίων
1307 701 1740 777 παραιτούμενος
1788 701 1938 772 αὐτῷ

277 793 462 865 τούτῳ
511 793 760 866 μηκύνω,
810 791 946 866 πρὸς
1007 791 1141 853 τοὺς
1195 791 1318 864 ἑξῆς
1348 795 1393 829 ⁸³
1441 796 1550 846 τῶν
1606 790 1790 866 λόγων
1847 790 1937 844 καὶ

2048 711 2401 764 convertam.
2435 709 2547 766 Sed
2595 709 2654 766 in
2697 709 2854 767 hunc
2903 728 3230 766 sermonem
3285 730 3430 784 pene
3479 717 3694 775 invitus

2048 794 2250 863 cecidi,
2275 798 2626 853 narrationis
2657 798 2806 855 serie
2839 799 3026 870 magis
3055 817 3231 871 quam
3259 801 3555 858 voluntate
3587 807 3691 862 du-

278 885 527 958 συνεχεῖς
553 882 643 936 καὶ
690 878 755 951 δή
788 879 1080 955 τρέψομαι.
1116 877 1298 937 Ἀλλά
1327 881 1374 916 ⁸³
1420 882 1520 956 γάρ
1569 879 1791 935 ἐνταῦθα
1843 879 1921 951 μὲι

2047 885 2194 952 ctus,
2228 899 2356 941 cum
2394 902 2766 958 nequaquam
2800 888 2915 944 huc
2948 891 3268 946 tenderem.

280 967 467 1043 ὥσπερ
515 969 658 1023 ἄκων
708 965 971 1035 ἐνέπεσον,
1011 967 1101 1020 καὶ
1149 968 1268 1021 καθ’
1299 963 1424 1022 ὁδὸν
1465 970 1562 1021 τοῦ
1613 965 1782 1041 λόγου
1826 963 2041 1038 μᾶλλον
2073 967 2194 1003 ⁶⁴⁶⁶⁵
2240 970 2276 1037 ἢ
2322 969 2718 1045 προειδόμενος
2753 991 2766 1004 ·
2819 973 2880 1028 οὐ
2912 974 2960 1008 ⁸⁸
3009 974 3109 1050 γὰρ
3141 975 3220 1036 εἷς
3271 979 3431 1030 τοῦτο
3463 976 3509 1011 ⁸⁷
3557 977 3697 1050 ὁρῶν

276 1057 614 1132 ἠπειγόμην.

342 1147 442 1273 ἑΤὸ
492 1149 607 1202 καθ’
654 1144 778 1201 ὁδὸν
828 1144 864 1214 ἢ
913 1150 1032 1202 κατ’
1078 1146 1222 1218 ἀξίαν
1276 1144 1447 1223 λέγει,
1478 1144 1660 1216 ὥσπερ
1688 1146 1739 1181 ⁸8
1794 1144 1936 1199 ἐστὶν

314 1217 334 1273 5
376 1223 458 1273 εἷα
487 1221 521 1273 ἢ
573 1215 719 1273 ὁδὸς.
759 1218 794 1273 ἢ
837 1219 1019 1273 ὥσπερ
1068 1214 1354 1273 συμϐαίνει
1387 1217 1438 1273 ἒν
1484 1216 1596 1273 6δῶ
1645 1218 1930 1273 γενέσθαι·

276 1214 458 1290 εὐθεῖα
487 1221 521 1287 ἡ
573 1215 720 1290 ὁδὸς,
759 1218 794 1288 ἢ
837 1219 1019 1290 ὥσπερ
1068 1214 1438 1290 συμϐαίνειίέν
1484 1214 1930 1290 ὁδῷςγενέλσθαι·

276 1285 554 1365 πολλάκις
583 1290 688 1365 γᾴρ.
708 1285 798 1365 ’τις
829 1285 1219 1365 ἀπερχόμενος
1240 1289 1405 1362 τήνδε
1444 1291 1540 1358 τὴν
1568 1285 1724 1358 όδὸν,
1757 1287 1935 1358 ἄλλην

273 1359 540 1423 ἕλκοντος
571 1359 734 1417 αὐτὸν
771 1359 1222 1437 βαδίζὲῖφίλου]

349 1455 518 1526 Ὀμοῦ
547 1454 593 1488 ⁸⁸
643 1448 700 1506 δὲ
752 1451 888 1526 πρὸς
937 1457 1109 1506 πᾶσαν
1177 1453 1278 1520 τὴν
1336 1455 1443 1507 τῶν
1489 1455 1708 1526 Περσῶν
1759 1449 1936 1524 ἀρχὴν

279 1537 775 1604 διακινδυνεύοντες
824 1539 875 1597 ἐν
917 1543 985 1614 τῇ
1033 1543 1103 1617 γῇ
1133 1542 1178 1578 ⁷ο
1224 1541 1332 1596 ἀντ’
1379 1541 1615 1616 ἀριθμοῦ
1664 1538 1932 1613 σωμάτων

280 1629 443 1686 ἐθνῶν
505 1629 766 1706 ἀριθμοὺς
826 1629 1228 1708 διαφθείροντές
1277 1651 1335 1685 τε
1392 1629 1484 1685 καὶ
1537 1624 1932 1703 λαμϐάνοντες.

274 1719 422 1794 ’Ἤδη
457 1720 516 1778 δὲ
563 1723 652 1778 καὶ
703 1719 798 1778 δύο
829 1722 1062 1796 τρόπαια
1102 1722 1178 1784 εἷς
1231 1721 1612 1796 μίανθήμέραν
1653 1720 1811 1791 ἦλθε,
1842 1711 1932 1776 καῖ

271 1811 558 1886 ναυμαχία
596 1810 912 1887 πεζομαχίᾳ
943 1812 1256 1888 παρισώθη.
1289 1811 1460 1866 Μόνοι
1493 1813 1536 1848 τι
1570 1811 1671 1886 γάρ
1722 1810 1931 1885 ἀνθρώ.

2117 1148 2496 1230 [Narrationis
2515 1153 2683 1230 serie,
2701 1153 2786 1208 vel
2809 1171 2910 1230 pro
2929 1154 3213 1230 dignitate
3229 1156 3386 1230 dicit,
3407 1160 3660 1230 quemad
3675 1191 3699 1201 -

2045 1220 2286 1276 modum
2312 1228 2480 1297 recta
2499 1231 2581 1278 est
2611 1225 2721 1289 via,
2746 1220 2852 1292 vel,
2880 1233 2938 1280 ut
2957 1220 3202 1297 contigit
3224 1228 3283 1283 in
3306 1220 3393 1283 via
3413 1220 3563 1292 esse,
3586 1248 3691 1286 saa-

2047 1307 2363 1434 penum]ero
2394 1296 2549 1350 enim
2575 1312 2607 1351 a
2638 1297 2728 1352 via
2757 1299 3057 1365 aberrans,
3097 1296 3210 1354 alio
3251 1300 3403 1356 vadit
3441 1303 3690 1359 ducente

2047 1378 2252 1418 amico.

2046 1378 2252 1418 amico.

2117 1450 2328 1508 Contra
2359 1457 2542 1509 totum
2577 1455 2886 1528 imperium
2936 1463 3243 1514 Persarum
3286 1459 3598 1518 discrimen
3630 1463 3690 1519 in

2049 1543 2200 1597 terra
2230 1541 2519 1614 subirent,
2554 1561 2618 1600 ac
2649 1561 2749 1614 pro
2801 1545 3048 1619 singulis
3099 1547 3438 1605 hominibus
3486 1556 3689 1622 gentes

2044 1631 2297 1703 integras
2321 1635 2446 1688 tum
2479 1633 2826 1706 occiderent,
2859 1640 2984 1692 tum
3025 1645 3314 1706 caperent.
3349 1638 3494 1704 Quid
3529 1642 3685 1712 quod

2044 1719 2240 1776 eodem
2270 1719 2363 1775 die
2394 1721 2508 1778 duo
2542 1727 2706 1794 parta
2734 1727 2875 1780 sunt
2901 1729 3140 1797 tropaea,
3164 1742 3295 1780 cum
3322 1728 3521 1783 navale
3544 1745 3686 1800 prae-

2043 1809 2189 1866 lium
2224 1811 2485 1867 terrestri
2514 1813 2722 1870 fuisset
2770 1815 3157 1886 adzequatum.
3189 1815 3310 1872 Soli
3337 1817 3487 1873 enim
3517 1833 3583 1874 ex
3613 1818 3685 1874 iis

271 1922 390 1956 πων
416 1905 524 1956 τῶν
567 1900 644 1964 εἷς
683 1900 864 1956 κοινὸν
913 1899 1390 1975 πολιτευσαμένων
1423 1901 1524 1969 τήν
1580 1900 1676 1972 μὲν
1725 1898 1921 1955 οἰκείαν

2044 1900 2144 1972 qui
2177 1915 2549 1957 communem
2580 1902 2960 1960 instituerunt
2991 1904 3411 1977 rempublicam
3436 1915 3488 1962 et
3518 1924 3683 1963 suam

273 1989 457 2066 ὥσπερ
507 1987 806 2066 ἀλλοτρίαν
849 1990 1130 2064 ἐνόμισαν,
1161 1992 1262 2061 τήν
1309 1987 1355 2044 δ’
1404 1988 1700 2065 ἀλλοτρίαν
1729 1991 1775 2026 ⁷³
1814 1991 1921 2068 οὐχ

2042 1988 2332 2062 regionem
2354 2007 2458 2062 pro
2481 1991 2667 2048 aliena
2700 1993 3048 2062 habuerunt,
3074 1998 3130 2050 et
3151 1993 3341 2050 aliena
3360 2013 3486 2066 quas
3509 2002 3685 2067 esset,

271 2080 448 2136 αὑτῶν
508 2079 805 2154 ἀλλοτρίαν
856 2079 1001 2136 ἀλλὰ
1056 2084 1162 2134 τῶν
1223 2079 1315 2134 σὺν
1376 2077 1538 2152 κακίᾳ
1581 2079 1918 2154 νεμομένων.

274 2175 322 2225 Φ
361 2167 425 2224 λθ
516 2192 528 2206 ⁸
584 2166 631 2224 δ,
686 2163 764 2222 apt
1010 2168 1021 2190 ρ
1196 2166 1269 2188 ’κς
1415 2169 1428 2187 ι
1595 2170 1608 2188 ο
1689 2191 1696 2202 ,
1774 2167 1785 2188 ν

327 2190 358 2223 υ
399 2189 543 2224 ακωθ
682 2190 740 2223 εο
770 2189 912 2224 ωσαν
965 2171 1102 2244 βιον.
1153 2183 1277 2224 ουοε
1330 2189 1541 2224 τουτων
1601 2166 1922 2242 ιδρδμενων,

272 2257 394 2314 οὐνέ
423 2279 482 2333 γε
531 2259 650 2322 ὲνὸς
687 2257 858 2313 τόπου
897 2257 1043 2320 τινὸς
1093 2255 1432 2332 περιπόλων.
1476 2254 1654 2314 Ἀλλά
1696 2261 1795 2312 τοῦ
1835 2254 1926 2312 διὰ

275 2348 456 2418 πάσης
501 2354 606 2423 γῆς
653 2349 698 2384 τε
746 2346 1076 2418 Ἑλληνικοῦ
1132 2345 1466 2422 περιπόλους
1523 2345 1760 2406 ἐκείνους
1809 2347 1921 2420 χρῆ

275 2435 483 2494 καλεῖν.
515 2437 662 2497 ’Έως
692 2429 834 2513 ἔγνω
878 2435 1133 2510 βασιλεὺς
1161 2433 1426 2510 ἀνταίρων
1456 2438 1525 2509 τῇ
1558 2433 1718 2489 πόλει
1749 2453 1925 2509 παρα-

271 2512 512 2596 πλήσιον
546 2512 741 2596 ποιῶν,
772 2522 956 2600 ὥσπερ
990 2521 1051 2578 ἃν
1082 2524 1127 2578 εἰ
1169 2523 1302 2599 πρὸς
1332 2523 1512 2601 φλόγα
1549 2521 1768 2592 πολλὴν
1801 2520 1922 2577 ἔπι-

276 2615 437 2667 οὖσαν
472 2610 610 2683 ὕλην
645 2610 952 2687 ἐπηρμένος
980 2613 1305 2689 ἠγωνίζετο.
1339 2613 1466 2686 [659
1630 2608 1792 2667 Οὐδὲν
1819 2610 1920 2685 γὰρ

272 2702 336 2770 ἦν
365 2700 396 2757 ὅ
424 2723 478 2756 τι
510 2701 608 2757 οὐκ
637 2695 894 2776 ἔπασχεν,
928 2700 1053 2757 ἀλλ’
1085 2700 1409 2772 ἀνηλίσκετο
1440 2701 1600 2763 αὐτὸς
1631 2699 1682 2771 ἐξ
1730 2700 1920 2768 αὑτοῦ,

272 2789 361 2846 καὶ
418 2793 518 2860 τήν
576 2791 764 2866 χώραν
821 2789 1175 2866 ἐπιτείχισμα
1227 2797 1328 2861 τῆς
1385 2792 1578 2847 ἑαυτοῦ
1643 2790 1920 2864 σωτηρίας

268 2876 414 2958 ἔχων
448 2876 664 2953 ᾔσθετο.

339 2967 471 3093 ΕΤήν
523 2965 660 3022 ίδίαν
722 2969 910 3043 χώραν
954 2971 1074 3024 καθ’
1114 2970 1272 3026 εαυτῦ
1305 2989 1320 3006 ο
1388 2969 1437 3043 ἐξ
1489 2972 1654 3036 αὐτῆς
1713 2971 1816 3048 γὰρ
1866 2967 1922 3028 οἱ

373 3045 577 3093 ηναῐοι.
609 3040 732 3093 ’ἲίτοι
763 3047 864 3093 τῆς
911 3041 1115 3093 Ἀσίας.
1156 3043 1230 3093 ὡς
1271 3039 1322 3093 ἐξ
1353 3041 1703 3093 ὁοιιηδηοίου
1752 3041 1918 3093 (iam.

265 3039 734 3124 ’éﬁnvaio‘tuﬁfoi
763 3039 864 3111 τῆς
911 3041 1115 3124 ’ᾼσίας.
1156 3043 1230 3104 ὡς
1271 3039 1322 3113 ἐξ
1353 3039 1703 3118 ὁρμηδηρίου
1726 3039 1918 3124 ’ἂξρορ-

271 3114 480 3185 μῶντες
510 3112 558 3146 ⁷4
587 3108 861 3186 ἔβλαπτον
894 3113 1100 3187 αὐτόν.]

344 3199 477 3275 Εἶχε
507 3201 555 3236 ⁷⁵
599 3201 694 3272 μέν
727 3221 790 3275 γε
817 3201 865 3237 ’⁷⁸
902 3201 1007 3276 πρὸ
1057 3205 1154 3257 τοῦ
1199 3203 1291 3258 τὸν
1340 3202 1508 3278 μέχρι
1559 3209 1793 3274 Πηνειοῦ
1832 3205 1920 3261 τό.

269 3287 592 3345 πον.Καίτοι
618 3289 682 3344 τὸ
714 3290 1022 3363 θαυμαστὸν
1053 3289 1383 3365 ἀφεῖλον,ὠς
1415 3290 1522 3363 ἤδη
1545 3313 1598 3348 τι
1629 3295 1784 3366 [1221
1825 3295 1916 3368 R.]

244 3377 578 3451 ,θαυμαστὸν
609 3377 800 3455 λέγων.
835 3380 968 3454 Εἶχε
988 3378 1158 3434 πάντα
1185 3381 1278 3436 τὸν
1313 3382 1481 3456 μέχρι
1513 3384 1612 3450 τῆς
1645 3383 1916 3456 Ἀττικῆς,

267 3464 371 3530 ἓως
403 3466 615 3542 ἐνέτυχε
652 3474 770 3531 τοῖς
802 3467 862 3523 ἐκ
888 3475 990 3538 τῆς
1020 3469 1272 3539 ’Δττικῆς
1301 3469 1351 3525 έν
1379 3474 1447 3544 τῇ
1479 3471 1717 3546 θαλάττῃ
1745 3490 1761 3506 ·
1788 3494 1919 3529 τοσ-

271 3560 430 3612 οὖτον
461 3555 810 3631 παρελήλυθε
829 3559 919 3612 τὸν
953 3558 1205 3636 ὀμφαλὸν
1221 3561 1319 3628 τῆς
1350 3567 1450 3634 γῆς
1471 3581 1530 3616 τε
1559 3563 1648 3615 καὶ
1677 3569 1778 3632 τῆς
1799 3560 1919 3618 Ἐλ-

268 3642 439 3707 λάδος
465 3645 592 3707 τοὺς
640 3644 901 3724 Δελφούς.
936 3648 1029 3702 Ἐκ
1059 3644 1116 3702 δὲ
1161 3651 1268 3702 τῶν
1299 3651 1397 3716 τῆς
1439 3648 1656 3712 πόλεως
1693 3652 1914 3726 ἀγώνων

267 3733 358 3787 καὶ
399 3732 724 3789 ἀποστόλων
767 3733 843 3796 εἷς
879 3738 1042 3790 τοῦτο
1074 3735 1119 3772 ⁷⁷
1175 3735 1467 3805 κατῆλθεν,
1501 3735 1638 3792 ὥστε
1685 3738 1917 3812 ὡμολό-

267 3843 403 3899 γησε
433 3819 582 3877 δυοῖν
610 3825 654 3860 ’³⁸
689 3824 784 3897 μὲν
812 3825 962 3898 ὅροιν
996 3822 1124 3879 εἶ’σω
1159 3825 1353 3898 μηκέτι
1385 3823 1756 3896 πλευσεῖσθαι,
1779 3827 1915 3902 πρὸς

275 3906 618 3986 μεσημϐρίαν
656 3913 751 3986 μὲν
781 3910 1113 3975 Χελιδονέας
1141 3913 1208 3984 ⁷⁸,
1249 3915 1386 3988 πρὸς
1429 3912 1485 3969 δὲ
1530 3914 1726 3990 ἄρκτον
1769 3921 1914 3971 Κυα-

267 4001 387 4062 νέας
445 4000 690 4076 θέμενος,
759 4002 1034 4074 θαλάσσης
1099 4000 1145 4058 δ’
1203 4003 1409 4081 ἀφέξειν
1476 4002 1590 4060 ἴσον
1663 4013 1910 4082 πανταχῆ

268 4085 520 4154 σταδίους
552 4093 944 4155 πεντακοσίους
977 4111 990 4126 ·
1035 4093 1162 4148 ὥστ’
1193 4094 1332 4150 εἶναι
1372 4095 1463 4150 τὸν
1495 4094 1696 4152 κύκλον
1723 4100 1914 4152 τοῦτον

267 4179 384 4236 ἀντ’
413 4179 593 4236 ἄλλου
623 4181 771 4244 τινὸς
804 4183 1064 4262 στεφάνου
1091 4188 1208 4246 τοῖς
1258 4182 1529 4256 Ἕλλησιν
1565 4185 1698 4260 ὑπὲρ
1747 4206 1914 4264 κεφα-

264 4267 393 4340 λῆς,
427 4270 514 4324 καὶ
543 4272 644 4340 τήν
678 4275 919 4347 φρουρὰν
951 4271 1002 4343 ἐξ
1050 4271 1218 4343 αὐτῆς
1247 4281 1346 4344 τῆς
1376 4273 1564 4350 χώρας
1612 4279 1709 4331 τοῦ
1752 4277 1914 4351 βασι-

268 4355 431 4420 λέως.

339 4447 534 4503 Καίτοι
562 4449 609 4486 ⁸ο
635 4449 689 4504 τί
735 4448 964 4506 κάλλιον
995 4450 1138 4506 εἷ’ποι
1187 4472 1272 4514 τις
1300 4451 1524 4528 εἰρήνης
1571 4454 1606 4523 ἢ
1659 4452 1911 4528 πολέμου

2033 2095 2150 2134 non
2185 2079 2295 2135 sibi
2330 2078 2608 2146 alienam,
2640 2083 2740 2138 sed
2771 2082 2846 2138 iis
2879 2082 2976 2155 qui
3023 2099 3148 2139 eam
3182 2100 3315 2140 cum
3351 2084 3563 2141 scelere
3595 2086 3686 2141 in-

2034 2167 2308 2236 colerent,
2341 2171 2648 2226 custodum
2676 2171 2930 2243 denique
2962 2188 3122 2228 more
3151 2173 3441 2242 vixerunt,
3468 2191 3581 2229 non
3617 2179 3685 2229 ut

2033 2258 2132 2329 qui
2165 2257 2225 2313 in
2257 2258 2544 2329 praesidiis
2577 2259 2842 2315 collocati
2872 2265 3032 2330 sunt,
3066 2269 3165 2316 aut
3198 2279 3381 2317 unum
3425 2261 3680 2334 aliquem

2031 2347 2224 2404 locum
2255 2347 2490 2415 obeunt,
2515 2349 2616 2405 sed
2643 2350 3048 2406 utGraecorum
3081 2351 3347 2407 omnium
3378 2367 3478 2423 per
3501 2356 3681 2408 totam

2031 2443 2240 2492 terram
2290 2437 2586 2494 circitores
2635 2438 2934 2495 nominare
2973 2440 3294 2510 oportebat.
3327 2440 3518 2495 Donec
3549 2445 3680 2496 tan-

2030 2526 2160 2582 dem
2190 2525 2458 2597 cognovit
2490 2542 2607 2593 rex,
2634 2528 2876 2598 perinde
2898 2544 2959 2582 se
2981 2531 3187 2583 contra
3221 2527 3422 2582 urbem
3457 2527 3676 2584 bellum

2029 2614 2276 2686 cepisse,
2299 2629 2365 2668 ac
2387 2615 2433 2669 si
2456 2614 2574 2685 igni
2604 2614 2716 2670 late
2746 2616 3039 2686 grassanti
3070 2616 3261 2671 oleum
3290 2615 3678 2686 Opposuisset.

2026 2704 2179 2761 Nihil
2212 2703 2368 2758 enim
2401 2704 2597 2758 damni
2629 2707 2772 2773 erat,
2804 2705 2960 2775 quod
2996 2719 3110 2760 non
3151 2709 3463 2776 pateretur,
3496 2705 3579 2760 sic
3613 2708 3677 2761 ut

2025 2793 2153 2867 ipse
2183 2797 2623 2851 consumeretur
2643 2810 2676 2848 a
2696 2808 2841 2858 sese,
2865 2810 2933 2849 ac
2956 2793 3210 2866 regionis
3232 2792 3484 2866 spatium
3515 2794 3676 2850 salu-

2026 2883 2102 2940 tis
2133 2881 2464 2939 subsidium
2496 2880 2710 2938 habere
2740 2897 2802 2937 se
2833 2881 3200 2954 intelligeret.

2125 2971 2419 3044 Propriam
2443 2971 2734 3044 regionem
2767 2975 2968 3044 contra
2989 2970 3268 3044 seipsum.
3296 2971 3375 3027 Ex
3392 2971 3502 3044 hac
3524 2971 3678 3028 enim

2027 3041 2437 3186 Athenti'cinses,
2469 3041 2690 3099 scilicet
2733 3043 2874 3099 Asia
2920 3041 3088 3098 velut
3107 3059 3177 3099 ex
3205 3059 3335 3099 arce
3368 3043 3532 3099 illum
3563 3045 3677 3115 eje-

2029 3132 2206 3172 cerun
2241 3157 2252 3170 .

2029 3132 2252 3172 ΟΘΓΙΠΠ..

2099 3205 2243 3261 Nam
2277 3204 2558 3260 hactenus
2587 3203 2823 3275 quidem
2859 3220 3042 3277 usque
3063 3205 3132 3260 ad
3152 3209 3405 3260 Peneum
3425 3205 3676 3276 impera-

1950 3251 1992 3318 C
2029 3251 2262 3358 εαὶξέιῖὶι
2279 3251 2474 3365 gazis.
2494 3251 2962 3365 (agnam;
2984 3251 3486 3364 ρὶιῗιοτηᾎὲιηιιο,
3501 3251 3678 3363 illi}-

2029 3399 2207 3455 quam
2251 3381 2501 3438 multum
2553 3381 2744 3437 dicere
2791 3381 3004 3452 videor)
3055 3398 3243 3453 usque
3293 3382 3361 3436 ad
3404 3382 3678 3447 Atticam,

2028 3473 2217 3528 404a
2250 3472 2436 3527 donec
2456 3469 2914 3526 Atheniensibus
2937 3469 2997 3524 in
3021 3470 3166 3524 mari
3196 3469 3464 3526 occurrit.
3493 3473 3677 3526 Tanto

2019 3561 2143 3633 jam
2176 3561 2366 3632 spatio
2399 3558 2672 3632 Delphos,
2705 3563 2870 3614 terrae
2922 3559 3102 3614 totius
3152 3559 3501 3629 Graciaeque
3552 3574 3678 3615 um-

2025 3650 2264 3706 bilicum
2314 3649 2429 3722 (78)
2483 3649 2812 3704 transierat.
2845 3650 2925 3702 Ac
2975 3664 3077 3718 per
3123 3647 3287 3701 urbis
3337 3649 3678 3716 certamina,

2025 3746 2083 3796 et
2127 3739 2380 3794 marinas
2427 3737 2822 3808 expeditiones
2859 3752 3045 3806 usque
3075 3751 3140 3791 eo
3172 3736 3444 3790 redactus
3474 3738 3580 3800 est,
3615 3744 3677 3790 ut

2027 3827 2402 3900 polliceretur
2431 3843 2490 3882 se
2523 3841 2626 3880 nec
2658 3825 2940 3880 terminos
2971 3824 3139 3889 duos,
3171 3823 3555 3880 Chelidoneas
3601 3824 3671 3878 ad

2027 3916 2355 3981 meridiem,
2387 3915 2644 3983 Cyaneas
2676 3912 2749 3968 ad
2776 3911 3217 3982 septentriones,
3250 3911 3476 3982 navigio
3509 3911 3675 3966 dein-

2027 4021 2161 4076 ceps
2193 4008 2630 4076 superaturum,
2657 4012 2712 4058 et
2733 4019 2764 4057 a
2789 4000 2935 4056 mari
2968 4001 3039 4056 ad
3071 3999 3388 4073 quingenta
3419 4000 3676 4072 undique

2027 4095 2215 4152 stadia
2264 4108 2652 4158 recessurum,
2683 4092 2826 4148 adeo
2864 4094 2928 4146 ut
2967 4089 3123 4145 orbis
3171 4088 3268 4146 ille
3315 4106 3414 4160 pro
3461 4105 3676 4145 corona

2010 4175 2234 4256 capitis
2262 4182 2475 4240 Graecis
2505 4186 2682 4246 esset,
2706 4186 2764 4236 et
2785 4180 2842 4236 in
2866 4181 2990 4250 ipso
3015 4180 3136 4250 jam
3171 4179 3328 4249 regio
3356 4194 3492 4250 agro
3526 4193 3671 4248 pras-

2027 4273 2180 4330 sidia
2209 4271 2556 4330 collocarent
2578 4287 2707 4327 sua.

2095 4460 2276 4526 Quem
2305 4461 2495 4512 autem
2528 4453 2919 4527 pulchriorem
2950 4451 3040 4508 vel
3073 4451 3232 4525 pacis
3263 4451 3348 4508 vel
3375 4450 3530 4520 belli,
3550 4456 3668 4507 tam

259 4535 583 4627 ηφάλαιον,
633 4539 668 4609 ἢ
716 4540 852 4612 πρὸς
902 4538 1182 4610 ’Έλληνας
1225 4543 1261 4612 ἢ
1301 4543 1438 4616 πρὸς
1489 4538 1816 4619 βαρϐάρους,
1865 4548 1910 4620 ᾦ

2042 4552 2226 4605 ιοοίιιε
2257 4549 2480 4604 Grzscos
2512 4560 2690 4616 quam
2723 4549 2926 4598 contra
2954 4541 3256 4610 Barbaros,
3287 4541 3506 4597 exitum
3539 4541 3672 4613 quis

266 4623 581 4683 κατέκλεισε
636 4627 760 4684 τότε
817 4629 912 4692 τὰς
968 4630 1186 4704 πράξεις
1242 4632 1278 4700 ἡ
1337 4629 1538 4703 πόλις;
1606 4633 1696 4688 καὶ
1749 4639 1916 4691 ταῦτα

267 4715 450 4791 μέντοι
481 4721 712 4774 τοσαῦτα
749 4719 840 4774 καὶ
870 4723 1100 4775 τοιαῦτα
1130 4716 1322 4785 διῆλθε
1361 4721 1456 4775 σὺν
1487 4721 1724 4785 πολλοῖς
1765 4723 1918 4798 ὅμως

259 4805 628 4880 ἐναντιώμασι
657 4809 765 4863 τῶν
816 4807 1122 4881 Ἑλλήνων,
1153 4808 1242 4865 καὶ
1293 4812 1508 4866 πάντων
1559 4811 1740 4888 ὥσπερ
1791 4815 1915 4870 ἀνθ·

261 4894 561 4957 ελκόντων.
611 4899 682 4953 Τὸ
711 4900 754 4936 ³¹
806 4898 910 4975 γὰρ
943 4897 994 4954 ἐν
1041 4897 1276 4974 πολέμῳ
1315 4899 1404 4956 καὶ
1455 4899 1760 4980 φιλονεικίᾳ
1808 4909 1915 4978 τῷν

2027 4638 2298 4710 reperiat,
2327 4652 2504 4709 quam
2541 4651 2655 4708 quo
2687 4650 2779 4691 res
2809 4633 2917 4689 has
2949 4632 3091 4690 urbs
3122 4631 3450 4688 conclusit?
3477 4632 3673 4696 Quan-

2027 4744 2204 4800 quam
2255 4742 2362 4784 nec
2411 4727 2530 4782 haec
2579 4724 2723 4796 ipsa,
2757 4739 2882 4796 quae
2917 4726 2998 4778 tot
3024 4725 3306 4793 tantaque
3353 4725 3514 4789 sunt,
3545 4721 3676 4776 sine

2026 4816 2225 4872 multis
2259 4817 2582 4872 Graecorum
2617 4811 2931 4868 obstaculis
2963 4810 3205 4883 peregit,
3239 4809 3512 4865 omnibus
3541 4824 3668 4864 eam

2025 4905 2195 4978 quasi
2249 4903 2678 4977 diripientibus.
2713 4901 2942 4958 Etenim
2985 4899 3138 4972 quod
3171 4914 3284 4954 non
3315 4896 3497 4954 Graeci
3528 4911 3672 4953 con-

1648 5038 1889 5095 VARl/E
1929 5038 2342 5096 LECTIONES.

333 5133 644 5216 fﬁlllp.
907 5140 950 5176 “
981 5137 1153 5196 πλέον
1185 5146 1270 5216 Au:
1298 5139 1482 5216 πλείω
1515 5143 1597 5216 ς’.

589 5208 605 5265 ξ
657 5208 874 5281 μᾶλλον
902 5227 1018 5268 om.
1048 5215 1116 5272 Α.

259 5205 485 5314 μᾶλλον
519 5205 606 5283 CI
657 5208 874 5281 μᾶλλον
902 5227 1018 5268 om.
1048 5215 1116 5272 A.
1219 5213 1336 5249 “'“
1382 5214 1440 5268 οὐ

265 5277 1092 5392 323331;”:333:3...15’3?‘
1123 5286 1342 5392 ἵέἕὲί
1373 5287 1440 5392 ἑο

295 5421 447 5485 ονέας
488 5428 526 5477 Β
561 5440 574 5480 :
609 5421 929 5488 Χὲλίδονίας

1693 5144 1740 5180 ⁸³
1771 5145 1893 5217 ἑξῆς
1926 5150 1969 5201 Α
2006 5162 2020 5203 ε
2061 5145 2251 5217 ἐφεξῆς
2281 5144 2366 5217 ς’.

1219 5213 1336 5249 οιοοο
1382 5214 1448 5289 φά
1481 5208 1557 5289 ἦ
1592 5208 1906 5289 ἠπειγόμην
1957 5208 2166 5275 οω.’Β.

312 5284 600 5364 ⁸’δμ.οὖ].ι›.
630 5284 797 5364 263._
864 5284 910 5318 ⁷⁸
940 5284 1092 5364 ὶζτῇ
1123 5286 1193 5364 ﬁ"
1222 5301 1342 5364 ραι.
1374 5287 1440 5342 Α.
1463 5284 1562 5364 “71
1597 5284 1774 5364 μόνοὶ]
1799 5284 1870 5361 ’ρζ
1892 5291 2020 5346 265.
2098 5290 2145 5325 ⁷²
2163 5285 2598 5364 ’ἀλλοτρίων

308 5353 472 5436 ὧντες
488 5355 551 5436 ἐι
577 5370 590 5407 :
611 5353 928 5436 ἀφρρίὺντες
1115 5353 1178 5436 1"
1197 5355 1339 5436 εἶχε]
1373 5374 1429 5436 ρ.
1461 5353 1624 5436 269.;
1691 5353 1977 5436 7f}é_9m.
2006 5366 2071 5417 A.

259 5370 589 5485 ἔὲῗέἔέςὲλε·
609 5370 929 5488 Ξῗῖῗδῗξῖἓὲ
956 5370 1044 5500 2-:
1114 5370 1169 5463 εἰῖ
1191 5370 1644 5502 ξέιίξὲιῗρῗδὲἓγ.
1697 5370 1989 5503 triﬁdis
2006 5370 2086 5488 AA“.
2119 5370 2209 5489 εέἰ
2237 5379 2452 5504 ζῗὲἕέῗ

2468 5143 2515 5180 σει
2544 5139 2712 5214 ἀλλὰ]
2746 5157 2801 5214 ρ.
2833 5143 2938 5196 258
2968 5144 3113 5196 extr.
3216 5139 3264 5170 οι
3305 5139 3474 5212 λόγου
3502 5140 3638 5191 τοῦτι

2473 5235 2502 5270 ο
2525 5221 2649 5297 ,ξιτ
2695 5216 2866 5297 Ξηαῦἳα
2901 5211 2982 5286 ξ·
3010 5284 3038 5296 -
3085 5205 3365 5297 ⁶⁸.⁴⁶σ,τερ1
3406 5205 3638 5297 (irae-1*

3419 5279 3471 5388 ἵε
3497 5299 3668 5410 ἕὲἒίίῖῖ

3216 5136 3264 5170 ⁶⁴
3305 5134 3474 5212 λόγου
3502 5140 3664 5191 τοῦτο

2267 5205 2322 5252 ⁵⁷
2339 5217 2502 5270 τοῦτο
2553 5221 2602 5286 ᾼ
2634 5230 2649 5272 :
2695 5205 2866 5286 ταῦτα
3015 5284 3037 5286 η
3085 5210 3130 5246 ⁸⁸
3160 5205 3365 5286 ὅπερ]

2695 5285 2743 5322 ’³³
2767 5283 2943 5353 πάσης
2972 5284 3077 5355 τῆς
3101 5286 3206 5355 γῆς

2163 5361 2206 5395 ’⁷⁷
2239 5359 2316 5420 εἲς
2341 5350 2811 5431 τοῦτο]’τοσοῦτον
2844 5350 2909 5410 Α.
2987 5355 3030 5390 ’³⁸
3057 5350 3200 5408 δυέῖν
3235 5350 3317 5426 ς’.

1853 5556 2067 5615 NOTAE

257 5629 435 5740 ἶεςςιε)
467 5656 629 5716 Plnd.
679 5660 844 5734 Pyth.
895 5662 986 5718 od.
1037 5659 1093 5728 8,
1143 5665 1202 5718 et
1251 5663 1336 5731 11,
1387 5663 1584 5736 Eurip.
1643 5662 1858 5734 ledae;
1898 5665 2082 5737 Plato,
2139 5665 2241 5737 lib,
2294 5668 2347 5734 4,
2411 5667 2482 5722 οε
2539 5663 2726 5736 repub.
2788 5663 2965 5720 Clem.
3024 5661 3185 5718 Alex.
3250 5659 3534 5733 Protrept.
3589 5666 3646 5720 et

262 5724 380 5783 alii.
418 5724 425 5727 ⁷
595 5767 606 5777 .
