4008 6450
332 272 483 335 1471
1012 296 1037 327 ε

335 505 417 562 hil
450 508 645 560 tamen
677 505 747 559 de
779 505 1107 559 Graecorum
1158 518 1295 558 cura
1343 501 1602 559 remisit:
1634 518 1835 557 verum
1878 519 1979 573 pro

336 592 628 650 communi
677 590 863 646 salute
908 590 1125 647 bellum
1175 608 1308 647 cum
1352 607 1484 663 rege
1523 594 1677 647 terra
1715 591 1981 662 marique

334 681 535 754 gessit,
560 688 789 750 quantas
813 684 901 736 est
923 680 1104 736 animi
1129 680 1570 752 magnitudinis,
1596 686 1804 752 praeter
1824 680 1974 751 quod

334 772 393 824 in
428 773 508 823 tot
539 772 731 839 partes
762 786 822 824 se
853 770 1066 838 divisit,
1100 774 1273 841 atque
1302 772 1499 827 omnia
1531 787 1643 825 non
1675 786 1842 825 secus
1891 772 1979 824 at-

333 873 447 928 que
477 856 707 929 singula
736 858 980 928 curavit,
1004 864 1062 915 et
1092 875 1223 914 cum
1257 859 1437 914 animi
1469 859 1825 923 fortitudine,
1850 862 1977 912 tum

334 951 649 1018 apparatus
699 948 1105 1019 magnitudine
1153 948 1555 1005 admirandam
1607 966 1668 1005 se
1710 947 1974 1019 praebuit.

332 1037 476 1092 Nam
509 1042 566 1092 et
596 1042 796 1093 contra
818 1038 1103 1095 Barbaros
1134 1039 1216 1095 ita
1242 1056 1303 1094 se
1333 1039 1533 1110 gessit,
1557 1039 1723 1110 quasi
1755 1037 1825 1092 ab
1849 1053 1977 1092 om-

334 1125 505 1182 nibus
554 1128 797 1198 negotiis
844 1133 1090 1200 vacaret,
1124 1145 1228 1184 nec
1258 1129 1488 1183 interim
1530 1128 1761 1195 Graecis,
1797 1127 1846 1182 si
1878 1126 1977 1198 qui

333 1220 504 1272 erant
562 1216 782 1287 infesti,
833 1217 1198 1275 occasionem
1257 1218 1516 1290 gerendi,
1568 1234 1697 1289 qua:
1742 1216 1976 1283 vellent,

336 1306 578 1378 praebuit
604 1322 617 1361 :
648 1322 849 1363 verum
883 1310 939 1361 et
971 1307 1057 1363 his
1088 1307 1167 1362 ita
1197 1323 1258 1362 se
1288 1307 1519 1362 obviam
1547 1307 1725 1372 dedit,
1758 1310 1823 1360 ut
1853 1305 1977 1376 qui-

333 1412 439 1452 nas
471 1397 555 1451 vel
589 1395 764 1452 etiam
788 1396 985 1468 plures
1008 1397 1176 1452 simul
1212 1413 1301 1452 res
1325 1397 1395 1452 ab
1420 1413 1483 1452 ea
1505 1400 1714 1468 gestas,
1738 1394 1892 1450 velut
1914 1411 1982 1450 ea

334 1500 458 1556 quae
492 1488 871 1541 numerantur
902 1486 1280 1555 conjunctim,
1305 1501 1758 1541 commemorare
1791 1485 1975 1540 liceat.

330 1575 609 1631 Vicerunt
631 1576 787 1631 enim
804 1575 1260 1648 Peloponnesios
1274 1575 1464 1631 navali
1481 1575 1677 1643 praelio
1693 1576 1763 1631 ad
1783 1578 1957 1650 Cecry
1970 1597 1992 1607 -

332 1664 614 1737 phaliam,
638 1669 694 1720 et
724 1664 1016 1737 [Eginetas
1049 1666 1119 1720 ad
1149 1665 1439 1737 nginam,
1464 1669 1519 1720 et
1551 1681 1781 1721 rursum
1819 1666 1983 1721 Pelo-

1540 275 1809 337 PHO'I‘II
1853 276 2386 340 PATltIABCHIE
2429 279 2544 340 GP.

335 414 653 472 tentionem
677 420 735 471 et
756 415 973 470 bellum
1001 420 1201 469 contra
1230 413 1420 484 ipsam
1451 411 1867 484 suscepissent,
1892 412 1981 475 ni:
2012 415 2061 479 Α

3613 281 3807 339 1472

2165 409 2447 482 Ἐλλήνων
2476 412 2611 488 πρὸς
2664 412 2828 481 αὐτὴν
2866 412 3276 481 καθεστηκότων
3327 420 3435 482 τῆς
3482 412 3647 486 ὑπὲρ
3688 417 3810 466 τῶν

2089 499 2371 572 Ἑλλήνιον
2430 503 2686 577 προνοίας
2767 498 2935 574 μηδὲν
3001 498 3213 574 μᾶλλον
3273 502 3571 579 ἀρεῖσθαι,
3658 498 3808 554 ἀλλ’

2094 592 2225 665 ὑπὲρ
2264 596 2371 646 τῶν
2421 596 2578 666 κοινῇ
2630 593 3010 667 συμφερόντων
3072 591 3291 665 βασιλεῖ
3338 588 3642 663 πολεμεῖν
3709 587 3809 643 δια

2084 689 2189 757 γῆς
2218 681 2429 752 ἀπάσης
2461 682 2549 736 καὶ
2585 680 2882 751 Θαλάττης,
2914 682 3057 755 πόσῃ
3088 679 3196 735 τινὶ
3230 682 3343 756 χρὴ
3376 682 3425 717 εξ
3463 684 3545 753 τῇ
3604 700 3801 753 μεγα-

2086 769 2335 845 λοψυχίᾳ
2377 774 2733 848 προσθεῖναι;
2779 770 2957 849 χωρὶς
2986 775 3084 825 τοῦ
3125 770 3259 843 πρὸς
3290 772 3335 805 ⁸³
3366 773 3637 825 τοσαῦτα
3692 790 3798 841 με-

2089 862 2356 934 ρισθῆναι,
2409 862 2499 915 καὶ
2571 862 2785 915 πάντων
2850 860 2925 923 ὡς
3002 859 3184 932 μόνων
3256 860 3506 914 ἑκάστων
3590 857 3798 936 ἐφικέ-

2087 952 2207 1004 σθαι
2239 951 2305 1023 ⁸⁸,
2344 958 2444 1021 τῆς
2479 951 2572 1024 μὲν
2622 951 2849 1024 γνώμης
2881 950 2979 1018 τήν
3029 946 3296 1023 ἀνδρείαν,
3322 956 3427 1017 τῆς
3481 946 3553 1002 δὲ
3587 969 3795 1022 παρα-

2088 1037 2280 1101 σκευῆς
2334 1040 2432 1107 τήν
2494 1032 2805 1112 ὑπερϐολήν
2858 1035 3119 1115 παρέχειν
3190 1037 3495 1108 θαυμάσαι.
3567 1037 3657 1090 Tz'
3730 1057 3789 1090 τε

2085 1128 2187 1203 γὰρ
2234 1128 2370 1201 πρὸς
2417 1126 2543 1188 τοὺς
2593 1123 2901 1201 βαρϐάρους
2950 1126 3026 1189 ὼς
3069 1131 3244 1180 πᾶσαν
3304 1126 3521 1200 ᾄγουσα
3556 1128 3615 1162 ⁸⁵
3674 1125 3789 1179 ἀπὸ

2087 1218 2301 1271 πάντων
2335 1214 2572 1291 σχολήν,
2608 1217 2753 1270 οὕτω
2786 1213 3121 1289 διῳκήσατο,
3150 1216 3239 1269 καὶ
3271 1220 3390 1277 τοῖς
3442 1214 3787 1291 ἐνοχλοῦσι

2086 1310 2192 1361 τῶν
2227 1304 2511 1376 Ἑλλήνων
2560 1302 2714 1359 οὒδέν
2766 1302 2978 1377 μᾶλλον
3029 1303 3249 1379 ὓπῆρχε
3295 1306 3641 1379 χρήσασθαι
3704 1310 3791 1375 τῷ

2087 1394 2281 1470 καιρῷ,
2315 1394 2459 1450 ἀλλά
2487 1393 2576 1449 καὶ
2623 1394 2836 1455 τούτοις
2887 1392 3059 1455 οὕτως
3102 1394 3442 1464 ἀπήντησεν,
3478 1393 3637 1448 ὥστε
3686 1393 3785 1447 :r'n

2088 1485 2244 1540 πέντε
2294 1484 2383 1539 καὶ
2425 1483 2516 1538 σὺν
2565 1482 2741 1539 πλείω
2776 1484 2924 1538 ταῦτ’
2973 1480 3120 1558 ἔχειν
3172 1482 3422 1559 ἀριθμεῖν
3456 1484 3530 1555 8⁷,

2084 1572 2232 1629 ἄλλα
2274 1573 2405 1628 ἄττα
2450 1571 2776 1648 συλλήβδην
2832 1572 3228 1647 ἀριθμούμενα.
3260 1572 3493 1626 Ἐνίκων
3556 1572 3663 1644 μέν
3714 1595 3781 1648 γε

2090 1663 2372 1737 ναυμαχίᾳ
2429 1661 2899 1733 Πελοποννησίους
2958 1660 3046 1716 ἐπὶ
3116 1660 3489 1741 Κεκρυιραλίᾳ,
3569 1661 3773 1717 ἐνίκων

3600 1484 3630 1502 ’1

3584 1504 3786 1558 ωσπερ

332 1754 667 1826 ponnesios.
702 1754 916 1810 Deinde
962 1756 1406 1826 Megariensium
1458 1754 1669 1811 muenia
1712 1757 1780 1810 ad
1815 1772 1975 1811 mare

2180 1754 2472 1828 Δῖγινήτας
2525 1753 2661 1828 πρὸς
2706 1751 2914 1828 Αἰγίνῃ,
2965 1752 3057 1806 καὶ
3122 1750 3623 1822 Πελοποννησίους
3672 1753 3777 1806 αὖε

334 1860 512 1913 usque
542 1845 984 1916 protenderunl,
1018 1844 1343 1899 libertatem
1396 1861 1597 1900 eorum
1639 1844 1812 1901 simul
1844 1861 1975 1900 cum

332 1934 569 2005 regione
600 1934 994 1990 defendentes.
1018 1935 1161 1989 Tum
1184 1934 1512 1990 Corinthios
1535 1944 1667 1989 ante
1689 1936 1977 2007 Megaren-

336 2036 427 2080 ses
460 2022 708 2095 primum
742 2027 1116 2094 superarunt,
1150 2029 1207 2079 et
1239 2023 1445 2079 iterum
1481 2024 1683 2078 urbem
1717 2024 1980 2078 vicerunt

338 2117 470 2185 post
491 2114 614 2168 dies
632 2113 960 2179 duodecim,
978 2130 1109 2168 cum
1131 2113 1346 2183 injuste
1367 2121 1642 2185 tropaeum
1662 2112 1979 2183 surripuis-

337 2205 486 2258 sent.
511 2205 648 2266 Quae
671 2202 897 2257 tametsi
925 2201 1118 2272 magni
1142 2202 1420 2257 momenti
1452 2218 1565 2257 non
1599 2205 1756 2269 sunt,
1782 2202 1981 2256 dicen-

337 2296 433 2348 tur
463 2310 495 2347 a
526 2309 617 2347 me
648 2296 864 2357 tamen,
889 2291 1022 2347 licet
1050 2293 1342 2364 festinem,
1377 2292 1843 2364 quandoquidem
1878 2309 1977 2364 ap-

335 2382 549 2456 pendix
564 2397 685 2437 rem
704 2385 882 2437 tolam
899 2382 1171 2437 absolvet.
1187 2382 1329 2437 Cum
1349 2382 1503 2438 enim
1528 2382 1800 2437 abessent
1821 2381 1981 2437 urbis

340 2472 539 2542 copias,
582 2471 793 2543 partim
842 2472 911 2526 ad
958 2471 1359 2543 {Egyptiorum
1414 2471 1764 2539 subsidium,
1809 2486 1982 2526 naves

341 2562 559 2635 plures,
594 2578 766 2634 quam
799 2567 937 2618 tunc
968 2567 1132 2618 erant
1163 2563 1220 2618 in
1253 2566 1371 2619 tota
1402 2562 1639 2633 Graecia,
1672 2563 1880 2634 partim
1924 2562 1981 2617 in

336 2654 555 2724 nginae
587 2652 908 2722 obsidione,
940 2652 1194 2725 aggressi
1228 2657 1368 2708 sunt
1407 2653 1606 2708 hostes
1653 2653 1842 2709 Δοιιι)
1870 2652 1984 2707 Me-

334 2741 933 2814 garainvadere,quod
948 2742 1350 2798 existimabant
1364 2742 1801 2799 Atheniensium
1815 2743 1992 2799 otium

338 2831 451 2887 sibi
485 2831 540 2885 in
574 2831 942 2887 occasionem
977 2831 1056 2887 rei
1087 2832 1353 2904 gerendae
1386 2832 1610 2901 cedere,
1643 2838 1745 2888 aut
1776 2832 1985 2889 saltem

341 2921 389 2977 si
424 2922 563 2977 urbs
597 2937 831 2977 rursum
861 2922 1138 2989 vinceret,
1168 2923 1384 2995 Eginae
1417 2922 1779 2978 obsidionem
1829 2922 1989 2979 solu-

339 3015 464 3067 tum
494 3010 605 3065 iri:
631 3010 925 3083 siquidem
958 3011 1041 3066 illi
1064 3012 1299 3068 aliunde
1330 3028 1497 3085 opem
1529 3014 1675 3069 ferre
1708 3031 1821 3070 non
1854 3031 1986 3086 pos-

339 3105 490 3156 sent.
523 3098 612 3154 Illi
645 3104 839 3155 autem
873 3100 1015 3157 adeo
1048 3101 1155 3156 hoc
1185 3107 1584 3157 commentum
1616 3102 1890 3170 riserunt,
1924 3107 1987 3158 ut

342 3187 443 3259 qui
493 3188 563 3241 ad
615 3187 878 3258 zEginam
928 3192 1111 3256 erant,
1158 3205 1272 3244 non
1323 3190 1505 3258 magis
1554 3207 1728 3262 quam
1781 3191 1877 3262 qui
1927 3192 1985 3247 in

339 3278 586 3347 Egypto
637 3291 758 3331 rem
805 3292 1040 3331 omnem
1088 3276 1459 3347 ignorabant,
1505 3280 1627 3336 loco
1677 3297 1738 3335 se
1782 3297 1987 3337 move-

344 3368 494 3420 rent.

418 3451 687 3516 Quinimo
720 3451 844 3508 sola
874 3452 1095 3524 privato
1140 3454 1395 3525 periculo
1434 3457 1729 3514 communi
1761 3459 1991 3516 utilitati

348 3540 480 3597 stud
493 3539 592 3609 uit,
612 3544 669 3595 et
686 3539 1099 3597 beneﬁciorum
1119 3544 1286 3615 copia
1302 3544 1695 3615 principatum
1715 3548 1828 3603 sibi
1844 3564 1994 3603 com-

351 3629 597 3704 paravit,
632 3646 787 3685 more
831 3635 1130 3689 communi
1182 3638 1423 3691 mutato.
1456 3635 1578 3692 Non
1630 3637 1785 3693 enim
1836 3640 1991 3710 quod

351 3724 567 3795 oppida
609 3722 975 3796 subjugarat,
1010 3726 1107 3781 sed
1142 3728 1295 3798 quod
1344 3726 1525 3785 libera
1556 3730 1789 3799 fecerat,
1819 3731 1995 3803 impe-

354 3816 505 3870 rium
551 3818 633 3870 est
677 3815 927 3886 adepta:
954 3815 1036 3871 ita
1069 3819 1133 3871 ut
1161 3818 1363 3874 eodem
1415 3823 1672 3892 tempore
1703 3826 1758 3877 et
1785 3824 1996 3880 Graecis

356 3904 614 3970 libertas,
660 3907 716 3959 et
758 3904 887 3959 urbi
938 3905 1109 3961 fuerit
1156 3906 1465 3979 imperium
1510 3911 1814 3968 tributum.
1850 3913 1996 3969 Huic

356 3993 510 4050 enim
538 3991 641 4048 soli
677 3992 825 4048 ultro
857 3995 1432 4069 parueruntreliqui,
1455 4002 1510 4054 et
1532 3998 1687 4055 hunc
1714 4000 1993 4073 populum

356 4083 652 4140 communi
705 4084 980 4155 suffragio
1021 4086 1329 4157 jusserunt
1373 4088 1681 4160 imperare,
1732 4091 1874 4147 adeo
1932 4096 1999 4147 ut

357 4188 491 4228 cum
524 4172 702 4227 armis
734 4173 1020 4230 Barbaros
1064 4175 1368 4248 coegisset,
1398 4178 1582 4234 socios
1625 4183 1817 4235 tamen
1851 4180 1996 4236 nihil

356 4264 625 4332 precatus
668 4260 861 4329 fuerit,
895 4263 992 4317 sed
1028 4264 1287 4334 ipsorum
1340 4266 1607 4335 precibus
1655 4268 1995 4341 compulsus

2089 1844 2191 1903 θις.
2228 1844 2531 1916 Μεγαρεῦσι
2572 1837 2618 1893 δ’
2667 1836 2897 1909 ἔστησαν
2924 1838 3085 1914 τείχη
3120 1839 3167 1875 ⁸⁸
3218 1841 3385 1917 μέχρι
3444 1836 3773 1909 θαλάσσης,

2088 1931 2177 1986 καὶ
2227 1932 2324 1999 τήν
2374 1929 2678 2006 ἐλευθερίαν
2719 1930 2832 2003 ἅμα
2878 1931 2966 1984 καὶ
3014 1931 3113 1998 τήν
3145 1930 3193 1964 39
3243 1929 3435 2004 χώραν
3494 1927 3772 2005 διε-ξύλω

2087 2024 2197 2094 ξαν.
2237 2020 2458 2076 Ἐνίκων
2491 2017 2547 2075 δὲ
2599 2020 2914 2095 Κορινθίους
2945 2019 3051 2094 πρὸ
3099 2018 3394 2095 Μεγαρέων
3436 2038 3451 2051 ·

2089 2111 2300 2169 δώδεκα
2347 2113 2551 2183 ἐξήκειν
2604 2111 2814 2188 ἡμέρας
2864 2108 3054 2165 ἐνίκων
3091 2109 3241 2173 αὖθις
3294 2110 3511 2185 ἑτέραν,
3544 2111 3618 2166 οὗ
3676 2133 3772 2166 και

2090 2201 2202 2264 λῶς
2251 2203 2311 2257 τὸ
2359 2201 2620 2277 τρόπαιον
2676 2200 3087 2276 ὑφαρπάζοντας
3117 2200 3186 2255 9°.
3230 2200 3329 2256 Καὶ
3377 2197 3543 2255 οὔπω
3598 2206 3774 2256 ταῦτα

2094 2292 2302 2367 μεγάλα
2337 2312 2348 2325 ·
2396 2290 2525 2347 ἀλλ’
2564 2290 2838 2365 εἰρήσεται
2878 2290 3001 2365 γάρ,
3034 2291 3131 2344 κᾶν
3171 2287 3481 2365 ἐπείγωμαι
3519 2310 3532 2322 ·

2090 2384 2374 2458 προσθήκη
2410 2379 2567 2451 δείξει
2610 2381 2672 2435 τὸ
2712 2386 2838 2436 πᾶν.
2888 2381 3132 2449 Ἀπῆσάν
3186 2380 3279 2453 μὲν
3328 2380 3431 2454 γὰρ
3491 2380 3547 2433 αἱ
3610 2378 3775 2434 δυνά-

2097 2494 2214 2546 μεις
2258 2476 2327 2545 τῇ
2378 2470 2560 2540 πόλει,
2595 2472 2629 2540 ἡ
2694 2471 2787 2543 μὲν
2835 2470 2972 2525 κατά
3025 2470 3128 2538 τήν
3182 2474 3290 2523 τῶν
3322 2469 3370 2504 ⁹²
3428 2468 3766 2545 Αἰγυπτίων

2092 2561 2302 2638 χρείαν,
2335 2566 2459 2629 νῆες
2480 2560 2527 2596 9³
2567 2558 2791 2620 πλείους
2821 2558 2855 2628 ἢ
2896 2557 3009 2613 τότ’
3038 2558 3175 2627 ἦσαν
3224 2557 3275 2613 ἐν
3306 2562 3426 2621 τοῖς
3472 2558 3766 2629 Ἐλληςιν

2093 2651 2146 2706 αἱ
2214 2649 2491 2724 σύμπασαι
2549 2646 2744 2724 σχεδὸν
2778 2650 2842 2717 ³³,
2900 2649 2934 2717 ἡ
2992 2644 3039 2701 δ’
3095 2646 3279 2723 Αἰγίνῃ
3339 2647 3764 2723 προσεκάθητο.

2094 2742 2263 2814 ’Ὀπερ
2310 2740 2397 2793 καὶ
2465 2738 2591 2799 τοὺς
2647 2736 2919 2801 ἐναντίους
2979 2736 3191 2810 μᾶλλον
3252 2737 3451 2811 ἐπῆρεν
3510 2738 3770 2813 ὁρμῆσαι

2095 2830 2231 2901 πρὸς
2260 2828 2327 2883 τὰ
2369 2826 2594 2903 Μέγαρα
2628 2848 2639 2861 ·
2669 2824 2840 2900 ᾤοντο
2875 2825 2975 2902 γὰρ
3008 2825 3143 2880 εἶναι
3176 2825 3389 2900 σχολὴν
3442 2827 3762 2896 Ἀθηναίων

2100 2922 2174 2983 εἷς
2222 2921 2285 2976 τὸ
2327 2916 2479 2996 ἔργον
2522 2919 2757 2981 ἑαυτοῖς.
2810 2916 2871 2973 Εἴ
2918 2914 2962 2972 δ’
3014 2916 3117 2992 ἄρα
3159 2918 3250 2971 καὶ
3289 2918 3360 2972 τὰ
3398 2914 3625 2990 δεύτερα
3680 2941 3769 2971 νι-

2097 3014 2241 3085 κῴη,
2282 3009 2407 3066 ἀλλ’
2459 3007 2638 3083 ἑτέραν
2686 3005 3015 3081 πολιορκίαν
3092 3009 3218 3081 [660
3268 3010 3363 3080 H.]
3416 3005 3593 3062 λύσειν
3646 3015 3758 3075 τῆς

2098 3100 2327 3176 Αἰγίνης
2362 3118 2375 3133 ⁸
2411 3097 2471 3153 οὗ
2513 3098 2613 3171 γὰρ
2653 3094 2884 3152 ἄλλοθέν
2915 3117 2974 3170 γε
3024 3094 3217 3151 λοιπὸν
3251 3096 3399 3168 ἥξειν
3433 3096 3651 3156 αὐτο-ξιξ.
3687 3097 3765 3151 0".

2098 3188 2155 3246 δὲ
2183 3193 2438 3244 τοσοῦτον
2480 3184 2843 3260 κατεγέλασαν
2872 3189 2969 3240 τοῦ
3020 3188 3380 3264 σοφίσματος,
3410 3183 3548 3240 ὥστε
3594 3183 3765 3240 οὐδὲν

2102 3277 2314 3354 μᾶλλον
2349 3279 2400 3333 οἱ
2435 3278 2570 3352 πρὸς
2603 3275 2802 3353 Αἰγίνῃ
2850 3276 2975 3331 τότε
3016 3273 3342 3345 ἐκινήθησαν
3393 3278 3505 3330 τῶν
3558 3273 3613 3329 ἐν
3656 3275 3763 3332 Ai—

2098 3369 2292 3445 γύπτῳ
2332 3368 2420 3423 καὶ
2456 3365 2625 3440 μηδὲν
2665 3364 3045 3438 πεπυσμένων.

2171 3456 2346 3515 Ἀλλά
2375 3458 2420 3494 ⁹⁴
2464 3458 2569 3530 μὴν
2615 3454 2754 3529 μόνη
2793 3455 2886 3528 μὶν
2932 3455 3153 3509 ἀπασῶν
3182 3452 3399 3509 πόλεων
3435 3450 3603 3517 ἰδίοις
3653 3476 3769 3509 κιν-

2102 3546 2283 3609 δύνοις
2327 3548 2514 3616 κοινὴν
2563 3546 2755 3601 ἅπαντι
2801 3548 2879 3615 τῷ
2924 3542 3061 3617 γένει
3110 3546 3210 3613 τὴν
3259 3542 3535 3621 ὠφέλειαν
3578 3543 3771 3617 irrepi-

2101 3659 2253 3710 σατο,
2289 3637 2428 3711 μόνη
2463 3633 2519 3691 δὲ
2548 3633 2608 3690 ἐκ
2654 3639 2761 3690 τῶν
2802 3638 2999 3689 κοινῶν
3033 3634 3355 3708 εὐεργεσιῶν
3383 3634 3486 3702 τὴν
3540 3636 3775 3708 ἠγεμο-

2101 3729 2217 3782 νίαν
2267 3726 2530 3796 ἐκτήσατο
2561 3725 2630 3791 9⁵,
2680 3724 2767 3778 καὶ
2815 3721 3075 3797 μετέθηκε
3120 3722 3212 3776 τὸν
3241 3722 3440 3793 θεσμόν
3475 3737 3490 3753 ⁸
3548 3723 3611 3777 οὐ
3670 3724 3773 3797 γὰρ

2103 3817 2151 3887 ἐξ
2204 3818 2278 3871 ὧν
2327 3812 2777 3871 κατεδουλώσατο
2821 3812 2915 3874 τὰς
2973 3810 3163 3872 πόλεις
3216 3805 3345 3886 ἔσχε
3391 3812 3493 3881 τὴν
3552 3811 3777 3887 ἀρχὴν,

2103 3907 2231 3964 ἀλλ’
2261 3905 2309 3975 ἐξ
2355 3906 2429 3958 ὧν
2462 3902 2715 3974 ἐποίησεν
2756 3900 3064 3977 ἐλευθέρας.
3094 3904 3257 3956 ’Ὥστε
3295 3895 3579 3973 συμϐῆναι
3634 3906 3777 3965 τοὺς

2103 3994 2300 4055 αὐτοὺς
2329 3994 2566 4069 χρόνους
2595 3996 2713 4054 τοῖς
2757 3992 2850 4065 μὶν
2896 3988 3140 4061 Ἕλλησι
3168 3990 3231 4045 τὸ
3279 3995 3380 4059 τῆς
3419 3987 3776 4063 ἐλευθερίας,

2103 4093 2171 4164 τῇ
2221 4086 2280 4143 δὲ
2330 4086 2487 4142 πόλει
2539 4086 2601 4141 τὸ
2647 4092 2747 4155 τῆς
2795 4086 2976 4159 αρχῆς
3023 4079 3215 4156 κέρδος
3274 4080 3527 4153 ἐνεγκεῖν.
3586 4082 3777 4136 Μάγοι

2103 4180 2205 4255 γὰρ
2254 4178 2480 4233 ἑκόντων
2521 4176 2713 4250 ἦρξαν,
2762 4174 2854 4229 καὶ
2908 4172 3067 4246 μόνος
3117 4171 3274 4233 οὗτος
3322 4168 3521 4243 δήμων
3572 4168 3775 4245 ὥσπερ

2107 4271 2183 4330 εἷς
2252 4264 2439 4342 ἅρχων
2500 4265 2711 4339 αἱρετὸς
2772 4262 2820 4332 ἐξ
2880 4262 3129 4317 ἁπάντων
3186 4259 3416 4330 ἐνίκησε,
3472 4259 3605 4320 τοὺς
3676 4263 3781 4330 μὲν

3500 2020 3607 2073 καί
3640 2020 3764 2094 πρίν

3575 2292 3616 2360 ἡ
3663 2293 3767 2366 γάρ

355 4348 745 4421 principatum
781 4353 1085 4422 acceperit,
1110 4367 1223 4424 quo
1245 4355 1314 4409 ad
1335 4356 1599 4427 justitire,
1624 4373 1738 4413 non
1771 4359 1985 4431 injuria

2133 4350 2416 4430 ιαρϐάρους
2465 4358 2583 4416 τοῖς
2631 4351 2829 4414 ὅπλοις
2878 4352 3225 4425 βιασάμενος,
3266 4351 3434 4448 [122ξ⁸
3483 4348 3582 4421 R.]
3628 4348 3777 4407 τοὺς

354 4442 555 4494 notam
589 4443 866 4496 uteretur.
902 4440 971 4496 Ut
1013 4446 1207 4497 autem
1254 4443 1592 4516 singulatim
1646 4463 1763 4501 rem
1815 4452 1993 4504 totam

355 4528 657 4601 explicem,
683 4529 807 4587 sola
836 4531 957 4588 haec
988 4533 1211 4605 civitas,
1235 4536 1504 4592 Barbaris
1536 4537 1756 4604 invitis,
1779 4538 1994 4595 Grteeis

355 4623 549 4675 autem
592 4621 940 4691 petentibus,
973 4623 1279 4694 imperium
1323 4630 1414 4682 est
1452 4626 1680 4697 adepta.
1719 4628 1855 4692 Quis
1889 4644 1994 4685 un-

354 4725 526 4780 quam
568 4710 738 4780 digne
767 4709 855 4767 vel
886 4713 1191 4784 expendat,
1215 4714 1301 4771 vel
1325 4716 1690 4772 admiretur?
1714 4716 1993 4774 Utautem

352 4799 599 4870 insignis
640 4799 741 4855 illa
788 4800 982 4858 clades
1030 4808 1266 4875 accepta
1291 4804 1400 4861 fuit
1428 4805 1556 4878 (cur
1584 4805 1738 4862 enim
1771 4808 1879 4864 hoe
1909 4815 1993 4864 la-

352 4904 537 4958 ceam,
561 4904 691 4944 cum
712 4896 762 4945 et
789 4889 979 4961 ipsum
1004 4892 1075 4946 ad
1108 4892 1269 4948 urbis
1302 4894 1765 4965 magnitudinem
1799 4903 1995 4952 osten-

351 4978 601 5035 dendam
632 4979 985 5053 pertineat?)
1008 4997 1135 5053 quae
1160 4981 1240 5038 ita
1262 4982 1338 5038 sit
1358 4983 1431 5039 ad
1459 4982 1713 5055 reliquas
1744 5002 1835 5041 res
1865 5002 1995 5057 pro-

349 5083 574 5138 gressa,
607 5069 776 5141 quasi
821 5074 1003 5127 tolam
1048 5070 1298 5145 cepisset
1345 5072 1622 5143 Siciliam,
1656 5091 1761 5132 nec
1801 5075 1998 5147 copias

2107 4442 2152 4500 δ’
2182 4443 2503 4523 ὁμοφύλους
2535 4441 2597 4496 οὐ
2648 4440 2855 4511 πείσας,
2887 4437 3015 4495 ἀλλ’
3056 4438 3143 4494 ὑπ’
3192 4437 3367 4493 αὐτῶν
3401 4434 3597 4510 ἄρχειν
3646 4457 3780 4491 πει-

2104 4535 2270 4603 σθεὶς,
2304 4527 2586 4605 σύμϐολον
2607 4533 2651 4568 9°
2680 4526 3059 4597 δισκαιοσύνης
3089 4523 3231 4603 ἔχων
3263 4527 3362 4594 τήν
3392 4525 3603 4603 ἀρχὴν,
3634 4524 3780 4580 ἀλλ’

2107 4622 2205 4679 οὐκ
2233 4620 2467 4683 ἀδικίας.
2502 4621 2563 4677 Εἰ
2604 4618 2661 4675 δὲ
2709 4616 2792 4674 δεῖ
2838 4615 3086 4673 διελόντα
3119 4616 3312 4686 εἰπεῖν,
3348 4614 3487 4688 μόνη
3540 4612 3779 4670 πόλεων

2104 4716 2211 4768 τῶν
2249 4712 2342 4786 μὲν
2379 4705 2668 4786 βαρϐάρων
2699 4705 2965 4773 ἀκόντων,
2993 4710 3101 4761 τῶν
3133 4703 3179 4760 δ’
3208 4702 3491 4773 Ἑλλήνων
3542 4700 3783 4773 δεηθέν-

2105 4825 2214 4858 των
2246 4803 2291 4840 ⁹⁷
2330 4801 2457 4877 ἔσχε
2484 4803 2583 4870 τὴν
2613 4801 2818 4875 ἀρχήν.
2854 4798 2995 4871 Ποία
3022 4798 3068 4835 9⁸
3114 4797 3259 4852 ταῦτ’
3305 4790 3478 4851 ἔνεστι
3504 4796 3556 4832 ’⁸
3608 4798 3783 4870 φυλῇ

2108 4887 2446 4968 παραϐαλεῖν
2517 4891 2854 4966 ἀνθρωπίνῃ,
2928 4887 3018 4942 καὶ
3091 4884 3238 4947 τίνος
3315 4882 3415 4940 οὐκ
3498 4884 3783 4960 εὐτυχίας

2114 4980 2325 5059 μᾶλλον
2372 4982 2684 5058 θαυμάσαις
2741 4977 3036 5055 γενομένου
3088 4973 3148 5031 δὲ
3199 4979 3297 5030 τοῦ
3361 4970 3617 5051 μεγάλου
3667 4977 3786 5029 πά-

2113 5074 2239 5137 θους
2272 5092 2286 5107 ο
2338 5070 2400 5128 οὗ
2446 5072 2545 5147 γὰρ
2587 5068 2677 5127 οὖν
2728 5070 3109 5141 σιωπήσομαι,
3156 5062 3304 5121 ἀλλά
3349 5062 3642 5119 καὶτοῦτο
3697 5064 3781 5120 ἐτι

1702 5256 1941 5314 VARI/E
1984 5256 2396 5315 LECTIONES.

385 5482 396 5500 ,
426 5413 471 5448 ⁸2
510 5414 620 5485 χρὴ
648 5430 764 5500 ρωο
990 5426 1123 5500 ante
1162 5424 1693 5500 npocﬁis‘ivmuponit
1723 5441 1802 5480 rc,
1838 5426 1897 5479 Β,

352 5488 448 5569 enim
467 5501 596 5569 _om.
632 5491 757 5569 A.M
831 5488 877 5522 ⁸⁷
898 5488 1233 5569 ἀπαριθμεῖν

348 5558 395 5639 ff
427 5561 584 5639 νῆες..
710 5556 759 5639 θτξ
789 5560 985 5639 σχεδὸν
1020 5556 1137 5639 δαί.
1168 5574 1236 5623 A.
1281 5556 1305 5569 '
1366 5568 1414 5604 9‘
1444 5564 1611 5638 ἀλλὰ]
1733 5570 1860 5624 274.

349 5629 393 5665 97
432 5625 760 5703 δεηθέντων]
794 5625 1047 5703 ἑκόντων,
1081 5638 1255 5709 idque
1287 5656 1391 5709 rc.,
1425 5643 1533 5697 AB.
1593 5625 1661 5676 ’9⁸⁸
1683 5638 1831 5712 ποίᾳ]
1863 5657 1918 5712 p.
1952 5625 2077 5698 279:

2002 5424 2046 5459 ⁸³
2074 5424 2209 5498 πρὸς
2259 5440 2375 5480 om.

2038 5497 2136 5564 τὴν
2169 5512 2286 5564 om.
2317 5500 2379 5551 Δ.

1479 5494 1740 5571 ῗίῗίτεῖχικ
1770 5501 1835 5571 As
1963 5497 2008 5571 ’Ὗ

1988 5568 2034 5605 ⁸⁸
2065 5562 2200 5641 μόνη
2231 5563 2293 5641 δὲ
2330 5598 2402 5609 --
2430 5562 2696 5641 ἐκτήσατυ
2718 5579 2839 5641 pm.

2478 5420 2525 5455 ⁸⁴
2550 5415 2834 5495 ἀφικέσθα.
2865 5418 2933 5473 Α.
3037 5415 3086 5450 ³⁵
3114 5410 3349 5495 ἄγουσαν
3383 5414 3471 5495 Αἰ
3548 5412 3605 5448 ⁸⁸
3636 5414 3777 5472 ὥστε

2505 5493 2549 5529 ⁹⁰
2576 5484 2984 5565 ὑ’φαρπάζοντες
3012 5490 3105 5565 AL
3164 5484 3375 5565 ’,θίξῄν
3402 5486 3513 5565 τᾶξγ
3546 5501 3673 5565 9m.
3707 5494 3775 5565 ᾼ.

3058 5559 3105 5594 ⁹⁷
3137 5554 3201 5611 σύ
3249 5550 3422 5611 ϐολον
3454 5551 3513 5611 δὶ
3542 5552 3663 5615 δικ.
3712 5562 3771 5617 Β.

3059 5577 3302 5687 οιλαὲἐῖν
3334 5626 3421 5687 ς’.

2153 5626 2200 5676 οδ
2229 5634 2341 5694 ἔστι
2362 5644 2425 5693 Α.
2458 5626 2831 5709 παραϐάλλειν
2864 5639 2906 5689 Α
2941 5676 2953 5689 .
2987 5626 3302 5706 περιλαϐεῖν
3334 5626 3421 5701 ς’.

3932 36 3967 283 l

3936 388 3959 403 θ
