4066 6216
255 289 416 350 1473

1344 281 1886 345 BIBLIOTHECA.
1935 311 2010 328 -
2054 280 2224 343 COD.
2273 280 2578 346 CCXLVI.

3504 292 3662 354 1474

259 425 437 498 μείζω
467 423 487 459 ί
542 441 636 497 μοι
681 418 833 478 δοκεῖ
862 422 884 458 ³
933 417 1198 474 δεικνύναι
1246 417 1346 487 τὴν
1392 417 1574 475 πόλιν.
1617 415 1775 476 Οὕτω
1804 417 1905 492 γὰρ

2040 417 2305 489 ιωὶεἱεεο,
2340 420 2438 475 sed
2463 435 2636 476 novas
2667 435 3039 492 comparasse
3067 423 3378 485 videretur.
3409 430 3490 485 Ac
3531 445 3664 487 mo-

257 518 380 576 τοῖς
433 509 757 573 ὑπολοίποις
809 509 1156 585 προσηνέχθη
1217 507 1550 584 πράγμασιν,
1619 505 1800 581 ὥσπερ
1850 505 1909 560 ἂν

257 602 305 657 εί
358 607 533 656 πᾶσαν
582 599 802 677 είλήιρει
849 599 948 668 τήν
1005 595 1275 653 Σικελίαν.
1318 598 1396 654 Οὐ
1435 599 1535 671 γὰρ
1587 594 1914 672 ἐστερημένῃ

260 689 546 765 δυνάμεως
577 688 756 762 ἐῴκει,
799 687 926 745 ἀλλ’
973 690 1094 763 ἄρτι
1143 686 1619 762 προσκεκτημένῃ.
1671 686 1775 742 Καὶ
1813 687 1911 755 τὴν

262 781 358 854 μὲν
416 784 524 836 τῶν
571 779 788 854 τρόπων
838 777 1086 834 εὐκολίαν
1147 777 1236 832 καὶ
1290 777 1644 854 σωφροσύνην
1692 775 1782 830 καὶ
1820 777 1912 829 τά·

259 872 339 940 ξιν
370 871 391 906 ³
414 865 649 941 διαίτης,
689 869 748 937 ἣν
799 869 932 944 ὑπὲρ
961 871 1059 922 τοῦ
1103 865 1272 942 μηδὲν
1302 866 1527 942 αἰσχρὸν
1560 867 1913 941 συγχωρῆσαι

259 957 606 1032 προείλοντο,
652 953 764 1012 οὐδ’
804 955 864 1010 ἂν
915 957 990 1018 εἷς
1051 956 1213 1029 ἀξίως
1265 953 1432 1014 εἷ’ποι.
1492 953 1916 1030 Περιστάντωνδ

260 1045 306 1102 δ’
365 1047 564 1110 αὐτοὺς
622 1051 730 1102 τῶν
789 1045 1074 1117 Ἑλλήνων
1133 1047 1401 1116 ἁπάντων,
1487 1046 1574 1100 καὶ
1645 1049 1752 1100 τῶν
1822 1045 1914 1117 μὲν

263 1137 620 1213 ὑπαρχόντων
663 1134 946 1209 πολεμίων
979 1135 1104 1190 τότε
1155 1141 1374 1212 πρῶτον
1425 1130 1704 1190 λαϐόντων
1756 1132 1914 1188 έλπί-

266 1223 360 1287 δας
400 1226 488 1280 καὶ
529 1223 965 1300 παροξυνθέντων
1021 1225 1124 1280 ὑπὸ
1179 1226 1276 1296 τῆς
1319 1225 1520 1299 τύχης,
1572 1222 1910 1278 ἐπελθόντων

263 1311 319 1370 δὲ
366 1318 476 1369 τῶν
525 1313 586 1369 ἐκ
631 1310 908 1384 Σικελίας,
963 1313 1300 1386 μεταστάσης
1348 1311 1404 1368 δὲ
1445 1319 1545 1382 τῆς
1593 1311 1912 1387 συμμαχίας

265 1402 460 1482 ὀλίγου
489 1401 598 1458 δεῖν
629 1404 863 1473 ἁπάσης,
895 1403 982 1458 καὶ
1016 1405 1196 1474 νήσων
1227 1401 1319 1456 καὶ
1351 1401 1582 1476 ἠπείρου
1633 1402 1722 1456 καὶ
1779 1401 1914 1457 πάν-

263 1515 372 1549 των
432 1493 507 1556 ὡς
564 1493 732 1547 εἰπεῖν
786 1489 1071 1564 πολεμίων
1117 1491 1516 1562 καταστάντων,
1574 1490 1663 1546 καὶ
1711 1512 1914 1547 παντα-

268 1583 430 1658 χόθεν
469 1579 876 1655 κεκυκλωμένοι
907 1583 947 1652 ⁵,
981 1575 1060 1635 ἔτι
1109 1581 1153 1636 δ’
1204 1580 1594 1656 ἀγνωμοσύνης
1639 1577 1914 1655 ἀπροσδο-

263 1673 438 1743 κήτου
469 1665 756 1744 συμϐάσης
783 1668 922 1725 ὥστε
951 1670 1041 1725 καὶ
1079 1667 1305 1744 βασιλέα
1343 1666 1616 1740 κληθῆναι
1642 1671 1779 1724 κατᾶ
1817 1673 1916 1736 τῆς

261 1763 482 1827 πόλεως
516 1764 618 1819 ὑπὸ
647 1769 755 1819 τῶν
789 1763 881 1819 ἀπ’
911 1762 1114 1818 ἐκείνου
1166 1763 1445 1818 σωθέντων
1495 1767 1616 1826 ταῖς
1661 1762 1766 1816 ἀπὸ
1811 1769 1914 1832 τῆς

263 1853 483 1914 πόλεως
525 1855 770 1929 πράξεσι,
820 1851 1261 1929 προσγενομένου
1311 1850 1367 1908 δὲ
1413 1850 1661 1907 κάκείνου
1692 1853 1715 1887 δ
1767 1850 1916 1926 μάλα

265 1942 514 2017 ἀσμένως
547 1944 589 2014 ⁷,
620 1943 710 1998 καὶ
732 1940 1224 2017 συμπολεμοῦντος
1261 1942 1352 1997 καὶ
1387 1943 1602 2016 σώμασι
1631 1940 1720 1996 καὶ
1763 1939 1918 1996 ναυσὶ

265 2031 360 2088 καί
390 2032 602 2108 χρυσῷ,
633 2032 723 2087 καὶ
744 2033 863 2088 τίνα
883 2040 983 2108 γῆς
1015 2035 1050 2104 ἢ
1076 2031 1351 2103 θαλάττης
1381 2034 1402 2069 ⁸
1423 2031 1632 2105 [τόπον]
1654 2032 1678 2066 9
1707 2030 1768 2086 οὐ
1791 2050 1922 2104 παρ-

272 2121 500 2196 έχοντος
524 2122 778 2199 ἀφορμὴν
795 2123 840 2159 ίο
857 2127 937 2194 τῷ
959 2120 1222 2196 πολέμῳ;
1247 2123 1312 2191 ἦν
1342 2121 1436 2194 μὲν
1463 2119 1554 2175 οὖν
1575 2117 1750 2182 οὐδεὶς
1773 2119 1920 2182 ὅστις

267 2213 372 2268 οὐκ
402 2208 461 2265 ἂν
488 2207 739 2281 ἤλπισεν,
794 2207 984 2282 ἔξωθεν
1031 2211 1233 2267 οὑτωσὶ
1283 2214 1523 2283 σκοπῶν,
1573 2209 1951 2285 ἀναρπασθήο-

267 2301 454 2355 σεσθαι
483 2303 572 2354 νῦν
604 2297 712 2372 ἤδη
745 2301 844 2369 τήν
875 2297 1060 2372 πόλιν,
1081 2299 1226 2354 οὕτω
1259 2304 1300 2339 ¹¹
1342 2303 1510 2372 κοινῷ
1538 2297 1772 2372 πολέμῳ
1797 2300 1923 2373 βαρ-

265 2384 456 2463 ϐάρων
495 2409 554 2444 τε
601 2389 690 2444 καὶ
736 2387 1020 2460 Ἑλλήνων
1067 2389 1437 2467 συνεχομένην
1467 2387 1528 2424 ¹¹·
1576 2389 1626 2443 et
1682 2385 1737 2442 δὲ
1779 2387 1922 2442 οὕτω

272 2479 610 2552 μετέστησαν
663 2478 730 2533 τὰ
790 2475 1103 2555 πράγματα,
1189 2479 1370 2555 ὥσπερ
1455 2477 1707 2533 ἁπάντων
1792 2475 1920 2532 τού-

265 2589 381 2623 των
418 2569 551 2643 ὑπὲρ
580 2565 779 2638 αὒτῶν,
812 2566 940 2624 ἀλλ’
972 2568 1034 2624 ού
1064 2570 1180 2624 κατ’
1230 2567 1406 2624 αὐτῶν
1437 2571 1482 2606 ¹³
1521 2566 1851 2644 γινομένων,
1890 2568 1925 2636 ἢ

274 2657 726 2734 στρατηγούντων
775 2656 922 2735 σφίσι
974 2663 1082 2714 τῶν
1128 2655 1433 2732 πολεμίων.
1485 2651 1750 2713 Διέλαϐον
1785 2659 1830 2694 ¹⁶
1869 2653 1926 2710 δὲ

267 2749 558 2826 τροπαίοις
613 2750 706 2805 τὸν
776 2748 1188 2821 ’Σλλήσποντον
1253 2747 1458 2813 ἄλλους
1515 2747 1722 2805 ἄλλοσε
1759 2769 1926 2804 κατα-

273 2838 594 2910 διώκοντες,
642 2839 822 2916 ὥσπερ
871 2838 1101 2914 μελέτας
1155 2839 1372 2914 μᾶλλον
1417 2839 1470 2895 ἐν
1521 2841 1698 2918 σφίσιν
1739 2839 1926 2902 αὐτοῖς

275 2932 316 3000 ἢ
360 2929 668 3004 ναυμαχίας
715 2931 850 3005 πρὸς
904 2928 1032 2991 τοὺς
1107 2929 1537 3006 ἐντυγχάνοντας
1591 2929 1674 2984 ἀεὶ
1731 2927 1930 2984 ποιού-

2023 522 2149 564 rum
2203 508 2441 579 quidem
2495 509 2856 582 facilitatem,
2909 515 3374 584 temperantiam,
3421 519 3664 590 vitaeque

2024 597 2310 654 rationem
2344 599 2415 654 ad
2450 600 2646 672 fugam
2679 602 3066 673 turpitudinis
3097 613 3452 676 susceptam,
3494 625 3664 664 nemo

2024 683 2191 742 facile
2222 704 2325 759 pro
2357 689 2636 760 dignitate
2661 691 2891 746 dixerit.
2921 694 3136 748 Verum
3179 709 3308 749 cum
3333 695 3510 751 Graeci
3541 713 3665 752 om-

2023 793 2126 832 nes
2157 777 2289 834 illos
2307 779 2824 848 circumsisterent,
2846 788 2900 837 et
2927 783 3153 855 antiqui
3178 783 3377 839 hostes
3405 787 3530 840 tum
3553 787 3667 856 pri-

2025 883 2186 921 mum
2215 883 2282 922 ex
2314 868 2543 924 fortuna
2575 885 2734 941 spem
2768 872 3080 942 cepissent,
3131 873 3261 928 novi
3293 879 3485 927 autem
3519 889 3547 929 e
3576 873 3664 928 Si-

2024 955 2158 1010 cilia
2187 957 2550 1027 accederent,
2575 959 2845 1014 omnibus
2876 975 3007 1016 vero
3030 961 3226 1031 sociis,
3259 961 3523 1017 omnium
3547 965 3664 1018 tam

2025 1045 2351 1102 insularum
2397 1063 2566 1118 quam
2609 1048 2914 1121 regionum
2965 1050 3210 1106 aliarum
3245 1051 3575 1122 rebellione,
3607 1053 3666 1107 in

2025 1134 2220 1191 hostes
2243 1135 2503 1204 mutatis,
2535 1135 2676 1192 illud
2713 1147 2984 1209 praeterea
3008 1139 3292 1211 ﬂagitium
3325 1145 3531 1212 praeter
3549 1139 3669 1212 opi-

2023 1225 2253 1281 nionem
2277 1226 2662 1282 eommissum
2689 1232 2862 1294 esset,
2889 1233 2952 1284 ut
3001 1245 3194 1301 regem
3227 1235 3427 1286 contra
3459 1231 3666 1286 urbem

2023 1316 2370 1372 advocarent
2399 1317 2459 1384 ii,
2481 1333 2625 1388 quos
2649 1317 2720 1373 ab
2743 1333 2808 1372 eo
2843 1318 2980 1373 urbs
3020 1327 3341 1376 servaverat
3368 1338 3380 1376 :
3415 1320 3514 1376 ille
3536 1337 3668 1377 vero

2022 1402 2211 1460 libens
2261 1405 2610 1476 advenisset,
2674 1408 2868 1465 405a
2915 1424 2982 1465 ac
3039 1412 3166 1464 tum
3201 1410 3508 1478 militibus,
3541 1415 3668 1466 tum

2023 1494 2292 1564 navibus,
2325 1499 2450 1550 tum
2485 1495 2658 1551 etiam
2697 1497 2948 1567 pecunia
2985 1514 3151 1569 cpem
3185 1499 3300 1554 illis
3331 1500 3671 1571 ferret,om-

2023 1583 2196 1639 nibus
2226 1589 2392 1640 terrae
2421 1586 2718 1658 marisque
2746 1586 2890 1642 locis
2921 1587 2980 1643 in
3005 1586 3134 1643 belli
3168 1589 3497 1645 subsidium
3527 1606 3671 1660 prae-

2024 1673 2222 1730 stitis:
2257 1692 2370 1731 non
2404 1683 2524 1731 erat
2556 1677 2890 1748 quisquam,
2921 1678 3020 1748 qui
3055 1695 3169 1734 non
3192 1680 3453 1736 crederet
3483 1679 3673 1751 prima

2026 1762 2215 1820 fronte
2249 1767 2450 1821 urbem
2474 1765 2722 1836 jamjam
2746 1767 3038 1836 direptum
3067 1767 3160 1837 iri,
3194 1785 3368 1840 quam
3397 1768 3580 1824 Graeci
3602 1769 3674 1824 si-

2028 1852 2147 1908 mul
2179 1857 2236 1909 et
2264 1853 2495 1910 barbari
2529 1854 2681 1911 bello
2709 1861 3002 1912 vexarent.
3036 1859 3109 1912 At
3157 1856 3217 1912 hi
3254 1874 3382 1914 eam
3415 1858 3675 1930 fecerunt

2027 1958 2222 1999 rerum
2242 1943 2649 2011 mutationem,
2683 1944 2849 2015 quasi
2889 1952 3198 2016 apparatus
3227 1947 3327 2002 ille
3359 1964 3472 2003 non
3505 1948 3671 2003 dam-

2029 2048 2172 2089 num
2194 2032 2335 2103 ipsis
2361 2033 2551 2104 potius
2574 2049 2750 2105 quam
2776 2033 3057 2090 auxilium
3081 2036 3674 2108 attulisset,ipsisque

2030 2119 2174 2175 adeo
2218 2118 2412 2175 hostes
2459 2119 2596 2176 belli
2656 2120 2834 2176 duces
2880 2138 2943 2178 se
2984 2123 3389 2192 praebuissent.
3420 2123 3675 2194 Trepasis

2031 2207 2472 2279 Hellespontum
2506 2208 2916 2279 distinxerunt,
2941 2211 3071 2266 aliis
3095 2211 3208 2266 alio
3231 2211 3467 2284 fugatis,
3496 2228 3562 2267 ac
3577 2227 3676 2268 ve-

2031 2299 2330 2356 litationes
2359 2299 2554 2372 potius
2579 2315 2751 2371 quam
2785 2301 2983 2371 praelia
3014 2317 3145 2358 eum
3185 2301 3372 2358 obviis
3404 2303 3678 2358 commit-

2032 2395 2241 2457 tente,
2275 2389 2775 2461 quemadmodum
2807 2395 2932 2448 tum
2963 2408 2996 2446 a
3051 2392 3242 2462 nobis,
3278 2401 3392 2448 tum
3434 2393 3506 2448 ab
3545 2393 3678 2448 aliis

2033 2484 2203 2537 antea
2228 2477 2446 2534 dictum
2478 2479 2606 2536 fuit.
2643 2481 2902 2553 Denique
2935 2481 3004 2536 ad
3037 2481 3306 2554 Cyzicum
3341 2482 3520 2537 simul
3544 2499 3678 2539 cum

2033 2569 2507 2635 Lacedaemoniis,
2569 2568 2802 2638 Graecis,
2850 2570 3134 2640 barbaris,
3188 2575 3243 2626 et
3299 2570 3681 2628 Pharnabazo

2034 2657 2352 2730 congressi,
2387 2673 2562 2713 naves
2585 2674 2810 2728 omnes,
2843 2664 3048 2730 praeter
3077 2677 3171 2716 eas
3195 2677 3342 2732 quas
3373 2661 3682 2732 depresse-

2037 2751 2500 2818 rant,ceperunt.
2527 2749 2728 2817 Itaque
2752 2765 2878 2819 qua
2900 2753 3066 2805 tanta
3083 2748 3378 2806 laboraret
3399 2750 3684 2807 seditione

2037 2839 2257 2906 civitas,
2290 2837 2397 2896 hoc
2453 2843 2712 2909 tempore
2743 2855 2814 2894 ne
2869 2840 3218 2896 mentionem
3253 2839 3484 2912 quidem
3521 2841 3682 2913 pacis

2041 2927 2399 2995 fecitullam,
2425 2943 2558 2982 cum
2594 2927 2676 2982 illi
2711 2927 3020 2999 quibustot
3040 2929 3206 2986 initio
3239 2929 3684 3002 suppeditarunt

273 3039 452 3094 μενοι.
503 3017 729 3094 Εἷ¹ρηταί
774 3040 852 3089 τε,
893 3019 982 3073 καὶ
1035 3018 1366 3093 ἐνεθυμήθην
1421 3018 1496 3080 ὡς
1544 3017 1714 3093 ἑτέρῳ
1753 3017 1926 3095 προεί-

2044 3018 2374 3086 commoda,
2407 3016 2570 3074 clade
2601 3023 2858 3090 accepta,
2892 3035 3024 3074 mox
3062 3020 3132 3075 ad
3172 3035 3375 3092 pacem
3408 3021 3687 3091 confuge-

281 3127 467 3183 ρηται;
522 3106 694 3170 Τέλος
752 3105 798 3162 δ’
835 3105 922 3162 ἐπὶ
977 3108 1190 3182 Κυζίκῳ
1237 3107 1604 3182 συμπεσόντες
1664 3111 1786 3179 [661

2046 3111 2194 3163 rent.

274 3197 421 3271 ὁμοῦ
453 3194 900 3270 Λακεδαιμονίοις
931 3198 1158 3258 καὶτοῖς
1189 3197 1293 3251 ἀπὸ
1323 3203 1423 3265 τῆς
1455 3194 1724 3260 Ἑλλάδος
1769 3195 1860 3251 καὶ
1908 3199 2027 3256 τοῖς
2071 3194 2178 3249 ἀπὸ
2224 3196 2323 3259 τῆς
2364 3191 2552 3255 Ἀσίας
2604 3188 2904 3269 βαρϐάροις
2945 3195 3034 3249 καὶ
3079 3190 3422 3271 Φαρναϐάζῳ
3467 3189 3689 3268 λαμϐά-

271 3307 434 3342 νουσι
474 3287 568 3348 τὰς
625 3291 751 3348 ναῦς
799 3286 944 3358 παρὰ
979 3291 1238 3341 τοσοῦτον
1287 3286 1347 3340 ού
1395 3284 1594 3352 πάσας,
1642 3285 1770 3360 παρ’
1816 3286 1944 3347 ὅσας
1977 3281 2299 3361 διέφθειραν.
2330 3284 2490 3337 ’Ὠστε
2519 3285 2562 3320 1⁵
2610 3285 2644 3351 ἡ
2682 3283 2778 3356 μὲν
2823 3287 3086 3338 τοσοῦτον
3137 3280 3540 3359 ὕπερϐληθεῖσα
3586 3284 3688 3339 ὑπὸ

289 3381 396 3445 τῆς
451 3373 754 3440 συστάσεως
808 3373 971 3437 πόλις
1032 3373 1144 3430 οὐδ’
1204 3371 1378 3448 ὄνομα
1435 3374 1654 3450 εἰρήνης
1702 3374 1783 3428 ἐπ’
1842 3372 2058 3428 ἐκείνων
2117 3377 2224 3427 τῶν
2279 3371 2496 3447 χρόνων
2551 3371 2848 3443 ἐνενόησεν,
2907 3374 2958 3428 οἳ
3019 3371 3066 3428 δ’
3121 3373 3227 3427 ἀπὸ
3289 3372 3562 3428 τοσούτων
3599 3372 3691 3428 καὶ

285 3463 635 3536 τηλικούτων
673 3463 1165 3538 πλεονεκτημάτων
1199 3466 1516 3538 ὁρμώμενοι
1541 3463 1843 3540 πληγέντες
1873 3463 2200 3542 κατέφευγον
2241 3461 2397 3524 εὐθὺς
2429 3459 2517 3516 ἐπὶ
2546 3462 2644 3532 τήν
2677 3461 2922 3538 εἷ’ρήνην.

355 3557 477 3610 "Et:
511 3555 556 3590 ¹⁶
586 3553 642 3609 δὲ
685 3553 819 3624 αύτὴ
871 3555 966 3628 μὲν
1015 3553 1151 3630 πρὸς
1197 3555 1429 3614 ἅπαντας
1479 3555 1620 3628 ὁμοῦ
1671 3553 1935 3627 πολεμεῖν

275 3646 618 3718 ἠνάγκασται
656 3643 701 3681 ¹⁷
729 3645 854 3706 τοὺς
885 3643 1134 3708 ἐπιόντας
1162 3643 1197 3712 ἢ
1229 3647 1531 3710 κινοῦντας,
1569 3647 1675 3698 τῶν
1720 3641 1766 3696 δ’
1797 3642 1940 3698 ἐναν-

283 3735 425 3790 τίων
483 3735 535 3789 οἱ
583 3733 830 3789 πλεῖστοι
875 3735 1010 3808 πρὸς
1065 3735 1228 3809 μέρος
1291 3731 1453 3800 αὐτῆς
1501 3731 1828 3806 ἀντηρκασιν
1867 3733 1936 3800 ‘3,

283 3823 494 3899 ἀθρόας
551 3821 610 3879 δὲ
655 3827 755 3894 τῆς
802 3820 1080 3896 δυνάμεως
1125 3824 1160 3892 ἢ
1211 3824 1296 3883 τὶς
1344 3821 1378 3891 ἢ
1431 3818 1610 3882 οὒδείς
1659 3819 1934 3894 ἐπειράθη.

279 3918 452 3970 ’Ὥστε
508 3915 542 3984 ἡ
595 3919 704 3968 τῶν
752 3913 1055 3982 ’Δθηναίων
1110 3909 1274 3972 πόλις
1323 3910 1568 3981 νενίκηκε
1623 3911 1716 3982 μὲν
1753 3909 1941 3965 πολλὰ

289 4001 362 4074 δή
403 4001 700 4076 πολλάκις,
741 4003 879 4072 αύτή
928 4000 972 4058 δ’
1015 4001 1105 4057 ἴσα
1147 4001 1238 4058 καὶ
1285 3999 1557 4071 ἀήττητός
1609 3999 1741 4056 ἐστι.
1783 3999 1853 4053 Τὸ
1885 3996 1942 4053 δὲ

290 4093 512 4150 πάντων
572 4091 850 4168 μέγιστον,
901 4091 982 4147 ὅτι
1031 4092 1199 4161 αὐτῆς
1259 4092 1354 4164 μὲν
1416 4086 1595 4154 οὐδεὶς
1651 4089 1938 4163 ἐκράτησεν

287 4181 499 4259 (οὐδεὶς
547 4185 648 4258 γὰρ
691 4182 859 4253 αὐτῆς
907 4183 1004 4251 τὴν
1052 4182 1280 4258 γνώμην
1335 4181 1736 4255 παρεστήσατο,
1796 4177 1942 4234 ἀλλὰ

2117 3555 2382 3626 Cumque
2413 3554 2542 3624 ipsa
2571 3553 2744 3608 simul
2779 3557 2978 3610 contra
3015 3555 3278 3610 omnium
3309 3555 3555 3627 impetus
3586 3572 3696 3626 op-

2047 3659 2257 3715 ponere
2297 3659 2356 3698 se
2389 3645 2587 3696 coacta
2618 3641 2716 3708 sit,
2748 3643 2947 3697 hostes
3007 3643 3267 3712 plerique
3317 3648 3537 3714 partem
3569 3645 3696 3713 ejus

2047 3732 2307 3803 aliquam
2323 3731 2695 3796 infestarunt,
2713 3729 3014 3785 universes
3028 3730 3226 3801 copias
3240 3747 3540 3802 nunquam
3558 3735 3697 3786 sunt

2049 3819 2330 3891 aggressi.
2363 3819 2727 3890 Quapropter
2756 3821 2812 3873 et
2867 3819 3160 3874 civitatem
3207 3819 3360 3875 hanc
3389 3824 3447 3875 et
3481 3818 3696 3876 multos

2050 3924 2202 3979 saepe
2225 3907 2452 3974 vicisse,
2485 3911 2543 3963 et
2571 3909 2849 3978 perpetuo
2889 3905 3166 3962 invictam
3197 3923 3537 3980 permanere
3569 3925 3694 3965 me-

2049 3997 2160 4054 rito
2190 3995 2526 4052 dixerimus.
2552 3995 2695 4059 Quia
2745 3995 2902 4068 quod
2933 3997 3060 4068 ipsa
3105 4013 3274 4052 nemo
3309 4011 3562 4068 unquam
3595 4014 3696 4070 po-

2049 4089 2190 4146 titus
2220 4091 2326 4156 est,
2361 4103 2465 4143 nec
2495 4087 2624 4158 ejus
2683 4087 2989 4144 consilium
3025 4089 3293 4155 mutavit,
3323 4088 3693 4159 quandoqui-

2052 4177 2184 4233 dem
2217 4175 2450 4248 reliquaa
2481 4177 2675 4232 clades
2722 4177 2788 4232 ad
2824 4176 3137 4234 exercitum
3169 4179 3524 4244 referuntur,
3559 4193 3693 4234 cum

292 4279 550 4349 στρατιᾶς
587 4272 774 4348 γέγονε
827 4270 998 4326 πάντα
1061 4271 1128 4325 τὰ
1182 4273 1407 4326 τοιαῦτα
1463 4271 1506 4308 ¹⁰
1561 4269 1926 4345 ἀτυχήματα),

343 4359 620 4374 .....
779 4362 790 4374 .
991 4359 1102 4374 -.
1247 4360 1483 4374 ,ην
1665 4356 1782 4374 ..η

2053 4267 2180 4338 ipsa
2221 4269 2342 4321 tam
2383 4264 2630 4322 consilia
2660 4265 2914 4323 hostium
2956 4283 3128 4338 quam
3163 4267 3312 4323 facta
3342 4266 3692 4339 subjugarit,

291 4363 436 4433 αύτὴ
479 4359 536 4416 δέ
565 4361 660 4423 τὰς
691 4362 912 4438 γνώμας
951 4365 1058 4416 τῶν
1084 4359 1338 4416 ἐναντίων
1373 4361 1418 4396 ²⁰
1449 4360 1561 4432 ἅμα
1598 4363 1716 4420 τοῖς
1757 4356 1939 4435 ἔργοις

291 4450 654 4522 δεδούλωται,
703 4451 913 4527 Ξέρξην
979 4452 1074 4524 μὲν
1133 4449 1347 4527 φεύγειν
1395 4449 1502 4504 ἀπὸ
1548 4453 1656 4504 τῶν
1689 4448 1942 4526 πραγμά-

285 4545 400 4598 τῶν
455 4543 731 4611 ποιήσασα
787 4538 838 4595 ἐν
892 4541 1066 4614 εὐχῆς
1114 4539 1288 4615 μέρει,
1354 4534 1817 4614 Λακεδαιμονίους
1887 4533 1944 4591 3‘s

287 4630 626 4688 ἀνακλίνασα
674 4629 782 4705 οὐχ
823 4631 984 4698 ἦττον
1029 4628 1155 4692 τοὺς
1193 4629 1492 4693 ἀκούοντας
1521 4629 1554 4700 ἢ
1587 4627 1712 4689 τοὺς
1745 4626 1796 4684 έν
1827 4629 1944 4691 ταῖς

291 4722 506 4798 μάχαις
535 4720 806 4794 παρόντας
837 4719 925 4774 καὶ
957 4719 1285 4783 πταίσαντας
1323 4720 1526 4776 αὐτῶν.

371 4810 492 4885 [Εἷς
535 4809 592 4864 τί
641 4808 951 4881 ἂινέκλινεν;
997 4809 1141 4880 ἧείς
1184 4809 1248 4864 τὸ
1295 4807 1629 4882 ἐπιθυμῆσαι
1661 4806 1944 4883 εἰρήνηςς]

367 4901 609 4978 Εἰρήνην
642 4903 684 4938 εί
733 4901 834 4976 γᾶρ
889 4897 1308 4974 Λακεδαιμόνιοι
1351 4899 1668 4971 ἀπηξίωσαν
1713 4901 1946 4971 ποιήσα-

293 4995 422 5048 σθαι
478 4991 616 5066 πρὸς
672 4985 968 5060 Θηϐαίους,
1022 4991 1160 5064 μόνῃ
1209 4993 1278 5063 τῇ
1326 4993 1434 5044 τῶν
1489 4988 1794 5060 Ἀθηναίων
1844 4989 1946 5044 πό-

293 5081 386 5138 λει
442 5081 763 5156 νομίζοντες
846 5077 1010 5135 εἷ’κειν
1096 5077 1334 5152 εὐπρεπῆ
1425 5079 1706 5156 συμφορὰν
1792 5077 1944 5135 εἶναι.

2055 4356 2268 4428 partim
2297 4355 2476 4411 Xerxe
2515 4371 2583 4412 ex
2613 4363 2738 4413 voto
2771 4357 2998 4428 egregie
3031 4357 3250 4429 fugato,
3287 4357 3491 4429 partim
3521 4357 3698 4412 Lace-

2055 4445 2382 4512 daemoniis,
2413 4449 2471 4500 et
2500 4445 2865 4514 absentibus,
2889 4451 2946 4502 et
2975 4446 3378 4518 praesentibus,
3413 4452 3587 4518 atque
3609 4444 3695 4502 vi-

2053 4534 2160 4592 ctis
2191 4534 2493 4606 repressis.

2127 4812 2232 4882 [Ad
2264 4811 2403 4884 quid
2445 4809 2765 4881 inclinavit,
2813 4811 2926 4868 nisi
2958 4813 3027 4868 ad
3069 4811 3444 4884 cupiditatem
3471 4809 3630 4882 pacis
3651 4809 3693 4876 ?]

2125 4901 2356 4958 Etenim
2387 4901 2804 4958 Lacedaemonii
2845 4918 2978 4957 cum
3010 4917 3115 4957 nec
3147 4917 3350 4973 pacem
3383 4900 3702 4956 cum-The—

2055 4989 2222 5046 banis
2253 4990 2439 5047 facere
2471 4991 2870 5063 dignarentur,
2913 4990 3054 5046 solis
3097 4990 3338 5046 Athenis
3373 4989 3610 5046 honeste
3641 5005 3700 5045 se

2057 5095 2324 5137 cessuros
2356 5078 2484 5147 rati,
2516 5085 2726 5138 etcum
2750 5079 2880 5136 aliis
2901 5096 2969 5136 ex
2985 5077 3383 5151 Peloponneso
3405 5077 3700 5149 conjuncti

1653 5225 1894 5284 VARle
1933 5225 2350 5284 LECTIONES.

371 5361 388 5399 ¹
426 5357 626 5434 μείζων
660 5363 728 5434 Α,
765 5362 948 5434 μεῖζον
989 5357 1052 5416 Β.
1127 5359 1148 5394 ²
1182 5353 1332 5412 δοκεῖ
1369 5373 1486 5434 om.
1517 5356 1581 5410 A.
1628 5353 1683 5434 ξ
1709 5354 1856 5434 τάξιν
1885 5351 1974 5434 καί
2007 5349 2360 5434 σωφροσύνην
2391 5351 2474 5434 .
2551 5351 2574 5386 ⁴
2613 5351 2991 5434 κατασταντων
3027 5351 3158 5434 add.
3201 5355 3272 5434 _A.
3349 5350 3380 5434 ‘_
3419 5345 3702 5434 κεκυκλω-

301 5421 486 5507 μένων
671 5435 692 5471 ⁸
715 5421 971 5488 ’κόικείνου
1004 5447 1120 5488 om.
1155 5433 1222 5486 A.
1299 5429 1321 5462 ⁷
1351 5426 1586 5512 διαμένοι)
1730 5499 1757 5511 ~
1777 5421 1799 5462 ⁸
1829 5421 2219 5512 θαλασσηξς.
2270 5421 2512 5512 ’θζτόπιον
2544 5441 2656 5512 om.
2795 5423 3226 5512 ¹⁰ριρορμῄγ⁹ού
3251 5421 3589 5512 παρέχρντος

294 5493 346 5546 ίί
378 5493 553 5562 οὕτωῖ
623 5505 669 5542 ¹²
699 5503 1066 5578 συνεχομένην
1096 5519 1204 5558 om.
1239 5507 1302 5556 A.
1382 5493 1432 5538 η
1461 5499 1593 5574 ὑπὶρ
1623 5493 1798 5578 ἆύτῶν
1829 5494 1956 5551 ἀλλ’
1987 5493 2197 5578 ούίκαὲ
2225 5495 2400 5578 αύτῶν
2431 5503 2518 5578 Α)
2553 5495 2618 5550 οὐ
2660 5496 2762 5578 καὶ.
2802 5493 2992 5552 αὐτῶν
3019 5493 3154 5578 ERN
3387 5493 3566 5578 apem

293 5579 347 5614 ιδ
379 5570 658 5650 διέλαϐον]

292 5659 354 5710 et
383 5666 534 5708 corr.
565 5653 632 5706 A.

690 5595 745 5650 p.
778 5581 903 5636 280.

1010 5571 1053 5611 (⁸
1081 5571 1242 5645 ὥστε]
1279 5590 1334 5647 p.
1357 5573 1492 5647 _2_8i.

711 5651 756 5686 ¹⁰
783 5651 1008 5706 τοιαῦτα
1038 5647 1174 5707 add.
1209 5650 1275 5702 A.

1598 5569 1646 5604 ¹⁶
1673 5567 1749 5642 ἔτι
1795 5587 1850 5642 p.
1889 5570 2014 5624 285.

1354 5643 1402 5680 ²ο
1429 5647 1538 5698 τῶν
1567 5641 1824 5698 ἐναντίων
1857 5657 1970 5698 om.
2003 5643 2070 5710 A,
2104 5657 2136 5697 a
2175 5645 2496 5698 correctore
2533 5641 2710 5698 habet
2741 5641 2802 5700 Β.

3085 5531 3137 5552 ιη
3205 5531 3338 5570 cur...
3387 5531 3566 5549 υιυιων
3616 5531 3700 5565 δ.

3085 5610 3098 5624 .
3203 5569 3244 5604 ⁸⁸
3306 5567 3704 5644 ᾀντῄρκεσανῧ

2883 5645 2926 5682 ²¹
2960 5640 3184 5715 εἰρήνην
3217 5658 3273 5716 p.
3316 5641 3443 5696 286.

2113 5567 2154 5602 ”
2185 5565 2448 5640 πολεμεῖν
2481 5567 2622 5643 ὁμοῦ
2662 5567 2969 5643 ἠνάγκαστο
