4066 6216
217 329 398 390 147Ί

1319 322 1858 386 BIBLIOTHECA.
1904 357 1983 368 —
2026 325 2201 385 COD.
2249 328 2551 391 CCXLVI.

3484 355 3641 418 1478

225 456 362 514 οὔτε
391 460 426 528 ἡ
453 458 619 534 χάρις
651 456 956 528 θαυμαστὴ,
988 455 1055 525 ἣν
1088 451 1297 510 οἴονται
1328 458 1396 528 τῇ
1442 451 1601 508 πόλει
1653 452 1875 508 κατατί-

2000 471 2104 512 nec
2161 455 2283 514 haec
2339 474 2464 515 esse
2515 462 2584 518 de
2639 463 2927 524 industria
3001 475 3322 536 tractanda.
3364 481 3471 538 Sed
3540 502 3639 557 per

225 549 440 618 θεσθαι,
501 543 624 601 οὔτε
665 542 972 614 ἐξεπίτηδες
1027 546 1094 599 τά
1140 565 1203 619 γε
1257 546 1480 598 τοιαῦτα
1531 543 1878 618 ἀγωνιστέον,

224 635 382 690 ἀλλὰ
471 635 608 691 κατὰ
670 634 734 688 τὸ
826 633 1098 709 πάρεργον
1165 635 1285 687 οἷον
1351 631 1530 706 ὥσπερ
1591 635 1680 686 νῦν
1751 631 1878 707 ἐγώ.

221 726 392 780 "um
449 723 502 780 ei’
549 745 633 786 τις
693 723 834 794 ἀξιοῖ
886 722 976 777 καὶ
1037 725 1171 796 ἡμῖν
1232 720 1441 798 ἅρῥητα
1498 725 1666 776 ταῦτα
1720 722 1878 790 εἶναι,

229 811 431 889 σχεδὸν
469 813 666 870 τούτου
708 811 866 888 χάριν
900 810 1132 887 εἷ’ρηται.

304 904 410 961 Καὶ
442 900 868 976 Λακεδαιμόνιοι
900 901 951 956 οἱ
991 903 1036 938 ⁴⁶
1081 905 1188 956 τῶν
1235 899 1518 972 Ἑλλήνων
1547 899 1877 976 προέχοντες

225 993 320 1048 καὶ
372 988 880 1065 προκινδυνεύοντες
929 987 981 1044 ἐν
1035 994 1155 1053 ταῖς
1206 987 1417 1064 χρείαις
1475 993 1516 1025 ⁵⁷
1566 985 1752 1050 παῖδες
1807 991 1876 1062 τῇ

225 1081 389 1138 πόλει
422 1077 797 1156 παραϐάλλειν
830 1077 984 1134 εἰσίν.
1025 1081 1186 1133 Ὥστε
1234 1080 1282 1113 4⁸
1327 1074 1643 1152 ἐϐουλόμην
1675 1077 1735 1133 ἄν
1786 1078 1876 1132 καὶ

225 1175 296 1230 τὰ
326 1171 562 1246 τρόπαια
591 1170 624 1224 ἃ
674 1173 720 1209 ⁴⁹
762 1171 954 1245 μὲλλω
1007 1169 1184 1246 λέγειν
1233 1170 1324 1224 ἀπ’
1369 1167 1557 1223 ἄλλων
1611 1168 1875 1240 ὑπάρχειν

223 1260 552 1334 ἀνακείμενα
599 1264 665 1334 τῇ
697 1259 881 1330 πόλει,
930 1259 1017 1315 καὶ
1071 1261 1146 1332 μή
1197 1259 1484 1332 ἀναγκαῖον
1532 1256 1666 1311 εἶναι
1706 1277 1874 1330 προσ-

223 1353 432 1407 τιθὲναι
494 1355 611 1411 τοῖς
676 1348 918 1412 πολλοῖς
1022 1349 1106 1404 ὅτι
1209 1347 1314 1403 ἀπὸ
1401 1344 1871 1420 Λακεδαιμονίων.

221 1445 388 1516 [1228
464 1443 556 1514 11.]
615 1445 725 1496 Νῦν
784 1438 839 1496 δὲ
901 1440 1037 1495 αύτᾶ
1091 1441 1139 1477 ⁵⁰
1191 1438 1258 1494 τὰ
1312 1439 1609 1514 πράγματα
1671 1438 1870 1509 ταύτην

233 1534 371 1609 ἄγει,
426 1530 562 1586 ὥστε
617 1530 680 1585 ού
735 1535 832 1585 τοῦ
933 1531 1284 1604 παρεξετάσαι
1349 1529 1512 1603 χάριν
1573 1526 1870 1602 εἰρήσεται,

221 1621 374 1676 ἀλλὰ
401 1624 496 1675 τοῦ
545 1620 621 1692 μή
667 1620 971 1676 παντάπασι
1019 1621 1115 1680 τὰς
1153 1619 1374 1694 πράξεις
1421 1616 1732 1691 παρελθεῖν·
1781 1616 1871 1672 καὶ

222 1709 329 1786 γάρ
359 1711 490 1764 εἰσιν
532 1707 593 1770 ’ἀς
625 1708 1004 1784 παρεξέλιπον.
1057 1713 1146 1762 Δεῖ
1196 1705 1274 1777 δὲ,
1315 1707 1389 1768 ὡς
1430 1705 1623 1776 ἔοικεν,
1671 1705 1731 1760 ού
1773 1710 1871 1761 τοῦ

1989 547 2348 604 transennam
2391 553 2844 620 quemadmodum
2877 575 3022 615 nunc
3066 579 3159 634 ego
3187 569 3350 636 facio.
3380 547 3635 646 Quapro-

1991 639 2118 702 pter
2146 634 2195 690 si
2223 636 2356 706 quis
2385 655 2418 694 a
2450 641 2618 696 nobis
2650 643 2823 699 etiam
2856 645 2977 703 haec
3012 651 3144 707 velit
3174 634 3471 729 praeteriri,
3503 634 3637 720 hac-

1990 725 2158 778 tenus
2190 729 2342 780 certe
2372 727 2527 784 dicta
2557 736 2715 787 sunt.

2059 901 2122 956 Et
2153 901 2572 964 Lacedaemonii
2605 910 2706 982 qui
2737 929 2838 984 pro
2861 916 3090 988 Graecis,
3125 924 3186 976 ut
3207 923 3499 997 principes
3530 945 3636 1000 0p-

1987 1003 2273 1059 ponerese
2293 993 2896 1069 solebant,puerorum
2928 1006 3108 1064 vicem
3141 1011 3302 1066 urbis
3333 993 3639 1085 compara-

1988 1076 2144 1134 tione
2168 1079 2591 1150 subeunt.Quid
2609 1091 2763 1158 quod
2783 1095 2898 1148 tam
2921 1094 3134 1153 invitus
3157 1099 3214 1154 in
3237 1101 3392 1159 hunc
3421 1076 3636 1163 sermo-

1987 1181 2116 1222 nem
2140 1167 2338 1238 incidi,
2365 1177 2429 1228 ut
2449 1174 2626 1231 etiam
2651 1181 2866 1250 tropaea
2881 1198 3006 1254 quae
3036 1191 3371 1246 recensebo.
3406 1193 3478 1247 ab
3509 1195 3637 1252 aliis

1984 1269 2112 1310 esse
2145 1258 2275 1313 urbi
2307 1267 2471 1332 parta
2497 1265 2753 1337 cupiam,
2773 1286 2843 1326 ne
2863 1271 3151 1346 plerisque
3177 1277 3522 1338 Laconicum
3538 1301 3635 1342 no-

1984 1358 2120 1400 men
2150 1353 2305 1403 esset
2334 1348 2728 1411 insereodum.
2764 1360 3049 1424 Quoniam
3082 1381 3214 1421 vero
3238 1385 3328 1424 res
3357 1369 3498 1441 ipsa
3525 1389 3632 1431 nos

1985 1431 2096 1489 huc
2127 1435 2530 1507 adigunt,haac
2555 1459 2668 1499 non
2710 1449 2828 1502 tam
2861 1431 3445 1527 contentionisgratia
3477 1460 3631 1518 dice-

1981 1538 2321 1596 mus,quam
2337 1544 2408 1584 ne
2421 1543 3263 1609 resomnestranseamus,utin
3281 1547 3633 1617 quibusdam

1980 1611 2250 1682 fecimus,
2283 1632 2386 1672 nec
2436 1626 2525 1675 est
2564 1620 2764 1678 leviter
2805 1611 3316 1699 progrediendum:
3346 1635 3458 1694 Nec
3508 1644 3628 1696 tam

1981 1716 2161 1756 unum
2194 1702 2501 1763 ediderunt
2533 1709 2793 1767 beneﬁcii
2821 1731 3208 1790 genus,quam
3235 1723 3462 1781 nullum
3486 1728 3628 1783 omi-

223 1780 491 1878 τυχόντος
550 1780 779 1872 δρόμου,
815 1798 914 1855 Καὶ
974 1797 1080 1872 οὐχ
1141 1798 1186 1834 δι
1255 1794 1310 1850 ’ἐν
1363 1793 1506 1857 εἶδος
1564 1796 1872 1871 εὐεργεσίας

1988 1797 2205 1850 serunt.
2225 1795 2408 1852 Multa
2429 1803 2623 1855 autem
2647 1780 2987 1863 eorumdem
3006 1780 3336 1883 temporum
3361 1780 3632 1874 res

223 1886 587 1958 ἐπεδείξαντο,
611 1885 737 1942 ἀλλ’
766 1884 920 1942 οὐδὲν
946 1884 1088 1948 εἶδος
1109 1883 1410 1960 εὐεργεσίας
1439 1883 1731 1940 ἀπέλιπον.
1774 1891 1873 1939 Πε-

230 1978 496 2054 ριίσταται
526 1976 575 2012 δε
623 1973 679 2029 δέ
714 1995 779 2048 με
807 1978 852 2012 ⁵³
881 1971 1198 2030 παντοδαπᾶ
1243 1971 1422 2045 ῶσπερ
1476 1971 1527 2027 ἓν
1588 1978 1873 2051 συγγραφῇ

225 2070 333 2123 τῶν
361 2064 542 2121 αὐτῶν
571 2064 812 2139 χρόνων,
855 2063 888 2117 ἃ
921 2066 995 2136 μὴ
1030 2065 1112 2118 ὅτι
1152 2063 1326 2118 πάντα
1375 2059 1660 2133 διεξελθεῖν
1713 2059 1878 2117 εὔπο-

224 2176 336 2232 ρον,
363 2153 488 2210 ἀλλ’
524 2151 739 2216 οὐδενὸς
774 2156 1081 2227 στρατηγοῦ
1109 2152 1284 2207 πάντα
1314 2152 1568 2221 ἓξῆς.Ὦν
1599 2151 1649 2205 τί
1683 2152 1874 2226 παρεὶς

224 2244 372 2307 τίνος
405 2244 667 2318 μνησθῶς
711 2246 776 2298 "0
808 2239 864 2297 δὲ
907 2243 955 2277 ⁵⁴
995 2239 1078 2296 δεῖ
1123 2242 1169 2276 ⁵⁵
1221 2241 1458 2313 μάλιστα
1506 2247 1606 2309 τῆς
1652 2239 1872 2296 ἐκείνων

227 2335 436 2414 φύσεως
503 2333 797 2407 ἀγασθῆναι
849 2331 937 2386 καὶ
996 2335 1241 2406 κρεῖττον
1300 2330 1335 2399 ἢ
1391 2329 1530 2384 κατὰ
1587 2330 1871 2404 ἄνθρωπον

227 2424 556 2498 ἡγήσασθαι·
619 2422 731 2493 ἐξὸν
786 2422 888 2497 γὰρ
940 2421 1150 2482 ἑαυτοῖς
1237 2420 1669 2481 ἀκολουθοῦντας
1725 2418 1871 2494 ἔχειν

228 2510 687 2586 Λακεδαιμονίους
759 2511 851 2566 καὶ
917 2510 1053 2565 κατὰ
1108 2516 1211 2585 γῆν
1287 2509 1377 2564 καί
1451 2508 1586 2563 κατᾶ
1670 2507 1875 2563 θάλατ-

224 2622 342 2671 ταν,
370 2601 404 2672 ἢ
437 2598 698 2676 περιιδεῖν
731 2599 816 2656 ἐπὶ
858 2597 1102 2677 κεφαλὴν
1152 2596 1416 2660 ὠσθέντας
1446 2599 1510 2666 ⁸⁸,
1562 2598 1874 2672 συμμάχων

228 2690 520 2767 περιοίκων
571 2691 794 2745 οἰκετῶν
865 2687 1110 2744 ἁπάντων
1168 2691 1210 2725 ⁸⁷
1269 2687 1735 2758 ἑπανεστηκότων,
1785 2686 1872 2742 ἐπὶ

225 2787 344 2842 τοῖς
368 2779 510 2845 ἴσοις
527 2778 796 2851 ἐδέξαντο.
820 2780 924 2836 Καὶ
945 2779 1322 2853 πορευομένης
1341 2776 1522 2852 ὥσπερ
1545 2776 1751 2853 φλογὸς
1772 2785 1872 2847 τῆς

227 2867 480 2940 Θηϐαίων
551 2868 830 2941 δυνάμεως
885 2867 972 2923 ἐπὶ
1023 2871 1123 2938 τὴν
1163 2867 1328 2923 πόλιν
1372 2871 1479 2922 τῶν
1532 2864 1874 2940 Λαγεδαιμο-

228 2961 357 3015 νίων
403 2959 490 3013 καὶ
540 2959 607 3013 τὰ
665 2957 834 3013 λοιπὰ
899 2959 996 3027 τῆς
1055 2956 1502 3028 Πελοποννήσου,
1566 2958 1724 3030 μόνοι
1781 2956 1872 3012 καὶ

225 3045 512 3118 Ἑλλήνων
560 3047 648 3102 καὶ
703 3042 990 3123 βαρϐάρων
1057 3045 1381 3121 προστάντες
1429 3045 1726 3102 ἐκώλυσαν.
1788 3046 1870 3115 Ἐξ

228 3140 302 3192 ὧν
331 3136 504 3199 οὕτως
537 3137 640 3191 ὑπὸ
670 3135 884 3191 πάντων
914 3137 962 3174 ⁵⁸
1005 3137 1253 3210 ἑωρῶντο
1301 3136 1368 3202 ⁵9,
1418 3134 1555 3190 ὥστε
1603 3141 1876 3204 καταστῆ-

231 3248 318 3282 ναι
369 3229 471 3296 τήν
529 3225 696 3281 πόλιν
755 3225 1028 3300 συνέδριον
1088 3233 1187 3295 τῆς
1247 3225 1567 3300 συμμαχίας
1641 3226 1875 3296 ἁπάσης.

228 3319 349 3374 Ἔτι
380 3318 428 3353 ⁶⁰
465 3314 640 3372 τοίνυν
672 3310 902 3390 πότερον
927 3321 1025 3384 τῆς
1055 3314 1271 3374 πόλεως
1302 3315 1338 3384 ἢ
1372 3316 1501 3387 [663
1558 3316 1650 3386 Η.]
1689 3318 1798 3368 τῶν
1828 3317 1876 3353 δι

231 3401 548 3480 συμϐάντων
580 3408 979 3480 κατηγοροῦσιν
1011 3421 1023 3472 ;
1057 3402 1106 3458 εἴ
1139 3404 1238 3476 μὲν
1272 3401 1373 3478 γὰρ
1406 3410 1505 3473 τῆς
1535 3401 1751 3466 πόλεως
1809 3404 1878 3473 ⁶²,

229 3494 405 3564 οὐδὲν,
439 3496 514 3559 ὡς
561 3491 727 3564 ἔοικε,
777 3498 886 3549 τῶν
937 3493 1202 3568 μεγίστων
1257 3491 1584 3561 ἐπίστανται,
1633 3491 1757 3548 ἀλλ’
1789 3492 1881 3548 ἐκ-

228 3587 484 3663 πέφευγεν
531 3583 734 3644 αὐτοὺς
781 3583 869 3662 ἀφ’
899 3583 972 3637 ὧν
1022 3583 1056 3650 ἡ
1106 3581 1268 3641 πόλις
1311 3582 1652 3655 γνωρίζεται.
1710 3582 1771 3636 Εἰ
1823 3580 1880 3637 δὲ

226 3674 294 3730 τὰ
327 3668 606 3746 συμϐάντα
642 3671 970 3750 μέμφονται,
1019 3670 1134 3743 οὐχ
1164 3668 1330 3741 ὅμοια
1371 3674 1488 3732 τοῖς
1535 3667 1754 3740 ἄλλοις,
1805 3671 1878 3732 ὡς

229 3758 421 3833 ἔοικεν,
455 3763 538 3824 οἷς
570 3759 854 3836 προείλετο
885 3760 933 3795 6³
960 3759 995 3828 ἡ
1019 3757 1182 3820 πόλις
1205 3758 1542 3829 νομίζοντες,
1575 3758 1720 3812 οὕτω
1745 3758 1883 3830 μέμ-

230 3868 444 3929 φονταιο
481 3850 620 3905 ὥστε
647 3849 696 3919 ἐξ
729 3851 803 3903 ὧν
851 3847 914 3902 τὸ
962 3851 1190 3924 πρᾶγμα
1237 3844 1514 3914 κακίζουσι
1565 3846 1665 3913 τὴν
1715 3843 1882 3901 πόλιν

227 3939 687 4016 ἐγκωμιάζουσιν.
776 3936 914 3996 Τότε
996 3938 1097 4012 γὰρ
1181 3936 1344 3990 κακία
1410 3933 1501 3990 καὶ
1561 3935 1608 3969 ⁶⁴
1663 3933 1881 3999 πόλεως

231 4030 322 4086 καὶ
353 4028 574 4084 ἰδιώτου
615 4027 904 4096 δείκνυται,
937 4026 1062 4082 ὅταν
1106 4027 1142 4096 ἢ
1197 4026 1330 4098 μόνα
1376 4026 1422 4060 ⁸⁵
1469 4045 1548 4096 τῳ
1587 4028 1766 4098 προσῇ
1817 4026 1884 4081 τὰ

232 4121 452 4175 ὑπαίτια
481 4122 548 4190 ⁸⁸,
580 4117 616 4189 ἤ
647 4118 829 4174 πλείω
858 4118 924 4173 τὰ
956 4116 1135 4194 φαῦλα
1163 4119 1270 4171 τῶν
1295 4113 1546 4170 ἐπιεικῶν
1569 4112 1774 4190 ἐλέγχῃ
1798 4136 1882 4178 τις

229 4210 269 4280 ἢ
305 4209 492 4283 μείζω·
547 4209 888 4284 προσκείσθω
939 4209 982 4243 ⁶⁷
1035 4207 1155 4280 γάρ.
1211 4207 1372 4260 Ὅταν
1431 4202 1477 4259 δ’
1526 4207 1569 4241 ⁸⁸
1619 4203 1882 4274 ἐξετάζων

803 4295 826 4313 ᾗ

229 4298 320 4356 διὰ
347 4300 562 4355 πάντων
595 4297 708 4360 ὲνὸς
732 4297 767 4368 ἢ
799 4295 942 4351 δυεῖν
975 4290 1254 4368 λαμϐάνῃ,
1279 4290 1518 4364 λέληθας
1540 4293 1770 4349 ἐπαινῶν
1795 4296 1880 4356 οἷς

1984 1880 2043 1935 in
2080 1881 2320 1940 historia
2350 1888 2493 1943 mihi
2525 1904 2854 1962 occurrunt,
2881 1913 3028 1968 quas
3069 1880 3210 1957 adeo
3242 1921 3354 1959 non
3387 1923 3629 1978 possum

1986 1969 2152 2026 facile
2200 1982 2438 2030 cunctas
2486 1978 2794 2050 explicare,
2830 1988 2893 2038 ut
2941 2003 3012 2042 ne
3055 1988 3184 2044 duci
3235 1969 3472 2062 quidem
3522 1996 3629 2052 ulii

1984 2075 2186 2129 queam
2219 2063 2504 2121 sufﬁcere.
2530 2067 2738 2125 Earum
2771 2089 2904 2129 vero
2937 2091 3096 2146 quas,
3121 2079 3337 2149 quibus
3368 2084 3630 2155 omissis,

1984 2151 2339 2208 recensebo?
2363 2153 2494 2210 Jam
2536 2156 2680 2214 illud
2712 2163 3025 2220 maximam
3068 2174 3324 2224 meretur
3370 2172 3629 2230 admira-

1983 2236 2223 2308 tionem,
2271 2257 2624 2317 omnemque
2663 2254 2900 2320 superat
2937 2253 3258 2312 humanam
3304 2263 3574 2317 naturam
3611 2277 3626 2319 :

1984 2341 2108 2382 cum
2164 2336 2404 2400 possent
2463 2333 2912 2395 Lacedaamoniis
2975 2349 3121 2399 terra
3199 2348 3460 2419 marique
3524 2368 3628 2422 pro

1983 2416 2218 2474 famulis
2251 2419 2356 2489 uti,
2392 2421 2475 2478 vel
2507 2424 2824 2482 calamitati
2857 2445 2978 2485 suae
3020 2416 3542 2508 relinquam—quos
3571 2444 3628 2495 et

1983 2507 2148 2576 socii,
2180 2513 2238 2564 et
2287 2509 2545 2580 ﬁnitimi,
2594 2519 2650 2568 et
2697 2517 2842 2571 servi
2895 2535 3095 2576 omnes
3143 2507 3564 2596 oppugnabant
3607 2542 3623 2582 :

1985 2595 2368 2653 nihilominus
2425 2616 2603 2670 sequo
2638 2604 2772 2674 jure
2818 2621 2916 2662 eos
2967 2595 3348 2678 admiserunt,
3381 2620 3436 2667 et
3494 2630 3630 2670 cum

1983 2683 2246 2739 Thebani
2293 2685 2479 2743 instar
2511 2688 2761 2746 ﬂammai
2805 2695 2876 2749 ad
2929 2697 3130 2752 urbem
3185 2698 3527 2758 Laconicam
3577 2711 3632 2759 et

1983 2773 2237 2846 reliquas
2269 2775 2651 2850 Peloponnesi
2684 2787 2878 2854 partes
2899 2785 3208 2857 ferrentur,
3233 2791 3342 2846 soli
3373 2807 3440 2848 ex
3471 2793 3628 2848 Grae-

1983 2862 2066 2918 cis
2113 2868 2170 2920 et
2215 2865 2482 2923 barbaris
2532 2871 2893 2929 restiterunt.
2928 2877 3078 2938 Quas
3125 2877 3197 2933 ob
3244 2896 3336 2936 res
3384 2898 3450 2937 eo
3497 2882 3623 2939 loco

1984 2957 2122 3009 sunt
2153 2953 2224 3010 ab
2256 2957 2531 3014 omnibus
2562 2958 2769 3031 habiti,
2802 2967 2867 3018 ut
2915 2966 3054 3021 urbs
3099 2968 3277 3023 totius
3325 2970 3624 3028 societatis

1984 3043 2148 3100 curia
2173 3047 2639 3106 constitueretur.
2665 3053 2942 3110 Praeterea
2981 3065 3176 3113 utrum
3199 3058 3514 3128 civitatem,
3548 3078 3620 3117 an

1987 3133 2201 3190 foedera
2230 3137 2709 3208 reprehendunt?
2729 3141 2785 3197 Si
2816 3144 2972 3200 enim
3005 3145 3297 3203 civitatem
3331 3158 3629 3221 accusant,

1989 3224 2129 3280 nihil
2190 3227 2260 3282 de
2321 3227 2493 3283 rebus
2552 3231 2838 3301 maximis,
2891 3235 3081 3290 406!)
3129 3254 3161 3292 a
3217 3237 3432 3308 quibus
3487 3240 3629 3296 urbs

1987 3313 2619 3385 celebratur,videntur
2648 3335 3020 3391 cognoscere;
3054 3325 3143 3379 sin
3166 3326 3401 3396 ﬁndere,
3428 3328 3633 3399 utique

1989 3401 2119 3457 aliis
2148 3417 2216 3457 ea
2252 3403 2562 3460 dissimilia
2586 3406 2856 3476 judicent
2891 3425 2904 3464 :
2948 3411 3142 3482 itaque
3172 3413 3256 3479 fit,
3281 3417 3343 3469 ut
3381 3415 3534 3486 quod
3573 3415 3637 3473 in

1987 3490 2338 3564 vituperium
2373 3493 2454 3549 rei
2503 3497 2823 3567 proferunt,
2848 3514 2912 3555 eo
2963 3499 3201 3558 laudent
3233 3504 3460 3562 urbem.
3491 3505 3638 3562 Nam

1990 3585 2046 3636 et
2080 3581 2334 3638 civitatis
2372 3587 2429 3638 et
2461 3584 2714 3640 hominis
2755 3588 3010 3657 cujusvis
3041 3590 3249 3646 vilium
3283 3594 3364 3648 ita
3394 3594 3634 3650 demum

1990 3672 2377 3742 cognoscitur,
2402 3671 2450 3727 si
2484 3673 2636 3728 mala
2659 3674 2717 3728 in
2740 3692 2805 3730 eo
2835 3676 2922 3732 vel
2953 3676 3097 3747 sola,
3128 3679 3215 3733 vel
3247 3680 3418 3735 bonis
3446 3684 3635 3751 plura,

1992 3763 2094 3812 aut
2133 3760 2355 3828 majora
2394 3760 2482 3827 (ut
2513 3765 2570 3816 et
2599 3761 2708 3816 hoc
2753 3763 3122 3836 adjiciamus)
3161 3773 3502 3823 cernuntur.
3528 3769 3638 3834 Qui

1994 3850 2183 3902 autem
2214 3847 2486 3902 omnibus
2517 3851 3081 3917 examinatis,unum
3106 3853 3350 3927 aliquid,
3375 3865 3472 3912 aut
3495 3857 3636 3912 item

1994 3936 2238 3991 alterum
2271 3937 2724 4007 reprehendunt,
2760 3939 2798 3994 ii
2831 3941 3070 4012 reliquis
3101 3945 3436 4003 omittendis
3466 3948 3637 4004 tacite

1995 4028 2236 4082 laudant
2275 4030 2594 4100 praesertim
2645 4029 2694 4086 si
2755 4047 2869 4086 non
2911 4032 2982 4088 de
3024 4033 3280 4100 homine.
3321 4052 3520 4092 verum
3567 4039 3636 4094 de

1993 4117 2240 4184 civitate,
2275 4133 2458 4188 eaque
2507 4119 2678 4175 totius
2709 4120 2935 4177 Grecize
2979 4123 3404 4194 antiquissima,
3453 4125 3635 4197 pluri-

1995 4207 2222 4278 misque
2244 4207 2418 4262 rebus
2449 4207 2720 4280 praclare
2751 4211 2930 4282 gestis
2955 4211 3326 4268 celeberrima
3345 4214 3634 4284 judicium

1995 4295 2111 4352 ﬁat.
2144 4300 2325 4352 Omne
2372 4297 2526 4353 enim
2560 4297 2868 4370 imperium
2910 4318 2943 4355 a
2984 4302 3407 4372 potentioribus
3438 4309 3638 4361 contra

227 4389 395 4466 ἀφίης
418 4387 603 4450 ἄλλως
624 4407 682 4442 τε
710 4387 757 4423 ⁸9
787 4385 832 4441 εἶ
865 4382 992 4458 μηδ’
1020 4381 1243 4438 ἰδιώτου
1271 4386 1403 4457 ποιῇ
1434 4385 1532 4452 τὴν
1560 4383 1757 4458 κρίσιν,
1779 4382 1875 4438 ἀλ-

1991 4387 2284 4457 ωίιιιίῐιιῐὶε
2334 4388 2516 4460 legem
2558 4395 2878 4446 exercetur.
2912 4391 3212 4456 Quomodo
3265 4393 3484 4465 alioqui
3538 4400 3642 4452 aut

229 4479 302 4536 λὰ
330 4477 569 4546 πόλεως,
599 4477 689 4532 καὶ
712 4475 914 4544 ταύτης
941 4474 989 4510 7°
1010 4468 1387 4548 πρεσϐυτάτης
1408 4476 1516 4527 τῶν
1538 4469 1877 4544 Ἐλληνίδων

227 4568 318 4624 καὶ
348 4568 384 4642 ᾖ
417 4565 649 4622 πλεῖστα
681 4564 913 4640 ὑπάρχει
944 4564 1009 4618 τὰ
1043 4559 1232 4616 δὲοντα
1263 4556 1564 4634 συμϐάντα.
1597 4564 1813 4618 Ἅπασα
1833 4565 1876 4600 τι

225 4657 326 4734 γὰρ
388 4655 656 4728 δήπουθεν
708 4655 855 4729 ἀρχὴ
907 4657 1014 4708 τῶν
1065 4653 1389 4727 κρειττόνων
1435 4649 1547 4706 ἐστὶ
1609 4652 1698 4706 καὶ
1753 4655 1881 4726 παρ’

229 4745 388 4804 αὺτὸν
419 4747 511 4802 τὸν
545 4753 644 4816 τῆς
672 4745 923 4815 ἰσότητος
951 4744 1138 4815 νόμον.
1180 4741 1247 4799 Εἰ
1273 4739 1328 4796 δὲ
1376 4742 1477 4815 μὴ,
1527 4744 1646 4806 πῶς
1694 4740 1808 4797 ἴσον
1841 4741 1874 4812 ἢ

227 4840 334 4892 ποῖ’)
360 4833 565 4891 δίκαιον
593 4836 628 4905 ἢ
662 4835 864 4912 φόρους
894 4829 1136 4906 ἐκλέγειν
1170 4832 1215 4866 ⁷2
1253 4829 1358 4886 ἀπὸ
1407 4837 1507 4900 τῆς
1552 4829 1876 4904 ἀλλοτρίας,

231 4926 267 4996 ἢ
305 4927 510 5000 νόμους
536 4925 737 4980 τιθέναι
786 4929 902 4985 τοῖς
954 4920 1111 4978 οὐδὲν
1163 4918 1458 4993 δεομένοις,
1490 4919 1524 4989 ἢ
1559 4921 1760 4996 κρίνειν
1812 4921 1879 4976 τά

232 5016 470 5086 ἐκείνων,
502 5017 536 5086 ἢ
587 5014 936 5092 προστάττειν
987 5013 1053 5082 ⁷³,
1086 5013 1121 5084 ἢ
1153 5011 1440 5086 πολεμεῖν,
1473 5010 1508 5080 ἢ
1540 5013 1764 5066 κτᾶσθαι
1809 5011 1879 5066 τὰ

235 5109 312 5185 μὴ
344 5108 727 5184 προσήκοντα;
763 5103 907 5167 ὅλως
940 5104 1044 5180 γάρ
1073 5100 1224 5158 οὐδὲν
1258 5101 1466 5156 τούτων
1501 5099 1606 5156 ἀπό
1637 5105 1734 5156 τοῦ
1758 5100 1875 5155 ἷ¹σου

1990 4492 2219 4548 aequum
2260 4476 2353 4544 sit,
2381 4483 2483 4532 aut
2503 4479 2749 4549 justum,
2771 4484 2835 4535 ut
2865 4481 3000 4551 quis
3030 4480 3227 4538 alienae
3260 4487 3425 4540 terrae
3454 4483 3641 4541 tribu-

1987 4570 2114 4622 tum
2144 4566 2428 4636 imponat,
2461 4571 2564 4622 aut
2592 4565 2749 4639 leges
2792 4573 2996 4640 praeter
3026 4571 3433 4628 necessitatem
3463 4573 3635 4641 ferat,

1988 4659 2088 4712 aut
2110 4657 2248 4726 jura
2276 4654 2396 4711 illis
2428 4655 2517 4712 vel
2544 4657 2718 4727 jussa
2747 4659 2866 4725 det,
2899 4663 2999 4714 aut
3029 4658 3349 4732 belligeret,
3381 4670 3477 4717 aut
3509 4677 3634 4734 quas

1987 4762 2091 4802 sua
2130 4762 2244 4802 non
2284 4750 2422 4802 sunt
2465 4748 2747 4818 occupet?
2785 4749 3252 4820 quandoquidem
3281 4750 3397 4807 ista
3426 4760 3637 4823 praeter

1988 4832 2318 4904 aequitatem
2353 4833 2520 4888 ﬁunt.
2555 4834 2738 4898 Quare
2769 4835 2818 4890 si
2849 4836 2982 4906 quis
3003 4837 3263 4893 exactius
3288 4838 3438 4907 juris
3467 4842 3641 4894 natu-

1987 4938 2111 4977 ram
2160 4920 2292 4978 velit
2340 4923 2696 4994 perquirere,
2749 4941 2854 4981 nec
2911 4926 3109 4996 potius
3159 4925 3379 4996 aliquid
3441 4943 3636 4984 rerum

1988 5015 2204 5066 naturae
2248 5012 2587 5081 concedere,
2630 5031 2808 5086 quam
2844 5014 3172 5085 sophistam
3206 5031 3393 5086 agere,
3427 5015 3472 5071 is
3520 5016 3638 5086 iam

1983 5100 2252 5173 protinus
2281 5101 2482 5158 omnia
2530 5102 2774 5174 imperia
2813 5108 2872 5160 et
2901 5103 3277 5176 magistratus
3307 5105 3636 5178 abrogabit,

1580 5209 1826 5266 VARI/E
1864 5209 2273 5266 LECTIONES.

298 5326 342 5362 “
371 5324 424 5379 οἳ
453 5329 509 5382 et
537 5325 649 5394 καὶ.
726 5322 771 5359 ‘7
801 5319 1013 5398 χρείαις
1046 5336 1160 5398 οῙΠ.
1195 5324 1316 5398 λὲιῆ
1343 5315 1391 5354 ⁴³
1420 5313 1607 5398 ᾥςτελ
1638 5335 1693 5389 p.

227 5416 286 5471 p.
320 5399 425 5454 500
453 5391 617 5471 extr,
675 5395 722 5471 εἶ’
751 5391 1088 5470 περ’ίσταται]
1121 5392 1338 5471 p.302:

225 5461 321 5530 τας
350 5476 413 5526 Α.
520 5469 562 5504 ⁸⁷
595 5461 845 5522 ἁπάντων
873 5483 991 5524 om.
1027 5461 1089 5519 At
1123 5461 1137 5463 ”
1192 5461 1237 5498 ⁵⁸
1267 5461 1500 5532 πάντων]
1531 5463 1633 5513 πᾶν
1665 5465 1722 5514 Β.

227 5543 273 5578 ⁸ο
301 5537 401 5612 ἔτι]
434 5557 486 5612 p.
521 5541 625 5595 304
723 5543 767 5579 ⁸⁸
799 5540 834 5607 ἢ
866 5541 994 5612 τῶν.
1036 5606 1045 5612 ⁸
1097 5534 1144 5570 ⁶²
1173 5532 1392 5612 πόλεως
1423 5537 1647 5612 om._§.

226 5613 274 5649 ⁸⁵
302 5611 337 5680 ἢ
373 5603 512 5684 μόνα
541 5629 653 5669 om.
690 5617 756 5668 A.
825 5603 884 5645 ’⁸⁸
918 5606 1214 5684 {metitth
1241 5622 1274 5684 ελ
1289 5603 1518 5684 ῥπάντια

1763 5317 1887 5374 299.

1441 5387 1488 5423 ⁸³
1520 5387 1607 5460 με]
1641 5387 1718 5458 με
1745 5388 1812 5442 τά
1843 5392 1908 5445 Α.
2015 5387 2059 5424 ⁶⁴
2089 5388 2117 5440 ὃ
2151 5387 2318 5511 δὲ]ὲρ.
2343 5387 2485 5472 £303:
2579 5390 2623 5425 ⁸⁵
2654 5387 2757 5462 δεῖ]
2789 5387 2846 5478 δέ
2877 5393 2941 5448 Α.
2983 5465 3007 5475 ν
3036 5390 3082 5425 ⁵⁸
3111 5387 3397 5462 ὦσθέντας]
3430 5387 3636 5476 (ξφθέἶέ

1441 5461 1500 5532 ιν]
1531 5463 1633 5513 πᾶν
1665 5465 1722 5514 Β.
1800 5461 1844 5495 ⁵³
1901 5459 2176 5531 ἑωρῶντο]
2253 5477 2474 5583 ωρωντο
2524 5461 2574 5514 οἱ
2620 5463 2897 5554 Ἀθηναιοι
2940 5481 3048 5516 των
3095 5464 3543 5531 Πελοποννησιων
3573 5469 3636 5522 Α.

1441 5549 1538 5583 )m.
1584 5537 1647 5583 Δ.
1724 5531 1772 5567 ⁸³
1801 5529 2112 5583 προείλετο]
2143 5530 2300 5583 ποοεί
2344 5550 2487 5583 ηπτο
2519 5535 2584 5583 Α.
2691 5533 2738 5569 δι
2781 5554 2871 5583 xw.
2931 5540 3062 5583 ante
3109 5531 3327 5583 πόλεως
3383 5535 3514 5583 add.
3571 5542 3629 5583 A-

1724 5531 1772 5567 ⁸³
1801 5529 2112 5604 προείλετο]
2143 5529 2376 5604 προείλη

1734 5605 1776 5640 ⁸⁷
1806 5603 2119 5675 προκείσθω
2149 5605 2215 5658 Α.

1965 5315 2012 5351 ⁴⁹
2042 5316 2074 5388 ἅ
2106 5318 2200 5388 Α]
2273 5315 2381 5388 μὴν

2905 5320 3074 5373 ταῦτα
3303 5316 3344 5354 ⁸¹
3380 5317 3467 5394 καί
3501 5315 3631 5394 οὔχ]

2452 5315 2534 5390 ς’.
2611 5318 2654 5354 ⁸ο
2687 5315 2846 5444 αὐτὰ]
2905 5320 3074 5373 ταῦτα
3131 5321 3198 5372 Δ.
3303 5316 3344 5354 ⁸¹
3380 5317 3467 5372 καὶ
3501 5315 3631 5395 οὔχ]

2452 5396 2476 5446 ἱ.
2555 5386 2757 5467 ,δ’-δεῖ]
2789 5386 2816 5443 δ
2877 5393 2941 5448 Α.
2986 5465 3006 5467 η
3036 5386 3397 5467 ⁵⁶Αῴσθέντας]
3430 5389 3637 5467 ῴφθέν-

2015 5387 2059 5424 ιθ
2089 5388 2117 5440 ε
2151 5383 2237 5462 ξι]
2264 5383 2318 5460 ῤ.
2339 5383 2488 5446 '303.‘
2559 5390 2623 5462 κει
2654 5386 2757 5462 δεῖ]
2789 5386 2816 5443 δ

2691 5533 2738 5595 σι
2781 5534 2871 5589 καὶ
2931 5540 3062 5590 ante
3109 5531 3327 5595 πόλεως
3383 5535 3514 5590 add.
3568 5542 3630 5593 A.

2738 5607 2782 5642 ⁶⁹
2812 5627 2869 5662 τε
2901 5608 3033 5663 add.
3078 5608 3144 5664 A.

2384 5550 2487 5585 πτο
2519 5535 2584 5590 Α.

2290 5601 2338 5638 ⁵⁸
2367 5599 2412 5656 δ’
2443 5621 2560 5661 om.
2596 5613 2660 5660 A.
2738 5607 2782 5642 ⁶⁹
2812 5627 2869 5662 τε
2901 5608 3033 5663 add.
3078 5608 3144 5664 Α.
3229 5606 3276 5640 ⁷⁰
3305 5606 3394 5659 καὶ
3429 5606 3634 5675 ταύτης

227 5671 344 5746 οωζ
373 5671 442 5744 Ἀ.
517 5681 563 5718 ⁷¹
595 5677 798 5757 ἅπασα]
829 5701 883 5758 p.
918 5682 1045 5738 306.
1121 5678 1166 5714 ⁷³
1195 5671 1431 5753 ἐκλέγειν
1457 5680 1534 5730 A:
1564 5671 1818 5751 ἐκλογεῖν
1848 5671 1930 5749 ,
2006 5673 2053 5710 ⁷³
2081 5671 2456 5750 προστάττειν]
2483 5675 2735 5751 πράττειν
2771 5683 2838 5736 Α.
