4066 6216
197 331 352 392 1481

1285 327 1828 392 BIBLIOTHEGA.
1879 359 1953 370 —
1995 325 2169 387 COD.
2217 329 2522 392 CCXLVI.

3447 337 3602 400 1482

191 461 610 537 προσέκρουσεν,
643 457 770 516 ἀλλ’
801 457 900 516 οὐκ
939 459 988 528 ἐξ
1021 461 1097 514 ὧν
1144 459 1339 516 ἅπασιν
1387 461 1671 535 ὡμίλησεν
1724 455 1838 514 οὐδ’

1953 458 2319 528 calumniari,
2351 461 2629 535 neglectis
2669 463 3080 522 communibus
3115 470 3290 540 atque
3323 471 3609 529 universis

191 549 256 606 ἐκ
312 558 412 621 τῆς
451 549 590 622 ὅλης
627 547 837 626 φύσεως
894 552 1188 624 κρινοῦμεν
1221 551 1306 619 θδς
1365 549 1474 605 Ούκ
1533 547 1726 622 οἴομαι
1756 566 1837 622 γε·

191 636 380 714 ὥσπερ
433 637 494 693 ἂν
545 637 599 692 εἴ
639 659 722 700 τις
770 637 862 692 καὶ
911 642 1018 692 τῶν
1064 640 1198 693 θεῶν
1237 641 1282 676 ⁹⁴
1329 638 1662 714 κατηγοροίη
1715 635 1842 696 τοὺς

189 731 473 800 σκηπτοὺς
520 730 610 785 καὶ
668 729 762 792 τὰς
816 729 1064 804 βροντὰς,
1112 728 1208 784 κᾶν
1249 728 1379 786 εἷ’τι
1427 731 1611 802 σεισθῇ
1645 729 1709 796 ⁸⁵,
1750 729 1845 788 τὰς

195 817 330 881 ὅλας
379 820 468 874 καὶ
514 819 702 882 κοινὰς
751 819 924 874 αὐτῶν
976 817 1284 894 εὐεργεσίας
1326 817 1607 892 ἀμελήσας
1636 819 1682 854 9⁸
1713 836 1847 870 σκο-

195 913 338 966 πεῖν.
373 911 557 984 Ἔχων
592 909 636 945 ³⁷
676 906 734 962 δέ
773 907 960 964 πολλὶ
988 908 1077 962 καὶ
1108 905 1217 962 τῶν
1249 907 1468 983 ὕστερον
1518 908 1708 974 εἰπεῖν,
1755 905 1846 960 καὶ

1953 549 2268 606 beneﬁciis.
2305 551 2584 616 Quamvis
2615 559 2806 608 autem
2841 552 3028 610 multa
3057 572 3289 628 quoque
3315 561 3611 632 posterio-

1955 655 2082 694 rum
2116 643 2446 712 temporum
2479 641 2653 712 hella,
2678 642 2956 698 inusitata
2979 649 3032 700 et
3057 647 3321 704 inaudita
3343 657 3614 708 constan-

1956 728 2058 794 tia,
2090 731 2409 786 narrationi
2441 748 2578 788 mea
2604 731 2828 802 reliqua
2856 730 2990 797 sint,
3028 737 3260 804 tempus
3292 739 3484 794 tamen
3517 755 3609 794 me

1959 817 2172 875 deficit.
2227 820 2588 892 Quapropter
2639 837 2824 876 unum
2874 822 2924 876 si
2975 822 3276 894 addidero,
3326 829 3513 882 totum
3543 827 3615 882 de

1959 907 2064 962 hac
2097 924 2156 963 re
2185 924 2511 964 sermonem
2539 910 2902 966 concludam.

206 997 390 1076 μάχας
483 998 720 1060 ἀτόπους
776 999 866 1052 καὶ
931 997 1270 1070 τολμήματα
1317 997 1596 1070 θαυμαστὰ
1651 997 1739 1052 καὶ
1797 995 2081 1066 καρτερίας
2143 995 2453 1072 ὑπερφυεῖς,
2511 996 2688 1052 οὐκέθ’
2754 999 2865 1071 ὁρῶ
2921 999 3012 1053 τὸν
3071 1001 3258 1074 καιρὸν
3323 1003 3610 1075 ἀρκοῦντα.

199 1089 477 1146 Τοσοῦτον
508 1082 556 1139 δ’
595 1081 674 1140 ἔτι
705 1086 750 1122 9⁸
779 1084 1034 1159 προσθεὶς
1071 1091 1190 1147 τοῖς
1222 1087 1342 1160 περὶ
1374 1087 1584 1142 τούτων
1616 1085 1804 1160 λόγοις
1843 1079 2294 1156 ἀπαλλάττομαι.

270 1178 473 1248 Ὥσπερ
522 1176 570 1212 99
616 1175 721 1249 γὰρ
774 1172 1062 1248 προειδυῖα
1107 1175 1158 1246 ἐξ
1201 1177 1378 1252 ἀρχῆς
1431 1178 1466 1244 ἡ
1523 1174 1678 1252 φύσις
1726 1173 1851 1240 περὶ

194 1271 298 1332 τῆς
330 1262 567 1331 πόλεως,
602 1261 727 1316 ὅσον
766 1268 883 1324 τοῖς
931 1259 1117 1338 ἔργοις
1165 1261 1378 1336 προέξει
1415 1268 1430 1302 ι
1476 1267 1584 1316 τῶν
1636 1259 1848 1330 ἄλλων,

193 1351 624 1408 κατεσκευάσατο
671 1350 810 1424 αὐτῇ
857 1352 992 1426 πρὸς
1061 1351 1208 1421 ἀξίαν
1277 1351 1404 1414 τοὺς
1483 1351 1702 1427 λόγους,
1754 1347 1850 1405 ’ίνα

190 1441 332 1514 αὕτη
363 1463 420 1497 τε
454 1445 719 1513 κοσμοῖτο
754 1441 856 1496 ὑπὸ
888 1444 996 1496 τῶν
1043 1441 1241 1510 ἑαυτῆς
1294 1441 1534 1516 ἀγαθῶν,
1589 1437 1687 1494 κᾶν
1737 1460 1846 1494 τισι

189 1537 302 1587 τῶν
335 1529 522 1586 ἄλλων
569 1527 680 1603 δέῃ,
730 1529 820 1585 καὶ
865 1531 1012 1586 τοῦτ’
1061 1527 1165 1605 ἔχῃ
1221 1533 1354 1603 μετά
1383 1535 1492 1586 τῶν
1527 1527 1715 1584 ἄλλων
1746 1547 1848 1604 χα-

195 1620 458 1694 ρίζεσθαι.
513 1617 781 1694 Πρότερον
843 1619 938 1693 μὲν
989 1618 1084 1674 οὗν
1130 1619 1256 1682 τοὺς
1296 1619 1736 1695 καταφεύγοντας
1767 1616 1850 1694 ἐφ’

200 1711 344 1783 ὑμᾶς
402 1713 507 1764 τῶν
567 1707 855 1779 Ἑλλήνων
909 1705 1193 1779 διεσώζετε
1227 1730 1240 1744 ο
1299 1710 1412 1764 νυνὶ
1473 1705 1518 1762 δ’
1604 1709 1848 1781 ἀτεχνῶς

197 1797 402 1860 πάντας
442 1797 758 1870 ἀνθρώπους
789 1798 880 1852 καὶ
919 1799 1093 1852 πάντα
1145 1799 1276 1873 γένη
1317 1799 1386 1870 τῇ
1432 1796 1703 1866 καλλίστῃ
1738 1800 1846 1851 τῶν

199 1888 524 1964 εὐεργεσιῶν
582 1887 824 1962 ἀνέχετε,
875 1887 1139 1962 ἡγεμόνες
1195 1883 1440 1948 παιδείας
1499 1886 1590 1940 καὶ
1660 1884 1850 1962 σοφίας

2032 1172 2254 1230 Natura
2292 1174 2457 1246 quasi
2489 1176 2678 1233 sciens
2727 1177 2846 1233 fore
2895 1187 2957 1234 ut
3009 1179 3186 1236 rebus
3238 1181 3423 1252 gestis
3469 1183 3615 1242 alios

1959 1263 2099 1317 urbs
2141 1260 2313 1335 longe
2361 1263 2634 1334 vinceret,
2688 1267 2984 1324 orationes
3029 1267 3080 1323 ei
3129 1273 3187 1324 et
3234 1267 3461 1328 litteras
3510 1290 3616 1345 pro

1959 1351 2238 1422 dignitate
2291 1353 2520 1422 tribuit,
2553 1371 2665 1426 quo
2704 1359 2762 1412 et
2809 1355 2938 1428 ipsa
2979 1357 3099 1414 suis
3130 1359 3413 1429 gauderet
3443 1379 3612 1420 orna-

1959 1441 2194 1510 mentis,
2243 1447 2301 1498 et
2347 1442 2500 1512 aliis,
2547 1444 2593 1500 si
2653 1461 2801 1516 Opus
2848 1455 3026 1515 esset,
3077 1447 3266 1502 40712
3317 1466 3432 1505 una
3478 1469 3612 1508 cum

1959 1527 2202 1600 reliquis
2248 1531 2530 1602 impertiri
2573 1539 2789 1604 posset.
2837 1537 2980 1590 Cum
3027 1551 3161 1607 ergo
3193 1537 3356 1608 prius
3387 1539 3612 1598 Grzncos

1959 1618 2030 1674 ad
2090 1635 2190 1674 vos
2249 1620 2653 1692 confugientes
2724 1623 3112 1694 servaveritis,
3185 1643 3342 1683 nunc
3408 1645 3613 1686 omnes

1959 1706 2228 1764 homines
2259 1713 2579 1782 gentesque
2619 1716 2858 1768 cunctas
2899 1713 3293 1785 pulcherrime
3324 1719 3612 1788 excipitis,

1958 1797 2127 1852 xenio
2178 1797 2502 1869 sapientius,
2553 1809 2607 1856 et
2638 1801 2912 1856 doctrinae
2962 1803 3140 1859 duces
3189 1805 3465 1862 omnibus
3511 1824 3612 1863 vos

1959 1886 2313 1956 praebentes,
2356 1896 2710 1960 cunctosque
2741 1900 3078 1963 purgantes.
3109 1892 3240 1950 Jam
3274 1910 3404 1950 cum
3437 1897 3613 1966 quin-

199 1976 414 2047 ἀπάσης
443 1979 740 2052 γινόμενοι.
775 1975 953 2032 Ἀλλά
994 1978 1014 2012 ²
1043 1978 1150 2049 μὴν
1202 1975 1360 2030 πέντε
1405 1975 1500 2047 μὲν
1552 1969 1663 2030 ἔστι
1708 1975 1840 2049 μνή-

1960 1991 2073 2046 que
2104 1981 2497 2033 memorentur
2524 1993 2700 2049 regna
2727 1981 2854 2050 (nec
2888 1997 3016 2037 vero
3049 1979 3218 2053 plura
3250 1989 3610 2057 nascantur),

202 2068 331 2138 μη³
389 2065 701 2141 βασιλειῶν·
766 2067 842 2138 μή
902 2064 1116 2138 γένοιτο
1171 2063 1228 2120 δὲ
1285 2064 1576 2122 πλειόνων.
1618 2064 1846 2121 Τούτων

201 2152 250 2210 δ’
275 2153 362 2210 ἐπὶ
406 2156 500 2228 μὲν
533 2161 634 2224 τῆς
670 2155 976 2228 Ἀσσυρίων
1023 2157 1121 2224 τῆς
1165 2150 1544 2230 πρεσϐυτάτης
1599 2155 1654 2210 αἱ
1691 2157 1850 2228 πρῶ-

195 2264 289 2300 ται
319 2247 420 2313 τῆς
451 2243 666 2306 πόλεώς
697 2244 798 2300 εἰσι
831 2246 1069 2319 πράξεις,
1118 2243 1206 2300 καὶ
1267 2246 1365 2299 ὅσα
1411 2249 1519 2299 τῶν
1564 2242 1721 2298 θείων
1773 2244 1848 2304 εἰς

197 2340 394 2392 τοῦτον
443 2334 702 2410 ἐμπίπτει
757 2341 848 2391 τὸν
915 2335 1141 2410 χρόνον’
1203 2335 1288 2391 ἐπὶ
1352 2335 1408 2391 δέ
1459 2343 1558 2406 τῆς
1601 2333 1849 2410 δευτέρας

201 2421 366 2500 ’ᾔρετο
399 2427 434 2495 ἡ
480 2425 666 2487 πόλις’
699 2425 798 2494 τὴν
844 2423 902 2480 δέ
945 2427 1135 2500 τρίτην
1189 2423 1276 2480 διὰ
1331 2425 1526 2490 τέλους
1579 2423 1840 2496 ἐνίκησεν·

199 2513 254 2570 ἐν
288 2511 344 2570 δὲ
372 2520 442 2589 τῇ
467 2517 695 2590 τετάρτῃ
732 2516 872 2590 μόνη
902 2517 996 2589 μέν
1028 2515 1308 2591 ἀντέσχεν,
1343 2514 1533 2588 ἄριστα
1572 2513 1619 2570 δ’
1658 2516 1846 2587 ἀπηλ-

198 2603 326 2675 λαξε
379 2609 486 2660 τῶν
547 2604 756 2662 ἄλλων·
818 2605 905 2660 ἐπὶ
974 2603 1029 2661 δὲ
1087 2613 1188 2675 τῆς
1251 2606 1422 2661 πάντα
1477 2605 1704 2679 ἀρίστης
1753 2606 1842 2660 καὶ

203 2693 486 2770 μεγίστης,
561 2701 660 2764 τῆς
735 2695 850 2749 νυνὶ
933 2695 1347 2766 καθεστηκυίας,
1431 2697 1498 2750 τά
1584 2690 1843 2770 πρεσϐεῖα

197 2785 398 2844 παντὸς
438 2777 554 2858 ἔχει
601 2787 698 2838 τοῦ
745 2781 1097 2855 Ἑλληνικοῦ,
1144 2785 1234 2840 καὶ
1272 2785 1543 2860 πέπραγεν
1590 2787 1614 2820 ⁴
1670 2785 1842 2846 οὕτως

196 2867 340 2925 ὥστε
401 2871 477 2942 μή
539 2866 742 2944 ῥᾳδίως
788 2869 848 2925 ἄν
897 2891 1019 2926 τινα
1061 2874 1198 2945 αύτῇ
1244 2872 1311 2927 τὰ
1349 2869 1556 2946 ἀρχαία
1583 2869 1701 2926 ἀντὶ
1729 2875 1840 2926 τῶν

194 2958 478 3032 παρόντων
511 2958 876 3028 συνεύξασθαι.
911 2963 1074 3030 Γνοίη
1111 2958 1158 3016 δ’
1196 2959 1256 3015 ἄν
1289 2981 1370 3023 τις
1402 2959 1526 3015 ὅσον
1563 2965 1632 3035 τῇ
1677 2958 1836 3016 πόλει

191 3045 468 3121 περίεστιν
527 3046 586 3100 έκ
621 3050 720 3102 τοῦ
771 3049 970 3111 παντὸς
1024 3048 1246 3122 αἰῶνος,
1309 3051 1472 3120 [1232
1537 3052 1600 3122 Β]
1658 3049 1702 3104 εί
1771 3050 1838 3105 τά

203 3135 524 3209 ὑπάρχοντα
565 3134 721 3210 αὐτῇ,
754 3137 926 3192 πάντα
961 3137 1053 3209 μέν
1101 3137 1201 3192 οὐκ
1240 3137 1368 3200 ἴσως
1415 3136 1657 3208 δυνατὸν,
1695 3138 1834 3210 μᾶλ-

191 3223 291 3279 λον
323 3221 382 3279 δέ
411 3227 593 3301 σαφῶς
623 3221 903 3294 ἀδύνατον,
932 3224 1059 3281 ἀλλ’
1090 3225 1187 3281 ὅσα
1218 3248 1279 3303 γε
1301 3225 1560 3302 ἐγχωρεῖ,
1586 3228 1832 3301 μερίσας,

1960 2064 2018 2118 in
2065 2080 2268 2120 eorum
2315 2066 2792 2138 antiquissimum
2847 2071 3170 2141 Assyrium,
3213 2072 3414 2143 primae
3445 2074 3608 2131 urbis

1963 2168 2056 2208 res
2083 2157 2280 2224 gestae,
2333 2158 2390 2209 et
2436 2171 2568 2226 quae
2597 2155 2670 2211 iis
2717 2157 2988 2229 pr0pitiis
3038 2163 3168 2215 aeta
3198 2169 3356 2228 sunt,
3387 2161 3608 2218 incide-

1959 2247 2134 2309 runt;
2179 2243 2237 2297 in
2289 2243 2548 2300 secundo
2602 2246 2784 2302 crevit
2832 2247 3008 2316 urbs;
3059 2247 3226 2304 tertio
3267 2249 3393 2320 ipsa
3433 2250 3603 2318 vicit;

1958 2339 2154 2399 quarto
2186 2347 2317 2388 curn
2349 2334 2474 2388 sola
2506 2334 2743 2402 restitit,
2769 2339 2893 2391 tum
2925 2335 3139 2406 Optime
3169 2338 3436 2394 omnium
3471 2340 3603 2396 libe-

1955 2421 2139 2476 ravit:
2177 2423 2232 2478 in
2268 2423 2377 2480 hoc
2423 2429 2618 2480 autem
2665 2426 2930 2481 omnium
2973 2427 3193 2498 optimo
3233 2444 3297 2482 ac
3330 2429 3602 2496 maximo,

1953 2511 2125 2568 totius
2163 2512 2396 2569 Grzeeiaa
2438 2514 2654 2584 primas
2697 2519 2875 2584 tenet,
2909 2515 2984 2570 ita
3037 2519 3098 2570 ut
3147 2532 3263 2572 non
3304 2517 3514 2572 debeat
3551 2518 3602 2572 ei

1953 2601 2266 2672 quisquam
2285 2601 2588 2673 antiquum
2609 2607 2828 2659 statum
2847 2603 2972 2660 loco
2991 2606 3288 2675 praesentis
3308 2609 3596 2675 exoptare.

1953 2693 2182 2756 Quanta
2212 2707 2342 2748 vero
2367 2691 2537 2747 fuerit
2561 2691 2720 2746 urbis
2743 2693 2812 2748 ab
2837 2694 2994 2747 omni
3019 2696 3277 2764 tempore
3309 2699 3596 2764 praestan-

1951 2779 2049 2846 tia,
2083 2779 2247 2837 facile
2295 2781 2608 2837 admodum
2658 2797 3138 2852 cognosceremus
3170 2781 3216 2838 si
3254 2783 3382 2854 ejus
3411 2800 3593 2840 orna-

1953 2876 2144 2924 menta
2177 2886 2292 2925 non
2324 2869 2562 2942 quidem
2585 2869 2782 2927 omnia
2805 2871 2963 2940 (nam
2985 2871 3044 2926 id
3066 2871 3307 2926 omnino
3329 2870 3452 2927 fieri
3481 2889 3590 2928 non

1948 2959 2180 3030 potest),
2231 2960 2331 3014 sed
2379 2957 2604 3031 aliquot
2652 2959 2710 3014 in
2761 2960 2947 3016 varias
2994 2961 3170 3016 urbes
3215 2977 3282 3016 ac
3327 2962 3592 3030 regiones

1949 3047 2384 3116 distribuentes,
2417 3065 2618 3104 earum
2649 3048 2861 3106 deinde
2890 3050 3384 3120 comparationem
3417 3050 3590 3122 quasi

1945 3140 2250 3205 poetarum
2280 3141 2380 3192 aut
2427 3137 2772 3192 ehorearum
2821 3137 3234 3206 instituamus;
3279 3155 3394 3194 non
3433 3139 3594 3194 enim

1945 3225 2093 3282 mihi
2126 3225 2292 3282 facile
2322 3227 2566 3288 videtur,
2596 3229 2921 3282 vincentem
2957 3227 3254 3284 invenire:
3291 3233 3350 3283 ut
3374 3228 3421 3283 si
3442 3227 3587 3295 aliae,

188 3311 332 3368 ἄλλο
364 3314 387 3348 ⁵
417 3311 561 3386 ἄλλῃ
597 3311 758 3368 πόλει
806 3315 893 3369 καὶ
947 3314 1106 3390 χώρᾳ
1157 3316 1434 3391 προσθεὶς,
1484 3315 1602 3370 εἶτα
1647 3316 1828 3391 ἀγῶνα

1952 3315 2098 3370 verbi
2122 3317 2326 3388 gratia,
2347 3317 2418 3372 de
2443 3317 2626 3386 prima
2649 3315 2906 3372 hominis
2927 3317 3220 3372 creatione
3241 3317 3583 3388 glorientur,

186 3406 268 3474 τῷ
297 3401 448 3478 λόγῳ
473 3404 724 3473 ποιήσειε
753 3405 774 3440 ⁸
803 3403 1042 3479 καθάπερ
1075 3408 1319 3475 ποιητῶν
1359 3403 1396 3474 ἢ
1453 3409 1638 3481 ’χορῶν
1668 3408 1707 3442 ⁷·
1756 3405 1828 3460 Ού

189 3491 292 3568 γάρ
329 3512 424 3564 μοι
455 3488 606 3546 δοκεῖ
633 3493 730 3560 τήν
768 3497 1001 3546 νικῶσαν
1049 3493 1224 3566 εὑρεῖν
1271 3491 1330 3547 ἂν
1364 3495 1384 3530 ⁸
1433 3491 1654 3569 ῥᾳδίως.
1695 3497 1828 3552 Οἴον

193 3579 240 3635 εἰ
294 3580 652 3658 φιλοτιμοῖτο
694 3582 728 3649 ἡ
785 3581 879 3654 μὲν
926 3580 1000 3642 ὡς
1049 3583 1240 3655 πρώτη
1287 3585 1415 3654 [665
1473 3586 1566 3655 Η.]
1605 3589 1836 3639 τεκοῦσα

191 3669 256 3724 τὸ
312 3673 420 3724 τῶν
468 3669 766 3743 ἀνθρῶπων
820 3669 996 3745 γένος,
1045 3671 1080 3738 ἡ
1127 3665 1184 3724 δὲ
1239 3669 1312 3731 ὡς
1371 3671 1560 3746 πρώτη
1623 3669 1836 3742 δείξασα

192 3757 320 3820 τοὺς
366 3757 628 3834 καρποὺς,
669 3760 704 3828 ἡ
757 3755 813 3812 δὲ
865 3758 938 3819 ὡς
984 3756 1261 3821 πλείστοις
1322 3757 1646 3832 μεταδοῦσα,
1701 3762 1736 3828 ἡ
1778 3757 1836 3814 δέ

183 3845 318 3908 τις⁹
383 3847 459 3910 ὡς
505 3847 716 3920 νόμους
769 3843 1140 3916 καταδείξασα,
1199 3849 1234 3916 ἡ
1295 3845 1352 3904 δὲ
1403 3847 1732 3922 πανηγύρεις
1769 3850 1832 3917 ιο,

183 3937 219 4005 ἡ
258 3931 316 3989 δὶ
365 3935 436 3996 ὡς
483 3933 535 3990 ἐν
591 3933 914 3998 καλλίπαις
955 3941 1130 3992 κεῖται
1178 3943 1284 4012 γῆς
1333 3937 1448 4010 ἅμα
1497 3935 1586 3990 καὶ
1632 3934 1832 3990 θαλάτ-

181 4043 286 4095 της
327 4025 392 4093 ²¹,
423 4027 458 4094 ἡ
505 4021 564 4078 δέ
591 4029 707 4086 τοῖς
757 4030 858 4094 τῆς
908 4025 1096 4102 σοφίας
1145 4025 1372 4100 ἀγαθοῖς
1427 4024 1746 4099 ἀγάλλοιτο,
1797 4027 1832 4095 ἡ

183 4111 244 4168 δὲ
292 4113 388 4177 τὰς
438 4112 490 4169 έν
542 4119 659 4176 τοῖς
689 4111 961 4187 πολέμοις
992 4115 1209 4188 πράξεις
1245 4113 1562 4192 καταλέγοι,
1596 4112 1740 4186 ἄλλη
1777 4111 1834 4170 δὲ

179 4203 343 4266 ὅσους
373 4206 418 4241 ﬂ
467 4202 756 4276 ὑπεδέξατο
805 4207 916 4260 τῶν
973 4203 1283 4276 Ἑλλήνων,
1348 4207 1382 4274 ἡ
1437 4202 1494 4260 δὲ
1543 4205 1638 4267 τὰς
1681 4206 1834 4260 ἀποι-

179 4293 304 4356 κίας
335 4291 394 4356 ἃς
423 4291 761 4362 ἀπέστειλεν,
795 4296 829 4364 ἡ
863 4290 920 4348 δὲ
952 4295 981 4348 ὅ
1009 4315 1062 4349 τι
1093 4295 1184 4349 καὶ
1236 4293 1360 4365 δοίη
1409 4314 1489 4355 τις
1539 4294 1674 4368 αὐτῇ
1723 4300 1830 4349 τῶν

185 4383 548 4462 ὑπαρχόντων
577 4386 647 4455 τῇ
679 4379 861 4451 πόλει,
897 4385 1039 4457 φημ’
1079 4378 1254 4462 ἔγωγε
1305 4382 1524 4456 μάλιστ’
1578 4383 1637 4438 ἂν
1690 4383 1833 4440 οὕτω

181 4473 425 4551 γενέσθαι
472 4473 768 4553 καταφανὲς
821 4474 1047 4534 ὁπόσοις
1105 4475 1216 4530 τισὶ
1254 4479 1370 4538 τοῖς
1439 4475 1736 4549 κρείττοσιν
1797 4477 1832 4545 ἡ

183 4560 352 4624 πόλις
385 4565 522 4636 ἡμῖν
553 4566 599 4600 ¹³
637 4563 732 4624 τὰς
767 4560 941 4626 ἄλλας
970 4561 1372 4638 παρελήλυθεν.
1413 4569 1478 4622 “A
1524 4565 1626 4638 γὰρ
1677 4564 1830 4640 ἐξαρ-

1942 3406 2206 3476 quadam
2267 3405 2337 3460 de
2396 3404 2664 3477 frugibus
2721 3404 2812 3460 vel
2871 3405 3123 3476 primum
3172 3405 3445 3476 inventis,
3503 3407 3588 3462 vel

1942 3493 2262 3566 plurimum
2298 3493 2764 3561 communicatis,
2811 3493 3104 3549 nonnullis
3137 3495 3208 3550 de
3233 3494 3460 3567 legibus
3491 3501 3596 3550 aut

1943 3585 2102 3639 feriis
2133 3583 2492 3640 solemnibus
2535 3583 2888 3651 constitutis,
2928 3583 3052 3638 alia
3085 3585 3156 3640 de
3185 3583 3296 3638 situ
3331 3599 3588 3638 commo-

1941 3673 2220 3742 dissime;
2253 3675 2520 3743 quaedam
2555 3675 2626 3728 de
2661 3671 2966 3742 sapientia,
2999 3672 3086 3728 vel
3125 3671 3298 3726 rebus
3339 3671 3588 3740 bellicis,

1943 3759 2238 3817 nonnulla:
2259 3762 2332 3816 de
2362 3761 2574 3815 Graecis
2597 3761 2875 3830 exceptis,
2899 3760 2984 3814 vel
3009 3759 3255 3815 coloniis
3285 3760 3582 3826 deductis;

1943 3849 2178 3919 reliquie
2209 3848 2455 3918 denique
2485 3849 2554 3902 de
2595 3849 2710 3903 alia
2740 3863 2800 3904 re
2831 3847 3058 3918 quavis,
3091 3863 3218 3918 quae
3251 3847 3377 3903 urbi
3409 3849 3592 3902 conti-

1941 3939 2110 4010 gerit.
2153 3938 2246 3994 Sic
2289 3937 2656 4009 apertissime
2713 3941 2932 4008 quanto
2981 3937 3236 4008 reliquas
3284 3936 3592 3993 intervallo

1944 4029 2085 4085 urbs
2131 4035 2381 4101 superet,
2430 4027 2832 4096 ostendemus,
2875 4042 3010 4084 cum
3049 4027 3194 4099 ipsa,
3227 4043 3594 4099 quaecunque

1943 4118 2048 4174 toti
2067 4116 2289 4172 Graeciae
2308 4117 2622 4188 separatim
2641 4117 2998 4183 sufficerent,
3013 4114 3140 4172 sola
3157 4115 3595 4188 complectatur.

1943 4207 2092 4271 Quin
2125 4211 2182 4262 et
2207 4207 2428 4262 donum
2461 4205 2610 4277 quod
2638 4205 2712 4262 sit
2743 4204 3088 4274 maximum,
3128 4221 3245 4261 non
3277 4204 3447 4261 facile
3475 4203 3601 4260 dis-

1943 4299 2231 4365 cernetur,
2263 4311 2465 4350 verum
2499 4295 2548 4350 si
2589 4294 2682 4349 hic
2723 4293 3022 4349 civitatum
3066 4309 3299 4365 quoque
3329 4293 3430 4349 fiat
3459 4309 3599 4350 con-

1943 4386 2148 4450 tentio,
2181 4389 2246 4439 ut
2278 4383 2391 4440 alia
2433 4382 2653 4440 Cereris
2692 4383 2917 4440 fruetus
2962 4382 3185 4452 ail‘erat,
3218 4383 3334 4440 alia
3363 4383 3601 4451 Bacchi,

1946 4491 2050 4531 nec
2095 4473 2273 4530 solius
2319 4473 2471 4542 vitis,
2521 4473 2620 4529 sed
2673 4478 2729 4530 et
2781 4473 3054 4538 aliorum,
3105 4489 3232 4545 quae
3276 4477 3594 4528 seruntur:

1943 4565 2118 4622 tertia
2146 4580 2279 4620 vero
2311 4564 2578 4620 Minervae
2622 4563 2866 4629 donum,
2907 4563 3088 4635 idque
3127 4561 3358 4634 duplex,
3393 4562 3600 4617 multis

183 4657 270 4707 κεῖ
319 4650 623 4728 νειμαμένῃ
673 4655 742 4726 τῇ
792 4636 1059 4725 Ἑλλάδι,
1091 4656 1260 4708 ταῦτα
1305 4655 1447 4726 μόνη
1506 4636 1830 4725 συλλήϐδην

1952 4656 2147 4728 utique
2215 4653 2554 4710 civitatibus
2623 4651 2911 4724 gloriandi
2979 4651 3310 4720 materiam,
3372 4667 3477 4708 ceu
3536 4652 3605 4706 de

185 4735 329 4816 ἔχει.
395 4741 494 4796 Καὶ
551 4743 658 4814 μὴν
703 4742 746 4778 ¹⁴
801 4747 911 4798 τῶν
967 4761 1030 4818 γε
1087 4742 1306 4816 δωρεῶν
1359 4741 1617 4806 ὡσαύτως
1657 4745 1701 4781 ¹⁵
1739 4743 1836 4811 τήν

189 4829 458 4906 μεγίστην
510 4829 570 4886 ού
621 4829 806 4906 ῥᾴδιον
855 4831 1054 4906 εὑρεῖν,
1106 4830 1438 4906 ἀμιλλάσθω
1488 4829 1545 4886 δέ
1591 4833 1680 4888 καὶ
1717 4834 1839 4908 περὶ

183 4919 398 4976 τούτων
431 4919 578 4992 ἄλλη
613 4921 748 4994 πρὸς
778 4919 957 4991 ἀλλην
981 4919 1168 4993 πόλις,
1193 4923 1227 4991 ἡ
1257 4921 1348 4994 μὲν
1375 4922 1502 4984 τοὺς
1539 4923 1842 4999 Δήμητρος
1883 4915 1900 4930 ’

187 5010 434 5086 καρποὺς
485 5008 812 5081 κομίζουσα,
853 5012 888 5079 ἡ
936 5007 992 5064 δὲ
1037 5009 1166 5072 τοὺς
1197 5012 1244 5048 ¹⁶
1289 5015 1386 5067 τοῦ
1429 5011 1840 5082 Διονύσου,καὶ

183 5098 416 5162 τούτους
469 5096 530 5153 οὗ
582 5097 742 5171 μόνον
779 5096 911 5163 τοὺς
952 5097 1058 5154 ἀπὸ
1104 5107 1205 5171 τῆς
1255 5099 1530 5176 ἀμπέλου,
1576 5100 1725 5158 ἀλλά
1753 5100 1842 5157 καὶ

1949 4745 2432 4819 praestantissimo
2483 4761 2723 4801 munere
2773 4743 3022 4816 singulis
3074 4743 3362 4799 dabimus.
3414 4743 3606 4798 408a

1954 4841 2142 4906 Atque
2199 4835 2319 4890 hac
2369 4834 2608 4906 quidem
2671 4834 2972 4890 hactenus.
3021 4833 3358 4904 Magnitudo
3407 4837 3605 4888 autem

1954 4925 2114 4982 urbis
2147 4929 2204 4980 et
2229 4923 2488 4995 reliquus
2519 4927 2850 4995 apparatus,
2884 4923 3124 4978 omnino
3147 4921 3398 4978 fortunae
3429 4920 3608 4976 Athe-

1951 5015 2245 5082 niensum,
2279 5017 2336 5069 et
2383 5012 2638 5069 nominis
2687 5011 3058 5083 amplitudini
3103 5009 3444 5082 respondet,
3489 5009 3610 5065 sive

1952 5105 2149 5178 ipsum
2179 5102 2431 5160 civitatis
2461 5101 2774 5170 ambitum,
2807 5101 2906 5174 qui
2941 5099 3234 5158 maximus
3263 5101 3354 5156 est
3391 5103 3446 5155 et
3477 5098 3610 5170 pul-

1551 5277 1793 5335 νΑῑιΙίΕ
1833 5277 2246 5335 LEGTIONES.

257 5410 305 5446 ⁸³
332 5427 589 5484 κινουμλεν
619 5415 678 5467 Β.

183 5479 386 5554 λήσεις]
417 5475 967 5554 ἐμὲλήςίμξνάμελεῖλ
994 5480 1058 5534 Β·
1114 5549 1133 5554 -
1163 5479 1208 5554 ’ἶ
1237 5475 1412 5554 ἔχων]
1448 5499 1502 5550 ρο
1546 5475 1670 5554 311-

181 5549 386 5628 ἔργοιξ
401 5549 526 5628 _‘
563 5553 588 5628 ii
620 5549 873 5625 ἀλλά]’ρ.
909 5551 1034 5628 3ξο.
1113 5549 1520 5628 ³μείσῨὶ-’μνῆμριι

179 5619 456 5704 κᾲθάπερ]
502 5619 732 5704 ἔνθαπερ
764 5619 840 5680 Af
892 5697 903 5704 _
943 5622 966 5656 7
997 5625 1198 5704 χωρῶν
1365 5623 1426 5704 μδ
1453 5623 1512 5704 ἃ]
1547 5619 1664 5704 o'm‘.
1707 5625 1773 5704 Αζ

185 5699 234 5734 ¹²
278 5694 335 5752 δὲ
367 5694 500 5754 ante
530 5694 842 5757 δσουςόπι.
876 5697 942 5750 Α.
1001 5694 1065 5728 ί¹³
1091 5694 1245 5767 ἡμῖν]
1282 5694 1432 5765 ὑμῶν
1473 5696 1530 5748 Β.

515 5797 790 5860 Ρλτιιοι..
835 5799 949 5860 Gn.
996 5795 1150 5856 CIII.

784 5408 832 5444 ⁹⁴
861 5405 920 5462 ἂν
953 5403 1006 5461 εἴ
1031 5427 1112 5469 τις
1145 5407 1236 5461 καὶ
1277 5411 1384 5461 τῶν
1417 5407 1580 5478 θεῶν]
1605 5405 1695 5460 καὶ
1724 5409 1830 5461 τῶν
1863 5407 1995 5460 θεῶν
2030 5405 2080 5460 εἴ
2107 5425 2188 5466 τις
2223 5402 2304 5459 ἅν.

784 5478 958 5514 ,ηρὶετ
996 5480 1034 5514 n
1163 5479 1208 5514 97
1237 5475 1412 5514 gemui
1448 5499 1478 5514 η
1547 5481 1640 5514 un
1785 5479 1832 5514 es
1860 5474 1908 5514 3.-
1939 5473 2010 5514 ἕῳ.
2065 5485 2092 5514 Α
2139 5495 2151 5508 -
2191 5473 2244 5514 ἓέ
2277 5495 2304 5514 η-

1860 5476 2445 5533 δ’ἕτιΑεδέτισ.

1785 5475 2015 5532 νδδ¹ἕτι
2056 5485 2101 5536 Α
2139 5495 2152 5533 :
2191 5475 2445 5549 δέτι
2549 5475 2722 5528 ⁹⁹ὥστ

1723 5553 1740 5585 ⁴
1773 5549 2053 5624 πέπραχεν
2203 5549 2226 5582 ⁵
2251 5545 2392 5602 ἄλλο
2424 5553 2464 5602 Β
2501 5565 2513 5602 :
2549 5543 2722 5624 ἄλλος

1908 5617 2037 5689 ,αἱῐῆ
2074 5618 2130 5675 δὲ
2161 5639 2244 5682 τις
2287 5617 2709 5693 -Απανηγύρεις
2753 5617 2868 5675 6m.
2937 5621 3002 5693 Α..

1611 5693 1655 5728 ί⁴¹
1685 5692 1774 5746 καὶ
1820 5695 1952 5766 μὴν]
1987 5713 2039 5766 p.
2074 5695 2198 5751 322.

2412 5405 2455 5476 Ῠδ
2481 5399 2748 5476 κᾶνείξτι
2800 5403 2986 5476 σεισθῇ
3027 5419 3144 5460 om.
3204 5404 3269 5458 A.
3367 5400 3416 5476 3°
3471 5401 3608 5475 ἀμε·

2625 5473 2838 5547 ὥσπερ]
2871 5492 2926 5547 p.
2961 5469 3088 5530 317.
3194 5476 3210 5509 ¹
3244 5469 3454 5547 προέξει
3494 5469 3610 5534 τοῖς

2887 5549 2909 5582 ⁵
2939 5547 3160 5616 ποιήσει
3193 5551 3260 5614 A,
3283 5547 3516 5616 ποιήσοι
3551 5547 3613 5600 Β.

3111 5619 3152 5655 ¹¹
3211 5615 3486 5686 θαλάσσης
3545 5619 3583 5670 Α
3598 5657 3610 5670 .

2953 5689 3000 5728 ¹⁶
3039 5687 3168 5751 τοὺς
3207 5693 3253 5745 Α
3304 5706 3318 5746 :
3367 5695 3468 5757 τῆς

3208 5793 3281 5848 47

2277 5693 2326 5727 ¹⁵
2355 5689 2616 5752 ὡσαύτως
2649 5707 2766 5746 om.
2809 5695 2871 5746 Δ.
