4066 6216
265 380 422 444 1489

1306 601 1330 620 ν

259 616 364 679 τῆς
423 609 473 663 ἐν
533 607 748 668 τούτοις
789 599 1076 679 διατριϐῆς
1127 600 1240 657 οὐδ’
1297 601 1357 656 ἄν
1422 606 1518 677 ζῇν
1586 600 1906 676 δεξαμένους

261 701 427 771 [1237
475 701 570 771 R.]
629 696 801 758 οὕτως
849 697 1028 771 ἀργῶς
1079 693 1282 770 [ἀργῶς
1325 693 1463 764 εἷπε,
1513 689 1601 747 διὰ
1649 692 1774 756 τοὺς
1828 695 1903 765 μὴ

260 785 664 861 ἀντιλὲγὸντας·
699 783 924 852 ἀδίκως,
959 782 1047 837 διὰ
1077 779 1206 842 τοὺς
1249 778 1620 854 ἐπιτιμῶντας
1652 785 1768 842 τοῖς
1813 780 1914 834 ἀν-

259 874 620 950 τιλέγουσιν,]
657 873 871 949 μᾶλλον
906 871 962 927 δὲ
995 867 1196 932 ἀδίκως
1227 862 1395 944 ἔχειν,
1431 867 1570 924 ὥστε
1613 871 1691 924 ἐνὶ
1740 877 1916 943 πιστῷ

265 963 505 1041 χρῆσθαι
535 959 660 1034 περὶ
709 960 958 1014 ἁπάντων
1009 959 1076 1028 ⁸⁸,
1135 956 1194 1013 ἄν
1250 979 1334 1020 τις
1385 957 1564 1036 φθάσῃ
1602 961 1916 1036 γενόμενος,

263 1053 354 1107 καὶ
387 1051 454 1107 τὰ
487 1050 724 1124 ὀνόματα
782 1048 898 1104 ἀντὶ
945 1055 1046 1118 τῆς
1095 1046 1356 1117 ἀληθείας
1405 1049 1698 1122 θαυμάζειν
1739 1053 1920 1126 αἱρεῖ-

421 1143 469 1178 93
534 1140 560 1162 υ
865 1138 876 1160 Ι
1056 1138 1066 1158 Ι
1241 1137 1254 1158 9
1385 1139 1398 1162 ε
1449 1143 1496 1170 ..ι
1597 1141 1612 1160 ς

263 1145 388 1198 σθαι
475 1184 490 1208 ,
522 1160 702 1214 ωσπερ
748 1159 966 1212 νομισαι
1017 1135 1158 1209 δεον,
1201 1159 1310 1217 ουχ
1350 1159 1523 1214 ευρειν
1559 1161 1622 1195 το
1675 1140 1917 1214 βέλτιον,

262 1232 356 1287 καὶ
412 1231 540 1292 τοὺς
604 1231 698 1303 μὲν
757 1228 959 1300 νόμους
1021 1226 1237 1299 αὐτοὺς,
1281 1227 1340 1283 ἂν
1401 1228 1667 1307 συμφέρῃ,
1726 1236 1916 1299 κινεῖν,

264 1321 396 1383 τοὺς
427 1317 486 1375 δὲ
514 1317 639 1392 περὶ
668 1323 776 1372 τῶν
809 1316 891 1372 ἀεὶ
946 1316 1210 1390 μενόντων
1255 1321 1324 1391 τῇ
1373 1317 1528 1397 φύσει
1579 1317 1779 1396 λόγους
1826 1318 1912 1374 ἐπὶ

264 1415 386 1472 τοῖς
416 1409 656 1485 πρώτοις
691 1409 763 1482 μὴ
799 1405 1072 1483 δέχεσθαι,
1115 1405 1240 1461 ἀλλ’
1287 1405 1470 1482 ὥσπερ
1503 1407 1665 1482 ὅρους
1696 1407 1730 1476 ἢ
1783 1409 1918 1478 στή-

265 1498 368 1562 λας
395 1499 524 1561 τοὺς
561 1497 1082 1573 προκατεσχηκότας
1123 1491 1462 1570 πρεσϐεύειν,
1509 1496 1600 1549 καὶ
1633 1501 1800 1552 ταῦτα
1849 1497 1915 1552 ού

265 1589 416 1647 λύειν
458 1587 636 1663 ὥσπερ
679 1586 730 1640 ἐν
781 1591 900 1650 τοῖς
935 1585 1128 1660 νόμοις
1164 1585 1290 1647 τοὺς
1337 1583 1637 1660 προτέρους
1689 1583 1778 1640 διὰ
1805 1591 1912 1642 τῶν

261 1679 514 1739 ἐναντίων
562 1678 704 1747 δεον,
761 1676 908 1732 ἀλλὰ
965 1680 1068 1742 τῆς
1115 1677 1286 1745 αὐτῆς
1337 1677 1524 1751 χώρας
1569 1676 1656 1730 καὶ
1699 1677 1914 1751 ὲτέρους

261 1771 443 1843 ἀξιοῦν
476 1768 687 1839 αὐτοῖς,
718 1766 808 1822 καὶ
839 1771 955 1827 τοῖς
1001 1767 1094 1838 μὲν
1124 1763 1308 1840 ὅρκοις
1347 1770 1466 1828 τοῖς
1505 1769 1710 1827 κοινοῖς
1742 1787 1914 1840 προσ-

1337 373 1880 439 BlBLIOTHECA.
1927 411 2004 424 —
2047 379 2220 443 COD.
2267 383 2600 446 CCXLVII.

337 521 478 582 Τοὺς
511 515 558 574 δ’
597 516 684 573 ἰπὶ
731 521 840 573 τῶν
903 516 950 552 θί
991 513 1170 591 λόγων
1224 511 1534 588 ἀνέχοντας,
1592 513 1682 568 καὶ
1731 515 1907 590 χωρὶς
1941 519 1990 586 Α

3509 395 3666 457 1490

2131 519 2238 583 Qui
2269 520 2326 575 in
2360 519 2570 576 litteris
2613 523 2916 591 excellunt,
2948 529 3006 580 et
3060 528 3279 602 absque
3309 547 3509 589 earum
3543 540 3668 590 stu-

2019 608 2114 664 dio
2137 625 2208 664 ne
2229 609 2407 665 vitam
2429 610 2664 682 quidem
2689 615 3071 684 expetendam
3095 623 3316 688 putent,
3338 637 3430 676 eos
3445 627 3562 678 tam
3589 623 3671 696 ig-

2018 714 2197 754 navos
2230 699 2394 770 [dixit
2417 699 2638 770 ignavos
2659 707 2888 771 prOpter
2911 719 3026 759 non
3049 708 3535 778 contradicentes;
3558 713 3669 768 ini-

2028 805 2182 859 quos,
2201 798 2436 862 propter
2461 789 2948 862 reprehendentes
2971 808 3068 848 eos
3095 795 3190 865 qui
3220 799 3666 872 contradicunt],

2029 883 2130 933 aut
2159 882 2354 950 potius
2383 880 2620 952 iniquos
2651 896 2796 949 esse,
2833 885 2894 936 ut
2927 897 3038 938 uno
3070 885 3136 937 ad
3192 889 3391 940 omnia
3429 891 3669 944 utantur

2027 975 2389 1039 argumento,
2424 969 2474 1023 si
2496 969 2630 1040 quis
2663 969 2949 1026 exstiterit
2981 971 3157 1042 prior,
3190 988 3256 1028 ac
3287 990 3389 1045 pro
3429 977 3670 1032 veritate

2027 1059 2268 1114 nomina
2301 1058 2683 1127 admirentur,
2717 1060 2881 1130 quasi
2915 1077 3028 1116 non
3061 1071 3321 1132 oportere
3352 1065 3668 1136 quidquam

2027 1147 2267 1220 reperiri
2298 1147 2504 1204 melius
2537 1148 2890 1219 existiment,
2923 1168 2988 1207 ac
3027 1151 3180 1222 leges
3210 1155 3446 1224 quidem
3478 1157 3672 1212 410a

2025 1237 2204 1310 ipsas,
2227 1237 2274 1293 si
2311 1237 2385 1294 sit
2407 1237 2547 1294 utile
2577 1243 2846 1306 mutare;
2874 1241 2970 1310 qui
2997 1246 3188 1298 autem
3212 1245 3282 1298 de
3305 1245 3394 1314 iis,
3420 1261 3668 1316 quorum

2026 1332 2115 1384 est
2144 1332 2348 1384 natura
2389 1333 2686 1400 perpetua,
2746 1333 2999 1385 tractant
3047 1349 3366 1400 sermones,
3416 1351 3514 1391 eos
3547 1339 3674 1408 post

2026 1417 2246 1489 primos
2279 1433 2394 1472 non
2425 1417 2698 1486 recipere,
2717 1433 2916 1474 verum
2939 1420 3159 1492 priores
3183 1424 3350 1495 quasi
3371 1425 3670 1494 terminos,

2025 1511 2129 1561 aut
2158 1505 2461 1562 columnas
2492 1507 2772 1573 venerari,
2808 1525 2912 1564 nec
2961 1527 3048 1578 ea,
3081 1513 3578 1582 quemadmodum
3611 1515 3672 1570 in

2025 1592 2250 1666 legibus
2281 1595 2500 1666 priores
2533 1611 2634 1666 per
2654 1599 2973 1654 contrarias
3008 1599 3382 1672 abrogantur,
3426 1602 3668 1670 solvere,

2023 1699 2225 1738 verum
2259 1685 2458 1740 eodem
2481 1684 2608 1741 loco
2641 1685 2817 1742 etiam
2850 1686 2994 1743 alios
3025 1688 3277 1744 habere:
3304 1691 3670 1761 etjnramen-

2027 1771 2100 1827 tis
2129 1773 2366 1844 quidem
2401 1773 2650 1844 publicis
2679 1775 2786 1830 hoc
2817 1775 3102 1832 ascribere
3132 1777 3290 1846 licet,
3327 1781 3558 1836 demere
3605 1785 3662 1837 et

263 1857 630 1938 παραγράφειν
681 1855 874 1926 ἐξεῖναι
927 1853 1136 1909 ἀνελεῖν
1186 1855 1278 1910 καί
1327 1855 1638 1928 προσθεῖναι
1671 1853 1702 1908 ὅ
1753 1876 1804 1909 τι
1854 1853 1911 1909 ἂν

2029 1863 2260 1928 addere,
2307 1863 2584 1934 quidquid
2647 1865 2932 1936 posterius
2971 1867 3437 1924 consultantibus
3477 1871 3665 1928 visum

263 1950 662 2023 σκοπουμένοις
691 1946 913 2020 ὕστερον
942 1941 1196 2018 συνδοκῇ,
1241 1943 1332 2006 οὓς
1366 1941 1423 1998 δὲ
1453 1943 1559 1998 ἀπὸ
1599 1950 1700 2013 τῆς
1749 1943 1918 2014 αὐτῆς

263 2037 509 2111 ἐξουσίας
541 2037 622 2092 ἀεὶ
654 2035 744 2090 καὶ
778 2033 866 2090 διὰ
895 2034 1090 2095 παντὸς
1136 2033 1398 2106 ἐξετάζειν
1445 2031 1528 2087 δεῖ
1566 2031 1786 2108 λόγους,
1835 2034 1914 2106 τῷ

263 2129 593 2205 παρελθόντι
628 2127 816 2202 χρόνῳ
851 2125 1004 2199 μόνῳ
1041 2125 1371 2199 προσθεῖναι,
1407 2122 1586 2196 ὥσπερ
1627 2122 1686 2177 ἄν
1739 2122 1792 2178 εἷ’
1831 2145 1916 2188 τις

264 2219 354 2276 καὶ
387 2217 642 2294 ὑγιαίνειν
677 2217 873 2294 φάσκοι
904 2217 949 2252 ⁸*
977 2221 1178 2290 χρῆναι
1233 2213 1433 2286 μόνους
1480 2215 1608 2276 τοὺς
1661 2215 1912 2288 πρώτους

262 2310 605 2386 γενομένους,
647 2307 736 2362 καὶ
789 2303 931 2380 μηδὲ
977 2305 1149 2361 ἐκεῖνο
1200 2305 1328 2380 ὁρᾷν
1355 2305 1423 2377 9⁵,
1473 2303 1560 2359 ὅτι
1605 2307 1641 2374 ἡ
1685 2306 1908 2374 τοιαύτη

255 2399 432 2474 κρίσις
464 2398 552 2452 καὶ
584 2397 612 2452 ὁ
645 2395 918 2469 λογισμὸς
951 2395 978 2448 ὁ
1008 2397 1255 2454 τοιοῦτος
1305 2392 1490 2454 αὐτοῖς
1537 2393 1778 2467 πρώτοις
1813 2393 1907 2454 οὓς

252 2493 490 2562 τιμῶσιν
521 2485 582 2542 ού
617 2482 914 2540 λυσιτελεῖ.
949 2483 1009 2538 Εἰ
1050 2484 1153 2557 γὰρ
1211 2486 1290 2554 τῷ
1328 2481 1516 2557 χρόνῳ
1563 2479 1644 2536 δεῖ
1692 2501 1914 2558 συγχω-

259 2581 370 2650 ρεῖν
401 2576 490 2632 καὶ
519 2577 620 2645 τὴν
673 2573 820 2645 ἀξίαν
871 2572 978 2627 ἀπὸ
1025 2571 1220 2626 τούτου
1275 2576 1509 2646 μετρεῖν,
1559 2569 1736 2625 οὐκέτ’
1783 2569 1907 2645 ἔχει

253 2667 422 2722 τόπον
481 2668 514 2734 ἡ
575 2668 668 2718 νῦν
723 2665 767 2700 ³⁸
819 2661 965 2734 παρᾶ
1001 2663 1218 2716 πάντων
1279 2660 1354 2722 εἷς
1416 2659 1650 2724 ἐκείνους
1703 2657 1898 2720 αἰδώς.

251 2757 436 2818 Ἴασος
458 2754 560 2829 γὰρ
592 2752 651 2808 ἂν
693 2753 739 2788 9"
789 2752 934 2806 οὕτω
982 2771 1045 2828 γε
1083 2752 1128 2788 ³⁸
1169 2750 1344 2824 νικώῃ
1385 2748 1506 2821 περὶ
1558 2747 1778 2823 λόγους,
1808 2747 1898 2802 καὶ

247 2845 487 2920 Κρίασος
515 2841 608 2897 καὶ
642 2841 927 2915 Κρότωτος
953 2839 1002 2874 ⁹⁹
1029 2839 1119 2893 καὶ
1171 2837 1455 2910 Φορωνεὺς
1507 2839 1548 2909 ί,
1596 2837 1689 2892 καὶ
1739 2836 1792 2891 εἷ’
1821 2857 1904 2897 τις

247 2935 501 3007 Ἀργεῖος
533 2928 593 2984 ἔκ
625 2930 795 3004 μύθου
823 2929 911 2982 καὶ
967 2926 1274 2982 Δευκαλίων
1321 2929 1342 2962 ²
1376 2926 1570 2981 αἷπιῶν
1627 2921 1906 3001 βεϐοημέ-

250 3043 383 3078 νων.
419 3022 540 3076 Ἐὰν
575 3019 716 3076 οὕτω
747 3020 1038 3095 κρίνωμεν,
1082 3019 1156 3078 ὡς
1207 3018 1268 3072 ού
1302 3016 1496 3092 Κόδρῳ
1541 3037 1599 3092 γε
1653 3013 1902 3090 μετέσται

247 3113 350 3180 τῆς
381 3109 726 3186 φιλοτιμίας,
761 3107 907 3163 ἀλλά
936 3107 1024 3161 καὶ
1058 3109 1214 3168 οὗτος
1259 3111 1388 3168 παῖς
1435 3109 1518 3168 οἷς
1559 3106 1704 3161 εἶπον
1757 3128 1898 3180 συμ-

2031 1953 2223 2020 fuerit,
2256 1969 2402 2024 quas
2435 1957 2627 2008 autem
2660 1955 2856 2011 eadem
2907 1971 3137 2027 semper
3169 1963 3226 2014 et
3258 1957 3469 2030 ubique
3499 1959 3671 2016 liber-

2027 2045 2139 2098 tate
2165 2043 2404 2098 decebat
2452 2043 2773 2098 examinari
2821 2043 3065 2114 litteras,
3125 2063 3221 2101 eas
3269 2049 3670 2120 superioribus

2027 2131 2310 2188 duntaxat
2337 2133 2701 2204 temporibus
2753 2133 2956 2202 tribui,
2988 2135 3166 2191 veluti
3213 2137 3262 2192 si
3295 2137 3424 2206 quis
3457 2142 3671 2208 primos

2023 2224 2250 2276 tantum
2283 2220 2554 2276 homines
2612 2239 2788 2278 sanos
2842 2238 2970 2279 esse
3017 2225 3164 2279 dicat
3221 2234 3504 2297 oportere,
3565 2242 3669 2282 nec

2021 2309 2174 2366 hanc
2207 2311 2704 2367 ratiocinationem
2727 2312 2873 2383 ipsis
2892 2313 3162 2383 primam,
3187 2331 3335 2386 quos
3357 2318 3668 2386 honorant,

2021 2399 2287 2456 inutilem
2321 2416 2448 2456 esse
2481 2401 2960 2458 animadvertere.
2993 2403 3142 2459 Nam
3175 2406 3225 2459 si
3259 2406 3505 2474 tempori
3544 2421 3665 2460 om-

2022 2491 2118 2548 nia
2179 2495 2318 2546 sunt
2384 2491 2718 2559 tribuenda,
2780 2507 2965 2562 eoque
3041 2493 3324 2548 metienda
3390 2494 3664 2564 dignitas,

2019 2597 2137 2638 non
2169 2578 2423 2650 amplius
2470 2577 2541 2646 is,
2572 2579 2672 2650 qui
2733 2595 2890 2633 nunc
2939 2579 3057 2634 illis
3115 2579 3368 2635 habetur
3425 2582 3496 2636 ab
3546 2599 3666 2637 orn-

2020 2671 2196 2726 nibus
2247 2668 2453 2735 honor,
2485 2668 2676 2722 locum
2739 2665 2997 2723 habebit.
3061 2669 3174 2723 llac
3225 2669 3380 2724 enim
3441 2672 3665 2728 ratione

2014 2761 2190 2817 Jasus
2229 2765 2283 2814 et
2313 2757 2571 2825 Criasus,
2597 2760 2774 2828 atque
2805 2755 3091 2828 Crotopus
3122 2765 3176 2813 et
3205 2759 3563 2828 Phoroneus,
3599 2777 3665 2816 ac

2016 2851 2064 2906 si
2099 2848 2230 2920 quis
2248 2853 2330 2903 est
2359 2847 2416 2901 in
2451 2845 2659 2902 fabulis
2709 2849 2900 2919 Argus
2931 2851 2986 2902 et
3035 2847 3321 2918 Deucalio,
3374 2849 3474 2920 qui
3509 2865 3664 2906 nunc

2016 2937 2404 3002 celebrantur,
2437 2936 2692 3008 palmam
2726 2936 3093 2992 obtinebunt.
3157 2941 3340 3009 Atque
3371 2939 3418 2994 si
3455 2938 3661 3011 itaju-

2013 3029 2295 3092 dicemus,
2331 3042 2402 3082 nc
2434 3025 2657 3081 Codrus
2689 3025 2925 3097 quidem
2961 3041 3067 3081 cur
3092 3025 3376 3098 glorietur
3406 3027 3660 3099 habebit,

2017 3117 2116 3188 qui
2141 3132 2272 3171 cum
2303 3114 2433 3171 istis
2464 3130 2612 3184 quos
2635 3113 2754 3168 dixi
2813 3119 3203 3186 comparatus,
3263 3132 3409 3188 puer
3455 3116 3526 3172 sit
3557 3133 3661 3173 nec

393 3165 404 3186 λ
576 3165 585 3183 ι
691 3165 726 3177 ,ι
1201 3165 1211 3168 _
1375 3165 1385 3168 _
1506 3165 1514 3168 _
1827 3165 1837 3180 .

251 3196 440 3255 ϐαλεῖν
471 3201 494 3235 ³
523 3199 611 3253 καὶ
644 3198 744 3252 ούκ
774 3198 797 3233 ⁴
825 3195 1078 3272 ἀρχαῖος·
1131 3197 1221 3250 καὶ
1269 3197 1406 3250 κατᾶ
1449 3198 1470 3232 ⁸
1513 3197 1706 3270 μικρὸν
1755 3195 1896 3250 οὕτω

2022 3165 2292 3276 antiquus
2325 3220 2338 3259 :
2365 3165 2541 3275 atque
2572 3203 2656 3258 ita
2704 3165 2983 3273 paulatim
3033 3203 3082 3258 si
3114 3165 3244 3274 quis
3263 3165 3426 3260 rante
3458 3205 3657 3262 lunam

253 3290 564 3360 ζητήσομεν
596 3287 619 3321 ⁸
649 3284 702 3340 εἷ’
737 3305 819 3346 τις
867 3283 933 3352 ἦν
980 3283 1105 3356 πρὶν
1160 3283 1398 3354 σελήνην
1447 3284 1604 3341 εἶναι.
1657 3286 1901 3356 Ὁμήρου

249 3377 311 3435 δὲ
341 3380 429 3434 καὶ
472 3374 722 3432 Ἡσιόδου
753 3375 841 3430 καὶ
871 3379 978 3430 τῶν
1014 3374 1087 3436 εἷς
1121 3376 1268 3448 ἡμᾶς
1312 3374 1698 3446 νενικηκότων,
1751 3373 1902 3429 Πλά-

249 3489 425 3529 τωνος
458 3467 527 3540 (εἰ
560 3465 774 3542 βούλει)
820 3465 910 3519 καὶ
949 3465 1324 3536 Δημοσθένους
1364 3465 1454 3519 καὶ
1504 3469 1612 3518 τῶν
1663 3463 1850 3538 ὀλίγον
1881 3467 1900 3500 ⁷

251 3559 360 3632 πρὸ
391 3557 602 3611 τούτων
636 3551 748 3610 οὐδ’
785 3554 860 3616 εἷς
906 3551 1217 3608 πολλοστὸν
1269 3554 1467 3628 χρόνον
1505 3551 1661 3614 ἐλπὶς
1712 3553 1903 3625 ὁμοίαν

253 3646 562 3722 ἐγγενέσθαι
588 3643 766 3714 δόξαν,
798 3643 1195 3718 συμπροϊόντος
1225 3643 1250 3676 ⁸
1281 3640 1399 3695 ἴσου
1438 3645 1534 3696 τοῦ
1573 3642 1680 3717 πρὸ
1727 3641 1902 3697 αὐτῶν

253 3735 483 3796 ἐκείνοις
512 3732 614 3788 ἀεί.
651 3733 712 3788 Εἰ
744 3730 800 3787 δὲ
829 3735 992 3786 τοῦτο
1023 3727 1252 3800 εὔδηλον
1285 3731 1504 3797 ἅπασιν,
1537 3728 1617 3784 ὅτι
1667 3729 1756 3784 καὶ
1808 3731 1902 3784 οὗ-

249 3845 338 3880 τοι
369 3823 522 3903 φύσει
575 3823 662 3877 καὶ
714 3819 936 3893 δυνάμει
985 3817 1345 3894 διενεγκόντες
1395 3817 1522 3879 τοὺς
1574 3819 1678 3892 πρὸ
1729 3819 1905 3872 αὐτῶν

257 3914 593 3989 ἀπέκρυψαν,
627 3907 752 3966 οὐδὲ
789 3908 918 3972 τοὺς
980 3908 1198 3983 ὕστερον
1235 3911 1254 3944 ³
1282 3907 1618 3963 παντάπασιν
1671 3909 1906 3969 ἅπαντας

255 4002 538 4077 ἀπείργειν
593 3997 760 4068 εῗκὸς,
804 3996 917 4052 οὐδ’
969 3997 1230 4066 ἀπιστεῖν,
1282 3995 1335 4051 εἷ’
1385 4017 1468 4058 τις
1521 3997 1612 4050 καὶ
1661 3999 1756 4050 τοῦ
1797 3995 1908 4049 νυνὶ

257 4091 466 4165 χρόνου
531 4087 890 4165 μετεσχηκὼς
947 4081 1064 4160 ἕχει
1133 4086 1178 4121 ¹⁰
1257 4080 1629 4158 συμϐαλέσθαι
1683 4083 1912 4159 ’γνώμην

257 4175 384 4252 περὶ
427 4177 502 4230 ὧν
551 4173 833 4250 πρόκειται
880 4173 1068 4247 λόγος,
1119 4170 1268 4227 ἀλλά
1317 4175 1358 4210 ¹¹
1423 4177 1544 4244 παρ’
1595 4172 1796 4241 αὐτῶν,
1838 4173 1912 4234 ὡς

257 4265 450 4329 ἔοικεν,
485 4267 558 4320 ὧν
607 4269 857 4338 τιμῶμεν
911 4264 1177 4337 ὑπάρχειν
1229 4261 1443 4325 εῗδότας
1489 4263 1550 4317 τὸ
1597 4262 1912 4338 προσίεσθαι

255 4357 350 4413 καὶ
382 4357 674 4432 προσέχειν
709 4352 906 4408 ὁπόσον
954 4350 1194 4430 διαφέρει
1235 4353 1301 4408 ¹².
1352 4355 1626 4416 ’Ἀπαντας
1677 4353 1771 4425 μὲν
1822 4351 1914 4407 οὖν

259 4445 396 4509 ἴσως
421 4445 549 4506 τοὺς
580 4441 849 4503 παλαιοὺς
879 4438 1148 4496 αἰδεῖσθαι
1179 4443 1273 4514 μὲν
1304 4439 1536 4512 δίκαιον,
1587 4441 1823 4517 φρίττειν
1867 4439 1918 4496 δ’

259 4535 360 4592 οὐκ
389 4534 555 4608 ἄξιον,
589 4530 736 4606 εἷ’περ
776 4532 850 4604 μὴ
885 4532 930 4566 1³
971 4531 1098 4593 τοὺς
1148 4529 1238 4585 ἐπὶ
1284 4536 1404 4592 τοῖς
1457 4529 1652 4607 λόγοις
1707 4532 1915 4604 ὄνομα·

259 4627 482 4687 σθέντας
512 4621 724 4696 μᾶλλον
755 4623 790 4692 ἢ
821 4621 949 4683 τοὺς
995 4621 1196 4697 λόγους
1241 4621 1436 4681 αὐτοὺς
1484 4619 1567 4676 δεῖ
1614 4619 1790 4677 δοκεῖν
1831 4643 1913 4676 τι-

265 4721 396 4790 μᾷνο
429 4715 511 4770 ὅτι
545 4717 590 4752 ίδ
619 4711 688 4784 δ’,
721 4713 766 4768 εἰ
798 4713 932 4786 πρὸς
956 4711 1128 4769 ἄλλον
1159 4714 1302 4780 τινὰ,
1335 4715 1446 4788 χρή
1479 4713 1702 4788 γνώμης
1736 4713 1910 4775 οὕτως

259 4805 408 4881 ἔχειν
447 4805 534 4859 καὶ
567 4803 704 4878 πρὸς
751 4800 1040 4872 Πλάτωνα,
1093 4802 1194 4858 οὐκ
1235 4800 1410 4858 ἄλλου
1451 4799 1654 4876 δέομαι
1707 4801 1910 4876 μάρτυ-

263 4916 378 4970 ρος,
418 4892 546 4950 ἀλλ’
577 4893 742 4954 αὐτὸς
777 4891 1008 4967 ἐξαρκεῖ,
1051 4891 1113 4947 οὒ
1151 4893 1312 4966 μόνον
1347 4894 1432 4953 οἷς
1465 4893 1784 4966 ἁπανταχοῦ
1812 4893 1912 4966 βοᾷ

259 4985 352 5040 καὶ
415 4981 840 5059 παρακελεύεται
890 4985 1018 5053 [669
1059 4987 1155 5056 Η.]
1204 4979 1374 5056 μηδὲν
1421 4985 1684 5058 πρότερον
1733 4989 1914 5038 ποιεῖ-

265 5078 388 5130 σθαι
444 5079 544 5143 τῆς
603 5071 887 5142 ἀληθείας,
940 5071 1087 5127 ἀλλά
1141 5073 1230 5127 καὶ
1289 5071 1467 5148 ὀλίγῳ
1519 5077 1600 5144 τῷ
1657 5069 1916 5143 παραδεί-

2013 3297 2318 3365 exstiterit,
2352 3295 2737 3366 inquiremus.
2765 3295 2890 3350 Jam
2921 3294 3154 3350 Homeri
3195 3299 3370 3368 atque
3400 3296 3654 3364 Hesiodi,

2011 3391 2187 3456 atque
2215 3400 2414 3440 eorum
2438 3383 2534 3454 qui
2567 3382 2848 3438 hactenus
2877 3382 3290 3452 excelluerunt,
3313 3384 3570 3440 Platonis
3603 3385 3654 3440 si

2006 3473 2209 3545 placet,
2245 3477 2302 3527 et
2331 3470 2762 3538 Demosthenis,
2787 3476 2841 3526 et
2863 3470 2958 3542 qui
2993 3470 3166 3541 paulo
3197 3474 3329 3526 ante
3359 3472 3652 3539 vixerunt,

2007 3579 2079 3618 ne
2109 3563 2178 3618 ad
2211 3560 2614 3634 longissimum
2644 3559 2882 3631 quidem
2905 3565 3132 3630 tempus
3164 3560 3376 3616 similis
3407 3565 3496 3617 est
3526 3575 3654 3632 spe-

2010 3651 2192 3708 randa
2221 3649 2552 3720 gloria.Sed
2569 3648 2985 3703 siidomnibus
3012 3649 3492 3704 estmanil‘estum
3529 3649 3654 3715 hos,

2011 3755 2139 3793 cum
2205 3743 2409 3792 natura
2473 3745 2528 3790 et
2587 3735 2871 3790 industria
2925 3733 3352 3804 praestitissent,
3405 3736 3660 3803 majores

2013 3843 2151 3882 suos
2183 3839 2514 3896 superasse,
2535 3837 2721 3892 neque
2745 3821 3093 3893 posteriores
3121 3825 3286 3876 erant
3317 3837 3521 3876 omnes
3540 3837 3662 3876 om-

2014 3916 2188 3970 nibus
2223 3913 2412 3968 modis
2457 3911 2715 3976 arcendi,
2747 3926 2934 3980 neque
2965 3909 3289 3980 rejiciendi,
3322 3911 3370 3965 si
3404 3911 3528 3982 quis
3553 3911 3662 3968 hoc

2014 4003 2188 4060 etiam
2239 4008 2500 4072 tempore
2543 4000 2613 4054 de
2643 4015 2703 4054 re
2755 3997 3052 4070 proposita
3109 4000 3457 4054 sententiam
3491 4003 3666 4071 queat

2015 4093 2209 4158 ferre;
2261 4107 2459 4146 verum
2511 4105 2578 4144 ex
2627 4088 2771 4159 ipsis
2822 4104 2970 4158 quos
3017 4088 3281 4156 colimus,
3331 4089 3486 4144 aliud
3537 4105 3666 4144 esse

2017 4183 2362 4256 precedere,
2393 4179 2550 4234 aliud
2611 4185 2904 4250 praestare,
2944 4179 3408 4249 cognoscendum
3461 4185 3566 4234 est.
3598 4179 3666 4233 Et

2018 4272 2288 4342 antiquos
2320 4269 2557 4342 quidem
2591 4283 2794 4323 omnes
2821 4267 3084 4323 venerari
3109 4271 3354 4340 Oportet,
3389 4283 3502 4322 non
3533 4267 3668 4322 hor-

2017 4377 2163 4425 rere,
2197 4358 2311 4414 nisi
2337 4359 2482 4414 forte
2510 4355 2718 4412 litteris
2741 4356 3024 4425 insignes,
3059 4357 3275 4426 majore
3303 4373 3478 4428 quam
3505 4355 3665 4428 ipsas

2021 4450 2264 4515 litteras,
2287 4447 2508 4503 honore
2529 4462 2874 4502 censeamus
2901 4445 3269 4500 afficiendos:
3294 4447 3444 4516 quod
3470 4449 3663 4501 autem

2023 4541 2072 4596 si
2105 4555 2244 4611 erga
2275 4537 2609 4610 quempiam
2653 4536 2854 4604 alium,
2897 4551 3034 4607 erga
3067 4534 3364 4591 Platonem
3403 4538 3556 4591 certe
3586 4535 3666 4590 sic

2022 4647 2150 4687 esse
2199 4630 2478 4686 debemus
2529 4627 2739 4695 affecti,
2791 4643 2905 4682 non
2938 4625 3119 4682 alium
3175 4627 3405 4699 requiro
3436 4631 3666 4692 testem,

2023 4737 2154 4775 cum
2199 4719 2454 4774 sufﬁciat
2503 4717 2647 4788 ipse,
2683 4733 2798 4771 non
2850 4721 3072 4772 tantum
3133 4716 3406 4788 quoniam
3453 4714 3668 4784 ubique

2021 4807 2235 4863 clamat
2263 4812 2320 4862 et
2349 4807 2522 4863 edicit
2553 4804 2699 4860 nihil
2750 4821 2880 4860 esse
2933 4805 3161 4860 veritati
3219 4803 3666 4875 praeferendum,

2021 4898 2119 4952 sed
2143 4903 2196 4951 et
2219 4895 2480 4966 exemplo
2513 4911 2627 4949 non
2661 4909 2891 4966 magno.
2925 4893 3150 4949 Etenim
3187 4894 3234 4947 si
3263 4891 3362 4947 ille
3393 4907 3528 4948 cum
3553 4895 3670 4946 Ho-

2021 5001 2273 5055 merum,
2319 4985 2420 5056 qui
2469 4987 2635 5040 tanto
2693 4989 2825 5038 ante
2883 4983 3080 5054 ipsum
3151 4985 3407 5052 tempore
3451 4979 3665 5049 ﬂoruit,

2023 5073 2226 5130 multis
2259 5073 2328 5129 de
2358 5074 2554 5130 causis
2575 5075 2892 5143 incusaret,
2925 5071 3145 5128 ratione
3170 5087 3282 5128 non
3309 5069 3520 5136 caruit,
3551 5085 3668 5143 qua

1623 5247 1864 5303 VARI/r3
1906 5247 2312 5305 LECTIONES.

332 5381 521 5454 “acim
555 5384 634 5454 Δ]
667 5379 868 5454 ’τό-τῷν
899 5380 982 5454 ς’,
1015 5385 1070 5438 et
1101 5386 1137 5436 Β
1168 5395 1400 5454 quoque
1433 5383 1693 5454 anteth
1717 5380 1896 5436 habet
1927 5380 2118 5454 nescio
2152 5381 2290 5451 quid
2322 5398 2354 5434 a
2381 5400 2410 5454 τ
2437 5379 2750 5454 incipiens-
2825 5375 3099 5454 ⁹²πάντων
3127 5383 3204 5454 Δ.-
3265 5377 3312 5413 9³
3334 5377 3572 5454 ᾑρῆσθαι
3594 5380 3663 5454 Δ.

260 5455 306 5494 ⁸⁸
335 5453 524 5528 φᾴσκει
667 5521 677 5528 Α
719 5451 766 5486 ⁸⁵
800 5449 992 5528 opai-Bt
1071 5455 1115 5528 Ῡ⁶
1143 5449 1230 5528 νύν
1257 5449 1373 5510 ofn.
1564 5451 1608 5486 97
1628 5453 1701 5528 div
1730 5469 1846 5528 omn.
1879 5453 1944 5506 A.

1746 5518 1862 5597 βεϐ.
1896 5539 2010 5597 om.
2043 5527 2106 5578 Α.

1486 5597 1510 5630 ⁵
1539 5595 1695 5650 κατὰΊ
1727 5595 1792 5648 τὰ
1823 5595 1958 5648 κατά
1981 5597 2046 5650 Α.

261 5528 280 5564 ί
311 5521 402 5581 καὶ
435 5521 874 5596 ξιιρεῶνεὺςᾼοῐῐῇ.
907 5527 971 5596 Α,
1075 5527 1096 5559 ³
1127 5524 1218 5596 καί
1251 5522 1558 5579 Δευκαλίων
1590 5523 1708 5596 αίπ.

258 5601 282 5635 ³
311 5589 660 5670 συμδέχλεέν
866 5597 888 5629 ⁵
917 5594 1014 5670 ρύκ
1047 5603 1086 5650 Α
1115 5615 1126 5652 :
1159 5593 1271 5651 οὔτ’

261 5671 286 5706 9
313 5665 442 5740 τοῦς
475 5665 625 5740 ὓστ,]
654 5665 882 5728 τούτους
915 5667 1032 5735 ὕστ,
1067 5673 1110 5724 Α
1143 5675 1198 5726 et
1230 5665 1406 5740 prfB.

1735 5637 1796 5722 i3“-

259 5737 660 5816 παραδείγματι
699 5755 818 5796 om.
847 5745 912 5796 Α.

1907 5669 2025 5705 ιιοιιι
2055 5663 2200 5720 ἀλλά
2231 5663 2298 5708 _’_
2329 5663 2714 5743 διαφέρει-θαι.
2749 5671 2810 5721 Α.

2023 5452 2067 5487 ⁸⁸
2096 5471 2154 5524 γε
2170 5449 2252 5492 ’-
2281 5451 2405 5524 περὶ
2437 5449 2633 5524 λόγους
2667 5469 2782 5508 om.
2821 5457 2881 5505 Δ.
2917 5522 2927 5524 _
2960 5451 3034 5524 7"
3062 5449 3151 5503 καὶ
3184 5450 3211 5503 ὁ
3247 5449 3541 5524 Κρότωπος
3581 5449 3665 5524 ς,

2141 5540 2240 5593 pro
2289 5523 2488 5576 αἰπιῶν
2520 5521 2704 5592 ἐψυὰ
2753 5522 3068 5593 Aristidem
3117 5530 3201 5578 cst
3244 5521 3352 5584 ᾁντὶ
3400 5523 3508 5593 τῶν
3549 5521 3664 5593 νύν.

2151 5597 2183 5668 ⁸-
2201 5595 2522 5668 ζητήσωμεν
2743 5597 2762 5629 ’⁷
2794 5592 2994 5668 ὀλίγων
3215 5594 3236 5628 ⁸
3265 5591 3554 5668 προϊόντος

2901 5663 2944 5703 η
2978 5663 3065 5736 ps},—
3087 5683 3202 5722 om.
3247 5663 3320 5720 Α(
3411 5665 3456 5700 ίδ
3485 5663 3568 5716 ὅτι
3599 5691 3667 5704 —-
