  <div class='ocr_page' id='page_1' title='image "/cluster/home/n/w/nwhite01/storage/ocr_20150623/103/hvd.32044054112495/765.png"; bbox 0 0 4066 6216; ppageno 0'>
   <div class='ocr_carea' id='block_1_1' title="bbox 427 363 577 424">
    <p class='ocr_par' dir='ltr' id='par_1_1' title="bbox 427 363 577 424">
     <span class='ocr_line' id='line_1_1' title="bbox 427 363 577 424; baseline -0.013 0"><span class='ocrx_word' id='word_1_1' title='bbox 427 363 577 424; x_wconf 67' lang='grc'>1491</span> 
     </span>
    </p>
   </div>
   <div class='ocr_carea' id='block_1_2' title="bbox 1635 353 2629 420">
    <p class='ocr_par' dir='ltr' id='par_1_2' title="bbox 1635 353 2629 420">
     <span class='ocr_line' id='line_1_2' title="bbox 1635 353 2629 420; baseline 0.004 -5"><span class='ocrx_word' id='word_1_2' title='bbox 1635 353 1901 415; x_wconf 86' lang='lat' dir='ltr'>PHOTII</span> <span class='ocrx_word' id='word_1_3' title='bbox 1944 354 2473 418; x_wconf 69' lang='lat' dir='ltr'>PATRIARCHIE</span> <span class='ocrx_word' id='word_1_4' title='bbox 2513 360 2629 420; x_wconf 81' lang='grc' dir='ltr'>ΟΡ.</span> 
     </span>
    </p>
   </div>
   <div class='ocr_carea' id='block_1_3' title="bbox 3710 359 3855 419">
    <p class='ocr_par' dir='ltr' id='par_1_3' title="bbox 3710 359 3855 419">
     <span class='ocr_line' id='line_1_3' title="bbox 3710 359 3855 419; baseline -0.007 0"><span class='ocrx_word' id='word_1_5' title='bbox 3710 359 3855 419; x_wconf 71' lang='grc'>1492</span> 
     </span>
    </p>
   </div>
   <div class='ocr_carea' id='block_1_4' title="bbox 426 485 2084 567">
    <p class='ocr_par' dir='ltr' id='par_1_4' title="bbox 426 485 2075 563">
     <span class='ocr_line' id='line_1_4' title="bbox 426 485 2075 563; baseline -0.006 -11"><span class='ocrx_word' id='word_1_6' title='bbox 426 501 626 552; x_wconf 85' lang='lat' dir='ltr'>contra</span> <span class='ocrx_word' id='word_1_7' title='bbox 670 493 1043 563; x_wconf 74' lang='lat' dir='ltr'>indignantes</span> <span class='ocrx_word' id='word_1_8' title='bbox 1092 492 1365 555; x_wconf 78' lang='lat' dir='ltr'>uteretur,</span> <span class='ocrx_word' id='word_1_9' title='bbox 1414 485 1611 542; x_wconf 82' lang='lat' dir='ltr'>licebit</span> <span class='ocrx_word' id='word_1_10' title='bbox 1650 486 1929 542; x_wconf 86' lang='lat' dir='ltr'>nimirum</span> <span class='ocrx_word' id='word_1_11' title='bbox 1981 501 2075 543; x_wconf 85' lang='lat' dir='ltr'>se-</span> 
     </span>
    </p>
   </div>
   <div class='ocr_carea' id='block_1_5' title="bbox 2196 485 3854 567">
    <p class='ocr_par' dir='ltr' id='par_1_5' title="bbox 2196 486 3854 567">
     <span class='ocr_line' id='line_1_5' title="bbox 2196 486 3854 567; baseline 0 -23"><span class='ocrx_word' id='word_1_12' title='bbox 2196 509 2381 565; x_wconf 83' lang='grc' dir='ltr'>γματι.</span> <span class='ocrx_word' id='word_1_13' title='bbox 2452 490 2513 546; x_wconf 82' lang='lat' dir='ltr'>El</span> <span class='ocrx_word' id='word_1_14' title='bbox 2564 488 2665 567; x_wconf 82' lang='grc' dir='ltr'>γὰρ</span> <span class='ocrx_word' id='word_1_15' title='bbox 2732 486 2935 547; x_wconf 71' lang='grc' dir='ltr'>ἐκεῖνος</span> <span class='ocrx_word' id='word_1_16' title='bbox 3002 491 3226 563; x_wconf 74' lang='grc' dir='ltr'>Ὁμήρῳ</span> <span class='ocrx_word' id='word_1_17' title='bbox 3279 491 3360 561; x_wconf 76' lang='grc' dir='ltr'>τῷ</span> <span class='ocrx_word' id='word_1_18' title='bbox 3414 495 3703 546; x_wconf 79' lang='grc' dir='ltr'>τοσοῦτον</span> <span class='ocrx_word' id='word_1_19' title='bbox 3761 494 3854 563; x_wconf 56' lang='lat' dir='ltr'>agi</span> 
     </span>
    </p>
   </div>
   <div class='ocr_carea' id='block_1_6' title="bbox 427 574 2076 649">
    <p class='ocr_par' dir='ltr' id='par_1_6' title="bbox 427 574 2076 649">
     <span class='ocr_line' id='line_1_6' title="bbox 427 574 2076 649; baseline -0.007 -8"><span class='ocrx_word' id='word_1_20' title='bbox 427 585 684 641; x_wconf 89' lang='lat' dir='ltr'>cundum</span> <span class='ocrx_word' id='word_1_21' title='bbox 719 581 1013 637; x_wconf 86' lang='lat' dir='ltr'>Platonem</span> <span class='ocrx_word' id='word_1_22' title='bbox 1038 578 1257 649; x_wconf 87' lang='lat' dir='ltr'>ipsum,</span> <span class='ocrx_word' id='word_1_23' title='bbox 1290 580 1345 632; x_wconf 92' lang='lat' dir='ltr'>et</span> <span class='ocrx_word' id='word_1_24' title='bbox 1374 592 1473 632; x_wconf 87' lang='lat' dir='ltr'>eos</span> <span class='ocrx_word' id='word_1_25' title='bbox 1502 574 1605 647; x_wconf 89' lang='lat' dir='ltr'>qui</span> <span class='ocrx_word' id='word_1_26' title='bbox 1636 574 1803 630; x_wconf 88' lang='lat' dir='ltr'>illum</span> <span class='ocrx_word' id='word_1_27' title='bbox 1835 576 2076 632; x_wconf 88' lang='lat' dir='ltr'>laudant</span> 
     </span>
    </p>
   </div>
   <div class='ocr_carea' id='block_1_7' title="bbox 428 665 2073 744">
    <p class='ocr_par' dir='ltr' id='par_1_7' title="bbox 428 665 2073 744">
     <span class='ocr_line' id='line_1_7' title="bbox 428 665 2073 744; baseline -0.004 -15"><span class='ocrx_word' id='word_1_28' title='bbox 428 679 599 744; x_wconf 86' lang='lat' dir='ltr'>atque</span> <span class='ocrx_word' id='word_1_29' title='bbox 630 670 789 726; x_wconf 89' lang='lat' dir='ltr'>omni</span> <span class='ocrx_word' id='word_1_30' title='bbox 820 667 1125 723; x_wconf 85' lang='lat' dir='ltr'>absolvunt</span> <span class='ocrx_word' id='word_1_31' title='bbox 1155 666 1415 733; x_wconf 88' lang='lat' dir='ltr'>crimine,</span> <span class='ocrx_word' id='word_1_32' title='bbox 1442 667 1491 720; x_wconf 98' lang='lat' dir='ltr'>si</span> <span class='ocrx_word' id='word_1_33' title='bbox 1524 665 1656 737; x_wconf 85' lang='lat' dir='ltr'>quis</span> <span class='ocrx_word' id='word_1_34' title='bbox 1688 665 1907 736; x_wconf 90' lang='lat' dir='ltr'>aliquid</span> <span class='ocrx_word' id='word_1_35' title='bbox 1934 682 2073 723; x_wconf 87' lang='lat' dir='ltr'>con-</span> 
     </span>
    </p>
   </div>
   <div class='ocr_carea' id='block_1_8' title="bbox 427 754 2071 827">
    <p class='ocr_par' dir='ltr' id='par_1_8' title="bbox 427 754 2071 827">
     <span class='ocr_line' id='line_1_8' title="bbox 427 754 2071 827; baseline -0.004 -10"><span class='ocrx_word' id='word_1_36' title='bbox 427 766 518 817; x_wconf 89' lang='lat' dir='ltr'>tra</span> <span class='ocrx_word' id='word_1_37' title='bbox 565 758 733 814; x_wconf 85' lang='lat' dir='ltr'>illum</span> <span class='ocrx_word' id='word_1_38' title='bbox 788 756 977 812; x_wconf 80' lang='lat' dir='ltr'>dicere</span> <span class='ocrx_word' id='word_1_39' title='bbox 1026 755 1280 827; x_wconf 60' lang='lat' dir='ltr'>coeperit,</span> <span class='ocrx_word' id='word_1_40' title='bbox 1337 754 1697 810; x_wconf 83' lang='lat' dir='ltr'>auditionem</span> <span class='ocrx_word' id='word_1_41' title='bbox 1743 754 2071 811; x_wconf 87' lang='lat' dir='ltr'>sustinere:</span> 
     </span>
    </p>
   </div>
   <div class='ocr_carea' id='block_1_9' title="bbox 426 848 2079 922">
    <p class='ocr_par' dir='ltr' id='par_1_9' title="bbox 426 848 2079 922">
     <span class='ocr_line' id='line_1_9' title="bbox 426 848 2079 922; baseline -0.002 -14"><span class='ocrx_word' id='word_1_42' title='bbox 426 852 615 909; x_wconf 75' lang='grc' dir='ltr'>41οὺ</span> <span class='ocrx_word' id='word_1_43' title='bbox 646 866 751 906; x_wconf 88' lang='lat' dir='ltr'>nec</span> <span class='ocrx_word' id='word_1_44' title='bbox 783 851 947 922; x_wconf 89' lang='lat' dir='ltr'>prius</span> <span class='ocrx_word' id='word_1_45' title='bbox 988 849 1043 904; x_wconf 91' lang='lat' dir='ltr'>id</span> <span class='ocrx_word' id='word_1_46' title='bbox 1084 848 1321 904; x_wconf 87' lang='lat' dir='ltr'>crimini</span> <span class='ocrx_word' id='word_1_47' title='bbox 1360 853 1603 913; x_wconf 80' lang='lat' dir='ltr'>vertere,</span> <span class='ocrx_word' id='word_1_48' title='bbox 1648 865 1824 920; x_wconf 86' lang='lat' dir='ltr'>quam</span> <span class='ocrx_word' id='word_1_49' title='bbox 1864 848 1962 903; x_wconf 89' lang='lat' dir='ltr'>ille</span> <span class='ocrx_word' id='word_1_50' title='bbox 1992 865 2079 904; x_wconf 88' lang='lat' dir='ltr'>ra-</span> 
     </span>
    </p>
   </div>
   <div class='ocr_carea' id='block_1_10' title="bbox 426 935 2075 1011">
    <p class='ocr_par' dir='ltr' id='par_1_10' title="bbox 426 935 2075 1011">
     <span class='ocr_line' id='line_1_10' title="bbox 426 935 2075 1011; baseline -0.002 -14"><span class='ocrx_word' id='word_1_51' title='bbox 426 940 689 998; x_wconf 80' lang='lat' dir='ltr'>tionibus</span> <span class='ocrx_word' id='word_1_52' title='bbox 741 940 812 995; x_wconf 91' lang='lat' dir='ltr'>ad</span> <span class='ocrx_word' id='word_1_53' title='bbox 863 939 1229 1011; x_wconf 89' lang='lat' dir='ltr'>pr0positum</span> <span class='ocrx_word' id='word_1_54' title='bbox 1282 935 1704 1008; x_wconf 85' lang='lat' dir='ltr'>pertinentibus</span> <span class='ocrx_word' id='word_1_55' title='bbox 1753 937 2075 993; x_wconf 85' lang='lat' dir='ltr'>deﬁciatur.</span> 
     </span>
    </p>
   </div>
   <div class='ocr_carea' id='block_1_11' title="bbox 426 1026 2078 1102">
    <p class='ocr_par' dir='ltr' id='par_1_11' title="bbox 426 1026 2078 1102">
     <span class='ocr_line' id='line_1_11' title="bbox 426 1026 2078 1102; baseline -0.002 -16"><span class='ocrx_word' id='word_1_56' title='bbox 426 1031 742 1102; x_wconf 87' lang='lat' dir='ltr'>Indignum</span> <span class='ocrx_word' id='word_1_57' title='bbox 776 1030 931 1085; x_wconf 89' lang='lat' dir='ltr'>enim</span> <span class='ocrx_word' id='word_1_58' title='bbox 982 1029 1149 1096; x_wconf 89' lang='lat' dir='ltr'>foret,</span> <span class='ocrx_word' id='word_1_59' title='bbox 1197 1044 1329 1083; x_wconf 89' lang='lat' dir='ltr'>cum</span> <span class='ocrx_word' id='word_1_60' title='bbox 1364 1026 1481 1095; x_wconf 90' lang='lat' dir='ltr'>ille,</span> <span class='ocrx_word' id='word_1_61' title='bbox 1513 1043 1680 1097; x_wconf 87' lang='lat' dir='ltr'>quam</span> <span class='ocrx_word' id='word_1_62' title='bbox 1716 1026 1906 1097; x_wconf 87' lang='lat' dir='ltr'>palam</span> <span class='ocrx_word' id='word_1_63' title='bbox 1942 1044 2078 1082; x_wconf 89' lang='lat' dir='ltr'>con-</span> 
     </span>
    </p>
   </div>
   <div class='ocr_carea' id='block_1_12' title="bbox 429 1116 2079 1187">
    <p class='ocr_par' dir='ltr' id='par_1_12' title="bbox 429 1116 2079 1187">
     <span class='ocr_line' id='line_1_12' title="bbox 429 1116 2079 1187; baseline -0.004 -11"><span class='ocrx_word' id='word_1_64' title='bbox 429 1121 701 1176; x_wconf 88' lang='lat' dir='ltr'>stituerat</span> <span class='ocrx_word' id='word_1_65' title='bbox 760 1134 1058 1186; x_wconf 86' lang='lat' dir='ltr'>accusare,</span> <span class='ocrx_word' id='word_1_66' title='bbox 1108 1116 1443 1172; x_wconf 82' lang='lat' dir='ltr'>defensione</span> <span class='ocrx_word' id='word_1_67' title='bbox 1492 1132 1600 1171; x_wconf 89' lang='lat' dir='ltr'>sua</span> <span class='ocrx_word' id='word_1_68' title='bbox 1653 1117 2079 1187; x_wconf 89' lang='lat' dir='ltr'>quodammodo</span> 
     </span>
    </p>
   </div>
   <div class='ocr_carea' id='block_1_13' title="bbox 431 1205 2079 1282">
    <p class='ocr_par' dir='ltr' id='par_1_13' title="bbox 431 1205 2079 1282">
     <span class='ocr_line' id='line_1_13' title="bbox 431 1205 2079 1282; baseline -0.004 -17"><span class='ocrx_word' id='word_1_69' title='bbox 431 1226 544 1267; x_wconf 93' lang='lat' dir='ltr'>non</span> <span class='ocrx_word' id='word_1_70' title='bbox 572 1208 833 1282; x_wconf 86' lang='lat' dir='ltr'>privarit,</span> <span class='ocrx_word' id='word_1_71' title='bbox 859 1223 1057 1263; x_wconf 83' lang='lat' dir='ltr'>verum</span> <span class='ocrx_word' id='word_1_72' title='bbox 1083 1206 1307 1261; x_wconf 88' lang='lat' dir='ltr'>duobus</span> <span class='ocrx_word' id='word_1_73' title='bbox 1340 1210 1443 1261; x_wconf 87' lang='lat' dir='ltr'>aut</span> <span class='ocrx_word' id='word_1_74' title='bbox 1461 1206 1648 1261; x_wconf 89' lang='lat' dir='ltr'>tribus</span> <span class='ocrx_word' id='word_1_75' title='bbox 1680 1205 2079 1261; x_wconf 81' lang='lat' dir='ltr'>defensionem</span> 
     </span>
    </p>
   </div>
   <div class='ocr_carea' id='block_1_14' title="bbox 427 1294 2081 1369">
    <p class='ocr_par' dir='ltr' id='par_1_14' title="bbox 427 1294 2081 1369">
     <span class='ocr_line' id='line_1_14' title="bbox 427 1294 2081 1369; baseline -0.005 -13"><span class='ocrx_word' id='word_1_76' title='bbox 427 1302 617 1357; x_wconf 86' lang='lat' dir='ltr'>forma</span> <span class='ocrx_word' id='word_1_77' title='bbox 639 1298 1001 1369; x_wconf 84' lang='lat' dir='ltr'>dialogorum</span> <span class='ocrx_word' id='word_1_78' title='bbox 1032 1296 1339 1351; x_wconf 83' lang='lat' dir='ltr'>tribuerit:</span> <span class='ocrx_word' id='word_1_79' title='bbox 1375 1295 1422 1349; x_wconf 93' lang='lat' dir='ltr'>si</span> <span class='ocrx_word' id='word_1_80' title='bbox 1456 1310 1584 1359; x_wconf 90' lang='lat' dir='ltr'>nos,</span> <span class='ocrx_word' id='word_1_81' title='bbox 1617 1294 1713 1363; x_wconf 86' lang='lat' dir='ltr'>qui</span> <span class='ocrx_word' id='word_1_82' title='bbox 1747 1310 1868 1349; x_wconf 91' lang='lat' dir='ltr'>rem</span> <span class='ocrx_word' id='word_1_83' title='bbox 1906 1298 2081 1349; x_wconf 89' lang='lat' dir='ltr'>totam</span> 
     </span>
    </p>
   </div>
   <div class='ocr_carea' id='block_1_15' title="bbox 429 1383 2080 1459">
    <p class='ocr_par' dir='ltr' id='par_1_15' title="bbox 429 1383 2080 1459">
     <span class='ocr_line' id='line_1_15' title="bbox 429 1383 2080 1459; baseline -0.004 -15"><span class='ocrx_word' id='word_1_84' title='bbox 429 1389 721 1445; x_wconf 88' lang='lat' dir='ltr'>sustinere</span> <span class='ocrx_word' id='word_1_85' title='bbox 743 1403 1057 1459; x_wconf 78' lang='lat' dir='ltr'>possumus</span> <span class='ocrx_word' id='word_1_86' title='bbox 1080 1389 1138 1440; x_wconf 86' lang='lat' dir='ltr'>et</span> <span class='ocrx_word' id='word_1_87' title='bbox 1164 1384 1457 1451; x_wconf 87' lang='lat' dir='ltr'>volumus,</span> <span class='ocrx_word' id='word_1_88' title='bbox 1488 1383 1545 1438; x_wconf 90' lang='lat' dir='ltr'>id</span> <span class='ocrx_word' id='word_1_89' title='bbox 1567 1400 1680 1438; x_wconf 90' lang='lat' dir='ltr'>non</span> <span class='ocrx_word' id='word_1_90' title='bbox 1707 1384 2080 1451; x_wconf 85' lang='lat' dir='ltr'>auderemus,</span> 
     </span>
    </p>
   </div>
   <div class='ocr_carea' id='block_1_16' title="bbox 431 1472 2081 1549">
    <p class='ocr_par' dir='ltr' id='par_1_16' title="bbox 431 1472 2081 1549">
     <span class='ocr_line' id='line_1_16' title="bbox 431 1472 2081 1549; baseline -0.004 -16"><span class='ocrx_word' id='word_1_91' title='bbox 431 1478 596 1549; x_wconf 90' lang='lat' dir='ltr'>quasi</span> <span class='ocrx_word' id='word_1_92' title='bbox 647 1494 761 1532; x_wconf 91' lang='lat' dir='ltr'>non</span> <span class='ocrx_word' id='word_1_93' title='bbox 808 1483 959 1531; x_wconf 86' lang='lat' dir='ltr'>esset</span> <span class='ocrx_word' id='word_1_94' title='bbox 1010 1474 1266 1544; x_wconf 85' lang='lat' dir='ltr'>amplius</span> <span class='ocrx_word' id='word_1_95' title='bbox 1316 1472 1534 1527; x_wconf 85' lang='lat' dir='ltr'>Platoni</span> <span class='ocrx_word' id='word_1_96' title='bbox 1585 1472 2081 1543; x_wconf 87' lang='lat' dir='ltr'>respondendum,</span> 
     </span>
    </p>
   </div>
   <div class='ocr_carea' id='block_1_17' title="bbox 434 1560 2085 1639">
    <p class='ocr_par' dir='ltr' id='par_1_17' title="bbox 434 1560 2085 1639">
     <span class='ocr_line' id='line_1_17' title="bbox 434 1560 2085 1639; baseline -0.005 -17"><span class='ocrx_word' id='word_1_97' title='bbox 434 1584 560 1639; x_wconf 69' lang='lat' dir='ltr'>qua:</span> <span class='ocrx_word' id='word_1_98' title='bbox 591 1569 715 1638; x_wconf 87' lang='lat' dir='ltr'>ipse</span> <span class='ocrx_word' id='word_1_99' title='bbox 757 1566 865 1621; x_wconf 87' lang='lat' dir='ltr'>sibi</span> <span class='ocrx_word' id='word_1_100' title='bbox 904 1564 1163 1619; x_wconf 88' lang='lat' dir='ltr'>voluerit.</span> <span class='ocrx_word' id='word_1_101' title='bbox 1207 1563 1540 1617; x_wconf 86' lang='lat' dir='ltr'>Absurdum</span> <span class='ocrx_word' id='word_1_102' title='bbox 1584 1562 1789 1616; x_wconf 88' lang='lat' dir='ltr'>deinde</span> <span class='ocrx_word' id='word_1_103' title='bbox 1826 1560 1970 1615; x_wconf 91' lang='lat' dir='ltr'>mihi</span> <span class='ocrx_word' id='word_1_104' title='bbox 2002 1560 2085 1614; x_wconf 89' lang='lat' dir='ltr'>vi-</span> 
     </span>
    </p>
   </div>
   <div class='ocr_carea' id='block_1_18' title="bbox 436 1651 2082 1723">
    <p class='ocr_par' dir='ltr' id='par_1_18' title="bbox 436 1651 2082 1723">
     <span class='ocr_line' id='line_1_18' title="bbox 436 1651 2082 1723; baseline -0.005 -11"><span class='ocrx_word' id='word_1_105' title='bbox 436 1656 685 1723; x_wconf 89' lang='lat' dir='ltr'>debitur,</span> <span class='ocrx_word' id='word_1_106' title='bbox 719 1654 769 1710; x_wconf 88' lang='lat' dir='ltr'>si</span> <span class='ocrx_word' id='word_1_107' title='bbox 800 1654 960 1709; x_wconf 86' lang='lat' dir='ltr'>Plato</span> <span class='ocrx_word' id='word_1_108' title='bbox 1010 1652 1376 1721; x_wconf 87' lang='lat' dir='ltr'>rhetoricam,</span> <span class='ocrx_word' id='word_1_109' title='bbox 1411 1651 1579 1720; x_wconf 89' lang='lat' dir='ltr'>cujus</span> <span class='ocrx_word' id='word_1_110' title='bbox 1610 1655 1667 1705; x_wconf 91' lang='lat' dir='ltr'>et</span> <span class='ocrx_word' id='word_1_111' title='bbox 1696 1652 1819 1720; x_wconf 88' lang='lat' dir='ltr'>ipse</span> <span class='ocrx_word' id='word_1_112' title='bbox 1860 1653 2082 1719; x_wconf 86' lang='lat' dir='ltr'>partem</span> 
     </span>
    </p>
   </div>
   <div class='ocr_carea' id='block_1_19' title="bbox 436 1740 2081 1811">
    <p class='ocr_par' dir='ltr' id='par_1_19' title="bbox 436 1740 2081 1811">
     <span class='ocr_line' id='line_1_19' title="bbox 436 1740 2081 1811; baseline -0.005 -11"><span class='ocrx_word' id='word_1_113' title='bbox 436 1746 681 1801; x_wconf 86' lang='lat' dir='ltr'>fortasse</span> <span class='ocrx_word' id='word_1_114' title='bbox 726 1747 1079 1799; x_wconf 88' lang='lat' dir='ltr'>consecutus</span> <span class='ocrx_word' id='word_1_115' title='bbox 1129 1741 1381 1811; x_wconf 87' lang='lat' dir='ltr'>aliquam</span> <span class='ocrx_word' id='word_1_116' title='bbox 1421 1744 1563 1805; x_wconf 88' lang='lat' dir='ltr'>erat,</span> <span class='ocrx_word' id='word_1_117' title='bbox 1607 1740 1934 1809; x_wconf 84' lang='lat' dir='ltr'>vituperare</span> <span class='ocrx_word' id='word_1_118' title='bbox 1967 1755 2081 1793; x_wconf 93' lang='lat' dir='ltr'>non</span> 
     </span>
    </p>
   </div>
   <div class='ocr_carea' id='block_1_20' title="bbox 438 1827 2088 1902">
    <p class='ocr_par' dir='ltr' id='par_1_20' title="bbox 438 1827 2088 1902">
     <span class='ocr_line' id='line_1_20' title="bbox 438 1827 2088 1902; baseline -0.005 -12"><span class='ocrx_word' id='word_1_119' title='bbox 438 1838 526 1890; x_wconf 88' lang='lat' dir='ltr'>est</span> <span class='ocrx_word' id='word_1_120' title='bbox 554 1834 811 1889; x_wconf 87' lang='lat' dir='ltr'>veritus:</span> <span class='ocrx_word' id='word_1_121' title='bbox 846 1848 952 1887; x_wconf 90' lang='lat' dir='ltr'>nos</span> <span class='ocrx_word' id='word_1_122' title='bbox 985 1848 1087 1902; x_wconf 90' lang='lat' dir='ltr'>pro</span> <span class='ocrx_word' id='word_1_123' title='bbox 1119 1829 1427 1894; x_wconf 89' lang='lat' dir='ltr'>rhetorica,</span> <span class='ocrx_word' id='word_1_124' title='bbox 1456 1844 1527 1884; x_wconf 78' lang='lat' dir='ltr'>ne</span> <span class='ocrx_word' id='word_1_125' title='bbox 1559 1828 1691 1898; x_wconf 88' lang='lat' dir='ltr'>quis</span> <span class='ocrx_word' id='word_1_126' title='bbox 1722 1827 1880 1882; x_wconf 89' lang='lat' dir='ltr'>illius</span> <span class='ocrx_word' id='word_1_127' title='bbox 1911 1844 2088 1883; x_wconf 89' lang='lat' dir='ltr'>causa</span> 
     </span>
    </p>
   </div>
   <div class='ocr_carea' id='block_1_21' title="bbox 437 1916 2087 1993">
    <p class='ocr_par' dir='ltr' id='par_1_21' title="bbox 437 1916 2087 1993">
     <span class='ocr_line' id='line_1_21' title="bbox 437 1916 2087 1993; baseline -0.004 -16"><span class='ocrx_word' id='word_1_128' title='bbox 437 1922 796 1993; x_wconf 82' lang='lat' dir='ltr'>indignetur,</span> <span class='ocrx_word' id='word_1_129' title='bbox 829 1921 1017 1976; x_wconf 84' lang='lat' dir='ltr'>dicere</span> <span class='ocrx_word' id='word_1_130' title='bbox 1042 1918 1304 1991; x_wconf 87' lang='lat' dir='ltr'>pudebit.</span> <span class='ocrx_word' id='word_1_131' title='bbox 1336 1920 1642 1982; x_wconf 76' lang='lat' dir='ltr'>Praeterea,</span> <span class='ocrx_word' id='word_1_132' title='bbox 1676 1916 1969 1988; x_wconf 83' lang='lat' dir='ltr'>siquidem</span> <span class='ocrx_word' id='word_1_133' title='bbox 2002 1916 2087 1971; x_wconf 88' lang='lat' dir='ltr'>ni-</span> 
     </span>
    </p>
   </div>
   <div class='ocr_carea' id='block_1_22' title="bbox 437 2004 2088 2083">
    <p class='ocr_par' dir='ltr' id='par_1_22' title="bbox 437 2004 2088 2083">
     <span class='ocr_line' id='line_1_22' title="bbox 437 2004 2088 2083; baseline -0.004 -16"><span class='ocrx_word' id='word_1_134' title='bbox 437 2011 522 2067; x_wconf 89' lang='lat' dir='ltr'>hil</span> <span class='ocrx_word' id='word_1_135' title='bbox 552 2016 837 2083; x_wconf 88' lang='lat' dir='ltr'>0porteret</span> <span class='ocrx_word' id='word_1_136' title='bbox 866 2009 1276 2076; x_wconf 87' lang='lat' dir='ltr'>contradicere,</span> <span class='ocrx_word' id='word_1_137' title='bbox 1300 2008 1397 2063; x_wconf 87' lang='lat' dir='ltr'>sed</span> <span class='ocrx_word' id='word_1_138' title='bbox 1430 2023 1557 2062; x_wconf 91' lang='lat' dir='ltr'>eam</span> <span class='ocrx_word' id='word_1_139' title='bbox 1592 2006 1796 2061; x_wconf 88' lang='lat' dir='ltr'>deserti</span> <span class='ocrx_word' id='word_1_140' title='bbox 1830 2004 2088 2061; x_wconf 84' lang='lat' dir='ltr'>vadimo-</span> 
     </span>
    </p>
   </div>
   <div class='ocr_carea' id='block_1_23' title="bbox 438 2095 2089 2165">
    <p class='ocr_par' dir='ltr' id='par_1_23' title="bbox 438 2095 2089 2165">
     <span class='ocr_line' id='line_1_23' title="bbox 438 2095 2089 2165; baseline -0.004 -10"><span class='ocrx_word' id='word_1_141' title='bbox 438 2101 521 2155; x_wconf 89' lang='lat' dir='ltr'>nii</span> <span class='ocrx_word' id='word_1_142' title='bbox 552 2100 712 2154; x_wconf 88' lang='lat' dir='ltr'>velut</span> <span class='ocrx_word' id='word_1_143' title='bbox 740 2100 799 2155; x_wconf 91' lang='lat' dir='ltr'>in</span> <span class='ocrx_word' id='word_1_144' title='bbox 847 2100 1011 2155; x_wconf 82' lang='lat' dir='ltr'>curia</span> <span class='ocrx_word' id='word_1_145' title='bbox 1061 2096 1350 2165; x_wconf 89' lang='lat' dir='ltr'>damnari,</span> <span class='ocrx_word' id='word_1_146' title='bbox 1405 2096 1578 2165; x_wconf 89' lang='lat' dir='ltr'>idque</span> <span class='ocrx_word' id='word_1_147' title='bbox 1623 2095 1853 2149; x_wconf 91' lang='lat' dir='ltr'>dicendi</span> <span class='ocrx_word' id='word_1_148' title='bbox 1906 2095 2089 2164; x_wconf 88' lang='lat' dir='ltr'>magi-</span> 
     </span>
    </p>
   </div>
   <div class='ocr_carea' id='block_1_24' title="bbox 440 2182 2086 2258">
    <p class='ocr_par' dir='ltr' id='par_1_24' title="bbox 440 2182 2086 2258">
     <span class='ocr_line' id='line_1_24' title="bbox 440 2182 2086 2258; baseline -0.004 -15"><span class='ocrx_word' id='word_1_149' title='bbox 440 2191 650 2256; x_wconf 84' lang='lat' dir='ltr'>stram,</span> <span class='ocrx_word' id='word_1_150' title='bbox 674 2187 785 2243; x_wconf 90' lang='lat' dir='ltr'>alia</span> <span class='ocrx_word' id='word_1_151' title='bbox 806 2187 1075 2258; x_wconf 66' lang='lat' dir='ltr'>quaedam</span> <span class='ocrx_word' id='word_1_152' title='bbox 1104 2186 1224 2239; x_wconf 69' lang='lat' dir='ltr'>haec</span> <span class='ocrx_word' id='word_1_153' title='bbox 1245 2188 1397 2239; x_wconf 84' lang='lat' dir='ltr'>esset</span> <span class='ocrx_word' id='word_1_154' title='bbox 1419 2184 1585 2238; x_wconf 89' lang='lat' dir='ltr'>ratio.</span> <span class='ocrx_word' id='word_1_155' title='bbox 1606 2182 1706 2238; x_wconf 90' lang='lat' dir='ltr'>Sin</span> <span class='ocrx_word' id='word_1_156' title='bbox 1732 2198 2086 2253; x_wconf 86' lang='lat' dir='ltr'>quemquam</span> 
     </span>
    </p>
   </div>
   <div class='ocr_carea' id='block_1_25' title="bbox 440 2272 2088 2347">
    <p class='ocr_par' dir='ltr' id='par_1_25' title="bbox 440 2272 2088 2347">
     <span class='ocr_line' id='line_1_25' title="bbox 440 2272 2088 2347; baseline -0.002 -16"><span class='ocrx_word' id='word_1_157' title='bbox 440 2280 724 2347; x_wconf 85' lang='lat' dir='ltr'>oporteat,</span> <span class='ocrx_word' id='word_1_158' title='bbox 770 2275 937 2331; x_wconf 91' lang='lat' dir='ltr'>nobis</span> <span class='ocrx_word' id='word_1_159' title='bbox 983 2275 1089 2329; x_wconf 89' lang='lat' dir='ltr'>hoc</span> <span class='ocrx_word' id='word_1_160' title='bbox 1122 2273 1539 2343; x_wconf 86' lang='lat' dir='ltr'>propemodum</span> <span class='ocrx_word' id='word_1_161' title='bbox 1572 2272 1898 2338; x_wconf 88' lang='lat' dir='ltr'>conveniet,</span> <span class='ocrx_word' id='word_1_162' title='bbox 1934 2280 1991 2327; x_wconf 87' lang='lat' dir='ltr'>ut</span> <span class='ocrx_word' id='word_1_163' title='bbox 2021 2288 2088 2327; x_wconf 79' lang='lat' dir='ltr'>ex</span> 
     </span>
    </p>
   </div>
   <div class='ocr_carea' id='block_1_26' title="bbox 439 2360 2089 2436">
    <p class='ocr_par' dir='ltr' id='par_1_26' title="bbox 439 2360 2089 2436">
     <span class='ocr_line' id='line_1_26' title="bbox 439 2360 2089 2436; baseline -0.002 -17"><span class='ocrx_word' id='word_1_164' title='bbox 439 2363 548 2420; x_wconf 84' lang='lat' dir='ltr'>hac</span> <span class='ocrx_word' id='word_1_165' title='bbox 579 2380 810 2436; x_wconf 90' lang='lat' dir='ltr'>quoque</span> <span class='ocrx_word' id='word_1_166' title='bbox 844 2380 905 2419; x_wconf 91' lang='lat' dir='ltr'>re</span> <span class='ocrx_word' id='word_1_167' title='bbox 935 2363 1190 2435; x_wconf 89' lang='lat' dir='ltr'>primum</span> <span class='ocrx_word' id='word_1_168' title='bbox 1222 2362 1469 2417; x_wconf 90' lang='lat' dir='ltr'>insiituti</span> <span class='ocrx_word' id='word_1_169' title='bbox 1501 2361 1682 2416; x_wconf 88' lang='lat' dir='ltr'>nostri</span> <span class='ocrx_word' id='word_1_170' title='bbox 1705 2360 1806 2430; x_wconf 88' lang='lat' dir='ltr'>jus</span> <span class='ocrx_word' id='word_1_171' title='bbox 1836 2360 2089 2416; x_wconf 88' lang='lat' dir='ltr'>declare-</span> 
     </span>
    </p>
   </div>
   <div class='ocr_carea' id='block_1_27' title="bbox 441 2449 2087 2522">
    <p class='ocr_par' dir='ltr' id='par_1_27' title="bbox 441 2449 2087 2522">
     <span class='ocr_line' id='line_1_27' title="bbox 441 2449 2087 2522; baseline -0.003 -14"><span class='ocrx_word' id='word_1_172' title='bbox 441 2469 594 2508; x_wconf 89' lang='lat' dir='ltr'>mus.</span> <span class='ocrx_word' id='word_1_173' title='bbox 628 2454 741 2509; x_wconf 90' lang='lat' dir='ltr'>Nec</span> <span class='ocrx_word' id='word_1_174' title='bbox 772 2452 927 2507; x_wconf 89' lang='lat' dir='ltr'>enim</span> <span class='ocrx_word' id='word_1_175' title='bbox 977 2466 1210 2522; x_wconf 85' lang='lat' dir='ltr'>aequum</span> <span class='ocrx_word' id='word_1_176' title='bbox 1254 2457 1362 2520; x_wconf 87' lang='lat' dir='ltr'>est,</span> <span class='ocrx_word' id='word_1_177' title='bbox 1414 2454 1479 2505; x_wconf 93' lang='lat' dir='ltr'>ut</span> <span class='ocrx_word' id='word_1_178' title='bbox 1527 2467 1559 2504; x_wconf 92' lang='lat' dir='ltr'>a</span> <span class='ocrx_word' id='word_1_179' title='bbox 1607 2464 1723 2519; x_wconf 89' lang='lat' dir='ltr'>qua</span> <span class='ocrx_word' id='word_1_180' title='bbox 1762 2449 1819 2503; x_wconf 92' lang='lat' dir='ltr'>id</span> <span class='ocrx_word' id='word_1_181' title='bbox 1863 2449 2087 2521; x_wconf 87' lang='lat' dir='ltr'>accepi-</span> 
     </span>
    </p>
   </div>
   <div class='ocr_carea' id='block_1_28' title="bbox 440 2537 2089 2611">
    <p class='ocr_par' dir='ltr' id='par_1_28' title="bbox 440 2537 2089 2611">
     <span class='ocr_line' id='line_1_28' title="bbox 440 2537 2089 2611; baseline -0.002 -15"><span class='ocrx_word' id='word_1_182' title='bbox 440 2558 596 2611; x_wconf 88' lang='lat' dir='ltr'>mus,</span> <span class='ocrx_word' id='word_1_183' title='bbox 637 2557 752 2611; x_wconf 90' lang='lat' dir='ltr'>quo</span> <span class='ocrx_word' id='word_1_184' title='bbox 803 2540 1024 2595; x_wconf 66' lang='lat' dir='ltr'>ceteris</span> <span class='ocrx_word' id='word_1_185' title='bbox 1074 2538 1421 2610; x_wconf 87' lang='lat' dir='ltr'>patrocinari</span> <span class='ocrx_word' id='word_1_186' title='bbox 1474 2552 1795 2607; x_wconf 83' lang='lat' dir='ltr'>possemus,</span> <span class='ocrx_word' id='word_1_187' title='bbox 1848 2553 1916 2591; x_wconf 88' lang='lat' dir='ltr'>ea</span> <span class='ocrx_word' id='word_1_188' title='bbox 1964 2537 2089 2592; x_wconf 86' lang='lat' dir='ltr'>suis</span> 
     </span>
    </p>
   </div>
   <div class='ocr_carea' id='block_1_29' title="bbox 438 2624 2085 2697">
    <p class='ocr_par' dir='ltr' id='par_1_29' title="bbox 438 2624 2085 2697">
     <span class='ocr_line' id='line_1_29' title="bbox 438 2624 2085 2697; baseline -0.004 -11"><span class='ocrx_word' id='word_1_189' title='bbox 438 2631 786 2686; x_wconf 80' lang='lat' dir='ltr'>destituatur</span> <span class='ocrx_word' id='word_1_190' title='bbox 845 2629 1033 2691; x_wconf 91' lang='lat' dir='ltr'>bonis,</span> <span class='ocrx_word' id='word_1_191' title='bbox 1094 2642 1200 2682; x_wconf 88' lang='lat' dir='ltr'>nec</span> <span class='ocrx_word' id='word_1_192' title='bbox 1262 2626 1455 2697; x_wconf 90' lang='lat' dir='ltr'>potius</span> <span class='ocrx_word' id='word_1_193' title='bbox 1512 2624 1605 2680; x_wconf 91' lang='lat' dir='ltr'>vel</span> <span class='ocrx_word' id='word_1_194' title='bbox 1655 2624 1806 2691; x_wconf 89' lang='lat' dir='ltr'>talis,</span> <span class='ocrx_word' id='word_1_195' title='bbox 1857 2625 2085 2697; x_wconf 89' lang='lat' dir='ltr'>qualem</span> 
     </span>
    </p>
   </div>
   <div class='ocr_carea' id='block_1_30' title="bbox 438 2714 2088 2804">
    <p class='ocr_par' dir='ltr' id='par_1_30' title="bbox 438 2714 2088 2804">
     <span class='ocr_line' id='line_1_30' title="bbox 438 2714 2088 2804; baseline -0.003 -30"><span class='ocrx_word' id='word_1_196' title='bbox 438 2718 601 2775; x_wconf 89' lang='lat' dir='ltr'>Plato</span> <span class='ocrx_word' id='word_1_197' title='bbox 639 2717 841 2787; x_wconf 89' lang='lat' dir='ltr'>voluit,</span> <span class='ocrx_word' id='word_1_198' title='bbox 893 2718 1170 2804; x_wconf 71' lang='lat' dir='ltr'>videatur,</span> <span class='ocrx_word' id='word_1_199' title='bbox 1204 2716 1290 2771; x_wconf 85' lang='lat' dir='ltr'>vel</span> <span class='ocrx_word' id='word_1_200' title='bbox 1330 2718 1395 2769; x_wconf 91' lang='lat' dir='ltr'>ut</span> <span class='ocrx_word' id='word_1_201' title='bbox 1430 2714 1611 2770; x_wconf 90' lang='lat' dir='ltr'>videri</span> <span class='ocrx_word' id='word_1_202' title='bbox 1658 2714 1843 2785; x_wconf 87' lang='lat' dir='ltr'>possit</span> <span class='ocrx_word' id='word_1_203' title='bbox 1873 2714 2088 2770; x_wconf 82' lang='lat' dir='ltr'>efﬁcia-</span> 
     </span>
    </p>
   </div>
   <div class='ocr_carea' id='block_1_31' title="bbox 440 2804 2085 2880">
    <p class='ocr_par' dir='ltr' id='par_1_31' title="bbox 440 2804 2085 2880">
     <span class='ocr_line' id='line_1_31' title="bbox 440 2804 2085 2880; baseline -0.003 -17"><span class='ocrx_word' id='word_1_204' title='bbox 440 2817 551 2864; x_wconf 84' lang='lat' dir='ltr'>tur.</span> <span class='ocrx_word' id='word_1_205' title='bbox 586 2809 731 2865; x_wconf 83' lang='lat' dir='ltr'>Nam</span> <span class='ocrx_word' id='word_1_206' title='bbox 765 2808 921 2880; x_wconf 93' lang='lat' dir='ltr'>quod</span> <span class='ocrx_word' id='word_1_207' title='bbox 960 2807 1134 2880; x_wconf 87' lang='lat' dir='ltr'>vulgo</span> <span class='ocrx_word' id='word_1_208' title='bbox 1166 2806 1381 2861; x_wconf 86' lang='lat' dir='ltr'>dicitur</span> <span class='ocrx_word' id='word_1_209' title='bbox 1410 2804 1707 2860; x_wconf 89' lang='lat' dir='ltr'>silentium</span> <span class='ocrx_word' id='word_1_210' title='bbox 1743 2804 2085 2859; x_wconf 82' lang='lat' dir='ltr'>confirmare</span> 
     </span>
    </p>
   </div>
   <div class='ocr_carea' id='block_1_32' title="bbox 439 2892 2084 2966">
    <p class='ocr_par' dir='ltr' id='par_1_32' title="bbox 439 2892 2084 2966">
     <span class='ocr_line' id='line_1_32' title="bbox 439 2892 2084 2966; baseline -0.005 -12"><span class='ocrx_word' id='word_1_211' title='bbox 439 2897 711 2966; x_wconf 88' lang='lat' dir='ltr'>crimina,</span> <span class='ocrx_word' id='word_1_212' title='bbox 746 2898 802 2953; x_wconf 91' lang='lat' dir='ltr'>id</span> <span class='ocrx_word' id='word_1_213' title='bbox 846 2913 1029 2953; x_wconf 85' lang='lat' dir='ltr'>unum</span> <span class='ocrx_word' id='word_1_214' title='bbox 1063 2910 1129 2951; x_wconf 88' lang='lat' dir='ltr'>ac</span> <span class='ocrx_word' id='word_1_215' title='bbox 1171 2894 1419 2964; x_wconf 86' lang='lat' dir='ltr'>simplex</span> <span class='ocrx_word' id='word_1_216' title='bbox 1449 2909 1565 2949; x_wconf 91' lang='lat' dir='ltr'>non</span> <span class='ocrx_word' id='word_1_217' title='bbox 1606 2897 1729 2949; x_wconf 87' lang='lat' dir='ltr'>est:</span> <span class='ocrx_word' id='word_1_218' title='bbox 1766 2908 1966 2948; x_wconf 89' lang='lat' dir='ltr'>verum</span> <span class='ocrx_word' id='word_1_219' title='bbox 2008 2892 2084 2946; x_wconf 90' lang='lat' dir='ltr'>si-</span> 
     </span>
    </p>
   </div>
   <div class='ocr_carea' id='block_1_33' title="bbox 438 2982 2079 3058">
    <p class='ocr_par' dir='ltr' id='par_1_33' title="bbox 438 2982 2079 3058">
     <span class='ocr_line' id='line_1_33' title="bbox 438 2982 2079 3058; baseline -0.004 -16"><span class='ocrx_word' id='word_1_220' title='bbox 438 2988 561 3042; x_wconf 91' lang='lat' dir='ltr'>mul</span> <span class='ocrx_word' id='word_1_221' title='bbox 610 2992 670 3042; x_wconf 91' lang='lat' dir='ltr'>et</span> <span class='ocrx_word' id='word_1_222' title='bbox 706 2987 842 3058; x_wconf 88' lang='lat' dir='ltr'>jure</span> <span class='ocrx_word' id='word_1_223' title='bbox 890 3001 990 3042; x_wconf 91' lang='lat' dir='ltr'>suo</span> <span class='ocrx_word' id='word_1_224' title='bbox 1032 2984 1373 3057; x_wconf 88' lang='lat' dir='ltr'>privahitur,</span> <span class='ocrx_word' id='word_1_225' title='bbox 1420 2987 1478 3039; x_wconf 91' lang='lat' dir='ltr'>et</span> <span class='ocrx_word' id='word_1_226' title='bbox 1519 2982 1864 3054; x_wconf 81' lang='lat' dir='ltr'>dignitatem</span> <span class='ocrx_word' id='word_1_227' title='bbox 1905 2984 2079 3037; x_wconf 85' lang='lat' dir='ltr'>totam</span> 
     </span>
    </p>
   </div>
   <div class='ocr_carea' id='block_1_34' title="bbox 435 3076 684 3133">
    <p class='ocr_par' dir='ltr' id='par_1_34' title="bbox 435 3076 684 3133">
     <span class='ocr_line' id='line_1_34' title="bbox 435 3076 684 3133; baseline -0.004 -1"><span class='ocrx_word' id='word_1_228' title='bbox 435 3076 684 3133; x_wconf 84' lang='lat' dir='ltr'>amittet.</span> 
     </span>
    </p>
   </div>
   <div class='ocr_carea' id='block_1_35' title="bbox 2186 577 3856 653">
    <p class='ocr_par' dir='ltr' id='par_1_35' title="bbox 2186 577 3856 653">
     <span class='ocr_line' id='line_1_35' title="bbox 2186 577 3856 653; baseline 0 -21"><span class='ocrx_word' id='word_1_229' title='bbox 2186 578 2351 634; x_wconf 89' lang='grc' dir='ltr'>αύτοῦ</span> <span class='ocrx_word' id='word_1_230' title='bbox 2382 583 2506 653; x_wconf 87' lang='grc' dir='ltr'>περὶ</span> <span class='ocrx_word' id='word_1_231' title='bbox 2545 577 2774 635; x_wconf 80' lang='grc' dir='ltr'>πολλῶν</span> <span class='ocrx_word' id='word_1_232' title='bbox 2835 580 2958 617; x_wconf 79' lang='grc' dir='ltr'>¹⁵·ί⁶</span> <span class='ocrx_word' id='word_1_233' title='bbox 3011 578 3277 651; x_wconf 79' lang='grc' dir='ltr'>ἐπιτιμῶν</span> <span class='ocrx_word' id='word_1_234' title='bbox 3326 580 3428 634; x_wconf 88' lang='grc' dir='ltr'>ούκ</span> <span class='ocrx_word' id='word_1_235' title='bbox 3477 580 3856 651; x_wconf 70' lang='grc' dir='ltr'>ἀπεστέρηται</span> 
     </span>
    </p>
   </div>
   <div class='ocr_carea' id='block_1_36' title="bbox 2187 665 3855 745">
    <p class='ocr_par' dir='ltr' id='par_1_36' title="bbox 2187 665 3855 745">
     <span class='ocr_line' id='line_1_36' title="bbox 2187 665 3855 745; baseline 0.007 -22"><span class='ocrx_word' id='word_1_236' title='bbox 2187 666 2375 742; x_wconf 84' lang='grc' dir='ltr'>λόγου,</span> <span class='ocrx_word' id='word_1_237' title='bbox 2408 668 2536 725; x_wconf 86' lang='grc' dir='ltr'>ἀλλ’</span> <span class='ocrx_word' id='word_1_238' title='bbox 2566 665 2682 744; x_wconf 78' lang='grc' dir='ltr'>ἔχει</span> <span class='ocrx_word' id='word_1_239' title='bbox 2715 670 2849 742; x_wconf 86' lang='grc' dir='ltr'>πρὸς</span> <span class='ocrx_word' id='word_1_240' title='bbox 2870 669 2997 731; x_wconf 76' lang='grc' dir='ltr'>τοὺς</span> <span class='ocrx_word' id='word_1_241' title='bbox 3019 670 3447 745; x_wconf 72' lang='grc' dir='ltr'>ἀγανακτοῦντας</span> <span class='ocrx_word' id='word_1_242' title='bbox 3484 668 3515 724; x_wconf 79' lang='grc' dir='ltr'>δ</span> <span class='ocrx_word' id='word_1_243' title='bbox 3538 692 3596 724; x_wconf 74' lang='grc' dir='ltr'>τι</span> <span class='ocrx_word' id='word_1_244' title='bbox 3632 668 3775 738; x_wconf 72' lang='grc' dir='ltr'>εῗπη</span> <span class='ocrx_word' id='word_1_245' title='bbox 3802 674 3855 737; x_wconf 62' lang='grc' dir='ltr'>Π,</span> 
     </span>
    </p>
   </div>
   <div class='ocr_carea' id='block_1_37' title="bbox 2184 754 3859 828">
    <p class='ocr_par' dir='ltr' id='par_1_37' title="bbox 2184 754 3859 828">
     <span class='ocr_line' id='line_1_37' title="bbox 2184 754 3859 828; baseline -0.001 -17"><span class='ocrx_word' id='word_1_246' title='bbox 2184 758 2302 812; x_wconf 82' lang='grc' dir='ltr'>κατ’</span> <span class='ocrx_word' id='word_1_247' title='bbox 2350 757 2535 828; x_wconf 85' lang='grc' dir='ltr'>αὐτὸν,</span> <span class='ocrx_word' id='word_1_248' title='bbox 2595 760 2669 820; x_wconf 73' lang='grc' dir='ltr'>ὡς</span> <span class='ocrx_word' id='word_1_249' title='bbox 2729 754 2900 815; x_wconf 75' lang='grc' dir='ltr'>ἔοικε.</span> <span class='ocrx_word' id='word_1_250' title='bbox 2968 758 3239 814; x_wconf 77' lang='grc' dir='ltr'>Πλάτωτα</span> <span class='ocrx_word' id='word_1_251' title='bbox 3300 758 3391 813; x_wconf 81' lang='grc' dir='ltr'>καὶ</span> <span class='ocrx_word' id='word_1_252' title='bbox 3451 758 3588 821; x_wconf 72' lang='grc' dir='ltr'>τοὺς</span> <span class='ocrx_word' id='word_1_253' title='bbox 3654 758 3859 813; x_wconf 70' lang='grc' dir='ltr'>ἐκεῖνον</span> 
     </span>
    </p>
   </div>
   <div class='ocr_carea' id='block_1_38' title="bbox 2187 844 3858 924">
    <p class='ocr_par' dir='ltr' id='par_1_38' title="bbox 2187 844 3858 924">
     <span class='ocr_line' id='line_1_38' title="bbox 2187 844 3858 924; baseline 0 -24"><span class='ocrx_word' id='word_1_254' title='bbox 2187 844 2544 908; x_wconf 79' lang='grc' dir='ltr'>ἐπαινοῦντας</span> <span class='ocrx_word' id='word_1_255' title='bbox 2610 848 2700 902; x_wconf 81' lang='grc' dir='ltr'>καὶ</span> <span class='ocrx_word' id='word_1_256' title='bbox 2767 850 2946 918; x_wconf 81' lang='grc' dir='ltr'>πάσης</span> <span class='ocrx_word' id='word_1_257' title='bbox 3006 847 3183 911; x_wconf 79' lang='grc' dir='ltr'>αἰτίας</span> <span class='ocrx_word' id='word_1_258' title='bbox 3231 846 3490 924; x_wconf 71' lang='grc' dir='ltr'>ἀφιέντας</span> <span class='ocrx_word' id='word_1_259' title='bbox 3565 846 3719 918; x_wconf 81' lang='grc' dir='ltr'>ἔστι,</span> <span class='ocrx_word' id='word_1_260' title='bbox 3767 849 3858 901; x_wconf 69' lang='grc' dir='ltr'>κᾶν</span> 
     </span>
    </p>
   </div>
   <div class='ocr_carea' id='block_1_39' title="bbox 2189 933 3861 1013">
    <p class='ocr_par' dir='ltr' id='par_1_39' title="bbox 2189 933 3861 1013">
     <span class='ocr_line' id='line_1_39' title="bbox 2189 933 3861 1013; baseline 0 -22"><span class='ocrx_word' id='word_1_261' title='bbox 2189 933 2360 999; x_wconf 74' lang='grc' dir='ltr'>ἄλλος</span> <span class='ocrx_word' id='word_1_262' title='bbox 2392 958 2473 999; x_wconf 87' lang='grc' dir='ltr'>τις</span> <span class='ocrx_word' id='word_1_263' title='bbox 2506 937 2696 1009; x_wconf 81' lang='grc' dir='ltr'>ἐκείνῳ</span> <span class='ocrx_word' id='word_1_264' title='bbox 2742 936 2877 1011; x_wconf 80' lang='grc' dir='ltr'>δοκῇ</span> <span class='ocrx_word' id='word_1_265' title='bbox 2933 940 2970 974; x_wconf 80' lang='grc'>³⁸</span> <span class='ocrx_word' id='word_1_266' title='bbox 3021 959 3073 992; x_wconf 89' lang='grc' dir='ltr'>τι</span> <span class='ocrx_word' id='word_1_267' title='bbox 3105 938 3277 1013; x_wconf 72' lang='grc' dir='ltr'>λέγειν</span> <span class='ocrx_word' id='word_1_268' title='bbox 3332 937 3691 1005; x_wconf 70' lang='grc' dir='ltr'>ὑπεναντίον,</span> <span class='ocrx_word' id='word_1_269' title='bbox 3743 938 3861 991; x_wconf 79' lang='grc' dir='ltr'>τολ-</span> 
     </span>
    </p>
   </div>
   <div class='ocr_carea' id='block_1_40' title="bbox 2194 1024 3856 1102">
    <p class='ocr_par' dir='ltr' id='par_1_40' title="bbox 2194 1024 3856 1102">
     <span class='ocr_line' id='line_1_40' title="bbox 2194 1024 3856 1102; baseline 0.002 -25"><span class='ocrx_word' id='word_1_270' title='bbox 2194 1031 2296 1098; x_wconf 82' lang='grc' dir='ltr'>μᾷν</span> <span class='ocrx_word' id='word_1_271' title='bbox 2345 1026 2710 1102; x_wconf 82' lang='grc' dir='ltr'>ἀκροάσασθαι</span> <span class='ocrx_word' id='word_1_272' title='bbox 2744 1029 2789 1063; x_wconf 75' lang='grc' dir='ltr'>¹⁴δ</span> <span class='ocrx_word' id='word_1_273' title='bbox 2821 1029 2990 1099; x_wconf 73' lang='grc' dir='ltr'>μήπω</span> <span class='ocrx_word' id='word_1_274' title='bbox 3043 1029 3087 1063; x_wconf 83' lang='grc'>²⁰</span> <span class='ocrx_word' id='word_1_275' title='bbox 3128 1031 3289 1081; x_wconf 88' lang='grc' dir='ltr'>τοῦτο</span> <span class='ocrx_word' id='word_1_276' title='bbox 3339 1024 3610 1100; x_wconf 75' lang='grc' dir='ltr'>ἔγκλημα</span> <span class='ocrx_word' id='word_1_277' title='bbox 3665 1047 3856 1081; x_wconf 61' lang='grc' dir='ltr'>ποιου-</span> 
     </span>
    </p>
   </div>
   <div class='ocr_carea' id='block_1_41' title="bbox 2195 1112 3857 1192">
    <p class='ocr_par' dir='ltr' id='par_1_41' title="bbox 2195 1112 3857 1192">
     <span class='ocr_line' id='line_1_41' title="bbox 2195 1112 3857 1192; baseline 0 -23"><span class='ocrx_word' id='word_1_278' title='bbox 2195 1117 2409 1187; x_wconf 69' lang='grc' dir='ltr'>μένους,</span> <span class='ocrx_word' id='word_1_279' title='bbox 2443 1112 2567 1171; x_wconf 77' lang='grc' dir='ltr'>ἄλλ’</span> <span class='ocrx_word' id='word_1_280' title='bbox 2617 1114 2705 1170; x_wconf 75' lang='grc' dir='ltr'>ἐὰν</span> <span class='ocrx_word' id='word_1_281' title='bbox 2761 1122 2881 1178; x_wconf 87' lang='grc' dir='ltr'>τοῖς</span> <span class='ocrx_word' id='word_1_282' title='bbox 2928 1115 3053 1192; x_wconf 85' lang='grc' dir='ltr'>περί</span> <span class='ocrx_word' id='word_1_283' title='bbox 3104 1121 3211 1170; x_wconf 78' lang='grc' dir='ltr'>τῶν</span> <span class='ocrx_word' id='word_1_284' title='bbox 3267 1115 3618 1190; x_wconf 71' lang='grc' dir='ltr'>πραγμάτων</span> <span class='ocrx_word' id='word_1_285' title='bbox 3671 1115 3857 1190; x_wconf 74' lang='grc' dir='ltr'>λόγοις</span> 
     </span>
    </p>
   </div>
   <div class='ocr_carea' id='block_1_42' title="bbox 2192 1202 3850 1281">
    <p class='ocr_par' dir='ltr' id='par_1_42' title="bbox 2192 1202 3850 1281">
     <span class='ocr_line' id='line_1_42' title="bbox 2192 1202 3850 1281; baseline 0 -23"><span class='ocrx_word' id='word_1_286' title='bbox 2192 1204 2520 1281; x_wconf 79' lang='grc' dir='ltr'>ἀπολειφθῇ.</span> <span class='ocrx_word' id='word_1_287' title='bbox 2565 1206 2663 1259; x_wconf 83' lang='grc' dir='ltr'>Καὶ</span> <span class='ocrx_word' id='word_1_288' title='bbox 2694 1207 2797 1280; x_wconf 74' lang='grc' dir='ltr'>γὰρ</span> <span class='ocrx_word' id='word_1_289' title='bbox 2830 1206 2873 1241; x_wconf 64' lang='grc'><strong>21</strong></span> <span class='ocrx_word' id='word_1_290' title='bbox 2916 1204 2975 1260; x_wconf 80' lang='grc' dir='ltr'>ἃν</span> <span class='ocrx_word' id='word_1_291' title='bbox 3010 1205 3093 1275; x_wconf 78' lang='grc' dir='ltr'>εἴη</span> <span class='ocrx_word' id='word_1_292' title='bbox 3149 1202 3341 1274; x_wconf 81' lang='grc' dir='ltr'>δεινὸν,</span> <span class='ocrx_word' id='word_1_293' title='bbox 3394 1205 3439 1259; x_wconf 82' lang='grc' dir='ltr'>εἰ</span> <span class='ocrx_word' id='word_1_294' title='bbox 3492 1207 3715 1265; x_wconf 82' lang='grc' dir='ltr'>ἐκεῖνος</span> <span class='ocrx_word' id='word_1_295' title='bbox 3766 1208 3850 1277; x_wconf 69' lang='grc' dir='ltr'>μὲν</span> 
     </span>
    </p>
   </div>
   <div class='ocr_carea' id='block_1_43' title="bbox 2193 1293 3852 1371">
    <p class='ocr_par' dir='ltr' id='par_1_43' title="bbox 2193 1293 3852 1371">
     <span class='ocr_line' id='line_1_43' title="bbox 2193 1293 3852 1371; baseline 0.001 -24"><span class='ocrx_word' id='word_1_296' title='bbox 2193 1294 2428 1355; x_wconf 82' lang='grc' dir='ltr'>ὑποστὰς</span> <span class='ocrx_word' id='word_1_297' title='bbox 2485 1300 2807 1370; x_wconf 84' lang='grc' dir='ltr'>κατηγορεῖν</span> <span class='ocrx_word' id='word_1_298' title='bbox 2868 1295 2926 1350; x_wconf 83' lang='grc' dir='ltr'>ἐκ</span> <span class='ocrx_word' id='word_1_299' title='bbox 2985 1300 3293 1371; x_wconf 74' lang='grc' dir='ltr'>προφανοῦς</span> <span class='ocrx_word' id='word_1_300' title='bbox 3347 1293 3447 1349; x_wconf 78' lang='grc' dir='ltr'>οὐκ</span> <span class='ocrx_word' id='word_1_301' title='bbox 3520 1295 3852 1370; x_wconf 70' lang='grc' dir='ltr'>ἀπεστέρησε</span> 
     </span>
    </p>
   </div>
   <div class='ocr_carea' id='block_1_44' title="bbox 2192 1382 3853 1459">
    <p class='ocr_par' dir='ltr' id='par_1_44' title="bbox 2192 1382 3853 1459">
     <span class='ocr_line' id='line_1_44' title="bbox 2192 1382 3853 1459; baseline 0 -22"><span class='ocrx_word' id='word_1_302' title='bbox 2192 1382 2393 1456; x_wconf 86' lang='grc' dir='ltr'>τρόπον</span> <span class='ocrx_word' id='word_1_303' title='bbox 2421 1385 2480 1458; x_wconf 73' lang='grc' dir='ltr'>γε</span> <span class='ocrx_word' id='word_1_304' title='bbox 2508 1405 2630 1439; x_wconf 89' lang='grc' dir='ltr'>τινα</span> <span class='ocrx_word' id='word_1_305' title='bbox 2660 1385 2829 1454; x_wconf 70' lang='grc' dir='ltr'>αὐτὴν</span> <span class='ocrx_word' id='word_1_306' title='bbox 2879 1388 2987 1439; x_wconf 83' lang='grc' dir='ltr'>τῶν</span> <span class='ocrx_word' id='word_1_307' title='bbox 3037 1384 3171 1458; x_wconf 73' lang='grc' dir='ltr'>ὑπὲρ</span> <span class='ocrx_word' id='word_1_308' title='bbox 3213 1385 3412 1453; x_wconf 74' lang='grc' dir='ltr'>ἑαυτῆς</span> <span class='ocrx_word' id='word_1_309' title='bbox 3456 1382 3681 1459; x_wconf 84' lang='grc' dir='ltr'>λόγων,</span> <span class='ocrx_word' id='word_1_310' title='bbox 3736 1383 3853 1439; x_wconf 75' lang='grc' dir='ltr'>ἀλλ’</span> 
     </span>
    </p>
   </div>
   <div class='ocr_carea' id='block_1_45' title="bbox 2192 1470 3851 1551">
    <p class='ocr_par' dir='ltr' id='par_1_45' title="bbox 2192 1470 3851 1551">
     <span class='ocr_line' id='line_1_45' title="bbox 2192 1470 3851 1551; baseline 0.001 -25"><span class='ocrx_word' id='word_1_311' title='bbox 2192 1470 2438 1527; x_wconf 84' lang='grc' dir='ltr'>ἀπέδωκε</span> <span class='ocrx_word' id='word_1_312' title='bbox 2471 1470 2587 1527; x_wconf 84' lang='grc' dir='ltr'>δυσὶ</span> <span class='ocrx_word' id='word_1_313' title='bbox 2628 1475 2718 1528; x_wconf 82' lang='grc' dir='ltr'>καὶ</span> <span class='ocrx_word' id='word_1_314' title='bbox 2756 1474 2930 1547; x_wconf 79' lang='grc' dir='ltr'>τρισὶν</span> <span class='ocrx_word' id='word_1_315' title='bbox 2990 1473 3253 1529; x_wconf 83' lang='grc' dir='ltr'>ἀντειπεῖν</span> <span class='ocrx_word' id='word_1_316' title='bbox 3298 1473 3374 1536; x_wconf 86' lang='grc' dir='ltr'>ὡς</span> <span class='ocrx_word' id='word_1_317' title='bbox 3409 1477 3544 1546; x_wconf 84' lang='grc' dir='ltr'>γοῦν</span> <span class='ocrx_word' id='word_1_318' title='bbox 3601 1473 3655 1527; x_wconf 80' lang='grc' dir='ltr'>ἐν</span> <span class='ocrx_word' id='word_1_319' title='bbox 3711 1477 3851 1551; x_wconf 70' lang='grc' dir='ltr'>σχή-</span> 
     </span>
    </p>
   </div>
   <div class='ocr_carea' id='block_1_46' title="bbox 2198 1558 3852 1637">
    <p class='ocr_par' dir='ltr' id='par_1_46' title="bbox 2198 1558 3852 1637">
     <span class='ocr_line' id='line_1_46' title="bbox 2198 1558 3852 1637; baseline 0.001 -22"><span class='ocrx_word' id='word_1_320' title='bbox 2198 1583 2326 1636; x_wconf 83' lang='grc' dir='ltr'>ματι</span> <span class='ocrx_word' id='word_1_321' title='bbox 2359 1560 2659 1637; x_wconf 84' lang='grc' dir='ltr'>διαλόγων,</span> <span class='ocrx_word' id='word_1_322' title='bbox 2700 1565 2862 1635; x_wconf 81' lang='grc' dir='ltr'>ἡμεῖς</span> <span class='ocrx_word' id='word_1_323' title='bbox 2904 1559 2961 1617; x_wconf 74' lang='grc' dir='ltr'>δὲ</span> <span class='ocrx_word' id='word_1_324' title='bbox 2991 1563 3044 1617; x_wconf 73' lang='grc' dir='ltr'>οἱ</span> <span class='ocrx_word' id='word_1_325' title='bbox 3082 1563 3145 1618; x_wconf 85' lang='grc' dir='ltr'>τὸ</span> <span class='ocrx_word' id='word_1_326' title='bbox 3175 1562 3305 1617; x_wconf 78' lang='grc' dir='ltr'>ὅλον</span> <span class='ocrx_word' id='word_1_327' title='bbox 3350 1563 3582 1636; x_wconf 76' lang='grc' dir='ltr'>βοηθεῖν</span> <span class='ocrx_word' id='word_1_328' title='bbox 3637 1558 3852 1637; x_wconf 74' lang='grc' dir='ltr'>ἔχοντες</span> 
     </span>
    </p>
   </div>
   <div class='ocr_carea' id='block_1_47' title="bbox 2192 1650 3847 1726">
    <p class='ocr_par' dir='ltr' id='par_1_47' title="bbox 2192 1650 3847 1726">
     <span class='ocr_line' id='line_1_47' title="bbox 2192 1650 3847 1726; baseline 0.001 -23"><span class='ocrx_word' id='word_1_329' title='bbox 2192 1652 2283 1704; x_wconf 89' lang='grc' dir='ltr'>καὶ</span> <span class='ocrx_word' id='word_1_330' title='bbox 2323 1650 2704 1726; x_wconf 70' lang='grc' dir='ltr'>προῃρημένοι</span> <span class='ocrx_word' id='word_1_331' title='bbox 2755 1654 2918 1724; x_wconf 68' lang='grc'>[1240</span> <span class='ocrx_word' id='word_1_332' title='bbox 2949 1653 3041 1724; x_wconf 81' lang='lat' dir='ltr'>R.]</span> <span class='ocrx_word' id='word_1_333' title='bbox 3088 1653 3163 1723; x_wconf 78' lang='grc' dir='ltr'>μή</span> <span class='ocrx_word' id='word_1_334' title='bbox 3213 1650 3622 1725; x_wconf 78' lang='grc' dir='ltr'>τολμήσωμεν,</span> <span class='ocrx_word' id='word_1_335' title='bbox 3672 1651 3847 1724; x_wconf 75' lang='grc' dir='ltr'>ὥσπερ</span> 
     </span>
    </p>
   </div>
   <div class='ocr_carea' id='block_1_48' title="bbox 2194 1738 3839 1815">
    <p class='ocr_par' dir='ltr' id='par_1_48' title="bbox 2194 1738 3839 1815">
     <span class='ocr_line' id='line_1_48' title="bbox 2194 1738 3839 1815; baseline -0.001 -20"><span class='ocrx_word' id='word_1_336' title='bbox 2194 1742 2410 1795; x_wconf 78' lang='grc' dir='ltr'>τοσαῦτ’</span> <span class='ocrx_word' id='word_1_337' title='bbox 2458 1740 2758 1815; x_wconf 69' lang='grc' dir='ltr'>ἀντιλέγειν</span> <span class='ocrx_word' id='word_1_338' title='bbox 2824 1740 3079 1796; x_wconf 80' lang='grc' dir='ltr'>Πλάτωνι</span> <span class='ocrx_word' id='word_1_339' title='bbox 3138 1738 3280 1809; x_wconf 74' lang='grc' dir='ltr'>δέον,</span> <span class='ocrx_word' id='word_1_340' title='bbox 3338 1740 3521 1795; x_wconf 85' lang='grc' dir='ltr'>ὁπόσα</span> <span class='ocrx_word' id='word_1_341' title='bbox 3580 1740 3635 1794; x_wconf 80' lang='grc' dir='ltr'>ἃν</span> <span class='ocrx_word' id='word_1_342' title='bbox 3686 1741 3839 1801; x_wconf 70' lang='grc' dir='ltr'>αὐτὸς</span> 
     </span>
    </p>
   </div>
   <div class='ocr_carea' id='block_1_49' title="bbox 2122 1802 3843 1910">
    <p class='ocr_par' dir='ltr' id='par_1_49' title="bbox 2122 1802 3843 1910">
     <span class='ocr_line' id='line_1_49' title="bbox 2122 1802 3843 1910; baseline 0 -24"><span class='ocrx_word' id='word_1_343' title='bbox 2122 1802 2165 1865; x_wconf 76' lang='grc' dir='ltr'>Β</span> <span class='ocrx_word' id='word_1_344' title='bbox 2196 1833 2333 1905; x_wconf 84' lang='grc' dir='ltr'>πρὸς</span> <span class='ocrx_word' id='word_1_345' title='bbox 2363 1832 2522 1887; x_wconf 86' lang='grc' dir='ltr'>αύτὸν</span> <span class='ocrx_word' id='word_1_346' title='bbox 2572 1831 2899 1905; x_wconf 79' lang='grc' dir='ltr'>βουληθείη.</span> <span class='ocrx_word' id='word_1_347' title='bbox 2953 1832 3194 1888; x_wconf 81' lang='grc' dir='ltr'>Ἀτοπον</span> <span class='ocrx_word' id='word_1_348' title='bbox 3244 1829 3301 1886; x_wconf 84' lang='grc' dir='ltr'>δέ</span> <span class='ocrx_word' id='word_1_349' title='bbox 3342 1853 3438 1903; x_wconf 87' lang='grc' dir='ltr'>μοι</span> <span class='ocrx_word' id='word_1_350' title='bbox 3490 1833 3738 1910; x_wconf 73' lang='grc' dir='ltr'>φαίνεται</span> <span class='ocrx_word' id='word_1_351' title='bbox 3782 1834 3843 1898; x_wconf 69' lang='grc'>³³,</span> 
     </span>
    </p>
   </div>
   <div class='ocr_carea' id='block_1_50' title="bbox 2200 1918 3844 1997">
    <p class='ocr_par' dir='ltr' id='par_1_50' title="bbox 2200 1918 3844 1997">
     <span class='ocr_line' id='line_1_50' title="bbox 2200 1918 3844 1997; baseline -0.001 -21"><span class='ocrx_word' id='word_1_352' title='bbox 2200 1923 2244 1976; x_wconf 78' lang='grc' dir='ltr'>εἰ</span> <span class='ocrx_word' id='word_1_353' title='bbox 2278 1920 2508 1978; x_wconf 82' lang='grc' dir='ltr'>Ηλάτων</span> <span class='ocrx_word' id='word_1_354' title='bbox 2542 1922 2635 1994; x_wconf 77' lang='grc' dir='ltr'>μὶν</span> <span class='ocrx_word' id='word_1_355' title='bbox 2666 1921 2762 1976; x_wconf 80' lang='grc' dir='ltr'>οὐκ</span> <span class='ocrx_word' id='word_1_356' title='bbox 2792 1918 2995 1995; x_wconf 72' lang='grc' dir='ltr'>ᾐδέσθη</span> <span class='ocrx_word' id='word_1_357' title='bbox 3030 1920 3205 1996; x_wconf 72' lang='grc' dir='ltr'>ψέγων</span> <span class='ocrx_word' id='word_1_358' title='bbox 3235 1920 3565 1997; x_wconf 76' lang='grc' dir='ltr'>ῥητορικήν,</span> <span class='ocrx_word' id='word_1_359' title='bbox 3611 1926 3679 1990; x_wconf 76' lang='grc' dir='ltr'>ἧς</span> <span class='ocrx_word' id='word_1_360' title='bbox 3728 1921 3844 1983; x_wconf 75' lang='grc' dir='ltr'>ἴσως</span> 
     </span>
    </p>
   </div>
   <div class='ocr_carea' id='block_1_51' title="bbox 2198 2007 3842 2085">
    <p class='ocr_par' dir='ltr' id='par_1_51' title="bbox 2198 2007 3842 2085">
     <span class='ocr_line' id='line_1_51' title="bbox 2198 2007 3842 2085; baseline 0 -19"><span class='ocrx_word' id='word_1_361' title='bbox 2198 2034 2249 2067; x_wconf 92' lang='grc' dir='ltr'>τι</span> <span class='ocrx_word' id='word_1_362' title='bbox 2293 2013 2338 2047; x_wconf 76' lang='grc'><strong>³³</strong></span> <span class='ocrx_word' id='word_1_363' title='bbox 2384 2011 2474 2065; x_wconf 83' lang='grc' dir='ltr'>καὶ</span> <span class='ocrx_word' id='word_1_364' title='bbox 2523 2012 2672 2082; x_wconf 86' lang='grc' dir='ltr'>αύτῷ</span> <span class='ocrx_word' id='word_1_365' title='bbox 2724 2014 2914 2083; x_wconf 80' lang='grc' dir='ltr'>μετῆν,</span> <span class='ocrx_word' id='word_1_366' title='bbox 2964 2013 3130 2083; x_wconf 79' lang='grc' dir='ltr'>ἡμεῖς</span> <span class='ocrx_word' id='word_1_367' title='bbox 3185 2007 3232 2063; x_wconf 86' lang='grc' dir='ltr'>δ’</span> <span class='ocrx_word' id='word_1_368' title='bbox 3281 2011 3670 2085; x_wconf 71' lang='grc' dir='ltr'>αἰσχυνόμεθα</span> <span class='ocrx_word' id='word_1_369' title='bbox 3726 2013 3842 2085; x_wconf 68' lang='grc' dir='ltr'>ὑπὲρ</span> 
     </span>
    </p>
   </div>
   <div class='ocr_carea' id='block_1_52' title="bbox 2201 2097 3839 2176">
    <p class='ocr_par' dir='ltr' id='par_1_52' title="bbox 2201 2097 3839 2176">
     <span class='ocr_line' id='line_1_52' title="bbox 2201 2097 3839 2176; baseline 0.001 -21"><span class='ocrx_word' id='word_1_370' title='bbox 2201 2102 2499 2174; x_wconf 79' lang='grc' dir='ltr'>ῥητορικῆς</span> <span class='ocrx_word' id='word_1_371' title='bbox 2545 2098 2817 2173; x_wconf 73' lang='grc' dir='ltr'>λέγοντες,</span> <span class='ocrx_word' id='word_1_372' title='bbox 2885 2102 2962 2173; x_wconf 76' lang='grc' dir='ltr'>μή</span> <span class='ocrx_word' id='word_1_373' title='bbox 3022 2120 3102 2160; x_wconf 87' lang='grc' dir='ltr'>τις</span> <span class='ocrx_word' id='word_1_374' title='bbox 3158 2097 3202 2153; x_wconf 75' lang='grc' dir='ltr'>δ’</span> <span class='ocrx_word' id='word_1_375' title='bbox 3263 2097 3468 2154; x_wconf 76' lang='grc' dir='ltr'>ἐκεῖνον</span> <span class='ocrx_word' id='word_1_376' title='bbox 3529 2101 3839 2176; x_wconf 72' lang='grc' dir='ltr'>ἀχθεσθείη.</span> 
     </span>
    </p>
   </div>
   <div class='ocr_carea' id='block_1_53' title="bbox 2200 2184 3841 2263">
    <p class='ocr_par' dir='ltr' id='par_1_53' title="bbox 2200 2184 3841 2263">
     <span class='ocr_line' id='line_1_53' title="bbox 2200 2184 3841 2263; baseline -0.002 -19"><span class='ocrx_word' id='word_1_377' title='bbox 2200 2188 2380 2263; x_wconf 82' lang='grc' dir='ltr'>Χωρὶς</span> <span class='ocrx_word' id='word_1_378' title='bbox 2422 2185 2479 2242; x_wconf 72' lang='grc' dir='ltr'>δὲ</span> <span class='ocrx_word' id='word_1_379' title='bbox 2505 2195 2732 2255; x_wconf 77' lang='grc' dir='ltr'>τούτων,</span> <span class='ocrx_word' id='word_1_380' title='bbox 2787 2188 2831 2241; x_wconf 82' lang='grc' dir='ltr'>εἰ</span> <span class='ocrx_word' id='word_1_381' title='bbox 2889 2188 2981 2261; x_wconf 76' lang='grc' dir='ltr'>μὲν</span> <span class='ocrx_word' id='word_1_382' title='bbox 3042 2184 3211 2261; x_wconf 70' lang='grc' dir='ltr'>μηδὲν</span> <span class='ocrx_word' id='word_1_383' title='bbox 3257 2188 3521 2242; x_wconf 81' lang='grc' dir='ltr'>ἀντειπεῖν</span> <span class='ocrx_word' id='word_1_384' title='bbox 3578 2186 3684 2259; x_wconf 80' lang='grc' dir='ltr'>δεῖ,</span> <span class='ocrx_word' id='word_1_385' title='bbox 3732 2188 3841 2243; x_wconf 72' lang='grc' dir='ltr'>ἀλλ’</span> 
     </span>
    </p>
   </div>
   <div class='ocr_carea' id='block_1_54' title="bbox 2202 2275 3846 2351">
    <p class='ocr_par' dir='ltr' id='par_1_54' title="bbox 2202 2275 3846 2351">
     <span class='ocr_line' id='line_1_54' title="bbox 2202 2275 3846 2351; baseline -0.001 -20"><span class='ocrx_word' id='word_1_386' title='bbox 2202 2277 2414 2350; x_wconf 73' lang='grc' dir='ltr'>ἐρήμην</span> <span class='ocrx_word' id='word_1_387' title='bbox 2483 2276 2778 2331; x_wconf 69' lang='grc' dir='ltr'>ἑαλωκέναι</span> <span class='ocrx_word' id='word_1_388' title='bbox 2867 2276 3105 2351; x_wconf 75' lang='grc' dir='ltr'>καθάπερ</span> <span class='ocrx_word' id='word_1_389' title='bbox 3200 2276 3252 2330; x_wconf 75' lang='grc' dir='ltr'>ἒν</span> <span class='ocrx_word' id='word_1_390' title='bbox 3329 2275 3703 2351; x_wconf 72' lang='grc' dir='ltr'>δικαστηρίῳ,</span> <span class='ocrx_word' id='word_1_391' title='bbox 3767 2277 3846 2332; x_wconf 79' lang='grc' dir='ltr'>καὶ</span> 
     </span>
    </p>
   </div>
   <div class='ocr_carea' id='block_1_55' title="bbox 2198 2364 3841 2442">
    <p class='ocr_par' dir='ltr' id='par_1_55' title="bbox 2198 2364 3841 2442">
     <span class='ocr_line' id='line_1_55' title="bbox 2198 2364 3841 2442; baseline -0.001 -21"><span class='ocrx_word' id='word_1_392' title='bbox 2198 2371 2364 2422; x_wconf 88' lang='grc' dir='ltr'>ταῦτα</span> <span class='ocrx_word' id='word_1_393' title='bbox 2402 2370 2449 2402; x_wconf 67' lang='grc'>⁸⁸</span> <span class='ocrx_word' id='word_1_394' title='bbox 2479 2365 2658 2442; x_wconf 87' lang='grc' dir='ltr'>λόγων</span> <span class='ocrx_word' id='word_1_395' title='bbox 2684 2367 2883 2441; x_wconf 71' lang='grc' dir='ltr'>τεχνην</span> <span class='ocrx_word' id='word_1_396' title='bbox 2927 2364 3115 2438; x_wconf 70' lang='grc' dir='ltr'>οὖσαν,</span> <span class='ocrx_word' id='word_1_397' title='bbox 3164 2365 3305 2421; x_wconf 77' lang='grc' dir='ltr'>ἄλλο</span> <span class='ocrx_word' id='word_1_398' title='bbox 3358 2387 3409 2420; x_wconf 90' lang='grc' dir='ltr'>τι</span> <span class='ocrx_word' id='word_1_399' title='bbox 3455 2370 3615 2422; x_wconf 81' lang='grc' dir='ltr'>τοῦτ’</span> <span class='ocrx_word' id='word_1_400' title='bbox 3664 2368 3724 2423; x_wconf 68' lang='grc' dir='ltr'>ἂν</span> <span class='ocrx_word' id='word_1_401' title='bbox 3769 2367 3841 2436; x_wconf 67' lang='grc' dir='ltr'>εἴη</span> 
     </span>
    </p>
   </div>
   <div class='ocr_carea' id='block_1_56' title="bbox 2197 2452 3842 2530">
    <p class='ocr_par' dir='ltr' id='par_1_56' title="bbox 2197 2452 3842 2530">
     <span class='ocr_line' id='line_1_56' title="bbox 2197 2452 3842 2530; baseline 0 -20"><span class='ocrx_word' id='word_1_402' title='bbox 2197 2454 2568 2529; x_wconf 85' lang='grc' dir='ltr'>τούπίταγμα.</span> <span class='ocrx_word' id='word_1_403' title='bbox 2600 2455 2665 2512; x_wconf 79' lang='grc' dir='ltr'>Εἰ</span> <span class='ocrx_word' id='word_1_404' title='bbox 2697 2453 2744 2509; x_wconf 84' lang='grc' dir='ltr'>δ’</span> <span class='ocrx_word' id='word_1_405' title='bbox 2794 2452 2934 2510; x_wconf 80' lang='grc' dir='ltr'>ἔστιν</span> <span class='ocrx_word' id='word_1_406' title='bbox 2986 2454 3166 2509; x_wconf 73' lang='grc' dir='ltr'>ὅντινα</span> <span class='ocrx_word' id='word_1_407' title='bbox 3217 2454 3317 2524; x_wconf 81' lang='grc' dir='ltr'>δεῖ,</span> <span class='ocrx_word' id='word_1_408' title='bbox 3372 2455 3573 2530; x_wconf 82' lang='grc' dir='ltr'>σχεδὸν</span> <span class='ocrx_word' id='word_1_409' title='bbox 3622 2461 3757 2530; x_wconf 69' lang='grc' dir='ltr'>ἡμῖν</span> <span class='ocrx_word' id='word_1_410' title='bbox 3792 2460 3842 2510; x_wconf 71' lang='grc' dir='ltr'>ἂν</span> 
     </span>
    </p>
   </div>
   <div class='ocr_carea' id='block_1_57' title="bbox 2198 2541 3843 2619">
    <p class='ocr_par' dir='ltr' id='par_1_57' title="bbox 2198 2541 3843 2619">
     <span class='ocr_line' id='line_1_57' title="bbox 2198 2541 3843 2619; baseline 0.001 -20"><span class='ocrx_word' id='word_1_411' title='bbox 2198 2544 2395 2619; x_wconf 70' lang='grc' dir='ltr'>πρέποι</span> <span class='ocrx_word' id='word_1_412' title='bbox 2425 2547 2489 2613; x_wconf 72' lang='grc'>³⁸,</span> <span class='ocrx_word' id='word_1_413' title='bbox 2518 2542 2622 2598; x_wconf 72' lang='grc' dir='ltr'>’ίναρ</span> <span class='ocrx_word' id='word_1_414' title='bbox 2658 2544 2747 2599; x_wconf 84' lang='grc' dir='ltr'>καὶ</span> <span class='ocrx_word' id='word_1_415' title='bbox 2792 2545 2853 2598; x_wconf 90' lang='grc' dir='ltr'>τὸ</span> <span class='ocrx_word' id='word_1_416' title='bbox 2906 2541 3115 2598; x_wconf 81' lang='grc' dir='ltr'>δίκαιον</span> <span class='ocrx_word' id='word_1_417' title='bbox 3160 2544 3319 2604; x_wconf 77' lang='grc' dir='ltr'>εὐθὺς</span> <span class='ocrx_word' id='word_1_418' title='bbox 3372 2544 3423 2598; x_wconf 80' lang='grc' dir='ltr'>ἐν</span> <span class='ocrx_word' id='word_1_419' title='bbox 3479 2544 3633 2617; x_wconf 66' lang='grc' dir='ltr'>αὐτῷ</span> <span class='ocrx_word' id='word_1_420' title='bbox 3682 2547 3843 2616; x_wconf 73' lang='grc' dir='ltr'>τούτῳ</span> 
     </span>
    </p>
   </div>
   <div class='ocr_carea' id='block_1_58' title="bbox 2198 2630 3845 2709">
    <p class='ocr_par' dir='ltr' id='par_1_58' title="bbox 2198 2630 3845 2709">
     <span class='ocr_line' id='line_1_58' title="bbox 2198 2630 3845 2709; baseline -0.001 -20"><span class='ocrx_word' id='word_1_421' title='bbox 2198 2636 2400 2709; x_wconf 86' lang='grc' dir='ltr'>πρώτῳ</span> <span class='ocrx_word' id='word_1_422' title='bbox 2433 2631 2713 2705; x_wconf 77' lang='grc' dir='ltr'>δείξωμεν,</span> <span class='ocrx_word' id='word_1_423' title='bbox 2752 2634 2812 2687; x_wconf 77' lang='grc' dir='ltr'>οὗ</span> <span class='ocrx_word' id='word_1_424' title='bbox 2844 2634 3278 2705; x_wconf 79' lang='grc' dir='ltr'>προεστήκαμεν·</span> <span class='ocrx_word' id='word_1_425' title='bbox 3332 2635 3406 2694; x_wconf 85' lang='grc' dir='ltr'>ὡς</span> <span class='ocrx_word' id='word_1_426' title='bbox 3452 2630 3597 2688; x_wconf 79' lang='grc' dir='ltr'>ἔστιν</span> <span class='ocrx_word' id='word_1_427' title='bbox 3654 2634 3717 2689; x_wconf 84' lang='grc' dir='ltr'>ού</span> <span class='ocrx_word' id='word_1_428' title='bbox 3765 2634 3845 2689; x_wconf 76' lang='grc' dir='ltr'>λό-</span> 
     </span>
    </p>
   </div>
   <div class='ocr_carea' id='block_1_59' title="bbox 2194 2720 3841 2798">
    <p class='ocr_par' dir='ltr' id='par_1_59' title="bbox 2194 2720 3841 2798">
     <span class='ocr_line' id='line_1_59' title="bbox 2194 2720 3841 2798; baseline -0.001 -21"><span class='ocrx_word' id='word_1_429' title='bbox 2194 2744 2287 2798; x_wconf 90' lang='grc' dir='ltr'>γον</span> <span class='ocrx_word' id='word_1_430' title='bbox 2320 2727 2516 2792; x_wconf 76' lang='grc' dir='ltr'>σῶζον,</span> <span class='ocrx_word' id='word_1_431' title='bbox 2548 2725 2676 2795; x_wconf 87' lang='grc' dir='ltr'>παρ’</span> <span class='ocrx_word' id='word_1_432' title='bbox 2703 2725 2770 2790; x_wconf 72' lang='grc' dir='ltr'>ἧς</span> <span class='ocrx_word' id='word_1_433' title='bbox 2811 2722 2873 2777; x_wconf 84' lang='grc' dir='ltr'>τὸ</span> <span class='ocrx_word' id='word_1_434' title='bbox 2902 2727 3019 2783; x_wconf 85' lang='grc' dir='ltr'>τοῖς</span> <span class='ocrx_word' id='word_1_435' title='bbox 3052 2720 3247 2783; x_wconf 74' lang='grc' dir='ltr'>ἄλλοις</span> <span class='ocrx_word' id='word_1_436' title='bbox 3282 2723 3668 2797; x_wconf 71' lang='grc' dir='ltr'>συναγορεύειν</span> <span class='ocrx_word' id='word_1_437' title='bbox 3722 2724 3841 2788; x_wconf 78' lang='grc' dir='ltr'>ἐστὶ,</span> 
     </span>
    </p>
   </div>
   <div class='ocr_carea' id='block_1_60' title="bbox 2193 2808 3840 2886">
    <p class='ocr_par' dir='ltr' id='par_1_60' title="bbox 2193 2808 3840 2886">
     <span class='ocr_line' id='line_1_60' title="bbox 2193 2808 3840 2886; baseline 0 -21"><span class='ocrx_word' id='word_1_438' title='bbox 2193 2812 2360 2886; x_wconf 80' lang='grc' dir='ltr'>ταύτῃ</span> <span class='ocrx_word' id='word_1_439' title='bbox 2405 2816 2511 2865; x_wconf 77' lang='grc' dir='ltr'>τῶν</span> <span class='ocrx_word' id='word_1_440' title='bbox 2559 2812 2685 2885; x_wconf 81' lang='grc' dir='ltr'>παρ’</span> <span class='ocrx_word' id='word_1_441' title='bbox 2740 2811 2910 2879; x_wconf 76' lang='grc' dir='ltr'>αὐτῆς</span> <span class='ocrx_word' id='word_1_442' title='bbox 2955 2812 3031 2883; x_wconf 80' lang='grc' dir='ltr'>μὴ</span> <span class='ocrx_word' id='word_1_443' title='bbox 3092 2808 3439 2882; x_wconf 83' lang='grc' dir='ltr'>μεταδοῦναι,</span> <span class='ocrx_word' id='word_1_444' title='bbox 3502 2812 3654 2868; x_wconf 71' lang='grc' dir='ltr'>ἀλλὰ</span> <span class='ocrx_word' id='word_1_445' title='bbox 3712 2812 3840 2868; x_wconf 74' lang='grc' dir='ltr'>δυεῖν</span> 
     </span>
    </p>
   </div>
   <div class='ocr_carea' id='block_1_61' title="bbox 2201 2897 3838 2975">
    <p class='ocr_par' dir='ltr' id='par_1_61' title="bbox 2201 2897 3838 2975">
     <span class='ocr_line' id='line_1_61' title="bbox 2201 2897 3838 2975; baseline 0 -19"><span class='ocrx_word' id='word_1_446' title='bbox 2201 2902 2440 2975; x_wconf 76' lang='grc' dir='ltr'>θάτερον,</span> <span class='ocrx_word' id='word_1_447' title='bbox 2472 2897 2509 2970; x_wconf 72' lang='grc' dir='ltr'>ἤ</span> <span class='ocrx_word' id='word_1_448' title='bbox 2538 2904 2784 2956; x_wconf 88' lang='grc' dir='ltr'>τοιοῦτον</span> <span class='ocrx_word' id='word_1_449' title='bbox 2823 2901 2953 2954; x_wconf 77' lang='grc' dir='ltr'>εἶναι</span> <span class='ocrx_word' id='word_1_450' title='bbox 2994 2897 3169 2955; x_wconf 85' lang='grc' dir='ltr'>δοκεῖν</span> <span class='ocrx_word' id='word_1_451' title='bbox 3220 2900 3391 2971; x_wconf 71' lang='grc' dir='ltr'>αὐτὴν</span> <span class='ocrx_word' id='word_1_452' title='bbox 3443 2904 3564 2956; x_wconf 85' lang='grc' dir='ltr'>οἷον</span> <span class='ocrx_word' id='word_1_453' title='bbox 3616 2904 3664 2938; x_wconf 74' lang='grc'>³⁵</span> <span class='ocrx_word' id='word_1_454' title='bbox 3708 2902 3838 2958; x_wconf 64' lang='grc' dir='ltr'>Πλά-</span> 
     </span>
    </p>
   </div>
   <div class='ocr_carea' id='block_1_62' title="bbox 2192 2986 3841 3065">
    <p class='ocr_par' dir='ltr' id='par_1_62' title="bbox 2192 2986 3841 3065">
     <span class='ocr_line' id='line_1_62' title="bbox 2192 2986 3841 3065; baseline -0.002 -19"><span class='ocrx_word' id='word_1_455' title='bbox 2192 3012 2300 3046; x_wconf 90' lang='grc' dir='ltr'>των</span> <span class='ocrx_word' id='word_1_456' title='bbox 2347 2986 2700 3065; x_wconf 78' lang='grc' dir='ltr'>βεὸούληται,</span> <span class='ocrx_word' id='word_1_457' title='bbox 2739 2990 3048 3059; x_wconf 66' lang='grc' dir='ltr'>ἢτοιοῦτόν</span> <span class='ocrx_word' id='word_1_458' title='bbox 3074 2991 3124 3064; x_wconf 90' lang='grc' dir='ltr'>γ’</span> <span class='ocrx_word' id='word_1_459' title='bbox 3175 2992 3218 3025; x_wconf 74' lang='grc'>³⁷</span> <span class='ocrx_word' id='word_1_460' title='bbox 3269 2990 3407 3045; x_wconf 77' lang='grc' dir='ltr'>εἶναι</span> <span class='ocrx_word' id='word_1_461' title='bbox 3458 2989 3637 3045; x_wconf 78' lang='grc' dir='ltr'>δοκεῖν</span> <span class='ocrx_word' id='word_1_462' title='bbox 3678 2998 3841 3059; x_wconf 78' lang='grc' dir='ltr'>ποιῆ-</span> 
     </span>
    </p>
   </div>
   <div class='ocr_carea' id='block_1_63' title="bbox 2195 3077 3830 3155">
    <p class='ocr_par' dir='ltr' id='par_1_63' title="bbox 2195 3077 3830 3155">
     <span class='ocr_line' id='line_1_63' title="bbox 2195 3077 3830 3155; baseline -0.001 -21"><span class='ocrx_word' id='word_1_463' title='bbox 2195 3100 2307 3137; x_wconf 87' lang='grc' dir='ltr'>σαι.</span> <span class='ocrx_word' id='word_1_464' title='bbox 2356 3080 2435 3136; x_wconf 88' lang='grc' dir='ltr'>Ού</span> <span class='ocrx_word' id='word_1_465' title='bbox 2478 3080 2583 3153; x_wconf 83' lang='grc' dir='ltr'>γάρ</span> <span class='ocrx_word' id='word_1_466' title='bbox 2634 3077 2773 3132; x_wconf 81' lang='grc' dir='ltr'>ἐστιν</span> <span class='ocrx_word' id='word_1_467' title='bbox 2822 3078 2877 3132; x_wconf 84' lang='grc' dir='ltr'>’ὲν</span> <span class='ocrx_word' id='word_1_468' title='bbox 2926 3082 3088 3132; x_wconf 88' lang='grc' dir='ltr'>τοῦτο</span> <span class='ocrx_word' id='word_1_469' title='bbox 3122 3079 3167 3115; x_wconf 73' lang='grc'>²⁸</span> <span class='ocrx_word' id='word_1_470' title='bbox 3198 3080 3226 3133; x_wconf 88' lang='grc' dir='ltr'>’ὀ</span> <span class='ocrx_word' id='word_1_471' title='bbox 3260 3085 3565 3155; x_wconf 85' lang='grc' dir='ltr'>πανταχοῦ,</span> <span class='ocrx_word' id='word_1_472' title='bbox 3612 3083 3688 3134; x_wconf 76' lang='grc' dir='ltr'>ὅτι</span> <span class='ocrx_word' id='word_1_473' title='bbox 3738 3080 3830 3140; x_wconf 68' lang='grc' dir='ltr'>τὰς</span> 
     </span>
    </p>
   </div>
   <div class='ocr_carea' id='block_1_64' title="bbox 435 3165 3837 3255">
    <p class='ocr_par' dir='ltr' id='par_1_64' title="bbox 435 3165 3837 3255">
     <span class='ocr_line' id='line_1_64' title="bbox 435 3165 3837 3255; baseline -0.004 -20"><span class='ocrx_word' id='word_1_474' title='bbox 435 3181 607 3243; x_wconf 79' lang='grc' dir='ltr'>αἰτίας</span> <span class='ocrx_word' id='word_1_475' title='bbox 637 3184 671 3251; x_wconf 78' lang='grc' dir='ltr'><strong>ἡ</strong></span> <span class='ocrx_word' id='word_1_476' title='bbox 706 3181 884 3250; x_wconf 75' lang='grc' dir='ltr'>σιωπὴ</span> <span class='ocrx_word' id='word_1_477' title='bbox 920 3175 1152 3255; x_wconf 78' lang='grc' dir='ltr'>βεϐαιοῖ·</span> <span class='ocrx_word' id='word_1_478' title='bbox 1184 3178 1313 3235; x_wconf 79' lang='grc' dir='ltr'>ἀλλ’</span> <span class='ocrx_word' id='word_1_479' title='bbox 1354 3174 1470 3250; x_wconf 70' lang='grc' dir='ltr'>ἅμα</span> <span class='ocrx_word' id='word_1_480' title='bbox 1520 3177 1630 3232; x_wconf 83' lang='grc' dir='ltr'>τῶν</span> <span class='ocrx_word' id='word_1_481' title='bbox 1672 3196 1731 3232; x_wconf 89' lang='grc' dir='ltr'>τε</span> <span class='ocrx_word' id='word_1_482' title='bbox 1785 3174 2009 3231; x_wconf 85' lang='grc' dir='ltr'>δικαίων</span> <span class='ocrx_word' id='word_1_483' title='bbox 2066 3173 2128 3230; x_wconf 87' lang='grc' dir='ltr'>ού</span> <span class='ocrx_word' id='word_1_484' title='bbox 2183 3168 2441 3240; x_wconf 82' lang='grc' dir='ltr'>τεύξεται,</span> <span class='ocrx_word' id='word_1_485' title='bbox 2492 3168 2582 3222; x_wconf 84' lang='grc' dir='ltr'>καὶ</span> <span class='ocrx_word' id='word_1_486' title='bbox 2632 3168 2693 3222; x_wconf 88' lang='grc' dir='ltr'>τὸ</span> <span class='ocrx_word' id='word_1_487' title='bbox 2744 3168 2938 3241; x_wconf 87' lang='grc' dir='ltr'>σεμνὸν</span> <span class='ocrx_word' id='word_1_488' title='bbox 2990 3168 3162 3236; x_wconf 79' lang='grc' dir='ltr'>αὐτῆς</span> <span class='ocrx_word' id='word_1_489' title='bbox 3212 3165 3293 3223; x_wconf 81' lang='grc' dir='ltr'>ἐπ’</span> <span class='ocrx_word' id='word_1_490' title='bbox 3354 3169 3514 3236; x_wconf 73' lang='grc' dir='ltr'>αὐτῆς</span> <span class='ocrx_word' id='word_1_491' title='bbox 3564 3169 3609 3204; x_wconf 84' lang='grc'>²⁹</span> <span class='ocrx_word' id='word_1_492' title='bbox 3654 3166 3837 3238; x_wconf 78' lang='grc' dir='ltr'>ἐξελῆ-</span> 
     </span>
    </p>
   </div>
   <div class='ocr_carea' id='block_1_65' title="bbox 436 3263 2061 3347">
    <p class='ocr_par' dir='ltr' id='par_1_65' title="bbox 436 3263 2061 3347">
     <span class='ocr_line' id='line_1_65' title="bbox 436 3263 2061 3347; baseline -0.003 -21"><span class='ocrx_word' id='word_1_493' title='bbox 436 3270 684 3347; x_wconf 88' lang='grc' dir='ltr'>λεγκται.</span> <span class='ocrx_word' id='word_1_494' title='bbox 718 3270 866 3340; x_wconf 84' lang='grc' dir='ltr'>Δόξει</span> <span class='ocrx_word' id='word_1_495' title='bbox 895 3268 997 3345; x_wconf 72' lang='grc' dir='ltr'>γὰρ</span> <span class='ocrx_word' id='word_1_496' title='bbox 1031 3268 1138 3343; x_wconf 79' lang='grc' dir='ltr'>οὐχ</span> <span class='ocrx_word' id='word_1_497' title='bbox 1169 3269 1260 3322; x_wconf 78' lang='grc' dir='ltr'>οἳα</span> <span class='ocrx_word' id='word_1_498' title='bbox 1289 3288 1347 3322; x_wconf 91' lang='grc' dir='ltr'>τε</span> <span class='ocrx_word' id='word_1_499' title='bbox 1378 3266 1509 3321; x_wconf 77' lang='grc' dir='ltr'>εἶναι</span> <span class='ocrx_word' id='word_1_500' title='bbox 1543 3267 1733 3335; x_wconf 85' lang='grc' dir='ltr'>σώζειν</span> <span class='ocrx_word' id='word_1_501' title='bbox 1760 3265 1828 3320; x_wconf 79' lang='grc' dir='ltr'>τὰ</span> <span class='ocrx_word' id='word_1_502' title='bbox 1858 3263 2061 3321; x_wconf 88' lang='grc' dir='ltr'>δίκαια.</span> 
     </span>
    </p>
   </div>
   <div class='ocr_carea' id='block_1_66' title="bbox 509 3356 2166 3430">
    <p class='ocr_par' dir='ltr' id='par_1_66' title="bbox 509 3356 2166 3430">
     <span class='ocr_line' id='line_1_66' title="bbox 509 3356 2166 3430; baseline -0.005 -14"><span class='ocrx_word' id='word_1_503' title='bbox 509 3364 570 3417; x_wconf 92' lang='lat' dir='ltr'>In</span> <span class='ocrx_word' id='word_1_504' title='bbox 602 3361 693 3416; x_wconf 91' lang='lat' dir='ltr'>his</span> <span class='ocrx_word' id='word_1_505' title='bbox 723 3361 885 3415; x_wconf 91' lang='lat' dir='ltr'>nulla</span> <span class='ocrx_word' id='word_1_506' title='bbox 926 3375 1171 3430; x_wconf 91' lang='lat' dir='ltr'>prorsus</span> <span class='ocrx_word' id='word_1_507' title='bbox 1212 3358 1363 3413; x_wconf 89' lang='lat' dir='ltr'>inest</span> <span class='ocrx_word' id='word_1_508' title='bbox 1391 3356 1838 3424; x_wconf 88' lang='lat' dir='ltr'>demonstratio,</span> <span class='ocrx_word' id='word_1_509' title='bbox 1871 3371 1976 3409; x_wconf 89' lang='lat' dir='ltr'>nec</span> <span class='ocrx_word' id='word_1_510' title='bbox 1997 3371 2091 3409; x_wconf 88' lang='lat' dir='ltr'>ar-</span> <span class='ocrx_word' id='word_1_511' title='bbox 2124 3357 2166 3424; x_wconf 73' lang='grc' dir='ltr'><em>ε</em></span> 
     </span>
    </p>
   </div>
   <div class='ocr_carea' id='block_1_67' title="bbox 435 3445 2080 3525">
    <p class='ocr_par' dir='ltr' id='par_1_67' title="bbox 435 3445 2080 3525">
     <span class='ocr_line' id='line_1_67' title="bbox 435 3445 2080 3525; baseline -0.005 -17"><span class='ocrx_word' id='word_1_512' title='bbox 435 3455 781 3525; x_wconf 81' lang='lat' dir='ltr'>gumentum</span> <span class='ocrx_word' id='word_1_513' title='bbox 814 3448 1228 3514; x_wconf 89' lang='lat' dir='ltr'>necessarium,</span> <span class='ocrx_word' id='word_1_514' title='bbox 1254 3448 1353 3502; x_wconf 89' lang='lat' dir='ltr'>sed</span> <span class='ocrx_word' id='word_1_515' title='bbox 1384 3461 1485 3516; x_wconf 91' lang='lat' dir='ltr'>pro</span> <span class='ocrx_word' id='word_1_516' title='bbox 1517 3445 1809 3500; x_wconf 89' lang='lat' dir='ltr'>concessis</span> <span class='ocrx_word' id='word_1_517' title='bbox 1841 3460 2080 3500; x_wconf 89' lang='lat' dir='ltr'>sumun-</span> 
     </span>
    </p>
   </div>
   <div class='ocr_carea' id='block_1_68' title="bbox 434 3532 2080 3612">
    <p class='ocr_par' dir='ltr' id='par_1_68' title="bbox 434 3532 2080 3612">
     <span class='ocr_line' id='line_1_68' title="bbox 434 3532 2080 3612; baseline -0.007 -15"><span class='ocrx_word' id='word_1_518' title='bbox 434 3546 553 3609; x_wconf 85' lang='lat' dir='ltr'>tur,</span> <span class='ocrx_word' id='word_1_519' title='bbox 585 3542 656 3597; x_wconf 91' lang='lat' dir='ltr'>de</span> <span class='ocrx_word' id='word_1_520' title='bbox 700 3538 915 3612; x_wconf 89' lang='lat' dir='ltr'>quibus</span> <span class='ocrx_word' id='word_1_521' title='bbox 959 3542 1083 3594; x_wconf 90' lang='lat' dir='ltr'>erat</span> <span class='ocrx_word' id='word_1_522' title='bbox 1122 3536 1284 3608; x_wconf 89' lang='lat' dir='ltr'>prius</span> <span class='ocrx_word' id='word_1_523' title='bbox 1328 3535 1773 3605; x_wconf 87' lang='lat' dir='ltr'>disputandum,</span> <span class='ocrx_word' id='word_1_524' title='bbox 1807 3532 1976 3605; x_wconf 89' lang='lat' dir='ltr'>quasi</span> <span class='ocrx_word' id='word_1_525' title='bbox 2008 3533 2080 3587; x_wconf 90' lang='lat' dir='ltr'>ab</span> 
     </span>
    </p>
   </div>
   <div class='ocr_carea' id='block_1_69' title="bbox 436 3622 2085 3697">
    <p class='ocr_par' dir='ltr' id='par_1_69' title="bbox 436 3622 2085 3697">
     <span class='ocr_line' id='line_1_69' title="bbox 436 3622 2085 3697; baseline -0.006 -9"><span class='ocrx_word' id='word_1_526' title='bbox 436 3631 803 3690; x_wconf 84' lang='lat' dir='ltr'>auditoribus</span> <span class='ocrx_word' id='word_1_527' title='bbox 834 3645 898 3683; x_wconf 90' lang='lat' dir='ltr'>ea</span> <span class='ocrx_word' id='word_1_528' title='bbox 947 3627 1057 3683; x_wconf 90' lang='lat' dir='ltr'>sibi</span> <span class='ocrx_word' id='word_1_529' title='bbox 1100 3625 1227 3683; x_wconf 89' lang='lat' dir='ltr'>dari</span> <span class='ocrx_word' id='word_1_530' title='bbox 1273 3624 1550 3697; x_wconf 88' lang='lat' dir='ltr'>petiisset.</span> <span class='ocrx_word' id='word_1_531' title='bbox 1602 3622 1776 3694; x_wconf 80' lang='lat' dir='ltr'>Atqui</span> <span class='ocrx_word' id='word_1_532' title='bbox 1820 3622 1869 3679; x_wconf 87' lang='lat' dir='ltr'>si</span> <span class='ocrx_word' id='word_1_533' title='bbox 1914 3639 1982 3677; x_wconf 91' lang='lat' dir='ltr'>ea</span> <span class='ocrx_word' id='word_1_534' title='bbox 2012 3622 2085 3678; x_wconf 89' lang='lat' dir='ltr'>de</span> 
     </span>
    </p>
   </div>
   <div class='ocr_carea' id='block_1_70' title="bbox 436 3712 2084 3793">
    <p class='ocr_par' dir='ltr' id='par_1_70' title="bbox 436 3712 2084 3793">
     <span class='ocr_line' id='line_1_70' title="bbox 436 3712 2084 3793; baseline -0.005 -17"><span class='ocrx_word' id='word_1_535' title='bbox 436 3719 647 3793; x_wconf 88' lang='lat' dir='ltr'>quibus</span> <span class='ocrx_word' id='word_1_536' title='bbox 672 3719 952 3791; x_wconf 72' lang='lat' dir='ltr'>quaeritur</span> <span class='ocrx_word' id='word_1_537' title='bbox 968 3716 1275 3772; x_wconf 90' lang='lat' dir='ltr'>ridiculum</span> <span class='ocrx_word' id='word_1_538' title='bbox 1296 3717 1385 3770; x_wconf 89' lang='lat' dir='ltr'>est</span> <span class='ocrx_word' id='word_1_539' title='bbox 1404 3730 1503 3783; x_wconf 89' lang='lat' dir='ltr'>pro</span> <span class='ocrx_word' id='word_1_540' title='bbox 1527 3712 1822 3769; x_wconf 89' lang='lat' dir='ltr'>concessis</span> <span class='ocrx_word' id='word_1_541' title='bbox 1847 3728 2084 3782; x_wconf 88' lang='lat' dir='ltr'>ponere,</span> 
     </span>
    </p>
   </div>
   <div class='ocr_carea' id='block_1_71' title="bbox 436 3802 2086 3882">
    <p class='ocr_par' dir='ltr' id='par_1_71' title="bbox 436 3802 2086 3882">
     <span class='ocr_line' id='line_1_71' title="bbox 436 3802 2086 3882; baseline -0.006 -16"><span class='ocrx_word' id='word_1_542' title='bbox 436 3810 727 3882; x_wconf 89' lang='lat' dir='ltr'>quomodo</span> <span class='ocrx_word' id='word_1_543' title='bbox 757 3808 847 3864; x_wconf 90' lang='lat' dir='ltr'>vel</span> <span class='ocrx_word' id='word_1_544' title='bbox 877 3822 1111 3878; x_wconf 83' lang='lat' dir='ltr'>aequum</span> <span class='ocrx_word' id='word_1_545' title='bbox 1133 3806 1208 3861; x_wconf 89' lang='lat' dir='ltr'>sit</span> <span class='ocrx_word' id='word_1_546' title='bbox 1236 3821 1303 3861; x_wconf 90' lang='lat' dir='ltr'>ea</span> <span class='ocrx_word' id='word_1_547' title='bbox 1333 3820 1460 3875; x_wconf 79' lang='lat' dir='ltr'>quae</span> <span class='ocrx_word' id='word_1_548' title='bbox 1483 3802 1794 3857; x_wconf 90' lang='lat' dir='ltr'>ridiculum</span> <span class='ocrx_word' id='word_1_549' title='bbox 1827 3802 1902 3857; x_wconf 86' lang='lat' dir='ltr'>sit</span> <span class='ocrx_word' id='word_1_550' title='bbox 1933 3817 2086 3872; x_wconf 74' lang='lat' dir='ltr'>quaa-</span> 
     </span>
    </p>
   </div>
   <div class='ocr_carea' id='block_1_72' title="bbox 436 3894 2084 3971">
    <p class='ocr_par' dir='ltr' id='par_1_72' title="bbox 436 3894 2084 3971">
     <span class='ocr_line' id='line_1_72' title="bbox 436 3894 2084 3971; baseline -0.006 -13"><span class='ocrx_word' id='word_1_551' title='bbox 436 3918 584 3968; x_wconf 90' lang='lat' dir='ltr'>rere,</span> <span class='ocrx_word' id='word_1_552' title='bbox 614 3899 779 3956; x_wconf 89' lang='lat' dir='ltr'>initio</span> <span class='ocrx_word' id='word_1_553' title='bbox 830 3914 1071 3971; x_wconf 88' lang='lat' dir='ltr'>ponere:</span> <span class='ocrx_word' id='word_1_554' title='bbox 1107 3897 1194 3954; x_wconf 90' lang='lat' dir='ltr'>vel</span> <span class='ocrx_word' id='word_1_555' title='bbox 1245 3912 1358 3952; x_wconf 94' lang='lat' dir='ltr'>non</span> <span class='ocrx_word' id='word_1_556' title='bbox 1401 3894 1731 3960; x_wconf 90' lang='lat' dir='ltr'>ridiculum,</span> <span class='ocrx_word' id='word_1_557' title='bbox 1762 3901 1958 3949; x_wconf 88' lang='lat' dir='ltr'>utrum</span> <span class='ocrx_word' id='word_1_558' title='bbox 1989 3910 2084 3949; x_wconf 90' lang='lat' dir='ltr'>ars</span> 
     </span>
    </p>
   </div>
   <div class='ocr_carea' id='block_1_73' title="bbox 435 3981 2086 4059">
    <p class='ocr_par' dir='ltr' id='par_1_73' title="bbox 435 3981 2086 4059">
     <span class='ocr_line' id='line_1_73' title="bbox 435 3981 2086 4059; baseline -0.005 -14"><span class='ocrx_word' id='word_1_559' title='bbox 435 3989 663 4046; x_wconf 91' lang='lat' dir='ltr'>dicendi</span> <span class='ocrx_word' id='word_1_560' title='bbox 692 3996 744 4044; x_wconf 87' lang='lat' dir='ltr'>et</span> <span class='ocrx_word' id='word_1_561' title='bbox 764 3986 1051 4059; x_wconf 90' lang='lat' dir='ltr'>coquendi</span> <span class='ocrx_word' id='word_1_562' title='bbox 1073 3985 1337 4055; x_wconf 86' lang='lat' dir='ltr'>ejusdem</span> <span class='ocrx_word' id='word_1_563' title='bbox 1361 3984 1481 4039; x_wconf 89' lang='lat' dir='ltr'>sint</span> <span class='ocrx_word' id='word_1_564' title='bbox 1503 3988 1748 4048; x_wconf 68' lang='lat' dir='ltr'>naturas,</span> <span class='ocrx_word' id='word_1_565' title='bbox 1783 3998 2040 4053; x_wconf 78' lang='lat' dir='ltr'>quaerere</span> <span class='ocrx_word' id='word_1_566' title='bbox 2058 3981 2086 4036; x_wconf 84' lang='lat'><strong>?</strong></span> 
     </span>
    </p>
   </div>
   <div class='ocr_carea' id='block_1_74' title="bbox 433 4070 2080 4150">
    <p class='ocr_par' dir='ltr' id='par_1_74' title="bbox 433 4070 2080 4150">
     <span class='ocr_line' id='line_1_74' title="bbox 433 4070 2080 4150; baseline -0.005 -16"><span class='ocrx_word' id='word_1_567' title='bbox 433 4082 506 4134; x_wconf 90' lang='lat' dir='ltr'>At</span> <span class='ocrx_word' id='word_1_568' title='bbox 550 4080 675 4150; x_wconf 85' lang='lat' dir='ltr'>ipse</span> <span class='ocrx_word' id='word_1_569' title='bbox 723 4077 831 4132; x_wconf 92' lang='lat' dir='ltr'>hoc</span> <span class='ocrx_word' id='word_1_570' title='bbox 880 4078 1108 4131; x_wconf 84' lang='lat' dir='ltr'>tantum</span> <span class='ocrx_word' id='word_1_571' title='bbox 1163 4072 1361 4127; x_wconf 72' lang='lat' dir='ltr'>411a</span> <span class='ocrx_word' id='word_1_572' title='bbox 1413 4087 1757 4128; x_wconf 89' lang='lat' dir='ltr'>concessum</span> <span class='ocrx_word' id='word_1_573' title='bbox 1808 4070 2080 4142; x_wconf 88' lang='lat' dir='ltr'>sumpsit.</span> 
     </span>
    </p>
   </div>
   <div class='ocr_carea' id='block_1_75' title="bbox 433 4156 2085 4230">
    <p class='ocr_par' dir='ltr' id='par_1_75' title="bbox 433 4156 2085 4230">
     <span class='ocr_line' id='line_1_75' title="bbox 433 4156 2085 4230; baseline -0.007 -8"><span class='ocrx_word' id='word_1_574' title='bbox 433 4164 654 4222; x_wconf 87' lang='lat' dir='ltr'>Licebit</span> <span class='ocrx_word' id='word_1_575' title='bbox 695 4167 892 4218; x_wconf 90' lang='lat' dir='ltr'>autem</span> <span class='ocrx_word' id='word_1_576' title='bbox 934 4161 990 4215; x_wconf 91' lang='lat' dir='ltr'>id</span> <span class='ocrx_word' id='word_1_577' title='bbox 1033 4174 1401 4230; x_wconf 83' lang='lat' dir='ltr'>cognoscere,</span> <span class='ocrx_word' id='word_1_578' title='bbox 1442 4157 1493 4213; x_wconf 88' lang='lat' dir='ltr'>si</span> <span class='ocrx_word' id='word_1_579' title='bbox 1526 4157 1656 4229; x_wconf 90' lang='lat' dir='ltr'>quis</span> <span class='ocrx_word' id='word_1_580' title='bbox 1687 4156 1914 4212; x_wconf 86' lang='lat' dir='ltr'>sublato</span> <span class='ocrx_word' id='word_1_581' title='bbox 1947 4158 2085 4211; x_wconf 90' lang='lat' dir='ltr'>rhe-</span> 
     </span>
    </p>
   </div>
   <div class='ocr_carea' id='block_1_76' title="bbox 429 4246 2079 4321">
    <p class='ocr_par' dir='ltr' id='par_1_76' title="bbox 429 4246 2079 4321">
     <span class='ocr_line' id='line_1_76' title="bbox 429 4246 2079 4321; baseline -0.006 -11"><span class='ocrx_word' id='word_1_582' title='bbox 429 4254 621 4310; x_wconf 71' lang='lat' dir='ltr'>toricae</span> <span class='ocrx_word' id='word_1_583' title='bbox 645 4252 898 4316; x_wconf 89' lang='lat' dir='ltr'>nomine,</span> <span class='ocrx_word' id='word_1_584' title='bbox 933 4248 1365 4321; x_wconf 86' lang='lat' dir='ltr'>philosophiam</span> <span class='ocrx_word' id='word_1_585' title='bbox 1399 4247 1458 4302; x_wconf 91' lang='lat' dir='ltr'>in</span> <span class='ocrx_word' id='word_1_586' title='bbox 1489 4247 1612 4317; x_wconf 87' lang='lat' dir='ltr'>ejus</span> <span class='ocrx_word' id='word_1_587' title='bbox 1642 4247 1835 4302; x_wconf 89' lang='lat' dir='ltr'>locum</span> <span class='ocrx_word' id='word_1_588' title='bbox 1868 4246 2079 4300; x_wconf 88' lang='lat' dir='ltr'>substi-</span> 
     </span>
    </p>
   </div>
   <div class='ocr_carea' id='block_1_77' title="bbox 2276 3343 3837 3419">
    <p class='ocr_par' dir='ltr' id='par_1_77' title="bbox 2276 3343 3837 3419">
     <span class='ocr_line' id='line_1_77' title="bbox 2276 3343 3837 3419; baseline -0.002 -15"><span class='ocrx_word' id='word_1_589' title='bbox 2276 3348 2535 3404; x_wconf 82' lang='grc' dir='ltr'>Ἐνταῦθα</span> <span class='ocrx_word' id='word_1_590' title='bbox 2574 3349 2620 3383; x_wconf 76' lang='grc'>³⁸</span> <span class='ocrx_word' id='word_1_591' title='bbox 2648 3343 2921 3416; x_wconf 83' lang='grc' dir='ltr'>ἀπόδειξις</span> <span class='ocrx_word' id='word_1_592' title='bbox 2955 3347 3049 3419; x_wconf 74' lang='grc' dir='ltr'>μὲν</span> <span class='ocrx_word' id='word_1_593' title='bbox 3084 3345 3197 3402; x_wconf 76' lang='grc' dir='ltr'>οὐδ’</span> <span class='ocrx_word' id='word_1_594' title='bbox 3248 3350 3472 3416; x_wconf 83' lang='grc' dir='ltr'>ἡτισοῦν</span> <span class='ocrx_word' id='word_1_595' title='bbox 3521 3344 3719 3402; x_wconf 78' lang='grc' dir='ltr'>ἔνεστιν</span> <span class='ocrx_word' id='word_1_596' title='bbox 3772 3348 3837 3415; x_wconf 70' lang='grc'>³³,</span> 
     </span>
    </p>
   </div>
   <div class='ocr_carea' id='block_1_78' title="bbox 2195 3432 3837 3511">
    <p class='ocr_par' dir='ltr' id='par_1_78' title="bbox 2195 3432 3837 3511">
     <span class='ocr_line' id='line_1_78' title="bbox 2195 3432 3837 3511; baseline -0.001 -17"><span class='ocrx_word' id='word_1_597' title='bbox 2195 3435 2312 3494; x_wconf 80' lang='grc' dir='ltr'>οὐδ’</span> <span class='ocrx_word' id='word_1_598' title='bbox 2369 3435 2596 3510; x_wconf 81' lang='grc' dir='ltr'>ἔλεγχος</span> <span class='ocrx_word' id='word_1_599' title='bbox 2656 3434 2866 3511; x_wconf 79' lang='grc' dir='ltr'>ἀνάγκῃ</span> <span class='ocrx_word' id='word_1_600' title='bbox 2954 3434 3377 3511; x_wconf 80' lang='grc' dir='ltr'>προεληλυθώς”</span> <span class='ocrx_word' id='word_1_601' title='bbox 3452 3432 3732 3492; x_wconf 79' lang='grc' dir='ltr'>ὑπόκειται</span> <span class='ocrx_word' id='word_1_602' title='bbox 3786 3436 3837 3492; x_wconf 73' lang='grc' dir='ltr'>δὲ</span> 
     </span>
    </p>
   </div>
   <div class='ocr_carea' id='block_1_79' title="bbox 2194 3523 3837 3601">
    <p class='ocr_par' dir='ltr' id='par_1_79' title="bbox 2194 3523 3837 3601">
     <span class='ocr_line' id='line_1_79' title="bbox 2194 3523 3837 3601; baseline -0.002 -19"><span class='ocrx_word' id='word_1_603' title='bbox 2194 3525 2387 3587; x_wconf 79' lang='grc' dir='ltr'>ἁπλῶς</span> <span class='ocrx_word' id='word_1_604' title='bbox 2420 3525 2599 3599; x_wconf 79' lang='grc' dir='ltr'>ὥσπερ</span> <span class='ocrx_word' id='word_1_605' title='bbox 2632 3523 2769 3594; x_wconf 79' lang='grc' dir='ltr'>ἐξὸν,</span> <span class='ocrx_word' id='word_1_606' title='bbox 2804 3545 2866 3578; x_wconf 88' lang='grc' dir='ltr'>ου</span> <span class='ocrx_word' id='word_1_607' title='bbox 2898 3525 2946 3560; x_wconf 77' lang='grc'>³³</span> <span class='ocrx_word' id='word_1_608' title='bbox 2976 3523 3149 3586; x_wconf 84' lang='grc' dir='ltr'>πολὺς</span> <span class='ocrx_word' id='word_1_609' title='bbox 3177 3526 3243 3594; x_wconf 82' lang='grc' dir='ltr'>ἦν</span> <span class='ocrx_word' id='word_1_610' title='bbox 3277 3526 3323 3561; x_wconf 79' lang='grc'>³³</span> <span class='ocrx_word' id='word_1_611' title='bbox 3352 3523 3527 3601; x_wconf 76' lang='grc' dir='ltr'>ἱδρὼς</span> <span class='ocrx_word' id='word_1_612' title='bbox 3564 3529 3837 3601; x_wconf 79' lang='grc' dir='ltr'>πρότερον,</span> 
     </span>
    </p>
   </div>
   <div class='ocr_carea' id='block_1_80' title="bbox 2196 3610 3840 3691">
    <p class='ocr_par' dir='ltr' id='par_1_80' title="bbox 2196 3610 3840 3691">
     <span class='ocr_line' id='line_1_80' title="bbox 2196 3610 3840 3691; baseline -0.002 -20"><span class='ocrx_word' id='word_1_613' title='bbox 2196 3613 2347 3671; x_wconf 73' lang='grc' dir='ltr'>οὐδὲν</span> <span class='ocrx_word' id='word_1_614' title='bbox 2380 3613 2743 3691; x_wconf 76' lang='grc' dir='ltr'>διαφερόντως</span> <span class='ocrx_word' id='word_1_615' title='bbox 2774 3615 2820 3649; x_wconf 78' lang='grc'>³⁴</span> <span class='ocrx_word' id='word_1_616' title='bbox 2846 3615 2880 3684; x_wconf 76' lang='grc' dir='ltr'><strong>ἢ</strong></span> <span class='ocrx_word' id='word_1_617' title='bbox 2913 3613 2957 3668; x_wconf 73' lang='grc' dir='ltr'>εἰ</span> <span class='ocrx_word' id='word_1_618' title='bbox 2989 3615 3153 3689; x_wconf 76' lang='grc' dir='ltr'>χάριν</span> <span class='ocrx_word' id='word_1_619' title='bbox 3203 3610 3321 3687; x_wconf 77' lang='grc' dir='ltr'>ᾔτει</span> <span class='ocrx_word' id='word_1_620' title='bbox 3368 3616 3500 3676; x_wconf 75' lang='grc' dir='ltr'>τοὺς</span> <span class='ocrx_word' id='word_1_621' title='bbox 3554 3615 3840 3675; x_wconf 77' lang='grc' dir='ltr'>ἀκούοντας</span> 
     </span>
    </p>
   </div>
   <div class='ocr_carea' id='block_1_81' title="bbox 2193 3701 3839 3779">
    <p class='ocr_par' dir='ltr' id='par_1_81' title="bbox 2193 3701 3839 3779">
     <span class='ocr_line' id='line_1_81' title="bbox 2193 3701 3839 3779; baseline -0.001 -18"><span class='ocrx_word' id='word_1_622' title='bbox 2193 3710 2363 3761; x_wconf 82' lang='grc' dir='ltr'>ταῦτα</span> <span class='ocrx_word' id='word_1_623' title='bbox 2395 3709 2773 3779; x_wconf 79' lang='grc' dir='ltr'>συγχωρῆσαι.</span> <span class='ocrx_word' id='word_1_624' title='bbox 2802 3702 2999 3760; x_wconf 79' lang='grc' dir='ltr'>Καίτοι</span> <span class='ocrx_word' id='word_1_625' title='bbox 3031 3703 3074 3758; x_wconf 79' lang='grc' dir='ltr'>εἷ</span> <span class='ocrx_word' id='word_1_626' title='bbox 3126 3704 3191 3757; x_wconf 72' lang='grc' dir='ltr'>τὰ</span> <span class='ocrx_word' id='word_1_627' title='bbox 3238 3701 3549 3776; x_wconf 73' lang='grc' dir='ltr'>ζητούμενα</span> <span class='ocrx_word' id='word_1_628' title='bbox 3598 3707 3675 3767; x_wconf 82' lang='grc' dir='ltr'>ὡς</span> <span class='ocrx_word' id='word_1_629' title='bbox 3714 3707 3839 3777; x_wconf 81' lang='grc' dir='ltr'>ὁμο·</span> 
     </span>
    </p>
   </div>
   <div class='ocr_carea' id='block_1_82' title="bbox 2195 3792 3841 3869">
    <p class='ocr_par' dir='ltr' id='par_1_82' title="bbox 2195 3792 3841 3869">
     <span class='ocr_line' id='line_1_82' title="bbox 2195 3792 3841 3869; baseline -0.003 -19"><span class='ocrx_word' id='word_1_630' title='bbox 2195 3794 2501 3868; x_wconf 85' lang='grc' dir='ltr'>λογούμενα</span> <span class='ocrx_word' id='word_1_631' title='bbox 2548 3793 2892 3847; x_wconf 80' lang='grc' dir='ltr'>ὑποτίθεσθαι</span> <span class='ocrx_word' id='word_1_632' title='bbox 2935 3792 3138 3867; x_wconf 82' lang='grc' dir='ltr'>γέλως,</span> <span class='ocrx_word' id='word_1_633' title='bbox 3181 3792 3300 3854; x_wconf 77' lang='grc' dir='ltr'>πῶς</span> <span class='ocrx_word' id='word_1_634' title='bbox 3347 3792 3514 3861; x_wconf 69' lang='grc' dir='ltr'>εἰκὸς,</span> <span class='ocrx_word' id='word_1_635' title='bbox 3571 3797 3603 3847; x_wconf 78' lang='grc' dir='ltr'><em>ἆ</em></span> <span class='ocrx_word' id='word_1_636' title='bbox 3654 3816 3719 3869; x_wconf 80' lang='grc' dir='ltr'>γε</span> <span class='ocrx_word' id='word_1_637' title='bbox 3756 3802 3841 3863; x_wconf 80' lang='grc' dir='ltr'>ζη-</span> 
     </span>
    </p>
   </div>
   <div class='ocr_carea' id='block_1_83' title="bbox 2194 3879 3842 3961">
    <p class='ocr_par' dir='ltr' id='par_1_83' title="bbox 2194 3879 3842 3961">
     <span class='ocr_line' id='line_1_83' title="bbox 2194 3879 3842 3961; baseline 0.001 -24"><span class='ocrx_word' id='word_1_638' title='bbox 2194 3889 2307 3938; x_wconf 85' lang='grc' dir='ltr'>τεῖν</span> <span class='ocrx_word' id='word_1_639' title='bbox 2342 3882 2543 3957; x_wconf 74' lang='grc' dir='ltr'>γέλως,</span> <span class='ocrx_word' id='word_1_640' title='bbox 2584 3885 2755 3936; x_wconf 87' lang='grc' dir='ltr'>ταῦτα</span> <span class='ocrx_word' id='word_1_641' title='bbox 2799 3879 2848 3951; x_wconf 79' lang='grc' dir='ltr'>ἐξ</span> <span class='ocrx_word' id='word_1_642' title='bbox 2898 3882 3079 3958; x_wconf 83' lang='grc' dir='ltr'>ἀρχῆς</span> <span class='ocrx_word' id='word_1_643' title='bbox 3129 3880 3520 3951; x_wconf 82' lang='grc' dir='ltr'>ὑποτίθεσθαι;</span> <span class='ocrx_word' id='word_1_644' title='bbox 3577 3889 3700 3945; x_wconf 80' lang='grc' dir='ltr'>πῶς</span> <span class='ocrx_word' id='word_1_645' title='bbox 3747 3887 3842 3961; x_wconf 76' lang='grc' dir='ltr'>γὰρ</span> 
     </span>
    </p>
   </div>
   <div class='ocr_carea' id='block_1_84' title="bbox 2196 3969 3842 4047">
    <p class='ocr_par' dir='ltr' id='par_1_84' title="bbox 2196 3969 3842 4047">
     <span class='ocr_line' id='line_1_84' title="bbox 2196 3969 3842 4047; baseline 0 -21"><span class='ocrx_word' id='word_1_646' title='bbox 2196 3971 2256 4026; x_wconf 87' lang='grc' dir='ltr'>ού</span> <span class='ocrx_word' id='word_1_647' title='bbox 2289 3970 2492 4046; x_wconf 86' lang='grc' dir='ltr'>γέλως,</span> <span class='ocrx_word' id='word_1_648' title='bbox 2525 3970 2570 4025; x_wconf 79' lang='grc' dir='ltr'>εἷ</span> <span class='ocrx_word' id='word_1_649' title='bbox 2616 3977 2718 4039; x_wconf 80' lang='grc' dir='ltr'>τῆς</span> <span class='ocrx_word' id='word_1_650' title='bbox 2775 3969 2945 4039; x_wconf 78' lang='grc' dir='ltr'>αὐτῆς</span> <span class='ocrx_word' id='word_1_651' title='bbox 2992 3971 3203 4047; x_wconf 83' lang='grc' dir='ltr'>φύσεως</span> <span class='ocrx_word' id='word_1_652' title='bbox 3255 3970 3519 4045; x_wconf 75' lang='grc' dir='ltr'>ῥητορικὴ</span> <span class='ocrx_word' id='word_1_653' title='bbox 3584 3975 3676 4026; x_wconf 83' lang='grc' dir='ltr'>καὶ</span> <span class='ocrx_word' id='word_1_654' title='bbox 3721 3972 3842 4046; x_wconf 71' lang='grc' dir='ltr'>ὀψο-</span> 
     </span>
    </p>
   </div>
   <div class='ocr_carea' id='block_1_85' title="bbox 2194 4056 3838 4139">
    <p class='ocr_par' dir='ltr' id='par_1_85' title="bbox 2194 4056 3838 4139">
     <span class='ocr_line' id='line_1_85' title="bbox 2194 4056 3838 4139; baseline 0 -23"><span class='ocrx_word' id='word_1_655' title='bbox 2194 4063 2487 4133; x_wconf 83' lang='grc' dir='ltr'>ποιητική,</span> <span class='ocrx_word' id='word_1_656' title='bbox 2521 4065 2699 4129; x_wconf 83' lang='grc' dir='ltr'>ζητεῖν</span> <span class='ocrx_word' id='word_1_657' title='bbox 2728 4079 2741 4128; x_wconf 88' lang='lat'><strong>;</strong></span> <span class='ocrx_word' id='word_1_658' title='bbox 2778 4061 2806 4114; x_wconf 85' lang='grc' dir='ltr'>ὁ</span> <span class='ocrx_word' id='word_1_659' title='bbox 2836 4058 2890 4114; x_wconf 74' lang='grc' dir='ltr'>δὲ</span> <span class='ocrx_word' id='word_1_660' title='bbox 2916 4056 3098 4134; x_wconf 81' lang='grc' dir='ltr'>ὥσπερ</span> <span class='ocrx_word' id='word_1_661' title='bbox 3132 4058 3586 4134; x_wconf 84' lang='grc' dir='ltr'>ὁμολογούμενον</span> <span class='ocrx_word' id='word_1_662' title='bbox 3621 4062 3838 4139; x_wconf 71' lang='grc' dir='ltr'>εἴληφεν</span> 
     </span>
    </p>
   </div>
   <div class='ocr_carea' id='block_1_86' title="bbox 2193 4146 3843 4225">
    <p class='ocr_par' dir='ltr' id='par_1_86' title="bbox 2193 4146 3843 4225">
     <span class='ocr_line' id='line_1_86' title="bbox 2193 4146 3843 4225; baseline 0.001 -20"><span class='ocrx_word' id='word_1_663' title='bbox 2193 4149 2343 4207; x_wconf 84' lang='grc' dir='ltr'>αύτό.</span> <span class='ocrx_word' id='word_1_664' title='bbox 2410 4150 2565 4220; x_wconf 85' lang='grc' dir='ltr'>Γνοίη</span> <span class='ocrx_word' id='word_1_665' title='bbox 2600 4146 2648 4203; x_wconf 87' lang='grc' dir='ltr'>δ’</span> <span class='ocrx_word' id='word_1_666' title='bbox 2680 4151 2740 4203; x_wconf 85' lang='grc' dir='ltr'>ἄν</span> <span class='ocrx_word' id='word_1_667' title='bbox 2788 4169 2871 4210; x_wconf 90' lang='grc' dir='ltr'>τις</span> <span class='ocrx_word' id='word_1_668' title='bbox 2919 4147 3161 4219; x_wconf 78' lang='grc' dir='ltr'>ἐκείνως,</span> <span class='ocrx_word' id='word_1_669' title='bbox 3202 4148 3247 4203; x_wconf 79' lang='grc' dir='ltr'>εἶ</span> <span class='ocrx_word' id='word_1_670' title='bbox 3284 4148 3347 4203; x_wconf 80' lang='grc' dir='ltr'>τὸ</span> <span class='ocrx_word' id='word_1_671' title='bbox 3392 4156 3491 4218; x_wconf 81' lang='grc' dir='ltr'>τῆς</span> <span class='ocrx_word' id='word_1_672' title='bbox 3546 4151 3843 4225; x_wconf 72' lang='grc' dir='ltr'>ῥητορικῆς</span> 
     </span>
    </p>
   </div>
   <div class='ocr_carea' id='block_1_87' title="bbox 2194 4235 3842 4317">
    <p class='ocr_par' dir='ltr' id='par_1_87' title="bbox 2194 4235 3842 4317">
     <span class='ocr_line' id='line_1_87' title="bbox 2194 4235 3842 4317; baseline -0.001 -22"><span class='ocrx_word' id='word_1_673' title='bbox 2194 4237 2371 4311; x_wconf 74' lang='grc' dir='ltr'>ὄνομα</span> <span class='ocrx_word' id='word_1_674' title='bbox 2403 4238 2598 4309; x_wconf 74' lang='grc' dir='ltr'>ἐξελὼν</span> <span class='ocrx_word' id='word_1_675' title='bbox 2631 4238 2692 4291; x_wconf 90' lang='grc' dir='ltr'>τὸ</span> <span class='ocrx_word' id='word_1_676' title='bbox 2724 4244 2824 4306; x_wconf 76' lang='grc' dir='ltr'>τῆς</span> <span class='ocrx_word' id='word_1_677' title='bbox 2870 4235 3199 4317; x_wconf 74' lang='grc' dir='ltr'>φιλοσοφίας</span> <span class='ocrx_word' id='word_1_678' title='bbox 3251 4238 3363 4293; x_wconf 76' lang='grc' dir='ltr'>ἀντ’</span> <span class='ocrx_word' id='word_1_679' title='bbox 3413 4239 3617 4294; x_wconf 79' lang='grc' dir='ltr'>ἐκείνου</span> <span class='ocrx_word' id='word_1_680' title='bbox 3669 4237 3842 4311; x_wconf 67' lang='grc' dir='ltr'>ὄνομα</span> 
     </span>
    </p>
   </div>
   <div class='ocr_carea' id='block_1_88' title="bbox 433 4321 2084 4433">
    <p class='ocr_par' dir='ltr' id='par_1_88' title="bbox 433 4334 2081 4411">
     <span class='ocr_line' id='line_1_88' title="bbox 433 4334 2081 4411; baseline -0.005 -13"><span class='ocrx_word' id='word_1_681' title='bbox 433 4348 580 4411; x_wconf 90' lang='lat' dir='ltr'>tuat,</span> <span class='ocrx_word' id='word_1_682' title='bbox 612 4348 782 4411; x_wconf 88' lang='lat' dir='ltr'>atque</span> <span class='ocrx_word' id='word_1_683' title='bbox 830 4340 909 4394; x_wconf 87' lang='lat' dir='ltr'>ita</span> <span class='ocrx_word' id='word_1_684' title='bbox 938 4338 1147 4393; x_wconf 90' lang='lat' dir='ltr'>iisdem</span> <span class='ocrx_word' id='word_1_685' title='bbox 1194 4342 1389 4393; x_wconf 88' lang='lat' dir='ltr'>utatur</span> <span class='ocrx_word' id='word_1_686' title='bbox 1435 4335 1732 4393; x_wconf 88' lang='lat' dir='ltr'>omnibus.</span> <span class='ocrx_word' id='word_1_687' title='bbox 1784 4334 1899 4390; x_wconf 92' lang='lat' dir='ltr'>Nec</span> <span class='ocrx_word' id='word_1_688' title='bbox 1947 4350 2081 4390; x_wconf 90' lang='lat' dir='ltr'>vero</span> 
     </span>
    </p>
   </div>
   <div class='ocr_carea' id='block_1_89' title="bbox 2196 4321 3842 4433">
    <p class='ocr_par' dir='ltr' id='par_1_89' title="bbox 2198 4321 3842 4433">
     <span class='ocr_line' id='line_1_89' title="bbox 2198 4321 3842 4402; baseline -0.002 -20"><span class='ocrx_word' id='word_1_689' title='bbox 2198 4321 2495 4401; x_wconf 74' lang='grc' dir='ltr'>μεταλάϐοι</span> <span class='ocrx_word' id='word_1_690' title='bbox 2528 4327 2595 4395; x_wconf 80' lang='grc'>³⁵,</span> <span class='ocrx_word' id='word_1_691' title='bbox 2646 4324 2736 4380; x_wconf 76' lang='grc' dir='ltr'>καὶ</span> <span class='ocrx_word' id='word_1_692' title='bbox 2784 4325 2869 4379; x_wconf 84' lang='grc' dir='ltr'>ἐπὶ</span> <span class='ocrx_word' id='word_1_693' title='bbox 2911 4324 3090 4397; x_wconf 86' lang='grc' dir='ltr'>τούτῳ</span> <span class='ocrx_word' id='word_1_694' title='bbox 3143 4329 3274 4379; x_wconf 81' lang='grc' dir='ltr'>πᾶσι</span> <span class='ocrx_word' id='word_1_695' title='bbox 3318 4331 3436 4386; x_wconf 83' lang='grc' dir='ltr'>τοῖς</span> <span class='ocrx_word' id='word_1_696' title='bbox 3487 4326 3667 4388; x_wconf 79' lang='grc' dir='ltr'>αὐτοῖς</span> <span class='ocrx_word' id='word_1_697' title='bbox 3713 4328 3842 4402; x_wconf 65' lang='grc' dir='ltr'>χρή-</span> 
     </span>
     <span class='ocr_line' id='line_1_90' title="bbox 2269 4411 3701 4433; baseline 0 0"><span class='ocrx_word' id='word_1_698' title='bbox 2269 4425 2275 4433; x_wconf 85' lang='grc'>.</span> <span class='ocrx_word' id='word_1_699' title='bbox 2420 4422 2453 4433; x_wconf 76' lang='lat' dir='ltr'>Ir</span> <span class='ocrx_word' id='word_1_700' title='bbox 2499 4415 2513 4433; x_wconf 84' lang='lat'><strong><em>\</em></strong></span> <span class='ocrx_word' id='word_1_701' title='bbox 2660 4411 2684 4433; x_wconf 58' lang='grc' dir='ltr'>δ</span> <span class='ocrx_word' id='word_1_702' title='bbox 2721 4415 2735 4431; x_wconf 79' lang='lat'><strong><em>\</em></strong></span> <span class='ocrx_word' id='word_1_703' title='bbox 2878 4416 2889 4433; x_wconf 90' lang='grc' dir='ltr'><strong><em>Ι</em></strong></span> <span class='ocrx_word' id='word_1_704' title='bbox 2932 4415 2946 4433; x_wconf 60' lang='grc' dir='ltr'>ἱ</span> <span class='ocrx_word' id='word_1_705' title='bbox 3002 4412 3021 4429; x_wconf 61' lang='grc' dir='ltr'>ἰ</span> <span class='ocrx_word' id='word_1_706' title='bbox 3204 4414 3214 4433; x_wconf 66' lang='grc' dir='ltr'><strong>Ι</strong></span> <span class='ocrx_word' id='word_1_707' title='bbox 3399 4418 3411 4433; x_wconf 71' lang='grc' dir='ltr'>ο</span> <span class='ocrx_word' id='word_1_708' title='bbox 3534 4419 3544 4433; x_wconf 86' lang='grc' dir='ltr'><strong>Ι</strong></span> <span class='ocrx_word' id='word_1_709' title='bbox 3689 4418 3701 4433; x_wconf 74' lang='grc' dir='ltr'>ο</span> 
     </span>
    </p>
   </div>
   <div class='ocr_carea' id='block_1_90' title="bbox 432 4424 2085 4500">
    <p class='ocr_par' dir='ltr' id='par_1_90' title="bbox 432 4424 2085 4500">
     <span class='ocr_line' id='line_1_91' title="bbox 432 4424 2085 4500; baseline -0.005 -13"><span class='ocrx_word' id='word_1_710' title='bbox 432 4433 522 4489; x_wconf 86' lang='lat' dir='ltr'>vel</span> <span class='ocrx_word' id='word_1_711' title='bbox 571 4430 852 4485; x_wconf 87' lang='lat' dir='ltr'>rusticum</span> <span class='ocrx_word' id='word_1_712' title='bbox 910 4428 1247 4500; x_wconf 89' lang='lat' dir='ltr'>quisquam,</span> <span class='ocrx_word' id='word_1_713' title='bbox 1310 4426 1394 4481; x_wconf 89' lang='lat' dir='ltr'>vel</span> <span class='ocrx_word' id='word_1_714' title='bbox 1441 4426 1710 4496; x_wconf 84' lang='lat' dir='ltr'>frigidum</span> <span class='ocrx_word' id='word_1_715' title='bbox 1759 4424 1915 4480; x_wconf 92' lang='lat' dir='ltr'>hunc</span> <span class='ocrx_word' id='word_1_716' title='bbox 1964 4424 2085 4479; x_wconf 88' lang='lat' dir='ltr'>fore</span> 
     </span>
    </p>
   </div>
   <div class='ocr_carea' id='block_1_91' title="bbox 434 4513 2084 4578">
    <p class='ocr_par' dir='ltr' id='par_1_91' title="bbox 434 4513 2084 4578">
     <span class='ocr_line' id='line_1_92' title="bbox 434 4513 2084 4578; baseline -0.006 -1"><span class='ocrx_word' id='word_1_717' title='bbox 434 4534 762 4578; x_wconf 90' lang='lat' dir='ltr'>sermonem</span> <span class='ocrx_word' id='word_1_718' title='bbox 812 4516 1123 4574; x_wconf 82' lang='lat' dir='ltr'>existimet.</span> <span class='ocrx_word' id='word_1_719' title='bbox 1174 4516 1433 4571; x_wconf 89' lang='lat' dir='ltr'>Primum</span> <span class='ocrx_word' id='word_1_720' title='bbox 1474 4515 1629 4569; x_wconf 91' lang='lat' dir='ltr'>enim</span> <span class='ocrx_word' id='word_1_721' title='bbox 1674 4529 1807 4568; x_wconf 90' lang='lat' dir='ltr'>cum</span> <span class='ocrx_word' id='word_1_722' title='bbox 1839 4513 2084 4568; x_wconf 89' lang='lat' dir='ltr'>duarum</span> 
     </span>
    </p>
   </div>
   <div class='ocr_carea' id='block_1_92' title="bbox 436 4602 2082 4676">
    <p class='ocr_par' dir='ltr' id='par_1_92' title="bbox 436 4602 2082 4676">
     <span class='ocr_line' id='line_1_93' title="bbox 436 4602 2082 4676; baseline -0.007 -10"><span class='ocrx_word' id='word_1_723' title='bbox 436 4609 650 4666; x_wconf 87' lang='lat' dir='ltr'>artium</span> <span class='ocrx_word' id='word_1_724' title='bbox 683 4606 769 4661; x_wconf 91' lang='lat' dir='ltr'>vel</span> <span class='ocrx_word' id='word_1_725' title='bbox 801 4605 1167 4673; x_wconf 85' lang='lat' dir='ltr'>facultatum,</span> <span class='ocrx_word' id='word_1_726' title='bbox 1200 4620 1298 4660; x_wconf 90' lang='lat' dir='ltr'>eos</span> <span class='ocrx_word' id='word_1_727' title='bbox 1343 4604 1444 4676; x_wconf 90' lang='lat' dir='ltr'>qui</span> <span class='ocrx_word' id='word_1_728' title='bbox 1480 4602 1725 4658; x_wconf 88' lang='lat' dir='ltr'>alteram</span> <span class='ocrx_word' id='word_1_729' title='bbox 1759 4604 2082 4669; x_wconf 86' lang='lat' dir='ltr'>sectantur,</span> 
     </span>
    </p>
   </div>
   <div class='ocr_carea' id='block_1_93' title="bbox 434 4689 2083 4767">
    <p class='ocr_par' dir='ltr' id='par_1_93' title="bbox 434 4689 2083 4767">
     <span class='ocr_line' id='line_1_94' title="bbox 434 4689 2083 4767; baseline -0.007 -11"><span class='ocrx_word' id='word_1_730' title='bbox 434 4700 479 4757; x_wconf 85' lang='lat' dir='ltr'>si</span> <span class='ocrx_word' id='word_1_731' title='bbox 510 4700 580 4755; x_wconf 88' lang='lat' dir='ltr'>de</span> <span class='ocrx_word' id='word_1_732' title='bbox 612 4696 811 4753; x_wconf 89' lang='lat' dir='ltr'>alteris</span> <span class='ocrx_word' id='word_1_733' title='bbox 844 4695 1147 4767; x_wconf 88' lang='lat' dir='ltr'>quidpiam</span> <span class='ocrx_word' id='word_1_734' title='bbox 1190 4711 1359 4751; x_wconf 90' lang='lat' dir='ltr'>secus</span> <span class='ocrx_word' id='word_1_735' title='bbox 1409 4692 1678 4759; x_wconf 87' lang='lat' dir='ltr'>dixerint,</span> <span class='ocrx_word' id='word_1_736' title='bbox 1724 4690 1867 4746; x_wconf 90' lang='lat' dir='ltr'>nihil</span> <span class='ocrx_word' id='word_1_737' title='bbox 1897 4689 2083 4747; x_wconf 89' lang='lat' dir='ltr'>inele-</span> 
     </span>
    </p>
   </div>
   <div class='ocr_carea' id='block_1_94' title="bbox 434 4780 2081 4863">
    <p class='ocr_par' dir='ltr' id='par_1_94' title="bbox 434 4780 2081 4863">
     <span class='ocr_line' id='line_1_95' title="bbox 434 4780 2081 4863; baseline -0.007 -17"><span class='ocrx_word' id='word_1_738' title='bbox 434 4790 636 4863; x_wconf 78' lang='lat' dir='ltr'>ganter</span> <span class='ocrx_word' id='word_1_739' title='bbox 666 4801 836 4859; x_wconf 83' lang='lat' dir='ltr'>agere</span> <span class='ocrx_word' id='word_1_740' title='bbox 865 4783 1073 4842; x_wconf 92' lang='lat' dir='ltr'>dicturi</span> <span class='ocrx_word' id='word_1_741' title='bbox 1098 4798 1325 4851; x_wconf 89' lang='lat' dir='ltr'>sumus,</span> <span class='ocrx_word' id='word_1_742' title='bbox 1358 4780 1551 4837; x_wconf 83' lang='lat' dir='ltr'>alteris</span> <span class='ocrx_word' id='word_1_743' title='bbox 1574 4780 1780 4835; x_wconf 89' lang='lat' dir='ltr'>merito</span> <span class='ocrx_word' id='word_1_744' title='bbox 1814 4780 2081 4835; x_wconf 88' lang='lat' dir='ltr'>eamdem</span> 
     </span>
    </p>
   </div>
   <div class='ocr_carea' id='block_1_95' title="bbox 436 4868 2081 4936">
    <p class='ocr_par' dir='ltr' id='par_1_95' title="bbox 436 4868 2081 4936">
     <span class='ocr_line' id='line_1_96' title="bbox 436 4868 2081 4936; baseline -0.007 1"><span class='ocrx_word' id='word_1_745' title='bbox 436 4878 823 4936; x_wconf 88' lang='lat' dir='ltr'>concedemus</span> <span class='ocrx_word' id='word_1_746' title='bbox 867 4872 1160 4930; x_wconf 90' lang='lat' dir='ltr'>defendidi</span> <span class='ocrx_word' id='word_1_747' title='bbox 1210 4870 1510 4927; x_wconf 89' lang='lat' dir='ltr'>rationem.</span> <span class='ocrx_word' id='word_1_748' title='bbox 1561 4868 1778 4925; x_wconf 90' lang='lat' dir='ltr'>Deinde</span> <span class='ocrx_word' id='word_1_749' title='bbox 1830 4884 1947 4924; x_wconf 89' lang='lat' dir='ltr'>non</span> <span class='ocrx_word' id='word_1_750' title='bbox 1993 4870 2081 4925; x_wconf 88' lang='lat' dir='ltr'>of-</span> 
     </span>
    </p>
   </div>
   <div class='ocr_carea' id='block_1_96' title="bbox 436 4958 2084 5039">
    <p class='ocr_par' dir='ltr' id='par_1_96' title="bbox 436 4958 2084 5039">
     <span class='ocr_line' id='line_1_97' title="bbox 436 4958 2084 5039; baseline -0.007 -12"><span class='ocrx_word' id='word_1_751' title='bbox 436 4970 612 5028; x_wconf 66' lang='lat' dir='ltr'>fensis</span> <span class='ocrx_word' id='word_1_752' title='bbox 645 4968 847 5039; x_wconf 76' lang='lat' dir='ltr'>gratia,</span> <span class='ocrx_word' id='word_1_753' title='bbox 870 4965 972 5021; x_wconf 87' lang='lat' dir='ltr'>sed</span> <span class='ocrx_word' id='word_1_754' title='bbox 1004 4959 1541 5027; x_wconf 88' lang='lat' dir='ltr'>demonstrationis,</span> <span class='ocrx_word' id='word_1_755' title='bbox 1566 4975 1693 5031; x_wconf 72' lang='lat' dir='ltr'>quae</span> <span class='ocrx_word' id='word_1_756' title='bbox 1726 4960 1783 5015; x_wconf 92' lang='lat' dir='ltr'>in</span> <span class='ocrx_word' id='word_1_757' title='bbox 1816 4958 1909 5015; x_wconf 91' lang='lat' dir='ltr'>his</span> <span class='ocrx_word' id='word_1_758' title='bbox 1940 4975 2084 5016; x_wconf 90' lang='lat' dir='ltr'>nus-</span> 
     </span>
    </p>
   </div>
   <div class='ocr_carea' id='block_1_97' title="bbox 441 5054 1288 5131">
    <p class='ocr_par' dir='ltr' id='par_1_97' title="bbox 441 5054 1288 5131">
     <span class='ocr_line' id='line_1_98' title="bbox 441 5054 1288 5131; baseline -0.012 -15"><span class='ocrx_word' id='word_1_759' title='bbox 441 5074 617 5129; x_wconf 90' lang='lat' dir='ltr'>quam</span> <span class='ocrx_word' id='word_1_760' title='bbox 649 5058 909 5131; x_wconf 85' lang='lat' dir='ltr'>apparet,</span> <span class='ocrx_word' id='word_1_761' title='bbox 943 5054 1288 5125; x_wconf 86' lang='lat' dir='ltr'>proferetur.</span> 
     </span>
    </p>
   </div>
   <div class='ocr_carea' id='block_1_98' title="bbox 2193 4411 3843 4490">
    <p class='ocr_par' dir='ltr' id='par_1_98' title="bbox 2193 4411 3843 4490">
     <span class='ocr_line' id='line_1_99' title="bbox 2193 4411 3843 4490; baseline -0.001 -20"><span class='ocrx_word' id='word_1_762' title='bbox 2193 4425 2366 4470; x_wconf 76' lang='grc' dir='ltr'>σαίτο.</span> <span class='ocrx_word' id='word_1_763' title='bbox 2420 4415 2513 4468; x_wconf 79' lang='grc' dir='ltr'>Καὶ</span> <span class='ocrx_word' id='word_1_764' title='bbox 2573 4411 2766 4487; x_wconf 82' lang='grc' dir='ltr'>μηδεὶς</span> <span class='ocrx_word' id='word_1_765' title='bbox 2817 4415 2946 4485; x_wconf 69' lang='grc' dir='ltr'>μήτ’</span> <span class='ocrx_word' id='word_1_766' title='bbox 2998 4412 3279 4489; x_wconf 78' lang='grc' dir='ltr'>ἂγροικίαν</span> <span class='ocrx_word' id='word_1_767' title='bbox 3333 4418 3475 4487; x_wconf 65' lang='grc' dir='ltr'>μήτε</span> <span class='ocrx_word' id='word_1_768' title='bbox 3520 4418 3843 4490; x_wconf 71' lang='grc' dir='ltr'>ψυχρότητι</span> 
     </span>
    </p>
   </div>
   <div class='ocr_carea' id='block_1_99' title="bbox 2194 4501 3839 4580">
    <p class='ocr_par' dir='ltr' id='par_1_99' title="bbox 2194 4501 3839 4580">
     <span class='ocr_line' id='line_1_100' title="bbox 2194 4501 3839 4580; baseline 0 -21"><span class='ocrx_word' id='word_1_769' title='bbox 2194 4508 2439 4580; x_wconf 86' lang='grc' dir='ltr'>καταγνῷ</span> <span class='ocrx_word' id='word_1_770' title='bbox 2502 4506 2599 4556; x_wconf 91' lang='grc' dir='ltr'>τοῦ</span> <span class='ocrx_word' id='word_1_771' title='bbox 2654 4501 2847 4579; x_wconf 87' lang='grc' dir='ltr'>λόγου.</span> <span class='ocrx_word' id='word_1_772' title='bbox 2889 4503 3141 4557; x_wconf 84' lang='grc' dir='ltr'>Μάλιστα</span> <span class='ocrx_word' id='word_1_773' title='bbox 3200 4504 3294 4574; x_wconf 71' lang='grc' dir='ltr'>μὲν</span> <span class='ocrx_word' id='word_1_774' title='bbox 3346 4505 3449 4578; x_wconf 77' lang='grc' dir='ltr'>γὰρ</span> <span class='ocrx_word' id='word_1_775' title='bbox 3499 4503 3560 4558; x_wconf 75' lang='grc' dir='ltr'>οὗ</span> <span class='ocrx_word' id='word_1_776' title='bbox 3623 4501 3689 4572; x_wconf 76' lang='grc' dir='ltr'>δή</span> <span class='ocrx_word' id='word_1_777' title='bbox 3744 4526 3839 4560; x_wconf 71' lang='grc' dir='ltr'>που</span> 
     </span>
    </p>
   </div>
   <div class='ocr_carea' id='block_1_100' title="bbox 2196 4588 3841 4669">
    <p class='ocr_par' dir='ltr' id='par_1_100' title="bbox 2196 4588 3841 4669">
     <span class='ocr_line' id='line_1_101' title="bbox 2196 4588 3841 4669; baseline 0 -20"><span class='ocrx_word' id='word_1_778' title='bbox 2196 4591 2344 4649; x_wconf 66' lang='grc' dir='ltr'>δυοῖν</span> <span class='ocrx_word' id='word_1_779' title='bbox 2394 4591 2724 4664; x_wconf 77' lang='grc' dir='ltr'>ἐπιστήμαιν</span> <span class='ocrx_word' id='word_1_780' title='bbox 2762 4590 2797 4660; x_wconf 73' lang='grc' dir='ltr'><strong>ἢ</strong></span> <span class='ocrx_word' id='word_1_781' title='bbox 2850 4588 3138 4664; x_wconf 78' lang='grc' dir='ltr'>δυνάμεσιν</span> <span class='ocrx_word' id='word_1_782' title='bbox 3194 4596 3315 4653; x_wconf 83' lang='grc' dir='ltr'>τοῖς</span> <span class='ocrx_word' id='word_1_783' title='bbox 3371 4593 3467 4664; x_wconf 81' lang='grc' dir='ltr'>μὶν</span> <span class='ocrx_word' id='word_1_784' title='bbox 3519 4596 3620 4657; x_wconf 80' lang='grc' dir='ltr'>τῆς</span> <span class='ocrx_word' id='word_1_785' title='bbox 3661 4594 3841 4669; x_wconf 73' lang='grc' dir='ltr'>ἑτέρας</span> 
     </span>
    </p>
   </div>
   <div class='ocr_carea' id='block_1_101' title="bbox 2194 4676 3843 4757">
    <p class='ocr_par' dir='ltr' id='par_1_101' title="bbox 2194 4676 3843 4757">
     <span class='ocr_line' id='line_1_102' title="bbox 2194 4676 3843 4757; baseline -0.002 -20"><span class='ocrx_word' id='word_1_786' title='bbox 2194 4682 2612 4756; x_wconf 73' lang='grc' dir='ltr'>προϊσταμένοις</span> <span class='ocrx_word' id='word_1_787' title='bbox 2646 4681 2690 4715; x_wconf 80' lang='grc'>³⁸</span> <span class='ocrx_word' id='word_1_788' title='bbox 2734 4676 2850 4734; x_wconf 76' lang='grc' dir='ltr'>οὐδ’</span> <span class='ocrx_word' id='word_1_789' title='bbox 2888 4677 2946 4733; x_wconf 81' lang='grc' dir='ltr'>ἄν</span> <span class='ocrx_word' id='word_1_790' title='bbox 3000 4679 3178 4734; x_wconf 82' lang='grc' dir='ltr'>ὁτιοῦν</span> <span class='ocrx_word' id='word_1_791' title='bbox 3228 4677 3629 4757; x_wconf 72' lang='grc' dir='ltr'>βλασφημῶσιν</span> <span class='ocrx_word' id='word_1_792' title='bbox 3671 4684 3719 4717; x_wconf 76' lang='grc'>³⁷</span> <span class='ocrx_word' id='word_1_793' title='bbox 3771 4681 3843 4741; x_wconf 73' lang='grc' dir='ltr'>εἲς</span> 
     </span>
    </p>
   </div>
   <div class='ocr_carea' id='block_1_102' title="bbox 2193 4767 3842 4848">
    <p class='ocr_par' dir='ltr' id='par_1_102' title="bbox 2193 4767 3842 4848">
     <span class='ocr_line' id='line_1_103' title="bbox 2193 4767 3842 4848; baseline -0.001 -21"><span class='ocrx_word' id='word_1_794' title='bbox 2193 4772 2317 4834; x_wconf 81' lang='grc' dir='ltr'>τοὺς</span> <span class='ocrx_word' id='word_1_795' title='bbox 2353 4772 2588 4845; x_wconf 73' lang='grc' dir='ltr'>ἑτέρους,</span> <span class='ocrx_word' id='word_1_796' title='bbox 2638 4767 2790 4845; x_wconf 74' lang='grc' dir='ltr'>οὐδὲν</span> <span class='ocrx_word' id='word_1_797' title='bbox 2841 4767 3102 4844; x_wconf 81' lang='grc' dir='ltr'>ἄγροικον</span> <span class='ocrx_word' id='word_1_798' title='bbox 3162 4771 3375 4824; x_wconf 80' lang='grc' dir='ltr'>ὑπεῖναι</span> <span class='ocrx_word' id='word_1_799' title='bbox 3422 4773 3689 4848; x_wconf 77' lang='grc' dir='ltr'>φήσομεν,</span> <span class='ocrx_word' id='word_1_800' title='bbox 3730 4776 3842 4830; x_wconf 86' lang='grc' dir='ltr'>τοῖς</span> 
     </span>
    </p>
   </div>
   <div class='ocr_carea' id='block_1_103' title="bbox 2196 4856 3841 4935">
    <p class='ocr_par' dir='ltr' id='par_1_103' title="bbox 2196 4856 3841 4935">
     <span class='ocr_line' id='line_1_104' title="bbox 2196 4856 3841 4935; baseline -0.002 -17"><span class='ocrx_word' id='word_1_801' title='bbox 2196 4860 2241 4917; x_wconf 85' lang='grc' dir='ltr'>δ’</span> <span class='ocrx_word' id='word_1_802' title='bbox 2274 4859 2401 4918; x_wconf 73' lang='grc' dir='ltr'>οὐδὲ</span> <span class='ocrx_word' id='word_1_803' title='bbox 2432 4865 2549 4923; x_wconf 90' lang='grc' dir='ltr'>τοῖς</span> <span class='ocrx_word' id='word_1_804' title='bbox 2580 4859 2765 4919; x_wconf 82' lang='grc' dir='ltr'>αὐτοῖς</span> <span class='ocrx_word' id='word_1_805' title='bbox 2798 4859 3090 4932; x_wconf 82' lang='grc' dir='ltr'>ἀμύνεσθαι</span> <span class='ocrx_word' id='word_1_806' title='bbox 3122 4856 3390 4935; x_wconf 84' lang='grc' dir='ltr'>δώσομεν·</span> <span class='ocrx_word' id='word_1_807' title='bbox 3425 4859 3590 4915; x_wconf 74' lang='grc' dir='ltr'>ἔπειτ’</span> <span class='ocrx_word' id='word_1_808' title='bbox 3638 4859 3699 4915; x_wconf 81' lang='grc' dir='ltr'>ού</span> <span class='ocrx_word' id='word_1_809' title='bbox 3749 4866 3841 4916; x_wconf 84' lang='grc' dir='ltr'>τοῦ</span> 
     </span>
    </p>
   </div>
   <div class='ocr_carea' id='block_1_104' title="bbox 2194 4946 3840 5032">
    <p class='ocr_par' dir='ltr' id='par_1_104' title="bbox 2194 4946 3840 5032">
     <span class='ocr_line' id='line_1_105' title="bbox 2194 4946 3840 5032; baseline -0.002 -25"><span class='ocrx_word' id='word_1_810' title='bbox 2194 4956 2457 5032; x_wconf 79' lang='grc' dir='ltr'>φορτικοῦ</span> <span class='ocrx_word' id='word_1_811' title='bbox 2490 4949 2649 5026; x_wconf 80' lang='grc' dir='ltr'>χάριν</span> <span class='ocrx_word' id='word_1_812' title='bbox 2694 4948 2991 5023; x_wconf 72' lang='grc' dir='ltr'>εἰρήσεται,</span> <span class='ocrx_word' id='word_1_813' title='bbox 3040 4946 3189 5004; x_wconf 78' lang='grc' dir='ltr'>ἀλλὰ</span> <span class='ocrx_word' id='word_1_814' title='bbox 3239 4956 3338 5019; x_wconf 82' lang='grc' dir='ltr'>τῆς</span> <span class='ocrx_word' id='word_1_815' title='bbox 3387 4947 3731 5021; x_wconf 80' lang='grc' dir='ltr'>ἀποδείξεως,</span> <span class='ocrx_word' id='word_1_816' title='bbox 3783 4949 3840 5019; x_wconf 67' lang='grc' dir='ltr'>ἢν</span> 
     </span>
    </p>
   </div>
   <div class='ocr_carea' id='block_1_105' title="bbox 2191 5037 3087 5118">
    <p class='ocr_par' dir='ltr' id='par_1_105' title="bbox 2191 5037 3087 5118">
     <span class='ocr_line' id='line_1_106' title="bbox 2191 5037 3087 5118; baseline -0.003 -21"><span class='ocrx_word' id='word_1_817' title='bbox 2191 5040 2447 5114; x_wconf 78' lang='grc' dir='ltr'>οὐδαμοῦ</span> <span class='ocrx_word' id='word_1_818' title='bbox 2479 5038 2696 5100; x_wconf 76' lang='grc' dir='ltr'>τούτοις</span> <span class='ocrx_word' id='word_1_819' title='bbox 2726 5037 2859 5093; x_wconf 81' lang='grc' dir='ltr'>εἷναί</span> <span class='ocrx_word' id='word_1_820' title='bbox 2894 5058 3087 5118; x_wconf 86' lang='grc' dir='ltr'>φαμεν.</span> 
     </span>
    </p>
   </div>
   <div class='ocr_carea' id='block_1_106' title="bbox 1799 5215 2491 5277">
    <p class='ocr_par' dir='ltr' id='par_1_106' title="bbox 1799 5215 2491 5277">
     <span class='ocr_line' id='line_1_107' title="bbox 1799 5215 2491 5277; baseline -0.012 0"><span class='ocrx_word' id='word_1_821' title='bbox 1799 5220 2043 5277; x_wconf 63' lang='grc' dir='ltr'>νΑΒΙιΕ</span> <span class='ocrx_word' id='word_1_822' title='bbox 2082 5215 2491 5276; x_wconf 87' lang='lat' dir='ltr'>LECTIONES.</span> 
     </span>
    </p>
   </div>
   <div class='ocr_carea' id='block_1_107' title="bbox 516 5354 1737 5437">
    <p class='ocr_par' dir='ltr' id='par_1_107' title="bbox 516 5354 1737 5437">
     <span class='ocr_line' id='line_1_108' title="bbox 516 5354 1737 5437; baseline -0.006 -20"><span class='ocrx_word' id='word_1_823' title='bbox 516 5363 795 5437; x_wconf 45' lang='grc' dir='ltr'>15ἰζπερὶ</span> <span class='ocrx_word' id='word_1_824' title='bbox 827 5358 1061 5437; x_wconf 77' lang='grc' dir='ltr'>πολλῶν</span> <span class='ocrx_word' id='word_1_825' title='bbox 1092 5377 1208 5437; x_wconf 74' lang='lat' dir='ltr'>om.</span> <span class='ocrx_word' id='word_1_826' title='bbox 1243 5365 1309 5437; x_wconf 58' lang='grc' dir='ltr'>Βἒ</span> <span class='ocrx_word' id='word_1_827' title='bbox 1408 5354 1626 5437; x_wconf 44' lang='grc' dir='ltr'>1[ε’ίποι</span> <span class='ocrx_word' id='word_1_828' title='bbox 1675 5355 1737 5429; x_wconf 82' lang='grc' dir='ltr'>ς’</span> 
     </span>
    </p>
   </div>
   <div class='ocr_carea' id='block_1_108' title="bbox 447 5422 2110 5509">
    <p class='ocr_par' dir='ltr' id='par_1_108' title="bbox 447 5422 2110 5509">
     <span class='ocr_line' id='line_1_109' title="bbox 447 5422 2110 5509; baseline -0.007 -19"><span class='ocrx_word' id='word_1_829' title='bbox 447 5456 560 5509; x_wconf 60' lang='grc' dir='ltr'>πουΔ</span> <span class='ocrx_word' id='word_1_830' title='bbox 719 5422 745 5509; x_wconf 33' lang='grc' dir='ltr'>ι’</span> <span class='ocrx_word' id='word_1_831' title='bbox 781 5436 821 5469; x_wconf 87' lang='grc'>²¹</span> <span class='ocrx_word' id='word_1_832' title='bbox 870 5435 961 5487; x_wconf 84' lang='grc' dir='ltr'>καὶ</span> <span class='ocrx_word' id='word_1_833' title='bbox 1005 5434 1128 5509; x_wconf 68' lang='grc' dir='ltr'>γᾷιρ]</span> <span class='ocrx_word' id='word_1_834' title='bbox 1177 5451 1243 5509; x_wconf 38' lang='lat' dir='ltr'>p.‘</span> <span class='ocrx_word' id='word_1_835' title='bbox 1283 5433 1335 5487; x_wconf 77' lang='lat'>8.</span> <span class='ocrx_word' id='word_1_836' title='bbox 1390 5430 1475 5509; x_wconf 69' lang='lat'><strong><em>_”</em></strong></span> <span class='ocrx_word' id='word_1_837' title='bbox 1528 5422 1792 5509; x_wconf 50' lang='lat' dir='ltr'>cpgivséaz]</span> <span class='ocrx_word' id='word_1_838' title='bbox 1848 5422 2110 5509; x_wconf 53' lang='grc' dir='ltr'>δοκεῐΜᾹ.</span> 
     </span>
    </p>
   </div>
   <div class='ocr_carea' id='block_1_109' title="bbox 450 5495 2047 5578">
    <p class='ocr_par' dir='ltr' id='par_1_109' title="bbox 450 5495 2047 5578">
     <span class='ocr_line' id='line_1_110' title="bbox 450 5495 2047 5578; baseline -0.008 -15"><span class='ocrx_word' id='word_1_839' title='bbox 450 5514 507 5575; x_wconf 91' lang='grc' dir='ltr'>Β,</span> <span class='ocrx_word' id='word_1_840' title='bbox 541 5495 850 5578; x_wconf 68' lang='grc' dir='ltr'>ἀνᾶτρέπειν</span> <span class='ocrx_word' id='word_1_841' title='bbox 897 5514 940 5560; x_wconf 82' lang='grc' dir='ltr'><strong>Α</strong></span> <span class='ocrx_word' id='word_1_842' title='bbox 974 5524 986 5559; x_wconf 94' lang='lat'>:</span> <span class='ocrx_word' id='word_1_843' title='bbox 1018 5495 1128 5557; x_wconf 64' lang='grc' dir='ltr'>’ἃῖ</span> <span class='ocrx_word' id='word_1_844' title='bbox 1150 5495 1328 5578; x_wconf 65' lang='grc' dir='ltr'>τέρέπῃ</span> <span class='ocrx_word' id='word_1_845' title='bbox 1356 5501 1461 5578; x_wconf 35' lang='lat' dir='ltr'>Ag“.</span> <span class='ocrx_word' id='word_1_846' title='bbox 1541 5495 1613 5535; x_wconf 60' lang='grc' dir='ltr'>ἐδ</span> <span class='ocrx_word' id='word_1_847' title='bbox 1662 5495 1791 5578; x_wconf 54' lang='grc' dir='ltr'>οξίαηξ</span> <span class='ocrx_word' id='word_1_848' title='bbox 1833 5503 1896 5553; x_wconf 84' lang='grc' dir='ltr'><strong>Α.</strong></span> <span class='ocrx_word' id='word_1_849' title='bbox 2003 5495 2047 5578; x_wconf 57' lang='lat'>‘33</span> 
     </span>
    </p>
   </div>
   <div class='ocr_carea' id='block_1_110' title="bbox 446 5569 1917 5646">
    <p class='ocr_par' dir='ltr' id='par_1_110' title="bbox 446 5569 1917 5646">
     <span class='ocr_line' id='line_1_111' title="bbox 446 5569 1917 5646; baseline -0.011 -7"><span class='ocrx_word' id='word_1_850' title='bbox 446 5569 583 5638; x_wconf 83' lang='lat' dir='ltr'>add.</span> <span class='ocrx_word' id='word_1_851' title='bbox 618 5569 684 5630; x_wconf 55' lang='grc' dir='ltr'>Δί</span> <span class='ocrx_word' id='word_1_852' title='bbox 756 5576 801 5611; x_wconf 81' lang='grc' dir='ltr'>⁸ο</span> <span class='ocrx_word' id='word_1_853' title='bbox 826 5571 1067 5646; x_wconf 63' lang='grc' dir='ltr'>ἐνταῦθα]</span> <span class='ocrx_word' id='word_1_854' title='bbox 1103 5593 1156 5646; x_wconf 90' lang='lat' dir='ltr'>p_.</span> <span class='ocrx_word' id='word_1_855' title='bbox 1192 5569 1313 5633; x_wconf 49' lang='lat'>&#39;15.&#39;</span> <span class='ocrx_word' id='word_1_856' title='bbox 1354 5569 1418 5611; x_wconf 49' lang='lat'>3&quot;</span> <span class='ocrx_word' id='word_1_857' title='bbox 1433 5571 1651 5646; x_wconf 62' lang='grc' dir='ltr'>ἔνεστιν]</span> <span class='ocrx_word' id='word_1_858' title='bbox 1682 5569 1821 5646; x_wconf 57' lang='lat' dir='ltr'>eg?»</span> <span class='ocrx_word' id='word_1_859' title='bbox 1854 5576 1917 5646; x_wconf 30' lang='grc' dir='ltr'>Α]</span> 
     </span>
    </p>
   </div>
   <div class='ocr_carea' id='block_1_111' title="bbox 452 5638 1779 5728">
    <p class='ocr_par' dir='ltr' id='par_1_111' title="bbox 452 5638 1779 5728">
     <span class='ocr_line' id='line_1_112' title="bbox 452 5638 1779 5728; baseline -0.005 -21"><span class='ocrx_word' id='word_1_860' title='bbox 452 5667 638 5728; x_wconf 72' lang='grc' dir='ltr'>ροντος</span> <span class='ocrx_word' id='word_1_861' title='bbox 672 5652 728 5700; x_wconf 91' lang='grc' dir='ltr'>Β.</span> <span class='ocrx_word' id='word_1_862' title='bbox 823 5646 875 5728; x_wconf 58' lang='grc' dir='ltr'>ξ⁸</span> <span class='ocrx_word' id='word_1_863' title='bbox 904 5638 1200 5728; x_wconf 65' lang='grc' dir='ltr'>μεταλάϐοι</span> <span class='ocrx_word' id='word_1_864' title='bbox 1238 5654 1277 5704; x_wconf 87' lang='grc' dir='ltr'><strong>Β</strong></span> <span class='ocrx_word' id='word_1_865' title='bbox 1316 5667 1326 5704; x_wconf 88' lang='lat'>:</span> <span class='ocrx_word' id='word_1_866' title='bbox 1366 5638 1662 5717; x_wconf 77' lang='grc' dir='ltr'>μεταϐάλοί</span> 
     </span>
    </p>
   </div>
   <div class='ocr_carea' id='block_1_112' title="bbox 459 5719 1032 5798">
    <p class='ocr_par' dir='ltr' id='par_1_112' title="bbox 459 5719 1032 5798">
     <span class='ocr_line' id='line_1_113' title="bbox 459 5719 1032 5798; baseline -0.005 -22"><span class='ocrx_word' id='word_1_867' title='bbox 459 5719 477 5763; x_wconf 72' lang='grc'>⁷</span> <span class='ocrx_word' id='word_1_868' title='bbox 513 5719 936 5798; x_wconf 86' lang='grc' dir='ltr'>βλασφημοῦσιν</span> <span class='ocrx_word' id='word_1_869' title='bbox 965 5722 1032 5773; x_wconf 79' lang='grc' dir='ltr'>Α.</span> 
     </span>
    </p>
   </div>
   <div class='ocr_carea' id='block_1_113' title="bbox 1867 5344 3157 5430">
    <p class='ocr_par' dir='ltr' id='par_1_113' title="bbox 1867 5344 3157 5430">
     <span class='ocr_line' id='line_1_114' title="bbox 1867 5344 3157 5430; baseline 0.002 -24"><span class='ocrx_word' id='word_1_870' title='bbox 1867 5353 1912 5430; x_wconf 52' lang='grc' dir='ltr'><strong>Ψ</strong></span> <span class='ocrx_word' id='word_1_871' title='bbox 1960 5351 2094 5430; x_wconf 81' lang='grc' dir='ltr'>δοκῇ</span> <span class='ocrx_word' id='word_1_872' title='bbox 2148 5346 2426 5430; x_wconf 29' lang='grc' dir='ltr'>Βεηδοκςεῖ</span> <span class='ocrx_word' id='word_1_873' title='bbox 2640 5346 2684 5383; x_wconf 78' lang='grc'>¹⁹</span> <span class='ocrx_word' id='word_1_874' title='bbox 2716 5344 3157 5430; x_wconf 48' lang='grc' dir='ltr'>,ᾀκροδεσραιρΔ-</span> 
     </span>
    </p>
   </div>
   <div class='ocr_carea' id='block_1_114' title="bbox 2094 5494 2438 5567">
    <p class='ocr_par' dir='ltr' id='par_1_114' title="bbox 2094 5494 2438 5567">
     <span class='ocr_line' id='line_1_115' title="bbox 2094 5494 2438 5567; baseline -0.009 -20"><span class='ocrx_word' id='word_1_875' title='bbox 2094 5495 2143 5567; x_wconf 36' lang='grc' dir='ltr'>γέ</span> <span class='ocrx_word' id='word_1_876' title='bbox 2194 5494 2324 5567; x_wconf 59' lang='lat' dir='ltr'>add.</span> <span class='ocrx_word' id='word_1_877' title='bbox 2380 5495 2438 5546; x_wconf 86' lang='grc' dir='ltr'><strong>Β.</strong></span> 
     </span>
    </p>
   </div>
   <div class='ocr_carea' id='block_1_115' title="bbox 2024 5555 3831 5635">
    <p class='ocr_par' dir='ltr' id='par_1_115' title="bbox 2024 5555 3831 5635">
     <span class='ocr_line' id='line_1_116' title="bbox 2024 5555 3831 5635; baseline -0.006 -14"><span class='ocrx_word' id='word_1_878' title='bbox 2024 5569 2068 5603; x_wconf 62' lang='grc'>³2</span> <span class='ocrx_word' id='word_1_879' title='bbox 2100 5555 2182 5635; x_wconf 76' lang='grc' dir='ltr'>ὁῦ]</span> <span class='ocrx_word' id='word_1_880' title='bbox 2216 5563 2276 5618; x_wconf 84' lang='grc' dir='ltr'>ού</span> <span class='ocrx_word' id='word_1_881' title='bbox 2308 5570 2370 5619; x_wconf 83' lang='grc' dir='ltr'>Α.</span> <span class='ocrx_word' id='word_1_882' title='bbox 2464 5562 2511 5597; x_wconf 80' lang='grc'>³³</span> <span class='ocrx_word' id='word_1_883' title='bbox 2539 5560 2605 5630; x_wconf 73' lang='grc' dir='ltr'>ἦν</span> <span class='ocrx_word' id='word_1_884' title='bbox 2632 5577 2757 5635; x_wconf 85' lang='lat' dir='ltr'>om.</span> <span class='ocrx_word' id='word_1_885' title='bbox 2791 5565 2856 5635; x_wconf 58' lang='grc' dir='ltr'>ᾼ,</span> <span class='ocrx_word' id='word_1_886' title='bbox 2890 5555 3021 5635; x_wconf 80' lang='lat' dir='ltr'>post</span> <span class='ocrx_word' id='word_1_887' title='bbox 3049 5555 3223 5635; x_wconf 70' lang='grc' dir='ltr'>ἱᾷρῲς</span> <span class='ocrx_word' id='word_1_888' title='bbox 3248 5558 3499 5635; x_wconf 21' lang='grc' dir='ltr'>ροιιίιᾼΒ.</span> <span class='ocrx_word' id='word_1_889' title='bbox 3529 5628 3538 5635; x_wconf 35' lang='grc'>.</span> <span class='ocrx_word' id='word_1_890' title='bbox 3591 5558 3636 5593; x_wconf 63' lang='grc'>⁸4</span> <span class='ocrx_word' id='word_1_891' title='bbox 3668 5555 3831 5635; x_wconf 45' lang='lat' dir='ltr'>eius}</span> 
     </span>
    </p>
   </div>
   <div class='ocr_carea' id='block_1_116' title="bbox 1883 5580 3826 5711">
    <p class='ocr_par' dir='ltr' id='par_1_116' title="bbox 1883 5580 3826 5711">
     <span class='ocr_line' id='line_1_117' title="bbox 1883 5580 3826 5635; baseline -0.007 -11"><span class='ocrx_word' id='word_1_892' title='bbox 1883 5598 1917 5624; x_wconf 64' lang='grc' dir='ltr'>λ.</span> <span class='ocrx_word' id='word_1_893' title='bbox 2024 5580 2068 5603; x_wconf 73' lang='grc' dir='ltr'>δτ</span> <span class='ocrx_word' id='word_1_894' title='bbox 2100 5580 2182 5635; x_wconf 81' lang='grc' dir='ltr'>ου]</span> <span class='ocrx_word' id='word_1_895' title='bbox 2216 5580 2276 5618; x_wconf 81' lang='grc' dir='ltr'>ου</span> <span class='ocrx_word' id='word_1_896' title='bbox 2308 5580 2370 5619; x_wconf 79' lang='grc' dir='ltr'>Α.</span> <span class='ocrx_word' id='word_1_897' title='bbox 2464 5580 2511 5597; x_wconf 64' lang='grc' dir='ltr'>οδ</span> <span class='ocrx_word' id='word_1_898' title='bbox 2539 5580 2605 5630; x_wconf 76' lang='grc' dir='ltr'>ην</span> <span class='ocrx_word' id='word_1_899' title='bbox 2645 5580 2757 5617; x_wconf 84' lang='lat' dir='ltr'>om.</span> <span class='ocrx_word' id='word_1_900' title='bbox 2791 5580 2856 5629; x_wconf 69' lang='grc' dir='ltr'>Δ,</span> <span class='ocrx_word' id='word_1_901' title='bbox 2890 5580 3021 5632; x_wconf 72' lang='lat' dir='ltr'>poet.</span> <span class='ocrx_word' id='word_1_902' title='bbox 3053 5580 3215 5631; x_wconf 85' lang='grc' dir='ltr'>ιορως</span> <span class='ocrx_word' id='word_1_903' title='bbox 3248 5580 3410 5627; x_wconf 73' lang='lat' dir='ltr'>punit</span> <span class='ocrx_word' id='word_1_904' title='bbox 3437 5580 3499 5612; x_wconf 72' lang='grc' dir='ltr'>υ.</span> <span class='ocrx_word' id='word_1_905' title='bbox 3591 5580 3636 5593; x_wconf 73' lang='grc' dir='ltr'>’τ</span> <span class='ocrx_word' id='word_1_906' title='bbox 3668 5580 3753 5611; x_wconf 69' lang='lat' dir='ltr'>ora</span> <span class='ocrx_word' id='word_1_907' title='bbox 3784 5580 3826 5610; x_wconf 25' lang='lat' dir='ltr'>rs-</span> 
     </span>
     <span class='ocr_line' id='line_1_118' title="bbox 1883 5580 3826 5711; baseline -0.007 -16"><span class='ocrx_word' id='word_1_908' title='bbox 1883 5641 1929 5679; x_wconf 72' lang='grc'>³⁸</span> <span class='ocrx_word' id='word_1_909' title='bbox 1956 5646 2055 5709; x_wconf 85' lang='grc' dir='ltr'>τῆς</span> <span class='ocrx_word' id='word_1_910' title='bbox 2086 5636 2289 5711; x_wconf 44' lang='grc' dir='ltr'>λὲτέρας</span> <span class='ocrx_word' id='word_1_911' title='bbox 2342 5633 2759 5707; x_wconf 71' lang='grc' dir='ltr'>προϊσταμένοις</span> <span class='ocrx_word' id='word_1_912' title='bbox 2800 5633 2841 5688; x_wconf 88' lang='grc' dir='ltr'>Β</span> <span class='ocrx_word' id='word_1_913' title='bbox 2877 5648 2889 5687; x_wconf 91' lang='lat'><strong>:</strong></span> <span class='ocrx_word' id='word_1_914' title='bbox 2929 5631 3028 5697; x_wconf 80' lang='grc' dir='ltr'>τήν</span> <span class='ocrx_word' id='word_1_915' title='bbox 3077 5629 3259 5703; x_wconf 70' lang='grc' dir='ltr'>ἑτέραν</span> <span class='ocrx_word' id='word_1_916' title='bbox 3310 5628 3708 5701; x_wconf 75' lang='grc' dir='ltr'>προῖστάμενος</span> 
     </span>
    </p>
   </div>
   <div class='ocr_carea' id='block_1_117' title="bbox 3262 5342 3830 5414">
    <p class='ocr_par' dir='ltr' id='par_1_117' title="bbox 3262 5342 3830 5414">
     <span class='ocr_line' id='line_1_119' title="bbox 3262 5342 3830 5414; baseline -0.005 0"><span class='ocrx_word' id='word_1_917' title='bbox 3262 5342 3308 5377; x_wconf 80' lang='grc'>³⁰</span> <span class='ocrx_word' id='word_1_918' title='bbox 3337 5342 3537 5414; x_wconf 54' lang='grc' dir='ltr'>μήπω</span> <span class='ocrx_word' id='word_1_919' title='bbox 3602 5345 3697 5399; x_wconf 67' lang='lat' dir='ltr'>At</span> <span class='ocrx_word' id='word_1_920' title='bbox 3764 5345 3830 5414; x_wconf 68' lang='lat' dir='ltr'>in:</span> 
     </span>
    </p>
   </div>
   <div class='ocr_carea' id='block_1_118' title="bbox 3216 5409 3831 5486">
    <p class='ocr_par' dir='ltr' id='par_1_118' title="bbox 3216 5409 3831 5486">
     <span class='ocr_line' id='line_1_120' title="bbox 3216 5409 3831 5486; baseline 0.008 -21"><span class='ocrx_word' id='word_1_921' title='bbox 3216 5413 3264 5448; x_wconf 78' lang='grc'>²⁵</span> <span class='ocrx_word' id='word_1_922' title='bbox 3323 5409 3382 5466; x_wconf 75' lang='grc' dir='ltr'>ἂν</span> <span class='ocrx_word' id='word_1_923' title='bbox 3433 5409 3638 5486; x_wconf 63' lang='grc' dir='ltr'>’πρέποι</span> <span class='ocrx_word' id='word_1_924' title='bbox 3694 5409 3831 5486; x_wconf 71' lang='lat' dir='ltr'>corr.</span> 
     </span>
    </p>
   </div>
   <div class='ocr_carea' id='block_1_119' title="bbox 2216 5414 3799 5538">
    <p class='ocr_par' dir='ltr' id='par_1_119' title="bbox 2216 5414 3799 5538">
     <span class='ocr_line' id='line_1_121' title="bbox 2216 5414 3799 5492; baseline -0.003 -17"><span class='ocrx_word' id='word_1_925' title='bbox 2216 5423 2262 5457; x_wconf 75' lang='grc'>³³</span> <span class='ocrx_word' id='word_1_926' title='bbox 2311 5421 2384 5492; x_wconf 84' lang='grc' dir='ltr'>τι]</span> <span class='ocrx_word' id='word_1_927' title='bbox 2434 5414 2513 5491; x_wconf 70' lang='grc' dir='ltr'>γε’</span> <span class='ocrx_word' id='word_1_928' title='bbox 2550 5425 2612 5473; x_wconf 82' lang='grc' dir='ltr'>Α.</span> <span class='ocrx_word' id='word_1_929' title='bbox 2716 5417 2763 5453; x_wconf 63' lang='grc'>³⁸</span> <span class='ocrx_word' id='word_1_930' title='bbox 2808 5414 2967 5471; x_wconf 70' lang='grc' dir='ltr'>’ταῦτ’</span> <span class='ocrx_word' id='word_1_931' title='bbox 3216 5414 3264 5448; x_wconf 80' lang='grc'>²⁵</span> <span class='ocrx_word' id='word_1_932' title='bbox 3323 5414 3382 5466; x_wconf 75' lang='grc' dir='ltr'>ἂν</span> <span class='ocrx_word' id='word_1_933' title='bbox 3438 5414 3638 5486; x_wconf 70' lang='grc' dir='ltr'>πρέποι</span> <span class='ocrx_word' id='word_1_934' title='bbox 3694 5432 3799 5470; x_wconf 72' lang='lat' dir='ltr'>cor!</span> 
     </span>
     <span class='ocr_line' id='line_1_122' title="bbox 2216 5482 3799 5538; baseline 0 0"><span class='ocrx_word' id='word_1_935' title='bbox 2216 5494 2320 5538; x_wconf 58' lang='lat' dir='ltr'>“id,</span> <span class='ocrx_word' id='word_1_936' title='bbox 2381 5495 2438 5538; x_wconf 84' lang='lat' dir='ltr'>R.</span> <span class='ocrx_word' id='word_1_937' title='bbox 2540 5490 2588 5524; x_wconf 71' lang='grc'>³8</span> <span class='ocrx_word' id='word_1_938' title='bbox 2632 5488 2687 5538; x_wconf 75' lang='grc' dir='ltr'>ἓν</span> <span class='ocrx_word' id='word_1_939' title='bbox 2731 5489 2917 5538; x_wconf 73' lang='grc' dir='ltr'>τοῦτο]</span> <span class='ocrx_word' id='word_1_940' title='bbox 2967 5484 3021 5538; x_wconf 83' lang='grc' dir='ltr'>ἐν</span> <span class='ocrx_word' id='word_1_941' title='bbox 3068 5484 3244 5538; x_wconf 86' lang='grc' dir='ltr'>τούτω</span> <span class='ocrx_word' id='word_1_942' title='bbox 3288 5487 3347 5538; x_wconf 91' lang='grc' dir='ltr'><strong>Β.</strong></span> <span class='ocrx_word' id='word_1_943' title='bbox 3451 5487 3498 5521; x_wconf 75' lang='grc'>²⁹</span> <span class='ocrx_word' id='word_1_944' title='bbox 3544 5482 3626 5538; x_wconf 73' lang='grc' dir='ltr'>ἐπ’</span> <span class='ocrx_word' id='word_1_945' title='bbox 3676 5485 3799 5538; x_wconf 62' lang='lat' dir='ltr'>muti</span> 
     </span>
    </p>
   </div>
   <div class='ocr_carea' id='block_1_120' title="bbox 3574 5505 3831 5552">
    <p class='ocr_par' dir='ltr' id='par_1_120' title="bbox 3574 5505 3831 5552">
     <span class='ocr_line' id='line_1_123' title="bbox 3574 5505 3831 5552; baseline 0.004 -14"><span class='ocrx_word' id='word_1_946' title='bbox 3574 5505 3612 5538; x_wconf 83' lang='grc' dir='ltr'>π</span> <span class='ocrx_word' id='word_1_947' title='bbox 3676 5506 3831 5552; x_wconf 65' lang='grc' dir='ltr'>αυτ-ης</span> 
     </span>
    </p>
   </div>
   <div class='ocr_carea' id='block_1_121' title="bbox 2540 5484 3347 5560">
    <p class='ocr_par' dir='ltr' id='par_1_121' title="bbox 2540 5484 3347 5560">
     <span class='ocr_line' id='line_1_124' title="bbox 2540 5484 3347 5560; baseline -0.005 -18"><span class='ocrx_word' id='word_1_948' title='bbox 2540 5490 2588 5524; x_wconf 72' lang='grc'>³8</span> <span class='ocrx_word' id='word_1_949' title='bbox 2632 5488 2687 5542; x_wconf 75' lang='grc' dir='ltr'>’ἐν</span> <span class='ocrx_word' id='word_1_950' title='bbox 2731 5489 2917 5560; x_wconf 89' lang='grc' dir='ltr'>τοῦτο]</span> <span class='ocrx_word' id='word_1_951' title='bbox 2967 5484 3021 5540; x_wconf 83' lang='grc' dir='ltr'>ἐν</span> <span class='ocrx_word' id='word_1_952' title='bbox 3042 5484 3244 5560; x_wconf 45' lang='grc' dir='ltr'>ἶτούτῳ</span> <span class='ocrx_word' id='word_1_953' title='bbox 3288 5487 3347 5539; x_wconf 90' lang='grc' dir='ltr'><strong>Β.</strong></span> 
     </span>
    </p>
   </div>
   <div class='ocr_carea' id='block_1_122' title="bbox 2464 5555 3499 5632">
    <p class='ocr_par' dir='ltr' id='par_1_122' title="bbox 2464 5555 3499 5632">
     <span class='ocr_line' id='line_1_125' title="bbox 2464 5555 3499 5632; baseline 0.015 -36"><span class='ocrx_word' id='word_1_954' title='bbox 2464 5562 2511 5597; x_wconf 78' lang='lat' dir='ltr'>ss</span> <span class='ocrx_word' id='word_1_955' title='bbox 2539 5560 2605 5630; x_wconf 66' lang='grc' dir='ltr'>ἦν</span> <span class='ocrx_word' id='word_1_956' title='bbox 2645 5577 2757 5617; x_wconf 67' lang='lat' dir='ltr'>om,</span> <span class='ocrx_word' id='word_1_957' title='bbox 2791 5565 2856 5629; x_wconf 73' lang='grc' dir='ltr'>Α,</span> <span class='ocrx_word' id='word_1_958' title='bbox 2890 5555 3021 5632; x_wconf 74' lang='lat' dir='ltr'>post</span> <span class='ocrx_word' id='word_1_959' title='bbox 3049 5555 3223 5632; x_wconf 67' lang='grc' dir='ltr'>ἱδρὼς</span> <span class='ocrx_word' id='word_1_960' title='bbox 3248 5558 3410 5627; x_wconf 88' lang='lat' dir='ltr'>ponit</span> <span class='ocrx_word' id='word_1_961' title='bbox 3437 5561 3499 5612; x_wconf 88' lang='grc' dir='ltr'>Β.</span> 
     </span>
    </p>
   </div>
  </div>
