4066 6216
266 351 422 415 1493

1347 359 1891 422 BIBLlOTHECA.
1937 394 2015 405 —
2057 361 2230 422 COD.
2279 362 2609 425 CCXLV”.

3516 363 3671 424 1194

334 487 539 562 Πολλῷ
600 488 748 564 μέντ’
801 487 861 544 ἄν
920 489 1088 546 πλέον
1131 489 1345 547 ἐκείνων
1397 490 1749 566 ἐλλείποιμεν
1809 494 1906 549 τοῦ

2094 498 2278 568 Atque
2309 496 2493 570 magis
2521 496 2701 552 multo
2733 494 3078 561 videbimus,
3102 496 3148 551 si
3174 496 3457 553 rationem
3493 496 3672 552 relin-

260 585 562 661 σωφρονεῖν
601 581 667 638 ³⁸.
701 581 907 635 Οὐκοῦν
959 584 1108 655 παρὰ
1137 583 1352 639 πάντων
1403 585 1476 646 ὡς
1526 587 1653 658 [670
1686 587 1777 657 Η.]
1827 584 1903 638 εί-

261 676 380 726 πεῖν
439 674 544 724 τῶν
605 673 736 725 θεῶν
811 672 1077 746 μαρτυρία
1128 671 1217 726 καὶ
1274 676 1455 751 ψῆφος
1523 673 1755 742 ἐπῆκται
1817 677 1912 729 τοῦ

264 756 500 833 μηδενὸς
533 756 680 828 ἄξιον
711 759 850 814 εἶναι
902 761 994 815 τὸν
1042 765 1291 816 τοιοῦτον
1340 761 1521 838 λόγον,
1575 761 1722 824 ὅστις
1753 764 1789 834 ἢ
1819 765 1918 832 τήν

260 849 466 924 τέχνην
500 853 651 918 ζητεῖ
680 849 714 918 ἢ
749 847 998 925 φαυλίζει
1028 851 1091 905 τὸ
1126 852 1201 922 μή
1254 850 1345 906 σὺν
1390 852 1563 926 ταύτῃ
1614 856 1916 928 πανταχοῦ.

263 937 376 994 Εἶτ’
406 937 456 973 39
487 935 601 1004 οὖν,
634 935 678 991 ὦ
709 938 846 1011 πρὸς
879 938 1024 1006 Διὸς,
1068 937 1120 995 ἐν
1166 940 1352 1015 μέτρῳ
1404 941 1498 1014 μὲν
1551 941 1718 996 εἰπεῖν
1772 963 1916 1014 μου-

264 1026 712 1100 σοληπτούμενον
744 1025 865 1082 ἄνευ
901 1028 1106 1104 τέχνης
1138 1026 1204 1084 οὒ
1246 1027 1441 1098 δεινὸν,
1475 1029 1621 1086 ἀλλὰ
1651 1030 1738 1086 καὶ
1772 1032 1913 1086 θεῖον

265 1114 543 1178 πολλάκις
600 1113 808 1186 (ὥσπερ
859 1118 912 1170 οἱ
953 1117 1181 1194 ῥήτορες
1235 1119 1327 1192 ⁴⁰),
1387 1118 1588 1176 οὐτωσὶ
1638 1117 1695 1174 δὲ
1746 1119 1912 1176 εἰπεῖν

262 1204 330 1261 τὰ
364 1204 621 1281 βέλτιστα
653 1202 850 1276 δεινὸν,
881 1207 970 1261 ἐὰν
1005 1207 1081 1280 μή
1115 1206 1206 1262 σὺν
1239 1207 1409 1283 τέχνῃ
1440 1228 1454 1278 ;
1489 1210 1629 1285 Ἐγὼ
1673 1210 1766 1282 μὲν
1812 1210 1912 1283 γὰρ

263 1293 372 1370 οὐχ
403 1297 517 1370 ὁρῶ
546 1295 645 1364 τήν
678 1293 937 1369 ἀνάγκην.
983 1300 1106 1360 Πῶς
1138 1297 1241 1373 γὰρ
1275 1297 1373 1353 οὐκ
1409 1296 1632 1366 ἄτοπον,
1678 1298 1721 1352 εἰ
1755 1299 1782 1352 6
1816 1299 1910 1370 μὲν

259 1385 502 1454 ποιητὴς
531 1383 656 1438 ἄνευ
685 1384 888 1463 τέχνης
921 1391 1094 1441 ποιῶν
1126 1387 1301 1461 ὀρθῶς
1333 1388 1424 1442 τὸν
1475 1387 1682 1461 ῥήτορα
1735 1389 1911 1460 μιμή-

263 1493 412 1528 σεται
441 1473 532 1528 καὶ
568 1473 635 1528 τὰ
669 1473 927 1548 βέλτιστα
951 1473 1063 1549 ἐρεῖ
1110 1476 1178 1546 ⁴¹,
1213 1477 1240 1530 6
1273 1477 1459 1551 ῥήτωρ
1514 1473 1560 1530 δ’
1608 1475 1769 1538 αὐτὸς
1815 1473 1913 1532 οὒκ

259 1559 372 1635 ἒρεῖ
399 1563 464 1618 τὰ
499 1561 778 1637 βέλτιστα,
813 1561 900 1616 ἐὰν
938 1563 1014 1636 μή
1047 1564 1141 1617 σὺν
1174 1564 1220 1600 ⁴ἳ
1247 1565 1416 1638 τέχνῃ
1445 1584 1458 1633 ;
1508 1563 1572 1618 Εἰ
1620 1563 1813 1620 τοίνων
1847 1567 1912 1637 ⁸³,

258 1650 304 1704 ὦ
336 1654 435 1708 Ζεῦ
465 1651 554 1706 καὶ
586 1651 723 1718 Θεοὶ,
758 1650 923 1724 μανία
955 1652 1039 1713 τίς
1086 1652 1226 1708 ἐστιν
1275 1653 1510 1727 ἃμείνων
1558 1652 1911 1730 σωφροσύνης

256 1741 350 1795 καὶ
398 1741 545 1815 παρά
611 1743 743 1794 θεῶν
828 1739 1137 1815 ἂνθρώποις
1193 1739 1516 1818 γιγνομένη,
1574 1745 1691 1803 πῶς
1763 1739 1908 1810 ἄξιον

2025 601 2292 657 quamus.
2327 587 2448 652 Quo
2498 586 2580 652 tit,
2615 589 2677 640 ut
2705 600 2907 641 omnes
2957 585 3373 655 propemodum
3418 585 3496 641 dii
3541 587 3669 641 suf-

2025 675 2206 744 fragio
2228 691 2334 731 suo
2361 679 2671 738 testentur,
2691 673 3176 729 contemnendam
3200 689 3326 727 esse
3350 675 3664 730 orationem

2029 780 2155 820 eam
2187 781 2311 836 quae
2343 765 2430 820 vel
2462 768 2640 820 artem
2675 763 2896 834 quaerit,
2923 761 3006 818 vel
3028 761 3087 815 id
3108 762 3260 832 quod
3295 778 3425 816 cum
3459 779 3525 818 ea
3556 781 3668 819 non

2029 853 2105 909 sit
2134 854 2528 924 conjunctum,
2552 853 2862 924 vituperat.
2889 851 3035 920 Ergo
3060 850 3106 904 si
3131 849 3262 919 quis
3285 866 3516 905 carmen
3546 851 3672 906 sine

2023 947 2145 998 arte
2193 943 2413 1008 fecerit,
2447 942 2554 998 hoc
2605 957 2718 996 non
2772 939 3026 1004 difﬁcile,
3060 940 3160 993 sed
3209 939 3472 994 divinum
3523 956 3673 1009 saepe

2015 1031 2380 1104 judicabitur
2422 1029 2944 1101 (quemadmodum
2978 1028 3240 1084 rhetores
3281 1027 3420 1098 sint)
3452 1028 3674 1099 optime

2023 1120 2150 1175 sine
2203 1125 2324 1174 arte
2369 1119 2600 1188 dixerit,
2635 1133 2916 1188 magnum
2962 1116 3116 1171 erit?
3147 1116 3428 1187 Equidem
3471 1133 3574 1170 cur
3614 1117 3671 1171 id

2022 1209 2125 1264 fiat
2173 1225 2289 1265 non
2340 1208 2524 1264 video.
2560 1207 2888 1263 Absurdum
2925 1206 3080 1260 enim
3134 1207 3300 1275 foret,
3330 1221 3460 1260 cum
3504 1210 3672 1276 poeta

2021 1300 2145 1356 sine
2175 1304 2297 1355 arte
2328 1307 2614 1356 oratorem
2649 1298 2828 1369 possit
2869 1295 3087 1352 imitari
3127 1301 3182 1350 et
3223 1295 3439 1365 Optime
3460 1295 3669 1360 dicere,

2021 1390 2072 1446 si
2103 1395 2294 1445 orator
2345 1390 2470 1460 ipse
2501 1387 2628 1444 sine
2657 1391 2781 1442 arte
2823 1385 3044 1457 Optime
3093 1385 3283 1440 dicere
3315 1401 3427 1440 non
3464 1386 3671 1456 possit.

2022 1479 2185 1546 Quod
2217 1479 2266 1534 si
2296 1493 2455 1550 ergo,
2487 1477 2716 1549 Jupiter
2745 1493 2810 1531 ac
2843 1476 2920 1530 dii
2967 1491 3190 1542 omnes,
3226 1476 3384 1530 furor
3429 1479 3516 1531 est
3564 1475 3670 1530 ali-

2021 1567 2156 1639 quis
2186 1583 2330 1622 sana
2364 1570 2556 1622 mente
2603 1565 2827 1631 melior,
2862 1563 3084 1636 quique
3120 1563 3398 1619 divinitus
3446 1563 3671 1620 homini

2021 1658 2294 1724 donetur,
2318 1671 2421 1712 cur
2441 1655 2496 1710 id
2521 1671 2698 1710 omne
2729 1654 2878 1725 quod
2904 1658 3026 1708 arte
3049 1656 3242 1708 careat
3262 1653 3671 1725 vituperemus,

2022 1750 2120 1801 aut
2174 1761 2276 1802 cur
2326 1745 2678 1801 rhetoricam
2735 1749 2968 1816 turpem
3021 1752 3234 1800 temere
3291 1743 3672 1799 duxerimus?

260 1833 366 1883 πᾶν
399 1849 458 1905 γε
490 1829 537 1864 ⁴⁴
567 1830 627 1883 τὸ
663 1832 739 1902 μὴ
788 1830 954 1904 τέχνῃ
1003 1830 1290 1907 γινόμενον
1330 1831 1536 1906 ψέγειν,
1569 1831 1602 1900 ἢ
1637 1834 1752 1892 πῶς
1805 1831 1906 1904 ῥη-

2024 1836 2135 1892 Sed
2167 1835 2379 1891 alicubi
2413 1835 2746 1906 prteclarius
2774 1851 2899 1890 esse
2921 1851 2986 1889 ac
3008 1834 3119 1890 diis
3149 1834 3373 1906 gratius
3405 1851 3532 1890 esse
3563 1835 3670 1890 arti

258 1919 484 1991 τορικήν
540 1917 733 1981 ἁπλῶς
773 1921 817 1955 ⁴⁸
868 1919 1095 1993 αἰσχρὸν
1147 1921 1434 1995 ἡγεῖσθαις
1485 1918 1642 1976 Ἀλλ’
1681 1914 1819 1974 ἔστιν
1867 1922 1912 1958 ⁴⁶

262 2009 324 2064 οὗ
351 2009 441 2062 καὶ
495 2006 880 2084 λαμπρότερον
933 2010 1022 2064 καὶ
1082 2007 1493 2088 Θεοφιλέστερον
1551 2011 1684 2064 εἶναι
1727 2010 1788 2064 τὸ
1832 2012 1908 2084 μὴ

259 2093 537 2151 δουλεύειν
562 2097 756 2171 τέχνῃ.
793 2101 990 2176 Σαφῶς
1022 2096 1127 2174 γὰρ
1158 2097 1358 2152 οὑτωσὶ
1408 2097 1636 2153 Πλάτων
1676 2095 1911 2174 διορίζε-

259 2206 368 2256 ται,
402 2185 465 2240 τὸ
500 2187 576 2258 μή
611 2182 722 2240 δεῖν
765 2186 852 2241 ἐπὶ
900 2191 1007 2241 τῶν
1069 2186 1335 2260 μεγίστων
1383 2188 1585 2262 τέχνην
1620 2192 1796 2258 ζητεῖν
1845 2188 1909 2244 ⁴⁷.

261 2277 360 2330 Καὶ
399 2275 506 2347 μὴν
539 2277 584 2310 ⁴⁸
615 2274 658 2330 εἰ
694 2275 790 2348 μὲν
823 2275 1134 2346 ἀξιόπιστος
1170 2276 1423 2348 Πλάτων,
1476 2276 1637 2339 αὐτός
1679 2279 1724 2314 ‘9
1767 2275 1908 2332 ἐστιν

259 2362 287 2417 6
322 2364 396 2436 μή
431 2360 614 2427 διδοὺς
643 2368 711 2438 τῇ
739 2364 906 2438 τέχνῃ
934 2366 978 2401 ⁵ο
1007 2364 1074 2420 τὰ
1116 2359 1393 2438 πρεσϐεῖα.
1438 2364 1483 2420 εἷ
1516 2363 1572 2420 δέ
1631 2365 1715 2439 [τὸ
1763 2365 1911 2436 ἀξιό-

258 2471 447 2505 πιστον
479 2454 544 2520 ἦν
596 2449 678 2522 ἂν]
736 2449 861 2507 οὐδὲ
907 2453 952 2488 ⁵¹
1011 2452 1172 2508 τοῦτό
1213 2475 1294 2516 τις
1346 2459 1628 2528 συγχωρεῖ
1676 2457 1744 2523 ⁸³,
1793 2459 1909 2516 πῶς

258 2539 523 2616 ῥητορική
561 2537 650 2594 διὰ
680 2540 808 2602 τοὺς
841 2539 1044 2596 ἐκείνου
1086 2541 1287 2617 λόγους
1318 2542 1551 2618 αἰσχρόν
1579 2562 1592 2612 ;
1627 2546 1784 2619 [1241
1820 2547 1909 2618 Ρι.]

261 2630 401 2705 Ἐγὼ
462 2627 518 2684 δὲ
557 2629 867 2699 ἀξιόπιστον
929 2632 1022 2704 μὲν
1082 2637 1203 2692 τοῖς
1261 2628 1418 2695 ὅλοις
1478 2630 1698 2697 οὐδενὸς
1746 2637 1908 2704 ἧττον

255 2723 365 2774 τῶν
421 2718 470 2753 ⁵³
518 2718 801 2788 Ἑλλήνων
851 2721 900 2756 ⁵⁸
941 2722 1206 2794 ἠγοῦμαι,
1247 2718 1426 2790 ἡδέως
1477 2719 1522 2776 δ’
1573 2722 1632 2777 ἃν
1679 2721 1908 2798 ἐροίμην

259 2807 384 2868 τοὸς
426 2809 561 2882 πρὸς
609 2808 810 2863 ἐκείνου
859 2810 1042 2880 πότερ’
1091 2812 1136 2848 ⁵⁵
1175 2811 1322 2885 αὖτῷ
1370 2811 1590 2886 μᾶλλον
1641 2816 1908 2869 πιστεύειν

261 2895 432 2967 ἃξιον,
488 2902 656 2953 ταῦτα
701 2899 734 2968 ἢ
787 2904 937 2955 κείνα
985 2903 1049 2960 ⁵⁸,
1110 2901 1215 2958 Καὶ
1277 2903 1384 2976 μὴν
1445 2905 1488 2958 εἰ
1545 2903 1612 2960 τὰ
1670 2905 1908 2978 μάλιστα

257 2986 456 3060 σεμνός
517 2986 652 3057 ἐστι,
721 2990 963 3065 φαίνεται
1028 2996 1312 3066 μαρτυρῶν
1373 2995 1532 3066 ἡμῖν,
1593 2991 1731 3050 ὥστε
1775 2995 1904 3069 ὑπὲρ

2018 1943 2132 1981 non
2167 1926 2404 1982 servire.
2428 1927 2642 1997 Aperte
2672 1924 2826 1980 enim
2855 1925 2979 1994 jam
3015 1923 3174 1978 Plato
3209 1924 3531 1996 profitetur,
3558 1940 3670 1977 non

2015 2031 2146 2072 esse
2179 2014 2235 2069 in
2267 2015 2444 2070 rebus
2495 2013 2768 2069 maximis
2819 2020 3000 2068 artem
3051 2011 3464 2084 quaeremdam.
3499 2011 3668 2082 Atqui

2016 2106 2065 2160 si
2097 2104 2206 2160 ﬁde
2236 2105 2450 2176 dignus
2478 2107 2567 2159 est
2597 2103 2782 2172 Plato,
2812 2102 2908 2158 hic
2937 2106 3026 2157 est
3055 2102 3200 2173 ipse,
3236 2101 3332 2173 qui
3367 2101 3663 2155 victoriam

2017 2193 2127 2248 arti
2160 2209 2272 2248 non
2307 2193 2543 2247 tribuat.
2593 2191 2654 2246 Si
2705 2207 2809 2247 nec
2845 2191 2953 2247 hoc
3000 2190 3310 2261 quisquam
3359 2189 3663 2255 concedat,

2016 2299 2117 2338 cur
2148 2286 2383 2354 propter
2412 2283 2540 2352 ejus
2574 2281 2746 2337 verba
2776 2280 2961 2352 turpis
2992 2280 3280 2336 habeatur
3328 2278 3617 2334 rhetorica
3638 2279 3666 2331 ‘I

2015 2373 2132 2444 Ego
2173 2388 2306 2428 vero
2352 2375 2418 2427 ut
2460 2370 2627 2426 illum
2679 2371 2897 2442 ubique
2931 2370 3036 2424 tide
3068 2369 3336 2439 dignum,
3371 2368 3418 2422 si
3453 2384 3667 2439 quem—

2017 2477 2193 2534 quam
2242 2461 2565 2516 Grazcorum
2616 2459 2820 2526 alium,
2855 2458 3142 2526 existimo,
3176 2459 3257 2512 ita
3305 2456 3551 2511 libenter
3599 2473 3667 2510 ex

2017 2552 2144 2620 ejus
2193 2549 2576 2605 sectatoribus
2629 2546 2974 2616 quaesierim,
3012 2561 3152 2600 num
3206 2545 3325 2598 hac
3357 2543 3441 2598 illi
3477 2544 3666 2614 magis

2016 2653 2185 2709 quam
2215 2637 2338 2697 illa,
2371 2635 2491 2691 sint
2539 2635 2848 2691 credenda.
2885 2634 3034 2698 Quin
3085 2639 3145 2688 ut
3197 2633 3444 2687 maxime
3471 2632 3549 2686 sit
3578 2631 3667 2686 vir

2017 2727 2230 2800 gravis,
2253 2726 2423 2782 nobis
2446 2726 2546 2781 dat
2566 2725 2990 2791 testimonium,
3007 2723 3265 2794 adeoque
3290 2726 3491 2777 nostro
3516 2737 3667 2778 com-

2018 2816 2189 2873 modo
2238 2814 2431 2887 gravis
2461 2818 2569 2870 est.
2602 2814 2747 2869 Nam
2799 2829 2931 2869 cum
2976 2828 3080 2868 nos
3110 2811 3345 2883 quidem
3379 2818 3432 2866 et
3465 2811 3667 2866 nobis-

2019 2921 2174 2971 cum,
2210 2909 2267 2959 et
2296 2919 2431 2960 cum
2464 2901 2561 2959 illo
2594 2903 3015 2968 consentimus,
3051 2901 3239 2956 41Ιὸ
3273 2899 3369 2956 ille
3399 2916 3530 2956 vero
3563 2916 3668 2956 nec

2018 3010 2219 3050 secum
2273 3009 2376 3049 nec
2433 2992 2761 3058 nobiscum,
2814 3008 2927 3046 non
2978 2996 3095 3046 tam
3155 2989 3498 3045 contradicit
3555 2990 3664 3044 hoc

252 3077 412 3149 ἡμῶν
442 3078 636 3149 σεμνός
690 3075 854 3136 ἐστιν.
907 3081 1073 3136 ’Όταν
1117 3080 1219 3157 γὰρ
1269 3083 1432 3153 ἡμεῖς
1485 3083 1579 3154 μὲν
1629 3083 1719 3138 καὶ
1769 3086 1903 3156 ἡμῖν

2019 3088 2184 3156 pacto
2243 3084 2430 3151 nobis,
2483 3098 2661 3154 quam
2721 3097 2837 3137 non
2892 3096 3030 3136 vera
3079 3095 3140 3136 se
3189 3079 3378 3136 dicere
3435 3079 3666 3136 fatetur.

255 3164 439 3227 αὐτοῖς
472 3166 642 3220 ταύτὰ
676 3163 920 3242 λέγωμεν
953 3169 1207 3242 κάκείνῳ,
1243 3170 1444 3234 ἐκεῖνος
1479 3169 1534 3226 δὲ
1582 3174 1710 3244 μήθ’
1758 3172 1905 3246 αὐτῷ

2017 3173 2097 3229 De
2137 3173 2245 3230 hac
2295 3177 2446 3228 certe
2496 3176 2679 3243 parte,
2734 3170 2887 3242 quod
2942 3169 3111 3224 multi
3156 3168 3274 3224 sint
3323 3167 3534 3224 auxilio
3577 3168 3667 3223 di-

253 3252 396 3328 μηδὶ
426 3257 585 3328 ἡμῖν,
617 3255 716 3310 οὐκ
745 3255 1016 3334 ἀντιλέγει
1074 3257 1287 3331 μᾶλλον
1325 3261 1374 3296 ⁸⁷
1411 3259 1445 3329 ἢ
1481 3267 1744 3336 μαρτυρεῖ
1791 3264 1906 3317 κατ’

252 3345 387 3399 αὐτὸ
415 3348 577 3400 τοῦτο
629 3347 704 3418 μὴ
736 3345 952 3416 τάληθῆ
996 3345 1196 3422 λέγειν.
1250 3349 1379 3423 Περί
1421 3350 1468 3386 ⁵⁸
1507 3347 1564 3404 δέ
1603 3371 1665 3426 γε
1709 3351 1904 3406 τούτου

255 3438 354 3487 τοῦ
399 3433 596 3509 μέρους
637 3434 811 3490 οὐκέτ’
837 3434 896 3490 ἐκ
927 3434 1099 3513 λόγου
1131 3438 1264 3510 πρὸς
1317 3438 1586 3494 Πλάτωνα
1634 3438 1904 3514 ἀγωνιοῦ-

253 3545 372 3595 μαι,
434 3524 508 3586 ὡς
563 3523 665 3600 ἄρα
723 3523 926 3580 πολλοὶ
985 3522 1074 3580 διὰ
1122 3526 1264 3589 θείας
1326 3529 1515 3602 μοίρας
1601 3529 1900 3600 ἐσώθησαν.

257 3609 396 3670 Οὐδέ
429 3633 522 3686 μοι
560 3615 847 3686 νεμεσήσει
906 3611 1174 3685 δήπουθεν
1233 3613 1355 3671 οὕτε
1385 3616 1645 3692 Αἰσχίνης
1672 3619 1699 3673 6
1727 3626 1905 3674 Λυσα·

260 3703 379 3756 νίου
412 3699 534 3757 οὔτε
567 3700 740 3764 ἄλλος
771 3700 969 3772 οὐδεὶς,
1004 3704 1050 3758 εἰ
1083 3705 1246 3781 φαίην
1289 3704 1450 3767 αὐτὸς
1501 3704 1646 3780 ἔχειν
1698 3727 1904 3781 μαρτυ-

258 3798 422 3865 ρῆσαι
458 3789 673 3864 μᾶλλον
712 3796 831 3852 τοῖς
883 3793 1121 3865 ῥήμασιν
1151 3793 1185 3862 ἢ
1217 3799 1316 3861 τῆς
1355 3795 1480 3867 παρ’
1520 3793 1722 3848 ἐκείνου
1772 3795 1906 3868 πρὸς

259 3878 326 3948 δή
359 3883 526 3934 ταῦτα
556 3877 904 3954 προσδεῖσθαι
937 3882 984 3918 ⁵9
1016 3881 1334 3956 μαρτυρίας.
1369 3881 1523 3936 Ἀλλ’
1555 3882 1628 3943 ὡς
1680 3882 1902 3952 ἀληθῶς

257 3967 439 4043 ὥσπερ
469 3969 520 4021 οἱ
573 3970 886 4041 θεομὰντεις
933 3971 984 4025 οἱ
1027 3976 1142 4032 τοῖς
1199 3975 1307 4025 τῶν
1365 3973 1701 4048 πραγμάτων
1762 3971 1904 4026 ἐπω-

256 4059 452 4132 νόμοις
483 4057 880 4132 τετελεσμένοι,
930 4062 1057 4134 παρ’
1106 4061 1282 4116 αὐτῶν
1328 4066 1434 4115 τῶν
1481 4063 1616 4116 θεῶν
1675 4060 1790 4137 ἔχω
1841 4063 1903 4116 τὸ

259 4149 511 4222 μάθημα’
575 4149 661 4226 ὑφ’
702 4150 774 4202 ὧν
823 4149 855 4203 ἃ
906 4147 1098 4222 μηδεὶς
1150 4150 1348 4226 ἰατρῶν
1403 4153 1541 4224 μήτε
1593 4149 1733 4206 οἶδεν
1793 4153 1903 4206 ὅτι

255 4239 367 4313 χρή
408 4244 744 4313 προσειπεῖν,
808 4239 882 4310 μὴ
939 4239 968 4293 6'
1015 4260 1068 4293 τι
1128 4241 1174 4276 ⁵ο
1233 4239 1501 4309 ἰάσασθαι,
1566 4242 1702 4314 μήτε
1760 4237 1896 4296 εἶδεν

251 4327 540 4401 ἀνθρώπου
597 4326 750 4405 φύσει
795 4324 1099 4400 συμϐάντα,
1158 4327 1360 4384 ἄλλοτε
1407 4327 1605 4392 ἄλλαις
1649 4350 1900 4406 παραμυ-

2014 3263 2146 3318 vino
2174 3261 2360 3318 sanati
2393 3261 2528 3330 (80),
2562 3277 2675 3315 non
2710 3259 2965 3330 amplius
2995 3275 3062 3313 ex
3110 3259 3304 3314 verbis
3353 3274 3488 3312 cum
3535 3257 3669 3312 Pla-

2014 3357 2148 3408 tone
2195 3350 2526 3422 disputabo,
2562 3365 2666 3404 nec
2706 3349 2987 3404 invidebit
3038 3348 3176 3404 mihi
3228 3347 3317 3402 vel
3361 3347 3665 3402 JEschines

2015 3441 2275 3514 Lysaniaa
2308 3439 2623 3510 ﬁlius(81),
2649 3439 2734 3494 vel
2757 3439 2908 3494 alius
2937 3439 3272 3509 quisquam,
3298 3437 3346 3493 si
3370 3438 3657 3508 meipsum

2011 3531 2206 3600 potius
2235 3529 2470 3585 illorum
2503 3527 2660 3583 dicta
2689 3528 3034 3584 confirmare
3069 3543 3258 3598 posse,
3293 3544 3468 3600 quam
3502 3526 3660 3582 illius

2010 3619 2271 3692 indigere
2317 3617 2652 3674 testimonio
2693 3617 2912 3672 dixero.
2947 3617 3171 3672 Etenim
3204 3631 3422 3684 revera,
3454 3633 3658 3685 quem-

2009 3709 2324 3764 admodum
2371 3711 2532 3760 vates
2577 3722 2769 3760 rerum
2821 3704 3275 3775 cognominibus
3310 3702 3549 3765 initiati,
3583 3703 3655 3756 ab

2012 3795 2159 3865 ipsis
2191 3794 2302 3848 diis
2335 3793 2443 3848 hoc
2475 3792 2676 3857 didici,
2699 3808 2947 3862 quorum
2974 3807 3149 3861 opera
3179 3807 3247 3844 ex
3278 3789 3349 3843 iis
3383 3805 3508 3858 quas
3544 3803 3662 3843 me-

2012 3883 2272 3938 dicorum
2309 3880 2505 3936 nullus
2559 3896 2663 3934 nec
2713 3879 3005 3950 quomodo
3056 3877 3367 3950 appellaret
3419 3876 3667 3945 sciebat,

2013 3971 2228 4026 nedum
2263 3969 2555 4040 quomodo
2587 3971 2845 4035 sanaret,
2879 3983 2983 4023 nec
3034 3967 3091 4021 in
3143 3968 3398 4022 humana
3448 3969 3662 4021 natura

2010 4058 2298 4116 exstitisse
2356 4060 2723 4130 cognoverat,
2783 4056 2957 4112 variis
3012 4057 3102 4112 dei
3163 4055 3657 4111 consolationibus

2009 4153 2068 4204 et
2115 4147 2376 4203 consiliis
2433 4147 2691 4217 elapsus,
2744 4151 2952 4216 praeter
3001 4161 3235 4201 omnem
3295 4145 3458 4200 fidem
3509 4143 3658 4200 vivo.

2011 4237 2152 4293 Cum
2189 4241 2380 4292 autem
2417 4235 2555 4291 nihil
2590 4235 2650 4290 in
2686 4235 2770 4290 his
2801 4236 2941 4290 artis
2983 4235 3196 4290 habeat
3227 4234 3555 4306 quisquam,
3591 4249 3656 4288 ac

2012 4327 2205 4398 potius
2256 4325 2400 4381 artis
2430 4330 2803 4396 contemptus
2835 4324 2906 4380 ad
2939 4324 3078 4380 deos
3110 4325 3308 4395 fugere
3339 4340 3435 4379 eos
3470 4327 3658 4392 cogat,

251 4416 391 4480 θίαις
422 4438 478 4472 τε
512 4417 601 4471 καὶ
656 4417 1051 4491 συμπαρόντων
1102 4416 1161 4473 ἐκ
1206 4423 1302 4472 τοῦ
1351 4423 1484 4474 Θεοῦ
1534 4415 1810 4494 διαφεόγω
1854 4420 1899 4456 δί

2016 4423 2202 4474 tamen
2250 4433 2355 4473 nec
2404 4416 2506 4483 dii,
2541 4417 2698 4488 quod
2744 4417 3005 4488 ipsorum
3039 4432 3176 4488 pace
3208 4415 3470 4485 dixerim,
3501 4415 3654 4470 hanc

249 4513 358 4578 ζῶν
390 4508 534 4581 παρᾶ
563 4511 667 4562 πᾶν
697 4508 761 4562 τὸ
807 4505 866 4562 ἐκ
909 4511 1016 4561 τῶν
1062 4506 1347 4582 παρόντων
1390 4507 1554 4569 εἰκός.
1605 4509 1800 4564 Καίτοι
1849 4511 1894 4545 ⁸³

242 4596 446 4670 τέχνης
489 4597 582 4669 μέν
644 4598 802 4669 ἡμῶν
865 4592 982 4650 οὐδ’
1043 4596 1227 4650 ὁτιοῦν
1286 4596 1361 4658 εἰς
1419 4600 1586 4651 ταῦτα
1649 4596 1892 4670 μέτεστιν

244 4682 422 4741 οὐδενὶ
452 4683 725 4755 δήπουθεν
757 4687 887 4760 [τῶν
933 4683 1224 4759 ἰωμένωνΙ,
1267 4684 1414 4741 ἀλλὰ
1453 4685 1540 4741 καὶ
1583 4690 1680 4741 τοῦ
1727 4706 1893 4742 κατα·

2007 4507 2360 4565 sententiam
2395 4512 2649 4563 nostram
2683 4506 2977 4578 rejiciunt,
3001 4522 3102 4561 nec
3129 4504 3340 4560 multos
3365 4522 3434 4560 ex
3463 4504 3534 4560 iis
3557 4504 3654 4575 qui

2003 4597 2265 4653 divinum
2296 4597 2576 4652 auxilium
2625 4597 2735 4652 arti
2781 4594 3182 4667 praetulerunt,
3215 4593 3498 4666 poeniluit.
3536 4591 3651 4648 Nec

2003 4692 2154 4744 vetat
2186 4688 2509 4761 quidquam
2542 4685 2857 4758 quominus
2889 4685 3160 4742 horreant
3203 4685 3376 4740 etiam
3414 4682 3646 4748 medici,

1597 4813 1839 4871 VARI/E
1878 4813 2294 4870 LECTIONES.

319 4927 365 5004 ξδ
400 4922 729 5004 πολλῶη-
785 4930 1079 5004 σωφρονεῖν
1128 4943 1244 5004 om.
1283 4933 1358 5004 _A.
1419 4928 1818 5004 leguntur__p._
1870 4931 1958 5004 2t.

1701 4999 1822 5073 “Vel
1853 4999 2050 5073 τοίνυν]

249 4999 289 5034 ⁴¹
323 4995 436 5071 ἐρεῖ
464 5029 531 5039 —-
561 4995 816 5071 βέλτιστα
856 4995 971 5056 o'in.
1005 5005 1068 5053 Α.
1172 5001 1216 5034 ⁸⁸
1248 4999 1339 5053 σὺν
1367 4995 1506 5071 μᾶᾶῖ
1542 5007 1596 5055 Β.

2061 4929 2106 4965 εο
2163 4929 2286 5000 εἶτ’]
2345 4945 2401 5000 p.
2457 4929 2548 4986 23.

2099 5017 2154 5090 p.
2204 5001 2275 5056 26
2303 5005 2470 5090 ,ei‘ttr.

2660 4927 2708 4962 ⁴⁰
2761 4924 2942 5002 ὥσπερ
3001 4927 3053 4980 οἱ
3098 4926 3340 5002 ῥήτορες
3373 4928 3648 5002 θαμινὰ.

2569 5000 2614 5074 ξι
2651 5003 2754 5053 πᾶν
2802 4999 2884 5074 γε]
2916 4991 3000 5074 ’γε
3047 4991 3284 5074 πᾷνἽΛξ-
3334 4991 3650 5074 Α⁴⁸ηᾲτελῶς

243 5064 361 5126 om.
394 5076 456 5125 A.
537 5064 581 5105 ⁸⁸
609 5067 738 5124 ἀλλ’
767 5068 907 5124 ἔστιν
941 5071 1023 5142 (p.
1056 5071 1170 5143 27).
1247 5071 1290 5106 ⁴⁷
1319 5069 1518 5144 τέχνην
1555 5073 1758 5144 ζητεῖν]
1793 5070 1874 5125 ὅτι
1902 5103 1971 5114 ——
2001 5064 2228 5126 ῙΪλᾶτων
2258 5070 2424 5139 αὐτὴν
2449 5070 2511 5125 οὐ
2538 5069 2596 5126 τέ
2642 5092 2738 5140 νην
2757 5064 2986 5142 νο’μίζεὶ’
3019 5069 3197 5124 καίτοι
3227 5067 3385 5128 αὐτὸς
3412 5064 3642 5121 Πλάτων

243 5138 535 5197 διορίζεται
565 5141 628 5195 τὸ
662 5143 737 5197 ιιῆ
774 5138 884 5196 δεῖν
925 5140 1013 5196 έπὶ
1043 5146 1153 5195 τῶν
1189 5141 1453 5197 μεγίστων
1483 5141 1684 5197 τέγνην
1718 5147 1895 5197 ζητεῖν
1931 5147 1996 5197 Α.
2101 5143 2147 5179 ⁸⁸
2173 5143 2260 5197 καὶ
2306 5144 2436 5197 nivi
2471 5162 2525 5197 n.
2549 5089 2641 5197 29x:
2742 5145 2786 5179 ⁸⁸
2814 5143 2974 5197 αὐτός
3002 5146 3086 5197 Α;
3139 5140 3295 5197 οὗτος
3339 5137 3499 5197 αὐτὸς
3558 5138 3641 5197 ξ’.

243 5138 535 5219 διορίζεται
565 5141 628 5219 τὸ
662 5138 884 5219 μή-δεῖν
925 5138 1013 5219 ἐπὶ
1188 5138 1453 5219 μεγίστῷν
1483 5138 1684 5219 τέχνην
1718 5138 1895 5219 ζητεῖν
1931 5147 1996 5219 Α.

239 5214 287 5248 ⁸ο
312 5209 383 5284 τῇ
415 5209 770 5319 τέχνῃέεαότῇ
802 5217 869 5270 Α.
921 5214 987 5319 Δ⁸¹
1023 5211 1151 5319 οὲδδξ
1177 5209 1221 5268 Ᾱ
1245 5209 1688 5319 τ’τὲ-ἆξιότξίξτον
1718 5209 1782 5285 ἦν
1812 5214 1872 5268 ἂν
1906 5211 2058 5268 οὐδὲν

239 5289 403 5319 ......-....
655 5303 883 5319 ...κηηυ
1156 5289 1302 5319 ...τμη
1493 5287 1514 5319 ι
1569 5286 1715 5319 η...)
1780 5288 1914 5319 αυτ..
1949 5285 2164 5319 “zu-..

1055 5283 1304 5357 ss‘gmzva
1493 5285 1537 5321 ⁸⁷
1567 5283 1749 5342 ἀντιλ.
1780 5288 1914 5356 ἡμῖν
1948 5283 2164 5356 μᾶλλον

863 5355 906 5392 ⁶¹
943 5352 1217 5432 διαφεόγω
1249 5352 1374 5431 ζῶν]
1405 5357 1585 5435 φεύγω
1617 5364 1678 5427 Δ,
1713 5352 1904 5430 (Ῑυίῖιι
1937 5352 2055 5429 ὼε.
2086 5352 2683 5433 τῶλίέπιλήπτῶνδγᾶρ
2713 5358 2778 5426 ἦν
2808 5359 2835 5412 6
2885 5354 3244 5433 Ἀριστείδης.

237 5289 407 5358 νικῶν
577 5285 626 5319 ⁵⁵
655 5285 883 5358 πότερον
913 5286 977 5358 Α..

237 5357 462 5430 Δείοῦχ
494 5356 642 5417 ὅπως

235 5447 290 5503 p.
320 5429 409 5484 32.

2742 5145 2786 5179 ⁸⁸
2814 5137 2974 5204 αὐτός
3002 5146 3047 5198 Α
3074 5161 3086 5198 :
3139 5140 3295 5202 οὗτος
3339 5137 3509 5212 αὐτὸς.

2808 5215 2856 5252 τη
2885 5219 2993 5269 τῶν
3026 5215 3157 5270 add.
3213 5221 3277 5268 Α.
3380 5211 3426 5246 δι
3469 5209 3636 5279 me,

2892 5288 2937 5323 ‘9
2968 5283 3173 5340 δεῖσθαι
3206 5291 3262 5341 Β.
3366 5283 3413 5318 ⁶⁰
3445 5283 3520 5354 μὴ
3553 5281 3636 5336 ὅτι

3346 5356 3393 5392 ⁸³
3431 5354 3634 5426 καίτοι]

2101 5143 2147 5216 ‘f
2173 5143 2260 5197 καὶ
2306 5144 2436 5216 μὴν]
2471 5162 2525 5216 p.
2549 5146 2582 5197 2

2275 5216 2320 5250 η
2349 5219 2758 5360 ἓέζτξΐῆῇρΑέ1

1820 5527 2051 5584 NOT/E.

305 5645 419 5720 (80)
449 5644 750 5720 @scbines
783 5641 1033 5720 Lysanise
1068 5643 1224 5700 illius
1256 5645 1606 5720 Socraticus.
1638 5646 1780 5703 Vide
1819 5663 1996 5717 supra
2023 5647 2081 5702 in
2111 5646 2436 5720 Phrynicho
2469 5652 2526 5704 et
2554 5647 2866 5705 Laertium.

305 5719 422 5790 (81)
447 5718 794 5790 Elapsorum
825 5720 948 5772 erat
975 5717 1046 5772 de
1077 5730 1322 5773 numero
1353 5717 1661 5774 Aristides.
