4066 6216
247 390 414 451 1497

1342 382 1880 446 BIBLIOTHECA.
1927 415 2001 429 —
2047 383 2220 444 COD.
2267 385 2592 446 CCXLV”.

3502 403 3658 462 1498

323 522 385 578 Εἰ
425 519 484 577 δὲ
512 521 560 558 9⁸
605 517 687 575 δεῖ
732 519 821 574 καὶ
853 521 1098 590 ποιητῶν
1148 517 1524 594 παρασχέσθαι
1577 513 1897 592 μαρτυρίας,

2084 518 2247 582 Quod
2274 519 2320 574 si
2353 524 2653 592 poetarum
2687 537 2915 594 quoque
2945 532 3081 581 sunt
3112 532 3454 589 arcessenda
3485 534 3651 590 testi-

241 607 362 667 ἔστι
397 613 490 685 μὶν
541 608 714 686 ἔργων
752 607 787 677 ἢ
847 609 940 670 τάς
987 607 1234 663 ἁπάντων
1283 609 1317 677 ἢ
1370 607 1467 669 τὰς
1515 610 1619 661 τῶν
1669 623 1900 680 προκρι-

243 699 450 755 θέντων
501 697 590 754 διὰ
639 697 847 753 πάντων
897 697 1293 775 παρασχέσθαι,
1327 699 1481 770 ὅμως
1529 693 1606 765 δὲ,
1640 695 1715 755 ὡς
1745 694 1793 729 96
1837 690 1895 747 ἄν

245 809 334 852 τις
381 787 494 859 ἕξοι
537 792 645 843 τῶν
687 786 1126 864 γνωριμωτάτων
1169 784 1388 858 ἐκλέξας
1434 786 1625 854 εἰπεῖν,
1669 782 1902 857 ῥᾳθυμία

244 877 605 954 παραλιπεῖν.
636 882 810 951 Κοινῇ
846 878 940 949 μὲν
974 875 1068 931 οὖν
1099 875 1292 939 πάντες
1323 877 1548 946 ποιηταὶ
1569 873 1900 949 μάρτυροῦσι

242 971 348 1040 τήν
383 964 523 1043 ἔργῳ
563 967 882 1042 μαρτυρίαν,
914 965 1063 1041 εἴπερ
1098 965 1200 1021 εἰσί
1231 966 1460 1038 ποιηταὶ
1491 969 1570 1038 τῷ
1613 967 1900 1040 κρατοῦντι

250 1063 358 1136 [τῷ
390 1059 525 1134 ὑπὲρ
551 1058 652 1128 τὴν
698 1057 902 1133 τέχνην
936 1057 1006 1130 9⁷]
1053 1054 1206 1132 λόγῳ
1233 1064 1336 1126 τῆς
1381 1054 1607 1130 τέχνης.
1638 1050 1798 1111 Ἀλλ’
1836 1051 1898 1107 οὐ

244 1147 456 1217 ταύτης
508 1143 701 1219 δέομαι
751 1146 818 1201 τά
844 1148 932 1199 νῦν
977 1139 1239 1221 (ἔστιγὰρ
1288 1143 1340 1200 ἒν
1378 1149 1494 1206 τοῖς
1538 1142 1896 1220 εἰρημένοις),

243 1235 398 1292 ἀλλὰ
429 1245 530 1307 τῆς
562 1238 608 1274 9⁸
636 1234 774 1292 κατὰ
803 1235 975 1312 ῥῆμα.

321 1322 458 1380 Οὐδὲ
488 1327 532 1362 ⁹⁹
576 1329 740 1380 τοῦτο
789 1325 1064 1400 πάρεργου
1115 1323 1389 1399 προσθεὶς,
1433 1320 1556 1378 οὐδέ
1603 1320 1720 1390 εἰκῆ
1773 1317 1899 1376 οὐδὲ

245 1411 506 1496 ἐφόλκιον
557 1411 792 1477 ἄλλωςί
843 1411 932 1468 ἐπὶ
978 1419 1096 1477 τοῖς
1133 1409 1266 1484 ἅνω,
1319 1410 1447 1468 ἀλλ’
1494 1409 1897 1484 ἐνδεικνύμενος

241 1503 338 1559 καὶ
382 1503 519 1579 πρὸς
566 1503 623 1558 ’ἐν
683 1502 1108 1577 σημαινόμενος,
1149 1501 1232 1557 ὅτι
1288 1507 1448 1557 τοῦτο
1487 1501 1550 1556 τὸ
1607 1500 1660 1555 ἐν
1703 1501 1898 1574 κόσμῳ

244 1594 341 1649 καὶ
401 1592 671 1668 λαμπρῶς
727 1592 825 1648 οὐκ
882 1592 942 1647 ἐκ
988 1593 1214 1671 τέχνης,
1273 1589 1400 1647 ἀλλ’
1455 1590 1710 1662 ἐπιπνοίᾳ
1766 1593 1898 1645 θεῶν

247 1687 607 1758 παραγίνεται
639 1684 678 1737 ⁸.
725 1681 911 1758 Εὓρεῖν
939 1683 963 1718 ³
1002 1679 1116 1750 οὖν,
1145 1681 1333 1758 φησὶν,
1358 1679 1403 1734 ὦ
1435 1679 1688 1749 Πλάτων,
1719 1685 1898 1754 κρεῖτ-

239 1792 340 1829 τον
407 1772 444 1842 ἢ
497 1775 707 1846 μαθεῖν,
757 1773 846 1827 καὶ
885 1771 1050 1846 τέχνη
1101 1771 1312 1848 φύσεως
1363 1767 1633 1844 δεῦτερον,
1674 1768 1897 1831 εἰκότως

2011 609 2226 675 monia,
2260 625 2591 681 quanquam
2642 613 2732 668 vel
2779 614 3065 682 omnium,
3103 615 3186 671 vel
3228 622 3650 693 praecipuorum

2008 696 2282 769 colligere
2310 699 2463 754 dicta
2494 702 2570 755 sit
2601 701 2860 769 difficile,
2887 707 3080 758 tamen
3114 721 3241 774 quea
3265 709 3334 764 de
3357 711 3650 768 nobilissi-

2012 787 2124 842 mis
2154 787 2365 844 selecta
2398 789 2640 859 proferri
2671 795 2940 863 possunt,
2964 791 3158 864 ignavi
3190 795 3335 850 foret
3368 798 3654 855 omittere.

2009 875 2076 930 Et
2105 877 2496 933 communiter
2543 881 2777 950 quidem
2825 885 3002 951 poetae
3051 898 3253 938 omnes
3286 883 3476 956 reipsa
3505 888 3662 940 testi-

2009 965 2272 1020 monium
2308 968 2588 1038 praebent,
2621 969 2912 1040 siquidem
2956 987 3020 1025 ea
3053 971 3274 1027 ratione
3318 990 3441 1045 qua
3475 979 3656 1030 artem

2007 1059 2247 1123 superat
2289 1060 2468 1127 poetas
2517 1061 2658 1112 sunt
2701 1059 2906 1114 effecti.
2945 1060 3151 1116 Verum
3181 1060 3290 1117 hoc
3320 1063 3657 1120 testimonio

1999 1143 2123 1214 jam
2165 1160 2278 1199 non
2329 1145 2583 1216 indigeo,
2615 1147 2892 1217 quoniam
2926 1166 3100 1220 supra
3133 1150 3377 1206 relatum
3410 1157 3521 1221 est,
3553 1153 3655 1209 sed

2007 1247 2074 1288 eo
2105 1234 2260 1304 quod
2291 1233 2349 1288 in
2383 1235 2573 1290 verbis
2607 1237 2893 1292 consistit.

2079 1326 2192 1378 Nec
2231 1322 2336 1379 hoc
2379 1325 2615 1393 frustra,
2648 1325 2738 1383 vel
2770 1326 2936 1397 quasi
2985 1327 3362 1400 appendicem
3400 1332 3658 1403 superio-

2007 1428 2140 1468 rum
2190 1413 2540 1486 adjungens,
2587 1416 2686 1471 sed
2736 1415 2843 1472 hoc
2901 1417 3313 1474 demonstrans
3363 1425 3421 1476 et
3467 1424 3654 1480 412b

2005 1500 2297 1570 indicans,
2329 1507 2598 1558 ornatum
2649 1505 2827 1561 istum
2850 1510 2907 1562 et
2942 1505 3339 1579 splendorem,
3383 1526 3497 1565 non
3527 1517 3649 1567 tam

2007 1605 2076 1646 ex
2124 1595 2263 1658 arte,
2307 1607 2480 1664 quam
2527 1592 2722 1650 divino
2771 1595 2968 1650 afﬂatu
3021 1597 3328 1667 proficisci.
3366 1599 3654 1657 Iuventio-

2009 1697 2143 1736 nem
2203 1681 2400 1752 igitur,
2443 1698 2475 1737 ο
2526 1681 2703 1751 Plato,
2753 1684 3059 1756 disciplina
3107 1687 3404 1743 meliorem
3457 1695 3655 1746 censet

2007 1769 2315 1840 Hesiodus,
2348 1774 2403 1826 et
2434 1777 2614 1828 artem
2663 1774 3034 1843 posteriorem
3082 1786 3322 1844 natura;
3357 1783 3414 1834 et
3444 1779 3649 1837 merito

249 1863 279 1917 ὁ
330 1859 583 1926 Ἠσίοδος
641 1865 767 1937 [672
809 1863 1016 1936 ΙΙ.]καὶ
1075 1868 1284 1940 φρονῶν
1351 1861 1493 1917 οὕτω
1550 1860 1640 1915 καὶ
1697 1858 1897 1936 λέγων,

2010 1860 2246 1932 quidem
2291 1861 2373 1916 ita
2420 1862 2680 1919 sentiens
2729 1872 2902 1934 atque
2951 1865 3173 1937 dicens,
3208 1883 3312 1923 nec
3344 1867 3652 1924 immemor

244 1952 340 2008 καὶ
379 1954 478 2021 τῆς
509 1949 715 2027 δάφνης
759 1951 857 2007 οὐκ
889 1953 1247 2025 ἀμνημονῶν,
1278 1953 1345 2020 ἣν
1388 1952 1499 2024 ἅμα
1539 1953 1618 2021 τῷ
1657 1945 1843 2005 λαϐεῖν
1873 1950 1898 1984 ⁴

244 2042 488 2113 ποιητής
537 2041 601 2109 ἦν
653 2040 942 2117 [γεγονὼς]
996 2038 1107 2095 έκ⁵
1157 2041 1419 2114 ποιμένος
1451 2058 1466 2072 ·
1507 2039 1624 2094 ἐπεὶ
1673 2039 1761 2094 καὶ
1800 2039 1896 2102 τὰς

241 2130 443 2209 τέχνας
505 2129 664 2194 αὐτὰς
740 2130 828 2185 καὶ
892 2131 960 2185 τὰ
1025 2126 1431 2203 ἐπιτηδεύματα
1495 2128 1650 2207 φύσει
1716 2125 1894 2198 δήπου

245 2219 609 2298 διενεγκόντες
667 2219 943 2296 ἅνθρωποι
1009 2223 1098 2276 καὶ
1172 2222 1490 2291 κινήσαντες
1546 2219 1765 2294 ἀνεῦρον
1833 2218 1895 2272 τὸ

245 2311 297 2381 ἐξ
341 2312 542 2386 ἀρχῆς.
592 2310 665 2366 Οὐ
696 2311 720 2345 ⁸
771 2311 874 2388 γὰρ
930 2311 985 2365 αἱ
1030 2310 1220 2386 τέχναι
1266 2309 1362 2374 τὰς
1407 2310 1591 2388 φύσεις
1641 2307 1898 2378 ἐποίησαν

238 2399 370 2458 ἄλλ’
410 2403 466 2457 αἱ
512 2402 792 2476 κράτισται
840 2401 1024 2478 φύσεις
1070 2402 1168 2463 τὰς
1199 2399 1483 2476 βελτίστας
1523 2404 1631 2456 τῶν
1680 2403 1892 2474 τεχνῶν

243 2491 422 2566 εὗρον.
456 2493 618 2546 Ὥστε
664 2491 751 2545 καὶ
797 2493 864 2564 τῇ
908 2490 1054 2560 τάξει
1097 2489 1188 2544 καὶ
1237 2493 1305 2563 τῇ
1361 2487 1584 2562 δυνάμει
1632 2488 1780 2563 παρᾶ
1824 2491 1892 2561 τῇ

247 2581 402 2658 φύσει
452 2581 518 2635 τὰ
565 2575 823 2656 πρεσϐεῖα
875 2579 1009 2634 εἶναι
1042 2583 1082 2634 ⁷.
1137 2579 1196 2634 Εἰ
1255 2575 1310 2633 δὲ
1350 2575 1417 2647 δὴ
1449 2579 1474 2613 ⁸
1525 2575 1654 2651 μηδ’
1701 2576 1892 2640 ἁπλῶς

243 2668 552 2743 ἀνθρώποις
620 2671 720 2737 τήν
776 2668 980 2743 εὕρεσιν
1034 2668 1391 2744 προστίθεμεν
1447 2671 1554 2723 τῶν
1611 2671 1816 2742 τεχνῶν
1848 2667 1893 2732 9,

247 2755 393 2814 ἀλλά
427 2757 582 2819 θεοὺς
622 2756 935 2832 ἡγήσασθαί
979 2778 1152 2831 φαμεν
1194 2757 1380 2818 αὐτοῖς
1429 2755 1518 2811 καὶ
1567 2754 1891 2828 κατοδεῖξαι,

246 2850 366 2908 πῶς
426 2845 525 2900 οὐκ
577 2843 810 2916 εὔδηλον
852 2845 936 2900 ὅτι
995 2844 1194 2917 πολλῷ
1245 2865 1390 2907 τινος
1448 2844 1583 2899 εἶναι
1638 2848 1894 2909 νικῶντος

249 2933 332 2990 δεῖ
369 2935 688 3009 προσθήκην
719 2937 818 3004 τήν
851 2935 896 2972 ¹⁰
941 2935 1183 3010 τέχνην;
1218 2933 1314 2988 Καὶ
1359 2936 1466 3007 μὴν
1505 2933 1550 2989 εί
1597 2938 1758 2990 τοῦτο
1789 2931 1890 3004 δῆ-

247 3022 346 3078 λον
404 3025 624 3092 ἅπασαι,
685 3023 775 3078 καὶ
828 3024 1022 3084 πάντες
1054 3025 1098 3060 “
1158 3023 1216 3078 ἂν
1278 3028 1539 3101 συμφαῖεν
1603 3025 1677 3096 μὴ
1739 3024 1894 3086 θεοὺς

240 3114 371 3187 παρ’
419 3112 716 3186 ἀνθρώπων
767 3109 955 3170 λαϐεῖν
999 3115 1096 3175 τὰς
1150 3112 1476 3188 ὶπιστήμας,
1508 3111 1636 3169 ἀλλ’
1682 3113 1891 3184 ἀνθρώ-

239 3221 378 3263 πους
413 3204 455 3238 ³⁵
509 3202 652 3276 παρὰ
709 3204 866 3271 θεῶν,
924 3203 1012 3257 καὶ
1075 3200 1416 3258 διδασκάλων
1480 3203 1575 3276 μὲν
1631 3201 1888 3272 ἐκείνους,

249 3291 506 3364 μαθητῶν
540 3287 588 3345 δ’
635 3293 783 3364 ἡμᾶς
823 3292 968 3362 τάξιν
1015 3286 1188 3366 ἔχειν,
1237 3294 1484 3365 τοσούτῳ
1521 3298 1786 3366 κρεῖττον,
1817 3294 1891 3354 ὡς

241 3374 435 3448 ἔοικεν,
495 3381 668 3455 εὑρεῖν
723 3382 759 3452 ἢ
840 3383 1051 3455 μαθεῖν,
1111 3381 1222 3455 ὅσῳ
1297 3379 1554 3455 κρείττων
1605 3382 1892 3457 ἀνθρώπου

249 3470 399 3532 Θεός.
459 3470 523 3524 Οἱ
585 3471 681 3543 μὲν
735 3471 840 3546 γὰρ
901 3471 1190 3546 εὑρήκασιν
1251 3471 1365 3542 ἅμα
1401 3470 1575 3527 πάντα
1606 3473 1671 3543 ¹³,
1726 3473 1892 3546 ἡμεῖς

243 3554 322 3625 δὲ,
373 3559 552 3631 οἶμαι,
600 3555 860 3620 λαϐόντες
923 3560 1210 3634 χρώμεθα.
1253 3560 1455 3634 Ὀρθῶς
1513 3561 1616 3633 ἄρα
1670 3561 1759 3615 καὶ
1810 3558 1894 3615 δι-

238 3649 408 3711 καίως
456 3649 484 3704 ὁ
534 3653 632 3704 τοῦ
685 3647 984 3711 Ἑλικῶνος
1040 3649 1355 3722 πρόσοικος,
1395 3650 1484 3705 καὶ
1546 3650 1619 3712 ὡς
1652 3654 1695 3687 ¹⁴
1751 3651 1894 3713 εἰκὸς

236 3738 306 3806 ἧν
354 3739 446 3793 τὸν
503 3737 661 3794 αὐτὸν
719 3737 779 3794 ἐκ
829 3741 964 3793 θεῶν
1026 3737 1304 3799 ἐπιπνοίας
1363 3735 1542 3813 λέγειν
1603 3737 1893 3813 εἳληφότα,

2003 1951 2233 2019 laureae,
2288 1968 2462 2023 quam
2517 1956 2579 2007 ut
2625 1958 2944 2026 acceperat,
2978 1971 3112 2012 mox
3141 1973 3170 2012 e
3211 1965 3436 2028 pastore
3485 1965 3654 2030 poeta

2004 2040 2196 2096 fuerat
2241 2040 2522 2097 redditus.
2555 2042 2700 2097 Nam
2731 2047 2788 2099 et
2818 2048 2973 2100 artes
3005 2045 3162 2116 ipsas
3193 2052 3368 2118 atque
3397 2048 3649 2118 epilicia,

2005 2134 2217 2185 natura
2268 2135 2600 2202 praestantes
2631 2133 2830 2204 utique
2864 2133 3116 2204 primum
3151 2137 3496 2192 invenerunt
3543 2137 3654 2192 bo-

2007 2219 2230 2274 mines:
2264 2236 2370 2276 nec
2419 2221 2570 2276 enim
2621 2227 2777 2277 artes
2821 2231 3060 2279 naturas
3110 2225 3515 2294 condiderunt,
3556 2242 3653 2281 ve-

2005 2323 2136 2364 rum
2164 2312 2384 2364 natura
2418 2311 2909 2381 praestantissimae
2942 2311 3290 2368 invenerunt
3319 2318 3494 2371 artes.
3529 2315 3653 2379 Quo

2005 2396 2070 2452 fit
2099 2401 2160 2454 ut
2185 2402 2241 2453 et
2271 2398 2491 2454 ordinis
2521 2404 2578 2454 et
2605 2400 2897 2456 facultatis
2947 2402 3166 2457 ratione
3219 2403 3440 2473 priores
3481 2411 3652 2458 natu-

2003 2501 2080 2542 ra:
2131 2487 2471 2544 debeantur.
2505 2490 2666 2554 Quod
2701 2490 2749 2545 si
2780 2505 2885 2545 nec
2917 2490 3256 2545 hominibus
3297 2507 3534 2561 prorsus
3567 2508 3654 2547 ar-

2001 2577 2151 2632 tium
2201 2577 2576 2634 concedimus
2625 2579 3042 2650 inventionem,
3075 2581 3174 2635 sed
3223 2579 3313 2636 bis
3364 2581 3501 2636 deos
3551 2597 3649 2638 eas

2006 2665 2438 2721 demonstrasse
2479 2666 2752 2735 dicimus,
2803 2668 2874 2722 ad
2935 2673 3305 2738 praestantem
3367 2669 3645 2726 nimirum

2002 2759 2169 2811 erant
2207 2755 2463 2826 aliquem
2495 2756 2832 2812 referendae.
2864 2757 2996 2813 Jam
3029 2758 3078 2813 si
3111 2757 3219 2813 hoc
3250 2759 3403 2829 apud
3444 2775 3649 2816 omnes

2001 2845 2113 2900 erit
2157 2845 2552 2912 manifestum,
2589 2861 2702 2900 non
2752 2847 2888 2902 deos
2921 2847 2992 2901 ab
3025 2846 3381 2918 hominibus,
3414 2849 3512 2903 sed
3543 2848 3651 2904 bo-

2004 2934 2193 2991 mines
2227 2952 2259 2989 a
2288 2935 2400 2990 diis
2433 2940 2587 2991 artes
2617 2934 2940 3005 accepisse;
2975 2941 3152 3008 atque
3181 2934 3311 2991 illos
3345 2942 3650 3008 praecepto-

2003 3042 2116 3094 res,
2151 3041 2258 3082 nos
2290 3042 2414 3082 esse
2452 3024 2789 3097 discipulos,
2823 3031 2984 3082 tanto
3015 3028 3300 3083 videbitur
3327 3028 3653 3100 disciplinae

2003 3123 2274 3189 praestare
2303 3115 2578 3183 inventio,
2607 3119 2824 3186 quanto
2854 3116 3060 3173 melior
3089 3123 3175 3173 est
3204 3117 3442 3174 homine
3476 3119 3648 3174 Deus.

2004 3205 2073 3262 Ut
2121 3205 2278 3262 enim
2328 3204 2412 3260 illi
2463 3206 2809 3261 invenerunt
2858 3207 3076 3272 omnia,
3129 3207 3210 3262 ita
3257 3224 3364 3263 nos
3395 3207 3652 3264 inventis

2005 3295 2243 3350 utimur.
2277 3296 2451 3350 Recte
2483 3294 2661 3365 igitur
2689 3311 2753 3350 ac
2786 3295 3011 3363 merito,
3044 3299 3100 3351 et
3131 3301 3195 3351 ut
3225 3311 3354 3352 eum
3391 3298 3486 3367 qui
3521 3297 3648 3352 deo-

2004 3401 2135 3440 rum
2167 3384 2370 3439 afﬂatu
2405 3383 2524 3437 haec
2568 3383 2692 3454 ipse
2735 3383 3102 3455 loquebatur,
3135 3385 3391 3450 decebat,
3428 3385 3660 3440 Helicon

2002 3474 2095 3529 nis
2127 3477 2346 3539 accola,
2370 3486 2501 3527 eum
2536 3471 2766 3542 quidem
2789 3471 2897 3527 sibi
2916 3472 3014 3545 qui
3041 3480 3240 3529 cuncta
3271 3473 3485 3530 invenit
3517 3475 3652 3546 ipse,

2003 3563 2257 3634 primum
2283 3579 2348 3618 ac
2372 3561 2946 3634 praestantissimum,
2972 3579 3074 3618 ceu
3099 3565 3274 3618 deum
3299 3581 3365 3619 ac
3387 3564 3501 3619 diis
3524 3580 3655 3636 pro-

2005 3653 2294 3725 pinquum
2363 3650 2574 3722 posuiI,
2635 3651 2956 3707 auditorem
3023 3667 3154 3708 vero
3213 3669 3277 3706 ac
3345 3651 3660 3708 discentem

2005 3742 2360 3798 secundum.

241 3829 333 3882 τὸν
406 3827 498 3900 μέν
567 3833 816 3884 τοιοῦτον
877 3825 1040 3902 ἄνδρα
1098 3829 1172 3890 ὡς
1231 3829 1350 3883 θεὸν
1409 3829 1498 3882 καὶ
1557 3830 1663 3900 θεῷ
1719 3827 1878 3905 ἐγγὺς
1944 3833 2162 3904 πρῶτον
2217 3827 2308 3880 καὶ
2351 3828 2394 3862 1⁵
2451 3826 2736 3899 κράτιστον
2797 3825 2890 3897 μὲν
2961 3823 3112 3881 ἔθετο
3163 3827 3228 3896 ¹⁶,
3288 3826 3349 3888 ’ὸς
3408 3826 3568 3888 αὐτὸς
3616 3828 3662 3866 ¹⁷

243 3917 421 3971 πάντα
448 3918 659 3988 νοήσει,
690 3918 782 3972 τὸν
818 3914 864 3972 δ’
902 3917 1206 3973 ἀκούσαντα
1236 3917 1326 3973 καὶ
1369 3918 1608 3990 μαθόντα
1640 3915 1908 3993 δεύτερον.

318 4005 377 4061 Εἰ
418 4005 520 4081 γὰρ
554 4006 599 4042 1³
647 4006 712 4075 ἧν
761 4007 822 4062 τὸ
857 4008 1046 4080 μαθεῖν
1093 4005 1311 4082 ἄριστον
1368 4006 1460 4062 καὶ
1500 4010 1737 4082 πρῶτον,
1789 4003 1906 4062 οὐδ’

246 4093 306 4150 ἃν
349 4096 393 4133 ¹⁹
450 4094 580 4149 αὐτὸ
638 4099 858 4170 πρῶτον
891 4098 936 4133 ³ο
999 4097 1062 4151 τὸ
1125 4097 1313 4170 μαθεῖν
1382 4097 1471 4166 ἦν.
1533 4097 1739 4172 Ἐχρῆν
1800 4098 1905 4174 γὰρ

247 4181 426 4254 δήπου
458 4185 501 4221 ²¹
567 4185 755 4257 μαθεῖν
809 4186 933 4259 παρ’
998 4185 1207 4260 ἑτέρου,
1274 4185 1414 4241 ὥστε
1472 4185 1571 4240 οὐκ
1633 4185 1691 4240 ἃν
1751 4187 1818 4256 ἦν
1878 4187 1906 4241 ὁ

249 4270 517 4328 διδάσκων
551 4278 793 4346 πρῶτος,
826 4274 872 4328 εἰ
922 4275 984 4329 τὸ
1020 4276 1205 4348 μαθεῖν
1255 4281 1500 4350 κρεῖττον
1550 4274 1640 4330 καὶ
1689 4279 1908 4351 πρῶτον

249 4360 340 4429 ἦν.
383 4361 534 4431 Παρὰ
592 4366 689 4418 τοῦ
747 4361 874 4437 γὰρ,
906 4359 950 4416 ὦ
998 4364 1086 4418 καὶ
1140 4362 1203 4418 σὺ
1261 4366 1360 4434 τὴν
1415 4362 1687 4435 Ποικίλην
1744 4364 1904 4420 στοὰν

244 4452 549 4523 κοσμήσας,
609 4449 815 4521 ἆκούση
852 4452 919 4519 ³³,
992 4451 1100 4506 τίσι
1177 4456 1372 4526 πεισθῇ
1405 4454 1475 4523 ³³,
1544 4454 1589 4508 εἰ
1646 4456 1906 4528 κρείττων

248 4540 276 4593 ό
329 4540 516 4611 μαθών
567 4539 679 4594 ἐστι
725 4544 822 4594 τοῦ
867 4540 930 4594 τὸ
957 4541 1002 4576 ²⁴
1057 4547 1275 4614 πρῶτον
1337 4541 1613 4617 εὑρόντος,
1668 4543 1758 4597 καὶ
1821 4545 1896 4617 μὴ

245 4627 451 4703 ἀνάγκῃ
510 4626 782 4704 δεύτερος,
817 4627 967 4704 εἷ’περ
1012 4651 1064 4684 τι
1113 4627 1310 4702 μέλλοι
1363 4631 1739 4702 μαθήσεσθαι;
1792 4637 1900 4695 Πᾶς

241 4718 343 4792 γάρ
395 4717 423 4771 ὁ
482 4716 764 4788 μανθάνων
816 4717 1154 4793 ὡμόλογηκε
1199 4715 1468 4788 δήπουθεν
1526 4720 1657 4774 εἶναι
1695 4719 1898 4795 χείρων

242 4806 390 4877 αὐτῷ
421 4826 480 4881 γε
529 4809 610 4879 τῷ
641 4803 844 4862 δεῖσθαι
899 4809 1108 4880 μαθεῖν.
1137 4812 1227 4872 Ὠς
1257 4809 1302 4844 ³⁵
1351 4807 1404 4863 εἶ’
1426 4829 1486 4884 γε
1541 4811 1617 4882 μὴ
1667 4808 1897 4865 πείσειεν

242 4894 404 4951 αὐτὸν
467 4892 672 4951 δεῖσθαι
723 4896 1013 4973 πρότερον,
1071 4901 1191 4960 πῶς
1249 4896 1309 4953 ἃν
1382 4899 1586 4971 μάθοι;
1648 4905 1715 4955 Ἠ
1784 4904 1900 4963 πῶς

244 4979 402 5056 ἄλλῳ
455 4985 509 5059 γ’
547 4984 610 5039 ἂν
666 4984 875 5041 εἰπόντι
933 4988 1098 5060 [1245
1126 4987 1221 5061 Β.]
1275 4986 1519 5058 πεισθείη
1547 4988 1628 5056 ²⁸ς
1691 4987 1897 5044 Οὐκοῦν

2089 4005 2315 4061 Etenim
2371 4004 2419 4059 si
2478 4003 2789 4076 disciplina
2847 4008 3002 4061 esset
3048 4005 3289 4076 Optima,
3339 4021 3455 4061 non
3512 4011 3667 4062 esset

2017 4095 2224 4168 prima.
2259 4093 2401 4150 Nam
2431 4094 2502 4149 ab
2548 4093 2659 4149 alio
2703 4092 3044 4150 discendum
3095 4096 3255 4148 foret.
3295 4095 3498 4166 Itaque
3548 4112 3664 4150 non

2018 4189 2170 4240 esset
2218 4183 2377 4255 prior
2425 4185 2646 4250 doctor,
2683 4185 2731 4238 si
2763 4182 3074 4255 disciplina
3124 4182 3326 4238 melior
3370 4200 3435 4238 ac
3483 4185 3670 4254 prima

2016 4278 2349 4348 poneretur.
2379 4273 2538 4332 Unde
2563 4274 2718 4330 enim
2744 4274 2812 4342 is,
2837 4274 2935 4344 qui
2961 4278 3061 4329 tuo
3085 4289 3314 4345 quoque
3334 4274 3670 4332 testimonio

2015 4364 2253 4422 Variam
2308 4364 2419 4436 (83)
2470 4364 2790 4434 exornavit,
2824 4364 2978 4435 quod
3030 4371 3368 4434 sequeretur
3415 4364 3673 4420 audivis-

2016 4459 2125 4523 set,
2181 4456 2228 4510 si
2277 4453 2604 4526 discipulus
2658 4452 2948 4510 inventori
2999 4457 3314 4525 praestaret,
3361 4469 3464 4510 nec
3513 4457 3670 4509 esset

2015 4543 2337 4601 necessario
2362 4544 2675 4610 secundus,
2699 4541 2748 4598 si
2770 4542 2908 4614 quid
2934 4559 3192 4614 unquam
3215 4543 3554 4598 discendum
3582 4544 3666 4599 fo-

2014 4634 2136 4691 ret?
2158 4633 2362 4690 Omnis
2384 4633 2536 4688 enim
2561 4631 2912 4704 discipulus,
2935 4648 3000 4688 eo
3025 4632 3227 4703 utique
3249 4631 3371 4703 ipso
3403 4633 3555 4703 quod
3581 4631 3665 4688 in-

2011 4725 2170 4796 diget
2191 4723 2519 4796 disciplina,
2535 4723 2880 4780 deteriorem
2904 4739 2967 4781 se
2984 4722 3300 4794 proﬁtetur.
3325 4722 3532 4794 Itaque
3555 4722 3670 4778 nisi

2012 4813 2124 4869 sibi
2156 4814 2412 4885 primum
2448 4814 2572 4884 ipse
2603 4829 2666 4869 se
2695 4812 2951 4885 indigere
2981 4811 3346 4884 persuadeat,
3370 4812 3660 4882 quomodo

2009 4903 2097 4959 vel
2139 4903 2338 4971 discat,
2388 4904 2582 4960 418a
2625 4903 2711 4959 vel
2757 4902 2922 4959 alteri
2972 4902 3200 4959 docenti
3247 4900 3664 4971 obtemperet?

2011 4990 2290 5055 Quocirca
2319 4995 2409 5048 est
2437 4993 2762 5048 absurdum
2784 5007 2943 5060 eum,
2965 4991 3066 5063 qui
3097 4989 3481 5062 semetipsum
3505 4989 3664 5045 dete-

1595 5087 1690 5142 VA
1699 5089 1838 5145 RIIE
1885 5089 2302 5147 LECTIONES.

315 5183 358 5218 9⁸
389 5179 434 5236 εί
468 5179 554 5278 δελ
583 5200 638 5255 p.
672 5186 758 5240 37.
804 5184 850 5221 ⁰⁶
879 5185 955 5278 ῶς
989 5191 1041 5278 A.
1068 5184 1364 5278 τ’ἔσαςις.
1397 5187 1452 5278 "2
1478 5186 1718 5278 τῷιιξπξρ
1737 5189 1851 5275 ’τὴν
1877 5190 2082 5278 τέχνην
2277 5196 2340 5246 Λ.
2383 5189 2587 5278 ηἱτῆς]
2625 5187 2752 5278 ἰοὺς
2787 5195 2857 5278 ﬁt;
2891 5189 2943 5278 ’ἶ
2968 5186 3196 5278 οὖδὶὶρ.
3377 5188 3446 5278 ¹⁶Δ²
3473 5183 3661 5278 ἄλλως

243 5287 309 5296 --
349 5256 699 5363 παραῖίνεσαι
733 5273 849 5313 om.
877 5260 944 5316 A.
1017 5258 1041 5292 ⁸
1075 5257 1268 5333 ἐθρεῖν]
1388 5260 1477 5314 45.
1530 5256 1783 5314 ’⁴λαϐεῖν
1818 5256 2046 5316 omf‘A.‘
2113 5263 2133 5296 ⁵
2165 5262 2231 5330 ἦν
2260 5260 2505 5338 γεγονὼς
2523 5256 2595 5315 -έκ

245 5342 362 5383 om.
398 5329 462 5382 A.
554 5333 662 5382 τῶν
690 5332 899 5387 τεγνῶν
929 5346 1047 5386 om.
1078 5332 1143 5387 A.
1188 5331 1236 5365 ¹⁰
1262 5331 1361 5387 τήν
1401 5347 1517 5386 om.
1551 5335 1596 5387 A
1629 5339 1684 5387 et
1726 5348 1811 5387 Dr.
1845 5333 1910 5387 B.
1968 5336 2090 5370 ¹ί⁶¹²
2116 5331 2207 5386 καὶ
2238 5332 2431 5387 πάντες
2464 5365 2530 5374 —-
2571 5331 2638 5386 ἀλ
2687 5334 2698 5352 ’

554 5333 662 5404 τῶν
690 5332 899 5404 τεχνῶν
919 5346 1047 5404 om.
1078 5331 1147 5387 A.
1175 5331 1236 5404 _’°
1260 5331 1361 5404 τήν
1401 5347 1517 5404 om.
1551 5335 1596 5387 A
1629 5339 1684 5388 et
1726 5348 1811 5398 pr.
1845 5333 1910 5388 B.
1968 5336 2090 5370 ¹ί⁶¹²
2116 5331 2207 5386 καὶ
2238 5331 2431 5394 πάντες
2464 5365 2530 5374 —-
2571 5331 2698 5387 ἀλλ’

245 5342 362 5383 om.
398 5329 462 5382 A.

2788 5263 2857 5298 ⁸⁸⁷
2889 5258 2951 5314 οὒ
2980 5294 3052 5303 —
3081 5256 3216 5314 εἶναι
3251 5276 3364 5315 om.
3399 5261 3464 5316 A.
3539 5260 3561 5295 ⁸
3592 5256 3657 5330 δὴ

2731 5333 3049 5405 ἀνθρώπους
3080 5332 3492 5405 om.A,addi_tis
3531 5344 3660 5404 post

241 5397 378 5492 θεῶν
408 5399 497 5488 b‘is
523 5417 535 5454 ξ
570 5395 887 5492 ἀνθρῶπρυς
919 5395 1106 5492 λαβεῖν
1130 5395 1581 5492 τέιςέέπιὶστήμας.
1625 5403 1672 5440 ¹³
1704 5395 1914 5492 ἅπαντα
2108 5404 2227 5441 ¹⁴’¹⁵
2256 5403 2345 5458 καὶ
2379 5405 2452 5465 ὡς
2482 5435 2551 5446 —-
2580 5409 2795 5477 πρῶτον
2827 5395 2918 5459 καὶ
2950 5411 3136 5492 οωάέ.
3180 5403 3226 5441 ¹⁶
3255 5401 3422 5492 ἔθετρ]
3453 5395 3553 5492 ἔιρὴ
3590 5409 3653 5459 Δ.

247 5473 260 5492 Ι
326 5489 363 5492 --γ
392 5487 442 5492 ,Α
521 5473 538 5492 Α
586 5488 595 5492 -
1137 5474 1152 5492 Α
1400 5475 1416 5492 Ἰ
1550 5475 1604 5492 ΙΙΙ
1738 5477 1779 5492 .n
2072 5479 2085 5492 Δ
2228 5478 2272 5492 nn
2385 5480 2411 5490 υ
2721 5483 2731 5492 ι
2873 5477 2913 5492 οι
2995 5476 3008 5492 \
3141 5477 3154 5492 Ι
3273 5477 3288 5492 Ἰ
3604 5480 3618 5492 Δ

247 5471 289 5508 ιτ
321 5469 484 5532 αὐτὸς
506 5473 552 5526 Α
584 5488 597 5526 :
632 5469 719 5526 καὶ
753 5472 916 5533 αὐτὸς
950 5471 1030 5533 ς’.

1137 5473 1186 5508 ¹⁸
1211 5472 1259 5549 εἰ
1291 5474 1417 5549 γᾷιρ]
1452 5472 1504 5545 ν.
1540 5475 1628 5531 46-

1736 5477 1779 5512 ιθ
1808 5472 1866 5528 ἂν
1910 5472 2024 5533 οῆὶ.
2057 5479 2124 5534 Α.

2873 5477 2916 5514 ²¹
2949 5476 3053 5551 γὰρ
3087 5473 3288 5548 δήπου]
3337 5473 3431 5549 μὲν
3461 5473 3564 5550 γ’ὰρ
3589 5480 3655 5532 Α.

2228 5478 2272 5549 ξο
2301 5480 2520 5549 πρῶτον
2563 5494 2668 5535 om.
2705 5483 2768 5535 Α.

241 5541 287 5578 ²²
315 5539 534 5597 ἀκούσει
563 5548 628 5599 Δ.
709 5545 755 5581 ³³
780 5539 1023 5615 πεισθείη
1060 5551 1128 5600 Δ.
1206 5545 1256 5581 ²⁴
1292 5539 1501 5603 τὸ’ὀώ.
1534 5549 1598 5603 A:
1680 5545 1800 5583 ³⁸⁸⁸⁸
1829 5546 1903 5607 ὡς
1933 5579 2003 5589 -
2031 5545 2279 5617 πεισθείη
2313 5539 2430 5606 θ’ω.
2462 5553 2526 5605 Α.

1825 5634 2058 5693 NOTIE.

313 5720 425 5793 (83)
457 5722 724 5780 Porticus
753 5723 992 5782 Athenis
1020 5723 1261 5782 nomine
1287 5722 1484 5798 Varia,
1515 5723 1776 5797 Ποικίλη.
