4066 6216
226 385 397 449 1501

1316 391 1855 453 BIBLIOTHECA.
1901 419 1961 434 —
2019 391 2192 451 COD.
2240 388 2574 449 CCXLVI].

3488 392 3642 452 1502

218 518 338 586 κήν
381 519 452 586 ⁵9,
485 518 660 593 λέγειν
692 516 749 574 δὶ
773 518 848 581 ὡς
880 517 941 575 ού
973 527 1178 595 χρῆται
1219 520 1370 594 λόγῳ
1402 518 1471 576 δι’
1514 520 1644 576 αὐτὸ
1683 525 1843 576 τοῦτο

2001 521 2272 578 collineat
2300 520 2547 588 aberrat,
2571 520 2669 576 sed
2701 517 2799 589 qui
2830 518 3113 575 aberravit
3134 538 3249 578 non
3282 522 3634 593 collineavit,

219 606 434 668 πάντες
465 609 567 682 γὰρ
608 609 660 663 οἱ
709 608 1104 685 στοχαζόμενοι
1150 607 1216 681 δή
1268 631 1372 666 που
1403 614 1481 682 τῷ
1531 608 1684 685 λόγῳ
1714 630 1891 685 προσ-

215 693 458 768 ἀγοντες
490 697 538 732 ⁸ο
585 695 832 768 ἑαυτοὺς,
883 698 1026 754 οὕτω
1081 701 1464 774 στοχάζονται.
1512 698 1586 755 Οὐ
1631 699 1730 774 γὰρ
1775 695 1889 754 ἔστι

223 785 309 856 μή
347 781 505 859 λόγῳ
558 787 847 861 χρώμενον
901 789 1282 863 στοχάζεσθαι,
1313 787 1445 853 ἀλλ’
1474 790 1502 843 6
1533 791 1577 826 ⁶¹
1623 792 1718 843 106
1749 789 1886 860 πρά-

217 893 444 949 γματος
476 872 642 950 λόγος
675 876 834 940 οὗτός
866 876 1006 932 έστιν
1040 879 1068 932 6
1098 884 1273 934 ποιῶν
1316 878 1700 954 στοχάζεσθαι.
1735 878 1888 932 Ἒστι

218 959 285 1017 δὲ
342 962 701 1040 στοχάζεσθαι
751 967 812 1021 τὸ
841 972 1032 1042 τυχεῖν
1081 971 1178 1022 τοῦ
1226 968 1574 1042 πράγματος,
1606 967 1680 1030 ὡς
1730 966 1788 1021 οἷ’
1828 988 1888 1041 γε

216 1049 712 1129 ἀποτυγχάνοντες
786 1054 969 1130 ἀρχὴν
1038 1053 1164 1110 οὐδὲ
1235 1057 1620 1131 στοχάζονται.
1679 1055 1886 1110 Ούκοῦν

218 1139 329 1194 οὐκ
359 1141 408 1212 ᾧ
433 1142 480 1177 ⁶²
517 1142 878 1216 στοχάζεσθαι
908 1144 1204 1220 ἁμαρτάνει
1244 1164 1350 1212 τις,
1392 1143 1520 1200 ἀλλ’
1549 1146 1596 1217 ᾦ
1645 1141 1887 1218 διήμαρ-

217 1249 315 1284 τεν
348 1229 452 1284 οὐκ
493 1227 857 1306 ἐστοχάσατο.
894 1233 1136 1295 Εἰκότως
1164 1253 1176 1266 ο
1231 1231 1409 1295 οὐδεὶς
1439 1235 1544 1308 γὰρ
1591 1234 1884 1307 ἁμαρτάνει

217 1317 381 1395 λόγῳ
413 1320 725 1397 χρώμενος,
758 1319 884 1377 ἀλλ’
936 1323 1048 1394 ἅμα
1077 1322 1288 1400 ἐσφάλη
1338 1323 1428 1378 καὶ
1476 1325 1568 1378 τὸν
1617 1323 1779 1398 λόγον
1821 1322 1883 1377 ού

220 1405 554 1465 διεσώσατο.
595 1411 688 1480 [Τὸ
746 1409 954 1484 μέλλον
987 1414 1033 1450 ⁸³
1081 1413 1294 1485 ἑκάστῳ
1324 1411 1584 1467 συνοίσειν
1633 1410 1885 1487 ἐκλέγον-

211 1517 310 1560 τες
345 1500 437 1570 “.]
485 1498 581 1554 Καὶ
628 1502 816 1571 ταῦτα,
866 1499 912 1554 ὦ
960 1500 1216 1574 Ηλάτων,
1256 1507 1375 1562 ταῖς
1425 1507 1544 1563 σαῖς
1583 1497 1882 1573 ἀδαμαντί-

211 1606 341 1648 ναις
393 1586 650 1661 ἀνάγκαις
693 1585 1094 1647 ἀποδείκνυται.
1142 1591 1301 1663 [1248
1332 1593 1420 1662 8.]
1470 1591 1529 1645 Τί
1578 1587 1634 1644 δὲ
1663 1591 1711 1626 ⁸⁵
1756 1589 1881 1664 περὶ

221 1676 556 1753 ῥῆτορικῆς,
623 1679 668 1733 εἰ
744 1681 1092 1758 στοχάζεται,
1161 1682 1455 1753 θαυμάζεις
1484 1683 1566 1748 ⁶⁶;
1640 1680 1879 1757 φαίνεται

217 1767 328 1842 γὰρ
357 1767 406 1802 ⁸⁷
439 1768 709 1842 ῥητορική
742 1769 950 1841 ὁμοίως
989 1766 1303 1842 διακειμένη
1336 1773 1404 1844 τῇ
1441 1772 1698 1843 μαντικῇ,
1729 1767 1876 1837 πλὴν

218 1855 351 1912 ὅσον
414 1859 652 1929 μαντική
715 1859 808 1932 μὲν
863 1857 1216 1929 ἀπήλλακται
1272 1858 1656 1934 στοχασαμένη
1699 1859 1766 1928 ⁸⁸,

2001 617 2060 669 et
2074 615 2312 678 merito;
2337 611 2631 684 siquidem
2649 626 2818 666 nemo
2835 609 2974 664 dum
2992 612 3213 667 ratione
3236 613 3442 681 utitur,
3459 619 3631 685 errat,

2000 717 2200 758 verum
2232 701 2586 772 simulatque
2614 700 2899 754 rationem
2930 700 3147 769 amisit,
3172 703 3447 773 errat.[ld
3480 705 3634 774 quod

2000 789 2210 861 cuique
2233 791 2598 860 profuturum
2615 791 2719 854 est,
2753 785 3115 856 deligentes.]
3138 789 3322 858 Atque
3356 791 3472 844 haec
3505 792 3637 862 qui-

1997 879 2154 947 dem,
2186 878 2371 942 Plato,
2405 875 2802 932 adamantinis
2843 875 2958 930 tuis
3006 875 3486 932 demonstrantur
3535 894 3637 934 ne-

1997 966 2387 1023 cessitatibus.
2430 966 2574 1021 Cum
2622 963 2968 1020 rhetoricam
3019 963 3305 1035 conjicere
3358 967 3638 1023 miraris?

1997 1055 2212 1111 Eodem
2252 1054 2408 1110 enim
2443 1053 2614 1108 modo
2654 1057 2828 1124 atque
2870 1052 3152 1108 divinatio
3182 1053 3409 1110 videtur
3439 1071 3500 1110 se
3533 1055 3638 1110 ha-

1995 1143 2152 1212 bere,
2189 1142 2302 1198 nisi
2351 1142 2504 1213 quod
2555 1157 2687 1196 cum
2740 1140 3018 1196 divinatio
3059 1151 3190 1212 post
3238 1143 3635 1212 conjecturam

1996 1233 2242 1302 desinat,
2276 1231 2566 1286 rhetorica
2605 1246 2721 1284 non
2769 1233 2998 1284 tantum
3039 1230 3278 1302 conjicit
3308 1233 3405 1287 sed
3440 1237 3496 1288 et
3549 1249 3636 1303 ea,

1996 1337 2122 1392 quae
2153 1321 2376 1392 Optima
2407 1318 2718 1388 censuerit,
2735 1335 2836 1390 per
2860 1319 3164 1375 ministros
3187 1321 3637 1393 perficit.Itaque

1993 1409 2368 1466 divinationis
2394 1413 2640 1480 occupat
2663 1409 2878 1474 locum,
2905 1412 2962 1464 et
2983 1409 3124 1464 artis
3153 1408 3439 1478 militaris,
3457 1428 3634 1483 quam

1993 1500 2227 1570 quidem
2261 1498 2332 1553 ad
2357 1497 2581 1554 civilem
2607 1496 2913 1553 scientiam
2946 1497 3236 1568 pertinere
3259 1515 3373 1554 non
3403 1501 3639 1567 negabit

1991 1589 2176 1646 Plato.
2207 1589 2326 1653 Quo
2366 1589 2547 1661 igitur
2577 1587 2749 1644 modo
2793 1587 2978 1644 civilis
3008 1588 3260 1644 scientiae
3295 1591 3475 1660 partis
3507 1596 3631 1646 erat

1993 1677 2376 1736 simulacrum
2418 1676 2728 1744 rhetorica,
2751 1676 2800 1732 si
2832 1693 2948 1734 non
2980 1676 3137 1733 isto?
3168 1683 3242 1733 At
3289 1679 3364 1733 ita
3393 1679 3637 1735 simula-

1993 1784 2160 1824 crum
2194 1784 2308 1823 non
2341 1766 2472 1822 erit.

1837 1857 2110 1934 ῥητορικὴ
2171 1855 2498 1934 στοχάζεται
2560 1855 2725 1927 μόνον
2782 1859 2889 1909 τῶν
2951 1856 3311 1932 πραγμάτων,
3343 1854 3492 1911 ἀλλὰ
3546 1855 3636 1911 καὶ

218 1948 448 2022 πράττει
477 1945 568 2002 διὰ
603 1952 708 2004 τῶν
765 1948 1050 2022 ὑπηρετῶν
1083 1949 1215 2004 ἅττα
1260 1949 1319 2004 ἂν
1350 1950 1572 2025 εὑρίσκῃ
1627 1948 1904 2023 βέλτιστα.
1935 1949 2096 2002 Ὥστε
2129 1945 2218 2000 καὶ
2268 1946 2360 2000 τὸν
2390 1951 2490 2015 τῆς
2543 1951 2804 2018 μαντικῆς
2837 1942 3022 2019 έπέχει
3069 1945 3234 2022 λόγον
3286 1947 3373 2002 καὶ
3408 1948 3499 2002 τὸν
3531 1954 3634 2018 τῆς

215 2045 612 2115 στρατηγικῆς,
643 2041 704 2108 ἣν
762 2036 930 2114 μηδὶν
989 2042 1285 2111 προσήκειν
1342 2045 1412 2115 τῇ
1470 2039 1733 2114 πολιτικῇ
1787 2037 2016 2096 Πλάτων
2078 2038 2181 2092 οὐκ
2234 2036 2364 2111 ἐρεῖ.
2423 2041 2544 2098 Πῶς
2601 2033 2691 2090 οὗν
2753 2035 3018 2111 ῥητορικὴ
3079 2033 3372 2106 πολιτικῆς
3433 2037 3631 2113 μορίου

215 2125 480 2197 εἴδωλον,
521 2128 566 2183 εἰ
601 2130 677 2202 μὴ
712 2127 884 2192 οὕτως
910 2147 922 2198 ;
959 2127 1137 2184 Ἀλλὰ
1166 2130 1213 2167 ⁶⁹
1245 2130 1352 2204 μὴν
1387 2128 1532 2186 οὕτω
1561 2151 1621 2206 γε
1651 2129 1749 2185 οὐκ
1777 2131 1904 2204 [674
1934 2129 2029 2200 Η.]
2059 2123 2294 2182 εἴδωλον
2322 2126 2440 2182 εἶεν.

295 2218 448 2293 [Κατ’
502 2216 776 2293 εἰρωνείαν
805 2218 868 2272 τὸ
926 2217 1345 2293 οὕτωςπμοῖον
1406 2218 1458 2293 εἴ
1502 2221 1578 2293 μὴ
1637 2221 1771 2293 κατὰ
1815 2218 1878 2273 τὸ
1908 2220 1956 2286 Β

220 2287 456 2365 ἐοικέχαι
515 2287 611 2365 τῇ-
641 2293 999 2365 στρατηγικῇ,
1040 2292 1129 2365 καὶ
1193 2287 1876 2365 λοιπμὸνίέξέπικρίσεως,

220 2310 456 2343 εοικεναι
515 2311 584 2362 τῇ
641 2310 841 2363 στρατη
887 2311 999 2363 ικῃ,
1040 2311 1129 2346 και
1194 2310 1388 2346 Λοιπον
1430 2310 1481 2364 εξ
1535 2310 1708 2365 επικρι

219 2357 309 2416 ὅτι
337 2357 459 2415 οὕτε
489 2361 626 2416 κατὰ
654 2365 821 2416 τοῦτο
848 2310 1058 2418 δύναιτ’
1090 2360 1148 2426 ἂν
1180 2365 1224 2402 τί
1259 2360 1493 2418 ε’ίδωλον
1528 2364 1708 2435 εἶναι.]

289 2451 407 2505 ’Ότι
437 2449 484 2486 ⁷³
529 2450 708 2504 τοίνυν
751 2447 896 2513 ὅλως
919 2453 966 2487 ⁷³
1006 2449 1116 2506 ἐστὶ
1157 2451 1400 2528 σόφισμα
1446 2453 1509 2506 τὸ
1554 2453 1770 2530 φάσκειν
1797 2453 1865 2507 τά

215 2535 484 2594 δοκοῦντα
511 2543 630 2600 τοῖς
660 2537 918 2610 πλήθεσι,
950 2544 1116 2596 ταῦτα
1155 2536 1552 2614 συμϐουλεύειν
1597 2539 1725 2604 τοὺς
1758 2540 1862 2617 ῥή-

210 2647 378 2698 τορας
407 2629 499 2682 καὶ
527 2627 724 2684 τούτου
771 2630 943 2702 μόνου
974 2631 1350 2705 στοχάζεσθαι,
1390 2630 1436 2684 εί
1484 2632 1572 2684 καὶ
1609 2631 1685 2703 μὴ
1735 2635 1860 2693 παῖς

211 2715 536 2792 ἐξελέγξειεν
569 2717 636 2787 ’¹⁴,
678 2715 804 2772 ἀλλ’
845 2718 991 2779 ὅστις
1018 2721 1063 2754 ⁷⁸
1108 2739 1165 2793 γε
1201 2717 1256 2774 εὖ
1304 2725 1512 2796 φρονεῖ.
1564 2719 1721 2792 Ἐμοὶ
1765 2721 1860 2792 μὶν

211 2804 319 2882 γὰρ
349 2805 664 2861 τούναντίον
714 2811 819 2861 πᾶν
860 2806 1123 2883 φαίνεται,
1159 2809 1296 2880 μήτε
1344 2808 1396 2863 έν
1443 2812 1513 2882 τῇ
1553 2815 1653 2877 τῆς
1703 2809 1865 2884 ῥητο-

213 2901 377 2968 ρικῆς
409 2894 561 2968 φύσει
591 2893 786 2950 πλεῖον
835 2895 966 2950 εἶναι
1003 2893 1174 2968 μηδὲν
1204 2896 1240 2965 ἢ
1270 2896 1334 2951 τὸ
1385 2898 1462 2970 μή
1507 2899 1574 2953 τὰ
1604 2895 1862 2954 δοκοῦντα

208 2987 333 3044 τοῖς
361 2980 626 3053 πλήθεσιν
657 2982 817 3047 εὐθὺς
848 2987 891 3021 ⁷⁸
924 2983 1012 3055 έᾷν
1041 2984 1299 3061 γίνεσθαι,
1334 2987 1476 3058 μήτε
1503 2987 1631 3049 τοὺς
1661 2987 1708 3022 ⁷⁷
1757 2988 1863 3062 ῥή-

206 3090 377 3146 τορας
409 3071 462 3133 ές
511 3069 654 3128 ἄλλο
685 3094 738 3128 τι
792 3073 1005 3147 μᾶλλον
1047 3079 1266 3130 σκοπεῖν
1299 3074 1345 3111 ⁷⁸
1383 3075 1418 3146 ἢ
1466 3075 1533 3130 τα
1583 3074 1860 3151 βέλτιστα,

213 3161 357 3234 μήτε
384 3161 516 3222 τοὺς
544 3158 757 3235 δήμους
800 3161 997 3227 αὐτοὺς
1031 3163 1192 3218 τοῦτό
1237 3183 1299 3239 γε
1329 3163 1603 3240 ἐκφυγεῖν,
1638 3165 1712 3227 ὡς
1763 3167 1866 3221 οὐκ

207 3247 467 3322 ἀμείνους
525 3254 674 3325 σφῶν
733 3252 783 3304 οἱ
841 3253 1070 3326 ῥήτορες
1139 3250 1459 3328 λογίσασθαι
1492 3254 1540 3288 79
1585 3253 1708 3328 περὶ
1755 3259 1864 3310 τῶν

206 3338 546 3414 πραγμάτων
574 3338 662 3394 καὶ
693 3344 866 3394 πᾶσαν
921 3339 1070 3404 ὅλως
1100 3343 1198 3410 τῆν
1229 3346 1326 3398 106
1380 3343 1502 3417 βίου
1533 3345 1719 3418 σχέσιν
1771 3343 1863 3398 καὶ

207 3429 311 3496 τὴν
341 3428 542 3503 τύχην,
573 3428 662 3483 καὶ
693 3432 854 3484 τοῦτο
884 3428 934 3499 ἐξ
966 3428 1144 3486 αὐτῶν
1174 3436 1282 3486 τῶν
1310 3436 1488 3505 τιμῶν
1520 3433 1656 3487 εἶναι
1689 3429 1860 3503 δῆλον

2057 2218 2200 2289 [Ηοο
2242 2231 2343 2288 per
2372 2215 2642 2289 ironiam,
2677 2216 2789 2289 nisi
2829 2220 3120 2288 quatenus
3151 2217 3364 2273 similis
3395 2222 3485 2273 est
3515 2218 3626 2273 arti

1991 2287 2255 2356 militari,
2281 2293 2336 2361 et
2367 2287 2606 2358 reliqua,
2639 2304 2708 2361 ea
2737 2287 3101 2361 discretione,
3134 2290 3270 2359 quia
3315 2305 3502 2361 neque
3535 2306 3624 2345 se—

1992 2361 2262 2416 cundum
2294 2360 2403 2415 hos
2436 2364 2630 2430 posset
2649 2358 3032 2416 simulacrum
3062 2358 3232 2431 esse]

2063 2453 2195 2505 Jam
2229 2449 2380 2520 quod
2405 2449 2507 2516 ait,
2542 2455 2798 2506 oratores
2830 2465 2898 2504 ea
2945 2465 3071 2520 quae
3119 2448 3336 2519 populo
3371 2447 3634 2520 placeant

1970 2539 2239 2606 suadere,
2271 2542 2444 2608 atque
2493 2537 2550 2592 id
2601 2537 2788 2592 solum
2838 2543 3128 2608 spectare,
3160 2535 3216 2590 id
3263 2536 3502 2591 omnino
3537 2553 3635 2592 so-

1971 2626 2292 2699 pbisticum
2321 2626 2534 2692 esse,si
2560 2642 2676 2682 non
2700 2625 2956 2696 puer,vir
2970 2628 3122 2680 certe
3155 2625 3419 2696 prudens
3439 2631 3628 2680 osten-

1970 2717 2136 2772 derit.
2179 2716 2323 2772 Nam
2382 2715 2784 2786 mihiquidem
2827 2721 3030 2770 contra
3077 2715 3330 2784 videtur,
3361 2731 3467 2770 nec
3499 2716 3632 2771 rbe-

1968 2806 2211 2862 toricam
2231 2806 2547 2877 quidquam
2572 2805 2785 2860 habere
2811 2805 3000 2876 magis
3020 2803 3537 2877 proprium,quam
3567 2809 3630 2860 ut

1970 2911 2058 2963 ea,
2084 2912 2214 2969 quae
2231 2896 2443 2968 populo
2465 2895 2757 2962 videntur,
2780 2911 2896 2950 non
2923 2895 3122 2950 statim
3147 2894 3272 2948 fieri
3307 2895 3632 2965 permittat,

1971 3001 2078 3042 nec
2098 2990 2353 3042 oratores
2369 2985 2686 3056 quidquam
2707 2983 2923 3056 potius,
2940 2999 3116 3054 quam
3137 2984 3359 3054 Optima
3373 3000 3621 3054 quaeque

1978 3075 2170 3130 4141)
2196 3081 2476 3145 spectare,
2512 3089 2616 3130 nec
2647 3074 2734 3128 vel
2773 3072 2900 3146 ipse
2931 3072 3180 3145 populus
3210 3072 3624 3145 difﬁteri,quin

1981 3163 2039 3218 in
2064 3163 2236 3219 rebus
2265 3162 2728 3228 considerandis,
2762 3179 2826 3218 ac
2857 3167 2976 3218 toto
3005 3161 3134 3217 vita:
3167 3162 3366 3217 habitu
3398 3166 3454 3218 et
3484 3179 3622 3218 con-

1975 3252 2217 3322 ditione,
2251 3257 2521 3323 praestent
2551 3251 2663 3323 ipsi
2696 3251 3165 3322 oratores,idque
3188 3267 3255 3307 ex
3278 3251 3620 3317 honoribus,

1969 3358 2120 3414 quos
2165 3343 2247 3400 eis
2290 3343 2516 3412 tribuit,
2551 3341 2926 3397 manifestum
2969 3340 3090 3396 ﬁeri
3132 3341 3352 3411 objicit.
3388 3340 3490 3396 Sin
3521 3357 3620 3397 eos

1975 3430 2188 3502 populo
2219 3431 2364 3488 dicis
2397 3433 2617 3498 cedere,
2654 3435 2712 3486 et
2742 3431 2927 3486 facere
2959 3430 3244 3502 imperata
3275 3447 3391 3484 non
3427 3430 3619 3502 impe-

209 3513 285 3566 ὧν
324 3514 512 3575 αὐτοῖς
543 3512 928 3586 ἀπονέμουσιν.
961 3514 1023 3570 Ei
1074 3512 1130 3570 δὲ
1160 3517 1204 3552 ³⁸
1251 3515 1446 3578 αὐτοὺς
1474 3518 1516 3553 ⁸⁸
1547 3523 1664 3580 τοῖς
1711 3518 1864 3590 πλή-

1983 3536 2127 3589 rare,
2147 3520 2424 3577 famulam
2452 3537 2551 3592 pro
2569 3521 2643 3576 do
2660 3519 2820 3574 mina
2844 3518 3126 3586 sumis,et
3147 3535 3277 3574 cum
3301 3518 3618 3590 plebicolas

207 3604 348 3657 θεσιν
383 3602 619 3659 ὑπείκειν
661 3603 766 3680 φῆς
797 3602 887 3658 καὶ
929 3608 1105 3659 ποιεῖν
1135 3605 1201 3658 τὰ
1242 3603 1598 3678 κελευόμενα,
1631 3605 1756 3662 ἀλλ’
1797 3609 1862 3663 ού

207 3689 468 3759 κελεύειν,
501 3692 600 3761 τήν
635 3692 960 3766 θεράπαιναν
994 3689 1227 3768 εἴληφας
1259 3692 1374 3746 ἀντὶ
1405 3700 1505 3762 τῆς
1553 3691 1863 3767 δεσποίνης,

204 3780 297 3835 καὶ
344 3781 470 3843 τοὺς
531 3779 834 3856 δημοσίους
881 3782 1058 3858 ψέγων
1115 3779 1293 3844 δοκεῖς
1327 3785 1372 3819 ⁸³
1423 3783 1552 3845 τοὺς
1603 3783 1860 3859 ῥήτορας.

208 3869 363 3926 Ἀλλ’
393 3869 512 3926 οὔθ’
561 3873 613 3926 οἱ
663 3870 925 3945 δημόσιοι
971 3873 1108 3945 μέγα
1158 3877 1448 3949 φρονοῦσιν
1495 3871 1578 3948 ἐφ’
1625 3875 1860 3949 ἑαυτοῖς,

207 3957 291 4015 ὅτι
325 3957 647 4016 δουλεύουσι
679 3966 796 4023 τοῖς
827 3968 925 4031 τῆς
966 3959 1185 4026 πόλεως
1235 3963 1575 4036 βουλήμασι,
1607 3965 1696 4018 καί
1743 3971 1860 4027 τοῖς

206 4049 431 4127 ῥήτορσι
459 4055 558 4105 106
588 4055 800 4128 φρονεῖν
843 4052 976 4106 αὐτὸ
1027 4055 1192 4106 τοῦτο
1223 4051 1396 4106 αἶ’τιόν
1439 4052 1546 4106 ἐστι
1588 4053 1651 4107 τὸ
1687 4054 1763 4126 μή
1795 4055 1862 4109 τὰ

207 4136 468 4195 δοκοῦντα
495 4144 612 4202 τοῖς
666 4137 866 4213 δήμοις
919 4138 1122 4216 λέγειν,
1155 4138 1283 4196 ἀλλ’
1337 4141 1370 4196 ἃ
1410 4138 1664 4196 δοκοῦσιν
1706 4141 1859 4199 αὐτοὶ

213 4227 468 4304 βέλτιστα
499 4229 656 4286 εἶναι.
687 4229 749 4285 Εἰ
791 4227 848 4285 δὲ
876 4230 923 4267 ⁸³
965 4229 1102 4299 ἦσαν
1153 4227 1396 4286 διάκονοι
1431 4238 1533 4301 τῆς
1578 4237 1684 4287 τῶν
1719 4231 1861 4288 πολ-

206 4314 315 4372 λῶν
345 4315 636 4390 ἐπιθυμίας
665 4317 756 4373 καὶ
784 4319 852 4374 τὰ
883 4315 1145 4373 δοκοῦντα
1183 4324 1299 4381 τοῖς
1350 4317 1689 4393 καθημένοις
1731 4319 1859 4393 ἐδη-

209 4406 508 4482 μηγόρουν,
543 4404 662 4462 οὐδ’
694 4407 756 4461 ἂν
807 4407 1280 4484 παῤῥησιάσασθαί
1323 4411 1446 4464 ποτ’
1476 4409 1661 4471 αὐτοῖς
1711 4409 1854 4481 ἐξῆν,

205 4494 312 4570 ούχ
354 4491 504 4558 ὅπως
543 4495 676 4571 ὑπὲρ
725 4495 851 4558 τοὺς
881 4495 1088 4559 ἄλλους
1136 4502 1352 4572 φρονεῖν
1381 4500 1446 4553 “.
1489 4496 1648 4556 Ἀλλ’
1699 4500 1854 4572 οἶμαι

206 4584 473 4641 συνίσασιν
512 4586 723 4649 ἑαυτοῖς
767 4585 829 4641 ού
871 4587 965 4648 τὰς
1016 4583 1215 4655 ἡδονὰς
1261 4587 1666 4663 θεραπεύουσιν,
1707 4587 1852 4644 ἀλλὰ

203 4679 307 4730 τῶν
368 4672 561 4748 δήμων
616 4675 712 4738 τὰς
769 4673 1060 4748 ἐπιθυμίας
1115 4677 1542 4756 σωφρονίζουσιν
1581 4696 1594 4710 ·
1656 4675 1780 4734 οὐδὲ
1807 4681 1852 4716 ⁸⁵

204 4765 398 4838 ὁρῶσιν
430 4764 508 4825 είς
537 4765 665 4827 τοὺς
694 4761 1116 4834 πολλοὺς,ἆλλὰ
1146 4763 1352 4820 πολλοὶ
1385 4766 1585 4840 ὁρῶσιν
1617 4765 1692 4829 είς
1725 4767 1850 4823 τού-

1977 3609 2467 3681 vituperes,putas
2486 3608 2590 3664 tibi
2606 3625 2727 3664 rem
2745 3624 2870 3664 esse
2891 3623 3025 3662 cum
3047 3607 3616 3664 oratoribus.Verum

1977 3715 2082 3753 nec
2119 3699 2420 3770 plebicolas
2453 3698 2647 3768 magni
2688 3713 2746 3752 se
2789 3696 3028 3761 faciunt,
3061 3697 3216 3764 quod
3255 3695 3466 3750 civitati
3497 3712 3620 3750 ser-

1973 3786 2154 3853 viant,
2187 3796 2240 3842 et
2286 3791 2544 3840 oratores
2593 3785 2700 3839 bac
2739 3784 2866 3854 ipsa
2897 3784 2968 3837 de
3009 3798 3188 3838 causa
3218 3781 3331 3836 sibi
3363 3781 3614 3852 placent,

1973 3875 2126 3946 quod
2175 3891 2288 3930 non
2337 3891 2464 3946 quae
2523 3873 2758 3944 populo,
2813 3873 2915 3927 sed
2961 3888 3088 3942 qua:
3139 3871 3251 3926 sibi
3309 3870 3616 3927 videantur

1971 3963 2192 4035 optima
2212 3964 2429 4018 dicant.
2465 3963 2624 4026 Quod
2643 3962 2689 4016 si
2725 3959 3117 4015 multitudinis
3143 3961 3612 4030 obtemperarent

1970 4051 2226 4117 libidini,
2258 4057 2316 4108 et
2355 4068 2458 4123 pro
2509 4051 2777 4121 judicum
2824 4049 3061 4105 arbitrio
3101 4049 3607 4118 concionarentur,

1969 4157 2041 4198 ne
2092 4141 2266 4197 libere
2307 4140 2460 4212 loqui
2507 4140 2741 4211 quidem
2793 4143 3023 4209 possent
3062 4154 3338 4210 unquam,
3391 4138 3606 4193 nedum

1968 4231 2100 4287 aliis
2140 4247 2202 4287 se
2240 4231 2519 4302 proferre.
2564 4231 2636 4284 At
2682 4233 2895 4284 norunt
2938 4245 3000 4283 se
3045 4245 3160 4284 non
3211 4226 3610 4300 voluptatibus

1967 4320 2203 4388 servire,
2235 4321 2336 4376 sed
2379 4318 2724 4389 cupiditates
2759 4317 3073 4385 moderari,
3107 4333 3213 4374 nec
3245 4317 3448 4389 vulgus
3480 4333 3613 4388 ερο-

1966 4417 2142 4477 clare,
2182 4411 2269 4466 vel
2317 4410 2368 4465 ei
2427 4423 2648 4480 parere,
2691 4409 2791 4464 sed
2843 4407 2914 4463 ab
2983 4423 3049 4463 eo
3116 4409 3385 4480 spectari,
3442 4409 3612 4481 eique

1964 4499 2278 4571 imperare,
2297 4503 2471 4571 atque
2485 4498 2617 4555 inde
2637 4514 2847 4553 nomen
2863 4503 3229 4567 acceperunt,
3246 4498 3301 4552 in
3323 4498 3608 4555 libertatis

1963 4591 2218 4662 signum,
2273 4592 2336 4644 ut
2403 4587 2711 4660 demagogi
2773 4590 3138 4655 vocarentur,
3181 4603 3297 4642 non
3365 4589 3510 4657 quod
3573 4605 3606 4644 a

1962 4678 2176 4751 populo
2207 4678 2523 4747 ducuntur,
2547 4694 2579 4733 ο
2611 4676 2711 4749 qui
2734 4693 2973 4732 sursum
3007 4676 3204 4731 omnia
3233 4692 3300 4732 ac
3331 4676 3601 4734 deorsum

1959 4768 2219 4835 invertis,
2251 4769 2351 4825 sed
2386 4769 2538 4840 quod
2573 4783 2706 4823 eum
2739 4766 2980 4833 ducunt,
3015 4765 3516 4837 quemadmodum
3546 4771 3606 4820 et

198 4874 322 4916 τους
352 4853 419 4888 ⁸⁸·
454 4850 571 4909 οὐδ’
603 4853 930 4929 ἀρχομένοις
971 4854 1076 4908 ὑπὸ
1104 4859 1214 4910 τῶν
1250 4852 1484 4910 ἰδιωτῶν
1532 4856 1744 4919 ἑαυτοῖς
1773 4859 1839 4930 ⁸⁷,

1983 4859 2325 4930 ιωάοδοεοε,
2354 4858 2580 4928 opinor,
2597 4855 2984 4928 appellamus,
3005 4870 3117 4911 non
3143 4853 3244 4925 qui
3266 4852 3465 4926 pueris
3487 4869 3604 4908 ser-

202 4937 324 4996 ἀλλ’
343 4939 608 5016 ἄρχουσιν
639 4939 823 5002 αὐτοῖς
853 4945 964 4995 τῶν
994 4938 1245 5000 πολλῶν.
1282 4942 1381 4998 Καὶ
1409 4943 1509 5012 τῆν
1541 4941 1852 5018 ἐπωνυμίαν

1983 4945 2144 5014 riant,
2187 4945 2287 5001 sed
2320 4947 2417 5015 qui
2455 4961 2554 5002 eos
2593 4946 2828 5002 ducant.
2863 4941 3158 5013 Quidquid
3206 4942 3361 4997 enim
3395 4941 3604 4997 horum

203 5027 288 5085 διὰ
334 5035 497 5086 τοῦτο
558 5029 823 5108 εἰλήφασι
872 5031 1001 5106 παρ’
1038 5031 1214 5087 αὐτῶν
1268 5031 1379 5086 ἀντ’
1417 5030 1593 5089 ἄλλου
1643 5029 1854 5107 συμϐό-

1983 5033 2198 5102 lixeris,
2224 5035 2514 5108 princeps,
2556 5033 2884 5106 praefectus,
2917 5036 3258 5105 praceptor,
3292 5030 3350 5087 id
3386 5031 3602 5087 oratori

1546 5197 1786 5254 VARIE
1827 5197 2222 5255 LECTIONES
2235 5237 2247 5253 .

2507 5349 2535 5369 γ

266 5349 308 5384 ⁸9
341 5348 440 5417 τὴν
482 5347 782 5476 ρητορικὴν
813 5365 931 5406 om.
963 5350 1025 5406 C.
1101 5347 1149 5384 ⁸⁸
1175 5348 1505 5422 προάγοντες
1706 5348 1749 5384 ⁶¹
1783 5347 1811 5401 6
1842 5350 1930 5406 AC
1963 5365 1977 5404 ε
2013 5347 2082 5403 ού
2279 5348 2327 5384 ⁸⁸
2359 5347 2466 5428 οὐχ
2495 5349 2563 5476 ιέ]

266 5438 306 5476 3.
341 5421 450 5476 AC.
509 5427 762 5476 eluatur
792 5437 847 5476 ι).
878 5422 969 5476 64.
1045 5419 1165 5456 ⁸⁵⁸⁸⁸
1198 5419 1250 5473 τί
1284 5416 1341 5474 δὲ
1369 5425 1450 5476 (n.
1481 5422 1574 5476 69)
1604 5451 1672 5462 -—
1703 5418 1998 5476 θαυμάζεις
2026 5438 2139 5476 om.
2179 5425 2239 5476 A.
2279 5419 2327 5454 °7
2357 5421 2482 5476 γὰρι
2546 5422 2558 5441 ⁹

2605 5349 2743 5437 p6."
2766 5349 2884 5385 6"“
2911 5348 2974 5403 16
3002 5347 3592 5437 μέλλον-ἐκλέγοντες

199 5438 306 5478 om.
341 5416 450 5477 AC.
483 5416 762 5494 leguntur
878 5422 969 5476 65.
1045 5419 1165 5456 ⁸⁸⁸⁸⁸
1198 5416 1250 5473 τί
1284 5416 1344 5474 δὲ
1369 5425 1450 5491 (ρ.
1481 5416 1583 5488 69ῖ
1604 5451 1672 5462 -—
1703 5418 1998 5492 θαυμάζεις
2026 5416 2158 5477 om:
2179 5425 2239 5477 A.
2279 5419 2327 5454 °7
2357 5416 2482 5495 γὰρ]
2512 5416 2562 5476 δῖ
2589 5427 2651 5476 Α.
2694 5421 2743 5456 ⁸⁸
2773 5416 3154 5496 στοχασαμένη
3191 5428 3237 5476 Δ
3270 5437 3282 5474 :
3319 5416 3586 5494 στοχαζο-

204 5493 364 5546 μένης
396 5491 478 5546 ε’.
581 5493 697 5528 “'70
727 5489 794 5546 ἀλ
841 5492 873 5545 ἁ
902 5523 969 5532 -
1009 5489 1180 5546 οὕτως
1213 5509 1330 5546 om.
1361 5496 1425 5546 A.
1531 5494 1573 5529 ⁷¹
1609 5488 1667 5545 ἂν
1700 5509 1817 5546 om.
1853 5499 1918 5546 A.
2023 5494 2067 5528 ⁷³
2096 5493 2202 5546 δτι]
2256 5510 2309 5546 n.
2341 5496 2432 5546 70.
2537 5496 2582 5530 ⁷³
2612 5491 2758 5546 ὅλως
2807 5511 2920 5546 om.
2973 5497 3036 5546 A.
3139 5492 3186 5527 ⁷⁴
3218 5489 3480 5546 ἐλέγξειεν
3521 5497 3584 5546 Α.

197 5493 364 5599 μένης
543 5488 697 5528 ""70
727 5488 873 5546 ἀλλὰ
902 5523 969 5532 -
1009 5489 1180 5553 οὕτως
1213 5509 1330 5549 οω.
1361 5488 1425 5548 Ᾱ.
1531 5494 1573 5529 ⁷¹
1609 5488 1667 5545 ἂν
1700 5488 1823 5549 om.
1853 5488 1918 5548 A.
2023 5494 2067 5528 ⁷³
2096 5493 2202 5585 δτι]
2256 5510 2309 5562 p.
2341 5488 2441 5548 7.0..
2467 5488 2481 5495 ’
2537 5496 2582 5530 ⁷³
2612 5491 2758 5554 ὅλως
2807 5488 2920 5551 oni.
2973 5488 3036 5550 A.
3139 5488 3186 5527 ⁷⁴
3218 5488 3480 5568 ἐλέγξειεν
3507 5488 3584 5548 Ἀ.

222 5566 241 5601 ε
267 5561 429 5601 ,τωρ-,ρ
476 5566 506 5601 Δ
635 5564 681 5599 ἰο
711 5562 864 5601 ..’.n.‘..
895 5580 983 5601 nm
1049 5570 1079 5601 Α
1210 5563 1257 5600 71
1292 5565 1426 5601 Mt"
1452 5563 1579 5601 q-nv‘u-
1703 5563 1752 5599 τε
1780 5565 2026 5601 "vnum-7n]
2063 5566 2173 5601 mm
2223 5563 2269 5601 At
2307 5561 2533 5601 2.4-“...
2567 5563 2712 5601 λίην.
2743 5569 2958 5601 ,νη-,τυ
2999 5568 3028 5601 Α
3161 5564 3207 5600 79
3237 5562 3582 5601 δηνιηηηηηη

266 5562 432 5650 (ἧστίξ
468 5566 536 5620 Α.
590 5638 603 5650 Δ
635 5564 681 5599 ⁷⁸
711 5562 864 5650 ειξθὺς
895 5580 1006 5650 orn.
1040 5570 1156 5650 Al.“
1210 5563 1257 5600 ’⁷⁷
1287 5565 1428 5650 μήτε
1452 5563 1597 5650 τοὺς.
1679 5563 1752 5650 ,⁷⁸
1780 5565 2026 5650 σκοπεῖν]
2057 5562 2274 5650 μήθ’ῌὶ
2305 5562 2533 5650 ῥήτορες
2562 5563 3061 5650 ῥίολλο..σκοπεῖνέξἱ
3129 5562 3582 5650 ’τξλλογίσασθαμ

1210 5563 1257 5600 ’⁷⁷
1290 5565 1428 5637 μήτε
1452 5563 1597 5637 τοὺς.
1679 5563 1752 5637 ’⁷⁸
1780 5565 2026 5637 σκοπεῖν]
2061 5563 2200 5636 μήθ’
2221 5563 2274 5637 οἱ

744 5562 864 5626 ύθὺς
895 5580 1006 5619 om.
1040 5570 1110 5621 Δ.
1210 5563 1257 5600 ’⁷⁷
1331 5565 1428 5634 ήτε
1452 5563 1597 5624 τοὺς.
1703 5563 1752 5599 ⁷⁸
1780 5565 2026 5637 σκοπεῖν]
2061 5561 2201 5636 μήθ’
2223 5561 2274 5618 οἳ

744 5635 866 5710 εἳεεῖ
897 5631 978 5710 δέ]
1007 5652 1062 5707 Po
1093 5636 1182 5691 74·
1364 5635 1582 5710 αρᾃρὺς]
1609 5632 1738 5696 τοὺς
1778 5634 2012 5710 ῥήτορας
2040 5639 2109 5694 Α,
2212 5635 2260 5672 δε
2301 5561 2334 5694 ἑ

2945 5635 3067 5672 ⁸³⁸⁸³
3098 5635 3144 5690 εί
3185 5632 3241 5690 δέ
3271 5632 3338 5678 -ζ
3368 5632 3582 5712 φρονεῖν

1396 5705 1442 5742 ³⁷
1467 5705 1681 5767 έαυτοῖς
1712 5705 1830 5768 om.
1860 5705 1929 5766 A.

201 5633 661 5713 βουλεύονται
744 5635 866 5713 εξᾼεί
897 5633 978 5713 δέ]
1007 5652 1062 5707 p.
1093 5636 1182 5691 74.
1270 5633 1327 5713 Α⁸¹
1364 5635 1582 5713 αύτοὺς]
1609 5633 1738 5713 τοὺς
1778 5633 2133 5713 ῥήτοραςᾹζ
2212 5635 2260 5672 ⁸³
2301 5633 2500 5708 δοκεῖς]
2552 5633 2756 5698 ἀδικεῖς
2786 5640 2852 5694 Α.

199 5703 302 5766 6m.
331 5710 398 5764 A.
473 5707 521 5743 ⁸⁵
549 5703 696 5766 οὐδὲ.
773 5707 820 5746 ⁸⁸
847 5703 1072 5770 τούτους
1102 5723 1220 5765 om.
1251 5708 1318 5765 Α.
