  <div class='ocr_page' id='page_1' title='image "/cluster/home/n/w/nwhite01/storage/ocr_20150623/103/hvd.32044054112495/772.png"; bbox 0 0 4066 6216; ppageno 0'>
   <div class='ocr_carea' id='block_1_1' title="bbox 185 304 363 366">
    <p class='ocr_par' dir='ltr' id='par_1_1' title="bbox 185 304 363 366">
     <span class='ocr_line' id='line_1_1' title="bbox 185 304 363 366; baseline 0 -3"><span class='ocrx_word' id='word_1_1' title='bbox 185 305 216 363; x_wconf 80' lang='grc'><strong>1</strong></span> <span class='ocrx_word' id='word_1_2' title='bbox 227 304 363 366; x_wconf 79' lang='lat'><strong>505</strong></span> 
     </span>
    </p>
   </div>
   <div class='ocr_carea' id='block_1_2' title="bbox 1273 299 2531 366">
    <p class='ocr_par' dir='ltr' id='par_1_2' title="bbox 1273 299 2531 366">
     <span class='ocr_line' id='line_1_2' title="bbox 1273 299 2531 366; baseline 0.002 -3"><span class='ocrx_word' id='word_1_3' title='bbox 1273 301 1815 366; x_wconf 84' lang='lat' dir='ltr'><strong>BlBLIOTHECA.</strong></span> <span class='ocrx_word' id='word_1_4' title='bbox 1863 331 1940 348; x_wconf 88' lang='lat'><strong>--</strong></span> <span class='ocrx_word' id='word_1_5' title='bbox 1981 299 2152 361; x_wconf 89' lang='lat' dir='ltr'><strong>COD.</strong></span> <span class='ocrx_word' id='word_1_6' title='bbox 2201 303 2531 366; x_wconf 86' lang='lat' dir='ltr'><strong>CCXLVII.</strong></span> 
     </span>
    </p>
   </div>
   <div class='ocr_carea' id='block_1_3' title="bbox 3443 318 3598 380">
    <p class='ocr_par' dir='ltr' id='par_1_3' title="bbox 3443 318 3598 380">
     <span class='ocr_line' id='line_1_3' title="bbox 3443 318 3598 380; baseline 0.006 -2"><span class='ocrx_word' id='word_1_7' title='bbox 3443 318 3598 380; x_wconf 79' lang='grc'><strong>1506</strong></span> 
     </span>
    </p>
   </div>
   <div class='ocr_carea' id='block_1_4' title="bbox 175 433 3601 517">
    <p class='ocr_par' dir='ltr' id='par_1_4' title="bbox 175 433 3601 517">
     <span class='ocr_line' id='line_1_4' title="bbox 175 433 3601 517; baseline 0.001 -23"><span class='ocrx_word' id='word_1_8' title='bbox 175 436 504 501; x_wconf 83' lang='grc' dir='ltr'><strong>λευτῶντας</strong></span> <span class='ocrx_word' id='word_1_9' title='bbox 579 435 772 500; x_wconf 81' lang='grc' dir='ltr'><strong>αὖτοὺς</strong></span> <span class='ocrx_word' id='word_1_10' title='bbox 839 437 924 512; x_wconf 79' lang='grc' dir='ltr'><strong>ὑφ’</strong></span> <span class='ocrx_word' id='word_1_11' title='bbox 993 436 1216 498; x_wconf 71' lang='grc' dir='ltr'><strong>ἑαυτοὺς</strong></span> <span class='ocrx_word' id='word_1_12' title='bbox 1284 436 1482 506; x_wconf 79' lang='grc' dir='ltr'><strong>ἐλθεῖν,</strong></span> <span class='ocrx_word' id='word_1_13' title='bbox 1560 434 1742 511; x_wconf 83' lang='grc' dir='ltr'><strong>ὥσπερ</strong></span> <span class='ocrx_word' id='word_1_14' title='bbox 1809 433 1938 510; x_wconf 75' lang='grc' dir='ltr'><strong>φασέ</strong></span> <span class='ocrx_word' id='word_1_15' title='bbox 2003 435 2130 498; x_wconf 86' lang='grc' dir='ltr'><strong>τοὺς</strong></span> <span class='ocrx_word' id='word_1_16' title='bbox 2187 437 2486 513; x_wconf 80' lang='grc' dir='ltr'><strong>σπαρτοὺς,</strong></span> <span class='ocrx_word' id='word_1_17' title='bbox 2543 439 2589 494; x_wconf 77' lang='grc' dir='ltr'><strong>εἰ</strong></span> <span class='ocrx_word' id='word_1_18' title='bbox 2645 438 2748 514; x_wconf 77' lang='grc' dir='ltr'><strong>ἄρα</strong></span> <span class='ocrx_word' id='word_1_19' title='bbox 2823 441 2913 496; x_wconf 83' lang='grc' dir='ltr'><strong>καὶ</strong></span> <span class='ocrx_word' id='word_1_20' title='bbox 2969 444 2996 496; x_wconf 78' lang='grc' dir='ltr'>ὁ</span> <span class='ocrx_word' id='word_1_21' title='bbox 3055 447 3224 517; x_wconf 84' lang='grc' dir='ltr'><strong>μῦθος</strong></span> <span class='ocrx_word' id='word_1_22' title='bbox 3297 453 3462 506; x_wconf 85' lang='grc' dir='ltr'><strong>τοῦτο</strong></span> <span class='ocrx_word' id='word_1_23' title='bbox 3520 453 3601 508; x_wconf 72' lang='grc' dir='ltr'><strong>αἱ.</strong></span> 
     </span>
    </p>
   </div>
   <div class='ocr_carea' id='block_1_5' title="bbox 175 529 452 584">
    <p class='ocr_par' dir='ltr' id='par_1_5' title="bbox 175 529 452 584">
     <span class='ocr_line' id='line_1_5' title="bbox 175 529 452 584; baseline -0.004 0"><span class='ocrx_word' id='word_1_24' title='bbox 175 551 207 583; x_wconf 89' lang='grc' dir='ltr'><strong>ν</strong></span> <span class='ocrx_word' id='word_1_25' title='bbox 219 529 452 584; x_wconf 83' lang='grc' dir='ltr'><strong>ίττεται.</strong></span> 
     </span>
    </p>
   </div>
   <div class='ocr_carea' id='block_1_6' title="bbox 254 617 1842 697">
    <p class='ocr_par' dir='ltr' id='par_1_6' title="bbox 254 617 1840 697">
     <span class='ocr_line' id='line_1_6' title="bbox 254 617 1840 697; baseline -0.003 -22"><span class='ocrx_word' id='word_1_26' title='bbox 254 618 411 676; x_wconf 84' lang='grc' dir='ltr'><strong>Ἔδει</strong></span> <span class='ocrx_word' id='word_1_27' title='bbox 468 617 532 688; x_wconf 82' lang='grc' dir='ltr'><strong>δή</strong></span> <span class='ocrx_word' id='word_1_28' title='bbox 573 621 614 657; x_wconf 78' lang='grc'>¹⁷</span> <span class='ocrx_word' id='word_1_29' title='bbox 679 619 860 674; x_wconf 84' lang='grc' dir='ltr'><strong>κοινόν</strong></span> <span class='ocrx_word' id='word_1_30' title='bbox 935 640 990 674; x_wconf 83' lang='grc' dir='ltr'><strong>τι</strong></span> <span class='ocrx_word' id='word_1_31' title='bbox 1047 617 1332 697; x_wconf 73' lang='grc' dir='ltr'><strong>φάρμακον</strong></span> <span class='ocrx_word' id='word_1_32' title='bbox 1403 618 1683 694; x_wconf 85' lang='grc' dir='ltr'><strong>εὑρεθῆναι</strong></span> <span class='ocrx_word' id='word_1_33' title='bbox 1760 622 1840 690; x_wconf 82' lang='grc' dir='ltr'><strong>τῷ</strong></span> 
     </span>
    </p>
   </div>
   <div class='ocr_carea' id='block_1_7' title="bbox 1952 617 3596 697">
    <p class='ocr_par' dir='ltr' id='par_1_7' title="bbox 2024 618 3596 693">
     <span class='ocr_line' id='line_1_7' title="bbox 2024 618 3596 693; baseline 0.012 -21"><span class='ocrx_word' id='word_1_34' title='bbox 2024 618 2345 676; x_wconf 78' lang='lat' dir='ltr'><strong>Commune</strong></span> <span class='ocrx_word' id='word_1_35' title='bbox 2389 621 2680 692; x_wconf 82' lang='lat' dir='ltr'><strong>quoddam</strong></span> <span class='ocrx_word' id='word_1_36' title='bbox 2716 622 2814 678; x_wconf 85' lang='lat' dir='ltr'><strong>loli</strong></span> <span class='ocrx_word' id='word_1_37' title='bbox 2845 623 3042 693; x_wconf 81' lang='lat' dir='ltr'><strong>generi</strong></span> <span class='ocrx_word' id='word_1_38' title='bbox 3081 625 3190 681; x_wconf 87' lang='lat' dir='ltr'><strong>fuit</strong></span> <span class='ocrx_word' id='word_1_39' title='bbox 3219 631 3410 686; x_wconf 71' lang='lat' dir='ltr'><strong>4l5a</strong></span> <span class='ocrx_word' id='word_1_40' title='bbox 3439 632 3596 690; x_wconf 85' lang='lat' dir='ltr'><strong>inve-</strong></span> 
     </span>
    </p>
   </div>
   <div class='ocr_carea' id='block_1_8' title="bbox 169 707 1842 786">
    <p class='ocr_par' dir='ltr' id='par_1_8' title="bbox 169 707 1842 786">
     <span class='ocr_line' id='line_1_8' title="bbox 169 707 1842 786; baseline -0.002 -23"><span class='ocrx_word' id='word_1_41' title='bbox 169 710 354 786; x_wconf 80' lang='grc' dir='ltr'><strong>γένει,</strong></span> <span class='ocrx_word' id='word_1_42' title='bbox 404 707 596 763; x_wconf 77' lang='grc' dir='ltr'><strong>ταύτὸν</strong></span> <span class='ocrx_word' id='word_1_43' title='bbox 652 709 815 762; x_wconf 76' lang='grc' dir='ltr'><strong>ἅπασι</strong></span> <span class='ocrx_word' id='word_1_44' title='bbox 874 707 1170 786; x_wconf 71' lang='grc' dir='ltr'><strong>συμιρὲρον,</strong></span> <span class='ocrx_word' id='word_1_45' title='bbox 1216 713 1332 770; x_wconf 90' lang='grc' dir='ltr'><strong>τοῖς</strong></span> <span class='ocrx_word' id='word_1_46' title='bbox 1393 707 1666 782; x_wconf 76' lang='grc' dir='ltr'><strong>ἰσχυροῖς,</strong></span> <span class='ocrx_word' id='word_1_47' title='bbox 1723 713 1842 768; x_wconf 92' lang='grc' dir='ltr'><strong>τοῖς</strong></span> 
     </span>
    </p>
   </div>
   <div class='ocr_carea' id='block_1_9' title="bbox 170 795 1839 870">
    <p class='ocr_par' dir='ltr' id='par_1_9' title="bbox 170 795 1839 870">
     <span class='ocr_line' id='line_1_9' title="bbox 170 795 1839 870; baseline -0.002 -16"><span class='ocrx_word' id='word_1_48' title='bbox 170 799 403 869; x_wconf 75' lang='grc' dir='ltr'><strong>ἥττοσι,</strong></span> <span class='ocrx_word' id='word_1_49' title='bbox 448 802 563 859; x_wconf 87' lang='grc' dir='ltr'><strong>τοῖς</strong></span> <span class='ocrx_word' id='word_1_50' title='bbox 607 797 918 868; x_wconf 73' lang='grc' dir='ltr'><strong>ἐπιεικέσιν,</strong></span> <span class='ocrx_word' id='word_1_51' title='bbox 971 798 1046 860; x_wconf 85' lang='grc' dir='ltr'><strong>ὡς</strong></span> <span class='ocrx_word' id='word_1_52' title='bbox 1093 799 1220 860; x_wconf 79' lang='grc' dir='ltr'><strong>τοὺς</strong></span> <span class='ocrx_word' id='word_1_53' title='bbox 1273 799 1367 870; x_wconf 78' lang='grc' dir='ltr'><strong>μὲν</strong></span> <span class='ocrx_word' id='word_1_54' title='bbox 1427 797 1461 866; x_wconf 76' lang='grc' dir='ltr'><strong>ἢ</strong></span> <span class='ocrx_word' id='word_1_55' title='bbox 1499 799 1540 836; x_wconf 77' lang='grc'><strong>³⁸</strong></span> <span class='ocrx_word' id='word_1_56' title='bbox 1596 795 1839 852; x_wconf 83' lang='grc' dir='ltr'><strong>κωλῦσαι</strong></span> 
     </span>
    </p>
   </div>
   <div class='ocr_carea' id='block_1_10' title="bbox 173 885 1840 962">
    <p class='ocr_par' dir='ltr' id='par_1_10' title="bbox 173 885 1840 962">
     <span class='ocr_line' id='line_1_10' title="bbox 173 885 1840 962; baseline -0.002 -18"><span class='ocrx_word' id='word_1_57' title='bbox 173 889 294 962; x_wconf 84' lang='grc' dir='ltr'><strong>πρὸ</strong></span> <span class='ocrx_word' id='word_1_58' title='bbox 355 891 464 943; x_wconf 81' lang='grc' dir='ltr'><strong>τῶν</strong></span> <span class='ocrx_word' id='word_1_59' title='bbox 521 885 876 960; x_wconf 74' lang='grc' dir='ltr'><strong>ἀδικημάτων</strong></span> <span class='ocrx_word' id='word_1_60' title='bbox 935 888 970 956; x_wconf 69' lang='grc' dir='ltr'><strong>ἢ</strong></span> <span class='ocrx_word' id='word_1_61' title='bbox 1031 887 1158 962; x_wconf 83' lang='grc' dir='ltr'><strong>παρ’</strong></span> <span class='ocrx_word' id='word_1_62' title='bbox 1215 886 1349 941; x_wconf 78' lang='grc' dir='ltr'><strong>αὐτά</strong></span> <span class='ocrx_word' id='word_1_63' title='bbox 1401 887 1840 960; x_wconf 77' lang='grc' dir='ltr'><strong>τιμωρήσασθαι,</strong></span> 
     </span>
    </p>
   </div>
   <div class='ocr_carea' id='block_1_11' title="bbox 175 974 1842 1053">
    <p class='ocr_par' dir='ltr' id='par_1_11' title="bbox 175 974 1842 1053">
     <span class='ocr_line' id='line_1_11' title="bbox 175 974 1842 1053; baseline -0.002 -20"><span class='ocrx_word' id='word_1_64' title='bbox 175 983 306 1039; x_wconf 86' lang='grc' dir='ltr'><strong>τοῖς</strong></span> <span class='ocrx_word' id='word_1_65' title='bbox 349 975 408 1033; x_wconf 77' lang='grc' dir='ltr'><strong>δὲ</strong></span> <span class='ocrx_word' id='word_1_66' title='bbox 455 975 634 1032; x_wconf 71' lang='grc' dir='ltr'><strong>ἄδειαν</strong></span> <span class='ocrx_word' id='word_1_67' title='bbox 683 982 779 1033; x_wconf 89' lang='grc' dir='ltr'><strong>τοῦ</strong></span> <span class='ocrx_word' id='word_1_68' title='bbox 831 977 953 1053; x_wconf 83' lang='grc' dir='ltr'><strong>βίου</strong></span> <span class='ocrx_word' id='word_1_69' title='bbox 1000 977 1422 1050; x_wconf 76' lang='grc' dir='ltr'><strong>παρασκευάσαι,</strong></span> <span class='ocrx_word' id='word_1_70' title='bbox 1471 981 1588 1038; x_wconf 88' lang='grc' dir='ltr'><strong>τοῖς</strong></span> <span class='ocrx_word' id='word_1_71' title='bbox 1632 974 1688 1030; x_wconf 73' lang='grc' dir='ltr'><strong>δῖε</strong></span> <span class='ocrx_word' id='word_1_72' title='bbox 1735 976 1842 1051; x_wconf 78' lang='grc' dir='ltr'><strong>χά-</strong></span> 
     </span>
    </p>
   </div>
   <div class='ocr_carea' id='block_1_12' title="bbox 181 1065 1840 1144">
    <p class='ocr_par' dir='ltr' id='par_1_12' title="bbox 181 1065 1840 1144">
     <span class='ocr_line' id='line_1_12' title="bbox 181 1065 1840 1144; baseline -0.001 -21"><span class='ocrx_word' id='word_1_73' title='bbox 181 1069 274 1143; x_wconf 80' lang='grc' dir='ltr'><strong>ρίν</strong></span> <span class='ocrx_word' id='word_1_74' title='bbox 315 1071 418 1138; x_wconf 80' lang='grc' dir='ltr'><strong>τήν</strong></span> <span class='ocrx_word' id='word_1_75' title='bbox 467 1069 797 1144; x_wconf 81' lang='grc' dir='ltr'><strong>πρέπουσαν,</strong></span> <span class='ocrx_word' id='word_1_76' title='bbox 831 1068 948 1123; x_wconf 78' lang='grc' dir='ltr'><strong>ὅσοι</strong></span> <span class='ocrx_word' id='word_1_77' title='bbox 995 1071 1058 1122; x_wconf 89' lang='grc' dir='ltr'><strong>τὸ</strong></span> <span class='ocrx_word' id='word_1_78' title='bbox 1105 1065 1310 1123; x_wconf 84' lang='grc' dir='ltr'><strong>δίκαιον</strong></span> <span class='ocrx_word' id='word_1_79' title='bbox 1363 1067 1562 1140; x_wconf 77' lang='grc' dir='ltr'><strong>ἐτίμων</strong></span> <span class='ocrx_word' id='word_1_80' title='bbox 1611 1066 1840 1128; x_wconf 84' lang='grc' dir='ltr'><strong>εκόντες.</strong></span> 
     </span>
    </p>
   </div>
   <div class='ocr_carea' id='block_1_13' title="bbox 185 1155 1842 1232">
    <p class='ocr_par' dir='ltr' id='par_1_13' title="bbox 185 1155 1842 1232">
     <span class='ocr_line' id='line_1_13' title="bbox 185 1155 1842 1232; baseline -0.004 -19"><span class='ocrx_word' id='word_1_81' title='bbox 185 1155 401 1232; x_wconf 76' lang='grc' dir='ltr'><strong>Εὗρέοη</strong></span> <span class='ocrx_word' id='word_1_82' title='bbox 463 1158 642 1213; x_wconf 86' lang='grc' dir='ltr'><strong>τοίνυν</strong></span> <span class='ocrx_word' id='word_1_83' title='bbox 706 1157 764 1213; x_wconf 79' lang='grc' dir='ltr'><strong>ἐκ</strong></span> <span class='ocrx_word' id='word_1_84' title='bbox 825 1158 1031 1213; x_wconf 82' lang='grc' dir='ltr'><strong>τούτων</strong></span> <span class='ocrx_word' id='word_1_85' title='bbox 1085 1157 1369 1232; x_wconf 79' lang='grc' dir='ltr'><strong>ῥηνορική,</strong></span> <span class='ocrx_word' id='word_1_86' title='bbox 1430 1156 1519 1212; x_wconf 79' lang='grc' dir='ltr'><strong>καὶ</strong></span> <span class='ocrx_word' id='word_1_87' title='bbox 1593 1156 1842 1230; x_wconf 84' lang='grc' dir='ltr'><strong>παρῆλθε</strong></span> 
     </span>
    </p>
   </div>
   <div class='ocr_carea' id='block_1_14' title="bbox 181 1244 1838 1326">
    <p class='ocr_par' dir='ltr' id='par_1_14' title="bbox 181 1244 1838 1326">
     <span class='ocr_line' id='line_1_14' title="bbox 181 1244 1838 1326; baseline -0.002 -24"><span class='ocrx_word' id='word_1_88' title='bbox 181 1249 567 1326; x_wconf 73' lang='grc' dir='ltr'><strong>φυλακτήριον</strong></span> <span class='ocrx_word' id='word_1_89' title='bbox 627 1245 970 1317; x_wconf 79' lang='grc' dir='ltr'><strong>δικαιοσύνης</strong></span> <span class='ocrx_word' id='word_1_90' title='bbox 1025 1246 1114 1302; x_wconf 80' lang='grc' dir='ltr'><strong>καὶ</strong></span> <span class='ocrx_word' id='word_1_91' title='bbox 1185 1244 1481 1320; x_wconf 78' lang='grc' dir='ltr'><strong>σύνδεσμος</strong></span> <span class='ocrx_word' id='word_1_92' title='bbox 1541 1250 1637 1301; x_wconf 84' lang='grc' dir='ltr'><strong>τοῦ</strong></span> <span class='ocrx_word' id='word_1_93' title='bbox 1715 1246 1838 1319; x_wconf 84' lang='grc' dir='ltr'><strong>βίου</strong></span> 
     </span>
    </p>
   </div>
   <div class='ocr_carea' id='block_1_15' title="bbox 179 1333 1838 1412">
    <p class='ocr_par' dir='ltr' id='par_1_15' title="bbox 179 1333 1838 1412">
     <span class='ocr_line' id='line_1_15' title="bbox 179 1333 1838 1412; baseline -0.002 -19"><span class='ocrx_word' id='word_1_94' title='bbox 179 1343 306 1400; x_wconf 87' lang='grc' dir='ltr'><strong>τοῖς</strong></span> <span class='ocrx_word' id='word_1_95' title='bbox 367 1337 702 1412; x_wconf 78' lang='grc' dir='ltr'><strong>ἀνθρώποις,</strong></span> <span class='ocrx_word' id='word_1_96' title='bbox 762 1337 912 1399; x_wconf 80' lang='grc' dir='ltr'><strong>ὅπως</strong></span> <span class='ocrx_word' id='word_1_97' title='bbox 969 1339 1046 1409; x_wconf 78' lang='grc' dir='ltr'><strong>μῆ</strong></span> <span class='ocrx_word' id='word_1_98' title='bbox 1109 1343 1228 1399; x_wconf 86' lang='grc' dir='ltr'><strong>ταῖς</strong></span> <span class='ocrx_word' id='word_1_99' title='bbox 1288 1337 1465 1412; x_wconf 77' lang='grc' dir='ltr'><strong>χερσὲ,</strong></span> <span class='ocrx_word' id='word_1_100' title='bbox 1529 1333 1670 1409; x_wconf 77' lang='grc' dir='ltr'><strong>μηδὲ</strong></span> <span class='ocrx_word' id='word_1_101' title='bbox 1723 1341 1838 1398; x_wconf 87' lang='grc' dir='ltr'><strong>τοῖς</strong></span> 
     </span>
    </p>
   </div>
   <div class='ocr_carea' id='block_1_16' title="bbox 182 1421 1840 1500">
    <p class='ocr_par' dir='ltr' id='par_1_16' title="bbox 182 1421 1840 1500">
     <span class='ocr_line' id='line_1_16' title="bbox 182 1421 1840 1500; baseline 0 -18"><span class='ocrx_word' id='word_1_102' title='bbox 182 1427 414 1496; x_wconf 81' lang='grc' dir='ltr'><strong>ὅπλοις,</strong></span> <span class='ocrx_word' id='word_1_103' title='bbox 449 1425 592 1500; x_wconf 75' lang='grc' dir='ltr'><strong>μηδὲ</strong></span> <span class='ocrx_word' id='word_1_104' title='bbox 638 1431 718 1499; x_wconf 77' lang='grc' dir='ltr'><strong>τῷ</strong></span> <span class='ocrx_word' id='word_1_105' title='bbox 745 1421 1068 1500; x_wconf 74' lang='grc' dir='ltr'><strong>προλαϐεῖν,</strong></span> <span class='ocrx_word' id='word_1_106' title='bbox 1107 1424 1247 1500; x_wconf 75' lang='grc' dir='ltr'><strong>μηδὲ</strong></span> <span class='ocrx_word' id='word_1_107' title='bbox 1293 1426 1492 1496; x_wconf 65' lang='grc' dir='ltr'><strong>πλήθει</strong></span> <span class='ocrx_word' id='word_1_108' title='bbox 1544 1425 1633 1479; x_wconf 81' lang='grc' dir='ltr'><strong>καὶ</strong></span> <span class='ocrx_word' id='word_1_109' title='bbox 1677 1427 1840 1499; x_wconf 82' lang='grc' dir='ltr'><strong>μεγέ-</strong></span> 
     </span>
    </p>
   </div>
   <div class='ocr_carea' id='block_1_17' title="bbox 179 1513 1842 1590">
    <p class='ocr_par' dir='ltr' id='par_1_17' title="bbox 179 1513 1842 1590">
     <span class='ocr_line' id='line_1_17' title="bbox 179 1513 1842 1590; baseline -0.001 -18"><span class='ocrx_word' id='word_1_110' title='bbox 179 1520 264 1572; x_wconf 80' lang='grc' dir='ltr'><strong>θει</strong></span> <span class='ocrx_word' id='word_1_111' title='bbox 296 1519 366 1588; x_wconf 69' lang='lat'><strong>‘9,</strong></span> <span class='ocrx_word' id='word_1_112' title='bbox 402 1514 532 1590; x_wconf 85' lang='grc' dir='ltr'><strong>μηδ’</strong></span> <span class='ocrx_word' id='word_1_113' title='bbox 581 1514 738 1588; x_wconf 77' lang='grc' dir='ltr'><strong>ἄλλῳ</strong></span> <span class='ocrx_word' id='word_1_114' title='bbox 785 1521 892 1571; x_wconf 79' lang='grc' dir='ltr'><strong>τῶν</strong></span> <span class='ocrx_word' id='word_1_115' title='bbox 933 1515 1130 1570; x_wconf 80' lang='grc' dir='ltr'><strong>ἀνίσων</strong></span> <span class='ocrx_word' id='word_1_116' title='bbox 1179 1513 1371 1588; x_wconf 81' lang='grc' dir='ltr'><strong>μηδενί</strong></span> <span class='ocrx_word' id='word_1_117' title='bbox 1403 1515 1451 1550; x_wconf 75' lang='grc'><strong>²⁰</strong></span> <span class='ocrx_word' id='word_1_118' title='bbox 1497 1513 1737 1590; x_wconf 79' lang='grc' dir='ltr'><strong>κρίνοιτο</strong></span> <span class='ocrx_word' id='word_1_119' title='bbox 1773 1515 1842 1570; x_wconf 72' lang='grc' dir='ltr'><strong>τὰ.</strong></span> 
     </span>
    </p>
   </div>
   <div class='ocr_carea' id='block_1_18' title="bbox 178 1601 1838 1680">
    <p class='ocr_par' dir='ltr' id='par_1_18' title="bbox 178 1601 1838 1680">
     <span class='ocr_line' id='line_1_18' title="bbox 178 1601 1838 1680; baseline -0.002 -20"><span class='ocrx_word' id='word_1_120' title='bbox 178 1605 510 1680; x_wconf 83' lang='grc' dir='ltr'><strong>πράγματα,</strong></span> <span class='ocrx_word' id='word_1_121' title='bbox 569 1603 698 1660; x_wconf 86' lang='grc' dir='ltr'><strong>ἀλλ’</strong></span> <span class='ocrx_word' id='word_1_122' title='bbox 750 1605 777 1658; x_wconf 90' lang='grc' dir='ltr'>ὁ</span> <span class='ocrx_word' id='word_1_123' title='bbox 835 1601 998 1678; x_wconf 83' lang='grc' dir='ltr'><strong>λόγος</strong></span> <span class='ocrx_word' id='word_1_124' title='bbox 1055 1604 1116 1658; x_wconf 89' lang='grc' dir='ltr'><strong>τὸ</strong></span> <span class='ocrx_word' id='word_1_125' title='bbox 1175 1601 1385 1658; x_wconf 84' lang='grc' dir='ltr'><strong>δίκαιον</strong></span> <span class='ocrx_word' id='word_1_126' title='bbox 1459 1601 1540 1679; x_wconf 77' lang='grc' dir='ltr'><strong>ἐφ’</strong></span> <span class='ocrx_word' id='word_1_127' title='bbox 1602 1603 1838 1678; x_wconf 79' lang='grc' dir='ltr'><strong>ἡσυχίας</strong></span> 
     </span>
    </p>
   </div>
   <div class='ocr_carea' id='block_1_19' title="bbox 181 1691 1842 1772">
    <p class='ocr_par' dir='ltr' id='par_1_19' title="bbox 181 1691 1842 1772">
     <span class='ocr_line' id='line_1_19' title="bbox 181 1691 1842 1772; baseline -0.002 -22"><span class='ocrx_word' id='word_1_128' title='bbox 181 1693 414 1771; x_wconf 82' lang='grc' dir='ltr'><strong>διαιροῖ.</strong></span> <span class='ocrx_word' id='word_1_129' title='bbox 476 1695 654 1772; x_wconf 86' lang='grc' dir='ltr'><strong>Ἀρχή</strong></span> <span class='ocrx_word' id='word_1_130' title='bbox 710 1694 803 1767; x_wconf 80' lang='grc' dir='ltr'><strong>μὲν</strong></span> <span class='ocrx_word' id='word_1_131' title='bbox 855 1691 945 1748; x_wconf 79' lang='grc' dir='ltr'><strong>οὖν</strong></span> <span class='ocrx_word' id='word_1_132' title='bbox 974 1697 1016 1730; x_wconf 78' lang='grc'>²¹</span> <span class='ocrx_word' id='word_1_133' title='bbox 1063 1691 1204 1763; x_wconf 80' lang='grc' dir='ltr'><strong>αὕτη</strong></span> <span class='ocrx_word' id='word_1_134' title='bbox 1255 1693 1344 1747; x_wconf 79' lang='grc' dir='ltr'><strong>καὶ</strong></span> <span class='ocrx_word' id='word_1_135' title='bbox 1396 1691 1553 1766; x_wconf 76' lang='grc' dir='ltr'><strong>φύσις</strong></span> <span class='ocrx_word' id='word_1_136' title='bbox 1613 1693 1842 1766; x_wconf 84' lang='grc' dir='ltr'><strong>ῥητορι-</strong></span> 
     </span>
    </p>
   </div>
   <div class='ocr_carea' id='block_1_20' title="bbox 181 1781 1834 1860">
    <p class='ocr_par' dir='ltr' id='par_1_20' title="bbox 181 1781 1834 1860">
     <span class='ocr_line' id='line_1_20' title="bbox 181 1781 1834 1860; baseline -0.004 -18"><span class='ocrx_word' id='word_1_137' title='bbox 181 1793 316 1856; x_wconf 85' lang='grc' dir='ltr'><strong>κῆς,</strong></span> <span class='ocrx_word' id='word_1_138' title='bbox 363 1786 450 1840; x_wconf 82' lang='grc' dir='ltr'>καί</span> <span class='ocrx_word' id='word_1_139' title='bbox 505 1781 767 1860; x_wconf 86' lang='grc' dir='ltr'><strong>βούλημα</strong></span> <span class='ocrx_word' id='word_1_140' title='bbox 803 1787 990 1852; x_wconf 83' lang='grc' dir='ltr'><strong>τοῦτο,</strong></span> <span class='ocrx_word' id='word_1_141' title='bbox 1050 1787 1218 1838; x_wconf 80' lang='grc' dir='ltr'><strong>σῶσαι</strong></span> <span class='ocrx_word' id='word_1_142' title='bbox 1267 1785 1465 1846; x_wconf 80' lang='grc' dir='ltr'><strong>πάντας</strong></span> <span class='ocrx_word' id='word_1_143' title='bbox 1519 1782 1834 1856; x_wconf 81' lang='grc' dir='ltr'><strong>ἀνθρώπους</strong></span> 
     </span>
    </p>
   </div>
   <div class='ocr_carea' id='block_1_21' title="bbox 183 1870 1837 1949">
    <p class='ocr_par' dir='ltr' id='par_1_21' title="bbox 183 1870 1837 1949">
     <span class='ocr_line' id='line_1_21' title="bbox 264 1870 1837 1908; baseline 0.001 -15"><span class='ocrx_word' id='word_1_144' title='bbox 264 1875 278 1894; x_wconf 61' lang='grc' dir='ltr'><strong>ς</strong></span> <span class='ocrx_word' id='word_1_145' title='bbox 358 1875 372 1892; x_wconf 63' lang='grc' dir='ltr'><strong>ς</strong></span> <span class='ocrx_word' id='word_1_146' title='bbox 493 1874 501 1888; x_wconf 77' lang='grc' dir='ltr'><strong>ι</strong></span> <span class='ocrx_word' id='word_1_147' title='bbox 665 1873 679 1890; x_wconf 62' lang='grc' dir='ltr'><strong>ς</strong></span> <span class='ocrx_word' id='word_1_148' title='bbox 773 1880 798 1890; x_wconf 75' lang='grc' dir='ltr'><strong>ι-</strong></span> <span class='ocrx_word' id='word_1_149' title='bbox 910 1893 930 1904; x_wconf 57' lang='grc'><strong>,</strong></span> <span class='ocrx_word' id='word_1_150' title='bbox 1023 1877 1050 1888; x_wconf 82' lang='lat'><strong>~</strong></span> <span class='ocrx_word' id='word_1_151' title='bbox 1142 1873 1156 1890; x_wconf 70' lang='grc' dir='ltr'><strong>ν</strong></span> <span class='ocrx_word' id='word_1_152' title='bbox 1231 1873 1242 1894; x_wconf 80' lang='lat' dir='ltr'><strong>r</strong></span> <span class='ocrx_word' id='word_1_153' title='bbox 1595 1870 1606 1890; x_wconf 71' lang='grc' dir='ltr'><em>ν</em></span> <span class='ocrx_word' id='word_1_154' title='bbox 1645 1893 1662 1902; x_wconf 81' lang='lat'>_</span> <span class='ocrx_word' id='word_1_155' title='bbox 1790 1873 1837 1908; x_wconf 66' lang='grc' dir='ltr'><strong><em>η</em></strong></span> 
     </span>
     <span class='ocr_line' id='line_1_22' title="bbox 183 1871 1755 1949; baseline -0.004 -17"><span class='ocrx_word' id='word_1_156' title='bbox 183 1895 282 1932; x_wconf 82' lang='grc' dir='ltr'><strong>και</strong></span> <span class='ocrx_word' id='word_1_157' title='bbox 311 1896 410 1943; x_wconf 85' lang='grc' dir='ltr'><strong>την</strong></span> <span class='ocrx_word' id='word_1_158' title='bbox 448 1875 566 1949; x_wconf 88' lang='grc' dir='ltr'><strong>βιαν</strong></span> <span class='ocrx_word' id='word_1_159' title='bbox 601 1871 690 1928; x_wconf 83' lang='grc' dir='ltr'><strong>δια</strong></span> <span class='ocrx_word' id='word_1_160' title='bbox 733 1894 833 1942; x_wconf 83' lang='grc' dir='ltr'><strong>της</strong></span> <span class='ocrx_word' id='word_1_161' title='bbox 864 1875 1084 1936; x_wconf 68' lang='grc' dir='ltr'><strong>πειθους</strong></span> <span class='ocrx_word' id='word_1_162' title='bbox 1133 1875 1467 1929; x_wconf 87' lang='grc' dir='ltr'><strong>απωσασθαι.</strong></span> <span class='ocrx_word' id='word_1_163' title='bbox 1503 1879 1755 1928; x_wconf 70' lang='grc' dir='ltr'><strong>Φαινεται</strong></span> 
     </span>
    </p>
   </div>
   <div class='ocr_carea' id='block_1_22' title="bbox 1951 705 3596 781">
    <p class='ocr_par' dir='ltr' id='par_1_22' title="bbox 1951 705 3596 781">
     <span class='ocr_line' id='line_1_23' title="bbox 1951 705 3596 781; baseline 0.01 -21"><span class='ocrx_word' id='word_1_164' title='bbox 1951 705 2233 763; x_wconf 85' lang='lat' dir='ltr'><strong>niendum</strong></span> <span class='ocrx_word' id='word_1_165' title='bbox 2286 709 2630 773; x_wconf 82' lang='lat' dir='ltr'><strong>remedium,</strong></span> <span class='ocrx_word' id='word_1_166' title='bbox 2683 711 2838 781; x_wconf 85' lang='lat' dir='ltr'><strong>quod</strong></span> <span class='ocrx_word' id='word_1_167' title='bbox 2895 713 3169 769; x_wconf 89' lang='lat' dir='ltr'><strong>omnibus</strong></span> <span class='ocrx_word' id='word_1_168' title='bbox 3217 723 3368 772; x_wconf 89' lang='lat' dir='ltr'><strong>esset</strong></span> <span class='ocrx_word' id='word_1_169' title='bbox 3419 720 3596 777; x_wconf 83' lang='lat' dir='ltr'><strong>utile:</strong></span> 
     </span>
    </p>
   </div>
   <div class='ocr_carea' id='block_1_23' title="bbox 1951 795 3600 878">
    <p class='ocr_par' dir='ltr' id='par_1_23' title="bbox 1951 795 3600 878">
     <span class='ocr_line' id='line_1_24' title="bbox 1951 795 3600 878; baseline 0.008 -28"><span class='ocrx_word' id='word_1_170' title='bbox 1951 795 2224 866; x_wconf 74' lang='lat' dir='ltr'><strong>fortibus,</strong></span> <span class='ocrx_word' id='word_1_171' title='bbox 2259 797 2671 866; x_wconf 89' lang='lat' dir='ltr'><strong>imbecillibus,</strong></span> <span class='ocrx_word' id='word_1_172' title='bbox 2697 801 2898 870; x_wconf 89' lang='lat' dir='ltr'><strong>justis,</strong></span> <span class='ocrx_word' id='word_1_173' title='bbox 2931 801 3012 857; x_wconf 88' lang='lat' dir='ltr'><strong>ita</strong></span> <span class='ocrx_word' id='word_1_174' title='bbox 3046 807 3110 857; x_wconf 91' lang='lat' dir='ltr'><strong>ut</strong></span> <span class='ocrx_word' id='word_1_175' title='bbox 3139 802 3224 858; x_wconf 87' lang='lat' dir='ltr'>illi</span> <span class='ocrx_word' id='word_1_176' title='bbox 3263 805 3349 860; x_wconf 86' lang='lat' dir='ltr'><strong>vel</strong></span> <span class='ocrx_word' id='word_1_177' title='bbox 3381 805 3600 878; x_wconf 80' lang='lat' dir='ltr'><strong>injuste</strong></span> 
     </span>
    </p>
   </div>
   <div class='ocr_carea' id='block_1_24' title="bbox 1952 889 3600 962">
    <p class='ocr_par' dir='ltr' id='par_1_24' title="bbox 1952 889 3600 962">
     <span class='ocr_line' id='line_1_25' title="bbox 1952 889 3600 962; baseline 0.007 -22"><span class='ocrx_word' id='word_1_178' title='bbox 1952 901 2121 956; x_wconf 85' lang='lat' dir='ltr'><strong>agere</strong></span> <span class='ocrx_word' id='word_1_179' title='bbox 2151 891 2506 957; x_wconf 87' lang='lat' dir='ltr'><strong>vetarentur,</strong></span> <span class='ocrx_word' id='word_1_180' title='bbox 2531 889 2618 944; x_wconf 87' lang='lat' dir='ltr'><strong>vel</strong></span> <span class='ocrx_word' id='word_1_181' title='bbox 2645 906 2779 944; x_wconf 91' lang='lat' dir='ltr'><strong>cum</strong></span> <span class='ocrx_word' id='word_1_182' title='bbox 2803 889 3020 960; x_wconf 81' lang='lat' dir='ltr'><strong>injuria</strong></span> <span class='ocrx_word' id='word_1_183' title='bbox 3039 892 3362 962; x_wconf 81' lang='lat' dir='ltr'><strong>puniretur,</strong></span> <span class='ocrx_word' id='word_1_184' title='bbox 3387 894 3445 952; x_wconf 92' lang='lat' dir='ltr'><strong>hi</strong></span> <span class='ocrx_word' id='word_1_185' title='bbox 3471 913 3600 952; x_wconf 88' lang='lat' dir='ltr'><strong>vero</strong></span> 
     </span>
    </p>
   </div>
   <div class='ocr_carea' id='block_1_25' title="bbox 1951 975 3601 1054">
    <p class='ocr_par' dir='ltr' id='par_1_25' title="bbox 1951 975 3601 1054">
     <span class='ocr_line' id='line_1_26' title="bbox 1951 975 3601 1054; baseline 0.008 -26"><span class='ocrx_word' id='word_1_186' title='bbox 1951 988 2151 1030; x_wconf 88' lang='lat' dir='ltr'><strong>secure</strong></span> <span class='ocrx_word' id='word_1_187' title='bbox 2205 975 2480 1043; x_wconf 85' lang='lat' dir='ltr'><strong>viverent,</strong></span> <span class='ocrx_word' id='word_1_188' title='bbox 2535 978 2815 1048; x_wconf 79' lang='lat' dir='ltr'><strong>postremi</strong></span> <span class='ocrx_word' id='word_1_189' title='bbox 2869 983 3064 1036; x_wconf 90' lang='lat' dir='ltr'><strong>autem</strong></span> <span class='ocrx_word' id='word_1_190' title='bbox 3115 987 3400 1054; x_wconf 90' lang='lat' dir='ltr'><strong>quotquot</strong></span> <span class='ocrx_word' id='word_1_191' title='bbox 3449 984 3601 1041; x_wconf 89' lang='lat' dir='ltr'><strong>ultro</strong></span> 
     </span>
    </p>
   </div>
   <div class='ocr_carea' id='block_1_26' title="bbox 1942 1062 3600 1146">
    <p class='ocr_par' dir='ltr' id='par_1_26' title="bbox 1942 1062 3600 1146">
     <span class='ocr_line' id='line_1_27' title="bbox 1942 1062 3600 1146; baseline 0.008 -28"><span class='ocrx_word' id='word_1_192' title='bbox 1942 1062 2238 1133; x_wconf 78' lang='lat' dir='ltr'><strong>justitiam</strong></span> <span class='ocrx_word' id='word_1_193' title='bbox 2270 1064 2556 1134; x_wconf 92' lang='lat' dir='ltr'><strong>colebant,</strong></span> <span class='ocrx_word' id='word_1_194' title='bbox 2591 1069 2914 1124; x_wconf 82' lang='lat' dir='ltr'><strong>mercedem</strong></span> <span class='ocrx_word' id='word_1_195' title='bbox 2946 1069 3246 1127; x_wconf 81' lang='lat' dir='ltr'><strong>decentem</strong></span> <span class='ocrx_word' id='word_1_196' title='bbox 3279 1089 3600 1146; x_wconf 86' lang='lat' dir='ltr'><strong>conseque-</strong></span> 
     </span>
    </p>
   </div>
   <div class='ocr_carea' id='block_1_27' title="bbox 1949 1155 3600 1234">
    <p class='ocr_par' dir='ltr' id='par_1_27' title="bbox 1949 1155 3600 1234">
     <span class='ocr_line' id='line_1_28' title="bbox 1949 1155 3600 1234; baseline 0.01 -28"><span class='ocrx_word' id='word_1_197' title='bbox 1949 1155 2172 1208; x_wconf 83' lang='lat' dir='ltr'><strong>rentur.</strong></span> <span class='ocrx_word' id='word_1_198' title='bbox 2207 1155 2447 1210; x_wconf 88' lang='lat' dir='ltr'><strong>Inventa</strong></span> <span class='ocrx_word' id='word_1_199' title='bbox 2477 1159 2567 1210; x_wconf 88' lang='lat' dir='ltr'><strong>est</strong></span> <span class='ocrx_word' id='word_1_200' title='bbox 2596 1156 2777 1227; x_wconf 81' lang='lat' dir='ltr'><strong>igitur</strong></span> <span class='ocrx_word' id='word_1_201' title='bbox 2805 1157 3112 1226; x_wconf 86' lang='lat' dir='ltr'><strong>rhetorica,</strong></span> <span class='ocrx_word' id='word_1_202' title='bbox 3149 1163 3600 1234; x_wconf 85' lang='lat' dir='ltr'><strong>prodiitqueju-</strong></span> 
     </span>
    </p>
   </div>
   <div class='ocr_carea' id='block_1_28' title="bbox 1949 1241 3602 1320">
    <p class='ocr_par' dir='ltr' id='par_1_28' title="bbox 1949 1241 3602 1320">
     <span class='ocr_line' id='line_1_29' title="bbox 1949 1241 3602 1320; baseline 0.009 -24"><span class='ocrx_word' id='word_1_203' title='bbox 1949 1241 2120 1296; x_wconf 73' lang='lat' dir='ltr'><strong>stitiae</strong></span> <span class='ocrx_word' id='word_1_204' title='bbox 2152 1243 2436 1312; x_wconf 82' lang='lat' dir='ltr'><strong>custodia,</strong></span> <span class='ocrx_word' id='word_1_205' title='bbox 2460 1251 2514 1300; x_wconf 93' lang='lat' dir='ltr'><strong>et</strong></span> <span class='ocrx_word' id='word_1_206' title='bbox 2539 1244 2810 1302; x_wconf 73' lang='lat' dir='ltr'><strong>humans:</strong></span> <span class='ocrx_word' id='word_1_207' title='bbox 2835 1247 2964 1303; x_wconf 74' lang='lat' dir='ltr'><strong>vitaa</strong></span> <span class='ocrx_word' id='word_1_208' title='bbox 2995 1249 3224 1320; x_wconf 77' lang='lat' dir='ltr'><strong>copula,</strong></span> <span class='ocrx_word' id='word_1_209' title='bbox 3258 1268 3328 1308; x_wconf 91' lang='lat' dir='ltr'><strong>ne</strong></span> <span class='ocrx_word' id='word_1_210' title='bbox 3361 1252 3446 1308; x_wconf 81' lang='lat' dir='ltr'><strong>vel</strong></span> <span class='ocrx_word' id='word_1_211' title='bbox 3481 1271 3602 1310; x_wconf 85' lang='lat' dir='ltr'><strong>ma-</strong></span> 
     </span>
    </p>
   </div>
   <div class='ocr_carea' id='block_1_29' title="bbox 1950 1331 3632 1410">
    <p class='ocr_par' dir='ltr' id='par_1_29' title="bbox 1950 1331 3632 1410">
     <span class='ocr_line' id='line_1_30' title="bbox 1950 1331 3632 1410; baseline 0.011 -25"><span class='ocrx_word' id='word_1_212' title='bbox 1950 1331 2140 1402; x_wconf 91' lang='lat' dir='ltr'><strong>nibus,</strong></span> <span class='ocrx_word' id='word_1_213' title='bbox 2175 1333 2266 1390; x_wconf 92' lang='lat' dir='ltr'><strong>vel</strong></span> <span class='ocrx_word' id='word_1_214' title='bbox 2298 1335 2501 1403; x_wconf 87' lang='lat' dir='ltr'><strong>armis,</strong></span> <span class='ocrx_word' id='word_1_215' title='bbox 2544 1335 2630 1391; x_wconf 90' lang='lat' dir='ltr'><strong>vel</strong></span> <span class='ocrx_word' id='word_1_216' title='bbox 2663 1339 3066 1410; x_wconf 80' lang='lat' dir='ltr'><strong>occupatione,</strong></span> <span class='ocrx_word' id='word_1_217' title='bbox 3098 1341 3184 1398; x_wconf 87' lang='lat' dir='ltr'><strong>vel</strong></span> <span class='ocrx_word' id='word_1_218' title='bbox 3220 1343 3600 1404; x_wconf 86' lang='lat' dir='ltr'><strong>multitudine</strong></span> <span class='ocrx_word' id='word_1_219' title='bbox 3629 1371 3632 1374; x_wconf 57' lang='grc'><strong>’</strong></span> 
     </span>
    </p>
   </div>
   <div class='ocr_carea' id='block_1_30' title="bbox 1951 1423 3601 1502">
    <p class='ocr_par' dir='ltr' id='par_1_30' title="bbox 1951 1423 3601 1502">
     <span class='ocr_line' id='line_1_31' title="bbox 1951 1423 3601 1502; baseline 0.009 -24"><span class='ocrx_word' id='word_1_220' title='bbox 1951 1438 2016 1478; x_wconf 87' lang='lat' dir='ltr'><strong>ac</strong></span> <span class='ocrx_word' id='word_1_221' title='bbox 2047 1423 2470 1495; x_wconf 80' lang='lat' dir='ltr'><strong>magnitudine,</strong></span> <span class='ocrx_word' id='word_1_222' title='bbox 2501 1425 2588 1484; x_wconf 89' lang='lat' dir='ltr'><strong>vel</strong></span> <span class='ocrx_word' id='word_1_223' title='bbox 2621 1425 2736 1481; x_wconf 87' lang='lat' dir='ltr'><strong>alia</strong></span> <span class='ocrx_word' id='word_1_224' title='bbox 2759 1445 2818 1482; x_wconf 90' lang='lat' dir='ltr'><strong>re</strong></span> <span class='ocrx_word' id='word_1_225' title='bbox 2843 1427 3039 1500; x_wconf 87' lang='lat' dir='ltr'><strong>aliqua</strong></span> <span class='ocrx_word' id='word_1_226' title='bbox 3070 1431 3342 1502; x_wconf 64' lang='lat' dir='ltr'><strong>inaequali</strong></span> <span class='ocrx_word' id='word_1_227' title='bbox 3365 1451 3456 1492; x_wconf 91' lang='lat' dir='ltr'><strong>res</strong></span> <span class='ocrx_word' id='word_1_228' title='bbox 3479 1436 3601 1492; x_wconf 87' lang='lat' dir='ltr'><strong>dis-</strong></span> 
     </span>
    </p>
   </div>
   <div class='ocr_carea' id='block_1_31' title="bbox 1948 1513 3597 1592">
    <p class='ocr_par' dir='ltr' id='par_1_31' title="bbox 1948 1513 3597 1592">
     <span class='ocr_line' id='line_1_32' title="bbox 1948 1513 3597 1592; baseline 0.009 -26"><span class='ocrx_word' id='word_1_229' title='bbox 1948 1516 2338 1578; x_wconf 85' lang='lat' dir='ltr'><strong>cernerentur,</strong></span> <span class='ocrx_word' id='word_1_230' title='bbox 2373 1513 2568 1584; x_wconf 86' lang='lat' dir='ltr'><strong>potius</strong></span> <span class='ocrx_word' id='word_1_231' title='bbox 2600 1531 2773 1585; x_wconf 86' lang='lat' dir='ltr'><strong>quam</strong></span> <span class='ocrx_word' id='word_1_232' title='bbox 2805 1518 2954 1574; x_wconf 86' lang='lat' dir='ltr'><strong>ratio</strong></span> <span class='ocrx_word' id='word_1_233' title='bbox 2986 1535 3162 1575; x_wconf 88' lang='lat' dir='ltr'><strong>suum</strong></span> <span class='ocrx_word' id='word_1_234' title='bbox 3201 1521 3407 1592; x_wconf 80' lang='lat' dir='ltr'><strong>cuique</strong></span> <span class='ocrx_word' id='word_1_235' title='bbox 3436 1526 3597 1580; x_wconf 87' lang='lat' dir='ltr'><strong>tran-</strong></span> 
     </span>
    </p>
   </div>
   <div class='ocr_carea' id='block_1_32' title="bbox 1949 1599 3600 1679">
    <p class='ocr_par' dir='ltr' id='par_1_32' title="bbox 1949 1599 3600 1679">
     <span class='ocr_line' id='line_1_33' title="bbox 1949 1599 3600 1679; baseline 0.01 -24"><span class='ocrx_word' id='word_1_236' title='bbox 1949 1599 2129 1670; x_wconf 89' lang='lat' dir='ltr'><strong>quille</strong></span> <span class='ocrx_word' id='word_1_237' title='bbox 2166 1600 2467 1658; x_wconf 86' lang='lat' dir='ltr'><strong>tribueret.</strong></span> <span class='ocrx_word' id='word_1_238' title='bbox 2515 1606 2648 1658; x_wconf 71' lang='lat' dir='ltr'><strong>Haec</strong></span> <span class='ocrx_word' id='word_1_239' title='bbox 2682 1604 2861 1676; x_wconf 84' lang='lat' dir='ltr'><strong>igitur</strong></span> <span class='ocrx_word' id='word_1_240' title='bbox 2897 1613 2984 1662; x_wconf 88' lang='lat' dir='ltr'><strong>est</strong></span> <span class='ocrx_word' id='word_1_241' title='bbox 3013 1608 3173 1679; x_wconf 87' lang='lat' dir='ltr'><strong>origo</strong></span> <span class='ocrx_word' id='word_1_242' title='bbox 3217 1609 3518 1670; x_wconf 74' lang='lat' dir='ltr'><strong>rhetoricae</strong></span> <span class='ocrx_word' id='word_1_243' title='bbox 3543 1620 3600 1672; x_wconf 88' lang='lat' dir='ltr'><strong>et</strong></span> 
     </span>
    </p>
   </div>
   <div class='ocr_carea' id='block_1_33' title="bbox 1948 1690 3598 1765">
    <p class='ocr_par' dir='ltr' id='par_1_33' title="bbox 1948 1690 3598 1765">
     <span class='ocr_line' id='line_1_34' title="bbox 1948 1690 3598 1765; baseline 0.008 -19"><span class='ocrx_word' id='word_1_244' title='bbox 1948 1695 2176 1760; x_wconf 88' lang='lat' dir='ltr'><strong>natura,</strong></span> <span class='ocrx_word' id='word_1_245' title='bbox 2224 1690 2330 1746; x_wconf 91' lang='lat' dir='ltr'><strong>hoc</strong></span> <span class='ocrx_word' id='word_1_246' title='bbox 2360 1691 2486 1761; x_wconf 89' lang='lat' dir='ltr'><strong>ejus</strong></span> <span class='ocrx_word' id='word_1_247' title='bbox 2538 1694 2923 1765; x_wconf 90' lang='lat' dir='ltr'><strong>propositum,</strong></span> <span class='ocrx_word' id='word_1_248' title='bbox 2978 1701 3040 1752; x_wconf 92' lang='lat' dir='ltr'><strong>ut</strong></span> <span class='ocrx_word' id='word_1_249' title='bbox 3087 1714 3286 1755; x_wconf 85' lang='lat' dir='ltr'><strong>omnes</strong></span> <span class='ocrx_word' id='word_1_250' title='bbox 3327 1700 3598 1760; x_wconf 82' lang='lat' dir='ltr'><strong>homines</strong></span> 
     </span>
    </p>
   </div>
   <div class='ocr_carea' id='block_1_34' title="bbox 1947 1780 3600 1863">
    <p class='ocr_par' dir='ltr' id='par_1_34' title="bbox 1947 1780 3600 1863">
     <span class='ocr_line' id='line_1_35' title="bbox 1947 1780 3600 1863; baseline 0.008 -29"><span class='ocrx_word' id='word_1_251' title='bbox 1947 1785 2264 1850; x_wconf 87' lang='lat' dir='ltr'><strong>conservet,</strong></span> <span class='ocrx_word' id='word_1_252' title='bbox 2299 1785 2356 1838; x_wconf 88' lang='lat' dir='ltr'><strong>et</strong></span> <span class='ocrx_word' id='word_1_253' title='bbox 2390 1780 2505 1836; x_wconf 91' lang='lat' dir='ltr'><strong>vim</strong></span> <span class='ocrx_word' id='word_1_254' title='bbox 2545 1783 2920 1852; x_wconf 83' lang='lat' dir='ltr'><strong>persuasione</strong></span> <span class='ocrx_word' id='word_1_255' title='bbox 2945 1786 3204 1857; x_wconf 85' lang='lat' dir='ltr'><strong>repellat.</strong></span> <span class='ocrx_word' id='word_1_256' title='bbox 3235 1791 3600 1863; x_wconf 81' lang='lat' dir='ltr'><strong>Quapropter</strong></span> 
     </span>
    </p>
   </div>
   <div class='ocr_carea' id='block_1_35' title="bbox 1947 1869 3600 1946">
    <p class='ocr_par' dir='ltr' id='par_1_35' title="bbox 1947 1869 3600 1946">
     <span class='ocr_line' id='line_1_36' title="bbox 1947 1869 3600 1946; baseline 0.007 -20"><span class='ocrx_word' id='word_1_257' title='bbox 1947 1869 2212 1926; x_wconf 83' lang='lat' dir='ltr'><strong>eamdem</strong></span> <span class='ocrx_word' id='word_1_258' title='bbox 2243 1869 2534 1926; x_wconf 89' lang='lat' dir='ltr'><strong>rhetorica</strong></span> <span class='ocrx_word' id='word_1_259' title='bbox 2557 1887 2732 1943; x_wconf 87' lang='lat' dir='ltr'><strong>quam</strong></span> <span class='ocrx_word' id='word_1_260' title='bbox 2765 1889 2860 1928; x_wconf 87' lang='lat' dir='ltr'><strong>ars</strong></span> <span class='ocrx_word' id='word_1_261' title='bbox 2891 1873 3085 1946; x_wconf 88' lang='lat' dir='ltr'><strong>legum</strong></span> <span class='ocrx_word' id='word_1_262' title='bbox 3117 1878 3486 1936; x_wconf 82' lang='lat' dir='ltr'><strong>ferendarum</strong></span> <span class='ocrx_word' id='word_1_263' title='bbox 3510 1885 3600 1937; x_wconf 90' lang='lat' dir='ltr'><strong>est</strong></span> 
     </span>
    </p>
   </div>
   <div class='ocr_carea' id='block_1_36' title="bbox 185 1951 1842 2040">
    <p class='ocr_par' dir='ltr' id='par_1_36' title="bbox 185 1958 1842 2036">
     <span class='ocr_line' id='line_1_37' title="bbox 185 1958 1842 2036; baseline -0.004 -17"><span class='ocrx_word' id='word_1_264' title='bbox 185 1963 370 2019; x_wconf 80' lang='grc' dir='ltr'><strong>τοίνυν</strong></span> <span class='ocrx_word' id='word_1_265' title='bbox 401 1964 436 2030; x_wconf 79' lang='grc' dir='ltr'><strong>ἡ</strong></span> <span class='ocrx_word' id='word_1_266' title='bbox 469 1960 736 2036; x_wconf 78' lang='grc' dir='ltr'><strong>ῥητορικὴ</strong></span> <span class='ocrx_word' id='word_1_267' title='bbox 767 1963 836 2034; x_wconf 80' lang='grc' dir='ltr'><strong>τῇ</strong></span> <span class='ocrx_word' id='word_1_268' title='bbox 869 1960 916 1998; x_wconf 69' lang='grc'><strong>³³</strong></span> <span class='ocrx_word' id='word_1_269' title='bbox 945 1961 1272 2033; x_wconf 83' lang='grc' dir='ltr'><strong>νομοθετικῇ</strong></span> <span class='ocrx_word' id='word_1_270' title='bbox 1305 1962 1406 2024; x_wconf 79' lang='grc' dir='ltr'><strong>τῆς</strong></span> <span class='ocrx_word' id='word_1_271' title='bbox 1447 1958 1612 2026; x_wconf 69' lang='grc' dir='ltr'><strong>αὐτῆς</strong></span> <span class='ocrx_word' id='word_1_272' title='bbox 1655 1979 1842 2030; x_wconf 86' lang='grc' dir='ltr'><strong>μετει-</strong></span> 
     </span>
    </p>
   </div>
   <div class='ocr_carea' id='block_1_37' title="bbox 1952 1951 3599 2040">
    <p class='ocr_par' dir='ltr' id='par_1_37' title="bbox 1953 1960 3599 2040">
     <span class='ocr_line' id='line_1_38' title="bbox 1953 1960 3599 2040; baseline 0.007 -26"><span class='ocrx_word' id='word_1_273' title='bbox 1953 1963 2219 2016; x_wconf 87' lang='lat' dir='ltr'><strong>naturam</strong></span> <span class='ocrx_word' id='word_1_274' title='bbox 2267 1961 2492 2027; x_wconf 90' lang='lat' dir='ltr'><strong>sortita,</strong></span> <span class='ocrx_word' id='word_1_275' title='bbox 2543 1960 2594 2016; x_wconf 87' lang='lat' dir='ltr'><strong>si</strong></span> <span class='ocrx_word' id='word_1_276' title='bbox 2643 1960 2879 2032; x_wconf 89' lang='lat' dir='ltr'><strong>quidem</strong></span> <span class='ocrx_word' id='word_1_277' title='bbox 2933 1969 3244 2036; x_wconf 87' lang='lat' dir='ltr'><strong>utramque</strong></span> <span class='ocrx_word' id='word_1_278' title='bbox 3289 1967 3599 2040; x_wconf 86' lang='lat' dir='ltr'><strong>diligenter</strong></span> 
     </span>
    </p>
   </div>
   <div class='ocr_carea' id='block_1_38' title="bbox 189 2045 1836 2134">
    <p class='ocr_par' dir='ltr' id='par_1_38' title="bbox 189 2045 1836 2134">
     <span class='ocr_line' id='line_1_39' title="bbox 189 2045 1836 2134; baseline -0.004 -23"><span class='ocrx_word' id='word_1_279' title='bbox 189 2055 404 2134; x_wconf 69' lang='grc' dir='ltr'><strong>ληφυῖα</strong></span> <span class='ocrx_word' id='word_1_280' title='bbox 451 2052 683 2131; x_wconf 71' lang='grc' dir='ltr'><strong>φύσεως,</strong></span> <span class='ocrx_word' id='word_1_281' title='bbox 715 2050 862 2127; x_wconf 77' lang='grc' dir='ltr'><strong>εἶ’περ</strong></span> <span class='ocrx_word' id='word_1_282' title='bbox 894 2051 942 2089; x_wconf 77' lang='grc'><strong>²⁶</strong></span> <span class='ocrx_word' id='word_1_283' title='bbox 988 2050 1049 2106; x_wconf 85' lang='grc' dir='ltr'><strong>τό</strong></span> <span class='ocrx_word' id='word_1_284' title='bbox 1094 2072 1156 2128; x_wconf 86' lang='grc' dir='ltr'><strong>γε</strong></span> <span class='ocrx_word' id='word_1_285' title='bbox 1199 2045 1418 2125; x_wconf 72' lang='grc' dir='ltr'><strong>ἀκριϐὲς</strong></span> <span class='ocrx_word' id='word_1_286' title='bbox 1461 2049 1541 2105; x_wconf 78' lang='grc' dir='ltr'><strong>ἐπ’</strong></span> <span class='ocrx_word' id='word_1_287' title='bbox 1599 2048 1836 2126; x_wconf 62' lang='grc' dir='ltr'><strong>ἀμφοτέ-</strong></span> 
     </span>
    </p>
   </div>
   <div class='ocr_carea' id='block_1_39' title="bbox 189 2137 1840 2218">
    <p class='ocr_par' dir='ltr' id='par_1_39' title="bbox 189 2137 1840 2218">
     <span class='ocr_line' id='line_1_40' title="bbox 189 2137 1840 2218; baseline -0.003 -20"><span class='ocrx_word' id='word_1_288' title='bbox 189 2164 302 2218; x_wconf 86' lang='grc' dir='ltr'><strong>ρων</strong></span> <span class='ocrx_word' id='word_1_289' title='bbox 337 2141 416 2198; x_wconf 89' lang='grc' dir='ltr'><strong>δεῖ</strong></span> <span class='ocrx_word' id='word_1_290' title='bbox 463 2145 681 2217; x_wconf 80' lang='grc' dir='ltr'><strong>θεωρεῖν</strong></span> <span class='ocrx_word' id='word_1_291' title='bbox 714 2143 780 2178; x_wconf 63' lang='grc'><strong>⁸³⁵⁸</strong></span> <span class='ocrx_word' id='word_1_292' title='bbox 832 2139 1044 2214; x_wconf 77' lang='grc' dir='ltr'><strong>μᾶλλον</strong></span> <span class='ocrx_word' id='word_1_293' title='bbox 1097 2137 1152 2194; x_wconf 74' lang='grc' dir='ltr'><strong>δὲ</strong></span> <span class='ocrx_word' id='word_1_294' title='bbox 1200 2141 1364 2215; x_wconf 73' lang='grc' dir='ltr'><strong>μέρος</strong></span> <span class='ocrx_word' id='word_1_295' title='bbox 1410 2137 1541 2194; x_wconf 80' lang='grc' dir='ltr'><strong>οὖσα</strong></span> <span class='ocrx_word' id='word_1_296' title='bbox 1589 2146 1690 2208; x_wconf 88' lang='grc' dir='ltr'><strong>τῆς</strong></span> <span class='ocrx_word' id='word_1_297' title='bbox 1738 2139 1840 2212; x_wconf 85' lang='grc' dir='ltr'><strong>ῥη-</strong></span> 
     </span>
    </p>
   </div>
   <div class='ocr_carea' id='block_1_40' title="bbox 183 2226 1836 2309">
    <p class='ocr_par' dir='ltr' id='par_1_40' title="bbox 183 2226 1836 2309">
     <span class='ocr_line' id='line_1_41' title="bbox 183 2226 1836 2309; baseline -0.004 -21"><span class='ocrx_word' id='word_1_298' title='bbox 183 2239 416 2309; x_wconf 88' lang='grc' dir='ltr'><strong>τορικῆς</strong></span> <span class='ocrx_word' id='word_1_299' title='bbox 448 2235 482 2302; x_wconf 74' lang='grc' dir='ltr'>ἡ</span> <span class='ocrx_word' id='word_1_300' title='bbox 532 2233 886 2305; x_wconf 75' lang='grc' dir='ltr'><strong>νομοθετική,</strong></span> <span class='ocrx_word' id='word_1_301' title='bbox 919 2230 1009 2285; x_wconf 87' lang='grc' dir='ltr'><strong>καὶ</strong></span> <span class='ocrx_word' id='word_1_302' title='bbox 1053 2236 1169 2291; x_wconf 90' lang='grc' dir='ltr'><strong>τοῖς</strong></span> <span class='ocrx_word' id='word_1_303' title='bbox 1215 2235 1346 2285; x_wconf 79' lang='grc' dir='ltr'><strong>πᾶσι</strong></span> <span class='ocrx_word' id='word_1_304' title='bbox 1390 2226 1627 2303; x_wconf 78' lang='grc' dir='ltr'><strong>δευτέρα.</strong></span> <span class='ocrx_word' id='word_1_305' title='bbox 1675 2233 1836 2298; x_wconf 77' lang='grc' dir='ltr'><strong>Πῶςς</strong></span> 
     </span>
    </p>
   </div>
   <div class='ocr_carea' id='block_1_41' title="bbox 187 2313 1840 2398">
    <p class='ocr_par' dir='ltr' id='par_1_41' title="bbox 187 2313 1840 2398">
     <span class='ocr_line' id='line_1_42' title="bbox 187 2313 1840 2398; baseline -0.003 -19"><span class='ocrx_word' id='word_1_306' title='bbox 187 2327 418 2398; x_wconf 81' lang='grc' dir='ltr'><strong>Πρῶτον</strong></span> <span class='ocrx_word' id='word_1_307' title='bbox 469 2323 563 2394; x_wconf 76' lang='grc' dir='ltr'><strong>μὲν</strong></span> <span class='ocrx_word' id='word_1_308' title='bbox 620 2322 703 2376; x_wconf 79' lang='grc' dir='ltr'><strong>ὅτι</strong></span> <span class='ocrx_word' id='word_1_309' title='bbox 761 2320 852 2375; x_wconf 82' lang='grc' dir='ltr'><strong>καὶ</strong></span> <span class='ocrx_word' id='word_1_310' title='bbox 909 2319 1032 2397; x_wconf 85' lang='grc' dir='ltr'><strong>περὶ</strong></span> <span class='ocrx_word' id='word_1_311' title='bbox 1091 2319 1266 2375; x_wconf 79' lang='grc' dir='ltr'><strong>αὐτῶν</strong></span> <span class='ocrx_word' id='word_1_312' title='bbox 1327 2313 1433 2374; x_wconf 75' lang='grc' dir='ltr'><strong>ἔδει</strong></span> <span class='ocrx_word' id='word_1_313' title='bbox 1491 2323 1596 2373; x_wconf 80' lang='grc' dir='ltr'><strong>τῶν</strong></span> <span class='ocrx_word' id='word_1_314' title='bbox 1655 2313 1840 2390; x_wconf 79' lang='grc' dir='ltr'><strong>νόμων</strong></span> 
     </span>
    </p>
   </div>
   <div class='ocr_carea' id='block_1_42' title="bbox 185 2405 1841 2488">
    <p class='ocr_par' dir='ltr' id='par_1_42' title="bbox 185 2405 1841 2488">
     <span class='ocr_line' id='line_1_43' title="bbox 185 2405 1841 2488; baseline -0.004 -19"><span class='ocrx_word' id='word_1_315' title='bbox 185 2413 361 2488; x_wconf 82' lang='grc' dir='ltr'><strong>λόγου</strong></span> <span class='ocrx_word' id='word_1_316' title='bbox 395 2415 522 2485; x_wconf 84' lang='grc'><strong>[676</strong></span> <span class='ocrx_word' id='word_1_317' title='bbox 553 2415 642 2483; x_wconf 87' lang='grc' dir='ltr'><strong>Η.]</strong></span> <span class='ocrx_word' id='word_1_318' title='bbox 679 2414 775 2466; x_wconf 87' lang='grc' dir='ltr'><strong>τοῦ</strong></span> <span class='ocrx_word' id='word_1_319' title='bbox 823 2411 1121 2474; x_wconf 82' lang='grc' dir='ltr'><strong>πείθοντος.</strong></span> <span class='ocrx_word' id='word_1_320' title='bbox 1159 2409 1218 2464; x_wconf 85' lang='grc' dir='ltr'>Εἰ</span> <span class='ocrx_word' id='word_1_321' title='bbox 1270 2409 1374 2484; x_wconf 80' lang='grc' dir='ltr'><strong>γάρ</strong></span> <span class='ocrx_word' id='word_1_322' title='bbox 1403 2410 1449 2444; x_wconf 80' lang='grc'><strong>²⁶</strong></span> <span class='ocrx_word' id='word_1_323' title='bbox 1493 2407 1635 2464; x_wconf 79' lang='grc' dir='ltr'><strong>ἐστιν</strong></span> <span class='ocrx_word' id='word_1_324' title='bbox 1685 2405 1841 2478; x_wconf 73' lang='grc' dir='ltr'><strong>εὔδη-</strong></span> 
     </span>
    </p>
   </div>
   <div class='ocr_carea' id='block_1_43' title="bbox 185 2499 1838 2573">
    <p class='ocr_par' dir='ltr' id='par_1_43' title="bbox 185 2499 1838 2573">
     <span class='ocr_line' id='line_1_44' title="bbox 185 2499 1838 2573; baseline -0.002 -17"><span class='ocrx_word' id='word_1_325' title='bbox 185 2499 288 2557; x_wconf 86' lang='grc' dir='ltr'><strong>λον</strong></span> <span class='ocrx_word' id='word_1_326' title='bbox 315 2499 399 2556; x_wconf 83' lang='grc' dir='ltr'><strong>ὅτι</strong></span> <span class='ocrx_word' id='word_1_327' title='bbox 447 2501 500 2555; x_wconf 79' lang='grc' dir='ltr'><strong>οἱ</strong></span> <span class='ocrx_word' id='word_1_328' title='bbox 547 2500 710 2573; x_wconf 89' lang='grc' dir='ltr'><strong>νόμοι</strong></span> <span class='ocrx_word' id='word_1_329' title='bbox 747 2501 840 2572; x_wconf 75' lang='grc' dir='ltr'><strong>μὲν</strong></span> <span class='ocrx_word' id='word_1_330' title='bbox 891 2499 1021 2573; x_wconf 71' lang='grc' dir='ltr'><strong>ὑπὲρ</strong></span> <span class='ocrx_word' id='word_1_331' title='bbox 1059 2501 1156 2554; x_wconf 83' lang='grc' dir='ltr'><strong>τοῦ</strong></span> <span class='ocrx_word' id='word_1_332' title='bbox 1203 2499 1406 2560; x_wconf 81' lang='grc' dir='ltr'><strong>πάντας</strong></span> <span class='ocrx_word' id='word_1_333' title='bbox 1452 2499 1514 2552; x_wconf 87' lang='grc' dir='ltr'><strong>τὸ</strong></span> <span class='ocrx_word' id='word_1_334' title='bbox 1559 2504 1838 2572; x_wconf 84' lang='grc' dir='ltr'><strong>προσῆκον</strong></span> 
     </span>
    </p>
   </div>
   <div class='ocr_carea' id='block_1_44' title="bbox 181 2584 1845 2666">
    <p class='ocr_par' dir='ltr' id='par_1_44' title="bbox 181 2584 1845 2666">
     <span class='ocr_line' id='line_1_45' title="bbox 181 2584 1845 2666; baseline -0.003 -19"><span class='ocrx_word' id='word_1_335' title='bbox 181 2590 334 2666; x_wconf 77' lang='grc' dir='ltr'><strong>ἔχειν</strong></span> <span class='ocrx_word' id='word_1_336' title='bbox 369 2584 604 2662; x_wconf 76' lang='grc' dir='ltr'><strong>ἔμελλον</strong></span> <span class='ocrx_word' id='word_1_337' title='bbox 639 2590 978 2659; x_wconf 76' lang='grc' dir='ltr'><strong>τεθήσεσθαι,</strong></span> <span class='ocrx_word' id='word_1_338' title='bbox 1011 2591 1174 2642; x_wconf 88' lang='grc' dir='ltr'><strong>τοῦτο</strong></span> <span class='ocrx_word' id='word_1_339' title='bbox 1207 2584 1264 2642; x_wconf 79' lang='grc' dir='ltr'><strong>δὲ</strong></span> <span class='ocrx_word' id='word_1_340' title='bbox 1301 2589 1354 2642; x_wconf 76' lang='grc' dir='ltr'><strong>οἱ</strong></span> <span class='ocrx_word' id='word_1_341' title='bbox 1391 2591 1460 2661; x_wconf 80' lang='grc' dir='ltr'><strong>τῇ</strong></span> <span class='ocrx_word' id='word_1_342' title='bbox 1492 2589 1636 2662; x_wconf 79' lang='grc' dir='ltr'><strong>χειρὶ</strong></span> <span class='ocrx_word' id='word_1_343' title='bbox 1669 2588 1845 2662; x_wconf 85' lang='grc' dir='ltr'><strong>κρείτ-</strong></span> 
     </span>
    </p>
   </div>
   <div class='ocr_carea' id='block_1_45' title="bbox 181 2671 1840 2753">
    <p class='ocr_par' dir='ltr' id='par_1_45' title="bbox 181 2671 1840 2753">
     <span class='ocr_line' id='line_1_46' title="bbox 181 2671 1840 2753; baseline -0.004 -17"><span class='ocrx_word' id='word_1_344' title='bbox 181 2699 316 2740; x_wconf 88' lang='grc' dir='ltr'><strong>τους</strong></span> <span class='ocrx_word' id='word_1_345' title='bbox 366 2674 600 2752; x_wconf 78' lang='grc' dir='ltr'><strong>ἕμελλον</strong></span> <span class='ocrx_word' id='word_1_346' title='bbox 649 2671 1148 2750; x_wconf 73' lang='grc' dir='ltr'><strong>συμϐουλήσεσθαι,</strong></span> <span class='ocrx_word' id='word_1_347' title='bbox 1215 2681 1332 2738; x_wconf 77' lang='grc' dir='ltr'><strong>πῶς</strong></span> <span class='ocrx_word' id='word_1_348' title='bbox 1392 2675 1490 2730; x_wconf 74' lang='grc' dir='ltr'><strong>οὐκ</strong></span> <span class='ocrx_word' id='word_1_349' title='bbox 1535 2675 1840 2753; x_wconf 76' lang='grc' dir='ltr'><strong>ἀναγκαίως</strong></span> 
     </span>
    </p>
   </div>
   <div class='ocr_carea' id='block_1_46' title="bbox 183 2762 1842 2844">
    <p class='ocr_par' dir='ltr' id='par_1_46' title="bbox 183 2762 1842 2844">
     <span class='ocr_line' id='line_1_47' title="bbox 183 2762 1842 2844; baseline -0.002 -20"><span class='ocrx_word' id='word_1_350' title='bbox 183 2767 298 2825; x_wconf 82' lang='grc' dir='ltr'><strong>ἔδει</strong></span> <span class='ocrx_word' id='word_1_351' title='bbox 351 2766 520 2844; x_wconf 84' lang='grc' dir='ltr'><strong>λόγου</strong></span> <span class='ocrx_word' id='word_1_352' title='bbox 566 2771 664 2821; x_wconf 89' lang='grc' dir='ltr'><strong>τοῦ</strong></span> <span class='ocrx_word' id='word_1_353' title='bbox 703 2767 984 2827; x_wconf 82' lang='grc' dir='ltr'><strong>πείθοντος</strong></span> <span class='ocrx_word' id='word_1_354' title='bbox 1023 2762 1132 2834; x_wconf 75' lang='grc' dir='ltr'><strong>ἤδη</strong></span> <span class='ocrx_word' id='word_1_355' title='bbox 1164 2765 1246 2836; x_wconf 81' lang='grc'><strong>²⁷;</strong></span> <span class='ocrx_word' id='word_1_356' title='bbox 1295 2766 1360 2820; x_wconf 82' lang='grc' dir='ltr'><strong>οὐ</strong></span> <span class='ocrx_word' id='word_1_357' title='bbox 1411 2766 1514 2842; x_wconf 72' lang='grc' dir='ltr'><strong>γὰρ</strong></span> <span class='ocrx_word' id='word_1_358' title='bbox 1561 2766 1842 2841; x_wconf 76' lang='grc' dir='ltr'><strong>βιάσασθαί</strong></span> 
     </span>
    </p>
   </div>
   <div class='ocr_carea' id='block_1_47' title="bbox 181 2850 1838 2935">
    <p class='ocr_par' dir='ltr' id='par_1_47' title="bbox 181 2850 1838 2935">
     <span class='ocr_line' id='line_1_48' title="bbox 181 2850 1838 2935; baseline -0.002 -22"><span class='ocrx_word' id='word_1_359' title='bbox 181 2880 256 2935; x_wconf 83' lang='grc' dir='ltr'><strong>γε</strong></span> <span class='ocrx_word' id='word_1_360' title='bbox 285 2859 330 2894; x_wconf 59' lang='grc'>⁸⁸</span> <span class='ocrx_word' id='word_1_361' title='bbox 379 2858 503 2925; x_wconf 73' lang='grc' dir='ltr'><strong>ὲνῆν</strong></span> <span class='ocrx_word' id='word_1_362' title='bbox 539 2855 668 2918; x_wconf 80' lang='grc' dir='ltr'><strong>τοὺς</strong></span> <span class='ocrx_word' id='word_1_363' title='bbox 717 2855 850 2929; x_wconf 87' lang='grc' dir='ltr'><strong>πρὸς</strong></span> <span class='ocrx_word' id='word_1_364' title='bbox 895 2854 1023 2910; x_wconf 77' lang='grc' dir='ltr'><strong>αὐτὸ</strong></span> <span class='ocrx_word' id='word_1_365' title='bbox 1071 2858 1232 2910; x_wconf 87' lang='grc' dir='ltr'><strong>τοῦτο</strong></span> <span class='ocrx_word' id='word_1_366' title='bbox 1276 2853 1578 2931; x_wconf 82' lang='grc' dir='ltr'><strong>πεφυκότας</strong></span> <span class='ocrx_word' id='word_1_367' title='bbox 1610 2858 1672 2925; x_wconf 76' lang='grc'><strong>²⁹,</strong></span> <span class='ocrx_word' id='word_1_368' title='bbox 1727 2850 1838 2910; x_wconf 79' lang='grc' dir='ltr'><strong>οὐδ’</strong></span> 
     </span>
    </p>
   </div>
   <div class='ocr_carea' id='block_1_48' title="bbox 184 2943 1842 3019">
    <p class='ocr_par' dir='ltr' id='par_1_48' title="bbox 184 2943 1842 3019">
     <span class='ocr_line' id='line_1_49' title="bbox 184 2943 1842 3019; baseline -0.001 -19"><span class='ocrx_word' id='word_1_369' title='bbox 184 2949 262 3016; x_wconf 74' lang='grc' dir='ltr'><strong>ἦν</strong></span> <span class='ocrx_word' id='word_1_370' title='bbox 309 2945 442 3015; x_wconf 68' lang='grc' dir='ltr'><strong>αὕτη</strong></span> <span class='ocrx_word' id='word_1_371' title='bbox 483 2944 668 3018; x_wconf 78' lang='grc' dir='ltr'><strong>νόμιον</strong></span> <span class='ocrx_word' id='word_1_372' title='bbox 705 2943 852 3019; x_wconf 77' lang='grc' dir='ltr'><strong>ἀρχή</strong></span> <span class='ocrx_word' id='word_1_373' title='bbox 889 2962 901 2976; x_wconf 89' lang='grc'><strong>·</strong></span> <span class='ocrx_word' id='word_1_374' title='bbox 957 2943 1090 3018; x_wconf 71' lang='grc' dir='ltr'><strong>ὑπὲρ</strong></span> <span class='ocrx_word' id='word_1_375' title='bbox 1120 2944 1223 3019; x_wconf 83' lang='grc' dir='ltr'><strong>γὰρ</strong></span> <span class='ocrx_word' id='word_1_376' title='bbox 1270 2943 1438 2998; x_wconf 79' lang='grc' dir='ltr'><strong>αὐτοῦ</strong></span> <span class='ocrx_word' id='word_1_377' title='bbox 1482 2947 1576 2998; x_wconf 86' lang='grc' dir='ltr'><strong>τοῦ</strong></span> <span class='ocrx_word' id='word_1_378' title='bbox 1610 2945 1688 3018; x_wconf 84' lang='grc' dir='ltr'>μή</span> <span class='ocrx_word' id='word_1_379' title='bbox 1723 2943 1842 3018; x_wconf 86' lang='grc' dir='ltr'><strong>βιά-</strong></span> 
     </span>
    </p>
   </div>
   <div class='ocr_carea' id='block_1_49' title="bbox 191 3028 1840 3106">
    <p class='ocr_par' dir='ltr' id='par_1_49' title="bbox 191 3028 1840 3106">
     <span class='ocr_line' id='line_1_50' title="bbox 191 3028 1840 3106; baseline -0.001 -17"><span class='ocrx_word' id='word_1_380' title='bbox 191 3036 381 3105; x_wconf 82' lang='grc' dir='ltr'><strong>ζεσθαι</strong></span> <span class='ocrx_word' id='word_1_381' title='bbox 437 3033 564 3095; x_wconf 79' lang='grc' dir='ltr'><strong>τοὺς</strong></span> <span class='ocrx_word' id='word_1_382' title='bbox 612 3033 816 3106; x_wconf 88' lang='grc' dir='ltr'><strong>νόμους</strong></span> <span class='ocrx_word' id='word_1_383' title='bbox 865 3028 972 3087; x_wconf 79' lang='grc' dir='ltr'><strong>ἔδει</strong></span> <span class='ocrx_word' id='word_1_384' title='bbox 1023 3031 1224 3087; x_wconf 66' lang='grc' dir='ltr'><strong>θέσθαι.</strong></span> <span class='ocrx_word' id='word_1_385' title='bbox 1268 3028 1473 3087; x_wconf 68' lang='grc' dir='ltr'><strong>Οὔκουν</strong></span> <span class='ocrx_word' id='word_1_386' title='bbox 1521 3033 1588 3102; x_wconf 81' lang='grc' dir='ltr'><strong>ῆν</strong></span> <span class='ocrx_word' id='word_1_387' title='bbox 1637 3034 1840 3088; x_wconf 71' lang='grc' dir='ltr'><strong>τιθέναι</strong></span> 
     </span>
    </p>
   </div>
   <div class='ocr_carea' id='block_1_50' title="bbox 194 3119 1846 3202">
    <p class='ocr_par' dir='ltr' id='par_1_50' title="bbox 194 3119 1846 3202">
     <span class='ocr_line' id='line_1_51' title="bbox 194 3119 1846 3202; baseline -0.002 -23"><span class='ocrx_word' id='word_1_388' title='bbox 194 3125 550 3202; x_wconf 76' lang='grc' dir='ltr'><strong>βιασάμενον,</strong></span> <span class='ocrx_word' id='word_1_389' title='bbox 594 3125 755 3194; x_wconf 75' lang='grc'><strong>[1252</strong></span> <span class='ocrx_word' id='word_1_390' title='bbox 805 3126 896 3192; x_wconf 67' lang='grc'><strong>3.]</strong></span> <span class='ocrx_word' id='word_1_391' title='bbox 947 3119 1090 3176; x_wconf 71' lang='grc' dir='ltr'><strong>ἀλλὰ</strong></span> <span class='ocrx_word' id='word_1_392' title='bbox 1123 3122 1270 3176; x_wconf 83' lang='grc' dir='ltr'><strong>τοῦτ’</strong></span> <span class='ocrx_word' id='word_1_393' title='bbox 1317 3123 1382 3190; x_wconf 78' lang='grc' dir='ltr'><strong>ἦν</strong></span> <span class='ocrx_word' id='word_1_394' title='bbox 1434 3127 1651 3197; x_wconf 79' lang='grc' dir='ltr'><strong>πρῶτον</strong></span> <span class='ocrx_word' id='word_1_395' title='bbox 1702 3121 1846 3196; x_wconf 83' lang='grc' dir='ltr'><strong>παρᾶ</strong></span> 
     </span>
    </p>
   </div>
   <div class='ocr_carea' id='block_1_51' title="bbox 187 3210 1842 3287">
    <p class='ocr_par' dir='ltr' id='par_1_51' title="bbox 187 3210 1842 3287">
     <span class='ocr_line' id='line_1_52' title="bbox 187 3210 1842 3287; baseline -0.002 -17"><span class='ocrx_word' id='word_1_396' title='bbox 187 3215 320 3276; x_wconf 75' lang='grc' dir='ltr'><strong>τοὺς</strong></span> <span class='ocrx_word' id='word_1_397' title='bbox 350 3212 835 3287; x_wconf 81' lang='grc' dir='ltr'><strong>νόμους.Φαίνεται</strong></span> <span class='ocrx_word' id='word_1_398' title='bbox 863 3211 910 3246; x_wconf 78' lang='grc' dir='ltr'><strong>³ο</strong></span> <span class='ocrx_word' id='word_1_399' title='bbox 938 3210 1114 3265; x_wconf 85' lang='grc' dir='ltr'><strong>τοίνυν</strong></span> <span class='ocrx_word' id='word_1_400' title='bbox 1142 3210 1411 3265; x_wconf 83' lang='grc' dir='ltr'><strong>κάνταῦθα</strong></span> <span class='ocrx_word' id='word_1_401' title='bbox 1435 3213 1480 3248; x_wconf 74' lang='grc'><strong>³³</strong></span> <span class='ocrx_word' id='word_1_402' title='bbox 1508 3213 1542 3280; x_wconf 80' lang='grc' dir='ltr'><strong>ἡ</strong></span> <span class='ocrx_word' id='word_1_403' title='bbox 1577 3211 1842 3286; x_wconf 81' lang='grc' dir='ltr'><strong>ῥητορικὴ</strong></span> 
     </span>
    </p>
   </div>
   <div class='ocr_carea' id='block_1_52' title="bbox 1947 2047 3592 2126">
    <p class='ocr_par' dir='ltr' id='par_1_52' title="bbox 1947 2047 3592 2126">
     <span class='ocr_line' id='line_1_53' title="bbox 1947 2047 3592 2126; baseline 0.008 -24"><span class='ocrx_word' id='word_1_404' title='bbox 1947 2047 2198 2104; x_wconf 87' lang='lat' dir='ltr'><strong>velimus</strong></span> <span class='ocrx_word' id='word_1_405' title='bbox 2227 2047 2533 2120; x_wconf 84' lang='lat' dir='ltr'><strong>inspicere,</strong></span> <span class='ocrx_word' id='word_1_406' title='bbox 2587 2053 2764 2120; x_wconf 87' lang='lat' dir='ltr'><strong>atque</strong></span> <span class='ocrx_word' id='word_1_407' title='bbox 2815 2053 2958 2108; x_wconf 89' lang='lat' dir='ltr'><strong>adeo</strong></span> <span class='ocrx_word' id='word_1_408' title='bbox 2997 2071 3132 2126; x_wconf 88' lang='lat' dir='ltr'><strong>pars</strong></span> <span class='ocrx_word' id='word_1_409' title='bbox 3179 2063 3264 2112; x_wconf 89' lang='lat' dir='ltr'><strong>est</strong></span> <span class='ocrx_word' id='word_1_410' title='bbox 3295 2057 3592 2114; x_wconf 67' lang='lat' dir='ltr'><strong>rhetorica</strong></span> 
     </span>
    </p>
   </div>
   <div class='ocr_carea' id='block_1_53' title="bbox 1949 2137 3596 2212">
    <p class='ocr_par' dir='ltr' id='par_1_53' title="bbox 1949 2137 3596 2212">
     <span class='ocr_line' id='line_1_54' title="bbox 1949 2137 3596 2212; baseline 0.005 -18"><span class='ocrx_word' id='word_1_411' title='bbox 1949 2154 2046 2194; x_wconf 89' lang='lat' dir='ltr'><strong>ars</strong></span> <span class='ocrx_word' id='word_1_412' title='bbox 2073 2137 2292 2210; x_wconf 89' lang='lat' dir='ltr'><strong>legum,</strong></span> <span class='ocrx_word' id='word_1_413' title='bbox 2331 2142 2506 2210; x_wconf 88' lang='lat' dir='ltr'><strong>atque</strong></span> <span class='ocrx_word' id='word_1_414' title='bbox 2537 2138 2596 2194; x_wconf 89' lang='lat' dir='ltr'><strong>in</strong></span> <span class='ocrx_word' id='word_1_415' title='bbox 2627 2141 2901 2197; x_wconf 87' lang='lat' dir='ltr'><strong>omnibus</strong></span> <span class='ocrx_word' id='word_1_416' title='bbox 2943 2142 3200 2200; x_wconf 87' lang='lat' dir='ltr'><strong>inferior.</strong></span> <span class='ocrx_word' id='word_1_417' title='bbox 3249 2148 3596 2212; x_wconf 86' lang='lat' dir='ltr'><strong>Quomodo?</strong></span> 
     </span>
    </p>
   </div>
   <div class='ocr_carea' id='block_1_54' title="bbox 1950 2226 3595 2307">
    <p class='ocr_par' dir='ltr' id='par_1_54' title="bbox 1950 2226 3595 2307">
     <span class='ocr_line' id='line_1_55' title="bbox 1950 2226 3595 2307; baseline 0.007 -26"><span class='ocrx_word' id='word_1_418' title='bbox 1950 2226 2200 2282; x_wconf 88' lang='lat' dir='ltr'><strong>Primum</strong></span> <span class='ocrx_word' id='word_1_419' title='bbox 2235 2227 2392 2282; x_wconf 90' lang='lat' dir='ltr'><strong>enim</strong></span> <span class='ocrx_word' id='word_1_420' title='bbox 2415 2227 2559 2298; x_wconf 82' lang='lat' dir='ltr'><strong>ipsis</strong></span> <span class='ocrx_word' id='word_1_421' title='bbox 2581 2227 2755 2284; x_wconf 87' lang='lat' dir='ltr'><strong>etiam</strong></span> <span class='ocrx_word' id='word_1_422' title='bbox 2779 2229 3004 2300; x_wconf 79' lang='lat' dir='ltr'><strong>legibus</strong></span> <span class='ocrx_word' id='word_1_423' title='bbox 3027 2233 3284 2290; x_wconf 88' lang='lat' dir='ltr'><strong>oratione</strong></span> <span class='ocrx_word' id='word_1_424' title='bbox 3305 2239 3428 2292; x_wconf 87' lang='lat' dir='ltr'><strong>erat</strong></span> <span class='ocrx_word' id='word_1_425' title='bbox 3447 2251 3595 2307; x_wconf 90' lang='lat' dir='ltr'><strong>opus</strong></span> 
     </span>
    </p>
   </div>
   <div class='ocr_carea' id='block_1_55' title="bbox 1948 2317 3597 2394">
    <p class='ocr_par' dir='ltr' id='par_1_55' title="bbox 1948 2317 3597 2394">
     <span class='ocr_line' id='line_1_56' title="bbox 1948 2317 3597 2394; baseline 0.006 -24"><span class='ocrx_word' id='word_1_426' title='bbox 1948 2317 2018 2370; x_wconf 84' lang='lat' dir='ltr'><strong>ad</strong></span> <span class='ocrx_word' id='word_1_427' title='bbox 2067 2317 2558 2387; x_wconf 84' lang='lat' dir='ltr'><strong>persuadendum.</strong></span> <span class='ocrx_word' id='word_1_428' title='bbox 2591 2317 2817 2374; x_wconf 89' lang='lat' dir='ltr'><strong>Etenim</strong></span> <span class='ocrx_word' id='word_1_429' title='bbox 2845 2319 2897 2375; x_wconf 89' lang='lat' dir='ltr'><strong>si</strong></span> <span class='ocrx_word' id='word_1_430' title='bbox 2927 2321 3084 2392; x_wconf 83' lang='lat' dir='ltr'><strong>leges</strong></span> <span class='ocrx_word' id='word_1_431' title='bbox 3108 2337 3177 2378; x_wconf 86' lang='lat' dir='ltr'><strong>ea</strong></span> <span class='ocrx_word' id='word_1_432' title='bbox 3204 2323 3274 2378; x_wconf 89' lang='lat' dir='ltr'><strong>de</strong></span> <span class='ocrx_word' id='word_1_433' title='bbox 3303 2340 3501 2394; x_wconf 89' lang='lat' dir='ltr'><strong>causa,</strong></span> <span class='ocrx_word' id='word_1_434' title='bbox 3535 2329 3597 2380; x_wconf 89' lang='lat' dir='ltr'><strong>ut</strong></span> 
     </span>
    </p>
   </div>
   <div class='ocr_carea' id='block_1_56' title="bbox 1949 2407 3593 2478">
    <p class='ocr_par' dir='ltr' id='par_1_56' title="bbox 1949 2407 3593 2478">
     <span class='ocr_line' id='line_1_57' title="bbox 1949 2407 3593 2478; baseline 0.004 -16"><span class='ocrx_word' id='word_1_435' title='bbox 1949 2423 2122 2462; x_wconf 86' lang='lat' dir='ltr'><strong>suum</strong></span> <span class='ocrx_word' id='word_1_436' title='bbox 2157 2407 2370 2476; x_wconf 89' lang='lat' dir='ltr'><strong>cuique</strong></span> <span class='ocrx_word' id='word_1_437' title='bbox 2387 2408 2819 2476; x_wconf 88' lang='lat' dir='ltr'><strong>concederetur,</strong></span> <span class='ocrx_word' id='word_1_438' title='bbox 2843 2415 3010 2466; x_wconf 89' lang='lat' dir='ltr'><strong>erant</strong></span> <span class='ocrx_word' id='word_1_439' title='bbox 3033 2411 3300 2478; x_wconf 59' lang='lat' dir='ltr'><strong>ferendas,</strong></span> <span class='ocrx_word' id='word_1_440' title='bbox 3319 2413 3376 2468; x_wconf 93' lang='lat' dir='ltr'><strong>id</strong></span> <span class='ocrx_word' id='word_1_441' title='bbox 3401 2419 3593 2469; x_wconf 88' lang='lat' dir='ltr'><strong>autem</strong></span> 
     </span>
    </p>
   </div>
   <div class='ocr_carea' id='block_1_57' title="bbox 1949 2495 3596 2568">
    <p class='ocr_par' dir='ltr' id='par_1_57' title="bbox 1949 2495 3596 2568">
     <span class='ocr_line' id='line_1_58' title="bbox 1949 2495 3596 2568; baseline 0.005 -18"><span class='ocrx_word' id='word_1_442' title='bbox 1949 2495 2289 2552; x_wconf 82' lang='lat' dir='ltr'><strong>fortissimis</strong></span> <span class='ocrx_word' id='word_1_443' title='bbox 2317 2497 2646 2568; x_wconf 86' lang='lat' dir='ltr'><strong>quibusque</strong></span> <span class='ocrx_word' id='word_1_444' title='bbox 2669 2499 3015 2567; x_wconf 88' lang='lat' dir='ltr'><strong>placiturum</strong></span> <span class='ocrx_word' id='word_1_445' title='bbox 3042 2516 3156 2556; x_wconf 90' lang='lat' dir='ltr'><strong>non</strong></span> <span class='ocrx_word' id='word_1_446' title='bbox 3179 2507 3322 2568; x_wconf 83' lang='lat' dir='ltr'><strong>erat,</strong></span> <span class='ocrx_word' id='word_1_447' title='bbox 3357 2503 3596 2558; x_wconf 89' lang='lat' dir='ltr'><strong>omnino</strong></span> 
     </span>
    </p>
   </div>
   <div class='ocr_carea' id='block_1_58' title="bbox 1952 2584 3594 2646">
    <p class='ocr_par' dir='ltr' id='par_1_58' title="bbox 1952 2584 3594 2646">
     <span class='ocr_line' id='line_1_59' title="bbox 1952 2584 3594 2646; baseline 0.005 -8"><span class='ocrx_word' id='word_1_448' title='bbox 1952 2584 2059 2640; x_wconf 83' lang='lat' dir='ltr'><strong>fuit</strong></span> <span class='ocrx_word' id='word_1_449' title='bbox 2115 2585 2389 2640; x_wconf 89' lang='lat' dir='ltr'><strong>adhibere</strong></span> <span class='ocrx_word' id='word_1_450' title='bbox 2443 2586 2766 2642; x_wconf 86' lang='lat' dir='ltr'><strong>orationem</strong></span> <span class='ocrx_word' id='word_1_451' title='bbox 2815 2589 3234 2646; x_wconf 86' lang='lat' dir='ltr'><strong>necessarium.</strong></span> <span class='ocrx_word' id='word_1_452' title='bbox 3286 2590 3428 2646; x_wconf 85' lang='lat' dir='ltr'><strong>Nam</strong></span> <span class='ocrx_word' id='word_1_453' title='bbox 3478 2591 3594 2646; x_wconf 88' lang='lat' dir='ltr'><strong>vim</strong></span> 
     </span>
    </p>
   </div>
   <div class='ocr_carea' id='block_1_59' title="bbox 1953 2673 3596 2748">
    <p class='ocr_par' dir='ltr' id='par_1_59' title="bbox 1953 2673 3596 2748">
     <span class='ocr_line' id='line_1_60' title="bbox 1953 2673 3596 2748; baseline 0.004 -20"><span class='ocrx_word' id='word_1_454' title='bbox 1953 2673 2186 2745; x_wconf 91' lang='lat' dir='ltr'><strong>quidem</strong></span> <span class='ocrx_word' id='word_1_455' title='bbox 2240 2690 2356 2729; x_wconf 89' lang='lat' dir='ltr'><strong>non</strong></span> <span class='ocrx_word' id='word_1_456' title='bbox 2404 2673 2618 2732; x_wconf 86' lang='lat' dir='ltr'><strong>licebat</strong></span> <span class='ocrx_word' id='word_1_457' title='bbox 2675 2676 2749 2732; x_wconf 87' lang='lat' dir='ltr'><strong>iis</strong></span> <span class='ocrx_word' id='word_1_458' title='bbox 2803 2676 3038 2746; x_wconf 81' lang='lat' dir='ltr'><strong>inferre,</strong></span> <span class='ocrx_word' id='word_1_459' title='bbox 3097 2678 3198 2748; x_wconf 91' lang='lat' dir='ltr'><strong>qui</strong></span> <span class='ocrx_word' id='word_1_460' title='bbox 3261 2679 3428 2735; x_wconf 89' lang='lat' dir='ltr'><strong>liberi</strong></span> <span class='ocrx_word' id='word_1_461' title='bbox 3474 2679 3596 2736; x_wconf 85' lang='lat' dir='ltr'><strong>nati</strong></span> 
     </span>
    </p>
   </div>
   <div class='ocr_carea' id='block_1_60' title="bbox 1953 2763 3596 2838">
    <p class='ocr_par' dir='ltr' id='par_1_60' title="bbox 1953 2763 3596 2838">
     <span class='ocr_line' id='line_1_61' title="bbox 1953 2763 3596 2838; baseline 0.005 -21"><span class='ocrx_word' id='word_1_462' title='bbox 1953 2765 2170 2830; x_wconf 87' lang='lat' dir='ltr'><strong>essent,</strong></span> <span class='ocrx_word' id='word_1_463' title='bbox 2203 2778 2310 2819; x_wconf 90' lang='lat' dir='ltr'><strong>nec</strong></span> <span class='ocrx_word' id='word_1_464' title='bbox 2333 2763 2457 2818; x_wconf 69' lang='lat' dir='ltr'><strong>haec</strong></span> <span class='ocrx_word' id='word_1_465' title='bbox 2487 2768 2611 2820; x_wconf 89' lang='lat' dir='ltr'><strong>erat</strong></span> <span class='ocrx_word' id='word_1_466' title='bbox 2639 2764 2828 2834; x_wconf 84' lang='lat' dir='ltr'><strong>legum</strong></span> <span class='ocrx_word' id='word_1_467' title='bbox 2871 2767 3055 2838; x_wconf 83' lang='lat' dir='ltr'><strong>origo,</strong></span> <span class='ocrx_word' id='word_1_468' title='bbox 3087 2784 3214 2838; x_wconf 64' lang='lat' dir='ltr'><strong>qua</strong></span> <span class='ocrx_word' id='word_1_469' title='bbox 3245 2773 3448 2824; x_wconf 88' lang='lat' dir='ltr'><strong>contra</strong></span> <span class='ocrx_word' id='word_1_470' title='bbox 3475 2770 3596 2825; x_wconf 85' lang='lat' dir='ltr'><strong>vim</strong></span> 
     </span>
    </p>
   </div>
   <div class='ocr_carea' id='block_1_61' title="bbox 1952 2853 3596 2932">
    <p class='ocr_par' dir='ltr' id='par_1_61' title="bbox 1952 2853 3596 2932">
     <span class='ocr_line' id='line_1_62' title="bbox 1952 2853 3596 2932; baseline 0.005 -24"><span class='ocrx_word' id='word_1_471' title='bbox 1952 2853 2086 2910; x_wconf 80' lang='lat' dir='ltr'><strong>ferri</strong></span> <span class='ocrx_word' id='word_1_472' title='bbox 2117 2855 2427 2912; x_wconf 88' lang='lat' dir='ltr'><strong>debebant.</strong></span> <span class='ocrx_word' id='word_1_473' title='bbox 2463 2856 2660 2927; x_wconf 83' lang='lat' dir='ltr'><strong>Itaque</strong></span> <span class='ocrx_word' id='word_1_474' title='bbox 2703 2873 2804 2928; x_wconf 92' lang='lat' dir='ltr'><strong>per</strong></span> <span class='ocrx_word' id='word_1_475' title='bbox 2845 2858 2958 2912; x_wconf 87' lang='lat' dir='ltr'><strong>vim</strong></span> <span class='ocrx_word' id='word_1_476' title='bbox 2999 2858 3134 2914; x_wconf 78' lang='lat' dir='ltr'><strong>ferri</strong></span> <span class='ocrx_word' id='word_1_477' title='bbox 3167 2876 3280 2916; x_wconf 89' lang='lat' dir='ltr'><strong>non</strong></span> <span class='ocrx_word' id='word_1_478' title='bbox 3313 2867 3596 2932; x_wconf 89' lang='lat' dir='ltr'><strong>poterant,</strong></span> 
     </span>
    </p>
   </div>
   <div class='ocr_carea' id='block_1_62' title="bbox 1953 2943 3596 3018">
    <p class='ocr_par' dir='ltr' id='par_1_62' title="bbox 1953 2943 3596 3018">
     <span class='ocr_line' id='line_1_63' title="bbox 1953 2943 3596 3018; baseline 0.006 -21"><span class='ocrx_word' id='word_1_479' title='bbox 1953 2959 2085 2998; x_wconf 89' lang='lat' dir='ltr'><strong>cum</strong></span> <span class='ocrx_word' id='word_1_480' title='bbox 2116 2943 2173 2998; x_wconf 88' lang='lat' dir='ltr'><strong>id</strong></span> <span class='ocrx_word' id='word_1_481' title='bbox 2206 2943 2464 3016; x_wconf 91' lang='lat' dir='ltr'><strong>primum</strong></span> <span class='ocrx_word' id='word_1_482' title='bbox 2499 2953 2697 3001; x_wconf 86' lang='lat' dir='ltr'><strong>contra</strong></span> <span class='ocrx_word' id='word_1_483' title='bbox 2725 2946 2882 3018; x_wconf 84' lang='lat' dir='ltr'><strong>leges</strong></span> <span class='ocrx_word' id='word_1_484' title='bbox 2919 2947 3176 3002; x_wconf 88' lang='lat' dir='ltr'><strong>futurum</strong></span> <span class='ocrx_word' id='word_1_485' title='bbox 3219 2949 3412 3005; x_wconf 84' lang='lat' dir='ltr'><strong>fuerit.</strong></span> <span class='ocrx_word' id='word_1_486' title='bbox 3443 2950 3596 3014; x_wconf 85' lang='lat' dir='ltr'><strong>Qua-</strong></span> 
     </span>
    </p>
   </div>
   <div class='ocr_carea' id='block_1_63' title="bbox 1955 3033 3598 3110">
    <p class='ocr_par' dir='ltr' id='par_1_63' title="bbox 1955 3033 3598 3110">
     <span class='ocr_line' id='line_1_64' title="bbox 1955 3033 3598 3110; baseline 0.004 -22"><span class='ocrx_word' id='word_1_487' title='bbox 1955 3036 2192 3105; x_wconf 90' lang='lat' dir='ltr'><strong>propter</strong></span> <span class='ocrx_word' id='word_1_488' title='bbox 2221 3038 2276 3088; x_wconf 90' lang='lat' dir='ltr'><strong>et</strong></span> <span class='ocrx_word' id='word_1_489' title='bbox 2305 3033 2400 3089; x_wconf 92' lang='lat' dir='ltr'><strong>hic</strong></span> <span class='ocrx_word' id='word_1_490' title='bbox 2448 3033 2732 3090; x_wconf 87' lang='lat' dir='ltr'><strong>rhetorica</strong></span> <span class='ocrx_word' id='word_1_491' title='bbox 2779 3039 3002 3106; x_wconf 88' lang='lat' dir='ltr'><strong>spectat</strong></span> <span class='ocrx_word' id='word_1_492' title='bbox 3046 3035 3199 3094; x_wconf 88' lang='lat' dir='ltr'><strong>idem</strong></span> <span class='ocrx_word' id='word_1_493' title='bbox 3249 3040 3404 3110; x_wconf 89' lang='lat' dir='ltr'><strong>quod</strong></span> <span class='ocrx_word' id='word_1_494' title='bbox 3441 3039 3598 3110; x_wconf 90' lang='lat' dir='ltr'><strong>judi-</strong></span> 
     </span>
    </p>
   </div>
   <div class='ocr_carea' id='block_1_64' title="bbox 1956 3121 3598 3198">
    <p class='ocr_par' dir='ltr' id='par_1_64' title="bbox 1956 3121 3598 3198">
     <span class='ocr_line' id='line_1_65' title="bbox 1956 3121 3598 3198; baseline 0.005 -22"><span class='ocrx_word' id='word_1_495' title='bbox 1956 3121 2156 3178; x_wconf 88' lang='lat' dir='ltr'><strong>cialis:</strong></span> <span class='ocrx_word' id='word_1_496' title='bbox 2223 3121 2332 3178; x_wconf 90' lang='lat' dir='ltr'><strong>hoc</strong></span> <span class='ocrx_word' id='word_1_497' title='bbox 2375 3137 2508 3180; x_wconf 87' lang='lat' dir='ltr'><strong>vero</strong></span> <span class='ocrx_word' id='word_1_498' title='bbox 2559 3127 2814 3195; x_wconf 88' lang='lat' dir='ltr'><strong>superat,</strong></span> <span class='ocrx_word' id='word_1_499' title='bbox 2865 3125 3020 3194; x_wconf 91' lang='lat' dir='ltr'><strong>quod</strong></span> <span class='ocrx_word' id='word_1_500' title='bbox 3070 3130 3378 3198; x_wconf 87' lang='lat' dir='ltr'><strong>utramque</strong></span> <span class='ocrx_word' id='word_1_501' title='bbox 3431 3127 3598 3198; x_wconf 76' lang='lat' dir='ltr'><strong>[legis</strong></span> 
     </span>
    </p>
   </div>
   <div class='ocr_carea' id='block_1_65' title="bbox 1959 3211 3594 3284">
    <p class='ocr_par' dir='ltr' id='par_1_65' title="bbox 1959 3211 3594 3284">
     <span class='ocr_line' id='line_1_66' title="bbox 1959 3211 3594 3284; baseline 0.004 -19"><span class='ocrx_word' id='word_1_502' title='bbox 1959 3211 2256 3266; x_wconf 85' lang='lat' dir='ltr'><strong>factoriam</strong></span> <span class='ocrx_word' id='word_1_503' title='bbox 2289 3215 2346 3266; x_wconf 89' lang='lat' dir='ltr'><strong>et</strong></span> <span class='ocrx_word' id='word_1_504' title='bbox 2367 3211 2726 3283; x_wconf 88' lang='lat' dir='ltr'><strong>judicialem]</strong></span> <span class='ocrx_word' id='word_1_505' title='bbox 2757 3211 2880 3268; x_wconf 87' lang='lat' dir='ltr'><strong>sola</strong></span> <span class='ocrx_word' id='word_1_506' title='bbox 2909 3213 3334 3284; x_wconf 89' lang='lat' dir='ltr'><strong>complectitur.</strong></span> <span class='ocrx_word' id='word_1_507' title='bbox 3372 3217 3594 3272; x_wconf 84' lang='lat' dir='ltr'><strong>Etenim</strong></span> 
     </span>
    </p>
   </div>
   <div class='ocr_carea' id='block_1_66' title="bbox 206 3272 1842 3379">
    <p class='ocr_par' dir='ltr' id='par_1_66' title="bbox 206 3295 1842 3379">
     <span class='ocr_line' id='line_1_67' title="bbox 206 3295 1842 3379; baseline -0.002 -21"><span class='ocrx_word' id='word_1_508' title='bbox 206 3300 523 3379; x_wconf 69' lang='grc' dir='ltr'><strong>βουλομένη</strong></span> <span class='ocrx_word' id='word_1_509' title='bbox 597 3300 689 3374; x_wconf 74' lang='grc' dir='ltr'><strong>μὲν</strong></span> <span class='ocrx_word' id='word_1_510' title='bbox 747 3297 916 3353; x_wconf 82' lang='grc' dir='ltr'><strong>ταύτά</strong></span> <span class='ocrx_word' id='word_1_511' title='bbox 971 3303 1040 3372; x_wconf 76' lang='grc' dir='ltr'><strong>τῇ</strong></span> <span class='ocrx_word' id='word_1_512' title='bbox 1114 3295 1418 3372; x_wconf 78' lang='grc' dir='ltr'><strong>δικαστικῇ,</strong></span> <span class='ocrx_word' id='word_1_513' title='bbox 1473 3303 1731 3353; x_wconf 88' lang='grc' dir='ltr'><strong>τοσοῦτον</strong></span> <span class='ocrx_word' id='word_1_514' title='bbox 1791 3296 1842 3354; x_wconf 72' lang='grc' dir='ltr'><strong>δὲ</strong></span> 
     </span>
    </p>
   </div>
   <div class='ocr_carea' id='block_1_67' title="bbox 1952 3272 3598 3379">
    <p class='ocr_par' dir='ltr' id='par_1_67' title="bbox 1959 3272 3598 3376">
     <span class='ocr_line' id='line_1_68' title="bbox 1959 3272 3598 3376; baseline 0.002 -20"><span class='ocrx_word' id='word_1_515' title='bbox 1959 3315 2090 3356; x_wconf 87' lang='lat' dir='ltr'><strong>cum</strong></span> <span class='ocrx_word' id='word_1_516' title='bbox 2126 3272 2610 3370; x_wconf 53' lang='lat' dir='ltr'><strong>velletju-dicialis</strong></span> <span class='ocrx_word' id='word_1_517' title='bbox 2635 3272 2742 3356; x_wconf 71' lang='lat' dir='ltr'><strong>arti</strong></span> <span class='ocrx_word' id='word_1_518' title='bbox 2774 3301 2970 3373; x_wconf 89' lang='lat' dir='ltr'><strong>legum</strong></span> <span class='ocrx_word' id='word_1_519' title='bbox 3005 3272 3393 3374; x_wconf 75' lang='lat' dir='ltr'><strong>ferendarum,</strong></span> <span class='ocrx_word' id='word_1_520' title='bbox 3428 3306 3598 3376; x_wconf 87' lang='lat' dir='ltr'><strong>quasi</strong></span> 
     </span>
    </p>
   </div>
   <div class='ocr_carea' id='block_1_68' title="bbox 200 3384 1850 3466">
    <p class='ocr_par' dir='ltr' id='par_1_68' title="bbox 200 3384 1850 3466">
     <span class='ocr_line' id='line_1_69' title="bbox 200 3384 1850 3466; baseline -0.004 -18"><span class='ocrx_word' id='word_1_521' title='bbox 200 3397 408 3448; x_wconf 82' lang='grc' dir='ltr'><strong>νικῶσα</strong></span> <span class='ocrx_word' id='word_1_522' title='bbox 447 3390 585 3445; x_wconf 83' lang='grc' dir='ltr'><strong>ὅσων</strong></span> <span class='ocrx_word' id='word_1_523' title='bbox 637 3387 942 3466; x_wconf 65' lang='grc' dir='ltr'><strong>ἀμφοτέρας</strong></span> <span class='ocrx_word' id='word_1_524' title='bbox 990 3388 1108 3460; x_wconf 67' lang='grc' dir='ltr'><strong>[τῆν</strong></span> <span class='ocrx_word' id='word_1_525' title='bbox 1153 3389 1514 3460; x_wconf 82' lang='grc' dir='ltr'><strong>νομοθετικήν</strong></span> <span class='ocrx_word' id='word_1_526' title='bbox 1556 3388 1646 3442; x_wconf 81' lang='grc' dir='ltr'><strong>καὶ</strong></span> <span class='ocrx_word' id='word_1_527' title='bbox 1697 3384 1850 3442; x_wconf 84' lang='grc' dir='ltr'><strong>δικα-</strong></span> 
     </span>
    </p>
   </div>
   <div class='ocr_carea' id='block_1_69' title="bbox 203 3471 1844 3554">
    <p class='ocr_par' dir='ltr' id='par_1_69' title="bbox 203 3471 1844 3554">
     <span class='ocr_line' id='line_1_70' title="bbox 203 3471 1844 3554; baseline -0.002 -18"><span class='ocrx_word' id='word_1_528' title='bbox 203 3483 418 3554; x_wconf 75' lang='grc' dir='ltr'><strong>στικῆν]</strong></span> <span class='ocrx_word' id='word_1_529' title='bbox 448 3481 496 3516; x_wconf 66' lang='lat'><strong>3&#39;3</strong></span> <span class='ocrx_word' id='word_1_530' title='bbox 543 3478 758 3552; x_wconf 82' lang='grc' dir='ltr'><strong>συνέχει</strong></span> <span class='ocrx_word' id='word_1_531' title='bbox 810 3478 950 3548; x_wconf 84' lang='grc' dir='ltr'><strong>μόνη</strong></span> <span class='ocrx_word' id='word_1_532' title='bbox 989 3471 1242 3550; x_wconf 72' lang='grc' dir='ltr'><strong>βεϐαίως.</strong></span> <span class='ocrx_word' id='word_1_533' title='bbox 1297 3475 1618 3550; x_wconf 77' lang='grc' dir='ltr'><strong>Βουλομὲνη</strong></span> <span class='ocrx_word' id='word_1_534' title='bbox 1668 3477 1768 3553; x_wconf 71' lang='grc' dir='ltr'><strong>γὰρ</strong></span> <span class='ocrx_word' id='word_1_535' title='bbox 1811 3480 1844 3546; x_wconf 76' lang='grc' dir='ltr'>ἡ</span> 
     </span>
    </p>
   </div>
   <div class='ocr_carea' id='block_1_70' title="bbox 203 3565 1849 3641">
    <p class='ocr_par' dir='ltr' id='par_1_70' title="bbox 203 3565 1849 3641">
     <span class='ocr_line' id='line_1_71' title="bbox 203 3565 1849 3641; baseline -0.012 -12"><span class='ocrx_word' id='word_1_536' title='bbox 203 3571 488 3639; x_wconf 81' lang='grc' dir='ltr'><strong>δικαστικὴ</strong></span> <span class='ocrx_word' id='word_1_537' title='bbox 545 3569 786 3640; x_wconf 79' lang='grc' dir='ltr'><strong>καθάπερ</strong></span> <span class='ocrx_word' id='word_1_538' title='bbox 829 3565 880 3620; x_wconf 82' lang='grc' dir='ltr'><strong>ἐν</strong></span> <span class='ocrx_word' id='word_1_539' title='bbox 935 3565 1089 3639; x_wconf 71' lang='grc' dir='ltr'>μάχῃ</span> <span class='ocrx_word' id='word_1_540' title='bbox 1138 3569 1206 3638; x_wconf 80' lang='grc' dir='ltr'><strong>τῇ</strong></span> <span class='ocrx_word' id='word_1_541' title='bbox 1256 3567 1590 3640; x_wconf 84' lang='grc' dir='ltr'><strong>νομοθετικῇ</strong></span> <span class='ocrx_word' id='word_1_542' title='bbox 1643 3567 1849 3641; x_wconf 70' lang='grc' dir='ltr'><strong>βοηθῇ-</strong></span> 
     </span>
    </p>
   </div>
   <div class='ocr_carea' id='block_1_71' title="bbox 201 3653 1843 3732">
    <p class='ocr_par' dir='ltr' id='par_1_71' title="bbox 201 3653 1843 3732">
     <span class='ocr_line' id='line_1_72' title="bbox 201 3653 1843 3732; baseline -0.006 -13"><span class='ocrx_word' id='word_1_543' title='bbox 201 3685 311 3732; x_wconf 85' lang='grc' dir='ltr'><strong>σαι,</strong></span> <span class='ocrx_word' id='word_1_544' title='bbox 359 3659 550 3717; x_wconf 83' lang='grc' dir='ltr'><strong>ταύτὸν</strong></span> <span class='ocrx_word' id='word_1_545' title='bbox 601 3654 790 3711; x_wconf 80' lang='grc' dir='ltr'><strong>ἔπαθεν</strong></span> <span class='ocrx_word' id='word_1_546' title='bbox 845 3653 982 3723; x_wconf 75' lang='grc' dir='ltr'><strong>αὕτη</strong></span> <span class='ocrx_word' id='word_1_547' title='bbox 1014 3656 1058 3690; x_wconf 78' lang='grc'><strong>³³</strong></span> <span class='ocrx_word' id='word_1_548' title='bbox 1104 3657 1173 3726; x_wconf 79' lang='grc' dir='ltr'><strong>τῇ</strong></span> <span class='ocrx_word' id='word_1_549' title='bbox 1223 3657 1575 3727; x_wconf 81' lang='grc' dir='ltr'><strong>νομοθετικῇ.</strong></span> <span class='ocrx_word' id='word_1_550' title='bbox 1636 3656 1843 3728; x_wconf 85' lang='grc' dir='ltr'><strong>Ἐκείνη</strong></span> 
     </span>
    </p>
   </div>
   <div class='ocr_carea' id='block_1_72' title="bbox 192 3739 1850 3830">
    <p class='ocr_par' dir='ltr' id='par_1_72' title="bbox 192 3739 1850 3830">
     <span class='ocr_line' id='line_1_73' title="bbox 192 3739 1850 3830; baseline -0.006 -21"><span class='ocrx_word' id='word_1_551' title='bbox 192 3775 256 3810; x_wconf 85' lang='grc' dir='ltr'><strong>τε</strong></span> <span class='ocrx_word' id='word_1_552' title='bbox 283 3752 386 3830; x_wconf 74' lang='grc' dir='ltr'><strong>γὰρ</strong></span> <span class='ocrx_word' id='word_1_553' title='bbox 426 3749 730 3824; x_wconf 79' lang='grc' dir='ltr'><strong>ῥητορικῆς</strong></span> <span class='ocrx_word' id='word_1_554' title='bbox 777 3752 1042 3819; x_wconf 86' lang='grc' dir='ltr'><strong>πρότερον</strong></span> <span class='ocrx_word' id='word_1_555' title='bbox 1069 3745 1116 3779; x_wconf 68' lang='grc'><strong>³⁸</strong></span> <span class='ocrx_word' id='word_1_556' title='bbox 1145 3739 1382 3813; x_wconf 71' lang='grc' dir='ltr'><strong>ἐδέησεν,</strong></span> <span class='ocrx_word' id='word_1_557' title='bbox 1434 3742 1570 3798; x_wconf 82' lang='grc' dir='ltr'><strong>ὥστε</strong></span> <span class='ocrx_word' id='word_1_558' title='bbox 1616 3745 1783 3819; x_wconf 79' lang='grc' dir='ltr'><strong>ταύτῃ</strong></span> <span class='ocrx_word' id='word_1_559' title='bbox 1802 3749 1850 3784; x_wconf 76' lang='grc'><strong>³⁵</strong></span> 
     </span>
    </p>
   </div>
   <div class='ocr_carea' id='block_1_73' title="bbox 197 3830 1850 3918">
    <p class='ocr_par' dir='ltr' id='par_1_73' title="bbox 197 3830 1850 3918">
     <span class='ocr_line' id='line_1_74' title="bbox 197 3830 1850 3918; baseline -0.004 -22"><span class='ocrx_word' id='word_1_560' title='bbox 197 3842 346 3918; x_wconf 77' lang='grc' dir='ltr'><strong>ἔχειν</strong></span> <span class='ocrx_word' id='word_1_561' title='bbox 383 3835 621 3914; x_wconf 73' lang='grc' dir='ltr'><strong>πᾶροδον</strong></span> <span class='ocrx_word' id='word_1_562' title='bbox 671 3835 802 3899; x_wconf 77' lang='grc' dir='ltr'><strong>τοὺς</strong></span> <span class='ocrx_word' id='word_1_563' title='bbox 849 3833 1080 3907; x_wconf 84' lang='grc' dir='ltr'><strong>νόμους,</strong></span> <span class='ocrx_word' id='word_1_564' title='bbox 1129 3833 1164 3902; x_wconf 79' lang='grc' dir='ltr'><strong>ἥ</strong></span> <span class='ocrx_word' id='word_1_565' title='bbox 1213 3853 1270 3887; x_wconf 90' lang='grc' dir='ltr'><strong>τε</strong></span> <span class='ocrx_word' id='word_1_566' title='bbox 1319 3830 1602 3902; x_wconf 84' lang='grc' dir='ltr'><strong>δικαστική</strong></span> <span class='ocrx_word' id='word_1_567' title='bbox 1654 3841 1850 3909; x_wconf 85' lang='grc' dir='ltr'><strong>σχῆμα</strong></span> 
     </span>
    </p>
   </div>
   <div class='ocr_carea' id='block_1_74' title="bbox 197 3921 1846 4004">
    <p class='ocr_par' dir='ltr' id='par_1_74' title="bbox 197 3921 1846 4004">
     <span class='ocr_line' id='line_1_75' title="bbox 197 3921 1846 4004; baseline -0.005 -17"><span class='ocrx_word' id='word_1_568' title='bbox 197 3931 490 4004; x_wconf 77' lang='grc' dir='ltr'><strong>ἐπικούρου</strong></span> <span class='ocrx_word' id='word_1_569' title='bbox 525 3921 770 3983; x_wconf 72' lang='grc' dir='ltr'><strong>λαϐοῦσα</strong></span> <span class='ocrx_word' id='word_1_570' title='bbox 799 3929 916 3986; x_wconf 89' lang='grc' dir='ltr'><strong>τοῖς</strong></span> <span class='ocrx_word' id='word_1_571' title='bbox 946 3924 1160 3996; x_wconf 86' lang='grc' dir='ltr'><strong>νόμοις,</strong></span> <span class='ocrx_word' id='word_1_572' title='bbox 1187 3921 1320 3991; x_wconf 85' lang='grc' dir='ltr'><strong>αύτή</strong></span> <span class='ocrx_word' id='word_1_573' title='bbox 1371 3921 1632 3997; x_wconf 82' lang='grc' dir='ltr'><strong>πρότερον</strong></span> <span class='ocrx_word' id='word_1_574' title='bbox 1679 3943 1846 3996; x_wconf 76' lang='grc' dir='ltr'><strong>προσο</strong></span> 
     </span>
    </p>
   </div>
   <div class='ocr_carea' id='block_1_75' title="bbox 199 4009 1849 4092">
    <p class='ocr_par' dir='ltr' id='par_1_75' title="bbox 199 4009 1849 4092">
     <span class='ocr_line' id='line_1_76' title="bbox 199 4009 1849 4092; baseline -0.011 -14"><span class='ocrx_word' id='word_1_575' title='bbox 199 4019 470 4092; x_wconf 72' lang='grc' dir='ltr'><strong>εδεήθη³ϐ</strong></span> <span class='ocrx_word' id='word_1_576' title='bbox 525 4023 624 4086; x_wconf 87' lang='grc' dir='ltr'><strong>τῆς</strong></span> <span class='ocrx_word' id='word_1_577' title='bbox 675 4015 818 4090; x_wconf 75' lang='grc' dir='ltr'><strong>παρὰ</strong></span> <span class='ocrx_word' id='word_1_578' title='bbox 859 4019 956 4082; x_wconf 87' lang='grc' dir='ltr'><strong>τῆς</strong></span> <span class='ocrx_word' id='word_1_579' title='bbox 1007 4011 1305 4088; x_wconf 76' lang='grc' dir='ltr'><strong>ῥητορικῆς</strong></span> <span class='ocrx_word' id='word_1_580' title='bbox 1367 4009 1641 4085; x_wconf 82' lang='grc' dir='ltr'><strong>βοηθείας.</strong></span> <span class='ocrx_word' id='word_1_581' title='bbox 1701 4011 1849 4068; x_wconf 81' lang='grc' dir='ltr'><strong>Ἔδει</strong></span> 
     </span>
    </p>
   </div>
   <div class='ocr_carea' id='block_1_76' title="bbox 201 4097 1848 4188">
    <p class='ocr_par' dir='ltr' id='par_1_76' title="bbox 201 4097 1848 4188">
     <span class='ocr_line' id='line_1_77' title="bbox 201 4097 1848 4188; baseline -0.007 -23"><span class='ocrx_word' id='word_1_582' title='bbox 201 4112 306 4188; x_wconf 83' lang='grc' dir='ltr'><strong>γὰρ</strong></span> <span class='ocrx_word' id='word_1_583' title='bbox 347 4107 637 4178; x_wconf 81' lang='grc' dir='ltr'><strong>δυνηθῆναι</strong></span> <span class='ocrx_word' id='word_1_584' title='bbox 687 4105 980 4180; x_wconf 80' lang='grc' dir='ltr'><strong>βοηθῆσαι,</strong></span> <span class='ocrx_word' id='word_1_585' title='bbox 1013 4105 1172 4156; x_wconf 88' lang='grc' dir='ltr'><strong>τοῦτο</strong></span> <span class='ocrx_word' id='word_1_586' title='bbox 1221 4097 1266 4154; x_wconf 84' lang='grc' dir='ltr'><strong>δ’</strong></span> <span class='ocrx_word' id='word_1_587' title='bbox 1313 4099 1411 4155; x_wconf 80' lang='grc' dir='ltr'><strong>οὐκ</strong></span> <span class='ocrx_word' id='word_1_588' title='bbox 1457 4099 1520 4166; x_wconf 75' lang='grc' dir='ltr'><strong>ἧν</strong></span> <span class='ocrx_word' id='word_1_589' title='bbox 1569 4097 1692 4156; x_wconf 75' lang='grc' dir='ltr'><strong>ἄνευ</strong></span> <span class='ocrx_word' id='word_1_590' title='bbox 1746 4103 1848 4176; x_wconf 85' lang='grc' dir='ltr'><strong>ῥη-</strong></span> 
     </span>
    </p>
   </div>
   <div class='ocr_carea' id='block_1_77' title="bbox 199 4188 1850 4276">
    <p class='ocr_par' dir='ltr' id='par_1_77' title="bbox 199 4188 1850 4276">
     <span class='ocr_line' id='line_1_78' title="bbox 199 4188 1850 4276; baseline -0.005 -20"><span class='ocrx_word' id='word_1_591' title='bbox 199 4205 444 4276; x_wconf 85' lang='grc' dir='ltr'><strong>τορικῆς.</strong></span> <span class='ocrx_word' id='word_1_592' title='bbox 509 4195 782 4270; x_wconf 86' lang='grc' dir='ltr'><strong>Πρότερον</strong></span> <span class='ocrx_word' id='word_1_593' title='bbox 813 4193 860 4228; x_wconf 82' lang='grc'><strong>³⁷</strong></span> <span class='ocrx_word' id='word_1_594' title='bbox 929 4189 1022 4246; x_wconf 79' lang='grc' dir='ltr'><strong>οὖν</strong></span> <span class='ocrx_word' id='word_1_595' title='bbox 1083 4191 1375 4259; x_wconf 80' lang='grc' dir='ltr'><strong>πολιτικῆς</strong></span> <span class='ocrx_word' id='word_1_596' title='bbox 1438 4188 1638 4265; x_wconf 76' lang='grc' dir='ltr'><strong>μορίου</strong></span> <span class='ocrx_word' id='word_1_597' title='bbox 1697 4189 1850 4247; x_wconf 72' lang='grc' dir='ltr'><strong>εἴδω-</strong></span> 
     </span>
    </p>
   </div>
   <div class='ocr_carea' id='block_1_78' title="bbox 201 4278 1846 4362">
    <p class='ocr_par' dir='ltr' id='par_1_78' title="bbox 201 4278 1846 4362">
     <span class='ocr_line' id='line_1_79' title="bbox 201 4278 1846 4362; baseline -0.012 -16"><span class='ocrx_word' id='word_1_598' title='bbox 201 4291 299 4348; x_wconf 89' lang='grc' dir='ltr'><strong>λον</strong></span> <span class='ocrx_word' id='word_1_599' title='bbox 349 4291 384 4358; x_wconf 80' lang='grc' dir='ltr'>ἡ</span> <span class='ocrx_word' id='word_1_600' title='bbox 437 4284 730 4362; x_wconf 76' lang='grc' dir='ltr'><strong>ῥητορικὴ,</strong></span> <span class='ocrx_word' id='word_1_601' title='bbox 773 4282 808 4352; x_wconf 78' lang='grc' dir='ltr'><strong>ἢ</strong></span> <span class='ocrx_word' id='word_1_602' title='bbox 857 4282 924 4336; x_wconf 85' lang='grc' dir='ltr'><strong>τὰ</strong></span> <span class='ocrx_word' id='word_1_603' title='bbox 971 4288 1072 4350; x_wconf 88' lang='grc' dir='ltr'><strong>τῆς</strong></span> <span class='ocrx_word' id='word_1_604' title='bbox 1121 4278 1434 4350; x_wconf 83' lang='grc' dir='ltr'><strong>πολιτικῆς,</strong></span> <span class='ocrx_word' id='word_1_605' title='bbox 1493 4280 1570 4342; x_wconf 85' lang='grc' dir='ltr'><strong>ὡς</strong></span> <span class='ocrx_word' id='word_1_606' title='bbox 1619 4279 1682 4334; x_wconf 79' lang='grc' dir='ltr'><strong>σὺ</strong></span> <span class='ocrx_word' id='word_1_607' title='bbox 1740 4280 1846 4358; x_wconf 67' lang='grc' dir='ltr'><strong>φῂς</strong></span> 
     </span>
    </p>
   </div>
   <div class='ocr_carea' id='block_1_79' title="bbox 206 4369 1843 4454">
    <p class='ocr_par' dir='ltr' id='par_1_79' title="bbox 206 4369 1843 4454">
     <span class='ocr_line' id='line_1_80' title="bbox 206 4369 1843 4454; baseline -0.007 -21"><span class='ocrx_word' id='word_1_608' title='bbox 206 4381 370 4454; x_wconf 86' lang='grc' dir='ltr'><strong>μόρια</strong></span> <span class='ocrx_word' id='word_1_609' title='bbox 422 4375 523 4431; x_wconf 83' lang='grc' dir='ltr'><strong>ὑπὸ</strong></span> <span class='ocrx_word' id='word_1_610' title='bbox 573 4381 674 4443; x_wconf 84' lang='grc' dir='ltr'><strong>τῆς</strong></span> <span class='ocrx_word' id='word_1_611' title='bbox 734 4372 1032 4449; x_wconf 78' lang='grc' dir='ltr'><strong>ῥητορικῆς</strong></span> <span class='ocrx_word' id='word_1_612' title='bbox 1101 4369 1418 4448; x_wconf 75' lang='grc' dir='ltr'><strong>συνέχεταις</strong></span> <span class='ocrx_word' id='word_1_613' title='bbox 1479 4369 1602 4443; x_wconf 80' lang='grc' dir='ltr'><strong>ἐμοὶ</strong></span> <span class='ocrx_word' id='word_1_614' title='bbox 1641 4372 1691 4407; x_wconf 78' lang='grc'><strong>³⁸</strong></span> <span class='ocrx_word' id='word_1_615' title='bbox 1749 4372 1843 4442; x_wconf 78' lang='grc' dir='ltr'><strong>μὲν</strong></span> 
     </span>
    </p>
   </div>
   <div class='ocr_carea' id='block_1_80' title="bbox 199 4457 1842 4546">
    <p class='ocr_par' dir='ltr' id='par_1_80' title="bbox 199 4457 1842 4546">
     <span class='ocr_line' id='line_1_81' title="bbox 199 4457 1842 4546; baseline -0.004 -24"><span class='ocrx_word' id='word_1_616' title='bbox 199 4469 304 4546; x_wconf 73' lang='grc' dir='ltr'><strong>γὰρ</strong></span> <span class='ocrx_word' id='word_1_617' title='bbox 343 4467 418 4528; x_wconf 82' lang='grc' dir='ltr'><strong>ὡς</strong></span> <span class='ocrx_word' id='word_1_618' title='bbox 465 4463 690 4534; x_wconf 78' lang='grc' dir='ltr'><strong>ἀληθῶς</strong></span> <span class='ocrx_word' id='word_1_619' title='bbox 750 4461 814 4515; x_wconf 80' lang='grc' dir='ltr'><strong>οὐ</strong></span> <span class='ocrx_word' id='word_1_620' title='bbox 869 4461 1170 4536; x_wconf 78' lang='grc' dir='ltr'><strong>ῥητορικὴν</strong></span> <span class='ocrx_word' id='word_1_621' title='bbox 1227 4459 1278 4513; x_wconf 71' lang='grc' dir='ltr'><strong>ἐν</strong></span> <span class='ocrx_word' id='word_1_622' title='bbox 1337 4457 1554 4520; x_wconf 86' lang='grc' dir='ltr'><strong>τούτοις</strong></span> <span class='ocrx_word' id='word_1_623' title='bbox 1606 4460 1842 4528; x_wconf 85' lang='grc' dir='ltr'><strong>κακίζειν</strong></span> 
     </span>
    </p>
   </div>
   <div class='ocr_carea' id='block_1_81' title="bbox 1957 3388 3594 3466">
    <p class='ocr_par' dir='ltr' id='par_1_81' title="bbox 1957 3388 3594 3466">
     <span class='ocr_line' id='line_1_82' title="bbox 1957 3388 3594 3466; baseline 0.002 -22"><span class='ocrx_word' id='word_1_624' title='bbox 1957 3390 2016 3445; x_wconf 91' lang='lat' dir='ltr'><strong>in</strong></span> <span class='ocrx_word' id='word_1_625' title='bbox 2047 3388 2270 3460; x_wconf 71' lang='lat' dir='ltr'><strong>prmlio,</strong></span> <span class='ocrx_word' id='word_1_626' title='bbox 2302 3405 2470 3460; x_wconf 87' lang='lat' dir='ltr'><strong>Opem</strong></span> <span class='ocrx_word' id='word_1_627' title='bbox 2507 3391 2674 3458; x_wconf 82' lang='lat' dir='ltr'><strong>ferre,</strong></span> <span class='ocrx_word' id='word_1_628' title='bbox 2707 3389 2860 3446; x_wconf 90' lang='lat' dir='ltr'><strong>idem</strong></span> <span class='ocrx_word' id='word_1_629' title='bbox 2892 3391 3002 3463; x_wconf 87' lang='lat' dir='ltr'><strong>ipsi</strong></span> <span class='ocrx_word' id='word_1_630' title='bbox 3037 3391 3192 3462; x_wconf 90' lang='lat' dir='ltr'><strong>quod</strong></span> <span class='ocrx_word' id='word_1_631' title='bbox 3223 3393 3306 3448; x_wconf 90' lang='lat' dir='ltr'><strong>illi</strong></span> <span class='ocrx_word' id='word_1_632' title='bbox 3337 3395 3594 3466; x_wconf 89' lang='lat' dir='ltr'><strong>contigit.</strong></span> 
     </span>
    </p>
   </div>
   <div class='ocr_carea' id='block_1_82' title="bbox 1955 3477 3598 3557">
    <p class='ocr_par' dir='ltr' id='par_1_82' title="bbox 1955 3477 3598 3557">
     <span class='ocr_line' id='line_1_83' title="bbox 1955 3477 3598 3557; baseline 0.005 -24"><span class='ocrx_word' id='word_1_633' title='bbox 1955 3478 2100 3534; x_wconf 84' lang='lat' dir='ltr'><strong>Nam</strong></span> <span class='ocrx_word' id='word_1_634' title='bbox 2132 3483 2188 3534; x_wconf 91' lang='lat' dir='ltr'><strong>et</strong></span> <span class='ocrx_word' id='word_1_635' title='bbox 2215 3477 2301 3534; x_wconf 89' lang='lat' dir='ltr'><strong>illi</strong></span> <span class='ocrx_word' id='word_1_636' title='bbox 2331 3478 2619 3535; x_wconf 85' lang='lat' dir='ltr'><strong>rhetorica</strong></span> <span class='ocrx_word' id='word_1_637' title='bbox 2667 3479 2942 3552; x_wconf 87' lang='lat' dir='ltr'><strong>primum,</strong></span> <span class='ocrx_word' id='word_1_638' title='bbox 2987 3485 3050 3536; x_wconf 91' lang='lat' dir='ltr'><strong>ut</strong></span> <span class='ocrx_word' id='word_1_639' title='bbox 3080 3499 3181 3554; x_wconf 89' lang='lat' dir='ltr'><strong>per</strong></span> <span class='ocrx_word' id='word_1_640' title='bbox 3209 3500 3336 3540; x_wconf 89' lang='lat' dir='ltr'><strong>eam</strong></span> <span class='ocrx_word' id='word_1_641' title='bbox 3371 3484 3598 3557; x_wconf 82' lang='lat' dir='ltr'><strong>legibus</strong></span> 
     </span>
    </p>
   </div>
   <div class='ocr_carea' id='block_1_83' title="bbox 1956 3568 3599 3640">
    <p class='ocr_par' dir='ltr' id='par_1_83' title="bbox 1956 3568 3599 3640">
     <span class='ocr_line' id='line_1_84' title="bbox 1956 3568 3599 3640; baseline 0.004 -18"><span class='ocrx_word' id='word_1_642' title='bbox 1956 3568 2150 3623; x_wconf 87' lang='lat' dir='ltr'><strong>aditus</strong></span> <span class='ocrx_word' id='word_1_643' title='bbox 2181 3572 2420 3639; x_wconf 86' lang='lat' dir='ltr'><strong>pateret,</strong></span> <span class='ocrx_word' id='word_1_644' title='bbox 2467 3585 2613 3639; x_wconf 87' lang='lat' dir='ltr'><strong>opus</strong></span> <span class='ocrx_word' id='word_1_645' title='bbox 2654 3569 2783 3636; x_wconf 86' lang='lat' dir='ltr'><strong>fuit,</strong></span> <span class='ocrx_word' id='word_1_646' title='bbox 2835 3575 2892 3625; x_wconf 91' lang='lat' dir='ltr'><strong>ct</strong></span> <span class='ocrx_word' id='word_1_647' title='bbox 2925 3571 3222 3640; x_wconf 89' lang='lat' dir='ltr'><strong>judicialis</strong></span> <span class='ocrx_word' id='word_1_648' title='bbox 3272 3589 3404 3628; x_wconf 90' lang='lat' dir='ltr'><strong>cum</strong></span> <span class='ocrx_word' id='word_1_649' title='bbox 3437 3574 3599 3630; x_wconf 83' lang='lat' dir='ltr'><strong>auxi-</strong></span> 
     </span>
    </p>
   </div>
   <div class='ocr_carea' id='block_1_84' title="bbox 1955 3655 3598 3729">
    <p class='ocr_par' dir='ltr' id='par_1_84' title="bbox 1955 3655 3598 3729">
     <span class='ocr_line' id='line_1_85' title="bbox 1955 3655 3598 3729; baseline 0.004 -19"><span class='ocrx_word' id='word_1_650' title='bbox 1955 3655 2156 3712; x_wconf 87' lang='lat' dir='ltr'><strong>liantis</strong></span> <span class='ocrx_word' id='word_1_651' title='bbox 2184 3657 2450 3712; x_wconf 88' lang='lat' dir='ltr'><strong>habitum</strong></span> <span class='ocrx_word' id='word_1_652' title='bbox 2496 3657 2865 3726; x_wconf 88' lang='lat' dir='ltr'><strong>sumpsisset,</strong></span> <span class='ocrx_word' id='word_1_653' title='bbox 2919 3658 3044 3727; x_wconf 88' lang='lat' dir='ltr'><strong>ipsa</strong></span> <span class='ocrx_word' id='word_1_654' title='bbox 3085 3659 3250 3729; x_wconf 89' lang='lat' dir='ltr'><strong>prius</strong></span> <span class='ocrx_word' id='word_1_655' title='bbox 3297 3660 3598 3717; x_wconf 67' lang='lat' dir='ltr'><strong>rhetoricis</strong></span> 
     </span>
    </p>
   </div>
   <div class='ocr_carea' id='block_1_85' title="bbox 1955 3745 3598 3808">
    <p class='ocr_par' dir='ltr' id='par_1_85' title="bbox 1955 3745 3598 3808">
     <span class='ocr_line' id='line_1_86' title="bbox 1955 3745 3598 3808; baseline 0.004 -8"><span class='ocrx_word' id='word_1_656' title='bbox 1955 3745 2294 3800; x_wconf 82' lang='lat' dir='ltr'><strong>desideravit</strong></span> <span class='ocrx_word' id='word_1_657' title='bbox 2343 3745 2646 3798; x_wconf 84' lang='lat' dir='ltr'><strong>auxilium.</strong></span> <span class='ocrx_word' id='word_1_658' title='bbox 2708 3745 2984 3808; x_wconf 89' lang='lat' dir='ltr'><strong>Quoniam</strong></span> <span class='ocrx_word' id='word_1_659' title='bbox 3047 3747 3202 3801; x_wconf 91' lang='lat' dir='ltr'><strong>enim</strong></span> <span class='ocrx_word' id='word_1_660' title='bbox 3261 3748 3598 3806; x_wconf 83' lang='lat' dir='ltr'><strong>facultatem</strong></span> 
     </span>
    </p>
   </div>
   <div class='ocr_carea' id='block_1_86' title="bbox 1947 3831 3600 3908">
    <p class='ocr_par' dir='ltr' id='par_1_86' title="bbox 1947 3831 3600 3908">
     <span class='ocr_line' id='line_1_87' title="bbox 1947 3831 3600 3908; baseline 0.004 -22"><span class='ocrx_word' id='word_1_661' title='bbox 1947 3833 2194 3902; x_wconf 85' lang='lat' dir='ltr'><strong>juvandi</strong></span> <span class='ocrx_word' id='word_1_662' title='bbox 2241 3831 2593 3901; x_wconf 87' lang='lat' dir='ltr'><strong>requirebat,</strong></span> <span class='ocrx_word' id='word_1_663' title='bbox 2637 3847 2766 3887; x_wconf 89' lang='lat' dir='ltr'><strong>eam</strong></span> <span class='ocrx_word' id='word_1_664' title='bbox 2812 3833 2937 3889; x_wconf 88' lang='lat' dir='ltr'><strong>sine</strong></span> <span class='ocrx_word' id='word_1_665' title='bbox 2988 3834 3274 3891; x_wconf 86' lang='lat' dir='ltr'><strong>rhetorica</strong></span> <span class='ocrx_word' id='word_1_666' title='bbox 3321 3838 3600 3908; x_wconf 86' lang='lat' dir='ltr'><strong>consequi</strong></span> 
     </span>
    </p>
   </div>
   <div class='ocr_carea' id='block_1_87' title="bbox 1956 3919 3598 3996">
    <p class='ocr_par' dir='ltr' id='par_1_87' title="bbox 1956 3919 3598 3996">
     <span class='ocr_line' id='line_1_88' title="bbox 1956 3919 3598 3996; baseline 0.005 -20"><span class='ocrx_word' id='word_1_667' title='bbox 1956 3937 2072 3976; x_wconf 89' lang='lat' dir='ltr'><strong>non</strong></span> <span class='ocrx_word' id='word_1_668' title='bbox 2106 3925 2350 3990; x_wconf 86' lang='lat' dir='ltr'><strong>poterat.</strong></span> <span class='ocrx_word' id='word_1_669' title='bbox 2384 3919 2590 3976; x_wconf 85' lang='lat' dir='ltr'><strong>Utrum</strong></span> <span class='ocrx_word' id='word_1_670' title='bbox 2621 3935 2758 3992; x_wconf 88' lang='lat' dir='ltr'><strong>ergo</strong></span> <span class='ocrx_word' id='word_1_671' title='bbox 2790 3921 2972 3978; x_wconf 89' lang='lat' dir='ltr'><strong>civilis</strong></span> <span class='ocrx_word' id='word_1_672' title='bbox 3005 3925 3188 3996; x_wconf 87' lang='lat' dir='ltr'><strong>partis</strong></span> <span class='ocrx_word' id='word_1_673' title='bbox 3218 3925 3598 3984; x_wconf 88' lang='lat' dir='ltr'><strong>simulacrum</strong></span> 
     </span>
    </p>
   </div>
   <div class='ocr_carea' id='block_1_88' title="bbox 1956 4010 3598 4086">
    <p class='ocr_par' dir='ltr' id='par_1_88' title="bbox 1956 4010 3598 4086">
     <span class='ocr_line' id='line_1_89' title="bbox 1956 4010 3598 4086; baseline 0.004 -18"><span class='ocrx_word' id='word_1_674' title='bbox 1956 4013 2046 4068; x_wconf 88' lang='lat' dir='ltr'><strong>est</strong></span> <span class='ocrx_word' id='word_1_675' title='bbox 2075 4010 2383 4074; x_wconf 88' lang='lat' dir='ltr'><strong>rhetorica,</strong></span> <span class='ocrx_word' id='word_1_676' title='bbox 2419 4027 2490 4064; x_wconf 89' lang='lat' dir='ltr'><strong>an</strong></span> <span class='ocrx_word' id='word_1_677' title='bbox 2525 4018 2710 4080; x_wconf 85' lang='lat' dir='ltr'><strong>partes</strong></span> <span class='ocrx_word' id='word_1_678' title='bbox 2741 4011 3000 4068; x_wconf 66' lang='lat' dir='ltr'><strong>scientiae</strong></span> <span class='ocrx_word' id='word_1_679' title='bbox 3035 4013 3235 4080; x_wconf 85' lang='lat' dir='ltr'><strong>civilis,</strong></span> <span class='ocrx_word' id='word_1_680' title='bbox 3261 4031 3408 4086; x_wconf 90' lang='lat' dir='ltr'><strong>quas</strong></span> <span class='ocrx_word' id='word_1_681' title='bbox 3429 4017 3598 4086; x_wconf 86' lang='lat' dir='ltr'><strong>dicis,</strong></span> 
     </span>
    </p>
   </div>
   <div class='ocr_carea' id='block_1_89' title="bbox 1957 4097 3598 4176">
    <p class='ocr_par' dir='ltr' id='par_1_89' title="bbox 1957 4097 3598 4176">
     <span class='ocr_line' id='line_1_90' title="bbox 1957 4097 3598 4176; baseline 0.002 -20"><span class='ocrx_word' id='word_1_682' title='bbox 1957 4100 2146 4157; x_wconf 65' lang='lat' dir='ltr'><strong>Alﬁb</strong></span> <span class='ocrx_word' id='word_1_683' title='bbox 2177 4099 2288 4154; x_wconf 91' lang='lat' dir='ltr'><strong>sub</strong></span> <span class='ocrx_word' id='word_1_684' title='bbox 2335 4097 2623 4155; x_wconf 87' lang='lat' dir='ltr'><strong>rhetorica</strong></span> <span class='ocrx_word' id='word_1_685' title='bbox 2670 4101 3082 4158; x_wconf 85' lang='lat' dir='ltr'><strong>continentur?</strong></span> <span class='ocrx_word' id='word_1_686' title='bbox 3110 4101 3256 4158; x_wconf 83' lang='lat' dir='ltr'><strong>Nam</strong></span> <span class='ocrx_word' id='word_1_687' title='bbox 3293 4103 3438 4159; x_wconf 89' lang='lat' dir='ltr'><strong>mihi</strong></span> <span class='ocrx_word' id='word_1_688' title='bbox 3469 4105 3598 4176; x_wconf 86' lang='lat' dir='ltr'><strong>qui-</strong></span> 
     </span>
    </p>
   </div>
   <div class='ocr_carea' id='block_1_90' title="bbox 1957 4189 3602 4266">
    <p class='ocr_par' dir='ltr' id='par_1_90' title="bbox 1957 4189 3602 4266">
     <span class='ocr_line' id='line_1_91' title="bbox 1957 4189 3602 4266; baseline 0.002 -20"><span class='ocrx_word' id='word_1_689' title='bbox 1957 4190 2090 4246; x_wconf 90' lang='lat' dir='ltr'><strong>dem</strong></span> <span class='ocrx_word' id='word_1_690' title='bbox 2114 4195 2173 4244; x_wconf 87' lang='lat' dir='ltr'><strong>ut</strong></span> <span class='ocrx_word' id='word_1_691' title='bbox 2194 4190 2350 4258; x_wconf 89' lang='lat' dir='ltr'><strong>[vere</strong></span> <span class='ocrx_word' id='word_1_692' title='bbox 2375 4205 2488 4244; x_wconf 90' lang='lat' dir='ltr'><strong>non</strong></span> <span class='ocrx_word' id='word_1_693' title='bbox 2511 4189 2876 4261; x_wconf 86' lang='lat' dir='ltr'><strong>rhetoricam]</strong></span> <span class='ocrx_word' id='word_1_694' title='bbox 2899 4190 2958 4245; x_wconf 92' lang='lat' dir='ltr'><strong>in</strong></span> <span class='ocrx_word' id='word_1_695' title='bbox 2981 4192 3109 4247; x_wconf 84' lang='lat' dir='ltr'><strong>istis</strong></span> <span class='ocrx_word' id='word_1_696' title='bbox 3129 4191 3356 4248; x_wconf 90' lang='lat' dir='ltr'><strong>videtur</strong></span> <span class='ocrx_word' id='word_1_697' title='bbox 3375 4194 3602 4266; x_wconf 84' lang='lat' dir='ltr'><strong>suggil-</strong></span> 
     </span>
    </p>
   </div>
   <div class='ocr_carea' id='block_1_91' title="bbox 1955 4277 3600 4350">
    <p class='ocr_par' dir='ltr' id='par_1_91' title="bbox 1955 4277 3600 4350">
     <span class='ocr_line' id='line_1_92' title="bbox 1955 4277 3600 4350; baseline 0.004 -16"><span class='ocrx_word' id='word_1_698' title='bbox 1955 4279 2096 4346; x_wconf 88' lang='lat' dir='ltr'><strong>lare,</strong></span> <span class='ocrx_word' id='word_1_699' title='bbox 2129 4295 2232 4334; x_wconf 88' lang='lat' dir='ltr'><strong>nec</strong></span> <span class='ocrx_word' id='word_1_700' title='bbox 2262 4277 2450 4334; x_wconf 88' lang='lat' dir='ltr'><strong>civilis</strong></span> <span class='ocrx_word' id='word_1_701' title='bbox 2481 4279 2662 4350; x_wconf 88' lang='lat' dir='ltr'><strong>partis</strong></span> <span class='ocrx_word' id='word_1_702' title='bbox 2683 4295 2810 4334; x_wconf 86' lang='lat' dir='ltr'><strong>eam</strong></span> <span class='ocrx_word' id='word_1_703' title='bbox 2835 4281 3214 4337; x_wconf 89' lang='lat' dir='ltr'><strong>simulacrum</strong></span> <span class='ocrx_word' id='word_1_704' title='bbox 3248 4299 3372 4339; x_wconf 88' lang='lat' dir='ltr'><strong>esse</strong></span> <span class='ocrx_word' id='word_1_705' title='bbox 3403 4290 3600 4340; x_wconf 87' lang='lat' dir='ltr'><strong>osten-</strong></span> 
     </span>
    </p>
   </div>
   <div class='ocr_carea' id='block_1_92' title="bbox 1956 4369 3596 4444">
    <p class='ocr_par' dir='ltr' id='par_1_92' title="bbox 1956 4369 3596 4444">
     <span class='ocr_line' id='line_1_93' title="bbox 1956 4369 3596 4444; baseline 0.001 -18"><span class='ocrx_word' id='word_1_706' title='bbox 1956 4371 2112 4437; x_wconf 90' lang='lat' dir='ltr'><strong>dere,</strong></span> <span class='ocrx_word' id='word_1_707' title='bbox 2145 4384 2344 4424; x_wconf 89' lang='lat' dir='ltr'><strong>verum</strong></span> <span class='ocrx_word' id='word_1_708' title='bbox 2393 4369 2564 4440; x_wconf 86' lang='lat' dir='ltr'><strong>quasi</strong></span> <span class='ocrx_word' id='word_1_709' title='bbox 2611 4369 2915 4425; x_wconf 61' lang='lat' dir='ltr'><strong>rhetoricis</strong></span> <span class='ocrx_word' id='word_1_710' title='bbox 2944 4371 3321 4428; x_wconf 86' lang='lat' dir='ltr'><strong>simulacrum</strong></span> <span class='ocrx_word' id='word_1_711' title='bbox 3361 4373 3596 4444; x_wconf 85' lang='lat' dir='ltr'><strong>aliquod</strong></span> 
     </span>
    </p>
   </div>
   <div class='ocr_carea' id='block_1_93' title="bbox 1955 4457 3598 4534">
    <p class='ocr_par' dir='ltr' id='par_1_93' title="bbox 1955 4457 3598 4534">
     <span class='ocr_line' id='line_1_94' title="bbox 1955 4457 3598 4534; baseline 0.002 -19"><span class='ocrx_word' id='word_1_712' title='bbox 1955 4458 2328 4530; x_wconf 88' lang='lat' dir='ltr'><strong>sumpsisset,</strong></span> <span class='ocrx_word' id='word_1_713' title='bbox 2357 4457 2418 4512; x_wconf 89' lang='lat' dir='ltr'><strong>in</strong></span> <span class='ocrx_word' id='word_1_714' title='bbox 2450 4473 2516 4513; x_wconf 89' lang='lat' dir='ltr'><strong>eo</strong></span> <span class='ocrx_word' id='word_1_715' title='bbox 2543 4459 2806 4515; x_wconf 89' lang='lat' dir='ltr'><strong>studium</strong></span> <span class='ocrx_word' id='word_1_716' title='bbox 2828 4475 3000 4516; x_wconf 91' lang='lat' dir='ltr'><strong>omne</strong></span> <span class='ocrx_word' id='word_1_717' title='bbox 3023 4477 3256 4532; x_wconf 87' lang='lat' dir='ltr'><strong>ponere,</strong></span> <span class='ocrx_word' id='word_1_718' title='bbox 3283 4478 3386 4518; x_wconf 90' lang='lat' dir='ltr'><strong>nec</strong></span> <span class='ocrx_word' id='word_1_719' title='bbox 3407 4463 3598 4534; x_wconf 88' lang='lat' dir='ltr'><strong>ipsam</strong></span> 
     </span>
    </p>
   </div>
   <div class='ocr_carea' id='block_1_94' title="bbox 201 4536 1842 4633">
    <p class='ocr_par' dir='ltr' id='par_1_94' title="bbox 201 4536 1840 4633">
     <span class='ocr_line' id='line_1_95' title="bbox 201 4536 1840 4633; baseline -0.004 -21"><span class='ocrx_word' id='word_1_720' title='bbox 201 4536 462 4633; x_wconf 61' lang='grc' dir='ltr'><strong>τραίνεται,</strong></span> <span class='ocrx_word' id='word_1_721' title='bbox 496 4551 618 4609; x_wconf 76' lang='grc' dir='ltr'><strong>οὐδὲ</strong></span> <span class='ocrx_word' id='word_1_722' title='bbox 665 4550 959 4618; x_wconf 84' lang='grc' dir='ltr'><strong>πολιτικῆς</strong></span> <span class='ocrx_word' id='word_1_723' title='bbox 1020 4549 1215 4621; x_wconf 72' lang='grc' dir='ltr'><strong>μορίου</strong></span> <span class='ocrx_word' id='word_1_724' title='bbox 1268 4545 1498 4603; x_wconf 67' lang='grc' dir='ltr'><strong>εἴδωλον</strong></span> <span class='ocrx_word' id='word_1_725' title='bbox 1551 4545 1840 4607; x_wconf 83' lang='grc' dir='ltr'><strong>δεικνύναι.</strong></span> 
     </span>
    </p>
   </div>
   <div class='ocr_carea' id='block_1_95' title="bbox 1952 4536 3080 4633">
    <p class='ocr_par' dir='ltr' id='par_1_95' title="bbox 1952 4549 3080 4622">
     <span class='ocr_line' id='line_1_96' title="bbox 1952 4549 3080 4622; baseline 0.001 -16"><span class='ocrx_word' id='word_1_726' title='bbox 1952 4551 2257 4622; x_wconf 89' lang='lat' dir='ltr'><strong>attingere,</strong></span> <span class='ocrx_word' id='word_1_727' title='bbox 2289 4549 2448 4604; x_wconf 88' lang='lat' dir='ltr'><strong>velut</strong></span> <span class='ocrx_word' id='word_1_728' title='bbox 2477 4549 2794 4606; x_wconf 85' lang='lat' dir='ltr'><strong>Stesichori</strong></span> <span class='ocrx_word' id='word_1_729' title='bbox 2826 4551 3080 4622; x_wconf 89' lang='lat' dir='ltr'><strong>Trojani.</strong></span> 
     </span>
    </p>
   </div>
   <div class='ocr_carea' id='block_1_96' title="bbox 200 4633 3600 4718">
    <p class='ocr_par' dir='ltr' id='par_1_96' title="bbox 200 4633 3600 4718">
     <span class='ocr_line' id='line_1_97' title="bbox 200 4633 3600 4718; baseline -0.006 -16"><span class='ocrx_word' id='word_1_730' title='bbox 200 4644 328 4702; x_wconf 88' lang='grc' dir='ltr'><strong>ἀλλ’</strong></span> <span class='ocrx_word' id='word_1_731' title='bbox 357 4644 532 4705; x_wconf 80' lang='grc' dir='ltr'><strong>οὕτως</strong></span> <span class='ocrx_word' id='word_1_732' title='bbox 571 4641 752 4716; x_wconf 81' lang='grc' dir='ltr'><strong>ὥσπερ</strong></span> <span class='ocrx_word' id='word_1_733' title='bbox 807 4635 1039 4694; x_wconf 79' lang='grc' dir='ltr'><strong>εἷ’δωλον</strong></span> <span class='ocrx_word' id='word_1_734' title='bbox 1070 4638 1368 4712; x_wconf 82' lang='grc' dir='ltr'><strong>ῥητορικῆς</strong></span> <span class='ocrx_word' id='word_1_735' title='bbox 1427 4635 1748 4716; x_wconf 78' lang='grc' dir='ltr'><strong>ἀπειληφὼς</strong></span> <span class='ocrx_word' id='word_1_736' title='bbox 1777 4640 1824 4676; x_wconf 79' lang='lat'><strong>39</strong></span> <span class='ocrx_word' id='word_1_737' title='bbox 1863 4637 1950 4694; x_wconf 74' lang='grc' dir='ltr'><strong>ἐπὶ</strong></span> <span class='ocrx_word' id='word_1_738' title='bbox 1989 4639 2170 4711; x_wconf 66' lang='grc' dir='ltr'><strong>τούτῳ</strong></span> <span class='ocrx_word' id='word_1_739' title='bbox 2219 4633 2562 4708; x_wconf 80' lang='grc' dir='ltr'><strong>σπουδάζειν,</strong></span> <span class='ocrx_word' id='word_1_740' title='bbox 2595 4638 2766 4708; x_wconf 81' lang='grc' dir='ltr'><strong>αὐτῆς</strong></span> <span class='ocrx_word' id='word_1_741' title='bbox 2819 4635 2876 4694; x_wconf 82' lang='grc' dir='ltr'><strong>δὲ</strong></span> <span class='ocrx_word' id='word_1_742' title='bbox 2917 4636 3034 4694; x_wconf 78' lang='grc' dir='ltr'><strong>οὐδ’</strong></span> <span class='ocrx_word' id='word_1_743' title='bbox 3085 4640 3368 4714; x_wconf 66' lang='grc' dir='ltr'><strong>ἅπτεσθαι,</strong></span> <span class='ocrx_word' id='word_1_744' title='bbox 3419 4639 3600 4718; x_wconf 76' lang='grc' dir='ltr'><strong>ὥσπερ</strong></span> 
     </span>
    </p>
   </div>
   <div class='ocr_carea' id='block_1_97' title="bbox 203 4730 1036 4811">
    <p class='ocr_par' dir='ltr' id='par_1_97' title="bbox 203 4730 1036 4811">
     <span class='ocr_line' id='line_1_98' title="bbox 203 4730 1036 4811; baseline -0.013 -18"><span class='ocrx_word' id='word_1_745' title='bbox 203 4737 256 4793; x_wconf 70' lang='grc' dir='ltr'><strong>οἱ</strong></span> <span class='ocrx_word' id='word_1_746' title='bbox 289 4733 631 4811; x_wconf 82' lang='grc' dir='ltr'><strong>Στησιχόρου</strong></span> <span class='ocrx_word' id='word_1_747' title='bbox 657 4735 858 4806; x_wconf 77' lang='grc' dir='ltr'><strong>Τρῶες,</strong></span> <span class='ocrx_word' id='word_1_748' title='bbox 893 4730 946 4784; x_wconf 85' lang='lat' dir='ltr'><strong>o&#39;t</strong></span> <span class='ocrx_word' id='word_1_749' title='bbox 973 4731 1036 4783; x_wconf 84' lang='grc' dir='ltr'><strong>τὸ</strong></span> 
     </span>
    </p>
   </div>
   <div class='ocr_carea' id='block_1_98' title="bbox 513 4816 1528 4894">
    <p class='ocr_par' dir='ltr' id='par_1_98' title="bbox 513 4816 1528 4894">
     <span class='ocr_line' id='line_1_99' title="bbox 513 4816 1528 4894; baseline -0.009 -12"><span class='ocrx_word' id='word_1_750' title='bbox 650 4825 758 4891; x_wconf 85' lang='grc' dir='ltr'><strong>Τῆς</strong></span> <span class='ocrx_word' id='word_1_751' title='bbox 791 4819 1012 4890; x_wconf 80' lang='grc' dir='ltr'><strong>Ἑλένης</strong></span> <span class='ocrx_word' id='word_1_752' title='bbox 1043 4816 1275 4874; x_wconf 79' lang='grc' dir='ltr'><strong>εἴδωλον</strong></span> <span class='ocrx_word' id='word_1_753' title='bbox 1303 4816 1528 4894; x_wconf 83' lang='grc' dir='ltr'><strong>ἔχοντες</strong></span> 
     </span>
    </p>
   </div>
   <div class='ocr_carea' id='block_1_99' title="bbox 202 4905 1846 4988">
    <p class='ocr_par' dir='ltr' id='par_1_99' title="bbox 202 4905 1846 4988">
     <span class='ocr_line' id='line_1_100' title="bbox 202 4905 1846 4988; baseline -0.004 -18"><span class='ocrx_word' id='word_1_754' title='bbox 202 4915 276 4977; x_wconf 82' lang='grc' dir='ltr'><strong>ὡς</strong></span> <span class='ocrx_word' id='word_1_755' title='bbox 305 4913 494 4983; x_wconf 74' lang='grc' dir='ltr'><strong>αὐτήν.</strong></span> <span class='ocrx_word' id='word_1_756' title='bbox 530 4911 784 4988; x_wconf 79' lang='grc' dir='ltr'><strong>Διαφὲροι</strong></span> <span class='ocrx_word' id='word_1_757' title='bbox 833 4908 880 4964; x_wconf 86' lang='grc' dir='ltr'><strong>δ’</strong></span> <span class='ocrx_word' id='word_1_758' title='bbox 912 4905 972 4963; x_wconf 81' lang='grc' dir='ltr'><strong>ἃν</strong></span> <span class='ocrx_word' id='word_1_759' title='bbox 1020 4912 1301 4977; x_wconf 85' lang='grc' dir='ltr'><strong>τοσοῦτον,</strong></span> <span class='ocrx_word' id='word_1_760' title='bbox 1335 4907 1420 4962; x_wconf 79' lang='grc' dir='ltr'><strong>ὅτι</strong></span> <span class='ocrx_word' id='word_1_761' title='bbox 1467 4905 1621 4964; x_wconf 74' lang='grc' dir='ltr'><strong>οὐδὲν</strong></span> <span class='ocrx_word' id='word_1_762' title='bbox 1651 4909 1846 4982; x_wconf 75' lang='grc' dir='ltr'><strong>ὅμοιον</strong></span> 
     </span>
    </p>
   </div>
   <div class='ocr_carea' id='block_1_100' title="bbox 201 4995 1842 5078">
    <p class='ocr_par' dir='ltr' id='par_1_100' title="bbox 201 4995 1842 5078">
     <span class='ocr_line' id='line_1_101' title="bbox 201 4995 1842 5078; baseline -0.005 -18"><span class='ocrx_word' id='word_1_763' title='bbox 201 5007 269 5077; x_wconf 80' lang='grc' dir='ltr'><strong>τῇ</strong></span> <span class='ocrx_word' id='word_1_764' title='bbox 299 5003 564 5078; x_wconf 80' lang='grc' dir='ltr'><strong>ῥητορικῇ</strong></span> <span class='ocrx_word' id='word_1_765' title='bbox 589 5001 650 5055; x_wconf 86' lang='grc' dir='ltr'><strong>τὸ</strong></span> <span class='ocrx_word' id='word_1_766' title='bbox 675 4996 910 5054; x_wconf 78' lang='grc' dir='ltr'><strong>εἷ’δωλον</strong></span> <span class='ocrx_word' id='word_1_767' title='bbox 929 4997 1206 5054; x_wconf 54' lang='grc' dir='ltr'><strong>’νὶοὺκοῦν</strong></span> <span class='ocrx_word' id='word_1_768' title='bbox 1233 4999 1274 5036; x_wconf 72' lang='grc'><strong>⁴¹</strong></span> <span class='ocrx_word' id='word_1_769' title='bbox 1301 4996 1463 5052; x_wconf 85' lang='grc' dir='ltr'><strong>ὁπότε</strong></span> <span class='ocrx_word' id='word_1_770' title='bbox 1488 4998 1612 5070; x_wconf 76' lang='grc' dir='ltr'><strong>μήτ’</strong></span> <span class='ocrx_word' id='word_1_771' title='bbox 1638 4995 1842 5053; x_wconf 83' lang='grc' dir='ltr'><strong>ἀδικεῖν</strong></span> 
     </span>
    </p>
   </div>
   <div class='ocr_carea' id='block_1_101' title="bbox 2385 4822 3340 4888">
    <p class='ocr_par' dir='ltr' id='par_1_101' title="bbox 2385 4822 3340 4888">
     <span class='ocr_line' id='line_1_102' title="bbox 2385 4822 3340 4888; baseline 0.004 -12"><span class='ocrx_word' id='word_1_772' title='bbox 2499 4822 2716 4878; x_wconf 74' lang='lat' dir='ltr'><strong>Helena:</strong></span> <span class='ocrx_word' id='word_1_773' title='bbox 2745 4823 3046 4880; x_wconf 77' lang='lat' dir='ltr'><strong>simulacra</strong></span> <span class='ocrx_word' id='word_1_774' title='bbox 3075 4829 3340 4888; x_wconf 74' lang='lat' dir='ltr'><strong>tenentes,</strong></span> 
     </span>
    </p>
   </div>
   <div class='ocr_carea' id='block_1_102' title="bbox 1954 4911 3605 4983">
    <p class='ocr_par' dir='ltr' id='par_1_102' title="bbox 1954 4911 3605 4983">
     <span class='ocr_line' id='line_1_103' title="bbox 1954 4911 3605 4983; baseline -0.001 -15"><span class='ocrx_word' id='word_1_775' title='bbox 1954 4911 2124 4983; x_wconf 87' lang='lat' dir='ltr'><strong>quasi</strong></span> <span class='ocrx_word' id='word_1_776' title='bbox 2153 4911 2345 4983; x_wconf 89' lang='lat' dir='ltr'><strong>ipsam</strong></span> <span class='ocrx_word' id='word_1_777' title='bbox 2391 4911 2690 4968; x_wconf 88' lang='lat' dir='ltr'><strong>haberent.</strong></span> <span class='ocrx_word' id='word_1_778' title='bbox 2738 4913 2990 4969; x_wconf 86' lang='lat' dir='ltr'><strong>Tantum</strong></span> <span class='ocrx_word' id='word_1_779' title='bbox 3033 4921 3224 4970; x_wconf 86' lang='lat' dir='ltr'><strong>tamen</strong></span> <span class='ocrx_word' id='word_1_780' title='bbox 3258 4914 3369 4970; x_wconf 88' lang='lat' dir='ltr'><strong>erit</strong></span> <span class='ocrx_word' id='word_1_781' title='bbox 3398 4913 3605 4970; x_wconf 85' lang='lat' dir='ltr'><strong>discri-</strong></span> 
     </span>
    </p>
   </div>
   <div class='ocr_carea' id='block_1_103' title="bbox 1955 5000 3602 5072">
    <p class='ocr_par' dir='ltr' id='par_1_103' title="bbox 1955 5000 3602 5072">
     <span class='ocr_line' id='line_1_104' title="bbox 1955 5000 3602 5072; baseline 0.001 -16"><span class='ocrx_word' id='word_1_782' title='bbox 1955 5001 2152 5067; x_wconf 89' lang='lat' dir='ltr'><strong>minis,</strong></span> <span class='ocrx_word' id='word_1_783' title='bbox 2181 5000 2338 5072; x_wconf 89' lang='lat' dir='ltr'><strong>quod</strong></span> <span class='ocrx_word' id='word_1_784' title='bbox 2387 5008 2473 5057; x_wconf 86' lang='lat' dir='ltr'><strong>est</strong></span> <span class='ocrx_word' id='word_1_785' title='bbox 2520 5000 2817 5058; x_wconf 66' lang='lat' dir='ltr'><strong>rhetorica:</strong></span> <span class='ocrx_word' id='word_1_786' title='bbox 2866 5001 3156 5059; x_wconf 88' lang='lat' dir='ltr'><strong>dissimile</strong></span> <span class='ocrx_word' id='word_1_787' title='bbox 3193 5003 3602 5059; x_wconf 87' lang='lat' dir='ltr'><strong>simulacrum.</strong></span> 
     </span>
    </p>
   </div>
   <div class='ocr_carea' id='block_1_104' title="bbox 1547 5143 2238 5202">
    <p class='ocr_par' dir='ltr' id='par_1_104' title="bbox 1547 5143 2238 5202">
     <span class='ocr_line' id='line_1_105' title="bbox 1547 5143 2238 5202; baseline 0.003 -5"><span class='ocrx_word' id='word_1_788' title='bbox 1547 5144 1780 5200; x_wconf 79' lang='lat' dir='ltr'><strong>VARle</strong></span> <span class='ocrx_word' id='word_1_789' title='bbox 1822 5143 2238 5202; x_wconf 86' lang='lat' dir='ltr'><strong>LECTIONES.</strong></span> 
     </span>
    </p>
   </div>
   <div class='ocr_carea' id='block_1_105' title="bbox 276 5285 1198 5400">
    <p class='ocr_par' dir='ltr' id='par_1_105' title="bbox 276 5285 1198 5400">
     <span class='ocr_line' id='line_1_106' title="bbox 276 5285 1198 5400; baseline 0 0"><span class='ocrx_word' id='word_1_790' title='bbox 276 5287 502 5400; x_wconf 59' lang='grc' dir='ltr'><strong>ἷζέἎέ</strong></span> <span class='ocrx_word' id='word_1_791' title='bbox 535 5287 642 5400; x_wconf 57' lang='grc' dir='ltr'><strong>Ἆδδ</strong></span> <span class='ocrx_word' id='word_1_792' title='bbox 671 5287 754 5400; x_wconf 65' lang='grc' dir='ltr'><strong>ῗιο</strong></span> <span class='ocrx_word' id='word_1_793' title='bbox 769 5285 1098 5400; x_wconf 47' lang='lat' dir='ltr'><strong>“liii”;</strong></span> <span class='ocrx_word' id='word_1_794' title='bbox 1129 5291 1198 5400; x_wconf 47' lang='lat' dir='ltr'><strong>te</strong></span> 
     </span>
    </p>
   </div>
   <div class='ocr_carea' id='block_1_106' title="bbox 207 5365 736 5493">
    <p class='ocr_par' dir='ltr' id='par_1_106' title="bbox 207 5365 736 5493">
     <span class='ocr_line' id='line_1_107' title="bbox 207 5365 736 5424; baseline -0.002 -2"><span class='ocrx_word' id='word_1_795' title='bbox 207 5369 248 5406; x_wconf 79' lang='grc'><strong>²¹</strong></span> <span class='ocrx_word' id='word_1_796' title='bbox 280 5367 366 5422; x_wconf 80' lang='grc' dir='ltr'><strong>οὗν</strong></span> <span class='ocrx_word' id='word_1_797' title='bbox 397 5383 514 5424; x_wconf 90' lang='lat' dir='ltr'><strong>om.</strong></span> <span class='ocrx_word' id='word_1_798' title='bbox 545 5367 610 5422; x_wconf 82' lang='grc' dir='ltr'><strong>Α.</strong></span> <span class='ocrx_word' id='word_1_799' title='bbox 687 5365 736 5400; x_wconf 75' lang='grc'><strong>¹²</strong></span> 
     </span>
     <span class='ocr_line' id='line_1_108' title="bbox 207 5436 730 5493; baseline 0 0"><span class='ocrx_word' id='word_1_800' title='bbox 207 5441 251 5478; x_wconf 76' lang='grc'><strong>³⁸</strong></span> <span class='ocrx_word' id='word_1_801' title='bbox 273 5459 333 5493; x_wconf 75' lang='grc' dir='ltr'><strong>γε</strong></span> <span class='ocrx_word' id='word_1_802' title='bbox 361 5456 478 5493; x_wconf 89' lang='lat' dir='ltr'><strong>om.</strong></span> <span class='ocrx_word' id='word_1_803' title='bbox 514 5439 582 5493; x_wconf 84' lang='grc' dir='ltr'><strong>Α.</strong></span> <span class='ocrx_word' id='word_1_804' title='bbox 684 5436 730 5470; x_wconf 83' lang='grc'><strong>²⁹</strong></span> 
     </span>
    </p>
   </div>
   <div class='ocr_carea' id='block_1_107' title="bbox 201 5443 870 5566">
    <p class='ocr_par' dir='ltr' id='par_1_107' title="bbox 201 5443 870 5566">
     <span class='ocr_line' id='line_1_109' title="bbox 203 5443 864 5515; baseline -0.009 -21"><span class='ocrx_word' id='word_1_805' title='bbox 203 5443 251 5478; x_wconf 76' lang='grc'><strong>³⁸</strong></span> <span class='ocrx_word' id='word_1_806' title='bbox 273 5459 333 5515; x_wconf 84' lang='grc' dir='ltr'><strong>γε</strong></span> <span class='ocrx_word' id='word_1_807' title='bbox 361 5456 478 5496; x_wconf 88' lang='lat' dir='ltr'><strong>om.</strong></span> <span class='ocrx_word' id='word_1_808' title='bbox 514 5443 582 5494; x_wconf 83' lang='lat' dir='ltr'><strong>A.</strong></span> <span class='ocrx_word' id='word_1_809' title='bbox 684 5443 730 5470; x_wconf 80' lang='lat'><strong>”</strong></span> <span class='ocrx_word' id='word_1_810' title='bbox 759 5443 864 5508; x_wconf 85' lang='grc' dir='ltr'><strong>πρὸ</strong></span> 
     </span>
     <span class='ocr_line' id='line_1_110' title="bbox 201 5509 870 5566; baseline -0.009 0"><span class='ocrx_word' id='word_1_811' title='bbox 201 5511 244 5550; x_wconf 72' lang='grc'><strong>³⁸</strong></span> <span class='ocrx_word' id='word_1_812' title='bbox 297 5509 561 5566; x_wconf 80' lang='grc' dir='ltr'><strong>κάνταῦθα</strong></span> <span class='ocrx_word' id='word_1_813' title='bbox 615 5525 733 5564; x_wconf 89' lang='lat' dir='ltr'><strong>om.</strong></span> <span class='ocrx_word' id='word_1_814' title='bbox 803 5513 870 5560; x_wconf 85' lang='lat' dir='ltr'><strong>A.</strong></span> 
     </span>
    </p>
   </div>
   <div class='ocr_carea' id='block_1_108' title="bbox 216 5573 1697 5670">
    <p class='ocr_par' dir='ltr' id='par_1_108' title="bbox 216 5573 1697 5670">
     <span class='ocr_line' id='line_1_111' title="bbox 216 5573 1697 5666; baseline -0.005 -28"><span class='ocrx_word' id='word_1_815' title='bbox 216 5587 237 5622; x_wconf 78' lang='grc'><strong>⁵</strong></span> <span class='ocrx_word' id='word_1_816' title='bbox 264 5583 460 5654; x_wconf 79' lang='grc' dir='ltr'><strong>ταύτην</strong></span> <span class='ocrx_word' id='word_1_817' title='bbox 684 5579 730 5615; x_wconf 74' lang='grc'><strong>³⁵</strong></span> <span class='ocrx_word' id='word_1_818' title='bbox 761 5575 956 5647; x_wconf 75' lang='grc' dir='ltr'><strong>ἐδεήθη</strong></span> <span class='ocrx_word' id='word_1_819' title='bbox 987 5577 1052 5632; x_wconf 81' lang='grc' dir='ltr'><strong>Α.</strong></span> <span class='ocrx_word' id='word_1_820' title='bbox 1157 5573 1202 5608; x_wconf 83' lang='grc'><strong>³⁷</strong></span> <span class='ocrx_word' id='word_1_821' title='bbox 1233 5573 1486 5648; x_wconf 86' lang='grc' dir='ltr'><strong>πότερον]</strong></span> <span class='ocrx_word' id='word_1_822' title='bbox 1523 5591 1572 5642; x_wconf 88' lang='lat' dir='ltr'><strong>p.</strong></span> <span class='ocrx_word' id='word_1_823' title='bbox 1607 5576 1697 5630; x_wconf 84' lang='lat'><strong>9|.</strong></span> 
     </span>
     <span class='ocr_line' id='line_1_112' title="bbox 221 5645 1538 5670; baseline 0 0"><span class='ocrx_word' id='word_1_824' title='bbox 221 5653 269 5670; x_wconf 56' lang='lat' dir='ltr'><strong>an</strong></span> <span class='ocrx_word' id='word_1_825' title='bbox 323 5653 343 5670; x_wconf 54' lang='grc' dir='ltr'>ἱ</span> <span class='ocrx_word' id='word_1_826' title='bbox 495 5661 498 5665; x_wconf 91' lang='lat'><strong><em>-</em></strong></span> <span class='ocrx_word' id='word_1_827' title='bbox 572 5651 585 5670; x_wconf 76' lang='grc' dir='ltr'><strong>ο</strong></span> <span class='ocrx_word' id='word_1_828' title='bbox 797 5652 824 5663; x_wconf 67' lang='grc'><strong>⁸*</strong></span> <span class='ocrx_word' id='word_1_829' title='bbox 879 5655 896 5670; x_wconf 73' lang='grc' dir='ltr'><strong>Α</strong></span> <span class='ocrx_word' id='word_1_830' title='bbox 1012 5649 1051 5670; x_wconf 74' lang='grc' dir='ltr'><em>υ</em></span> <span class='ocrx_word' id='word_1_831' title='bbox 1093 5645 1312 5670; x_wconf 52' lang='grc' dir='ltr'><strong>,1---ΪῌἹ</strong></span> <span class='ocrx_word' id='word_1_832' title='bbox 1343 5664 1375 5670; x_wconf 76' lang='lat'><strong><em>_</em></strong></span> <span class='ocrx_word' id='word_1_833' title='bbox 1437 5647 1538 5670; x_wconf 67' lang='lat' dir='ltr'><strong>An!)</strong></span> 
     </span>
    </p>
   </div>
   <div class='ocr_carea' id='block_1_109' title="bbox 221 5645 1559 5728">
    <p class='ocr_par' dir='ltr' id='par_1_109' title="bbox 221 5645 1559 5728">
     <span class='ocr_line' id='line_1_113' title="bbox 221 5645 1559 5728; baseline -0.007 -16"><span class='ocrx_word' id='word_1_834' title='bbox 221 5645 430 5712; x_wconf 74' lang='grc' dir='ltr'><strong>ἴδωλον</strong></span> <span class='ocrx_word' id='word_1_835' title='bbox 457 5645 536 5728; x_wconf 58' lang='grc' dir='ltr'><strong>τῇ</strong></span> <span class='ocrx_word' id='word_1_836' title='bbox 561 5651 829 5726; x_wconf 84' lang='grc' dir='ltr'><strong>ῥητορικῇ</strong></span> <span class='ocrx_word' id='word_1_837' title='bbox 863 5645 952 5708; x_wconf 63' lang='grc' dir='ltr'><strong>Δ.</strong></span> <span class='ocrx_word' id='word_1_838' title='bbox 1011 5649 1054 5684; x_wconf 75' lang='grc'><strong>⁴¹</strong></span> <span class='ocrx_word' id='word_1_839' title='bbox 1090 5645 1312 5718; x_wconf 80' lang='grc' dir='ltr'><strong>οὐκοῦν]</strong></span> <span class='ocrx_word' id='word_1_840' title='bbox 1437 5645 1559 5702; x_wconf 83' lang='grc'><strong>103.</strong></span> 
     </span>
    </p>
   </div>
   <div class='ocr_carea' id='block_1_110' title="bbox 1289 5283 2230 5361">
    <p class='ocr_par' dir='ltr' id='par_1_110' title="bbox 1289 5283 2230 5361">
     <span class='ocr_line' id='line_1_114' title="bbox 1289 5283 2230 5361; baseline 0.017 -8"><span class='ocrx_word' id='word_1_841' title='bbox 1289 5283 1518 5361; x_wconf 44' lang='lat' dir='ltr'><strong>“sua</strong></span> <span class='ocrx_word' id='word_1_842' title='bbox 1546 5289 1627 5356; x_wconf 72' lang='grc' dir='ltr'><strong>τῷ</strong></span> <span class='ocrx_word' id='word_1_843' title='bbox 1657 5315 1728 5361; x_wconf 64' lang='lat'><strong>-,-</strong></span> <span class='ocrx_word' id='word_1_844' title='bbox 1769 5284 1996 5361; x_wconf 63' lang='grc' dir='ltr'><strong>μεγέθει.</strong></span> <span class='ocrx_word' id='word_1_845' title='bbox 2016 5302 2132 5342; x_wconf 78' lang='grc' dir='ltr'><strong>οω·</strong></span> <span class='ocrx_word' id='word_1_846' title='bbox 2165 5289 2230 5361; x_wconf 73' lang='grc' dir='ltr'><strong>Ατ</strong></span> 
     </span>
    </p>
   </div>
   <div class='ocr_carea' id='block_1_111' title="bbox 769 5355 2679 5443">
    <p class='ocr_par' dir='ltr' id='par_1_111' title="bbox 769 5355 2679 5443">
     <span class='ocr_line' id='line_1_115' title="bbox 769 5355 2679 5443; baseline -0.001 -27"><span class='ocrx_word' id='word_1_847' title='bbox 769 5355 1045 5443; x_wconf 61' lang='grc' dir='ltr'><strong>φαίνεταιΙ</strong></span> <span class='ocrx_word' id='word_1_848' title='bbox 1067 5379 1120 5432; x_wconf 90' lang='lat' dir='ltr'><strong>p.</strong></span> <span class='ocrx_word' id='word_1_849' title='bbox 1151 5361 1242 5443; x_wconf 72' lang='lat'><strong>§5.</strong></span> <span class='ocrx_word' id='word_1_850' title='bbox 1320 5355 1612 5443; x_wconf 32' lang='lat' dir='ltr'><strong>&quot;cfpomi</strong></span> <span class='ocrx_word' id='word_1_851' title='bbox 1645 5360 1721 5443; x_wconf 37' lang='grc' dir='ltr'><strong>Α..</strong></span> <span class='ocrx_word' id='word_1_852' title='bbox 1771 5355 1914 5443; x_wconf 58' lang='grc' dir='ltr'><strong>’ξ⁶·’²ῗ</strong></span> <span class='ocrx_word' id='word_1_853' title='bbox 1941 5355 2094 5443; x_wconf 69' lang='grc' dir='ltr'><strong>εἴπερ</strong></span> <span class='ocrx_word' id='word_1_854' title='bbox 2120 5389 2188 5443; x_wconf 47' lang='grc' dir='ltr'><strong>-Σ-</strong></span> <span class='ocrx_word' id='word_1_855' title='bbox 2219 5357 2437 5443; x_wconf 51' lang='grc' dir='ltr'><strong>θεωρεξίν</strong></span> <span class='ocrx_word' id='word_1_856' title='bbox 2466 5376 2582 5443; x_wconf 63' lang='lat' dir='ltr'><strong>om.</strong></span> <span class='ocrx_word' id='word_1_857' title='bbox 2613 5363 2679 5443; x_wconf 59' lang='grc' dir='ltr'><strong>ΑἸ</strong></span> 
     </span>
    </p>
   </div>
   <div class='ocr_carea' id='block_1_112' title="bbox 684 5425 2912 5508">
    <p class='ocr_par' dir='ltr' id='par_1_112' title="bbox 684 5425 2912 5508">
     <span class='ocr_line' id='line_1_116' title="bbox 684 5425 2912 5508; baseline -0.002 -20"><span class='ocrx_word' id='word_1_858' title='bbox 684 5436 730 5470; x_wconf 84' lang='grc'><strong>²⁹</strong></span> <span class='ocrx_word' id='word_1_859' title='bbox 759 5425 893 5508; x_wconf 79' lang='grc' dir='ltr'><strong>πρὸς</strong></span> <span class='ocrx_word' id='word_1_860' title='bbox 926 5425 1245 5508; x_wconf 40' lang='lat' dir='ltr'><strong>adio-30610</strong></span> <span class='ocrx_word' id='word_1_861' title='bbox 1283 5425 1633 5508; x_wconf 48' lang='grc' dir='ltr'><strong>πειξυκόταςλ</strong></span> <span class='ocrx_word' id='word_1_862' title='bbox 1660 5428 1762 5496; x_wconf 79' lang='grc' dir='ltr'><strong>τὴν</strong></span> <span class='ocrx_word' id='word_1_863' title='bbox 1803 5425 2021 5482; x_wconf 83' lang='grc' dir='ltr'><strong>ἐκείνων</strong></span> <span class='ocrx_word' id='word_1_864' title='bbox 2047 5425 2408 5508; x_wconf 28' lang='grc' dir='ltr'><strong>Δἶσότηίτοιῌῖισῆ</strong></span> <span class='ocrx_word' id='word_1_865' title='bbox 2455 5429 2821 5508; x_wconf 70' lang='grc' dir='ltr'><strong>αἱρουμένους</strong></span> <span class='ocrx_word' id='word_1_866' title='bbox 2848 5435 2912 5487; x_wconf 89' lang='grc' dir='ltr'><strong>Α.</strong></span> 
     </span>
    </p>
   </div>
   <div class='ocr_carea' id='block_1_113' title="bbox 976 5499 2096 5592">
    <p class='ocr_par' dir='ltr' id='par_1_113' title="bbox 976 5499 2096 5592">
     <span class='ocr_line' id='line_1_117' title="bbox 976 5499 2096 5592; baseline -0.003 -34"><span class='ocrx_word' id='word_1_867' title='bbox 976 5503 1024 5540; x_wconf 76' lang='grc'><strong>³²</strong></span> <span class='ocrx_word' id='word_1_868' title='bbox 1053 5502 1152 5572; x_wconf 72' lang='grc' dir='ltr'><strong>τὴν</strong></span> <span class='ocrx_word' id='word_1_869' title='bbox 1181 5499 1416 5592; x_wconf 44' lang='grc' dir='ltr'><strong>Ἰνομοθ.</strong></span> <span class='ocrx_word' id='word_1_870' title='bbox 1469 5501 1565 5592; x_wconf 58' lang='grc' dir='ltr'><strong>καὶ</strong></span> <span class='ocrx_word' id='word_1_871' title='bbox 1596 5499 1858 5592; x_wconf 45' lang='lat' dir='ltr'><strong>dixem,”</strong></span> <span class='ocrx_word' id='word_1_872' title='bbox 1880 5517 1998 5586; x_wconf 71' lang='lat' dir='ltr'><strong>om.</strong></span> <span class='ocrx_word' id='word_1_873' title='bbox 2031 5503 2096 5558; x_wconf 86' lang='lat' dir='ltr'><strong>A.</strong></span> 
     </span>
     <span class='ocr_line' id='line_1_118' title="bbox 1001 5573 2088 5592; baseline 0 0"><span class='ocrx_word' id='word_1_874' title='bbox 1001 5577 1016 5592; x_wconf 87' lang='lat'><strong>.</strong></span> <span class='ocrx_word' id='word_1_875' title='bbox 1157 5575 1176 5592; x_wconf 86' lang='lat'><strong>.</strong></span> <span class='ocrx_word' id='word_1_876' title='bbox 1536 5591 1543 5592; x_wconf 62' lang='lat'><strong><em>,</em></strong></span> <span class='ocrx_word' id='word_1_877' title='bbox 1607 5576 1664 5592; x_wconf 69' lang='grc' dir='ltr'><strong>η.</strong></span> <span class='ocrx_word' id='word_1_878' title='bbox 1902 5591 1909 5592; x_wconf 62' lang='lat'><strong><em>,</em></strong></span> <span class='ocrx_word' id='word_1_879' title='bbox 1976 5573 2014 5592; x_wconf 65' lang='lat'><strong>,-</strong></span> <span class='ocrx_word' id='word_1_880' title='bbox 2075 5579 2088 5592; x_wconf 84' lang='grc'><strong>.</strong></span> 
     </span>
    </p>
   </div>
   <div class='ocr_carea' id='block_1_114' title="bbox 1809 5569 2446 5646">
    <p class='ocr_par' dir='ltr' id='par_1_114' title="bbox 1809 5569 2446 5646">
     <span class='ocr_line' id='line_1_119' title="bbox 1809 5569 2446 5646; baseline 0.006 -21"><span class='ocrx_word' id='word_1_881' title='bbox 1809 5571 1858 5606; x_wconf 66' lang='grc'><strong>³⁸</strong></span> <span class='ocrx_word' id='word_1_882' title='bbox 1895 5569 2018 5645; x_wconf 80' lang='grc' dir='ltr'><strong>ἐμοὶ</strong></span> <span class='ocrx_word' id='word_1_883' title='bbox 2059 5579 2101 5626; x_wconf 75' lang='grc' dir='ltr'><strong>Α</strong></span> <span class='ocrx_word' id='word_1_884' title='bbox 2137 5589 2148 5626; x_wconf 88' lang='lat'>:</span> <span class='ocrx_word' id='word_1_885' title='bbox 2199 5569 2328 5646; x_wconf 79' lang='grc' dir='ltr'><strong>ἐμὸν</strong></span> 
     </span>
    </p>
   </div>
   <div class='ocr_carea' id='block_1_115' title="bbox 2327 5283 3602 5395">
    <p class='ocr_par' dir='ltr' id='par_1_115' title="bbox 2327 5283 3602 5395">
     <span class='ocr_line' id='line_1_120' title="bbox 2327 5283 3602 5375; baseline 0.004 -33"><span class='ocrx_word' id='word_1_886' title='bbox 2327 5286 2372 5321; x_wconf 82' lang='grc'>²⁰</span> <span class='ocrx_word' id='word_1_887' title='bbox 2400 5289 2507 5342; x_wconf 81' lang='grc' dir='ltr'><strong>τῶν</strong></span> <span class='ocrx_word' id='word_1_888' title='bbox 2536 5285 2736 5342; x_wconf 83' lang='grc' dir='ltr'><strong>ἀνίσων</strong></span> <span class='ocrx_word' id='word_1_889' title='bbox 2772 5283 2984 5375; x_wconf 76' lang='grc' dir='ltr'><strong>μηδενὶ]</strong></span> <span class='ocrx_word' id='word_1_890' title='bbox 3017 5285 3123 5342; x_wconf 77' lang='grc' dir='ltr'><strong>τινῖ</strong></span> <span class='ocrx_word' id='word_1_891' title='bbox 3154 5290 3262 5344; x_wconf 79' lang='grc' dir='ltr'><strong>τῶν</strong></span> <span class='ocrx_word' id='word_1_892' title='bbox 3305 5285 3496 5344; x_wconf 83' lang='grc' dir='ltr'><strong>ἀνίσων</strong></span> <span class='ocrx_word' id='word_1_893' title='bbox 3535 5293 3602 5348; x_wconf 90' lang='grc' dir='ltr'><strong>Α.</strong></span> 
     </span>
     <span class='ocr_line' id='line_1_121' title="bbox 2331 5357 3568 5395; baseline 0 0"><span class='ocrx_word' id='word_1_894' title='bbox 2331 5361 2437 5395; x_wconf 57' lang='grc' dir='ltr'><strong>αρτ..</strong></span> <span class='ocrx_word' id='word_1_895' title='bbox 2466 5376 2558 5395; x_wconf 85' lang='lat' dir='ltr'><strong>nm</strong></span> <span class='ocrx_word' id='word_1_896' title='bbox 2621 5363 2648 5395; x_wconf 73' lang='grc' dir='ltr'>Α</span> <span class='ocrx_word' id='word_1_897' title='bbox 2787 5361 2900 5395; x_wconf 66' lang='lat' dir='ltr'><strong>ac.“</strong></span> <span class='ocrx_word' id='word_1_898' title='bbox 2941 5380 2982 5395; x_wconf 65' lang='grc' dir='ltr'><strong>ι..</strong></span> <span class='ocrx_word' id='word_1_899' title='bbox 3013 5361 3116 5395; x_wconf 62' lang='grc' dir='ltr'><strong>...ιη</strong></span> <span class='ocrx_word' id='word_1_900' title='bbox 3245 5357 3352 5395; x_wconf 57' lang='grc' dir='ltr'><strong>ω..</strong></span> <span class='ocrx_word' id='word_1_901' title='bbox 3386 5378 3475 5395; x_wconf 67' lang='grc' dir='ltr'><strong>ηπ.</strong></span> <span class='ocrx_word' id='word_1_902' title='bbox 3545 5366 3568 5395; x_wconf 78' lang='grc' dir='ltr'><strong>Α</strong></span> 
     </span>
    </p>
   </div>
   <div class='ocr_carea' id='block_1_116' title="bbox 2839 5359 3603 5421">
    <p class='ocr_par' dir='ltr' id='par_1_116' title="bbox 2839 5359 3603 5421">
     <span class='ocr_line' id='line_1_122' title="bbox 2839 5359 3603 5421; baseline -0.001 0"><span class='ocrx_word' id='word_1_903' title='bbox 2839 5361 2900 5395; x_wconf 76' lang='grc'><strong>’³⁷</strong></span> <span class='ocrx_word' id='word_1_904' title='bbox 2941 5359 2984 5414; x_wconf 81' lang='grc' dir='ltr'><strong>εἰ</strong></span> <span class='ocrx_word' id='word_1_905' title='bbox 3013 5361 3116 5421; x_wconf 80' lang='grc' dir='ltr'><strong>γὰρ</strong></span> <span class='ocrx_word' id='word_1_906' title='bbox 3147 5395 3216 5402; x_wconf 91' lang='lat'><strong>—-</strong></span> <span class='ocrx_word' id='word_1_907' title='bbox 3245 5359 3353 5421; x_wconf 68' lang='grc' dir='ltr'><strong>ἤδη</strong></span> <span class='ocrx_word' id='word_1_908' title='bbox 3385 5378 3500 5421; x_wconf 91' lang='lat' dir='ltr'><strong>om.</strong></span> <span class='ocrx_word' id='word_1_909' title='bbox 3535 5366 3603 5420; x_wconf 86' lang='lat' dir='ltr'><strong>A.</strong></span> 
     </span>
    </p>
   </div>
   <div class='ocr_carea' id='block_1_117' title="bbox 2941 5366 3605 5509">
    <p class='ocr_par' dir='ltr' id='par_1_117' title="bbox 2941 5366 3605 5509">
     <span class='ocr_line' id='line_1_123' title="bbox 2941 5366 3603 5468; baseline 0.011 -54"><span class='ocrx_word' id='word_1_910' title='bbox 2941 5366 2984 5414; x_wconf 81' lang='lat' dir='ltr'><strong>ei</strong></span> <span class='ocrx_word' id='word_1_911' title='bbox 3013 5366 3116 5468; x_wconf 60' lang='grc' dir='ltr'><strong>γξιρ</strong></span> <span class='ocrx_word' id='word_1_912' title='bbox 3147 5395 3216 5402; x_wconf 90' lang='lat'><strong>—-</strong></span> <span class='ocrx_word' id='word_1_913' title='bbox 3245 5366 3353 5432; x_wconf 79' lang='grc' dir='ltr'><strong>ἤδη</strong></span> <span class='ocrx_word' id='word_1_914' title='bbox 3385 5378 3500 5421; x_wconf 91' lang='lat' dir='ltr'><strong>om.</strong></span> <span class='ocrx_word' id='word_1_915' title='bbox 3535 5366 3603 5420; x_wconf 86' lang='lat' dir='ltr'><strong>A.</strong></span> 
     </span>
     <span class='ocr_line' id='line_1_124' title="bbox 2951 5433 3605 5509; baseline 0.011 -21"><span class='ocrx_word' id='word_1_916' title='bbox 2951 5503 2960 5509; x_wconf 35' lang='lat'><em>.</em></span> <span class='ocrx_word' id='word_1_917' title='bbox 3094 5433 3361 5509; x_wconf 76' lang='grc' dir='ltr'><strong>φαίνεται]</strong></span> <span class='ocrx_word' id='word_1_918' title='bbox 3421 5452 3474 5504; x_wconf 88' lang='lat' dir='ltr'><strong>p.</strong></span> <span class='ocrx_word' id='word_1_919' title='bbox 3509 5435 3605 5495; x_wconf 88' lang='lat'><strong>87.</strong></span> 
     </span>
    </p>
   </div>
   <div class='ocr_carea' id='block_1_118' title="bbox 2783 5503 3600 5579">
    <p class='ocr_par' dir='ltr' id='par_1_118' title="bbox 2783 5503 3600 5579">
     <span class='ocr_line' id='line_1_125' title="bbox 2783 5503 3600 5579; baseline 0.005 -24"><span class='ocrx_word' id='word_1_920' title='bbox 2783 5503 3119 5579; x_wconf 42' lang='grc' dir='ltr'><strong>δίπρότερον</strong></span> <span class='ocrx_word' id='word_1_921' title='bbox 3174 5503 3478 5579; x_wconf 69' lang='grc' dir='ltr'><strong>ῥητορικῆς</strong></span> <span class='ocrx_word' id='word_1_922' title='bbox 3538 5510 3600 5579; x_wconf 28' lang='grc' dir='ltr'><strong>Α..</strong></span> 
     </span>
    </p>
   </div>
   <div class='ocr_carea' id='block_1_119' title="bbox 2551 5570 3604 5651">
    <p class='ocr_par' dir='ltr' id='par_1_119' title="bbox 2551 5570 3604 5651">
     <span class='ocr_line' id='line_1_126' title="bbox 2551 5570 3604 5651; baseline 0.003 -24"><span class='ocrx_word' id='word_1_923' title='bbox 2551 5573 2598 5610; x_wconf 70' lang='lat'><strong>3’</strong></span> <span class='ocrx_word' id='word_1_924' title='bbox 2629 5570 2922 5630; x_wconf 76' lang='grc' dir='ltr'><strong>ἀπολαϐὼν</strong></span> <span class='ocrx_word' id='word_1_925' title='bbox 2973 5570 3270 5651; x_wconf 75' lang='grc' dir='ltr'><strong>ῥητορικῆς</strong></span> <span class='ocrx_word' id='word_1_926' title='bbox 3299 5570 3365 5634; x_wconf 81' lang='grc' dir='ltr'><strong>Ᾱ.</strong></span> <span class='ocrx_word' id='word_1_927' title='bbox 3435 5570 3440 5571; x_wconf 24' lang='grc'><strong><em>⁷</em></strong></span> <span class='ocrx_word' id='word_1_928' title='bbox 3468 5579 3513 5613; x_wconf 72' lang='grc' dir='ltr'><strong>³ο</strong></span> <span class='ocrx_word' id='word_1_929' title='bbox 3541 5577 3604 5631; x_wconf 88' lang='grc' dir='ltr'><strong>τὸ</strong></span> 
     </span>
    </p>
   </div>
   <div class='ocr_carea' id='block_1_120' title="bbox 2203 5501 2682 5567">
    <p class='ocr_par' dir='ltr' id='par_1_120' title="bbox 2203 5501 2682 5567">
     <span class='ocr_line' id='line_1_127' title="bbox 2203 5501 2682 5567; baseline 0.013 -14"><span class='ocrx_word' id='word_1_930' title='bbox 2203 5501 2250 5537; x_wconf 77' lang='grc'><strong>³³</strong></span> <span class='ocrx_word' id='word_1_931' title='bbox 2274 5501 2408 5567; x_wconf 71' lang='grc' dir='ltr'><strong>αὕτη</strong></span> <span class='ocrx_word' id='word_1_932' title='bbox 2470 5501 2583 5559; x_wconf 75' lang='lat' dir='ltr'><strong>oin.</strong></span> <span class='ocrx_word' id='word_1_933' title='bbox 2616 5501 2682 5560; x_wconf 82' lang='lat' dir='ltr'><strong>A.</strong></span> 
     </span>
    </p>
   </div>
  </div>
