4032 6226
212 340 378 402 1509

1245 331 1788 398 BlBLlOTHECA.
1836 364 1910 379 —
1954 332 2129 394 COD.
2177 333 2506 397 CCXLVII.

3459 343 3619 406 1510

218 472 390 527 κακὸν
441 467 632 540 ἡλίκον
671 466 736 523 τὸ
774 465 1003 538 ἀδικεῖν,
1032 466 1085 521 τί
1129 463 1332 521 κωλύει
1365 466 1454 520 καὶ
1498 463 1624 526 τοὺς
1665 465 1870 537 νόμους

1995 463 2214 537 legibus
2246 481 2374 536 qua:
2405 465 2555 523 idem
2585 467 2868 537 sentiunt,
2891 469 3226 540 expelletur,
3248 488 3313 530 ac
3344 479 3470 530 tum
3502 476 3630 532 rhe-

215 560 383 616 αύτὸν
413 562 460 596 ⁷¹
516 559 750 616 ἅπαντας
819 563 937 617 τοῖς
1014 556 1204 617 αὐτοῖς
1269 556 1483 617 τούτοις
1556 550 1872 630 διαγράφειν

220 649 456 724 λόγοιςς
517 644 675 704 Ἀλλ’
707 645 755 680 ⁷³
821 643 1001 719 ὥσπερ
1060 643 1323 718 ἑταιρείας
1380 641 1872 719 καταγνωσθείσης,

222 737 360 812 μετά
397 737 487 791 καὶ
521 740 629 790 τῶν
674 739 844 790 ταῦτα
883 728 1349 807 συμϐουλομένων
1389 733 1571 804 νόμων
1621 730 1874 802 ἐξελαθῆ-

219 848 368 882 σεται
402 826 469 884 ⁷⁴.
521 823 618 879 Καὶ
667 823 789 879 τότε
847 824 1146 898 ῥητορικήν
1197 822 1543 895 ἐκπέμψομεν
1594 821 1684 875 καὶ
1741 840 1874 894 προ·

225 915 632 988 πηλακιοῦμεν,
666 915 790 968 ὅταν
839 912 928 967 καὶ
979 911 1106 974 τοὺς
1151 910 1356 984 νόμους
1407 908 1796 982 [συνεκπέμψαι
1828 909 1877 944 ’⁷⁵

225 1005 411 1066 καλῶς
459 1006 599 1076 ἡμῖν
649 1000 780 1077 ἔχῃ]
831 996 1189 1074 ἐκϐάλλωμεν
1231 1008 1332 1070 τῆς
1381 997 1601 1062 πόλεως
1646 1000 1733 1053 καὶ
1780 1002 1876 1053 τοῦ

222 1094 369 1170 βίου.
403 1091 569 1150 Ἀλλ’
599 1090 643 1145 ὦ
693 1089 941 1164 δαιμόνιε
978 1092 1069 1146 καὶ
1103 1090 1274 1145 πάντα
1312 1091 1373 1144 σὺ
1415 1089 1696 1161 θαυμαστὰ
1727 1087 1873 1162 εύρί⁹

224 1205 385 1250 σκων¹
435 1181 479 1236 εί
525 1178 692 1254 μηδὲν
741 1179 854 1235 ἐστι
884 1181 930 1217 ’⁷⁸
985 1183 1216 1254 πρᾶγμα
1261 1182 1324 1234 τὸ
1372 1175 1694 1246 ἂδικεῖσθαι,
1745 1173 1874 1250 μηδ’

221 1274 256 1341 ἡ
308 1275 473 1325 τοῦτο
531 1267 822 1325 κωλύουσα
868 1266 1098 1342 δύναμις
1160 1265 1394 1342 μηδενὸς
1423 1270 1465 1303 ⁷⁷
1515 1267 1637 1336 ἀξία
1682 1264 1871 1341 λόγου,

227 1357 356 1436 μηδ’
413 1360 587 1414 ὁπόσα
645 1353 758 1414 ἔστι
823 1358 1159 1433 καὶγίνεται
1222 1359 1296 1430 μή
1342 1353 1411 1410 δι’
1470 1355 1640 1424 αὐτῆς
1705 1351 1872 1426 μηδὲν

221 1449 484 1526 χρηστὸν,
544 1446 672 1502 ἀλλ’
711 1446 889 1511 οὕτως
941 1445 1136 1519 ἄτιμον
1193 1445 1280 1500 καὶ
1338 1443 1687 1514 ἀνελεύθερον
1745 1441 1872 1497 ὥστ’

224 1540 363 1595 εἶναι
398 1538 592 1612 μόριον
632 1536 921 1599 κολακείας
954 1538 1042 1590 καὶ
1075 1541 1228 1598 σκιᾶς
1260 1537 1327 1603 7⁸,
1355 1539 1453 1589 τοῦ
1489 1533 1652 1611 χάριν
1673 1553 1872 1602 ταυτην

226 1628 450 1698 οἶκίζων
481 1627 579 1694 τήν
622 1625 673 1681 ἐν
705 1629 775 1699 τῇ
811 1620 993 1700 βίϐλῳ
1041 1624 1204 1681 πόλιν
1236 1623 1497 1693 καθίστης
1549 1621 1686 1691 αὖτῆ
1715 1619 1877 1676 πολι·

1989 554 2231 610 toricam
2259 555 2596 612 amittemus
2617 573 2683 613 ac
2703 557 3099 629 traducamus,
3117 577 3248 617 cum
3273 562 3428 635 leges
3451 565 3629 622 simul

1983 641 2230 699 honeste
2261 648 2535 714 poterunt
2563 645 2770 702 emitti.
2794 646 2837 701 Ο
2868 646 2950 701 νὶι·
2976 647 3246 718 praeclare
3276 656 3331 706 et
3361 653 3624 710 omnium

1986 730 2249 789 inventor
2275 733 2633 790 mirabilium
2668 751 2882 801 rerum,
2906 736 2955 792 si
2989 736 3207 792 nullius
3237 744 3325 794 est
3355 743 3631 798 momenti

1983 820 2210 892 injuria:
2257 823 2534 896 acceptio,
2589 840 2830 898 qumque
2872 842 2997 882 eam
3049 827 3317 898 prohibet
3363 829 3630 897 facultas,

1984 911 2204 966 nullius
2248 917 2339 968 est
2385 915 2675 985 ponderis,
2725 931 2828 970 nec
2877 916 3201 987 quidquam
3251 918 3387 972 boni
3433 918 3630 987 efficit,

1985 1001 2082 1054 sed
2112 1001 2253 1056 adeo
2299 1001 2574 1073 ignobilis
2614 1008 2697 1058 est
2741 1009 2798 1059 at
2837 1003 3136 1060 illiberalis
3166 1011 3230 1061 ut
3278 1006 3636 1063 adulationis

1986 1091 2163 1160 atque
2193 1089 2410 1145 umbris
2441 1091 2515 1146 sit
2549 1092 2870 1163 particula:
2905 1111 3028 1162 cur,
3081 1097 3340 1162 obsecro,
3371 1099 3429 1152 tu
3461 1095 3638 1154 libra-

1985 1178 2130 1234 riam
2178 1177 2352 1234 istam
2400 1181 2762 1238 constituens
2813 1183 3039 1254 urbem,
3098 1185 3270 1241 talem
3325 1186 3374 1242 ei
3423 1186 3637 1243 tribuis

1985 1267 2406 1338 rempublicam
2431 1285 2556 1340 quae
2578 1269 2725 1326 nihil
2747 1271 2831 1327 illi
2859 1278 3080 1342 noceat,
3107 1291 3172 1330 ac
3196 1272 3512 1331 militarem
3535 1276 3635 1332 tri-

1986 1353 2128 1409 bum
2159 1371 2420 1412 seorsum
2453 1357 2720 1414 collocari
2759 1360 2936 1430 jubes
2985 1363 3174 1434 primo
3205 1363 3352 1430 loco,
3388 1381 3460 1421 ne
3492 1365 3634 1435 quid

1985 1443 2264 1516 patiatur,
2291 1461 2394 1501 nec
2415 1446 2488 1502 ab
2513 1447 2780 1504 hostibus
2805 1449 3086 1520 injuriam
3111 1452 3398 1524 accipiat?
3419 1454 3560 1510 Nam
3590 1453 3639 1509 si

1985 1531 2098 1589 hoc
2127 1533 2456 1591 sufficiebat
2501 1535 2776 1607 injuriam
2832 1555 2943 1594 non
2976 1540 3186 1609 facere,
3229 1542 3367 1613 quid
3407 1548 3531 1598 erat
3558 1544 3635 1599 ti-

1991 1623 2269 1678 mendum
2300 1629 2604 1696 postquam
2639 1627 2706 1681 ad
2733 1627 2788 1682 id
2813 1644 2942 1683 eam
2967 1645 3323 1701 praepararas
3344 1630 3371 1686 ἢ
3403 1633 3565 1698 Quod
3590 1632 3640 1688 si

221 1719 397 1787 τείαν,
426 1714 514 1793 αφ’
543 1717 608 1784 ἧς
667 1712 797 1788 μηδ’
847 1715 1026 1769 ὁτιοῦν
1072 1715 1336 1780 πείσεται,
1376 1711 1466 1766 καὶ
1520 1712 1582 1766 τὸ
1633 1711 1880 1786 μάχιμον

1995 1712 2160 1768 etiam
2184 1718 2354 1771 nocet
2375 1714 2651 1785 injuriam
2676 1717 3084 1784 inferentibus,
3109 1721 3158 1776 si
3182 1738 3382 1793 pcenas
3405 1739 3520 1778 non
3545 1722 3634 1779 de.

226 1808 402 1884 χωρὶς
430 1811 540 1862 τῶν
567 1803 753 1862 ἄλλων
783 1803 1032 1880 ἱδρῦσθαι
1073 1802 1342 1872 κελεύεις,
1372 1804 1544 1875 τιμὴν
1589 1802 1689 1866 τήν
1722 1801 1874 1875 πρώ-

1995 1803 2194 1868 ierint,
2215 1819 2282 1859 ac
2304 1803 2469 1860 debet
2485 1805 2736 1876 quisque
2757 1809 3078 1864 secundum
3106 1815 3262 1866 tuam
3283 1813 3634 1868 sententiam

227 1920 325 1970 την
357 1895 617 1966 ἀποδοὺς,
644 1895 740 1952 ’ίνα
790 1897 922 1970 μήτι
953 1895 1097 1970 πάθῃ
1153 1892 1284 1967 μηδ’
1313 1895 1360 1931 7°
1409 1892 1512 1948 ὑπό
1559 1913 1722 1948 τινων
1764 1889 1875 1946 ἀδι-

227 1991 372 2062 κηθῇ
433 1986 756 2062 πολεμίων;
809 1984 874 2041 Εἴ
912 1984 1014 2060 γὰρ
1075 1983 1367 2060 ἐξήρκειδο
1409 1983 1485 2055 μὴ
1544 1979 1766 2050 ἀδικεῖν,
1823 1979 1875 2035 τί

227 2075 495 2145 οὲδοικας,
546 2076 591 2131 εἰ
639 2077 775 2152 πρὸς
824 2075 985 2130 τοῦτό
1033 2076 1083 2127 τ’
1131 2072 1298 2142 αύτήν
1360 2069 1757 2146 παρεσκεύασας
1787 2073 1871 2140 ⁸¹;

228 2166 274 2221 εί
306 2161 361 2220 δὲ
392 2163 458 2235 δὴ
492 2165 539 2201 ⁸³
567 2164 655 2220 καί
688 2169 875 2237 χεῖρον
906 2168 1023 2222 τοῖς
1065 2159 1365 2232 ἀδικοῦσιν,
1407 2159 1532 2215 ὅταν
1577 2161 1652 2232 μή
1687 2157 1875 2214 διδῶσι

227 2251 402 2324 δίκην,
453 2253 543 2308 καὶ
596 2254 707 2327 χρὴ
761 2250 826 2321 δὴ
878 2251 1017 2306 κατὰ
1046 2253 1092 2288 ⁸⁸
1148 2251 1206 2305 σὶ
1252 2251 1338 2305 καὶ
1392 2248 1553 2305 αὐτὸν
1583 2251 1630 2286 ⁸⁸
1686 2249 1877 2304 ἑαυτοῦ

228 2344 552 2417 κατήγορον,
586 2341 712 2396 ὅταν
741 2337 1002 2414 ἀδικήσῃ,
1049 2340 1292 2415 γίνεσθαι
1336 2338 1427 2393 καὶ
1456 2335 1665 2394 παίδων
1694 2338 1740 2373 ⁸⁸
1787 2336 1877 2391 καὶ

229 2431 430 2506 πατρὸς
477 2431 666 2500 αὐτοῦ,
715 2429 843 2493 τοὺς
895 2427 942 2484 δ’
983 2427 1217 2508 ἐχθροὺς
1263 2427 1372 2500 ἐᾷν,
1419 2429 1474 2482 τί
1525 2427 1587 2482 οὐ
1639 2425 1875 2502 συνεύχῃ

226 2527 341 2582 τοῖς
373 2519 664 2594 πολεμίοις
694 2519 942 2575 ἐπελθεῖν
980 2519 1070 2573 καὶ
1106 2513 1296 2574 λαϐεῖν
1334 2517 1434 2586 τήν
1471 2517 1658 2584 πόλιν,
1689 2516 1780 2571 καὶ
1809 2516 1876 2583 νὴ

226 2611 322 2666 Δία
360 2611 486 2672 τοὺς
528 2611 622 2684 μὶν
655 2607 706 2664 ἐν
745 2608 944 2680 ἡλικίᾳ
974 2610 1175 2670 πάντας
1219 2603 1545 2681 κατακόψαι,
1574 2605 1664 2661 καὶ
1712 2609 1880 2660 ταῦτα

227 2700 359 2773 πρὸς
389 2705 506 2762 τοῖς
568 2701 806 2774 βωμοῖς,
841 2693 1038 2761 παῖδας
1080 2695 1136 2752 δὲ
1184 2697 1273 2752 καὶ
1321 2701 1576 2771 γυναῖκας
1625 2690 1880 2768 ἐξανδρα-

230 2787 552 2844 ποδίσασθαι
582 2789 720 2861 πὲρα
745 2789 812 2859 ⁸⁸,
846 2787 894 2842 εἴ
954 2785 1171 2861 βούλει,
1206 2782 1499 2860 Γαδείρων,
1550 2784 1618 2839 τὰ
1665 2781 1720 2838 δὲ
1765 2782 1882 2857 ἱερά

235 2880 576 2949 συλήσαντας
630 2879 966 2952 κατασκάψαι
1023 2878 1326 2949 πάντα,μή
1385 2875 1563 2932 λιπεῖν
1621 2873 1677 2930 δὲ
1739 2871 1881 2948 μηδὲ

237 2969 364 3028 τοὺς
416 2969 620 3044 τάφους
676 2965 888 3029 ἀθώους
927 2974 1027 3036 τῆς
1083 2967 1288 3022 ἑαυτῶν
1339 2963 1656 3038 πλεονεξίας
1688 2967 1756 3034 δ”,
1809 2961 1884 3018 ’ἶν’

237 3054 585 3127 ἀδικήσαντες
625 3057 692 3112 τὰ
747 3057 974 3133 μέγιστα
1013 3055 1063 3111 ἐν
1102 3060 1218 3118 τοῖς
1263 3053 1542 3131 μεγίστοις
1590 3053 1656 3124 δή
1697 3057 1884 3115 κακοῖς

239 3144 362 3214 ὦσι,
399 3147 474 3218 μή
509 3143 690 3208 δόντες
746 3143 925 3215 δίκην.
960 3143 1132 3200 Ἀλλά
1159 3147 1418 3199 τοσοῦτον
1469 3143 1693 3218 ἀπέχεις
1719 3146 1816 3197 τοῦ
1841 3143 1885 3178 ⁸⁸

237 3238 404 3290 ταῦτα
453 3233 835 3308 συμπράττειν,
886 3231 1024 3288 ὥστε
1067 3232 1301 3294 κωλύεις
1355 3233 1445 3286 καὶ
1500 3231 1614 3306 βίον
1670 3231 1720 3286 ἐν
1766 3236 1887 3292 τοῖς

243 3323 438 3386 ὅπλοις
469 3323 724 3397 εὕρηκας,
769 3322 861 3377 ’ίνα
903 3325 979 3396 μή
1029 3344 1081 3378 τι
1124 3326 1372 3376 τοιοῦτον
1399 3322 1448 3356 ⁸9
1485 3322 1700 3398 γὲνοιτο
1735 3337 1748 3352 ⁶
1793 3319 1890 3375 κᾶν

241 3435 322 3476 τις
355 3411 638 3488 ἐγγένηται
670 3409 974 3486 προδότης,
1003 3415 1193 3465 τοῦτον
1227 3411 1291 3464 ού
1324 3414 1617 3489 στεφανοῦν
1650 3408 1889 3470 κελεύεις

244 3499 370 3558 οὐδὲ
417 3503 704 3576 κηρύττειν
733 3503 799 3570 θο,
850 3498 997 3554 ἀλλὰ
1038 3498 1206 3555 ταῦτα
1250 3504 1370 3562 τοῖς
1418 3497 1611 3561 ἄλλοις
1656 3498 1889 3572 νομοθὲ-

1987 1891 2162 1948 etiam
2180 1892 2438 1964 seipsum
2457 1909 2588 1949 cum
2607 1894 2884 1965 injuriam
2909 1897 3061 1965 fecit,
3094 1916 3390 1969 accusare,
3415 1905 3470 1957 et
3489 1900 3633 1958 libe-

1986 1998 2082 2038 ros
2111 1985 2168 2038 et
2199 1988 2470 2054 parentes
2499 1983 2682 2055 ipsos,
2713 1986 2946 2043 omissis
2978 1987 3265 2046 inimicis:
3295 1991 3436 2062 quin
3470 1999 3634 2062 Optas

1987 2074 2052 2126 ut
2090 2069 2289 2127 hostes
2334 2072 2525 2128 4|0b
2574 2074 2777 2130 urbem
2819 2076 3078 2148 aggressi
3119 2079 3354 2150 capiant
3396 2081 3533 2150 (83),
3567 2097 3632 2136 ac

1985 2161 2140 2216 viros
2180 2160 2413 2232 quidem
2465 2177 2667 2219 omnes
2715 2165 2783 2219 ad
2831 2181 2965 2222 aras
3002 2166 3315 2236 trucidant,
3365 2169 3644 2225 mulieres

1986 2253 2180 2305 autem
2211 2265 2346 2306 cum
2377 2249 2572 2306 liberis
2607 2251 2868 2323 captivas
2893 2254 3045 2310 ultra
3072 2255 3280 2322 Gades,
3305 2257 3355 2313 si
3385 2257 3640 2326 videtur,

1986 2337 2320 2409 divandant,
2337 2339 2573 2411 templis
2591 2357 2724 2396 vero
2742 2342 3008 2413 spoliatis
3027 2345 3225 2400 omnia
3246 2347 3501 2415 diruant,
3529 2364 3635 2404 nec

1984 2428 2072 2482 vel
2105 2427 2369 2498 sepulcra
2391 2445 2506 2484 sua
2530 2429 2862 2501 petulantia
2892 2433 3227 2504 relinquant
3262 2437 3549 2507 expertia;
3577 2441 3642 2492 ut

1990 2521 2298 2587 postquam
2349 2518 2636 2574 maximas
2685 2520 2926 2576 fecerint
2965 2522 3232 2592 injurias,
3264 2524 3322 2578 in
3364 2525 3644 2580 maximis

1990 2605 2108 2660 sint
2140 2604 2330 2673 malis,
2382 2606 2520 2660 dum
2571 2624 2767 2677 poenas
2815 2625 2929 2664 non
2963 2609 3176 2666 luunt?
3221 2615 3638 2669 Verumtamen

1990 2698 2218 2750 tantum
2273 2695 2438 2750 abest
2489 2700 2553 2750 ut
2617 2695 2722 2752 ista
2771 2697 3032 2767 studeas,
3083 2704 3148 2754 ut
3204 2701 3533 2770 prohibeas,
3587 2709 3645 2759 et

1991 2783 2300 2856 impedias,
2333 2784 2626 2856 vitamque
2655 2787 2991 2857 militarem,
3026 2806 3098 2845 ne
3127 2792 3266 2862 quid
3309 2795 3474 2849 fieret
3504 2792 3643 2863 tale,

1993 2873 2357 2930 institueris:
2392 2891 2458 2928 ac
2484 2875 2533 2929 si
2565 2876 2696 2947 quis
2736 2877 3017 2934 exstiterit
3044 2880 3324 2951 proditor,
3358 2897 3492 2937 eum
3525 2899 3642 2938 non

1989 2963 2164 3033 jubes
2215 2964 2478 3019 coronari
2523 2980 2628 3021 nec
2677 2966 2993 3037 praedicari,
3041 2969 3141 3023 sed
3193 2969 3348 3026 idem
3397 2972 3468 3026 de
3517 2971 3645 3043 ipso

1998 3051 2152 3122 quod
2176 3050 2274 3106 alii
2303 3051 2536 3109 statuis.
2560 3053 2685 3120 Dic,
2709 3071 2812 3126 por
2830 3055 3026 3113 Jovem
3051 3058 3470 3131 prodigiosum,
3502 3059 3644 3132 quid

1999 3143 2169 3200 nobis
2192 3142 2263 3198 de
2285 3141 2446 3198 hisce
2469 3147 2559 3198 est
2577 3143 3031 3202 existimandum
3053 3147 3080 3201 εἰ
3109 3147 3241 3204 Jam
3273 3165 3398 3222 age,
3423 3167 3456 3206 o
3496 3149 3642 3207 bona

1999 3233 2104 3300 vir,
2128 3231 2285 3302 leges
2316 3247 2428 3303 qua
2448 3232 2518 3286 de
2541 3249 2715 3289 causa
2738 3237 2900 3290 tanto
2924 3252 3168 3293 numero
3205 3239 3452 3294 seorsim
3476 3239 3645 3296 nobis

2002 3322 2114 3376 fers
2134 3319 2162 3374 ‘I
2192 3321 2416 3376 Etenim
2447 3320 2558 3376 nisi
2591 3338 2871 3393 magnum
2903 3325 3184 3395 quiddam
3207 3330 3296 3381 est
3327 3344 3524 3397 paenae
3547 3344 3648 3382 su-

2001 3425 2160 3465 mere
2187 3413 2244 3466 at
2287 3410 2535 3480 injurias
2577 3411 2901 3482 prohibere,
2953 3429 3055 3469 cur
3086 3414 3199 3470 ista
3239 3433 3466 3482 narras,
3499 3421 3555 3472 et
3587 3420 3654 3472 ut

2004 3515 2172 3555 nemo
2205 3499 2264 3553 in
2298 3498 2441 3554 urbe
2473 3498 2742 3568 ludatur,
2776 3503 2990 3557 caves?

243 3613 362 3654 ταις
407 3592 530 3666 περὶ
579 3589 795 3645 πούτων
843 3588 1108 3661 νομίζεις.
1155 3587 1284 3642 Εἰπὲ
1319 3589 1387 3657 θί,
1415 3590 1542 3660 [678
1591 3590 1682 3660 H.]
1731 3588 1866 3662 πρὸς
1899 3587 2022 3650 Διὸς
2069 3586 2375 3662 τεραστίου,
2423 3585 2474 3640 τί
2517 3589 2626 3661 χρή
2661 3589 2784 3662 περὶ
2832 3591 3038 3645 τούτων
3089 3594 3238 3665 ἡμᾶς
3285 3593 3528 3666 νομίζειν
3559 3594 3642 3660 ⁹²;

243 3683 365 3753 εἶεν,
397 3681 442 3736 ὦ
474 3685 681 3760 γενναῖε
713 3701 727 3714 ο
779 3679 978 3753 νόμους
1013 3675 1069 3733 δὲ
1118 3675 1184 3746 δὴ
1217 3682 1314 3733 τοῦ
1346 3679 1507 3752 χάριν
1560 3679 1696 3750 ἡμῖν
1729 3676 1908 3746 ἒτίθης
1939 3679 2024 3745 ⁹³;
2077 3677 2137 3731 Εἰ
2166 3676 2289 3751 γὰρ,
2323 3675 2369 3730 ὦ
2411 3678 2526 3745 τάν,
2556 3677 2618 3731 τὸ
2667 3677 2824 3748 δίκην
2864 3676 3161 3750 λαμϐάνειν
3202 3681 3290 3736 καὶ
3335 3684 3395 3736 τὸ
3439 3683 3516 3753 μή
3549 3682 3638 3753 ἒᾷν

244 3769 446 3828 ἀδικεῖν
476 3770 584 3846 οὐχ
618 3767 672 3824 ἓν
701 3791 751 3825 τι
789 3773 896 3824 τῶν
949 3765 1255 3824 σπουδαίων
1285 3767 1376 3836 ἦν,
1407 3770 1502 3822 τοῦ
1554 3767 1714 3841 χάριν
1755 3770 1925 3822 ταῦτα
1970 3765 2327 3840 πραγματεύῃ
2362 3768 2430 3834 ’⁸,
2459 3765 2549 3820 καὶ
2599 3771 2818 3828 σκοπεῖς
2867 3768 3015 3831 ὅπως
3050 3766 3242 3841 μηδείς
3291 3773 3418 3842 ίπου
3450 3771 3496 3807 9⁵
3531 3773 3643 3825 τῶν

249 3860 300 3916 ἐν
332 3865 400 3935 τῇ
433 3860 616 3934 πόλει]
647 3857 1004 3930 ἀδικήσεται;

324 3951 428 4006 Καὶ
461 3951 568 4024 μὴν
597 3953 642 3987 οδ
669 3949 719 4005 ἒν
775 3950 870 4022 μὲν
901 3951 983 4010 οἷς
1031 3949 1196 4021 ἡμεῖς
1227 3945 1478 4020 λέγομεν,
1508 3945 1595 4000 καὶ
1645 3950 1760 4006 τοῖς
1792 3943 1898 4000 ἄλ-

249 4039 371 4103 λοις
403 4038 693 4096 συνδοκοῦν
739 4039 850 4094 ἐστι
879 4037 969 4093 καὶ
999 4041 1078 4109 τῷ
1125 4035 1376 4092 Πλάτωνι
1405 4035 1691 4110 πρόσεστιν
1728 4054 1741 4069 °
1791 4032 1824 4088 ἃ
1851 4030 1898 4088 δ’

251 4129 411 4192 οὗτος
465 4129 684 4185 ἐνταῦθα
731 4127 968 4201 εἴρηκεν,
1018 4127 1082 4182 οὐ
1135 4126 1298 4199 μόνον
1353 4130 1473 4187 τοῖς
1525 4129 1627 4180 τῶν
1668 4127 1710 4162 ³⁷
1759 4145 1895 4200 πρα-

250 4218 472 4295 γμάτων
508 4217 714 4294 λόγοις,
749 4215 892 4271 ἀλλὰ
921 4216 1011 4271 καὶ
1040 4221 1154 4278 τοῖς
1176 4214 1339 4270 αὐτοῦ
1373 4213 1664 4276 Πλάτωνος
1693 4213 1900 4289 ἐξελεγ-

251 4327 406 4384 χεται
474 4308 561 4362 καὶ
625 4305 813 4383 λόγοις
878 4307 965 4360 καὶ
1050 4303 1416 4382 βουλήμασιν.
1474 4301 1724 4361 Ἐκείνων
1807 4304 1900 4378 μὶν

253 4397 428 4471 ὀρθῶς
460 4391 606 4470 ἔχειν
641 4395 1139 4472 συγχωρουμένων,
1177 4395 1267 4450 καὶ
1298 4396 1332 4463 ἡ
1374 4394 1520 4468 παρὰ
1551 4397 1658 4448 τῶν
1710 4390 1897 4448 ἄλλων

2073 3943 2273 4016 Atqui,
2322 3959 2448 4014 quas
2501 3960 2607 4000 nos
2657 3945 2933 4018 dicimus,
2980 3965 3047 4004 ea
3087 3949 3266 4004 simul
3315 3958 3370 4006 et
3416 3950 3547 4008 aliis
3591 3955 3652 4008 et

2005 4031 2226 4088 Platoni
2256 4032 2555 4104 videntur;
2598 4052 2725 4106 qua:
2754 4053 2887 4093 vero
2919 4036 3012 4094 hic
3043 4039 3144 4104 ait,
3177 4055 3293 4096 non
3327 4041 3499 4096 rebus
3521 4049 3649 4096 tan-

2007 4128 2156 4189 tum,
2189 4125 2288 4180 sed
2321 4129 2377 4180 at
2405 4123 2596 4197 ipsius
2627 4125 2850 4183 Platoni
2881 4129 3071 4186 verbis
3101 4134 3158 4185 et
3187 4130 3449 4187 consiliis
3483 4147 3652 4202 repu-

2006 4217 2206 4286 gnant.
2230 4215 2309 4270 Ac
2340 4213 2391 4270 si
2421 4213 2520 4269 illa
2552 4215 2785 4286 quidem
2817 4223 2969 4275 recte
2999 4236 3061 4276 se
3091 4219 3300 4276 habere
3331 4221 3651 4276 concedan-

2009 4310 2121 4370 tur,
2157 4301 2402 4359 aliorum
2436 4319 2667 4375 quoque
2699 4307 2990 4364 sententia
3019 4313 3076 4364 et
3119 4309 3460 4382 suffragium
3493 4325 3654 4366 acce-

2010 4393 2126 4462 det,
2157 4391 2246 4448 sin
2299 4392 2390 4448 his
2439 4394 2851 4464 assentiamur,
2901 4397 3060 4454 deest
3099 4397 3342 4454 aliorum
3386 4399 3652 4455 omnium

257 4490 519 4561 μαρτυρεῖ
567 4482 694 4558 δόξα
740 4484 830 4539 καὶ
882 4488 1064 4559 ψῆφος
1117 4483 1276 4558 ὀρθή.
1325 4487 1499 4537 Ταῦτα
1539 4479 1596 4536 δὲ
1644 4481 1690 4536 εἰ
1749 4479 1883 4552 δοίη·

2013 4481 2290 4539 calculus.
2337 4486 2436 4538 Est
2475 4488 2669 4540 autem
2711 4485 2936 4554 fortius,
2987 4489 3140 4560 quod
3181 4496 3235 4545 et
3278 4489 3553 4546 omnibus
3601 4491 3661 4544 et

257 4595 351 4649 μεν
383 4579 620 4648 κρατεῖν,
652 4571 842 4628 ἄπεστι
872 4573 935 4627 τὸ
968 4574 1172 4645 ὁτῳοῦν
1216 4569 1490 4626 συνδοκεῖν
1536 4575 1642 4625 τῶν
1693 4569 1900 4626 ἄλλων.

255 4666 417 4738 [1256
479 4665 570 4737 R.]
621 4663 997 4738 Ἰσχυρότερον
1049 4660 1105 4717 δὲ
1154 4663 1216 4716 τὸ
1266 4661 1354 4716 καὶ
1410 4662 1572 4715 ἅπασι
1621 4659 1710 4715 καὶ
1760 4659 1904 4715 Πλά-

257 4757 513 4808 τωνιτοῦ
557 4750 751 4826 μηδενὶ
781 4753 869 4807 καὶ
927 4749 1069 4825 μηδὲ
1111 4749 1361 4807 Πλάτωνι
1411 4745 1708 4815 συνδοκεῖν,
1757 4749 1830 4811 ὡς
1861 4749 1907 4787 ³⁸

261 4841 417 4903 οὗτος
465 4840 744 4916 ἀλλαχοῦ.
793 4841 1004 4898 Οὐκοῦν
1053 4838 1114 4896 ού
1164 4841 1264 4909 τὴν
1313 4839 1460 4912 παρᾶ
1509 4837 1704 4894 τούτου
1765 4858 1905 4914 μαρ-

2014 4571 2242 4628 Platoni
2274 4571 2524 4644 videtur,
2557 4591 2731 4644 quam
2763 4577 2917 4646 quod
2950 4593 3057 4634 nec
3087 4578 3357 4650 cuiquam
3388 4593 3496 4634 nec
3527 4578 3655 4633 Pla-

2014 4659 2159 4718 toni.
2193 4662 2560 4734 Quapropter
2589 4680 2706 4719 non
2738 4668 2852 4720 tam
2884 4664 3061 4738 hujus
3091 4667 3494 4724 testimonium
3527 4681 3662 4738 pro-

2019 4758 2142 4824 pter
2170 4750 2419 4808 aliorum
2469 4753 2816 4824 suffragium
2848 4755 3163 4829 fugiamus,
3196 4773 3375 4829 quam
3415 4757 3663 4812 aliorum

2013 4840 2344 4898 testimonio
2376 4841 2556 4914 hujus
2578 4844 2917 4914 adjiciamus
2935 4846 3300 4919 suffragium.
3326 4848 3512 4917 Atque
3545 4843 3665 4900 haec

1630 4950 1864 5006 VARUE
1904 4949 2307 5006 LECTIONES.

333 5043 382 5081 ’⁷³
419 5041 601 5114 αὐτὸν]
633 5041 808 5098 αὐτῶν
839 5048 904 5098 Α.
981 5041 1100 5078 ⁷³·⁷⁶
1128 5038 1254 5095 ἀλλ’
1289 5041 1370 5114 (ρ.
1406 5041 1529 5112 107)
1559 5072 1628 5081 -
1665 5036 2041 5108 ἐξελαθήσεται
2073 5055 2192 5094 om.
2224 5042 2288 5095 Α.
2364 5041 2410 5076 ’⁷⁸
2441 5045 2808 5156 συνεκπέμψαι
2840 5078 2909 5088 -
2938 5039 3042 5154 ἔχῃ
3077 5062 3194 5104 om.
3224 5049 3290 5102 Α.
3333 5047 3376 5081 ⁷⁸
3405 5043 3518 5100 ἐστι
3544 5061 3664 5102 om.

403 5114 525 5152 77-78
561 5112 790 5156 “seu?”
813 5147 882 5156 _
911 5118 1063 5156 ηνιῆρ
1094 5130 1207 5156 nm,
1252 5116 1310 5156 Δ-
1389 5111 1439 5146 79
1483 5107 1611 5156 una’
1643 5108 1746 5156 ὓπό
1786 5129 1947 5156 τινων
1981 5106 2215 5156 ἀδικιθῆ
2249 5128 2362 5156 nm,
2406 5115 2438 5156 Δ
2562 5115 2609 5152 80
2635 5115 2657 5156 Z-
2692 5121 2846 5156 κρινεῖ
2884 5125 2909 5156 Δ
3041 5122 3058 5156 ί
3092 5117 3134 5156 οἳ
3169 5150 3238 5156 -
3267 5115 3664 5156 «ﬁngente/inani-

259 5122 325 5173 A.
403 5114 525 5152 "'73
595 5112 882 5185 ἠδενὸς-
911 5118 1063 5176 σκιᾶς
1094 5130 1210 5172 om.
1246 5112 1330 5168 ΑΪ
1389 5112 1439 5146 7’
1481 5132 1556 5182 μη

261 5205 354 5222 ,πη
422 5193 448 5222 Α
559 5137 606 5222 ίέ
635 5184 697 5222 κε
735 5188 842 5222 mm
916 5191 942 5222 Α
1049 5188 1095 5222 sa
1125 5185 1236 5222 ειη-λ
1271 5181 1337 5222 se.
1369 5184 1524 5222 νας-ιι]

261 5205 378 5243 om.
412 5193 482 5244 Α,
560 5193 606 5222 ιτ
635 5193 700 5256 δὴ
734 5193 868 5243 add.
908 5193 974 5242 A.
1049 5193 1126 5222 ’τι

257 5259 371 5333 se."
401 5258 538 5333 πέρα
567 5291 650 5333 -τ,
674 5257 1010 5333 πλεονεξίας]
1039 5256 1126 5311 καὶ

1565 5107 1611 5164 δ’
1643 5106 1746 5201 ipso
1786 5106 1947 5201 τινων
1981 5106 2216 5201 usage?)
2249 5128 2366 5201 qm.
2398 5115 2464 5200 Αἐ

635 5184 700 5256 δὴ
734 5188 868 5243 add.
908 5191 974 5242 A.
1049 5188 1095 5222 ⁸³
1125 5203 1159 5258 γ
1204 5185 1238 5252 ἠ
1271 5181 1338 5251 δὴ
1369 5181 1524 5256 κατὰ]
1562 5183 1828 5256 γρήματα
1864 5185 1928 5237 Α·
2006 5182 2054 5215 ³⁴
2085 5181 2244 5236 αὐτὸν
2283 5182 2498 5257 ἑαυτοῦ]
2530 5181 2695 5241 αὐτοῦ
2724 5181 2789 5246 Ἀ.
2865 5189 2912 5224 ⁸⁵
2949 5187 3158 5244 παίδων
3191 5192 3235 5246 Α
3266 5208 3279 5246 :
3314 5181 3548 5243 παιδίων
3579 5187 3630 5262 ς

635 5292 636 5299 η
674 5257 1010 5310 πλεονεξίας]
1039 5256 1126 5310 καὶ
1148 5204 1289 5310 “fecit
1324 5256 1493 5309 πάντα
1523 5255 1612 5308 καὶ
1649 5257 1853 5310 τάφους
1887 5249 2122 5310 συλῆσαι
2152 5253 2241 5307 καὶ
2275 5258 2611 5310 κατασκάψαι
2645 5262 2710 5310 Α.
2790 5260 2838 5295 ⁸⁸
2863 5264 2962 5310 τοῦ
2991 5279 3108 5310 nm.
3149 5265 3209 5310 Α-
3288 5260 3336 5296 89
3368 5261 3442 5310 ml
3473 5263 3630 5310 τοιοῦ

1193 5249 1289 5328 ερὰ
1324 5249 1612 5346 nivea-xiii
1635 5249 1866 5346 \r'a'upoui
1887 5249 2122 5346 συλῇριέέ
2152 5253 2241 5307 καὶ
2269 5249 2611 5346 κατασκάψαι
2645 5262 2710 5316 Α.
2790 5260 2838 5295 ⁸⁸
2863 5264 2962 5315 τοῦ
2991 5279 3108 5320 om.
3144 5265 3210 5318 Α,
3288 5260 3336 5296 89
3367 5261 3443 5333 μὴ
3473 5249 3664 5316 tomis.

1222 5345 1225 5346 ,
1340 5335 1355 5346 .
1469 5329 1511 5346 υ.
1669 5328 1684 5346 τ
1717 5345 1731 5346 ,
1871 5329 1901 5346 η
2056 5343 2065 5346 _
2194 5345 2199 5346 ,
2270 5331 2316 5346 ,..
2608 5331 2632 5346 ι.
2902 5337 2914 5346 .
3009 5335 3046 5346 -.
3151 5336 3178 5346 ..
3585 5333 3598 5346 ,
3650 5333 3664 5346 η

2182 5115 2216 5236 ξ
2249 5128 2366 5169 0m.
2398 5115 2464 5170 Α.
2562 5115 2609 5152 ⁸⁸
2635 5115 2846 5191 ἐξαρκεῖ
2875 5125 2940 5176 Α.
2969 5115 3058 5156 nu
3092 5117 3137 5172 εἰ
3169 5150 3238 5161 -
3267 5115 3666 5191 παρεσκεύασας

2182 5205 2183 5209 ‘
2218 5203 2244 5235 ν
2283 5182 2498 5236 ἑαυτοῦ]
2530 5187 2695 5236 αὐτοῦ
2726 5193 2788 5236 Α-
2865 5189 2912 5224 ³⁵
2949 5187 3158 5236 παίδων
3193 5192 3228 5236 Δ
3266 5208 3278 5236 2
3314 5185 3548 5236 παιδίων
3579 5187 3662 5236 ζ’-

2006 5182 2054 5262 ﬂ“
2085 5182 2244 5262 αύτὸγ
2283 5182 2508 5262 ἑαυτοῦΙ
2530 5182 2695 5262 αὐτοῦ
2724 5182 2833 5262 At
2865 5189 2912 5224 ⁸⁵
2949 5187 3158 5244 παίδων
3191 5192 3235 5246 Α
3266 5182 3548 5262 [παιδίων

255 5331 348 5386 τόν
379 5352 432 5386 τι
465 5324 534 5388 Ᾰ.
610 5331 659 5367 ⁹⁰
689 5329 817 5386 οὐδὲ
845 5324 1133 5400 κὴρύττειν
1166 5324 1280 5385 om.
1325 5335 1392 5384 A.
1450 5329 1514 5410 ξι
1545 5325 1685 5410 εἰπὲ]
1707 5324 1927 5410 552109:
1951 5324 2396 5410 “9"91vongstv
2429 5361 2502 5410 -Δ
2526 5324 2948 5410 ἓτίθῃςυωζιὶ.
3009 5335 3052 5370 ³³
3084 5336 3252 5388 ταῦτα
3280 5324 3668 5410 πραγματεύῃ]

257 5402 462 5476 νόμους
493 5403 754 5480 εἱσφέρεις
796 5409 865 5458 Α.
904 5395 990 5436 ’⁷9⁵
1020 5401 1149 5473 που]
1181 5419 1276 5455 σου
1307 5403 1372 5456 Α.
1449 5399 1497 5434 ⁹⁶
1526 5398 1616 5452 καὶ
1651 5395 1786 5469 μὴν]
1819 5415 1874 5468 ρ.
1909 5397 2030 5453 110.
2107 5395 2155 5432 97
2180 5400 2285 5451 τῶν
2320 5415 2436 5458 om.
2476 5405 2540 5458 A.
2617 5395 2672 5438 9⁸⁷
2693 5401 2768 5465 ὡς
2811 5403 2992 5467 οὗτος.

1823 5494 2056 5554 NOTIE.

335 5593 448 5666 (83)
483 5593 721 5666 Direpta
753 5592 910 5650 urbis
943 5591 1138 5648 facies.
1174 5589 1509 5663 Pr0pertius
1539 5607 1608 5644 an
1642 5584 1884 5643 Catulus
1907 5583 1934 5639 ?

1325 5680 1468 5750 Quid
1494 5681 1708 5752 1αοίαηί
1737 5677 1914 5734 hostes
1953 5683 2114 5750 capta
2142 5678 2424 5736 crudelius
2452 5682 2584 5740 urbe
2602 5685 2631 5738 ?
