4032 6226
177 339 349 400 1517

1254 333 1800 396 BIBLIOTHECA.
1847 363 1926 377 —
1969 331 2138 393 COD.
2167 335 2519 398 ’CCXLVII.

3431 346 3589 407 1518

173 472 296 524 τῶν
318 467 542 524 πολλῶν
574 467 666 522 καὶ
697 466 802 522 ὑπὸ
821 469 928 520 τῶν
953 464 1372 535 ὶπιεικῶν,ὥστε
1395 465 1616 541 Κριτίου
1638 484 1700 538 γε
1722 461 1836 520 οὐδ’

1959 465 2260 538 optimates
2308 469 2538 527 obnoxii
2587 471 2840 538 fuerunt,
2872 475 2938 529 ut
2967 473 3142 532 Critia
3173 477 3412 548 quidem
3441 479 3589 536 nihil

177 558 478 628 ἐπινοῆσαι
523 554 706 632 ῥᾴδιον
753 553 1133 630 ἐξωλέστερον,
1183 556 1242 616 ’ὸς
1293 553 1343 610 ἐν
1391 556 1678 630 τριάκοντα
1723 558 1839 616 τοῖς

179 647 588 719 πονηροτάτοις
617 649 724 701 τῶν
758 643 1042 716 Ἑλλήνων
1071 650 1289 720 πρῶτος
1318 647 1366 681 ⁸ο
1385 647 1472 716 ἧν,
1500 643 1627 706 τοὺς
1661 644 1752 716 μὲν
1775 640 1836 698 οὗ

180 758 320 815 φασι
355 734 464 791 δεῖν
494 736 548 792 ἐν
577 735 859 809 τεκμηρίῳ
890 737 1159 791 ποιεῖσθαι
1193 737 1277 790 δτι
1310 735 1605 809 Σωκράτης
1635 735 1678 770 ⁸1
1709 732 1840 794 τοὺς

183 827 350 886 νέους
399 821 720 902 διέφθειρεν,
753 821 866 879 οὐδ’
915 825 1044 880 εἶναι
1088 824 1154 879 τὰ
1202 823 1418 880 ἐκείνων
1469 824 1840 898 ἁμαρτήματα

184 913 310 970 οὐδ’
342 916 527 971 ὁτιοῦν
581 915 716 989 πρὸς
768 915 1064 989 Σωκράτην
1111 913 1202 970 τὸν
1245 911 1368 968 οὐδὲ
1417 913 1578 968 αὐτὸν
1625 906 1836 987 ἔξαρνον

181 1001 322 1060 ὅντα
352 1005 415 1060 τὸ
449 1005 525 1076 μὴ
559 1005 622 1059 ού
653 1001 990 1080 διαλέγεσθαι
1017 1008 1133 1066 τοῖς
1159 1005 1300 1065 νέοις
1327 1023 1340 1036 ο
1383 1003 1428 1057 εἰ
1460 1000 1505 1057 δ’
1536 1003 1840 1072 Ἀθηναίων

185 1092 375 1167 δῆμος
408 1092 462 1149 ἐν
491 1091 733 1154 πολλοῖς
764 1092 851 1147 καὶ
887 1090 1152 1169 μεγάλοις
1187 1093 1268 1154 οἷς
1297 1091 1388 1146 καί
1413 1093 1460 1128 ³³
1491 1091 1624 1164 ὑπὲρ
1673 1092 1838 1146 αὑτοῦ

179 1183 280 1239 καὶ
326 1183 458 1258 ὑπὲρ
486 1186 595 1238 τῶν
628 1181 912 1253 Ἑλλήνων
954 1179 1302 1257 διεχείρισεν,
1335 1177 1439 1236 ἔσθ’
1473 1180 1506 1234 ἃ
1543 1182 1636 1252 μὲν
1665 1180 1840 1254 ὀρθῶς

179 1273 280 1328 καὶ
332 1271 728 1348 προσηκόντως
758 1271 806 1308 ⁸⁸
860 1269 1241 1341 ἐϐουλεύσατο,
1284 1269 1395 1326 ἔστι
1447 1267 1503 1324 δὲ
1542 1269 1574 1323 ἃ
1614 1269 1706 1324 καὶ
1757 1268 1840 1338 ἐξ·

183 1365 438 1437 ἥμαρτεν
485 1361 562 1426 εἷς
607 1359 735 1424 τοὺς
781 1361 1210 1436 προεστηκάτας,
1259 1363 1410 1415 ταῦτ’
1453 1359 1688 1430 ἀξιοῦσιν
1735 1359 1844 1413 αῦ-

183 1459 309 1515 τοῖς
347 1458 466 1515 τοῖς
494 1452 824 1526 προστάταις
847 1450 1174 1526 λογίζεσθαι.
1207 1453 1409 1524 ’Ὠσπερ
1441 1450 1486 1485 ³⁴
1517 1447 1576 1503 ἂν
1608 1449 1656 1484 ⁸⁵
1685 1446 1732 1503 έί
1761 1467 1843 1510 τις

187 1543 286 1598 καὶ
335 1546 432 1597 τοῦ
491 1541 635 1596 θείου
666 1541 712 1579 ⁸⁸
761 1540 1100 1616 κατηγοροίη
1145 1545 1266 1601 τοῖς
1319 1539 1503 1602 αὐτοῖς
1554 1536 1744 1612 λόγοις
1773 1538 1840 1606 ⁸⁷,

193 1631 284 1686 ὅτι
346 1637 490 1705 χρῆν
548 1629 787 1685 αὐτοῦ8⁸
825 1629 926 1697 τὴν
983 1630 1246 1705 πρόνοιαν
1315 1627 1448 1682 εἶναι
1511 1627 1768 1697 τοιαύτην
1799 1626 1846 1664 ⁸⁹

189 1717 326 1774 ὥστ’
373 1715 583 1773 ἀδικίαν
642 1718 731 1772 καὶ
798 1715 1188 1790 ἀγνωμοσύνην
1247 1715 1452 1771 ἀνελεῖν
1507 1714 1842 1770 παντάπασιν

1947 558 2198 628 potuerit
2253 559 2340 616 vel
2397 560 2538 633 tingi
2591 561 2948 632 sceleratius,
3000 565 3100 636 qui
3149 566 3298 623 inter
3352 570 3592 641 triginta

1949 646 2276 704 Grecorum
2295 650 2581 722 pessimos
2596 651 2820 722 primus
2835 651 3170 719 fuerit,cum
3188 655 3312 725 hos,
3329 657 3590 730 inquam,

1947 739 2166 806 negant
2193 743 2538 809 argumento
2569 755 2718 806 esse,
2741 741 2898 812 quod
2925 741 3294 812 juventutem
3327 745 3592 801 Socrates

1949 832 2366 898 corrumperet,
2383 833 2484 884 aut
2499 845 2700 886 eorum
2721 835 2954 902 peccata
2972 831 3290 902 quidquam
3312 833 3380 887 ad
3401 833 3597 889 Socra-

1947 915 2063 970 tem
2083 917 2389 988 pertinere,
2405 919 2502 990 qui
2523 935 2627 974 nec
2647 920 2770 992 ipse
2787 936 2844 976 se
2863 937 2994 976 cum
3009 921 3330 991 juvenibus
3347 922 3598 992 colloqui

1947 1007 2212 1072 negaret:
2241 1021 2434 1062 verum
2461 1007 2508 1063 si
2529 1007 2779 1080 populus
2799 1009 3196 1080 Atheniensis,
3214 1009 3366 1066 inter
3387 1010 3597 1068 multas

1948 1107 2014 1148 ac
2065 1107 2301 1163 magnas
2349 1111 2442 1152 res
2486 1112 2630 1166 quas
2680 1102 2808 1154 tum
2853 1115 2953 1170 pro
2997 1116 3058 1155 se
3101 1108 3220 1156 tum
3257 1117 3359 1172 pro
3391 1099 3600 1156 Graecis

1949 1181 2152 1254 gessit,
2178 1185 2442 1256 quaedam
2477 1195 2628 1242 recte
2652 1204 2716 1242 ac
2739 1189 3011 1246 decenter
3041 1189 3292 1246 decrevit
3319 1189 3599 1246 nonnulla

1951 1287 2184 1344 quoque
2213 1272 2270 1328 in
2303 1275 2598 1345 praefectos
2630 1279 2906 1349 peccavit,
2937 1294 3005 1335 ea
3035 1286 3272 1336 censent
3315 1277 3597 1350 praefectis

1949 1360 2094 1431 ipsis
2123 1377 2254 1418 esse
2285 1362 2628 1436 imputanda
2648 1365 2676 1421 ‘2
2703 1365 2880 1438 Atqui
2931 1367 3069 1425 deos
3118 1384 3348 1440 quoque
3398 1370 3600 1425 eadem

1951 1450 2174 1507 ratione
2248 1450 2443 1510 liceret
2513 1471 2808 1522 accusare,
2867 1472 3118 1528 quorum
3177 1461 3339 1514 tanta
3398 1459 3602 1516 debeat

1953 1556 2081 1598 esse
2111 1543 2474 1614 providentia
2495 1549 2558 1601 ut
2579 1563 2812 1602 omnem
2843 1547 3200 1618 injustitiam
3223 1554 3280 1605 et
3309 1550 3600 1620 ingratum

1952 1630 2217 1688 animum
2247 1635 2438 1690 419a
2465 1651 2534 1690 ex
2566 1633 2844 1693 humanis
2873 1636 3166 1708 tollerent,
3199 1655 3269 1694 ne
3299 1639 3436 1710 quid
3469 1655 3600 1696 am-

1955 1719 2106 1790 plius
2138 1719 2408 1778 homines
2457 1739 2710 1794 usquam
2759 1724 3178 1798 delinquerent.
3205 1727 3372 1783 Nunc
3405 1731 3599 1784 autem

193 1805 248 1878 ἐξ
311 1807 608 1880 ἀνθρώπων
663 1805 754 1862 καὶ
785 1807 830 1842 ⁰⁰
890 1804 1060 1879 μηδὲν
1113 1806 1436 1878 ἁμαρτάνειν
1473 1801 1708 1878 μηδένας
1759 1805 1847 1858 ἀν-

1959 1810 2240 1878 quomodo
2288 1811 2376 1866 vel
2425 1791 2726 1884 providere
2773 1791 2952 1871 nobis
2991 1819 3288 1886 putentur,
3329 1817 3510 1873 donec
3559 1817 3602 1873 ii

195 1898 432 1972 θρώπων
491 1895 747 1972 μηδαμῆ.
780 1903 894 1952 Νῦν
953 1893 1008 1951 δὲ
1065 1901 1206 1966 πῶς,
1247 1895 1292 1950 εἰ
1349 1899 1600 1970 προνοεῖν
1649 1893 1844 1957 αὐτοὺς

194 1989 309 2063 χρή
355 1988 618 2062 νομίζειν,
677 1987 802 2043 ὅταν
854 1988 928 2060 μὴ
964 1990 1006 2024 ⁰²
1067 1987 1136 2060 [εἰ
1167 1989 1210 2024 ⁹²
1259 1983 1305 2041 δ’
1361 1985 1446 2059 ού]
1491 1985 1766 2040 παύωνται
1797 1985 1845 2022 9³

195 2075 660 2152 πλημμελοῦντες
709 2079 782 2132 ὧν
814 2077 862 2114 9⁵
935 2073 1190 2153 ἄρχουσι,
1256 2078 1330 2146 μὴ
1394 2073 1616 2137 δικαίως
1657 2077 1703 2112 ³⁵
1757 2074 1844 2128 ὑπ’

192 2166 352 2222 ἐνίων
401 2165 764 2240 ἀμελεῖσθαι;
807 2165 906 2222 Καὶ
949 2166 976 2221 ὁ
1025 2167 1120 2241 μὲν
1149 2168 1194 2203 ³⁸
1241 2165 1467 2240 ἡνίοχος
1511 2159 1843 2238 παραλαϐὼν

192 2255 544 2327 λακτίζοντας
595 2253 723 2317 τοὺς
793 2252 998 2316 ’ίππους
1073 2251 1296 2328 πραΰνει
1375 2254 1462 2309 καί
1521 2252 1844 2323 τιθασσεύει,

194 2346 284 2401 καὶ
341 2345 614 2402 τελευτῶν
643 2345 688 2382 9⁷
747 2341 830 2399 ἐπ’
885 2343 1064 2400 αὐτῶν
1123 2341 1380 2422 ἀσφαλῶς
1433 2343 1574 2398 κατὰ
1628 2340 1845 2410 πολλὴν

199 2433 482 2509 ῥᾳστώνην
525 2434 654 2489 εἶσιν
703 2434 830 2488 ὅποι
867 2432 1126 2508 βούλεται
1166 2434 1212 2469 ⁵³⁸
1236 2453 1249 2466 ·
1293 2433 1346 2486 οἱ
1387 2433 1496 2486 θεοὶ
1531 2429 1588 2486 δὲ
1619 2429 1772 2485 οὔπω
1801 2431 1848 2466 9’

197 2525 291 2580 καὶ
337 2529 430 2580 νῦν
481 2523 800 2600 ἐξῃρήκασιν
845 2521 1058 2578 ἀδικίαν
1107 2523 1156 2592 ἐξ
1207 2522 1509 2597 ἀνθρώπων
1557 2519 1618 2576 ἔκ
1662 2519 1849 2576 τοσού-

200 2635 320 2686 του,
381 2616 536 2688 [1261
593 2615 682 2684 8.]
717 2614 806 2669 καὶ
855 2617 1024 2668 ταῦτα
1075 2611 1136 2668 ἐκ
1191 2612 1392 2670 παντὸς
1446 2615 1544 2667 τοῦ
1601 2611 1794 2672 αἰῶνος
1828 2615 1845 2648 ί

201 2703 644 2776 πολιτευόμενοι,
709 2701 802 2756 καὶ
858 2703 1079 2778 προσέτι
1112 2703 1134 2738 ε
1190 2701 1263 2764 εἷς
1325 2699 1544 2763 ἑαυτοὺς
1603 2701 1848 2774 ἁμαρτά-

199 2813 388 2847 νοντας
421 2792 648 2864 ὁρῶντες
694 2787 838 2846 ἔστιν
885 2789 976 2854 οὓς
1024 2791 1203 2847 αὐτῶν
1235 2793 1277 2846 ³.
1330 2787 1507 2846 Ἀλλᾶ
1558 2790 1667 2862 μὴν
1711 2788 1802 2843 ὅτε
1830 2791 1851 2824 δ

199 2885 372 2936 ταῦτα
442 2877 557 2934 οὔδ’
615 2879 674 2933 ἂν
749 2881 830 2941 εἷς
898 2879 1148 2955 ὑγιαίνων
1206 2878 1348 2934 ε’ίποι
1409 2877 1644 2953 σπουδῇ,
1703 2876 1850 2947 πλὴν

205 2971 279 3032 ὡς
314 2971 477 3042 ἡμεῖς
506 2970 531 3004 ⁵
583 2966 674 3024 νῦν
725 2967 802 3031 εἷς
849 2963 1078 3048 ἔλεγχον
1127 2969 1322 3046 λόγου,
1371 2973 1487 3030 πῶς
1529 2968 1590 3022 οὐ
1639 2965 1846 3041 κομιδῇ

203 3057 434 3113 Πλάτων
485 3063 856 3136 συκοφαεδτοῖς
906 3059 954 3113 εἲ
985 3060 1088 3132 γὰρ
1139 3057 1172 3112 ἃ
1221 3056 1352 3132 μηδ’
1385 3059 1434 3112 οἱ
1484 3059 1594 3113 θεοὶ
1627 3059 1850 3112 πώποτε

637 3117 647 3136 Ι
845 3117 856 3128 '
998 3117 1008 3132 Ι
1061 3117 1069 3131 I
1221 3117 1232 3132 ι
1286 3117 1296 3128 ι

201 3149 556 3219 πεποιήκασι,
611 3145 751 3220 μηδὲ
801 3147 926 3220 παρ’
957 3147 1126 3216 αὐτῆς
1173 3155 1276 3218 τῆς
1321 3149 1550 3218 Ἀθηνᾶς
1597 3153 1699 3218 τῆς
1747 3167 1850 3202 πο-
1881 3117 1924 3184 C

205 3235 394 3300 λιᾶδος
453 3237 599 3313 εἶχεν
640 3237 956 3306 ἀπαιτῆσαι,
988 3240 1155 3292 ταῦτα
1211 3238 1358 3312 παρὰ
1415 3235 1854 3306 Θεμιστοκλέους

203 3327 293 3383 καὶ
365 3324 711 3402 Περικλέοςθ
786 3327 1024 3396 ἀπαιτεῖ,
1092 3326 1250 3382 αὐτὸν
1319 3325 1538 3401 ἐρωτῶν
1605 3331 1722 3387 πῶς
1789 3325 1851 3380 ού

206 3423 559 3497 συκοφαντεῖς
617 3414 746 3472 ἀλλ’
802 3416 954 3490 οἶμαι
1011 3417 1110 3484 τήν
1171 3417 1266 3490 μὲν
1324 3421 1420 3470 τοῦ
1479 3413 1660 3490 δήμου
1692 3416 1848 3496 φύσιν

209 3506 310 3562 οὐκ
353 3504 705 3576 ἠδυνήθησαν
759 3512 1122 3579 μεταποιῆσαι
1169 3502 1285 3560 οὐδ’
1335 3505 1592 3580 ἀφανίσαι
1621 3509 1640 3542 ’³
1675 3525 1688 3538 ·
1740 3501 1850 3561 ἔστι

208 3594 254 3651 δ’
282 3595 416 3666 αὕτη
474 3592 748 3668 μηδέποτε
789 3596 1035 3670 γενέσθαι
1074 3595 1248 3649 πάντα
1294 3595 1536 3672 χρηστὸν
1585 3591 1716 3667 μηδ’
1759 3595 1851 3649 ἆν-

205 3685 519 3758 αμάρτητον
556 3702 568 3716 ·
602 3682 700 3738 ὅσα
731 3682 788 3738 δὲ
825 3680 1230 3744 κινδυνεύοντας
1270 3677 1378 3736 ἔδει
1426 3684 1852 3758 προνοήσασθαι,

207 3772 259 3828 ἐν
289 3774 375 3837 οἷς
403 3773 516 3846 ἅμα
542 3773 632 3828 καὶ
663 3777 770 3828 τῶν
803 3771 1034 3828 πολλῶν
1064 3773 1154 3827 καὶ
1183 3777 1292 3827 τῶν
1327 3769 1576 3826 ἐπιεικῶν
1604 3772 1670 3840 ἦν
1703 3771 1856 3844 εὐερ-

207 3863 365 3937 γέτας
434 3861 592 3935 εἶναι,
651 3863 686 3932 ἢ
746 3861 862 3916 κατ’
925 3860 1166 3932 ἐξουσίαν
1233 3859 1572 3935 πράττοντας
1625 3859 1852 3934 ἀπάγειν

211 3951 314 4006 ἀπὸ
342 3955 452 4006 τῶν
501 3948 944 4027 δυσχερεστάτων
993 3951 1074 4006 ἀεὶ
1111 3950 1203 4006 καὶ
1235 3949 1310 4012 εἷς
1341 3951 1360 3986 ⁸
1409 3949 1703 4024 ἐλάχιστον
1734 3947 1858 4023 τρέ-

209 4061 326 4096 πειν
375 4040 441 4096 τά
495 4047 596 4111 τῆς
643 4041 852 4117 φύσεως
912 4041 1300 4114 ἁμαρτήματα,
1349 4044 1518 4094 ταῦτα
1569 4036 1667 4093 οὐκ
1713 4036 1854 4092 ἔστιν

211 4133 361 4193 ὅπως
403 4130 464 4186 οὐ
493 4131 636 4205 παρὰ
673 4131 888 4194 τούτοις
939 4134 1068 4202 [682
1116 4131 1208 4205 H.]
1258 4125 1386 4185 ὄντα
1416 4131 1728 4208 φανήσεται,
1767 4126 1858 4183 καὶ

207 4225 376 4277 ταῦτα
403 4221 540 4295 πρὸς
570 4225 651 4293 τῷ
700 4220 852 4295 λόγῳ
882 4225 962 4294 τῷ
1009 4221 1137 4295 πᾶρ¹
1167 4222 1328 4294 ἡμῶν
1361 4220 1384 4254 9
1421 4220 1514 4275 καὶ
1551 4223 1670 4282 ταῖς
1716 4219 1861 4274 ἀπο-

211 4309 404 4381 δείξεσι
477 4309 706 4366 Πλάτων
783 4309 944 4373 αὖτὸς
1019 4309 1482 4389 ἐπισφραγίζεται,
1549 4310 1641 4364 καὶ
1716 4307 1856 4364 ἔστιν

212 4403 346 4476 ἡμῖν
401 4401 666 4456 κάνταῦθα
731 4401 936 4476 μάρτυς
997 4402 1101 4456 ὑπὸ
1150 4406 1250 4470 τῆς
1309 4400 1474 4469 αὐτῆς
1525 4396 1857 4472 δεξιότητος,

209 4493 380 4567 ἧσπερ
413 4491 458 4528 ¹⁰
485 4491 581 4546 κάν
623 4496 738 4553 τοῖς
769 4490 876 4545 ἅνω
923 4491 1058 4545 κατὰ
1085 4490 1183 4558 τήν
1231 4488 1420 4564 χρείαν
1459 4488 1557 4544 ἂεί.
1591 4487 1780 4545 Καίτοι
1815 4491 1856 4551 ¹,¹

210 4584 330 4642 πῶς
370 4580 470 4635 οὐκ
515 4578 718 4636 ἄτοπον
747 4580 816 4649 ἦν
847 4580 894 4616 1³
936 4579 1002 4634 τὰ
1047 4574 1174 4654 ἔργα
1221 4583 1444 4653 κοσμεῖν
1482 4578 1710 4648 τούτων,
1758 4579 1858 4648 τὴν

216 4668 273 4726 δὲ
309 4669 587 4727 πολιτείαν
635 4669 912 4745 φαυλίζειν
942 4669 986 4706 ¹⁸
1007 4687 1020 4702 ·
1051 4668 1142 4724 καὶ
1173 4667 1207 4722 ’ὰ
1247 4671 1346 4734 τῆς
1377 4673 1487 4723 τῶν
1535 4667 1858 4725 πεισθέντων

215 4760 411 4834 ἀρετῆς
438 4759 643 4815 τίθεταί
675 4780 758 4822 τις
811 4757 1092 4833 δείγματα,
1131 4762 1298 4812 ταῦτα
1345 4759 1420 4832 μὴ
1451 4765 1552 4828 τῆς
1584 4763 1692 4814 τῶν
1739 4779 1862 4813 πει-

213 4849 416 4904 σάντων
473 4853 688 4924 πρῶτον
763 4849 1028 4924 ὑπάρχειν
1062 4849 1108 4884 ίδ
1167 4847 1456 4922 ἡγεῖσθαι;
1512 4850 1788 4924 Ἐγκειται
1819 4849 1864 4885 ⁵⁵

219 4939 312 5014 μὲν
338 4937 440 5015 γάρ
480 4959 586 4994 που
620 4940 664 4977 ¹⁶
691 4941 858 4993 ταῦτα
901 4936 1094 5011 μεταξὺ
1135 4939 1232 4990 τοῦ
1276 4935 1448 5011 μύθου
1479 4935 1678 5012 [χωρίς
1719 4957 1865 5000 τινος

1953 1898 2170 1968 quibus
2219 1899 2510 1971 imperant
2555 1919 2792 1973 peccare
2841 1921 2955 1961 non
2999 1905 3288 1976 desinant,
3337 1905 3424 1962 vel
3483 1922 3601 1961 non

1957 1989 2160 2044 merito
2191 2005 2224 2044 a
2256 1991 2608 2061 quibusdam
2657 1993 3002 2050 contemni?
3033 1997 3098 2051 Et
3129 1995 3333 2067 auriga
3362 1995 3600 2067 quidem

1957 2076 2004 2132 si
2051 2077 2385 2136 calcitrosos
2433 2080 2606 2138 habet
2652 2099 2854 2154 equos,
2907 2083 3130 2141 cicures
3161 2101 3226 2140 ac
3267 2088 3602 2141 mansueto

1955 2166 2164 2234 reddit,
2188 2175 2242 2224 et
2263 2168 2501 2239 denique
2530 2173 2658 2227 tuto
2688 2176 2744 2227 et
2765 2174 3068 2230 commode
3099 2189 3450 2246 quocunque
3480 2172 3604 2228 vult

1953 2254 2203 2322 vehitur,
2225 2256 2304 2312 dii
2333 2273 2466 2314 vero
2499 2262 2758 2316 nondum
2789 2276 2857 2317 ex
2886 2261 3220 2318 hominibus
3250 2262 3602 2333 injustitiam

1955 2344 2342 2413 sustulerunt,
2375 2363 2508 2403 cum
2563 2354 2756 2406 tamen
2785 2351 2856 2406 ab
2887 2349 3048 2406 omni
3098 2367 3214 2406 savo
3259 2367 3456 2407 rerum
3503 2351 3604 2406 ad-

1959 2432 2378 2490 ministrationi
2439 2437 2794 2508 praefuerint,
2854 2441 3024 2508 atque
3083 2438 3254 2494 etiam
3315 2437 3604 2510 quosdam

1957 2539 2159 2579 eorum
2209 2524 2268 2578 in
2313 2540 2438 2581 sese
2486 2542 2720 2596 peccare
2764 2527 3157 2596 cognoverint.
3211 2527 3356 2582 Cum
3407 2531 3604 2582 autem

1956 2612 2081 2668 haec
2111 2627 2280 2669 nemo
2309 2629 2488 2670 sanus
2515 2614 2663 2671 serio
2695 2614 2924 2680 dixerit,
2947 2615 3062 2671 nisi
3095 2617 3164 2670 ad
3200 2617 3601 2682 refutandum,

1959 2705 2024 2756 ut
2055 2717 2183 2770 nos,
2207 2701 2434 2773 liquido
2463 2701 2722 2760 cernitur
2743 2703 3007 2760 Platonis
3037 2703 3350 2761 calumnia.
3371 2704 3603 2761 Etenim

1959 2789 2010 2844 si
2041 2805 2170 2860 quae
2202 2805 2310 2846 nec
2341 2790 2420 2846 dii
2453 2807 2708 2863 unquam
2741 2792 3023 2863 fecerunt,
3048 2809 3153 2849 nec
3185 2793 3257 2850 ab
3285 2793 3416 2866 ipsa
3444 2793 3608 2849 urbis

1960 2883 2204 2954 praeside
2255 2883 2512 2940 Minerva
2553 2885 2710 2955 juste
2755 2889 2950 2958 posset
2991 2891 3206 2956 petere,
3237 2885 3358 2942 hac
3389 2903 3422 2941 a
3451 2885 3607 2942 The-

1960 2971 2226 3028 mistocle
2273 2975 2330 3028 et
2375 2972 2595 3029 Pericle
2642 2975 2917 3046 requiret,
2961 2975 3252 3046 quomodo
3302 2973 3608 3031 calumnia

1961 3060 2182 3116 crimen
2233 3061 2488 3133 effugiat,
2533 3079 2746 3134 quaero.
2797 3063 2931 3130 Sed,
2978 3068 3044 3120 ut
3092 3063 3363 3132 arbitror,
3409 3063 3612 3135 populi

1963 3153 2203 3224 quidem
2253 3158 2523 3210 naturam
2573 3169 2680 3211 nec
2712 3158 2938 3210 mutare
2970 3159 3304 3226 potuerunt,
3337 3171 3444 3212 nec
3475 3155 3614 3211 abo-

1962 3240 2101 3310 lere,
2127 3259 2254 3314 quae
2287 3242 2524 3314 quidem
2557 3247 2643 3298 est
2671 3259 2760 3312 ea,
2785 3258 3085 3316 nunquam
3119 3250 3178 3298 ut
3207 3259 3413 3298 omnes
3444 3242 3615 3314 probi

1961 3337 2020 3388 et
2045 3331 2326 3404 inculpati
2357 3332 2654 3399 exsistant,
2679 3349 2812 3388 cum
2846 3336 3034 3388 autem
3067 3331 3156 3388 vel
3188 3332 3612 3403 providendum

1962 3426 2082 3479 erat
2125 3421 2347 3494 aliquid
2401 3438 2515 3478 non
2567 3421 2692 3478 sine
2739 3421 3013 3494 periculo,
3049 3437 3161 3493 qua
3189 3422 3428 3493 quidem
3459 3421 3518 3476 in
3553 3436 3614 3477 re

1962 3511 2140 3568 simul
2171 3515 2228 3566 et
2257 3511 2436 3582 vulgi,
2468 3515 2525 3567 et
2555 3511 2905 3582 optimatum
2931 3512 3182 3583 gratiam
3215 3511 3611 3577 merebantur,

1961 3601 2048 3658 vel
2106 3617 2240 3656 cum
2299 3604 2582 3671 potestate
2641 3601 2894 3671 populus
2941 3617 2973 3654 ει
3017 3601 3194 3654 rebus
3253 3599 3614 3669 gravissimis

1962 3690 2329 3755 avertendus,
2362 3705 2428 3744 ac
2465 3693 2686 3743 naturae
2721 3693 2958 3758 peccata
2987 3687 3074 3742 vel
3103 3685 3402 3742 tantillum
3435 3687 3616 3741 corri-

1965 3778 2173 3848 genda,
2208 3776 2295 3830 his
2327 3777 2576 3845 profecto
2626 3791 2930 3846 nunquam
2963 3773 3074 3830 sibi
3107 3789 3212 3830 nec
3245 3771 3459 3845 papulo
3510 3774 3612 3830 de-

1967 3866 2219 3922 fuerunt.
2253 3863 2473 3928 Quibus
2523 3864 2697 3920 rebus
2745 3863 2902 3919 ultra
2951 3869 3210 3918 nostram
3261 3863 3618 3934 disputatio~

1967 3970 2101 4012 nem
2151 3957 2210 4009 et
2257 3953 2782 4021 confirmationem,
2836 3952 2994 4008 Plato
3055 3951 3412 4024 suffragatur
3467 3952 3616 4022 ipse,

1967 4047 2144 4114 atque
2173 4041 2266 4098 hic
2297 4040 2472 4098 etiam
2506 4041 2674 4098 nobis
2697 4039 3100 4098 testimonium
3128 4039 3392 4112 perbibet
3413 4041 3617 4096 eadem

1969 4133 2304 4190 dexteritate
2353 4149 2468 4204 qua
2496 4137 2554 4188 et
2593 4133 2654 4188 in
2710 4131 3133 4205 superioribus,
3165 4129 3621 4201 quotiescunque

1971 4222 2076 4279 fuit
2107 4239 2274 4294 Opus.
2309 4221 2644 4278 Absurdum
2672 4225 2761 4279 est
2787 4229 2980 4278 autem
3014 4236 3264 4294 quorum
3299 4220 3448 4275 facta
3478 4235 3622 4288 prae-

1971 4313 2126 4368 dicat
2157 4327 2358 4368 eorum
2386 4311 2858 4383 gubernationem
2894 4310 3231 4384 suggillare,
3257 4324 3502 4381 quaeque
3531 4323 3623 4363 eo-

1970 4417 2092 4457 rum
2121 4401 2222 4473 qui
2255 4405 2578 4473 paruerunt
2624 4400 2858 4458 virtutis
2903 4399 3064 4471 ponit
3112 4398 3350 4468 indicia,
3383 4414 3496 4454 non
3547 4396 3620 4452 iis

1969 4492 2068 4563 qui
2101 4494 2519 4562 persuaserunt
2549 4491 2798 4562 primum
2831 4490 3104 4546 tribuere.
3129 4493 3260 4544 Haec
3280 4488 3436 4544 enim
3469 4487 3625 4541 intra

1973 4579 2228 4637 fabulam
2280 4585 2420 4638 sunt
2465 4579 2674 4636 alicubi
2723 4581 2984 4651 conjecta
3025 4595 3140 4634 non
3181 4579 3515 4644 oscitanter,
3560 4577 3626 4630 ut

1973 4669 2201 4743 opinor,
2233 4685 2340 4726 nec
2369 4674 2608 4738 temere,
2642 4669 2738 4726 sed
2775 4673 2840 4725 ut
2871 4667 3044 4725 simul
3076 4671 3136 4724 et
3169 4667 3414 4724 laterent
3445 4680 3626 4736 quam

1973 4762 2248 4831 maxime,
2283 4765 2342 4816 et
2371 4759 2421 4816 si
2453 4760 2583 4831 quis
2627 4775 2694 4815 ea
2742 4762 2874 4830 post
2921 4757 3260 4822 invenisset,
3291 4772 3363 4811 ne
3393 4755 3466 4810 ab
3498 4754 3625 4825 ipso

1974 4849 2214 4922 quidem
2271 4849 2612 4905 viderentur
2668 4864 2796 4905 esse
2853 4847 3162 4920 praeterita.
3227 4845 3312 4901 Ita
3370 4843 3625 4898 mediam

1976 4939 2294 5012 quamdam
2327 4938 2552 4996 invenit
2569 4938 2743 5006 viam,
2766 4941 2940 5009 atque
2963 4937 3135 4993 etiam
3155 4935 3226 4992 ad
3251 4933 3426 4991 ﬁnem
3449 4931 3628 4988 totius

1583 5065 1823 5122 VARl/E
1863 5066 2170 5124 LECTION
2181 5066 2280 5124 ES.

290 5190 582 5268 δῗπρῶτος
637 5189 704 5268 ἦν
751 5209 867 5268 om:
903 5196 982 5268 _A-
1086 5192 1130 5230 ⁸¹
1163 5189 1246 5246 δτι
1295 5190 1337 5268 ὁ,
1374 5191 1670 5268 Sensim
1723 5189 1806 5268 ς..

1907 5191 1952 5226 ”
1983 5191 2073 5244 καὶ
2124 5195 2254 5261 post
2300 5193 2384 5252 οἷς
2433 5207 2548 5261 om.
2583 5193 2649 5247 A.

2747 5187 2794 5224 ³³
2821 5188 2912 5243 καὶ
2956 5186 3382 5262 προσηκόντως-
3407 5201 3522 5262 om.

220 5267 268 5354 εξ
297 5255 501 5354 ᾤστίερ]
535 5284 590 5354 p.
629 5255 748 5354 HQ.
825 5262 961 5354 “iv
1005 5281 1120 5354 031.
1154 5269 1218 5354 Ας
1294 5265 1467 5354 1⁸εεξιτοῦ
1504 5255 1654 5316 θείου
1687 5255 1948 5354 ειιῖάὲψιὶς1
2001 5263 2046 5350 ῗτ
2075 5255 2196 5322 τοῖς
2211 5262 2415 5354 “aid-rcis
2446 5259 2638 5335 λόγοις
2671 5278 2787 5354 οΠέἱ
2925 5261 2970 5296 ³⁸
2995 5255 3164 5354 αὶύτρῦ
3199 5265 3243 5350 ,αξ
3277 5275 3290 5314 :
3323 5256 3511 5354 αὐξοῖς
3543 5255 3625 5345 ςπ

223 5331 268 5374 δ’
291 5331 552 5392 εἶναι’)ίαῖ
582 5337 842 5404 τοιαύτην
1039 5335 1087 5371 ⁰⁰
1126 5335 1238 5390 καὶ.
1317 5337 1356 5371 ⁹¹
1393 5336 1467 5407 μή
1503 5339 1716 5407 om._A.

223 5407 428 5498 ἀδίκως
457 5408 703 5498 αὐτὸὶΑζ
766 5407 988 5498 Mforti)
1024 5407 1149 5498 μὲν1
1175 5424 1232 5479 p.
1277 5408 1398 5498 1ft.

1795 5335 1844 5369 92
1883 5333 1927 5386 εἰ

1934 5333 2030 5406 ]οἱ
2071 5339 2134 5389 Α.

1476 5406 1520 5443 ⁸⁷
1549 5405 1640 5460 καὶ
1669 5403 1947 5460 τελευτῶν
1999 5407 2041 5441 ⁸³

2739 5332 2786 5368 9⁸
2817 5333 2914 5387 ὧν.
3017 5332 3065 5366 9°
3095 5324 3466 5400 Stxaiwclatb
3501 5324 3632 5400 μῆ8¹

2685 5403 2733 5438 99
2763 5399 2916 5458 οὔπω
2947 5407 2992 5460 Α
3029 5421 3040 5458 :
3077 5399 3288 5474 οὐδέπω

2211 5333 2259 5367 ⁰³
2297 5333 2564 5388 παύονται
2595 5339 2660 5388 Λ.

2073 5403 2330 5478 βούλεται
2361 5423 2478 5478 οφ.
2513 5410 2586 5478 7A.
2685 5403 2733 5438 99
2763 5403 2916 5478 οἷξπω
2947 5407 2992 5460 Α
3029 5421 3040 5458 :
3077 5403 3288 5478 οὐδέπω
3465 5405 3626 5478 ι²Ιτοῦ

225 5469 425 5545 αίῶνος
447 5481 654 5550 παντὸς
675 5483 738 5536 Α.
817 5481 838 5515 ³
868 5479 958 5534 καὶ
987 5469 1230 5549 προσέτι.
1302 5481 1330 5550 73
1360 5477 1534 5550 αὐτῶν
1568 5495 1685 5534 om.
1712 5482 1782 5550 5L
1850 5479 1882 5550 7‘
1907 5473 2022 5550 ὅτε]
2055 5469 2130 5538 at;
2159 5477 2336 5550 A._¢bc
2510 5477 2534 5511 ⁵
2562 5478 2726 5550 ἡμεῖς
2771 5475 2864 5550 μὲν
2895 5477 2988 5550 νῦν
3017 5482 3080 5530 Α.
3174 5469 3626 5550 καί-,Περικλέους

225 5573 338 5612 om.
373 5559 444 5623 A._
518 5555 538 5588 ⁷
571 5549 684 5607 οὐδ’
719 5550 973 5623 ἀφανίσαι
1003 5567 1119 5608 om.
1152 5553 1218 5606 A.
1296 5549 1421 5623 ssi:
1449 5553 1496 5605 A
1527 5567 1543 5623 _:
1573 5549 1653 5623 rh:
1685 5549 1766 5623 ς’3

225 5718 326 5754 που
358 5713 474 5757 om.
506 5699 570 5756 A.

1844 5549 1864 5584 ο
1893 5549 2016 5586 -ὕεηῖκ

225 5573 338 5612 om.
373 5559 440 5609 A.
518 5555 538 5588 ⁷
571 5549 684 5607 οὐδ’
719 5550 973 5625 ἀφανίσαι
1003 5567 1119 5608 om.
1152 5553 1218 5606 Α.
1296 5549 1320 5584 ⁸
1345 5549 1421 5613 εἷς
1449 5553 1496 5605 Α
1529 5567 1543 5606 :
1579 5549 1653 5610 ὡς
1844 5549 1864 5584 ⁸
1893 5549 2031 5620 ἡμῖν
2063 5551 2124 5606 Α.

225 5629 270 5664 ⁸⁸
294 5625 392 5695 τὴν
426 5621 484 5680 δὲ
514 5624 646 5702 πολ.
679 5621 980 5702 φαυλίζειν]
1014 5623 1088 5677 ὧν
1118 5623 1218 5694 τὴν
1250 5620 1380 5678 πολ.
1415 5619 1698 5698 φαυλίζειν
1744 5618 1854 5675 ἐστὶ
1887 5623 1948 5676 Α.
2051 5619 2096 5656 ¹⁵

3259 5545 3300 5579 ¹²
3331 5543 3396 5612 ἦν
3430 5547 3624 5601 om.A.

3259 5618 3320 5653 I47
3447 5617 3490 5653 16
3519 5613 3623 5653 νᾶη

3519 5633 3623 5688 γαρ

2205 5547 2250 5623 ¹ῌ⁰
2281 5547 2471 5623 οἷσπερ
2503 5554 2566 5604 Α.
2595 5547 2616 5623 _'
2643 5548 2686 5584 ¹²
2717 5549 2917 5623 καίτοι]

2955 5563 3010 5619 p.
3057 5549 3180 5604 143.

2051 5619 2096 5656 ίδ
2129 5619 2395 5696 ὑπάρχειν
2428 5619 2542 5680 dm.
2577 5621 2644 5677 A.

2753 5621 2797 5656 ‘5
2825 5613 3084 5696 ἔγκεῖται]
3117 5638 3174 5694 p.
3218 5618 3340 5676 147.
