4032 6226
189 357 370 416 1521

1282 355 1822 422 BIBLIOTHECA.
1869 387 1942 403 --
1989 356 2162 418 COD.
2207 359 2538 420 CCXLV”.

3475 365 3631 424 “322

177 489 361 543 ’Ἱῐστι
424 488 518 561 μὲν
565 487 670 564 γὰρ
717 485 784 558 δή
834 509 940 543 που
970 489 1014 526 ⁴¹
1076 486 1388 565 ῥητορεύειν
1441 491 1502 545 τὸ
1559 492 1626 546 τὰ
1674 487 1833 545 δέοντι

1981 489 2120 548 tium
2153 509 2219 548 ac
2249 495 2578 566 parentium
2612 497 2950 552 concordiae.
2977 483 3116 554 Nam
3143 501 3494 572 projustitia
3527 504 3628 558 de-

178 573 438 651 ἒξευρεῖν
481 578 530 612 ⁴²
587 576 676 630 καὶ
743 577 899 649 τάξαι
955 579 1042 633 καὶ
1115 579 1181 633 τὰ
1237 579 1510 653 πρέποντα
1566 577 1862 636 ἀποδοῦναι

187 667 348 738 μετά
379 666 596 740 κόσμου
644 666 734 721 καὶ
767 664 1067 740 δυνάμεως.
1101 669 1357 725 Φαίνεται
1407 667 1463 724 δὲ
1493 672 1527 740 ἡ
1570 671 1664 744 μὲν
1715 668 1860 744 εὕρε-

181 774 284 814 σις
345 755 481 809 κατὰ
531 756 629 824 τήν
688 755 952 832 φρόνησιν
1001 755 1228 834 ἔχουσα,
1289 757 1439 836 εἴπερ
1473 759 1518 795 ⁴³
1577 761 1865 834 ἀμήχανον

183 846 528 922 φρονήσεως
610 845 1046 920 ἀπολειπόμενον
1123 852 1230 903 τῶν
1314 849 1611 928 χρησίμων
1687 850 1862 924 εὑρεῖν

185 935 395 988 ὁτιοῦν
422 935 488 1003 ⁴⁸,
536 937 570 1004 ἡ
631 932 688 990 δὲ
737 937 1060 1014 σωφροσύνη
1111 939 1246 994 κατὰ
1295 942 1394 1008 τὴν
1450 937 1776 1018 διαχείρισιν
1818 939 1864 976 ⁴⁶

185 1019 341 1077 οὖσα
387 1023 478 1077 καὶ
525 1025 624 1092 τῆν
675 1029 781 1079 τῶν
829 1025 1148 1102 ἡγουμένων
1196 1048 1254 1082 τε
1307 1028 1396 1082 καὶ
1457 1028 1682 1084 εῗκότων
1730 1050 1864 1101 συμ-

180 1110 408 1186 φωνίαν
437 1132 450 1145 ’
501 1112 617 1168 ἀντὶ
651 1114 698 1149 ⁴⁸
746 1111 792 1168 δ’
841 1114 1006 1183 αὐτῆς
1049 1116 1092 1151 ⁸⁷
1147 1112 1497 1188 δικαιοσύνης
1542 1119 1604 1172 τὸ
1653 1119 1858 1192 πρέπον

178 1203 363 1256 τιθεῖ.
395 1206 564 1257 Τοῦτο
597 1199 655 1257 δέ
693 1201 834 1258 ἐστιν
886 1205 1052 1258 ὁποῖα
1083 1207 1127 1242 ⁴⁸
1166 1205 1297 1262 ἅττα
1345 1207 1437 1261 καὶ
1481 1207 1658 1261 ὁπόσα
1689 1227 1861 1282 προσ-

181 1291 323 1360 ήκει
357 1291 565 1364 ἑκάστῳ
597 1297 766 1346 σῶσαι
796 1297 876 1364 τῷ
905 1294 1215 1370 πράγματι.
1250 1294 1432 1350 Ἀλλὰ
1466 1297 1573 1369 μὴν
1613 1293 1861 1369 ἀνδρείας

179 1379 252 1434 ἐκ
281 1383 384 1434 τοῦ
429 1379 612 1442 εύθέος
662 1379 787 1436 οὐδὲ
835 1380 978 1437 οὕτω
1019 1385 1140 1419 ⁴⁹’⁵⁰
1189 1385 1434 1459 μετέχειν
1491 1386 1566 1446 ὡς
1617 1385 1644 1438 ὁ
1697 1383 1859 1459 λόγος

186 1466 466 1544 βούλεται
497 1487 510 1500 ·
543 1471 606 1524 τὸ
635 1470 742 1544 γὰρ
781 1473 1034 1526 ταπεινὸν
1079 1473 1168 1526 καὶ
1201 1472 1408 1547 ἀγεννὲς
1451 1471 1607 1528 οὐδὲν
1659 1471 1857 1544 οὕτως,

187 1556 273 1616 ὡς
307 1557 337 1611 ὁ
379 1555 568 1631 λόγος,
616 1557 840 1630 ἐξορίζει
889 1561 978 1615 καὶ
1016 1561 1340 1638 ὑπερφρονεῖ
1371 1581 1382 1594 ·
1436 1564 1538 1617 εἶεν
1565 1564 1634 1619 ⁵⁸.
1688 1564 1858 1625 Οὗτος

185 1645 217 1700 ὁ
249 1647 525 1701 νουθετῶν
577 1646 778 1704 ἆνύτει.
813 1647 980 1712 Οὗτος
1011 1651 1039 1704 ὁ
1092 1657 1412 1728 κατηγορῶν
1443 1653 1754 1707 πιστεύεται
1787 1654 1853 1708 ⁵³.

180 1734 298 1790 Καὶ
338 1736 448 1808 μὴν
494 1733 642 1797 ὅστις
672 1737 720 1774 ⁵³
759 1758 818 1812 γε
850 1737 883 1792 ἓι
929 1747 1172 1810 προσῆκε
1203 1740 1383 1817 λέγειν
1433 1739 1600 1806 οἶδεν,
1633 1741 1778 1796 οἶδεν
1815 1743 1860 1778 ⁵³

1977 598 2176 637 corum
2227 587 2498 654 ponatur,
2533 587 2686 656 quod
2722 586 2782 639 in
2811 603 2874 640 co
2909 588 3187 654 consistit,
3222 595 3284 644 ut
3314 596 3536 660 quanta
3573 601 3625 647 et

1973 671 2171 742 qualia
2203 672 2445 745 singulis
2471 675 2645 730 rebus
2695 675 3067 738 conveniant,
3106 678 3458 733 observetur.
3493 682 3624 736 For-

1972 760 2282 816 titudinem
2315 765 2512 817 autem
2548 763 2694 818 nihil
2729 764 2870 818 adeo
2905 763 3168 834 requirit,
3203 771 3267 820 ut
3298 769 3496 822 oratio.
3533 771 3624 824 Ni-

1971 849 2052 904 hil
2083 851 2240 906 enim
2274 851 2624 906 exterminat
2657 852 2888 922 longius
2912 869 2975 908 ac
2994 853 3238 924 despicit
3269 871 3430 925 aeque
3465 857 3624 927 igno-

1971 937 2250 994 bilitatem
2299 956 2473 1010 quam
2523 939 2728 996 oratio.
2762 942 2897 1004 Quae
2930 957 3061 996 cum
3111 941 3189 996 ita
3241 959 3301 998 se
3350 943 3619 1013 habeant,

1970 1027 2091 1083 haec
2123 1029 2490 1085 admonendo
2515 1031 2770 1100 proﬁcit,
2803 1033 2858 1086 et
2891 1032 3222 1087 accusando
3256 1032 3430 1087 ﬁdem
3463 1033 3617 1090 facit.

1968 1117 2111 1173 Nam
2140 1119 2239 1189 qui
2267 1120 2408 1190 quid
2441 1119 2752 1175 dicendum
2789 1120 2866 1175 sit
2899 1122 3079 1186 novit,
3115 1122 3252 1194 quid
3289 1123 3616 1180 faciendum

1967 1207 2044 1262 sit
2071 1223 2184 1262 non
2215 1207 2484 1281 ignorat:
2518 1212 2576 1264 et
2607 1225 2778 1265 nemo
2809 1213 3000 1282 potest
3030 1211 3254 1283 agenda
3285 1212 3615 1284 praecipere,

1968 1296 2067 1368 qui
2101 1297 2240 1369 quid
2275 1299 2560 1368 agendum
2594 1297 2665 1352 sit
2693 1297 2936 1369 ignorat.
2971 1299 3116 1354 Nam
3151 1305 3364 1372 quanto
3407 1301 3616 1359 melius

1967 1391 2056 1442 est
2097 1387 2381 1458 imperare
2428 1403 2604 1459 quam
2637 1388 2991 1456 ministrare,
3025 1393 3188 1446 tanto
3221 1393 3453 1461 praestat
3484 1408 3614 1462 quae

1966 1480 2192 1547 oportet
2239 1477 2428 1532 dicere
2477 1493 2653 1548 quam
2705 1477 2906 1532 facere.
2945 1477 3017 1533 Ut
3055 1478 3212 1533 enim
3263 1478 3360 1534 ille
3409 1481 3610 1538 multis

1966 1566 2277 1622 consilium
2317 1565 2596 1637 impertit,
2629 1566 2710 1621 ita
2741 1565 2834 1621 hic
2882 1566 3066 1622 instar
3116 1567 3354 1623 alterius
3385 1573 3470 1624 est
3499 1587 3603 1624 cu—

1957 1655 2170 1728 jusvis.
2229 1659 2415 1722 Quare
2473 1655 2628 1712 sicut
2684 1655 2985 1712 architecti
3043 1657 3222 1713 fabris
3283 1659 3610 1716 necessario

1964 1750 2261 1818 praestant,
2295 1745 2566 1817 quamvis
2611 1744 2670 1800 in
2719 1746 2918 1801 eodem
2963 1750 3270 1802 versentur
3299 1763 3490 1817 opera,
3525 1747 3609 1804 sic

184 1823 222 1878 ἃ
254 1823 510 1898 πράττειν
541 1828 810 1900 προσήγει
837 1847 849 1858 ⁸
901 1827 1078 1892 οὐδεὶς
1106 1831 1208 1904 γὰρ
1244 1827 1384 1885 ἔστιν
1414 1829 1584 1897 ὅστις,
1616 1831 1648 1884 Ξι
1677 1851 1833 1904 προσ·

1958 1848 2057 1890 eos
2087 1835 2188 1906 qui
2217 1835 2276 1889 in
2307 1835 2428 1890 foro
2459 1837 2515 1889 et
2554 1834 2797 1890 dicendo
2845 1833 3204 1905 praecellunt,
3239 1834 3448 1890 horum
3493 1836 3609 1890 mi-

183 1915 314 1984 ήκει
374 1916 626 1990 πράττειν
682 1916 848 1972 εἰπεῖν
927 1915 1104 1985 εἰδὼς,
1165 1920 1198 1974 ἃ
1252 1921 1517 1994 προσήκει
1595 1922 1847 1996 πράττειν

182 2003 400 2081 ἀγνοεῖ,
458 2003 576 2060 οὐδ’
636 2007 782 2067 ὅστις
858 2009 1067 2082 ἀγνοῶν
1137 2009 1170 2064 ἃ
1227 2013 1490 2084 προσήκει
1569 2012 1841 2085 πράττειν,

183 2091 362 2148 εἰπεῖν
415 2089 552 2168 ἔχει,
587 2097 808 2167 Ὅσῳ⁵⁵
859 2098 960 2172 γὰρ
991 2100 1036 2134 ⁵⁸
1084 2100 1274 2174 ἄρχειν
1319 2098 1536 2174 βέλτιον
1587 2099 1842 2172 ἢδιακο-

181 2187 317 2252 νεῖν,
368 2184 614 2256 τοσούτῳ
647 2183 824 2260 λέγειν
869 2187 936 2241 τὰ
984 2185 1171 2243 δέοντα
1224 2188 1441 2264 βέλτιον
1489 2189 1524 2259 ἢ
1567 2193 1837 2264 πράττειν.

179 2271 240 2324 Ὀ
287 2272 383 2343 μὲν
433 2272 558 2348 γὰρ,
618 2275 798 2346 οἶμαι,
855 2273 1090 2337 πολλοῖς
1150 2274 1463 2352 σύμϐουλος
1523 2279 1748 2354 γίνεται,
1812 2283 1839 2336 ὁ

183 2357 244 2415 δὲ
291 2359 408 2414 ἀνθ’
459 2362 536 2414 t‘
625 2361 724 2418 ’¹λλ
935 2366 948 2382 ‘
1089 2366 1100 2388 ’
1321 2370 1343 2388 "
1595 2368 1623 2389 τ
1779 2369 1790 2388 ‘

486 2383 575 2424 νος
615 2385 646 2417 α
731 2384 794 2418 ου
840 2386 986 2426 τινος
1043 2388 1269 2444 γινεται.
1346 2377 1523 2442 Ωσπερ
1565 2391 1653 2424 ουν
1711 2391 1836 2432 τους

181 2448 576 2525 ἀρχιτέκτονας
639 2457 746 2507 τῶν
805 2455 1066 2510 τεκτόνων
1126 2458 1344 2535 ἀνάγχη
1415 2459 1696 2534 προέχειν,
1750 2455 1838 2514 όν-

175 2559 276 2600 τας
307 2541 353 2576 ⁵7
403 2538 557 2613 ὅμως
611 2545 733 2616 περὶ
777 2545 946 2598 ταυτά
993 2544 1026 2598 ἃ
1061 2547 1152 2600 καὶ
1183 2547 1231 2583 ⁸⁸
1274 2555 1374 2617 τῆς
1419 2553 1526 2604 τῶν
1570 2552 1832 2605 τεκτόνων

177 2623 328 2681 ἐστὶν
387 2625 695 2703 ἐμπειρίας,
757 2630 898 2685 οὕτω
964 2633 1054 2686 καὶ
1123 2635 1248 2696 τοὺς
1302 2634 1352 2689 ἐν
1425 2641 1544 2700 ταῖς
1613 2637 1834 2712 ἀγοραῖς

179 2715 420 2777 καὶτοῖς
471 2715 659 2792 λόγοις
707 2721 1044 2793 προέχοντας
1074 2726 1180 2776 τῶν
1237 2725 1455 2786 τούτοις
1501 2726 1830 2800 ὑπηρετούν-

177 2823 292 2857 των
355 2803 607 2876 βελτίους
640 2806 668 2859 ὁ
729 2809 966 2876 πειητῆς
1015 2807 1176 2880 ἔθηκε
1223 2812 1312 2865 καὶ
1369 2819 1656 2887 προσεῖπεν
1711 2817 1831 2888 ἀρι-

175 2897 408 2966 πρεπεῖς
469 2891 618 2964 μάλα
677 2893 852 2968 ὀρθῶς
908 2900 1242 2970 προσειπών.
1297 2901 1356 2956 Εἰ
1407 2901 1463 2958 δὲ
1502 2903 1548 2938 ⁵9
1604 2901 1686 2958 δεῖ
1741 2906 1830 2960 καὶ

185 2980 355 3068 μῦθον
415 2979 614 3068 λέγειν,
647 2978 864 3038 δέδοικα
925 2987 1018 3058 μὲν
1066 2985 1175 3061 ἐγὼ
1237 2991 1314 3063 μή
1359 2991 1448 3045 καὶ
1503 2997 1621 3053 ταῖς
1665 3015 1829 3068 γραυ-

183 3065 268 3120 σὶν
313 3068 462 3158 ἡμᾶς
492 3067 740 3158 ,ἐξούλης
793 3070 982 3148 ὀφλεῖν
1023 3075 1380 3134 ἐπισκώπτων
1423 3084 1496 3158 φῇ
1554 3103 1637 3144 τις
1678 3065 1828 3158 ’ἆνήρ

1959 1925 2152 1980 nistris
2185 1926 2352 1995 poeta
2384 1922 2651 1978 meliores
2699 1925 2913 1993 posuit,
2947 1927 3003 1978 et
3041 1923 3300 1978 illustres
3350 1924 3602 1995 appella-

1958 2015 2056 2084 vit,
2091 2015 2268 2084 idque
2299 2013 2612 2068 admodum
2645 2017 2816 2067 recte.
2851 2013 3012 2076 Quod
3041 2012 3086 2067 si
3121 2011 3318 2067 fabula
3372 2029 3601 2084 quoque

1954 2105 2244 2161 narranda
2300 2107 2408 2166 est,
2442 2117 2638 2158 vereor
2686 2101 2976 2172 equidem,
3031 2117 3103 2156 ne
3151 2102 3284 2172 quis
3332 2101 3600 2158 aniculas

1951 2194 2257 2251 nobiscum
2280 2192 2423 2246 unde
2439 2191 2496 2247 vi
2520 2207 2691 2263 posse
2712 2206 2882 2262 agere
2903 2191 3054 2245 dicat
3079 2190 3394 2260 perjocum
3417 2191 3599 2244 comi-

1949 2301 2072 2342 cus.
2097 2283 2391 2339 Proferam
2421 2285 2616 2336 tamen
2651 2279 2926 2346 fabulam,
2955 2295 3068 2334 non
3095 2284 3309 2334 temere
3330 2277 3390 2332 in
3413 2277 3597 2349 seipsa

1950 2373 2333 2438 desinentem,
2357 2371 2454 2426 sed
2486 2378 2540 2426 et
2569 2385 2702 2426 cum
2737 2385 2930 2424 rerum
2967 2368 3079 2422 ﬁde
3109 2368 3502 2436 conjunctam.
3527 2368 3596 2422 Et

1949 2463 2228 2536 quoniam
2260 2461 2638 2516 Prometheus
2667 2459 2782 2528 (87)
2812 2457 3110 2527 sigillatim
3145 2457 3438 2524 omnibus,
3464 2471 3592 2510 sen-

1947 2569 2050 2609 sus
2079 2559 2132 2608 et
2163 2550 2276 2606 alia
2297 2549 2555 2620 corporis
2586 2547 2848 2603 membra
2879 2547 3176 2611 formarat,
3205 2561 3318 2599 non
3343 2545 3421 2599 ita
3441 2544 3592 2599 Mer-

1946 2643 2108 2698 curio
2141 2639 2409 2711 praacepit
2436 2637 2684 2707 Jupiter,
2712 2635 2879 2706 quasi
2905 2633 3246 2689 theatralem
3279 2633 3588 2703 pecuniam

1945 2730 2134 2788 42Gb
2186 2727 2581 2793 distribuerat,
2621 2729 2686 2779 ut
2735 2739 2940 2778 omnes
2987 2738 3056 2777 ex
3103 2722 3304 2776 ordine
3351 2721 3590 2777 rhetori-

1943 2837 2092 2888 cam,
2126 2817 2294 2890 quasi
2323 2815 2544 2880 oculos,
2567 2829 2802 2879 manus,
2827 2819 2923 2868 aut
2955 2812 3130 2882 pedes
3162 2826 3590 2880 consequeren-

1941 2915 2058 2978 tur,
2092 2909 2194 2964 sed
2245 2906 2494 2977 Optimos
2543 2918 2808 2975 quosque
2838 2907 2896 2957 et
2922 2899 3342 2966 nobilissimos,
3377 2915 3443 2953 ac
3491 2915 3589 2954 na-

1943 3005 2073 3054 tura
2099 2994 2462 3052 validissima
2493 2991 2764 3064 prmditos
2795 2989 3090 3061 seligeret,
3117 2987 3329 3059 quibus
3351 2987 3458 3042 hoc
3489 2988 3590 3043 do-

1943 3105 2086 3144 num
2131 3085 2474 3158 impertiret,
2507 3099 2622 3155 quo
2670 3097 2790 3137 sese
2839 3079 3056 3152 pariter
3081 3083 3137 3135 et
3169 3079 3312 3134 alios
3357 3093 3587 3134 servare

170 3156 444 3228 κωμικὸς,
487 3155 594 3231 ἐρῶ
645 3155 701 3213 δὲ
749 3158 811 3214 οὗ
865 3165 1034 3234 μῦθον
1083 3163 1270 3228 ἄλλως
1317 3153 1478 3224 αὐτδν
1519 3170 1594 3233 εἰς
1641 3153 1826 3228 ἑαυτὸν

1950 3179 2197 3249 possent.
2216 3153 2360 3230 ’.ἶσαι
2410 3153 2543 3230 cum
2584 3173 2656 3227 ad
2693 3169 2960 3226 homines
2990 3187 3022 3224 ιι
3051 3169 3164 3224 diis
3203 3173 3358 3224 esset
3403 3167 3589 3224 delata

173 3242 542 3314 τελευτῶντα,
587 3245 733 3301 ἀλλὰ
765 3249 854 3306 καὶ
901 3250 1188 3324 ἐνταῦθαὴ
1239 3259 1384 3331 παρὰ
1427 3263 1535 3314 τῶν
1576 3261 1830 3337 πραγμά-

171 3354 284 3388 των
340 3337 710 3408 πρυσέσται⁶⁰
776 3337 974 3401 πίστις.
1005 3343 1064 3396 ’0
1124 3343 1218 3416 μὲν
1246 3345 1288 3381 ⁸³
1349 3345 1443 3402 οὖν
1503 3351 1826 3423 Προμηθεὺς

170 3425 293 3478 καθ’
322 3420 546 3480 ἕκαστον
599 3425 682 3481 ἐπ’
715 3425 842 3498 *ίσης
874 3432 918 3466 ⁸³
967 3431 1134 3486 ἅπασι
1183 3435 1275 3497 τάς
1322 3456 1380 3490 τε
1413 3420 1690 3508 αἰσθήσεις
1741 3443 1830 3495 καὶ

181 3513 250 3568 τὰ
276 3512 416 3586 μέλη
448 3519 545 3570 τοῦ
579 3517 834 3589 σώματος
867 3522 1278 3593 συμπεπλακὼς
1307 3527 1354 3562 ⁸³
1383 3527 1448 3596 ἧν
1477 3527 1743 3601 πρότερον
1763 3531 1828 3567 ⁸⁸·

179 3603 272 3657 τὸν
323 3600 380 3657 δὲ
428 3608 634 3678 Ἑρμῆν
685 3604 792 3685 οὺχ
842 3607 1014 3671 οὕτως
1060 3609 1336 3667 ἐκέλευσεν
1397 3615 1424 3668 ὁ
1473 3616 1598 3678 Ζεὺς
1651 3618 1832 3694 ὥσπερ

186 3693 448 3766 θεωρικοῦ
509 3691 748 3749 διάδοσιν
823 3693 1047 3767 διελεῖν,
1100 3697 1191 3754 ἵνα
1259 3702 1454 3765 πάντες
1533 3691 1832 3781 ῥητορικῆς

187 3779 374 3870 ἐφεξῆς
425 3784 707 3858 μετέχοιεν
767 3784 945 3860 ὥσπερ
997 3787 1294 3865 ὀφθαλμῶν
1341 3791 1430 3844 καὶ
1482 3779 1684 3870 χειρῶν
1744 3798 1834 3850 καὶ

191 3867 394 3943 ποδῶν,
429 3871 554 3926 ἁλλ’
585 3871 975 3948 ἐπιλεξάμενον
1005 3875 1134 3938 τοὺς
1167 3877 1416 3954 ἀρίστους
1457 3867 1548 3935 καί
1579 3903 1833 3956 γενναιο-

193 3959 382 4022 τάτους
440 3960 530 4015 καὶ
605 3963 700 4025 τὰς
761 3963 945 4042 φύσεις
1021 3965 1544 4042 ἐρρωμενεστάτους,
1618 3973 1834 4036 τούτοις

191 4050 488 4125 ἐγχειρίσαι
538 4053 600 4108 τὸ
650 4051 848 4128 δῶρον,
891 4054 979 4111 τίνα
1029 4058 1170 4131 ὁμοῦ
1222 4065 1354 4138 σφᾶς
1401 4081 1458 4116 τε
1504 4061 1697 4125 αὐτοὺς
1745 4065 1834 4120 καὶ

185 4139 310 4201 τοὺς
342 4138 546 4203 ἄλλους
592 4144 784 4212 σώζειν
817 4143 1020 4220 ἔχοιεν,
1075 4147 1452 4222 Ἀφικομένης
1500 4149 1556 4206 δὲ
1608 4151 1834 4228 ῥητορι-

190 4234 292 4297 κῆς
325 4229 382 4283 ἐκ
430 4232 564 4284 Θεῶν
618 4230 790 4294 οὕτως
819 4231 872 4297 ἐς
913 4234 1256 4310 ἀνθρώπους,
1286 4237 1632 4310 ἠδυνήθησαν
1669 4243 1764 4315 μὲν
1790 4245 1835 4280 ⁵⁵

189 4317 463 4392 ἅνθρωποι
519 4321 620 4389 τήν
683 4324 816 4394 μετὰ
873 4330 980 4380 τῶν
1039 4328 1243 4402 θηρίων
1317 4326 1522 4385 δίαιταν
1577 4332 1828 4407 χαλεπὴν

189 4405 454 4484 ὖκφυγεῖν,
503 4408 802 4466 ἐπαύσαντο
853 4412 910 4468 δὲ
957 4413 1150 4490 ἐχθροὶ
1199 4419 1390 4480 πάντες
1449 4405 1615 4482 ὄντες
1648 4421 1830 4494 ἀλλή-

188 4493 306 4558 λοις
337 4495 388 4551 ἐν
419 4497 630 4572 κύκλῳ,
659 4501 952 4567 κοινωνίας
982 4501 1039 4559 δὲ
1069 4505 1222 4580 εὗρον
1257 4509 1452 4582 ἀρχὴν.
1495 4493 1830 4574 Καταϐάντες

187 4583 242 4672 δὲ
270 4583 329 4640 ἐκ
362 4591 469 4641 τῶν
500 4589 641 4664 ὀρῶν
675 4588 838 4646 ἄλλοι
870 4595 984 4648 κατ’
1017 4592 1161 4651 ἄλλα
1196 4593 1332 4672 μέρη
1361 4605 1460 4667 τῆς
1501 4599 1828 4672 οἰκουμένης

187 4671 582 4744 έπλησιάσαντό
642 4699 705 4752 γε
769 4685 986 4754 πρῶτον
1030 4671 1305 4758 ὕπαιθροι,
1369 4686 1503 4758 μετά
1559 4684 1616 4741 δὲ
1663 4671 1826 4744 τοῦτο

186 4759 291 4834 ἤδη
337 4762 502 4841 λόγου
548 4769 862 4838 νικήσαντος
910 4771 1070 4828 πόλιν
1115 4793 1174 4828 τε
1227 4779 1676 4832 κατεσκευάσαντο
1733 4780 1820 4833 καὶ

188 4849 522 4928 διεκρίθησαν
553 4859 597 4894 ⁸⁸
653 4855 759 4933 ούχ
808 4857 986 4936 ὥσπερ
1045 4862 1329 4938 πρότερον,
1391 4866 1464 4928 ὡς
1525 4865 1713 4943 ἔτυχεν
1753 4869 1819 4936 ⁸⁷,

183 4941 314 5018 [καὶ]
342 4941 419 5008 εἷς
447 4945 510 5000 τὸ
539 4951 629 5002 νῦν
657 4953 855 5022 σχῆμα
882 4951 972 5005 καὶ
1004 4951 1216 5026 ἀξίωμα
1248 4953 1436 5032 χρόνῳ
1465 4977 1522 5010 τε
1549 4941 1657 5010 κιπιὶ⁷
1687 4957 1824 5012 κατᾶ

1939 3266 2248 3332 rhetorica,
2293 3269 2416 3320 tum
2469 3266 2528 3319 et
2573 3261 2898 3317 belluarum
2949 3262 3225 3314 terrorem
3279 3261 3587 3329 potuerunt

1941 3356 2214 3427 effugere,
2239 3357 2296 3409 et
2313 3350 2650 3408 inimicitias
2683 3349 2942 3420 undique
2964 3349 3375 3418 deposuerunt,
3401 3363 3468 3402 ac
3488 3363 3585 3400 so-

1941 3444 2162 3502 cietatis
2213 3443 2560 3498 invenerunt
2603 3439 2858 3494 initium.
2911 3440 2988 3491 De
3043 3435 3344 3491 montibus
3391 3435 3589 3507 itaque

1942 3532 2383 3600 descendentes,
2412 3529 2510 3587 alii
2541 3531 2612 3586 ad
2646 3528 2760 3584 alia
2791 3527 2916 3584 loca
2942 3526 3050 3582 sibi
3085 3525 3334 3582 invicem
3385 3541 3590 3596 appro-

1941 3624 2324 3696 pinquarunt,
2357 3637 2421 3676 ac
2467 3620 2722 3690 primum
2771 3616 3009 3687 quidem
3059 3615 3169 3670 sub
3221 3615 3336 3682 dio,
3387 3619 3590 3684 postea

1940 3728 2074 3768 vero
2105 3712 2490 3765 invalescente
2535 3707 2658 3775 jam
2703 3719 2989 3769 sermone,
3021 3704 3224 3756 urbem
3256 3707 3586 3756 construxe-

1945 3803 2104 3866 runt,
2130 3813 2194 3852 ac
2215 3795 2557 3850 divisionem
2589 3793 2678 3846 sui
2711 3791 3088 3846 instituerunt
3121 3804 3232 3843 non
3269 3787 3586 3856 fortuitam,

1945 3892 2008 3941 ut
2037 3887 2198 3950 olim,
2220 3884 2320 3939 sed
2343 3883 2404 3936 in
2437 3883 2682 3936 formam
2716 3877 3177 3949 dignitatemque
3207 3873 3583 3944 collegiorum

1945 3973 2224 4048 paulatim
2255 3971 2567 4026 redactam.
2599 3970 2786 4040 Atque
2819 3966 2976 4021 hunc
3005 3965 3241 4036 quidem
3274 3963 3487 4018 habeat
3517 3964 3584 4018 ii-

1945 4080 2080 4120 nem
2131 4061 2348 4130 fabula,
2383 4059 2570 4130 capite
2619 4073 2868 4130 quoque,
2903 4054 2962 4110 ni
3005 4053 3195 4122 fallor,
3228 4068 3344 4107 non
3391 4053 3586 4124 inepto

1943 4153 2202 4225 praedita.
2237 4153 2646 4207 Verumtamen
2682 4164 2797 4202 non
2830 4161 2959 4202 esse
2993 4143 3246 4198 fabulam
3277 4142 3448 4211 hanc,
3482 4157 3586 4197 nec

1942 4258 2062 4299 rem
2095 4242 2288 4298 (ictam
2321 4241 2420 4295 sed
2453 4254 2672 4306 veram,
2696 4239 2868 4306 atque
2897 4234 3154 4306 ipsarum
3179 4247 3372 4286 rerum
3406 4232 3585 4286 ratio-

1941 4349 2094 4400 nem,
2127 4347 2194 4386 ex
2243 4329 2386 4400 ipsis
2427 4332 2600 4399 patet.
2635 4325 2994 4396 Quapmpter
3040 4321 3086 4377 si
3135 4319 3303 4376 etiam
3347 4319 3584 4391 propius

1940 4437 2268 4478 sermonem
2297 4419 2606 4485 deduxero,
2630 4415 2846 4470 mirum
2870 4413 2979 4468 nisi
3001 4410 3238 4467 delicias
3259 4409 3318 4464 in
3341 4411 3581 4465 demon-

1940 4512 2320 4568 strationibus
2368 4509 2556 4564 facere
2608 4505 2954 4566 videbimur,
2991 4519 3096 4557 nec
3143 4500 3326 4556 ultum
3373 4500 3585 4572 poterit

1941 4601 2349 4672 argumentum
2381 4597 2606 4663 fortius,
2632 4614 2662 4650 ει
2681 4609 2970 4666 quoquam
2995 4591 3081 4646 vel
3103 4591 3344 4661 sperari,
3365 4587 3580 4643 nedum

1937 4690 2209 4746 inveniri.
2241 4689 2436 4758 Neque
2465 4687 2621 4742 enim
2668 4685 2793 4756 ipse
2841 4686 3066 4737 tantum
3119 4679 3306 4744 Plato,
3341 4685 3396 4733 ut
3429 4693 3578 4747 saepe

1935 4786 2089 4846 ante,
2113 4780 2212 4834 sed
2245 4781 2302 4833 et
2329 4777 2390 4832 in
2420 4776 2512 4831 his
2541 4773 2686 4846 ipsis
2715 4771 3106 4837 sermonibus,
3141 4769 3396 4824 mirabili
3419 4767 3579 4822 vide-

1933 4869 2068 4924 licet
2097 4883 2266 4939 opere
2299 4868 2490 4938 palam
2525 4865 2740 4919 fatetur
2769 4861 3116 4917 rhetoricam
3159 4857 3378 4929 optima
3427 4871 3580 4926 quae-

1933 4975 2046 5030 que
2065 4973 2253 5029 agere.
2269 4955 2398 5012 Hac
2419 4955 2489 5010 de
2504 4951 2884 5009 oblectatione
2901 4955 2954 5006 et
2975 4948 3246 5016 utilitate,
3262 4949 3325 5001 ut
3341 4961 3416 5000 se
3425 4946 3575 5014 pius,

1541 5083 1785 5139 VARI/ﬂ
1826 5083 2228 5139 LECTIONES.

249 5196 289 5280 :1
320 5191 384 5264 δή
417 5215 520 5250 που
560 5202 777 5280 _om._A.
805 5269 817 5280 ι
853 5201 898 5235 ⁸³
921 5201 1201 5280 εὑρεῖν-Α.
1249 5206 1325 5280 _‘3
1354 5203 1505 5280 εἷ’περ
1544 5209 1590 5243 ⁸⁸
1622 5207 1799 5261 ὁτιοῦν
1832 5225 1948 5264 om.
1983 5211 2048 5263 A.

184 5265 312 5346 τίθει
361 5283 477 5346 om.
541 5273 605 5324 Α.
683 5269 729 5305 ⁴⁷
754 5269 959 5346 αὐτῆς]
985 5265 1180 5346 malim
1215 5273 1278 5330 αὖ
1301 5283 1423 5346 τῆς.

183 5338 230 5419 ff
255 5337 556 5419 πιστεύεται
588 5356 702 5419 om.
739 5345 856 5419 Α..Δ
884 5337 893 5341 ⁷
923 5337 1190 5419 ⁸’δὀὗτος]
1228 5365 1280 5419 p.

181 5409 226 5444 ⁵⁷
261 5407 434 5493 ὄντας]
464 5405 634 5493 ὂξντως
789 5413 858 5493 *⁸⁸
892 5416 984 5493 καὶ
1015 5405 1350 5493 post—ddum.
1381 5425 1448 5478 A.
1526 5421 1572 5456 ‘9
1603 5421 1648 5475 εἰ
1679 5420 1752 5488 δὲ]
1787 5440 1840 5493 p.
1877 5423 1996 5478 167.

1033 5489 1082 5523 ⁶⁴
1110 5491 1372 5566 πρότερον
1401 5511 1518 5551 om.
1552 5501 1618 5551 A.
1696 5483 1752 5529 ⁸⁵-
1775 5483 1867 5564 μὲν
1899 5511 2015 5549 om.
2049 5501 2111 5550 Α.
2189 5483 2235 5528 δέ
2263 5493 2351 5546 καὶ
2381 5488 2740 5563 διεκρίθησαν,
2772 5483 2780 5490 ’
2815 5483 3076 5560 ⁸⁷’ἕτυχεν
3109 5501 3223 5542 om.
3255 5489 3314 5539 Δ.

184 5497 292 5540 om.
331 5485 393 5538 A.
471 5485 516 5519 ⁵³
555 5483 850 5547 πεπλακὼς
889 5490 956 5543 Α.

2151 5208 2195 5242 ⁴⁸
2235 5202 2550 5278 διαχήρισιν
2583 5205 2628 5258 Α
2662 5218 2675 5257 :
2709 5197 3052 5274 διαχείρησιν
3274 5197 3321 5232 4⁸
3352 5196 3466 5250 ἀντὶ
3497 5227 3566 5237 -

2151 5283 2188 5331 ῗα
2217 5309 2284 5320 ——
2321 5278 2356 5332 ii
2393 5281 2458 5332 A.
2573 5274 2692 5310 ⁴⁹’⁵⁰
2721 5272 2848 5328 οὐδὲ
2878 5271 3021 5326 οὕτω
3058 5287 3174 5325 om.
3217 5271 3282 5324 A.
3385 5269 3430 5304 ⁵¹
3463 5267 3566 5322 εἷεν

1527 5279 1571 5314 ⁴⁸
1603 5280 1768 5332 ὁποῖα
1799 5311 1866 5320 —
1895 5278 2010 5352 καὶ]
2057 5283 2188 5332 ποῖα
2217 5309 2284 5320 ——
2391 5267 2458 5334 Ἀ.
2573 5274 2692 5310 ⁴⁹’⁸⁰
2721 5267 2848 5328 οὐδέ
2878 5267 3021 5326 οὕτω
3058 5267 3282 5352 οἷα-β.
3303 5339 3315 5352 ἱ
3367 5267 3571 5352 Ἰ⁵ξῃεῖεν

1581 5351 1626 5385 ει
1656 5348 1794 5404 οἶδεν
1841 5351 1874 5403 ἃ
1905 5335 2164 5410 Jama»;
2197 5335 2439 5404 add.'A.
2582 5346 2890 5418 ιδνδᾳῳιρ,
2931 5345 3108 5418 163.”
3179 5340 3226 5375 ιδ
3244 5339 3394 5418 155,91
3415 5335 3461 5418 ξ]
3505 5341 3572 5394 .A

2099 5407 2459 5492 θονπρόσεστιν
2489 5424 2574 5492 ΑΪΔ
2629 5417 2674 5451 ⁶ί
3017 5415 3136 5469 168.
3240 5407 3285 5492 δέ
3313 5407 3394 5466 ἐπ’
3424 5407 3553 5480 τίσης

1758 5610 1986 5670 NOT/E.

249 5698 352 5771 (87)
383 5699 614 5759 Hesiod.
648 5719 666 5758 ι
697 5705 928 5778 Ἔργων.
