  <div class='ocr_page' id='page_1' title='image "/cluster/home/n/w/nwhite01/storage/ocr_20150623/103/hvd.32044054112495/782.png"; bbox 0 0 4032 6226; ppageno 0'>
   <div class='ocr_carea' id='block_1_1' title="bbox 210 316 383 378">
    <p class='ocr_par' dir='ltr' id='par_1_1' title="bbox 210 316 383 378">
     <span class='ocr_line' id='line_1_1' title="bbox 210 316 383 378; baseline 0 -2"><span class='ocrx_word' id='word_1_1' title='bbox 210 316 241 376; x_wconf 81' lang='grc'><strong>1</strong></span> <span class='ocrx_word' id='word_1_2' title='bbox 255 316 383 378; x_wconf 78' lang='lat'>525</span> 
     </span>
    </p>
   </div>
   <div class='ocr_carea' id='block_1_2' title="bbox 1293 315 2561 381">
    <p class='ocr_par' dir='ltr' id='par_1_2' title="bbox 1293 315 2561 381">
     <span class='ocr_line' id='line_1_2' title="bbox 1293 315 2561 381; baseline 0 -4"><span class='ocrx_word' id='word_1_3' title='bbox 1293 315 1843 380; x_wconf 84' lang='lat' dir='ltr'>BIBLIOTHECA.</span> <span class='ocrx_word' id='word_1_4' title='bbox 1896 347 1962 362; x_wconf 84' lang='lat'><em>—</em></span> <span class='ocrx_word' id='word_1_5' title='bbox 2011 316 2183 379; x_wconf 88' lang='lat' dir='ltr'>COD.</span> <span class='ocrx_word' id='word_1_6' title='bbox 2227 319 2561 381; x_wconf 83' lang='lat' dir='ltr'>CCXLVII.</span> 
     </span>
    </p>
   </div>
   <div class='ocr_carea' id='block_1_3' title="bbox 3478 324 3631 384">
    <p class='ocr_par' dir='ltr' id='par_1_3' title="bbox 3478 324 3631 384">
     <span class='ocr_line' id='line_1_3' title="bbox 3478 324 3631 384; baseline 0.007 -1"><span class='ocrx_word' id='word_1_7' title='bbox 3478 324 3631 384; x_wconf 72' lang='grc'>15⁸26</span> 
     </span>
    </p>
   </div>
   <div class='ocr_carea' id='block_1_4' title="bbox 198 444 1867 527">
    <p class='ocr_par' dir='ltr' id='par_1_4' title="bbox 198 444 1867 525">
     <span class='ocr_line' id='line_1_4' title="bbox 198 444 1867 525; baseline -0.004 -21"><span class='ocrx_word' id='word_1_8' title='bbox 198 452 379 505; x_wconf 81' lang='grc' dir='ltr'>τοῦτο</span> <span class='ocrx_word' id='word_1_9' title='bbox 411 445 544 504; x_wconf 82' lang='grc' dir='ltr'>αὐτὸ</span> <span class='ocrx_word' id='word_1_10' title='bbox 578 449 600 484; x_wconf 88' lang='grc'>²</span> <span class='ocrx_word' id='word_1_11' title='bbox 628 448 758 509; x_wconf 78' lang='grc' dir='ltr'>τοὺς</span> <span class='ocrx_word' id='word_1_12' title='bbox 787 444 1037 508; x_wconf 70' lang='grc' dir='ltr'>πολλοὺς</span> <span class='ocrx_word' id='word_1_13' title='bbox 1081 449 1212 522; x_wconf 86' lang='grc'>[685</span> <span class='ocrx_word' id='word_1_14' title='bbox 1262 448 1355 520; x_wconf 86' lang='grc' dir='ltr'>Η.]</span> <span class='ocrx_word' id='word_1_15' title='bbox 1419 445 1549 521; x_wconf 83' lang='grc' dir='ltr'>μηδ’</span> <span class='ocrx_word' id='word_1_16' title='bbox 1595 449 1668 510; x_wconf 86' lang='grc' dir='ltr'>ὡς</span> <span class='ocrx_word' id='word_1_17' title='bbox 1706 450 1867 525; x_wconf 61' lang='grc' dir='ltr'>ψήφῳ</span> 
     </span>
    </p>
   </div>
   <div class='ocr_carea' id='block_1_5' title="bbox 1979 444 3632 527">
    <p class='ocr_par' dir='ltr' id='par_1_5' title="bbox 1987 451 3632 527">
     <span class='ocr_line' id='line_1_5' title="bbox 1987 451 3632 527; baseline 0.002 -19"><span class='ocrx_word' id='word_1_18' title='bbox 1987 451 2236 508; x_wconf 84' lang='lat' dir='ltr'>Omnino</span> <span class='ocrx_word' id='word_1_19' title='bbox 2281 455 2476 508; x_wconf 89' lang='lat' dir='ltr'>autem</span> <span class='ocrx_word' id='word_1_20' title='bbox 2527 454 2584 506; x_wconf 89' lang='lat' dir='ltr'>et</span> <span class='ocrx_word' id='word_1_21' title='bbox 2634 451 2845 524; x_wconf 85' lang='lat' dir='ltr'>ubique</span> <span class='ocrx_word' id='word_1_22' title='bbox 2877 453 3043 509; x_wconf 89' lang='lat' dir='ltr'>nobis</span> <span class='ocrx_word' id='word_1_23' title='bbox 3091 455 3367 512; x_wconf 85' lang='lat' dir='ltr'>excidunt</span> <span class='ocrx_word' id='word_1_24' title='bbox 3397 456 3632 527; x_wconf 85' lang='lat' dir='ltr'>calculi,</span> 
     </span>
    </p>
   </div>
   <div class='ocr_carea' id='block_1_6' title="bbox 197 536 1872 615">
    <p class='ocr_par' dir='ltr' id='par_1_6' title="bbox 197 536 1872 615">
     <span class='ocr_line' id='line_1_6' title="bbox 197 536 1872 615; baseline -0.001 -22"><span class='ocrx_word' id='word_1_25' title='bbox 197 541 427 613; x_wconf 80' lang='grc' dir='ltr'>καθαρᾷ</span> <span class='ocrx_word' id='word_1_26' title='bbox 457 539 830 613; x_wconf 73' lang='grc' dir='ltr'>προσέχοντας</span> <span class='ocrx_word' id='word_1_27' title='bbox 863 540 1055 592; x_wconf 77' lang='grc' dir='ltr'>θᾶττον</span> <span class='ocrx_word' id='word_1_28' title='bbox 1088 539 1122 608; x_wconf 70' lang='grc' dir='ltr'><strong>ἢ</strong></span> <span class='ocrx_word' id='word_1_29' title='bbox 1167 536 1429 615; x_wconf 62' lang='grc' dir='ltr'>συμφέρει</span> <span class='ocrx_word' id='word_1_30' title='bbox 1479 537 1872 614; x_wconf 83' lang='grc' dir='ltr'>βουλεύσασθαι</span> 
     </span>
    </p>
   </div>
   <div class='ocr_carea' id='block_1_7' title="bbox 196 624 1874 705">
    <p class='ocr_par' dir='ltr' id='par_1_7' title="bbox 196 624 1874 705">
     <span class='ocr_line' id='line_1_7' title="bbox 196 624 1874 705; baseline -0.001 -22"><span class='ocrx_word' id='word_1_31' title='bbox 196 628 338 703; x_wconf 87' lang='grc' dir='ltr'>περὶ</span> <span class='ocrx_word' id='word_1_32' title='bbox 369 632 477 682; x_wconf 89' lang='grc' dir='ltr'>τῶν</span> <span class='ocrx_word' id='word_1_33' title='bbox 500 629 524 663; x_wconf 86' lang='grc'><strong>³</strong></span> <span class='ocrx_word' id='word_1_34' title='bbox 553 626 924 698; x_wconf 89' lang='grc' dir='ltr'>τηλικούτων.</span> <span class='ocrx_word' id='word_1_35' title='bbox 957 632 1217 705; x_wconf 86' lang='grc' dir='ltr'>Πανταχῆ</span> <span class='ocrx_word' id='word_1_36' title='bbox 1243 628 1264 662; x_wconf 83' lang='grc'><strong>⁴</strong></span> <span class='ocrx_word' id='word_1_37' title='bbox 1295 624 1352 680; x_wconf 77' lang='grc' dir='ltr'>δὲ</span> <span class='ocrx_word' id='word_1_38' title='bbox 1375 627 1468 681; x_wconf 83' lang='grc' dir='ltr'>καὶ</span> <span class='ocrx_word' id='word_1_39' title='bbox 1497 625 1590 682; x_wconf 76' lang='grc' dir='ltr'>δεᾶ.</span> <span class='ocrx_word' id='word_1_40' title='bbox 1619 628 1874 683; x_wconf 81' lang='grc' dir='ltr'>πάντων⁸</span> 
     </span>
    </p>
   </div>
   <div class='ocr_carea' id='block_1_8' title="bbox 198 714 1870 794">
    <p class='ocr_par' dir='ltr' id='par_1_8' title="bbox 198 714 1870 794">
     <span class='ocr_line' id='line_1_8' title="bbox 198 714 1870 794; baseline 0.001 -23"><span class='ocrx_word' id='word_1_41' title='bbox 198 716 567 771; x_wconf 75' lang='grc' dir='ltr'>ἐκπίπτουσιν</span> <span class='ocrx_word' id='word_1_42' title='bbox 601 718 736 789; x_wconf 76' lang='grc' dir='ltr'>ἡμῖν</span> <span class='ocrx_word' id='word_1_43' title='bbox 767 718 821 771; x_wconf 77' lang='grc' dir='ltr'>αἱ</span> <span class='ocrx_word' id='word_1_44' title='bbox 853 719 1050 794; x_wconf 69' lang='grc' dir='ltr'>ψῆφοι.</span> <span class='ocrx_word' id='word_1_45' title='bbox 1088 721 1310 792; x_wconf 86' lang='grc' dir='ltr'>Πρῶτος</span> <span class='ocrx_word' id='word_1_46' title='bbox 1355 714 1411 771; x_wconf 80' lang='grc' dir='ltr'>δὲ</span> <span class='ocrx_word' id='word_1_47' title='bbox 1452 715 1678 772; x_wconf 78' lang='grc' dir='ltr'>Πλάτων</span> <span class='ocrx_word' id='word_1_48' title='bbox 1707 717 1870 779; x_wconf 74' lang='grc' dir='ltr'>αὐτὸς</span> 
     </span>
    </p>
   </div>
   <div class='ocr_carea' id='block_1_9' title="bbox 201 805 1869 884">
    <p class='ocr_par' dir='ltr' id='par_1_9' title="bbox 201 805 1869 884">
     <span class='ocr_line' id='line_1_9' title="bbox 201 805 1869 884; baseline 0 -23"><span class='ocrx_word' id='word_1_49' title='bbox 201 809 512 884; x_wconf 72' lang='grc' dir='ltr'>ψηφίζεται</span> <span class='ocrx_word' id='word_1_50' title='bbox 561 807 653 861; x_wconf 84' lang='grc' dir='ltr'>καὶ</span> <span class='ocrx_word' id='word_1_51' title='bbox 703 808 887 879; x_wconf 90' lang='grc' dir='ltr'>μέσος,</span> <span class='ocrx_word' id='word_1_52' title='bbox 939 805 1067 882; x_wconf 71' lang='grc' dir='ltr'>φασὶ</span> <span class='ocrx_word' id='word_1_53' title='bbox 1129 808 1172 873; x_wconf 77' lang='grc'>⁸,</span> <span class='ocrx_word' id='word_1_54' title='bbox 1224 807 1312 861; x_wconf 85' lang='grc' dir='ltr'>καὶ</span> <span class='ocrx_word' id='word_1_55' title='bbox 1370 805 1704 870; x_wconf 88' lang='grc' dir='ltr'>τελευταῖος.</span> <span class='ocrx_word' id='word_1_56' title='bbox 1768 807 1869 863; x_wconf 86' lang='grc' dir='ltr'>Καὶ</span> 
     </span>
    </p>
   </div>
   <div class='ocr_carea' id='block_1_10' title="bbox 199 893 1864 974">
    <p class='ocr_par' dir='ltr' id='par_1_10' title="bbox 199 893 1864 974">
     <span class='ocr_line' id='line_1_10' title="bbox 199 893 1864 974; baseline -0.001 -22"><span class='ocrx_word' id='word_1_57' title='bbox 199 895 512 952; x_wconf 84' lang='grc' dir='ltr'>κινδυνεύω</span> <span class='ocrx_word' id='word_1_58' title='bbox 544 893 720 951; x_wconf 83' lang='grc' dir='ltr'>δοκῶν</span> <span class='ocrx_word' id='word_1_59' title='bbox 753 894 1061 974; x_wconf 69' lang='grc' dir='ltr'>ἀντιλέγειν</span> <span class='ocrx_word' id='word_1_60' title='bbox 1103 895 1358 952; x_wconf 86' lang='grc' dir='ltr'>Πλάτωνι</span> <span class='ocrx_word' id='word_1_61' title='bbox 1404 899 1598 960; x_wconf 86' lang='grc' dir='ltr'>παντὸς</span> <span class='ocrx_word' id='word_1_62' title='bbox 1652 895 1864 970; x_wconf 76' lang='grc' dir='ltr'>μᾶλλον</span> 
     </span>
    </p>
   </div>
   <div class='ocr_carea' id='block_1_11' title="bbox 201 981 1870 1061">
    <p class='ocr_par' dir='ltr' id='par_1_11' title="bbox 201 981 1870 1061">
     <span class='ocr_line' id='line_1_11' title="bbox 201 981 1870 1061; baseline 0 -21"><span class='ocrx_word' id='word_1_63' title='bbox 201 985 611 1061; x_wconf 74' lang='grc' dir='ltr'>συναγορεύειν.</span> <span class='ocrx_word' id='word_1_64' title='bbox 685 984 747 1040; x_wconf 85' lang='grc' dir='ltr'>Εἰ</span> <span class='ocrx_word' id='word_1_65' title='bbox 812 981 870 1039; x_wconf 74' lang='grc' dir='ltr'>δὲ</span> <span class='ocrx_word' id='word_1_66' title='bbox 907 981 992 1038; x_wconf 85' lang='grc' dir='ltr'>δεῖ</span> <span class='ocrx_word' id='word_1_67' title='bbox 1047 1005 1100 1039; x_wconf 89' lang='grc' dir='ltr'>τι</span> <span class='ocrx_word' id='word_1_68' title='bbox 1139 986 1232 1040; x_wconf 80' lang='grc' dir='ltr'>καὶ</span> <span class='ocrx_word' id='word_1_69' title='bbox 1292 988 1501 1059; x_wconf 77' lang='grc' dir='ltr'>παῖξαι,</span> <span class='ocrx_word' id='word_1_70' title='bbox 1561 983 1705 1040; x_wconf 85' lang='grc' dir='ltr'>δοκῶ</span> <span class='ocrx_word' id='word_1_71' title='bbox 1778 1007 1870 1059; x_wconf 90' lang='grc' dir='ltr'>μοι</span> 
     </span>
    </p>
   </div>
   <div class='ocr_carea' id='block_1_12' title="bbox 1979 541 3626 616">
    <p class='ocr_par' dir='ltr' id='par_1_12' title="bbox 1979 541 3626 616">
     <span class='ocr_line' id='line_1_12' title="bbox 1979 541 3626 616; baseline 0.004 -21"><span class='ocrx_word' id='word_1_72' title='bbox 1979 542 2323 613; x_wconf 89' lang='lat' dir='ltr'>primusque</span> <span class='ocrx_word' id='word_1_73' title='bbox 2365 541 2712 612; x_wconf 73' lang='lat' dir='ltr'>suffragium</span> <span class='ocrx_word' id='word_1_74' title='bbox 2759 541 2867 597; x_wconf 82' lang='lat' dir='ltr'>fert</span> <span class='ocrx_word' id='word_1_75' title='bbox 2897 542 3020 612; x_wconf 89' lang='lat' dir='ltr'>ipse</span> <span class='ocrx_word' id='word_1_76' title='bbox 3069 543 3246 610; x_wconf 86' lang='lat' dir='ltr'>Plato,</span> <span class='ocrx_word' id='word_1_77' title='bbox 3281 551 3337 600; x_wconf 88' lang='lat' dir='ltr'>et</span> <span class='ocrx_word' id='word_1_78' title='bbox 3371 547 3626 616; x_wconf 90' lang='lat' dir='ltr'>medius,</span> 
     </span>
    </p>
   </div>
   <div class='ocr_carea' id='block_1_13' title="bbox 1981 631 3628 703">
    <p class='ocr_par' dir='ltr' id='par_1_13' title="bbox 1981 631 3628 703">
     <span class='ocr_line' id='line_1_13' title="bbox 1981 631 3628 703; baseline 0.003 -17"><span class='ocrx_word' id='word_1_79' title='bbox 1981 634 2046 686; x_wconf 88' lang='lat' dir='ltr'>ut</span> <span class='ocrx_word' id='word_1_80' title='bbox 2078 631 2262 699; x_wconf 87' lang='lat' dir='ltr'>aiunt,</span> <span class='ocrx_word' id='word_1_81' title='bbox 2294 633 2470 703; x_wconf 83' lang='lat' dir='ltr'>atque</span> <span class='ocrx_word' id='word_1_82' title='bbox 2502 635 2850 702; x_wconf 89' lang='lat' dir='ltr'>postremus.</span> <span class='ocrx_word' id='word_1_83' title='bbox 2875 634 2954 685; x_wconf 84' lang='lat' dir='ltr'>Ac</span> <span class='ocrx_word' id='word_1_84' title='bbox 2987 631 3197 701; x_wconf 88' lang='lat' dir='ltr'>videor,</span> <span class='ocrx_word' id='word_1_85' title='bbox 3230 649 3362 687; x_wconf 90' lang='lat' dir='ltr'>cum</span> <span class='ocrx_word' id='word_1_86' title='bbox 3399 635 3628 691; x_wconf 83' lang='lat' dir='ltr'>Platoni</span> 
     </span>
    </p>
   </div>
   <div class='ocr_carea' id='block_1_14' title="bbox 1980 720 3627 790">
    <p class='ocr_par' dir='ltr' id='par_1_14' title="bbox 1980 720 3627 790">
     <span class='ocr_line' id='line_1_14' title="bbox 1980 720 3627 790; baseline 0.002 -14"><span class='ocrx_word' id='word_1_87' title='bbox 1980 720 2334 790; x_wconf 90' lang='lat' dir='ltr'>contradico,</span> <span class='ocrx_word' id='word_1_88' title='bbox 2369 720 2620 776; x_wconf 83' lang='lat' dir='ltr'>maxime</span> <span class='ocrx_word' id='word_1_89' title='bbox 2672 736 2806 775; x_wconf 90' lang='lat' dir='ltr'>cum</span> <span class='ocrx_word' id='word_1_90' title='bbox 2858 721 2984 790; x_wconf 91' lang='lat' dir='ltr'>ipso</span> <span class='ocrx_word' id='word_1_91' title='bbox 3029 720 3262 788; x_wconf 84' lang='lat' dir='ltr'>sentire,</span> <span class='ocrx_word' id='word_1_92' title='bbox 3305 725 3382 788; x_wconf 81' lang='lat' dir='ltr'>et,</span> <span class='ocrx_word' id='word_1_93' title='bbox 3415 727 3478 776; x_wconf 89' lang='lat' dir='ltr'>ut</span> <span class='ocrx_word' id='word_1_94' title='bbox 3518 724 3627 780; x_wconf 92' lang='lat' dir='ltr'>hoc</span> 
     </span>
    </p>
   </div>
   <div class='ocr_carea' id='block_1_15' title="bbox 1972 809 3624 881">
    <p class='ocr_par' dir='ltr' id='par_1_15' title="bbox 1972 809 3624 881">
     <span class='ocr_line' id='line_1_15' title="bbox 1972 809 3624 881; baseline 0.001 -16"><span class='ocrx_word' id='word_1_95' title='bbox 1972 809 2090 881; x_wconf 90' lang='lat' dir='ltr'>joci</span> <span class='ocrx_word' id='word_1_96' title='bbox 2122 825 2300 866; x_wconf 87' lang='lat' dir='ltr'>causa</span> <span class='ocrx_word' id='word_1_97' title='bbox 2344 810 2578 879; x_wconf 85' lang='lat' dir='ltr'>addam,</span> <span class='ocrx_word' id='word_1_98' title='bbox 2609 809 2797 866; x_wconf 71' lang='grc'>4211)</span> <span class='ocrx_word' id='word_1_99' title='bbox 2829 825 2962 865; x_wconf 91' lang='lat' dir='ltr'>eum</span> <span class='ocrx_word' id='word_1_100' title='bbox 3013 809 3335 864; x_wconf 88' lang='lat' dir='ltr'>secundum</span> <span class='ocrx_word' id='word_1_101' title='bbox 3369 810 3624 867; x_wconf 84' lang='lat' dir='ltr'>comicos</span> 
     </span>
    </p>
   </div>
   <div class='ocr_carea' id='block_1_16' title="bbox 1982 900 3627 972">
    <p class='ocr_par' dir='ltr' id='par_1_16' title="bbox 1982 900 3627 972">
     <span class='ocr_line' id='line_1_16' title="bbox 1982 900 3627 972; baseline 0.001 -18"><span class='ocrx_word' id='word_1_102' title='bbox 1982 900 2051 954; x_wconf 89' lang='lat' dir='ltr'>ad</span> <span class='ocrx_word' id='word_1_103' title='bbox 2103 903 2360 956; x_wconf 87' lang='lat' dir='ltr'>oratores</span> <span class='ocrx_word' id='word_1_104' title='bbox 2411 900 2581 972; x_wconf 89' lang='lat' dir='ltr'>quasi</span> <span class='ocrx_word' id='word_1_105' title='bbox 2641 900 3040 972; x_wconf 86' lang='lat' dir='ltr'>aufugientcm</span> <span class='ocrx_word' id='word_1_106' title='bbox 3085 903 3466 968; x_wconf 89' lang='lat' dir='ltr'>retracturus,</span> <span class='ocrx_word' id='word_1_107' title='bbox 3526 902 3627 972; x_wconf 89' lang='lat' dir='ltr'>qui</span> 
     </span>
    </p>
   </div>
   <div class='ocr_carea' id='block_1_17' title="bbox 1983 988 2940 1060">
    <p class='ocr_par' dir='ltr' id='par_1_17' title="bbox 1983 988 2940 1060">
     <span class='ocr_line' id='line_1_17' title="bbox 1983 988 2940 1060; baseline 0.001 -18"><span class='ocrx_word' id='word_1_108' title='bbox 1983 991 2294 1060; x_wconf 83' lang='lat' dir='ltr'>postquam</span> <span class='ocrx_word' id='word_1_109' title='bbox 2326 988 2620 1056; x_wconf 85' lang='lat' dir='ltr'>didicerit,</span> <span class='ocrx_word' id='word_1_110' title='bbox 2653 1005 2714 1045; x_wconf 91' lang='lat' dir='ltr'>se</span> <span class='ocrx_word' id='word_1_111' title='bbox 2737 989 2940 1060; x_wconf 79' lang='lat' dir='ltr'>jactet.</span> 
     </span>
    </p>
   </div>
   <div class='ocr_carea' id='block_1_18' title="bbox 207 1071 3628 1152">
    <p class='ocr_par' dir='ltr' id='par_1_18' title="bbox 207 1071 3628 1152">
     <span class='ocr_line' id='line_1_18' title="bbox 207 1071 3628 1152; baseline -0.001 -19"><span class='ocrx_word' id='word_1_112' title='bbox 207 1078 384 1150; x_wconf 77' lang='grc'>[1268</span> <span class='ocrx_word' id='word_1_113' title='bbox 413 1077 505 1148; x_wconf 84' lang='lat' dir='ltr'>R.]</span> <span class='ocrx_word' id='word_1_114' title='bbox 535 1073 669 1137; x_wconf 81' lang='grc' dir='ltr'>τοὺς</span> <span class='ocrx_word' id='word_1_115' title='bbox 699 1071 1146 1148; x_wconf 79' lang='grc' dir='ltr'>κωμῳδοποιοὺς</span> <span class='ocrx_word' id='word_1_116' title='bbox 1178 1074 1362 1152; x_wconf 77' lang='grc' dir='ltr'>ὥσπερ</span> <span class='ocrx_word' id='word_1_117' title='bbox 1395 1073 1861 1152; x_wconf 57' lang='grc' dir='ltr'>ἀποδιδράσκοντα</span> <span class='ocrx_word' id='word_1_118' title='bbox 1910 1074 2067 1131; x_wconf 81' lang='grc' dir='ltr'>αὐτὸν</span> <span class='ocrx_word' id='word_1_119' title='bbox 2116 1072 2291 1146; x_wconf 73' lang='grc' dir='ltr'>ἕλξειν</span> <span class='ocrx_word' id='word_1_120' title='bbox 2337 1076 2413 1140; x_wconf 79' lang='grc' dir='ltr'>εἷς</span> <span class='ocrx_word' id='word_1_121' title='bbox 2470 1075 2599 1139; x_wconf 79' lang='grc' dir='ltr'>τοὺς</span> <span class='ocrx_word' id='word_1_122' title='bbox 2661 1078 2918 1152; x_wconf 79' lang='grc' dir='ltr'>ῥήτορας,</span> <span class='ocrx_word' id='word_1_123' title='bbox 2973 1078 3056 1133; x_wconf 76' lang='grc' dir='ltr'>ὅτι</span> <span class='ocrx_word' id='word_1_124' title='bbox 3119 1077 3302 1151; x_wconf 87' lang='grc' dir='ltr'>μαθὼν</span> <span class='ocrx_word' id='word_1_125' title='bbox 3343 1075 3628 1132; x_wconf 75' lang='grc' dir='ltr'>καλλωπίσ</span> 
     </span>
    </p>
   </div>
   <div class='ocr_carea' id='block_1_19' title="bbox 212 1166 445 1234">
    <p class='ocr_par' dir='ltr' id='par_1_19' title="bbox 212 1166 445 1234">
     <span class='ocr_line' id='line_1_19' title="bbox 212 1166 445 1234; baseline 0 -14"><span class='ocrx_word' id='word_1_126' title='bbox 212 1169 371 1234; x_wconf 87' lang='grc' dir='ltr'>ζεται</span> <span class='ocrx_word' id='word_1_127' title='bbox 404 1166 445 1220; x_wconf 86' lang='grc'>⁷.</span> 
     </span>
    </p>
   </div>
   <div class='ocr_carea' id='block_1_20' title="bbox 201 1251 1872 1348">
    <p class='ocr_par' dir='ltr' id='par_1_20' title="bbox 201 1251 1872 1348">
     <span class='ocr_line' id='line_1_20' title="bbox 201 1251 1872 1348; baseline 0 -36"><span class='ocrx_word' id='word_1_128' title='bbox 201 1251 547 1342; x_wconf 72' lang='grc' dir='ltr'>Ἀριστείδου</span> <span class='ocrx_word' id='word_1_129' title='bbox 617 1253 678 1348; x_wconf 51' lang='grc' dir='ltr'>ἐρι</span> <span class='ocrx_word' id='word_1_130' title='bbox 764 1257 899 1343; x_wconf 53' lang='grc' dir='ltr'>τοῦ1</span> <span class='ocrx_word' id='word_1_131' title='bbox 951 1253 1402 1348; x_wconf 43' lang='grc' dir='ltr'>ἐπῖιγραφομένου</span> <span class='ocrx_word' id='word_1_132' title='bbox 1493 1256 1667 1348; x_wconf 89' lang='grc' dir='ltr'>λόγου</span> <span class='ocrx_word' id='word_1_133' title='bbox 1724 1255 1872 1348; x_wconf 68' lang='grc' dir='ltr'>Πλα-</span> 
     </span>
    </p>
   </div>
   <div class='ocr_carea' id='block_1_21' title="bbox 278 1325 1872 1402">
    <p class='ocr_par' dir='ltr' id='par_1_21' title="bbox 278 1325 1872 1402">
     <span class='ocr_line' id='line_1_21' title="bbox 278 1325 1872 1402; baseline 0.001 -20"><span class='ocrx_word' id='word_1_134' title='bbox 278 1325 511 1389; x_wconf 76' lang='grc' dir='ltr'>τωνικὸς</span> <span class='ocrx_word' id='word_1_135' title='bbox 566 1325 747 1400; x_wconf 91' lang='grc' dir='ltr'>τρίτος</span> <span class='ocrx_word' id='word_1_136' title='bbox 802 1325 940 1399; x_wconf 82' lang='grc' dir='ltr'>πρὸς</span> <span class='ocrx_word' id='word_1_137' title='bbox 1011 1325 1323 1386; x_wconf 75' lang='grc' dir='ltr'>Καπίτωνα.</span> <span class='ocrx_word' id='word_1_138' title='bbox 1397 1362 1464 1372; x_wconf 91' lang='grc'><strong><em>-</em></strong></span> <span class='ocrx_word' id='word_1_139' title='bbox 1533 1325 1601 1386; x_wconf 76' lang='grc' dir='ltr'>Τὸ</span> <span class='ocrx_word' id='word_1_140' title='bbox 1670 1328 1872 1402; x_wconf 87' lang='grc' dir='ltr'>Προοί-</span> 
     </span>
    </p>
   </div>
   <div class='ocr_carea' id='block_1_22' title="bbox 285 1419 435 1472">
    <p class='ocr_par' dir='ltr' id='par_1_22' title="bbox 285 1419 435 1472">
     <span class='ocr_line' id='line_1_22' title="bbox 285 1419 435 1472; baseline 0.013 -18"><span class='ocrx_word' id='word_1_141' title='bbox 285 1419 435 1472; x_wconf 89' lang='grc' dir='ltr'>μιον.</span> 
     </span>
    </p>
   </div>
   <div class='ocr_carea' id='block_1_23' title="bbox 280 1484 1871 1566">
    <p class='ocr_par' dir='ltr' id='par_1_23' title="bbox 280 1484 1871 1566">
     <span class='ocr_line' id='line_1_23' title="bbox 280 1484 1871 1566; baseline 0.001 -22"><span class='ocrx_word' id='word_1_142' title='bbox 280 1486 390 1544; x_wconf 76' lang='grc' dir='ltr'>Νῦν</span> <span class='ocrx_word' id='word_1_143' title='bbox 455 1489 563 1544; x_wconf 70' lang='grc' dir='ltr'>σε⁸</span> <span class='ocrx_word' id='word_1_144' title='bbox 619 1487 706 1545; x_wconf 83' lang='grc' dir='ltr'>καὶ</span> <span class='ocrx_word' id='word_1_145' title='bbox 763 1484 978 1559; x_wconf 86' lang='grc' dir='ltr'>μᾶλλον</span> <span class='ocrx_word' id='word_1_146' title='bbox 1039 1485 1328 1566; x_wconf 74' lang='grc' dir='ltr'>φιλοῦμεν,</span> <span class='ocrx_word' id='word_1_147' title='bbox 1363 1489 1535 1553; x_wconf 77' lang='grc' dir='ltr'>οὕτως</span> <span class='ocrx_word' id='word_1_148' title='bbox 1595 1490 1871 1566; x_wconf 78' lang='grc' dir='ltr'>ἐρωτικῶς</span> 
     </span>
    </p>
   </div>
   <div class='ocr_carea' id='block_1_24' title="bbox 198 1569 1869 1656">
    <p class='ocr_par' dir='ltr' id='par_1_24' title="bbox 198 1569 1869 1656">
     <span class='ocr_line' id='line_1_24' title="bbox 198 1569 1869 1656; baseline 0.001 -23"><span class='ocrx_word' id='word_1_149' title='bbox 198 1582 303 1634; x_wconf 76' lang='grc' dir='ltr'>τοῦ</span> <span class='ocrx_word' id='word_1_150' title='bbox 333 1577 630 1640; x_wconf 84' lang='grc' dir='ltr'>Πλάτωνος</span> <span class='ocrx_word' id='word_1_151' title='bbox 661 1575 886 1656; x_wconf 79' lang='grc' dir='ltr'>ἔχοντα,</span> <span class='ocrx_word' id='word_1_152' title='bbox 919 1577 977 1631; x_wconf 81' lang='grc' dir='ltr'>ὃν</span> <span class='ocrx_word' id='word_1_153' title='bbox 1013 1575 1125 1652; x_wconf 85' lang='grc' dir='ltr'>ἐγὼ</span> <span class='ocrx_word' id='word_1_154' title='bbox 1156 1580 1322 1654; x_wconf 78' lang='grc' dir='ltr'>φαίην</span> <span class='ocrx_word' id='word_1_155' title='bbox 1358 1577 1418 1636; x_wconf 83' lang='grc' dir='ltr'>ἃν</span> <span class='ocrx_word' id='word_1_156' title='bbox 1471 1585 1651 1655; x_wconf 80' lang='grc' dir='ltr'>τιμῶν</span> <span class='ocrx_word' id='word_1_157' title='bbox 1682 1582 1706 1617; x_wconf 73' lang='lat'><strong>9</strong></span> <span class='ocrx_word' id='word_1_158' title='bbox 1751 1569 1869 1636; x_wconf 76' lang='grc' dir='ltr'>καθ’</span> 
     </span>
    </p>
   </div>
   <div class='ocr_carea' id='block_1_25' title="bbox 197 1672 492 1744">
    <p class='ocr_par' dir='ltr' id='par_1_25' title="bbox 197 1672 492 1744">
     <span class='ocr_line' id='line_1_25' title="bbox 197 1672 492 1744; baseline -0.007 -20"><span class='ocrx_word' id='word_1_159' title='bbox 197 1672 492 1744; x_wconf 82' lang='grc' dir='ltr'>“Ομηρον,</span> 
     </span>
    </p>
   </div>
   <div class='ocr_carea' id='block_1_26' title="bbox 763 1761 1315 1841">
    <p class='ocr_par' dir='ltr' id='par_1_26' title="bbox 763 1761 1315 1841">
     <span class='ocr_line' id='line_1_26' title="bbox 763 1761 1315 1841; baseline 0 -23"><span class='ocrx_word' id='word_1_160' title='bbox 763 1766 808 1818; x_wconf 85' lang='grc' dir='ltr'>Ἷ</span> <span class='ocrx_word' id='word_1_161' title='bbox 817 1783 906 1818; x_wconf 88' lang='grc' dir='ltr'>σον</span> <span class='ocrx_word' id='word_1_162' title='bbox 936 1764 1043 1836; x_wconf 83' lang='grc' dir='ltr'>ἐμῇ</span> <span class='ocrx_word' id='word_1_163' title='bbox 1078 1761 1315 1841; x_wconf 72' lang='grc' dir='ltr'>κεφαλῇ.</span> 
     </span>
    </p>
   </div>
   <div class='ocr_carea' id='block_1_27' title="bbox 207 1847 1865 1928">
    <p class='ocr_par' dir='ltr' id='par_1_27' title="bbox 207 1847 1865 1928">
     <span class='ocr_line' id='line_1_27' title="bbox 207 1847 1865 1928; baseline -0.001 -23"><span class='ocrx_word' id='word_1_164' title='bbox 207 1848 274 1905; x_wconf 79' lang='grc' dir='ltr'><strong>Εἰ</strong></span> <span class='ocrx_word' id='word_1_165' title='bbox 309 1850 414 1926; x_wconf 84' lang='grc' dir='ltr'>γάρ</span> <span class='ocrx_word' id='word_1_166' title='bbox 442 1869 525 1905; x_wconf 87' lang='grc' dir='ltr'>τοι</span> <span class='ocrx_word' id='word_1_167' title='bbox 559 1851 602 1888; x_wconf 84' lang='grc'>¹⁰</span> <span class='ocrx_word' id='word_1_168' title='bbox 631 1850 723 1905; x_wconf 85' lang='grc' dir='ltr'>καὶ</span> <span class='ocrx_word' id='word_1_169' title='bbox 774 1853 974 1913; x_wconf 83' lang='grc' dir='ltr'>πάντες</span> <span class='ocrx_word' id='word_1_170' title='bbox 1026 1849 1227 1928; x_wconf 76' lang='grc' dir='ltr'>φαῦλοι</span> <span class='ocrx_word' id='word_1_171' title='bbox 1277 1851 1414 1924; x_wconf 83' lang='grc' dir='ltr'>πρὸς</span> <span class='ocrx_word' id='word_1_172' title='bbox 1465 1849 1690 1920; x_wconf 79' lang='grc' dir='ltr'>ἐκεῖνον,</span> <span class='ocrx_word' id='word_1_173' title='bbox 1736 1847 1865 1904; x_wconf 84' lang='grc' dir='ltr'>ἀλλ’</span> 
     </span>
    </p>
   </div>
   <div class='ocr_carea' id='block_1_28' title="bbox 202 1935 1860 2012">
    <p class='ocr_par' dir='ltr' id='par_1_28' title="bbox 202 1935 1860 2012">
     <span class='ocr_line' id='line_1_28' title="bbox 202 1935 1860 2012; baseline -0.001 -18"><span class='ocrx_word' id='word_1_174' title='bbox 202 1935 430 2001; x_wconf 73' lang='grc' dir='ltr'>ἕκαστος</span> <span class='ocrx_word' id='word_1_175' title='bbox 484 1940 822 2012; x_wconf 85' lang='grc' dir='ltr'>τιμιώτατος</span> <span class='ocrx_word' id='word_1_176' title='bbox 883 1939 1049 2001; x_wconf 83' lang='grc' dir='ltr'>αὐτὸς</span> <span class='ocrx_word' id='word_1_177' title='bbox 1113 1940 1310 2011; x_wconf 75' lang='grc' dir='ltr'>ἑαυτῷ,</span> <span class='ocrx_word' id='word_1_178' title='bbox 1368 1939 1518 2012; x_wconf 76' lang='grc' dir='ltr'>φασί.</span> <span class='ocrx_word' id='word_1_179' title='bbox 1581 1938 1763 1994; x_wconf 83' lang='grc' dir='ltr'>Καίτοι</span> <span class='ocrx_word' id='word_1_180' title='bbox 1810 1938 1860 1994; x_wconf 91' lang='grc' dir='ltr'>τί</span> 
     </span>
    </p>
   </div>
   <div class='ocr_carea' id='block_1_29' title="bbox 209 2025 1859 2106">
    <p class='ocr_par' dir='ltr' id='par_1_29' title="bbox 209 2025 1859 2106">
     <span class='ocr_line' id='line_1_29' title="bbox 209 2025 1859 2106; baseline 0.025 -44"><span class='ocrx_word' id='word_1_181' title='bbox 209 2025 390 2104; x_wconf 66' lang='grc' dir='ltr'>λέγω;</span> <span class='ocrx_word' id='word_1_182' title='bbox 425 2027 534 2082; x_wconf 68' lang='grc' dir='ltr'>οὐκ</span> <span class='ocrx_word' id='word_1_183' title='bbox 564 2026 687 2084; x_wconf 73' lang='grc' dir='ltr'>οῖδα</span> <span class='ocrx_word' id='word_1_184' title='bbox 723 2031 818 2103; x_wconf 68' lang='grc' dir='ltr'>μὲν</span> <span class='ocrx_word' id='word_1_185' title='bbox 852 2030 955 2106; x_wconf 78' lang='grc' dir='ltr'>γὰρ</span> <span class='ocrx_word' id='word_1_186' title='bbox 990 2029 1035 2083; x_wconf 80' lang='grc' dir='ltr'>εἰ</span> <span class='ocrx_word' id='word_1_187' title='bbox 1067 2026 1358 2096; x_wconf 82' lang='grc' dir='ltr'>πιστεύεις,</span> <span class='ocrx_word' id='word_1_188' title='bbox 1393 2026 1598 2098; x_wconf 71' lang='grc' dir='ltr'>ἂληθὶς</span> <span class='ocrx_word' id='word_1_189' title='bbox 1638 2025 1684 2082; x_wconf 77' lang='grc' dir='ltr'>δ’</span> <span class='ocrx_word' id='word_1_190' title='bbox 1734 2028 1859 2100; x_wconf 65' lang='grc' dir='ltr'>ἐρῶ·</span> 
     </span>
    </p>
   </div>
   <div class='ocr_carea' id='block_1_30' title="bbox 215 2113 1860 2194">
    <p class='ocr_par' dir='ltr' id='par_1_30' title="bbox 215 2113 1860 2194">
     <span class='ocr_line' id='line_1_30' title="bbox 215 2113 1860 2194; baseline -0.001 -22"><span class='ocrx_word' id='word_1_191' title='bbox 215 2116 275 2172; x_wconf 85' lang='grc' dir='ltr'>Εἰ</span> <span class='ocrx_word' id='word_1_192' title='bbox 320 2113 377 2171; x_wconf 71' lang='grc' dir='ltr'>δὲ</span> <span class='ocrx_word' id='word_1_193' title='bbox 427 2118 502 2190; x_wconf 81' lang='grc' dir='ltr'>μή</span> <span class='ocrx_word' id='word_1_194' title='bbox 555 2117 714 2194; x_wconf 76' lang='grc' dir='ltr'>ἐγγὺς</span> <span class='ocrx_word' id='word_1_195' title='bbox 761 2117 964 2174; x_wconf 79' lang='grc' dir='ltr'>ἐκεῖνον</span> <span class='ocrx_word' id='word_1_196' title='bbox 1010 2114 1216 2194; x_wconf 70' lang='grc' dir='ltr'>ἔφησας</span> <span class='ocrx_word' id='word_1_197' title='bbox 1267 2119 1428 2190; x_wconf 82' lang='grc' dir='ltr'>ἡμῶν</span> <span class='ocrx_word' id='word_1_198' title='bbox 1476 2117 1637 2189; x_wconf 78' lang='grc' dir='ltr'>εἶναι,</span> <span class='ocrx_word' id='word_1_199' title='bbox 1669 2116 1772 2172; x_wconf 78' lang='grc' dir='ltr'>οὐκ</span> <span class='ocrx_word' id='word_1_200' title='bbox 1802 2116 1860 2172; x_wconf 76' lang='grc' dir='ltr'>ἂν</span> 
     </span>
    </p>
   </div>
   <div class='ocr_carea' id='block_1_31' title="bbox 215 2203 1861 2286">
    <p class='ocr_par' dir='ltr' id='par_1_31' title="bbox 215 2203 1861 2286">
     <span class='ocr_line' id='line_1_31' title="bbox 215 2203 1861 2286; baseline 0.001 -26"><span class='ocrx_word' id='word_1_201' title='bbox 215 2203 360 2260; x_wconf 73' lang='grc' dir='ltr'>οὕτω</span> <span class='ocrx_word' id='word_1_202' title='bbox 395 2226 462 2278; x_wconf 91' lang='grc' dir='ltr'>με</span> <span class='ocrx_word' id='word_1_203' title='bbox 500 2205 765 2286; x_wconf 75' lang='grc' dir='ltr'>εὔφρανας</span> <span class='ocrx_word' id='word_1_204' title='bbox 801 2209 868 2276; x_wconf 71' lang='grc' dir='ltr'>ιι,</span> <span class='ocrx_word' id='word_1_205' title='bbox 920 2208 994 2270; x_wconf 84' lang='grc' dir='ltr'>ὡς</span> <span class='ocrx_word' id='word_1_206' title='bbox 1044 2207 1128 2261; x_wconf 83' lang='grc' dir='ltr'>ὅτι</span> <span class='ocrx_word' id='word_1_207' title='bbox 1167 2203 1612 2281; x_wconf 72' lang='grc' dir='ltr'>προκατείληψαι</span> <span class='ocrx_word' id='word_1_208' title='bbox 1665 2204 1861 2280; x_wconf 82' lang='grc' dir='ltr'>δείξας·</span> 
     </span>
    </p>
   </div>
   <div class='ocr_carea' id='block_1_32' title="bbox 213 2292 1866 2373">
    <p class='ocr_par' dir='ltr' id='par_1_32' title="bbox 213 2292 1866 2373">
     <span class='ocr_line' id='line_1_32' title="bbox 213 2292 1866 2373; baseline 0.001 -25"><span class='ocrx_word' id='word_1_209' title='bbox 213 2295 388 2359; x_wconf 74' lang='grc' dir='ltr'>οὕτως</span> <span class='ocrx_word' id='word_1_210' title='bbox 415 2293 540 2368; x_wconf 75' lang='grc' dir='ltr'>ἐμοὶ</span> <span class='ocrx_word' id='word_1_211' title='bbox 573 2295 735 2373; x_wconf 72' lang='grc' dir='ltr'>φίλος</span> <span class='ocrx_word' id='word_1_212' title='bbox 767 2296 904 2372; x_wconf 61' lang='grc' dir='ltr'>ἀνὴρ</span> <span class='ocrx_word' id='word_1_213' title='bbox 941 2298 1035 2352; x_wconf 87' lang='grc' dir='ltr'>καὶ</span> <span class='ocrx_word' id='word_1_214' title='bbox 1069 2295 1245 2370; x_wconf 80' lang='grc' dir='ltr'>φίλων</span> <span class='ocrx_word' id='word_1_215' title='bbox 1278 2294 1542 2354; x_wconf 84' lang='grc' dir='ltr'>ἐπέκεινα.</span> <span class='ocrx_word' id='word_1_216' title='bbox 1578 2292 1784 2366; x_wconf 79' lang='grc' dir='ltr'>Συνέϐη</span> <span class='ocrx_word' id='word_1_217' title='bbox 1821 2299 1866 2335; x_wconf 70' lang='grc' dir='ltr'><strong><em>η</em></strong></span> 
     </span>
    </p>
   </div>
   <div class='ocr_carea' id='block_1_33' title="bbox 218 2382 1864 2464">
    <p class='ocr_par' dir='ltr' id='par_1_33' title="bbox 218 2382 1864 2464">
     <span class='ocr_line' id='line_1_33' title="bbox 218 2382 1864 2464; baseline 0.001 -24"><span class='ocrx_word' id='word_1_218' title='bbox 218 2383 274 2441; x_wconf 87' lang='grc' dir='ltr'>δέ</span> <span class='ocrx_word' id='word_1_219' title='bbox 308 2385 522 2460; x_wconf 81' lang='grc' dir='ltr'>μοικαὶ</span> <span class='ocrx_word' id='word_1_220' title='bbox 561 2388 682 2461; x_wconf 79' lang='grc' dir='ltr'>περὶ</span> <span class='ocrx_word' id='word_1_221' title='bbox 736 2389 1088 2460; x_wconf 72' lang='grc' dir='ltr'>Δημοσθένην</span> <span class='ocrx_word' id='word_1_222' title='bbox 1128 2389 1376 2442; x_wconf 78' lang='grc' dir='ltr'>τοιοῦτον</span> <span class='ocrx_word' id='word_1_223' title='bbox 1417 2382 1622 2462; x_wconf 70' lang='grc' dir='ltr'>ἕτερον·</span> <span class='ocrx_word' id='word_1_224' title='bbox 1675 2386 1864 2464; x_wconf 77' lang='grc' dir='ltr'>φράσω</span> 
     </span>
    </p>
   </div>
   <div class='ocr_carea' id='block_1_34' title="bbox 211 2472 1867 2552">
    <p class='ocr_par' dir='ltr' id='par_1_34' title="bbox 211 2472 1867 2552">
     <span class='ocr_line' id='line_1_34' title="bbox 211 2472 1867 2552; baseline 0.001 -22"><span class='ocrx_word' id='word_1_225' title='bbox 211 2472 267 2530; x_wconf 78' lang='grc' dir='ltr'>δὲ</span> <span class='ocrx_word' id='word_1_226' title='bbox 313 2475 400 2531; x_wconf 85' lang='grc' dir='ltr'>καί</span> <span class='ocrx_word' id='word_1_227' title='bbox 455 2476 590 2552; x_wconf 89' lang='grc' dir='ltr'>πρὸς</span> <span class='ocrx_word' id='word_1_228' title='bbox 642 2474 698 2531; x_wconf 89' lang='grc' dir='ltr'>σέ</span> <span class='ocrx_word' id='word_1_229' title='bbox 739 2477 803 2532; x_wconf 85' lang='grc'>¹³.</span> <span class='ocrx_word' id='word_1_230' title='bbox 858 2478 1026 2551; x_wconf 79' lang='grc' dir='ltr'>Ἀνὴρ</span> <span class='ocrx_word' id='word_1_231' title='bbox 1081 2480 1188 2532; x_wconf 85' lang='grc' dir='ltr'>τῶν</span> <span class='ocrx_word' id='word_1_232' title='bbox 1231 2475 1290 2531; x_wconf 75' lang='grc' dir='ltr'>ἐκ</span> <span class='ocrx_word' id='word_1_233' title='bbox 1325 2482 1424 2545; x_wconf 82' lang='grc' dir='ltr'>τῆς</span> <span class='ocrx_word' id='word_1_234' title='bbox 1456 2477 1742 2552; x_wconf 77' lang='grc' dir='ltr'>γερουσίας</span> <span class='ocrx_word' id='word_1_235' title='bbox 1765 2484 1867 2546; x_wconf 79' lang='grc' dir='ltr'>τῆς</span> 
     </span>
    </p>
   </div>
   <div class='ocr_carea' id='block_1_35' title="bbox 205 2561 1862 2642">
    <p class='ocr_par' dir='ltr' id='par_1_35' title="bbox 205 2561 1862 2642">
     <span class='ocr_line' id='line_1_35' title="bbox 205 2561 1862 2642; baseline 0.001 -21"><span class='ocrx_word' id='word_1_236' title='bbox 205 2565 516 2638; x_wconf 78' lang='grc' dir='ltr'>Ῥωμαίων,</span> <span class='ocrx_word' id='word_1_237' title='bbox 550 2561 724 2628; x_wconf 75' lang='grc' dir='ltr'>Λίϐυς</span> <span class='ocrx_word' id='word_1_238' title='bbox 759 2567 827 2622; x_wconf 80' lang='grc' dir='ltr'>τὰ</span> <span class='ocrx_word' id='word_1_239' title='bbox 863 2567 1090 2642; x_wconf 75' lang='grc' dir='ltr'>ἀρχαῖα,</span> <span class='ocrx_word' id='word_1_240' title='bbox 1125 2569 1377 2640; x_wconf 79' lang='grc' dir='ltr'>Μαξιμος</span> <span class='ocrx_word' id='word_1_241' title='bbox 1401 2564 1667 2640; x_wconf 71' lang='grc' dir='ltr'>τοῦνομα,</span> <span class='ocrx_word' id='word_1_242' title='bbox 1717 2565 1862 2636; x_wconf 75' lang='grc' dir='ltr'>ἄξιος</span> 
     </span>
    </p>
   </div>
   <div class='ocr_carea' id='block_1_36' title="bbox 207 2653 1864 2735">
    <p class='ocr_par' dir='ltr' id='par_1_36' title="bbox 207 2653 1864 2735">
     <span class='ocr_line' id='line_1_36' title="bbox 207 2653 1864 2735; baseline 0.001 -24"><span class='ocrx_word' id='word_1_243' title='bbox 207 2653 333 2711; x_wconf 82' lang='grc' dir='ltr'>ὅτου</span> <span class='ocrx_word' id='word_1_244' title='bbox 382 2654 571 2731; x_wconf 88' lang='grc' dir='ltr'>βούλει</span> <span class='ocrx_word' id='word_1_245' title='bbox 621 2656 773 2735; x_wconf 71' lang='grc' dir='ltr'>(φασὶ</span> <span class='ocrx_word' id='word_1_246' title='bbox 809 2660 852 2694; x_wconf 71' lang='grc'><strong><em>³³</em></strong></span> <span class='ocrx_word' id='word_1_247' title='bbox 901 2654 957 2712; x_wconf 76' lang='grc' dir='ltr'>δὲ</span> <span class='ocrx_word' id='word_1_248' title='bbox 1007 2659 1058 2712; x_wconf 76' lang='grc' dir='ltr'>οἱ</span> <span class='ocrx_word' id='word_1_249' title='bbox 1111 2661 1278 2712; x_wconf 78' lang='grc' dir='ltr'>ταῦτα</span> <span class='ocrx_word' id='word_1_250' title='bbox 1329 2653 1498 2711; x_wconf 86' lang='grc' dir='ltr'>δεινοὶ</span> <span class='ocrx_word' id='word_1_251' title='bbox 1529 2658 1618 2711; x_wconf 83' lang='grc' dir='ltr'>καὶ</span> <span class='ocrx_word' id='word_1_252' title='bbox 1649 2655 1864 2733; x_wconf 76' lang='grc' dir='ltr'>ῥήτορα</span> 
     </span>
    </p>
   </div>
   <div class='ocr_carea' id='block_1_37' title="bbox 211 2743 1864 2820">
    <p class='ocr_par' dir='ltr' id='par_1_37' title="bbox 211 2743 1864 2820">
     <span class='ocr_line' id='line_1_37' title="bbox 211 2743 1864 2820; baseline 0.001 -20"><span class='ocrx_word' id='word_1_253' title='bbox 211 2743 370 2800; x_wconf 77' lang='grc' dir='ltr'>αὐτὸν</span> <span class='ocrx_word' id='word_1_254' title='bbox 419 2743 471 2799; x_wconf 86' lang='grc' dir='ltr'>ἐν</span> <span class='ocrx_word' id='word_1_255' title='bbox 526 2744 770 2820; x_wconf 84' lang='grc' dir='ltr'>πρώτοις</span> <span class='ocrx_word' id='word_1_256' title='bbox 811 2747 943 2800; x_wconf 78' lang='grc' dir='ltr'>εἶναι</span> <span class='ocrx_word' id='word_1_257' title='bbox 1002 2745 1338 2818; x_wconf 84' lang='grc' dir='ltr'>Ῥωμαίων),</span> <span class='ocrx_word' id='word_1_258' title='bbox 1390 2746 1545 2808; x_wconf 79' lang='grc' dir='ltr'>οὗτος</span> <span class='ocrx_word' id='word_1_259' title='bbox 1577 2747 1623 2781; x_wconf 76' lang='grc'>¹⁵</span> <span class='ocrx_word' id='word_1_260' title='bbox 1659 2752 1776 2810; x_wconf 89' lang='grc' dir='ltr'>τοῖς</span> <span class='ocrx_word' id='word_1_261' title='bbox 1806 2767 1864 2802; x_wconf 87' lang='grc' dir='ltr'>τε</span> 
     </span>
    </p>
   </div>
   <div class='ocr_carea' id='block_1_38' title="bbox 215 2833 1865 2913">
    <p class='ocr_par' dir='ltr' id='par_1_38' title="bbox 215 2833 1865 2913">
     <span class='ocr_line' id='line_1_38' title="bbox 215 2833 1865 2913; baseline 0.001 -24"><span class='ocrx_word' id='word_1_262' title='bbox 215 2833 595 2906; x_wconf 68' lang='grc' dir='ltr'>Δημοσθένους</span> <span class='ocrx_word' id='word_1_263' title='bbox 629 2833 822 2909; x_wconf 80' lang='grc' dir='ltr'>λόγοις</span> <span class='ocrx_word' id='word_1_264' title='bbox 880 2834 1198 2908; x_wconf 87' lang='grc' dir='ltr'>προσέκειτο</span> <span class='ocrx_word' id='word_1_265' title='bbox 1260 2836 1572 2913; x_wconf 71' lang='grc' dir='ltr'>υπεριρυως,</span> <span class='ocrx_word' id='word_1_266' title='bbox 1628 2837 1715 2890; x_wconf 85' lang='grc' dir='ltr'>καὶ</span> <span class='ocrx_word' id='word_1_267' title='bbox 1765 2836 1865 2891; x_wconf 80' lang='grc' dir='ltr'>οὐκ</span> 
     </span>
    </p>
   </div>
   <div class='ocr_carea' id='block_1_39' title="bbox 219 2919 1864 3000">
    <p class='ocr_par' dir='ltr' id='par_1_39' title="bbox 219 2919 1864 3000">
     <span class='ocr_line' id='line_1_39' title="bbox 219 2919 1864 3000; baseline 0.002 -24"><span class='ocrx_word' id='word_1_268' title='bbox 219 2920 323 2977; x_wconf 80' lang='grc' dir='ltr'>οἶδ’</span> <span class='ocrx_word' id='word_1_269' title='bbox 367 2921 551 2978; x_wconf 79' lang='grc' dir='ltr'>ὅντινα</span> <span class='ocrx_word' id='word_1_270' title='bbox 595 2919 797 2998; x_wconf 84' lang='grc' dir='ltr'>τρὸπον</span> <span class='ocrx_word' id='word_1_271' title='bbox 850 2925 939 2979; x_wconf 80' lang='grc' dir='ltr'>καὶ</span> <span class='ocrx_word' id='word_1_272' title='bbox 975 2925 1018 2960; x_wconf 78' lang='grc'>¹⁶</span> <span class='ocrx_word' id='word_1_273' title='bbox 1068 2930 1185 2986; x_wconf 82' lang='grc' dir='ltr'>τοῖς</span> <span class='ocrx_word' id='word_1_274' title='bbox 1233 2927 1526 3000; x_wconf 74' lang='grc' dir='ltr'>ἡμετέροις</span> <span class='ocrx_word' id='word_1_275' title='bbox 1568 2923 1714 2982; x_wconf 72' lang='grc' dir='ltr'>ἑάλω</span> <span class='ocrx_word' id='word_1_276' title='bbox 1741 2925 1864 2980; x_wconf 83' lang='grc' dir='ltr'>τού-</span> 
     </span>
    </p>
   </div>
   <div class='ocr_carea' id='block_1_40' title="bbox 218 3013 1863 3090">
    <p class='ocr_par' dir='ltr' id='par_1_40' title="bbox 218 3013 1863 3090">
     <span class='ocr_line' id='line_1_40' title="bbox 218 3013 1863 3090; baseline 0.002 -24"><span class='ocrx_word' id='word_1_277' title='bbox 218 3031 355 3073; x_wconf 91' lang='grc' dir='ltr'>τοις.</span> <span class='ocrx_word' id='word_1_278' title='bbox 401 3014 600 3090; x_wconf 82' lang='grc' dir='ltr'>Ἔτυχε</span> <span class='ocrx_word' id='word_1_279' title='bbox 631 3014 736 3090; x_wconf 84' lang='grc' dir='ltr'>γάρ</span> <span class='ocrx_word' id='word_1_280' title='bbox 771 3035 866 3086; x_wconf 91' lang='grc' dir='ltr'>μοι</span> <span class='ocrx_word' id='word_1_281' title='bbox 902 3013 1070 3089; x_wconf 85' lang='grc' dir='ltr'>λόγος</span> <span class='ocrx_word' id='word_1_282' title='bbox 1110 3036 1194 3078; x_wconf 86' lang='grc' dir='ltr'>τις</span> <span class='ocrx_word' id='word_1_283' title='bbox 1223 3015 1595 3090; x_wconf 70' lang='grc' dir='ltr'>πεποιημένος</span> <span class='ocrx_word' id='word_1_284' title='bbox 1639 3014 1698 3070; x_wconf 83' lang='grc' dir='ltr'>ἐκ</span> <span class='ocrx_word' id='word_1_285' title='bbox 1745 3014 1863 3090; x_wconf 83' lang='grc' dir='ltr'>τρί-</span> 
     </span>
    </p>
   </div>
   <div class='ocr_carea' id='block_1_41' title="bbox 1981 1257 3629 1331">
    <p class='ocr_par' dir='ltr' id='par_1_41' title="bbox 1981 1257 3629 1331">
     <span class='ocr_line' id='line_1_41' title="bbox 1981 1257 3629 1331; baseline -0.002 -16"><span class='ocrx_word' id='word_1_286' title='bbox 1981 1258 2173 1315; x_wconf 78' lang='lat' dir='ltr'>Oratio</span> <span class='ocrx_word' id='word_1_287' title='bbox 2203 1260 2364 1316; x_wconf 79' lang='lat' dir='ltr'>tertia</span> <span class='ocrx_word' id='word_1_288' title='bbox 2410 1259 2678 1315; x_wconf 71' lang='lat' dir='ltr'>Aristidis</span> <span class='ocrx_word' id='word_1_289' title='bbox 2710 1258 2981 1331; x_wconf 79' lang='lat' dir='ltr'>inscripta</span> <span class='ocrx_word' id='word_1_290' title='bbox 3011 1259 3316 1331; x_wconf 63' lang='lat' dir='ltr'>Platonicae</span> <span class='ocrx_word' id='word_1_291' title='bbox 3354 1257 3424 1314; x_wconf 85' lang='lat' dir='ltr'>ad</span> <span class='ocrx_word' id='word_1_292' title='bbox 3456 1257 3629 1329; x_wconf 82' lang='lat' dir='ltr'>Capi-</span> 
     </span>
    </p>
   </div>
   <div class='ocr_carea' id='block_1_42' title="bbox 2443 1330 3155 1388">
    <p class='ocr_par' dir='ltr' id='par_1_42' title="bbox 2443 1330 3155 1388">
     <span class='ocr_line' id='line_1_42' title="bbox 2443 1330 3155 1388; baseline 0 -2"><span class='ocrx_word' id='word_1_293' title='bbox 2443 1339 2643 1388; x_wconf 82' lang='lat' dir='ltr'>tonem.</span> <span class='ocrx_word' id='word_1_294' title='bbox 2687 1363 2747 1372; x_wconf 91' lang='lat'>—</span> <span class='ocrx_word' id='word_1_295' title='bbox 2796 1330 3155 1387; x_wconf 72' lang='lat' dir='ltr'>Premmium.</span> 
     </span>
    </p>
   </div>
   <div class='ocr_carea' id='block_1_43' title="bbox 2052 1492 3621 1567">
    <p class='ocr_par' dir='ltr' id='par_1_43' title="bbox 2052 1492 3621 1567">
     <span class='ocr_line' id='line_1_43' title="bbox 2052 1492 3621 1567; baseline -0.001 -19"><span class='ocrx_word' id='word_1_296' title='bbox 2052 1493 2219 1549; x_wconf 88' lang='lat' dir='ltr'>Nunc</span> <span class='ocrx_word' id='word_1_297' title='bbox 2264 1497 2321 1550; x_wconf 84' lang='lat' dir='ltr'>te</span> <span class='ocrx_word' id='word_1_298' title='bbox 2370 1493 2559 1567; x_wconf 86' lang='lat' dir='ltr'>magis</span> <span class='ocrx_word' id='word_1_299' title='bbox 2615 1493 2792 1551; x_wconf 90' lang='lat' dir='ltr'>etiam</span> <span class='ocrx_word' id='word_1_300' title='bbox 2854 1510 3121 1563; x_wconf 87' lang='lat' dir='ltr'>amanus,</span> <span class='ocrx_word' id='word_1_301' title='bbox 3150 1509 3284 1550; x_wconf 92' lang='lat' dir='ltr'>cum</span> <span class='ocrx_word' id='word_1_302' title='bbox 3324 1492 3621 1548; x_wconf 83' lang='lat' dir='ltr'>Platonem</span> 
     </span>
    </p>
   </div>
   <div class='ocr_carea' id='block_1_44' title="bbox 1979 1582 3621 1656">
    <p class='ocr_par' dir='ltr' id='par_1_44' title="bbox 1979 1582 3621 1656">
     <span class='ocr_line' id='line_1_44' title="bbox 1979 1582 3621 1656; baseline 0.001 -19"><span class='ocrx_word' id='word_1_303' title='bbox 1979 1584 2139 1638; x_wconf 86' lang='lat' dir='ltr'>tanto</span> <span class='ocrx_word' id='word_1_304' title='bbox 2167 1583 2360 1640; x_wconf 90' lang='lat' dir='ltr'>studio</span> <span class='ocrx_word' id='word_1_305' title='bbox 2392 1584 2778 1656; x_wconf 86' lang='lat' dir='ltr'>prosequeris,</span> <span class='ocrx_word' id='word_1_306' title='bbox 2811 1600 2985 1655; x_wconf 86' lang='lat' dir='ltr'>quem</span> <span class='ocrx_word' id='word_1_307' title='bbox 3018 1598 3122 1655; x_wconf 86' lang='lat' dir='ltr'>ego</span> <span class='ocrx_word' id='word_1_308' title='bbox 3155 1582 3402 1639; x_wconf 84' lang='lat' dir='ltr'>dixerim</span> <span class='ocrx_word' id='word_1_309' title='bbox 3433 1583 3621 1638; x_wconf 87' lang='lat' dir='ltr'>colere</span> 
     </span>
    </p>
   </div>
   <div class='ocr_carea' id='block_1_45' title="bbox 1979 1676 2847 1744">
    <p class='ocr_par' dir='ltr' id='par_1_45' title="bbox 1979 1676 2847 1744">
     <span class='ocr_line' id='line_1_45' title="bbox 1979 1676 2847 1744; baseline 0.006 -15"><span class='ocrx_word' id='word_1_310' title='bbox 1979 1690 2092 1744; x_wconf 87' lang='lat' dir='ltr'>me,</span> <span class='ocrx_word' id='word_1_311' title='bbox 2125 1676 2448 1732; x_wconf 90' lang='lat' dir='ltr'>secundum</span> <span class='ocrx_word' id='word_1_312' title='bbox 2480 1676 2796 1732; x_wconf 85' lang='lat' dir='ltr'>Homerum</span> <span class='ocrx_word' id='word_1_313' title='bbox 2833 1692 2847 1734; x_wconf 94' lang='lat'><strong>:</strong></span> 
     </span>
    </p>
   </div>
   <div class='ocr_carea' id='block_1_46' title="bbox 2262 1766 3330 1839">
    <p class='ocr_par' dir='ltr' id='par_1_46' title="bbox 2262 1766 3330 1839">
     <span class='ocr_line' id='line_1_46' title="bbox 2262 1766 3330 1839; baseline 0 -17"><span class='ocrx_word' id='word_1_314' title='bbox 2262 1766 2378 1823; x_wconf 82' lang='lat' dir='ltr'>Non</span> <span class='ocrx_word' id='word_1_315' title='bbox 2409 1783 2559 1824; x_wconf 74' lang='lat' dir='ltr'>secus</span> <span class='ocrx_word' id='word_1_316' title='bbox 2590 1769 2752 1839; x_wconf 81' lang='lat' dir='ltr'>atque</span> <span class='ocrx_word' id='word_1_317' title='bbox 2779 1783 2967 1824; x_wconf 83' lang='lat' dir='ltr'>meum</span> <span class='ocrx_word' id='word_1_318' title='bbox 2997 1774 3161 1839; x_wconf 79' lang='lat' dir='ltr'>caput</span> <span class='ocrx_word' id='word_1_319' title='bbox 3192 1766 3330 1837; x_wconf 92' lang='lat'>(88).</span> 
     </span>
    </p>
   </div>
   <div class='ocr_carea' id='block_1_47' title="bbox 1978 1855 3617 1940">
    <p class='ocr_par' dir='ltr' id='par_1_47' title="bbox 1978 1855 3617 1940">
     <span class='ocr_line' id='line_1_47' title="bbox 1978 1855 3617 1940; baseline -0.001 -30"><span class='ocrx_word' id='word_1_320' title='bbox 1978 1855 2201 1912; x_wconf 83' lang='lat' dir='ltr'>Etenim</span> <span class='ocrx_word' id='word_1_321' title='bbox 2235 1857 2506 1929; x_wconf 82' lang='lat' dir='ltr'>quamvis</span> <span class='ocrx_word' id='word_1_322' title='bbox 2554 1873 2759 1913; x_wconf 90' lang='lat' dir='ltr'>omnes</span> <span class='ocrx_word' id='word_1_323' title='bbox 2791 1855 2949 1940; x_wconf 74' lang='lat' dir='ltr'>illius</span> <span class='ocrx_word' id='word_1_324' title='bbox 2979 1857 3414 1928; x_wconf 83' lang='lat' dir='ltr'>comparatione</span> <span class='ocrx_word' id='word_1_325' title='bbox 3446 1855 3617 1910; x_wconf 88' lang='lat' dir='ltr'>nihili</span> 
     </span>
    </p>
   </div>
   <div class='ocr_carea' id='block_1_48' title="bbox 1975 1943 3622 2018">
    <p class='ocr_par' dir='ltr' id='par_1_48' title="bbox 1975 1943 3622 2018">
     <span class='ocr_line' id='line_1_48' title="bbox 1975 1943 3622 2018; baseline 0 -18"><span class='ocrx_word' id='word_1_326' title='bbox 1975 1949 2137 2012; x_wconf 90' lang='lat' dir='ltr'>sunt,</span> <span class='ocrx_word' id='word_1_327' title='bbox 2189 1946 2302 2001; x_wconf 91' lang='lat' dir='ltr'>sibi</span> <span class='ocrx_word' id='word_1_328' title='bbox 2358 1950 2556 2002; x_wconf 86' lang='lat' dir='ltr'>tamen</span> <span class='ocrx_word' id='word_1_329' title='bbox 2605 1947 2874 2018; x_wconf 88' lang='lat' dir='ltr'>quisque,</span> <span class='ocrx_word' id='word_1_330' title='bbox 2910 1950 2970 2002; x_wconf 88' lang='lat' dir='ltr'>ut</span> <span class='ocrx_word' id='word_1_331' title='bbox 3026 1946 3212 2011; x_wconf 87' lang='lat' dir='ltr'>aiunt,</span> <span class='ocrx_word' id='word_1_332' title='bbox 3253 1949 3343 2001; x_wconf 88' lang='lat' dir='ltr'>est</span> <span class='ocrx_word' id='word_1_333' title='bbox 3393 1943 3622 2002; x_wconf 84' lang='lat' dir='ltr'>charis-</span> 
     </span>
    </p>
   </div>
   <div class='ocr_carea' id='block_1_49' title="bbox 1972 2033 3624 2107">
    <p class='ocr_par' dir='ltr' id='par_1_49' title="bbox 1972 2033 3624 2107">
     <span class='ocr_line' id='line_1_49' title="bbox 1972 2033 3624 2107; baseline -0.001 -17"><span class='ocrx_word' id='word_1_334' title='bbox 1972 2035 2180 2090; x_wconf 89' lang='lat' dir='ltr'>simus.</span> <span class='ocrx_word' id='word_1_335' title='bbox 2215 2035 2329 2092; x_wconf 90' lang='lat' dir='ltr'>Sed</span> <span class='ocrx_word' id='word_1_336' title='bbox 2363 2036 2506 2107; x_wconf 90' lang='lat' dir='ltr'>quid</span> <span class='ocrx_word' id='word_1_337' title='bbox 2531 2035 2669 2092; x_wconf 82' lang='lat' dir='ltr'>aio?</span> <span class='ocrx_word' id='word_1_338' title='bbox 2709 2036 2988 2107; x_wconf 87' lang='lat' dir='ltr'>Equidem</span> <span class='ocrx_word' id='word_1_339' title='bbox 3032 2033 3230 2091; x_wconf 89' lang='lat' dir='ltr'>nescio</span> <span class='ocrx_word' id='word_1_340' title='bbox 3264 2051 3338 2089; x_wconf 92' lang='lat' dir='ltr'>an</span> <span class='ocrx_word' id='word_1_341' title='bbox 3380 2035 3461 2090; x_wconf 86' lang='lat' dir='ltr'>sis</span> <span class='ocrx_word' id='word_1_342' title='bbox 3495 2048 3624 2089; x_wconf 82' lang='lat' dir='ltr'>cre-</span> 
     </span>
    </p>
   </div>
   <div class='ocr_carea' id='block_1_50' title="bbox 1971 2125 3614 2198">
    <p class='ocr_par' dir='ltr' id='par_1_50' title="bbox 1971 2125 3614 2198">
     <span class='ocr_line' id='line_1_50' title="bbox 1971 2125 3614 2198; baseline -0.001 -18"><span class='ocrx_word' id='word_1_343' title='bbox 1971 2125 2219 2193; x_wconf 87' lang='lat' dir='ltr'>diturns,</span> <span class='ocrx_word' id='word_1_344' title='bbox 2252 2126 2444 2182; x_wconf 89' lang='lat' dir='ltr'>dicam</span> <span class='ocrx_word' id='word_1_345' title='bbox 2477 2130 2673 2182; x_wconf 90' lang='lat' dir='ltr'>tamen</span> <span class='ocrx_word' id='word_1_346' title='bbox 2696 2127 2848 2198; x_wconf 89' lang='lat' dir='ltr'>quod</span> <span class='ocrx_word' id='word_1_347' title='bbox 2875 2134 2956 2181; x_wconf 84' lang='lat' dir='ltr'>est</span> <span class='ocrx_word' id='word_1_348' title='bbox 2985 2141 3212 2181; x_wconf 89' lang='lat' dir='ltr'>verum.</span> <span class='ocrx_word' id='word_1_349' title='bbox 3239 2127 3382 2179; x_wconf 85' lang='lat' dir='ltr'>Nam</span> <span class='ocrx_word' id='word_1_350' title='bbox 3415 2125 3464 2178; x_wconf 88' lang='lat' dir='ltr'>si</span> <span class='ocrx_word' id='word_1_351' title='bbox 3487 2138 3614 2179; x_wconf 90' lang='lat' dir='ltr'>eum</span> 
     </span>
    </p>
   </div>
   <div class='ocr_carea' id='block_1_51' title="bbox 1973 2213 3615 2286">
    <p class='ocr_par' dir='ltr' id='par_1_51' title="bbox 1973 2213 3615 2286">
     <span class='ocr_line' id='line_1_51' title="bbox 1973 2213 3615 2286; baseline -0.001 -16"><span class='ocrx_word' id='word_1_352' title='bbox 1973 2214 2279 2270; x_wconf 90' lang='lat' dir='ltr'>nobiscum</span> <span class='ocrx_word' id='word_1_353' title='bbox 2312 2231 2385 2271; x_wconf 91' lang='lat' dir='ltr'>ne</span> <span class='ocrx_word' id='word_1_354' title='bbox 2415 2216 2878 2286; x_wconf 89' lang='lat' dir='ltr'>comparandum</span> <span class='ocrx_word' id='word_1_355' title='bbox 2911 2214 3141 2286; x_wconf 87' lang='lat' dir='ltr'>quidem</span> <span class='ocrx_word' id='word_1_356' title='bbox 3183 2228 3312 2270; x_wconf 89' lang='lat' dir='ltr'>esse</span> <span class='ocrx_word' id='word_1_357' title='bbox 3345 2213 3615 2280; x_wconf 81' lang='lat' dir='ltr'>dixisses,</span> 
     </span>
    </p>
   </div>
   <div class='ocr_carea' id='block_1_52' title="bbox 1971 2303 3614 2376">
    <p class='ocr_par' dir='ltr' id='par_1_52' title="bbox 1971 2303 3614 2376">
     <span class='ocr_line' id='line_1_52' title="bbox 1971 2303 3614 2376; baseline -0.002 -17"><span class='ocrx_word' id='word_1_358' title='bbox 1971 2319 2086 2359; x_wconf 90' lang='lat' dir='ltr'>non</span> <span class='ocrx_word' id='word_1_359' title='bbox 2121 2303 2202 2360; x_wconf 88' lang='lat' dir='ltr'>ita</span> <span class='ocrx_word' id='word_1_360' title='bbox 2231 2309 2457 2360; x_wconf 67' lang='lat' dir='ltr'>laetatus</span> <span class='ocrx_word' id='word_1_361' title='bbox 2487 2320 2698 2374; x_wconf 90' lang='lat' dir='ltr'>essem,</span> <span class='ocrx_word' id='word_1_362' title='bbox 2731 2321 2797 2360; x_wconf 90' lang='lat' dir='ltr'>ac</span> <span class='ocrx_word' id='word_1_363' title='bbox 2829 2308 3136 2376; x_wconf 86' lang='lat' dir='ltr'>postquam</span> <span class='ocrx_word' id='word_1_364' title='bbox 3169 2307 3222 2358; x_wconf 89' lang='lat' dir='ltr'>te</span> <span class='ocrx_word' id='word_1_365' title='bbox 3255 2318 3614 2373; x_wconf 67' lang='lat' dir='ltr'>praeoccupa-</span> 
     </span>
    </p>
   </div>
   <div class='ocr_carea' id='block_1_53' title="bbox 1971 2389 3613 2460">
    <p class='ocr_par' dir='ltr' id='par_1_53' title="bbox 1971 2389 3613 2460">
     <span class='ocr_line' id='line_1_53' title="bbox 1971 2389 3613 2460; baseline -0.001 -14"><span class='ocrx_word' id='word_1_366' title='bbox 1971 2395 2096 2447; x_wconf 88' lang='lat' dir='ltr'>tum</span> <span class='ocrx_word' id='word_1_367' title='bbox 2119 2392 2620 2449; x_wconf 80' lang='lat' dir='ltr'>ostendisti.Adeo</span> <span class='ocrx_word' id='word_1_368' title='bbox 2652 2391 2798 2448; x_wconf 92' lang='lat' dir='ltr'>mihi</span> <span class='ocrx_word' id='word_1_369' title='bbox 2830 2393 3050 2448; x_wconf 87' lang='lat' dir='ltr'>amicus</span> <span class='ocrx_word' id='word_1_370' title='bbox 3081 2396 3172 2448; x_wconf 89' lang='lat' dir='ltr'>est</span> <span class='ocrx_word' id='word_1_371' title='bbox 3199 2391 3307 2460; x_wconf 84' lang='lat' dir='ltr'>vir,</span> <span class='ocrx_word' id='word_1_372' title='bbox 3330 2395 3388 2446; x_wconf 92' lang='lat' dir='ltr'>et</span> <span class='ocrx_word' id='word_1_373' title='bbox 3410 2389 3613 2446; x_wconf 83' lang='lat' dir='ltr'>amicis</span> 
     </span>
    </p>
   </div>
   <div class='ocr_carea' id='block_1_54' title="bbox 1971 2479 3612 2552">
    <p class='ocr_par' dir='ltr' id='par_1_54' title="bbox 1971 2479 3612 2552">
     <span class='ocr_line' id='line_1_54' title="bbox 1971 2479 3612 2552; baseline -0.002 -16"><span class='ocrx_word' id='word_1_374' title='bbox 1971 2483 2248 2538; x_wconf 90' lang='lat' dir='ltr'>omnibus</span> <span class='ocrx_word' id='word_1_375' title='bbox 2279 2481 2484 2552; x_wconf 90' lang='lat' dir='ltr'>potior.</span> <span class='ocrx_word' id='word_1_376' title='bbox 2510 2482 2716 2538; x_wconf 90' lang='lat' dir='ltr'>Simile</span> <span class='ocrx_word' id='word_1_377' title='bbox 2745 2487 2940 2538; x_wconf 87' lang='lat' dir='ltr'>autem</span> <span class='ocrx_word' id='word_1_378' title='bbox 2965 2481 3119 2536; x_wconf 85' lang='lat' dir='ltr'>circa</span> <span class='ocrx_word' id='word_1_379' title='bbox 3141 2479 3612 2544; x_wconf 85' lang='lat' dir='ltr'>Demosthenem,</span> 
     </span>
    </p>
   </div>
   <div class='ocr_carea' id='block_1_55' title="bbox 1971 2567 3614 2642">
    <p class='ocr_par' dir='ltr' id='par_1_55' title="bbox 1971 2567 3614 2642">
     <span class='ocr_line' id='line_1_55' title="bbox 1971 2567 3614 2642; baseline -0.004 -15"><span class='ocrx_word' id='word_1_380' title='bbox 1971 2587 2197 2642; x_wconf 88' lang='lat' dir='ltr'>quoque</span> <span class='ocrx_word' id='word_1_381' title='bbox 2229 2571 2373 2626; x_wconf 88' lang='lat' dir='ltr'>mihi</span> <span class='ocrx_word' id='word_1_382' title='bbox 2405 2571 2682 2641; x_wconf 87' lang='lat' dir='ltr'>quiddam</span> <span class='ocrx_word' id='word_1_383' title='bbox 2715 2570 2980 2641; x_wconf 84' lang='lat' dir='ltr'>contigit,</span> <span class='ocrx_word' id='word_1_384' title='bbox 3009 2569 3162 2640; x_wconf 84' lang='lat' dir='ltr'>quod</span> <span class='ocrx_word' id='word_1_385' title='bbox 3193 2570 3316 2638; x_wconf 91' lang='lat' dir='ltr'>jam</span> <span class='ocrx_word' id='word_1_386' title='bbox 3344 2567 3614 2622; x_wconf 86' lang='lat' dir='ltr'>narrabo.</span> 
     </span>
    </p>
   </div>
   <div class='ocr_carea' id='block_1_56' title="bbox 1970 2655 3616 2729">
    <p class='ocr_par' dir='ltr' id='par_1_56' title="bbox 1970 2655 3616 2729">
     <span class='ocr_line' id='line_1_56' title="bbox 1970 2655 3616 2729; baseline -0.004 -13"><span class='ocrx_word' id='word_1_387' title='bbox 1970 2660 2214 2717; x_wconf 89' lang='lat' dir='ltr'>Senator</span> <span class='ocrx_word' id='word_1_388' title='bbox 2270 2659 2508 2729; x_wconf 89' lang='lat' dir='ltr'>quidam</span> <span class='ocrx_word' id='word_1_389' title='bbox 2578 2663 2898 2724; x_wconf 74' lang='lat' dir='ltr'>Romanus,</span> <span class='ocrx_word' id='word_1_390' title='bbox 2945 2674 3011 2713; x_wconf 78' lang='lat' dir='ltr'>ex</span> <span class='ocrx_word' id='word_1_391' title='bbox 3054 2656 3249 2712; x_wconf 82' lang='lat' dir='ltr'>Africa</span> <span class='ocrx_word' id='word_1_392' title='bbox 3304 2655 3616 2723; x_wconf 89' lang='lat' dir='ltr'>oriundus,</span> 
     </span>
    </p>
   </div>
   <div class='ocr_carea' id='block_1_57' title="bbox 1968 2743 3621 2820">
    <p class='ocr_par' dir='ltr' id='par_1_57' title="bbox 1968 2743 3621 2820">
     <span class='ocr_line' id='line_1_57' title="bbox 1968 2743 3621 2820; baseline -0.004 -15"><span class='ocrx_word' id='word_1_393' title='bbox 1968 2749 2258 2805; x_wconf 85' lang='lat' dir='ltr'>Maximus</span> <span class='ocrx_word' id='word_1_394' title='bbox 2310 2748 2571 2816; x_wconf 90' lang='lat' dir='ltr'>nomine,</span> <span class='ocrx_word' id='word_1_395' title='bbox 2601 2748 2686 2803; x_wconf 86' lang='lat' dir='ltr'>vir</span> <span class='ocrx_word' id='word_1_396' title='bbox 2730 2746 2940 2820; x_wconf 85' lang='lat' dir='ltr'>gravis,</span> <span class='ocrx_word' id='word_1_397' title='bbox 2973 2751 3030 2802; x_wconf 89' lang='lat' dir='ltr'>et</span> <span class='ocrx_word' id='word_1_398' title='bbox 3069 2750 3260 2802; x_wconf 90' lang='lat' dir='ltr'>orator</span> <span class='ocrx_word' id='word_1_399' title='bbox 3289 2745 3442 2800; x_wconf 88' lang='lat' dir='ltr'>inter</span> <span class='ocrx_word' id='word_1_400' title='bbox 3499 2743 3621 2798; x_wconf 81' lang='lat' dir='ltr'>Ro—</span> 
     </span>
    </p>
   </div>
   <div class='ocr_carea' id='block_1_58' title="bbox 1968 2833 3618 2911">
    <p class='ocr_par' dir='ltr' id='par_1_58' title="bbox 1968 2833 3618 2911">
     <span class='ocr_line' id='line_1_58' title="bbox 1968 2833 3618 2911; baseline -0.004 -17"><span class='ocrx_word' id='word_1_401' title='bbox 1968 2855 2170 2895; x_wconf 89' lang='lat' dir='ltr'>manos</span> <span class='ocrx_word' id='word_1_402' title='bbox 2202 2840 2452 2911; x_wconf 85' lang='lat' dir='ltr'>primus,</span> <span class='ocrx_word' id='word_1_403' title='bbox 2487 2843 2552 2894; x_wconf 87' lang='lat' dir='ltr'>ut</span> <span class='ocrx_word' id='word_1_404' title='bbox 2582 2838 2748 2894; x_wconf 89' lang='lat' dir='ltr'>aiunt</span> <span class='ocrx_word' id='word_1_405' title='bbox 2775 2837 2990 2908; x_wconf 85' lang='lat' dir='ltr'>quibus</span> <span class='ocrx_word' id='word_1_406' title='bbox 3025 2836 3146 2891; x_wconf 66' lang='lat' dir='ltr'>haec</span> <span class='ocrx_word' id='word_1_407' title='bbox 3178 2839 3318 2890; x_wconf 89' lang='lat' dir='ltr'>sunt</span> <span class='ocrx_word' id='word_1_408' title='bbox 3357 2850 3533 2901; x_wconf 67' lang='lat' dir='ltr'>curis,</span> <span class='ocrx_word' id='word_1_409' title='bbox 3567 2833 3618 2888; x_wconf 88' lang='lat' dir='ltr'>is</span> 
     </span>
    </p>
   </div>
   <div class='ocr_carea' id='block_1_59' title="bbox 1967 2923 3623 2988">
    <p class='ocr_par' dir='ltr' id='par_1_59' title="bbox 1967 2923 3623 2988">
     <span class='ocr_line' id='line_1_59' title="bbox 1967 2923 3623 2988; baseline -0.004 -4"><span class='ocrx_word' id='word_1_410' title='bbox 1967 2927 2376 2984; x_wconf 80' lang='lat' dir='ltr'>Demosthenis</span> <span class='ocrx_word' id='word_1_411' title='bbox 2407 2927 2771 2984; x_wconf 86' lang='lat' dir='ltr'>orationibus</span> <span class='ocrx_word' id='word_1_412' title='bbox 2805 2925 3051 2981; x_wconf 80' lang='lat' dir='ltr'>miriﬁce</span> <span class='ocrx_word' id='word_1_413' title='bbox 3085 2931 3204 2981; x_wconf 89' lang='lat' dir='ltr'>erat</span> <span class='ocrx_word' id='word_1_414' title='bbox 3233 2923 3528 2988; x_wconf 84' lang='lat' dir='ltr'>addictus,</span> <span class='ocrx_word' id='word_1_415' title='bbox 3561 2927 3623 2978; x_wconf 87' lang='lat' dir='ltr'>et</span> 
     </span>
    </p>
   </div>
   <div class='ocr_carea' id='block_1_60' title="bbox 1968 3012 3619 3089">
    <p class='ocr_par' dir='ltr' id='par_1_60' title="bbox 1968 3012 3619 3089">
     <span class='ocr_line' id='line_1_60' title="bbox 1968 3012 3619 3089; baseline -0.005 -15"><span class='ocrx_word' id='word_1_416' title='bbox 1968 3017 2183 3074; x_wconf 85' lang='lat' dir='ltr'>nostris</span> <span class='ocrx_word' id='word_1_417' title='bbox 2233 3033 2465 3089; x_wconf 89' lang='lat' dir='ltr'>quoque</span> <span class='ocrx_word' id='word_1_418' title='bbox 2505 3017 2632 3072; x_wconf 91' lang='lat' dir='ltr'>istis</span> <span class='ocrx_word' id='word_1_419' title='bbox 2676 3015 2869 3072; x_wconf 89' lang='lat' dir='ltr'>nescio</span> <span class='ocrx_word' id='word_1_420' title='bbox 2903 3032 3017 3087; x_wconf 89' lang='lat' dir='ltr'>quo</span> <span class='ocrx_word' id='word_1_421' title='bbox 3059 3018 3228 3088; x_wconf 91' lang='lat' dir='ltr'>pacto</span> <span class='ocrx_word' id='word_1_422' title='bbox 3260 3012 3619 3085; x_wconf 88' lang='lat' dir='ltr'>capiebatur.</span> 
     </span>
    </p>
   </div>
   <div class='ocr_carea' id='block_1_61' title="bbox 218 3101 1867 3210">
    <p class='ocr_par' dir='ltr' id='par_1_61' title="bbox 218 3102 1866 3210">
     <span class='ocr_line' id='line_1_61' title="bbox 218 3102 1866 3182; baseline 0.002 -26"><span class='ocrx_word' id='word_1_423' title='bbox 218 3122 327 3156; x_wconf 88' lang='grc' dir='ltr'>των</span> <span class='ocrx_word' id='word_1_424' title='bbox 356 3103 490 3175; x_wconf 86' lang='grc' dir='ltr'>πρὸς</span> <span class='ocrx_word' id='word_1_425' title='bbox 523 3104 814 3175; x_wconf 80' lang='grc' dir='ltr'>Λεπτίνην,</span> <span class='ocrx_word' id='word_1_426' title='bbox 848 3102 898 3174; x_wconf 81' lang='grc' dir='ltr'>ἐξ</span> <span class='ocrx_word' id='word_1_427' title='bbox 931 3105 1112 3182; x_wconf 78' lang='grc' dir='ltr'>ἀρχῆς</span> <span class='ocrx_word' id='word_1_428' title='bbox 1149 3102 1368 3160; x_wconf 79' lang='grc' dir='ltr'>τοιᾶσδε</span> <span class='ocrx_word' id='word_1_429' title='bbox 1396 3105 1460 3163; x_wconf 77' lang='lat'>&#39;7.</span> <span class='ocrx_word' id='word_1_430' title='bbox 1495 3105 1665 3179; x_wconf 78' lang='grc' dir='ltr'>Εἶχον</span> <span class='ocrx_word' id='word_1_431' title='bbox 1701 3107 1796 3178; x_wconf 74' lang='grc' dir='ltr'>μὲν</span> <span class='ocrx_word' id='word_1_432' title='bbox 1818 3106 1866 3142; x_wconf 70' lang='lat'>‘3</span> 
     </span>
     <span class='ocr_line' id='line_1_62' title="bbox 261 3188 1858 3210; baseline 0.003 -3"><span class='ocrx_word' id='word_1_433' title='bbox 261 3190 274 3207; x_wconf 79' lang='lat'><strong><em>\</em></strong></span> <span class='ocrx_word' id='word_1_434' title='bbox 366 3188 381 3206; x_wconf 69' lang='grc'><strong>9</strong></span> <span class='ocrx_word' id='word_1_435' title='bbox 594 3190 609 3210; x_wconf 85' lang='lat'><strong><em>\</em></strong></span> <span class='ocrx_word' id='word_1_436' title='bbox 689 3191 704 3209; x_wconf 82' lang='lat'><strong><em>\</em></strong></span> <span class='ocrx_word' id='word_1_437' title='bbox 776 3190 795 3210; x_wconf 51' lang='grc' dir='ltr'><strong><em>κ</em></strong></span> <span class='ocrx_word' id='word_1_438' title='bbox 829 3193 840 3210; x_wconf 70' lang='grc' dir='ltr'><strong><em>Ι</em></strong></span> <span class='ocrx_word' id='word_1_439' title='bbox 1013 3193 1025 3208; x_wconf 80' lang='lat'><strong><em>\</em></strong></span> <span class='ocrx_word' id='word_1_440' title='bbox 1174 3197 1198 3208; x_wconf 62' lang='lat'>-</span> <span class='ocrx_word' id='word_1_441' title='bbox 1259 3203 1269 3210; x_wconf 68' lang='grc'>.</span> <span class='ocrx_word' id='word_1_442' title='bbox 1446 3195 1499 3210; x_wconf 64' lang='grc' dir='ltr'><strong>ΛΡ</strong></span> <span class='ocrx_word' id='word_1_443' title='bbox 1666 3198 1708 3210; x_wconf 74' lang='grc' dir='ltr'>ιιι</span> <span class='ocrx_word' id='word_1_444' title='bbox 1845 3197 1858 3210; x_wconf 78' lang='lat'><strong><em>\</em></strong></span> 
     </span>
    </p>
   </div>
   <div class='ocr_carea' id='block_1_62' title="bbox 1979 3101 3624 3210">
    <p class='ocr_par' dir='ltr' id='par_1_62' title="bbox 1979 3101 3624 3180">
     <span class='ocr_line' id='line_1_63' title="bbox 1979 3101 3624 3180; baseline -0.004 -17"><span class='ocrx_word' id='word_1_445' title='bbox 1979 3108 2224 3164; x_wconf 87' lang='lat' dir='ltr'>Tertiam</span> <span class='ocrx_word' id='word_1_446' title='bbox 2257 3109 2326 3164; x_wconf 89' lang='lat' dir='ltr'>ad</span> <span class='ocrx_word' id='word_1_447' title='bbox 2361 3107 2661 3180; x_wconf 89' lang='lat' dir='ltr'>Leptinem</span> <span class='ocrx_word' id='word_1_448' title='bbox 2707 3107 3028 3162; x_wconf 87' lang='lat' dir='ltr'>orationem</span> <span class='ocrx_word' id='word_1_449' title='bbox 3061 3106 3209 3160; x_wconf 80' lang='lat' dir='ltr'>forte</span> <span class='ocrx_word' id='word_1_450' title='bbox 3250 3101 3624 3174; x_wconf 70' lang='lat' dir='ltr'>conscripse~</span> 
     </span>
    </p>
   </div>
   <div class='ocr_carea' id='block_1_63' title="bbox 219 3188 1861 3268">
    <p class='ocr_par' dir='ltr' id='par_1_63' title="bbox 219 3188 1861 3268">
     <span class='ocr_line' id='line_1_64' title="bbox 219 3188 1861 3268; baseline 0.003 -25"><span class='ocrx_word' id='word_1_451' title='bbox 219 3190 320 3265; x_wconf 81' lang='grc' dir='ltr'>γὰρ</span> <span class='ocrx_word' id='word_1_452' title='bbox 363 3188 414 3244; x_wconf 78' lang='grc' dir='ltr'>ἐν</span> <span class='ocrx_word' id='word_1_453' title='bbox 453 3190 609 3266; x_wconf 81' lang='grc' dir='ltr'>χερσὶ</span> <span class='ocrx_word' id='word_1_454' title='bbox 649 3191 740 3245; x_wconf 85' lang='grc' dir='ltr'>τὸν</span> <span class='ocrx_word' id='word_1_455' title='bbox 776 3190 939 3268; x_wconf 84' lang='grc' dir='ltr'>λόγον</span> <span class='ocrx_word' id='word_1_456' title='bbox 972 3193 1063 3246; x_wconf 87' lang='grc' dir='ltr'>τὸν</span> <span class='ocrx_word' id='word_1_457' title='bbox 1105 3197 1201 3248; x_wconf 76' lang='grc' dir='ltr'>τοῦ</span> <span class='ocrx_word' id='word_1_458' title='bbox 1247 3195 1629 3266; x_wconf 82' lang='grc' dir='ltr'>Δημοσθένους</span> <span class='ocrx_word' id='word_1_459' title='bbox 1664 3198 1732 3265; x_wconf 81' lang='grc'>¹⁹,</span> <span class='ocrx_word' id='word_1_460' title='bbox 1770 3197 1861 3250; x_wconf 86' lang='grc' dir='ltr'>καὶ</span> 
     </span>
    </p>
   </div>
   <div class='ocr_carea' id='block_1_64' title="bbox 223 3279 1868 3358">
    <p class='ocr_par' dir='ltr' id='par_1_64' title="bbox 223 3279 1868 3358">
     <span class='ocr_line' id='line_1_65' title="bbox 223 3279 1868 3358; baseline 0.002 -23"><span class='ocrx_word' id='word_1_461' title='bbox 223 3280 296 3343; x_wconf 86' lang='grc' dir='ltr'>ὡς</span> <span class='ocrx_word' id='word_1_462' title='bbox 326 3279 585 3354; x_wconf 82' lang='grc' dir='ltr'>ἐγενόμην</span> <span class='ocrx_word' id='word_1_463' title='bbox 617 3279 705 3335; x_wconf 87' lang='grc' dir='ltr'>ἐπὶ</span> <span class='ocrx_word' id='word_1_464' title='bbox 737 3285 844 3335; x_wconf 89' lang='grc' dir='ltr'>τῶν</span> <span class='ocrx_word' id='word_1_465' title='bbox 879 3280 1189 3358; x_wconf 78' lang='grc' dir='ltr'>κεφαλαίων</span> <span class='ocrx_word' id='word_1_466' title='bbox 1223 3284 1256 3338; x_wconf 76' lang='grc' dir='ltr'>ἃ</span> <span class='ocrx_word' id='word_1_467' title='bbox 1284 3287 1381 3338; x_wconf 78' lang='grc' dir='ltr'>τοῦ</span> <span class='ocrx_word' id='word_1_468' title='bbox 1420 3284 1684 3339; x_wconf 82' lang='grc' dir='ltr'>Λεπτίνου</span> <span class='ocrx_word' id='word_1_469' title='bbox 1733 3285 1868 3358; x_wconf 88' lang='grc' dir='ltr'>μέλ-</span> 
     </span>
    </p>
   </div>
   <div class='ocr_carea' id='block_1_65' title="bbox 232 3368 1867 3446">
    <p class='ocr_par' dir='ltr' id='par_1_65' title="bbox 232 3368 1867 3446">
     <span class='ocr_line' id='line_1_66' title="bbox 232 3368 1867 3446; baseline 0.001 -20"><span class='ocrx_word' id='word_1_470' title='bbox 232 3368 426 3433; x_wconf 91' lang='grc' dir='ltr'>λοντος</span> <span class='ocrx_word' id='word_1_471' title='bbox 473 3369 611 3445; x_wconf 84' lang='grc' dir='ltr'>ἐρεῖν</span> <span class='ocrx_word' id='word_1_472' title='bbox 672 3371 1054 3444; x_wconf 81' lang='grc' dir='ltr'>ὑποτέμνεται,</span> <span class='ocrx_word' id='word_1_473' title='bbox 1103 3372 1414 3444; x_wconf 79' lang='grc' dir='ltr'>ἀποστήσας</span> <span class='ocrx_word' id='word_1_474' title='bbox 1481 3372 1715 3446; x_wconf 80' lang='grc' dir='ltr'>ἐμαυτὸν</span> <span class='ocrx_word' id='word_1_475' title='bbox 1771 3379 1867 3430; x_wconf 76' lang='grc' dir='ltr'>τοῦ</span> 
     </span>
    </p>
   </div>
   <div class='ocr_carea' id='block_1_66' title="bbox 231 3459 1864 3539">
    <p class='ocr_par' dir='ltr' id='par_1_66' title="bbox 231 3459 1864 3539">
     <span class='ocr_line' id='line_1_67' title="bbox 231 3459 1864 3539; baseline 0.002 -23"><span class='ocrx_word' id='word_1_476' title='bbox 231 3460 605 3534; x_wconf 85' lang='grc' dir='ltr'>Δημοσθένους</span> <span class='ocrx_word' id='word_1_477' title='bbox 637 3460 726 3514; x_wconf 85' lang='grc' dir='ltr'>ὑπ’</span> <span class='ocrx_word' id='word_1_478' title='bbox 756 3459 990 3533; x_wconf 71' lang='grc' dir='ltr'>ἐμαυτοῦ</span> <span class='ocrx_word' id='word_1_479' title='bbox 1030 3483 1083 3516; x_wconf 91' lang='grc' dir='ltr'>τι</span> <span class='ocrx_word' id='word_1_480' title='bbox 1119 3463 1424 3536; x_wconf 84' lang='grc' dir='ltr'>συνεώρων.</span> <span class='ocrx_word' id='word_1_481' title='bbox 1475 3466 1565 3524; x_wconf 71' lang='grc' dir='ltr'>Ὠς</span> <span class='ocrx_word' id='word_1_482' title='bbox 1613 3461 1669 3518; x_wconf 76' lang='grc' dir='ltr'>δὲ</span> <span class='ocrx_word' id='word_1_483' title='bbox 1713 3466 1864 3539; x_wconf 78' lang='grc' dir='ltr'>εὗρον</span> 
     </span>
    </p>
   </div>
   <div class='ocr_carea' id='block_1_67' title="bbox 229 3547 1868 3626">
    <p class='ocr_par' dir='ltr' id='par_1_67' title="bbox 229 3547 1868 3626">
     <span class='ocr_line' id='line_1_68' title="bbox 229 3547 1868 3626; baseline 0.004 -22"><span class='ocrx_word' id='word_1_484' title='bbox 229 3549 316 3605; x_wconf 85' lang='grc' dir='ltr'>καὶ</span> <span class='ocrx_word' id='word_1_485' title='bbox 368 3547 463 3605; x_wconf 87' lang='grc' dir='ltr'>δύο</span> <span class='ocrx_word' id='word_1_486' title='bbox 512 3549 600 3604; x_wconf 81' lang='grc' dir='ltr'>καὶ</span> <span class='ocrx_word' id='word_1_487' title='bbox 648 3549 772 3626; x_wconf 90' lang='grc' dir='ltr'>τρία</span> <span class='ocrx_word' id='word_1_488' title='bbox 817 3555 923 3605; x_wconf 89' lang='grc' dir='ltr'>τῶν</span> <span class='ocrx_word' id='word_1_489' title='bbox 977 3551 1292 3625; x_wconf 87' lang='grc' dir='ltr'>χρησίμων,</span> <span class='ocrx_word' id='word_1_490' title='bbox 1341 3551 1567 3608; x_wconf 82' lang='grc' dir='ltr'>ἐνταῦθα</span> <span class='ocrx_word' id='word_1_491' title='bbox 1605 3554 1770 3610; x_wconf 84' lang='grc' dir='ltr'>πάλιν</span> <span class='ocrx_word' id='word_1_492' title='bbox 1803 3554 1868 3610; x_wconf 77' lang='grc' dir='ltr'>αὖ</span> 
     </span>
    </p>
   </div>
   <div class='ocr_carea' id='block_1_68' title="bbox 228 3637 1870 3718">
    <p class='ocr_par' dir='ltr' id='par_1_68' title="bbox 228 3637 1870 3718">
     <span class='ocr_line' id='line_1_69' title="bbox 228 3637 1870 3718; baseline 0.002 -24"><span class='ocrx_word' id='word_1_493' title='bbox 228 3638 308 3694; x_wconf 82' lang='grc' dir='ltr'>ἐπ’</span> <span class='ocrx_word' id='word_1_494' title='bbox 354 3637 496 3694; x_wconf 72' lang='grc' dir='ltr'>ἄλλο</span> <span class='ocrx_word' id='word_1_495' title='bbox 533 3661 586 3694; x_wconf 91' lang='grc' dir='ltr'>τι</span> <span class='ocrx_word' id='word_1_496' title='bbox 637 3639 908 3717; x_wconf 81' lang='grc' dir='ltr'>ἐχώρουν.</span> <span class='ocrx_word' id='word_1_497' title='bbox 967 3639 1066 3694; x_wconf 80' lang='grc' dir='ltr'>Καί</span> <span class='ocrx_word' id='word_1_498' title='bbox 1120 3662 1213 3712; x_wconf 91' lang='grc' dir='ltr'>μοι</span> <span class='ocrx_word' id='word_1_499' title='bbox 1261 3642 1584 3718; x_wconf 87' lang='grc' dir='ltr'>πειρωμένῳ</span> <span class='ocrx_word' id='word_1_500' title='bbox 1634 3644 1695 3698; x_wconf 86' lang='grc' dir='ltr'>τὸ</span> <span class='ocrx_word' id='word_1_501' title='bbox 1735 3644 1870 3699; x_wconf 79' lang='grc' dir='ltr'>αὐτὸ</span> 
     </span>
    </p>
   </div>
   <div class='ocr_carea' id='block_1_69' title="bbox 226 3723 1870 3807">
    <p class='ocr_par' dir='ltr' id='par_1_69' title="bbox 226 3723 1870 3807">
     <span class='ocr_line' id='line_1_70' title="bbox 226 3723 1870 3807; baseline 0.001 -23"><span class='ocrx_word' id='word_1_502' title='bbox 226 3728 305 3784; x_wconf 83' lang='grc' dir='ltr'><strong>ἆεὶ</strong></span> <span class='ocrx_word' id='word_1_503' title='bbox 339 3723 740 3785; x_wconf 75' lang='grc' dir='ltr'>συνέϐαινι.Καὶ</span> <span class='ocrx_word' id='word_1_504' title='bbox 774 3727 916 3784; x_wconf 67' lang='grc' dir='ltr'>οὕτω</span> <span class='ocrx_word' id='word_1_505' title='bbox 948 3727 1014 3798; x_wconf 76' lang='grc' dir='ltr'>δὴ</span> <span class='ocrx_word' id='word_1_506' title='bbox 1049 3729 1152 3784; x_wconf 85' lang='grc' dir='ltr'>ἀπὸ</span> <span class='ocrx_word' id='word_1_507' title='bbox 1184 3735 1282 3784; x_wconf 77' lang='grc' dir='ltr'>τοῦ</span> <span class='ocrx_word' id='word_1_508' title='bbox 1323 3729 1631 3807; x_wconf 81' lang='grc' dir='ltr'>κρασπέδου</span> <span class='ocrx_word' id='word_1_509' title='bbox 1674 3733 1870 3804; x_wconf 85' lang='grc' dir='ltr'>θοιμά-</span> 
     </span>
    </p>
   </div>
   <div class='ocr_carea' id='block_1_70' title="bbox 224 3815 1872 3895">
    <p class='ocr_par' dir='ltr' id='par_1_70' title="bbox 224 3815 1872 3895">
     <span class='ocr_line' id='line_1_71' title="bbox 224 3815 1872 3895; baseline 0.002 -23"><span class='ocrx_word' id='word_1_510' title='bbox 224 3838 361 3888; x_wconf 87' lang='grc' dir='ltr'>τιον,</span> <span class='ocrx_word' id='word_1_511' title='bbox 395 3817 440 3872; x_wconf 71' lang='lat' dir='ltr'>ei</span> <span class='ocrx_word' id='word_1_512' title='bbox 482 3815 538 3872; x_wconf 78' lang='grc' dir='ltr'>δὲ</span> <span class='ocrx_word' id='word_1_513' title='bbox 568 3818 777 3894; x_wconf 79' lang='grc' dir='ltr'>βούλει,</span> <span class='ocrx_word' id='word_1_514' title='bbox 808 3819 900 3873; x_wconf 87' lang='grc' dir='ltr'>τὸν</span> <span class='ocrx_word' id='word_1_515' title='bbox 942 3817 1139 3874; x_wconf 89' lang='grc' dir='ltr'>λέοντα</span> <span class='ocrx_word' id='word_1_516' title='bbox 1163 3818 1272 3874; x_wconf 79' lang='grc' dir='ltr'>ἀπὸ</span> <span class='ocrx_word' id='word_1_517' title='bbox 1300 3823 1398 3874; x_wconf 78' lang='grc' dir='ltr'>τοῦ</span> <span class='ocrx_word' id='word_1_518' title='bbox 1429 3818 1629 3894; x_wconf 79' lang='grc' dir='ltr'>ὄνυχος</span> <span class='ocrx_word' id='word_1_519' title='bbox 1687 3819 1872 3895; x_wconf 85' lang='grc' dir='ltr'>ἀπειρ-</span> 
     </span>
    </p>
   </div>
   <div class='ocr_carea' id='block_1_71' title="bbox 227 3905 1872 3986">
    <p class='ocr_par' dir='ltr' id='par_1_71' title="bbox 227 3905 1872 3986">
     <span class='ocr_line' id='line_1_72' title="bbox 227 3905 1872 3986; baseline 0.001 -24"><span class='ocrx_word' id='word_1_520' title='bbox 227 3909 504 3983; x_wconf 85' lang='grc' dir='ltr'>γασάμην.</span> <span class='ocrx_word' id='word_1_521' title='bbox 554 3912 754 3962; x_wconf 76' lang='grc' dir='ltr'>Τοῦτον</span> <span class='ocrx_word' id='word_1_522' title='bbox 805 3907 952 3981; x_wconf 82' lang='grc' dir='ltr'>αύτῷ</span> <span class='ocrx_word' id='word_1_523' title='bbox 992 3909 1082 3963; x_wconf 83' lang='grc' dir='ltr'>τὸν</span> <span class='ocrx_word' id='word_1_524' title='bbox 1141 3907 1302 3982; x_wconf 84' lang='grc' dir='ltr'>λόγον</span> <span class='ocrx_word' id='word_1_525' title='bbox 1355 3905 1520 3979; x_wconf 81' lang='grc' dir='ltr'>δεῖξαι</span> <span class='ocrx_word' id='word_1_526' title='bbox 1548 3910 1594 3945; x_wconf 86' lang='grc'>²⁰</span> <span class='ocrx_word' id='word_1_527' title='bbox 1650 3909 1872 3986; x_wconf 85' lang='grc' dir='ltr'>ἐπεχεί-</span> 
     </span>
    </p>
   </div>
   <div class='ocr_carea' id='block_1_72' title="bbox 229 3997 1872 4074">
    <p class='ocr_par' dir='ltr' id='par_1_72' title="bbox 229 3997 1872 4074">
     <span class='ocr_line' id='line_1_73' title="bbox 229 3997 1872 4074; baseline 0.001 -21"><span class='ocrx_word' id='word_1_528' title='bbox 229 4018 390 4070; x_wconf 88' lang='grc' dir='ltr'>ρησα·</span> <span class='ocrx_word' id='word_1_529' title='bbox 433 3999 523 4052; x_wconf 80' lang='grc' dir='ltr'>καὶ</span> <span class='ocrx_word' id='word_1_530' title='bbox 559 3997 778 4071; x_wconf 86' lang='grc' dir='ltr'>μέλλων</span> <span class='ocrx_word' id='word_1_531' title='bbox 819 3997 1006 4070; x_wconf 80' lang='grc' dir='ltr'>δείξειν</span> <span class='ocrx_word' id='word_1_532' title='bbox 1041 4001 1107 4068; x_wconf 65' lang='grc' dir='ltr'>εί,</span> <span class='ocrx_word' id='word_1_533' title='bbox 1140 4001 1407 4073; x_wconf 78' lang='grc' dir='ltr'>προεῖπον</span> <span class='ocrx_word' id='word_1_534' title='bbox 1457 3998 1540 4055; x_wconf 80' lang='grc' dir='ltr'>ὅτι</span> <span class='ocrx_word' id='word_1_535' title='bbox 1593 4001 1728 4074; x_wconf 84' lang='grc' dir='ltr'>πρὸς</span> <span class='ocrx_word' id='word_1_536' title='bbox 1774 4009 1872 4055; x_wconf 84' lang='grc' dir='ltr'>Λε-</span> 
     </span>
    </p>
   </div>
   <div class='ocr_carea' id='block_1_73' title="bbox 228 4086 1875 4167">
    <p class='ocr_par' dir='ltr' id='par_1_73' title="bbox 228 4086 1875 4167">
     <span class='ocr_line' id='line_1_74' title="bbox 228 4086 1875 4167; baseline 0 -24"><span class='ocrx_word' id='word_1_537' title='bbox 228 4089 419 4155; x_wconf 77' lang='grc' dir='ltr'>πτίνην</span> <span class='ocrx_word' id='word_1_538' title='bbox 466 4086 832 4163; x_wconf 75' lang='grc' dir='ltr'>ἐφευρημένος</span> <span class='ocrx_word' id='word_1_539' title='bbox 884 4087 975 4142; x_wconf 74' lang='grc' dir='ltr'>σὺν</span> <span class='ocrx_word' id='word_1_540' title='bbox 1022 4093 1100 4161; x_wconf 81' lang='grc' dir='ltr'>τῷ</span> <span class='ocrx_word' id='word_1_541' title='bbox 1142 4089 1279 4163; x_wconf 87' lang='grc' dir='ltr'>πρὸς</span> <span class='ocrx_word' id='word_1_542' title='bbox 1323 4090 1586 4160; x_wconf 87' lang='grc' dir='ltr'>Λεπτίνην</span> <span class='ocrx_word' id='word_1_543' title='bbox 1638 4090 1875 4167; x_wconf 71' lang='grc' dir='ltr'>ἐφευρη-</span> 
     </span>
    </p>
   </div>
   <div class='ocr_carea' id='block_1_74' title="bbox 229 4175 1873 4256">
    <p class='ocr_par' dir='ltr' id='par_1_74' title="bbox 229 4175 1873 4256">
     <span class='ocr_line' id='line_1_75' title="bbox 229 4175 1873 4256; baseline 0.001 -22"><span class='ocrx_word' id='word_1_544' title='bbox 229 4198 306 4234; x_wconf 90' lang='grc' dir='ltr'>σει</span> <span class='ocrx_word' id='word_1_545' title='bbox 350 4181 414 4235; x_wconf 75' lang='grc'>³³.</span> <span class='ocrx_word' id='word_1_546' title='bbox 468 4181 605 4252; x_wconf 74' lang='grc' dir='ltr'>Ἀρα</span> <span class='ocrx_word' id='word_1_547' title='bbox 653 4180 728 4251; x_wconf 81' lang='grc' dir='ltr'>μὴ</span> <span class='ocrx_word' id='word_1_548' title='bbox 782 4176 955 4234; x_wconf 75' lang='grc' dir='ltr'>ἀδικῶ</span> <span class='ocrx_word' id='word_1_549' title='bbox 1004 4200 1103 4250; x_wconf 80' lang='lat' dir='ltr'>as;</span> <span class='ocrx_word' id='word_1_550' title='bbox 1153 4175 1286 4256; x_wconf 77' lang='grc' dir='ltr'>ἔφην</span> <span class='ocrx_word' id='word_1_551' title='bbox 1335 4177 1445 4255; x_wconf 78' lang='grc' dir='ltr'>ἐγώ</span> <span class='ocrx_word' id='word_1_552' title='bbox 1477 4181 1542 4238; x_wconf 73' lang='lat'>’3.</span> <span class='ocrx_word' id='word_1_553' title='bbox 1579 4180 1676 4234; x_wconf 82' lang='grc' dir='ltr'>Καὶ</span> <span class='ocrx_word' id='word_1_554' title='bbox 1707 4180 1765 4241; x_wconf 89' lang='grc' dir='ltr'>’ὀς</span> <span class='ocrx_word' id='word_1_555' title='bbox 1800 4181 1873 4253; x_wconf 85' lang='grc' dir='ltr'>μὰ</span> 
     </span>
    </p>
   </div>
   <div class='ocr_carea' id='block_1_75' title="bbox 233 4266 1873 4345">
    <p class='ocr_par' dir='ltr' id='par_1_75' title="bbox 233 4266 1873 4345">
     <span class='ocr_line' id='line_1_76' title="bbox 233 4266 1873 4345; baseline 0.002 -22"><span class='ocrx_word' id='word_1_556' title='bbox 233 4269 338 4331; x_wconf 89' lang='grc' dir='ltr'>Δία</span> <span class='ocrx_word' id='word_1_557' title='bbox 367 4266 595 4344; x_wconf 77' lang='grc' dir='ltr'>εὐγενῶς</span> <span class='ocrx_word' id='word_1_558' title='bbox 622 4289 681 4322; x_wconf 88' lang='grc' dir='ltr'>τε</span> <span class='ocrx_word' id='word_1_559' title='bbox 709 4267 798 4322; x_wconf 84' lang='grc' dir='ltr'>καὶ</span> <span class='ocrx_word' id='word_1_560' title='bbox 831 4268 906 4330; x_wconf 84' lang='grc' dir='ltr'>ὡς</span> <span class='ocrx_word' id='word_1_561' title='bbox 946 4269 1007 4323; x_wconf 81' lang='grc' dir='ltr'>ἂν</span> <span class='ocrx_word' id='word_1_562' title='bbox 1042 4274 1144 4331; x_wconf 80' lang='grc' dir='ltr'>πᾶς</span> <span class='ocrx_word' id='word_1_563' title='bbox 1174 4269 1386 4344; x_wconf 80' lang='grc' dir='ltr'>ἠράσθη</span> <span class='ocrx_word' id='word_1_564' title='bbox 1424 4291 1482 4324; x_wconf 75' lang='grc' dir='ltr'>τε</span> <span class='ocrx_word' id='word_1_565' title='bbox 1531 4270 1622 4324; x_wconf 82' lang='grc' dir='ltr'>καὶ</span> <span class='ocrx_word' id='word_1_566' title='bbox 1661 4271 1873 4345; x_wconf 77' lang='grc' dir='ltr'>ἠγάσθη</span> 
     </span>
    </p>
   </div>
   <div class='ocr_carea' id='block_1_76' title="bbox 231 4354 1875 4434">
    <p class='ocr_par' dir='ltr' id='par_1_76' title="bbox 231 4354 1875 4434">
     <span class='ocr_line' id='line_1_77' title="bbox 231 4354 1875 4434; baseline -0.006 -14"><span class='ocrx_word' id='word_1_567' title='bbox 231 4358 378 4418; x_wconf 79' lang='grc' dir='ltr'>ὅστις</span> <span class='ocrx_word' id='word_1_568' title='bbox 418 4354 743 4432; x_wconf 78' lang='grc' dir='ltr'>φιλολόγος,</span> <span class='ocrx_word' id='word_1_569' title='bbox 776 4357 962 4426; x_wconf 71' lang='grc' dir='ltr'>Οἶσθα,</span> <span class='ocrx_word' id='word_1_570' title='bbox 998 4356 1124 4434; x_wconf 72' lang='grc' dir='ltr'>ἔφη,</span> <span class='ocrx_word' id='word_1_571' title='bbox 1157 4357 1243 4413; x_wconf 82' lang='grc' dir='ltr'>ὅτι</span> <span class='ocrx_word' id='word_1_572' title='bbox 1272 4356 1514 4430; x_wconf 80' lang='grc' dir='ltr'>κάθημαι</span> <span class='ocrx_word' id='word_1_573' title='bbox 1549 4357 1684 4432; x_wconf 86' lang='grc' dir='ltr'>πρὸς</span> <span class='ocrx_word' id='word_1_574' title='bbox 1715 4362 1810 4412; x_wconf 81' lang='grc' dir='ltr'>τοῦ</span> <span class='ocrx_word' id='word_1_575' title='bbox 1828 4358 1875 4394; x_wconf 81' lang='grc'>²⁴</span> 
     </span>
    </p>
   </div>
   <div class='ocr_carea' id='block_1_77' title="bbox 1980 3191 3617 3254">
    <p class='ocr_par' dir='ltr' id='par_1_77' title="bbox 1980 3191 3617 3254">
     <span class='ocr_line' id='line_1_78' title="bbox 1980 3191 3617 3254; baseline -0.005 0"><span class='ocrx_word' id='word_1_576' title='bbox 1980 3213 2103 3254; x_wconf 88' lang='lat' dir='ltr'>ram</span> <span class='ocrx_word' id='word_1_577' title='bbox 2138 3213 2206 3252; x_wconf 83' lang='lat' dir='ltr'>ex</span> <span class='ocrx_word' id='word_1_578' title='bbox 2263 3194 2364 3252; x_wconf 87' lang='lat' dir='ltr'>tali</span> <span class='ocrx_word' id='word_1_579' title='bbox 2394 3196 2715 3252; x_wconf 87' lang='lat' dir='ltr'>occasione.</span> <span class='ocrx_word' id='word_1_580' title='bbox 2759 3194 2902 3250; x_wconf 86' lang='lat' dir='ltr'>Cum</span> <span class='ocrx_word' id='word_1_581' title='bbox 2935 3194 2993 3249; x_wconf 93' lang='lat' dir='ltr'>in</span> <span class='ocrx_word' id='word_1_582' title='bbox 3027 3193 3299 3249; x_wconf 88' lang='lat' dir='ltr'>manibus</span> <span class='ocrx_word' id='word_1_583' title='bbox 3342 3191 3617 3247; x_wconf 88' lang='lat' dir='ltr'>haberem</span> 
     </span>
    </p>
   </div>
   <div class='ocr_carea' id='block_1_78' title="bbox 1977 3282 3619 3358">
    <p class='ocr_par' dir='ltr' id='par_1_78' title="bbox 1977 3282 3619 3358">
     <span class='ocr_line' id='line_1_79' title="bbox 1977 3282 3619 3358; baseline -0.005 -13"><span class='ocrx_word' id='word_1_584' title='bbox 1977 3288 2388 3345; x_wconf 88' lang='lat' dir='ltr'>Demosthenis</span> <span class='ocrx_word' id='word_1_585' title='bbox 2427 3287 2772 3356; x_wconf 88' lang='lat' dir='ltr'>orationem,</span> <span class='ocrx_word' id='word_1_586' title='bbox 2806 3294 3107 3358; x_wconf 85' lang='lat' dir='ltr'>postquam</span> <span class='ocrx_word' id='word_1_587' title='bbox 3140 3285 3210 3340; x_wconf 89' lang='lat' dir='ltr'>ad</span> <span class='ocrx_word' id='word_1_588' title='bbox 3243 3283 3435 3354; x_wconf 87' lang='lat' dir='ltr'>capita</span> <span class='ocrx_word' id='word_1_589' title='bbox 3463 3282 3619 3350; x_wconf 87' lang='lat' dir='ltr'>veni,</span> 
     </span>
    </p>
   </div>
   <div class='ocr_carea' id='block_1_79' title="bbox 1978 3374 3620 3451">
    <p class='ocr_par' dir='ltr' id='par_1_79' title="bbox 1978 3374 3620 3451">
     <span class='ocr_line' id='line_1_80' title="bbox 1978 3374 3620 3451; baseline -0.005 -16"><span class='ocrx_word' id='word_1_590' title='bbox 1978 3397 2105 3451; x_wconf 62' lang='lat' dir='ltr'>qua:</span> <span class='ocrx_word' id='word_1_591' title='bbox 2137 3396 2170 3435; x_wconf 89' lang='lat' dir='ltr'>a</span> <span class='ocrx_word' id='word_1_592' title='bbox 2195 3379 2431 3450; x_wconf 90' lang='lat' dir='ltr'>Leptine</span> <span class='ocrx_word' id='word_1_593' title='bbox 2460 3378 2725 3442; x_wconf 89' lang='lat' dir='ltr'>dicenda,</span> <span class='ocrx_word' id='word_1_594' title='bbox 2757 3377 2880 3447; x_wconf 89' lang='lat' dir='ltr'>ipse</span> <span class='ocrx_word' id='word_1_595' title='bbox 2901 3375 3326 3447; x_wconf 86' lang='lat' dir='ltr'>intercipiebat.</span> <span class='ocrx_word' id='word_1_596' title='bbox 3351 3374 3620 3444; x_wconf 84' lang='lat' dir='ltr'>Deposito</span> 
     </span>
    </p>
   </div>
   <div class='ocr_carea' id='block_1_80' title="bbox 1979 3464 3626 3539">
    <p class='ocr_par' dir='ltr' id='par_1_80' title="bbox 1979 3464 3626 3539">
     <span class='ocr_line' id='line_1_81' title="bbox 1979 3464 3626 3539; baseline -0.004 -15"><span class='ocrx_word' id='word_1_597' title='bbox 1979 3469 2130 3524; x_wconf 87' lang='lat' dir='ltr'>libro</span> <span class='ocrx_word' id='word_1_598' title='bbox 2163 3485 2393 3526; x_wconf 90' lang='lat' dir='ltr'>mecum</span> <span class='ocrx_word' id='word_1_599' title='bbox 2443 3483 2644 3525; x_wconf 91' lang='lat' dir='ltr'>eorum</span> <span class='ocrx_word' id='word_1_600' title='bbox 2695 3467 2992 3539; x_wconf 88' lang='lat' dir='ltr'>quoddam</span> <span class='ocrx_word' id='word_1_601' title='bbox 3031 3465 3419 3522; x_wconf 89' lang='lat' dir='ltr'>consideravi.</span> <span class='ocrx_word' id='word_1_602' title='bbox 3454 3464 3626 3520; x_wconf 83' lang='lat' dir='ltr'>Post—</span> 
     </span>
    </p>
   </div>
   <div class='ocr_carea' id='block_1_81' title="bbox 1979 3555 3623 3633">
    <p class='ocr_par' dir='ltr' id='par_1_81' title="bbox 1979 3555 3623 3633">
     <span class='ocr_line' id='line_1_82' title="bbox 1979 3555 3623 3633; baseline -0.005 -16"><span class='ocrx_word' id='word_1_603' title='bbox 1979 3577 2153 3633; x_wconf 90' lang='lat' dir='ltr'>quam</span> <span class='ocrx_word' id='word_1_604' title='bbox 2187 3565 2379 3616; x_wconf 88' lang='lat' dir='ltr'>autem</span> <span class='ocrx_word' id='word_1_605' title='bbox 2412 3560 2528 3615; x_wconf 89' lang='lat' dir='ltr'>duo</span> <span class='ocrx_word' id='word_1_606' title='bbox 2558 3558 2645 3616; x_wconf 88' lang='lat' dir='ltr'>vel</span> <span class='ocrx_word' id='word_1_607' title='bbox 2679 3559 2808 3627; x_wconf 83' lang='lat' dir='ltr'>tria,</span> <span class='ocrx_word' id='word_1_608' title='bbox 2831 3575 2955 3629; x_wconf 82' lang='lat' dir='ltr'>quae</span> <span class='ocrx_word' id='word_1_609' title='bbox 2985 3559 3056 3613; x_wconf 89' lang='lat' dir='ltr'>ad</span> <span class='ocrx_word' id='word_1_610' title='bbox 3088 3574 3204 3614; x_wconf 89' lang='lat' dir='ltr'>rem</span> <span class='ocrx_word' id='word_1_611' title='bbox 3231 3555 3623 3628; x_wconf 88' lang='lat' dir='ltr'>pertinebant,</span> 
     </span>
    </p>
   </div>
   <div class='ocr_carea' id='block_1_82' title="bbox 1979 3643 3625 3717">
    <p class='ocr_par' dir='ltr' id='par_1_82' title="bbox 1979 3643 3625 3717">
     <span class='ocr_line' id='line_1_83' title="bbox 1979 3643 3625 3717; baseline -0.005 -12"><span class='ocrx_word' id='word_1_612' title='bbox 1979 3650 2337 3715; x_wconf 89' lang='lat' dir='ltr'>inveneram,</span> <span class='ocrx_word' id='word_1_613' title='bbox 2353 3648 2426 3704; x_wconf 86' lang='lat' dir='ltr'>ad</span> <span class='ocrx_word' id='word_1_614' title='bbox 2454 3648 2567 3704; x_wconf 89' lang='lat' dir='ltr'>alia</span> <span class='ocrx_word' id='word_1_615' title='bbox 2585 3647 2796 3704; x_wconf 89' lang='lat' dir='ltr'>deinde</span> <span class='ocrx_word' id='word_1_616' title='bbox 2819 3646 3249 3717; x_wconf 87' lang='lat' dir='ltr'>perrexi,atque</span> <span class='ocrx_word' id='word_1_617' title='bbox 3276 3645 3358 3700; x_wconf 86' lang='lat' dir='ltr'>ita</span> <span class='ocrx_word' id='word_1_618' title='bbox 3379 3643 3625 3699; x_wconf 81' lang='lat' dir='ltr'>tentanti</span> 
     </span>
    </p>
   </div>
   <div class='ocr_carea' id='block_1_83' title="bbox 1982 3730 3624 3806">
    <p class='ocr_par' dir='ltr' id='par_1_83' title="bbox 1982 3730 3624 3806">
     <span class='ocr_line' id='line_1_84' title="bbox 1982 3730 3624 3806; baseline -0.006 -13"><span class='ocrx_word' id='word_1_619' title='bbox 1982 3753 2207 3806; x_wconf 86' lang='lat' dir='ltr'>semper</span> <span class='ocrx_word' id='word_1_620' title='bbox 2253 3736 2408 3790; x_wconf 90' lang='lat' dir='ltr'>idem</span> <span class='ocrx_word' id='word_1_621' title='bbox 2457 3734 2718 3802; x_wconf 79' lang='lat' dir='ltr'>contigit,</span> <span class='ocrx_word' id='word_1_622' title='bbox 2759 3735 2943 3788; x_wconf 89' lang='lat' dir='ltr'>donec</span> <span class='ocrx_word' id='word_1_623' title='bbox 2992 3750 3026 3788; x_wconf 89' lang='lat' dir='ltr'>a</span> <span class='ocrx_word' id='word_1_624' title='bbox 3079 3730 3309 3786; x_wconf 83' lang='lat' dir='ltr'>fimbria</span> <span class='ocrx_word' id='word_1_625' title='bbox 3365 3731 3624 3784; x_wconf 89' lang='lat' dir='ltr'>tunicam</span> 
     </span>
    </p>
   </div>
   <div class='ocr_carea' id='block_1_84' title="bbox 1981 3816 3621 3890">
    <p class='ocr_par' dir='ltr' id='par_1_84' title="bbox 1981 3816 3621 3890">
     <span class='ocr_line' id='line_1_85' title="bbox 1981 3816 3621 3890; baseline -0.007 -9"><span class='ocrx_word' id='word_1_626' title='bbox 1981 3825 2242 3890; x_wconf 87' lang='lat' dir='ltr'>tandem,</span> <span class='ocrx_word' id='word_1_627' title='bbox 2272 3829 2367 3876; x_wconf 86' lang='lat' dir='ltr'>aut</span> <span class='ocrx_word' id='word_1_628' title='bbox 2413 3823 2461 3876; x_wconf 90' lang='lat' dir='ltr'>si</span> <span class='ocrx_word' id='word_1_629' title='bbox 2514 3821 2700 3876; x_wconf 85' lang='lat' dir='ltr'>mavis</span> <span class='ocrx_word' id='word_1_630' title='bbox 2732 3821 2803 3876; x_wconf 91' lang='lat' dir='ltr'>ab</span> <span class='ocrx_word' id='word_1_631' title='bbox 2844 3834 3042 3890; x_wconf 89' lang='lat' dir='ltr'>ungue</span> <span class='ocrx_word' id='word_1_632' title='bbox 3092 3819 3316 3874; x_wconf 91' lang='lat' dir='ltr'>leonem</span> <span class='ocrx_word' id='word_1_633' title='bbox 3381 3816 3621 3872; x_wconf 88' lang='lat' dir='ltr'>absolvi.</span> 
     </span>
    </p>
   </div>
   <div class='ocr_carea' id='block_1_85' title="bbox 1983 3906 3628 3984">
    <p class='ocr_par' dir='ltr' id='par_1_85' title="bbox 1983 3906 3628 3984">
     <span class='ocr_line' id='line_1_86' title="bbox 1983 3906 3628 3984; baseline -0.006 -15"><span class='ocrx_word' id='word_1_634' title='bbox 1983 3913 2143 3969; x_wconf 83' lang='lat' dir='ltr'>Hanc</span> <span class='ocrx_word' id='word_1_635' title='bbox 2171 3911 2349 3984; x_wconf 80' lang='lat' dir='ltr'>igitur</span> <span class='ocrx_word' id='word_1_636' title='bbox 2377 3909 2696 3966; x_wconf 86' lang='lat' dir='ltr'>orationem</span> <span class='ocrx_word' id='word_1_637' title='bbox 2728 3924 2858 3966; x_wconf 91' lang='lat' dir='ltr'>cum</span> <span class='ocrx_word' id='word_1_638' title='bbox 2891 3909 2941 3964; x_wconf 92' lang='lat' dir='ltr'>ei</span> <span class='ocrx_word' id='word_1_639' title='bbox 2965 3907 3171 3963; x_wconf 90' lang='lat' dir='ltr'>vellem</span> <span class='ocrx_word' id='word_1_640' title='bbox 3204 3906 3466 3971; x_wconf 86' lang='lat' dir='ltr'>recitare,</span> <span class='ocrx_word' id='word_1_641' title='bbox 3491 3921 3628 3976; x_wconf 85' lang='lat' dir='ltr'>prae-</span> 
     </span>
    </p>
   </div>
   <div class='ocr_carea' id='block_1_86' title="bbox 1983 3997 3624 4069">
    <p class='ocr_par' dir='ltr' id='par_1_86' title="bbox 1983 3997 3624 4069">
     <span class='ocr_line' id='line_1_87' title="bbox 1983 3997 3624 4069; baseline -0.005 -12"><span class='ocrx_word' id='word_1_642' title='bbox 1983 4000 2099 4057; x_wconf 83' lang='lat' dir='ltr'>dixi</span> <span class='ocrx_word' id='word_1_643' title='bbox 2125 4000 2408 4066; x_wconf 82' lang='lat' dir='ltr'>futurum,</span> <span class='ocrx_word' id='word_1_644' title='bbox 2441 4005 2506 4054; x_wconf 86' lang='lat' dir='ltr'>ut</span> <span class='ocrx_word' id='word_1_645' title='bbox 2535 3999 2605 4054; x_wconf 88' lang='lat' dir='ltr'>ad</span> <span class='ocrx_word' id='word_1_646' title='bbox 2644 3998 2939 4069; x_wconf 90' lang='lat' dir='ltr'>Leptinem</span> <span class='ocrx_word' id='word_1_647' title='bbox 2963 3997 3294 4064; x_wconf 85' lang='lat' dir='ltr'>adinventa,</span> <span class='ocrx_word' id='word_1_648' title='bbox 3327 4011 3460 4050; x_wconf 89' lang='lat' dir='ltr'>cum</span> <span class='ocrx_word' id='word_1_649' title='bbox 3493 4011 3624 4050; x_wconf 88' lang='lat' dir='ltr'>ora-</span> 
     </span>
    </p>
   </div>
   <div class='ocr_carea' id='block_1_87' title="bbox 1982 4085 3623 4161">
    <p class='ocr_par' dir='ltr' id='par_1_87' title="bbox 1982 4085 3623 4161">
     <span class='ocr_line' id='line_1_88' title="bbox 1982 4085 3623 4161; baseline -0.005 -14"><span class='ocrx_word' id='word_1_650' title='bbox 1982 4090 2140 4148; x_wconf 88' lang='lat' dir='ltr'>tione</span> <span class='ocrx_word' id='word_1_651' title='bbox 2157 4091 2228 4146; x_wconf 90' lang='lat' dir='ltr'>ad</span> <span class='ocrx_word' id='word_1_652' title='bbox 2249 4088 2863 4161; x_wconf 86' lang='lat' dir='ltr'>Leptineminveniret.</span> <span class='ocrx_word' id='word_1_653' title='bbox 2879 4087 3052 4154; x_wconf 86' lang='lat' dir='ltr'>Num,</span> <span class='ocrx_word' id='word_1_654' title='bbox 3069 4088 3310 4157; x_wconf 90' lang='lat' dir='ltr'>inquam</span> <span class='ocrx_word' id='word_1_655' title='bbox 3326 4085 3623 4155; x_wconf 87' lang='lat' dir='ltr'>injuriam,</span> 
     </span>
    </p>
   </div>
   <div class='ocr_carea' id='block_1_88' title="bbox 1985 4172 3627 4249">
    <p class='ocr_par' dir='ltr' id='par_1_88' title="bbox 1985 4172 3627 4249">
     <span class='ocr_line' id='line_1_89' title="bbox 1985 4172 3627 4249; baseline -0.004 -13"><span class='ocrx_word' id='word_1_656' title='bbox 1985 4180 2132 4236; x_wconf 84' lang='lat' dir='ltr'>facio</span> <span class='ocrx_word' id='word_1_657' title='bbox 2153 4180 2180 4235; x_wconf 76' lang='lat' dir='ltr'>‘I</span> <span class='ocrx_word' id='word_1_658' title='bbox 2208 4183 2353 4234; x_wconf 87' lang='lat' dir='ltr'>Tum</span> <span class='ocrx_word' id='word_1_659' title='bbox 2384 4177 2480 4235; x_wconf 91' lang='lat' dir='ltr'>ille</span> <span class='ocrx_word' id='word_1_660' title='bbox 2513 4193 2810 4249; x_wconf 82' lang='lat' dir='ltr'>generose,</span> <span class='ocrx_word' id='word_1_661' title='bbox 2845 4182 2902 4232; x_wconf 88' lang='lat' dir='ltr'>et</span> <span class='ocrx_word' id='word_1_662' title='bbox 2937 4181 3002 4232; x_wconf 92' lang='lat' dir='ltr'>ut</span> <span class='ocrx_word' id='word_1_663' title='bbox 3030 4174 3216 4248; x_wconf 88' lang='lat' dir='ltr'>quivis</span> <span class='ocrx_word' id='word_1_664' title='bbox 3254 4189 3317 4230; x_wconf 89' lang='lat' dir='ltr'>se</span> <span class='ocrx_word' id='word_1_665' title='bbox 3347 4172 3627 4245; x_wconf 86' lang='lat' dir='ltr'>gessisset</span> 
     </span>
    </p>
   </div>
   <div class='ocr_carea' id='block_1_89' title="bbox 1985 4263 3625 4341">
    <p class='ocr_par' dir='ltr' id='par_1_89' title="bbox 1985 4263 3625 4341">
     <span class='ocr_line' id='line_1_90' title="bbox 1985 4263 3625 4341; baseline -0.003 -17"><span class='ocrx_word' id='word_1_666' title='bbox 1985 4268 2316 4341; x_wconf 89' lang='lat' dir='ltr'>philologus</span> <span class='ocrx_word' id='word_1_667' title='bbox 2351 4285 2365 4326; x_wconf 89' lang='lat'>:</span> <span class='ocrx_word' id='word_1_668' title='bbox 2396 4269 2482 4323; x_wconf 86' lang='lat' dir='ltr'>An</span> <span class='ocrx_word' id='word_1_669' title='bbox 2515 4267 2772 4340; x_wconf 87' lang='lat' dir='ltr'>ignoras,</span> <span class='ocrx_word' id='word_1_670' title='bbox 2803 4266 3016 4338; x_wconf 89' lang='lat' dir='ltr'>inquit,</span> <span class='ocrx_word' id='word_1_671' title='bbox 3049 4282 3083 4320; x_wconf 89' lang='lat' dir='ltr'>a</span> <span class='ocrx_word' id='word_1_672' title='bbox 3117 4263 3502 4320; x_wconf 84' lang='lat' dir='ltr'>Demosthene</span> <span class='ocrx_word' id='word_1_673' title='bbox 3531 4279 3625 4319; x_wconf 93' lang='lat' dir='ltr'>me</span> 
     </span>
    </p>
   </div>
   <div class='ocr_carea' id='block_1_90' title="bbox 1985 4354 3622 4429">
    <p class='ocr_par' dir='ltr' id='par_1_90' title="bbox 1985 4354 3622 4429">
     <span class='ocr_line' id='line_1_91' title="bbox 1985 4354 3622 4429; baseline -0.004 -15"><span class='ocrx_word' id='word_1_674' title='bbox 1985 4357 2188 4414; x_wconf 70' lang='lat' dir='ltr'>stare?</span> <span class='ocrx_word' id='word_1_675' title='bbox 2221 4359 2288 4413; x_wconf 89' lang='lat' dir='ltr'>Et</span> <span class='ocrx_word' id='word_1_676' title='bbox 2317 4373 2419 4429; x_wconf 88' lang='lat' dir='ltr'>ego</span> <span class='ocrx_word' id='word_1_677' title='bbox 2455 4356 2776 4413; x_wconf 88' lang='lat' dir='ltr'>:Eumdem</span> <span class='ocrx_word' id='word_1_678' title='bbox 2811 4355 3010 4427; x_wconf 88' lang='lat' dir='ltr'>igitur,</span> <span class='ocrx_word' id='word_1_679' title='bbox 3042 4354 3494 4425; x_wconf 90' lang='lat' dir='ltr'>inquam,quem</span> <span class='ocrx_word' id='word_1_680' title='bbox 3517 4365 3622 4424; x_wconf 90' lang='lat' dir='ltr'>ego</span> 
     </span>
    </p>
   </div>
   <div class='ocr_carea' id='block_1_91' title="bbox 229 4441 1867 4529">
    <p class='ocr_par' dir='ltr' id='par_1_91' title="bbox 229 4441 1867 4526">
     <span class='ocr_line' id='line_1_92' title="bbox 229 4441 1867 4526; baseline 0.002 -27"><span class='ocrx_word' id='word_1_681' title='bbox 229 4445 640 4517; x_wconf 87' lang='grc' dir='ltr'>Δημοσθένους;</span> <span class='ocrx_word' id='word_1_682' title='bbox 689 4445 866 4520; x_wconf 82' lang='grc' dir='ltr'>Κάγὼ,</span> <span class='ocrx_word' id='word_1_683' title='bbox 907 4445 996 4500; x_wconf 86' lang='grc' dir='ltr'>τὸν</span> <span class='ocrx_word' id='word_1_684' title='bbox 1045 4443 1203 4501; x_wconf 81' lang='grc' dir='ltr'>αύνὸν</span> <span class='ocrx_word' id='word_1_685' title='bbox 1253 4444 1374 4520; x_wconf 75' lang='grc' dir='ltr'>ἄρα,</span> <span class='ocrx_word' id='word_1_686' title='bbox 1436 4441 1589 4526; x_wconf 74' lang='grc' dir='ltr'>ἔφην,</span> <span class='ocrx_word' id='word_1_687' title='bbox 1648 4447 1772 4520; x_wconf 86' lang='grc' dir='ltr'>ἐμοὶ</span> <span class='ocrx_word' id='word_1_688' title='bbox 1821 4450 1867 4485; x_wconf 80' lang='grc'>²⁸</span> 
     </span>
    </p>
   </div>
   <div class='ocr_carea' id='block_1_92' title="bbox 1979 4441 3626 4529">
    <p class='ocr_par' dir='ltr' id='par_1_92' title="bbox 1987 4442 3626 4517">
     <span class='ocr_line' id='line_1_93' title="bbox 1987 4442 3626 4517; baseline -0.005 -12"><span class='ocrx_word' id='word_1_689' title='bbox 1987 4448 2150 4517; x_wconf 91' lang='lat' dir='ltr'>colis,</span> <span class='ocrx_word' id='word_1_690' title='bbox 2187 4447 2270 4503; x_wconf 89' lang='lat' dir='ltr'>ita</span> <span class='ocrx_word' id='word_1_691' title='bbox 2301 4451 2384 4517; x_wconf 92' lang='lat' dir='ltr'>ut,</span> <span class='ocrx_word' id='word_1_692' title='bbox 2419 4446 2470 4503; x_wconf 90' lang='lat' dir='ltr'>si</span> <span class='ocrx_word' id='word_1_693' title='bbox 2513 4463 2604 4501; x_wconf 89' lang='lat' dir='ltr'>me</span> <span class='ocrx_word' id='word_1_694' title='bbox 2633 4445 2861 4510; x_wconf 89' lang='lat' dir='ltr'>vicerit,</span> <span class='ocrx_word' id='word_1_695' title='bbox 2896 4460 3011 4500; x_wconf 92' lang='lat' dir='ltr'>non</span> <span class='ocrx_word' id='word_1_696' title='bbox 3042 4443 3118 4500; x_wconf 89' lang='lat' dir='ltr'>sit</span> <span class='ocrx_word' id='word_1_697' title='bbox 3156 4442 3430 4498; x_wconf 84' lang='lat' dir='ltr'>inimicus</span> <span class='ocrx_word' id='word_1_698' title='bbox 3461 4457 3626 4497; x_wconf 90' lang='lat' dir='ltr'>coro-</span> 
     </span>
    </p>
   </div>
   <div class='ocr_carea' id='block_1_93' title="bbox 232 4533 1869 4616">
    <p class='ocr_par' dir='ltr' id='par_1_93' title="bbox 232 4533 1869 4616">
     <span class='ocr_line' id='line_1_94' title="bbox 232 4533 1869 4616; baseline 0.002 -27"><span class='ocrx_word' id='word_1_699' title='bbox 232 4533 538 4611; x_wconf 79' lang='grc' dir='ltr'>βουκολεῖς,</span> <span class='ocrx_word' id='word_1_700' title='bbox 573 4533 708 4589; x_wconf 83' lang='grc' dir='ltr'>ὥστε</span> <span class='ocrx_word' id='word_1_701' title='bbox 740 4533 784 4588; x_wconf 78' lang='grc' dir='ltr'>εί</span> <span class='ocrx_word' id='word_1_702' title='bbox 815 4536 988 4606; x_wconf 83' lang='grc' dir='ltr'>νικῴη</span> <span class='ocrx_word' id='word_1_703' title='bbox 1026 4536 1082 4608; x_wconf 86' lang='grc' dir='ltr'>μ’</span> <span class='ocrx_word' id='word_1_704' title='bbox 1113 4535 1210 4590; x_wconf 77' lang='grc' dir='ltr'>οὐκ</span> <span class='ocrx_word' id='word_1_705' title='bbox 1252 4533 1450 4611; x_wconf 75' lang='grc' dir='ltr'>ἐχθρὰς</span> <span class='ocrx_word' id='word_1_706' title='bbox 1504 4539 1532 4592; x_wconf 87' lang='grc' dir='ltr'>ὁ</span> <span class='ocrx_word' id='word_1_707' title='bbox 1583 4538 1869 4616; x_wconf 76' lang='grc' dir='ltr'>στεφανού-</span> 
     </span>
    </p>
   </div>
   <div class='ocr_carea' id='block_1_94' title="bbox 231 4621 1867 4700">
    <p class='ocr_par' dir='ltr' id='par_1_94' title="bbox 231 4621 1867 4700">
     <span class='ocr_line' id='line_1_95' title="bbox 231 4621 1867 4700; baseline 0.003 -23"><span class='ocrx_word' id='word_1_708' title='bbox 231 4643 413 4698; x_wconf 87' lang='grc' dir='ltr'>μενος,</span> <span class='ocrx_word' id='word_1_709' title='bbox 443 4621 570 4678; x_wconf 83' lang='grc' dir='ltr'>ἀλλ⁹</span> <span class='ocrx_word' id='word_1_710' title='bbox 607 4623 654 4694; x_wconf 82' lang='grc' dir='ltr'>ᾦ</span> <span class='ocrx_word' id='word_1_711' title='bbox 686 4621 748 4676; x_wconf 87' lang='grc' dir='ltr'>σύ</span> <span class='ocrx_word' id='word_1_712' title='bbox 787 4643 846 4699; x_wconf 88' lang='grc' dir='ltr'>γε</span> <span class='ocrx_word' id='word_1_713' title='bbox 878 4624 1027 4700; x_wconf 85' lang='grc' dir='ltr'>κάγὼ</span> <span class='ocrx_word' id='word_1_714' title='bbox 1076 4623 1469 4700; x_wconf 82' lang='grc' dir='ltr'>συσπεύδομεν.</span> <span class='ocrx_word' id='word_1_715' title='bbox 1515 4631 1602 4688; x_wconf 83' lang='grc' dir='ltr'>Ὠς</span> <span class='ocrx_word' id='word_1_716' title='bbox 1651 4624 1707 4682; x_wconf 79' lang='grc' dir='ltr'>δὲ</span> <span class='ocrx_word' id='word_1_717' title='bbox 1751 4625 1867 4682; x_wconf 81' lang='grc' dir='ltr'>ἐκέ·</span> 
     </span>
    </p>
   </div>
   <div class='ocr_carea' id='block_1_95' title="bbox 225 4704 1870 4792">
    <p class='ocr_par' dir='ltr' id='par_1_95' title="bbox 225 4704 1870 4792">
     <span class='ocr_line' id='line_1_96' title="bbox 225 4704 1870 4792; baseline 0.001 -26"><span class='ocrx_word' id='word_1_718' title='bbox 225 4709 347 4766; x_wconf 85' lang='grc' dir='ltr'>λευε</span> <span class='ocrx_word' id='word_1_719' title='bbox 375 4711 421 4748; x_wconf 79' lang='grc'>²⁶</span> <span class='ocrx_word' id='word_1_720' title='bbox 457 4710 522 4764; x_wconf 86' lang='grc' dir='ltr'>τὰ</span> <span class='ocrx_word' id='word_1_721' title='bbox 559 4704 747 4785; x_wconf 74' lang='grc' dir='ltr'>βιϐλία</span> <span class='ocrx_word' id='word_1_722' title='bbox 776 4709 828 4765; x_wconf 84' lang='grc' dir='ltr'>έν</span> <span class='ocrx_word' id='word_1_723' title='bbox 864 4709 1013 4787; x_wconf 78' lang='grc' dir='ltr'>μὲρει</span> <span class='ocrx_word' id='word_1_724' title='bbox 1045 4709 1310 4769; x_wconf 74' lang='grc' dir='ltr'>δεικνύναι</span> <span class='ocrx_word' id='word_1_725' title='bbox 1343 4714 1430 4769; x_wconf 84' lang='grc' dir='ltr'>καὶ</span> <span class='ocrx_word' id='word_1_726' title='bbox 1459 4716 1522 4770; x_wconf 85' lang='grc' dir='ltr'>τὸ</span> <span class='ocrx_word' id='word_1_727' title='bbox 1577 4719 1806 4792; x_wconf 80' lang='grc' dir='ltr'>πρᾶγμα</span> <span class='ocrx_word' id='word_1_728' title='bbox 1826 4716 1870 4750; x_wconf 63' lang='grc'>27</span> 
     </span>
    </p>
   </div>
   <div class='ocr_carea' id='block_1_96' title="bbox 242 4799 1872 4881">
    <p class='ocr_par' dir='ltr' id='par_1_96' title="bbox 242 4799 1872 4881">
     <span class='ocr_line' id='line_1_97' title="bbox 242 4799 1872 4881; baseline 0.002 -24"><span class='ocrx_word' id='word_1_729' title='bbox 242 4805 498 4879; x_wconf 85' lang='grc' dir='ltr'>πανταχῆ</span> <span class='ocrx_word' id='word_1_730' title='bbox 531 4799 740 4871; x_wconf 73' lang='grc' dir='ltr'>σπουδὴ</span> <span class='ocrx_word' id='word_1_731' title='bbox 771 4802 862 4870; x_wconf 78' lang='grc' dir='ltr'>ἦν,</span> <span class='ocrx_word' id='word_1_732' title='bbox 895 4803 1106 4858; x_wconf 81' lang='grc' dir='ltr'>Οὑτωσί</span> <span class='ocrx_word' id='word_1_733' title='bbox 1134 4800 1381 4881; x_wconf 75' lang='grc' dir='ltr'>τοι,ἔφην</span> <span class='ocrx_word' id='word_1_734' title='bbox 1411 4803 1542 4880; x_wconf 86' lang='grc' dir='ltr'>ἐγὼ,</span> <span class='ocrx_word' id='word_1_735' title='bbox 1576 4805 1665 4859; x_wconf 85' lang='grc' dir='ltr'>σοὶ</span> <span class='ocrx_word' id='word_1_736' title='bbox 1703 4806 1872 4860; x_wconf 83' lang='grc' dir='ltr'>ταυτᾶ</span> 
     </span>
    </p>
   </div>
   <div class='ocr_carea' id='block_1_97' title="bbox 227 4892 1872 4970">
    <p class='ocr_par' dir='ltr' id='par_1_97' title="bbox 227 4892 1872 4970">
     <span class='ocr_line' id='line_1_98' title="bbox 227 4892 1872 4970; baseline 0.003 -26"><span class='ocrx_word' id='word_1_737' title='bbox 227 4893 479 4968; x_wconf 82' lang='grc' dir='ltr'>γινώσκω</span> <span class='ocrx_word' id='word_1_738' title='bbox 538 4892 661 4968; x_wconf 88' lang='grc' dir='ltr'>περὶ</span> <span class='ocrx_word' id='word_1_739' title='bbox 721 4893 1118 4966; x_wconf 76' lang='grc' dir='ltr'>Δημοσθένους,</span> <span class='ocrx_word' id='word_1_740' title='bbox 1176 4896 1264 4949; x_wconf 81' lang='grc' dir='ltr'>καὶ</span> <span class='ocrx_word' id='word_1_741' title='bbox 1349 4897 1596 4970; x_wconf 73' lang='grc' dir='ltr'>ἡγοῦμαι</span> <span class='ocrx_word' id='word_1_742' title='bbox 1677 4895 1872 4950; x_wconf 87' lang='grc' dir='ltr'>ταυτὸν</span> 
     </span>
    </p>
   </div>
   <div class='ocr_carea' id='block_1_98' title="bbox 1988 4530 3625 4606">
    <p class='ocr_par' dir='ltr' id='par_1_98' title="bbox 1988 4530 3625 4606">
     <span class='ocr_line' id='line_1_99' title="bbox 1988 4530 3625 4606; baseline -0.004 -13"><span class='ocrx_word' id='word_1_743' title='bbox 1988 4537 2355 4606; x_wconf 86' lang='lat' dir='ltr'>nandus,sed</span> <span class='ocrx_word' id='word_1_744' title='bbox 2385 4537 2435 4592; x_wconf 90' lang='lat' dir='ltr'>is</span> <span class='ocrx_word' id='word_1_745' title='bbox 2461 4535 2556 4592; x_wconf 88' lang='lat' dir='ltr'>cui</span> <span class='ocrx_word' id='word_1_746' title='bbox 2579 4534 2752 4592; x_wconf 90' lang='lat' dir='ltr'>simul</span> <span class='ocrx_word' id='word_1_747' title='bbox 2782 4539 3023 4604; x_wconf 90' lang='lat' dir='ltr'>uterque</span> <span class='ocrx_word' id='word_1_748' title='bbox 3048 4533 3316 4588; x_wconf 88' lang='lat' dir='ltr'>libamus.</span> <span class='ocrx_word' id='word_1_749' title='bbox 3336 4530 3408 4587; x_wconf 92' lang='lat' dir='ltr'>Ut</span> <span class='ocrx_word' id='word_1_750' title='bbox 3431 4534 3625 4587; x_wconf 89' lang='lat' dir='ltr'>autem</span> 
     </span>
    </p>
   </div>
   <div class='ocr_carea' id='block_1_99' title="bbox 1983 4620 3626 4695">
    <p class='ocr_par' dir='ltr' id='par_1_99' title="bbox 1983 4620 3626 4695">
     <span class='ocr_line' id='line_1_100' title="bbox 1983 4620 3626 4695; baseline -0.005 -11"><span class='ocrx_word' id='word_1_751' title='bbox 1983 4628 2178 4684; x_wconf 71' lang='lat' dir='ltr'>422a</span> <span class='ocrx_word' id='word_1_752' title='bbox 2210 4625 2442 4683; x_wconf 88' lang='lat' dir='ltr'>libellos</span> <span class='ocrx_word' id='word_1_753' title='bbox 2485 4625 2710 4682; x_wconf 89' lang='lat' dir='ltr'>recitari</span> <span class='ocrx_word' id='word_1_754' title='bbox 2758 4623 2958 4695; x_wconf 88' lang='lat' dir='ltr'>jussit,</span> <span class='ocrx_word' id='word_1_755' title='bbox 2990 4628 3047 4680; x_wconf 92' lang='lat' dir='ltr'>et</span> <span class='ocrx_word' id='word_1_756' title='bbox 3077 4623 3229 4678; x_wconf 89' lang='lat' dir='ltr'>seria</span> <span class='ocrx_word' id='word_1_757' title='bbox 3259 4637 3352 4677; x_wconf 88' lang='lat' dir='ltr'>res</span> <span class='ocrx_word' id='word_1_758' title='bbox 3391 4620 3483 4692; x_wconf 89' lang='lat' dir='ltr'>agi</span> <span class='ocrx_word' id='word_1_759' title='bbox 3515 4636 3626 4676; x_wconf 76' lang='lat' dir='ltr'>cce-</span> 
     </span>
    </p>
   </div>
   <div class='ocr_carea' id='block_1_100' title="bbox 1991 4710 3634 4788">
    <p class='ocr_par' dir='ltr' id='par_1_100' title="bbox 1991 4710 3634 4788">
     <span class='ocr_line' id='line_1_101' title="bbox 1991 4710 3634 4788; baseline -0.005 -16"><span class='ocrx_word' id='word_1_760' title='bbox 1991 4717 2094 4788; x_wconf 89' lang='lat' dir='ltr'>pit,</span> <span class='ocrx_word' id='word_1_761' title='bbox 2137 4717 2218 4773; x_wconf 90' lang='lat' dir='ltr'>ita</span> <span class='ocrx_word' id='word_1_762' title='bbox 2250 4717 2364 4772; x_wconf 79' lang='lat' dir='ltr'>fere</span> <span class='ocrx_word' id='word_1_763' title='bbox 2393 4716 2512 4772; x_wconf 84' lang='lat' dir='ltr'>dixi</span> <span class='ocrx_word' id='word_1_764' title='bbox 2549 4731 2561 4770; x_wconf 93' lang='lat'><strong>:</strong></span> <span class='ocrx_word' id='word_1_765' title='bbox 2599 4713 2903 4785; x_wconf 84' lang='lat' dir='ltr'>Equidem,</span> <span class='ocrx_word' id='word_1_766' title='bbox 2934 4713 2992 4768; x_wconf 90' lang='lat' dir='ltr'>ni</span> <span class='ocrx_word' id='word_1_767' title='bbox 3021 4711 3213 4777; x_wconf 81' lang='lat' dir='ltr'>fallor,</span> <span class='ocrx_word' id='word_1_768' title='bbox 3245 4710 3399 4766; x_wconf 91' lang='lat' dir='ltr'>idem</span> <span class='ocrx_word' id='word_1_769' title='bbox 3431 4711 3500 4764; x_wconf 92' lang='lat' dir='ltr'>de</span> <span class='ocrx_word' id='word_1_770' title='bbox 3531 4711 3634 4764; x_wconf 89' lang='lat' dir='ltr'>De-</span> 
     </span>
    </p>
   </div>
   <div class='ocr_carea' id='block_1_101' title="bbox 1985 4798 3626 4878">
    <p class='ocr_par' dir='ltr' id='par_1_101' title="bbox 1985 4798 3626 4878">
     <span class='ocr_line' id='line_1_102' title="bbox 1985 4798 3626 4878; baseline -0.007 -15"><span class='ocrx_word' id='word_1_771' title='bbox 1985 4806 2291 4863; x_wconf 89' lang='lat' dir='ltr'>mosthene</span> <span class='ocrx_word' id='word_1_772' title='bbox 2305 4807 2460 4878; x_wconf 91' lang='lat' dir='ltr'>quod</span> <span class='ocrx_word' id='word_1_773' title='bbox 2484 4810 2545 4861; x_wconf 88' lang='lat' dir='ltr'>tu</span> <span class='ocrx_word' id='word_1_774' title='bbox 2569 4804 2862 4870; x_wconf 87' lang='lat' dir='ltr'>existimo,</span> <span class='ocrx_word' id='word_1_775' title='bbox 2877 4802 3192 4858; x_wconf 80' lang='lat' dir='ltr'>difﬁculter</span> <span class='ocrx_word' id='word_1_776' title='bbox 3212 4816 3346 4856; x_wconf 90' lang='lat' dir='ltr'>eum</span> <span class='ocrx_word' id='word_1_777' title='bbox 3365 4798 3626 4868; x_wconf 86' lang='lat' dir='ltr'>superari</span> 
     </span>
    </p>
   </div>
   <div class='ocr_carea' id='block_1_102' title="bbox 1983 4887 3626 4968">
    <p class='ocr_par' dir='ltr' id='par_1_102' title="bbox 1983 4887 3626 4968">
     <span class='ocr_line' id='line_1_103' title="bbox 1983 4887 3626 4968; baseline -0.006 -18"><span class='ocrx_word' id='word_1_778' title='bbox 1983 4911 2173 4968; x_wconf 90' lang='lat' dir='ltr'>posse.</span> <span class='ocrx_word' id='word_1_779' title='bbox 2209 4894 2310 4951; x_wconf 87' lang='lat' dir='ltr'>His</span> <span class='ocrx_word' id='word_1_780' title='bbox 2340 4894 2558 4952; x_wconf 88' lang='lat' dir='ltr'>auditis</span> <span class='ocrx_word' id='word_1_781' title='bbox 2588 4893 2683 4950; x_wconf 89' lang='lat' dir='ltr'>ille</span> <span class='ocrx_word' id='word_1_782' title='bbox 2725 4893 2952 4950; x_wconf 59' lang='lat' dir='ltr'>laetatus</span> <span class='ocrx_word' id='word_1_783' title='bbox 2990 4899 3100 4957; x_wconf 87' lang='lat' dir='ltr'>est,</span> <span class='ocrx_word' id='word_1_784' title='bbox 3133 4887 3626 4960; x_wconf 90' lang='lat' dir='ltr'>quemadmodum</span> 
     </span>
    </p>
   </div>
   <div class='ocr_carea' id='block_1_103' title="bbox 1580 5021 2277 5080">
    <p class='ocr_par' dir='ltr' id='par_1_103' title="bbox 1580 5021 2277 5080">
     <span class='ocr_line' id='line_1_104' title="bbox 1580 5021 2277 5080; baseline -0.003 -1"><span class='ocrx_word' id='word_1_785' title='bbox 1580 5024 1825 5080; x_wconf 67' lang='lat' dir='ltr'>VARIIE</span> <span class='ocrx_word' id='word_1_786' title='bbox 1866 5021 2277 5080; x_wconf 86' lang='lat' dir='ltr'>LECTIONES.</span> 
     </span>
    </p>
   </div>
   <div class='ocr_carea' id='block_1_104' title="bbox 303 5117 1876 5195">
    <p class='ocr_par' dir='ltr' id='par_1_104' title="bbox 303 5117 1876 5195">
     <span class='ocr_line' id='line_1_105' title="bbox 303 5117 1876 5195; baseline 0.004 -22"><span class='ocrx_word' id='word_1_787' title='bbox 303 5119 325 5154; x_wconf 80' lang='grc'>³</span> <span class='ocrx_word' id='word_1_788' title='bbox 356 5117 489 5195; x_wconf 68' lang='grc' dir='ltr'>αὐτὸ</span> <span class='ocrx_word' id='word_1_789' title='bbox 519 5133 638 5195; x_wconf 39' lang='grc' dir='ltr'>ο-ω.</span> <span class='ocrx_word' id='word_1_790' title='bbox 818 5119 974 5195; x_wconf 36' lang='grc' dir='ltr'>³,τῶν</span> <span class='ocrx_word' id='word_1_791' title='bbox 1007 5138 1126 5180; x_wconf 88' lang='lat' dir='ltr'>om.</span> <span class='ocrx_word' id='word_1_792' title='bbox 1158 5125 1256 5195; x_wconf 84' lang='lat' dir='ltr'>A._</span> <span class='ocrx_word' id='word_1_793' title='bbox 1300 5123 1322 5156; x_wconf 77' lang='lat'><strong>‘</strong></span> <span class='ocrx_word' id='word_1_794' title='bbox 1349 5123 1626 5195; x_wconf 71' lang='grc' dir='ltr'>πανταχῆ]</span> <span class='ocrx_word' id='word_1_795' title='bbox 1660 5139 1716 5194; x_wconf 89' lang='lat' dir='ltr'>p.</span> <span class='ocrx_word' id='word_1_796' title='bbox 1751 5121 1876 5195; x_wconf 52' lang='lat'>191.</span> 
     </span>
    </p>
   </div>
   <div class='ocr_carea' id='block_1_105' title="bbox 231 5188 1814 5266">
    <p class='ocr_par' dir='ltr' id='par_1_105' title="bbox 231 5188 1814 5266">
     <span class='ocr_line' id='line_1_106' title="bbox 231 5188 1814 5266; baseline 0.001 -19"><span class='ocrx_word' id='word_1_797' title='bbox 231 5193 444 5266; x_wconf 36' lang='lat' dir='ltr'>om._.A.</span> <span class='ocrx_word' id='word_1_798' title='bbox 547 5191 566 5225; x_wconf 84' lang='grc'>’⁷</span> <span class='ocrx_word' id='word_1_799' title='bbox 596 5188 1022 5266; x_wconf 63' lang='grc' dir='ltr'>καλλωπίζεταιΔ</span> <span class='ocrx_word' id='word_1_800' title='bbox 1037 5199 1082 5266; x_wconf 68' lang='grc' dir='ltr'><strong>ᾼ</strong></span> <span class='ocrx_word' id='word_1_801' title='bbox 1118 5211 1131 5251; x_wconf 90' lang='lat'>:</span> <span class='ocrx_word' id='word_1_802' title='bbox 1173 5193 1264 5248; x_wconf 83' lang='grc' dir='ltr'>καὶ</span> <span class='ocrx_word' id='word_1_803' title='bbox 1293 5188 1699 5266; x_wconf 64' lang='grc' dir='ltr'>καλλωπίζεται</span> <span class='ocrx_word' id='word_1_804' title='bbox 1732 5192 1814 5266; x_wconf 74' lang='grc' dir='ltr'>ς.</span> 
     </span>
    </p>
   </div>
   <div class='ocr_carea' id='block_1_106' title="bbox 231 5258 1740 5340">
    <p class='ocr_par' dir='ltr' id='par_1_106' title="bbox 231 5258 1740 5340">
     <span class='ocr_line' id='line_1_107' title="bbox 231 5258 1740 5340; baseline 0.005 -26"><span class='ocrx_word' id='word_1_805' title='bbox 308 5258 583 5340; x_wconf 50' lang='grc' dir='ltr'>ηὔφρανας</span> <span class='ocrx_word' id='word_1_806' title='bbox 645 5265 735 5340; x_wconf 27' lang='lat' dir='ltr'>A.“</span> <span class='ocrx_word' id='word_1_807' title='bbox 781 5258 1098 5340; x_wconf 33' lang='grc' dir='ltr'>λη’συνέϐη</span> <span class='ocrx_word' id='word_1_808' title='bbox 1205 5268 1248 5340; x_wconf 53' lang='lat'>{3</span> <span class='ocrx_word' id='word_1_809' title='bbox 1272 5266 1408 5340; x_wconf 81' lang='grc' dir='ltr'>πρὸς</span> <span class='ocrx_word' id='word_1_810' title='bbox 1436 5258 1740 5340; x_wconf 13' lang='grc' dir='ltr'>σέγοξητιΑ.</span> 
     </span>
    </p>
   </div>
   <div class='ocr_carea' id='block_1_107' title="bbox 228 5331 1096 5408">
    <p class='ocr_par' dir='ltr' id='par_1_107' title="bbox 228 5331 1096 5408">
     <span class='ocr_line' id='line_1_108' title="bbox 228 5331 1096 5408; baseline 0.003 -19"><span class='ocrx_word' id='word_1_811' title='bbox 228 5335 278 5373; x_wconf 68' lang='grc'>1⁷</span> <span class='ocrx_word' id='word_1_812' title='bbox 306 5331 594 5408; x_wconf 19' lang='grc' dir='ltr'>ἐιξᾼξιξρχηςΔ</span> <span class='ocrx_word' id='word_1_813' title='bbox 617 5331 833 5408; x_wconf 80' lang='grc' dir='ltr'>τοιᾶσδε</span> <span class='ocrx_word' id='word_1_814' title='bbox 873 5352 990 5392; x_wconf 91' lang='lat' dir='ltr'>om.</span> <span class='ocrx_word' id='word_1_815' title='bbox 1030 5331 1096 5392; x_wconf 70' lang='lat' dir='ltr'>A.</span> 
     </span>
    </p>
   </div>
   <div class='ocr_carea' id='block_1_108' title="bbox 1953 5115 2666 5190">
    <p class='ocr_par' dir='ltr' id='par_1_108' title="bbox 1953 5115 2666 5190">
     <span class='ocr_line' id='line_1_109' title="bbox 1953 5115 2666 5190; baseline -0.006 -15"><span class='ocrx_word' id='word_1_816' title='bbox 1953 5121 1973 5156; x_wconf 79' lang='grc'><strong><em>⁵</em></strong></span> <span class='ocrx_word' id='word_1_817' title='bbox 2027 5117 2084 5174; x_wconf 75' lang='grc' dir='ltr'>δὲ</span> <span class='ocrx_word' id='word_1_818' title='bbox 2136 5119 2229 5174; x_wconf 85' lang='grc' dir='ltr'>καὶ</span> <span class='ocrx_word' id='word_1_819' title='bbox 2287 5115 2377 5173; x_wconf 81' lang='grc' dir='ltr'>διὰ</span> <span class='ocrx_word' id='word_1_820' title='bbox 2430 5119 2666 5190; x_wconf 83' lang='grc' dir='ltr'>πάντων]</span> 
     </span>
    </p>
   </div>
   <div class='ocr_carea' id='block_1_109' title="bbox 1916 5193 2161 5264">
    <p class='ocr_par' dir='ltr' id='par_1_109' title="bbox 1916 5193 2161 5264">
     <span class='ocr_line' id='line_1_110' title="bbox 1916 5193 2161 5264; baseline 0 -18"><span class='ocrx_word' id='word_1_821' title='bbox 1916 5193 1936 5227; x_wconf 79' lang='grc'>⁸</span> <span class='ocrx_word' id='word_1_822' title='bbox 1967 5196 2056 5246; x_wconf 78' lang='grc' dir='ltr'>νῦν</span> <span class='ocrx_word' id='word_1_823' title='bbox 2085 5193 2161 5264; x_wconf 78' lang='grc' dir='ltr'>σε]</span> 
     </span>
    </p>
   </div>
   <div class='ocr_carea' id='block_1_110' title="bbox 1838 5264 2579 5341">
    <p class='ocr_par' dir='ltr' id='par_1_110' title="bbox 1838 5264 2579 5341">
     <span class='ocr_line' id='line_1_111' title="bbox 1838 5264 2579 5341; baseline 0.001 -23"><span class='ocrx_word' id='word_1_824' title='bbox 1838 5264 1878 5298; x_wconf 79' lang='grc'>¹⁴</span> <span class='ocrx_word' id='word_1_825' title='bbox 1911 5265 2033 5341; x_wconf 74' lang='grc' dir='ltr'>φασὶ</span> <span class='ocrx_word' id='word_1_826' title='bbox 2064 5264 2338 5341; x_wconf 61' lang='grc' dir='ltr'>ς-ρῦτος</span> <span class='ocrx_word' id='word_1_827' title='bbox 2363 5279 2477 5341; x_wconf 77' lang='grc' dir='ltr'>ρῐῐι.</span> <span class='ocrx_word' id='word_1_828' title='bbox 2510 5265 2579 5341; x_wconf 32' lang='grc' dir='ltr'>Α..</span> 
     </span>
    </p>
   </div>
   <div class='ocr_carea' id='block_1_111' title="bbox 1195 5335 1933 5414">
    <p class='ocr_par' dir='ltr' id='par_1_111' title="bbox 1195 5335 1933 5414">
     <span class='ocr_line' id='line_1_112' title="bbox 1195 5335 1933 5414; baseline 0 -23"><span class='ocrx_word' id='word_1_829' title='bbox 1195 5337 1256 5414; x_wconf 54' lang='grc' dir='ltr'>¹ξ</span> <span class='ocrx_word' id='word_1_830' title='bbox 1278 5335 1426 5414; x_wconf 74' lang='grc' dir='ltr'>εἶχον</span> <span class='ocrx_word' id='word_1_831' title='bbox 1461 5339 1576 5414; x_wconf 75' lang='grc' dir='ltr'>μὲν]</span> <span class='ocrx_word' id='word_1_832' title='bbox 1607 5335 1732 5410; x_wconf 71' lang='grc' dir='ltr'>ε’ίχο</span> <span class='ocrx_word' id='word_1_833' title='bbox 1744 5355 1835 5414; x_wconf 84' lang='grc' dir='ltr'>μεν</span> <span class='ocrx_word' id='word_1_834' title='bbox 1868 5335 1933 5414; x_wconf 43' lang='grc' dir='ltr'>ΑΞ</span> 
     </span>
    </p>
   </div>
   <div class='ocr_carea' id='block_1_112' title="bbox 2725 5108 3630 5186">
    <p class='ocr_par' dir='ltr' id='par_1_112' title="bbox 2725 5108 3630 5186">
     <span class='ocr_line' id='line_1_113' title="bbox 2725 5108 3630 5186; baseline -0.012 -15"><span class='ocrx_word' id='word_1_835' title='bbox 2725 5114 2790 5185; x_wconf 78' lang='grc' dir='ltr'>δὴ</span> <span class='ocrx_word' id='word_1_836' title='bbox 2850 5115 2937 5171; x_wconf 84' lang='grc' dir='ltr'>καὶ</span> <span class='ocrx_word' id='word_1_837' title='bbox 2992 5112 3234 5169; x_wconf 73' lang='grc' dir='ltr'>ἁπάντων</span> <span class='ocrx_word' id='word_1_838' title='bbox 3267 5113 3332 5168; x_wconf 84' lang='grc' dir='ltr'>Α.</span> <span class='ocrx_word' id='word_1_839' title='bbox 3434 5109 3457 5144; x_wconf 84' lang='grc'><strong>⁶</strong></span> <span class='ocrx_word' id='word_1_840' title='bbox 3503 5108 3630 5186; x_wconf 82' lang='grc' dir='ltr'>φασί</span> 
     </span>
    </p>
   </div>
   <div class='ocr_carea' id='block_1_113' title="bbox 2509 5183 3627 5297">
    <p class='ocr_par' dir='ltr' id='par_1_113' title="bbox 2509 5183 3627 5297">
     <span class='ocr_line' id='line_1_114' title="bbox 2509 5183 3627 5260; baseline -0.008 -15"><span class='ocrx_word' id='word_1_841' title='bbox 2509 5190 2533 5226; x_wconf 75' lang='lat'><strong>9</strong></span> <span class='ocrx_word' id='word_1_842' title='bbox 2563 5189 2622 5244; x_wconf 73' lang='grc' dir='ltr'>ἂν</span> <span class='ocrx_word' id='word_1_843' title='bbox 2646 5183 2826 5260; x_wconf 67' lang='grc' dir='ltr'>ἶτιμῶν</span> <span class='ocrx_word' id='word_1_844' title='bbox 2857 5205 2973 5244; x_wconf 92' lang='lat' dir='ltr'>om.</span> <span class='ocrx_word' id='word_1_845' title='bbox 3007 5190 3072 5243; x_wconf 87' lang='lat' dir='ltr'>A.</span> <span class='ocrx_word' id='word_1_846' title='bbox 3180 5186 3223 5222; x_wconf 84' lang='grc'>¹⁰</span> <span class='ocrx_word' id='word_1_847' title='bbox 3259 5203 3344 5238; x_wconf 86' lang='grc' dir='ltr'>τοι</span> <span class='ocrx_word' id='word_1_848' title='bbox 3393 5183 3524 5238; x_wconf 48' lang='lat' dir='ltr'>om.’</span> <span class='ocrx_word' id='word_1_849' title='bbox 3559 5183 3627 5237; x_wconf 85' lang='lat' dir='ltr'>A.</span> 
     </span>
     <span class='ocr_line' id='line_1_115' title="bbox 2521 5249 3627 5297; baseline 0 0"><span class='ocrx_word' id='word_1_850' title='bbox 2521 5265 2545 5297; x_wconf 72' lang='grc' dir='ltr'>Α</span> <span class='ocrx_word' id='word_1_851' title='bbox 2680 5261 2728 5297; x_wconf 76' lang='grc' dir='ltr'>ιδ</span> <span class='ocrx_word' id='word_1_852' title='bbox 2756 5260 2868 5297; x_wconf 64' lang='grc' dir='ltr'>..κη</span> <span class='ocrx_word' id='word_1_853' title='bbox 2903 5260 3008 5297; x_wconf 64' lang='grc' dir='ltr'>..τιτι</span> <span class='ocrx_word' id='word_1_854' title='bbox 3075 5262 3101 5297; x_wconf 76' lang='grc' dir='ltr'><strong>Α</strong></span> <span class='ocrx_word' id='word_1_855' title='bbox 3243 5256 3289 5293; x_wconf 76' lang='grc' dir='ltr'>ισ</span> <span class='ocrx_word' id='word_1_856' title='bbox 3317 5253 3442 5297; x_wconf 63' lang='grc' dir='ltr'>νᾶη]</span> <span class='ocrx_word' id='word_1_857' title='bbox 3476 5249 3532 5297; x_wconf 65' lang='grc' dir='ltr'>δὲ</span> <span class='ocrx_word' id='word_1_858' title='bbox 3565 5255 3627 5297; x_wconf 82' lang='grc' dir='ltr'>Α-</span> 
     </span>
    </p>
   </div>
   <div class='ocr_carea' id='block_1_114' title="bbox 2756 5249 3628 5383">
    <p class='ocr_par' dir='ltr' id='par_1_114' title="bbox 2756 5249 3628 5383">
     <span class='ocr_line' id='line_1_116' title="bbox 2756 5249 3628 5383; baseline -0.006 -70"><span class='ocrx_word' id='word_1_859' title='bbox 2901 5260 3034 5316; x_wconf 89' lang='lat' dir='ltr'>add.</span> <span class='ocrx_word' id='word_1_860' title='bbox 3070 5262 3130 5315; x_wconf 80' lang='grc' dir='ltr'>Α.</span> <span class='ocrx_word' id='word_1_861' title='bbox 3243 5253 3442 5342; x_wconf 36' lang='grc' dir='ltr'>1ίξνγᾶρ]</span> <span class='ocrx_word' id='word_1_862' title='bbox 3476 5249 3532 5307; x_wconf 71' lang='grc' dir='ltr'>δὲ</span> <span class='ocrx_word' id='word_1_863' title='bbox 3560 5255 3628 5309; x_wconf 84' lang='grc' dir='ltr'>Α.</span> 
     </span>
     <span class='ocr_line' id='line_1_117' title="bbox 2832 5324 3627 5383; baseline -0.006 0"><span class='ocrx_word' id='word_1_864' title='bbox 2832 5352 2924 5383; x_wconf 81' lang='grc' dir='ltr'>γον</span> <span class='ocrx_word' id='word_1_865' title='bbox 2960 5336 3023 5383; x_wconf 80' lang='grc' dir='ltr'>Α.</span> <span class='ocrx_word' id='word_1_866' title='bbox 3129 5328 3176 5365; x_wconf 82' lang='grc'>²⁰</span> <span class='ocrx_word' id='word_1_867' title='bbox 3215 5324 3380 5383; x_wconf 76' lang='grc' dir='ltr'>δείξαι</span> <span class='ocrx_word' id='word_1_868' title='bbox 3411 5343 3527 5383; x_wconf 90' lang='lat' dir='ltr'>om.</span> <span class='ocrx_word' id='word_1_869' title='bbox 3559 5328 3627 5380; x_wconf 85' lang='grc' dir='ltr'>Α.</span> 
     </span>
    </p>
   </div>
   <div class='ocr_carea' id='block_1_115' title="bbox 2196 5193 2406 5282">
    <p class='ocr_par' dir='ltr' id='par_1_115' title="bbox 2196 5193 2406 5282">
     <span class='ocr_line' id='line_1_118' title="bbox 2196 5193 2406 5282; baseline 0 0"><span class='ocrx_word' id='word_1_870' title='bbox 2196 5208 2251 5282; x_wconf 76' lang='lat' dir='ltr'>B&#39;</span> <span class='ocrx_word' id='word_1_871' title='bbox 2285 5193 2406 5282; x_wconf 67' lang='lat'>525:</span> 
     </span>
    </p>
   </div>
   <div class='ocr_carea' id='block_1_116' title="bbox 2041 5330 3023 5406">
    <p class='ocr_par' dir='ltr' id='par_1_116' title="bbox 2041 5330 3023 5406">
     <span class='ocr_line' id='line_1_119' title="bbox 2041 5330 3023 5406; baseline -0.002 -18"><span class='ocrx_word' id='word_1_872' title='bbox 2041 5334 2203 5406; x_wconf 38' lang='lat' dir='ltr'>“116v</span> <span class='ocrx_word' id='word_1_873' title='bbox 2243 5334 2340 5406; x_wconf 74' lang='grc' dir='ltr'>τοῦ</span> <span class='ocrx_word' id='word_1_874' title='bbox 2363 5331 2730 5406; x_wconf 86' lang='grc' dir='ltr'>δημοσθένους</span> <span class='ocrx_word' id='word_1_875' title='bbox 2762 5330 3023 5406; x_wconf 38' lang='grc' dir='ltr'>λόγον-Λ.</span> 
     </span>
    </p>
   </div>
   <div class='ocr_carea' id='block_1_117' title="bbox 225 5393 3624 5488">
    <p class='ocr_par' dir='ltr' id='par_1_117' title="bbox 225 5393 3624 5488">
     <span class='ocr_line' id='line_1_120' title="bbox 225 5393 3624 5488; baseline -0.003 -28"><span class='ocrx_word' id='word_1_876' title='bbox 304 5393 905 5488; x_wconf 55' lang='grc' dir='ltr'>δείξειν-οφ.</span> <span class='ocrx_word' id='word_1_877' title='bbox 935 5408 1137 5488; x_wconf 35' lang='grc' dir='ltr'>Αζὸτι.</span> <span class='ocrx_word' id='word_1_878' title='bbox 1215 5409 1262 5445; x_wconf 81' lang='grc'>²²</span> <span class='ocrx_word' id='word_1_879' title='bbox 1290 5393 1576 5488; x_wconf 51' lang='grc' dir='ltr'>ἐξευρῆσεῖ</span> <span class='ocrx_word' id='word_1_880' title='bbox 1617 5393 1832 5467; x_wconf 63' lang='grc' dir='ltr'>οῶ.Ἀ.</span> <span class='ocrx_word' id='word_1_881' title='bbox 1909 5409 1953 5442; x_wconf 75' lang='grc'>³⁸</span> <span class='ocrx_word' id='word_1_882' title='bbox 1984 5427 2040 5461; x_wconf 91' lang='grc' dir='ltr'>σε</span> <span class='ocrx_word' id='word_1_883' title='bbox 2070 5401 2202 5484; x_wconf 76' lang='grc' dir='ltr'>ἔφην</span> <span class='ocrx_word' id='word_1_884' title='bbox 2238 5405 2370 5482; x_wconf 85' lang='grc' dir='ltr'>ἐγώ]</span> <span class='ocrx_word' id='word_1_885' title='bbox 2402 5393 2465 5482; x_wconf 77' lang='grc' dir='ltr'>γε</span> <span class='ocrx_word' id='word_1_886' title='bbox 2495 5409 2564 5463; x_wconf 92' lang='grc' dir='ltr'>Α.</span> <span class='ocrx_word' id='word_1_887' title='bbox 2642 5407 2688 5440; x_wconf 82' lang='grc'>²⁴</span> <span class='ocrx_word' id='word_1_888' title='bbox 2716 5393 2996 5477; x_wconf 61' lang='grc' dir='ltr'>τοῦΪτοὺς</span> <span class='ocrx_word' id='word_1_889' title='bbox 3037 5404 3100 5459; x_wconf 84' lang='grc' dir='ltr'>Α.</span> <span class='ocrx_word' id='word_1_890' title='bbox 3178 5401 3223 5436; x_wconf 82' lang='grc'>²⁸</span> <span class='ocrx_word' id='word_1_891' title='bbox 3261 5393 3361 5476; x_wconf 63' lang='grc' dir='ltr'>ἕςρη</span> <span class='ocrx_word' id='word_1_892' title='bbox 3417 5418 3510 5471; x_wconf 88' lang='grc' dir='ltr'>μοι</span> <span class='ocrx_word' id='word_1_893' title='bbox 3558 5399 3624 5452; x_wconf 89' lang='grc' dir='ltr'>Α.</span> 
     </span>
    </p>
   </div>
   <div class='ocr_carea' id='block_1_118' title="bbox 225 5475 1392 5554">
    <p class='ocr_par' dir='ltr' id='par_1_118' title="bbox 225 5475 1392 5554">
     <span class='ocr_line' id='line_1_121' title="bbox 225 5475 1392 5554; baseline 0.005 -22"><span class='ocrx_word' id='word_1_894' title='bbox 225 5479 272 5516; x_wconf 70' lang='grc'>³⁸</span> <span class='ocrx_word' id='word_1_895' title='bbox 301 5475 578 5534; x_wconf 73' lang='grc' dir='ltr'>ἐκελευσεν</span> <span class='ocrx_word' id='word_1_896' title='bbox 608 5475 678 5537; x_wconf 69' lang='grc' dir='ltr'>Αξ</span> <span class='ocrx_word' id='word_1_897' title='bbox 751 5480 794 5514; x_wconf 79' lang='grc'>³⁷</span> <span class='ocrx_word' id='word_1_898' title='bbox 824 5480 886 5533; x_wconf 83' lang='grc' dir='ltr'>τὸ</span> <span class='ocrx_word' id='word_1_899' title='bbox 916 5484 1146 5554; x_wconf 79' lang='grc' dir='ltr'>πρᾶγμα</span> <span class='ocrx_word' id='word_1_900' title='bbox 1177 5497 1290 5538; x_wconf 88' lang='lat' dir='ltr'>om.</span> <span class='ocrx_word' id='word_1_901' title='bbox 1326 5475 1392 5540; x_wconf 75' lang='grc' dir='ltr'>Ἀ.</span> 
     </span>
    </p>
   </div>
   <div class='ocr_carea' id='block_1_119' title="bbox 1821 5579 2033 5635">
    <p class='ocr_par' dir='ltr' id='par_1_119' title="bbox 1821 5579 2033 5635">
     <span class='ocr_line' id='line_1_122' title="bbox 1821 5579 2033 5635; baseline -0.005 0"><span class='ocrx_word' id='word_1_902' title='bbox 1821 5579 2033 5635; x_wconf 65' lang='lat' dir='ltr'>NOTAE</span> 
     </span>
    </p>
   </div>
   <div class='ocr_carea' id='block_1_120' title="bbox 296 5667 834 5741">
    <p class='ocr_par' dir='ltr' id='par_1_120' title="bbox 296 5667 834 5741">
     <span class='ocr_line' id='line_1_123' title="bbox 296 5667 834 5741; baseline 0 -15"><span class='ocrx_word' id='word_1_903' title='bbox 296 5669 407 5741; x_wconf 87' lang='grc'>(88)</span> <span class='ocrx_word' id='word_1_904' title='bbox 435 5667 602 5727; x_wconf 83' lang='lat' dir='ltr'>Iliad.</span> <span class='ocrx_word' id='word_1_905' title='bbox 635 5685 712 5738; x_wconf 75' lang='lat' dir='ltr'>v1,</span> <span class='ocrx_word' id='word_1_906' title='bbox 741 5669 834 5726; x_wconf 86' lang='lat'>82.</span> 
     </span>
    </p>
   </div>
  </div>
