4032 6226
156 308 335 371 1529

162 440 608 518 συλλογίσασθαι
637 442 717 518 Δσιτᾶι
766 441 1073 518 εἰρημέναη
1101 442 1176 502 ὡς
1218 443 1246 496 ὁ
1297 447 1378 513 Δη

162 464 608 518 συΛΑογισασυαι
652 464 717 495 τα
766 464 1049 516 ειρημενα,
1101 464 1176 502 ως
1218 464 1246 496 Ο
1433 464 1677 512 οσῠενης,
1727 464 1816 496 και

161 519 524 589 συναγαγεῖν,
563 513 651 567 καὶ
693 514 1006 589 συντόμως.
1030 513 1198 568 εἰπεῖν
1248 519 1338 570 καὶ
1387 464 1686 589 ἓριθμῇσαι
1725 513 1817 589 καὶ

162 583 610 660 ᾁριθμήσα-σθαι,
657 583 747 660 καὶ
803 583 930 640 ἀλλ’
958 587 1112 660 -ἄττα
1159 583 1540 653 τοιαῦτα,’καῖ
1571 585 1829 641 ἐπαναλαο

159 653 295 712 δεῖν
315 653 418 710 ’καὶ
449 655 976 734 ἀνακεφαλαιῶσαι.]

250 742 409 799 Οὕτω
440 745 486 781 ⁵⁸
517 748 689 798 πᾶσαν
714 742 852 799 αἷδὼ
882 746 928 781 ⁵⁷
957 745 1050 800 καὶ
1079 748 1246 818 τιμὴν
1274 745 1633 822 ἀπεδώκαμεν
1658 745 1826 818 αύτῷ,

156 833 320 888 ὥστε
351 834 395 888 εἰ
429 832 588 894 αὐτὸς
622 835 758 907 πρὸς
798 835 988 890 ἑαυτὸν
1037 829 1268 908 ἔμελλεν
1309 837 1571 910 ἀντερεῖν,
1620 835 1718 890 οὐκ
1765 837 1827 890 ἄν

163 943 280 996 μοι
331 919 523 992 δοκοίη
573 924 621 959 ⁵⁸
677 921 893 996 μᾶλλον
947 925 1139 979 ἑαυτοῦ
1195 924 1493 1001 φείσασθαι.
1554 925 1716 998 ’Δτάρ
1757 924 1826 994 ⁵9,

157 1013 314 1082 [687
368 1013 461 1083 H.]
495 1009 539 1065 ὦ
580 1009 761 1086 ἄριστε
807 1011 1080 1081 Καπίτων,
1120 1013 1460 1087 ἐνεθυμήθην
1509 1015 1596 1068 καὶ
1635 1017 1826 1068 τοῦτον

167 1100 387 1174 μεταξὺ
416 1106 524 1155 τῶν
558 1098 766 1174 λόγων,
801 1101 886 1155 ὅτι
917 1103 1092 1156 πάντα
1123 1100 1328 1157 εἷ’δωλά
1367 1103 1478 1157 ἐστι
1523 1107 1603 1173 τῷ
1652 1100 1828 1176 ἀνδρὶ,

160 1189 271 1244 καὶ
302 1194 468 1244 τοῦτο
507 1190 603 1262 μὲν
654 1190 706 1244 οἱ
738 1191 964 1261 ποιηταὶ
1019 1190 1256 1263 μιμηταὶ
1307 1189 1552 1246 εἰδώλων
1611 1190 1828 1264 ἀρετῆς,

161 1278 350 1334 τοῦτο
382 1275 439 1332 δὲ
467 1279 502 1348 ἡ
537 1279 804 1352 ῥητορική
839 1277 1134 1348 πολιτικῆς
1181 1280 1376 1354 μορίου
1409 1277 1642 1335 εἷ’δωλον
1671 1279 1738 1335 δο.

564 1453 828 1512 Εἷδώλων
861 1454 916 1512 δὲ
947 1456 1112 1513 πλέον
1150 1457 1443 1533 πρόθυρον,

163 1547 320 1624 φαίη
359 1546 419 1601 ἃν
454 1547 530 1609 εἱς
562 1546 721 1601 αὐτὸν
758 1550 1008 1623 ’Όμηρος
1049 1549 1115 1604 ⁶¹.
1153 1549 1387 1623 Πότερον
1419 1553 1586 1604 ταῦτα
1633 1549 1832 1623 θρασύ-

161 1656 316 1711 τερα
349 1638 438 1690 καὶ
470 1637 871 1711 προπετέστεροι
920 1638 953 1707 ἢ
1008 1635 1189 1708 τᾶμά;
1243 1645 1311 1692 Εν
1353 1640 1440 1699 οἷς
1489 1659 1634 1714 φημι
1676 1636 1830 1694 Πλά-

160 1745 331 1782 τωνα
362 1723 718 1798 ἀποδημῆσαι
760 1725 892 1800 ὑπὲρ
919 1725 1094 1781 αὐτῶν
1126 1729 1197 1796 ⁸³,
1227 1727 1318 1780 καί
1349 1749 1494 1804 φημι
1534 1731 1702 1782 ταῦτα
1747 1725 1832 1782 λέ·
1869 1765 1913 1831 Β

393 1813 407 1831 )
490 1815 503 1831 \
595 1815 609 1831 θ
701 1811 724 1831 ἢ
823 1813 834 1831 Ι
1050 1814 1098 1831 In
1255 1815 1301 1831 9‘
1321 1816 1339 1831 ἢ
1369 1816 1381 1831 1
1476 1820 1502 1831 ο
1559 1816 1572 1830 ο
1666 1813 1688 1831 ἢ
1787 1818 1797 1831 Ι

161 1835 298 1892 γειν
355 1813 414 1868 ού
445 1815 544 1884 τήν
586 1811 897 1887 ἀποδημίαν
940 1814 1195 1885 κακίζων,
1244 1815 1392 1870 ἀλλά
1437 1820 1504 1890 τῇ
1549 1813 1833 1888 ἀποδημίᾳ

159 1904 270 1960 τὸν
312 1903 485 1978 λόγον
516 1901 902 1976 πιστούμενος.
937 1903 1057 1972 Ναὶ,
1091 1901 1219 1958 ἀλλ’
1261 1904 1704 1978 ἀπεστερήκαμεν
1736 1904 1832 1960 αὖ·

158 1995 265 2049 τὸν
306 1990 478 2062 δόξης
524 1990 880 2070 φιλοσοφίας,
931 1991 1113 2066 ὥσπερ
1161 1993 1365 2054 ἐκεῖνος
1411 1992 1536 2054 τοὺς
1588 1993 1684 2065 μὲν
1733 2001 1834 2062 τῆς

158 2078 498 2158 τραγῳδίας
549 2081 782 2150 ποιητὰς
827 2077 951 2134 ούδέ
999 2079 1051 2134 ἐν
1101 2080 1272 2156 όλίγω
1325 2081 1553 2151 τίθησιν,
1585 2084 1834 2155 Ὅμηρον

163 2170 229 2226 δὲ
292 2170 687 2246 τραγῳδοποιν
767 2169 1124 2244 προσείρηκεν
1222 2171 1287 2225 ού
1380 2175 1572 2225 τοῦτον
1655 2171 1834 2242 τούτῳ

159 2263 436 2332 κοσμῶν,
469 2257 617 2315 ἀλλὰ
643 2257 871 2320 τούτους
917 2259 1012 2332 μὲν
1044 2255 1130 2312 διὰ
1169 2259 1377 2314 τούτων
1408 2259 1676 2327 κολούων,
1708 2263 1834 2313 τοῦ-

343 2347 359 2364 \
411 2346 440 2367 γ
578 2351 605 2360 ρ-
831 2350 859 2360 ~
1009 2345 1020 2363 ν
1107 2350 1129 2359 -
1200 2343 1224 2362 ﬁ
1316 2346 1330 2364 ε
1446 2345 1467 2366 μ
1527 2347 1548 2364 ›-
1713 2347 1728 2363 \

161 2368 264 2402 τον
307 2344 371 2400 δε
400 2367 446 2418 ῳ
474 2367 608 2418 τιμᾳ
629 2346 921 2417 καθαιρων.
955 2353 1162 2400 Ουκουν
1197 2363 1391 2415 οεινον,
1417 2367 1462 2400 ει
1487 2366 1646 2406 ουτος
1674 2368 1768 2420 μεν
1789 2349 1835 2382 ⁸⁸

159 2439 261 2491 καὶ
297 2433 754 2510 τραγῳδοποιοὺς
791 2434 881 2489 καὶ
921 2432 1360 2508 κωμῳδοποιους
1390 2435 1480 2489 καὶ
1528 2435 1691 2490 πόλιν
1743 2437 1831 2490 καὶ

161 2524 468 2581 πολιτείαν
500 2528 546 2561 ⁸⁸
574 2524 662 2579 καὶ
693 2523 897 2597 νόμους
927 2527 972 2561 ⁸⁸
1009 2524 1182 2595 ἑαυτῷ
1213 2524 1548 2595 καθίστησιν,
1597 2527 1732 2598 ἡμῖν
1777 2522 1834 2579 δὲ

165 2612 327 2690 μηδὲ
387 2611 556 2687 λόγου
607 2613 754 2675 τινὸς
785 2614 830 2650 ⁸⁸
889 2611 1091 2683 ἐξέσται
1141 2614 1278 2688 πρὸς
1333 2614 1494 2668 αὐτὸν
1549 2609 1833 2693 ἀμφισϐη-

157 2711 342 2774 τῆσαι
398 2703 465 2770 ⁸⁷,
514 2702 604 2756 καὶ
652 2705 818 2756 ταῦτα
862 2702 926 2757 οὐ
981 2700 1138 2774 μύρῳ
1206 2699 1586 2778 ἐπαλείφουσιν
1650 2702 1832 2771 αὐτὸν,

158 2792 327 2849 ἀλλὰ
365 2789 559 2865 λόγοις
588 2795 707 2854 τοῖς
737 2791 1138 2865 εὐφημοτάτοις
1168 2791 1258 2847 καὶ
1299 2793 1372 2847 ὧν
1420 2790 1534 2848 οὐδ’
1584 2789 1642 2846 ἃν
1672 2792 1831 2856 αὐτὸς

159 2880 391 2952 ἠξίωσε
425 2878 646 2950 μείζους
677 2878 890 2934 ἀκούειν
922 2879 1052 2952 ὑπὲρ
1094 2880 1304 2937 ἑαυτοῦ.

243 2971 420 3042 [1171
455 2969 549 3040 R.]
582 2967 916 3041 Ἀνεγνώσθη
949 2970 992 3005 ⁸⁸
1029 2973 1126 3023 τοῦ
1175 2969 1338 3025 αὐτοῦ
1387 2971 1521 3046 ὑπὲρ
1567 2977 1666 3041 τῆς
1713 2992 1832 3027 κοι-

1235 307 1769 370 BIBLIOTHECA.
1818 339 1894 353 -
1935 309 2108 370 COD.
2155 307 2512 370 CCXLVIII.

1433 443 1677 512 οσθένης,
1727 441 1816 514 καὶ
1849 444 1904 511 Α
1943 441 2194 514 cludere,
2238 458 2602 509 enumerare,
2643 458 3032 512 renumerare,
3066 447 3148 514 [et
3189 445 3240 503 si

3423 314 3580 376 1530

1943 455 2194 509 cludere,
2238 458 2602 509 enumerare,
2643 458 3032 512 renumerare,
3066 455 3148 514 [et
3189 455 3240 503 si
3281 465 3406 520 quas
3439 455 3581 507 sunt

1942 513 2182 586 similia]
2215 515 2284 570 de
2332 515 2557 586 integro
2617 513 2891 586 incipere,
2923 515 3013 570 vel
3061 519 3448 588 receptionem
3494 522 3582 579 fa-

1941 587 2115 658 cere.J

2010 747 2170 802 Adeo
2188 746 2340 802 enim
2363 745 2522 802 omni
2547 745 2864 801 reverentia
2881 760 2946 800 ac
2980 746 3196 803 honore
3220 764 3425 805 sumus
3447 766 3578 808 eum

1942 837 2250 907 prosecuti,
2283 839 2348 892 ut
2389 836 2434 890 si
2477 835 2604 906 ipse
2640 840 2842 891 contra
2889 852 2994 890 nos
3043 836 3306 893 dicturus
3356 837 3580 908 fuisset,

1943 941 2056 980 non
2106 925 2355 996 potuerit
2409 925 2521 980 sibi
2590 924 2796 996 magis,
2856 923 3027 979 credo
3093 941 3345 996 parcere.
3370 926 3582 982 Verum

1941 1013 2051 1070 hoc
2096 1029 2354 1085 quoque,
2387 1013 2607 1085 optime
2655 1013 2884 1085 Capito,
2914 1012 3073 1068 aliud
3105 1031 3282 1082 agens
3314 1015 3583 1072 conside-

1942 1102 2083 1172 ravi,
2115 1101 2266 1158 nihil
2295 1101 2449 1157 aliud
2478 1101 2795 1163 hominem.
2831 1117 3009 1173 quam
3042 1101 3360 1160 simulacra
3395 1104 3454 1159 in
3487 1121 3583 1161 ore

1942 1191 2174 1257 habere,
2208 1209 2274 1247 ac
2307 1199 2428 1246 tum
2479 1195 2676 1262 poetas
2706 1190 3143 1248 simulacrorum
3183 1193 3414 1248 virtutis
3446 1195 3582 1250 imi-

1943 1286 2156 1337 tatores
2181 1296 2329 1350 esse,
2362 1285 2487 1336 tum
2529 1279 2876 1336 rhetoricam
2911 1279 3099 1336 civilis
3131 1281 3311 1353 partis
3337 1281 3580 1338 simula-

1947 1388 2136 1428 crum.

2280 1461 2422 1516 Aula
2451 1459 2778 1516 simulacris
2806 1465 2978 1516 scatet
3008 1461 3236 1530 (90).....

1942 1550 2160 1608 diceret
2216 1549 2286 1606 ad
2337 1549 2534 1622 ipsum
2585 1549 2889 1606 Homerus.
2937 1549 3061 1606 Non
3109 1551 3230 1606 haec
3277 1552 3584 1609 audaciora

1943 1649 2079 1696 sunt
2107 1655 2173 1696 ac
2204 1639 2392 1711 magis
2423 1639 2752 1707 temeraria,
2786 1655 2957 1708 quam
2995 1643 3195 1696 nostra
3233 1657 3366 1697 cum
3397 1641 3587 1698 Plato-

1944 1747 2076 1785 nem
2114 1729 2546 1802 peregrinatum
2587 1745 2716 1784 esse
2759 1728 3037 1798 diximus,
3071 1729 3245 1801 idque
3275 1746 3393 1786 non
3419 1747 3586 1802 pere-

1942 1820 2328 1891 grinationem
2371 1817 2780 1891 suggillantes,
2815 1818 2913 1873 sed
2947 1835 3010 1873 ea
3049 1835 3281 1874 causam
3320 1825 3580 1874 nostram

1945 1909 2378 1966 continuantes.
2397 1909 2481 1962 An
2506 1923 2636 1962 vero
2660 1907 3040 1978 philosophia:
3073 1907 3433 1978 privavimus
3451 1925 3582 1963 eum

1944 1998 2238 2071 Opinione,
2272 1996 2769 2070 quemadmodum
2801 1999 2920 2067 ipse
2949 1996 3200 2068 tragicos
3232 1997 3468 2068 quidem
3502 1997 3588 2052 ni-

1943 2087 2048 2143 hili
2090 2087 2245 2142 facit.
2279 2089 2589 2141 Homerum
2623 2090 2820 2140 autem
2865 2087 3150 2156 tragicum
3189 2087 3434 2151 vocavit,
3468 2102 3583 2141 non

1944 2183 2056 2232 tam
2089 2175 2328 2232 honoris
2359 2175 2543 2245 gratia
2564 2189 2740 2244 quam
2774 2178 2837 2228 ut
2867 2179 2924 2228 et
2952 2173 3086 2229 illos
3109 2190 3211 2245 per
3233 2173 3390 2228 hunc
3413 2175 3584 2228 muti-

1942 2265 2109 2334 laret,
2139 2268 2196 2321 et
2218 2263 2552 2331 bunc,dum
2576 2260 2841 2331 honorat,
2873 2261 3246 2334 deprimeret.
3268 2261 3578 2335 Indignum

1944 2354 2051 2411 erit
2077 2353 2276 2426 igitur,
2309 2350 2358 2407 si
2388 2350 2638 2422 tragicos
2681 2349 2807 2420 ipse
2836 2355 2892 2404 et
2922 2351 3172 2406 comicos
3203 2354 3260 2405 et
3289 2350 3579 2405 civitatem

1944 2444 2056 2499 sibi
2091 2446 2148 2498 et
2177 2439 2600 2510 rempublicam
2631 2442 2802 2509 atque
2833 2437 2990 2509 leges
3024 2441 3334 2509 componet
3365 2453 3380 2492 :
3416 2437 3582 2492 nobis

1943 2537 2140 2588 autem
2174 2545 2246 2584 ne
2277 2530 2349 2583 de
2376 2528 2528 2583 dicto
2561 2526 2799 2598 quidem
2849 2525 3044 2596 aliquo
3075 2524 3273 2580 licebit
3301 2529 3422 2580 tum
3455 2525 3584 2597 ipso

1943 2620 2136 2676 428a
2182 2618 2527 2687 disceptare,
2562 2614 2739 2685 idque
2787 2628 2903 2666 non
2947 2613 3261 2683 unguentis
3301 2611 3580 2678 delibuto,

1941 2709 2042 2764 sed
2091 2704 2369 2762 laudibus
2420 2700 2710 2767 maximis,
2750 2700 3080 2772 quibusque
3111 2715 3215 2755 nec
3247 2699 3369 2770 ipse
3401 2700 3472 2755 de
3519 2715 3580 2756 se

1944 2797 2194 2869 majores
2224 2792 2427 2848 audire
2457 2789 2855 2846 sustinuisset.

2016 2976 2198 3031 Lectaa
2241 2975 2382 3028 sunt
2427 2969 2692 3041 ejusdem
2719 2967 3012 3025 orationes
3053 2967 3352 3025 communi
3383 2967 3581 3024 defen-

157 3065 270 3127 νῆς
332 3053 671 3132 ἂπολογίας,
715 3057 806 3112 τὸν
857 3056 1052 3130 ὅμοιον
1095 3055 1183 3114 διὰ
1208 3066 1308 3129 τῆς
1338 3056 1574 3137 ἐκλογῆς
1606 3081 1830 3132 πεοιην-

1952 3065 2111 3122 sione
2135 3059 2391 3118 similem
2419 3061 2742 3115 tractantes
2773 3055 3179 3128 qumstionem.

164 3145 448 3218 θισμένος
474 3143 700 3219 τρόπον.

921 3236 1104 3293 ΣΜΙΓ.

166 3325 266 3379 Ἐκ
301 3323 424 3399 ’τοῦ
474 3318 814 3399 Ἀριλσςτείδου
865 3322 1020 3399 προς·
1055 3320 1321 3399 Πλᾴτωνα
1373 3325 1507 3399 ὑπὲρ
1554 3329 1660 3399 τῶν
1715 3346 1837 3380 τεσ-

243 3394 464 3467 σάρων.
497 3392 556 3434 -ὲ
597 3392 757 3466 ἱὺπὶρ
791 3392 1121 3465 Περικλέους
1152 3395 1223 3468 69]
1249 3427 1312 3438 —
1337 3397 1408 3450 Τὸ
1442 3392 1764 3471 Προοίμιον.

249 3481 648 3558 Παραιτεῖσθαι
679 3480 727 3515 ⁷⁰
789 3482 882 3552 μὲν
930 3480 1028 3535 οὐκ
1074 3479 1172 3537 οἶδ’
1225 3483 1254 3538 ὅ
1311 3506 1363 3539 τι
1431 3482 1512 3539 δεῖ
1567 3485 1688 3560 περὶ
1728 3490 1837 3541 τῶν

170 3574 358 3630 αὐτῶν
396 3569 700 3639 πολλάκις,
735 3569 924 3633 ἄλλως
957 3593 1013 3627 τε
1050 3574 1140 3627 καὶ
1173 3574 1235 3629 οὐ
1280 3577 1416 3647 πρὸς
1460 3573 1656 3650 ἄνδρας
1701 3575 1836 3650 μέλ-

169 3665 386 3724 λοντας
421 3661 472 3696 ⁷1
521 3658 662 3733 ἐρεῖν
713 3658 926 3734 μᾶλλον
978 3663 1012 3732 ἢ
1061 3663 1195 3738 ὑπὲρ
1255 3661 1462 3738 ἀνδρῶν
1519 3666 1703 3720 καλῶν
1749 3667 1836 3720 καὶ

175 3753 429 3826 ἀγαθῶν,
463 3750 556 3804 καὶ
593 3749 804 3804 τούτων
839 3747 938 3804 οὒκ
970 3750 1189 3822 ὀλίγων,
1224 3749 1348 3806 οὐδὲ
1395 3755 1556 3821 ἧττον
1590 3753 1840 3807 παλαιῶν

177 3841 215 3910 ἢ
251 3839 520 3907 Πλάτων,
565 3839 646 3893 ὅτι
706 3839 782 3911 μὴ
834 3838 924 3893 καὶ
973 3835 1351 3916 πρεσϐυτέρων
1407 3839 1638 3910 ἐκείνου,
1679 3839 1732 3895 εἷ’
1765 3862 1843 3913 τῳ

181 3930 271 3983 καὶ
315 3933 487 3983 τοῦτο
540 3923 727 3988 αἰδοῦς
778 3924 924 3997 ἄξιον
982 3928 1118 3982 εἶναι
1181 3927 1348 3986 δοκεῖ.
1410 3932 1569 3983 Ὥστε
1615 3931 1660 3965 ⁷³
1719 3929 1845 3984 ὅταν

182 4017 536 4094 ὡμολόγητο
563 4015 651 4070 καὶ
686 4017 1082 4092 συγκεχώρητο
1125 4017 1255 4092 ὑπὲρ
1306 4018 1369 4073 οὗ
1413 4022 1516 4080 πᾶς
1564 4017 1764 4088 ἤνυστο
1815 4018 1844 4072 ὁ

185 4105 360 4183 λόγος
416 4105 510 4159 καὶ
565 4104 699 4180 πρὸς
745 4105 774 4158 ’ὀ
816 4105 989 4160 πάντα
1037 4107 1187 4162 ταῦτ’
1235 4107 1354 4182 εἶχε
1402 4109 1503 4176 τήν
1552 4107 1842 4185 ἀναφοράν,

182 4197 265 4259 τίς
314 4195 382 4265 ἦν
423 4191 606 4268 ζημία
653 4193 702 4228 ⁷³
747 4198 854 4248 τῶν
899 4192 1108 4269 ἀνδρῶν
1165 4199 1239 4269 μη
1299 4198 1844 4270 προσ-καθάπτεσθαι;

187 4290 294 4341 Νῦν
329 4285 378 4342 δ’
409 4284 603 4357 ὥσπερ
637 4281 872 4354 ὠδίνων,
905 4285 994 4340 καί
1025 4283 1498 4362 περιϐαλλόμενος
1530 4288 1717 4362 κύκλῳ
1745 4291 1844 4357 τήν

2613 3235 2938 3294 CCXLVIII.

2021 3334 2085 3388 Et
2126 3327 2385 3386 Aristidis
2416 3327 2708 3382 Platonica
2749 3340 2849 3396 pro
2879 3328 3114 3394 quatuor
3153 3323 3308 3379 viris.
3342 3352 3408 3363 —
3451 3323 3520 3377 De

2402 3397 2634 3455 Pericle.
2675 3426 2742 3437 -—
2773 3396 3134 3450 Proaamium.

2018 3490 2242 3564 Saapius
2294 3489 2503 3544 iisdem
2563 3487 2632 3541 de
2687 3484 2862 3539 rebus
2903 3490 3093 3554 petere
3152 3499 3266 3537 non
3319 3481 3588 3538 existimo

1949 3597 2206 3647 necesse,
2239 3576 2557 3649 praesertim
2590 3589 2720 3630 cum
2750 3589 2866 3628 non
2897 3573 2966 3626 ad
3008 3571 3162 3626 viros
3195 3569 3344 3625 ullos
3374 3571 3590 3625 dicturi

1950 3671 2162 3739 simus,
2194 3683 2370 3739 quam
2415 3681 2518 3734 pro
2553 3663 2694 3717 viris
2725 3661 2982 3731 optimis,
3008 3675 3111 3714 nec
3143 3659 3370 3730 paucis,
3401 3673 3591 3728 neque

1951 3758 2188 3813 Platone
2221 3751 2560 3824 junioribus
2595 3747 2786 3820 potius
2834 3762 3008 3818 quam
3057 3744 3510 3814 antiquioribus,
3541 3745 3592 3799 si

1952 3845 2086 3917 quis
2137 3843 2245 3899 hoc
2303 3856 2536 3912 quoque
2593 3839 2736 3892 forte
2785 3833 3105 3892 reverentia
3154 3833 3400 3904 dignum
3459 3849 3591 3889 cen-

1953 3937 2096 3990 seat.
2155 3932 2510 4001 Quapropter
2561 3941 2694 3982 cum
2755 3925 2835 3992 id,
2881 3939 2990 3994 quo
3058 3923 3332 3978 tendebat
3387 3922 3590 3988 oratio,

1955 4036 2297 4079 concessum
2341 4021 2515 4086 esset,
2549 4015 2649 4089 qui
2681 4017 2945 4086 potuerat
2984 4027 3212 4080 nocere,
3244 4011 3291 4066 si
3325 4012 3474 4067 viros
3505 4012 3590 4065 in-

1953 4117 2139 4170 tactos
2171 4106 2550 4181 reliquisset?
2579 4109 2647 4160 At
2669 4119 2825 4159 nunc
2855 4103 3019 4174 quasi
3054 4100 3387 4170 parturiret,
3423 4099 3593 4155 undi-

1957 4218 2071 4275 que
2101 4196 2463 4257 communita
2506 4196 2576 4250 ad
2617 4195 2776 4266 ipsos
2806 4193 2915 4259 via,
2947 4192 3031 4248 sic
3065 4189 3345 4246 insidiose
3374 4205 3593 4245 sermo-

1957 4307 2092 4348 nem
2126 4286 2485 4362 aggreditur.
2507 4283 2700 4354 Neque
2723 4297 2854 4338 vero
2875 4295 3117 4353 parvum
3144 4283 3234 4335 est
3253 4279 3591 4334 discrimen.

187 4373 268 4430 ἐπ’
319 4375 570 4434 ἐκείνους
602 4370 750 4444 ὁδὸν,
802 4373 975 4437 οὕτως
1023 4373 1333 4441 ἐπιϐούλως
1375 4376 1548 4433 ἐλθὼν
1598 4377 1686 4432 ἐπὶ
1716 4379 1830 4437 τοὺς

1953 4381 2101 4437 Nam
2134 4379 2275 4435 illud
2309 4374 2551 4448 quidem
2573 4377 2699 4429 erat
2729 4387 2830 4443 pro
2859 4370 3097 4426 veritate
3120 4369 3245 4441 ipsa
3276 4369 3590 4432 decertare,

187 4465 324 4537 [κατ’
374 4464 607 4520 ἐκείνων
654 4461 781 4525 τοὺς
814 4464 880 4534 7‘]
933 4463 1128 4538 λόγους
1178 4467 1443 4542 φαίνεται.
1497 4467 1595 4522 Καὶ
1641 4469 1750 4539 μὴν
1779 4467 1841 4521 τὸ

191 4554 283 4626 μὶν
332 4551 604 4632 διάφορον
645 4551 772 4626 ούχὶ
820 4553 1036 4628 μικρόν·
1090 4552 1262 4610 ἐκεῖνο
1313 4556 1409 4628 μὶν
1458 4564 1559 4632 γαρ
1608 4557 1676 4625 ἦν
1709 4556 1840 4631 ὑπὲρ

188 4641 354 4712 αὐτῆς
399 4646 501 4707 τῆς
559 4639 816 4707 ἀληθείας
867 4641 1240 4718 ἀγωνίζεσθαι,
1289 4650 1450 4700 τοῦτο
1501 4642 1558 4700 δὲ
1605 4645 1716 4719 ἐγὼ
1751 4645 1844 4719 μὶν

193 4729 315 4786 οὐδὲ
343 4752 479 4788 ποτε
510 4731 575 4787 ἃν
610 4733 870 4808 φήσαιμι,
904 4730 1077 4796 ἄλλος
1111 4731 1158 4788 δ’
1188 4734 1249 4789 ἄν
1290 4757 1371 4798 τις
1421 4735 1564 4790 εἷ’ποι
1616 4731 1841 4792 διαϐάλ-

194 4816 304 4873 λων
339 4821 400 4875 ού
433 4819 632 4897 πόρρω
672 4822 996 4891 κακοηθείας
1029 4822 1185 4878 εἶναι.
1222 4825 1496 4899 Περικλῆς
1517 4825 1567 4861 ’⁷⁵
1583 4825 1759 4880 τοίνυν
1779 4825 1844 4879 τὰ

195 4926 254 4962 τε
285 4907 429 4964 ἄλλα
458 4911 554 4966 τὸν
591 4909 711 4985 βίον
739 4910 806 4979 ἦν
843 4910 1087 4987 ἄριστος,
1118 4911 1208 4969 καὶ
1240 4911 1370 4970 οὐδὲ
1399 4914 1578 4992 γελῶν
1623 4915 1847 4971 πώποτε

1952 4470 2061 4526 hoc
2091 4472 2284 4524 autem
2303 4481 2418 4522 non
2439 4481 2541 4536 ego
2572 4461 2809 4534 quidem
2833 4475 3114 4532 unquam,
3146 4458 3247 4514 sed
3279 4457 3432 4514 alius
3454 4456 3587 4528 quis

1954 4576 2056 4632 per
2075 4557 2425 4615 calumniam
2448 4569 2562 4609 non
2587 4549 2825 4624 procula
2847 4547 3206 4620 malignitate
3217 4548 3420 4603 abesse
3433 4547 3588 4601 dixe-

1954 4648 2048 4703 rit.
2082 4647 2332 4704 Pericles
2372 4644 2552 4716 igitur
2581 4647 2699 4697 tam
2739 4653 2933 4696 severe
2963 4637 3126 4706 vixit,
3161 4637 3374 4708 quippe
3404 4652 3476 4690 ne
3506 4634 3592 4689 ri-

1957 4739 2090 4794 dere
2121 4736 2356 4808 quidem
2389 4733 2466 4789 sit
2511 4745 2774 4802 unquam
2805 4728 2988 4784 visus.
3020 4725 3295 4792 Quinimo
3324 4725 3480 4796 quod
3522 4722 3596 4778 ad

1957 4825 2287 4898 reipublicae
2316 4838 2517 4880 curam
2567 4825 2625 4876 et
2687 4815 3041 4891 aequalitatis
3098 4829 3357 4870 amorem
3418 4811 3597 4883 perti-

1957 4916 2154 4982 nebat,
2205 4911 2418 4970 nemini
2459 4909 2698 4967 cedebat
2747 4905 2929 4963 animi
2982 4901 3407 4976 magnitudine,
3441 4899 3595 4972 quod

1564 5060 1796 5118 VARUE
1837 5058 2136 5117 LECTION
2143 5057 2246 5115 ES.

269 5173 315 5207 ⁸⁸
344 5174 514 5250 οὕτω]

203 5258 315 5298 οω.
501 5252 714 5326 ‘_’_61_tip
745 5252 1085 5326 «afﬁnem.
1117 5257 1176 5311 Α.
1253 5254 1300 5326 f3
1332 5254 1426 5326 μὲν
1460 5272 1576 5311 om.
1612 5262 1679 5312 A.

202 5321 414 5397 ρξῑικᾼί
518 5320 565 5356 ⁸⁷
608 5318 879 5397 Δοἰμξιρισᾷξ]
907 5323 1033 5379 ἀλλ’
1066 5320 1298 5397 ἀμφισὸ.
1332 5318 1397 5382 Ἀ.

201 5346 315 5416 ξω.
348 5346 414 5372 ιι.
519 5346 560 5356 ν’
618 5346 1014 5396 αμφισο.]αΛΛ
1066 5346 1142 5397 αμ

232 5388 244 5420 ¹
285 5385 560 5457 μέλλοντα
588 5395 654 5448 Α.
734 5395 781 5428 ’τ’
809 5391 969 5468 ὥστε]
998 5415 1052 5470 p.
1089 5346 1187 5452 19%

549 5195 606 5250 ρ,
637 5179 764 5236 536.
868 5181 911 5216 ⁸⁷
941 5178 1078 5235 αἷδὼ
1107 5182 1196 5235 καὶ
1229 5199 1346 5238 om.
1379 5185 1443 5238 A.

501 5249 565 5323 7“;
581 5249 714 5323 ὑπὲρ
745 5251 923 5323 αὐτῶν
958 5271 1073 5308 om.
1117 5257 1176 5311 Α.

1197 5441 1206 5452 .
1285 5397 1333 5432 ⁷³
1360 5395 1559 5470 ζημίαν

1548 5183 1596 5219 ⁸⁸
1623 5180 1838 5256 δοκοίη]
1871 5179 2049 5256 δοκεῖν
2082 5189 2143 5237 Δ.

1509 5272 1576 5311 m.
1612 5262 1679 5312 A.
1756 5249 2112 5308 ⁶⁴”πολιτείαν
2139 5253 2230 5306 καὶ
2261 5249 2441 5305 πόλιν
2468 5253 2534 5304 Α.

1509 5326 1558 5362 ⁸⁸
1596 5326 1937 5383 Ἀνεγνώσθη
2043 5325 2090 5362 ⁸9
2130 5321 2459 5383 Περικλέους
2489 5337 2534 5376 οι

1663 5346 1938 5400 νεγνωσυη
2043 5346 2090 5362 ’⁸
2130 5346 2459 5397 Περικλεους
2489 5346 2605 5376 υω.
2640 5346 2708 5374 t1.
2821 5346 2855 5351 "
2914 5346 3078 5386 ιιιιγυιι
3096 5346 3306 5383 uiuoqu

1663 5440 1669 5453 .
1746 5399 1793 5434 ’¹⁴
1835 5397 1952 5450 κατ’
1991 5395 2206 5451 ἐκείνων
2234 5395 2359 5455 τοὺς
2391 5410 2506 5450 om.
2539 5394 2604 5447 A.
2679 5388 2725 5425 ’⁷⁸
2765 5385 3060 5461 Περικλῆς]
3095 5402 3152 5459 Ρ.
3186 5387 3306 5439 197.

2246 5179 2296 5215 59
2318 5178 2495 5262 ἐτὰρ1
2525 5194 2579 5250 ρ,
2611 5175 2737 5262 n5-49.
2769 5244 2784 5262 ‘
2838 5171 2886 5262 ‘3
2924 5165 3170 5224 εἰδώλων

2611 5247 2657 5282 ⁸⁸
2695 5244 2786 5299 καὶ
2815 5242 3019 5316 νόμους
3049 5257 3166 5298 om.
3200 5242 3267 5296 A.

2640 5321 2708 5374 A.
2812 5316 2859 5351 7°
2913 5312 3313 5386 παραιτεῖσθαι]

3272 5167 3318 5204 ⁸⁸
3349 5167 3595 5240 ὀμηρφς

3365 5238 3429 5275 ⁸⁸⁷
3450 5238 3597 5301 τινὸς

2043 5325 2098 5397 ⁸θῄ
2130 5321 2459 5397 Περικλέους
2489 5336 2605 5397 om.
2640 5321 2723 5397 A.._
2765 5311 3313 5397 “70'1'Ed-‘pd‘t‘ttIOZOAQ-t]
3367 5329 3418 5382 p.
3467 5311 3588 5365 193.

1798 5531 2032 5589 NOTE.

283 5646 392 5717 (90)
421 5648 621 5721 Odyss.
658 5671 708 5708 ν.
739 5654 864 5711 355.
