4032 6226
444 290 599 361 71531

1646 292 1914 355 ΡΗΟΤΙΙ
1960 293 2484 357 PATRIARCH/E
2525 292 2645 355 ΕΡ.

3728 297 3881 355 1532

448 450 560 491 non
591 431 788 490 eadem
821 444 944 500 quae
984 425 1193 496 vulgus
1243 427 1551 494 spectaret,
1584 441 1800 497 paucos
1840 427 2091 485 habebat

2211 426 2312 482 ὑπό
2344 445 2490 487 τινος
2523 418 2707 502 ὤφθη.
2740 422 2840 479 Καὶ
2871 427 2939 499 τῇ
2987 424 3081 496 μὶν
3124 430 3221 494 τῆς
3268 424 3573 487 πολιτείας
3631 425 3881 505 φυλακῇ

450 522 695 579 similes.
729 517 887 584 Quod
926 518 1121 569 autem
1165 514 1380 568 Socrati
1438 512 1591 569 inter
1633 516 1947 587 sopbistas,
1985 517 2089 574 hoc

450 612 536 669 illi
567 611 716 664 inter
746 609 1000 661 oratores
1032 620 1063 657 a
1095 606 1303 658 natura
1335 603 1624 675 praecipue
1655 605 1855 661 datum
1889 607 2016 673 fuit,
2038 613 2100 663 ut

451 701 663 754 elatum
696 692 976 767 populum
1002 708 1068 747 ac
1090 691 1525 764 superbientem
1552 694 1828 751 facillime
1845 697 2100 768 compri-

448 793 633 843 meret
666 802 680 840 :
720 786 1122 853 desperantem
1164 798 1391 848 rursus,
1425 786 1480 836 et
1522 783 1810 853 abjectum
1852 785 2097 843 dicendo

447 878 761 944 revocaret,
789 890 853 928 ac
887 889 988 943 spe
1020 869 1285 942 repleret,
1310 872 1807 941 quemadmodum
1840 873 1937 929 ille
1960 891 2096 931 cum

448 963 920 1025 adolescentibus
937 977 1102 1032 agere
1124 960 1366 1017 solebat.
1383 961 1646 1033 Denique
1668 963 1827 1019 urbis
1842 963 2096 1036 dignitas

447 1062 569 1115 erat
600 1053 868 1119 Pericles,
903 1056 967 1107 ut
1000 1050 1100 1123 qui
1124 1066 1228 1106 nec
1248 1050 1649 1106 multitudinis
1672 1053 2094 1124 cupiditatibus

448 1148 896 1217 obtemperaret,
926 1144 1025 1199 sed
1058 1142 1183 1214 ipse
1214 1140 1428 1213 populo
1454 1142 1785 1211 imperaret,
1812 1160 1916 1201 nec
1939 1146 2094 1215 quod

448 1237 564 1295 illis
604 1234 935 1295 videbatur,
969 1233 1204 1298 diceret,
1238 1231 1337 1287 sed
1372 1231 1525 1304 quod
1566 1232 1754 1287 423b
1795 1234 1907 1288 sibi
1939 1233 2093 1291 vide-

446 1332 610 1385 retur
641 1326 697 1380 id
720 1324 850 1379 illos
884 1324 1070 1377 facere
1120 1324 1353 1392 cogeret
1387 1336 1400 1375 :
1456 1337 1563 1377 nec
1602 1322 1923 1378 adulatoria
1959 1324 2093 1379 fun-

448 1421 682 1490 geretur
695 1412 907 1481 officio,
923 1410 1027 1467 sed
1043 1426 1277 1467 omnem
1290 1408 1718 1480 adulatoribus,
1735 1416 2017 1481 quantum
2034 1413 2093 1469 in

447 1524 511 1564 se
540 1501 1100 1573 erat,inlerc1uderet
1121 1500 1375 1555 aditum:
1404 1505 1854 1571 cum,quatenus
1868 1502 2086 1572 probus

448 1599 575 1652 erat
600 1597 656 1649 et
686 1608 911 1664 aaquus,
944 1589 1127 1661 patris
1151 1587 1331 1645 vicem
1368 1587 1580 1660 populo
1613 1593 1933 1661 praestaret,
1954 1609 2093 1663 qua-

450 1687 617 1741 tenus
647 1686 843 1738 autem
887 1694 1091 1737 omnes
1132 1680 1452 1745 coercebat,
1486 1684 1541 1734 et
1580 1678 1639 1733 in
1672 1696 1776 1735 sua
1808 1685 2094 1750 potestate

449 1773 701 1829 habebat
742 1768 962 1835 omnia,
1012 1769 1332 1839 plusquam
1382 1772 1664 1840 tyrannus
1711 1775 1882 1823 esset.
1939 1769 2091 1826 Unde

2206 1763 2350 1836 αὐτῷ
2399 1763 2547 1817 τοῦτ’
2595 1761 2831 1825 ἐκείνους
2881 1762 3131 1836 πράττειν
3191 1762 3633 1837 ἐπαναγκάζων,
3696 1762 3841 1818 οοόἵτ

449 1862 583 1918 licet
613 1861 905 1917 evidenter
934 1857 1263 1929 perspicere
1292 1856 1594 1925 Periclem,
1625 1856 1673 1909 si
1696 1873 1865 1927 quem
1889 1857 2093 1927 alium,

451 1950 908 2023 spontejustum
939 1947 1142 2002 fuisse.
1176 1948 1287 2002 Nec
1327 1945 1481 2001 enim
1516 1962 1767 2018 usquam
1802 1947 2096 2019 iniquitati

452 2041 647 2111 potius
681 2055 859 2109 quam
890 2036 1135 2108 justitize
1167 2034 1411 2102 studuit,
1432 2051 1533 2090 nec
1568 2044 1629 2090 ut
1650 2037 1928 2107 majorem
1948 2038 2096 2092 obti-

452 2132 614 2184 neret
640 2128 832 2182 locum
862 2126 1104 2192 curavit,
1138 2140 1267 2180 cum
1300 2124 1357 2178 id
1391 2124 1594 2194 quovis
1618 2124 1920 2181 Pisistrato
1953 2126 2095 2182 faci-

386 2256 387 2259 η
447 2216 561 2272 lius
607 2223 802 2287 posset
832 2232 844 2269 :
894 2230 1094 2269 verum
1129 2213 1297 2284 quasi
1331 2228 1523 2267 arcem
1565 2214 1634 2267 ad
1670 2214 1824 2285 leges
1857 2229 2090 2270 servan-

446 2306 550 2361 das
577 2310 633 2360 et
663 2320 863 2360 omnes
887 2302 1279 2360 communiter
1302 2302 1593 2371 juvandos
1623 2306 1991 2374 occupasset,
2014 2304 2094 2359 ita

450 2412 511 2451 se
542 2395 793 2466 gerebat.

2207 516 2403 586 καὶτῷ
2431 514 2492 568 τὸ
2526 512 2644 568 ἴσον
2694 516 2807 573 τοῖς
2847 509 3043 575 ἄλλοις
3092 507 3235 588 ἔχων
3278 515 3611 593 ἀνέχεσθαι,
3677 517 3865 577 κοινὲς

2210 603 2365 680 ε’ίπερ
2394 624 2475 665 τις
2511 602 2837 675 ἀνθρώπιον,
2870 599 3193 672 ἐσπούδαζεν
3243 604 3403 671 εἶναι,
3454 610 3545 675 τῷ
3603 603 3667 659 δὲ

2212 715 2339 767 ματι
2396 699 2497 762 τῆς
2553 693 2780 767 γνώμης
2829 691 3028 763 καὶτῷ
3072 695 3145 763 μη
3197 698 3303 748 τῶν
3361 695 3555 749 αὐτῶν
3617 697 3883 765 ἡττᾶσῖὲτί

2205 787 2321 845 τοῖς
2354 779 2590 843 πολλοῖς
2621 780 2840 855 ὀλίγοις
2870 779 3189 835 καταλιπεῖν
3218 782 3377 860 ἐγγὺς
3431 781 3628 837 ἐλθεῖν
3667 785 3884 843 ἑαυτοῦ,

2206 874 2270 926 Ὅ
2324 868 2381 926 δὲ.
2410 871 2455 907 ⁷⁸
2508 890 2666 947 φασιν
2721 871 2949 943 ὑπάρξαι
2999 871 3277 944 Σωκράτει
3330 877 3626 948 σοφιστῶν
3675 874 3726 909 ἠ
3775 871 3881 926 δια·

2208 962 2502 1038 φερόντως,
2554 961 2699 1015 τοῦτ’
2744 958 2930 1032 ἐκείνῳ
2975 958 3349 1037 δημαγωγῶν·
3404 961 3737 1036 ἐπαρθέντα

2206 1048 2310 1124 γὰρ
2361 1050 2450 1103 τὸν
2500 1045 2674 1121 δῆμον
2719 1046 2809 1103 καὶ
2878 1048 3097 1121 μείζονα
3152 1052 3512 1127 φρονήσαντα
3568 1048 3881 1106 δεινότατον

2208 1138 2344 1193 εἶναι
2376 1135 2650 1192 συστεῖλαι
2680 1136 2770 1192 καὶ
2802 1136 3070 1207 καθελεῖν,
3102 1137 3461 1211 ἀθυμήσαντα
3496 1136 3562 1194 δὲ
3617 1141 3762 1213 [688
3791 1146 3874 1208 Η.)

2204 1228 2295 1282 καὶ
2344 1226 2739 1282 ταπεινωθέντα
2779 1228 3068 1303 ἀναγαγεῖν
3118 1225 3182 1281 αὖ
3221 1233 3336 1290 τοῖς
3380 1227 3595 1304 λόγοις
3648 1232 3741 1283 καὶ
3794 1250 3876 1301 με-

2207 1318 2329 1371 στὸν
2360 1312 2599 1370 ἐλπίδων
2633 1322 2880 1385 ποιῆσαι,
2934 1313 3117 1389 ὥσπερ
3148 1316 3194 1351 ⁷⁸
3242 1317 3454 1379 ἐκεῖνος
3507 1318 3711 1372 εἰώθει
3759 1319 3869 1391 πεεέ

2206 1407 2331 1467 τοὺς
2374 1407 2532 1467 νέους
2578 1410 2777 1462 ποιεῖν.
2834 1404 3126 1460 Συνελόντι
3174 1403 3219 1459 δ’
3251 1406 3453 1477 εἰπεῖν,
3520 1414 3738 1485 σχῆμα
3784 1414 3872 1474 τῆς

2204 1494 2421 1555 πόλεως
2469 1496 2533 1564 ἦν
2588 1493 2886 1568 Περικλῆς,
2928 1495 2991 1549 ού
3026 1492 3301 1550 δουλεύων
3334 1501 3461 1560 ταῖς
3491 1501 3616 1551 τῶν
3655 1495 3869 1551 πολλῶ

2206 1583 2540 1657 ἐπιθυμίαις,
2572 1581 2699 1639 ἀλλ’
2731 1582 2890 1647 αὐτὸς
2918 1583 3113 1658 ἄρχων
3144 1589 3251 1639 τῶν
3281 1583 3559 1657 πολλῶν,
3597 1583 3719 1640 οὐδ’
3757 1586 3783 1640 ὅ
3826 1607 3870 1638 τι

2206 1670 2402 1746 δόξειεν
2442 1672 2665 1734 ἐκείνοις
2696 1675 2856 1727 τοῦτο
2884 1670 3063 1747 λέγειν
3096 1674 3279 1743 ἀξιῶν,
3313 1671 3448 1729 ἀλλ’
3482 1673 3514 1727 δ
3570 1695 3631 1729 τι
3685 1673 3860 1743 δόξειεν

3824 1765 3865 1787 ’ξε

2208 1852 2258 1907 ἐν
2301 1850 2538 1914 κόλακος
2595 1851 2761 1928 μοίρᾳ
2807 1852 3215 1927 προσκείμενος,
3258 1853 3385 1908 ἀλλ’
3452 1851 3724 1927 οὔδειμοῦ
3761 1860 3869 1913 τοῖς

2205 1940 2396 2012 κόλαξι
2430 1937 2667 2015 πάροδον
2700 1940 2761 1995 τὸ
2792 1942 2909 1995 καθ’
2938 1941 3097 1995 αὑτὸν
3140 1938 3322 2003 διδοὺς
3352 1944 3425 2011 δυ,
3460 1946 3539 2015 τῇ
3591 1944 3694 2014 μὲν
3744 1963 3866 2017 pro

2207 2031 2430 2101 στότητι
2462 2031 2550 2085 καὶ
2583 2035 2701 2092 ταῖς
2732 2030 3050 2093 ἶεπιεικείαις
3081 2032 3126 2066 ³ί
3159 2029 3207 2086 ἐν
3242 2030 3454 2106 πατρὸς
3493 2030 3573 2085 ὦν
3628 2034 3861 2104 riis-.15.:

2207 2119 2393 2194 δήμῳ,
2426 2126 2503 2193 τῶ
2534 2120 2591 2175 δὲ
2620 2120 2913 2194 κατείργειν
2958 2118 3192 2183 ἅπαντας
3242 2124 3334 2178 καὶ
3386 2124 3559 2179 πάνθ’
3622 2127 3714 2203 ὑφ’
3758 2129 3860 2180 En-

2202 2213 2291 2267 τὸν
2326 2205 2475 2285 ἔχειν
2506 2210 2671 2265 πλέον
2712 2209 2747 2278 ἢ
2781 2210 3065 2285 τύραννος.
3097 2212 3181 2281 Ἐξ
3213 2213 3306 2280 ὧν,
3351 2214 3429 2275 ὡς
3465 2208 3678 2285 ἔοικεν,
3714 2213 3861 2284 ἔξεο-τι

2206 2305 2388 2379 σαφῶς
2430 2297 2562 2355 ἰδεῖν
2614 2298 2721 2368 ὅτι,
2772 2297 2821 2353 si
2866 2321 2949 2361 τις
2998 2297 3189 2372 ἄλλος,
3245 2302 3335 2355 καὶ
3398 2303 3700 2377 Περικλῆς

2205 2388 2432 2451 δίκαιος.
2485 2386 2742 2461 Ούδαμοῦ
2791 2389 2894 2462 γὰρ
2943 2391 3041 2457 τήν
3091 2389 3409 2461 πλεονεξίαν
3460 2392 3587 2448 ἀντὶ
3639 2398 3752 2448 τῶν
3783 2395 3859 2447 νεό-

449 2504 563 2556 μων
623 2483 931 2556 ἠγάπησεν,
992 2476 1105 2535 οὔδ’
1163 2480 1312 2541 ὅπως
1369 2478 1513 2535 ἔσται
1576 2479 1774 2553 μείζων
1819 2488 1918 2551 τῆς
1958 2484 2165 2555 τάξεως
2214 2479 2556 2556 προύνοήθη,
2608 2479 2779 2553 παρὸν
2832 2477 2981 2550 αὐτῷ
3023 2478 3234 2552 μᾶλλον
3290 2483 3501 2543 παντὸς
3548 2486 3861 2555 Πεισιστραο

444 2595 564 2632 του.
625 2571 753 2628 ἀλλ’
800 2572 867 2641 ἦν
911 2569 1298 2646 παραπλήσιος
1342 2570 1630 2646 κατέχοντι
1674 2574 1773 2643 την
1822 2571 2124 2648 ἀκρόπολιν
2177 2571 2265 2628 ἐπὶ
2306 2576 2386 2644 τῷ
2439 2571 2627 2639 σώζειν
2672 2568 2799 2633 τοὺς
2847 2570 3055 2644 νόμους
3098 2570 3187 2626 καὶ
3235 2577 3314 2645 τῷ
3347 2572 3561 2637 πάντας
3595 2573 3656 2628 εὖ
3698 2580 3861 2629 ποιεῖν

447 2663 506 2718 ἐκ
539 2664 705 2737 μέσου
742 2665 859 2736 [τοῦ
890 2659 1162 2735 δημοσίου
1196 2663 1289 2734 ⁸³].

519 2754 638 2824 [Sic
669 2754 814 2809 forte
849 2769 863 2808 :
904 2751 1063 2825 quod
1111 2752 1170 2825 in
1224 2751 1414 2807 medio
1449 2753 1624 2822 jacet,
1657 2753 1880 2825 aequale
1909 2758 2017 2822 est,
2047 2755 2099 2810 si

451 2824 609 2898 dicas
669 2840 894 2898 omnes,
927 2824 1084 2898 velut
1116 2824 1183 2898 _in
1233 2825 1431 2882 orbem
1468 2826 1669 2895 fertur,
1701 2824 1787 2881 vel
1830 2827 1966 2898 quia
1997 2844 2097 2882 arx

448 2896 640 2953 media
665 2897 822 2967 jacet
851 2896 912 2951 in
945 2896 1133 2967 urbe.]

516 2988 590 3042 At
623 2990 938 3058 postquam
995 2984 1093 3041 ille
1142 2988 1410 3041 mortuus
1457 2990 1565 3055 est,
1589 2986 1712 3057 jam
1744 2990 1800 3044 et
1835 2988 2093 3044 Siciliam

452 3079 847 3148 somniabant,
872 3084 925 3133 et
956 3076 1175 3132 Italiam
1199 3077 1569 3146 aﬂ'ectabant,
1603 3082 1659 3133 et
1687 3079 2093 3152 Carthaginem

2278 2753 2432 2825 (Οἴον
2461 2748 2616 2829 ictuc“
2667 2750 2730 2829 τὸ
2762 2750 2889 2829 ’γὰρ’
2934 2747 2994 2829 ἐκ
3045 2749 3211 2829 μέσου
3257 2753 3568 2829 φερόμενον
3615 2751 3742 2829 ’ἶσον
3784 2752 3859 2807 Exi

2204 2820 2406 2899 πάντας
2455 2822 2639 2899 ῶσπερ
2689 2820 3056 2899 ἐπῖκύκλ-ου
3095 2820 3336 2899 φερεταιέ
3496 2823 3585 2878 δτι
3633 2828 3673 2894 ἡ
3708 2826 3856 2897 ἀκρνὸ-

2202 2895 2368 2958 πολις
2405 2894 2541 2967 μέση
2575 2894 2749 2949 κεῖται
2774 2900 2875 2962 τῆς
2903 2894 3167 2969 πόλεως]

2279 2981 2498 3053 Ἐπειδὴ
2551 2984 2598 3019 ⁸³
2640 2983 2697 3038 δὲ
2755 2981 3097 3053 ἐτελεύτησεν
3157 2982 3385 3052 ἐκεῖνος,
3438 2984 3850 3058 ώνειροπόλοον

2210 3075 2302 3147 μὲν
2334 3071 2614 3145 Σικελίαν,
2648 3071 2851 3151 ἐφίεντο
2884 3069 2940 3127 δὲ
2973 3070 3231 3143 Ἰταλίας,
3277 3072 3550 3150 ὠρέγοντο
3600 3072 3653 3126 δὲ
3702 3080 3846 3145 Καρ-

451 3175 624 3239 atque
656 3167 903 3222 Africam
936 3166 1306 3237 appetebant,
1335 3171 1510 3238 atque
1540 3168 1738 3224 omnia
1760 3168 2091 3241 circumspi-

2207 3160 2447 3236 χηδὸνος
2477 3162 2567 3216 καὶ
2598 3158 2832 3231 Λιϐύης,
2865 3160 3064 3222 πάντας
3097 3158 3145 3215 δ’
3188 3161 3498 3235 ἀνθρώπους
3545 3160 3842 3235 περιεσκὸο

449 3254 700 3321 ciebant,
734 3271 838 3310 nec
870 3253 1014 3325 ipsis
1048 3254 1363 3324 quidquam
1396 3256 1744 3325 sufficiebat,
1783 3266 1837 3313 et
1868 3258 2089 3328 longio-

448 3358 569 3398 rem
627 3342 764 3397 belli
813 3342 1069 3396 fecerunt
1144 3344 1544 3412 appendicem.
1594 3348 1725 3399 Haec
1781 3354 1996 3413 autem,
2057 3364 2089 3403 ο

449 3429 632 3501 Plato,
666 3434 722 3485 et
750 3430 1031 3499 Socrates,
1065 3431 1350 3486 suadebat
1379 3435 1567 3486 vester
1596 3448 1712 3489 non
1743 3434 1959 3504 socius,
1991 3436 2090 3493 sed

449 3519 691 3587 sodalis,
725 3526 787 3575 ut
819 3528 877 3574 tu
932 3518 1145 3576 dixeris
1190 3536 1265 3576 an
1313 3520 1503 3593 potius
1550 3521 1767 3577 dixisti.
1812 3525 2093 3591 Quocirca

452 3608 583 3680 quis
615 3625 680 3664 ea
710 3610 971 3679 veljuste
1000 3609 1224 3680 Pericli,
1256 3610 1342 3665 vel
1369 3627 1482 3667 non
1516 3613 1844 3669 necessario
1876 3614 2093 3671 tribuat

449 3696 782 3753 Alcibiadi?
812 3697 917 3764 Qui
950 3697 1267 3764 civitatem,
1293 3715 1468 3771 quam
1501 3705 1803 3773 acceperat
1832 3704 2091 3761 consiliis

452 3788 855 3858 obtemperare
885 3788 1196 3855 valentem,
1216 3790 1272 3843 in
1292 3788 1467 3844 talem
1485 3790 1735 3847 furorem
1756 3792 1909 3863 egit?
1936 3795 2089 3859 Quo-

450 3875 607 3931 circa
634 3892 765 3932 cum
800 3874 947 3932 nulli
978 3881 1133 3932 esset
1164 3878 1321 3933 lucro
1345 3878 1601 3947 deditus,
1630 3882 1872 3951 justitizs
1902 3883 2091 3937 mani-

451 3966 664 4021 festum
716 3966 889 4021 dabat
936 3967 1255 4039 specimen,
1290 3971 1352 4023 ut
1400 3972 1457 4025 et
1498 3971 1913 4043 temperantiae,
1948 3972 2089 4028 dum

447 4054 624 4111 vitam
649 4057 976 4111 modestam
1012 4056 1288 4127 voluptati
1313 4058 1648 4127 praeferebat
1682 4076 1695 4115 :
1732 4061 2089 4118 fortitudinis

447 4144 641 4212 etiam,
667 4160 797 4199 cum
824 4161 941 4200 non
973 4144 1046 4201 ad
1067 4146 1309 4215 gratiam
1334 4163 1435 4203 nec
1461 4148 1774 4217 submisse,
1798 4152 1895 4206 sed
1921 4151 2090 4207 liber-

447 4233 592 4289 rime
624 4249 752 4290 cum
788 4234 998 4307 populo
1030 4235 1254 4308 agebat.
1290 4235 1551 4308 Denique
1572 4255 1703 4294 cum
1729 4239 1889 4297 solus
1920 4248 1977 4297 et
2004 4242 2089 4298 fu-

445 4325 579 4376 tura
618 4323 908 4393 prmscire,
935 4328 990 4379 et
1034 4325 1415 4395 praesentibus
1457 4328 1541 4382 uti
1581 4330 1849 4399 potuerit,
1884 4332 2089 4390 merito

444 4412 766 4485 prudentiae
797 4412 1118 4482 laudem,si
1147 4415 1278 4487 quis
1312 4432 1401 4471 res
1433 4415 1719 4473 humanas
1742 4421 2083 4491 consideret,

2200 3273 2358 3319 πουν,
2390 3249 2546 3325 ἤρκει
2599 3248 2655 3305 δὲ
2705 3250 2888 3311 αὐτοῖς
2936 3248 3113 3318 οὐδὲν,
3163 3250 3487 3326 μακροτέραν
3516 3250 3567 3285 3‘
3629 3248 3689 3305 δὶ
3740 3255 3841 3305 τοῦ

2199 3340 2449 3414 πολέμου
2478 3341 2578 3409 τὴν
2611 3340 2954 3413 παρενθήκην
2989 3339 3320 3409 ἐποιήσαντο
3350 3340 3418 3397 ⁸⁸.
3465 3340 3527 3397 Ὁ
3580 3337 3641 3394 δὲ
3677 3345 3837 3394 ταῦτα

2200 3431 2399 3484 πείθων
2429 3430 2520 3501 ἦν,
2552 3428 2597 3483 ὦ
2630 3427 2861 3483 Πλάτων
2890 3449 2947 3483 τε
2990 3429 3078 3483 καὶ
3133 3428 3445 3503 Σώκρατες,
3498 3430 3528 3484 ὁ
3578 3429 3837 3503 ἡμέτερος

2200 3520 2462 3581 κοινωνὸς
2517 3518 2609 3592 μὲν
2658 3516 2757 3572 οὐκ
2800 3516 2941 3573 ἔστιν
2994 3517 3183 3586 εἰπεῖν,
3227 3519 3443 3591 ἑταῖρος
3478 3515 3537 3572 δὲ
3569 3521 3661 3573 καὶ
3692 3519 3841 3577 αὐτὸς

2202 3607 2260 3661 ἂν
2290 3608 2476 3683 φαίης,
2513 3605 2724 3681 μᾶλλον
2759 3604 2804 3661 δ’
2847 3607 3087 3681 ε’ίρηκας.
3124 3611 3248 3668 Πῶς
3294 3605 3385 3662 οὖν
3437 3606 3501 3661 ἄν
3551 3629 3637 3668 τις
3683 3611 3841 3661 ταῦτα

2201 3696 2429 3759 δικαίως
2479 3695 2821 3772 κατηγοροίη
2869 3695 3219 3771 Περικλέους,
3268 3699 3304 3766 ἢ
3364 3718 3485 3758 πως
3550 3699 3656 3752 οὐκ
3721 3698 3843 3751 ἀναν

2197 3788 2401 3864 γκαίως
2441 3784 2823 3863 Ἀλκιβιάδου,
2866 3788 3011 3848 ὅστις
3044 3783 3376 3862 παραλαϐὼν
3410 3790 3575 3857 [1273
3618 3790 3713 3861 R.]
3753 3790 3841 3856 τήν

2198 3878 2362 3934 πόλιν
2395 3876 2596 3933 εἰδυῖαν
2630 3877 2845 3932 ἀκούειν
2876 3873 3231 3951 συμϐούλων,
3274 3877 3371 3931 εἶθ’
3422 3877 3600 3940 οὕτως
3652 3878 3839 3948 ἐξεμη-

2196 3987 2316 4037 νεν;
2367 3966 2578 4023 Οὐκοῦν
2610 3967 2655 4004 ⁸⁸
2700 3971 2780 4038 τῷ
2831 3966 2925 4039 μὲν
2957 3966 3210 4033 Ϊᾶπαντος
3249 3966 3293 4002 ⁸⁷
3342 3964 3571 4041 κέρδους
3620 3965 3843 4041 κρείττω

2196 4055 2456 4135 παρεχειν
2492 4056 2678 4111 ἑαυτὸν
2712 4052 3061 4126 δικαιοσύνην
3086 4054 3263 4110 ἀσκῶν
3295 4052 3471 4124 δῆλος
3500 4056 3596 4123 ἦν,
3643 4060 3726 4126 τῷ
3790 4052 3841 4109 δὲ

2195 4147 2286 4202 τὸν
2320 4146 2372 4201 ὲν
2400 4145 2541 4217 τάξει
2579 4145 2696 4220 βίον
2727 4145 2842 4200 ἀντὶ
2873 4146 2918 4181 ⁸⁸
2946 4149 3045 4199 τοῦ
3074 4145 3209 4221 πρὸς
3241 4142 3447 4214 ἡδονήν
3491 4145 3840 4217 προῃρῆσθαι

2198 4234 2552 4314 σωφροσύνης
2583 4234 2759 4289 πίστιν
2809 4235 3102 4310 παρείχετο
3162 4233 3399 4311 ἐμφανῆ.
3450 4234 3555 4290 Καὶ
3601 4235 3711 4305 μὴν
3760 4232 3843 4285 ἆν-

2197 4324 2373 4400 δρείας
2404 4346 2467 4400 γε
2496 4323 2548 4379 ἐν
2589 4325 2675 4385 οἷς
2727 4324 2788 4379 οὐ
2834 4324 2970 4398 πρὸς
3013 4325 3178 4399 χάριν
3227 4320 3345 4378 οὐδ’
3404 4321 3837 4387 ὑποπεπτωκὼς,

2195 4414 2323 4471 ἀλλ’
2364 4416 2439 4477 ὡς
2472 4413 2585 4469 οἷόν
2619 4435 2677 4469 τε
2710 4411 2947 4487 μάλιστα
2977 4411 3275 4489 ἐλευθέρως
3308 4411 3511 4485 ὡμίλει
3540 4416 3619 4483 τῷ
3651 4408 3834 4483 δήμῳ,

3818 4500 3829 4517 \

443 4506 856 4573 consequatur.
896 4502 1036 4573 Ergo
1069 4520 1241 4575 quem
1275 4505 1344 4561 de
1375 4506 1602 4561 cunctis
1642 4508 1876 4563 virtutis
1909 4512 2088 4581 parti-

2205 4505 2378 4567 Μόνος
2421 4503 2600 4559 τοίνυν
2651 4503 2739 4558 καὶ
2786 4502 2853 4557 τὰ
2902 4500 3177 4577 μέλλοντα
3214 4500 3419 4556 ἔσεσθαι
3447 4498 3717 4576 προειδὼς
3746 4500 3832 4553 καὶ

441 4589 574 4658 bus,
603 4589 733 4646 licet
764 4592 992 4659 fortem,
1019 4593 2089 4669 justum,prudentem,temperantem

438 4695 661 4747 vocare,
691 4696 826 4737 eum
873 4680 1022 4737 inter
1073 4682 1401 4740 adulatores
1448 4685 1612 4740 Plato
1672 4687 1913 4757 posuit?
1948 4688 2088 4744 Nam

439 4774 712 4844 loquaces,
747 4770 957 4844 inquit,
988 4770 1207 4839 otiosos,
1256 4774 1449 4830 424a
1479 4775 1735 4844 ignavos,
1775 4784 1827 4833 et
1867 4793 2084 4847 avaros,

433 4868 727 4932 postquam
758 4860 1035 4934 stipendia
1068 4863 1229 4933 jussit
1267 4864 1473 4933 facere,
1514 4864 1869 4922 Athenieme:
1901 4868 2085 4924 reddi-

435 4949 540 5006 dit.
564 4951 642 5007 Ac
674 4951 746 5007 de
776 4950 1141 5023 loquacibus,
1176 4952 1379 5009 otiosis
1412 4956 1468 5009 et
1496 4952 1742 5025 ignavis,
1773 4956 1958 5027 Plato,
1984 4958 2083 5014 in-

436 5037 631 5096 didem
664 5045 940 5113 supputa.

2198 4599 2315 4657 τοῐς
2345 4597 2577 4668 παροῦσι
2610 4590 2918 4667 χρήσασθαι
2949 4593 2994 4627 ⁸⁸
3025 4587 3276 4660 δυνηθεὶς
3307 4594 3425 4650 πῶς
3474 4589 3575 4643 οὐκ
3631 4587 3690 4641 ἃν
3738 4608 3836 4641 σο-

2198 4683 2323 4757 φίας
2364 4682 2587 4743 δικαίως
2619 4680 2773 4751 δόξαν
2817 4680 3034 4758 φέροιτο
3064 4686 3166 4750 τῆς
3212 4678 3273 4757 γὲ
3318 4700 3424 4735 που
3469 4676 3837 4754 χρησιμωτά-

2192 4794 2315 4845 της,
2349 4771 2398 4828 ε⁹ί
2437 4793 2520 4834 τις
2549 4771 2904 4846 ἀνθρωπίνως
2935 4768 3113 4825 ἐθέλοι
3146 4768 3495 4843 λογίζεσθαι;
3547 4767 3659 4825 Εἶθ’
3700 4768 3757 4819 ὃν
3784 4766 3833 4835 ἐξ

2191 4862 2436 4919 ἁπάντων
2491 4866 2600 4917 τῶν
2657 4862 2757 4931 της
2827 4860 3021 4936 ἀρετῆς
3078 4858 3290 4934 μορίων
3364 4856 3599 4935 ὑπάρχει
3668 4875 3833 4931 προσ-

2192 4958 2359 5009 ειπεῖν
2406 4951 2677 5027 ἀνδρεῖον,
2710 4947 2942 5020 δικαιον,
2994 4948 3282 5023 φρόνιμον,
3322 4948 3596 5024 σώφρονα,
3640 4949 3829 5000 τοῦτον

2193 5042 2421 5099 Πλάτων
2457 5041 2591 5115 μετὰ
2620 5044 2728 5096 τῶν
2759 5038 3015 5095 κολάκων
3054 5038 3355 5111 ἠρίθμησε.
3386 5034 3606 5096 Λάλους
3633 5035 3681 5071 9°
3709 5035 3824 5110 γὰρ,

435 5124 616 5199 φησὶν,
698 5128 1021 5200 ’Δθηναίους
1083 5129 1305 5201 ἐποίησε
1361 5132 1447 5187 καὶ
1502 5130 1701 5209 ἀργοὺς
1759 5133 1849 5189 καὶ
1935 5131 2152 5196 δειλοὺς
2235 5133 2325 5188 καὶ
2412 5129 2808 5209 φιλαργύρους,
2889 5126 2967 5189 εἰς
3050 5126 3389 5203 μισθοφορὰν
3471 5125 3824 5193 καταστήσας.

434 5215 566 5286 Περὶ
600 5219 695 5289 μὲν
729 5217 793 5290 δὴ
830 5218 1042 5289 λάλων,
1074 5220 1119 5277 ὦ
1153 5222 1404 5295 Πλάτων,
1435 5224 1525 5278 καὶ
1552 5224 1734 5300 ἀργῶν
1763 5225 1852 5280 καὶ
1884 5222 2079 5281 δειλῶν
2107 5222 2324 5279 αὐτόθεν
2354 5217 2648 5277 κατάϐαλε.

1782 5325 2029 5381 νΑΡιῐλΕ
2074 5322 2488 5381 LECTIONES.

500 5409 549 5443 τά
578 5412 607 5463 ’ὁ
750 5433 846 5496 Ρ..
874 5419 998 5473 198.
1045 5487 1054 5496 _
1105 5421 1151 5455 ⁷⁷
1184 5424 1457 5496 σοφιστῶν
1490 5422 1755 5496 σωκράτει
1814 5429 1879 5479 Α.

431 5481 804 5593 {rt-temeto:ch
830 5484 1094 5563 ἐπιεικείᾳ
1122 5498 1187 5551 Λ.
1262 5481 1339 5529 ’⁸2
1402 5497 1499 5548 τοῦ
1541 5481 1811 5567 δημοσίου
1851 5511 1967 5551 om.
2000 5499 2071 5551 A.

435 5572 528 5593 nm
593 5560 621 5593 Δ
836 5559 1057 5593 minanti
1092 5583 1122 5593 ..ι
1177 5566 1287 5593 onn
1411 5566 1456 5593 in
1496 5566 1749 5593 :!__-.__-1
1788 5567 1922 5593 ,τι-μ..
1954 5568 2047 5593 --τε

435 5572 554 5643 σοι·
585 5560 673 5646 ιο.
745 5559 804 5646 ,δ’
836 5559 1145 5646 οιέῖξοδνίρ-
1177 5566 1303 5621 209-

1985 5421 2035 5457 73
2064 5420 2275 5547 dionspi
2297 5417 2429 5508 ὅπερ
2466 5421 2535 5475 Α.

2000 5499 2071 5547 Α.
2175 5493 2222 5529 ⁸³
2279 5487 2465 5547 πειδηὶ
2522 5508 2535 5547 1

1411 5566 1456 5639 δῖ
1492 5566 1749 5639 ἐζπαντος]
1786 5567 1922 5621 ἅπαν
1954 5568 2051 5620 τοῦ
2081 5566 2149 5622 Α.

2636 5418 2684 5454 ’³9
2709 5412 2823 5471 οὐδ’
2853 5414 2904 5471 ἐν
3003 5414 3049 5450 ⁸⁰
3088 5409 3273 5474 διδούς
3331 5429 3448 5470 om.
3481 5415 3547 5469 A.
3647 5412 3690 5445 ’ί
3718 5413 3819 5469 ταῖς

2279 5482 2465 5581 rasit
2521 5508 2589 5576 P;
2632 5492 2759 5579 202.
2833 5486 2909 5581 .t‘
2977 5486 3335 5581 μεὲξφξδεέιαν,
3412 5483 3466 5581 1‘.
3510 5482 3815 5581 ἔξοέέεξπῖῑε

2255 5564 2303 5599 ⁸⁸
2331 5555 2464 5617 ἀντί’
2496 5555 2593 5617 τοῦ
2640 5561 2778 5636 πρὸς
2824 5555 2916 5629 ἠδ.
2970 5555 3335 5632 προῄρῆσθαι]
3364 5556 3711 5633 προῃρῆσθαι
3738 5555 3815 5605 τοῦ

434 5626 571 5706 πρὸς
602 5623 694 5697 ἡδο
728 5634 795 5684 Δ.
877 5630 924 5666 ⁸⁹
951 5623 1186 5705 χρῆσθαι
1220 5640 1285 5695 Α.
1363 5637 1411 5672 ⁹⁰
1439 5635 1667 5712 λάλους]
1696 5623 1801 5695 έῖί4
1829 5656 1864 5696 α
1896 5644 1945 5695 1.
1976 5636 2316 5709 καταστήσας
2355 5652 2469 5694 om.
2503 5643 2568 5690 A.

4023 1873 4025 1965 ί

4023 2002 4025 2123 l

4024 2624 4025 2707 l

4024 3246 4025 3321 ι
