4032 6226
218 352 385 414 1533

296 487 388 554 Μή
421 482 527 540 πού
557 505 640 547 τις
670 485 760 539 καὶ
791 485 981 576 Τρῶας
1011 483 1251 600 ἐγείρῃσι
1281 488 1320 522 ⁹¹
1352 484 1470 547 Θεὸς
1498 482 1692 547 ἄλλος.

297 555 583 600 Κητᾶϐηλε
612 558 657 594 99
711 559 948 600 γηφηθηη
1001 579 1040 600 απ
1069 578 1243 600 aranea
1298 556 1437 600 priva,

297 555 583 613 Κατάϐαλε
612 558 678 627 9³,
711 555 972 625 κατάθου,
1001 555 1266 627 πέπαυσο,
1298 556 1441 632 σίγα.

214 647 298 702 Σὺ
333 643 389 700 δὲ
419 647 467 682 9³
503 647 832 716 Μαντινικὴν
882 647 978 721 μὲν
1010 647 1057 682 ⁹⁴
1087 646 1240 717 ξένην
1290 646 1378 702 καὶ
1419 644 1698 718 Μιλησίαν
1747 645 1868 701 ἐπί-

213 755 413 789 στασαι
461 740 704 808 κοσμεῖν,
739 734 826 791 καὶ
877 735 1126 798 οὕστινας
1173 735 1234 791 ἄν
1277 756 1362 790 σοι
1411 733 1546 810 δοκῇ
1587 736 1725 790 πάνυ
1775 736 1874 809 ῥᾳ-

217 819 356 883 δίως
390 822 642 897 μεγάλων
669 823 904 895 ἠξίωσας
937 845 950 856 ·
982 829 1089 880 τῶν
1121 823 1178 881 δὲ
1205 823 1490 896 Ἐλλήνων
1519 823 1646 888 τους
1677 823 1876 900 ἄκρους

210 910 308 968 καί
340 911 486 984 παρά
532 918 662 968 πᾶσι
717 909 1091 989 βεϐοημένους
1126 917 1255 988 [689
1284 916 1374 990 Η.]
1421 913 1472 968 ἐν
1524 914 1717 992 φαύλῳ
1747 916 1878 970 καθ-

211 1006 414 1075 αιρεῖς.
449 1000 638 1058 Αἴτιον
669 1001 715 1057 δ’
763 1000 826 1057 οὔ
855 1004 917 1058 τὸ
948 1003 1162 1078 ἀγνοεῖν
1210 1005 1311 1074 τὴν
1349 1003 1520 1074 ἀξίαν,
1569 1002 1715 1058 ἀλλὰ
1758 1009 1877 1069 πῶς

210 1088 279 1145 ἃν
310 1088 530 1164 ε’ίποιμι
570 1090 891 1164 εὐπρεπῶς;
927 1090 1134 1166 σφόδρα
1163 1097 1271 1148 τῶν
1313 1091 1491 1168 λόγων
1522 1093 1571 1128 9⁵
1601 1090 1750 1168 γίνῃ.

297 1179 475 1260 [ᾋντὶ
497 1184 605 1260 *τοῦ
638 1177 849 1255 λέσχης
882 1180 1006 1258 γίνῃ
1034 1180 1124 1237 καὶ
1156 1180 1217 1236 οὐ
1246 1189 1348 1252 τῆς
1376 1186 1486 1238 τῶν
1531 1182 1872 1260 πράγμάτων

215 1249 535 1325 ἀληθείας].

298 1350 426 1406 Πῶς
457 1345 516 1399 ἂν
551 1345 596 1382 ⁰⁶
626 1343 711 1416 εἴη
748 1343 1084 1423 διεφθαρκὼς
1117 1347 1161 1383 ’⁷
1191 1347 1517 1417 Ἀθηναίους
1557 1349 1590 1418 ἢ
1625 1351 1740 1409 πῶς
1773 1346 1875 1402 λά-

217 1433 358 1497 λους
408 1436 750 1507 πεποιηκὼς,
797 1435 854 1498 ὅς
911 1456 972 1512 γε
1029 1436 1126 1491 κάν
1166 1442 1282 1499 τοῖς
1341 1435 1532 1512 λόγοις
1581 1437 1766 1498 αὐτοῖς
1813 1438 1876 1493 τὸ

217 1521 394 1598 μηδὲν
437 1525 660 1601 φαύλως
694 1522 823 1600 μηδ’
869 1525 985 1594 εἰκῆ
1037 1528 1275 1600 τιμήσας
1315 1527 1592 1605 φαίνεται;
1643 1527 1869 1583 τούναν-

207 1613 332 1668 τίον
367 1614 470 1690 γάρ
519 1611 712 1689 ἔμοιγε
760 1620 864 1669 πᾶν
905 1613 1104 1678 αὐτοὺς
1154 1614 1328 1671 ἐθίσαι
1381 1613 1548 1688 δοκεῖ,
1602 1619 1739 1690 μήτε
1779 1616 1868 1673 λέ-

209 1724 329 1778 γειν
364 1702 515 1765 ὅπως
561 1699 722 1779 ἔτυχε
757 1701 925 1778 μηδὲν
981 1706 1120 1778 μήτε
1148 1709 1323 1761 ποιεῖν
1373 1705 1480 1761 ἀπὸ
1517 1711 1614 1761 τοῦ
1646 1708 1866 1782 πρώτου

1267 350 1811 413 BIBLIOTHECA.
1860 383 1937 394 —
1979 350 2152 411 COD.
2201 349 2569 410 CCXLVIII.

1899 485 1955 552 Α

3470 350 3623 414 1534

2162 484 2239 559 [γε
2265 486 2385 556 quis
2411 486 2552 559 forte
2580 484 2710 540 deus
2741 485 2991 559 Trojano:
3019 488 3218 542 excitet
3240 503 3498 559 usquam,

2162 557 2441 627 Supputa,
2472 556 2694 627 depone,
2736 557 2966 627 quiesce,
2999 562 3137 612 lace.

2051 645 2119 700 At
2149 648 2213 700 tu
2255 645 2679 700 Mantinensem
2730 643 2962 716 quidem
3011 644 3323 715 hospitam,
3374 652 3430 703 et
3469 648 3626 706 Mile-

1978 732 2127 789 siam
2160 733 2374 789 novisti
2420 732 2680 804 laudare,
2727 750 2794 789 ac
2833 749 3214 805 quoscunque
3255 735 3414 802 libet,
3456 737 3622 794 facile

1979 823 2292 895 praedicas:
2325 826 2652 879 Graecorum
2677 827 2872 878 autem
2896 822 3210 894 principes,
3245 823 3459 895 ubique
3483 826 3626 882 cele-

1978 911 2134 978 bres,
2165 916 2381 969 temere
2425 911 2728 984 deprimis.
2780 911 2843 967 Id
2891 915 3087 968 autem
3136 927 3202 968 eo
3251 911 3420 979 facis,
3471 915 3625 985 quod

1978 1000 2320 1073 dignitatem
2353 1017 2555 1058 eorum
2599 1017 2712 1057 non
2759 1016 3099 1073 cognoscas,
3149 1001 3249 1057 sed
3285 1006 3349 1057 ut
3377 1001 3628 1074 honeste

1978 1089 2188 1159 dicam,
2221 1091 2467 1148 nimium
2497 1091 2757 1150 sermoni
2787 1091 3072 1164 indulges.

2099 1268 2250 1346 [γίνῄ
2284 1287 2387 1344 pro
2416 1271 2783 1344 garrulitate,
2817 1288 2932 1328 non
2966 1288 3067 1344 pro
3096 1271 3175 1328 rei
3207 1270 3490 1344 veritate]

2047 1361 2348 1427 Quomodo
2380 1361 2568 1433 potuit
2597 1361 2982 1417 Athenienses
3013 1375 3408 1432 corrumpere,
3441 1359 3524 1416 vel
3546 1361 3627 1416 lo-

1976 1466 2186 1522 quaces
2235 1450 2472 1507 reddere
2529 1449 2846 1524 [Pericles],
2905 1451 3006 1521 qui
3063 1449 3239 1506 etiam
3303 1450 3363 1504 in
3416 1450 3622 1506 vestris

1977 1537 2142 1595 libris
2171 1540 2339 1612 ipsis,
2365 1557 2436 1596 ne
2458 1540 2595 1612 quid
2623 1543 2779 1597 esset
2800 1544 3018 1596 temere
3038 1538 3351 1611 prolatum,
3386 1539 3621 1594 caverit.

1979 1629 2249 1696 Quinimo
2280 1633 2480 1685 contra
2524 1629 2668 1684 mihi
2697 1628 2929 1685 videtur
2971 1644 3068 1684 eos
3120 1628 3524 1694 assuefecisse,
3556 1644 3626 1683 ne

1979 1717 2116 1791 quid
2149 1722 2367 1776 temere
2411 1718 2668 1775 dicerent
2697 1717 2787 1775 vel
2833 1718 3110 1774 facerent.
3155 1716 3370 1772 Deinde
3409 1716 3470 1771 in
3516 1715 3628 1772 alia

217 1793 615 1868 παραστάντος.
665 1795 782 1850 Ἔτι
834 1791 880 1849 δ’
911 1795 955 1831 9⁸
1013 1793 1188 1850 ἄλλου
1232 1793 1326 1868 μέν
1371 1816 1514 1858 τινος
1544 1797 1866 1871 πράγματος

1986 1809 2210 1880 quidem
2243 1824 2301 1865 re
2333 1824 2447 1864 non
2478 1813 2630 1864 esset
2683 1808 2930 1865 fortasse
2962 1807 3163 1880 magni
3208 1805 3491 1863 momenti
3531 1821 3627 1860 co-

219 1883 549 1953 σκήπτεσθαι
612 1882 846 1958 μάρτυρι
903 1882 1202 1957 κωμῳδίας
1233 1884 1282 1920 99
1347 1881 1661 1959 διδασκάλῳ
1725 1886 1872 1964 τάχα

217 1969 280 2024 ἂν
315 1971 415 2026 οὐκ
447 1971 668 2046 ίσχυρὸν
699 1973 789 2042 ἦν’
826 1973 903 2034 είς
936 1969 994 2026 δὲ
1020 1971 1199 2047 λόγων
1229 1972 1404 2048 κρίσιν
1443 1977 1518 2048 μή
1551 1995 1685 2029 ποτε
1729 1974 1870 2030 οὕτω

219 2061 416 2133 σεμνὸς
463 2061 721 2136 γενοίμην
776 2060 907 2116 ὥσθ’
950 2058 1221 2137 ὑπεριδεῖν
1269 2066 1376 2118 τῶν
1422 2060 1631 2138 ἀνδρῶν
1672 2064 1880 2120 τούτων

224 2149 300 2210 ὡς
335 2146 550 2211 οὐδενὸς
580 2150 766 2220 ἀξίων.
803 2153 863 2208 Ὀ
898 2151 992 2223 μὲν
1029 2155 1044 2188 ¹
1085 2156 1193 2206 τῶν
1223 2150 1559 2223 Ἑλληνίδων
1614 2154 1878 2228 μεγίστην

223 2238 250 2291 ὁ
311 2243 572 2312 Κρατῖνος
631 2240 730 2309 τήν
791 2238 999 2294 ἐκείνου
1075 2237 1323 2315 γλῶτταν
1382 2239 1562 2314 ε’ίρηκε
1605 2244 1646 2311 ³,
1707 2241 1882 2319 λέγων

219 2328 316 2399 μὲν
340 2326 464 2384 ’ίσον
493 2349 545 2383 τι
576 2328 665 2384 καὶ
719 2331 924 2406 φωνην,
962 2328 1228 2403 ἀναμίξας
1273 2328 1330 2385 δέ
1359 2353 1412 2387 τι
1459 2338 1559 2401 τῆς
1602 2333 1747 2407 παρὰ
1776 2341 1876 2402 τῆς

217 2417 418 2492 τέχνης
467 2419 688 2494 πικρίας
737 2424 853 2481 τοῖς
905 2419 1012 2475 ἀπὸ
1058 2426 1159 2489 τῆς
1210 2418 1494 2490 ἀληθείας.
1540 2424 1729 2494 Ὅμως
1781 2420 1826 2478 δ’
1856 2425 1878 2460 ³

218 2507 319 2563 οὐκ
349 2505 568 2584 ἐξέφυγε
595 2509 660 2564 τὸ
694 2509 770 2583 μὴ
804 2509 865 2564 οὐ
895 2510 963 2565 τά
1001 2513 1192 2583 πρῶτα
1223 2507 1417 2565 δοῦναι
1448 2515 1526 2584 τῷ
1556 2509 1711 2587 ἀνδρὶ
1746 2497 1876 2585 μηδ’

217 2592 538 2666 ἐνδείξασθαι
586 2602 686 2666 τήν
740 2595 1210 2674 μεγαλοπρέπειαν
1258 2600 1360 2668 τὴν
1418 2600 1542 2675 περὶ
1589 2600 1720 2664 τοὺς
1777 2599 1872 2656 λό-

214 2705 345 2760 γους
413 2686 600 2743 αὒτοῦ.
640 2686 698 2742 Ὀ
756 2683 814 2740 δὲ
872 2687 1271 2764 Ἀριστοφάνης
1316 2691 1338 2724 δ
1396 2689 1713 2762 ἀστράπτειν
1783 2679 1875 2746 καἰ

222 2773 450 2848 βροντᾷν
508 2775 666 2830 αὐτὸν
721 2775 810 2829 καὶ
875 2779 1045 2848 μυκᾷν
1097 2797 1232 2853 φησι
1290 2774 1730 2852 δημηγοροῦντα.
1784 2781 1871 2848 Μὴ

217 2862 317 2936 γάρ
354 2883 448 2934 μοι
479 2866 661 2931 τοῦτο,
690 2860 736 2917 έί
774 2885 826 2918 τι
883 2862 1150 2936 μέμφεται
1184 2865 1350 2920 αὑτοῦ
1385 2883 1399 2897 ο
1450 2865 1580 2921 ἀλλ’
1624 2866 1748 2922 ὅσον
1798 2867 1872 2931 είς

222 2950 314 3004 τὸν
339 2948 580 3023 παρόντα
611 2952 876 3023 προσήκει
910 2951 1078 3028 λόγον
1107 2959 1208 3022 τῆς
1243 2953 1538 3030 μαρτυρίας
1591 2950 1872 3029 λάϐωμεν,

217 3036 373 3094 Ἀλλ’
405 3041 426 3074 ⁵
474 3038 535 3092 οὐ
568 3039 759 3114 πολλῇ
811 3063 914 3096 τινι
945 3046 1014 3116 τῇ
1066 3043 1354 3116 περιουσίᾳ
1398 3046 1691 3119 χρώμενος
1733 3046 1874 3101 οὕτω

1983 1897 2199 1954 micum
2229 1897 2660 1954 testimonium:
2711 1901 2771 1953 at
2801 1897 2861 1953 in
2909 1895 3252 1968 eloquentius
3283 1894 3530 1967 judicio,
3564 1897 3628 1949 ut

1980 1987 2113 2045 illos
2143 1988 2313 2061 quasi
2343 1987 2486 2044 viles
2517 1990 2910 2053 contemnam,
2935 2002 3240 2058 nunquam
3271 1989 3389 2041 tam
3423 2000 3628 2056 super-

1990 2078 2098 2135 bus
2126 2093 2245 2136 ero.
2277 2077 2549 2134 Cratinus
2574 2076 2814 2148 quidem
2834 2076 3294 2133 Graecanioarum
3319 2073 3626 2130 maximam

1986 2167 2210 2224 vocavit
2245 2167 2371 2238 ejus
2405 2167 2659 2237 linguam
2699 2166 2837 2238 (90),
2871 2180 3006 2220 cum
3039 2163 3256 2220 diceret
3285 2163 3442 2218 idem
3474 2161 3624 2232 quod

1987 2256 2296 2320 sentiebat,
2332 2253 2598 2312 nonnihil
2638 2262 2828 2310 tamen
2869 2253 3097 2310 veritati
3137 2267 3206 2307 ex
3243 2254 3366 2306 arte
3397 2249 3628 2307 acerbi-

1986 2344 2124 2400 tatis
2172 2347 2524 2416 aspergeret,
2575 2347 2976 2399 verumtamen
3023 2341 3206 2398 facere
3250 2355 3366 2395 non
3414 2339 3624 2411 potuit,

1985 2435 2128 2506 quin
2160 2435 2380 2506 primas
2409 2434 2461 2490 ei
2504 2434 2800 2500 tribueret,
2845 2433 3084 2503 ejusque
3129 2430 3190 2484 in
3235 2429 3480 2484 dicendo
3519 2429 3628 2482 de-

1985 2522 2228 2578 clararet
2257 2520 2677 2578 excellentiam.
2709 2519 3125 2590 Aristophanes
3162 2515 3461 2588 fulgurare
3489 2531 3626 2570 eum

1985 2627 2051 2667 ac
2073 2618 2272 2666 tonare
2288 2626 2352 2664 ac
2371 2608 2617 2664 miscere
2635 2607 2778 2662 dixit
2793 2607 2944 2662 inter
2963 2606 3451 2661 concionandum.
3470 2602 3627 2658 Nihil

1984 2699 2142 2757 enim
2174 2715 2313 2754 curo
2344 2697 2392 2754 si
2427 2698 2564 2768 quid
2596 2697 2655 2753 in
2686 2713 2752 2752 eo
2784 2695 3177 2767 reprehendit,
3212 2695 3313 2750 sed
3347 2701 3626 2765 quantum

1983 2790 2054 2846 ad
2105 2788 2258 2845 hanc
2306 2803 2427 2844 rem
2475 2786 2702 2853 attinet,
2751 2785 2879 2856 eius
2928 2788 3057 2840 utor
3100 2782 3463 2840 testimonio.
3512 2783 3624 2837 Sed

1983 2878 2228 2934 nondum
2257 2875 2377 2930 haec
2420 2873 2657 2942 omnia;
2705 2881 3100 2929 verumtamen
3133 2871 3277 2927 illud
3322 2871 3625 2927 confessus

1981 2969 2091 3033 est,
2149 2963 2471 3036 perfectum
2530 2962 2776 3019 evasisse
2819 2966 3129 3017 oratorem.
3181 2961 3294 3016 Cur
3339 2975 3474 3031 ergo
3523 2960 3625 3031 qui

1988 3059 2216 3110 tantum
2247 3052 2530 3124 praestitit,
2564 3069 2631 3108 ac
2674 3050 2830 3108 solus
2874 3049 3134 3107 omnium
3168 3048 3444 3120 suffragia
3469 3049 3624 3115 tulit,

217 3125 542 3204 διεγίγνετο,
591 3130 784 3208 πόρῥω
838 3132 934 3205 μὲν
981 3131 1141 3195 αὐτὸς
1200 3132 1274 3186 ὢν
1309 3137 1407 3189 τοῦ
1456 3132 1664 3209 ληρεῖν,
1714 3135 1872 3191 πλεῖ-

1986 3142 2364 3199 Athenienses
2386 3142 2456 3197 ad
2479 3142 2737 3214 ineptam
2761 3139 3162 3213 garrulitatem
3194 3139 3458 3194 credatur
3488 3139 3633 3194 inci-

216 3237 337 3271 στον
371 3214 428 3272 δὲ
455 3217 582 3280 τοὺς
616 3218 830 3281 ἄλλους
861 3219 1052 3289 ἐθίζειν
1086 3219 1326 3296 ἀπέχων,
1353 3227 1475 3284 Πῶς
1506 3225 1528 3260 ⁸
1559 3221 1648 3278 οὖν
1683 3225 1710 3279 ὁ
1748 3245 1874 3279 τοσ-

220 3310 376 3361 οῦτον
426 3307 705 3383 ὑπερέχων
755 3309 848 3362 καὶ
891 3309 1059 3383 μόνος
1107 3314 1238 3364 πᾶσι
1287 3317 1403 3372 τοῖς
1455 3318 1665 3386 κριταῖς
1711 3317 1875 3368 νικῶν

215 3396 313 3463 τήν
358 3399 454 3450 τοῦ
485 3394 745 3473 φλυαρεῖν
796 3397 912 3466 είκῆ
946 3400 966 3435 ⁷
1018 3396 1108 3452 καὶ
1140 3398 1287 3473 παρά
1315 3401 1503 3476 καιρὸν
1554 3402 1874 3472 Ἀθηναίους

220 3484 424 3539 ἀνεῖναι
475 3487 678 3563 φέροιτ’
725 3483 783 3540 ἃν
836 3483 1035 3556 δόξανς
1089 3487 1234 3565 Ἐγὼ
1281 3489 1376 3560 μὶν
1417 3490 1518 3565 γὰρ
1565 3489 1874 3547 τούναντίον

222 3576 482 3650 ἡγοῦμαι,
522 3582 736 3645 σιωπῆς
785 3574 956 3630 α⁹ίτιον
986 3576 1148 3631 αὐτὸν
1196 3577 1452 3644 πλείονος
1480 3581 1515 3650 ἢ
1557 3582 1876 3656 προπετείας

220 3672 565 3735 καταστῆναι.
601 3672 784 3739 ’Ίσμεν
816 3671 950 3740 γοῦν
999 3665 1084 3722 ὅτι
1114 3667 1210 3721 κάν
1261 3673 1379 3730 ταῖς
1420 3667 1619 3732 ἄλλαις
1662 3668 1727 3742 δή
1773 3694 1878 3728 που

217 3750 526 3826 δυνάμεσιν⁹
562 3755 622 3809 οὗ
654 3755 750 3828 μὲν
788 3753 994 3810 πολλοὶ
1029 3754 1416 3829 παραπλήσιοι
1446 3758 1534 3812 καὶ
1576 3757 1877 3838 ἐφάμιλλοι

229 3846 362 3920 πρὸς
409 3845 721 3921 ἀλλήλους,
771 3847 958 3904 πολλά
1005 3848 1073 3904 τά
1116 3848 1408 3923 πράγματα
1464 3851 1554 3904 καὶ
1605 3849 1812 3906 πλείων
1842 3853 1876 3921 ἡ

225 3931 360 4011 ἔρις,
395 3933 608 3992 ἐπειδᾶν
639 3935 696 3991 δέ
738 3958 820 4000 τις
853 3941 928 4000 εἷς
957 3939 982 3974 ⁸
1033 3939 1282 4014 ὑπερσχῇ
1314 3942 1335 3976 θ
1383 3937 1676 4015 λαμπρῶς,
1709 3942 1882 3995 ἅπαν-

222 4044 310 4086 τες
342 4021 450 4095 ἤδη
499 4029 1007 4102 συγκεχωρήκασιν.
1051 4025 1204 4083 Οὕτῶ
1251 4025 1317 4099 δή
1361 4030 1452 4083 καὶ
1502 4029 1677 4106 λέγειν
1728 4030 1880 4085 ἐπει-

227 4111 322 4169 δάν
377 4135 462 4176 τις
499 4118 543 4153 ¹⁰
593 4117 757 4188 ἄκρος
817 4115 1122 4194 ἐγγένηται,
1180 4117 1421 4194 στέργειν
1478 4119 1687 4196 ἀνάγκη
1754 4119 1883 4184 τοὺς

225 4202 448 4266 πλείους
505 4205 595 4260 καὶ
658 4207 733 4279 μή
794 4209 1303 4284 πολυπραγμονεῖν,
1334 4207 1462 4263 ἀλλ’
1522 4209 1596 4272 ὡς
1656 4211 1771 4265 οἷόν
1819 4231 1879 4266 τε

232 4290 473 4364 μάλιστα
522 4289 770 4356 εὐλαϐεῖς
816 4297 905 4350 καὶ
961 4297 1224 4370 κοσμίους
1266 4298 1397 4352 εἶναι
1447 4297 1570 4374 περί
1615 4300 1741 4363 τοὺς
1785 4298 1879 4356 λό-

228 4403 383 4456 γους.
418 4381 489 4438 Οὗ
515 4383 618 4458 γὰρ
652 4383 710 4438 ἂν
741 4385 786 4457 ᾦ
816 4386 876 4459 γέ
921 4385 1005 4449 τίς
1043 4385 1154 4442 ἐστι
1209 4384 1512 4462 βέλτιστος,
1544 4389 1722 4462 τούτῳ
1751 4389 1869 4466 χεί-

231 4492 357 4545 ρους
399 4471 784 4548 ἀπεγράζοιτο,
817 4474 1007 4537 ἄλλως
1049 4497 1108 4531 τε
1137 4476 1226 4531 καὶ
1266 4478 1403 4552 πρὸς
1453 4477 1590 4532 αὐτὰ
1640 4484 1808 4535 ταῦτα
1839 4481 1872 4536 ἃ

230 4561 514 4638 βέλτιστός
547 4563 706 4619 ἐστιν.
742 4568 906 4639 [1276
943 4567 1034 4640 Ρι.]
1069 4566 1248 4624 Ἀλλά
1277 4569 1316 4604 ¹¹
1372 4569 1479 4641 μὴν
1533 4569 1606 4631 ὡς
1653 4568 1782 4626 αὐτό
1814 4593 1877 4646 γε

219 4651 318 4707 οὐκ
346 4652 544 4725 ἄτιμον
587 4655 650 4710 τὸ
702 4653 958 4711 δύνασθαι
1012 4657 1213 4733 λέγειν,
1264 4655 1378 4713 οὐδ’
1421 4659 1495 4720 εἰς
1542 4656 1750 4724 ὄνειδος
1781 4661 1876 4742 φέ-

223 4763 334 4817 ρον,
394 4738 521 4796 οὐδὲ
593 4745 927 4820 κατηγορίας
985 4744 1130 4820 ἄξιον
1209 4745 1334 4802 οὐδέ
1391 4769 1453 4822 γε
1527 4738 1875 4825 συγγνώμης,

221 4830 364 4886 ἄλλά
396 4828 442 4866 ¹³
498 4851 644 4896 τινος
691 4833 1022 4910 κρείττονος,
1064 4833 1434 4911 αἰσχυνοίμην
1492 4835 1550 4892 ἂν
1600 4838 1726 4903 τοὺς
1778 4839 1876 4896 λο-

217 4918 367 4995 γίους
417 4919 571 4986 θεοὺς
609 4921 654 4976 εί
709 4924 933 4994 ζητοίην
990 4921 1388 4984 ἀποδεικνύναι.
1426 4927 1580 5000 Πλήν
1635 4950 1696 5005 γε
1750 4951 1874 4986 τοσο

1980 3233 2180 3288 tasse?
2207 3230 2352 3294 Nam
2381 3247 2485 3304 ego
2517 3231 2755 3302 quidem
2789 3238 2988 3286 contra
3027 3227 3216 3300 magis
3248 3244 3383 3284 eum
3409 3228 3628 3284 silentii

1982 3337 2161 3393 quam
2179 3320 2518 3377 temeritatis
2531 3335 2769 3377 causam
2789 3319 2965 3375 fuisse
2989 3316 3393 3373 existimarim.
3414 3319 3478 3372 In
3495 3316 3630 3372 aliis

1983 3415 2137 3466 certe
2165 3409 2546 3465 facultatibus
2576 3407 2868 3474 videmus,
2904 3405 3000 3461 ubi
3031 3405 3201 3461 multi
3225 3409 3364 3460 sunt
3397 3405 3548 3459 inter
3568 3420 3633 3460 se

1983 3498 2228 3567 similes,
2268 3497 2454 3554 multa
2489 3497 2738 3570 negotia,
2773 3497 3168 3567 maioremque
3201 3494 3627 3550 contentionem

1984 3589 2288 3647 exsistere:
2315 3594 2622 3660 postquam
2648 3590 2844 3643 autem
2869 3603 3025 3642 unus
3042 3585 3252 3655 aliquis
3273 3585 3629 3654 excelluerit,

1985 3677 2182 3735 424i)
2215 3678 2468 3749 reliquos
2517 3677 2741 3732 cedere.
2774 3674 3060 3729 Similiter
3090 3674 3148 3727 in
3187 3673 3452 3738 dicendo,
3495 3688 3629 3725 cum

1988 3767 2120 3839 quis
2161 3768 2432 3838 princeps
2471 3764 2722 3833 exsistit,
2771 3763 3154 3833 acquiescunt
3194 3759 3474 3831 plerique,
3526 3775 3632 3815 nec

1988 3855 2100 3912 sibi
2126 3854 2421 3927 negotium
2449 3853 2758 3915 facessunt,
2783 3866 2988 3905 verum
3022 3865 3194 3920 quam
3223 3851 3471 3920 possunt
3492 3863 3630 3902 cau-

1987 3943 2215 4001 tissime
2246 3942 2446 3999 dicunt
2493 3946 2550 3997 et
2581 3939 3030 3996 modestissime.
3063 3937 3177 3993 Nec
3218 3937 3373 3994 enim
3405 3953 3469 3992 eo
3514 3953 3630 4009 quo

1989 4034 2118 4108 quis
2147 4033 2397 4099 excellit,
2429 4031 2573 4089 alios
2611 4030 2926 4088 deteriores
2967 4028 3179 4093 reddit,
3211 4032 3268 4083 et
3296 4028 3354 4082 in
3386 4027 3458 4082 iis
3489 4044 3630 4099 prae-

1991 4124 2191 4183 sertim
2220 4123 2280 4179 in
2304 4122 2520 4195 quibus
2550 4119 2798 4178 excellit.
2829 4124 2896 4174 At
2924 4135 3038 4175 non
3073 4132 3204 4173 esse
3233 4115 3626 4187 inhonestam,

1991 4231 2096 4272 nee
2127 4211 2600 4288 ignominiosam,
2623 4227 2730 4267 nec
2747 4210 2921 4266 etiam
2944 4206 3312 4264 accusatione
3333 4207 3418 4260 vel
3446 4205 3627 4272 venia,

1987 4307 2088 4364 sed
2120 4306 2312 4377 aliquo
2361 4305 2582 4374 majore
2624 4301 2860 4374 praemio
2902 4299 3140 4372 dignam
3180 4297 3362 4369 ipsam
3396 4295 3631 4352 dicendi

1987 4395 2112 4466 vim,
2143 4395 2189 4452 si
2234 4395 2636 4452 demonstrare
2682 4389 2910 4458 vellem,
2962 4387 3206 4461 puderet
3250 4401 3341 4441 me
3381 4385 3623 4440 deorum

1981 4483 2401 4556 eloquentium.
2443 4482 2664 4537 Tamen
2712 4479 2822 4536 hoc
2875 4477 3081 4534 saltem
3130 4474 3317 4530 dicam
3356 4473 3534 4544 (quod
3575 4470 3628 4527 si

1987 4575 2121 4647 quis
2165 4572 2408 4630 moleste
2455 4571 2563 4628 fert
2593 4569 2766 4637 alius,
2793 4567 2852 4622 in
2891 4582 2981 4622 me
3010 4568 3198 4622 totum
3230 4567 3469 4629 avertat,
3518 4577 3624 4616 nec
3726 4566 3729 4567 ⁷

1986 4679 2091 4736 ego
2121 4664 2192 4720 de
2223 4663 2452 4719 fortuna
2495 4657 2838 4732 conquerar)
2866 4655 2980 4711 vim
3014 4652 3246 4710 dicendi
3279 4666 3408 4707 cum
3444 4650 3625 4722 proba

1986 4757 2044 4810 et
2074 4754 2336 4809 modesta
2361 4750 2496 4817 vita,
2528 4747 2720 4822 qualis
2751 4746 2810 4802 in
2834 4743 3126 4802 hominem
3157 4742 3405 4798 maxima
3435 4743 3627 4810 posset

1986 4843 2211 4908 cadere,
2243 4841 2612 4912 conjunctam
2645 4851 2738 4892 me
2767 4833 2962 4909 malle,
2985 4847 3162 4906 quam
3192 4830 3381 4886 decies
3413 4827 3628 4883 millies

1984 4931 2219 4988 Darium
2251 4927 2554 5004 Hystaspis
2586 4925 2775 4983 filium
2806 4923 2952 4990 ﬁeri,
2984 4927 3040 4978 et
3060 4921 3189 4992 ejus
3219 4923 3480 4990 respectu
3495 4917 3622 4989 jam

1571 5055 1812 5112 VARle
1853 5056 2265 5114 LECTIONES.

291 5160 778 5272 ’ἐρἰὶγείρηὲιὲς.Ω
829 5165 878 5201 ⁹²
913 5161 1126 5221 κατάϐα
1159 5169 1235 5258 A.‘
1295 5168 1348 5272 19³
1371 5167 1553 5272 1criB‘S‘e]
1590 5189 1642 5243 p.
1675 5173 1802 5227 212.
1879 5173 1923 5207 9‘
1961 5173 2054 5246 μὲν
2087 5177 2134 5229 Α
2169 5191 2182 5228 :
2213 5171 2304 5227 καὶ

339 5270 342 5272 .
385 5271 391 5272 ,
663 5257 744 5272 eam
836 5268 905 5272 __
960 5258 1283 5272 οεφλν.υι-ιι
1410 5261 1438 5272 .-
1485 5262 1576 5272 ..ηρ
1608 5243 1926 5272 _-_-......‘,.-
1986 5244 2279 5272 ,ζο......ι-..-

625 5233 802 5313 διὲφθ.
836 5268 905 5279 --
960 5239 1304 5312 πεποιηκὼς]
1371 5233 1576 5304 λάλους
1592 5233 1926 5314 ’πεποιηκὼς
1961 5233 2279 5314 ’ἀθηναίους
2335 5233 2602 5316 περικλῆς
2633 5233 2699 5296 Ᾱ.
2805 5239 2847 5275 ³⁸
2877 5233 2956 5290 ἔτι
3005 5233 3061 5290 ⁷δ’
3092 5233 3193 5306 (po?
3229 5233 3356 5304 214)
3409 5247 3526 5287 om-
3560 5236 3597 5285 Α

625 5304 948 5402 διὲαξὶετίίλξίὲ]
988 5308 1485 5402 κ,ωμωδξδασὶεάλιε
1672 5315 1703 5402 ,ί
1735 5315 1903 5402 trix.
1934 5313 2684 5402 ῗεῖρηκε].με]ίῖτηνηδ.ιιέν
2706 5302 3520 5402 ,τὴνέὖξοέκλῗοττξνὲἶπξεῖ
3553 5309 3597 5402 ἒ

1840 5341 1890 5370 εν
1935 5341 1954 5350 ¹¹
1987 5341 2195 5390 ειρηχε]
2231 5341 2495 5402 μεγιστην
2526 5341 2552 5366 υ
2577 5341 2684 5417 διιν
2732 5341 2830 5377 ἰιιν
2873 5341 3037 5362 αυιυυ
3079 5341 3316 5382 ῘΛυυυιυιν
3349 5341 3518 5357 επις-ν
3553 5341 3619 5358 ει.

1852 5389 1906 5417 Αἱ
1939 5387 2022 5417 Συ.)
2074 5391 2094 5417 Α
2204 5389 2224 5417 ﬂ
2250 5390 2390 5417 -.λμῖ
2420 5403 2452 5417 n
2504 5386 2562 5417 θλ
2706 5385 2726 5417 τ
2758 5381 2902 5417 εἶποξῖ
2935 5379 2978 5417 cz
3016 5381 3088 5417 Παλ
3132 5386 3160 5417 Δ
3265 5376 3289 5411 8
3317 5376 3395 5417 :Tr
3428 5382 3617 5417 nm,A_

1735 5335 1890 5442 pretist;
1935 5335 1962 5402 r‘
1987 5335 2629 5444 ε,ιρέκε]⁶μεγιστην2ο1ἑι

1714 5405 1766 5530 ἀ]
1801 5476 1856 5532 p.
2099 5430 2148 5494 ἡ
2181 5390 2390 5532 γετὲιιξί
2617 5427 2628 5442 ο

218 5249 278 5339 ἃ.
308 5234 435 5289 213'.
496 5234 504 5239 '
551 5237 594 5272 o7
625 5234 905 5323 8:590.'—-
960 5239 1304 5327 πεποιηκῳς]
1371 5234 1635 5304 Milone-11

220 5375 243 5410 3
281 5301 955 5429 δκοὲιίῆδίαὲδιξαρέαλῳέ
988 5309 1485 5429 κνωμωδιοασλιάλῳ
1516 5320 1635 5429 ei),

804 5399 922 5429 οιστ
959 5402 1134 5429 φανῇς
1161 5401 1277 5429 nm-
1369 5427 1378 5429 _
1508 5406 1539 5429 α

220 5378 243 5410 ³
281 5378 326 5429 δ’
362 5378 497 5432 add.
538 5381 604 5434 A.
682 5380 705 5414 ⁴
735 5381 792 5434 Ἀ
843 5378 1134 5458 ιστόφάνης
1161 5401 1278 5439 om.
1313 5387 1379 5440 A.
1455 5378 1480 5420 ⁵
1508 5383 1635 5440 ἀλλ’
1695 5405 1725 5456 p

215 5449 237 5484 ’
266 5445 534 5524 ὑπερίσχῃ
727 5452 772 5488 ¹⁰
800 5399 1012 5508 giretde
1042 5450 1099 5508 δέ
1136 5474 1220 5516 τις
1253 5455 1328 5518 είς
1524 5457 1566 5494 ¹¹
1599 5388 1725 5513 alia

2338 5171 2419 5245 ς.
2496 5170 2540 5206 ⁸⁸
2569 5166 2748 5242 λόγων
2781 5169 2826 5223 Α
2865 5182 2877 5220 :
2923 5161 3125 5238 λογίων
3318 5159 3364 5197 9⁸
3393 5161 3510 5220 πῶς
3540 5155 3628 5232 ἂν]

2338 5239 2602 5306 περικλῆς
2633 5246 2699 5296 Α.
2805 5239 2847 5275 ἐ
2877 5229 2956 5290 ἔτι
3015 5234 3061 5290 δ’
3092 5236 3173 5306 (ρ.
3229 5232 3526 5306 214)_om.
3560 5236 3623 5285 A.

2877 5255 2956 5290 ετι
3015 5255 3042 5290 Ο
3092 5255 3173 5292 (Β.
3230 5255 3356 5292 6141
3409 5255 3526 5287 0111.
3560 5255 3623 5285 Δ.

2204 5376 2390 5457 1⁵’πᾶι’›ς]
2420 5376 2473 5456 ρ’.
2504 5376 2628 5442 218.
2706 5385 2726 5420 ’³
2758 5376 2902 5452 εἰκῆ]
2935 5379 2981 5434 εί
3015 5376 3093 5454 μῆ
3126 5386 3192 5434 Α.
3265 5376 3289 5411 δ
3317 5376 3395 5438 εἷς
3428 5382 3618 5432 οω.Δ.

2099 5459 2148 5494 η
2181 5479 2244 5533 γε
2273 5476 2390 5517 om.
2423 5460 2490 5514 A.

1778 5590 2008 5650 NOTAE.

288 5695 405 5769 (90)
435 5696 728 5769 Cratinus,
762 5701 832 5757 de
861 5699 1077 5758 Pericle
1107 5717 1273 5775 supr.
1314 5703 1374 5762 in
1405 5704 1559 5764 Orat.
1587 5721 1686 5778 pro
1716 5705 1919 5765 rhetor.
1953 5710 2155 5766 contra
2187 5707 2408 5765 Platon.
