4032 6226
197 372 363 434 1537

1233 369 1752 432 BIBLIOTHECA
1798 397 1878 412 -ι
1917 363 2092 428 COD.
2139 371 2503 437 CCXLVIII.

3451 384 3608 449 1538

203 507 400 580 χεσθαι
447 501 484 573 ἢ
535 501 755 578 χείρους
801 501 1098 578 ὁμολογεῖν
1148 503 1284 558 εἶναι
1331 507 1530 589 σφῶν,
1565 497 1852 589 ἀποκρίνα-

1969 502 2284 562 deteriores
2313 523 2442 566 esse
2474 509 2734 566 conﬁteri
2771 513 3064 582 juberent,
3093 517 3173 572 ita
3204 519 3601 589 respondisse:

202 597 329 648 σθαι
358 595 520 666 [1277
575 594 666 664 R.]
717 593 838 666 περὶ
895 591 990 666 μὲν
1040 596 1138 646 τοῦ
1195 593 1416 666 πότεροι
1460 588 1710 667 βελτίους
1757 587 1853 650 τὰς

197 683 424 757 πράξεις
483 681 678 754 κρίνειν
736 680 831 741 τὰς
891 680 1025 754 ὑπὲρ
1082 686 1192 736 τῶν
1244 681 1530 751 Ἑλλήνων
1582 676 1854 752 ἑκατέροις

198 771 612 848 πεπραγμένοις,
673 771 965 844 μαχεῖσθαι
1006 767 1062 824 δὲ
1103 770 1202 824 οὐκ
1233 770 1283 825 ἐν
1315 775 1393 842 τῷ
1417 774 1524 824 τῶν
1565 765 1855 840 πολεμίων

203 865 382 934 καιρῷ
450 859 565 915 οὐδ’
623 859 712 914 ὅτε
776 858 969 914 ἐκεῖνοι
1027 859 1363 928 κελεύουσιν,
1397 857 1524 914 ἀλλ’
1579 856 1738 926 ἡνίκα
1793 853 1854 910 ἂν

202 949 390 1012 αὐτοῖς
421 947 558 1024 δοκῇ
589 952 656 1017 ³³,
687 950 776 1004 καὶ
810 949 872 1003 ού
907 950 1214 1024 χρήσασθαι
1239 950 1286 986 ³⁴
1323 949 1444 1024 περὶ
1485 947 1682 1002 τούτου
1715 965 1858 1018 συμ-

205 1035 436 1102 ϐούλοις
487 1036 769 1110 Θηϐαίοις.
803 1038 947 1114 Ἐγὼ
977 1040 1024 1074 ³⁵
1075 1039 1169 1112 μὲν
1211 1039 1302 1093 οὗν
1349 1037 1482 1112 ὅπερ
1528 1035 1675 1109 λὲγω
1731 1034 1856 1109 περὶ

201 1127 436 1199 τούτων,
476 1126 618 1182 οὕτω
647 1128 737 1182 καὶ
788 1127 997 1203 χαίρων
1051 1131 1120 1202 τῇ
1173 1124 1610 1202 μεγαλοπρεπείᾳ
1657 1124 1858 1186 παντὸς

209 1216 447 1290 μᾶλλον,
489 1215 564 1279 ὥς
615 1237 673 1290 γε
731 1215 962 1289 ἐμαυτὸν
1014 1215 1207 1271 πείθω.
1251 1219 1390 1290 Ὀρῶ
1437 1211 1493 1269 δὲ
1540 1211 1623 1268 ὅτι
1670 1208 1858 1267 πολλὰ

196 1312 308 1362 τῶν
372 1305 590 1361 πόλεών
647 1304 788 1359 ἐστιν
851 1304 1036 1380 ὥσπερ
1097 1303 1330 1382 ἐφόλκια
1361 1305 1432 1374 ³⁸,
1492 1305 1576 1364 οἷς
1643 1301 1852 1376 ἀνάγκη

209 1401 514 1472 συγχωρεῖν
567 1395 747 1470 ὥσπερ
799 1394 850 1449 ἐν
907 1393 1138 1467 σώματι.
1175 1394 1274 1449 Καὶ
1333 1394 1436 1469 γὰρ
1491 1393 1560 1448 τὰ
1607 1391 1854 1464 σώματα,

202 1487 294 1540 καὶ
326 1486 392 1540 τὰ
422 1485 673 1559 χείριστα
719 1483 812 1538 καὶ
859 1483 924 1538 τὰ
961 1481 1251 1550 κάλλιστα,
1285 1483 1405 1556 [691
1441 1483 1534 1553 Η.]
1583 1478 1766 1535 ἀκούω
1797 1478 1857 1533 ἐκ

203 1581 314 1630 τῶν
347 1573 524 1628 αὐτῶν
575 1573 864 1647 κεκρᾶσθαι
896 1591 910 1604 ·
969 1576 1048 1644 τῷ
1080 1568 1136 1625 δὲ
1165 1571 1202 1640 ἢ
1251 1568 1509 1631 πλείονος
1541 1570 1576 1640 ἢ
1627 1567 1855 1623 ἐλάττο-

201 1683 293 1724 νος
328 1661 536 1718 τούτων
583 1660 808 1714 ἑκάστου
847 1662 892 1697 ⁸⁷
944 1659 1214 1735 μετέχειν,
1264 1659 1444 1730 τούτῳ
1487 1657 1536 1693 ³⁸
1583 1656 1855 1730 κρίνεσθαι

201 1753 266 1806 τό
296 1772 355 1806 τε
383 1756 572 1826 χεῖρον
597 1749 771 1804 καὶτὸ
795 1748 874 1784 ³⁸⁸
909 1747 1310 1824 βὲλτιον.οί5τω
1342 1745 1409 1816 δὴ
1433 1746 1522 1800 καὶ
1549 1746 1643 1806 τάς
1664 1743 1856 1805 πόλεις

1967 592 2080 647 utri
2126 595 2363 665 quidem
2411 607 2608 655 essent
2649 599 2915 657 meliores
2955 603 3044 658 vel
3093 605 3164 660 ab
3204 608 3467 678 utrisque
3498 625 3601 681 pro

1965 683 2183 739 Gracia
2212 701 2304 740 res
2335 696 2526 758 gestas
2559 689 3070 757 testari,czeterum
3097 710 3209 748 non
3244 695 3312 749 ad
3343 696 3602 755 hostium

1963 773 2326 831 occasionem
2355 777 2442 832 vel
2475 783 2823 850 praeceptum
2858 796 2920 837 se
2953 786 3309 852 pugnaturos
3341 789 3605 852 esse,sed

1964 875 2098 916 cum
2132 862 2242 918 sibi
2275 865 2465 920 visum
2491 867 2656 936 foret,
2686 883 2792 924 nec
2823 869 2881 924 in
2915 886 2981 924 ea
3001 887 3058 926 re
3084 869 3494 927 Thebanorum
3521 875 3608 928 uti

1963 948 2107 1004 velle
2137 951 2400 1010 consilio.
2431 957 2621 1026 Atque
2652 971 2758 1028 ego
2791 958 3027 1029 quidem
3075 959 3230 1015 sicut
3259 959 3488 1032 loquor,
3521 963 3605 1018 sic

1964 1038 2140 1094 etiam
2155 1040 2476 1111 plurimum
2493 1044 2749 1102 delector
2769 1047 3222 1120 magnificentia,
3238 1051 3608 1121 quemadmo-

1965 1127 2106 1183 dum
2141 1129 2284 1184 mihi
2315 1132 2650 1202 persuadeo.
2675 1133 2987 1192 Civitatum
3020 1141 3216 1194 autem
3249 1137 3460 1194 multas
3477 1155 3606 1196 esse

1965 1215 2128 1272 video
2161 1219 2332 1288 quasi
2378 1219 2616 1292 [peccata
2644 1222 2802 1296 dicit]
2837 1226 3215 1296 appendices,
3249 1227 3464 1298 quibus
3499 1245 3608 1284 ne-

1965 1307 2214 1362 cessario
2247 1308 2325 1363 sit
2345 1311 2622 1382 tanquam
2647 1312 2706 1368 in
2739 1329 2978 1383 corpore
2995 1317 3607 1376 concedendum.Nsm

1965 1397 2023 1448 et
2051 1411 2288 1466 corpora
2319 1398 2711 1469 pulcherrima
2734 1417 2910 1474 quam
2935 1403 3284 1475 turpissima,
3303 1422 3371 1460 ex
3401 1405 3608 1462 iisdem

1963 1498 2092 1539 esse
2112 1485 2286 1541 rebus
2318 1489 2662 1560 composita,
2693 1495 2984 1563 quatenus
3014 1501 3206 1549 autem
3243 1496 3314 1550 de
3355 1495 3604 1567 singulis

1966 1573 2095 1644 plus
2126 1577 2214 1630 vel
2255 1578 2452 1634 minus
2485 1579 2696 1636 fuerint
2726 1583 2959 1654 adepta,
2991 1583 3276 1640 hactenus
3322 1586 3611 1642 deteriora

1964 1663 2054 1720 vel
2087 1666 2325 1722 meliora
2347 1671 2587 1725 censeri.
2603 1670 2880 1727 Similiter
2901 1675 3074 1728 etiam
3098 1673 3385 1744 civitates,
3401 1692 3607 1746 quam-

1962 1753 2048 1808 vis
2089 1755 2307 1824 optime
2354 1756 2668 1814 videantur
2707 1761 3059 1831 constitute,
3093 1766 3358 1819 naturam
3411 1771 3604 1820 tamen

205 1841 415 1916 ἂνάγκη
461 1845 562 1908 τῆς
603 1837 812 1918 φύσεως
857 1844 960 1906 τῆς
1009 1835 1343 1910 ἀνθρωπείας
1391 1833 1710 1902 ἀπολαύειν,
1757 1831 1852 1887 κᾶν

1969 1841 2283 1900 humanam
2337 1849 2662 1904 necessario
2712 1855 3059 1921 sequuntur.
3093 1851 3237 1908 Nam
3287 1856 3343 1908 et
3399 1853 3458 1908 in
3503 1854 3610 1910 hoc

209 1931 284 1994 ὡς
331 1929 587 2004 βέλτιστα
631 1927 896 1983 οἰκεῖσθαι
947 1925 1200 1982 δοκῶσιν.
1249 1924 1396 1980 Ἐπεὶ
1443 1925 1540 1979 κάν
1591 1920 1732 1995 τῷδε
1778 1921 1858 1996 τῷ

208 2019 372 2074 παντὶ
400 2018 674 2074 τοσούτων
722 2015 906 2072 καλῶν
930 2016 1018 2070 καὶ
1069 2013 1334 2084 τοσαύτης
1365 2013 1564 2088 ἐγαθῆς
1585 2013 1632 2049 3°
1675 2010 1856 2089 τύχης

211 2107 570 2183 μετειληφότι
600 2106 692 2161 καὶ
733 2103 884 2161 οὐδὲν
917 2103 1018 2176 ἔξω
1051 2102 1316 2175 δήπουθεν
1348 2102 1518 2158 αὑτοῦ
1568 2099 1855 2156 λελοιπότι

204 2202 312 2253 τῶν
345 2194 532 2252 καλῶν
564 2193 748 2252 πολλά
797 2194 857 2248 ἂν
914 2193 1112 2268 εὕροις,
1139 2195 1222 2255 οἷς
1269 2193 1466 2261 ἥκιστα
1495 2188 1555 2245 ἂν
1602 2191 1851 2260 ἡσθείης.

208 2283 362 2342 Ἀλλ’
394 2285 456 2340 ού
505 2290 832 2361 κατηγορεῖς
882 2281 973 2338 διὰ
1014 2287 1182 2338 ταῦτα
1209 2286 1311 2338 τοῦ
1349 2281 1548 2344 παντὸς
1589 2277 1712 2335 οὐδὲ
1755 2283 1854 2334 τοῦ

200 2374 692 2448 ποιήσαντος,ούδέ
722 2375 962 2448 νομίζεις
991 2372 1164 2429 ἄλλον
1193 2373 1311 2429 τινά
1342 2369 1408 2442 ’δή
1433 2392 1540 2426 που
1574 2370 1776 2446 βελτίω
1807 2370 1854 2406 ⁴⁰

197 2470 440 2543 γενέσθαι
473 2471 594 2524 ποτ’
642 2466 701 2523 ἂν
734 2465 888 2532 αὖθις
933 2467 1282 2542 Δημιουργὸν
1308 2470 1416 2521 τῶν
1458 2463 1603 2519 δλιυν
1643 2484 1654 2496 ·
1708 2459 1852 2518 ἀλλὰ

200 2557 361 2623 δίδως
389 2563 458 2633 τῇ
511 2559 664 2638 φύσει
713 2563 882 2614 ταύτα
911 2555 1280 2631 ἐφειλκύσθαι,
1331 2555 1420 2610 καὶ
1461 2553 1524 2609 ού
1567 2551 1850 2628 πολυπρα-

201 2654 444 2725 γμονεῖς.
470 2651 532 2703 Τί
591 2646 656 2716 δὴ
715 2645 1126 2721 θαυμαστὸν,εἱ
1181 2645 1272 2700 καὶ
1331 2643 1584 2718 Ἀθήνησί
1637 2665 1690 2698 τι
1741 2647 1849 2697 τῶν

199 2740 417 2793 πάντων
457 2737 628 2800 οὕτως
655 2731 811 2812 ἔσχεν
838 2734 1022 2809 ὥσπερ
1051 2733 1185 2796 ἴσως
1207 2733 1270 2788 ἄν
1299 2755 1404 2788 που
1435 2737 1476 2771 ⁸⁸
1506 2732 1596 2788 καὶ
1628 2730 1848 2802 ἄλλοθι,

200 2827 290 2883 καὶ
348 2828 731 2901 συνεχώρησαν
771 2827 822 2880 οἱ
886 2827 1216 2896 προεστῶτες
1268 2825 1380 2894 ἅμα
1441 2823 1535 2893 μὲν
1591 2823 1689 2888 τὴν
1744 2824 1853 2874 τῶν

203 2915 431 2972 πολλῶν
465 2915 648 2969 πενίαν
676 2913 765 2968 καὶ
805 2912 992 2987 χρείαν
1025 2910 1506 2985 ἐπανορθούμενοι,
1547 2907 1615 2964 ’δι’
1653 2911 1720 2979 ἣν
1754 2908 1853 2964 οὐκ

207 3004 473 3079 ἐλάχιστα
529 3007 636 3057 τῶν
696 3001 1108 3074 ἁμαρτημάτων
1171 2997 1477 3072 συμϐαίνει,
1530 2997 1562 3051 ἃ
1619 2996 1850 3054 κωλύειν

211 3091 430 3166 μᾶλλον
465 3091 638 3154 οὕτως
675 3093 936 3164 ἡγοῦντο,
969 3089 1082 3162 ἅμα
1104 3086 1161 3143 δὲ
1189 3090 1236 3124 ‘9
1265 3084 1660 3160 εὐλαϐούμενοι
1696 3089 1770 3160 μή
1801 3109 1854 3142 τι

204 3184 294 3238 καὶ
362 3189 550 3256 χεῖρον
618 3181 984 3254 ἐξεγρασαιντο
1059 3181 1140 3249 τῷ
1203 3177 1500 3253 κατείργειν
1579 3175 1856 3238 παντελῶς

205 3269 404 3332 αὐτοὺς
433 3270 496 3326 ‘3.
531 3269 590 3324 Τί
652 3268 752 3344 γάρ
813 3268 974 3336 ούκῆ
1037 3265 1412 3340 προσδοκῆσαι
1472 3269 1721 3338 ποιήσειν
1769 3267 1856 3321 ἀν·

207 3361 458 3435 θρώπους
503 3357 798 3418 τοσούτους
845 3357 908 3412 τὸ
951 3356 1162 3426 πλῆθος
1202 3354 1291 3409 καὶ
1342 3355 1514 3415 οὕτως
1564 3355 1726 3426 ὀξεῖς,
1766 3354 1856 3409 καὶ

203 3448 513 3529 χρημάτων
584 3446 860 3502 τοσούτων
925 3446 1233 3519 παρόντων,
1298 3444 1346 3499 εἴ
1425 3441 1618 3517 μηδεὶς
1673 3442 1856 3504 αὐτοῖς

209 3537 494 3612 μετεδίδου
533 3537 600 3592 τά
633 3537 858 3610 μὲτρια;
893 3533 976 3608 ἆρ’
1026 3534 1088 3588 ού
1127 3535 1282 3588 πάντ’
1311 3532 1372 3588 ἂν
1411 3533 1596 3594 αὐτοῖς
1645 3531 1860 3608 ἐπιχει-

205 3635 368 3704 ρῆσαι
428 3622 658 3696 λαϐεῖνς
702 3645 802 3680 ουκ
856 3619 968 3677 ἔστι
997 3625 1044 3658 ⁴⁴
1099 3627 1288 3693 ταῦτα,
1323 3621 1368 3674 ὦ
1421 3621 1670 3690 Πλάτων,
1711 3621 1861 3676 ἀλλά

209 3715 357 3772 δυοῖν
396 3716 614 3790 θάτερον
651 3733 664 3747 ·
707 3715 742 3783 ἢ
789 3712 886 3768 οὐκ
914 3713 1050 3781 ἦσαν
1089 3713 1369 3782 Ἀθηναῖοι
1417 3715 1659 3765 τοιοῦτοι
1709 3708 1856 3772 θ’ίους

1966 1933 2256 2000 universo,
2278 1939 2428 2008 quod
2461 1937 2544 1992 ita
2573 1941 2662 1994 est
2683 1939 2872 1996 425i)
2902 1956 3093 1996 rerum
3127 1942 3390 1997 omnium
3425 1943 3604 1998 bona-

1967 2037 2094 2077 rum
2147 2025 2455 2096 particeps,
2489 2029 2556 2082 ut
2585 2026 2636 2082 ei
2682 2027 2832 2082 nihil
2863 2029 3066 2085 deesse
3103 2029 3388 2100 videatur,
3418 2031 3606 2087 multa

1965 2111 2720 2187 quaedispliceantreperias
2737 2133 2750 2182 ;
2769 2131 2872 2173 nec
2895 2121 3088 2174 tamen
3112 2118 3242 2174 ideo
3266 2118 3604 2175 universum

1963 2200 2155 2272 ipsum
2188 2218 2453 2273 accusas,
2487 2209 2588 2259 aut
2618 2206 2747 2275 ejus
2779 2211 3096 2274 auctorem,
3131 2223 3235 2263 nec
3281 2208 3456 2263 alium
3501 2207 3609 2263 ali-

1963 2289 2198 2360 quando
2233 2291 2534 2347 meliorem
2568 2293 2833 2364 opificem
2868 2295 3212 2350 exstiturum
3248 2296 3433 2351 credis
3467 2296 3608 2352 :sed

1963 2377 2082 2434 haec
2113 2396 2145 2435 a
2167 2384 2373 2436 natura
2394 2381 2537 2437 sinis
2569 2383 2927 2451 attrahi,nec
2951 2383 3050 2439 tibi
3086 2385 3386 2454 negotium
3423 2385 3605 2440 faces-

1961 2468 2064 2523 sis.
2099 2469 2243 2535 Quid
2277 2485 2412 2540 ergo
2452 2471 2689 2536 mirum,
2723 2471 2774 2526 si
2807 2472 2942 2543 quid
2995 2471 3238 2526 Athenis
3279 2472 3453 2527 etiam
3487 2471 3603 2527 tale

1963 2557 2088 2623 fuit,
2109 2557 2602 2626 quemadmodum
2625 2562 2682 2614 et
2711 2559 2850 2614 alibi
2881 2559 3144 2628 fortasse,
3179 2559 3334 2629 quod
3356 2575 3596 2616 conces-

1961 2645 2144 2701 serint
2185 2645 2458 2716 praefecti,
2492 2663 2607 2718 quo
2655 2647 2833 2702 simul
2863 2651 2919 2702 et
2965 2647 3124 2718 vulgi
3163 2647 3370 2719 impiae
3403 2649 3595 2704 mede-

1960 2740 2178 2804 rentur,
2209 2751 2277 2791 ex
2325 2751 2442 2806 qua
2491 2751 2606 2791 non
2639 2737 2881 2791 minima
2924 2737 3198 2792 oriuntur
3247 2736 3483 2802 delicta,
3515 2737 3602 2792 sic

1959 2841 2086 2896 quas
2137 2824 2482 2880 videbantur
2527 2839 2702 2896 posse
2751 2825 2899 2892 tolli,
2930 2829 2986 2881 et
3023 2829 3292 2881 caverent
3332 2842 3403 2882 ne
3461 2827 3601 2898 quid

1961 2911 2136 2966 etiam
2181 2913 2346 2984 pejus
2393 2912 2706 2978 efficerent,
2741 2913 2787 2967 si
2820 2928 2918 2968 eos
2967 2913 3206 2969 omnino
3243 2917 3596 2970 coercerent.

1964 3001 2110 3064 Quid
2142 2999 2295 3056 enim
2326 3017 2442 3056 non
2471 3001 2920 3072 exspectandum
2951 3001 3132 3056 fuerat
3172 3022 3204 3056 ει
3237 3006 3320 3057 tot
3347 3001 3606 3057 homini-

1967 3091 2098 3156 bus,
2131 3105 2196 3146 ac
2236 3093 2354 3145 tam
2387 3091 2640 3157 acribus,
2673 3091 2890 3162 quique
2923 3095 3114 3146 tantas
3143 3107 3280 3161 opes
3309 3089 3606 3160 haberent,

1972 3179 2084 3234 nisi
2117 3178 2246 3250 quis
2268 3182 2490 3250 partem
2523 3195 2654 3234 eum
2689 3178 2759 3234 iis
2791 3177 3042 3248 aliquam
3075 3180 3610 3235 communicasset?

1967 3269 2170 3324 Nonne
2201 3269 2320 3324 fore
2369 3276 2429 3324 ut
2476 3268 2676 3324 omnia
2705 3276 3052 3324 conarentur
3079 3269 3356 3324 sumere?
3387 3269 3465 3324 Ne
3491 3269 3609 3324 ιιεεο

1968 3357 2290 3427 amplius,o
2313 3356 2473 3411 Plato
2498 3355 2510 3409 l
2545 3371 2744 3411 verum
2770 3359 2872 3412 aut
2903 3373 3017 3411 non
3041 3360 3204 3412 erant
3225 3357 3608 3412 Athenienses

1967 3444 2114 3501 tales
2146 3445 2349 3516 quales
2381 3444 2548 3514 dicis,
2579 3447 2676 3500 aut
2701 3443 2890 3514 quivis
2922 3444 3114 3514 potius
3148 3461 3326 3516 quam
3357 3445 3609 3501 Pericles

1967 3536 2092 3606 ejus
2139 3533 2222 3589 rei
2271 3550 2508 3589 causam
2561 3533 2822 3602 praebuit.
2857 3535 3336 3606 Quandoquidem
3378 3534 3478 3590 ille
3509 3550 3614 3592 nec

1967 3623 2108 3680 viles
2153 3622 2360 3678 edebat
2391 3623 2600 3687 Inetas,
2625 3638 2729 3678 nec
2777 3623 3072 3687 obscuras,
3107 3623 3195 3677 vel
3234 3624 3610 3690 adulterinas,

1968 3712 2056 3767 vel
2087 3710 2354 3780 obliquas
2384 3709 2635 3764 ducebat
2666 3709 2869 3764 lineas.

209 3809 270 3863 σὺ
301 3806 631 3880 κατῃτιάσω,
664 3801 700 3870 ἢ
753 3803 944 3862 πάντες
994 3797 1208 3873 μᾶλλον
1259 3799 1294 3868 ἢ
1345 3795 1620 3872 Περικλῆς
1671 3797 1862 3868 α’ίτιος,
1910 3797 2064 3873 ε’ίπερ
2113 3816 2176 3870 γε
2231 3797 2370 3869 μήτε
2413 3793 2636 3870 φαύλως
2675 3791 2880 3848 ἐδείκνυ
2929 3795 2996 3850 τὰ
3047 3793 3417 3868 παλαίσματα,
3474 3795 3611 3866 μήτε

205 3897 430 3974 ἀσαφεῖς
470 3913 614 3954 τινας
642 3893 678 3962 ἢ
705 3885 1011 3960 κιϐδήλους
1040 3889 1074 3958 ἢ
1109 3885 1330 3949 σκολιάς
1363 3891 1595 3961 παρεῖχε
1625 3887 1720 3948 τὰς
1753 3885 2036 3960 γραμμάς.

632 3983 726 4036 Ἐκ
769 3983 880 4035 τῶν
919 3979 1042 4053 περὶ
1084 3977 1334 4051 Κίμωνος
1366 3977 1433 4034 ⁴⁸.

281 4079 424 4150 [Ὅτι
455 4075 483 4128 ὁ
533 4065 1064 4150 ΚίμωνμΜιλτιάδου
1113 4067 1207 4150 μὲν
1242 4064 1350 4150 ἕῗυὶ
1379 4065 1607 4150 πατρὸς,
1659 4065 1862 4135 εὐήθης

281 4089 424 4150 [ὐτι
455 4089 483 4128 ο
535 4089 726 4146 Κίμων
761 4089 1064 4126 ΜιΛτιαοου
1109 4089 1207 4194 μεν
1242 4089 1338 4194 εξρ
1379 4089 1607 4140 πατρος,
1659 4089 1861 4135 ευηυης

210 4145 268 4202 δὲ
298 4147 364 4201 τὰ
419 4150 610 4217 πρῶτα
655 4141 818 4217 δόξας.
861 4140 1078 4217 ὕστερον
1134 4161 1182 4217 ν.Δ
1215 4159 1285 4217 πο
1332 4137 1452 4217 λοῖς
1493 4139 1861 4217 καίιστρατης

204 4224 315 4294 γῶν
374 4207 753 4294 εὐδοκίμησεν.
807 4207 1304 4294 Ἐξοστρεικισθεὶςς⁸
1340 4207 1398 4263 δὲ
1451 4207 1715 4278 κατῆλθε,
1767 4207 1859 4294 καί

206 4279 888 4376 ἀτρατηγήσαςὶένίκηὶσεν
913 4279 1008 4378 ξπν
1057 4279 1422 4378 Εὐρυεῖἑοδοντι
1479 4285 1742 4378 ξλοτακμῶΙ
1770 4279 1856 4334 καὶ

319 4363 332 4378 1
427 4363 454 4371 “'
848 4357 912 4378 [ἱνῖ
967 4375 1117 4378 ,-_-_.,.
1187 4359 1230 4378 ην
1314 4372 1426 4378 ._,_--
1575 4373 1631 4378 --
1679 4357 1856 4378 ΪῙ....-..

781 4357 794 4374 \

203 4349 342 4416 κατὰ
533 4357 622 4413 καὶ
668 4349 804 4412 κατά
847 4349 1142 4411 θάλαττανί
1187 4349 1428 4424 Τέθνηκε
1477 4349 1534 4407 δὲ
1573 4349 1636 4407 τὸ
1679 4349 1857 4407 Κίτιον

203 4441 276 4504 τῆ
289 4455 313 4494 ς
344 4429 566 4506 Κύπρου
605 4429 922 4499 πολιορκῶν

283 4517 632 4592 Ἐϐουλόμην
664 4519 709 4555 4⁸
749 4515 794 4572 δ’
827 4516 888 4572 ἂν
919 4517 1008 4570 καὶ
1050 4514 1186 4590 πρὸς
1241 4513 1412 4570 ἄλλον
1463 4513 1586 4568 τινά
1630 4532 1722 4586 μοι
1766 4513 1858 4567 τὸν

207 4615 394 4688 ἀγῶνα
443 4608 723 4685 τυγχάνειν
768 4603 895 4661 ὄντα
951 4605 1040 4660 καὶ
1103 4607 1177 4678 μή
1241 4605 1376 4674 πρὸς
1435 4601 1724 4674 Πλάτωνα,
1766 4601 1860 4658 καὶ

203 4701 329 4776 περὶ
363 4697 558 4755 τούτου
591 4695 740 4772 λέγω
770 4697 814 4732 ⁸⁷
857 4695 948 4750 καὶ
992 4695 1116 4769 περὶ
1157 4699 1264 4749 τῶν
1320 4689 1532 4762 ἄλλων,
1567 4689 1654 4745 ἵνα
1701 4694 1861 4746 πᾶσιν

208 4775 298 4852 οἷς
339 4790 493 4864 εἶχον
523 4787 789 4862 ἐχρώμην
833 4781 1294 4858 θαρῥούντως,καὶ
1331 4781 1407 4854 μὴ
1455 4775 1724 4835 συνέϐαινὲ
1768 4798 1863 4852 μοι

207 4879 594 4956 παραπλήσιον
647 4875 830 4948 ὥσπερ
860 4872 920 4928 ἂν
969 4873 1014 4928 εἶ
1063 4871 1269 4938 πλέων,
1319 4871 1410 4925 καὶ
1459 4871 1630 4945 παρὸν
1677 4868 1726 4942 ἐξ
1759 4868 1865 4922 ού-

209 4955 325 5046 ρίας
382 4966 726 5040 κομίζεσθαι,
758 4964 869 5018 εἶτα
930 4960 1162 5036 ὑφιὲμην
1193 4961 1241 4995 ⁴⁸
1300 4958 1405 5013 ὑπὸ
1457 4955 1662 5019 δειλίας
1693 4957 1762 5028 ⁴⁹,
1824 4955 1860 5024 ἢ

203 5059 298 5114 καὶ
324 5056 524 5119 ’ίπποις
553 5052 976 5130 ἀγωνιζόμενος,
1008 5049 1122 5121 ἐξὸν
1155 5050 1246 5104 καὶ
1291 5049 1432 5123 ταχὺ
1463 5047 1552 5101 καὶ
1602 5047 1862 5102 τοσοῦτον

205 5149 336 5204 ὅσον
399 5143 674 5220 βούλομαι
722 5145 1084 5218 παρενεγκεῖν,
1135 5139 1233 5193 εἶτ’
1283 5137 1501 5213 ἀνεῖχον
1551 5132 1862 5206 ἐξεπίτηδες

2433 3975 2514 4030 Ea:
2553 3974 2626 4030 iis
2653 3989 2780 4046 quae
2813 3973 2880 4030 de
2911 3975 3152 4032 Cimone.

2043 4063 2266 4135 [Cimon
2297 4067 2468 4119 natus
2500 4067 2664 4135 patre
2695 4061 2976 4135 Miltiade,
3009 4062 3282 4133 stupidus
3303 4063 3458 4118 visus
3489 4063 3611 4118 ini-

1969 4134 2072 4204 tio,
2107 4141 2306 4207 postea
2338 4135 2512 4207 rebus
2545 4134 2748 4207 multis
2779 4134 3004 4190 bellicis
3033 4136 3471 4207 commendatus
3501 4143 3608 4190 est.

1969 4206 2201 4278 Ejectus
2243 4206 2588 4279 ostracismo
2631 4206 3110 4279 rediit,_vicilque
3139 4209 3290 4279 apud
3323 4206 3609 4279 Euryme-

1971 4277 2225 4346 dontem,
2248 4278 2492 4334 ﬂuvium
2515 4282 2674 4350 terra
2695 4277 2976 4348 marique,
2993 4277 3382 4350 obsidensque
3399 4277 3608 4334 Citium

1970 4351 2137 4424 Cypri
2171 4350 2395 4421 urbem,
2427 4349 2745 4406 exstinctus
2775 4350 2908 4422 est.]

2041 4510 2260 4568 Vellem
2292 4514 2486 4567 autem
2511 4527 2647 4566 eum
2679 4510 2792 4566 alio
2825 4509 3179 4581 mihi,quam
3212 4525 3344 4566 cum
3379 4511 3616 4566 Platone

1971 4601 2302 4658 institutam
2329 4617 2457 4658 esse
2489 4601 2941 4669 contentionem,
2973 4603 3090 4656 tam
3125 4600 3196 4655 de
3217 4599 3325 4656 hoc
3347 4615 3519 4671 quam
3545 4599 3614 4654 de

1971 4690 2230 4762 reliquis,
2263 4695 2328 4745 ut
2371 4690 2671 4759 omnibus,
2718 4689 2932 4759 quibus
2972 4705 3202 4760 possem
3252 4687 3618 4761 argumenti

1972 4781 2244 4836 audacter
2275 4784 2486 4848 uterer,
2520 4795 2710 4850 neque
2741 4779 2910 4851 quasi
2943 4783 3158 4843 vector,
3192 4793 3324 4834 cum
3359 4775 3616 4833 secundo

1974 4869 2170 4924 liceret
2192 4873 2364 4924 vento
2390 4868 2548 4936 ferri,
2582 4885 2696 4941 prae
2727 4869 2938 4924 timore
2957 4866 3082 4923 vela
3112 4867 3571 4937 constringerem
3596 4881 3610 4920 :

1973 4963 2070 5014 aut
2084 4958 2249 5029 quasi
2263 4958 2519 5030 equestri
2541 4958 2898 5013 contendens
2917 4955 3254 5020 certamine,
3269 4971 3402 5010 cum
3419 4953 3620 5010 liceret

1972 5047 2273 5104 celerrime
2295 5045 2585 5118 progredi,
2610 5049 2816 5116 sponte
2839 5060 2932 5100 me
2957 5043 3306 5110 inhiberem,
3331 5057 3448 5112 quo
3479 5057 3620 5112 pras~

1975 5133 2203 5192 cedenti
2235 5148 2554 5205 parcerem.
2585 5133 2740 5190 Adeo
2771 5131 2958 5188 multo
2988 5129 3332 5202 diligentius
3353 5129 3620 5186 observo-

1555 5290 1789 5347 VARIE
1815 5287 2228 5345 LECTIONES.

281 5441 328 5478 ³³
359 5435 622 5510 δοκεῖς.
654 5509 675 5510 ﬂ
734 5428 1162 5510 ³⁴Αχρῆεθαιςι

210 5529 333 5572 om.
365 5513 436 5567 A.
512 5498 746 5562 ³⁸”τοῦτο
777 5498 864 5560 ᾹΪ
919 5504 988 5538 δν
1015 5498 1170 5554 τόῖι-
1199 5498 1545 5572 τηυξ-τῷ
1577 5501 1638 5572 Αἶ

213 5565 444 5642 avid—dt
550 5582 594 5616 ⁸³
628 5576 821 5636 αὐτοὺς
853 5593 964 5632 οω.
999 5579 1063 5631 Α.
1165 5571 1210 5609 ὀδ
1241 5565 1339 5624 οὒκ
1368 5565 1592 5695 ἔστιᾷρ,
1623 5568 1749 5622 246.

215 5658 266 5692 46
300 5650 640 5695 ὲϐηηὶνεηνλ
683 5668 736 5695 n.
769 5651 896 5695 9.51.
973 5645 1017 5679 ⁴⁷
1049 5659 1243 5695 nonne
1273 5639 1456 5695 λέγων
1586 5639 1607 5674 ⁸
1640 5637 1749 5695 ὑφιι

215 5639 642 5726 Ῑέέδουλόμηνῖ
681 5651 896 5726 p-25.1-
973 5645 1017 5679 ⁴⁷
1049 5659 1243 5726 ‘30.“?
1273 5639 1456 5717 λέγων

225 5713 534 5808 μεταφορᾶς
562 5713 996 5798 τῶν’χαλώντων
1023 5717 1091 5773 τὰ
1126 5713 1271 5769 ἱστία
1302 5713 1420 5787 mg.
1453 5713 1518 5768 Α.

1265 5425 1310 5510 ξω
1342 5423 1470 5510 ξίὼ]
1501 5441 1552 5509 ρ.
1591 5425 1716 5510 e39.

1593 5709 1641 5746 49

1821 5421 1868 5458 ³⁸
1908 5421 2138 5500 ἐφόλκια
2167 5421 2260 5474 νῦν
2287 5418 2353 5474 τὰ
2387 5419 2419 5474 ά
2467 5419 2758 5493 αρτήματα
2788 5417 2938 5494 λέγει
2971 5434 3088 5489 mg.
3121 5417 3190 5471 Α.

1716 5494 1762 5532 ³⁸
1801 5494 2004 5565 ἀγαθῆς
2037 5509 2151 5549 om.
2186 5496 2252 5550 A.
2329 5491 2380 5566 βο
2413 5440 2617 5566 [ἐκπίω
2648 5509 2765 5548 om.
2791 5499 2856 5566 Αἶ
2931 5487 3064 5566 ⁴¹
3093 5506 3190 5541 που

1801 5496 2004 5565 ἀγαθῆς
2037 5509 2151 5549 om.
2186 5496 2252 5550 A.
2329 5496 2380 5526 ⁴⁰
2413 5496 2617 5566 βελτίω
2648 5509 2765 5548 om.
2791 5499 2854 5547 Α.
2931 5496 2972 5526 ⁴ι
3003 5496 3064 5544 ἄν
3093 5506 3200 5541 που
3229 5502 3346 5543 om.
3379 5496 3444 5544 A.
3485 5496 3532 5524 "
3562 5496 3619 5544 δὲ

1854 5568 1900 5649 πῖ
1927 5567 2048 5649 Ἐκ,
2075 5567 2182 5618 τῶν
2212 5563 2346 5649 ’περὶ
2392 5563 2508 5649 Κλ.
2538 5565 2808 5649 περικλῆς
2838 5561 2916 5649 ἐνὶ
2948 5557 3236 5649 τῶνιπερξ
3290 5561 3414 5649 τοῦ1
3452 5579 3505 5616 κ.
3524 5567 3619 5649 ,A‘.

1586 5635 2170 5788 ἒθὺἔιέὶμην]ἕφιὲμην
2201 5627 2317 5690 ἀντὶ
2359 5627 2802 5710 τοῦᾞπείχόμήν
2828 5633 2918 5690 καὶ
2959 5627 3191 5706 ὑπεῖχον
3218 5627 3477 5704 ἐμαυτὸν,
3511 5630 3620 5687 ἀπὸ

1704 5729 1746 5764 ει
1796 5729 1873 5766 ιαν
1977 5753 1989 5768 .

3313 5413 3360 5450 ³⁷
3389 5413 3616 5471 ἑκάστου

2931 5492 2972 5526 ⁴ι
3003 5485 3064 5544 ἄν
3093 5506 3200 5541 που
3229 5502 3346 5543 om.
3379 5490 3444 5544 A.
3485 5489 3532 5524 "
3562 5485 3620 5544 δὲ
