4032 6226
163 335 326 398 1541

170 490 276 526 νου
335 465 586 538 κλήσεως
649 463 738 518 καὶ
795 461 1196 538 παρακλήσεως
1247 457 1398 515 οὐδὲν
1453 459 1560 514 ἐσθ’

163 559 322 628 πλὴν
350 561 448 626 τῆς
480 555 676 630 ἀρετῆς
721 551 1014 620 αἷτιᾶσθαι,
1065 549 1134 604 δι’
1165 549 1229 619 ἣν
1271 549 1363 606 καὶ
1402 550 1609 604 ἀπόντα
1638 547 1814 624 ᾐσχύ-

155 668 294 702 νοτο
342 650 430 702 καί
487 649 732 720 παρεῖναι
781 644 826 679 ³⁸
875 639 1180 698 λυσιτελεῖν
1240 641 1428 700 αὐτοῖς
1489 633 1816 712 ὑπελάμϐα-

156 757 281 806 νον,
341 736 430 789 καὶ
489 735 552 788 τὸ
615 732 890 808 μέγιστον,
944 736 1092 808 σφῶν
1153 731 1330 784 αὐτῶν
1397 729 1818 802 καταγινώσκειν

165 823 388 902 μᾶλλον
429 822 672 894 ἡξίουνῆ
706 821 929 879 ἐκείνου.
962 823 1123 875 Ὥστε
1155 819 1198 874 εἰ
1245 819 1337 892 μὲν
1367 818 1530 874 αὐτόν
1563 817 1644 892 ἐφ’
1695 819 1824 872 ἑαυ-

165 919 272 971 τοῦ
319 911 402 968 δεῖ
449 917 696 982 σκοπεῖν,
736 912 788 968 τί
847 909 930 966 δεῖ
977 909 1176 983 λέγειν,
1220 907 1273 962 εἷ¹
1297 929 1378 969 τις
1409 907 1484 969 εἰς
1515 905 1715 962 ἐκεῖνον
1749 905 1827 976 ἐξ·

167 1007 420 1079 ἥμαρτεν
453 1024 468 1074 ;
501 1003 546 1058 εἷ
579 1000 637 1057 δὲ
666 1001 770 1056 ἀπὸ
807 1005 916 1056 τῶν
958 997 1144 1055 ἄλλῶν
1187 997 1348 1053 αὐτὸν
1398 994 1480 1051 δεῖ
1529 998 1824 1072 θεωρῆσαι,

173 1090 548 1172 διαρερόντως
581 1091 738 1153 οὗτος
779 1092 820 1126 ⁸⁸⁸
850 1087 1100 1162 τιμηθεὶς
1131 1087 1395 1164 φαίνεται.
1449 1083 1624 1142 Ἀλλὰ
1653 1087 1696 1121 ⁸⁸
1746 1087 1823 1160 μή

175 1203 271 1238 πω
295 1187 483 1238 ταῦτα·
517 1179 708 1236 αὐτίκα
737 1181 840 1256 γάρ
877 1175 1090 1252 μᾶλλον
1115 1175 1252 1240 *ίσως
1285 1177 1537 1250 ἁρμόσει.

295 1273 518 1348 [ἹΙγουν
555 1270 609 1325 ἐν
639 1275 707 1344 τῇ
739 1275 896 1337 κοινῆ
929 1266 1246 1343 ἀπολογίᾳ]

256 1363 384 1435 [693
553 1362 708 1436 Ὑπὲρ
749 1354 1058 1414 Μιλτιάδου
1090 1357 1158 1413 69.
1190 1389 1258 1400 --
1281 1356 1350 1411 Τὸ
1382 1355 1705 1430 Προοίμιον.

256 1453 513 1524 Περιήκει
544 1453 590 1488 ⁷ο
620 1447 664 1504 δ’
704 1452 842 1522 ἡμῖν
874 1449 901 1504 6
943 1446 1112 1524 λόγος
1145 1445 1220 1508 εἷς
1259 1447 1420 1501 αὐτὸν
1453 1447 1546 1502 τὸν
1583 1443 1824 1501 Μιλτιά-

179 1539 308 1612 δην,
341 1542 399 1596 ’ὸν
435 1539 538 1616 ἐγὼ
573 1537 786 1613 μᾶλλον
837 1537 1206 1613 αἰσχυνοίμην
1253 1535 1485 1592 ἐπαινῶν
1537 1533 1572 1604 ἢ
1621 1533 1820 1611 ψέγωνο

179 1630 328 1686 οὕτω
363 1649 459 1702 μοι
485 1626 630 1683 δοκῶ
661 1626 834 1683 πάντα
863 1626 922 1680 ἂν
955 1624 1181 1682 ἔλαττον
1213 1623 1382 1679 εἰπεῖν
1428 1626 1465 1695 ἢ
1521 1624 1824 1698 βούλομαι.

177 1715 496 1788 Μιλτιάδης
523 1719 564 1754 ἠ
598 1713 654 1770 δὲ
692 1715 860 1770 πάλαι
892 1716 1050 1786 [1281
1102 1715 1200 1786 BH]
1249 1714 1522 1776 πεπεικὼς
1560 1714 1626 1782 ἦν
1661 1714 1829 1785 Ἀθη-

177 1807 368 1870 ναίους
418 1802 622 1880 μηδένα
665 1802 932 1875 δεσπότην
981 1801 1130 1873 πλὴν
1174 1807 1282 1858 τῶν
1333 1803 1518 1877 νόμων
1549 1805 1822 1880 ἡγεῖσθαι,

186 1894 332 1972 μηδὲ
360 1899 454 1950 τοτῑ
483 1895 656 1950 καλοῦ
685 1893 776 1948 καὶ
809 1891 1018 1948 δικαίου
1072 1890 1275 1966 μηδένα
1321 1892 1550 1966 κρείττω
1598 1895 1822 1968 νομίσαι

181 1979 378 2064 φόϐον,
429 1980 560 2057 μηδ’
607 1981 778 2043 οὕτως
834 1979 1074 2055 ἀνάγκην
1125 1978 1354 2056 ῗσχυράν
1407 1977 1478 2033 δι’
1529 1978 1595 2049 ἢν
1654 1999 1828 2054 προσ-

181 2077 340 2144 ήκειν
395 2072 444 2108 ’⁷⁵
501 2067 744 2149 γενέσθαι
803 2071 1037 2146 χείροσι.
1107 2069 1206 2124 Διά
1259 2068 1427 2124 ταῦτα
1485 2069 1630 2145 εἶχεν
1689 2069 1721 2125 6'
1778 2092 1828 2126 τι

185 2169 378 2239 χρῷτο
435 2163 640 2224 αὐτοῖς.
682 2160 840 2217 Ἀλλ’
896 2158 1078 2236 ὥσπερ
1137 2159 1188 2214 οἱ
1246 2159 1481 2236 γεωργοὶ
1530 2159 1830 2235 πολλοστῷ

192 2253 326 2328 μηνὶ
380 2257 488 2309 τῶν
547 2252 872 2328 σπερμάτων
929 2252 1028 2320 τὴν
1089 2249 1410 2326 ἐπικαρπίαν
1486 2250 1832 2324 κομίζονται,

187 2342 282 2398 καὶ
341 2341 453 2421 οὐχ
510 2342 623 2416 ἅμα
675 2345 756 2412 τῷ
806 2335 1154 2408 καταϐαλεῖν,
1215 2339 1358 2394 οὕτω
1423 2339 1513 2394 καὶ
1596 2339 1833 2402 ἐκείνους

192 2429 506 2502 Μιλτιάδης
537 2429 800 2493 παλαιαῖς
830 2427 1157 2503 ὁμολογίαις
1187 2427 1536 2506 κατειληφὼς
1586 2431 1729 2504 εἶχεν
1780 2429 1832 2486 ἒν

193 2525 372 2598 καιρῷ
420 2521 762 2596 χρησίμους,
805 2516 903 2574 οὒκ
950 2517 1038 2573 ἐπὶ
1085 2525 1188 2588 τῆς
1235 2516 1424 2594 χρείας
1455 2514 1836 2593 λαμϐάνοντας

189 2611 258 2670 τά
318 2614 620 2686 μαθήματα
677 2609 945 2684 (αἰσχρῶς
993 2611 1040 2646 ⁷³
1085 2615 1184 2684 γ’ἆρ
1223 2608 1284 2664 ἂν
1341 2611 1484 2664 οὸτω
1550 2632 1613 2686 γε
1665 2612 1838 2687 χορὸς

202 2699 524 2772 ἠγωνίσατο
567 2695 715 2768 αὖτῷ
764 2698 851 2769 Ἠ’),
893 2692 1021 2750 αλλ’
1069 2694 1156 2748 ἐπὶ
1205 2701 1304 2764 τῆς
1349 2693 1587 2764 ἔξουσίας
1639 2697 1714 2758 εἷς
1744 2699 1843 2766 τήν

203 2787 398 2862 χρείαν
457 2784 822 2857 ἠσκημένους.
881 2780 1010 2838 σίου
1049 2784 1094 2820 ⁷⁵
1149 2783 1330 2838 τοίνυν
1389 2784 1480 2838 καὶ
1539 2783 1844 2840 Μιλτιάδου

205 2879 551 2949 προεστῶτος
601 2873 728 2935 τοὺς
789 2873 882 2946 μὲν
961 2873 1034 2933 ὡς
1117 2871 1370 2928 πλεῖστον
1451 2881 1551 2942 τῆς
1642 2872 1847 2929 ἐκείνου

207 2962 492 3036 δυνάμεως
561 2959 886 3031 ἀπολαῦσαι,
947 2961 1074 3024 τοὺς
1134 2961 1190 3015 δὲ
1279 2963 1504 3035 μὲσως·
1588 2963 1683 3016 κάν
1767 2967 1847 3036 τῷ

211 3053 364 3125 μέσῳ
421 3053 484 3106 τὸ
541 3049 824 3124 παραλλὰξ
875 3049 940 3104 αὖ
983 3051 1140 3106 τίθει.
1203 3048 1422 3106 Γὲνοιτσ
1470 3047 1516 3106 δ’
1569 3049 1628 3105 ὀὶν
1681 3072 1764 3113 τις
1795 3051 1848 3106 ἐν

207 3141 410 3212 πλήθει
467 3141 555 3195 καὶ
613 3140 738 3212 περὶ
796 3139 909 3194 ὦτα
964 3139 1341 3214 ἀτυχέντεροςο
1405 3139 1466 3194 οὗ
1523 3161 1608 3195 τοι
1653 3141 1850 3203 πάντας

210 3229 324 3286 οὐδ’
366 3231 394 3284 6
444 3227 606 3299 ἥλιος
657 3229 776 3291 οἶός
823 3230 882 3284 τέ
925 3227 1037 3284 ἐστι
1088 3229 1418 3305 θερμαίνειν,
1470 3227 1596 3285 ἀλλ’
1628 3228 1738 3301 ἤδη
1769 3252 1852 3293 τις

211 3318 265 3376 ἓν
331 3320 546 3394 καθαρῷ
601 3323 702 3387 τῆς
773 3313 1117 3391 μεσημϐρίας
1171 3317 1458 3395 ἐρῥίγωσε,
1531 3327 1632 3388 τῆς
1697 3340 1855 3376 κατα-

211 3404 386 3476 ϐολῆς
447 3405 805 3477 ἐπελθούσης.
875 3405 1029 3462 Ἀλλ’
1089 3407 1292 3470 ἐκεῖνος
1321 3408 1370 3444 ’⁷⁸
1419 3409 1446 3462 6
1504 3409 1694 3484 καιρὸς
1751 3407 1853 3464 ὥσ-

212 3518 310 3572 περ
375 3497 544 3571 κῆρυξ
605 3494 788 3552 ἐκάλει
835 3501 944 3550 τῶν
983 3493 1264 3567 Ἑλλήνων
1325 3498 1416 3554 τὸν
1467 3495 1848 3572 ἀνδρειότατον

211 3587 304 3642 καὶ
351 3587 444 3640 τὸν
496 3587 554 3640 ἐκ
583 3583 842 3640 πλείστου
889 3590 1006 3646 τοῖς
1063 3585 1304 3660 ἀρίστοις
1361 3584 1654 3660 λογισμοῖς
1715 3587 1854 3660 ὡμι-

213 3673 443 3746 ληκότα,
475 3674 562 3730 καὶ
591 3673 738 3737 ὅστις
771 3672 914 3729 οἶδεν
958 3674 1106 3736 ὅπως
1149 3671 1232 3728 δεῖ
1278 3677 1467 3744 σώζειν
1518 3697 1576 3730 τε
1625 3676 1712 3730 καὶ
1745 3677 1856 3730 σώ-

493 3763 658 3800 ’Μϊτ
769 3763 1185 3800 ”-’τε’·
1388 3762 1412 3800 ,ν
1576 3762 1767 3798 θ’.

217 3765 412 3834 ζεσθαι.
449 3771 508 3819 Ει
541 3783 568 3819 o
691 3765 764 3818 ἀπ
823 3784 995 3818 αυτων
1118 3785 1226 3818 των
1275 3783 1528 3836 κηρδκων
1566 3764 1853 3838 αρξαμινοι

215 3855 434 3926 καὶτῆς
477 3853 812 3928 ἀποκρίσεως
859 3855 1232 3930 προηγόρευον
1287 3853 1590 3924 Ἀθηναίοις
1647 3853 1728 3908 ὅτι
1775 3851 1858 3909 δεῖ

219 3943 443 4020 μελετᾷν
505 3945 596 4000 τὸν
664 3945 796 4018 ὑπὲρ
851 3950 950 4014 τῆς
1004 3948 1114 3999 τῶν
1181 3942 1467 4014 Ἑλλήνων
1549 3942 1856 4017 ἐλευθερίας

217 4034 396 4110 ἀγῶνα
443 4035 530 4088 καὶ
586 4034 662 4105 μὴ
712 4030 892 4087 λιπεῖν
941 4033 1040 4100 τήν
1087 4035 1184 4087 τοῦ
1216 4033 1568 4106 φρονήματος
1592 4031 1742 4105 τάξιν
1765 4031 1856 4087 καὶ

217 4123 278 4178 οὗ
309 4123 376 4179 τὰ
405 4123 454 4158 79
502 4119 646 4177 ὅπλα
695 4121 954 4198 ῥίψαντας
1007 4117 1134 4176 οὐδὲ
1172 4126 1289 4183 νοῖς
1339 4117 1536 4198 φόϐοις
1587 4118 1853 4194 ε’ίξαντας,

217 4211 340 4268 ἀλλ’
371 4207 736 4273 ἀναλαϐόντας
767 4212 834 4266 τὲι
863 4210 1009 4266 ὅπλα
1052 4211 1143 4266 καὶ
1189 4215 1298 4266 τῶν
1344 4205 1528 4289 φόϐων
1579 4211 1856 4287 κρείττους

213 4300 560 4376 γενομένους,
617 4298 830 4373 μᾶλλον
883 4298 942 4354 δὲ
991 4297 1084 4355 ἕνα
1129 4304 1319 4356 τοῦτον
1366 4295 1532 4379 φόϐον
1567 4301 1654 4355 καὶ
1685 4298 1856 4356 δεινὸν

1229 327 1775 390 BIBLIOTHECA.
1829 358 1906 372 —-
1946 325 2126 390 COD.
2169 326 2528 389 CCXLVIII.

3423 339 3580 400 1542

1642 455 1824 534 ἕτερον
1853 466 1909 532 Α
1937 465 2076 518 sunt
2097 460 2342 532 reveriti,
2375 466 2456 526 et,
2489 465 2554 518 ut
2579 463 2826 534 adesset,
2849 481 2880 521 e
2912 481 2970 524 re
2991 484 3100 524 sua
3129 469 3250 532 [ore
3271 471 3574 529 existima-

1934 549 2368 620 runt,quodque
2381 553 2470 606 est
2485 550 2750 607 omnium
2777 553 3115 624 maximum,
3135 558 3358 630 seipsos
3379 562 3574 632 potius

1925 657 2099 712 quam
2131 640 2298 696 illum
2321 641 2713 699 condemnare
2739 642 3094 702 maluerunt.
3119 648 3302 711 Quare
3324 651 3446 708 sive
3471 669 3576 724 per

1934 746 1995 786 se
2025 731 2106 786 vir
2136 734 2224 786 est
2244 733 2728 802 considerandus,
2761 750 2886 803 cur,
2917 735 2967 791 si
2999 737 3136 806 quid
3171 739 3228 792 in
3279 753 3412 794 eum
3444 743 3576 810 quis

1934 819 2212 890 peccavit,
2253 823 2672 878 recensemus?
2717 823 2840 880 sive
2885 841 2954 880 ex
3002 825 3159 894 aliis,
3192 827 3480 883 maximos
3517 829 3578 885 in

1934 925 2066 967 eum
2097 911 2348 968 honores
2382 913 2622 970 collatos
2651 913 2936 972 videmus.
2970 917 3081 972 Sed
3115 917 3372 974 nondum
3405 918 3526 974 haec
3563 937 3576 988 ;

1935 1015 2068 1055 mox
2099 999 2256 1056 enim
2290 1001 2476 1073 magis
2505 1006 2676 1059 erunt
2707 1003 2855 1062 forte
2886 1021 3163 1078 congrua.

2005 1267 2262 1338 [Scilicet
2289 1270 2350 1327 in
2381 1272 2679 1328 communi
2709 1273 3092 1346 defensione]

2325 1359 2400 1416 De
2420 1361 2690 1418 Miltiade.
2721 1395 2794 1404 —-
2821 1365 3174 1420 Prommium.

2004 1448 2163 1504 Nunc
2185 1452 2380 1505 autem
2405 1449 2478 1506 ad
2493 1450 2811 1508 Miltiadem
2835 1454 3001 1510 nobis
3019 1453 3389 1524 reditoratio,
3407 1471 3580 1528 quem

1935 1553 2042 1611 ego
2081 1538 2320 1596 laudare
2351 1540 2542 1611 potius
2587 1543 2864 1600 erubesco
2898 1561 3071 1615 quam
3107 1545 3527 1618 reprehendere
3560 1563 3574 1602 :

1933 1625 2014 1684 ita
2025 1627 2223 1685 videor
2238 1630 2433 1686 omnia
2451 1631 2680 1688 minora
2693 1648 2870 1704 quam
2888 1633 3132 1706 cupians
3153 1635 3416 1692 dicturus
3430 1651 3578 1692 esse.

1937 1715 2225 1774 Miltiades
2255 1721 2448 1776 autem
2485 1720 2842 1792 jampridem
2875 1723 3150 1779 docuerat
3195 1725 3582 1780 Athenienses

1939 1805 2166 1863 nullum
2201 1811 2406 1878 praeter
2433 1808 2592 1881 leges
2615 1825 2927 1882 agnoscere
2958 1812 3582 1885 dominum,necjusto

1935 1899 1994 1951 et
2025 1895 2246 1967 injusto
2273 1898 2558 1968 potiorem
2591 1898 2806 1956 habere
2836 1917 3192 1974 quamquam
3215 1907 3458 1971 metum,
3479 1918 3588 1958 nec

1937 1989 2056 2041 tam
2083 1985 2364 2043 valentem
2393 1987 2797 2046 necessitatem
2819 1995 3050 2062 propter
3073 2007 3248 2062 quam
3273 1992 3588 2048 deteriores

1939 2074 2164 2133 ﬁerent.
2195 2077 2304 2132 Per
2318 2077 2546 2147 justum
2563 2094 2696 2135 vero
2715 2083 2770 2136 et
2793 2079 3078 2151 injustum
3103 2081 3220 2140 illis
3243 2080 3326 2137 uti
3349 2085 3588 2152 poterat.

1939 2165 2052 2222 Sed
2067 2167 2564 2238 quemadmodum
2581 2169 2846 2240 agricolae
2869 2169 3089 2242 aliquot
3107 2175 3236 2242 post
3259 2172 3586 2238 mensibus,

1944 2271 2057 2312 non
2090 2272 2225 2312 mox
2253 2261 2386 2328 post
2415 2261 2759 2326 sementem,
2794 2275 3044 2317 messem
3069 2259 3313 2330 faciunt,
3336 2265 3393 2317 et
3413 2259 3592 2317 simul

1945 2345 2140 2402 omnia
2171 2363 2286 2402 non
2319 2345 2562 2414 faciunt,
2597 2347 2678 2404 ita
2709 2347 3003 2406 Miltiades
3035 2349 3136 2405 illo
3171 2367 3405 2422 quoque
3437 2350 3590 2406 anti-

1947 2435 2083 2506 quis
2115 2435 2302 2506 pactis
2339 2452 2478 2492 suos
2515 2453 2644 2492 cum
2684 2437 2936 2508 fecisset,
2969 2437 3223 2493 habebat
3253 2440 3312 2492 in
3337 2441 3598 2507 tempore

1949 2527 2202 2594 paratos,
2236 2523 2334 2593 qui
2364 2541 2480 2578 non
2535 2524 2594 2578 in
2626 2526 2974 2580 necessitate
3005 2541 3238 2594 operam
3273 2523 3600 2595 disciplinis

1951 2613 2154 2667 darent
2186 2611 2458 2682 (turpiter
2491 2610 2646 2666 enim
2679 2610 2772 2666 hic
2805 2629 2867 2667 se
2897 2613 3176 2682 gessisset
3207 2611 3464 2679 chorus),
3499 2612 3599 2668 sed

1954 2718 2054 2773 per
2084 2701 2268 2757 otium
2301 2717 2363 2756 se
2411 2699 2486 2756 ad
2517 2701 2922 2757 necessitatem
2955 2705 3415 2773 comparassent.
3450 2701 3600 2766 Qua-

1955 2793 2189 2863 propter
2219 2789 2397 2845 etiam
2419 2789 2528 2846 sub
2551 2789 2810 2846 Miltiade
2843 2807 2990 2863 pone
3019 2789 3163 2846 alios
3187 2790 3505 2862 plurimum
3534 2807 3603 2847 ex

1957 2879 2120 2935 illius
2151 2878 2422 2936 facultate
2455 2877 2803 2950 percepisse,
2837 2879 2980 2936 alios
3015 2879 3405 2948 mediocriter,
3425 2884 3602 2951 atque

1959 2969 2018 3024 in
2051 2968 2160 3023 hoc
2189 2967 2655 3024 vicissitudinem
2705 2967 2926 3024 colloca
2957 2983 2971 3022 :
3026 2984 3162 3023 nam
3195 2973 3252 3022 et
3289 2969 3348 3022 in
3389 2969 3602 3040 populo

1964 3056 2258 3129 quispiam
2309 3073 2479 3112 aures
2535 3056 2712 3112 habet
2742 3057 3057 3114 surdiores.
3093 3056 3284 3120 Quid?
3313 3059 3464 3128 quod
3499 3073 3606 3113 nec

1967 3145 2054 3202 sol
2087 3145 2322 3218 quidem
2352 3162 2556 3202 omnes
2589 3150 2776 3218 potest
2805 3145 3137 3214 calefacere,
3169 3149 3345 3219 atque
3392 3145 3606 3218 aliquis

1967 3235 2210 3293 meridie
2240 3249 2436 3292 serena
2481 3234 2590 3290 sub
2623 3236 3020 3292 accessionem
3063 3235 3239 3292 febris
3289 3233 3607 3308 aliquando

1963 3325 2161 3398 riguit.
2193 3324 2406 3381 Verum
2442 3324 2563 3380 haec
2596 3341 2686 3380 res
2727 3324 2918 3382 instar
2947 3327 3228 3397 praeconis
3259 3323 3608 3383 fortissimos

1963 3432 2224 3488 quosque
2249 3415 2582 3472 Graecorum
2603 3415 2902 3488 evocabat,
2927 3423 2981 3472 et
3003 3417 3100 3489 qui
3127 3416 3352 3473 dudum
3371 3416 3610 3490 optimis

1962 3505 2221 3562 consiliis
2262 3509 2398 3561 ante
2443 3505 2636 3562 427a
2663 3505 3002 3573 valuissent,
3037 3523 3101 3562 ac
3151 3508 3439 3578 quomodo
3479 3523 3609 3562 ser—

1961 3611 2092 3650 vare
2115 3595 2452 3665 servarique
2483 3593 2781 3663 deberent,
2805 3595 3041 3650 scirent.
3068 3596 3168 3650 Sin
3201 3597 3272 3651 ab
3303 3596 3446 3666 ipsis
3473 3612 3609 3665 pre-

1963 3683 2208 3740 conibus
2251 3699 2316 3737 ac
2347 3699 2629 3754 responso
2661 3683 2846 3738 exorsi
2879 3684 3264 3754 injunxerunt
3292 3684 3609 3739 Athenien-

1965 3772 2130 3826 sibus
2163 3775 2226 3824 ut
2257 3778 2550 3825 certamen
2579 3785 2680 3841 pro
2705 3771 3038 3827 Graecorum
3070 3771 3341 3828 libertate
3373 3773 3608 3829 medita-

1966 3863 2302 3927 rentur,nec
2323 3857 2569 3928 gloriam
2593 3875 2763 3915 suam
2781 3859 3347 3932 projicerent,neque
3369 3860 3609 3932 abjectis

1967 3948 2148 4005 armis
2169 3947 2351 4003 metui
2383 3947 2676 4018 cederent,
2701 3963 2902 4004 verum
2935 3947 3007 4004 iis
3039 3951 3354 4021 resumptis
3385 3955 3608 4008 metum

1965 4037 2301 4108 abjicerent,
2335 4043 2501 4107 atque
2532 4035 2640 4092 hoc
2671 4037 2862 4109 potius
2893 4037 3231 4111 gravissime
3265 4044 3608 4112 metuerent,

1967 4143 2039 4182 ne
2069 4125 2457 4182 deterioribus
2481 4141 2584 4182 nec
2609 4125 2772 4182 avitae
2803 4127 3066 4200 dignitati
3090 4129 3390 4196 cederent;
3425 4128 3472 4183 si
3500 4129 3611 4186 hoc

1968 4231 2066 4272 eos
2089 4215 2260 4271 modo
2293 4215 2364 4271 ad
2399 4230 2712 4272 commune
2733 4217 2806 4272 de
2837 4233 3072 4272 summa
3093 4233 3288 4273 rerum
3313 4222 3610 4275 certamen

1967 4319 2269 4362 occurrere
2297 4303 2627 4374 voluerunt,
2661 4309 2718 4362 et
2749 4313 3018 4362 eventum
3049 4311 3405 4380 exspectare,
3439 4307 3608 4379 quasi

214 4391 302 4445 καὶ
355 4389 633 4466 ἀφόρητον
687 4389 1036 4463 νομίσαντας,
1103 4391 1232 4460 εἶξαι
1303 4395 1418 4452 τοῖς
1483 4389 1698 4470 χείροσι
1767 4412 1832 4446 κα

1967 4394 2028 4450 in
2060 4397 2366 4465 utramque
2399 4397 2620 4466 partem
2654 4394 2852 4451 felices
2881 4411 3045 4468 aeque
3067 4399 3264 4453 essent
3286 4395 3610 4464 futuri,non

215 4485 618 4554 παραχωρῆσαι
668 4484 766 4535 τοῦ
817 4477 1047 4555 πατρίου
1102 4481 1416 4554 σχήματος,
1463 4479 1508 4533 εἰ
1555 4483 1721 4534 ταῦτα
1761 4479 1858 4535 λέ-

215 4589 406 4645 γοντας
453 4565 542 4625 καί
593 4569 736 4625 οὕτω
793 4567 1326 4644 παρεσκευασμένους
1383 4567 1566 4638 ἠξίουν
1623 4568 1856 4640 ἀπαντᾷν

217 4656 304 4714 ἰπὶ
344 4659 442 4728 τήν
474 4658 648 4734 κρίσιν
681 4659 777 4728 τὴν
809 4657 934 4732 περὶ
963 4663 1072 4714 τῶν
1103 4657 1250 4714 ’ὀλων
1291 4656 1380 4712 καὶ
1422 4655 1675 4732 δέχεσθαι
1703 4659 1751 4694 ⁸ο
1795 4658 1858 4714 τὸ

221 4745 588 4820 ἱκῦησόμενον
621 4749 694 4810 ὡς
741 4747 824 4804 ἐπ’
869 4746 1148 4823 ἀμφότερα
1191 4747 1400 4820 ὁμοίως
1447 4745 1856 4821 κερδανοῦντας,

222 4839 324 4913 οὺχ
368 4839 482 4914 ὁρῶ
527 4839 648 4894 τίνα
696 4839 842 4894 ταῦτ’
885 4833 1000 4912 ἔχει
1061 4835 1336 4892 διακονίαν
1387 4836 1606 4912 ἀγεννῆ,
1653 4837 1688 4907 ἢ
1743 4841 1860 4901 πῶς

219 4921 360 4984 ἔοικε
403 4932 520 4990 τοῖς
567 4932 666 4983 τοῦ
709 4923 1046 5002 κυϐερνήτου
1098 4924 1412 5004 λογισμοῖς.
1459 4931 1611 4999 Ὁρᾷς
1649 4927 1696 4966 δι
1750 4926 1860 5000 ὅσῳ

217 5019 308 5073 τὸν
347 5011 688 5092 κυϐερνήτην
737 5016 1105 5093 παρελήλυθε’
1158 5017 1254 5072 Καὶ
1313 5015 1416 5091 γὰρ
1471 5037 1556 5070 τοι
1609 5015 1728 5070 ὅσοι
1764 5017 1858 5088 μὲν

219 5111 364 5165 τοῦτ’
391 5109 711 5180 ἐπείσθησαν
745 5109 917 5181 αὐτῷ,
967 5107 1155 5183 σεμνοὶ
1201 5112 1414 5180 σεμνῶς
1463 5111 1690 5176 κεῖνται,
1721 5105 1862 5162 κάλ-

223 5199 380 5256 λιστα
407 5197 474 5271 δὴ
507 5199 722 5257 πάντων
769 5196 1050 5271 Ἑλλήνων
1087 5197 1482 5260 καταλύσαντες
1528 5197 1620 5252 τὸν
1665 5196 1858 5270 αἰῶνα,

1967 4483 2132 4538 video
2178 4482 2316 4554 quid
2367 4482 2425 4537 in
2466 4482 2574 4538 hac
2639 4498 2700 4538 re
2751 4484 2924 4540 fuerit
2968 4483 3102 4540 vilis
3153 4485 3485 4554 ministerii,
3509 4489 3612 4540 aut

1967 4571 2256 4643 quomodo
2309 4571 2432 4626 hac
2461 4571 2868 4643 gubernatoris
2913 4573 3032 4628 sint
3071 4575 3314 4630 consilio
3344 4573 3610 4630 similia?

1968 4660 2324 4730 Videsigitur
2336 4664 2554 4733 quanto
2568 4665 2804 4734 superet
2817 4661 3266 4735 gubernatorem
3283 4661 3604 4720 intervallo.

1969 4751 2156 4821 Atque
2182 4749 2220 4806 ii
2254 4750 2493 4822 quidem
2526 4755 2807 4822 quotquot
2837 4751 2972 4807 huic
3001 4757 3343 4824 paruerunt,
3378 4769 3609 4826 magna-

1969 4839 2112 4894 nimi
2138 4839 2448 4910 magniﬂce
2477 4839 2678 4896 mortui
2709 4844 2866 4910 sunt,
2901 4845 2958 4896 et
2989 4841 3248 4897 omnium
3279 4843 3606 4898 Graecorum

1970 4927 2478 5000 praaclarissimam
2531 4937 2775 4984 mortem
2807 4930 3099 5000 obierunt,
3131 4929 3463 5002 sepulcrum
3503 4947 3608 5004 pro

1967 5017 2200 5074 virtutis
2233 5025 2600 5074 monumento
2646 5019 2978 5091 consecuti;
3022 5023 3080 5075 et
3122 5035 3256 5075 cum
3304 5021 3416 5076 sub
3458 5023 3610 5078 terra

1962 5107 2212 5178 jaceant,
2243 5106 2434 5178 ipsam
2485 5112 2826 5164 conservant
2868 5112 3109 5178 terram,
3137 5123 3243 5165 nec
3273 5109 3346 5165 ab
3391 5124 3460 5165 ea
3488 5126 3608 5167 ser-

1968 5201 2200 5268 vantur,
2220 5197 2290 5253 ad
2316 5196 2551 5254 Hesiodi
2583 5195 3036 5270 appellationem
3059 5198 3316 5272 proxime
3338 5199 3610 5258 acceden-

1587 5343 1823 5400 VARI/E
1865 5303 2272 5400 LECTIONES.

289 5475 338 5549 βξ
363 5471 636 5549 παρεῖναι]
665 5469 904 5549 παρόντα
933 5485 1100 5549 eorr._
1341 5465 1606 5549 oiirtoqé.

225 5545 420 5618 τιάεης
445 5543 516 5602 Ἀ.
664 5543 948 5618 seper.st

225 5639 281 5694 p.
312 5621 437 5694 274.

227 5685 408 5766 ξασθαι
601 5689 644 5726 ⁸⁸
680 5685 832 5761 δρᾷς]
865 5701 920 5758 ρι
951 5687 986 5740 2

1685 5469 1730 5504 68
1761 5465 1938 5546 Ἀλλὰ
1975 5471 2032 5546 et
2062 5483 2196 5522 mox
2234 5463 2652 5546 durolgyiclom.
2685 5471 2758 5546 Αἑ
2826 5466 3053 5546 6:61:63
3101 5463 3429 5546 Μιλτιάδου]
3477 5472 3612 5546 μιλ-

989 5559 1045 5613 ρ·
1077 5543 1202 5628 26$:-
1263 5537 1769 5628 τὶηλιιλεεηάδτ-ςρηρο
1802 5541 1956 5628 εῑρο.
1987 5537 2033 5628 τὲ
2063 5539 2335 5628 “eosic:
2365 5537 2446 5628 ςι
2481 5538 2528 5574 ⁷³
2557 5539 2800 5628 armis
2849 5539 2900 5628 3‘
2919 5537 3065 5628 αὲτέῑ»
3097 5559 3212 5628 σοι·
3235 5546 3354 5628 .A-_
3375 5537 3427 5581 ’τί
3452 5537 3612 5628 εῖν.-

515 5617 560 5654 ¹²⁶
747 5609 1060 5740 ἐκξῖνοξὲέἲ
1087 5613 1213 5669 280.
1291 5611 1338 5648 77
1377 5611 1422 5666 εἰ
1454 5610 1521 5684 δ’]
1563 5630 1618 5685 p.
1650 5609 1776 5669 28⁷1.
1855 5609 1900 5646 τε
1933 5609 2023 5664 ἀπ’
2071 5609 2270 5682 αὐτῶν]
2311 5609 2562 5666 ἁπάντων
2597 5609 2703 5669 AI"
2733 5611 2781 5647 79
2809 5609 2876 5666 οὗ
2905 5611 2972 5668 τά
3001 5609 3048 5670 Α
3081 5631 3095 5670 :
3129 5612 3260 5669 αὐτὰ
3291 5615 3374 5690 ς’.
3452 5617 3496 5652 ³ο
3526 5614 3616 5672 δέ-

515 5731 526 5740 .
715 5705 831 5740 οας.
865 5701 920 5740 D:
1065 5725 1078 5740 .
