4032 6226
149 341 334 404 1545

1259 341 1803 405 BIBLIOTHECA.
1851 373 1928 388 —
1971 343 2144 406 COD.
2191 343 2544 404 CCXLVIII.

3419 346 3574 410 1546

153 471 236 526 ἄν
301 469 518 547 εἴποιμι
574 474 1058 550 ὁμολογουμένως,
1111 477 1220 547 ὅσῳ
1263 477 1305 512 9⁵
1343 476 1554 550 Ξέρξης
1599 481 1820 552 Δαρεῖον

1943 477 2086 534 cisse
2131 482 2411 550 apparatu
2461 477 2734 534 creditur.
2785 479 2969 551 Atque
3015 479 3112 538 ille
3155 481 3392 553 quidem
3431 481 3586 552 regis

156 567 304 624 ταῖς
348 567 708 637 παρασκευαῖς
757 561 922 618 ἅπασι
981 561 1154 634 δῆλός
1209 562 1348 618 ἐστιν
1406 561 1826 640 ὑπερϐαλλόμε-

157 669 296 712 νος.
333 650 434 706 Καί
466 651 572 723 μὴν
618 653 646 705 6
682 651 776 726 μὶν
816 651 943 715 τοὺς
995 651 1274 728 ὑπάρχους
1329 658 1422 708 τοῦ
1475 653 1766 728 βασιλέως,
1799 657 1828 710 ὁ

158 733 231 791 δὲ
269 736 432 794 αὐτὸν
463 739 610 794 ἐνίκα
643 739 889 814 βασιλέα,
924 741 1022 796 Καὶ
1059 742 1192 814 μετᾶ
1223 743 1318 814 μέν
1369 763 1430 819 γε
1477 745 1520 780 9⁵
1568 745 1695 816 [695
1735 747 1826 817 Η.]

147 827 279 895 τὴν
341 829 632 900 Μαραθῶνι
679 829 865 908 μάχην
923 829 1073 892 αὖθις
1129 833 1172 866 9"
1225 830 1630 906 ἐπεστράτευσε,
1693 833 1826 905 μετὰ

155 911 229 970 δὲ
267 917 370 985 τὴν
403 916 455 972 ἐν
503 916 772 992 Σαλαμῖνι
813 918 1124 994 ναυμαχίαν
1173 921 1387 997 φεύγων
1431 919 1632 996 ᾤχετο.
1689 923 1828 998 [Ιρὸς

163 1006 284 1077 μὲν
323 1006 424 1080 γὰρ
477 1005 685 1078 ἐκείνην
733 1009 832 1076 τὴν
881 1011 1044 1078 ἧτταν
1095 1009 1142 1046 ⁸⁸
1187 1011 1533 1086 παρωξύνθη,
1583 1011 1720 1086 πρὸς
1770 1009 1828 1065 δὲ

156 1092 381 1162 ταύτην
435 1094 678 1165 ἀπεῖπεν,
737 1094 870 1150 ὥσθ’
927 1097 972 1134 ⁹⁹
1028 1098 1210 1152 ἱκανὸν
1267 1095 1456 1172 κέρδος
1513 1100 1724 1174 ἡγεῖτο,
1763 1097 1826 1154 ἄν

159 1184 358 1256 σωθῇ’
399 1180 520 1257 ᾔδει
549 1185 648 1260 γάρ
679 1186 801 1240 τότε
836 1185 932 1260 μὲν
962 1185 1274 1242 πολλοστὸν
1308 1189 1474 1262 μέρος
1503 1195 1602 1258 τῆς
1649 1189 1828 1262 πάσης

157 1269 344 1326 ἐλθὸν
379 1269 682 1345 δυνάμεως,
717 1279 806 1329 νῦν
861 1273 917 1330 δὲ
959 1274 1154 1352 σχεδδν
1205 1277 1338 1350 μετᾶ
1367 1278 1582 1334 πάντων
1630 1279 1833 1353 ἀνθρώ-

154 1381 298 1415 πων
332 1363 671 1437 ἡττώμενος.
699 1362 979 1441 Μιλτιάδῃ
1017 1371 1033 1404 ¹
1071 1367 1164 1440 μὲν
1198 1365 1290 1422 οὖν
1321 1368 1400 1430 εἷς
1428 1365 1482 1423 ἓν
1530 1369 1828 1447 κεφάλαιον

157 1453 199 1520 ἡ
271 1458 381 1520 τῆς
447 1451 688 1528 ἀνδρείας
741 1453 1013 1526 ἀπόδειξις
1061 1458 1210 1527 ἧκεν,
1249 1457 1293 1511 εί
1346 1459 1430 1512 καὶ
1477 1458 1543 1512 τὰ
1594 1456 1830 1532 μάλιστα

157 1539 396 1615 ἐχρῆτο
453 1541 588 1616 αὐτῇ
638 1544 784 1618 παρά
831 1549 1001 1599 πᾶσαν
1049 1547 1148 1613 τήν
1202 1546 1503 1602 πολιτείαν.
1565 1555 1829 1620 Θεμιστο-

157 1629 316 1684 κλέα
365 1627 420 1684 δὲ
469 1631 548 1686 ἀεὶ
611 1633 676 1687 τὰ
720 1629 939 1709 δεύτερα
984 1638 1092 1689 τῶν
1141 1633 1421 1710 προτέρων
1483 1635 1702 1710 μείζονα
1757 1638 1835 1710 ἐξ·

156 1716 430 1794 εδέχετο,
465 1721 552 1774 καὶ
586 1721 648 1776 τὸ
687 1729 786 1791 τῆς
818 1724 1118 1798 παροιμίας
1159 1723 1305 1796 αὖτῷ
1351 1728 1736 1800 περιειστήκεγ
1769 1727 1832 1782 τὸ

1933 568 2254 639 ρι’ωΐεοιοε,
2287 566 2382 622 hic
2429 567 2622 638 ipsum
2671 565 2806 622 vicit
2835 583 3058 639 regem,
3099 570 3196 638 qui
3229 576 3360 641 post
3395 574 3584 626 Mara-

1932 657 2195 712 thoniam
2231 673 2486 729 pugnam
2521 656 2764 711 alterum
2804 656 3040 712 adduxit
3082 658 3419 724 exercitum,
3457 663 3583 728 post

1935 746 2290 802 Salaminam
2341 747 2400 800 in
2453 747 2648 818 fugam
2682 760 2743 800 se
2775 745 2953 801 dedit.
3003 747 3147 800 Nam
3197 751 3263 800 ut
3293 746 3392 800 illa
3421 746 3584 802 clade

1935 837 2234 905 excitatus,
2277 837 2356 892 ita
2397 838 2505 892 hac
2551 839 2624 892 ad
2657 837 3116 908 desperationem
3151 835 3264 890 fuit
3295 835 3582 904 redactus,

1935 925 2019 982 sic
2051 930 2115 980 ut
2145 925 2389 982 salutem
2425 925 2482 980 in
2515 924 2678 981 lucro
2712 929 2970 997 poneret.
3015 925 3244 980 Sciebat
3274 923 3430 980 enim
3462 927 3588 979 tum

1935 1015 2170 1086 quidem
2203 1015 2470 1070 eximiam
2506 1015 2806 1086 copiarum
2837 1029 3076 1070 suarum
3109 1013 3414 1068 advenisse
3445 1027 3587 1084 par-

1933 1107 2051 1160 tem
2075 1121 2088 1160 :
2115 1120 2272 1160 nunc
2296 1107 2490 1160 autem
2513 1119 2574 1160 se
2595 1119 2730 1160 cum
2753 1103 3026 1159 omnibus
3050 1119 3228 1174 prope
3247 1101 3588 1158 hominibus

1935 1209 2063 1250 esse
2112 1195 2418 1250 devictum.
2469 1195 2550 1250 Ac
2599 1193 2874 1248 Miltiadis
2923 1192 3156 1263 quidem
3203 1193 3482 1248 fortitudo
3529 1191 3589 1246 in

1935 1299 2120 1338 unum
2153 1283 2356 1339 incidit
2399 1282 2716 1355 negotium,
2761 1281 2896 1337 licet
2927 1297 2992 1337 ea
3036 1281 3094 1336 in
3139 1281 3298 1338 omni
3330 1284 3590 1336 uteretur

1933 1372 2002 1428 ad
2015 1371 2439 1428 ministratione
2455 1389 2468 1440 ;
2485 1371 2940 1427 Themistoclem
2956 1387 3088 1428 vero
3106 1371 3428 1442 posteriora
3443 1385 3500 1425 se
3510 1385 3592 1424 m-

1937 1477 2039 1534 per
2051 1461 2346 1534 prioribus
2360 1461 2726 1534 excipiebant
2741 1460 2983 1531 majora,
2999 1463 3075 1527 et,
3093 1471 3158 1516 ut
3181 1464 3268 1516 est
3283 1461 3341 1515 in
3359 1475 3593 1532 prover-

1938 1551 2055 1620 bio,
2107 1550 2258 1607 alius
2309 1550 2500 1606 428a
2557 1565 2688 1606 eum
2746 1549 3107 1621 relinquebat
3155 1549 3388 1616 fluctus,
3440 1549 3592 1608 alius

1944 1639 2492 1709 comprehendebat,
2510 1640 2694 1695 donec
2713 1655 2814 1711 per
2831 1639 3018 1694 undas
3036 1637 3392 1694 decumanas
3409 1639 3596 1695 victor

1944 1729 2146 1785 evasit.
2183 1728 2328 1793 Quid
2361 1744 2494 1798 ergo
2520 1731 2670 1783 vetat
2695 1727 3012 1799 quominus
3044 1727 3292 1782 breviter
3322 1729 3594 1784 ostenda-

155 1809 266 1880 μὲν
307 1809 418 1884 γὰρ
464 1807 648 1866 ἔλιπεν
686 1810 844 1866 αὐτὸν
895 1817 1064 1886 κῦμα,
1111 1813 1171 1868 τὸ
1229 1811 1286 1868 δὲ
1334 1811 1830 1890 έγκατελάμϐανεν,

1943 1833 2073 1872 mus
2097 1816 2371 1890 qualibus
2390 1816 2446 1871 in
2473 1817 2646 1872 rebus
2668 1815 2904 1887 qualem
2924 1832 2987 1871 se
3003 1815 3419 1872 Themistocles
3441 1816 3596 1872 exhi-

147 1895 270 1960 ἓως
319 1897 579 1968 διεξῆλθε
611 1896 698 1954 διὰ
725 1905 832 1954 τῶν
862 1907 1164 1975 τρικυμιῶν
1196 1907 1376 1960 νικῶν.
1421 1905 1488 1960 Τί
1541 1903 1638 1957 οὖν
1670 1907 1690 1940 ²
1718 1925 1832 1959 κω-

151 1988 290 2046 λύει
351 1985 518 2063 δεῖξαι
578 1989 666 2046 διὰ
721 1992 976 2070 βραχέων
1038 1993 1088 2046 ἐν
1147 1991 1331 2056 ποίοις
1386 1995 1494 2049 τισὶ
1553 1995 1831 2070 πράγμασι

153 2079 350 2142 ποῖός
381 2101 462 2142 τις
505 2081 570 2149 ἦν
606 2081 633 2134 6
665 2080 1045 2154 Θεμιστοκλῆς
1072 2099 1084 2149 ;
1115 2082 1302 2138 Καίτοι
1327 2084 1493 2139 τοῦτό
1523 2086 1546 2119 ³
1571 2105 1630 2159 γε
1676 2082 1827 2138 οὐδὲν

149 2168 302 2232 ἴσως
383 2165 681 2244 προῦργου.
733 2172 802 2226 "A
856 2170 962 2248 γὰρ
1011 2170 1108 2226 οὐκ
1168 2167 1308 2226 ἔστιν
1383 2170 1706 2242 ἐνδείξασθαι
1753 2179 1832 2246 τῷ

149 2257 366 2336 λόγῳ,
399 2263 514 2320 πῶς
543 2257 604 2313 ἄν
636 2280 718 2320 τις
751 2258 809 2314 ἐκ
828 2261 1036 2315 τούτων
1065 2260 1268 2316 ἐκεῖνον
1301 2263 1594 2336 θεῶρήσειε
1620 2281 1634 2332 ;
1681 2262 1827 2332 πλὴν

155 2347 204 2402 εἷ
233 2345 422 2404 τοῦτό
455 2368 517 2423 γε
546 2346 677 2402 αὐτὸ
707 2346 1045 2421 ἐνθυμηθεὶς,
1079 2347 1160 2404 ὅτι
1197 2349 1326 2422 ὑπὲρ
1368 2351 1443 2404 ὧν
1495 2348 1610 2406 οὐδ’
1664 2351 1832 2405 εἰπεῖν

159 2437 242 2498 ὡς
315 2435 582 2512 βούλεταί
629 2457 711 2499 τις
771 2437 1031 2514 ἐγχωρεῖ,
1089 2438 1236 2493 ταῦτ²
1267 2437 1471 2502 ἐκεῖνος
1524 2441 1834 2515 μετεχείρι-

163 2546 256 2580 σεν
294 2527 318 2561 ⁴
353 2525 430 2586 ὡς
465 2520 747 2581 ἐϐούλετο.
799 2525 932 2581 Δέκα
969 2528 994 2562 ⁵
1035 2527 1130 2600 μὲν
1179 2528 1279 2604 γὰρ
1330 2529 1452 2598 ἑξῆς
1501 2525 1594 2600 ἔτη
1648 2525 1834 2586 ὤδινεν

165 2615 366 2669 ἅπασα
433 2611 683 2686 ἤπειρος,
752 2615 1184 2692 φιλονεικοῦντες
1269 2619 1496 2680 ἅπαντες
1554 2616 1832 2695 ἅνθρωποι

172 2701 346 2774 δίκην
409 2709 510 2774 τῆς
557 2706 847 2780 Μαραθῶνι
899 2707 1086 2784 μάχης
1135 2701 1345 2762 λαϐεῖν·
1395 2710 1725 2780 ἡτοιμάζετο
1777 2708 1834 2766 δὲ

165 2796 232 2852 ἐκ
280 2796 470 2864 πάσης
516 2801 620 2870 γῆς
677 2795 763 2850 καὶ
834 2794 1109 2866 θαλάττης
1173 2799 1365 2856 πάντα.
1433 2799 1712 2874 Αἰγύπτου
1779 2799 1836 2858 δὲ

167 2885 554 2954 ἀποστάσηςδ
584 2883 634 2938 ἐν
684 2890 763 2954 τῷ
814 2882 901 2939 διὰ
949 2885 1110 2958 μέσου
1159 2886 1414 2960 βασιλεὺς
1463 2887 1616 2944 οὐδὲν
1664 2911 1838 2946 σπου-

173 2973 352 3033 δάσας
385 2971 538 3032 αὖθις
585 2975 651 3042 ἦν
695 2972 745 3027 έν
796 2979 914 3036 τοῖς
963 2974 1168 3036 αὐτοῖς·
1205 2976 1346 3032 οὕτω
1377 2975 1580 3051 ῥᾳδίως
1631 2978 1838 3051 ἐκείνην

173 3061 594 3136 παρεστήσατο.
655 3064 871 3135 Δεκάτῳ
931 3060 986 3118 δὲ
1067 3059 1170 3119 ἔτει
1249 3065 1520 3136 συνῆλθον
1594 3068 1840 3143 ἐσχατιαὶ

1939 1905 2174 1962 buerit?
2203 1909 2270 1960 At
2301 1906 2409 1962 hoc
2457 1905 2604 1960 nihil
2635 1908 2706 1962 ad
2741 1922 2861 1962 rem
2911 1905 3174 1962 fortassis
3213 1906 3402 1961 faciet.
3445 1910 3593 1960 Num

1940 2011 2068 2066 quis
2100 2011 2270 2050 nemo
2315 1995 2506 2050 verbis
2563 1999 2758 2063 posset
2801 1994 3106 2066 complecti
3145 1995 3431 2063 quomodo
3464 1993 3594 2064 quis

1940 2085 2106 2140 illum
2137 2101 2206 2140 ex
2236 2085 2310 2140 iis
2338 2083 2719 2140 cernat?Nisi
2751 2085 2798 2140 si
2831 2083 2942 2140 hoc
2973 2083 3246 2154 cogitabit
3271 2100 3396 2155 qua
3421 2101 3592 2140 nemo

1941 2178 2140 2246 posset
2170 2191 2271 2246 pro
2315 2173 2552 2231 arbitrio
2599 2175 2811 2242 dicere,
2845 2173 2966 2230 haec
3017 2189 3146 2230 eum
3196 2190 3298 2244 pro
3351 2173 3590 2229 arbitrio

1939 2263 2212 2336 gessisse.
2271 2263 2497 2318 Etenim
2557 2263 2754 2320 decem
2824 2264 2994 2318 annis
3051 2266 3171 2318 tota
3229 2262 3590 2334 parturiebat

1940 2352 2264 2420 continens,
2310 2368 2444 2408 cum
2478 2351 2696 2423 singuli
2729 2351 2998 2408 homines
3029 2350 3452 2408 Marathoniam
3479 2367 3591 2422 pu-

1940 2456 2114 2512 gnam
2147 2443 2447 2498 studerent
2504 2441 2724 2510 ulcisci,
2781 2441 3094 2512 omnisque
3155 2443 3470 2511 apparatus
3529 2455 3598 2495 ex

1941 2529 2101 2586 omni
2133 2533 2284 2588 terra
2315 2530 2579 2600 marique
2627 2531 2964 2600 cogebatur.
3007 2529 3152 2584 Cum
3191 2533 3384 2582 autem
3413 2527 3586 2598 Egy-

1943 2619 2102 2690 ptius
2131 2619 2355 2674 interea
2402 2619 2727 2685 defeciset,
2778 2634 2876 2673 rex
2926 2633 2991 2672 ea
3033 2615 3196 2672 facile
3237 2618 3308 2671 ad
3352 2615 3599 2671 deditio-

1945 2725 2074 2764 nem
2129 2711 2345 2776 coacta,
2401 2724 2605 2764 rursus
2663 2707 2734 2763 ad
2799 2707 3006 2762 eadem
3063 2705 3304 2761 redibat.
3365 2705 3598 2760 Decimo

1947 2798 2185 2854 demum
2227 2813 2380 2852 anno
2419 2796 2686 2868 regiones
2731 2812 2796 2851 ac
2827 2800 3030 2868 gentes
3078 2811 3280 2850 omnes
3310 2809 3599 2850 convene-

1946 2891 2102 2954 runt,
2144 2886 2313 2958 quasi
2339 2886 2399 2942 in
2431 2885 2610 2942 alium
2635 2886 2831 2942 locum
2861 2891 3018 2941 terra
3042 2885 3336 2956 migraret,
3371 2900 3438 2941 ac
3469 2900 3600 2939 me-
3679 2929 3690 2942 .

1949 2977 2148 3032 tuebat
2177 2993 2294 3044 rex,
2325 2991 2396 3031 ne
2428 2992 2542 3030 non
2567 2979 2800 3046 caperet
2821 2989 3026 3030 omnes
3058 2973 3298 3040 Graecia,
3323 2977 3379 3028 et
3397 2987 3600 3043 quam-

1953 3083 2182 3138 cunque
2212 3064 2441 3122 volebat
2461 3069 2782 3121 castrorum
2811 3071 3056 3135 partem,
3080 3062 3245 3134 quasi
3279 3063 3380 3119 loti
3413 3063 3599 3133 impe-

171 3155 352 3204 πᾶσαι
388 3149 476 3203 καὶ
517 3151 647 3224 γένη
681 3153 874 3220 πάντα,
939 3154 1106 3225 [1285
1151 3155 1244 3226 R.]
1295 3153 1480 3230 ὥσπερ
1531 3179 1835 3232 μετανιστα-

1951 3133 2106 3210 raret
2135 3155 2282 3221 orbi,
2316 3155 2649 3226 occupabat.
2681 3153 2796 3208 Nec
2812 3133 2917 3208 eos
2949 3133 3180 3208 tantum
3215 3151 3356 3208 solis
3387 3159 3579 3222 perler

176 3243 360 3312 μένης
396 3238 626 3314 ἑτέρωσε
680 3245 780 3309 τῆς
831 3239 1182 3316 οἰκουμένης,
1227 3244 1316 3299 καὶ
1369 3244 1624 3320 βασιλεὺς
1669 3247 1832 3322 ἀπῄει

169 3325 446 3389 δεδοικὼς
482 3330 556 3401 μὴ
593 3329 657 3384 οὐ
690 3325 897 3400 δέξαιτο
927 3331 990 3385 τὸ
1031 3329 1246 3401 πλῆθος
1291 3335 1325 3403 ἡ
1376 3331 1601 3406 Ἑλλάς,
1652 3335 1834 3414 ὥσπερ

173 3417 336 3494 ἀρχὴ
413 3423 518 3494 γῆς
581 3417 760 3488 πάσης
827 3421 846 3454 ⁷
913 3424 1009 3475 τοῦ
1077 3421 1442 3494 στρατοπέδου
1505 3425 1839 3500 γιγνόμενος

173 3506 312 3561 καθὸ
350 3504 640 3581 βούλοιτο,
673 3505 773 3561 ἀεί.
810 3508 907 3562 Καὶ
961 3507 1022 3562 οὐ
1047 3511 1066 3544 ³
1096 3511 1354 3564 τοσοῦτόν
1387 3513 1440 3585 γ’
1488 3511 1548 3567 ἄν
1580 3516 1601 3550 ⁹
1631 3514 1832 3579 αὐτοὺς

172 3599 208 3667 ἡ
251 3600 354 3650 τοῦ
383 3593 554 3664 ἡλίου
585 3591 838 3668 συμϐᾶσα
867 3591 1110 3670 ἔκλειψις
1157 3595 1470 3670 ἐξέπληξεν,
1519 3601 1642 3656 ὅσον
1671 3605 1705 3672 ἡ
1733 3611 1832 3674 τῆς

171 3692 279 3762 γῆς
330 3685 426 3740 καὶ
479 3681 752 3755 θαλάττης
801 3682 1044 3759 ἔκλειψις
1094 3687 1356 3760 γινομένη
1398 3690 1534 3764 πρὸς
1596 3691 1694 3758 τὴν
1739 3697 1835 3746 τοῦ

179 3772 486 3848 βασιλέως,
521 3771 646 3846 ἐμοὶ
694 3771 892 3844 δοκεῖν,
947 3774 1234 3849 ἐπιθυμίαν
1287 3775 1500 3848 μᾶλλον
1549 3777 1584 3846 ἢ
1621 3778 1832 3853 χρείαν.

171 3865 317 3938 Πρὸς
360 3861 422 3918 δὲ
458 3863 502 3899 ¹⁰
531 3861 750 3924 τούτοις
778 3863 939 3939 τείχη
977 3863 1074 3938 μὲν
1105 3861 1469 3937 ᾠκοδομεῖτο,
1511 3865 1660 3928 ὅπως
1713 3867 1837 3940 ἀρι-

179 3953 352 4026 θμοίη
403 3951 550 4006 κατὰ
600 3953 850 4027 μυρίους,
897 3953 926 4007 6
973 3949 1032 4007 δὲ
1083 3951 1244 4023 ἥλιος
1295 3955 1683 4030 συνεκρύπτετο
1721 3961 1839 4018 τοῖς

173 4041 538 4115 τοξεύμασιν,
587 4041 653 4110 ἦν
713 4039 770 4096 δὲ
807 4041 1030 4118 πλήρης
1079 4044 1113 4112 ἡ
1165 4043 1260 4116 μὲν
1319 4042 1556 4100 θάλαττα
1610 4049 1766 4117 νεῶν,
1801 4047 1835 4116 ἡ

177 4126 234 4184 δὲ
260 4137 330 4206 γῆ
375 4132 590 4202 πεζῶν,
621 4130 648 4184 ὁ
682 4127 738 4184 δὲ
770 4130 874 4206 ἆήρ
911 4130 1110 4205 βελῶν.
1166 4137 1422 4208 Παρεῖναι
1467 4131 1524 4188 δὲ
1562 4132 1650 4189 καὶ
1703 4133 1840 4207 μέλ-

173 4219 284 4274 λειν
319 4219 456 4276 ἴσον
496 4219 586 4290 ἦν,
629 4218 770 4274 ὥστε
819 4213 1038 4296 ἔχεσθαι
1071 4219 1292 4284 πάντας·
1335 4221 1506 4278 πάντα
1551 4220 1608 4278 δὲ
1657 4222 1836 4296 ὥσπερ

173 4311 270 4361 τοῦ
321 4302 680 4369 Ποσειδῶνος
720 4307 998 4370 κατιόντος
1045 4308 1269 4366 ἐσείετο.
1332 4310 1509 4364 Πάντα
1565 4311 1609 4346 ίί
1668 4308 1725 4366 δὲ
1773 4311 1840 4366 τὰ

181 4393 405 4451 ἐπιόντα
469 4393 849 4468 Θεμιστοκλῆς
907 4395 984 4459 εἷς
1039 4398 1224 4453 ἑαυτὸν
1288 4396 1698 4474 ἀναδεξάμενος,
1747 4400 1836 4455 καὶ

186 4487 284 4554 τήν
313 4487 482 4542 αὑτοῦ
516 4486 744 4562 γνώμην
780 4487 996 4550 ὑποθεὶς
1029 4487 1142 4543 ἀντ’
1189 4487 1366 4544 ἄλλου
1411 4510 1507 4544 του
1556 4489 1836 4570 φυλακτη-

189 4575 334 4648 ρίου,
392 4577 488 4632 καὶ
549 4575 714 4648 μόνος
781 4575 964 4651 ὀρθοῖς
1030 4583 1146 4641 τοῖς
1203 4577 1510 4656 ὀφθαλμοῖς
1565 4580 1838 4656 ἀντισχὼν

189 4663 355 4736 ἅπασι
387 4667 478 4721 καὶ
537 4670 654 4728 τοῖς
689 4669 920 4742 παροῦσι
969 4667 1058 4722 καὶ
1103 4672 1219 4730 τοῖς
1265 4668 1474 4724 ἐπιοῦσι
1533 4669 1840 4747 πράγμασι,

189 4753 278 4808 καὶ
322 4756 369 4793 ¹²
409 4755 510 4811 οὐκ
565 4754 927 4833 ἀποστραφεὶς
988 4756 1167 4832 ὥσπερ
1227 4758 1276 4812 οἱ
1335 4761 1472 4834 πρὸς
1529 4759 1619 4814 τὸν
1677 4757 1838 4829 ἥλιον

198 4838 518 4914 βλέποντες,
552 4844 580 4898 ’ὀ
609 4848 739 4898 πᾶσι
776 4849 973 4919 μικροῦ
1006 4841 1116 4900 δεῖν
1146 4841 1341 4918 συνέϐη
1392 4853 1508 4908 τοῖς
1555 4847 1695 4918 τότε,
1744 4848 1844 4903 οὐκ

199 4928 258 4986 ἂν
288 4930 504 5007 εἴποιμι
537 4933 611 4996 ὡς
661 4934 763 4990 οὐκ
809 4931 998 5010 ἔψευσε
1038 4941 1142 5005 τῆς
1180 4933 1405 4998 ἐλπίδος
1452 4935 1580 5000 τοὺς
1629 4935 1840 5010 Ἕλλη-

194 5040 309 5088 νας,
342 5022 488 5079 ἀλλὰ
520 5021 610 5077 καὶ
639 5022 785 5078 πολὺ
813 5026 914 5094 τήν
941 5022 1272 5102 προσδοκίαν
1309 5024 1600 5097 ἐνήλλαξεν
1634 5027 1839 5090 αὐτοῖς.

192 5107 362 5166 Οὐδὲν
395 5111 498 5190 γάρ
554 5113 662 5168 τῶν
711 5111 956 5188 ἐσχάτων
1009 5114 1038 5170 6'
1083 5137 1136 5171 τι
1186 5115 1248 5171 οὗ
1303 5115 1578 5171 πείσεσθαι
1637 5119 1682 5155 ¹³
1732 5122 1840 5172 τῶν

194 5197 421 5259 πολλῶν
480 5201 841 5280 νομιζόντων,
888 5203 978 5259 καὶ
1031 5204 1343 5281 βλεπόντων
1397 5207 1440 5244 ιδ
1483 5204 1559 5270 εἷς
1605 5204 1838 5282 αἰσχρὰς

1949 3245 2084 3314 ruit,
2118 3249 2408 3317 quantum
2441 3244 2621 3299 maris
2643 3259 2707 3298 ac
2733 3247 2898 3298 terras
2922 3243 3196 3310 defectus,
3222 3241 3288 3296 ad
3323 3239 3605 3311 cupidita-

1945 3338 2062 3388 tem
2083 3333 2297 3402 potius,
2312 3341 2372 3389 ut
2387 3333 2658 3400 arbitror,
2677 3347 2852 3402 quam
2869 3345 3041 3386 usum
3067 3330 3218 3401 regis
3233 3335 3599 3400 procuratus.

1947 3421 2166 3478 Deinde
2199 3422 2354 3478 muri
2394 3421 2861 3490 exstruebantur,
2904 3423 2968 3474 ut
3009 3417 3184 3474 simul
3216 3417 3404 3474 decies
3437 3415 3600 3472 mille

1947 3515 2284 3568 numeraret
2311 3512 2506 3576 viros;
2559 3509 2646 3565 sol
2697 3517 2889 3566 autem
2921 3507 3054 3563 telis
3095 3505 3494 3579 obtegebatur,
3531 3521 3599 3561 ac

1949 3618 2108 3658 mare
2133 3601 2404 3667 navibus,
2435 3607 2587 3656 terra
2625 3600 2936 3664 militibus,
2974 3615 3068 3654 aer
3091 3597 3307 3667 jaculis
3336 3600 3460 3650 erat
3482 3595 3600 3666 ple-

1949 3707 2082 3745 nus.
2108 3689 2430 3745 Praesentia
2450 3705 2682 3759 quoque
2705 3695 2758 3743 et
2790 3689 2987 3742 futura
3010 3686 3208 3740 cedem
3236 3684 3600 3738 habebantur

1949 3779 2095 3844 loco,
2130 3779 2213 3834 sic
2243 3781 2310 3833 ut
2340 3793 2543 3833 omnes
2581 3779 2942 3842 tenerentur,
2974 3773 3282 3843 omniaque
3312 3776 3598 3842 tanquam

1949 3869 2216 3938 Neptuno
2240 3865 2629 3922 descendente
2651 3870 3164 3920 commoverentur.
3185 3860 3601 3916 Themistocles

1951 3971 2080 4010 cum
2111 3955 2169 4010 in
2203 3971 2266 4010 se
2305 3953 2666 4025 suscepisset
2697 3953 2913 4023 omnia,
2959 3967 3254 4023 suumque
3284 3949 3598 4006 consilium

1951 4045 2371 4120 propugnaculi
2421 4045 2607 4100 instar
2655 4043 3075 4112 constituisset,
3122 4047 3179 4100 et
3223 4042 3380 4099 solus
3423 4043 3598 4098 rectis

1950 4133 2156 4204 oculis,
2171 4139 2298 4190 tum
2321 4133 2702 4205 praesentibus
2723 4131 3020 4194 omnibus,
3040 4135 3165 4184 tum
3187 4130 3398 4186 futuris
3421 4129 3596 4184 rebus

1949 4225 2288 4292 obstitisset,
2321 4239 2427 4279 nec
2459 4227 2524 4278 ut
2553 4221 2593 4276 ii
2641 4220 2739 4293 qui
2771 4220 2952 4276 solem
2993 4219 3304 4291 aspiciunt,
3337 4236 3400 4276 se
3437 4235 3601 4274 aver-

1947 4313 2135 4379 tisset,
2170 4313 2322 4386 quod
2355 4311 2632 4369 omnibus
2675 4311 3096 4382 propemodum
3129 4309 3436 4375 acciderat,
3483 4323 3601 4363 non

1951 4403 2122 4458 modo
2173 4403 2500 4458 Graecorum
2549 4416 2712 4472 spem
2759 4416 2874 4456 non
2925 4398 3147 4467 fefellit,
3193 4399 3290 4453 sed
3325 4403 3380 4454 et
3409 4413 3606 4468 exspe-

1951 4491 2266 4548 ctationem
2316 4506 2668 4564 magnopere
2699 4489 2966 4545 mutavit.
2998 4489 3142 4544 Nam
3174 4504 3306 4542 cum
3339 4487 3604 4558 plerique

1951 4579 2096 4637 nihil
2143 4598 2256 4638 non
2303 4585 2627 4637 extremum
2661 4595 2724 4634 se
2765 4595 3148 4652 perpessuros
3191 4577 3508 4642 crederent,
3549 4580 3608 4630 et

1951 4671 2022 4727 ad
2054 4674 2255 4742 turpes
2304 4671 2560 4726 rationes
2609 4685 2676 4724 ac
2709 4668 2974 4724 difﬁcilia
2997 4666 3254 4739 perfugia
3287 4681 3346 4720 se
3376 4665 3601 4721 confer-

1950 4765 2100 4830 rent,
2125 4766 2344 4817 tantam
2372 4762 2502 4818 fecil
2524 4775 2718 4816 rerum
2752 4759 3163 4828 mutationem,
3189 4757 3324 4813 utsi
3347 4756 3482 4826 quis
3505 4769 3605 4808 eos

1949 4851 2272 4908 discessum
2300 4851 2686 4907 .Barbarorum
2723 4850 3154 4918 interrogasset,
3193 4861 3336 4901 num
3357 4859 3460 4899 nec
3477 4841 3608 4896 illos

1950 4939 2170 4996 bellum
2203 4940 2497 5009 intulisse,
2519 4955 2626 4996 nec
2655 4955 2718 4995 se
2741 4955 2834 4994 res
2863 4954 2961 4994 eas
2986 4936 3254 5010 gessisse,
3274 4949 3456 5004 eaque
3476 4930 3606 4986 dis-

1951 5029 2202 5085 crimina
2231 5029 2421 5085 428b
2454 5027 2708 5086 subiisse
2728 5025 2966 5093 vellent,
2991 5028 3242 5080 mortem
3267 5022 3380 5078 sibi
3405 5034 3604 5076 omnes

1951 5119 2167 5192 potius,
2221 5135 2398 5192 quam
2464 5121 2529 5174 ut
2587 5117 2697 5173 ista
2748 5133 2862 5172 non
2923 5113 3306 5188 peregissent,
3355 5108 3608 5182 optaturi

1951 5209 2227 5266 fuissent.

1545 5357 1784 5417 VARIE
1825 5360 2136 5418 LECTION
2147 5361 2250 5419 ES.

271 5477 317 5514 ’⁵
353 5477 486 5553 ὅσῳ]
529 5480 601 5542 ὡς
633 5481 660 5536 6
687 5487 751 5538 Α.
855 5482 902 5519 ⁸⁸
925 5500 987 5608 gs
1017 5499 1130 5539 om.
1162 5485 1228 5541 A.
1327 5483 1373 5520 9"
1403 5481 1580 5558 αὖθις]
1610 5480 1789 5546 οὐδεὶς
1821 5491 1882 5540 Δ.

285 5551 407 5606 294.
513 5551 620 5607 ²τί
651 5552 766 5610 οἵ)νῖ
821 5570 876 5610 D.
961 5555 1052 5610 96.
1155 5555 1176 5590 ³
1221 5555 1383 5610 τοῦτό
1433 5573 1548 5610 om.
1593 5559 1660 5610 A.
1789 5558 1813 5592 ⁴
1863 5575 1882 5610 ι

1980 5487 2023 5522 ⁸⁸
2051 5485 2151 5555 τήν
2183 5485 2347 5554 ἧτταν
2377 5501 2493 5542 om.
2720 5482 2767 5518 9’
2797 5475 2949 5556 ὥσθ’]
2980 5483 3054 5556 ὡς
3083 5485 3152 5556 Α.
3255 5481 3274 5517 ί
3305 5476 3612 5556 Μιλτιάδῃ]

191 5565 255 5654 ἕ).
285 5551 407 5606 294.
468 5551 482 5552 ί
513 5553 538 5588 ³
567 5551 620 5607 τί
651 5552 766 5642 οἶξν]
821 5570 876 5627 p.
925 5551 1052 5610 296.
1113 5623 1124 5641 '
1155 5555 1176 5590 ³
1221 5555 1383 5610 τοῦτό
1433 5551 1660 5614 οω.Ἀ.

243 5621 582 5674 ἀποστασηςῚ
612 5624 826 5674 ἅπασι-ης
866 5630 929 5674 Α-
1005 5627 1026 5661 7
1055 5644 1234 5674 πασῃ(
1267 5645 1384 5674 nm-
1416 5631 1479 5674 Δ,
1592 5629 1614 5664 ³
1642 5647 1660 5674 1

1789 5549 2384 5630 “Apstsxuptairolt.
2485 5556 2509 5589 ⁵
2553 5553 2682 5609 δέκα
2729 5587 2800 5630 -τ
3015 5552 3220 5630 δεκάτῳ
3268 5585 3336 5630 _-_--
3392 5550 3498 5630 ξτει

275 5623 582 5703 ξρετάσηε]
612 5620 838 5703 ﬁndim—
863 5630 930 5703 Δ,
1005 5627 1026 5661 ⁷
1055 5623 1234 5697 πάσης
1267 5645 1384 5703 om.
1413 5631 1488 5703 A._
1592 5629 1614 5703 ξ
1642 5626 1736 5703 καὶ
1768 5620 1944 5703 ορΪρ.
1977 5620 2102 5686 ΞΘἹΣ
2160 5620 2218 5703 ’νο
2246 5629 2294 5703 γ’
2327 5627 2547 5703 ,ἃν-σω.
2579 5629 2648 5686 Α.
2755 5627 2803 5664 ¹⁰
2833 5623 2890 5681 δὲ
2920 5620 3056 5686 add.
3082 5633 3150 5684 Δ.
3193 5620 3203 5627 ⁷
3262 5627 3307 5661 “
3338 5625 3509 5680 πάντα
3543 5620 3618 5693 8‘s]

191 5708 248 5765 p.
278 5693 402 5750 299.
505 5693 676 5752 12Ἇιαὶ
707 5693 842 5756 ante
871 5695 972 5752 οὐκ
999 5714 1116 5756 om.
1147 5693 1214 5755 A'.
1323 5699 1370 5734 ‘3
1399 5697 1694 5772 πείσεσθαι]
1724 5693 2003 5756 πείσονται
2033 5705 2096 5758 Α.
2177 5702 2222 5738 ¹⁴
2249 5693 2341 5756 καὶ
2377 5697 2716 5778 βλεπόντων.

504 5795 794 5862 ΡΑτιιοῐ..
843 5801 953 5863 Gn.
999 5798 1148 5860 Clll.
3207 5797 3284 5860 49
