4032 6226
213 377 372 442 1557
427 361 430 364 ’

1311 379 1853 444 BIBLIOTHECA.
1899 413 1978 424 —
2021 379 2192 441 COD.
2235 378 2595 442 CCXLVIII.

3453 386 3610 448 1538

208 533 326 568 των
381 513 504 587 περὶ
558 517 723 568 ταῦτα
755 514 798 549 ¹⁰
854 513 1289 588 ἁμαρτημάτων,
1344 512 1397 568 εἷ’
1428 534 1482 567 τι
1536 513 1612 584 μὴ
1671 511 1856 574 καλῶς

1974 516 2238 582 cuerunt,
2271 527 2378 568 nec
2409 511 2868 578 accuratissime,
2902 530 3088 584 neque
3110 521 3174 572 ut
3199 518 3468 576 volebant
3497 537 3619 576 ma-

1439 607 1465 618 υ

213 601 435 676 ὕστερον
471 600 609 675 μηδέ
638 603 710 664 ὡς
746 605 856 677 χρή
891 604 1149 678 γράφοιεν
1183 601 1264 682 ἐφ’
1303 604 1505 658 ἑαυτῶν
1541 605 1605 658 ¹¹.
1641 602 1701 657 Εἰ
1734 599 1790 657 δὲ
1817 603 1860 638 η

215 693 297 763 μὴ
330 693 534 753 πάντας
564 688 901 758 ἐπαίδευσαν,
939 689 1082 764 μηδὲ
1111 693 1185 752 ὡς
1227 691 1345 746 οἶόν
1374 713 1430 746 τε
1478 687 1857 766 ἀκριϐέστατα,

213 781 380 851 [1296
413 782 505 853 3.]
551 777 682 853 μηδ’
711 780 788 842 ὡς
822 780 1058 852 μάλιστα
1089 775 1472 851 ἐϐουλήθησαν
1503 781 1572 848 ¹³,
1605 779 1656 836 τί
1695 781 1755 834 τύ
1805 801 1864 855 γε

214 866 551 946 ἐκπεφευγὸς
597 876 696 938 τῆς
747 869 963 924 ἐκείνων
1013 869 1347 944 προστασίας
1393 871 1451 924 ἄν
1507 890 1590 931 τις
1643 870 1860 939 τιθείη;

215 958 285 1012 οὐ
315 957 418 1031 γὰρ
460 965 559 1026 τῆς
588 956 803 1013 ἐκείνων
839 956 1064 1030 ὁμιλίας
1103 963 1265 1014 τοῦτο
1297 957 1742 1028 ἀπώναντο,ἀλλ’
1766 957 1865 1013 οὐκ

214 1044 500 1100 ἀπώναντο
556 1044 775 1100 ἐκείνων
834 1044 910 1101 ἔτι
969 1069 1019 1102 τι
1073 1047 1235 1102 τοῦτὸ
1295 1068 1376 1124 γε.
1433 1045 1637 1104 Οὔκουν
1696 1047 1746 1120 ἐξ
1789 1048 1861 1101 ὧν

216 1141 518 1210 προσεῖχον
549 1134 756 1204 αὐτοῖς,
800 1135 860 1192 ἐκ
889 1137 1096 1192 τούτων
1129 1136 1400 1212 ἥμαρτον,
1436 1137 1560 1192 ἀλλ’
1593 1137 1642 1206 ἐξ
1676 1139 1748 1190 ὧν
1802 1137 1862 1191 ού

216 1229 540 1299 προσεῖχον,
592 1223 1052 1299 ἐπλημμέλησαν.
1129 1226 1311 1288 Οὕτως
1373 1228 1405 1281 ἅ
1466 1247 1527 1302 γε
1591 1225 1862 1280 ἐπείθοντο

217 1316 404 1389 σαφῶς
464 1312 547 1388 ἄρ’
597 1315 648 1368 οἱ
701 1317 976 1377 πείθοντες
1023 1313 1233 1370 ἔπειθον
1283 1315 1486 1377 καλῶς.
1546 1317 1654 1383 Τὴν
1721 1311 1778 1368 δὲ
1819 1315 1864 1351 Η

214 1401 513 1472 πολιτικὴν
575 1402 619 1457 εἷ
673 1405 750 1476 μή
802 1405 1004 1467 πάντας
1054 1403 1371 1460 ἐπαίδευσαν
1415 1404 1734 1475 Ἀθηναίους
1769 1409 1866 1458 Θε-

219 1490 531 1564 μιστοκλῆς
563 1491 653 1547 καὶ
689 1494 964 1563 Περικλῆς
1012 1495 1098 1548 καὶ
1154 1491 1464 1563 Μιλτιάδης
1512 1493 1603 1546 καὶ
1654 1492 1860 1565 Κίμων,

219 1577 361 1652 μηδ’
397 1580 636 1643 ἅπαντας
668 1580 857 1660 ἐφεξῆς
889 1582 1143 1656 βελτίους
1189 1581 1446 1652 ἐποίησαν
1498 1583 1633 1636 κατὰ
1691 1580 1864 1658 φυλὰς

215 1668 310 1724 καὶ
341 1673 463 1723 κατ’
494 1667 662 1742 ἄνδρα
703 1668 883 1744 ὥσπερ
936 1672 1194 1744 θεωρικὸν
1247 1672 1345 1739 τὴν
1396 1669 1709 1742 ἐπιστήμην
1744 1669 1867 1724 δια-

216 1752 507 1830 νέμοντες,
559 1757 655 1812 εῖθ⁹
701 1758 966 1834 ὑπερφυές
1005 1780 1059 1813 τι
1104 1760 1350 1836 φήσομεν
1400 1759 1516 1813 κατ’
1564 1757 1740 1812 αὐτῶν
1779 1758 1866 1812 εὑ-

1967 601 2260 668 xime,cur
2282 601 2337 656 id
2362 603 2511 673 quod
2537 602 2758 673 effugit,
2773 603 2842 657 ad
2871 603 3127 673 ipsorum
3149 607 3280 674 quis
3302 610 3619 677 magistros

1968 691 2220 747 referat?
2251 692 2362 746 Nec
2392 692 2547 746 enim
2571 691 2724 746 hunc
2748 690 3000 746 fructum
3018 707 3088 745 ex
3111 691 3340 748 illorum
3372 712 3612 754 consue-

1971 779 2175 834 tudine
2225 787 2598 850 perceperant
2629 780 2843 850 potius,
2879 796 3056 850 quam
3090 796 3203 834 non
3250 782 3374 850 jam
3409 783 3464 837 id
3500 785 3614 839 illis

1970 872 2240 939 poterant
2268 873 2569 939 acceptum
2623 870 2789 924 ferre.
2823 868 3108 934 Quocirca
3153 885 3267 924 non
3309 870 3448 940 quia
3490 871 3619 927 illos

1972 957 2372 1026 attendebant,
2408 958 2743 1029 peccabant,
2778 959 2877 1012 sed
2906 957 3043 1028 quia
3070 973 3185 1012 non
3218 958 3616 1024 attendehant,

1973 1061 2158 1116 usque
2188 1063 2253 1102 eo
2287 1045 2386 1102 illa
2416 1063 2542 1117 quae
2568 1046 3068 1116 persuadebantur
3098 1054 3250 1102 recte
3273 1047 3392 1102 illis
3417 1049 3616 1116 suade-

1973 1131 2133 1187 bant.
2147 1131 2388 1188 Civilem
2402 1149 2538 1189 vero
2554 1133 2866 1190 scientiam
2884 1135 2995 1189 nisi
3009 1134 3391 1191 Athenienses
3410 1152 3542 1192 omn
3555 1153 3620 1192 es

1973 1220 2294 1288 docuerint,
2368 1221 2816 1291 Themistocles,
2883 1223 3154 1290 Pericles,
3199 1223 3482 1280 Miltiades
3565 1231 3621 1281 et

1973 1310 2196 1378 Cimon,
2216 1315 2390 1382 atque
2428 1316 2673 1367 cunctos
2695 1327 2764 1368 ex
2785 1313 2990 1367 ordine
3026 1312 3290 1368 tributim
3314 1330 3378 1368 ac
3403 1314 3622 1369 viritim

1975 1399 2245 1454 meliores
2277 1399 2670 1470 reddiderant,
2699 1402 2944 1458 scientia
2967 1401 3134 1472 quasi
3159 1402 3426 1458 theatrali
3458 1418 3627 1474 pecu-

1974 1487 2072 1544 nia
2096 1487 2428 1554 distributa,
2448 1506 2520 1546 ne
2554 1491 2714 1560 ipsos
2745 1491 2983 1562 quidem
3017 1508 3085 1546 ea
3115 1491 3172 1546 in
3198 1508 3258 1547 re
3281 1493 3622 1548 excelluisse

1971 1577 2256 1633 dicemus.
2291 1578 2405 1634 Nec
2454 1579 2598 1634 illud
2643 1585 2962 1652 Protagorm
3013 1582 3095 1636 tui
3150 1581 3258 1637 tibi
3307 1581 3543 1650 sufﬁcit,
3576 1582 3628 1638 si

1975 1667 2186 1739 vulgus
2215 1668 2302 1724 vel
2325 1685 2394 1725 ex
2417 1674 2582 1740 parte
2605 1670 2796 1741 aliqua
2819 1672 2888 1726 ad
2907 1670 3178 1726 virtutem
3196 1673 3625 1741 perduxerunt;

1975 1773 2176 1813 verum
2208 1758 2321 1813 nisi
2340 1759 2540 1814 omnia
2555 1776 2734 1830 quam
2758 1760 3085 1816 rectissime
3109 1760 3442 1832 populus,et
3456 1760 3625 1832 quasi

220 1844 464 1919 ρηκέναι,
531 1847 606 1908 ὡς
665 1843 780 1901 οὐδ’
837 1848 994 1902 αὐτοὶ
1055 1847 1307 1920 βελτίους
1355 1849 1489 1917 ἦσαν
1539 1846 1760 1908 οὐδενὸς
1793 1849 1863 1909 εἰς

1977 1845 2063 1901 vir
2092 1863 2245 1903 unus
2289 1848 2740 1918 administravit,
2768 1849 2828 1905 id
2866 1851 2992 1921 jam
3025 1850 3310 1920 praefectis
3341 1851 3620 1921 imputas.

217 1936 426 2001 ταύτας
460 1935 576 2005 [701
619 1935 709 2006 Η.]
739 1935 830 1988 καὶ
863 1933 961 1988 οὐκ
990 1935 1203 2010 ἀγαπᾷς
1240 1934 1302 1989 τὸ
1344 1937 1386 1971 ³⁵
1413 1939 1508 1990 τού
1561 1939 1656 1988 σοῦ
1707 1943 1868 2009 Πρω-

218 2022 456 2096 ταγόρου
491 2023 555 2092 ¹⁶,
589 2022 634 2076 εἰ
684 2023 776 2077 καὶ
813 2023 854 2060 1⁷
894 2025 1011 2078 καθ’
1063 2024 1280 2078 ὁσονοῦν
1319 2019 1691 2096 προύϐίϐασαν
1741 2024 1867 2087 τοὺς

221 2109 470 2174 πολλοὺς
520 2110 595 2173 εἷς
645 2111 706 2166 τὸ
752 2111 1000 2186 βέλτιον,
1048 2110 1173 2168 ἀλλ’
1213 2113 1258 2167 εἰ
1311 2115 1385 2186 μή
1428 2114 1600 2168 πάντα
1631 2115 1657 2167 ὁ
1687 2111 1864 2188 δῆμος

214 2198 568 2276 ἀνεγκλήτως
613 2203 704 2256 καὶ
756 2201 936 2277 ὥσπερ
979 2205 1058 2265 εἷς
1109 2205 1246 2278 ἀνὴρ
1300 2203 1662 2279 μετεχείρισε,
1719 2207 1863 2259 τοῦτ’

214 2287 326 2360 ἤδη
359 2290 495 2345 κατὰ
523 2296 632 2345 τῶν
662 2297 977 2366 προστατῶν
1030 2292 1142 2348 ἐστί
1174 2315 1280 2351 σοι.
1330 2294 1390 2348 Τί
1438 2294 1531 2348 οὖν
1573 2294 1618 2330 1⁸
1652 2295 1862 2366 θαυμα-

214 2379 364 2447 στὸν,
400 2379 443 2433 εἰ
476 2378 712 2435 κάκεῖνοι
743 2381 932 2437 πολλὰ
961 2384 1046 2437 καὶ
1084 2385 1299 2458 χρηστὰ
1358 2379 1860 2456 συμϐουλεύσαντες

216 2465 548 2538 Ἀθηναίοις,
615 2470 703 2523 καὶ
762 2469 948 2526 πολλὰ
1003 2476 1112 2526 τῶν
1175 2470 1454 2547 δυσχερῶν
1497 2472 1860 2544 κωλύσαντες,

216 2557 294 2629 μή
347 2553 436 2611 διὰ
479 2553 671 2620 τέλους
721 2558 919 2622 αὐτοὺς
979 2559 1329 2632 ἠδυνήθησαν
1396 2567 1688 2636 κατασχεῖν
1731 2558 1860 2635 μηδ’

211 2644 450 2700 ἀθάνατα
485 2645 722 2717 ῗάσαντο,
755 2647 882 2704 ἀλλ’
914 2652 1226 2720 ἡττήθησαν
1251 2657 1351 2720 τῆς
1385 2650 1564 2724 δήμου
1623 2649 1857 2724 φύσεως,

219 2733 331 2789 εἴτε
379 2737 469 2789 καὶ
515 2739 611 2804 τῆς
665 2745 854 2806 κοινῆς
904 2738 1201 2812 ἀνθρώπων
1233 2741 1279 2776 ‘9
1318 2737 1398 2794 δεῖ
1430 2739 1628 2813 λέγειν,
1659 2741 1749 2794 καὶ
1785 2742 1859 2812 μὴ

211 2821 551 2894 ἐδυνήθησαν
585 2828 630 2861 ²⁰
674 2827 915 2897 καθάπαξ
955 2826 1015 2882 ἐκ
1059 2835 1158 2897 τῆς
1204 2827 1422 2891 πόλεως
1483 2827 1680 2898 ἐξελεῖν
1742 2826 1860 2882 ἀδι-

215 2911 360 2982 κίαν,
412 2910 595 2987 ὥσπερ
635 2917 866 2990 γεωργοὶ
911 2916 976 2969 τὰ
1022 2914 1390 2990 λυμαινόμενα
1437 2923 1506 2992 τῇ
1555 2918 1716 2992 χώρᾳ
1744 2917 1860 2971 καθ’

212 2997 441 3056 ἕκαστον
497 3000 733 3058 ἐνιαυτὸν
784 3004 1156 3073 ἐκκόπτοντες,
1209 3006 1306 3062 εἶτ’
1344 3007 1441 3062 οὐκ
1479 3006 1858 3085 ἐφικνούμενοι

214 3086 306 3144 διὰ
355 3091 552 3153 παντὸς
601 3097 698 3146 τοῦ
743 3093 1170 3167 [λυμαινομένου
1219 3097 1317 3164 τήν
1366 3095 1555 3174 χώραν
1587 3099 1656 3168 ²¹]
1704 3097 1859 3171 σπέρ-

1981 1935 2129 1991 Num
2153 1952 2286 2007 ergo
2320 1939 2532 1994 mirum
2555 1939 2737 2008 erit,si
2762 1953 2866 1994 nec
2887 1939 3132 2006 illi,cum
3149 1936 3335 1994 multa
3351 1940 3503 1995 bona
3526 1940 3628 1994 do-

1981 2025 2241 2081 cuissent
2259 2027 2642 2084 Athenienses
2657 2045 2721 2084 ac
2737 2045 2916 2084 noxas
2933 2028 3145 2084 multas
3158 2028 3236 2083 im
3247 2029 3626 2100 pedivissent,

1979 2130 2213 2186 semper
2241 2133 2339 2172 eos
2369 2117 2638 2174 cohibere
2668 2122 3002 2190 potuerunt,
3025 2133 3214 2189 neque
3247 2117 3485 2173 morbos
3518 2117 3625 2171 im-

1981 2205 2259 2261 mortales
2279 2212 2579 2272 curarunt,
2611 2209 2706 2263 sed
2739 2225 2774 2263 a
2803 2206 2999 2280 populi
3031 2212 3258 2274 natura,
3292 2207 3412 2261 sive
3430 2205 3624 2276 potius

1974 2295 2274 2350 communi
2337 2295 2640 2351 hominum
2701 2301 2840 2352 sunt
2880 2297 3032 2362 victi,
3088 2312 3192 2351 nec
3251 2295 3621 2366 iniquitatem

1973 2400 2214 2456 prorsus
2245 2402 2274 2442 e
2304 2385 2538 2442 civitate
2572 2390 2884 2456 potuerunt
2912 2385 3232 2455 exstirpare
3286 2401 3299 2438 :
3337 2383 3620 2454 quemad-

1973 2473 2212 2528 modum
2255 2489 2388 2528 cum
2448 2475 2707 2543 agricolae
2740 2473 3052 2544 quotannis
3102 2471 3225 2542 agri
3265 2470 3618 2524 detrimenta

1972 2561 2342 2629 exscindunt,
2379 2577 2480 2616 nec
2530 2577 2633 2631 per
2680 2566 2867 2616 totum
2908 2575 3104 2614 semen
3137 2561 3463 2628 penetrant.
3495 2559 3616 2610 Hoc

1971 2651 2144 2705 modo
2191 2650 2244 2705 si
2281 2659 2334 2705 et
2377 2650 2531 2718 illos,
2565 2667 2698 2704 cum
2750 2650 3036 2704 civitatem
3089 2662 3341 2717 purgare
3377 2644 3612 2712 vellent,

1969 2740 2165 2794 432a
2197 2740 2591 2794 necessarium
2623 2737 2920 2808 injustitiaa
2964 2742 3139 2808 atque
3179 2735 3393 2806 ingrati
3434 2732 3614 2788 animi

1972 2844 2170 2884 semen
2193 2827 2414 2897 effugit,
2433 2832 2491 2882 et
2521 2827 2818 2893 remansit,
2839 2842 2944 2880 nec
2965 2825 3108 2896 ipsis
3130 2824 3614 2894 obtemperarunt

1971 2915 2189 2984 omnia,
2204 2915 2528 2987 quinetiam
2549 2931 2727 2986 perse
2745 2914 2990 2984 p0pulus
3007 2910 3289 2967 nonnulla
3302 2914 3612 2978 statueret,

1969 3021 2074 3061 cur
2103 3005 2223 3060 haec
2263 3005 2695 3075 improbitatem
2726 3003 2865 3058 viris
2894 3002 3159 3069 afferant,
3193 3005 3294 3056 aut
3325 2999 3469 3070 ipsis
3500 2997 3612 3052 im-

1974 3099 2248 3166 putentur
2295 3095 2487 3151 aliena
2515 3096 2543 3149 ‘I
2592 3093 2764 3160 Quasi
2813 3092 2942 3163 quis
2982 3093 3180 3146 exorta
3222 3087 3527 3154 seditione,
3559 3089 3615 3141 et

219 3198 410 3250 ματος.
465 3179 526 3234 Εἰ
573 3184 764 3235 τοῦτον
812 3183 905 3236 τὸν
961 3185 1165 3258 τρόπον
1233 3183 1506 3241 κάκείνους
1574 3185 1859 3248 ἐθέλοντας

1974 3165 2068 3238 his
2123 3183 2348 3239 meliori
2393 3183 2539 3255 parti
2579 3179 2923 3254 praepositis,
2959 3183 3083 3233 tum
3120 3176 3365 3233 aliorum
3407 3175 3466 3230 in
3507 3175 3615 3229 hos

214 3268 490 3343 καθαίρειν
529 3271 575 3305 ²²
626 3272 723 3340 τήν
775 3271 936 3327 πόλιν
986 3272 1199 3348 ἐξέφυγε
1247 3275 1335 3329 καὶ
1368 3273 1603 3348 ἐνέμεινε
1643 3276 1856 3350 σπέρμα

217 3359 510 3432 ἀναγκαῖον
538 3357 751 3422 ἀδίκίας
782 3361 871 3416 καὶ
903 3361 1320 3436 ἀγνωμοσύνης,
1361 3364 1450 3420 καὶ
1496 3367 1560 3420 οὐ
1606 3365 1779 3420 πάντα
1809 3369 1856 3402 ³³

219 3449 523 3518 ὑπήκουσεν
552 3448 758 3518 αὐτοῖς,
792 3447 917 3506 ἀλλ’
949 3447 1087 3506 ἔστιν
1122 3453 1156 3506 ἅ
1183 3454 1270 3508 καὶ
1320 3455 1439 3509 καθ’
1471 3455 1630 3509 αὑτὸν
1681 3457 1709 3510 ὁ
1758 3452 1860 3524 δῆ-

223 3559 323 3612 μος
358 3533 748 3609 ἐϐουλεύσατο,
776 3540 898 3594 τίνα
925 3541 1086 3596 τοῦτο
1118 3548 1233 3604 τοῖς
1274 3541 1521 3618 ἀνδράσιν
1561 3540 1675 3619 ἔχει
1725 3566 1861 3620 φαυ-

217 3624 467 3696 λότητα;
524 3627 558 3696 ἢ
607 3627 660 3682 τί
711 3627 792 3683 δεῖ
844 3629 911 3684 τὰ
975 3628 1191 3684 ἐκείνων
1252 3630 1460 3707 ἑτέροις
1523 3632 1858 3706 λογίζεσθαι,

223 3715 401 3790 ὥσπερ
433 3713 493 3770 ἂν
525 3716 572 3751 ²⁴
601 3716 644 3771 εἰ
703 3719 792 3772 καὶ
838 3718 1075 3781 στάσεως
1122 3716 1292 3790 οὔσης
1341 3719 1392 3774 ἐν
1441 3724 1510 3792 τῇ
1543 3718 1728 3787 πόλει,
1771 3721 1860 3774 καὶ

219 3803 426 3859 τούτων
488 3811 586 3873 τῆς
648 3805 830 3878 ἐτέρας
885 3807 1200 3881 ἡγουμένων
1264 3811 1362 3877 τῆς
1419 3813 1526 3862 τῶν
1585 3808 1858 3877 ἐπιεικῶν,

224 3894 340 3949 εἶτα
367 3895 432 3948 τὰ
470 3899 578 3949 τῶν
604 3895 802 3968 ἑτέρων
833 3899 1199 3970 ἁμαρτήματα
1228 3898 1315 3953 καὶ
1356 3903 1462 3952 τῶν
1512 3899 1586 3962 εἷς
1636 3899 1862 3961 τούτους

223 3981 706 4056 πλημμελούντων
763 3983 948 4050 αὐτοῖς
1002 3988 1217 4048 τούτοις
1275 4008 1356 4047 τις
1440 3989 1732 4062 προσετίθη
1795 3989 1861 4045 ³⁵.

227 4071 323 4126 Καὶ
353 4073 474 4127 τίνα
511 4070 627 4148 ἔχει
663 4075 820 4150 φύσιν
855 4075 901 4110 ³6
931 4073 987 4128 οἵ
1021 4077 1160 4147 μήτε
1189 4073 1356 4149 ἔδρων
1384 4080 1549 4130 ταῦτα
1578 4077 1666 4130 καὶ
1695 4097 1866 4150 προσ-

227 4161 302 4214 ἑτι
343 4159 576 4214 κωλύειν
609 4160 796 4230 ἠξίουν
824 4181 835 4223 ;
871 4161 1047 4217 Ἀλλά
1079 4163 1186 4235 μήν
1220 4165 1264 4200 ²⁷
1297 4163 1349 4218 εἶ’
1392 4185 1453 4240 γε
1504 4161 1644 4236 μηδέ
1688 4169 1865 4225 κακῶς

224 4248 483 4304 ἀκούσασι
512 4249 696 4312 καλῶς
729 4248 874 4325 ἔχειν
919 4250 1160 4322 οἶήσεταί
1209 4274 1293 4314 τις
1339 4259 1458 4315 ταῖς
1507 4253 1693 4314 αύταῖς
1722 4255 1864 4328 χρή-

227 4341 415 4394 σασθαι
449 4333 668 4406 λαϐαῖς,
699 4339 788 4393 καὶ
818 4339 1039 4400 ταύταις
1073 4343 1148 4413 μὴ
1184 4341 1270 4396 ἐπὶ
1312 4343 1356 4379 ³⁸
1386 4347 1466 4414 τῷ
1515 4347 1693 4405 κακῶς
1741 4344 1862 4397 ἀντι

228 4434 413 4500 ειπεῖν,
451 4426 696 4482 ἀλλ’ἐπῖ
737 4433 816 4500 τῷ
847 4426 937 4483 διὰ
964 4434 1074 4485 τῶν
1112 4429 1318 4486 ἐκείνου
1371 4433 1439 4485 τὰ
1488 4432 1689 4486 ἐαυτῶν
1731 4432 1864 4486 ἀπο·

227 4516 514 4588 λύσασθαι,
540 4523 657 4578 πῶς
687 4517 962 4592 εἰρηκέναι
994 4524 1044 4593 γ’
1081 4521 1128 4556 ³9
1159 4519 1320 4575 αὐτὸν
1368 4521 1633 4596 πρότερον
1663 4526 1866 4591 κακῶς,

227 4606 261 4662 ἃ
296 4603 489 4680 μηδεὶς
536 4605 876 4683 ἐπηνάγκαζε
917 4607 1006 4662 καὶ
1059 4606 1131 4663 δι’
1180 4610 1253 4663 ὧν
1305 4611 1526 4685 χείρους
1565 4608 1701 4666 ὤετο
1733 4609 1868 4665 ἐκεί-

228 4716 352 4757 νους
385 4695 684 4770 ἀποφῆναι,
719 4693 892 4766 δεξιόν
922 4717 974 4750 τι
1022 4697 1264 4770 νομίζειν
1315 4696 1562 4753 κελεύσει
1602 4701 1685 4768 ao;
1720 4701 1870 4755 Ἐλε-

232 4784 422 4856 λήθεις
453 4786 496 4822 3‘
563 4781 667 4861 ἄρα
714 4786 905 4840 σαυτὸν
967 4788 1199 4850 ἁπάσαις
1256 4793 1374 4851 ταῖς
1433 4789 1756 4864 παροιμίαις
1788 4788 1871 4844 ἐν-

233 4876 524 4954 εχόμενος,
572 4875 647 4935 εἷς
687 4879 793 4948 πῦρ
845 4875 1036 4946 ξαίνων
1082 4878 1172 4932 καὶ
1204 4876 1355 4933 λίθον
1414 4875 1558 4952 ἕψων
1591 4879 1682 4933 καὶ
1721 4877 1872 4932 σπεί-

233 4982 338 5036 ρων
384 4963 482 5025 τὰς
531 4963 752 5038 πέτρας.
801 4964 864 5018 Τί
913 4964 1013 5040 γὰρ
1052 4970 1157 5019 τῶν
1201 4972 1307 5021 σῶν
1337 4969 1624 5022 νουθεσιῶν
1653 4967 1744 5021 καὶ
1778 4966 1874 5022 λό-

229 5073 337 5129 γων
368 5051 686 5123 ἀπήλαυσαν
717 5052 907 5109 ἐκεῖνοι
934 5072 947 5123 ;
977 5054 1030 5109 τί
1058 5059 1164 5109 τῶν
1215 5055 1370 5110 θείων
1420 5055 1454 5124 ἢ
1505 5061 1610 5111 τῶν
1667 5056 1878 5129 ἀνθρω-

231 5141 400 5198 πίνων
433 5142 656 5216 ἄμεινον
689 5148 1135 5218 μετεχειρίσαντο
1168 5143 1443 5207 Διονύσιος
1493 5147 1526 5216 ἢ
1575 5146 1713 5200 Δίων
1762 5147 1879 5219 μετ’

1969 3277 2203 3347 peccata
2266 3273 2354 3328 his
2411 3272 2553 3343 ipsis
2594 3271 2888 3327 tribueret.
2923 3267 3222 3333 Quomodo
3280 3269 3476 3321 autem
3538 3263 3616 3318 sit

1970 3378 2217 3431 aequum,
2251 3362 2351 3433 qui
2390 3378 2496 3418 nec
2526 3378 2593 3418 ea
2642 3361 2900 3431 fecerint,
2936 3365 2992 3415 et
3024 3359 3269 3428 insuper
3310 3353 3616 3426 prohibere

1968 3453 2279 3508 voluerint.
2311 3453 2472 3516 Quod
2526 3452 2576 3507 si
2619 3467 2722 3508 nec
2755 3468 2852 3507 eos
2890 3464 3140 3522 quorum
3169 3453 3255 3503 est
3285 3444 3439 3500 fama
3475 3442 3615 3498 lessa

1969 3543 2173 3599 iisdem
2198 3543 2428 3615 putabit
2447 3543 2607 3598 ansis
2642 3542 2722 3597 uti
2761 3541 2986 3608 debere,
3019 3541 3196 3610 idque
3226 3553 3341 3592 non
3375 3535 3447 3589 ad
3482 3550 3614 3587 ma-

1970 3631 2339 3687 ledicendum
2371 3631 2631 3688 vicissim
2664 3631 2766 3686 sed
2799 3638 2858 3684 ut
2887 3646 2950 3685 se
2983 3645 3083 3700 per
3112 3627 3257 3682 alios
3288 3621 3609 3686 absolvant,

1972 3722 2264 3790 quomodo
2323 3736 2455 3774 eum
2508 3720 2773 3788 probabit
2815 3718 2915 3788 qui
2964 3717 3120 3787 prior
3167 3711 3329 3769 nulla
3375 3716 3611 3766 coactus

1971 3807 2317 3863 necessitate
2367 3807 2681 3874 maledixit,
2705 3810 2768 3860 ut
2801 3822 2902 3876 per
2931 3821 3055 3873 quas
3097 3803 3228 3857 illos
3260 3800 3486 3871 pejores
3516 3797 3609 3854 vi-

1975 3894 2098 3950 deri
2129 3895 2367 3952 curabat
2407 3895 2669 3950 dextrum
2717 3892 2857 3965 quid
2887 3897 3090 3963 putare
3117 3888 3375 3959 jusserit.
3409 3887 3611 3941 Enim-

1973 4002 2106 4042 vero
2139 3985 2438 4041 nesciebas
2468 3989 2524 4039 te
2553 3984 2647 4039 his
2689 3981 3006 4053 proverbiis
3036 3977 3242 4036 teneri.
3277 3979 3459 4047 ignem
3489 3990 3614 4031 ver—

1975 4077 2188 4142 berare,
2218 4074 2456 4145 lapidem
2494 4088 2740 4144 coquere,
2763 4088 2898 4126 sema
2935 4068 3228 4125 seminare.
3263 4067 3424 4132 Quod
3462 4064 3616 4120 enim

1973 4165 2057 4221 illi
2086 4182 2150 4220 ex
2197 4164 2692 4220 admonitionibus
2724 4163 2840 4216 tuis
2889 4178 2955 4217 ac
2994 4157 3364 4215 sermonibus
3410 4153 3616 4210 lucrati

1975 4258 2134 4325 sunt,
2155 4271 2330 4324 quam
2357 4269 2476 4310 rem
2496 4253 2582 4308 vel
2606 4253 2865 4307 divinam
2889 4250 2973 4306 vel
2998 4250 3311 4304 humanam
3332 4250 3462 4317 post
3483 4259 3619 4300 eum

1974 4345 2127 4399 diem
2171 4360 2285 4415 quo
2316 4342 2424 4398 tibi
2453 4359 2624 4398 aures
2655 4343 2980 4411 praebuerat
3011 4336 3341 4409 Dionysius,
3371 4333 3460 4389 vel
3491 4332 3618 4406 Dio,

1977 4434 2190 4489 rectius
2222 4429 2740 4488 administraruntl
2765 4431 2952 4485 Tanto
2975 4431 3206 4483 nostros
3238 4441 3413 4489 nos,o
3436 4423 3616 4482 Plato.

1975 4539 2146 4593 quam
2193 4529 2254 4577 tu
2297 4527 2444 4587 tuos,
2479 4520 2750 4577 meliores
2793 4516 3099 4573 efﬁcimus.
3125 4515 3286 4579 Quod
3330 4513 3377 4570 si
3410 4511 3620 4567 horum

1976 4612 2231 4667 indolem
2281 4611 2440 4667 dices
2473 4610 2769 4667 meliorem
2816 4608 3018 4676 fuisse,
3049 4605 3156 4660 hac
3205 4615 3436 4675 quoque
3474 4599 3534 4654 in
3564 4613 3625 4653 re

1982 4707 2242 4759 nostram
2274 4699 2539 4756 declaras
2570 4698 2964 4770 prudentiam,
2995 4694 3098 4766 qui
3119 4709 3277 4764 spem
3309 4692 3364 4746 in
3401 4688 3494 4744 his
3511 4688 3626 4744 ali—

1983 4808 2158 4863 quam
2220 4790 2618 4862 posuerimus,
2663 4803 2795 4844 cum
2849 4795 2904 4840 tu
2955 4789 3076 4840 toto
3131 4781 3411 4838 erraveris
3457 4779 3627 4843 ccelo,

1985 4879 2218 4952 quando
2241 4896 2374 4935 cum
2390 4879 2506 4934 illis
2532 4877 2753 4932 utiliter
2771 4880 2825 4930 te
2847 4874 3285 4946 disputaturum
3308 4867 3626 4924 credidisti.

1985 4969 2206 5025 Deinde
2235 4968 2387 5024 sicut
2417 4983 2482 5023 ea
2523 4967 2581 5022 in
2613 4966 2829 5038 quibus
2863 4963 3002 5020 alios
3031 4963 3296 5017 vicerunt
3326 4956 3504 5013 indoli
3536 4955 3630 5010 tri-

1986 5057 2140 5125 buis,
2175 5057 2258 5112 sic
2309 5057 2483 5112 etiam
2515 5056 2566 5112 si
2614 5055 2755 5126 quid
2788 5053 2895 5109 tibi
2936 5050 3080 5108 satis
3110 5053 3327 5104 temere
3364 5045 3630 5101 videntur

1985 5147 2196 5218 egisse,
2228 5146 2337 5203 hoc
2368 5145 2554 5201 eidem
2586 5142 2768 5199 indoli
2810 5143 3040 5213 imputa
3072 5157 3086 5208 ;
3121 5152 3308 5208 neque
3337 5151 3472 5191 cum
3503 5149 3628 5206 qua:

1587 5292 1822 5349 VARle
1862 5291 2268 5348 LECTIONES.

299 5425 344 5461 ¹⁰
373 5427 556 5503 ταῦτα]
587 5423 723 5503 αύτᾲ
754 5430 820 5480 Α.
905 5426 945 5462 ίί
974 5423 1060 5503 ἐφ’
1175 5442 1187 5481 :
1221 5426 1312 5502 ἀφ’

229 5504 294 5574 ᾼ.
334 5568 349 5574 _
374 5498 418 5534 ¹⁶
450 5495 888 5574 ΠρωταγόραμΑ.
970 5495 1132 5551 ιτκαὶ
1159 5495 1279 5553 om:
1321 5495 1382 5574 Af.

229 5570 268 5643 η
334 5568 468 5642 λυμ.
499 5568 518 5643 ’ξ
572 5568 674 5638 τὴν
723 5568 920 5643 ’χώραν
980 5588 1121 5643 omn
1158 5577 1216 5626 Δ.
1325 5571 1370 5604 ²²
1392 5571 1639 5642 καθαρεῖν
1675 5578 1710 5643 Α

230 5642 275 5716 ξδ
303 5641 566 5716 προστιθῆ
598 5647 662 5697 Δ.
735 5641 1024 5716 ’ξῖξίζφύσιή
1057 5641 1213 5716 φύσιν
1245 5644 1411 5696 ταῦτα
1440 5646 1505 5699 Α.

233 5713 274 5749 ει
315 5697 627 5787 ελελήθεις]
659 5731 716 5787 ρ.
743 5697 868 5771 3772

1506 5429 1550 5464 1³
1576 5423 1737 5498 εἰδὲ]
1775 5445 1828 5498 p.
1861 5428 1986 5482 371.

1462 5499 1502 5533 ¹⁸
1530 5497 1582 5551 τί
1613 5496 1732 5569 οὖν]
1849 5500 1976 5552 373.

1753 5588 1769 5642 :7
1799 5570 2068 5641 καθαριεῖν

1610 5643 1652 5678 ²⁷
1683 5639 1828 5696 ἀλλά
1873 5639 2026 5712 trav].

2066 5427 2110 5462 ¹³
2140 5419 2535 5494 ἠϐουλήθησαν

2057 5498 2103 5535 19
2132 5497 2456 5572 ἀνθρώπων]
2487 5496 2600 5548 τῶν
2627 5496 2928 5572 ἀνθρώπων
2966 5503 3024 5548 Α.

2309 5570 2350 5602 '33
2410 5563 2582 5621 π’ἀντα
2641 5571 2684 5622 Α
2732 5563 2760 5620 ’ξ
2803 5565 2976 5637 πάντῃ

2132 5638 2173 5675 ἱδ
2208 5638 2291 5692 ἐπὶ
2335 5658 2449 5695 om.
2493 5643 2556 5695 A.
2661 5640 2706 5674 99
2734 5639 2782 5711 γ’
2843 5656 2957 5693 om.
3016 5642 3079 5692 A.

2732 5425 2774 5460 ιι
2802 5423 2899 5489 τὴν
2934 5418 3007 5494 δὲ]
3041 5419 3254 5494 ρ.β7εζ.
3327 5415 3372 5494 ξξ
3397 5413 3458 5468 τὸ
3491 5414 3623 5494 add.

3103 5491 3151 5526 2°
3171 5485 3517 5596 ἡέυξήθησαν
3541 5484 3623 5596 Ξ.

3197 5562 3240 5596 ²¹
3281 5559 3340 5612 ἂν
3400 5575 3514 5614 om.
3557 5562 3621 5611 A.

3184 5633 3230 5668 3°
3287 5628 3495 5684 κελεύει
3557 5636 3622 5682 Α.
