4032 6226
243 376 398 438 1561

1344 373 1882 437 BIBLIOTHECA.
1927 408 2001 421 —
2048 377 2223 439 COD.
2268 375 2638 439 CCXLVIII.

3488 381 3644 442 1562

244 505 428 562 ὁτιοῦν
480 500 688 578 ὕϐρεως
735 505 822 559 καὶ
872 501 1154 579 ἀσελγείας
1213 503 1466 564 ἀπέλιπε.
1525 504 1622 561 Καὶ
1680 507 1741 561 σὺ
1787 508 1878 580 μὲν

1994 525 2151 583 gere,
2185 509 2361 580 idque
2391 507 2643 565 alterum
2674 508 2951 580 amicum,
2985 512 3176 566 488a
3221 513 3450 570 hostem
3500 512 3642 569 alte-

245 592 404 650 οὐδὲν
443 590 704 666 ὑϐρίσθης
735 592 886 658 ἴσως·
923 595 950 648 ὁ
984 590 1042 648 δὲ
1075 597 1156 656 οἷς
1189 596 1380 668 ἡγεῖτο
1417 590 1675 668 ὑϐρίζειν,
1707 595 1883 652 πλείω

243 688 413 738 ταῦτα
478 680 732 758 ἔπραττεν
792 683 826 752 ἢ
888 685 1013 756 [703
1071 684 1162 756 IL]
1213 681 1282 737 δι’
1330 685 1405 738 ὧν
1454 681 1577 757 ᾔδει
1605 687 1882 756 τιμήσων.

245 770 422 840 ’Δλλ’,
458 771 504 825 ὦ
554 775 600 808 ⁸³
630 773 846 827 πάντων
877 773 924 809 ⁸³
956 772 1224 846 θαυμάσιε
1255 759 1508 843 Πλάτων,
1552 775 1628 847 μή
1673 772 1741 829 δι’
1775 774 1886 848 ἀμ-

244 865 368 934 φοῖν
402 854 552 930 ὤθει,
575 861 664 915 καὶ
692 865 860 916 ταῦτα
888 859 951 915 οὐ
983 858 1072 915 διὰ
1097 864 1206 917 τῶν
1255 859 1430 940 φίλων
1478 861 1592 926 ἑνὸς
1639 862 1728 916 καὶ
1775 867 1882 918 τῶν

243 947 461 1024 ἐχθρῶν
507 949 576 1017 ⁶⁴,
625 947 773 1004 ἀλλά
824 947 913 1004 διὰ
957 955 1154 1005 σαυτοῦ
1200 971 1258 1005 τε
1286 952 1334 988 ⁸⁵
1373 950 1463 1006 καὶ
1511 951 1742 1022 τούτων,
1793 950 1884 1014 οὓς

247 1036 462 1112 μᾶλλον
504 1035 699 1115 φίλους
724 1039 791 1107 ἦν
821 1038 965 1102 εἰκὸς
1015 1041 1288 1114 ἡγεῖσθαι.
1331 1041 1392 1096 Εἰ
1441 1037 1498 1096 δδ
1550 1043 1649 1115 μή,
1697 1043 1886 1098 σκόπει

247 1129 325 1201 μή
359 1125 390 1182 8
417 1148 468 1182 τι
501 1125 810 1204 ἐγκαλέσεις
838 1129 907 1200 ⁸⁸,
940 1128 1067 1185 ἀλλ’
1098 1129 1128 1184 6'
1155 1150 1205 1184 τι
1240 1128 1566 1206 ἀπολογήσῃ
1601 1131 1881 1207 πρότερονο

241 1219 480 1273 τοσαῦτά
543 1215 654 1273 ἐστι
702 1218 790 1273 καὶ
838 1218 904 1274 τὰ
947 1217 1032 1278 σά.
1087 1220 1147 1276 Εἰ
1199 1217 1245 1275 δ’
1276 1222 1320 1257 ⁸⁷
1369 1221 1536 1291 αὐτὴν
1569 1221 1649 1300 ἐφ’
1689 1224 1884 1292 ἑαυτῆς

243 1303 329 1361 δεῖ
382 1308 482 1376 τήν
542 1305 857 1382 προαίρεσιν
907 1308 1190 1379 ἐξετάζειν,
1240 1309 1480 1366 ἀναίτιον
1539 1312 1633 1384 μὲν
1689 1312 1752 1366 τὸ
1793 1313 1882 1367 σὸν

243 1395 492 1465 εἰκότως,
526 1396 768 1451 ἀναίτιον
804 1395 861 1452 δὲ
891 1396 951 1452 ἐκ
979 1402 1086 1452 τῶν
1136 1399 1312 1454 αὐτῶν
1358 1399 1448 1454 καὶ
1487 1400 1550 1455 τὸ
1595 1399 1884 1474 ἡμέτερον.

242 1485 344 1539 Καὶ
375 1484 631 1560 πρόσεστι
661 1487 753 1541 καὶ
782 1487 844 1542 τὸ
901 1494 1169 1564 κρατῆσαι
1227 1493 1334 1543 τῶν
1384 1490 1746 1564 πραγμάτων,
1794 1491 1885 1546 καὶ

240 1573 305 1628 τὸ
358 1573 529 1646 μείζω
584 1579 752 1630 ταῦτα
801 1577 938 1632 εἶναι
982 1581 1091 1632 τῶν
1141 1598 1198 1631 τε
1250 1575 1350 1632 ὑπό
1383 1581 1478 1632 σοῦ
1511 1576 1886 1652 πουδαζομές

240 1683 346 1718 νων
400 1663 473 1717 ὧν
521 1683 578 1718 τε
625 1664 780 1720 αὐτοὶ
832 1665 1331 1741 προσεκρούσαμεν.
1380 1666 1452 1722 Σὺ
1505 1667 1599 1740 μὲν
1629 1667 1807 1722 τοίνυν
1840 1669 1890 1706 ⁸⁸

243 1750 520 1830 ἐλέγχειεν
551 1755 698 1827 ἡμᾶς
729 1754 892 1825 ἀξιῶν
923 1756 1013 1810 καὶ
1042 1757 1176 1810 κατὰ
1227 1759 1424 1811 σαυτοῦ
1475 1756 1674 1832 λὲγεις,
1723 1759 1888 1830 ἡμεῖς

1995 615 2123 655 rum
2147 600 2175 655 ?
2203 598 2415 654 Verum
2449 597 2700 668 teipsum
2731 601 2789 652 et
2817 597 2925 652 hos
2958 601 3105 668 pete,
3133 615 3273 670 quos
3305 601 3497 671 potius
3536 603 3644 659 de-

1993 689 2172 746 bebas
2222 704 2324 761 pro
2373 687 2578 744 amicis
2627 687 2858 742 habere.
2893 687 3124 758 Alioqui
3168 704 3282 743 non
3323 694 3444 744 tam
3495 692 3638 762 quid

1996 794 2256 846 accuses,
2290 793 2466 849 quam
2519 776 2658 849 quid
2709 775 2868 846 prius
2900 791 3139 832 excuses
3168 776 3485 832 videndum
3534 780 3640 835 tibi

1997 867 2192 932 fuerit,
2213 865 2503 937 siquidem
2537 870 2633 920 tua
2665 881 2897 937 quoque
2928 869 3093 920 tanta
3124 869 3280 920 sunt.
3312 865 3414 920 Sin
3446 864 3640 936 ipsum

1997 973 2100 1030 per
2123 972 2186 1011 se
2215 954 2703 1012 considerandum
2731 959 2822 1010 est
2851 953 3180 1022 consilium,
3205 969 3310 1009 nec
3333 960 3497 1009 tuum
3523 955 3644 1009 cul-

1997 1044 2120 1117 pari
2137 1045 2273 1115 jure
2297 1047 2501 1115 potest,
2521 1059 2626 1098 nec
2645 1043 2820 1099 etiam
2846 1043 3047 1098 eadem
3070 1043 3138 1098 de
3160 1057 3332 1098 causa
3353 1047 3642 1111 nostrum,

1995 1149 2112 1205 quo
2159 1133 2385 1189 accedit
2429 1137 2491 1188 ut
2541 1132 2656 1187 voti
2705 1135 3001 1203 compotes
3033 1131 3167 1186 facti
3197 1131 3403 1196 simus,
3437 1136 3493 1188 et
3527 1132 3642 1186 haec

1995 1227 2122 1278 tum
2154 1222 2272 1277 tuis
2301 1223 2536 1288 studiis,
2561 1227 2687 1277 tum
2711 1220 2929 1278 nostris
2958 1221 3195 1276 offensis
3227 1226 3367 1277 sunt
3398 1221 3639 1292 majora.

1996 1313 2184 1378 Quare
2213 1327 2345 1368 cum
2375 1315 2434 1368 tu
2467 1328 2574 1368 nos
2606 1312 2948 1382 redarguere
2977 1311 3197 1378 studes,
3223 1310 3468 1381 teipsum
3502 1327 3644 1381 quo-

1998 1415 2108 1472 que
2124 1400 2340 1457 refellis
2358 1417 2372 1455 :
2390 1417 2514 1469 nos,
2529 1401 2670 1456 dum
2691 1400 2858 1456 nobis
2875 1401 3170 1472 suppetias
3196 1399 3463 1466 ferimus,
3481 1407 3638 1456 tuam

1995 1505 2224 1561 quoque
2272 1505 2394 1545 rem
2445 1491 2697 1562 agimus.
2731 1489 2998 1556 Quinimo
3029 1494 3130 1544 tua
3163 1489 3422 1545 defensio
3473 1490 3639 1545 nobis

1997 1593 2224 1650 quoque
2253 1579 2539 1646 convenit,
2571 1594 2774 1634 verum
2826 1578 2932 1632 tibi
2980 1593 3095 1633 non
3145 1581 3251 1645 tot,
3285 1585 3425 1649 quot
3475 1578 3643 1633 nobis

1997 1673 2139 1723 sunt
2168 1668 2530 1739 adjumenta.
2558 1667 2760 1741 Itaque
2785 1672 2847 1723 ut
2871 1667 3038 1723 nobis
3060 1667 3190 1739 quis
3214 1671 3433 1739 parcat,
3458 1666 3645 1722 incer-

1999 1763 2121 1814 tum
2153 1759 2229 1814 sit
2260 1775 2330 1814 an
2364 1765 2418 1814 et
2442 1759 2578 1825 tibi;
2605 1761 2696 1814 sin
2718 1762 2774 1814 te
2805 1758 3171 1825 condemnet,
3196 1757 3365 1813 nobis
3398 1757 3642 1812 fortasse

245 1839 302 1897 δὲ
354 1843 485 1917 ὅπερ
537 1845 698 1912 ἡμῶν
755 1843 930 1900 αὐτῶν
983 1844 1237 1920 λέγοντες
1294 1845 1457 1900 mi”
1502 1846 1564 1900 τὸ
1616 1846 1705 1901 σὸν
1737 1849 1878 1923 θερα·

1995 1849 2222 1904 veniam
2271 1847 2450 1903 dabit.
2483 1847 2643 1914 Quod
2677 1847 2727 1902 si
2758 1863 2865 1903 nec
2907 1846 3074 1903 nobis
3107 1851 3322 1919 parcat,
3356 1845 3503 1900 nihil
3532 1846 3642 1901 erit

242 1931 497 2004 πεύομεν.
559 1931 784 1988 Μᾶλλον
854 1931 910 1988 δὲ
964 1940 1062 2002 τῆς
1129 1935 1222 2008 μὲν
1284 1941 1382 2004 σῆς
1437 1933 1739 2008 ἀπολογίας
1795 1937 1884 1991 καὶ

243 2023 409 2093 ἡμεῖς
465 2021 825 2099 μετέσχομεν,
877 2024 962 2078 σοὶ
1014 2020 1061 2077 δ’
1108 2024 1218 2098 οὐχ
1262 2023 1386 2079 ὅσον
1440 2025 1577 2098 ἡμῖν
1627 2025 1882 2102 ὑπάρχει.

242 2112 402 2165 Ὥστε
433 2111 477 2166 εἰ
512 2112 606 2184 μὲν
639 2114 799 2186 ἡμῶν
837 2133 923 2174 τις
949 2115 1210 2190 φείσεται,
1259 2111 1466 2184 ἄδηλον
1517 2113 1563 2169 εἰ
1613 2115 1704 2168 καὶ
1760 2119 1881 2169 σοῦ’

1996 1938 2076 1994 ibi
2117 1938 2512 2010 sperandum:
2546 1952 2730 2008 usque
2759 1953 2823 1992 eo
2854 1935 3091 1992 victoria
3133 1941 3332 1991 nostra
3378 1935 3533 1990 cedit
3582 1936 3639 1990 in

1995 2032 2161 2083 tuum
2183 2027 2574 2084 commodum.
2592 2027 2930 2098 Quapropter
2947 2027 3118 2082 etiam
3145 2033 3240 2082 tua
3271 2027 3508 2096 require,
3530 2040 3642 2080 non

1993 2133 2133 2174 mea.
2169 2117 2365 2190 Inquit
2394 2117 2464 2172 ad
2497 2115 2814 2186 quemdam
2846 2115 3064 2170 Teucer
3093 2114 3330 2184 (93-95).

247 2198 292 2254 εἰ
357 2197 413 2255 δὲ
463 2204 559 2255 σοῦ
605 2222 691 2264 τις
738 2203 1062 2278 καταγνοίη,
1111 2202 1255 2282 τάχα
1299 2203 1359 2258 ἂν
1408 2205 1544 2276 ἡμῖν
1593 2225 1656 2278 γε
1705 2204 1986 2281 συγγνοίη·
2038 2206 2084 2260 εἰ
2135 2202 2182 2260 δ’
2226 2205 2292 2260 αὖ
2345 2200 2476 2276 μηδ’
2523 2204 2568 2238 ’⁸ο
2605 2203 2765 2274 ἡμῶν
2799 2202 3036 2276 φείσεται
3066 2203 3107 2238 τί
3145 2199 3328 2274 σχολῇ
3359 2218 3419 2275 γε
3449 2200 3494 2234 ⁷³
3523 2201 3639 2252 σοῦ·

226 2289 385 2347 Οὕτω
436 2291 498 2346 τὸ
551 2297 705 2362 νικᾷν
753 2295 902 2366 ἡμᾶς
950 2293 1082 2367 ὑπὲρ
1124 2281 1220 2348 σοῦ
1269 2292 1504 2370 γίνεται.
1557 2294 1700 2370 Πρὸς
1751 2298 1921 2348 ταῦτα
1977 2295 2168 2350 σκόπει
2210 2294 2288 2368 μὴ
2344 2291 2548 2365 τούμὸν
2609 2288 2757 2345 ἀλλά
2810 2290 2901 2344 καὶ
2955 2290 3019 2344 τὸ
3077 2290 3192 2361 σὸν,
3245 2292 3476 2362 Τεῦκρος
3535 2281 3635 2363 ἔφη

224 2380 355 2435 τινί·

222 2474 318 2542 Τῷ
377 2469 747 2546 ’Δγαμὲμνονι
816 2469 1143 2528 όνειδίσαντι
1209 2473 1272 2528 τὸ
1346 2471 1502 2548 γένος
1569 2472 1653 2528 ὅτι
1698 2473 1872 2543 νόθον,

224 2635 318 2689 καὶ
352 2636 427 2706 μή
465 2633 672 2708 βούλου
706 2636 883 2691 πάντα
910 2631 1153 2710 ἀκριϐῶς
1185 2635 1470 2707 ἐξετάζειν,
1518 2633 1658 2709 μηδὲ
1706 2641 1873 2712 τριῶν

231 2723 403 2778 ὄντων
437 2724 512 2788 είς
543 2727 575 2780 ἅ
593 2746 674 2788 τις
707 2726 766 2780 ἂν
799 2726 847 2760 ⁷³
880 2725 1122 2800 βλέψειε,
1148 2733 1248 2796 τῆς
1268 2727 1518 2801 γνώμης,
1543 2732 1652 2782 τῶν
1676 2722 1874 2803 ἔργων,

229 2820 332 2883 τῆς
380 2814 577 2888 τύχης,
635 2813 788 2888 ἀφεὶς
832 2815 910 2869 τὼ
951 2813 1062 2870 δύω
1107 2820 1204 2871 τοῦ
1251 2817 1437 2890 τρίτου
1492 2811 1779 2889 λαμϐάνου
1833 2819 1876 2870 θ’

231 2907 402 2956 ταῦτα
457 2903 546 2957 καὶ
603 2901 700 2957 τοῦ
746 2903 944 2958 τούτου
994 2903 1256 2959 πλείστου
1310 2906 1508 2979 μὲρους
1559 2907 1674 2978 μεθ’
1715 2908 1875 2978 ἡμῶν

238 2986 415 3052 ὄντος.
450 2991 510 3046 Εἰ
542 2992 647 3066 γὰρ
676 2995 825 3064 ἡμᾶς
875 2988 984 3048 ἔδει
1023 2997 1190 3048 ταῦτα
1227 2992 1552 3068 προειδότας
1599 2993 1652 3066 ἒξ
1699 2994 1880 3070 ἀρχῆς

240 3077 548 3150 ἐξεπίτηδες
587 3081 716 3154 ὑπὲρ
768 3089 868 3150 τῆς
905 3079 1173 3144 Ἑλλάδος
1221 3085 1369 3156 ἡμᾶς
1411 3083 1605 3145 αὐτοὺς
1655 3081 1882 3139 ἐπιδοῦ-

234 3189 344 3238 ναι,
417 3166 516 3223 οὐκ
571 3169 630 3224 ἃν
692 3171 1036 3242 ὠκνήσαμεν,
1097 3169 1212 3226 οὐδ’
1258 3174 1578 3246 ἡττήθημεν
1622 3178 1717 3229 τοῦ
1771 3175 1880 3230 Κό-

234 3253 364 3330 δρου
405 3262 682 3313 τοσοῦτοψ
733 3259 824 3313 καὶ
879 3258 942 3312 σύ
993 3260 1046 3334 γ’
1094 3257 1156 3314 ἂν
1204 3261 1362 3333 οἶμαι
1410 3266 1578 3318 ταῦτα
1627 3257 1878 3318 συνεϐού-

2056 2473 2478 2547 Agamemnoni
2529 2471 2898 2544 exprobranti
2948 2486 3134 2543 genus
3181 2473 3637 2610 tanquan[iospu-

3461 2555 3636 2608 rium,

3461 2555 3636 2608 rium,

1987 2653 2094 2694 nec
2124 2634 2323 2692 omnia
2353 2649 2562 2692 conare
2584 2632 2846 2689 studiose
2867 2629 3137 2699 scrutari,
3161 2644 3352 2700 neque
3373 2644 3505 2684 cum
3530 2626 3639 2684 tria

1987 2727 2103 2783 sint
2133 2724 2580 2794 consideranda,
2617 2721 2871 2788 animus,
2907 2721 3081 2786 facta,
3114 2720 3380 2786 fortunae,
3415 2719 3640 2774 duobus

1988 2815 2250 2880 omissis,
2280 2815 2471 2886 arripe
2521 2812 2781 2881 tertium,
2811 2813 2984 2882 cujus
3024 2810 3164 2866 item
3206 2825 3342 2881 pars
3387 2808 3639 2863 maxima

1989 2905 2294 2961 nobiscum
2347 2903 2505 2960 facit.
2540 2901 2762 2958 Etenim
2815 2901 2864 2956 si
2905 2899 2998 2957 his
3050 2898 3218 2955 initio
3262 2896 3502 2967 relictis,
3535 2913 3638 2969 pro

1988 2993 2209 3051 Graecia
2239 3009 2346 3050 nos
2377 2993 2652 3048 devovere
2683 2991 3114 3057 debuissemus,
3149 3003 3265 3044 non
3295 3002 3524 3044 eramus
3554 3003 3639 3043 re-

1991 3083 2283 3153 cusaturi,
2306 3097 2493 3154 neque
2522 3081 2708 3138 Codro
2739 3083 2968 3136 tantum
3001 3078 3221 3135 cessuri
3247 3095 3260 3133 :
3285 3080 3459 3148 atque
3475 3076 3546 3133 ad
3578 3077 3634 3133 id

1990 3181 2078 3243 tu,
2110 3175 2304 3244 credo,
2334 3171 2678 3229 adhortatus
2722 3185 2902 3227 esses.
2944 3170 3058 3240 Age
3104 3181 3238 3224 vero
3285 3171 3484 3223 utrum
3530 3165 3641 3221 hoc

1995 3263 2326 3335 maluisses,
2350 3267 2416 3318 ut
2438 3261 2582 3318 nihil
2606 3279 2639 3318 a
2661 3261 2828 3317 nobis
2858 3263 3084 3333 gestum
3119 3273 3381 3329 unquam
3414 3256 3640 3321 fuisset,

236 3329 452 3409 λευσας.
495 3348 662 3421 [1300
693 3349 784 3418 3.]
835 3329 1017 3414 Ἐπεὶ,⁷
1063 3347 1190 3425 φέρε
1237 3329 1374 3424 πρὸς
1424 3348 1635 3427 φιλίου,
1693 3351 1876 3426 πότερ’

1993 3369 2099 3410 nec
2128 3353 2186 3407 in
2219 3369 2324 3408 nos
2354 3351 2568 3407 civium
2601 3329 2907 3421 quisquam
2942 3351 3242 3419 peccasset
3271 3346 3492 3416 (itaque
3522 3349 3640 3400 tam

235 3433 292 3490 ἃν
318 3437 366 3472 7‘
397 3433 611 3508 μᾶλλον
644 3432 980 3506 ἐϐουλήθης,
1015 3439 1154 3510 μήτε
1179 3437 1248 3492 τὰ
1272 3435 1584 3517 πραχθέντα
1615 3437 1684 3494 δι’
1713 3442 1877 3513 ἡμων

234 3527 547 3601 πεπρᾶχθαι
585 3527 655 3599 τῇ
684 3523 868 3596 πόλει,
913 3527 1054 3597 μήτε
1085 3525 1161 3587 εἷς
1194 3529 1342 3598 ἡμᾶς
1377 3525 1580 3600 μηδένα
1619 3534 1729 3584 τῶν
1779 3551 1877 3585 ποι

237 3614 401 3670 λιτῶν
435 3614 750 3690 ἐξαμαρτεῖν
778 3633 792 3684 ;
826 3611 1018 3669 οὐκοῦν
1047 3611 1224 3691 ἕτεροι
1253 3617 1342 3670 καὶ
1374 3615 1451 3678 εἷς
1491 3619 1638 3689 ἡμᾶς
1676 3619 1766 3673 καὶ
1797 3619 1873 3682 είς

235 3703 470 3768 ἐκείνους
501 3699 760 3778 ἔμελλον
794 3704 828 3774 ἢ
857 3703 1073 3759 ἐκείνων
1102 3725 1165 3778 γε
1191 3701 1344 3760 ἓνεκα
1373 3703 1512 3760 ὥστε
1538 3708 1874 3781 πραχθῆναι,

234 3796 324 3850 καὶ
362 3800 528 3849 ταῦτα
559 3793 604 3849 εί
637 3791 750 3849 δέοι
793 3789 1107 3866 συμϐῆναις
1151 3794 1296 3870 Ἐγὼ
1339 3793 1435 3866 μὶν
1483 3794 1640 3867 οἶμαι
1684 3799 1873 3852 ταῦτα.

235 3883 438 3939 Οὐκοῦν
479 3885 557 3939 ὅτ’
606 3881 870 3957 ἆμφότερ’
910 3881 970 3938 ἄν
1021 3885 1065 3920 7⁸
1110 3883 1276 3962 φαίης
1327 3881 1529 3938 ἐθέλειν
1576 3881 1789 3958 μᾶλλον
1839 3885 1874 3954 ἢ

245 3972 537 4050 μηδέτερα,
580 3972 880 4048 ὁμολογεῖς
912 3973 1002 4029 καὶ
1031 3979 1150 4036 τοῖς
1200 3973 1690 4048 πεπολιτευμένοις
1739 3975 1876 4049 ἡμῖν

237 4065 444 4119 ἅπαντα
481 4062 516 4117 ’ὰ
543 4065 810 4139 προσήκει
835 4067 1135 4136 προσεῖναι,
1179 4061 1268 4117 καί
1322 4063 1590 4135 μειζόνως
1631 4064 1695 4119 τὰ
1741 4065 1878 4140 πρὸς

236 4150 478 4226 εὐδοξίαν
515 4155 558 4190 ’³⁸
587 4155 656 4226 τῇ
697 4150 857 4207 πόλει
906 4158 1006 4222 τῆς
1053 4152 1230 4214 αἰτίας
1281 4153 1437 4210 εἶναι.
1500 4158 1622 4216 Πῶς
1665 4151 1756 4208 οῦν
1815 4153 1876 4210 οὐ

236 4239 440 4305 δίκαιος
472 4241 612 4309 ἦσθα
645 4240 859 4311 μᾶλλον
890 4240 1124 4298 ἐπαινεῖν
1157 4241 1192 4312 ἢ
1225 4242 1404 4319 ψέγειν
1433 4262 1445 4313 ;
1480 4247 1568 4306 Ὠς
1612 4241 1658 4298 δ’
1683 4243 1876 4307 ἁπλῶς

234 4331 398 4387 εἰπεῖν
432 4331 498 4403 ⁷⁷,
530 4329 636 4386 ποῦ
668 4329 878 4386 δίκαιον
935 4333 1136 4406 μόνους
1173 4331 1418 4389 ἀπαιτεῖν
1478 4333 1698 4395 εὐθύνας
1745 4333 1876 4397 τοὺς

232 4420 292 4475 οὐ
327 4421 526 4494 μόνους
558 4424 666 4475 τῶν
713 4421 1052 4497 πραγμάτων
1097 4421 1341 4490 atticus;
1393 4419 1590 4478 οὔκουν
1637 4422 1767 4486 τούς
1812 4444 1876 4498 γε

233 4509 497 4586 ἡνιόχους
533 4507 837 4582 αἰτιώμεθα
863 4511 991 4572 τοὺς
1021 4513 1067 4547 ⁷⁸
1107 4509 1155 4581 ἐξ
1189 4511 1390 4586 ἀρχῆς,
1431 4511 1489 4566 ἃν
1529 4509 1712 4588 ἕτερος
1745 4512 1871 4576 τούς

233 4598 425 4662 αὐτοὺς
467 4597 674 4659 ’ίππους
723 4597 1060 4674 παραλαϐὼν
1106 4599 1328 4663 κακίους
1387 4599 1674 4676 ἀποδείξῃ·
1725 4601 1873 4657 ἀλλὰ

230 4691 314 4746 καὶ
349 4691 575 4764 ἡνίοχοι
607 4687 697 4744 καὶ
726 4686 1088 4763 πωλοδάμναι
1118 4691 1209 4745 καὶ
1240 4687 1562 4747 διδάσκαλοι
1610 4694 1873 4765 μειζόνως

232 4776 632 4848 εὐδοκιμοῦσιν,
664 4776 789 4833 ὅταν
820 4783 930 4834 τῶν
961 4778 1137 4834 αὐτῶν
1168 4777 1344 4855 ἕτεροι
1377 4779 1555 4856 κύριοι
1595 4783 1872 4837 καθεστῶ-

227 4888 312 4931 τες
347 4869 423 4941 μή
457 4871 564 4923 τῶν
587 4865 720 4922 ξ’σων
750 4865 891 4938 ἄξιοι
913 4866 1197 4943 γένωνται,
1220 4869 1309 4924 καὶ
1330 4871 1392 4939 νὴ
1429 4869 1508 4925 Δί’
1539 4867 1598 4925 ἄν
1626 4870 1675 4905 ⁷9
1703 4891 1766 4946 γε
1782 4870 1869 4926 καὶ

227 4959 360 5014 κατᾶ
387 4955 516 5021 τοὺς
545 4955 742 5018 αὐτοὺς
773 4958 1030 5032 χρόνους.
1079 4958 1220 5035 Φέρε
1275 4956 1342 5028 δή
1375 4960 1423 4995 ⁸ο
1472 4961 1561 5015 καὶ
1599 4959 1724 5034 περὶ
1762 4965 1870 5016 τῶν

231 5043 660 5122 συμϐεϐηκότων
715 5046 891 5103 αὐτῶν
945 5053 1064 5112 τοῖς
1120 5045 1341 5124 ἀνδράσι
1400 5050 1726 5124 σκεψώμεθα
1781 5050 1872 5106 καὶ

1985 3440 2046 3496 in
2080 3457 2185 3496 nos
2234 3455 2409 3510 quam
2458 3439 2518 3494 in
2563 3437 2718 3505 illos,
2752 3439 2917 3492 erant
2965 3436 3064 3490 alii
3115 3434 3432 3506 peccaturi)
3462 3450 3535 3490 an
3571 3436 3638 3488 ut

1984 3529 2104 3586 haec
2134 3545 2387 3602 quoque,
2421 3527 2469 3583 si
2503 3527 2692 3584 fuerat
2722 3542 2893 3597 opus,
2919 3539 3032 3595 quo
3066 3524 3270 3579 fierent
3299 3522 3420 3591 illa,
3453 3523 3635 3578 conti-

1984 3621 2222 3690 gissent.
2254 3619 2404 3684 Haec,
2435 3617 2704 3683 arbitror,
2731 3615 2953 3671 malles.
2978 3615 3124 3684 Ergo
3151 3629 3281 3669 cum
3314 3617 3633 3684 utrumque

1984 3713 2043 3764 te
2074 3724 2245 3779 quam
2279 3711 2553 3762 neutrum
2588 3703 2762 3759 malle
2791 3703 2961 3768 dicis,
2992 3717 3127 3756 cum
3160 3701 3358 3756 omnia
3389 3716 3514 3770 quae
3540 3717 3637 3756 re-

1987 3795 2372 3867 quirebantur
2391 3794 2448 3848 in
2470 3790 3044 3848 administrationem
3069 3793 3332 3844 nostram
3356 3787 3635 3844 incidisse

1987 3885 2299 3952 conﬁteris,
2314 3889 2439 3940 tum
2461 3882 2629 3955 plura
2651 3881 2801 3951 urbi,
2819 3883 2888 3937 de
2909 3880 3120 3952 quibus
3143 3879 3444 3952 glorietur,
3459 3895 3635 3949 quam

1989 3976 2060 4032 ob
2091 3991 2221 4048 quas
2245 3973 2727 4045 reprehendatur,
2751 3974 3075 4043 suppetere.
3099 3970 3248 4034 Quin
3275 3985 3409 4040 ergo
3431 3969 3637 4026 laudas

1988 4066 2181 4140 potius
2213 4081 2389 4139 quam
2419 4065 2729 4137 vituperas.
2757 4061 3014 4133 Denique
3036 4077 3141 4117 cur
3170 4061 3242 4116 ab
3274 4060 3348 4115 iis
3380 4060 3637 4117 rationes

1987 4157 2306 4231 repetimus
2348 4155 2507 4224 solis,
2541 4155 2640 4228 qui
2689 4153 2797 4210 soli
2846 4169 3038 4210 rerum
3070 4155 3336 4208 auctores
3363 4166 3478 4207 non
3511 4151 3634 4206 fue-

1987 4253 2141 4304 runt.
2174 4247 2318 4303 Nam
2352 4261 2455 4302 nec
2491 4246 2710 4319 primos
2760 4242 3246 4317 reprehendimus
3294 4241 3554 4312 aurigas,
3585 4239 3634 4295 si

1987 4337 2118 4409 quis
2164 4337 2395 4393 eosdem
2445 4351 2626 4408 equos
2675 4332 2827 4390 alius
2874 4331 3189 4388 deteriores
3220 4331 3410 4387 483b
3443 4328 3634 4386 reddi-

1986 4427 2156 4484 derit.
2202 4425 2415 4483 Verum
2467 4430 2523 4481 et
2567 4424 2786 4496 aurigas
2839 4436 3241 4495 equorumque
3291 4419 3635 4487 domitores,

1987 4516 2248 4590 magistri
2281 4515 2429 4571 fiunt
2459 4515 2662 4587 pluris,
2697 4530 2831 4570 cum
2861 4511 2959 4568 alii
2992 4512 3257 4568 eamdem
3295 4512 3632 4580 potestatem

1987 4605 2162 4674 nacti,
2196 4621 2312 4662 non
2360 4604 2562 4660 eodem
2611 4603 2781 4660 modo
2829 4618 2889 4658 se
2935 4604 3166 4674 gerunt,
3201 4599 3377 4670 idque
3429 4597 3633 4653 eodem

1983 4700 2265 4768 tempore.
2300 4695 2415 4766 Age
2443 4709 2599 4760 vero,
2633 4708 2763 4764 quae
2793 4691 2932 4748 viris
2962 4690 3056 4746 his
3088 4686 3428 4756 acciderint,
3460 4686 3635 4743 etiam

1983 4797 2414 4855 percurramus.
2442 4781 2641 4853 Neque
2670 4780 2824 4836 enim
2857 4794 3058 4835 omnes
3089 4777 3291 4833 eodem
3327 4776 3494 4831 modo
3526 4791 3632 4846 po-

1983 4873 2158 4943 pulus
2186 4870 2620 4937 condemnavit,
2653 4883 2838 4941 neque
2868 4869 2922 4924 id
2953 4867 3038 4922 illi
3069 4864 3370 4923 communi
3404 4864 3633 4920 decreto

1982 4966 2118 5018 sunt
2163 4961 2344 5034 passi,
2395 4975 2583 5032 neque
2633 4959 2806 5016 etiam
2855 4972 3097 5030 prorsus
3147 4969 3374 5011 omnes.
3415 4952 3631 5008 Verum

1982 5048 2404 5108 Themistocles
2452 5049 2688 5121 quidem
2736 5051 2794 5104 et
2835 5046 3038 5102 Cimon
3095 5043 3438 5101 ostracismo
3496 5043 3636 5098 sunt

1560 5149 1800 5205 VARIE
1842 5147 2254 5206 LECTIONES.

295 5251 342 5286 ⁶²
370 5246 596 5324 ἀλλ’ᾼῶ]
631 5265 695 5324 ρ1
715 5249 838 5324 38?.
915 5247 964 5283 ⁸³
991 5245 1208 5324 πάντων
1237 5265 1354 5324 qm.
1532 5249 1579 5284 ⁸⁸
1607 5249 1833 5324 καὶ-τῶν
1867 5246 2232 5324 ἐχθρῷν-οῳ.
2275 5252 2341 5306 Α.

1260 5321 1308 5356 θ’
1335 5319 1423 5392 καὶ
1452 5337 1564 5378 om.
1599 5323 1666 5377 A.
1700 5321 1860 5392 ἡμῶν
1899 5318 2103 5392 αὐτῶν]
2138 5318 2303 5392 αὐτοῦ
2333 5323 2397 5376 Α.

647 5319 697 5355 ⁸⁸
723 5320 904 5373 τοίνυν
933 5337 1048 5376 om.
1080 5322 1147 5374 A.

229 5319 296 5395 δ’]
328 5320 543 5396 p.__389.

226 5389 347 5466 Αξί
391 5393 563 5466 τξᾼγεχ
587 5393 634 5466 γ’
676 5389 739 5444 ἃν
772 5397 838 5459 Α,
871 5408 924 5446 v.
953 5391 1090 5466 libri
1123 5395 1254 5466 post
1280 5391 1541 5466 rotvuvv
1575 5393 1610 5446 9
1643 5389 1888 5466 ponunt.

2446 5247 2493 5284 ⁸⁸
2519 5266 2578 5302 τε
2607 5263 2725 5318 9m.
2769 5248 2861 5318 A.‘
2936 5244 2983 5318 ξ
3012 5239 3308 5318 ἐγκαλέσης
3337 5241 3403 5296 Α.
3504 5241 3550 5276 ⁸⁷
3581 5237 3626 5294 εἰ

2502 5321 2548 5356 ἰο
2576 5316 2642 5392 αξ,
2671 5337 2728 5392 γε
2762 5316 2890 5389 μηδ’
2923 5311 3153 5392 ς’ἒ-τι
3205 5311 3455 5392 ⁵φείσεται
3487 5329 3623 5392 itm.

2138 5322 2303 5412 αὐτοῦ
2333 5323 2397 5376 Α.
2502 5322 2548 5356 ⁷ο
2576 5322 2642 5372 αὖ
2671 5337 2728 5392 γε
2762 5322 2890 5389 μηδ’
2923 5322 3003 5392 ς.
3080 5322 3153 5404 ‘7‘
3216 5322 3455 5385 φείσεται
3506 5329 3623 5400 οῑῐιἔ

2103 5393 2271 5465 vtam
2301 5394 2384 5465 Α,
2435 5390 2541 5465 L7“
2558 5388 2788 5465 πότερον
2987 5386 3125 5465 “nhil
3153 5386 3297 5465 add.
3320 5390 3382 5441 Δ.
3448 5384 3532 5465 ’.⁷⁸
3547 5403 3627 5465 lat

225 5465 356 5536 πρὸς
387 5452 628 5533 εὐδῦξίαν
658 5479 772 5536 om.
798 5452 873 5536 Α.
910 5530 930 5536 Δ
1026 5461 1100 5525 ὡς
1123 5452 1176 5516 ’δ’
1200 5459 1409 5536 ,ἁπλῶς
1442 5461 1608 5519 εἰπεῖν
1638 5452 1717 5536 (ρ.
1750 5463 1876 5535 394)
1909 5480 2028 5519 om.
2061 5452 2391 5536 Αίδίκαιον]
2432 5458 2488 5518 δὲ
2519 5452 2726 5516 δίκαιον
2767 5460 2853 5514 καὶ
2893 5462 2954 5516 Α.
3032 5457 3080 5494 ’³⁸
3114 5454 3241 5518 τοὺς
3273 5461 3317 5511 Α
3349 5473 3362 5512 :
3416 5452 3508 5518 οὓς
3540 5454 3624 5529 ς’.

225 5530 276 5575 ⁷⁹’
296 5536 356 5593 ἃν
386 5554 504 5595 om.
525 5530 594 5592 Ἀ.
670 5534 718 5570 ⁸ο
748 5534 876 5611 φέρε
907 5530 999 5608 δή]
1031 5551 1086 5607 p.
1120 5534 1244 5592 398.

1801 5623 2032 5682 NOTZE.

291 5737 504 5809 (93-95)
530 5737 873 5804 Quemdam,
903 5736 1397 5807 Agamemnonem
1431 5733 1594 5806 Aiace
1625 5731 1947 5805 Sophoclis.
