4032 6226
285 329 440 394 1565

1380 327 1895 393 BIBLIOTHECA
1938 357 2016 375 -
2057 327 2228 390 COD.
2277 329 2639 392 CCXLVIII.

3526 341 3682 406 1566

282 461 472 540 ἄρχειν
503 463 591 519 καὶ
624 465 767 539 ἄγειν
803 464 930 519 ὅποι
963 461 1225 538 βούλοιτο
1267 464 1510 525 ἑαυτοὺς.
1554 461 1731 520 Ἀλλὰ
1753 464 1775 498 ³
1822 462 1918 535 μήπ

2043 461 2252 519 vellent
2285 463 2492 520 ducere
2515 465 2824 535 jusserint.
2851 469 2998 535 Quin
3028 469 3074 524 si
3105 474 3162 526 et
3193 474 3479 540 prioribus
3508 478 3681 534 annis

281 553 371 610 ὅτε
399 554 610 608 καὶτὸν
659 551 962 628 ἔμπροσθεν
995 553 1196 628 χρόνον
1254 551 1530 625 εὐδοκίμει
1569 549 1756 607 πολλὰ
1809 551 1930 620 ἑξῆς

282 642 375 712 ἔτη
409 644 450 713 ⁸,
493 643 584 697 καὶ
645 643 778 715 μετὰ
815 644 914 712 τήν
963 641 1260 713 καταδίκην
1319 642 1576 718 μέγιστος
1638 641 1800 696 πάλιν
1861 639 1928 707 ἦν

280 735 392 786 τῶν
450 729 721 801 πολιτῶν,
778 735 896 793 πῶς
957 730 1054 786 οὐκ
1104 731 1424 808 ἀμφοτέρων
1481 726 1634 785 ἕνεκα
1681 725 1930 800 ζηλωτός

281 818 416 888 ἔστι,
468 820 558 873 καὶ
612 827 714 888 τῆς
769 819 950 895 ἀρχῆς
1008 818 1098 874 καὶ
1156 825 1252 874 τοῦ
1307 819 1540 888 celoce;
1574 819 1649 874 Οὐ
1707 818 1810 892 γὰρ
1865 819 1928 873 τὸ

282 912 655 981 προσκροῦσαι
720 913 838 972 τοῖς
894 903 1192 982 ἔμπροσθεν
1253 907 1632 978 ἐπεσκότησεν,
1664 905 1810 962 ἀλλὰ
1865 907 1927 960 τὸ

280 999 544 1069 τιμᾶσθαι
596 997 732 1071 μετά
787 1003 950 1053 τοῦτο
981 1003 1152 1053 πᾶσαν
1210 998 1598 1073 παρεγράψατο
1648 997 1746 1065 τὴν
1795 1017 1928 1068 συμ-

282 1086 474 1165 φοράν.
510 1087 585 1142 Οὐ
634 1087 734 1162 γὰρ
766 1087 828 1142 τὸ
863 1087 1022 1159 μέσον
1082 1089 1270 1162 κύριόν
1319 1085 1460 1142 ἐστιν
1503 1085 1768 1162 ἑκατέρων
1816 1085 1924 1140 τῶν

280 1179 506 1247 καιρῶν,
559 1175 708 1232 ἀλλὰ
753 1181 940 1249 κρατεῖ
976 1177 1037 1231 τὸ
1088 1176 1492 1252 συναμφότερον
1521 1177 1545 1210 ⁵
1588 1179 1684 1230 τοῦ
1736 1173 1922 1248 μέσου.

277 1261 402 1319 Εἴτε
430 1263 534 1339 γὰρ
589 1269 708 1326 τοῖς
750 1264 990 1338 πρώτοις
1048 1259 1128 1317 δεῖ
1177 1260 1384 1318 διδόναι
1431 1263 1530 1330 τήν
1573 1263 1774 1338 ψῆφον,
1826 1261 1926 1315 ἐτι-

285 1357 423 1424 μᾶτο
471 1353 563 1407 ἀπ’
594 1355 614 1390 ⁸
675 1353 854 1428 ἀρχῆς
887 1369 900 1383 '
945 1351 1052 1408 εἴτε
1105 1357 1222 1416 τοῖς
1275 1350 1517 1426 ὕστερον,
1577 1349 1676 1405 οὐκ
1729 1348 1782 1404 ἐν
1843 1352 1924 1410 οἷς

276 1441 616 1516 κατέγνωσαν
659 1438 908 1513 ἔστησαν,
958 1440 1105 1497 ἀλλὰ
1151 1446 1448 1519 προσεῖχον
1499 1440 1665 1496 πάλιν
1712 1441 1786 1501 ὡς
1834 1439 1924 1494 αὑο

276 1535 382 1587 τῶν
418 1530 673 1604 βελτίονι.
708 1531 807 1586 Καὶ
861 1533 968 1604 μὴν
1014 1530 1112 1585 οὐκ
1142 1530 1263 1585 ὅσον
1312 1527 1408 1584 δύο
1433 1530 1546 1585 ἀνθ’
1597 1529 1709 1590 ἑνός
1757 1528 1921 1600 ἐστιν,

272 1620 400 1677 ἀλλ’
459 1619 543 1674 δτι
601 1621 688 1674 καὶ
729 1621 791 1674 τὸ
847 1619 1060 1689 πλῆθος
1118 1619 1344 1674 ἑκάστου
1392 1617 1595 1694 χρόνου
1648 1617 1746 1673 οὐκ
1802 1616 1917 1673 ξ’σον

277 1708 403 1766 οὐδὲ
434 1709 619 1786 ἐγγύς.
672 1710 769 1764 Καὶ
803 1711 912 1782 μὴν
944 1711 965 1744 ⁷
1013 1707 1138 1765 οὐδὲ
1184 1711 1312 1772 τοὺς
1364 1709 1643 1784 λαχόντας
1687 1711 1919 1772 ἅπαντας

2045 551 2245 607 multis
2302 553 2588 624 gratiosus
2640 554 2767 623 fuit,
2827 560 2885 610 et
2943 562 3071 627 post
3136 561 3679 621 condemnationem

2040 656 2274 696 rursum
2318 641 2571 698 maxime
2618 644 2819 711 evasit,
2855 645 3130 701 nimirum
3162 663 3229 702 ex
3263 654 3526 722 utroque,
3558 658 3678 710 tam

2038 727 2322 800 principio
2345 746 2521 802 quam
2555 731 2688 802 fine,
2723 733 3099 789 admirandus
3127 737 3367 793 exstitit.
3394 745 3503 796 Nec
3523 743 3676 798 enim

2037 816 2259 872 oﬂ‘ensa
2284 833 2378 874 res
2410 819 2632 890 priores
2675 821 3034 892 obscuravit,
3064 839 3268 879 verum
3315 825 3500 882 honor
3550 836 3681 899 post

2036 905 2263 962 delatus
2319 923 2552 964 omnem
2607 909 2818 966 delevit
2874 911 3286 968 calamitatem.
3341 915 3464 970 Non
3523 919 3677 972 enim

2036 995 2295 1050 medium
2354 1002 2587 1068 tempus
2659 998 2862 1070 utique
2927 1005 3182 1072 praestat,
3242 1018 3443 1058 verum
3503 1003 3680 1060 simul

2035 1087 2352 1157 utrumque
2387 1087 2597 1143 medio.
2623 1087 2768 1144 Nam
2809 1089 2926 1145 sive
2957 1091 3150 1162 priora
3188 1092 3449 1161 secteris,
3483 1093 3539 1148 in
3574 1094 3678 1150 bo-

2035 1190 2174 1230 nore
2223 1173 2480 1247 primum
2527 1176 2658 1244 fuit,
2691 1179 2811 1234 sive
2860 1180 3195 1251 posteriora,
3230 1180 3290 1236 in
3322 1183 3677 1238 condemna-

2031 1263 2191 1320 tione
2221 1280 2335 1320 non
2377 1266 2837 1338 perseverabant,
2869 1268 2967 1323 sed
3009 1284 3245 1324 rursum
3289 1275 3352 1325 ut
3394 1271 3676 1342 potiorem

2029 1352 2424 1409 attendebant.
2458 1354 2655 1425 Neque
2701 1371 2834 1412 vero
2880 1357 2994 1412 duo
3037 1359 3316 1415 duntaxat
3346 1360 3445 1414 uni
3486 1377 3675 1432 oppo-

2030 1448 2272 1510 nuntur,
2306 1458 2503 1498 verum
2545 1460 2616 1499 ne
2649 1444 3008 1517 singulorum
3055 1446 3292 1518 quidem
3342 1452 3672 1519 temporum

2028 1531 2281 1602 spatium
2313 1537 2404 1588 est
2425 1531 2542 1589 ullo
2573 1534 2744 1589 modo
2776 1536 3019 1606 aequale.
3043 1535 3316 1601 Quinimo
3339 1553 3442 1592 nec
3467 1553 3673 1593 omnes

2027 1636 2159 1676 eum
2191 1621 2418 1691 judices
2449 1624 2864 1680 condemnasse
2887 1625 3159 1680 censendi
3184 1631 3343 1690 sunt,
3369 1627 3465 1680 sed
3491 1625 3668 1697 aliqui

2027 1710 2199 1766 etiam
2255 1711 2462 1768 Pericli
2519 1717 2671 1768 recte
2729 1713 3061 1786 sullragrati
3119 1719 3273 1769 sunt.
3322 1716 3438 1769 Nos
3492 1714 3672 1786 igitur

275 1771 528 1856 ο’ίε‹›“θαίὁ
572 1801 682 1875 χρὴ
742 1771 1069 1874 καταγνῶναι
1127 1800 1227 1869 τὴν
1279 1771 1495 1876 γραφτςν
1554 1797 1739 1868 αὐτοῦ,
1792 1797 1918 1854 ἀλλ’

2031 1798 2302 1856 meliores
2350 1808 2523 1872 alque
2570 1801 2826 1872 optimos
2865 1771 3211 1858 reddiderat.
3245 1802 3392 1867 Quid
3423 1804 3493 1858 ad
3515 1771 3666 1872 Iuleo,

273 1890 411 1945 εἶναί
480 1910 627 1951 τινας
687 1888 740 1943 οἳ
791 1889 879 1943 καὶ
937 1893 1016 1960 τῷ
1080 1886 1336 1961 Περικλεῖ
1400 1885 1583 1948 καλῶς
1640 1890 1922 1951 ποιοῦντες

270 1977 452 2034 ἔθεντο
477 1981 516 2033 ⁸.
565 1979 769 2034 Οὐκοῦν
815 1979 1048 2042 τούτους
1074 1997 1137 2052 γε
1165 1980 1208 2015 ιο
1258 1975 1508 2051 βελτίους
1557 1997 1614 2031 τε
1643 1977 1732 2031 καὶ
1786 1976 1915 2052 βελ-

267 2066 482 2129 τίστους
511 2068 578 2136 ἧν
625 2068 964 2136 πεποιηκώς.
1014 2066 1203 2122 Καίτοι
1237 2067 1289 2121 τί
1316 2068 1356 2103 ¹¹
1403 2068 1668 2143 φήσομεν,
1721 2066 1765 2119 ὦ
1807 2070 1914 2121 τῶν

267 2155 548 2226 Ἑλλήνων
604 2155 808 2231 ἄριστε,
841 2157 1068 2230 πότερον
1125 2154 1348 2218 δικαίως
1395 2155 1470 2218 εἷς
1527 2157 1582 2210 ei
1612 2157 1724 2211 τότ’
1773 2154 1913 2211 ἐκεί-

267 2267 394 2308 νους
424 2249 594 2301 ταῦτα
645 2244 881 2318 τολμᾷν,
914 2247 949 2314 ἢ
1004 2246 1061 2300 σὲ
1088 2251 1189 2314 τῆς
1229 2244 1443 2299 ἐκείνων
1504 2243 1692 2317 μανίας
1755 2244 1914 2300 ὑπεύ-

273 2337 425 2390 θυνον
457 2335 632 2403 εἷναις
671 2333 782 2410 ἐγὼ
825 2335 920 2407 μὲν
967 2335 1069 2410 γὰρ
1129 2330 1414 2408 οὐδέτερον
1447 2335 1506 2389 ἃν
1567 2334 1750 2412 φαίην.
1813 2335 1908 2388 Καὶ

272 2425 378 2498 μὴν
408 2419 537 2503 ἔχοι
566 2422 694 2498 γ’ἄν
715 2444 798 2484 τις
828 2425 960 2485 τοὺς
981 2423 1110 2486 σοὺς
1146 2422 1352 2500 λόγους
1385 2421 1912 2497 ἀμυνόμενοςδιπλᾶ

272 2512 516 2590 στρέφειν
554 2513 692 2568 κατὰ
730 2517 826 2568 σοῦ
866 2513 956 2568 καὶ
995 2513 1133 2568 κατὰ
1177 2514 1524 2588 Σωκράτους,
1568 2512 1642 2577 ὡς
1671 2514 1836 2569 εἶκαὶ
1868 2515 1914 2550 ί²

269 2601 336 2656 τὰ
368 2603 606 2673 μάλιστα
653 2599 852 2666 ἀδίκως
905 2603 1032 2676 ὑμῖν
1061 2607 1228 2659 ταῦτα
1285 2598 1574 2670 συνέϐαινε,
1603 2602 1804 2678 τρόπον
1854 2603 1913 2680 γὲ

274 2711 394 2746 τινα
432 2691 499 2746 τὰ
553 2694 902 2766 προσήκοντα
957 2691 1243 2766 ἐπάσχετε,
1279 2692 1332 2747 εἶ’
1364 2694 1464 2767 περ
1518 2713 1581 2768 γε
1633 2695 1916 2758 τοιούτους

273 2777 617 2835 ἀπεδείκνυτε
673 2781 766 2841 οὓς
823 2778 1148 2839 ἔπαιδεύετε.
1182 2781 1386 2837 Οὐκοῦν
1446 2781 1490 2836 εἰ
1553 2782 1646 2852 μὲν
1684 2783 1751 2837 τὰ
1805 2788 1913 2838 τῶν

274 2868 562 2941 ὁμιλητῶν
595 2869 964 2943 ἁμαρτήματα
1001 2875 1111 2925 τῶν
1150 2871 1602 2943 προσεστηκότων
1641 2870 1751 2926 ἐστὶ
1783 2893 1912 2926 κατ-

272 2959 620 3033 ηγορήματα,
679 2963 876 3012 σαυτοῦ
907 2957 995 3013 κὰί
1043 2962 1140 3014 τοῦ
1176 2958 1359 3035 ἑτέρου
1420 2959 1632 3033 μᾶλλον
1674 2962 1914 3036 κατηγό-

269 3066 440 3119 ρηκας
470 3045 505 3116 ἢ
566 3046 891 3121 Περικλέους
936 3068 996 3102 τε
1028 3048 1073 3086 1³
1102 3048 1189 3103 καὶ
1245 3049 1318 3104 ὧν
1357 3048 1480 3105 οἷέι.
1526 3051 1625 3106 Καὶ
1681 3051 1749 3119 τή
1810 3051 1910 3119 Δί’,

274 3134 319 3188 εἰ
372 3135 582 3209 βούλει,
610 3136 676 3190 τὸ
738 3135 952 3209 μᾶλλον
1005 3137 1210 3214 ἀφίημί
1267 3159 1352 3192 σοι
1387 3141 1432 3176 1⁵
1466 3155 1480 3169 ⁸
1540 3137 1623 3193 ὅτι
1690 3136 1746 3194 δὲ
1804 3139 1911 3214 οὐχ

270 3225 456 3295 ἧττον,
517 3223 687 3298 ἀρκεῖ.
741 3225 801 3280 Εἰ
862 3222 909 3278 δ’
970 3227 1125 3297 ὑμεῖς
1160 3227 1206 3264 ί⁵
1261 3225 1450 3294 ἀθῶοι,
1507 3227 1788 3292 κάκεινους
1853 3228 1914 3284 ὲκ

262 3317 370 3366 τῶν
403 3312 578 3369 αὐτῶν
639 3310 782 3376 εἲκός
833 3312 972 3370 ἐστιν
1007 3316 1158 3385 εἶναι,
1217 3314 1268 3371 εἷ’
1295 3317 1392 3391 περ
1447 3338 1510 3393 γε
1535 3319 1582 3354 ¹⁶
1630 3324 1730 3374 τοῦ
1791 3318 1911 3374 ἴσου

272 3403 545 3475 μέμνησαι
585 3403 674 3458 καὶ
723 3404 798 3475 μὴ
851 3398 1189 3477 ὑπερϐαίνεις
1227 3406 1328 3474 τὴν
1374 3408 1711 3481 γεωμετρίαν
1754 3409 1909 3464 ἑκών.

269 3493 383 3547 Εἶθ’
421 3493 479 3547 ’ὀν
517 3494 560 3531 ¹⁷
609 3491 767 3554 αὐτὸς
814 3493 1024 3568 ἀφῆκας
1058 3495 1106 3531 ¹⁸
1160 3493 1220 3548 ἂν
1252 3495 1295 3530 ¹⁹
1341 3501 1442 3563 τῆς
1483 3496 1681 3565 αἰτίας,
1719 3502 1910 3553 τοῦτον

265 3576 590 3644 διαϐάλλεις
639 3582 698 3636 ἐκ
742 3589 843 3651 τῆς
899 3581 1069 3651 αὐτῆς
1113 3581 1313 3652 ταύτης
1369 3584 1566 3646 αἰτίας.
1638 3588 1740 3640 Καὶ
1796 3593 1913 3650 πῶς

263 3671 364 3725 οὐκ
403 3671 603 3726 ἄτοπον
664 3669 822 3742 ἄλλῳ
875 3671 972 3743 μὲν
1025 3670 1085 3724 ἂν
1115 3668 1332 3745 λέγοντι
1369 3672 1443 3742 μὴ
1498 3674 1790 3741 πιστεύειν,
1822 3674 1916 3728 αὐ.

261 3761 354 3814 τὸν
387 3757 443 3815 δὲ
469 3766 792 3835 κατηγορεῖν
818 3779 831 3828 ;
866 3760 968 3815 Καὶ
1002 3757 1071 3814 δι’
1106 3759 1138 3813 ἃ
1165 3759 1256 3813 τὸν
1291 3759 1522 3834 λέγοντα
1553 3762 1689 3835 ἡγοῦ
1720 3763 1916 3836 χείρω,

268 3845 356 3902 διὰ
383 3853 552 3904 ταῦτα
603 3846 870 3922 Περικλέα
914 3849 1097 3921 ἀξιοῦν
1153 3847 1358 3924 φαῦλον
1405 3849 1762 3922 νομίζεσθαι;
1819 3854 1917 3907 Καί

262 3938 391 4000 τοὺς
447 3937 1001 4014 καταψηφισαμένους
1058 3938 1384 4010 αἰτιώμενον
1416 3938 1463 3974 ³ο
1517 3940 1668 4010 ἡμᾶς
1715 3937 1920 3993 πείθειν

267 4026 821 4101 συγκαταγινώσκειν,
853 4024 1037 4101 ὥσπερ
1099 4029 1346 4101 χρηστοῦ
1398 4028 1541 4088 τινὸς
1597 4025 1920 4104 πράγματος

272 4114 507 4189 μεθέξειν
546 4114 874 4188 μέλλοντας,
907 4113 1035 4170 ἀλλ’
1082 4119 1194 4190 οὐχ
1221 4116 1250 4170 ’ὁ
1285 4113 1417 4188 μηδ’
1463 4115 1690 4177 ἐκείνοις
1738 4115 1924 4179 καλῶς

2030 1889 2360 1946 Graecorum
2421 1892 2658 1962 optime,
2709 1892 3022 1948 dicemus?
3061 1893 3266 1949 Utrum
3327 1896 3481 1950 recte
3538 1893 3670 1949 illos

2024 1978 2147 2036 haec
2176 1981 2235 2035 in
2266 1985 2324 2036 te
2355 1981 2742 2051 commisisse,
2775 1998 2847 2037 an
2879 1985 2937 2038 te
2964 1980 3198 2037 illorum
3249 1999 3378 2038 esse
3427 1982 3668 2038 insaniae

2023 2070 2552 2141 reum?Equidem
2604 2076 2873 2127 neutrum
2928 2071 3194 2128 dixerim.
3248 2072 3669 2128 Verumtamen

2023 2163 2212 2230 posset
2264 2159 2474 2231 aliquis
2530 2161 2651 2216 tuis
2703 2160 2894 2216 verbis
2952 2162 3338 2232 respondens,
3399 2161 3669 2217 bifariam

2022 2253 2224 2304 contra
2268 2253 2324 2304 te
2371 2255 2430 2304 et
2474 2250 2772 2306 Socratem
2821 2250 2930 2304 hoc
2969 2255 3260 2321 torquere,
3306 2251 3474 2321 quasi
3518 2258 3671 2306 recte

2021 2338 2457 2409 quodammodo
2505 2338 2690 2407 vobis,
2723 2339 2991 2412 quamvis
3039 2341 3229 2396 484b
3278 2339 3670 2411 injustissime

2021 2425 2142 2481 hac
2163 2428 2498 2498 acciderint,
2521 2427 2999 2500 quandoquidem
3024 2429 3168 2484 tales
3189 2427 3510 2498 discipulos
3533 2444 3668 2498 pro-

2016 2513 2256 2573 tulistis.
2307 2517 2497 2581 Quare
2545 2517 2596 2572 si
2643 2516 2993 2572 asseclarum
3056 2519 3295 2586 peccata
3353 2517 3666 2587 praesidum

2022 2605 2256 2676 culpam
2305 2605 2590 2672 continet,
2620 2605 2875 2676 teipsum
2918 2613 2970 2660 et
3018 2605 3272 2662 sodalem
3326 2605 3536 2677 potius,
3567 2608 3669 2661 aut

2023 2693 2231 2750 saltem
2265 2711 2380 2750 non
2413 2693 2610 2748 minus
2641 2710 2812 2764 quam
2848 2692 3124 2749 Periclem
3157 2699 3214 2750 et
3243 2710 3389 2766 quos
3434 2693 3664 2750 volebas

2022 2782 2328 2839 accusasti.
2379 2780 2480 2838 Sin
2529 2797 2632 2838 vos
2677 2783 2816 2838 estis
2863 2783 3143 2853 insontes,
3189 2785 3388 2838 eodem
3435 2798 3667 2854 quoque

2024 2871 2110 2926 illi
2142 2873 2312 2928 modo
2344 2872 2558 2927 debent
2585 2887 2734 2942 esse,
2767 2871 3055 2944 siquidem
3087 2872 3433 2944 mqualitatis
3465 2873 3666 2928 memi-

2024 2961 2182 3030 nisti,
2216 2976 2322 3017 nec
2351 2963 2725 3033 geometriam
2777 2970 2982 3035 sponte
3023 2962 3472 3035 transgrederis.
3517 2963 3662 3035 Ergo

2023 3067 2199 3124 quem
2248 3050 2374 3122 ipse
2420 3068 2453 3106 a
2501 3049 2745 3107 crimine
2788 3051 3157 3120 absolvisses,
3210 3067 3343 3106 eum
3399 3050 3661 3107 criminis

2021 3142 2281 3212 ejusdem
2313 3141 2602 3197 accusas?
2631 3140 2777 3207 Quid
2811 3145 3003 3198 autem
3027 3142 3339 3198 absurdius
3370 3157 3544 3214 quam
3579 3141 3660 3196 al-

2021 3231 2131 3286 teri
2179 3229 2394 3286 dicenti
2443 3246 2558 3285 non
2603 3229 2856 3301 credere,
2905 3229 3101 3302 ipsum
3152 3246 3423 3287 accusare
3452 3229 3480 3284 ?
3529 3245 3658 3300 pro-

2023 3327 2145 3391 pter
2168 3335 2296 3390 qua:
2327 3319 2616 3375 dicentem
2668 3320 2921 3390 pejorem
2974 3320 3122 3375 fores
3170 3320 3499 3386 habiturus,
3531 3335 3662 3389 pro-

2022 3413 2150 3481 pter
2177 3425 2245 3463 ea
2273 3407 2548 3464 Periclem
2597 3406 2741 3462 velle
2786 3408 3122 3477 improbum
3167 3407 3395 3463 videri?
3427 3411 3495 3464 Et
3533 3422 3667 3462 cum

2023 3514 2123 3554 eos
2179 3496 2276 3568 qui
2330 3496 2498 3552 illum
2557 3497 3021 3552 condemnarunt
3079 3495 3396 3567 improbas,
3447 3511 3552 3552 nos
3597 3495 3668 3550 ad

2025 3585 2279 3640 similem
2301 3583 2843 3640 condemnationem
2868 3584 3112 3648 hortari,
3131 3584 3297 3654 quasi
3322 3585 3400 3638 rei
3425 3584 3672 3653 alicujus

2027 3671 2335 3742 praeclarae,
2385 3676 2441 3726 et
2501 3688 2614 3726 non
2672 3672 2822 3740 ejus,
2875 3687 3001 3742 qua:
3053 3686 3159 3727 nec
3208 3671 3339 3725 illos
3386 3671 3672 3737 docuerit,

2029 3760 2342 3831 participes
2396 3759 2570 3814 futuri
2643 3761 2849 3813 simus.
2904 3757 2991 3811 Illi
3049 3773 3182 3813 vero
3239 3774 3408 3813 suam
3464 3759 3675 3813 conde-

2031 3847 2388 3902 mnationem
2424 3847 2535 3916 ipsi
2567 3861 2681 3900 non
2715 3850 3090 3913 excusarunt,
3125 3848 3221 3902 sed
3264 3863 3500 3901 rursum
3545 3851 3675 3902 tan-

2031 3951 2208 4007 quam
2258 3935 2504 4006 probum
2537 3939 2596 3990 et
2620 3936 2848 4004 justum
2891 3933 2951 3988 in
3000 3934 3186 3991 oculis
3235 3934 3534 3990 tulerunt:
3569 3949 3677 3989 nos

2032 4041 2164 4081 eum
2198 4025 2289 4080 cui
2321 4023 2544 4080 nullum
2578 4040 2890 4095 possumus
2913 4023 3071 4080 aliud
3104 4024 3324 4080 crimen
3359 4025 3676 4096 imponere,

2034 4117 2267 4186 propter
2297 4114 2842 4169 condemnationem
2861 4121 3297 4170 contemnemus
3318 4113 3344 4168 ?
3367 4113 3434 4168 Et
3453 4129 3683 4170 eorum-

271 4206 390 4279 εἴχε
419 4211 689 4275 ποιῆσαις
740 4203 983 4259 κάκεῖνοι
1018 4205 1113 4278 μὲν
1160 4205 1314 4259 αὐτοὶ
1361 4204 1463 4273 τήν
1512 4206 1713 4260 ἑαυτῶν
1761 4225 1918 4260 κατα·

2035 4203 2166 4257 dem
2213 4202 2519 4258 hominum
2562 4203 2815 4273 peccatis
2869 4203 3140 4268 nitemur,
3172 4206 3323 4258 recte
3371 4203 3523 4257 facta
3562 4217 3677 4258 non

271 4291 428 4362 δίκην
464 4292 570 4368 οὐχ
605 4292 1023 4362 ὑπελογίσαντο,
1056 4293 1184 4348 ἀλλ’
1232 4293 1433 4367 ἐτίμων
1466 4293 1632 4349 πάλιν
1664 4295 1738 4356 ὡς
1777 4315 1920 4373 χρη-

275 4383 394 4437 στὸν
427 4382 516 4436 καὶ
568 4379 776 4437 δίκαιον
811 4401 823 4414 ·
859 4385 1022 4455 ἡμεῖς
1079 4381 1137 4437 δὲ
1166 4383 1227 4437 οὗ
1275 4380 1442 4456 μηδὲν
1495 4381 1635 4439 ἄλλο
1688 4404 1927 4459 κατηγο-

273 4476 385 4546 ρεῖν
437 4465 665 4546 ἔχομεν,
717 4475 908 4527 τοῦτον
960 4472 1296 4545 ἀτιμάσομεν
1359 4469 1446 4525 διὰ
1493 4473 1592 4540 τήν
1645 4468 1800 4541 δίκην
1841 4474 1922 4545 ²¹ς

266 4561 356 4615 καὶ
413 4563 522 4614 τῶν
581 4559 762 4616 αὐτῶν
821 4559 1027 4636 ἀνδρῶν
1096 4561 1126 4615 ’ὸ
1188 4561 1283 4633 μὲν
1342 4559 1614 4634 ἥμαρτον,
1674 4559 1924 4635 ἰσχυρὸν,

266 4650 633 4722 ποιησόμεθα,
675 4649 708 4704 ἃ
757 4647 816 4704 δὲ
845 4648 902 4704 εὖ
949 4653 1275 4728 φρονοῦντες
1326 4644 1616 4724 ἔπραττον,
1657 4647 1708 4704 ἐν
1754 4648 1926 4706 οὐδε-

266 4739 354 4799 νὸς
425 4737 592 4812 μοίρᾳ
648 4741 911 4812 θήσομεν,
969 4740 1056 4793 καὶ
1137 4743 1303 4793 ταῦτα
1379 4737 1781 4812 ὁμολογοῦντες
1850 4741 1924 4802 ὡς

268 4831 548 4902 ⁴ἥμαρτον,
580 4829 743 4900 [1304
785 4829 877 4902 R.]
922 4827 1137 4901 μᾶλλον
1173 4825 1230 4883 δὲ
1259 4830 1691 4903 κατηγοροῦντες
1718 4831 1802 4895 ²²;
1833 4829 1923 4883 καὶ

267 4916 388 4971 τίνα
438 4917 589 4970 ταῦτ’
618 4918 668 4952 ³⁸
731 4918 846 4992 εἶχε
875 4918 922 4954 ²⁴
979 4916 1183 4993 λόγονς
1238 4915 1350 4992 ἐγὼ
1412 4917 1506 4989 μὲν
1548 4913 1646 4971 οὒκ
1702 4915 1920 4975 ἐπινοῶ.

271 5002 502 5061 Πλάτων
533 5006 581 5042 ³⁵
639 5002 696 5060 δὲ
752 5008 852 5076 τήν
905 5007 1187 5086 συμφορὰν
1231 5007 1306 5070 ὡς
1364 5007 1491 5080 [706
1536 5006 1630 5079 Η.]
1678 5001 1924 5078 ἀδίκημα

2032 4292 2406 4348 attendemus
2423 4291 2452 4346 ?
2473 4291 2612 4346 Cum
2639 4291 2959 4363 praesertim
2983 4291 3216 4346 illorum
3247 4294 3480 4361 peccata
3502 4290 3678 4345 fatea-

2033 4396 2183 4448 mur,
2235 4385 2338 4436 aut
2386 4381 2579 4453 potius
2627 4396 2989 4437 accusemus.
3045 4382 3227 4448 Quam
3283 4380 3365 4448 id,
3415 4379 3677 4447 obsecro,

2032 4471 2276 4526 rationis
2329 4469 2504 4526 habet
2551 4471 2856 4540 speciem?
2899 4469 3180 4540 Equidem
3231 4484 3342 4525 non
3395 4465 3678 4539 intelligo.

2029 4562 2102 4616 At
2132 4561 2292 4617 Plato
2323 4560 2546 4616 cladem
2582 4576 2684 4632 pro
2714 4560 2931 4630 injuria
2975 4558 3273 4631 suggillet,
3315 4573 3449 4613 cum
3501 4557 3682 4612 fortu-

2032 4669 2168 4708 nam
2201 4653 2414 4708 decreli
2448 4651 2571 4706 loca
2599 4651 3000 4715 considerans,
3032 4653 3158 4705 tum
3197 4648 3440 4705 aliorum
3475 4646 3679 4703 delicta

2031 4741 2124 4797 his
2182 4742 2510 4812 imponens.
2566 4740 2625 4794 Si
2676 4755 2810 4796 vero
2866 4738 3035 4810 equis
3103 4737 3537 4794 calcitrantibus
3586 4752 3683 4792 eos

2031 4831 2131 4901 qui
2189 4829 2556 4886 condemnati
2606 4832 2747 4886 sunt
2793 4829 3036 4896 confert,
3090 4826 3319 4899 aliquid
3372 4843 3435 4883 se
3483 4829 3684 4881 contra

2031 4917 2163 4975 illos
2221 4917 2458 4990 gravius
2512 4917 2832 4972 arbitratur
2885 4917 3093 4973 dicere.
3140 4915 3302 4980 Quod
3353 4915 3405 4971 si
3465 4913 3680 4969 conde-

1620 5094 1868 5151 VARIIE
1908 5095 2320 5152 LECTIONES.

341 5187 363 5221 ³
393 5180 539 5239 ἀλλὰ
581 5184 715 5258 μήθ]
747 5202 802 5276 ρ.
835 5186 958 5241 405.
1063 5186 1087 5220 ⁴
1116 5183 1208 5254 ἔτη

267 5257 290 5294 ⁸
319 5253 516 5294 nil-nna-
552 5258 663 5294 una}
697 5277 895 5294 πηυφηρ
927 5256 989 5294 Γ.
1140 5259 1161 5293 ο
1191 5256 1214 5294 Ξῖ

319 5253 519 5331 οἴεσθαι
546 5253 666 5331 χρὴ
697 5253 895 5319 πάντας
927 5256 989 5331 ς’
997 5300 1010 5331 .
1140 5259 1161 5293 θ
1189 5253 1213 5312 ἕ

272 5326 320 5382 εἷ
354 5329 436 5402 ς’.
516 5326 645 5402 “Vis
671 5345 786 5402 om.
808 5334 887 5402 Α,
941 5326 1012 5366 Ἦ
1041 5348 1132 5402 σοιΔ
1159 5347 1273 5385 om.
1309 5332 1376 5385 A.

269 5417 388 5456 om.
421 5403 486 5456 A.
593 5403 638 5436 ²⁰
667 5403 1021 5474 αἰτιώμενον]
1070 5403 1288 5473 ἐώμενο·

269 5473 316 5508 ³⁸
342 5473 488 5526 τοῦτ’
518 5474 584 5528 Α.
663 5473 712 5507 ³⁸
749 5471 894 5546 εἶχεν
923 5475 967 5529 Α
1001 5489 1013 5529 :
1056 5470 1174 5550 ἔχει

1063 5186 1087 5220 ⁴
1116 5183 1247 5312 ἷέτηξ³
1267 5179 1346 5241 ἔτι
1376 5187 1440 5242 Α.

1140 5259 1161 5293 θ
1189 5256 1214 5312 ἕ
1254 5259 1396 5312 εντο]
1425 5254 1440 5310 ἐ

1254 5259 1396 5330 εντο]
1425 5254 1856 5330 ἐψηφίσαντοᾉ.

1475 5329 1520 5366 ¹⁵
1548 5326 1710 5399 ἡμεῖς
1737 5326 1835 5401 ,ςο

1547 5184 2046 5290 ⁸¹συναμ4λότερονέο
2073 5185 2356 5290 συμιίοὲρογι
2386 5189 2450 5242 Α.

1942 5327 1989 5364 ¹δ
2017 5327 2217 5402 γερω.
2250 5331 2318 5384 Α.

593 5401 638 5436 ²⁰
667 5399 1021 5474 αἰτιώμενον]
1070 5399 1310 5473 ἐώμενον
1358 5417 1507 5456 corr.
1557 5398 1602 5455 Ᾱ
1635 5417 1648 5454 :
1700 5398 2145 5474 αἰτιώμενος

663 5473 712 5507 ³⁸
749 5471 894 5544 εἶχεν
923 5475 967 5529 Α
1001 5489 1013 5529 :
1056 5470 1174 5544 ἔχει
1367 5472 1415 5507 ³⁵
1445 5469 1694 5544 Πλάτων]
1728 5490 1781 5543 p.
1819 5473 1941 5527 415.

1532 5490 1694 5543 ατων]
1728 5490 1781 5543 p.
1819 5490 1941 5527 tuo.

2029 5012 2298 5064 mnantes
2335 5021 2466 5062 cum
2507 5005 2622 5063 diis
2659 5006 2963 5063 duodecim
3001 5005 3260 5061 conferre
3284 5002 3676 5077 posseut(96),

3112 5183 3253 5274 “si
3287 5184 3428 5274 μὴνι
3461 5202 3514 5274 ιευ
3548 5185 3671 5274 άοδς

2555 5182 3015 5254 ⁸ἆπ¹Δεὲξς.

2521 5258 2563 5330 ³]
2595 5255 2794 5330 καίτοι]
2837 5254 3099 5330 ρηξ11η-
3150 5254 3228 5330 _“
3257 5254 3302 5309 εἰ
3340 5254 3430 5310 καὶ
3460 5260 3504 5312 Α
3537 5256 3673 5330 ςᾼκαὶ

2430 5328 2472 5363 ¹⁷
2503 5328 2596 5382 εἶθ’
2625 5329 2706 5401 ὃν]
2738 5325 2950 5402 ρῖᾳᾷ13.
2999 5326 3104 5402 -ίδ
3139 5325 3342 5402 ἀςρῆκες
3370 5330 3443 5402 Λ.
3540 5327 3586 5363 ίθ
3613 5327 3674 5382 ἀν

2253 5402 2296 5438 ²¹
2330 5397 2484 5470 δίκην
2535 5405 2580 5457 Λ
2611 5419 2623 5455 :
2657 5396 2950 5469 καταδίκην
3168 5396 3216 5435 τε
3243 5397 3574 5474 κατηγόρουν
3604 5405 3669 5457 Α.

2072 5276 2132 5331 γε
2163 5261 2279 5312 om.
2321 5261 2387 5313 Α.

1921 5561 2154 5618 NOTIE.

344 5650 458 5722 (96)
494 5651 579 5706 Dii
612 5651 860 5723 maiores
890 5650 1231 5723 duodecim:
1255 5651 1576 5723 quosapud
1600 5648 1914 5723 Apuleium

274 5721 492 5780 Ennius
522 5723 606 5779 sic
638 5721 928 5780 recenset:
951 5722 1128 5791 Juno,
1166 5721 1364 5791 Vesta,
1407 5721 1686 5788 Minerva,
1718 5721 1910 5787 Ceres,

2024 5649 2228 5719 Diana,
2262 5650 2476 5718 Venus,
2511 5651 2686 5721 Mars,
2729 5651 3070 5720 Mercurius,
3109 5650 3290 5719 Jovis,
3341 5652 3664 5722 Neptunus,

2021 5722 2334 5790 Vulcanus,
2363 5722 2585 5796 Apollo.
