4032 6226
388 350 541 413 I567

1582 340 1849 402 PHOTll
1896 338 2423 399 PATRIARCHAE
2468 338 2583 399 ΟΡ.

3640 345 3815 405 1568

384 506 418 546 a
446 484 846 557 vituperandis
894 481 1022 547 reis,
1064 478 1255 544 credo,
1288 476 1685 534 abstinuisset.
1739 476 2019 531 Cmterum

2142 473 2504 547 κατηγόρηκε,
2537 473 2636 541 τήν
2692 474 2786 546 μὶν
2824 471 3009 553 τύχην
3062 473 3179 529 ἀντὶ
3229 479 3455 550 γνῶμης
3518 475 3817 547 ἐξετάζων,

382 575 429 631 si
459 574 612 629 viros
662 576 904 640 utroque
954 568 1125 622 modo
1175 566 1328 621 volet
1370 564 1527 621 Plato
1579 564 2023 636 reprehendere,

386 664 553 736 quasi
583 665 818 716 acutum
851 656 1124 728 quiddam
1158 656 1488 727 arripuerit,
1522 653 1661 726 quid
1708 658 1857 709 vetat
1886 669 2030 724 quo-

386 753 581 809 minus
611 748 823 818 aliquis
874 762 978 817 par
1024 746 1149 817 pari
1199 746 1467 810 reddens,
1500 749 1748 814 utroque
1795 758 2025 797 rursum

386 841 558 895 modo
614 837 698 893 sic
756 835 1081 891 dissolvat?
1121 835 1179 891 Si
1229 850 1328 890 eos
1378 841 1528 889 recte
1574 838 1631 889 et
1673 834 1830 902 juste
1885 848 2032 887 con-

383 928 737 985 demnarunt
756 926 1156 993 Athenienses,
1173 941 1289 980 non
1314 930 1475 981 erant
1497 922 1568 978 ab
1591 922 1707 978 illis
1729 921 1987 993 corrupti
2014 935 2027 975 :

384 1032 519 1072 nam
550 1032 683 1071 cum
718 1019 870 1070 recte
899 1015 1164 1085 agebant,
1207 1030 1322 1068 non
1373 1029 1471 1068 eos
1516 1011 1600 1066 illi
1632 1014 2026 1081 corruperant.

385 1108 573 1173 Quare
605 1105 653 1159 si
688 1104 894 1159 merito
926 1108 1060 1159 sunt
1097 1102 1489 1169 condemnati,
1535 1118 1647 1156 non
1681 1101 1775 1156 hic
1806 1102 2030 1171 pejores

384 1198 576 1263 erunt,
651 1194 841 1249 485a
909 1192 1000 1248 sin
1076 1208 1173 1248 eos
1249 1192 1467 1261 injuste
1543 1191 2027 1256 condemnarunt,

385 1284 660 1356 injuriam
695 1283 852 1355 passi
885 1287 1024 1339 sunt
1053 1282 1181 1351 viri,
1215 1298 1328 1337 non
1360 1281 1721 1336 intulerunt:
1758 1279 1903 1335 tales
1932 1296 2035 1335 au-

384 1380 502 1430 tem
546 1373 861 1444 adjuvandi
905 1376 1069 1438 sunt,
1104 1388 1215 1426 non
1267 1370 1600 1436 accusandi,
1635 1373 1735 1424 aut
1764 1369 1811 1424 si
1837 1370 2030 1439 juvari

383 1467 703 1535 nequeunt,
737 1461 941 1517 saltem
991 1461 1254 1517 accusari
1302 1476 1415 1515 non
1468 1459 1697 1515 debent.
1732 1459 1849 1529 Ego
1898 1474 2031 1514 vero

387 1552 842 1623 elegantioribus
876 1551 993 1606 hac
1026 1552 1304 1621 relinquo.
1332 1552 1460 1620 Ipse
1483 1553 1677 1604 autem
1702 1549 1839 1619 quid
1873 1549 2029 1603 afﬁr-

387 1659 482 1698 mo
512 1644 539 1695 ?
586 1646 686 1697 aut
735 1657 910 1712 quam
966 1640 1250 1695 rationem
1302 1640 1561 1710 sequor?
1609 1639 1733 1694 Non
1782 1643 2033 1709 possunt

386 1732 615 1800 utrique
676 1730 854 1787 simul
913 1729 1196 1793 accusari,
1248 1733 1305 1784 et
1360 1728 1573 1799 vulgus
1629 1732 1686 1783 et
1740 1728 1867 1793 viri,
1916 1727 2032 1783 nisi

387 1820 599 1877 alteros
650 1819 955 1875 manifeste
1006 1817 1349 1873 calumniari
1392 1816 1679 1873 volumus.
1716 1817 1941 1871 Etenim
1984 1816 2033 1872 si

386 1914 543 1965 recte
599 1908 719 1964 sint
761 1907 1156 1975 condemnati,
1209 1907 1323 1978 ipsi
1372 1906 1606 1977 quidem
1659 1904 1874 1961 fuerint
1922 1905 2031 1960 im-

385 1998 550 2070 probi
583 2013 595 2063 ;
630 1997 884 2069 populus
915 1996 1107 2053 ofﬁcio
1141 2012 1243 2051 suo
1278 1996 1513 2051 functus
1544 1998 1651 2050 est.
1688 1997 1889 2065 Itaque
1920 2011 2035 2051 non

397 2086 568 2140 debet
597 2087 669 2142 ob
702 2085 853 2142 hanc
891 2103 1012 2141 rem
1064 2085 1299 2156 quidem
1350 2084 1593 2155 culpari,
1628 2102 1700 2139 an
1732 2102 1869 2156 ergo
1899 2100 2035 2141 cum

391 2190 525 2230 eum
560 2193 690 2230 cum
741 2176 1154 2231 ferocientibus
1186 2175 1389 2230 bestiis
1420 2190 1849 2245 comparamus,
1882 2180 2034 2231 recte

394 2280 502 2319 nos
552 2264 736 2319 facere
780 2264 1091 2318 dicemus?
1129 2263 1231 2318 Sin
1287 2262 1545 2334 peccavit
1594 2263 1867 2334 populus,
1919 2280 2036 2318 una

390 2368 527 2411 cum
574 2352 786 2425 ipsius,
834 2357 1070 2424 peccato
1118 2352 1374 2408 virorum
1428 2352 1706 2424 probrum
1768 2352 2031 2410 diluitur.

384 2445 448 2501 In
476 2444 585 2501 hoc
615 2444 771 2500 enim
804 2445 931 2515 ipso
960 2443 1345 2499 Athenienses
1388 2442 1707 2515 deliquisse
1757 2444 2031 2516 dicimus,

383 2534 536 2605 quod
587 2532 716 2589 illos
764 2531 991 2602 exsilio,
1024 2532 1289 2604 pecunia,
1319 2531 1409 2588 vel
1459 2532 1573 2588 alia
1598 2548 1660 2587 re
1689 2548 2034 2606 quacunque

384 2623 732 2679 multarunt.
764 2622 908 2685 Quid
938 2627 1133 2678 autem
1167 2622 1290 2677 hazc
1320 2620 1489 2677 affert
1518 2622 1663 2677 ratio
1684 2622 1711 2676 ?
1739 2622 1887 2677 nihil
1932 2640 2031 2679 eos

386 2712 595 2768 horum
628 2712 866 2769 meritos
892 2728 1040 2768 esse.
1070 2712 1248 2783 Atqui
1279 2712 1325 2767 si
1358 2710 1509 2766 male
1542 2711 1814 2778 fecerant,
1840 2712 2031 2768 meriti

384 2806 587 2870 erant;
620 2802 899 2873 quoniam
950 2810 1142 2857 autem
1194 2800 1381 2855 meriti
1425 2816 1540 2856 non
1592 2804 1778 2867 erant,
1813 2800 2031 2871 liquido

385 2892 676 2961 colligitur
722 2894 877 2948 male
924 2890 1068 2947 nihil
1114 2891 1335 2947 fecisse.
1366 2890 1497 2947 Jam
1529 2890 1629 2961 qui
1659 2890 1854 2962 probis
1906 2907 2030 2946 ma-

381 2980 664 3049 ledicunt,
697 2985 753 3037 et
782 2980 1110 3037 calumnias
1142 2980 1436 3051 ingerunt,
1470 2996 1583 3035 non
1620 2980 1819 3051 utique
1854 2982 2032 3051 probe

381 3070 619 3126 faciunt.
667 3076 782 3128 Nos
832 3071 1011 3143 igitur
1057 3086 1161 3143 pro
1216 3070 1587 3126 accusatione
1645 3073 2024 3142 utrorumque

372 3162 589 3232 justam
638 3168 1021 3232 utrorumque
1077 3160 1471 3216 defensionem
1522 3159 1906 3231 proferemus,
1956 3175 2022 3215 ac

379 3266 485 3307 nec
542 3250 742 3321 populi
800 3251 980 3306 totius
1035 3250 1187 3306 hanc
1244 3266 1372 3305 esse
1430 3248 1685 3320 culpam,
1735 3264 1839 3305 nec
1894 3247 2029 3303 illos

378 3338 565 3395 sicubi
600 3339 990 3405 offenderunt,
1015 3341 1237 3409 pejores
1271 3338 1468 3393 haberi
1502 3338 1710 3393 debere
1743 3338 2027 3395 dicemus.

380 3427 497 3481 Nec
557 3426 713 3481 enim
766 3430 827 3481 ut
883 3426 1113 3481 athletis
1168 3426 1333 3494 solet,
1385 3426 1470 3481 sic
1526 3430 1581 3480 et
1640 3427 1825 3496 poetis
1883 3443 2027 3497 prai-

381 3512 764 3569 stantioribus
825 3528 1057 3583 semper
1104 3514 1363 3567 defertur
1416 3512 1676 3582 victoria,
1728 3529 1925 3569 verum
1976 3519 2033 3571 et

377 3605 473 3661 hic
506 3604 879 3660 Pindaricum
910 3603 1055 3659 illud
1085 3603 1279 3660 locum
1312 3603 1509 3671 habet,
1540 3604 1842 3661 verissime
1876 3606 2029 3661 enim

378 3693 591 3751 cecinit
619 3692 718 3749 ille
746 3710 760 3751 :

2135 564 2235 632 τήν
2267 559 2311 616 δ’
2344 562 2539 633 ἐτέρων
2598 563 2863 637 ἁμαρτίαν
2894 565 2970 626 ὼς
3026 566 3247 620 ἐκείνων
3290 563 3448 620 οὖσαν
3505 569 3709 630 τιθεὶς.
3752 566 3816 623 ΙΞὲ

2140 649 2197 706 δῖε
2225 651 2352 712 τοὺς
2392 656 2942 729 καταψηφιζομένους
2974 654 3062 708 καὶ
3095 661 3210 716 τοῖς
3256 653 3454 717 ’ἵπποις
3490 656 3813 727 ἀπεικάζων

2138 746 2253 802 τοῖς
2284 739 2626 811 λακτίζουσιν
2676 740 2902 817 ἰσχυρόν
2949 764 3001 798 τι
3042 744 3219 818 λέγειν
3255 746 3373 799 καθ’
3422 746 3500 800 ὧν
3532 749 3567 814 ἡ
3622 750 3815 824 ψῆφος

2140 829 2332 900 cistam,
2363 831 2507 908 ταχύ
2538 833 2590 906 γ’
2625 832 2683 886 ἃν
2723 833 2769 887 εἰ
2800 838 2918 893 τοῖς
2953 830 3163 888 δώδεκα
3195 836 3339 897 θεοῖς
3377 832 3539 909 ἔσχεν
3591 836 3813 891 εἰκάσαι

2141 920 2268 984 τοὺς
2306 922 2690 997 καταγνόντας,
2740 921 2991 998 ἀπέσχετ’
3025 924 3083 977 ἂν
3141 928 3248 979 τῶν
3299 924 3542 979 ἁλόντων
3599 928 3667 980 τὸ
3732 930 3810 993 μή

2141 1009 2203 1063 ού
2245 1014 2424 1072 κακῶς
2472 1011 2663 1068 εἰπεῖν.
2710 1010 2775 1067 Ei
2808 1008 2853 1065 δ’
2886 1012 2931 1047 ²⁶
2980 1010 3058 1066 ἐπ’
3103 1011 3384 1090 ἀμφότερα
3435 1013 3670 1068 Πλάτων
3723 1017 3813 1069 ai-

2137 1097 2377 1153 τιάσεται
2427 1099 2553 1161 τοὺς
2604 1097 2823 1174 ἄνδρας,
2880 1101 3059 1171 ὥσπερ
3113 1107 3283 1181 σοφοῦ
3325 1104 3467 1164 τινὸς
3520 1104 3809 1175 εἰλημμέ-

2138 1208 2229 1250 νος
2265 1190 2329 1259 ²⁷,
2359 1188 2412 1243 τί
2452 1189 2653 1245 κωλύει
2685 1190 2806 1245 τινὰ
2850 1191 2945 1252 τὰς
2996 1191 3191 1263 ὁμοίας
3238 1190 3678 1247 ἀνταποδιδόντα
3722 1193 3807 1247 ἐπ’

2139 1276 2420 1356 ἀμφότερα
2471 1277 2535 1333 αὖ
2561 1280 2611 1316 ³⁸
2647 1279 2976 1356 φιλονείκως
3028 1277 3513 1352 ὑπολαμϐάνοντα,
3562 1281 3804 1337 διαλύειν

2140 1364 2240 1421 ὡδὶ
2268 1368 2359 1422 τὸν
2396 1367 2581 1443 λόγον.
2616 1368 2699 1423 ὅτι
2722 1370 2767 1423 εἰ
2798 1372 2983 1432 καλῶς
3012 1370 3102 1424 καὶ
3123 1370 3189 1425 ti
3218 1368 3404 1425 δίκαια
3434 1372 3615 1426 αὐτῶν
3647 1375 3809 1441 Ἀθηο

2140 1464 2283 1512 ναῖοι
2313 1458 2677 1535 κατέγνωσαν,
2714 1461 2813 1515 οὐκ
2849 1463 2984 1531 ἦσαν
3037 1462 3125 1516 ὑπ’
3158 1461 3330 1517 αὐτῶν
3362 1460 3752 1542 διεφθαρμένοι
3786 1484 3800 1496 ·

2138 1549 2205 1602 τὰ
2234 1549 2337 1622 γὰρ
2380 1546 2562 1604 δίκαια
2598 1550 2838 1606 ἐποίουν.
2880 1550 3085 1606 Οὐκοῦν
3138 1549 3251 1606 οὐδ’
3290 1550 3491 1607 ἐκεῖνοι
3545 1550 3803 1631 anadip-

2140 1658 2298 1692 κεσαν
2354 1638 2495 1692 ὥστε
2562 1639 2606 1693 εἱ
2667 1636 2889 1699 δικαίως
2967 1639 3237 1710 ἑάλωσαν,
3300 1639 3458 1695 οὐδὲν
3508 1642 3679 1713 ταύτῃ
3744 1663 3805 1717 γε

2140 1729 2362 1803 χείρους
2404 1731 2559 1796 ἦσαν.
2597 1730 2653 1786 Εἰ
2698 1728 2755 1785 δὲ
2793 1729 2990 1794 ἀδίκως
3023 1732 3200 1785 αὐτῶν
3240 1731 3445 1787 ἐκεῖνοι
3495 1734 3793 1809 κατεᾲηᾳέο

2065 1792 2110 1857 Β
2144 1838 2326 1887 σαντο,
2392 1816 2692 1873 ἀδικεῖσθαι
2750 1826 2867 1881 τοῖς
2926 1819 3178 1894 ἀνδρασιν
3236 1821 3536 1893 περίεστιν,
3602 1820 3799 1875 ἀδικεῖν

2144 1903 2200 1960 δὲ
2232 1910 2276 1943 ²⁹
2317 1906 2573 1980 οὐδαμῶς
2608 1927 2623 1941 ’
2655 1914 2772 1971 τοῖς
2802 1906 2845 1963 δ’
2889 1907 3192 1980 ἀδικηθεῖσι
3229 1912 3471 1984 βοηθεῖν,
3514 1911 3621 1966 οὐκ
3652 1913 3796 1986 ἐγκα-

2148 1994 2261 2050 λεῖν
2302 1996 2443 2059 εἷκός
2488 1995 2652 2054 ἐστιν.
2700 1995 2758 2051 Ei
2817 1995 2873 2052 δὲ
2901 2019 2985 2053 τοι
3016 2000 3106 2053 καὶ
3159 2000 3233 2071 μὴ
3277 1997 3505 2054 δυνατὸν
3559 2003 3797 2073 βοηθεῖν,

2143 2084 2269 2139 ἀλλ’
2322 2085 2450 2162 οὐχὶ
2490 2087 2579 2140 καὶ
2632 2084 2841 2141 δίκαιον
2887 2086 3158 2161 ἐγκαλεῖν.
3194 2089 3336 2163 Ἐγὼ
3384 2085 3443 2143 δὲ
3489 2095 3669 2144 ταῦτα
3711 2092 3797 2159 μὲν

2144 2180 2259 2236 τοῖς
2298 2177 2661 2249 κομψοτέροις
2694 2174 2935 2249 παρίημι
2970 2195 2983 2207 ’
3018 2173 3179 2237 αίιτὸς
3212 2175 3268 2231 δὲ
3296 2176 3347 2232 τί
3377 2199 3528 2256 φημι
3564 2179 3659 2232 καὶ
3692 2183 3799 2239 πῶς

2145 2260 2383 2338 δέχομαι
2422 2264 2511 2318 τὸν
2583 2263 2789 2338 λόγον;
2849 2265 2967 2322 Οὐκ
3015 2262 3125 2319 ἔστι
3158 2263 3366 2320 δίκαιον
3426 2268 3542 2339 ἅμα
3598 2268 3796 2344 ἀμφοῖν

2142 2357 2487 2425 κατηγορεῖν,
2527 2354 2616 2406 καὶ
2663 2357 2760 2407 τοῦ
2811 2350 2992 2424 δήμου
3031 2353 3291 2409 κάκείνων
3324 2373 3339 2387 ο
3383 2357 3418 2425 ἢ
3456 2360 3645 2432 σαφῶς
3676 2354 3797 2416 τοὺς

2143 2440 2357 2514 ἐτέρους
2413 2443 2914 2518 συκοφαντήσομεν.
2958 2442 3016 2497 Ei
3080 2443 3174 2515 μὲν
3236 2442 3341 2517 γὰρ
3402 2443 3588 2516 ὀρθῶς
3630 2442 3798 2497 ἐκεῖνα

2141 2530 2509 2605 κατεγνώσθη,
2566 2528 2789 2600 ἠδίκουν
2853 2531 2948 2603 μὶν
3013 2532 3111 2604 (ὡς
3171 2527 3366 2605 ἔοικεν)
3438 2532 3663 2604 ἐκεῖνοι,
3719 2539 3794 2603 τῷ

2144 2617 2308 2693 δήμῳ
2339 2618 2384 2675 δ’
2417 2621 2450 2674 ἃ
2497 2623 2764 2695 προσήκει
2812 2622 3141 2695 πέπρακται,
3191 2625 3331 2677 ὥστε
3382 2625 3523 2702 οὐχὶ
3575 2623 3642 2694 δή
3692 2645 3794 2679 που

2140 2711 2305 2766 ταῦτα
2361 2732 2419 2785 γε
2493 2708 2697 2766 δίκαιον
2773 2718 3093 2787 κατηγορεῖν
3163 2712 3347 2771 αὐτοῦ.
3418 2719 3549 2774 Πῶς
3595 2716 3641 2749 ³ο
3704 2714 3795 2769 οὖν

2136 2804 2254 2860 τοῖς
2335 2800 2673 2873 ἀγριαίνουσι
2738 2804 2845 2855 τῶν
2928 2802 3082 2869 ζώων
3166 2800 3324 2856 αὐτὸν
3409 2802 3789 2872 ἀπεικάζοντες

2140 2888 2316 2963 ὀρθῶς
2369 2892 2612 2961 φήσομεν
2670 2895 2847 2944 ποιεῖν
2877 2893 2957 2957 ³¹;
3002 2889 3047 2944 εἷ
3107 2888 3155 2945 δ’
3212 2892 3455 2965 ἥμαρτεν
3507 2894 3537 2945 ὁ
3595 2890 3786 2963 δῆμος,

2140 2978 2252 3052 ἅμα
2281 2999 2339 3032 τε
2393 2978 2584 3051 ἐκείνῳ
2639 2980 2958 3054 ἡμάρτηται
3010 2980 3101 3033 καὶ
3160 2986 3278 3042 τοῖς
3307 2978 3533 3054 ἀνδράσι
3592 2981 3787 3036 τοῧνεεο

2140 3064 2231 3131 δος
2260 3070 2305 3103 ³³
2353 3066 2599 3126 λέλυται.
2662 3068 2805 3125 Αὐτὸ
2835 3069 2881 3105 ³⁸
2924 3069 3027 3144 γὰρ
3075 3071 3240 3125 τοῦτό
3289 3091 3461 3147 φαμεν
3520 3069 3777 3141 δήπουθεν

2134 3157 2395 3231 ἁμαρτεῖν
2453 3157 2801 3228 Ἀθηναίους,
2858 3160 3197 3229 τιμήσαντας
3249 3158 3464 3220 ἐκείνοις
3518 3165 3687 3231 φυγῆς
3726 3159 3759 3225 ἢ

2141 3244 2479 3317 ὁτουδήποτε
2527 3246 2788 3320 ἐτίμησαν
2846 3248 3073 3319 ἑκάστῳ.
3120 3250 3292 3310 Οὗτος
3334 3246 3385 3301 δὲ
3427 3248 3453 3301 ὁ
3507 3246 3672 3323 λόγος
3708 3247 3761 3301 ti

2142 3335 2324 3412 λέγεις
2394 3333 2637 3406 Μηδενὸς
2687 3335 2896 3392 τούτων
2957 3335 3197 3399 ἐκείνους
3251 3338 3420 3408 ἀξίους
3472 3337 3627 3391 εἶναι.
3664 3337 3768 3393 Καὶ

2146 3430 2253 3501 μὴν
2296 3426 2342 3483 ε⁹ί
2398 3448 2461 3503 γε
2516 3425 2766 3499 ἠδίκουν,
2808 3427 2949 3498 ἄξιοι
2997 3427 3207 3483 τούτων
3254 3429 3387 3497 ἦσαν
3419 3447 3433 3463 ο
3475 3430 3566 3485 ὅτε
3611 3428 3666 3483 δὲ
3722 3431 3782 3483 οὖ

2140 3518 2346 3573 τούτων
2388 3517 2551 3591 ἄξιοι,
2593 3524 2776 3596 σαφῶς
2826 3518 2925 3574 οὐκ
2966 3516 3217 3589 ἠδίκουν.
3268 3519 3403 3583 Τοὺς
3435 3518 3478 3574 δ’
3530 3520 3629 3575 οὐκ
3671 3518 3787 3575 ἀδι-

2140 3611 2365 3668 κοῢντας
2403 3612 2581 3669 κακῶς
2642 3606 2820 3682 λέγειν
2888 3608 2977 3662 καὶ
3018 3615 3368 3686 συκοφαντεῖν
3431 3609 3561 3683 οὐχὶ
3612 3608 3786 3664 δίκαια

2140 3701 2319 3751 ποιεῖν
2351 3699 2397 3733 ³⁸
2435 3696 2598 3752 ἐστίν.
2660 3698 2851 3768 Ἡμεῖς
2910 3698 3087 3752 τοίνυν
3146 3699 3265 3753 ἀντὶ
3321 3702 3418 3753 τοῦ
3461 3705 3789 3775 κατηγορεῖν

374 3784 696 3863 ἃμφοτέρων
753 3784 885 3858 ὑπὲρ
945 3782 1268 3861 ἀμφοτέρων
1317 3784 1383 3838 τὰ
1431 3785 1711 3857 πρέποντα
1766 3783 2213 3860 ἀπολογούμεθα,
2259 3784 2381 3842 οὔτε
2424 3792 2521 3842 τοῦ
2573 3784 2757 3859 δήμου
2814 3789 2912 3857 τήν
2966 3788 3137 3843 αἰτίαν
3183 3790 3379 3851 παντὸς
3412 3790 3457 3825 ³⁵
3512 3792 3645 3845 εἶναι
3694 3791 3795 3869 91'-

376 3895 622 3945 σκοντες,
678 3872 807 3929 οὔτε
866 3873 1105 3936 ἐκείνους
1173 3876 1489 3947 προσήκειν,
1548 3875 1593 3930 εἰ
1654 3874 1738 3929 ὅτι
1804 3877 2223 3951 προσέπταισαν,
2280 3877 2503 3952 χείρους
2561 3879 2902 3950 νομίζεσθαι.
2972 3880 3071 3934 Καὶ
3132 3880 3305 3934 ούκ³⁶
3362 3881 3453 3935 ἐπὶ
3543 3884 3639 3954 μὲν
3688 3886 3795 3935 τῶν

378 3965 632 4035 ἀθλητῶν
680 3964 825 4019 οὕτω
878 3960 1181 4036 συμϐαίνει,
1231 3965 1297 4018 τὰ
1355 3962 1411 4019 δὲ
1471 3971 1571 4034 τῆς
1626 3973 1893 4039 μουσικῆς
1945 3965 2229 4036 ἑστηκυῖαν
2278 3964 2395 4040 ἔχει
2434 3970 2535 4038 τὴν
2583 3966 2740 4039 νίκην
2787 3973 2903 4029 τοῖς
2952 3968 3272 4043 κρείττοσιν,
3323 3968 3472 4025 ἀλλά
3518 3971 3792 4026 κάνταῦἥα

377 4056 440 4109 τὸ
465 4058 560 4109 τοῦ
594 4052 865 4128 Πινδάρου
896 4060 1081 4129 κρατεῖ
1114 4068 1125 4087 ⁸
1161 4053 1296 4109 πάνυ
1326 4054 1429 4130 γὰρ
1467 4058 1583 4127 μετ’
1610 4055 1869 4127 ἀληθείας
1897 4057 2046 4111 τοῦτ’
2067 4056 2267 4119 ἐκεῖνος
2298 4056 2556 4130 ὕμνησεν.

452 4150 535 4217 [In
564 4151 707 4204 circa
736 4150 914 4204 autem
944 4150 1196 4219 fortuna,
1221 4162 1333 4203 non
1362 4147 1548 4215 robur,
1580 4147 1772 4206 vincit.

451 4259 655 4329 Itaque
685 4256 1056 4328 conspicatus
1085 4255 1389 4313 Eumelum
1414 4256 1689 4327 Achilles,
1722 4259 2023 4316 cadentem

377 4364 407 4403 e
438 4364 609 4403 curru
643 4347 921 4403 misertus
952 4347 1133 4402 dixit:

449 4457 695 4529 Optimus
718 4459 961 4511 extremo
994 4458 1079 4512 vir
1108 4472 1274 4528 equos
1302 4457 1421 4528 agit
1450 4456 1643 4512 ordine
1667 4459 1861 4527 fortes.

2418 4148 2504 4202 ’Ev
2536 4142 2768 4225 ἔργμασι
2798 4152 2924 4219 νικᾷ
2950 4148 3092 4223 τύχα
3124 4149 3189 4219 ³⁸³,
3214 4149 3275 4203 οὐ
3298 4149 3501 4211 σθένος.

2206 4256 2369 4309 Ὥστε
2401 4255 2452 4290 ³⁸
2480 4253 2609 4310 ἰδὼν
2641 4256 2732 4311 τὸν
2765 4251 3028 4329 Εὔμηλον
3062 4256 3359 4331 Ἀχιλλεὺς
3398 4261 3497 4311 τοῦ
3549 4258 3790 4330 ἅρματος

2134 4343 2422 4400 ἐκπεσόντα
2460 4344 2687 4418 ᾤκτειρέ
2714 4367 2771 4401 τε
2799 4347 2889 4400 καὶ
2923 4345 3065 4421 λέγει

2235 4457 2465 4517 Λοῖσθος
2498 4454 2636 4529 ἀνὴρ
2666 4453 2897 4529 ὢριστος
2932 4452 3146 4509 ἐλαύνει
3182 4455 3444 4529 μώνυχας
3470 4455 3701 4517 ἵππους.

451 4563 625 4635 Atqui
642 4562 968 4619 absurdum
988 4568 1111 4619 erat
1127 4563 1248 4619 haec
1266 4564 1349 4619 ita
1364 4564 1638 4636 deinceps
1654 4566 2028 4637 conjungere,

2209 4564 2325 4637 ’.ἂρ’
2356 4560 2447 4617 οὖν
2482 4562 2544 4618 οὐ
2587 4561 2888 4638 παράδοξον
2932 4564 3053 4633 ἑξῆς
3104 4563 3305 4618 οὑτωσὶ
3357 4566 3524 4618 θεῖναι
3576 4563 3793 4639 παράλ-

379 4658 553 4725 atque
566 4654 837 4709 eumdem
853 4654 1143 4724 optimum
1160 4657 1546 4709 etextremum
1562 4653 1768 4710 dicere.
1785 4658 2031 4710 Verum-

376 4751 573 4803 tamen
588 4745 670 4800 ita
682 4760 794 4813 res,
809 4744 1023 4816 inquit,
1039 4744 1313 4800 humanae
1324 4745 1535 4802 ferunt.
1552 4745 1669 4801 Hoc
1680 4745 1825 4804 enim
1840 4747 2033 4802 viden-

376 4839 474 4892 tur
506 4834 650 4890 mihi
693 4833 866 4890 verba
914 4833 1082 4903 velle,
1110 4834 1380 4890 eumdem
1411 4850 1539 4891 esse
1570 4838 1628 4891 et
1655 4837 1942 4908 optimum
1975 4841 2031 4892 et

372 4932 722 4995 extremum,
758 4925 914 4997 quod
966 4925 1104 4981 olim
1156 4924 1432 4982 Orontem
1476 4928 1713 4980 Persam
1746 4926 1818 4981 de
1846 4926 2029 4996 digito

373 5017 588 5074 dixisse
611 5018 823 5084 ferunt,
846 5015 1119 5071 eumdem
1140 5014 1256 5071 situ
1281 5014 1395 5070 alio
1418 5030 1574 5070 nunc
1597 5014 1796 5073 decem
1820 5014 2025 5080 millia,

374 5120 531 5161 nunc
563 5122 747 5162 unum
782 5106 1064 5161 duntaxat
1091 5105 1416 5161 ostendere.
1441 5103 1631 5169 Quare
1660 5104 1731 5159 ad
1770 5102 2029 5159 Platonis

373 5194 705 5267 exemplum
739 5194 879 5255 mihi
903 5198 1056 5252 certe
1076 5193 1305 5251 videtur
1325 5193 1516 5251 485b
1538 5191 1816 5249 Eumelus
1837 5191 1895 5247 in
1919 5208 2026 5248 cae-

2140 4650 2312 4722 ληλα,
2368 4651 2455 4707 καὶ
2494 4654 2586 4707 τὸν
2637 4650 2794 4706 αὐτὸν
2855 4650 3076 4707 λοῖσθὸν
3127 4673 3185 4707 τε
3231 4651 3322 4708 καὶ
3363 4654 3585 4726 ἄριστον
3626 4675 3794 4727 προσ-

2140 4748 2349 4811 ειπεῖν;
2419 4739 2578 4799 Ἀλλ’
2634 4740 2785 4815 ὅμως
2842 4745 3090 4809 τοιαῦτα,
3147 4742 3301 4821 φησὶ,
3360 4743 3427 4796 τὰ
3481 4743 3792 4816 ἀνθρώπεια

2138 4836 2321 4901 (τοῦτο
2350 4832 2452 4906 γάρ
2488 4852 2579 4905 μοι
2614 4828 2885 4887 δοκεῖτῶν
2920 4832 3183 4906 ῥημάτων
3213 4832 3277 4887 τὸ
3310 4830 3575 4907 βούλημα
3606 4832 3791 4905 εἶναι)’

2141 4922 2167 4975 ὁ
2208 4921 2368 4983 αὐτὸς
2426 4920 2563 4994 ἀνὴρ
2613 4923 2737 4993 [707
2795 4922 2883 4994 Η.]
2944 4920 3161 4994 ἄριστός
3216 4941 3276 4975 τε
3342 4920 3433 4975 καὶ
3494 4918 3795 4996 ἔσχαστος.

2138 5010 2306 5082 Ὅπερ
2350 5008 2397 5043 ³9
2434 5008 2557 5081 περὶ
2605 5012 2706 5062 τοῦ
2738 5005 3010 5063 δακτύλου
3058 5007 3184 5087 φασί
3214 5010 3336 5063 ποτ’
3388 5008 3555 5063 εἰπεῖν
3604 5008 3793 5084 Ὀρόν-

2136 5098 2238 5165 τὴν
2268 5099 2315 5134 ⁴⁰
2342 5097 2434 5153 τὸν
2482 5098 2715 5172 Πέρσην.
2759 5097 2833 5160 ὡς
2872 5098 2899 5152 ὁ
2931 5098 2975 5133 ⁴ί
3023 5096 3183 5159 αὐτὸς
3226 5096 3299 5151 ὢν
3344 5100 3412 5171 τῇ
3463 5094 3609 5151 θέσει
3660 5100 3795 5153 ποτε

2141 5190 2235 5263 μὶν
2262 5193 2329 5245 τὰ
2360 5188 2527 5265 μυρία
2575 5187 2849 5263 σημαίνει,
2881 5188 3012 5244 ποτὶ
3044 5188 3089 5243 δ’
3140 5188 3202 5245 οὗ
3233 5188 3400 5245 πλέον
3460 5188 3495 5259 ἢ
3524 5187 3602 5249 ἓν.
3638 5189 3796 5245 Ὧστ¹

1728 5390 1969 5447 VARUS
2006 5388 2417 5447 LECTIONES.

461 5564 507 5600 ³⁸
530 5563 583 5641 εί
615 5561 683 5641 δῖ]
717 5584 784 5641 p.
805 5568 932 5641 416.
980 5635 1004 5641 η
1030 5565 1508 5641 πᾼίπειλγημμένος

1710 5564 1755 5599 ²⁸
1784 5561 1850 5617 αὖ
1889 5579 2005 5620 om.
2055 5564 2121 5618 A.

385 5631 745 5714 “toward-eg:
838 5655 851 5691 :
883 5638 945 5714 to
976 5635 1180 5714 ὄνειδος
1343 5631 1419 5714 :33
1447 5637 1598 5714 αὐτο.
1676 5636 1721 5671 ³³
1750 5638 1927 5714 ποιεῖν
1958 5633 2340 5714 ἐστιιοῐηκΑ.-
2389 5632 2440 5714 ξδ
2468 5631 2683 5714 παντως

2223 5562 2268 5597 ³⁸
2297 5556 2354 5615 δὲ
2478 5575 2492 5616 :
2532 5579 2595 5633 γε
2806 5560 2853 5596 ³ο
2880 5565 2996 5633 πῶς
3024 5559 3154 5633 οὖν.
3259 5562 3303 5599 ²¹
3333 5565 3511 5615 ποιεῖν
3562 5579 3689 5619 om.
3722 5567 3785 5617 Α.

3225 5650 3281 5711 ρ..
3315 5634 3438 5687 422.
3474 5706 3483 5711 Δ
3545 5633 3593 5669 ³⁷
3621 5633 3787 5711 τύχα]

2806 5560 2853 5596 ³ο
2880 5565 2996 5620 πῶς
3043 5559 3154 5617 οὖν.

2869 5632 2917 5668 ⁸⁸
2946 5631 3040 5705 ,καὶ
3072 5632 3192 5705 οὒκ]

386 5709 529 5786 τάχα
558 5711 623 5766 Α.
700 5697 747 5745 ³⁸
775 5705 936 5778 ὥστε]
969 5728 1023 5781 p.
1058 5697 1178 5767 423.
1228 5697 1305 5747 ⁸³9
1336 5710 1490 5785 ὅπερ]
1523 5707 1703 5782 ὥσπερ
1736 5710 1805 5765 Α.
1882 5707 1929 5742 ’⁸ο
1970 5705 2249 5782 Ὀρόντην]
2281 5706 2351 5763 cf.
2387 5705 2598 5762 Suidas
2628 5721 2682 5761 v.
2718 5697 3095 5778 Ἀρὸαζάκιος.
3173 5697 3279 5759 ³Γό
3308 5720 3422 5763 om.
3454 5706 3525 5761 Α.
