4032 6226
225 336 382 396 1569

1304 323 1840 389 BlBLIOTHECA.
1887 355 1966 370 ο-
2007 323 2182 384 COD.
2227 322 2600 385 CCXLVIII.

3481 332 3636 392 15Ἰο

229 465 352 540 ἐμοὶ
391 465 485 538 μὲν
533 461 785 538 ἄντικρυς
820 460 896 524 εἷς
943 461 1006 515 τὸ
1035 461 1084 495 ⁴²
1113 458 1412 522 Πλάτωνος
1462 453 1810 534 παράδειγμα
1847 455 1876 510 ὁ

2017 454 2128 513 eris
2159 462 2445 529 spectare,
2478 473 2613 515 cum
2649 473 2762 514 non
2810 457 3052 516 victoria
3098 463 3328 519 tantum
3379 463 3638 535 privatus

239 552 499 628 Εὔμηλος
546 551 736 608 τείνειν
777 547 952 623 δοκεῖ,
983 550 1116 604 κατά
1162 569 1220 604 τε
1253 545 1419 620 ἄλλοι,
1459 547 1548 602 καὶ
1600 544 1705 622 οὐχ
1755 543 1878 600 ὅσον

233 645 330 712 τῆς
360 642 516 713 νίκης
546 639 832 716 ἐστερήθη.

229 731 411 790 Ἀλλὰ
493 732 582 787 καὶ
659 731 908 806 ἀγκῶνάς
982 750 1041 784 τε
1115 727 1482 806 περιεδρύιρθη
1541 726 1746 806 ’στρμα
1795 746 1884 806 *τε

1528 799 1681 874 ῥῖνάς
1707 799 1812 870 τε.]

238 895 343 951 ὑπὸ
373 897 481 948 τῶν
527 889 712 948 1’ίιιτπων
753 897 862 948 τῶν
914 890 1148 965 ἀρίστων
1199 891 1286 947 καὶ
1341 891 1427 967 ὑφ’
1471 890 1545 944 ὧν
1594 885 1718 944 οὐδὲ
1765 887 1884 942 πώ-

234 1004 368 1040 ποτε
397 983 443 1018 ‘3
473 981 684 1053 ἐσφάλη
697 1025 709 1037 .

309 1075 488 1162 [ίὶδξρὸ⁸
523 1071 952 1162 ίΙΓΟρόντηξ
1004 1072 1031 1126 ὁ
1091 1070 1316 1162 ΙΙέρὶσηςὶ
1353 1069 1591 1160 ἐκπεσὼν
1796 1067 1888 1142 ἀρ-

235 1139 345 1220 χῆς
388 1145 490 1200 Καὶ
521 1145 570 1220 ’ὁ
599 1139 888 1217 δάκτυλος,
912 1139 1046 1220 ἔφη,
1081 1139 1216 1198 ποτὶ
1260 1139 1354 1216 μὲν
1382 1140 1457 1210 ἓν,
1500 1141 1633 1197 ποτέ
1691 1139 1747 1196 δέ
1783 1139 1888 1213 μυ·-

237 1215 327 1292 ρία
357 1235 423 1286 ση
434 1215 630 1289 μαίνει.

307 1304 370 1361 Εἰ
403 1304 588 1378 φίλοις
617 1304 664 1341 ⁴⁴
712 1305 945 1380 ἴσχύεις,
999 1305 1042 1359 εἰ
1093 1305 1398 1380 χρήμασιν,
1439 1303 1486 1358 εἰ
1537 1299 1690 1372 δὸξαν
1743 1298 1889 1376 ἔχεις

240 1394 292 1450 έν
325 1398 394 1469 τῇ
427 1391 610 1460 πόλει,
643 1391 834 1468 μηδενὶ
885 1393 1094 1450 τούτων
1140 1392 1380 1470 έπὰρθῇς
1411 1395 1478 1461 “,
1513 1389 1653 1467 μηδὲ
1705 1394 1888 1464 μεῖζον

243 1486 530 1564 φρονήσεις
589 1491 690 1554 τῆς
754 1483 996 1553 ἐξουσίας
1037 1484 1102 1541 ⁴⁸.
1177 1483 1237 1538 Εἴ
1293 1481 1502 1537 πάντων
1578 1481 1887 1556 κρατήσεις,

245 1576 458 1648 ἡττήσῃ
497 1577 598 1639 τῆς
637 1574 834 1648 τύχης.
884 1573 1040 1628 Ταῦτ’
1081 1572 1222 1630 ἐστὶν
1261 1574 1289 1627 ὁ
1339 1572 1480 1648 ἀγὼν
1529 1571 1708 1638 οὗτος,
1741 1571 1892 1625 ταῦθ’

245 1667 498 1739 Ὅμηρος
560 1661 731 1737 λέγει.
787 1659 952 1718 Οὐδὲν
1008 1667 1116 1717 τῶν
1175 1661 1526 1737 ἀνθρωπείων
1559 1661 1602 1698 ⁴⁷
1655 1658 1892 1738 ἀσφαλὲς

245 1751 359 1810 οὐδ’
413 1751 624 1827 ὁμαλὸν
684 1750 798 1807 οὐδ’
845 1748 1128 1826 αὔταρκες,
1185 1750 1314 1806 ἀλλ’
1369 1753 1664 1821 ἡττήσεται
1716 1749 1810 1822 μὲν
1862 1749 1890 1804 ὁ

243 1843 473 1917 ἰσχυρὸς
525 1845 621 1896 τοῦ
706 1843 982 1910 ἀσθενοῦς,
1046 1841 1169 1894 ὅταν
1248 1841 1434 1914 καιρὸς
1467 1841 1516 1876 ⁸⁸
1670 1841 1887 1908 τούτου,

247 1931 517 1988 ἁλώσεται
549 1929 606 1986 δὲ
657 1925 918 1986 Βαϐυλὼν
958 1929 1142 1991 αὐτοῖς
1189 1929 1415 2004 τείχεσι,
1447 1929 1613 1984 πάλιν
1657 1927 1712 1983 δὲ
1757 1930 1887 1990 τοὺς

249 2023 452 2097 Πέρσας
505 2023 873 2097 πορθήσουσιν
927 2017 1102 2094 ἕτεροι
1139 2037 1152 2050 ’
1211 2019 1381 2074 πάντα
1436 2023 1602 2074 ταῦτα
1659 2015 1888 2090 ἐναλλάξ

245 2113 612 2186 περιέρχεται.
645 2109 706 2166 Εἰ
744 2108 800 2164 δὲ
830 2109 876 2145 ‘9
924 2103 1126 2178 ἔσωζον
1162 2109 1254 2182 μὲν
1289 2110 1340 2163 οἱ
1387 2103 1712 2178 κυϐερνῆται
1751 2109 1892 2162 πάν-

251 2223 338 2265 τες
385 2203 620 2264 ἅπαντας
660 2197 787 2260 τοὺς
847 2198 1201 2274 ἐμπλέοντας,
1240 2193 1443 2269 ἔσωζον
1501 2195 1547 2252 δ’
1606 2199 1657 2253 o't
1713 2197 1891 2272 ἰατροὶ

248 2292 522 2354 πάντες⁵⁰
578 2291 818 2354 ἅπαντας
869 2287 998 2351 τοὺς
1071 2289 1400 2362 κάμνοντας,
1463 2287 1652 2344 ἐνίκων
1712 2284 1769 2342 δὲ
1839 2288 1891 2342 οἱ

249 2382 575 2456 κρείττονες,
627 2379 810 2436 ἐνίκων
841 2376 898 2434 δὲ
947 2379 999 2434 οἱ
1041 2378 1304 2452 μείζονες,
1354 2379 1416 2433 τὸ
1460 2375 1506 2432 δ’
1551 2376 1632 2432 ἀεὶ
1675 2376 1892 2440 τούτοις

253 2475 382 2526 πᾶσι
443 2477 672 2544 προσῆν,
736 2466 929 2543 μηδεῖς
982 2465 1028 2524 δ’
1076 2467 1378 2548 ἐσφάλλετο
1422 2472 1528 2522 τῶν
1581 2467 1891 2542 ἀρξαμένων

253 2561 572 2636 κατορθοῦν,
606 2556 744 2634 εὒχῆ
801 2556 860 2613 δὲ
895 2557 985 2613 καὶ
1031 2555 1259 2631 δύναμις
1310 2553 1504 2631 μηδενὶ
1535 2559 1576 2596 ⁵³
1639 2553 1893 2634 διέφερεν,

259 2649 496 2706 ἀθάνατα
549 2649 701 2704 πάντ’
751 2649 816 2717 ἦν
870 2649 935 2704 τὰ
964 2649 1013 2684 ⁵³
1067 2651 1174 2702 τῶν
1233 2647 1530 2720 ἀνθρώπων
1579 2646 1895 2722 πράγματα,

257 2741 347 2794 καὶ
389 2739 540 2795 οὐδὲν
575 2739 636 2793 ἃν
671 2737 798 2800 ἴσως
829 2739 1004 2813 εὐχῆς
1031 2735 1305 2814 προσέδει,
1341 2735 1455 2791 οὐδ’
1486 2736 1544 2790 ἂν
1571 2734 1894 2804 κατέκλυςεν

257 2831 406 2902 ἡμᾶς
465 2833 571 2882 τῶν
627 2827 802 2882 πίθων
861 2829 1050 2900 ἅτερος
1109 2827 1288 2901 ὥσπερ
1344 2830 1458 2882 νῦν.
1493 2829 1580 2895 Μὴ
1613 2827 1660 2862 ⁵³
1717 2825 1897 2880 τοίνυν

259 2915 560 2991 θαυμάσῃς,
593 2917 642 2971 εἷ’
691 2916 966 2990 Περικλῆς
1009 2915 1154 2990 ἔχων
1203 2915 1512 2988 ἐπιστήμην
1563 2915 1654 2970 καὶ
1697 2915 1898 2992 τέχνην

251 3009 350 3060 τοῦ
391 3009 524 3060 Θεοῦ
553 3007 642 3061 καὶ
673 3012 774 3074 τῆς
805 3009 981 3080 τύχης
1009 3007 1208 3075 ἡττᾶτο
1243 3024 1256 3039 ⁸
1303 3002 1430 3078 μηδ’
1461 3003 1765 3078 ἀμνημόνει
1794 3008 1902 3060 τῶν

256 3115 481 3169 καιρων,
517 3094 610 3156 οὓς
659 3093 819 3156 αὐτὸς
848 3093 954 3173 φῂς
1005 3095 1106 3150 οὐκ
1153 3092 1344 3168 ὀλίγον
1398 3091 1672 3164 δύνασθαι,
1709 3095 1793 3155 οἷς
1840 3092 1901 3148 οὗ

258 3185 584 3258 πραοτάτοις
616 3182 842 3244 ἐκεῖνοις
874 3183 998 3238 τότε
1029 3183 1380 3258 χρησάμενος
1411 3184 1676 3262 φαίνεται.
1711 3180 1906 3237 Πολλά

259 3272 348 3327 καὶ
396 3270 670 3346 παράδοξα
717 3273 836 3327 κατ’
873 3273 1192 3346 ἀνθρώπους
1241 3271 1330 3326 καὶ
1372 3274 1564 3346 γέγονε
1610 3272 1700 3328 καὶ
1739 3273 1904 3348 γενήζ

262 3383 408 3418 σεται
453 3380 464 3393 ·
507 3362 582 3416 ὦν
639 3361 746 3416 ἐστὶ
795 3363 883 3416 καὶ
943 3362 1008 3416 τὰ
1037 3361 1252 3424 τούτοις
1311 3367 1427 3423 τοῖς
1485 3361 1704 3438 ἀνδράσι
1755 3383 1904 3434 συμ-

259 3447 444 3508 ϐάντα.
479 3451 570 3512 Τίς
611 3447 655 3506 δ’
696 3449 796 3506 οὐκ
835 3451 892 3504 ἃν
945 3451 1120 3529 pain;
1159 3451 1314 3507 ’Λλλ’
1362 3449 1514 3506 οὔπω
1551 3455 1716 3507 ταῦτα
1765 3451 1905 3506 ἐστιν

261 3541 494 3619 ἔλεγχος
523 3541 639 3596 κατ’
689 3539 865 3595 αὐτῶν
907 3539 981 3602 ὡς
1015 3536 1140 3595 οὔτε
1187 3541 1485 3610 ἠπίσταντο
1519 3542 1758 3615 χρηστὸν
1809 3543 1902 3595 οὺ-

261 3630 370 3698 δὲν,
431 3628 556 3685 οὔτε
613 3627 832 3686 ἐδύνατο
895 3627 1142 3703 βελτίους
1201 3635 1374 3683 ποιεῖν
1431 3631 1475 3666 ⁸⁴
1533 3649 1546 3664 ·
1603 3628 1728 3683 ἀλλ’
1783 3630 1906 3698 έξῆν

261 3721 447 3784 αὐτοῖς
475 3723 576 3790 την
608 3741 670 3796 γε
697 3720 893 3794 τέχνην
923 3716 1192 3790 δήπουθεν
1224 3715 1368 3793 ἔχειν
1397 3719 1484 3772 καὶ
1521 3719 1584 3772 τὸ
1631 3717 1907 3791 χρηστοὺς

261 3813 422 3883 εἶναι,
486 3810 530 3866 εἷ
589 3809 678 3864 καὶ
735 3813 842 3866 τῶν
909 3810 1168 3884 μειζόνων
1225 3806 1550 3882 έπικουριῶν
1601 3801 1652 3860 ἔν
1711 3827 1774 3881 γε
1829 3811 1908 3878 τῷ

259 3902 384 3957 τότε
423 3897 736 3974 ἐστέρηντο.
768 3897 973 3960 Ἡδέως
1005 3902 1050 3936 ⁸⁵
1096 3897 1142 3954 δ’
1183 3899 1242 3953 ἂν
1293 3897 1546 3972 ἐροίμην,
1593 3895 1738 3957 ὅστις
1773 3896 1912 3972 βού-

267 3990 418 4046 λεται
449 3991 496 4026 ⁵⁸
544 3987 788 4058 δέξασθαι
835 3990 896 4044 τὸ
945 3987 1210 4063 ἐρώτημα
1260 3987 1391 4060 ὑπὲρ
1443 3986 1756 4056 Πλάτωνυς,
1813 3986 1911 4040 αύ-

262 4080 354 4143 τὸς
388 4079 444 4134 δὲ
469 4079 514 4115 ⁵⁷
545 4075 611 4147 δὴ
645 4079 698 4133 τί
741 4079 926 4151 μαθὼν
979 4079 1114 4152 ἡμῖν
1145 4078 1172 4131 ὁ
1203 4075 1438 4132 Πλάτων
1483 4077 1582 4131 ούκ
1620 4074 1912 4132 ἐπολιτεύ-

267 4190 435 4240 cato;
464 4169 548 4244 ἆρ’
577 4169 627 4204 ⁵⁸
653 4166 794 4224 ἄλλο
827 4190 879 4224 τι
911 4171 1128 4244 φήσειεν
1162 4165 1218 4222 ἂν
1251 4169 1300 4204 ⁵9
1337 4169 1584 4222 ὁστισοῦν
1618 4166 1653 4236 ἢ
1683 4168 1746 4222 τὸ
1777 4167 1913 4222 αὐτὸ

269 4264 451 4330 τοῦτο,
504 4259 638 4334 ὅπερ
684 4257 774 4312 καὶ
826 4258 1126 4332 Σωκράτης
1171 4256 1348 4332 λέγων
1404 4255 1595 4329 ἐκείνῳ
1639 4255 1914 4333 φαίνεταις

269 4349 322 4406 τί
387 4350 495 4424 μὴν
551 4345 776 4424 'e'rspov;
817 4349 934 4404 Εἶθ’
983 4347 1016 4401 ἃ
1071 4342 1333 4421 φοϐηθεὶς
1364 4347 1412 4383 ⁸ο
1471 4347 1547 4418 μὴ
1588 4348 1765 4420 πάθῃς
1825 4345 1924 4402 οὐκ

271 4439 666 4517 ἐδημηγόρεις,
713 4443 860 4497 ταῦτ’
911 4439 960 4496 εἳ
991 4462 1074 4503 τις
1129 4439 1346 4496 ἐκείνων
1402 4439 1690 4510 πέπονθεν,
1738 4440 1813 4501 ὡς
1861 4436 1922 4492 ού

270 4531 339 4586 τὰ
373 4529 628 4605 βέλτιστα
678 4525 1060 4585 συνεϐούλευεν
1115 4525 1408 4606 ίσχυρίζῃ;
1452 4527 1541 4582 καὶ
1577 4528 1684 4600 μὴν
1730 4525 1774 4580 εἷ
1826 4526 1919 4597 μὶν

275 4619 451 4674 οὐδεὶς
481 4618 616 4689 ἐπῆν
657 4615 929 4690 κίνδυνος,
979 4621 1075 4674 τοῦ
1107 4618 1270 4696 χάριν
1303 4613 1458 4671 οὐδὲν
1505 4611 1719 4681 ὤνησας
1745 4616 1845 4684 τὴν
1875 4615 1922 4650 ⁶¹

273 4705 508 4784 πατρίδα
535 4728 548 4777 ;
581 4707 626 4762 εἰ
677 4703 724 4762 δ’
751 4705 975 4782 ἕτοιμον
1022 4707 1090 4775 ἦν
1121 4702 1496 4776 ἀπολωλέναι,
1526 4704 1579 4759 τί
1630 4701 1922 4777 θαυμάζεις

279 4795 325 4852 ε⁷ί
356 4819 434 4860 τις
483 4796 700 4852 ἐκείνων
734 4796 1008 4872 ἐχρήσατο
1053 4799 1326 4875 συμφορᾷ,
1359 4793 1446 4848 καὶ
1495 4797 1573 4865 τῷ
1617 4792 1684 4848 τὰ
1731 4790 1928 4866 βέλτι-

274 4908 372 4942 στα
401 4885 585 4963 λέγειν
627 4887 795 4949 τιθεὶς
839 4886 999 4948 αὐτὸς
1045 4882 1264 4940 ἕπεσθαι
1297 4883 1358 4940 τὸ
1407 4879 1752 4950 κινδυνεύειν,
1784 4880 1926 4937 ἐκεί-

276 4998 402 5039 νους
462 4975 512 5050 ἐξ
556 4977 630 5032 ὧν
683 4974 968 5054 ἠτύχησαν
1028 4975 1346 5049 ἀποστερεῖς
1394 4976 1492 5028 τοῦ
1519 4971 1568 5008 ⁸³
1620 4969 1794 5048 λέγειν
1860 4971 1928 5027 τὰ

283 5065 578 5142 etiam;
637 5066 840 5121 Οὐκοῦν
883 5065 962 5119 ὅτ’
1009 5062 1204 5119 ἐκεῖνοι
1264 5063 1540 5141 φαίνονται
1602 5059 1774 5136 μηδὲν
1823 5065 1930 5116 τῶν

1923 1630 1970 1694 Β

1991 549 2100 614 est,
2135 547 2232 602 sed

2063 727 2128 782 Et
2157 725 2368 782 cubito:
2396 730 2557 799 atque
2584 731 2664 784 est
2693 742 2855 784 nares
2885 727 3158 784 laceratus
3187 735 3238 784 et
3265 743 3370 784 ora

1995 891 2161 962 equis
2189 892 2431 964 optimis
2453 895 2508 948 et
2529 909 2563 949 a
2583 891 2794 964 quibus
2817 908 3123 964 nunquam
3148 893 3338 949 fuerat
3359 891 3638 963 dejectus.

2068 1073 2338 1148 [Orontes
2387 1074 2555 1132 Persa
2602 1075 2872 1132 excidens
2923 1075 3216 1148 imperio:
3266 1077 3497 1146 Digitus,
3549 1077 3646 1133 in—

1996 1147 2144 1215 quit,
2174 1161 2322 1200 nunc
2349 1163 2546 1220 unum,
2577 1163 2728 1204 nunc
2756 1147 2940 1204 millia
2971 1147 3252 1220 attendit.)

2070 1307 2351 1372 Quocirca
2403 1309 2523 1367 sive
2576 1311 2803 1383 amicis,
2852 1313 2972 1368 sive
3029 1313 3233 1386 Opibus
3289 1314 3470 1384 vales,
3523 1317 3644 1374 sive

1998 1396 2234 1466 gloriam
2269 1398 2422 1454 inter
2450 1399 2602 1455 cives
2633 1415 2694 1456 es
2725 1405 3098 1471 consecutus,
3125 1403 3240 1459 noli
3263 1408 3318 1459 te
3346 1404 3644 1474 extollere,

2001 1501 2106 1544 nec
2137 1485 2269 1558 plus
2301 1489 2404 1544 tibi
2439 1505 2616 1561 quam
2665 1488 2854 1558 liceat,
2887 1492 3158 1548 tribuere.
3195 1492 3268 1549 Ut
3306 1494 3502 1550 omnia
3533 1495 3648 1550 sibi

2003 1581 2335 1648 suppetant,
2369 1595 2402 1634 a
2435 1579 2666 1635 fortuna
2703 1579 2973 1637 vinceris.
3005 1580 3135 1637 Haec
3168 1582 3278 1638 sibi
3311 1583 3430 1639 vult
3459 1589 3648 1639 certa-

2005 1681 2136 1722 men
2168 1667 2324 1722 istud
2355 1683 2370 1736 ;
2409 1665 2534 1724 haec
2563 1667 2851 1726 Homerus
2883 1670 3043 1726 dicit.
3075 1671 3232 1728 Nihil
3265 1677 3354 1728 est
3384 1672 3444 1728 in
3476 1674 3649 1728 rebus

2001 1754 2279 1812 humanis
2309 1771 2598 1826 securum,
2633 1757 2778 1814 nihil
2826 1759 3127 1830 aequabile,
3162 1760 3306 1816 nihil
3337 1761 3450 1817 sibi
3481 1761 3651 1818 sufﬁ-

2001 1846 2194 1909 ciens:
2244 1863 2465 1916 verum,
2518 1864 2649 1903 cum
2701 1853 2935 1920 tempus
2983 1851 3142 1916 feret,
3197 1851 3400 1908 fortem
3458 1851 3655 1908 vincet

1999 1933 2364 2004 imbecillior,
2397 1935 2652 2008 Babylon
2689 1953 2803 1993 una
2850 1953 2984 1994 cum
3032 1940 3324 1996 moenibus
3365 1940 3651 2012 capietur,

2003 2022 2204 2079 Persas
2235 2039 2469 2080 rursum
2499 2024 2940 2097 populabuntur
2962 2025 3080 2083 alii.
3105 2027 3236 2084 Haec
3266 2027 3420 2084 enim
3453 2028 3653 2086 omnia

2003 2111 2062 2166 in
2111 2112 2312 2168 orbem
2363 2115 2648 2171 feruntur.
2692 2116 2849 2180 Quod
2892 2117 2943 2171 si
2981 2116 3400 2186 gubernatores
3447 2134 3656 2174 omnes

2004 2207 2243 2259 cunctos
2311 2208 2572 2260 vectores
2645 2203 2834 2262 salvos
2893 2209 3254 2278 prastat-ent,
3317 2225 3384 2264 ac
3441 2207 3654 2264 medici

2006 2307 2211 2348 omnes
2253 2299 2498 2350 cunctos
2545 2299 2824 2352 sanarent
2875 2304 3140 2368 aegrotos,
3181 2301 3238 2353 et
3286 2297 3536 2368 majores
3589 2313 3656 2354 ac

2005 2383 2258 2452 potiores
2305 2382 2621 2452 vincerent,
2657 2388 2832 2456 atque
2861 2384 2922 2440 hi
2955 2402 3162 2442 omnes
3209 2402 3440 2456 semper
3483 2386 3654 2442 flore-

2006 2475 2154 2540 rent,
2179 2487 2283 2526 nec
2304 2471 2618 2543 quisquam
2640 2489 2840 2528 eorum
2864 2473 2960 2542 qui
2985 2477 3136 2528 recte
3161 2473 3432 2543 coepisset
3462 2489 3654 2544 agere,

2005 2563 2244 2626 erraret,
2279 2575 2467 2632 neque
2495 2563 2694 2616 votum
2721 2579 2754 2616 a
2786 2559 3059 2618 facultate
3106 2559 3430 2632 quidquam
3460 2561 3657 2618 differ-

2007 2652 2115 2714 ret,
2165 2647 2526 2704 immortales
2574 2647 2760 2704 forent
2817 2663 2909 2703 res
2961 2663 3165 2704 omnes
3217 2647 3508 2716 humanae,
3551 2664 3656 2704 nec

2008 2737 2278 2809 precibus
2323 2737 2587 2794 fortassis
2629 2753 2778 2809 opus
2807 2741 2976 2808 esset,
3003 2753 3191 2808 neque
3221 2753 3350 2806 nos,
3385 2742 3449 2792 ut
3479 2753 3658 2806 nunc,

2009 2825 2230 2882 dolium
2279 2826 2528 2882 alterum
2579 2827 2952 2898 perfudisset.
2985 2826 3066 2884 Ne
3111 2827 3344 2884 mireris
3384 2827 3582 2900 igitur,
3615 2836 3662 2892 si

2017 2915 2282 2982 Pericles,
2316 2932 2450 2971 cum
2499 2916 2806 2974 scientiam
2847 2919 2904 2971 et
2939 2929 3122 2972 artem
3177 2915 3448 2982 habebat,
3481 2933 3515 2971 a
3547 2915 3662 2973 Deo

2017 3007 2074 3058 et
2105 3004 2332 3060 fortuna
2351 3004 2712 3071 vincebatur,
2737 3021 2924 3076 neque
2945 3009 3272 3076 temporum
3302 3004 3660 3073 obliviscere,

2017 3093 2232 3164 quibus
2263 3093 2384 3163 ipse
2413 3111 2529 3150 non
2565 3110 2764 3166 parum
2796 3095 3030 3164 tribuis,
3054 3099 3111 3150 et
3133 3095 3230 3150 ille
3251 3111 3365 3150 non
3396 3095 3658 3166 optimis,

2017 3188 2082 3238 ut
2123 3191 2384 3255 apparet,
2415 3191 2557 3240 tunc
2607 3201 2748 3240 usus
2797 3185 2923 3240 fuit.
2957 3183 3143 3240 Multa
3191 3183 3345 3240 inter
3393 3183 3660 3240 homines

2015 3275 2164 3331 facta
2211 3279 2356 3332 sunt
2384 3281 2442 3332 et
2469 3275 2611 3332 fient
2659 3275 2946 3344 miranda,
2979 3276 3130 3332 inter
3161 3292 3288 3347 quae
3319 3279 3458 3332 sunt
3487 3276 3660 3332 etiam

2016 3379 2138 3435 quae
2171 3363 2262 3419 his
2310 3365 2447 3419 viris
2487 3363 2876 3435 contigerunt,
2918 3369 2984 3420 ut
3016 3380 3188 3420 nemo
3218 3368 3406 3436 negat.
3449 3363 3662 3418 Verum

2013 3469 2081 3510 ea
2131 3454 2394 3510 nondum
2441 3453 2810 3520 convincunt,
2843 3451 2974 3508 illos
3007 3469 3110 3508 nec
3151 3452 3290 3508 boni
3343 3452 3664 3522 quidquam

2014 3544 2268 3612 scivisse,
2332 3558 2438 3599 nec
2495 3541 2796 3598 meliorem
2857 3558 3212 3613 quemquam
3274 3541 3516 3598 reddere
3573 3557 3670 3610 po-

2015 3634 2220 3699 tuisse,
2278 3633 2569 3702 siquidem
2647 3634 2910 3701 poterant
2964 3635 3022 3684 et
3073 3635 3258 3685 artem
3333 3635 3530 3684 tenere
3609 3634 3666 3684 et

2017 3719 2182 3790 probi
2231 3735 2381 3786 esse,
2433 3735 2770 3789 quanquam
2819 3734 2883 3772 eo
2933 3717 3172 3787 quidem
3235 3725 3492 3788 tempore
3543 3733 3668 3772 ma-

2011 3808 2242 3880 joribus
2272 3807 2543 3862 carebant
2573 3807 2947 3877 adjumeutis.
2985 3805 3258 3861 Libenter
3288 3810 3480 3862 autem
3514 3821 3669 3875 quaa-

2019 3897 2216 3952 sierim
2250 3895 2460 3968 siquis
2511 3911 2614 3968 pro
2661 3896 2896 3951 Platone
2948 3893 3086 3950 velit
3138 3895 3505 3965 respondere,
3539 3911 3672 3952 cum

2021 3986 2146 4060 ipse
2167 3985 2322 4042 Plato
2346 3986 2772 4059 rempublicam
2797 4002 2908 4042 non
2935 3985 3378 4054 administrarit,
3405 3985 3673 4056 nunquid

2021 4091 2214 4135 causa
2235 4077 2388 4132 dicet
2409 4077 2746 4149 quisquam,
2771 4082 2978 4147 prater
2997 4076 3078 4141 id,
3103 4077 3256 4148 quod
3291 4077 3445 4148 apud
3479 4076 3677 4148 ipsum

2028 4167 2168 4224 dicit
2216 4167 2481 4224 Socrates
2509 4167 2536 4220 ‘l
2569 4167 2713 4235 Quid
2757 4168 2914 4224 enim
2965 4167 3124 4224 aliud
3152 4167 3179 4222 ?
3212 4171 3356 4238 Ergo
3407 4166 3456 4222 si
3505 4167 3563 4222 in
3613 4183 3680 4223 ea

2027 4273 2279 4328 quorum
2313 4261 2374 4314 tu
2401 4261 2554 4313 metu
2591 4256 2824 4328 publica
2857 4273 2972 4314 non
3003 4257 3271 4325 curabas,
3305 4255 3540 4313 illorum
3573 4255 3681 4312 ali-

2030 4347 2161 4418 quis
2190 4345 2416 4412 incidit,
2439 4360 2570 4401 eum
2595 4362 2708 4401 non
2733 4346 2948 4416 Optima
2979 4361 3222 4417 quaeque
3253 4343 3511 4402 suasisse
3539 4360 3682 4402 con-

2033 4435 2224 4492 tendis
2244 4435 2272 4490 ?
2301 4435 2472 4507 Atqui
2503 4435 2554 4492 si
2587 4435 2738 4492 nihil
2768 4436 2962 4492 430a
2992 4441 3116 4492 erat
3146 4435 3406 4506 periculi,
3441 4451 3548 4492 cur
3585 4449 3685 4507 pa-

2032 4525 2206 4582 triam
2235 4523 2454 4580 nullam
2485 4525 2544 4580 in
2579 4541 2638 4581 re
2661 4524 2865 4596 juvisli
2885 4524 2913 4579 ‘I
2933 4525 3033 4583 Sin
3059 4529 3182 4581 erat
3213 4529 3452 4596 paratus
3483 4523 3684 4580 interi-

2031 4618 2148 4682 tus,
2182 4631 2287 4670 cur
2315 4613 2546 4670 miraris
2579 4613 2812 4671 illorum
2853 4630 3210 4686 quemquam
3237 4614 3296 4670 in
3329 4613 3556 4670 cladem
3589 4611 3684 4668 in-

2033 4703 2262 4772 cidisse,
2294 4713 2350 4760 et
2377 4719 2508 4758 cum
2543 4703 2764 4775 optima
2791 4703 3037 4760 consilia
3065 4704 3191 4774 ipse
3225 4719 3358 4758 cum
3411 4699 3686 4773 periculis

2034 4794 2205 4864 conju
2219 4809 2382 4864 ngas,
2401 4792 2530 4850 illos
2549 4799 2860 4866 postquam
2879 4793 3250 4850 offenderunt
3269 4791 3478 4864 optimi
3503 4791 3686 4846 fuisse

2035 4882 2264 4939 consilii
2297 4897 2496 4954 negas.
2527 4883 2670 4940 Cum
2709 4883 2890 4955 igitur
2933 4882 3019 4938 illi
3073 4881 3296 4939 nullam
3348 4884 3684 4936 secuturam

2039 4971 2264 5028 cladem
2307 4971 2553 5042 justitias
2598 4975 3050 5043 praetexuerunt,
3087 4987 3291 5027 verum
3341 4968 3577 5040 largiter
3617 4984 3686 5024 ac

2039 5061 2390 5134 simpliciter
2437 5061 2734 5118 communi
2763 5062 2916 5120 bono
2943 5061 3398 5133 impenderunt;
3433 5055 3686 5114 Socratis

1629 5245 1869 5304 VARI/f9
1909 5246 2320 5302 LECTIONES.

357 5395 404 5434 ιε
431 5395 506 5460 εἷς
535 5397 600 5452 τὸ
629 5394 925 5456 Πλάτωνος
955 5389 1298 5470 παράδειγμα
1329 5408 1445 5449 om.
1471 5393 1535 5448 A.
1612 5389 1659 5424 ‘3
1687 5389 1910 5444 πώποτε
1939 5404 2055 5445 orn.
2089 5389 2151 5444 A.
2230 5389 2276 5424 “
2305 5385 2352 5442 εἰ
2383 5385 2572 5464 φίλοις
2601 5386 2814 5468 ἶσχύεις
2845 5391 2925 5464 (p.
2959 5389 3092 5514 ἇῶὲ
3121 5389 3329 5446 add.A.

357 5473 478 5514 εῖνον
511 5466 746 5514 ἒπαοθῆε
775 5470 838 5514 Α-
951 5467 997 5502 ⁴⁶
1024 5468 1092 5514 cii
1133 5464 1347 5514 éFouaia
1376 5467 1441 5514 A.
1543 5463 1589 5498 4⁷
1621 5460 1974 5514 ἀνθοωπίνων
2006 5461 2068 5514 Α.
2173 5459 2224 5493 ’⁵⁸
2249 5457 2374 5514 ὅταν
2405 5461 2432 5514 ὁ
2475 5461 2663 5514 καιρὸς
2703 5461 2784 5514 ε’.
2889 5463 2934 5498 ⁸³
2957 5459 3004 5514 εἶ
3033 5458 3062 5514 δ
3097 5462 3114 5514 ί
3158 5477 3216 5514 ι).
3248 5461 3329 5514 42ῗ

1621 5461 1974 5535 ἀνθρωπίνων
2006 5461 2068 5514 Α.
2173 5461 2224 5493 ’³⁸
2249 5461 2374 5514 ὅταν
2395 5461 2432 5516 “ὀ
2475 5481 2504 5514 κ

1607 5535 1656 5569 ⁵³
1683 5532 1838 5587 πάντ’
1867 5531 1938 5605 ἦν
2041 5529 2156 5605 ε-ἧν
2183 5531 2396 5605 ἀπάντα

1899 5603 1943 5638 ⁸⁸
1973 5602 2092 5746 ἇρἼ]
2112 5599 2196 5676 ἆρ’
2227 5599 2318 5656 οὖν
2349 5607 2413 5660 Α.
2437 5599 2460 5605 ⁷
2516 5605 2564 5642 ⁵⁵
2589 5603 2650 5663 ἂν
2683 5599 2902 5664 o'mfli.

1899 5673 2067 5729 ιῦκοῦν
2123 5691 2180 5746 p.
2223 5675 2349 5732 436.

951 5467 997 5502 ⁴⁸
1024 5464 1093 5556 si
1133 5464 1347 5556 ἐέάθῖὲι
1376 5467 1441 5556 Α.ο

876 5539 921 5576 ⁵⁸
960 5533 1181 5610 μηδενὶ]
1220 5533 1372 5591 οὐδέν
1403 5539 1466 5592 Α.
1607 5535 1656 5569 ⁵³
1683 5533 1796 5587 ’πρὶν¹

882 5612 928 5647 ⁸⁸
960 5607 1359 5684 βούλο-ιτοᾳΑᾉ
1409 5601 1550 5684 "niis
1581 5607 1796 5684 qm._A:

295 5473 478 5542 μεῖζον
511 5466 746 5542 ἒπαρθῇς
773 5470 838 5524 Α.

286 5541 662 5614 τες]-ὁίπαντες

287 5614 334 5649 ⁸⁵
361 5609 562 5682 ᾗδέως]
595 5631 646 5679 p.
683 5613 804 5668 435.

3406 5385 3454 5423 ⁴⁵
3478 5385 3686 5442 τούτων

2173 5459 2224 5537 4f
2249 5457 2374 5514 ὅταν
2395 5455 2786 5537 ’ὁ-κιιιιρὸξς·ἶ
2805 5535 2822 5537 _
2853 5455 2934 5498 ’Ἠ
2957 5459 3004 5537 εἰ
3158 5477 3225 5537 ρ..
3248 5461 3406 5537 427...
3477 5460 3522 5496 ⁸ο
3550 5459 3685 5514 πάν-

2641 5533 2690 5570 ⁵³
2718 5531 2823 5607 μὴ]
2856 5551 2912 5606 p.
3098 5531 3112 5533 ⁷
3162 5531 3439 5607 figater
3462 5548 3579 5607 opm.
3621 5538 3703 5607 A_.

3005 5575 3450 5682 ὅδ’φοεηθὲἰἒ’⁷ιὶῆ
3463 5575 3579 5658 ἴτ’
3608 5575 3684 5676 ιῖὴ

281 5673 663 5765 φοϐηθεὶξς.
740 5683 782 5720 σί
815 5673 1030 5754 ὤνησας
1059 5679 1148 5736 καὶ
1176 5679 1278 5748 τὴν
1296 5677 1359 5752 ς’
1365 5719 1378 5737 .
1455 5678 1504 5714 ⁸⁸
1529 5677 1650 5751 τοῦ]
1679 5678 1740 5732 τὸ
1771 5677 1834 5732 Α.
1869 5673 2092 5746 οὐκοῦν]
2223 5675 2349 5732 436,
