  <div class='ocr_page' id='page_1' title='image "/cluster/home/n/w/nwhite01/storage/ocr_20150623/103/hvd.32044054112495/806.png"; bbox 0 0 4032 6226; ppageno 0'>
   <div class='ocr_carea' id='block_1_1' title="bbox 243 352 396 414">
    <p class='ocr_par' dir='ltr' id='par_1_1' title="bbox 243 352 396 414">
     <span class='ocr_line' id='line_1_1' title="bbox 243 352 396 414; baseline -0.007 0"><span class='ocrx_word' id='word_1_1' title='bbox 243 352 396 414; x_wconf 79' lang='lat' dir='ltr'>I573</span> 
     </span>
    </p>
   </div>
   <div class='ocr_carea' id='block_1_2' title="bbox 1308 343 2592 408">
    <p class='ocr_par' dir='ltr' id='par_1_2' title="bbox 1308 343 2592 408">
     <span class='ocr_line' id='line_1_2' title="bbox 1308 343 2592 408; baseline -0.002 -2"><span class='ocrx_word' id='word_1_2' title='bbox 1308 343 1852 408; x_wconf 84' lang='lat' dir='ltr'><strong>BIBLIOTIIECA.</strong></span> <span class='ocrx_word' id='word_1_3' title='bbox 1894 375 1972 389; x_wconf 92' lang='lat'><strong><em>—</em></strong></span> <span class='ocrx_word' id='word_1_4' title='bbox 2014 344 2187 406; x_wconf 89' lang='lat' dir='ltr'>COD.</span> <span class='ocrx_word' id='word_1_5' title='bbox 2231 346 2592 408; x_wconf 83' lang='lat' dir='ltr'>CCXLVIII.</span> 
     </span>
    </p>
   </div>
   <div class='ocr_carea' id='block_1_3' title="bbox 3491 357 3645 418">
    <p class='ocr_par' dir='ltr' id='par_1_3' title="bbox 3491 357 3645 418">
     <span class='ocr_line' id='line_1_3' title="bbox 3491 357 3645 418; baseline 0.019 -3"><span class='ocrx_word' id='word_1_6' title='bbox 3491 357 3645 418; x_wconf 69' lang='grc'>1574</span> 
     </span>
    </p>
   </div>
   <div class='ocr_carea' id='block_1_4' title="bbox 241 476 1897 560">
    <p class='ocr_par' dir='ltr' id='par_1_4' title="bbox 241 476 1882 560">
     <span class='ocr_line' id='line_1_4' title="bbox 241 476 1882 560; baseline -0.005 -19"><span class='ocrx_word' id='word_1_7' title='bbox 241 487 336 560; x_wconf 77' lang='grc' dir='ltr'>μὲν</span> <span class='ocrx_word' id='word_1_8' title='bbox 365 485 505 540; x_wconf 79' lang='grc' dir='ltr'>ἐστιν</span> <span class='ocrx_word' id='word_1_9' title='bbox 533 486 568 552; x_wconf 77' lang='grc' dir='ltr'>ἡ</span> <span class='ocrx_word' id='word_1_10' title='bbox 601 481 867 556; x_wconf 82' lang='grc' dir='ltr'>ῥητορική</span> <span class='ocrx_word' id='word_1_11' title='bbox 911 479 1201 549; x_wconf 80' lang='grc' dir='ltr'>κολακεία,</span> <span class='ocrx_word' id='word_1_12' title='bbox 1244 479 1484 550; x_wconf 76' lang='grc' dir='ltr'>καθάπαξ</span> <span class='ocrx_word' id='word_1_13' title='bbox 1517 476 1599 533; x_wconf 91' lang='grc' dir='ltr'>δεῖ</span> <span class='ocrx_word' id='word_1_14' title='bbox 1632 480 1758 551; x_wconf 81' lang='grc'>[709</span> <span class='ocrx_word' id='word_1_15' title='bbox 1789 478 1882 550; x_wconf 90' lang='grc' dir='ltr'>Η.]</span> 
     </span>
    </p>
   </div>
   <div class='ocr_carea' id='block_1_5' title="bbox 2013 476 3642 560">
    <p class='ocr_par' dir='ltr' id='par_1_5' title="bbox 2013 479 3642 548">
     <span class='ocr_line' id='line_1_5' title="bbox 2013 479 3642 548; baseline 0.007 -14"><span class='ocrx_word' id='word_1_16' title='bbox 2013 480 2312 548; x_wconf 63' lang='lat' dir='ltr'><strong>quamdam</strong></span> <span class='ocrx_word' id='word_1_17' title='bbox 2363 479 2510 536; x_wconf 82' lang='lat' dir='ltr'>dixit</span> <span class='ocrx_word' id='word_1_18' title='bbox 2559 496 2686 536; x_wconf 85' lang='lat' dir='ltr'><strong>esse</strong></span> <span class='ocrx_word' id='word_1_19' title='bbox 2735 496 2928 536; x_wconf 87' lang='lat' dir='ltr'><strong>veram</strong></span> <span class='ocrx_word' id='word_1_20' title='bbox 2975 481 3360 542; x_wconf 86' lang='lat' dir='ltr'><strong>rhetoricam?</strong></span> <span class='ocrx_word' id='word_1_21' title='bbox 3389 486 3451 544; x_wconf 97' lang='lat' dir='ltr'>Si</span> <span class='ocrx_word' id='word_1_22' title='bbox 3493 487 3642 546; x_wconf 86' lang='lat' dir='ltr'><strong>bona</strong></span> 
     </span>
    </p>
   </div>
   <div class='ocr_carea' id='block_1_6' title="bbox 234 567 1881 649">
    <p class='ocr_par' dir='ltr' id='par_1_6' title="bbox 234 567 1881 649">
     <span class='ocr_line' id='line_1_6' title="bbox 234 567 1881 649; baseline -0.006 -18"><span class='ocrx_word' id='word_1_23' title='bbox 234 581 304 649; x_wconf 76' lang='grc' dir='ltr'>τῇ</span> <span class='ocrx_word' id='word_1_24' title='bbox 335 572 598 644; x_wconf 78' lang='grc' dir='ltr'>κολακείᾳ</span> <span class='ocrx_word' id='word_1_25' title='bbox 624 571 951 646; x_wconf 77' lang='grc' dir='ltr'>χρωμένους</span> <span class='ocrx_word' id='word_1_26' title='bbox 981 569 1177 634; x_wconf 76' lang='grc' dir='ltr'>αὐτοὺς</span> <span class='ocrx_word' id='word_1_27' title='bbox 1221 570 1524 648; x_wconf 74' lang='grc' dir='ltr'>φαίνεσθαι,</span> <span class='ocrx_word' id='word_1_28' title='bbox 1574 567 1762 637; x_wconf 78' lang='grc' dir='ltr'>ἐπειδή</span> <span class='ocrx_word' id='word_1_29' title='bbox 1821 587 1881 642; x_wconf 91' lang='grc' dir='ltr'>γε</span> 
     </span>
    </p>
   </div>
   <div class='ocr_carea' id='block_1_7' title="bbox 236 657 1882 737">
    <p class='ocr_par' dir='ltr' id='par_1_7' title="bbox 236 657 1882 737">
     <span class='ocr_line' id='line_1_7' title="bbox 236 657 1882 737; baseline -0.005 -19"><span class='ocrx_word' id='word_1_30' title='bbox 236 666 371 733; x_wconf 81' lang='grc' dir='ltr'>ἦσαν</span> <span class='ocrx_word' id='word_1_31' title='bbox 405 664 654 737; x_wconf 77' lang='grc' dir='ltr'>ῥήτορες.</span> <span class='ocrx_word' id='word_1_32' title='bbox 687 663 846 715; x_wconf 77' lang='grc' dir='ltr'>Ὥστε</span> <span class='ocrx_word' id='word_1_33' title='bbox 875 664 994 722; x_wconf 88' lang='grc' dir='ltr'>πῶς</span> <span class='ocrx_word' id='word_1_34' title='bbox 1025 660 1059 728; x_wconf 76' lang='grc' dir='ltr'>ἣ</span> <span class='ocrx_word' id='word_1_35' title='bbox 1099 658 1339 722; x_wconf 81' lang='grc' dir='ltr'>ἐκείνους</span> <span class='ocrx_word' id='word_1_36' title='bbox 1376 658 1608 714; x_wconf 79' lang='grc' dir='ltr'>ἀπολύει</span> <span class='ocrx_word' id='word_1_37' title='bbox 1657 665 1756 727; x_wconf 82' lang='grc' dir='ltr'>τῆς</span> <span class='ocrx_word' id='word_1_38' title='bbox 1795 657 1882 710; x_wconf 82' lang='grc' dir='ltr'>αἰ-</span> 
     </span>
    </p>
   </div>
   <div class='ocr_carea' id='block_1_8' title="bbox 235 744 1880 826">
    <p class='ocr_par' dir='ltr' id='par_1_8' title="bbox 235 744 1880 826">
     <span class='ocr_line' id='line_1_8' title="bbox 235 744 1880 826; baseline -0.005 -19"><span class='ocrx_word' id='word_1_39' title='bbox 235 755 379 820; x_wconf 86' lang='grc' dir='ltr'>τίας,</span> <span class='ocrx_word' id='word_1_40' title='bbox 433 753 468 821; x_wconf 74' lang='grc' dir='ltr'><strong>ἢ</strong></span> <span class='ocrx_word' id='word_1_41' title='bbox 521 751 816 826; x_wconf 68' lang='grc' dir='ltr'>ῥητορικὴν</span> <span class='ocrx_word' id='word_1_42' title='bbox 874 748 1205 825; x_wconf 84' lang='grc' dir='ltr'>προσείρηκέ</span> <span class='ocrx_word' id='word_1_43' title='bbox 1265 769 1385 803; x_wconf 78' lang='grc' dir='ltr'>τινα</span> <span class='ocrx_word' id='word_1_44' title='bbox 1451 747 1755 817; x_wconf 74' lang='grc' dir='ltr'>ἀληθινήν;</span> <span class='ocrx_word' id='word_1_45' title='bbox 1814 744 1880 802; x_wconf 80' lang='grc' dir='ltr'>Εἰ</span> 
     </span>
    </p>
   </div>
   <div class='ocr_carea' id='block_1_9' title="bbox 238 834 1882 915">
    <p class='ocr_par' dir='ltr' id='par_1_9' title="bbox 238 834 1882 915">
     <span class='ocr_line' id='line_1_9' title="bbox 238 834 1882 915; baseline -0.004 -19"><span class='ocrx_word' id='word_1_46' title='bbox 238 840 284 897; x_wconf 82' lang='grc' dir='ltr'>δ’</span> <span class='ocrx_word' id='word_1_47' title='bbox 314 840 380 895; x_wconf 81' lang='grc' dir='ltr'>αὖ</span> <span class='ocrx_word' id='word_1_48' title='bbox 412 837 656 915; x_wconf 79' lang='grc' dir='ltr'>χρηστόν</span> <span class='ocrx_word' id='word_1_49' title='bbox 689 840 722 909; x_wconf 71' lang='grc' dir='ltr'><strong>ἢ</strong></span> <span class='ocrx_word' id='word_1_50' title='bbox 760 835 1052 892; x_wconf 85' lang='grc' dir='ltr'>σπουδαῖον</span> <span class='ocrx_word' id='word_1_51' title='bbox 1086 840 1120 906; x_wconf 78' lang='grc' dir='ltr'>ἡ</span> <span class='ocrx_word' id='word_1_52' title='bbox 1154 837 1445 913; x_wconf 74' lang='grc' dir='ltr'>ῥητορικὴ,</span> <span class='ocrx_word' id='word_1_53' title='bbox 1479 834 1560 890; x_wconf 92' lang='grc' dir='ltr'>δεῖ</span> <span class='ocrx_word' id='word_1_54' title='bbox 1601 840 1698 890; x_wconf 77' lang='grc' dir='ltr'>τοῦ</span> <span class='ocrx_word' id='word_1_55' title='bbox 1752 834 1882 909; x_wconf 87' lang='grc' dir='ltr'>βελ-</span> 
     </span>
    </p>
   </div>
   <div class='ocr_carea' id='block_1_10' title="bbox 235 924 1881 1000">
    <p class='ocr_par' dir='ltr' id='par_1_10' title="bbox 235 924 1881 1000">
     <span class='ocr_line' id='line_1_10' title="bbox 235 924 1881 1000; baseline -0.004 -16"><span class='ocrx_word' id='word_1_56' title='bbox 235 933 424 985; x_wconf 87' lang='grc' dir='ltr'>τίστου</span> <span class='ocrx_word' id='word_1_57' title='bbox 457 925 635 982; x_wconf 82' lang='grc' dir='ltr'>δοκεῖν</span> <span class='ocrx_word' id='word_1_58' title='bbox 673 927 856 1000; x_wconf 78' lang='grc' dir='ltr'>μέλειν</span> <span class='ocrx_word' id='word_1_59' title='bbox 886 929 934 964; x_wconf 80' lang='grc'>⁸⁵</span> <span class='ocrx_word' id='word_1_60' title='bbox 975 926 1183 988; x_wconf 81' lang='grc' dir='ltr'>αὐτοῖς’</span> <span class='ocrx_word' id='word_1_61' title='bbox 1218 924 1357 981; x_wconf 82' lang='grc' dir='ltr'>ὥστε</span> <span class='ocrx_word' id='word_1_62' title='bbox 1401 931 1518 988; x_wconf 86' lang='grc' dir='ltr'>πῶς</span> <span class='ocrx_word' id='word_1_63' title='bbox 1567 927 1601 995; x_wconf 76' lang='grc' dir='ltr'>ἢ</span> <span class='ocrx_word' id='word_1_64' title='bbox 1643 924 1881 986; x_wconf 82' lang='grc' dir='ltr'>ἐκείνους</span> 
     </span>
    </p>
   </div>
   <div class='ocr_carea' id='block_1_11' title="bbox 243 1014 1884 1094">
    <p class='ocr_par' dir='ltr' id='par_1_11' title="bbox 243 1014 1884 1094">
     <span class='ocr_line' id='line_1_11' title="bbox 243 1014 1884 1094; baseline -0.003 -21"><span class='ocrx_word' id='word_1_65' title='bbox 243 1021 318 1094; x_wconf 73' lang='grc' dir='ltr'>μὴ</span> <span class='ocrx_word' id='word_1_66' title='bbox 370 1018 504 1091; x_wconf 86' lang='grc' dir='ltr'>πρὸς</span> <span class='ocrx_word' id='word_1_67' title='bbox 555 1019 616 1072; x_wconf 88' lang='grc' dir='ltr'>τὸ</span> <span class='ocrx_word' id='word_1_68' title='bbox 671 1015 951 1092; x_wconf 71' lang='grc' dir='ltr'>βέλτιστον</span> <span class='ocrx_word' id='word_1_69' title='bbox 1001 1014 1176 1090; x_wconf 71' lang='grc' dir='ltr'>λέγειν</span> <span class='ocrx_word' id='word_1_70' title='bbox 1224 1015 1480 1083; x_wconf 82' lang='grc' dir='ltr'>αἰτιᾶται,</span> <span class='ocrx_word' id='word_1_71' title='bbox 1521 1014 1557 1084; x_wconf 74' lang='grc' dir='ltr'><strong>ἢ</strong></span> <span class='ocrx_word' id='word_1_72' title='bbox 1589 1015 1689 1082; x_wconf 79' lang='grc' dir='ltr'>τήν</span> <span class='ocrx_word' id='word_1_73' title='bbox 1723 1014 1884 1087; x_wconf 82' lang='grc' dir='ltr'>ῥητο-</span> 
     </span>
    </p>
   </div>
   <div class='ocr_carea' id='block_1_12' title="bbox 241 1102 1883 1185">
    <p class='ocr_par' dir='ltr' id='par_1_12' title="bbox 241 1102 1883 1185">
     <span class='ocr_line' id='line_1_12' title="bbox 241 1102 1883 1185; baseline -0.003 -23"><span class='ocrx_word' id='word_1_74' title='bbox 241 1109 397 1185; x_wconf 79' lang='grc' dir='ltr'>ρικὴν</span> <span class='ocrx_word' id='word_1_75' title='bbox 431 1107 723 1162; x_wconf 84' lang='grc' dir='ltr'>κολακείαν</span> <span class='ocrx_word' id='word_1_76' title='bbox 754 1104 953 1173; x_wconf 85' lang='grc' dir='ltr'>καλεῖ;</span> <span class='ocrx_word' id='word_1_77' title='bbox 986 1105 1049 1162; x_wconf 79' lang='grc' dir='ltr'>Εἰ</span> <span class='ocrx_word' id='word_1_78' title='bbox 1084 1103 1128 1159; x_wconf 85' lang='grc' dir='ltr'>δ’</span> <span class='ocrx_word' id='word_1_79' title='bbox 1162 1103 1227 1159; x_wconf 80' lang='grc' dir='ltr'>αὖ</span> <span class='ocrx_word' id='word_1_80' title='bbox 1269 1102 1498 1159; x_wconf 77' lang='grc' dir='ltr'>διπλοῦν</span> <span class='ocrx_word' id='word_1_81' title='bbox 1521 1125 1574 1158; x_wconf 88' lang='grc' dir='ltr'>τι</span> <span class='ocrx_word' id='word_1_82' title='bbox 1602 1106 1648 1141; x_wconf 76' lang='grc'>⁸⁸</span> <span class='ocrx_word' id='word_1_83' title='bbox 1693 1103 1755 1158; x_wconf 87' lang='grc' dir='ltr'>τὸ</span> <span class='ocrx_word' id='word_1_84' title='bbox 1784 1110 1883 1172; x_wconf 78' lang='grc' dir='ltr'>τῆς</span> 
     </span>
    </p>
   </div>
   <div class='ocr_carea' id='block_1_13' title="bbox 243 1191 1881 1273">
    <p class='ocr_par' dir='ltr' id='par_1_13' title="bbox 243 1191 1881 1273">
     <span class='ocr_line' id='line_1_13' title="bbox 243 1191 1881 1273; baseline -0.005 -20"><span class='ocrx_word' id='word_1_85' title='bbox 243 1198 542 1273; x_wconf 75' lang='grc' dir='ltr'>ῥητορικῆς</span> <span class='ocrx_word' id='word_1_86' title='bbox 601 1195 739 1265; x_wconf 69' lang='grc' dir='ltr'>ἐστὶ,</span> <span class='ocrx_word' id='word_1_87' title='bbox 787 1197 876 1250; x_wconf 88' lang='grc' dir='ltr'>καὶ</span> <span class='ocrx_word' id='word_1_88' title='bbox 923 1196 986 1250; x_wconf 86' lang='grc' dir='ltr'>τὸ</span> <span class='ocrx_word' id='word_1_89' title='bbox 1037 1196 1132 1268; x_wconf 74' lang='grc' dir='ltr'>μὲν</span> <span class='ocrx_word' id='word_1_90' title='bbox 1181 1193 1344 1249; x_wconf 81' lang='grc' dir='ltr'>αὐτοῦ</span> <span class='ocrx_word' id='word_1_91' title='bbox 1392 1192 1653 1249; x_wconf 82' lang='grc' dir='ltr'>κολακεία</span> <span class='ocrx_word' id='word_1_92' title='bbox 1697 1213 1756 1247; x_wconf 88' lang='grc' dir='ltr'>τε</span> <span class='ocrx_word' id='word_1_93' title='bbox 1792 1191 1881 1246; x_wconf 89' lang='grc' dir='ltr'>καὶ</span> 
     </span>
    </p>
   </div>
   <div class='ocr_carea' id='block_1_14' title="bbox 243 1278 1884 1366">
    <p class='ocr_par' dir='ltr' id='par_1_14' title="bbox 243 1278 1884 1366">
     <span class='ocr_line' id='line_1_14' title="bbox 243 1278 1884 1366; baseline -0.004 -24"><span class='ocrx_word' id='word_1_94' title='bbox 243 1287 447 1366; x_wconf 83' lang='grc' dir='ltr'>αἰσχρά</span> <span class='ocrx_word' id='word_1_95' title='bbox 487 1284 836 1361; x_wconf 79' lang='grc' dir='ltr'>δημηγορία,</span> <span class='ocrx_word' id='word_1_96' title='bbox 882 1285 944 1338; x_wconf 85' lang='grc' dir='ltr'>τὸ</span> <span class='ocrx_word' id='word_1_97' title='bbox 994 1281 1040 1338; x_wconf 85' lang='grc' dir='ltr'>δ’</span> <span class='ocrx_word' id='word_1_98' title='bbox 1090 1282 1272 1357; x_wconf 71' lang='grc' dir='ltr'>ἕτερον</span> <span class='ocrx_word' id='word_1_99' title='bbox 1321 1282 1619 1358; x_wconf 82' lang='grc' dir='ltr'>προστασία</span> <span class='ocrx_word' id='word_1_100' title='bbox 1656 1285 1753 1336; x_wconf 81' lang='grc' dir='ltr'>τοῦ</span> <span class='ocrx_word' id='word_1_101' title='bbox 1802 1278 1884 1335; x_wconf 80' lang='grc' dir='ltr'>δί-</span> 
     </span>
    </p>
   </div>
   <div class='ocr_carea' id='block_1_15' title="bbox 241 1371 1885 1448">
    <p class='ocr_par' dir='ltr' id='par_1_15' title="bbox 241 1371 1885 1448">
     <span class='ocr_line' id='line_1_15' title="bbox 241 1371 1885 1448; baseline -0.005 -16"><span class='ocrx_word' id='word_1_102' title='bbox 241 1376 420 1446; x_wconf 88' lang='grc' dir='ltr'>καίου,</span> <span class='ocrx_word' id='word_1_103' title='bbox 479 1375 771 1448; x_wconf 85' lang='grc' dir='ltr'>ἀναγκαῖον</span> <span class='ocrx_word' id='word_1_104' title='bbox 822 1373 1047 1435; x_wconf 79' lang='grc' dir='ltr'>ἐκείνοις</span> <span class='ocrx_word' id='word_1_105' title='bbox 1094 1377 1190 1427; x_wconf 79' lang='grc' dir='ltr'>τοῦ</span> <span class='ocrx_word' id='word_1_106' title='bbox 1218 1375 1264 1447; x_wconf 88' lang='grc' dir='ltr'>γ’</span> <span class='ocrx_word' id='word_1_107' title='bbox 1320 1373 1364 1408; x_wconf 77' lang='grc'>8⁷</span> <span class='ocrx_word' id='word_1_108' title='bbox 1411 1371 1594 1445; x_wconf 73' lang='grc' dir='ltr'>ἑτερου</span> <span class='ocrx_word' id='word_1_109' title='bbox 1647 1375 1885 1444; x_wconf 83' lang='grc' dir='ltr'>μετεῖναι</span> 
     </span>
    </p>
   </div>
   <div class='ocr_carea' id='block_1_16' title="bbox 245 1460 1889 1543">
    <p class='ocr_par' dir='ltr' id='par_1_16' title="bbox 245 1460 1889 1543">
     <span class='ocr_line' id='line_1_16' title="bbox 245 1460 1889 1543; baseline -0.005 -22"><span class='ocrx_word' id='word_1_110' title='bbox 245 1471 427 1543; x_wconf 90' lang='grc' dir='ltr'>σαφῶς</span> <span class='ocrx_word' id='word_1_111' title='bbox 479 1485 544 1538; x_wconf 87' lang='grc' dir='ltr'>γε</span> <span class='ocrx_word' id='word_1_112' title='bbox 604 1462 826 1520; x_wconf 81' lang='grc' dir='ltr'>οὑτωσί.</span> <span class='ocrx_word' id='word_1_113' title='bbox 891 1467 1014 1523; x_wconf 87' lang='grc' dir='ltr'>Πῶς</span> <span class='ocrx_word' id='word_1_114' title='bbox 1069 1460 1162 1516; x_wconf 76' lang='grc' dir='ltr'>οὖν</span> <span class='ocrx_word' id='word_1_115' title='bbox 1215 1460 1537 1539; x_wconf 70' lang='grc' dir='ltr'>ἀμφοτέρων</span> <span class='ocrx_word' id='word_1_116' title='bbox 1574 1460 1889 1528; x_wconf 74' lang='grc' dir='ltr'>ἀποστερεῖς</span> 
     </span>
    </p>
   </div>
   <div class='ocr_carea' id='block_1_17' title="bbox 245 1549 1890 1627">
    <p class='ocr_par' dir='ltr' id='par_1_17' title="bbox 245 1549 1890 1627">
     <span class='ocr_line' id='line_1_17' title="bbox 245 1549 1890 1627; baseline -0.005 -17"><span class='ocrx_word' id='word_1_117' title='bbox 245 1553 477 1623; x_wconf 71' lang='grc' dir='ltr'>αὐτούς,</span> <span class='ocrx_word' id='word_1_118' title='bbox 528 1553 618 1608; x_wconf 86' lang='grc' dir='ltr'>καὶ</span> <span class='ocrx_word' id='word_1_119' title='bbox 680 1553 788 1624; x_wconf 73' lang='grc' dir='ltr'>μὴν</span> <span class='ocrx_word' id='word_1_120' title='bbox 819 1551 869 1607; x_wconf 75' lang='grc' dir='ltr'>εἴ</span> <span class='ocrx_word' id='word_1_121' title='bbox 913 1573 976 1627; x_wconf 89' lang='grc' dir='ltr'>γε</span> <span class='ocrx_word' id='word_1_122' title='bbox 1013 1551 1100 1605; x_wconf 84' lang='grc' dir='ltr'>καὶ</span> <span class='ocrx_word' id='word_1_123' title='bbox 1152 1549 1374 1612; x_wconf 81' lang='grc' dir='ltr'>δικαίως</span> <span class='ocrx_word' id='word_1_124' title='bbox 1424 1551 1739 1623; x_wconf 85' lang='grc' dir='ltr'>ἀποστερεῖς</span> <span class='ocrx_word' id='word_1_125' title='bbox 1779 1549 1890 1621; x_wconf 86' lang='grc' dir='ltr'>ἀμ-</span> 
     </span>
    </p>
   </div>
   <div class='ocr_carea' id='block_1_18' title="bbox 247 1637 1888 1720">
    <p class='ocr_par' dir='ltr' id='par_1_18' title="bbox 247 1637 1888 1720">
     <span class='ocr_line' id='line_1_18' title="bbox 247 1637 1888 1720; baseline -0.004 -22"><span class='ocrx_word' id='word_1_126' title='bbox 247 1642 513 1720; x_wconf 73' lang='grc' dir='ltr'>φοτέρων,</span> <span class='ocrx_word' id='word_1_127' title='bbox 571 1641 729 1717; x_wconf 82' lang='grc' dir='ltr'>τρίτη</span> <span class='ocrx_word' id='word_1_128' title='bbox 777 1663 860 1704; x_wconf 89' lang='grc' dir='ltr'>τις</span> <span class='ocrx_word' id='word_1_129' title='bbox 910 1640 970 1695; x_wconf 76' lang='grc' dir='ltr'>ἂν</span> <span class='ocrx_word' id='word_1_130' title='bbox 1021 1638 1106 1710; x_wconf 68' lang='grc' dir='ltr'>εἴη</span> <span class='ocrx_word' id='word_1_131' title='bbox 1168 1641 1295 1713; x_wconf 90' lang='grc' dir='ltr'>παρ’</span> <span class='ocrx_word' id='word_1_132' title='bbox 1350 1639 1660 1717; x_wconf 69' lang='grc' dir='ltr'>ἀμφοτέρας</span> <span class='ocrx_word' id='word_1_133' title='bbox 1691 1637 1888 1699; x_wconf 79' lang='grc' dir='ltr'>ταύτας</span> 
     </span>
    </p>
   </div>
   <div class='ocr_carea' id='block_1_19' title="bbox 248 1725 1889 1808">
    <p class='ocr_par' dir='ltr' id='par_1_19' title="bbox 248 1725 1889 1808">
     <span class='ocr_line' id='line_1_19' title="bbox 248 1725 1889 1808; baseline -0.004 -22"><span class='ocrx_word' id='word_1_134' title='bbox 248 1732 512 1808; x_wconf 72' lang='grc' dir='ltr'>ῥητορικὴ</span> <span class='ocrx_word' id='word_1_135' title='bbox 557 1730 745 1786; x_wconf 87' lang='grc' dir='ltr'>πάλιν.</span> <span class='ocrx_word' id='word_1_136' title='bbox 804 1732 967 1785; x_wconf 75' lang='grc' dir='ltr'>’Ὠστε</span> <span class='ocrx_word' id='word_1_137' title='bbox 1015 1726 1138 1784; x_wconf 74' lang='grc' dir='ltr'>οὕτε</span> <span class='ocrx_word' id='word_1_138' title='bbox 1187 1725 1417 1782; x_wconf 85' lang='grc' dir='ltr'>διπλοῦν</span> <span class='ocrx_word' id='word_1_139' title='bbox 1475 1726 1552 1781; x_wconf 82' lang='grc' dir='ltr'>ἔτι</span> <span class='ocrx_word' id='word_1_140' title='bbox 1599 1725 1781 1796; x_wconf 68' lang='grc' dir='ltr'>τούτῳ</span> <span class='ocrx_word' id='word_1_141' title='bbox 1810 1730 1889 1797; x_wconf 79' lang='grc' dir='ltr'>τῷ</span> 
     </span>
    </p>
   </div>
   <div class='ocr_carea' id='block_1_20' title="bbox 1992 571 3640 650">
    <p class='ocr_par' dir='ltr' id='par_1_20' title="bbox 1992 571 3640 650">
     <span class='ocr_line' id='line_1_20' title="bbox 1992 571 3640 650; baseline 0.008 -27"><span class='ocrx_word' id='word_1_142' title='bbox 1992 585 2084 625; x_wconf 85' lang='lat' dir='ltr'>res</span> <span class='ocrx_word' id='word_1_143' title='bbox 2113 575 2224 638; x_wconf 88' lang='lat' dir='ltr'><strong>est,</strong></span> <span class='ocrx_word' id='word_1_144' title='bbox 2258 575 2314 626; x_wconf 89' lang='lat' dir='ltr'>et</span> <span class='ocrx_word' id='word_1_145' title='bbox 2357 572 2680 643; x_wconf 84' lang='lat' dir='ltr'><strong>expetenda</strong></span> <span class='ocrx_word' id='word_1_146' title='bbox 2719 571 3026 641; x_wconf 85' lang='lat' dir='ltr'><strong>rhetorica,</strong></span> <span class='ocrx_word' id='word_1_147' title='bbox 3077 573 3358 632; x_wconf 84' lang='lat' dir='ltr'>nimirum</span> <span class='ocrx_word' id='word_1_148' title='bbox 3397 577 3459 633; x_wconf 89' lang='lat' dir='ltr'>hi</span> <span class='ocrx_word' id='word_1_149' title='bbox 3491 580 3640 650; x_wconf 63' lang='lat' dir='ltr'><strong>optio</strong></span> 
     </span>
    </p>
   </div>
   <div class='ocr_carea' id='block_1_21' title="bbox 1993 662 3642 735">
    <p class='ocr_par' dir='ltr' id='par_1_21' title="bbox 1993 662 3642 735">
     <span class='ocr_line' id='line_1_21' title="bbox 1993 662 3642 735; baseline 0.008 -23"><span class='ocrx_word' id='word_1_150' title='bbox 1993 673 2225 715; x_wconf 85' lang='lat' dir='ltr'><strong>marum</strong></span> <span class='ocrx_word' id='word_1_151' title='bbox 2258 676 2453 716; x_wconf 90' lang='lat' dir='ltr'><strong>rerum</strong></span> <span class='ocrx_word' id='word_1_152' title='bbox 2481 676 2681 717; x_wconf 88' lang='lat' dir='ltr'><strong>curam</strong></span> <span class='ocrx_word' id='word_1_153' title='bbox 2715 668 3040 733; x_wconf 86' lang='lat' dir='ltr'><strong>gesserunt.</strong></span> <span class='ocrx_word' id='word_1_154' title='bbox 3072 662 3188 718; x_wconf 87' lang='lat' dir='ltr'><strong>Cur</strong></span> <span class='ocrx_word' id='word_1_155' title='bbox 3209 663 3389 735; x_wconf 83' lang='lat' dir='ltr'>igitur</span> <span class='ocrx_word' id='word_1_156' title='bbox 3416 668 3506 722; x_wconf 87' lang='lat' dir='ltr'>vel</span> <span class='ocrx_word' id='word_1_157' title='bbox 3541 669 3642 726; x_wconf 88' lang='lat' dir='ltr'>hos</span> 
     </span>
    </p>
   </div>
   <div class='ocr_carea' id='block_1_22' title="bbox 1990 749 3642 822">
    <p class='ocr_par' dir='ltr' id='par_1_22' title="bbox 1990 749 3642 822">
     <span class='ocr_line' id='line_1_22' title="bbox 1990 749 3642 822; baseline 0.007 -20"><span class='ocrx_word' id='word_1_158' title='bbox 1990 749 2206 819; x_wconf 83' lang='lat' dir='ltr'><strong>optimc</strong></span> <span class='ocrx_word' id='word_1_159' title='bbox 2237 749 2455 805; x_wconf 85' lang='lat' dir='ltr'>dixisse</span> <span class='ocrx_word' id='word_1_160' title='bbox 2497 755 2686 822; x_wconf 88' lang='lat' dir='ltr'><strong>negat,</strong></span> <span class='ocrx_word' id='word_1_161' title='bbox 2721 750 2810 806; x_wconf 92' lang='lat' dir='ltr'>vel</span> <span class='ocrx_word' id='word_1_162' title='bbox 2854 749 3205 806; x_wconf 82' lang='lat' dir='ltr'>rhetoricam</span> <span class='ocrx_word' id='word_1_163' title='bbox 3249 761 3412 808; x_wconf 91' lang='lat' dir='ltr'><strong>vocat</strong></span> <span class='ocrx_word' id='word_1_164' title='bbox 3443 758 3642 813; x_wconf 88' lang='lat' dir='ltr'><strong>adula-</strong></span> 
     </span>
    </p>
   </div>
   <div class='ocr_carea' id='block_1_23' title="bbox 1991 835 3646 915">
    <p class='ocr_par' dir='ltr' id='par_1_23' title="bbox 1991 835 3646 915">
     <span class='ocr_line' id='line_1_23' title="bbox 1991 835 3646 915; baseline 0.007 -25"><span class='ocrx_word' id='word_1_165' title='bbox 1991 835 2251 894; x_wconf 84' lang='lat' dir='ltr'>tionem?</span> <span class='ocrx_word' id='word_1_166' title='bbox 2279 839 2442 904; x_wconf 88' lang='lat' dir='ltr'>Quod</span> <span class='ocrx_word' id='word_1_167' title='bbox 2483 838 2532 895; x_wconf 90' lang='lat' dir='ltr'>si</span> <span class='ocrx_word' id='word_1_168' title='bbox 2563 838 2776 906; x_wconf 78' lang='lat' dir='ltr'>duplex</span> <span class='ocrx_word' id='word_1_169' title='bbox 2807 843 2896 895; x_wconf 88' lang='lat' dir='ltr'>est</span> <span class='ocrx_word' id='word_1_170' title='bbox 2941 839 3238 896; x_wconf 64' lang='lat' dir='ltr'><strong>rhetorica</strong></span> <span class='ocrx_word' id='word_1_171' title='bbox 3269 857 3478 912; x_wconf 88' lang='lat' dir='ltr'><strong>genus,</strong></span> <span class='ocrx_word' id='word_1_172' title='bbox 3512 861 3646 915; x_wconf 84' lang='lat' dir='ltr'><strong>quo-</strong></span> 
     </span>
    </p>
   </div>
   <div class='ocr_carea' id='block_1_24' title="bbox 1993 927 3648 1002">
    <p class='ocr_par' dir='ltr' id='par_1_24' title="bbox 1993 927 3648 1002">
     <span class='ocr_line' id='line_1_24' title="bbox 1993 927 3648 1002; baseline 0.005 -22"><span class='ocrx_word' id='word_1_173' title='bbox 1993 943 2126 982; x_wconf 91' lang='lat' dir='ltr'>rum</span> <span class='ocrx_word' id='word_1_174' title='bbox 2178 927 2426 984; x_wconf 89' lang='lat' dir='ltr'><strong>alterum</strong></span> <span class='ocrx_word' id='word_1_175' title='bbox 2471 930 2549 984; x_wconf 92' lang='lat' dir='ltr'>sit</span> <span class='ocrx_word' id='word_1_176' title='bbox 2589 927 2866 997; x_wconf 78' lang='lat' dir='ltr'>adulatio,</span> <span class='ocrx_word' id='word_1_177' title='bbox 2913 929 3216 1001; x_wconf 84' lang='lat' dir='ltr'>turpisque</span> <span class='ocrx_word' id='word_1_178' title='bbox 3257 931 3481 1002; x_wconf 86' lang='lat' dir='ltr'>concio,</span> <span class='ocrx_word' id='word_1_179' title='bbox 3513 933 3648 989; x_wconf 88' lang='lat' dir='ltr'><strong>alte-</strong></span> 
     </span>
    </p>
   </div>
   <div class='ocr_carea' id='block_1_25' title="bbox 1993 1015 3649 1087">
    <p class='ocr_par' dir='ltr' id='par_1_25' title="bbox 1993 1015 3649 1087">
     <span class='ocr_line' id='line_1_25' title="bbox 1993 1015 3649 1087; baseline 0.005 -18"><span class='ocrx_word' id='word_1_180' title='bbox 1993 1030 2122 1070; x_wconf 92' lang='lat' dir='ltr'>rum</span> <span class='ocrx_word' id='word_1_181' title='bbox 2167 1016 2414 1086; x_wconf 61' lang='lat' dir='ltr'><strong>justitia</strong></span> <span class='ocrx_word' id='word_1_182' title='bbox 2476 1033 2635 1087; x_wconf 87' lang='lat' dir='ltr'><strong>cura,</strong></span> <span class='ocrx_word' id='word_1_183' title='bbox 2687 1015 3034 1073; x_wconf 89' lang='lat' dir='ltr'><strong>alterutrum</strong></span> <span class='ocrx_word' id='word_1_184' title='bbox 3084 1017 3144 1073; x_wconf 90' lang='lat' dir='ltr'>in</span> <span class='ocrx_word' id='word_1_185' title='bbox 3195 1018 3284 1076; x_wconf 90' lang='lat' dir='ltr'>his</span> <span class='ocrx_word' id='word_1_186' title='bbox 3336 1019 3649 1078; x_wconf 81' lang='lat' dir='ltr'><strong>manifeste</strong></span> 
     </span>
    </p>
   </div>
   <div class='ocr_carea' id='block_1_26' title="bbox 1993 1104 3648 1180">
    <p class='ocr_par' dir='ltr' id='par_1_26' title="bbox 1993 1104 3648 1180">
     <span class='ocr_line' id='line_1_26' title="bbox 1993 1104 3648 1180; baseline 0.005 -22"><span class='ocrx_word' id='word_1_187' title='bbox 1993 1104 2148 1159; x_wconf 89' lang='lat' dir='ltr'><strong>cerni</strong></span> <span class='ocrx_word' id='word_1_188' title='bbox 2195 1112 2438 1176; x_wconf 82' lang='lat' dir='ltr'><strong>Oportet.</strong></span> <span class='ocrx_word' id='word_1_189' title='bbox 2497 1109 2610 1163; x_wconf 91' lang='lat' dir='ltr'><strong>Cur</strong></span> <span class='ocrx_word' id='word_1_190' title='bbox 2666 1106 2844 1179; x_wconf 84' lang='lat' dir='ltr'><strong>igitur</strong></span> <span class='ocrx_word' id='word_1_191' title='bbox 2885 1107 3080 1162; x_wconf 81' lang='lat' dir='ltr'><strong>aufers</strong></span> <span class='ocrx_word' id='word_1_192' title='bbox 3130 1111 3490 1180; x_wconf 84' lang='lat' dir='ltr'><strong>utrumque?</strong></span> <span class='ocrx_word' id='word_1_193' title='bbox 3545 1111 3648 1167; x_wconf 88' lang='lat' dir='ltr'><strong>Sin</strong></span> 
     </span>
    </p>
   </div>
   <div class='ocr_carea' id='block_1_27' title="bbox 1995 1195 3650 1269">
    <p class='ocr_par' dir='ltr' id='par_1_27' title="bbox 1995 1195 3650 1269">
     <span class='ocr_line' id='line_1_27' title="bbox 1995 1195 3650 1269; baseline 0.005 -22"><span class='ocrx_word' id='word_1_194' title='bbox 1995 1200 2304 1264; x_wconf 90' lang='lat' dir='ltr'><strong>utrumque</strong></span> <span class='ocrx_word' id='word_1_195' title='bbox 2369 1202 2520 1251; x_wconf 86' lang='lat' dir='ltr'><strong>recte</strong></span> <span class='ocrx_word' id='word_1_196' title='bbox 2586 1195 2801 1264; x_wconf 84' lang='lat' dir='ltr'><strong>aufers,</strong></span> <span class='ocrx_word' id='word_1_197' title='bbox 2873 1197 3044 1253; x_wconf 88' lang='lat' dir='ltr'><strong>tertia</strong></span> <span class='ocrx_word' id='word_1_198' title='bbox 3110 1198 3376 1267; x_wconf 70' lang='lat' dir='ltr'><strong>quaedam</strong></span> <span class='ocrx_word' id='word_1_199' title='bbox 3445 1207 3650 1269; x_wconf 84' lang='lat' dir='ltr'><strong>praeter</strong></span> 
     </span>
    </p>
   </div>
   <div class='ocr_carea' id='block_1_28' title="bbox 1995 1283 3649 1360">
    <p class='ocr_par' dir='ltr' id='par_1_28' title="bbox 1995 1283 3649 1360">
     <span class='ocr_line' id='line_1_28' title="bbox 1995 1283 3649 1360; baseline 0.005 -24"><span class='ocrx_word' id='word_1_200' title='bbox 1995 1286 2306 1353; x_wconf 88' lang='lat' dir='ltr'><strong>utramque</strong></span> <span class='ocrx_word' id='word_1_201' title='bbox 2337 1283 2446 1338; x_wconf 85' lang='lat' dir='ltr'><strong>erit</strong></span> <span class='ocrx_word' id='word_1_202' title='bbox 2478 1283 2776 1339; x_wconf 80' lang='lat' dir='ltr'><strong>rhetoricae</strong></span> <span class='ocrx_word' id='word_1_203' title='bbox 2827 1285 3075 1356; x_wconf 87' lang='lat' dir='ltr'><strong>species.</strong></span> <span class='ocrx_word' id='word_1_204' title='bbox 3121 1286 3318 1357; x_wconf 85' lang='lat' dir='ltr'><strong>Itaque</strong></span> <span class='ocrx_word' id='word_1_205' title='bbox 3369 1303 3484 1344; x_wconf 90' lang='lat' dir='ltr'>non</span> <span class='ocrx_word' id='word_1_206' title='bbox 3524 1290 3649 1360; x_wconf 89' lang='lat' dir='ltr'><strong>jam</strong></span> 
     </span>
    </p>
   </div>
   <div class='ocr_carea' id='block_1_29' title="bbox 1993 1371 3650 1448">
    <p class='ocr_par' dir='ltr' id='par_1_29' title="bbox 1993 1371 3650 1448">
     <span class='ocr_line' id='line_1_29' title="bbox 1993 1371 3650 1448; baseline 0.005 -23"><span class='ocrx_word' id='word_1_207' title='bbox 1993 1371 2208 1442; x_wconf 86' lang='lat' dir='ltr'><strong>duplex</strong></span> <span class='ocrx_word' id='word_1_208' title='bbox 2238 1371 2350 1426; x_wconf 91' lang='lat' dir='ltr'><strong>erit</strong></span> <span class='ocrx_word' id='word_1_209' title='bbox 2377 1371 2688 1443; x_wconf 86' lang='lat' dir='ltr'><strong>rhetorica,</strong></span> <span class='ocrx_word' id='word_1_210' title='bbox 2713 1389 2904 1445; x_wconf 90' lang='lat' dir='ltr'><strong>neque</strong></span> <span class='ocrx_word' id='word_1_211' title='bbox 2937 1380 3128 1430; x_wconf 89' lang='lat' dir='ltr'><strong>tamen</strong></span> <span class='ocrx_word' id='word_1_212' title='bbox 3165 1375 3323 1432; x_wconf 85' lang='lat' dir='ltr'><strong>Plato</strong></span> <span class='ocrx_word' id='word_1_213' title='bbox 3348 1393 3477 1448; x_wconf 64' lang='lat' dir='ltr'><strong>quas</strong></span> <span class='ocrx_word' id='word_1_214' title='bbox 3500 1383 3650 1434; x_wconf 87' lang='lat' dir='ltr'><strong>esset</strong></span> 
     </span>
    </p>
   </div>
   <div class='ocr_carea' id='block_1_30' title="bbox 1998 1460 3652 1538">
    <p class='ocr_par' dir='ltr' id='par_1_30' title="bbox 1998 1460 3652 1538">
     <span class='ocr_line' id='line_1_30' title="bbox 1998 1460 3652 1538; baseline 0.006 -24"><span class='ocrx_word' id='word_1_215' title='bbox 1998 1460 2163 1515; x_wconf 89' lang='lat' dir='ltr'><strong>tertia</strong></span> <span class='ocrx_word' id='word_1_216' title='bbox 2183 1463 2460 1516; x_wconf 86' lang='lat' dir='ltr'><strong>ostendit.</strong></span> <span class='ocrx_word' id='word_1_217' title='bbox 2495 1462 2655 1525; x_wconf 86' lang='lat' dir='ltr'><strong>Quod</strong></span> <span class='ocrx_word' id='word_1_218' title='bbox 2681 1463 2727 1518; x_wconf 87' lang='lat' dir='ltr'>si</span> <span class='ocrx_word' id='word_1_219' title='bbox 2758 1463 2828 1517; x_wconf 86' lang='lat' dir='ltr'>ad</span> <span class='ocrx_word' id='word_1_220' title='bbox 2862 1465 3106 1535; x_wconf 81' lang='lat' dir='ltr'><strong>gratiam</strong></span> <span class='ocrx_word' id='word_1_221' title='bbox 3132 1469 3270 1520; x_wconf 89' lang='lat' dir='ltr'><strong>sunt</strong></span> <span class='ocrx_word' id='word_1_222' title='bbox 3303 1471 3360 1520; x_wconf 89' lang='lat' dir='ltr'>et</span> <span class='ocrx_word' id='word_1_223' title='bbox 3389 1466 3652 1538; x_wconf 87' lang='lat' dir='ltr'><strong>volupta-</strong></span> 
     </span>
    </p>
   </div>
   <div class='ocr_carea' id='block_1_31' title="bbox 1997 1549 3649 1616">
    <p class='ocr_par' dir='ltr' id='par_1_31' title="bbox 1997 1549 3649 1616">
     <span class='ocr_line' id='line_1_31' title="bbox 1997 1549 3649 1616; baseline 0.005 -13"><span class='ocrx_word' id='word_1_224' title='bbox 1997 1552 2112 1604; x_wconf 89' lang='lat' dir='ltr'>tem</span> <span class='ocrx_word' id='word_1_225' title='bbox 2143 1549 2384 1604; x_wconf 89' lang='lat' dir='ltr'><strong>omnino</strong></span> <span class='ocrx_word' id='word_1_226' title='bbox 2425 1550 2703 1616; x_wconf 87' lang='lat' dir='ltr'><strong>conﬁcta,</strong></span> <span class='ocrx_word' id='word_1_227' title='bbox 2735 1557 2794 1607; x_wconf 92' lang='lat' dir='ltr'>et</span> <span class='ocrx_word' id='word_1_228' title='bbox 2830 1567 2897 1607; x_wconf 86' lang='lat' dir='ltr'>ex</span> <span class='ocrx_word' id='word_1_229' title='bbox 2931 1553 3333 1609; x_wconf 82' lang='lat' dir='ltr'><strong>adulatoribus</strong></span> <span class='ocrx_word' id='word_1_230' title='bbox 3377 1571 3558 1611; x_wconf 90' lang='lat' dir='ltr'><strong>unum</strong></span> <span class='ocrx_word' id='word_1_231' title='bbox 3587 1572 3649 1612; x_wconf 87' lang='lat' dir='ltr'>se</span> 
     </span>
    </p>
   </div>
   <div class='ocr_carea' id='block_1_32' title="bbox 1998 1637 3645 1715">
    <p class='ocr_par' dir='ltr' id='par_1_32' title="bbox 1998 1637 3645 1715">
     <span class='ocr_line' id='line_1_32' title="bbox 1998 1637 3645 1715; baseline 0.005 -24"><span class='ocrx_word' id='word_1_232' title='bbox 1998 1637 2155 1703; x_wconf 88' lang='lat' dir='ltr'><strong>facit,</strong></span> <span class='ocrx_word' id='word_1_233' title='bbox 2189 1639 2324 1693; x_wconf 91' lang='lat' dir='ltr'>dum</span> <span class='ocrx_word' id='word_1_234' title='bbox 2349 1639 2617 1708; x_wconf 81' lang='lat' dir='ltr'><strong>jucunda</strong></span> <span class='ocrx_word' id='word_1_235' title='bbox 2648 1656 2751 1711; x_wconf 88' lang='lat' dir='ltr'>pro</span> <span class='ocrx_word' id='word_1_236' title='bbox 2790 1639 2940 1696; x_wconf 91' lang='lat' dir='ltr'><strong>veris</strong></span> <span class='ocrx_word' id='word_1_237' title='bbox 2972 1642 3166 1710; x_wconf 78' lang='lat' dir='ltr'><strong>refert,</strong></span> <span class='ocrx_word' id='word_1_238' title='bbox 3202 1643 3364 1698; x_wconf 91' lang='lat' dir='ltr'><strong>nulla</strong></span> <span class='ocrx_word' id='word_1_239' title='bbox 3397 1661 3645 1715; x_wconf 83' lang='lat' dir='ltr'><strong>praeser-</strong></span> 
     </span>
    </p>
   </div>
   <div class='ocr_carea' id='block_1_33' title="bbox 1999 1727 3650 1800">
    <p class='ocr_par' dir='ltr' id='par_1_33' title="bbox 1999 1727 3650 1800">
     <span class='ocr_line' id='line_1_33' title="bbox 1999 1727 3650 1800; baseline 0.005 -19"><span class='ocrx_word' id='word_1_240' title='bbox 1999 1727 2105 1781; x_wconf 88' lang='lat' dir='ltr'><strong>tim</strong></span> <span class='ocrx_word' id='word_1_241' title='bbox 2139 1727 2491 1782; x_wconf 88' lang='lat' dir='ltr'><strong>necessitate</strong></span> <span class='ocrx_word' id='word_1_242' title='bbox 2537 1728 2855 1800; x_wconf 90' lang='lat' dir='ltr'><strong>impulsus,</strong></span> <span class='ocrx_word' id='word_1_243' title='bbox 2906 1730 2998 1786; x_wconf 88' lang='lat' dir='ltr'>sin</span> <span class='ocrx_word' id='word_1_244' title='bbox 3044 1732 3204 1799; x_wconf 90' lang='lat' dir='ltr'><strong>juste</strong></span> <span class='ocrx_word' id='word_1_245' title='bbox 3253 1737 3390 1787; x_wconf 88' lang='lat' dir='ltr'><strong>sunt</strong></span> <span class='ocrx_word' id='word_1_246' title='bbox 3436 1742 3490 1788; x_wconf 89' lang='lat' dir='ltr'>et</span> <span class='ocrx_word' id='word_1_247' title='bbox 3519 1749 3650 1790; x_wconf 86' lang='lat' dir='ltr'><strong>vere</strong></span> 
     </span>
    </p>
   </div>
   <div class='ocr_carea' id='block_1_34' title="bbox 249 1812 1897 1896">
    <p class='ocr_par' dir='ltr' id='par_1_34' title="bbox 249 1812 1889 1896">
     <span class='ocr_line' id='line_1_34' title="bbox 249 1812 1889 1896; baseline -0.004 -19"><span class='ocrx_word' id='word_1_248' title='bbox 249 1817 402 1896; x_wconf 85' lang='grc' dir='ltr'>λόγῳ</span> <span class='ocrx_word' id='word_1_249' title='bbox 432 1821 495 1876; x_wconf 85' lang='grc' dir='ltr'>τὸ</span> <span class='ocrx_word' id='word_1_250' title='bbox 524 1827 624 1889; x_wconf 82' lang='grc' dir='ltr'>τῆς</span> <span class='ocrx_word' id='word_1_251' title='bbox 666 1821 985 1894; x_wconf 77' lang='grc' dir='ltr'>ῥητορικῆς⁸</span> <span class='ocrx_word' id='word_1_252' title='bbox 1022 1816 1146 1872; x_wconf 73' lang='grc' dir='ltr'>οὐδὲ</span> <span class='ocrx_word' id='word_1_253' title='bbox 1175 1812 1340 1889; x_wconf 80' lang='grc' dir='ltr'>ἔδειξε</span> <span class='ocrx_word' id='word_1_254' title='bbox 1380 1814 1448 1885; x_wconf 79' lang='grc' dir='ltr'>δὴ</span> <span class='ocrx_word' id='word_1_255' title='bbox 1496 1837 1602 1870; x_wconf 87' lang='grc' dir='ltr'>που</span> <span class='ocrx_word' id='word_1_256' title='bbox 1661 1815 1889 1870; x_wconf 78' lang='grc' dir='ltr'>Πλάτων</span> 
     </span>
    </p>
   </div>
   <div class='ocr_carea' id='block_1_35' title="bbox 2013 1812 3653 1896">
    <p class='ocr_par' dir='ltr' id='par_1_35' title="bbox 2013 1816 3653 1892">
     <span class='ocr_line' id='line_1_35' title="bbox 2013 1816 3653 1892; baseline 0.005 -22"><span class='ocrx_word' id='word_1_257' title='bbox 2013 1816 2174 1882; x_wconf 81' lang='lat' dir='ltr'><strong>iicta,</strong></span> <span class='ocrx_word' id='word_1_258' title='bbox 2207 1833 2336 1888; x_wconf 70' lang='lat' dir='ltr'><strong>quas</strong></span> <span class='ocrx_word' id='word_1_259' title='bbox 2369 1817 2689 1888; x_wconf 86' lang='lat' dir='ltr'><strong>requiritur</strong></span> <span class='ocrx_word' id='word_1_260' title='bbox 2712 1819 2901 1888; x_wconf 83' lang='lat' dir='ltr'><strong>major</strong></span> <span class='ocrx_word' id='word_1_261' title='bbox 2930 1819 3248 1876; x_wconf 89' lang='lat' dir='ltr'><strong>criminum</strong></span> <span class='ocrx_word' id='word_1_262' title='bbox 3281 1821 3517 1892; x_wconf 88' lang='lat' dir='ltr'><strong>solutio,</strong></span> <span class='ocrx_word' id='word_1_263' title='bbox 3552 1827 3653 1879; x_wconf 87' lang='lat' dir='ltr'>aut</span> 
     </span>
    </p>
   </div>
   <div class='ocr_carea' id='block_1_36' title="bbox 247 1901 1888 1980">
    <p class='ocr_par' dir='ltr' id='par_1_36' title="bbox 247 1901 1888 1980">
     <span class='ocr_line' id='line_1_36' title="bbox 247 1901 1888 1980; baseline -0.005 -17"><span class='ocrx_word' id='word_1_264' title='bbox 247 1909 368 1976; x_wconf 73' lang='grc' dir='ltr'>ἥτις</span> <span class='ocrx_word' id='word_1_265' title='bbox 400 1910 442 1944; x_wconf 78' lang='grc'>³³</span> <span class='ocrx_word' id='word_1_266' title='bbox 473 1907 614 1963; x_wconf 82' lang='grc' dir='ltr'>ἐστὶν</span> <span class='ocrx_word' id='word_1_267' title='bbox 644 1909 679 1976; x_wconf 81' lang='grc' dir='ltr'>ἡ</span> <span class='ocrx_word' id='word_1_268' title='bbox 711 1908 894 1979; x_wconf 81' lang='grc' dir='ltr'>τρίτη.</span> <span class='ocrx_word' id='word_1_269' title='bbox 928 1904 993 1962; x_wconf 84' lang='grc' dir='ltr'>Εἰ</span> <span class='ocrx_word' id='word_1_270' title='bbox 1037 1906 1131 1977; x_wconf 75' lang='grc' dir='ltr'>μὲν</span> <span class='ocrx_word' id='word_1_271' title='bbox 1165 1904 1213 1938; x_wconf 74' lang='lat'>3°</span> <span class='ocrx_word' id='word_1_272' title='bbox 1241 1907 1344 1980; x_wconf 80' lang='grc' dir='ltr'>γάρ</span> <span class='ocrx_word' id='word_1_273' title='bbox 1376 1902 1564 1964; x_wconf 79' lang='grc' dir='ltr'>ἄλλως</span> <span class='ocrx_word' id='word_1_274' title='bbox 1593 1904 1741 1957; x_wconf 74' lang='grc' dir='ltr'>ταῦτ’</span> <span class='ocrx_word' id='word_1_275' title='bbox 1777 1901 1888 1957; x_wconf 82' lang='grc' dir='ltr'>ἐστὶ</span> 
     </span>
    </p>
   </div>
   <div class='ocr_carea' id='block_1_37' title="bbox 251 1991 1891 2073">
    <p class='ocr_par' dir='ltr' id='par_1_37' title="bbox 251 1991 1891 2073">
     <span class='ocr_line' id='line_1_37' title="bbox 251 1991 1891 2073; baseline -0.005 -20"><span class='ocrx_word' id='word_1_276' title='bbox 251 1997 416 2073; x_wconf 84' lang='grc' dir='ltr'>λόγου</span> <span class='ocrx_word' id='word_1_277' title='bbox 449 1998 610 2072; x_wconf 86' lang='grc' dir='ltr'>χάρις</span> <span class='ocrx_word' id='word_1_278' title='bbox 639 2017 698 2050; x_wconf 90' lang='grc' dir='ltr'>τε</span> <span class='ocrx_word' id='word_1_279' title='bbox 727 1997 773 2033; x_wconf 78' lang='grc'>⁹⁰</span> <span class='ocrx_word' id='word_1_280' title='bbox 799 1996 886 2050; x_wconf 86' lang='grc' dir='ltr'>καὶ</span> <span class='ocrx_word' id='word_1_281' title='bbox 928 1993 1123 2064; x_wconf 74' lang='grc' dir='ltr'>ἡδονή,</span> <span class='ocrx_word' id='word_1_282' title='bbox 1164 1993 1218 2047; x_wconf 91' lang='grc' dir='ltr'>τί</span> <span class='ocrx_word' id='word_1_283' title='bbox 1247 2000 1346 2062; x_wconf 82' lang='grc' dir='ltr'>τῆς</span> <span class='ocrx_word' id='word_1_284' title='bbox 1388 1991 1685 2068; x_wconf 78' lang='grc' dir='ltr'>ῥητορικῆς</span> <span class='ocrx_word' id='word_1_285' title='bbox 1723 1996 1891 2048; x_wconf 79' lang='grc' dir='ltr'>ταῦτα</span> 
     </span>
    </p>
   </div>
   <div class='ocr_carea' id='block_1_38' title="bbox 247 2079 1891 2162">
    <p class='ocr_par' dir='ltr' id='par_1_38' title="bbox 247 2079 1891 2162">
     <span class='ocr_line' id='line_1_38' title="bbox 247 2079 1891 2162; baseline -0.005 -20"><span class='ocrx_word' id='word_1_286' title='bbox 247 2091 580 2162; x_wconf 84' lang='grc' dir='ltr'>κατηγορεῖ;</span> <span class='ocrx_word' id='word_1_287' title='bbox 629 2086 719 2140; x_wconf 87' lang='grc' dir='ltr'>καὶ</span> <span class='ocrx_word' id='word_1_288' title='bbox 765 2085 816 2139; x_wconf 89' lang='grc' dir='ltr'>τί</span> <span class='ocrx_word' id='word_1_289' title='bbox 858 2087 966 2138; x_wconf 90' lang='grc' dir='ltr'>τῶν</span> <span class='ocrx_word' id='word_1_290' title='bbox 1016 2081 1270 2138; x_wconf 76' lang='grc' dir='ltr'>κολάκων</span> <span class='ocrx_word' id='word_1_291' title='bbox 1319 2084 1396 2143; x_wconf 84' lang='grc' dir='ltr'>εἷς</span> <span class='ocrx_word' id='word_1_292' title='bbox 1443 2081 1672 2155; x_wconf 87' lang='grc' dir='ltr'>γίνεται,</span> <span class='ocrx_word' id='word_1_293' title='bbox 1713 2079 1891 2156; x_wconf 79' lang='grc' dir='ltr'>λέγων</span> 
     </span>
    </p>
   </div>
   <div class='ocr_carea' id='block_1_39' title="bbox 248 2168 1890 2250">
    <p class='ocr_par' dir='ltr' id='par_1_39' title="bbox 248 2168 1890 2250">
     <span class='ocr_line' id='line_1_39' title="bbox 248 2168 1890 2250; baseline -0.005 -19"><span class='ocrx_word' id='word_1_294' title='bbox 248 2176 316 2231; x_wconf 74' lang='grc' dir='ltr'>τὰ</span> <span class='ocrx_word' id='word_1_295' title='bbox 357 2175 501 2246; x_wconf 79' lang='grc' dir='ltr'>ἡδίω</span> <span class='ocrx_word' id='word_1_296' title='bbox 548 2176 654 2250; x_wconf 87' lang='grc' dir='ltr'>πρὸ</span> <span class='ocrx_word' id='word_1_297' title='bbox 701 2179 807 2230; x_wconf 89' lang='grc' dir='ltr'>τῶν</span> <span class='ocrx_word' id='word_1_298' title='bbox 859 2171 1050 2238; x_wconf 82' lang='grc' dir='ltr'>ὄντων,</span> <span class='ocrx_word' id='word_1_299' title='bbox 1095 2172 1182 2227; x_wconf 86' lang='grc' dir='ltr'>καὶ</span> <span class='ocrx_word' id='word_1_300' title='bbox 1212 2175 1378 2226; x_wconf 76' lang='grc' dir='ltr'>ταῦτα</span> <span class='ocrx_word' id='word_1_301' title='bbox 1413 2168 1685 2243; x_wconf 82' lang='grc' dir='ltr'>μηδεμιᾶς</span> <span class='ocrx_word' id='word_1_302' title='bbox 1726 2171 1890 2244; x_wconf 72' lang='grc' dir='ltr'>ἀνάγο</span> 
     </span>
    </p>
   </div>
   <div class='ocr_carea' id='block_1_40' title="bbox 248 2257 1893 2338">
    <p class='ocr_par' dir='ltr' id='par_1_40' title="bbox 248 2257 1893 2338">
     <span class='ocr_line' id='line_1_40' title="bbox 248 2257 1893 2338; baseline -0.004 -19"><span class='ocrx_word' id='word_1_303' title='bbox 248 2286 351 2335; x_wconf 88' lang='grc' dir='ltr'>κης</span> <span class='ocrx_word' id='word_1_304' title='bbox 394 2265 672 2334; x_wconf 72' lang='grc' dir='ltr'>ἐπούσηςς</span> <span class='ocrx_word' id='word_1_305' title='bbox 713 2263 758 2317; x_wconf 86' lang='grc' dir='ltr'>εί</span> <span class='ocrx_word' id='word_1_306' title='bbox 810 2259 867 2317; x_wconf 78' lang='grc' dir='ltr'>δὲ</span> <span class='ocrx_word' id='word_1_307' title='bbox 918 2261 997 2338; x_wconf 73' lang='grc' dir='ltr'>ἐφ’</span> <span class='ocrx_word' id='word_1_308' title='bbox 1047 2261 1212 2316; x_wconf 80' lang='grc' dir='ltr'>ἅπασι</span> <span class='ocrx_word' id='word_1_309' title='bbox 1245 2257 1476 2322; x_wconf 86' lang='grc' dir='ltr'>δικαίοις</span> <span class='ocrx_word' id='word_1_310' title='bbox 1506 2259 1594 2313; x_wconf 88' lang='grc' dir='ltr'>καὶ</span> <span class='ocrx_word' id='word_1_311' title='bbox 1631 2259 1765 2332; x_wconf 85' lang='grc' dir='ltr'>μετὰ</span> <span class='ocrx_word' id='word_1_312' title='bbox 1795 2264 1893 2326; x_wconf 87' lang='grc' dir='ltr'>τῆς</span> 
     </span>
    </p>
   </div>
   <div class='ocr_carea' id='block_1_41' title="bbox 249 2346 1896 2428">
    <p class='ocr_par' dir='ltr' id='par_1_41' title="bbox 249 2346 1896 2428">
     <span class='ocr_line' id='line_1_41' title="bbox 249 2346 1896 2428; baseline -0.006 -17"><span class='ocrx_word' id='word_1_313' title='bbox 249 2353 509 2425; x_wconf 77' lang='grc' dir='ltr'>ἀληθείας</span> <span class='ocrx_word' id='word_1_314' title='bbox 568 2354 613 2389; x_wconf 70' lang='grc'>91</span> <span class='ocrx_word' id='word_1_315' title='bbox 676 2351 908 2426; x_wconf 68' lang='grc' dir='ltr'>ε’ίρηται,</span> <span class='ocrx_word' id='word_1_316' title='bbox 973 2351 1094 2405; x_wconf 89' lang='grc' dir='ltr'>τίνα</span> <span class='ocrx_word' id='word_1_317' title='bbox 1151 2353 1263 2428; x_wconf 85' lang='grc' dir='ltr'>χρή</span> <span class='ocrx_word' id='word_1_318' title='bbox 1336 2348 1546 2422; x_wconf 80' lang='grc' dir='ltr'>μείζονι</span> <span class='ocrx_word' id='word_1_319' title='bbox 1605 2346 1764 2402; x_wconf 77' lang='grc' dir='ltr'>λύσαι</span> <span class='ocrx_word' id='word_1_320' title='bbox 1828 2346 1896 2402; x_wconf 78' lang='grc' dir='ltr'>τὰ</span> 
     </span>
    </p>
   </div>
   <div class='ocr_carea' id='block_1_42' title="bbox 249 2437 1892 2516">
    <p class='ocr_par' dir='ltr' id='par_1_42' title="bbox 249 2437 1892 2516">
     <span class='ocr_line' id='line_1_42' title="bbox 249 2437 1892 2516; baseline -0.005 -18"><span class='ocrx_word' id='word_1_321' title='bbox 249 2450 347 2513; x_wconf 81' lang='grc' dir='ltr'>τῆς</span> <span class='ocrx_word' id='word_1_322' title='bbox 380 2445 424 2480; x_wconf 79' lang='grc'><strong>⁹²</strong></span> <span class='ocrx_word' id='word_1_323' title='bbox 458 2440 853 2516; x_wconf 83' lang='grc' dir='ltr'>βλασφημίας;</span> <span class='ocrx_word' id='word_1_324' title='bbox 885 2440 920 2510; x_wconf 74' lang='grc' dir='ltr'><strong>ἢ</strong></span> <span class='ocrx_word' id='word_1_325' title='bbox 951 2439 1071 2494; x_wconf 89' lang='grc' dir='ltr'>τίνα</span> <span class='ocrx_word' id='word_1_326' title='bbox 1112 2437 1332 2494; x_wconf 83' lang='grc' dir='ltr'>καλλίω</span> <span class='ocrx_word' id='word_1_327' title='bbox 1380 2439 1710 2508; x_wconf 82' lang='grc' dir='ltr'>ποιήσασθαι</span> <span class='ocrx_word' id='word_1_328' title='bbox 1745 2439 1892 2510; x_wconf 83' lang='grc' dir='ltr'>μάρ-</span> 
     </span>
    </p>
   </div>
   <div class='ocr_carea' id='block_1_43' title="bbox 248 2524 1894 2606">
    <p class='ocr_par' dir='ltr' id='par_1_43' title="bbox 248 2524 1894 2606">
     <span class='ocr_line' id='line_1_43' title="bbox 248 2524 1894 2606; baseline -0.005 -19"><span class='ocrx_word' id='word_1_329' title='bbox 248 2553 382 2606; x_wconf 88' lang='grc' dir='ltr'>τυρα</span> <span class='ocrx_word' id='word_1_330' title='bbox 434 2534 480 2568; x_wconf 65' lang='grc'>9³</span> <span class='ocrx_word' id='word_1_331' title='bbox 537 2531 702 2586; x_wconf 79' lang='grc' dir='ltr'>αὐτοῦ</span> <span class='ocrx_word' id='word_1_332' title='bbox 764 2530 1076 2598; x_wconf 81' lang='grc' dir='ltr'>Πλάτωνος,</span> <span class='ocrx_word' id='word_1_333' title='bbox 1136 2527 1262 2583; x_wconf 77' lang='grc' dir='ltr'>ὅταν</span> <span class='ocrx_word' id='word_1_334' title='bbox 1331 2524 1559 2583; x_wconf 82' lang='grc' dir='ltr'>ἐνταῦθα</span> <span class='ocrx_word' id='word_1_335' title='bbox 1629 2527 1722 2598; x_wconf 73' lang='grc' dir='ltr'>μὲν</span> <span class='ocrx_word' id='word_1_336' title='bbox 1803 2525 1894 2580; x_wconf 92' lang='grc' dir='ltr'>καὶ</span> 
     </span>
    </p>
   </div>
   <div class='ocr_carea' id='block_1_44' title="bbox 251 2615 1893 2697">
    <p class='ocr_par' dir='ltr' id='par_1_44' title="bbox 251 2615 1893 2697">
     <span class='ocr_line' id='line_1_44' title="bbox 251 2615 1893 2697; baseline -0.004 -21"><span class='ocrx_word' id='word_1_337' title='bbox 251 2627 597 2697; x_wconf 79' lang='grc' dir='ltr'>παραχρῆμα</span> <span class='ocrx_word' id='word_1_338' title='bbox 654 2621 831 2697; x_wconf 84' lang='grc' dir='ltr'>ἀφιεὶς</span> <span class='ocrx_word' id='word_1_339' title='bbox 900 2618 1154 2696; x_wconf 80' lang='grc' dir='ltr'>φαίνηται</span> <span class='ocrx_word' id='word_1_340' title='bbox 1221 2625 1324 2687; x_wconf 80' lang='grc' dir='ltr'>τῆσ</span> <span class='ocrx_word' id='word_1_341' title='bbox 1419 2615 1592 2680; x_wconf 78' lang='grc' dir='ltr'>αἰτίας</span> <span class='ocrx_word' id='word_1_342' title='bbox 1673 2616 1893 2683; x_wconf 82' lang='grc' dir='ltr'>αὐτοὺς,</span> 
     </span>
    </p>
   </div>
   <div class='ocr_carea' id='block_1_45' title="bbox 2001 1905 3649 1982">
    <p class='ocr_par' dir='ltr' id='par_1_45' title="bbox 2001 1905 3649 1982">
     <span class='ocr_line' id='line_1_45' title="bbox 2001 1905 3649 1982; baseline 0.005 -23"><span class='ocrx_word' id='word_1_343' title='bbox 2001 1905 2134 1976; x_wconf 87' lang='lat' dir='ltr'><strong>quis</strong></span> <span class='ocrx_word' id='word_1_344' title='bbox 2157 1906 2515 1961; x_wconf 91' lang='lat' dir='ltr'><strong>commodior</strong></span> <span class='ocrx_word' id='word_1_345' title='bbox 2539 1909 2662 1978; x_wconf 90' lang='lat' dir='ltr'><strong>ipso</strong></span> <span class='ocrx_word' id='word_1_346' title='bbox 2689 1907 2926 1964; x_wconf 87' lang='lat' dir='ltr'><strong>Platone</strong></span> <span class='ocrx_word' id='word_1_347' title='bbox 2949 1909 3136 1978; x_wconf 89' lang='lat' dir='ltr'><strong>testis,</strong></span> <span class='ocrx_word' id='word_1_348' title='bbox 3163 1910 3264 1982; x_wconf 89' lang='lat' dir='ltr'>qui</span> <span class='ocrx_word' id='word_1_349' title='bbox 3291 1910 3389 1968; x_wconf 87' lang='lat' dir='ltr'>hic</span> <span class='ocrx_word' id='word_1_350' title='bbox 3411 1913 3649 1982; x_wconf 88' lang='lat' dir='ltr'><strong>quidem</strong></span> 
     </span>
    </p>
   </div>
   <div class='ocr_carea' id='block_1_46' title="bbox 2001 1995 3652 2072">
    <p class='ocr_par' dir='ltr' id='par_1_46' title="bbox 2001 1995 3652 2072">
     <span class='ocr_line' id='line_1_46' title="bbox 2001 1995 3652 2072; baseline 0.004 -23"><span class='ocrx_word' id='word_1_351' title='bbox 2001 2010 2101 2050; x_wconf 88' lang='lat' dir='ltr'>eos</span> <span class='ocrx_word' id='word_1_352' title='bbox 2147 1995 2424 2050; x_wconf 88' lang='lat' dir='ltr'><strong>continuo</strong></span> <span class='ocrx_word' id='word_1_353' title='bbox 2463 1995 2747 2063; x_wconf 85' lang='lat' dir='ltr'><strong>absolvat,</strong></span> <span class='ocrx_word' id='word_1_354' title='bbox 2802 1997 2942 2053; x_wconf 83' lang='lat' dir='ltr'><strong>alibi</strong></span> <span class='ocrx_word' id='word_1_355' title='bbox 2992 2014 3124 2054; x_wconf 90' lang='lat' dir='ltr'><strong>vero</strong></span> <span class='ocrx_word' id='word_1_356' title='bbox 3175 2000 3374 2056; x_wconf 74' lang='lat' dir='ltr'><strong>487a</strong></span> <span class='ocrx_word' id='word_1_357' title='bbox 3412 2017 3652 2072; x_wconf 87' lang='lat' dir='ltr'><strong>prorsus</strong></span> 
     </span>
    </p>
   </div>
   <div class='ocr_carea' id='block_1_47' title="bbox 2000 2083 3652 2158">
    <p class='ocr_par' dir='ltr' id='par_1_47' title="bbox 2000 2083 3652 2158">
     <span class='ocr_line' id='line_1_47' title="bbox 2000 2083 3652 2158; baseline 0.005 -22"><span class='ocrx_word' id='word_1_358' title='bbox 2000 2083 2197 2138; x_wconf 90' lang='lat' dir='ltr'><strong>laudet</strong></span> <span class='ocrx_word' id='word_1_359' title='bbox 2220 2084 2418 2151; x_wconf 89' lang='lat' dir='ltr'><strong>etiam,</strong></span> <span class='ocrx_word' id='word_1_360' title='bbox 2452 2089 2507 2139; x_wconf 91' lang='lat' dir='ltr'>et</span> <span class='ocrx_word' id='word_1_361' title='bbox 2535 2085 2851 2140; x_wconf 89' lang='lat' dir='ltr'><strong>Stesichori</strong></span> <span class='ocrx_word' id='word_1_362' title='bbox 2885 2086 3241 2158; x_wconf 87' lang='lat' dir='ltr'><strong>palinodiam</strong></span> <span class='ocrx_word' id='word_1_363' title='bbox 3273 2090 3552 2144; x_wconf 90' lang='lat' dir='ltr'><strong>imitetur.</strong></span> <span class='ocrx_word' id='word_1_364' title='bbox 3578 2092 3652 2144; x_wconf 85' lang='lat' dir='ltr'><strong>At</strong></span> 
     </span>
    </p>
   </div>
   <div class='ocr_carea' id='block_1_48' title="bbox 2001 2174 3651 2250">
    <p class='ocr_par' dir='ltr' id='par_1_48' title="bbox 2001 2174 3651 2250">
     <span class='ocr_line' id='line_1_48' title="bbox 2001 2174 3651 2250; baseline 0.006 -23"><span class='ocrx_word' id='word_1_365' title='bbox 2001 2174 2101 2245; x_wconf 92' lang='lat' dir='ltr'>qui</span> <span class='ocrx_word' id='word_1_366' title='bbox 2132 2190 2266 2229; x_wconf 88' lang='lat' dir='ltr'>eum</span> <span class='ocrx_word' id='word_1_367' title='bbox 2294 2179 2464 2245; x_wconf 81' lang='lat' dir='ltr'><strong>neget</strong></span> <span class='ocrx_word' id='word_1_368' title='bbox 2492 2191 2612 2232; x_wconf 87' lang='lat' dir='ltr'><strong>esse</strong></span> <span class='ocrx_word' id='word_1_369' title='bbox 2633 2177 2963 2232; x_wconf 68' lang='lat' dir='ltr'><strong>Graecorum</strong></span> <span class='ocrx_word' id='word_1_370' title='bbox 2988 2178 3296 2249; x_wconf 84' lang='lat' dir='ltr'><strong>Optimum,</strong></span> <span class='ocrx_word' id='word_1_371' title='bbox 3330 2180 3378 2236; x_wconf 90' lang='lat' dir='ltr'>is</span> <span class='ocrx_word' id='word_1_372' title='bbox 3411 2180 3651 2250; x_wconf 88' lang='lat' dir='ltr'><strong>quidem</strong></span> 
     </span>
    </p>
   </div>
   <div class='ocr_carea' id='block_1_49' title="bbox 2001 2262 3655 2336">
    <p class='ocr_par' dir='ltr' id='par_1_49' title="bbox 2001 2262 3655 2336">
     <span class='ocr_line' id='line_1_49' title="bbox 2001 2262 3655 2336; baseline 0.003 -15"><span class='ocrx_word' id='word_1_373' title='bbox 2001 2262 2295 2336; x_wconf 88' lang='lat' dir='ltr'><strong>pessimus</strong></span> <span class='ocrx_word' id='word_1_374' title='bbox 2325 2265 2403 2320; x_wconf 85' lang='lat' dir='ltr'>sit</span> <span class='ocrx_word' id='word_1_375' title='bbox 2432 2269 2489 2320; x_wconf 89' lang='lat' dir='ltr'>et</span> <span class='ocrx_word' id='word_1_376' title='bbox 2519 2266 2842 2322; x_wconf 64' lang='lat' dir='ltr'><strong>Graecorum</strong></span> <span class='ocrx_word' id='word_1_377' title='bbox 2875 2271 2932 2322; x_wconf 88' lang='lat' dir='ltr'>et</span> <span class='ocrx_word' id='word_1_378' title='bbox 2973 2267 3380 2324; x_wconf 86' lang='lat' dir='ltr'><strong>Barbarorum.</strong></span> <span class='ocrx_word' id='word_1_379' title='bbox 3413 2270 3655 2326; x_wconf 85' lang='lat' dir='ltr'><strong>Verum-</strong></span> 
     </span>
    </p>
   </div>
   <div class='ocr_carea' id='block_1_50' title="bbox 2003 2353 3654 2429">
    <p class='ocr_par' dir='ltr' id='par_1_50' title="bbox 2003 2353 3654 2429">
     <span class='ocr_line' id='line_1_50' title="bbox 2003 2353 3654 2429; baseline 0.005 -22"><span class='ocrx_word' id='word_1_380' title='bbox 2003 2361 2192 2409; x_wconf 88' lang='lat' dir='ltr'><strong>tamen</strong></span> <span class='ocrx_word' id='word_1_381' title='bbox 2226 2353 2497 2410; x_wconf 90' lang='lat' dir='ltr'><strong>nonnihil</strong></span> <span class='ocrx_word' id='word_1_382' title='bbox 2530 2353 2708 2410; x_wconf 89' lang='lat' dir='ltr'><strong>etiam</strong></span> <span class='ocrx_word' id='word_1_383' title='bbox 2741 2355 2977 2426; x_wconf 87' lang='lat' dir='ltr'><strong>ingenio</strong></span> <span class='ocrx_word' id='word_1_384' title='bbox 3010 2357 3214 2423; x_wconf 86' lang='lat' dir='ltr'><strong>utitur,</strong></span> <span class='ocrx_word' id='word_1_385' title='bbox 3259 2359 3654 2429; x_wconf 87' lang='lat' dir='ltr'><strong>quemadmo-</strong></span> 
     </span>
    </p>
   </div>
   <div class='ocr_carea' id='block_1_51' title="bbox 2004 2442 3655 2515">
    <p class='ocr_par' dir='ltr' id='par_1_51' title="bbox 2004 2442 3655 2515">
     <span class='ocr_line' id='line_1_51' title="bbox 2004 2442 3655 2515; baseline 0.004 -19"><span class='ocrx_word' id='word_1_386' title='bbox 2004 2442 2140 2496; x_wconf 90' lang='lat' dir='ltr'>dum</span> <span class='ocrx_word' id='word_1_387' title='bbox 2174 2445 2454 2512; x_wconf 89' lang='lat' dir='ltr'><strong>polestate</strong></span> <span class='ocrx_word' id='word_1_388' title='bbox 2485 2458 2671 2514; x_wconf 84' lang='lat' dir='ltr'><strong>reges,</strong></span> <span class='ocrx_word' id='word_1_389' title='bbox 2713 2444 2860 2499; x_wconf 86' lang='lat' dir='ltr'><strong>sicut</strong></span> <span class='ocrx_word' id='word_1_390' title='bbox 2896 2447 2953 2498; x_wconf 90' lang='lat' dir='ltr'>et</span> <span class='ocrx_word' id='word_1_391' title='bbox 2987 2444 3042 2498; x_wconf 92' lang='lat' dir='ltr'>in</span> <span class='ocrx_word' id='word_1_392' title='bbox 3076 2444 3202 2515; x_wconf 87' lang='lat' dir='ltr'><strong>ipsa</strong></span> <span class='ocrx_word' id='word_1_393' title='bbox 3232 2445 3485 2502; x_wconf 89' lang='lat' dir='ltr'><strong>dictione</strong></span> <span class='ocrx_word' id='word_1_394' title='bbox 3515 2447 3655 2502; x_wconf 85' lang='lat' dir='ltr'><strong>facit</strong></span> 
     </span>
    </p>
   </div>
   <div class='ocr_carea' id='block_1_52' title="bbox 2004 2529 3654 2604">
    <p class='ocr_par' dir='ltr' id='par_1_52' title="bbox 2004 2529 3654 2604">
     <span class='ocr_line' id='line_1_52' title="bbox 2004 2529 3654 2604; baseline 0.002 -20"><span class='ocrx_word' id='word_1_395' title='bbox 2004 2529 2342 2600; x_wconf 87' lang='lat' dir='ltr'><strong>aliquando,</strong></span> <span class='ocrx_word' id='word_1_396' title='bbox 2367 2531 2504 2586; x_wconf 91' lang='lat' dir='ltr'>dum</span> <span class='ocrx_word' id='word_1_397' title='bbox 2528 2530 2854 2585; x_wconf 82' lang='lat' dir='ltr'><strong>libertatem</strong></span> <span class='ocrx_word' id='word_1_398' title='bbox 2882 2536 3130 2601; x_wconf 88' lang='lat' dir='ltr'><strong>usurpat</strong></span> <span class='ocrx_word' id='word_1_399' title='bbox 3151 2530 3447 2602; x_wconf 89' lang='lat' dir='ltr'><strong>loquendi,</strong></span> <span class='ocrx_word' id='word_1_400' title='bbox 3480 2537 3654 2604; x_wconf 87' lang='lat' dir='ltr'><strong>atque</strong></span> 
     </span>
    </p>
   </div>
   <div class='ocr_carea' id='block_1_53' title="bbox 2006 2618 2872 2690">
    <p class='ocr_par' dir='ltr' id='par_1_53' title="bbox 2006 2618 2872 2690">
     <span class='ocr_line' id='line_1_53' title="bbox 2006 2618 2872 2690; baseline 0.001 -18"><span class='ocrx_word' id='word_1_401' title='bbox 2006 2618 2178 2674; x_wconf 89' lang='lat' dir='ltr'><strong>etiam</strong></span> <span class='ocrx_word' id='word_1_402' title='bbox 2213 2620 2268 2672; x_wconf 88' lang='lat' dir='ltr'>in</span> <span class='ocrx_word' id='word_1_403' title='bbox 2315 2620 2674 2689; x_wconf 87' lang='lat' dir='ltr'><strong>argumentis</strong></span> <span class='ocrx_word' id='word_1_404' title='bbox 2701 2619 2872 2690; x_wconf 88' lang='lat' dir='ltr'><strong>ipsis:</strong></span> 
     </span>
    </p>
   </div>
   <div class='ocr_carea' id='block_1_54' title="bbox 249 2703 3662 2785">
    <p class='ocr_par' dir='ltr' id='par_1_54' title="bbox 249 2703 3662 2785">
     <span class='ocr_line' id='line_1_54' title="bbox 249 2703 3662 2785; baseline -0.006 -20"><span class='ocrx_word' id='word_1_405' title='bbox 249 2710 472 2785; x_wconf 63' lang='grc' dir='ltr'>ἑτέρωθι</span> <span class='ocrx_word' id='word_1_406' title='bbox 532 2707 715 2764; x_wconf 79' lang='grc' dir='ltr'>δὲκαὶ</span> <span class='ocrx_word' id='word_1_407' title='bbox 775 2710 1011 2780; x_wconf 80' lang='grc' dir='ltr'>καθάπαξ</span> <span class='ocrx_word' id='word_1_408' title='bbox 1080 2707 1458 2781; x_wconf 76' lang='grc' dir='ltr'>ἐγκωμιάζων,</span> <span class='ocrx_word' id='word_1_409' title='bbox 1508 2705 1596 2760; x_wconf 86' lang='grc' dir='ltr'>καὶ</span> <span class='ocrx_word' id='word_1_410' title='bbox 1644 2704 1734 2759; x_wconf 87' lang='grc' dir='ltr'>τὸν</span> <span class='ocrx_word' id='word_1_411' title='bbox 1790 2703 2137 2782; x_wconf 88' lang='grc' dir='ltr'>Στησίχοραν</span> <span class='ocrx_word' id='word_1_412' title='bbox 2202 2704 2542 2778; x_wconf 80' lang='grc' dir='ltr'>μιμούμενος</span> <span class='ocrx_word' id='word_1_413' title='bbox 2599 2709 2665 2778; x_wconf 78' lang='grc' dir='ltr'>τῇ</span> <span class='ocrx_word' id='word_1_414' title='bbox 2720 2703 3064 2778; x_wconf 79' lang='grc' dir='ltr'>παλινῳδίᾳ;</span> <span class='ocrx_word' id='word_1_415' title='bbox 3125 2705 3302 2762; x_wconf 81' lang='grc' dir='ltr'>Ἀλλά</span> <span class='ocrx_word' id='word_1_416' title='bbox 3367 2709 3466 2782; x_wconf 64' lang='grc' dir='ltr'>γὰρ</span> <span class='ocrx_word' id='word_1_417' title='bbox 3498 2709 3545 2745; x_wconf 65' lang='lat' dir='ltr'><strong>9t</strong></span> <span class='ocrx_word' id='word_1_418' title='bbox 3584 2709 3662 2773; x_wconf 66' lang='grc' dir='ltr'>ὡς</span> 
     </span>
    </p>
   </div>
   <div class='ocr_carea' id='block_1_55' title="bbox 256 2791 3660 2874">
    <p class='ocr_par' dir='ltr' id='par_1_55' title="bbox 256 2791 3660 2874">
     <span class='ocr_line' id='line_1_55' title="bbox 256 2791 3660 2874; baseline -0.001 -19"><span class='ocrx_word' id='word_1_419' title='bbox 256 2801 350 2874; x_wconf 73' lang='grc' dir='ltr'>μὲν</span> <span class='ocrx_word' id='word_1_420' title='bbox 404 2798 501 2854; x_wconf 82' lang='grc' dir='ltr'>οὐκ</span> <span class='ocrx_word' id='word_1_421' title='bbox 557 2795 773 2870; x_wconf 78' lang='grc' dir='ltr'>ἄριστος</span> <span class='ocrx_word' id='word_1_422' title='bbox 829 2801 937 2851; x_wconf 87' lang='grc' dir='ltr'>τῶν</span> <span class='ocrx_word' id='word_1_423' title='bbox 1016 2795 1302 2866; x_wconf 75' lang='grc' dir='ltr'>Ἐλλήνων</span> <span class='ocrx_word' id='word_1_424' title='bbox 1361 2793 1614 2863; x_wconf 77' lang='grc' dir='ltr'>Πλάτων,</span> <span class='ocrx_word' id='word_1_425' title='bbox 1673 2792 1929 2855; x_wconf 83' lang='grc' dir='ltr'>κάκιστος</span> <span class='ocrx_word' id='word_1_426' title='bbox 1982 2795 2044 2848; x_wconf 82' lang='grc' dir='ltr'>ἂν</span> <span class='ocrx_word' id='word_1_427' title='bbox 2073 2793 2122 2828; x_wconf 76' lang='grc'><strong>9⁵</strong></span> <span class='ocrx_word' id='word_1_428' title='bbox 2189 2791 2272 2864; x_wconf 75' lang='grc' dir='ltr'>ε’ίη</span> <span class='ocrx_word' id='word_1_429' title='bbox 2336 2793 2424 2848; x_wconf 89' lang='grc' dir='ltr'>καὶ</span> <span class='ocrx_word' id='word_1_430' title='bbox 2483 2793 2765 2864; x_wconf 79' lang='grc' dir='ltr'>Ἑλλήνων</span> <span class='ocrx_word' id='word_1_431' title='bbox 2820 2794 2909 2849; x_wconf 88' lang='grc' dir='ltr'>καὶ</span> <span class='ocrx_word' id='word_1_432' title='bbox 2981 2791 3274 2870; x_wconf 73' lang='grc' dir='ltr'>Βαρϐάρων</span> <span class='ocrx_word' id='word_1_433' title='bbox 3330 2795 3476 2858; x_wconf 80' lang='grc' dir='ltr'>ὅστις</span> <span class='ocrx_word' id='word_1_434' title='bbox 3561 2797 3660 2852; x_wconf 80' lang='grc' dir='ltr'>οὐκ</span> 
     </span>
    </p>
   </div>
   <div class='ocr_carea' id='block_1_56' title="bbox 252 2882 3661 2962">
    <p class='ocr_par' dir='ltr' id='par_1_56' title="bbox 252 2882 3661 2962">
     <span class='ocr_line' id='line_1_56' title="bbox 252 2882 3661 2962; baseline -0.001 -17"><span class='ocrx_word' id='word_1_435' title='bbox 252 2890 422 2945; x_wconf 78' lang='grc' dir='ltr'>ἐθέλει</span> <span class='ocrx_word' id='word_1_436' title='bbox 478 2888 674 2962; x_wconf 68' lang='grc' dir='ltr'>λέγειν.</span> <span class='ocrx_word' id='word_1_437' title='bbox 738 2889 900 2959; x_wconf 85' lang='grc'>[1309</span> <span class='ocrx_word' id='word_1_438' title='bbox 934 2888 1024 2958; x_wconf 76' lang='grc' dir='ltr'>Η.]</span> <span class='ocrx_word' id='word_1_439' title='bbox 1080 2889 1262 2940; x_wconf 83' lang='grc' dir='ltr'>’Έοικε</span> <span class='ocrx_word' id='word_1_440' title='bbox 1312 2882 1370 2939; x_wconf 77' lang='grc' dir='ltr'><strong>δέ</strong></span> <span class='ocrx_word' id='word_1_441' title='bbox 1412 2906 1464 2939; x_wconf 88' lang='grc' dir='ltr'>τι</span> <span class='ocrx_word' id='word_1_442' title='bbox 1507 2884 1595 2939; x_wconf 88' lang='grc' dir='ltr'>καὶ</span> <span class='ocrx_word' id='word_1_443' title='bbox 1643 2891 1742 2953; x_wconf 81' lang='grc' dir='ltr'>τῆς</span> <span class='ocrx_word' id='word_1_444' title='bbox 1790 2883 1999 2961; x_wconf 76' lang='grc' dir='ltr'>φύσεως</span> <span class='ocrx_word' id='word_1_445' title='bbox 2045 2883 2360 2956; x_wconf 75' lang='grc' dir='ltr'>ἀπολαύειν,</span> <span class='ocrx_word' id='word_1_446' title='bbox 2412 2885 2595 2959; x_wconf 86' lang='grc' dir='ltr'>ὥσπερ</span> <span class='ocrx_word' id='word_1_447' title='bbox 2637 2888 2686 2941; x_wconf 80' lang='grc' dir='ltr'>οἱ</span> <span class='ocrx_word' id='word_1_448' title='bbox 2731 2885 2976 2961; x_wconf 84' lang='grc' dir='ltr'>βασιλεῖς</span> <span class='ocrx_word' id='word_1_449' title='bbox 3033 2894 3132 2957; x_wconf 82' lang='grc' dir='ltr'>τῆς</span> <span class='ocrx_word' id='word_1_450' title='bbox 3168 2887 3432 2961; x_wconf 79' lang='grc' dir='ltr'>ἐξουσίας,</span> <span class='ocrx_word' id='word_1_451' title='bbox 3467 2891 3581 2944; x_wconf 78' lang='grc' dir='ltr'>οἷον</span> <span class='ocrx_word' id='word_1_452' title='bbox 3615 2888 3661 2925; x_wconf 81' lang='grc'>⁰⁶</span> 
     </span>
    </p>
   </div>
   <div class='ocr_carea' id='block_1_57' title="bbox 253 2969 3660 3054">
    <p class='ocr_par' dir='ltr' id='par_1_57' title="bbox 253 2969 3660 3054">
     <span class='ocr_line' id='line_1_57' title="bbox 253 2969 3660 3054; baseline 0 -20"><span class='ocrx_word' id='word_1_453' title='bbox 253 2980 346 3034; x_wconf 87' lang='grc' dir='ltr'>καὶ</span> <span class='ocrx_word' id='word_1_454' title='bbox 377 2978 502 3054; x_wconf 85' lang='grc' dir='ltr'>περὶ</span> <span class='ocrx_word' id='word_1_455' title='bbox 535 2978 704 3044; x_wconf 83' lang='grc' dir='ltr'>αὐτὴν</span> <span class='ocrx_word' id='word_1_456' title='bbox 733 2977 834 3045; x_wconf 85' lang='grc' dir='ltr'>τήν</span> <span class='ocrx_word' id='word_1_457' title='bbox 869 2973 1012 3045; x_wconf 78' lang='grc' dir='ltr'>λὲξιν</span> <span class='ocrx_word' id='word_1_458' title='bbox 1043 2973 1183 3029; x_wconf 84' lang='grc' dir='ltr'>ἔστιν</span> <span class='ocrx_word' id='word_1_459' title='bbox 1243 2975 1310 3029; x_wconf 80' lang='grc' dir='ltr'>οὗ</span> <span class='ocrx_word' id='word_1_460' title='bbox 1365 2975 1658 3051; x_wconf 80' lang='grc' dir='ltr'>φανήσεται</span> <span class='ocrx_word' id='word_1_461' title='bbox 1713 2977 1905 3046; x_wconf 87' lang='grc' dir='ltr'>ποιῶν,</span> <span class='ocrx_word' id='word_1_462' title='bbox 1964 2969 2118 3046; x_wconf 77' lang='grc' dir='ltr'>ἀδείᾳ</span> <span class='ocrx_word' id='word_1_463' title='bbox 2173 2971 2351 3049; x_wconf 89' lang='grc' dir='ltr'>λόγων</span> <span class='ocrx_word' id='word_1_464' title='bbox 2408 2973 2622 3030; x_wconf 88' lang='grc' dir='ltr'>πλείονι</span> <span class='ocrx_word' id='word_1_465' title='bbox 2688 2977 2998 3052; x_wconf 85' lang='grc' dir='ltr'>χρώμενος,</span> <span class='ocrx_word' id='word_1_466' title='bbox 3056 2977 3146 3032; x_wconf 89' lang='grc' dir='ltr'>καὶ</span> <span class='ocrx_word' id='word_1_467' title='bbox 3203 2978 3327 3053; x_wconf 88' lang='grc' dir='ltr'>περί</span> <span class='ocrx_word' id='word_1_468' title='bbox 3379 2999 3443 3053; x_wconf 92' lang='grc' dir='ltr'>γε</span> <span class='ocrx_word' id='word_1_469' title='bbox 3497 2977 3660 3042; x_wconf 80' lang='grc' dir='ltr'>αὐτὰς</span> 
     </span>
    </p>
   </div>
   <div class='ocr_carea' id='block_1_58' title="bbox 255 3067 751 3129">
    <p class='ocr_par' dir='ltr' id='par_1_58' title="bbox 255 3067 751 3129">
     <span class='ocr_line' id='line_1_58' title="bbox 255 3067 751 3129; baseline -0.01 -5"><span class='ocrx_word' id='word_1_470' title='bbox 255 3069 348 3129; x_wconf 81' lang='grc' dir='ltr'>τὰς</span> <span class='ocrx_word' id='word_1_471' title='bbox 372 3071 413 3104; x_wconf 80' lang='grc'>⁹”¹</span> <span class='ocrx_word' id='word_1_472' title='bbox 449 3067 751 3127; x_wconf 69' lang='grc' dir='ltr'>ὑποθέσεις.</span> 
     </span>
    </p>
   </div>
   <div class='ocr_carea' id='block_1_59' title="bbox 325 3148 1897 3233">
    <p class='ocr_par' dir='ltr' id='par_1_59' title="bbox 325 3148 1894 3233">
     <span class='ocr_line' id='line_1_59' title="bbox 325 3148 1894 3233; baseline -0.004 -21"><span class='ocrx_word' id='word_1_473' title='bbox 325 3160 471 3230; x_wconf 79' lang='grc' dir='ltr'>[“Οτι</span> <span class='ocrx_word' id='word_1_474' title='bbox 511 3157 921 3233; x_wconf 76' lang='grc' dir='ltr'>ὀνοματοποιεῖ,</span> <span class='ocrx_word' id='word_1_475' title='bbox 960 3155 1066 3233; x_wconf 46' lang='grc' dir='ltr'>καὶ·</span> <span class='ocrx_word' id='word_1_476' title='bbox 1090 3153 1173 3233; x_wconf 75' lang='grc' dir='ltr'>ὅτι</span> <span class='ocrx_word' id='word_1_477' title='bbox 1203 3153 1293 3208; x_wconf 85' lang='grc' dir='ltr'>καὶ</span> <span class='ocrx_word' id='word_1_478' title='bbox 1340 3148 1894 3233; x_wconf 50' lang='grc' dir='ltr'>ἀρποβεϐιωκόταςὼς</span> 
     </span>
    </p>
   </div>
   <div class='ocr_carea' id='block_1_60' title="bbox 2013 3148 3664 3233">
    <p class='ocr_par' dir='ltr' id='par_1_60' title="bbox 2080 3156 3664 3233">
     <span class='ocr_line' id='line_1_60' title="bbox 2080 3156 3664 3233; baseline 0.004 -23"><span class='ocrx_word' id='word_1_479' title='bbox 2080 3156 2272 3233; x_wconf 78' lang='lat' dir='ltr'><strong>Fingit</strong></span> <span class='ocrx_word' id='word_1_480' title='bbox 2302 3160 2396 3214; x_wconf 90' lang='lat' dir='ltr'>hic</span> <span class='ocrx_word' id='word_1_481' title='bbox 2449 3168 2502 3215; x_wconf 89' lang='lat' dir='ltr'>et</span> <span class='ocrx_word' id='word_1_482' title='bbox 2551 3160 2777 3216; x_wconf 88' lang='lat' dir='ltr'><strong>inducit</strong></span> <span class='ocrx_word' id='word_1_483' title='bbox 2824 3163 3108 3228; x_wconf 86' lang='lat' dir='ltr'><strong>mortuos,</strong></span> <span class='ocrx_word' id='word_1_484' title='bbox 3149 3161 3316 3233; x_wconf 90' lang='lat' dir='ltr'><strong>quasi</strong></span> <span class='ocrx_word' id='word_1_485' title='bbox 3348 3163 3664 3233; x_wconf 68' lang='lat' dir='ltr'><strong>praesentes</strong></span> 
     </span>
    </p>
   </div>
   <div class='ocr_carea' id='block_1_61' title="bbox 253 3223 1822 3303">
    <p class='ocr_par' dir='ltr' id='par_1_61' title="bbox 253 3223 1822 3303">
     <span class='ocr_line' id='line_1_61' title="bbox 253 3223 1822 3303; baseline -0.002 -19"><span class='ocrx_word' id='word_1_486' title='bbox 253 3223 343 3284; x_wconf 73' lang='grc' dir='ltr'>ἔτῖ</span> <span class='ocrx_word' id='word_1_487' title='bbox 364 3223 633 3303; x_wconf 79' lang='grc' dir='ltr'>παρόντας</span> <span class='ocrx_word' id='word_1_488' title='bbox 667 3226 862 3300; x_wconf 79' lang='grc' dir='ltr'>εἷσάγει</span> <span class='ocrx_word' id='word_1_489' title='bbox 894 3232 1012 3289; x_wconf 89' lang='grc' dir='ltr'>τοῖς</span> <span class='ocrx_word' id='word_1_490' title='bbox 1047 3225 1327 3280; x_wconf 82' lang='grc' dir='ltr'>ἐπαίσουσι</span> <span class='ocrx_word' id='word_1_491' title='bbox 1361 3223 1822 3298; x_wconf 64' lang='grc' dir='ltr'>διαλεγομένουςῇ</span> 
     </span>
    </p>
   </div>
   <div class='ocr_carea' id='block_1_62' title="bbox 335 3309 1904 3392">
    <p class='ocr_par' dir='ltr' id='par_1_62' title="bbox 335 3309 1904 3392">
     <span class='ocr_line' id='line_1_62' title="bbox 335 3309 1904 3392; baseline -0.003 -20"><span class='ocrx_word' id='word_1_492' title='bbox 335 3314 474 3374; x_wconf 70' lang='grc' dir='ltr'>Οἱ)δὲ</span> <span class='ocrx_word' id='word_1_493' title='bbox 505 3319 546 3354; x_wconf 78' lang='grc'>⁸⁴</span> <span class='ocrx_word' id='word_1_494' title='bbox 575 3337 636 3391; x_wconf 91' lang='grc' dir='ltr'>γε</span> <span class='ocrx_word' id='word_1_495' title='bbox 669 3314 961 3388; x_wconf 79' lang='grc' dir='ltr'>Εὐριπίδου</span> <span class='ocrx_word' id='word_1_496' title='bbox 994 3317 1240 3392; x_wconf 73' lang='grc' dir='ltr'>φήσομεν</span> <span class='ocrx_word' id='word_1_497' title='bbox 1279 3315 1340 3368; x_wconf 88' lang='grc' dir='ltr'>τὸ</span> <span class='ocrx_word' id='word_1_498' title='bbox 1373 3309 1620 3386; x_wconf 80' lang='grc' dir='ltr'>ἰαμϐεῖον</span> <span class='ocrx_word' id='word_1_499' title='bbox 1655 3314 1789 3368; x_wconf 76' lang='grc' dir='ltr'>εἶναι</span> <span class='ocrx_word' id='word_1_500' title='bbox 1819 3316 1904 3384; x_wconf 85' lang='grc' dir='ltr'>τὸ,</span> 
     </span>
    </p>
   </div>
   <div class='ocr_carea' id='block_1_63' title="bbox 480 3405 1584 3482">
    <p class='ocr_par' dir='ltr' id='par_1_63' title="bbox 480 3405 1584 3482">
     <span class='ocr_line' id='line_1_63' title="bbox 480 3405 1584 3482; baseline 0 -23"><span class='ocrx_word' id='word_1_501' title='bbox 480 3405 647 3480; x_wconf 81' lang='grc' dir='ltr'>Σοφοὶ</span> <span class='ocrx_word' id='word_1_502' title='bbox 676 3405 925 3478; x_wconf 81' lang='grc' dir='ltr'>τύραννοι</span> <span class='ocrx_word' id='word_1_503' title='bbox 956 3408 1060 3458; x_wconf 85' lang='grc' dir='ltr'>τῶν</span> <span class='ocrx_word' id='word_1_504' title='bbox 1093 3407 1274 3482; x_wconf 85' lang='grc' dir='ltr'>σοφῶν</span> <span class='ocrx_word' id='word_1_505' title='bbox 1309 3405 1584 3474; x_wconf 73' lang='grc' dir='ltr'>συνουσίᾳ.</span> 
     </span>
    </p>
   </div>
   <div class='ocr_carea' id='block_1_64' title="bbox 267 3486 1905 3568">
    <p class='ocr_par' dir='ltr' id='par_1_64' title="bbox 267 3486 1905 3568">
     <span class='ocr_line' id='line_1_64' title="bbox 267 3486 1905 3568; baseline -0.002 -20"><span class='ocrx_word' id='word_1_506' title='bbox 267 3493 379 3548; x_wconf 83' lang='grc' dir='ltr'>οὐδ’</span> <span class='ocrx_word' id='word_1_507' title='bbox 439 3490 487 3547; x_wconf 68' lang='grc' dir='ltr'>εἷ</span> <span class='ocrx_word' id='word_1_508' title='bbox 534 3513 626 3560; x_wconf 90' lang='grc' dir='ltr'>τι;</span> <span class='ocrx_word' id='word_1_509' title='bbox 679 3489 820 3546; x_wconf 67' lang='grc' dir='ltr'>οὕτω</span> <span class='ocrx_word' id='word_1_510' title='bbox 870 3497 976 3546; x_wconf 85' lang='grc' dir='ltr'>τῶν</span> <span class='ocrx_word' id='word_1_511' title='bbox 1028 3497 1206 3568; x_wconf 82' lang='grc' dir='ltr'>σοφῶν</span> <span class='ocrx_word' id='word_1_512' title='bbox 1269 3490 1486 3566; x_wconf 64' lang='grc' dir='ltr'>εῖρηκεν</span> <span class='ocrx_word' id='word_1_513' title='bbox 1518 3493 1584 3527; x_wconf 71' lang='grc'>9⁵⁸</span> <span class='ocrx_word' id='word_1_514' title='bbox 1645 3486 1759 3546; x_wconf 73' lang='grc' dir='ltr'>ἔστι</span> <span class='ocrx_word' id='word_1_515' title='bbox 1801 3490 1905 3567; x_wconf 80' lang='grc' dir='ltr'>γὰρ</span> 
     </span>
    </p>
   </div>
   <div class='ocr_carea' id='block_1_65' title="bbox 267 3577 1905 3657">
    <p class='ocr_par' dir='ltr' id='par_1_65' title="bbox 267 3577 1905 3657">
     <span class='ocr_line' id='line_1_65' title="bbox 267 3577 1905 3657; baseline -0.004 -19"><span class='ocrx_word' id='word_1_516' title='bbox 267 3583 318 3654; x_wconf 80' lang='grc' dir='ltr'>ἐξ</span> <span class='ocrx_word' id='word_1_517' title='bbox 403 3579 634 3643; x_wconf 74' lang='grc' dir='ltr'>Α’ίαντος</span> <span class='ocrx_word' id='word_1_518' title='bbox 736 3579 1102 3657; x_wconf 81' lang='grc' dir='ltr'>Σοφοκλέους,</span> <span class='ocrx_word' id='word_1_519' title='bbox 1187 3577 1410 3640; x_wconf 73' lang='grc' dir='ltr'>Α’ίαντος</span> <span class='ocrx_word' id='word_1_520' title='bbox 1504 3585 1601 3634; x_wconf 74' lang='grc' dir='ltr'>τοῦ</span> <span class='ocrx_word' id='word_1_521' title='bbox 1672 3583 1905 3652; x_wconf 76' lang='grc' dir='ltr'>Λοκροῦ.</span> 
     </span>
    </p>
   </div>
   <div class='ocr_carea' id='block_1_66' title="bbox 263 3664 1908 3742">
    <p class='ocr_par' dir='ltr' id='par_1_66' title="bbox 263 3664 1908 3742">
     <span class='ocr_line' id='line_1_66' title="bbox 263 3664 1908 3742; baseline -0.005 -15"><span class='ocrx_word' id='word_1_522' title='bbox 263 3669 422 3728; x_wconf 80' lang='grc' dir='ltr'>Ἀλλ’</span> <span class='ocrx_word' id='word_1_523' title='bbox 452 3666 563 3725; x_wconf 79' lang='grc' dir='ltr'>ἔστι</span> <span class='ocrx_word' id='word_1_524' title='bbox 603 3673 774 3723; x_wconf 78' lang='grc' dir='ltr'>ταῦτα</span> <span class='ocrx_word' id='word_1_525' title='bbox 805 3668 911 3723; x_wconf 82' lang='grc' dir='ltr'>ἀπὸ</span> <span class='ocrx_word' id='word_1_526' title='bbox 942 3675 1042 3737; x_wconf 82' lang='grc' dir='ltr'>τῆς</span> <span class='ocrx_word' id='word_1_527' title='bbox 1070 3671 1177 3722; x_wconf 88' lang='grc' dir='ltr'>τῶν</span> <span class='ocrx_word' id='word_1_528' title='bbox 1213 3664 1484 3742; x_wconf 81' lang='grc' dir='ltr'>διαλόγων</span> <span class='ocrx_word' id='word_1_529' title='bbox 1535 3666 1775 3736; x_wconf 81' lang='grc' dir='ltr'>ἐξουσίας</span> <span class='ocrx_word' id='word_1_530' title='bbox 1821 3666 1908 3720; x_wconf 83' lang='grc' dir='ltr'>καὶ</span> 
     </span>
    </p>
   </div>
   <div class='ocr_carea' id='block_1_67' title="bbox 264 3753 1910 3832">
    <p class='ocr_par' dir='ltr' id='par_1_67' title="bbox 264 3753 1910 3832">
     <span class='ocr_line' id='line_1_67' title="bbox 264 3753 1910 3832; baseline -0.007 -14"><span class='ocrx_word' id='word_1_531' title='bbox 264 3762 548 3832; x_wconf 85' lang='grc' dir='ltr'>συνηθείας</span> <span class='ocrx_word' id='word_1_532' title='bbox 597 3755 922 3832; x_wconf 69' lang='grc' dir='ltr'>ὡρμημένα.</span> <span class='ocrx_word' id='word_1_533' title='bbox 971 3760 1058 3828; x_wconf 79' lang='grc' dir='ltr'>Τῷ</span> <span class='ocrx_word' id='word_1_534' title='bbox 1111 3755 1214 3829; x_wconf 79' lang='grc' dir='ltr'>γὰρ</span> <span class='ocrx_word' id='word_1_535' title='bbox 1264 3755 1498 3816; x_wconf 78' lang='grc' dir='ltr'>ἅπαντας</span> <span class='ocrx_word' id='word_1_536' title='bbox 1547 3755 1740 3816; x_wconf 72' lang='grc' dir='ltr'>αὐτοὺς</span> <span class='ocrx_word' id='word_1_537' title='bbox 1775 3753 1910 3808; x_wconf 76' lang='grc' dir='ltr'>εἶναι</span> 
     </span>
    </p>
   </div>
   <div class='ocr_carea' id='block_1_68' title="bbox 261 3839 1910 3920">
    <p class='ocr_par' dir='ltr' id='par_1_68' title="bbox 261 3839 1910 3920">
     <span class='ocr_line' id='line_1_68' title="bbox 261 3839 1910 3920; baseline -0.007 -15"><span class='ocrx_word' id='word_1_538' title='bbox 261 3851 513 3911; x_wconf 82' lang='grc' dir='ltr'>ἐπιεικῶς</span> <span class='ocrx_word' id='word_1_539' title='bbox 563 3847 880 3920; x_wconf 80' lang='grc' dir='ltr'>πλάσματα,</span> <span class='ocrx_word' id='word_1_540' title='bbox 929 3845 1018 3900; x_wconf 85' lang='grc' dir='ltr'>καὶ</span> <span class='ocrx_word' id='word_1_541' title='bbox 1070 3843 1292 3900; x_wconf 74' lang='grc' dir='ltr'>πλέκειν</span> <span class='ocrx_word' id='word_1_542' title='bbox 1347 3842 1539 3914; x_wconf 79' lang='grc' dir='ltr'>ἐξεῖναι</span> <span class='ocrx_word' id='word_1_543' title='bbox 1598 3840 1667 3896; x_wconf 89' lang='grc' dir='ltr'>δι’</span> <span class='ocrx_word' id='word_1_544' title='bbox 1727 3842 1800 3895; x_wconf 81' lang='grc' dir='ltr'>ὧν</span> <span class='ocrx_word' id='word_1_545' title='bbox 1848 3839 1910 3896; x_wconf 78' lang='grc' dir='ltr'>ἅν</span> 
     </span>
    </p>
   </div>
   <div class='ocr_carea' id='block_1_69' title="bbox 264 3929 1912 4013">
    <p class='ocr_par' dir='ltr' id='par_1_69' title="bbox 264 3929 1912 4013">
     <span class='ocr_line' id='line_1_69' title="bbox 264 3929 1912 4013; baseline -0.007 -17"><span class='ocrx_word' id='word_1_546' title='bbox 264 3963 347 4002; x_wconf 90' lang='grc' dir='ltr'>τις</span> <span class='ocrx_word' id='word_1_547' title='bbox 409 3936 704 4013; x_wconf 74' lang='grc' dir='ltr'>βούληται,</span> <span class='ocrx_word' id='word_1_548' title='bbox 750 3929 919 3990; x_wconf 74' lang='grc' dir='ltr'>ἔνεστί</span> <span class='ocrx_word' id='word_1_549' title='bbox 965 3957 1020 3990; x_wconf 90' lang='grc' dir='ltr'>τι</span> <span class='ocrx_word' id='word_1_550' title='bbox 1067 3937 1163 3989; x_wconf 83' lang='grc' dir='ltr'>κάν</span> <span class='ocrx_word' id='word_1_551' title='bbox 1213 3938 1329 3995; x_wconf 88' lang='grc' dir='ltr'>τοῖς</span> <span class='ocrx_word' id='word_1_552' title='bbox 1382 3930 1576 4008; x_wconf 83' lang='grc' dir='ltr'>λόγοις</span> <span class='ocrx_word' id='word_1_553' title='bbox 1623 3929 1810 3994; x_wconf 83' lang='grc' dir='ltr'>αὐτοῖς</span> <span class='ocrx_word' id='word_1_554' title='bbox 1850 3929 1912 3984; x_wconf 79' lang='grc' dir='ltr'>οὐ</span> 
     </span>
    </p>
   </div>
   <div class='ocr_carea' id='block_1_70' title="bbox 270 4020 1916 4107">
    <p class='ocr_par' dir='ltr' id='par_1_70' title="bbox 270 4020 1916 4107">
     <span class='ocr_line' id='line_1_70' title="bbox 270 4020 1916 4107; baseline -0.005 -22"><span class='ocrx_word' id='word_1_555' title='bbox 270 4027 475 4107; x_wconf 82' lang='grc' dir='ltr'>σφόδρα</span> <span class='ocrx_word' id='word_1_556' title='bbox 523 4033 724 4102; x_wconf 75' lang='grc' dir='ltr'>τηροῦν</span> <span class='ocrx_word' id='word_1_557' title='bbox 774 4028 874 4096; x_wconf 74' lang='grc' dir='ltr'>τήν</span> <span class='ocrx_word' id='word_1_558' title='bbox 926 4025 1206 4096; x_wconf 72' lang='grc' dir='ltr'>ἀληθειαν*</span> <span class='ocrx_word' id='word_1_559' title='bbox 1259 4024 1348 4078; x_wconf 87' lang='grc' dir='ltr'>καὶ</span> <span class='ocrx_word' id='word_1_560' title='bbox 1399 4022 1510 4096; x_wconf 77' lang='grc' dir='ltr'>ἅμα</span> <span class='ocrx_word' id='word_1_561' title='bbox 1564 4044 1656 4096; x_wconf 90' lang='grc' dir='ltr'>μοι</span> <span class='ocrx_word' id='word_1_562' title='bbox 1691 4020 1916 4077; x_wconf 75' lang='grc' dir='ltr'>ίδοκεῖν</span> 
     </span>
    </p>
   </div>
   <div class='ocr_carea' id='block_1_71' title="bbox 271 4111 1913 4199">
    <p class='ocr_par' dir='ltr' id='par_1_71' title="bbox 271 4111 1913 4199">
     <span class='ocr_line' id='line_1_71' title="bbox 271 4111 1913 4199; baseline -0.004 -24"><span class='ocrx_word' id='word_1_563' title='bbox 271 4119 550 4199; x_wconf 80' lang='grc' dir='ltr'>ἐφὲλκεταί</span> <span class='ocrx_word' id='word_1_564' title='bbox 606 4139 657 4173; x_wconf 89' lang='grc' dir='ltr'>τι</span> <span class='ocrx_word' id='word_1_565' title='bbox 691 4119 710 4152; x_wconf 82' lang='grc'>²</span> <span class='ocrx_word' id='word_1_566' title='bbox 757 4125 858 4186; x_wconf 78' lang='grc' dir='ltr'>τῆς</span> <span class='ocrx_word' id='word_1_567' title='bbox 909 4114 1216 4191; x_wconf 82' lang='grc' dir='ltr'>ἐλευθερίας</span> <span class='ocrx_word' id='word_1_568' title='bbox 1274 4114 1363 4199; x_wconf 79' lang='grc' dir='ltr'>καὶ</span> <span class='ocrx_word' id='word_1_569' title='bbox 1420 4120 1520 4183; x_wconf 84' lang='grc' dir='ltr'>τῆς</span> <span class='ocrx_word' id='word_1_570' title='bbox 1567 4111 1913 4188; x_wconf 87' lang='grc' dir='ltr'>μεγαλοπρε-</span> 
     </span>
    </p>
   </div>
   <div class='ocr_carea' id='block_1_72' title="bbox 269 4198 1914 4280">
    <p class='ocr_par' dir='ltr' id='par_1_72' title="bbox 269 4198 1914 4280">
     <span class='ocr_line' id='line_1_72' title="bbox 269 4198 1914 4280; baseline -0.005 -15"><span class='ocrx_word' id='word_1_571' title='bbox 269 4198 440 4279; x_wconf 88' lang='grc' dir='ltr'>πείας,</span> <span class='ocrx_word' id='word_1_572' title='bbox 501 4209 588 4263; x_wconf 87' lang='grc' dir='ltr'>καὶ</span> <span class='ocrx_word' id='word_1_573' title='bbox 647 4207 710 4262; x_wconf 82' lang='grc' dir='ltr'>οὐ</span> <span class='ocrx_word' id='word_1_574' title='bbox 768 4208 1107 4261; x_wconf 87' lang='grc' dir='ltr'>παντάπασιν</span> <span class='ocrx_word' id='word_1_575' title='bbox 1189 4198 1666 4280; x_wconf 73' lang='grc' dir='ltr'>ἀκριϐολογεῖται,</span> <span class='ocrx_word' id='word_1_576' title='bbox 1764 4201 1914 4270; x_wconf 85' lang='grc' dir='ltr'>ἀλλ’,</span> 
     </span>
    </p>
   </div>
   <div class='ocr_carea' id='block_1_73' title="bbox 273 4293 1916 4373">
    <p class='ocr_par' dir='ltr' id='par_1_73' title="bbox 273 4293 1916 4373">
     <span class='ocr_line' id='line_1_73' title="bbox 273 4293 1916 4373; baseline -0.005 -18"><span class='ocrx_word' id='word_1_577' title='bbox 273 4301 453 4371; x_wconf 83' lang='grc' dir='ltr'>ὥσπερ</span> <span class='ocrx_word' id='word_1_578' title='bbox 515 4297 668 4372; x_wconf 79' lang='grc' dir='ltr'>ἔφην,</span> <span class='ocrx_word' id='word_1_579' title='bbox 729 4301 1009 4373; x_wconf 85' lang='grc' dir='ltr'>συγχωρεῖ</span> <span class='ocrx_word' id='word_1_580' title='bbox 1081 4298 1150 4368; x_wconf 80' lang='grc' dir='ltr'>τῇ</span> <span class='ocrx_word' id='word_1_581' title='bbox 1219 4294 1393 4372; x_wconf 76' lang='grc' dir='ltr'>φύσει.</span> <span class='ocrx_word' id='word_1_582' title='bbox 1453 4299 1678 4348; x_wconf 84' lang='grc' dir='ltr'>Ἔπειτα</span> <span class='ocrx_word' id='word_1_583' title='bbox 1768 4293 1916 4347; x_wconf 79' lang='grc' dir='ltr'>ταῦθ’</span> 
     </span>
    </p>
   </div>
   <div class='ocr_carea' id='block_1_74' title="bbox 272 4379 1915 4463">
    <p class='ocr_par' dir='ltr' id='par_1_74' title="bbox 272 4379 1915 4463">
     <span class='ocr_line' id='line_1_74' title="bbox 272 4379 1915 4463; baseline -0.005 -18"><span class='ocrx_word' id='word_1_584' title='bbox 272 4392 436 4463; x_wconf 75' lang='grc' dir='ltr'>ἡμεῖς</span> <span class='ocrx_word' id='word_1_585' title='bbox 483 4386 674 4451; x_wconf 81' lang='grc' dir='ltr'>ἁπλῶς</span> <span class='ocrx_word' id='word_1_586' title='bbox 723 4385 865 4441; x_wconf 70' lang='grc' dir='ltr'>οὕτω</span> <span class='ocrx_word' id='word_1_587' title='bbox 916 4382 1364 4460; x_wconf 77' lang='grc' dir='ltr'>παραδεξόμεθα;</span> <span class='ocrx_word' id='word_1_588' title='bbox 1415 4381 1529 4441; x_wconf 82' lang='grc' dir='ltr'>Οὐκ</span> <span class='ocrx_word' id='word_1_589' title='bbox 1570 4384 1672 4457; x_wconf 82' lang='grc' dir='ltr'>ἄρα</span> <span class='ocrx_word' id='word_1_590' title='bbox 1721 4379 1915 4437; x_wconf 73' lang='grc' dir='ltr'>εἰδέναι</span> 
     </span>
    </p>
   </div>
   <div class='ocr_carea' id='block_1_75' title="bbox 273 4472 857 4549">
    <p class='ocr_par' dir='ltr' id='par_1_75' title="bbox 273 4472 857 4549">
     <span class='ocr_line' id='line_1_75' title="bbox 273 4472 857 4549; baseline -0.003 -16"><span class='ocrx_word' id='word_1_591' title='bbox 273 4480 338 4533; x_wconf 82' lang='grc' dir='ltr'>τά</span> <span class='ocrx_word' id='word_1_592' title='bbox 368 4477 572 4533; x_wconf 78' lang='grc' dir='ltr'>ἐκείνου</span> <span class='ocrx_word' id='word_1_593' title='bbox 604 4472 857 4549; x_wconf 80' lang='grc' dir='ltr'>δόξομεν.</span> 
     </span>
    </p>
   </div>
   <div class='ocr_carea' id='block_1_76' title="bbox 346 4560 1918 4642">
    <p class='ocr_par' dir='ltr' id='par_1_76' title="bbox 346 4560 1918 4642">
     <span class='ocr_line' id='line_1_76' title="bbox 346 4560 1918 4642; baseline -0.004 -21"><span class='ocrx_word' id='word_1_594' title='bbox 346 4568 436 4642; x_wconf 81' lang='grc' dir='ltr'>[Τὸ</span> <span class='ocrx_word' id='word_1_595' title='bbox 501 4565 695 4640; x_wconf 66' lang='grc' dir='ltr'>ἀμέλει</span> <span class='ocrx_word' id='word_1_596' title='bbox 753 4560 1096 4640; x_wconf 83' lang='grc' dir='ltr'>Ἀριστείδης</span> <span class='ocrx_word' id='word_1_597' title='bbox 1153 4560 1426 4623; x_wconf 84' lang='grc' dir='ltr'>πολλάκις</span> <span class='ocrx_word' id='word_1_598' title='bbox 1506 4562 1579 4622; x_wconf 85' lang='grc' dir='ltr'>ὡς</span> <span class='ocrx_word' id='word_1_599' title='bbox 1645 4560 1918 4637; x_wconf 80' lang='grc' dir='ltr'>παρέλκον</span> 
     </span>
    </p>
   </div>
   <div class='ocr_carea' id='block_1_77' title="bbox 275 4651 594 4730">
    <p class='ocr_par' dir='ltr' id='par_1_77' title="bbox 275 4651 594 4730">
     <span class='ocr_line' id='line_1_77' title="bbox 275 4651 594 4730; baseline -0.016 -16"><span class='ocrx_word' id='word_1_600' title='bbox 275 4651 594 4730; x_wconf 74' lang='grc' dir='ltr'>λαμϐάνει.]</span> 
     </span>
    </p>
   </div>
   <div class='ocr_carea' id='block_1_78' title="bbox 345 4736 1921 4819">
    <p class='ocr_par' dir='ltr' id='par_1_78' title="bbox 345 4736 1921 4819">
     <span class='ocr_line' id='line_1_78' title="bbox 345 4736 1921 4819; baseline -0.006 -18"><span class='ocrx_word' id='word_1_601' title='bbox 345 4742 510 4803; x_wconf 77' lang='grc' dir='ltr'>Οὔτοι</span> <span class='ocrx_word' id='word_1_602' title='bbox 551 4744 575 4780; x_wconf 83' lang='grc'>³</span> <span class='ocrx_word' id='word_1_603' title='bbox 633 4741 994 4819; x_wconf 85' lang='grc' dir='ltr'>φιλαθηναίου</span> <span class='ocrx_word' id='word_1_604' title='bbox 1052 4743 1074 4777; x_wconf 80' lang='grc'><strong>⁴</strong></span> <span class='ocrx_word' id='word_1_605' title='bbox 1126 4741 1188 4817; x_wconf 79' lang='grc' dir='ltr'>γὲ</span> <span class='ocrx_word' id='word_1_606' title='bbox 1253 4740 1364 4795; x_wconf 82' lang='grc' dir='ltr'>ἐστι</span> <span class='ocrx_word' id='word_1_607' title='bbox 1425 4741 1524 4811; x_wconf 76' lang='grc' dir='ltr'>τήν</span> <span class='ocrx_word' id='word_1_608' title='bbox 1583 4736 1921 4813; x_wconf 86' lang='grc' dir='ltr'>Ἀκαδημίαν</span> 
     </span>
    </p>
   </div>
   <div class='ocr_carea' id='block_1_79' title="bbox 279 4826 1914 4908">
    <p class='ocr_par' dir='ltr' id='par_1_79' title="bbox 279 4826 1914 4908">
     <span class='ocr_line' id='line_1_79' title="bbox 279 4826 1914 4908; baseline -0.005 -19"><span class='ocrx_word' id='word_1_609' title='bbox 279 4835 451 4908; x_wconf 87' lang='grc' dir='ltr'>μόνην</span> <span class='ocrx_word' id='word_1_610' title='bbox 486 4834 776 4906; x_wconf 81' lang='grc' dir='ltr'>θαυμάζειν</span> <span class='ocrx_word' id='word_1_611' title='bbox 806 4839 907 4902; x_wconf 86' lang='grc' dir='ltr'>τῆς</span> <span class='ocrx_word' id='word_1_612' title='bbox 937 4832 1216 4901; x_wconf 78' lang='grc' dir='ltr'>Ἀττικῆς,</span> <span class='ocrx_word' id='word_1_613' title='bbox 1251 4831 1350 4900; x_wconf 75' lang='grc' dir='ltr'>τὴν</span> <span class='ocrx_word' id='word_1_614' title='bbox 1381 4827 1426 4884; x_wconf 83' lang='grc' dir='ltr'>δ’</span> <span class='ocrx_word' id='word_1_615' title='bbox 1476 4826 1658 4898; x_wconf 79' lang='grc' dir='ltr'>ἄλλην</span> <span class='ocrx_word' id='word_1_616' title='bbox 1707 4827 1914 4882; x_wconf 78' lang='grc' dir='ltr'>ἅπασαν</span> 
     </span>
    </p>
   </div>
   <div class='ocr_carea' id='block_1_80' title="bbox 277 4915 1916 4999">
    <p class='ocr_par' dir='ltr' id='par_1_80' title="bbox 277 4915 1916 4999">
     <span class='ocr_line' id='line_1_80' title="bbox 277 4915 1916 4999; baseline -0.005 -20"><span class='ocrx_word' id='word_1_617' title='bbox 277 4924 459 4999; x_wconf 83' lang='grc' dir='ltr'>ὥσπερ</span> <span class='ocrx_word' id='word_1_618' title='bbox 526 4921 726 4998; x_wconf 80' lang='grc' dir='ltr'>ἐχθρὰν</span> <span class='ocrx_word' id='word_1_619' title='bbox 806 4921 1008 4994; x_wconf 81' lang='grc' dir='ltr'>κρίνειν</span> <span class='ocrx_word' id='word_1_620' title='bbox 1066 4919 1156 4974; x_wconf 88' lang='grc' dir='ltr'>καὶ</span> <span class='ocrx_word' id='word_1_621' title='bbox 1235 4918 1525 4991; x_wconf 86' lang='grc' dir='ltr'>πολεμίαν.</span> <span class='ocrx_word' id='word_1_622' title='bbox 1598 4915 1738 4973; x_wconf 72' lang='grc' dir='ltr'>Οὐδὲ</span> <span class='ocrx_word' id='word_1_623' title='bbox 1815 4919 1916 4993; x_wconf 78' lang='grc' dir='ltr'>γάρ</span> 
     </span>
    </p>
   </div>
   <div class='ocr_carea' id='block_1_81' title="bbox 279 5004 1922 5088">
    <p class='ocr_par' dir='ltr' id='par_1_81' title="bbox 279 5004 1922 5088">
     <span class='ocr_line' id='line_1_81' title="bbox 279 5004 1922 5088; baseline -0.007 -15"><span class='ocrx_word' id='word_1_624' title='bbox 279 5016 408 5088; x_wconf 87' lang='grc'>[710</span> <span class='ocrx_word' id='word_1_625' title='bbox 466 5016 558 5086; x_wconf 87' lang='grc' dir='ltr'>Η.]</span> <span class='ocrx_word' id='word_1_626' title='bbox 613 5010 1043 5088; x_wconf 81' lang='grc' dir='ltr'>καταγελάστου,</span> <span class='ocrx_word' id='word_1_627' title='bbox 1102 5009 1458 5088; x_wconf 80' lang='grc' dir='ltr'>ἀποφήναντα</span> <span class='ocrx_word' id='word_1_628' title='bbox 1530 5011 1656 5068; x_wconf 77' lang='grc' dir='ltr'>τοὺς</span> <span class='ocrx_word' id='word_1_629' title='bbox 1715 5004 1922 5069; x_wconf 76' lang='grc' dir='ltr'>ἄλλους</span> 
     </span>
    </p>
   </div>
   <div class='ocr_carea' id='block_1_82' title="bbox 280 5099 1919 5174">
    <p class='ocr_par' dir='ltr' id='par_1_82' title="bbox 280 5099 1919 5174">
     <span class='ocr_line' id='line_1_82' title="bbox 280 5099 1919 5174; baseline -0.004 -14"><span class='ocrx_word' id='word_1_630' title='bbox 280 5108 541 5171; x_wconf 76' lang='grc' dir='ltr'>ἅπαντας,</span> <span class='ocrx_word' id='word_1_631' title='bbox 602 5104 744 5158; x_wconf 75' lang='grc' dir='ltr'>οὕτω</span> <span class='ocrx_word' id='word_1_632' title='bbox 801 5101 890 5158; x_wconf 89' lang='grc' dir='ltr'>καί</span> <span class='ocrx_word' id='word_1_633' title='bbox 946 5122 1078 5156; x_wconf 87' lang='grc' dir='ltr'>ποτε</span> <span class='ocrx_word' id='word_1_634' title='bbox 1126 5101 1237 5174; x_wconf 79' lang='grc' dir='ltr'>χρὴ</span> <span class='ocrx_word' id='word_1_635' title='bbox 1311 5099 1578 5154; x_wconf 84' lang='grc' dir='ltr'>Πλάτωνα</span> <span class='ocrx_word' id='word_1_636' title='bbox 1629 5099 1919 5172; x_wconf 79' lang='grc' dir='ltr'>θαυμάζειν</span> 
     </span>
    </p>
   </div>
   <div class='ocr_carea' id='block_1_83' title="bbox 277 5186 1924 5270">
    <p class='ocr_par' dir='ltr' id='par_1_83' title="bbox 277 5186 1924 5270">
     <span class='ocr_line' id='line_1_83' title="bbox 277 5186 1924 5270; baseline -0.005 -21"><span class='ocrx_word' id='word_1_637' title='bbox 277 5195 582 5270; x_wconf 85' lang='grc' dir='ltr'>ἀναμεῖναι.</span> <span class='ocrx_word' id='word_1_638' title='bbox 630 5196 807 5248; x_wconf 80' lang='grc' dir='ltr'>Τοῦτο</span> <span class='ocrx_word' id='word_1_639' title='bbox 846 5191 945 5268; x_wconf 79' lang='grc' dir='ltr'>γὰρ</span> <span class='ocrx_word' id='word_1_640' title='bbox 993 5188 1055 5245; x_wconf 76' lang='grc' dir='ltr'>οὐ</span> <span class='ocrx_word' id='word_1_641' title='bbox 1122 5187 1420 5253; x_wconf 83' lang='grc' dir='ltr'>Πλάτωνος</span> <span class='ocrx_word' id='word_1_642' title='bbox 1459 5186 1518 5242; x_wconf 78' lang='grc' dir='ltr'>ἂν</span> <span class='ocrx_word' id='word_1_643' title='bbox 1551 5189 1574 5224; x_wconf 83' lang='grc'>⁸</span> <span class='ocrx_word' id='word_1_644' title='bbox 1631 5186 1712 5258; x_wconf 68' lang='grc' dir='ltr'>εἴη</span> <span class='ocrx_word' id='word_1_645' title='bbox 1757 5188 1924 5260; x_wconf 80' lang='grc' dir='ltr'>τιμὴ,</span> 
     </span>
    </p>
   </div>
   <div class='ocr_carea' id='block_1_84' title="bbox 2011 3229 2486 3287">
    <p class='ocr_par' dir='ltr' id='par_1_84' title="bbox 2011 3229 2486 3287">
     <span class='ocr_line' id='line_1_84' title="bbox 2011 3229 2486 3287; baseline 0.011 -5"><span class='ocrx_word' id='word_1_646' title='bbox 2011 3243 2078 3283; x_wconf 91' lang='lat' dir='ltr'>ac</span> <span class='ocrx_word' id='word_1_647' title='bbox 2110 3229 2486 3287; x_wconf 85' lang='lat' dir='ltr'><strong>disserentes.</strong></span> 
     </span>
    </p>
   </div>
   <div class='ocr_carea' id='block_1_85' title="bbox 2082 3318 3554 3390">
    <p class='ocr_par' dir='ltr' id='par_1_85' title="bbox 2082 3318 3554 3390">
     <span class='ocr_line' id='line_1_85' title="bbox 2082 3318 3554 3390; baseline 0.003 -19"><span class='ocrx_word' id='word_1_648' title='bbox 2082 3318 2196 3374; x_wconf 91' lang='lat' dir='ltr'><strong>Nec</strong></span> <span class='ocrx_word' id='word_1_649' title='bbox 2226 3319 2517 3390; x_wconf 90' lang='lat' dir='ltr'><strong>Euripidis</strong></span> <span class='ocrx_word' id='word_1_650' title='bbox 2548 3321 2864 3377; x_wconf 88' lang='lat' dir='ltr'><strong>iambicum</strong></span> <span class='ocrx_word' id='word_1_651' title='bbox 2901 3321 3048 3376; x_wconf 90' lang='lat' dir='ltr'><strong>illud</strong></span> <span class='ocrx_word' id='word_1_652' title='bbox 3081 3338 3210 3378; x_wconf 87' lang='lat' dir='ltr'><strong>esse</strong></span> <span class='ocrx_word' id='word_1_653' title='bbox 3253 3323 3554 3378; x_wconf 85' lang='lat' dir='ltr'><strong>dicemus:</strong></span> 
     </span>
    </p>
   </div>
   <div class='ocr_carea' id='block_1_86' title="bbox 2192 3407 3379 3482">
    <p class='ocr_par' dir='ltr' id='par_1_86' title="bbox 2192 3407 3379 3482">
     <span class='ocr_line' id='line_1_86' title="bbox 2192 3407 3379 3482; baseline 0.003 -20"><span class='ocrx_word' id='word_1_654' title='bbox 2192 3407 2541 3480; x_wconf 75' lang='lat' dir='ltr'><strong>Sapientiam</strong></span> <span class='ocrx_word' id='word_1_655' title='bbox 2570 3412 2888 3466; x_wconf 64' lang='lat' dir='ltr'><strong>commercio</strong></span> <span class='ocrx_word' id='word_1_656' title='bbox 2913 3413 3169 3481; x_wconf 75' lang='lat' dir='ltr'><strong>princeps</strong></span> <span class='ocrx_word' id='word_1_657' title='bbox 3209 3410 3379 3482; x_wconf 73' lang='lat' dir='ltr'><strong>sapit,</strong></span> 
     </span>
    </p>
   </div>
   <div class='ocr_carea' id='block_1_87' title="bbox 2015 3496 3666 3571">
    <p class='ocr_par' dir='ltr' id='par_1_87' title="bbox 2015 3496 3666 3571">
     <span class='ocr_line' id='line_1_87' title="bbox 2015 3496 3666 3571; baseline 0.004 -21"><span class='ocrx_word' id='word_1_658' title='bbox 2015 3496 2281 3566; x_wconf 89' lang='lat' dir='ltr'><strong>quamvis</strong></span> <span class='ocrx_word' id='word_1_659' title='bbox 2312 3497 2369 3553; x_wconf 90' lang='lat' dir='ltr'>id</span> <span class='ocrx_word' id='word_1_660' title='bbox 2413 3499 2744 3571; x_wconf 88' lang='lat' dir='ltr'><strong>sapientum</strong></span> <span class='ocrx_word' id='word_1_661' title='bbox 2782 3501 3020 3570; x_wconf 90' lang='lat' dir='ltr'><strong>quidam</strong></span> <span class='ocrx_word' id='word_1_662' title='bbox 3063 3500 3294 3570; x_wconf 82' lang='lat' dir='ltr'><strong>dixerit,</strong></span> <span class='ocrx_word' id='word_1_663' title='bbox 3328 3517 3458 3557; x_wconf 92' lang='lat' dir='ltr'>cum</span> <span class='ocrx_word' id='word_1_664' title='bbox 3493 3502 3571 3557; x_wconf 82' lang='lat' dir='ltr'>sit</span> <span class='ocrx_word' id='word_1_665' title='bbox 3599 3517 3666 3557; x_wconf 85' lang='lat' dir='ltr'>ex</span> 
     </span>
    </p>
   </div>
   <div class='ocr_carea' id='block_1_88' title="bbox 2014 3585 3662 3661">
    <p class='ocr_par' dir='ltr' id='par_1_88' title="bbox 2014 3585 3662 3661">
     <span class='ocr_line' id='line_1_88' title="bbox 2014 3585 3662 3661; baseline 0.004 -23"><span class='ocrx_word' id='word_1_666' title='bbox 2014 3586 2177 3654; x_wconf 83' lang='lat' dir='ltr'><strong>Ajace</strong></span> <span class='ocrx_word' id='word_1_667' title='bbox 2207 3585 2528 3658; x_wconf 87' lang='lat' dir='ltr'><strong>Sophoclis,</strong></span> <span class='ocrx_word' id='word_1_668' title='bbox 2567 3587 2664 3659; x_wconf 89' lang='lat' dir='ltr'>qui</span> <span class='ocrx_word' id='word_1_669' title='bbox 2702 3589 2900 3643; x_wconf 78' lang='lat' dir='ltr'><strong>Locrus</strong></span> <span class='ocrx_word' id='word_1_670' title='bbox 2933 3589 3296 3654; x_wconf 89' lang='lat' dir='ltr'><strong>inscribitur,</strong></span> <span class='ocrx_word' id='word_1_671' title='bbox 3332 3595 3662 3661; x_wconf 88' lang='lat' dir='ltr'><strong>sumptum.</strong></span> 
     </span>
    </p>
   </div>
   <div class='ocr_carea' id='block_1_89' title="bbox 2018 3673 3669 3747">
    <p class='ocr_par' dir='ltr' id='par_1_89' title="bbox 2018 3673 3669 3747">
     <span class='ocr_line' id='line_1_89' title="bbox 2018 3673 3669 3747; baseline 0.004 -21"><span class='ocrx_word' id='word_1_672' title='bbox 2018 3673 2131 3726; x_wconf 90' lang='lat' dir='ltr'>Sed</span> <span class='ocrx_word' id='word_1_673' title='bbox 2161 3674 2283 3728; x_wconf 81' lang='lat' dir='ltr'><strong>haec</strong></span> <span class='ocrx_word' id='word_1_674' title='bbox 2336 3674 2579 3729; x_wconf 63' lang='lat' dir='ltr'><strong>licentia</strong></span> <span class='ocrx_word' id='word_1_675' title='bbox 2623 3675 2989 3747; x_wconf 86' lang='lat' dir='ltr'><strong>dialogorum</strong></span> <span class='ocrx_word' id='word_1_676' title='bbox 3022 3682 3079 3731; x_wconf 92' lang='lat' dir='ltr'>et</span> <span class='ocrx_word' id='word_1_677' title='bbox 3120 3677 3529 3732; x_wconf 90' lang='lat' dir='ltr'><strong>consuetudini</strong></span> <span class='ocrx_word' id='word_1_678' title='bbox 3561 3677 3669 3732; x_wconf 89' lang='lat' dir='ltr'><strong>tri-</strong></span> 
     </span>
    </p>
   </div>
   <div class='ocr_carea' id='block_1_90' title="bbox 2021 3760 3670 3834">
    <p class='ocr_par' dir='ltr' id='par_1_90' title="bbox 2021 3760 3670 3834">
     <span class='ocr_line' id='line_1_90' title="bbox 2021 3760 3670 3834; baseline 0.003 -21"><span class='ocrx_word' id='word_1_679' title='bbox 2021 3760 2302 3816; x_wconf 92' lang='lat' dir='ltr'><strong>buuntur.</strong></span> <span class='ocrx_word' id='word_1_680' title='bbox 2334 3760 2560 3815; x_wconf 89' lang='lat' dir='ltr'><strong>Etenim</strong></span> <span class='ocrx_word' id='word_1_681' title='bbox 2595 3778 2724 3816; x_wconf 89' lang='lat' dir='ltr'>cum</span> <span class='ocrx_word' id='word_1_682' title='bbox 2755 3763 2873 3816; x_wconf 86' lang='lat' dir='ltr'><strong>sint</strong></span> <span class='ocrx_word' id='word_1_683' title='bbox 2901 3778 3098 3817; x_wconf 85' lang='lat' dir='ltr'><strong>omnes</strong></span> <span class='ocrx_word' id='word_1_684' title='bbox 3134 3763 3499 3834; x_wconf 81' lang='lat' dir='ltr'><strong>figmenta,et</strong></span> <span class='ocrx_word' id='word_1_685' title='bbox 3529 3780 3670 3834; x_wconf 91' lang='lat' dir='ltr'><strong>quo-</strong></span> 
     </span>
    </p>
   </div>
   <div class='ocr_carea' id='block_1_91' title="bbox 2021 3848 3668 3921">
    <p class='ocr_par' dir='ltr' id='par_1_91' title="bbox 2021 3848 3668 3921">
     <span class='ocr_line' id='line_1_91' title="bbox 2021 3848 3668 3921; baseline 0.003 -19"><span class='ocrx_word' id='word_1_686' title='bbox 2021 3863 2253 3918; x_wconf 89' lang='lat' dir='ltr'><strong>cunque</strong></span> <span class='ocrx_word' id='word_1_687' title='bbox 2285 3848 2416 3918; x_wconf 86' lang='lat' dir='ltr'><strong>quis</strong></span> <span class='ocrx_word' id='word_1_688' title='bbox 2457 3848 2588 3903; x_wconf 81' lang='lat' dir='ltr'><strong>velit</strong></span> <span class='ocrx_word' id='word_1_689' title='bbox 2623 3850 2792 3904; x_wconf 88' lang='lat' dir='ltr'><strong>modo</strong></span> <span class='ocrx_word' id='word_1_690' title='bbox 2834 3851 3020 3921; x_wconf 85' lang='lat' dir='ltr'><strong>possit</strong></span> <span class='ocrx_word' id='word_1_691' title='bbox 3061 3855 3311 3917; x_wconf 90' lang='lat' dir='ltr'><strong>nectere,</strong></span> <span class='ocrx_word' id='word_1_692' title='bbox 3360 3851 3422 3906; x_wconf 87' lang='lat' dir='ltr'>fit</span> <span class='ocrx_word' id='word_1_693' title='bbox 3468 3857 3532 3906; x_wconf 90' lang='lat' dir='ltr'>ut</span> <span class='ocrx_word' id='word_1_694' title='bbox 3565 3868 3668 3908; x_wconf 88' lang='lat' dir='ltr'>nec</span> 
     </span>
    </p>
   </div>
   <div class='ocr_carea' id='block_1_92' title="bbox 2024 3936 3669 4007">
    <p class='ocr_par' dir='ltr' id='par_1_92' title="bbox 2024 3936 3669 4007">
     <span class='ocr_line' id='line_1_92' title="bbox 2024 3936 3669 4007; baseline 0.003 -19"><span class='ocrx_word' id='word_1_695' title='bbox 2024 3936 2148 4007; x_wconf 88' lang='lat' dir='ltr'><strong>ipsa</strong></span> <span class='ocrx_word' id='word_1_696' title='bbox 2194 3937 2368 3992; x_wconf 90' lang='lat' dir='ltr'><strong>verba</strong></span> <span class='ocrx_word' id='word_1_697' title='bbox 2401 3936 2519 3992; x_wconf 89' lang='lat' dir='ltr'><strong>sint</strong></span> <span class='ocrx_word' id='word_1_698' title='bbox 2548 3938 2863 3993; x_wconf 88' lang='lat' dir='ltr'><strong>admodum</strong></span> <span class='ocrx_word' id='word_1_699' title='bbox 2893 3939 3122 3994; x_wconf 88' lang='lat' dir='ltr'><strong>veritati</strong></span> <span class='ocrx_word' id='word_1_700' title='bbox 3173 3955 3446 3995; x_wconf 88' lang='lat' dir='ltr'><strong>consona.</strong></span> <span class='ocrx_word' id='word_1_701' title='bbox 3483 3938 3669 3995; x_wconf 91' lang='lat' dir='ltr'><strong>Simul</strong></span> 
     </span>
    </p>
   </div>
   <div class='ocr_carea' id='block_1_93' title="bbox 2024 4025 3670 4099">
    <p class='ocr_par' dir='ltr' id='par_1_93' title="bbox 2024 4025 3670 4099">
     <span class='ocr_line' id='line_1_93' title="bbox 2024 4025 3670 4099; baseline 0.002 -21"><span class='ocrx_word' id='word_1_702' title='bbox 2024 4029 2080 4079; x_wconf 88' lang='lat' dir='ltr'>et</span> <span class='ocrx_word' id='word_1_703' title='bbox 2108 4025 2434 4081; x_wconf 88' lang='lat' dir='ltr'><strong>libertatem</strong></span> <span class='ocrx_word' id='word_1_704' title='bbox 2453 4025 2678 4081; x_wconf 88' lang='lat' dir='ltr'><strong>videtur</strong></span> <span class='ocrx_word' id='word_1_705' title='bbox 2696 4034 2866 4098; x_wconf 88' lang='lat' dir='ltr'><strong>atque</strong></span> <span class='ocrx_word' id='word_1_706' title='bbox 2885 4027 3380 4099; x_wconf 84' lang='lat' dir='ltr'><strong>magnificentiam</strong></span> <span class='ocrx_word' id='word_1_707' title='bbox 3403 4027 3670 4084; x_wconf 90' lang='lat' dir='ltr'><strong>nonnihil</strong></span> 
     </span>
    </p>
   </div>
   <div class='ocr_carea' id='block_1_94' title="bbox 2024 4115 3668 4187">
    <p class='ocr_par' dir='ltr' id='par_1_94' title="bbox 2024 4115 3668 4187">
     <span class='ocr_line' id='line_1_94' title="bbox 2024 4115 3668 4187; baseline 0.002 -17"><span class='ocrx_word' id='word_1_708' title='bbox 2024 4115 2253 4185; x_wconf 86' lang='lat' dir='ltr'><strong>sectari,</strong></span> <span class='ocrx_word' id='word_1_709' title='bbox 2306 4131 2409 4171; x_wconf 90' lang='lat' dir='ltr'>nec</span> <span class='ocrx_word' id='word_1_710' title='bbox 2459 4117 2531 4174; x_wconf 88' lang='lat' dir='ltr'>ad</span> <span class='ocrx_word' id='word_1_711' title='bbox 2578 4121 2838 4173; x_wconf 87' lang='lat' dir='ltr'><strong>exactam</strong></span> <span class='ocrx_word' id='word_1_712' title='bbox 2872 4117 3159 4175; x_wconf 87' lang='lat' dir='ltr'><strong>rationem</strong></span> <span class='ocrx_word' id='word_1_713' title='bbox 3189 4119 3399 4174; x_wconf 88' lang='lat' dir='ltr'><strong>referre</strong></span> <span class='ocrx_word' id='word_1_714' title='bbox 3430 4123 3668 4187; x_wconf 85' lang='lat' dir='ltr'><strong>cuncta;</strong></span> 
     </span>
    </p>
   </div>
   <div class='ocr_carea' id='block_1_95' title="bbox 2026 4205 3672 4278">
    <p class='ocr_par' dir='ltr' id='par_1_95' title="bbox 2026 4205 3672 4278">
     <span class='ocr_line' id='line_1_95' title="bbox 2026 4205 3672 4278; baseline 0.002 -19"><span class='ocrx_word' id='word_1_715' title='bbox 2026 4221 2246 4272; x_wconf 92' lang='lat' dir='ltr'><strong>verum,</strong></span> <span class='ocrx_word' id='word_1_716' title='bbox 2289 4207 2444 4276; x_wconf 89' lang='lat' dir='ltr'><strong>quod</strong></span> <span class='ocrx_word' id='word_1_717' title='bbox 2481 4207 2607 4276; x_wconf 88' lang='lat' dir='ltr'><strong>jam</strong></span> <span class='ocrx_word' id='word_1_718' title='bbox 2639 4206 2778 4272; x_wconf 83' lang='lat' dir='ltr'><strong>dixi,</strong></span> <span class='ocrx_word' id='word_1_719' title='bbox 2822 4207 3056 4278; x_wconf 86' lang='lat' dir='ltr'><strong>ingenio</strong></span> <span class='ocrx_word' id='word_1_720' title='bbox 3101 4208 3384 4263; x_wconf 89' lang='lat' dir='ltr'><strong>concedit.</strong></span> <span class='ocrx_word' id='word_1_721' title='bbox 3436 4208 3502 4262; x_wconf 86' lang='lat' dir='ltr'><strong>Et</strong></span> <span class='ocrx_word' id='word_1_722' title='bbox 3551 4205 3672 4262; x_wconf 72' lang='lat' dir='ltr'><strong>haec</strong></span> 
     </span>
    </p>
   </div>
   <div class='ocr_carea' id='block_1_96' title="bbox 2029 4294 3677 4369">
    <p class='ocr_par' dir='ltr' id='par_1_96' title="bbox 2029 4294 3677 4369">
     <span class='ocr_line' id='line_1_96' title="bbox 2029 4294 3677 4369; baseline 0.001 -19"><span class='ocrx_word' id='word_1_723' title='bbox 2029 4311 2136 4350; x_wconf 90' lang='lat' dir='ltr'>nos</span> <span class='ocrx_word' id='word_1_724' title='bbox 2165 4294 2247 4351; x_wconf 87' lang='lat' dir='ltr'>ita</span> <span class='ocrx_word' id='word_1_725' title='bbox 2273 4300 2491 4351; x_wconf 88' lang='lat' dir='ltr'><strong>temere</strong></span> <span class='ocrx_word' id='word_1_726' title='bbox 2522 4295 2909 4366; x_wconf 84' lang='lat' dir='ltr'><strong>recipiemus?</strong></span> <span class='ocrx_word' id='word_1_727' title='bbox 2937 4296 3061 4353; x_wconf 86' lang='lat' dir='ltr'><strong>Non</strong></span> <span class='ocrx_word' id='word_1_728' title='bbox 3092 4297 3270 4369; x_wconf 84' lang='lat' dir='ltr'><strong>igitur</strong></span> <span class='ocrx_word' id='word_1_729' title='bbox 3299 4311 3434 4353; x_wconf 88' lang='lat' dir='ltr'>eum</span> <span class='ocrx_word' id='word_1_730' title='bbox 3467 4311 3677 4367; x_wconf 86' lang='lat' dir='ltr'><strong>cogno-</strong></span> 
     </span>
    </p>
   </div>
   <div class='ocr_carea' id='block_1_97' title="bbox 2027 4384 2564 4440">
    <p class='ocr_par' dir='ltr' id='par_1_97' title="bbox 2027 4384 2564 4440">
     <span class='ocr_line' id='line_1_97' title="bbox 2027 4384 2564 4440; baseline -0.004 0"><span class='ocrx_word' id='word_1_731' title='bbox 2027 4399 2185 4440; x_wconf 89' lang='lat' dir='ltr'><strong>scere</strong></span> <span class='ocrx_word' id='word_1_732' title='bbox 2216 4384 2564 4440; x_wconf 90' lang='lat' dir='ltr'><strong>videbimur.</strong></span> 
     </span>
    </p>
   </div>
   <div class='ocr_carea' id='block_1_98' title="bbox 2102 4562 3675 4640">
    <p class='ocr_par' dir='ltr' id='par_1_98' title="bbox 2102 4562 3675 4640">
     <span class='ocr_line' id='line_1_98' title="bbox 2102 4562 3675 4640; baseline 0.004 -18"><span class='ocrx_word' id='word_1_733' title='bbox 2102 4562 2324 4638; x_wconf 71' lang='grc' dir='ltr'>Ἀμέλει</span> <span class='ocrx_word' id='word_1_734' title='bbox 2374 4583 2524 4640; x_wconf 67' lang='lat' dir='ltr'><strong>saepe</strong></span> <span class='ocrx_word' id='word_1_735' title='bbox 2573 4568 2738 4640; x_wconf 89' lang='lat' dir='ltr'><strong>ponit</strong></span> <span class='ocrx_word' id='word_1_736' title='bbox 2781 4568 3064 4624; x_wconf 85' lang='lat' dir='ltr'><strong>Aristides</strong></span> <span class='ocrx_word' id='word_1_737' title='bbox 3111 4566 3281 4639; x_wconf 83' lang='lat' dir='ltr'><strong>quasi</strong></span> <span class='ocrx_word' id='word_1_738' title='bbox 3314 4569 3675 4628; x_wconf 88' lang='lat' dir='ltr'><strong>redundans.</strong></span> 
     </span>
    </p>
   </div>
   <div class='ocr_carea' id='block_1_99' title="bbox 2102 4729 3676 4803">
    <p class='ocr_par' dir='ltr' id='par_1_99' title="bbox 2102 4729 3676 4803">
     <span class='ocr_line' id='line_1_99' title="bbox 2102 4729 3676 4803; baseline 0.001 -14"><span class='ocrx_word' id='word_1_739' title='bbox 2102 4730 2284 4789; x_wconf 89' lang='lat' dir='ltr'><strong>Nemo</strong></span> <span class='ocrx_word' id='word_1_740' title='bbox 2315 4738 2485 4798; x_wconf 89' lang='lat' dir='ltr'><strong>certe,</strong></span> <span class='ocrx_word' id='word_1_741' title='bbox 2520 4731 2620 4803; x_wconf 93' lang='lat' dir='ltr'>qui</span> <span class='ocrx_word' id='word_1_742' title='bbox 2645 4729 2824 4787; x_wconf 87' lang='lat' dir='ltr'><strong>solam</strong></span> <span class='ocrx_word' id='word_1_743' title='bbox 2849 4732 3171 4789; x_wconf 89' lang='lat' dir='ltr'><strong>admiretur</strong></span> <span class='ocrx_word' id='word_1_744' title='bbox 3191 4732 3561 4790; x_wconf 85' lang='lat' dir='ltr'><strong>Academiam</strong></span> <span class='ocrx_word' id='word_1_745' title='bbox 3585 4750 3676 4790; x_wconf 86' lang='lat' dir='ltr'><strong>re-</strong></span> 
     </span>
    </p>
   </div>
   <div class='ocr_carea' id='block_1_100' title="bbox 2029 4822 3678 4895">
    <p class='ocr_par' dir='ltr' id='par_1_100' title="bbox 2029 4822 3678 4895">
     <span class='ocr_line' id='line_1_100' title="bbox 2029 4822 3678 4895; baseline -0.001 -14"><span class='ocrx_word' id='word_1_746' title='bbox 2029 4824 2247 4894; x_wconf 87' lang='lat' dir='ltr'><strong>liquam</strong></span> <span class='ocrx_word' id='word_1_747' title='bbox 2279 4823 2527 4879; x_wconf 87' lang='lat' dir='ltr'><strong>Atticam</strong></span> <span class='ocrx_word' id='word_1_748' title='bbox 2560 4822 2826 4879; x_wconf 82' lang='lat' dir='ltr'><strong>hostilem</strong></span> <span class='ocrx_word' id='word_1_749' title='bbox 2846 4827 2902 4879; x_wconf 90' lang='lat' dir='ltr'>et</span> <span class='ocrx_word' id='word_1_750' title='bbox 2926 4823 3224 4880; x_wconf 89' lang='lat' dir='ltr'><strong>inimicam</strong></span> <span class='ocrx_word' id='word_1_751' title='bbox 3250 4823 3678 4895; x_wconf 86' lang='lat' dir='ltr'><strong>habeat,Athe-</strong></span> 
     </span>
    </p>
   </div>
   <div class='ocr_carea' id='block_1_101' title="bbox 2028 4911 3676 4986">
    <p class='ocr_par' dir='ltr' id='par_1_101' title="bbox 2028 4911 3676 4986">
     <span class='ocr_line' id='line_1_101' title="bbox 2028 4911 3676 4986; baseline 0 -16"><span class='ocrx_word' id='word_1_752' title='bbox 2028 4915 2263 4970; x_wconf 88' lang='lat' dir='ltr'><strong>nienses</strong></span> <span class='ocrx_word' id='word_1_753' title='bbox 2295 4929 2492 4968; x_wconf 88' lang='lat' dir='ltr'><strong>amare</strong></span> <span class='ocrx_word' id='word_1_754' title='bbox 2523 4911 2776 4968; x_wconf 88' lang='lat' dir='ltr'><strong>dicatur:</strong></span> <span class='ocrx_word' id='word_1_755' title='bbox 2812 4930 3000 4986; x_wconf 89' lang='lat' dir='ltr'><strong>neque</strong></span> <span class='ocrx_word' id='word_1_756' title='bbox 3024 4931 3156 4970; x_wconf 90' lang='lat' dir='ltr'>cum</span> <span class='ocrx_word' id='word_1_757' title='bbox 3189 4914 3444 4986; x_wconf 86' lang='lat' dir='ltr'><strong>reliquos</strong></span> <span class='ocrx_word' id='word_1_758' title='bbox 3468 4929 3676 4970; x_wconf 85' lang='lat' dir='ltr'><strong>omnes</strong></span> 
     </span>
    </p>
   </div>
   <div class='ocr_carea' id='block_1_102' title="bbox 2032 5001 3677 5075">
    <p class='ocr_par' dir='ltr' id='par_1_102' title="bbox 2032 5001 3677 5075">
     <span class='ocr_line' id='line_1_102' title="bbox 2032 5001 3677 5075; baseline -0.001 -15"><span class='ocrx_word' id='word_1_759' title='bbox 2032 5004 2302 5060; x_wconf 85' lang='lat' dir='ltr'><strong>ridendos</strong></span> <span class='ocrx_word' id='word_1_760' title='bbox 2332 5001 2826 5075; x_wconf 83' lang='lat' dir='ltr'><strong>proposuerimus,</strong></span> <span class='ocrx_word' id='word_1_761' title='bbox 2861 5007 2983 5058; x_wconf 89' lang='lat' dir='ltr'>tum</span> <span class='ocrx_word' id='word_1_762' title='bbox 3020 5001 3139 5059; x_wconf 82' lang='lat' dir='ltr'><strong>fore</strong></span> <span class='ocrx_word' id='word_1_763' title='bbox 3180 5003 3536 5074; x_wconf 88' lang='lat' dir='ltr'><strong>sperandum</strong></span> <span class='ocrx_word' id='word_1_764' title='bbox 3571 5007 3677 5073; x_wconf 86' lang='lat' dir='ltr'><strong>est,</strong></span> 
     </span>
    </p>
   </div>
   <div class='ocr_carea' id='block_1_103' title="bbox 2033 5091 3680 5163">
    <p class='ocr_par' dir='ltr' id='par_1_103' title="bbox 2033 5091 3680 5163">
     <span class='ocr_line' id='line_1_103' title="bbox 2033 5091 3680 5163; baseline -0.002 -13"><span class='ocrx_word' id='word_1_765' title='bbox 2033 5101 2096 5150; x_wconf 83' lang='lat' dir='ltr'>ut</span> <span class='ocrx_word' id='word_1_766' title='bbox 2125 5093 2422 5149; x_wconf 85' lang='lat' dir='ltr'><strong>Platonem</strong></span> <span class='ocrx_word' id='word_1_767' title='bbox 2458 5091 2774 5163; x_wconf 88' lang='lat' dir='ltr'><strong>quisquam</strong></span> <span class='ocrx_word' id='word_1_768' title='bbox 2817 5091 3155 5148; x_wconf 81' lang='lat' dir='ltr'><strong>admiretur.</strong></span> <span class='ocrx_word' id='word_1_769' title='bbox 3193 5092 3252 5147; x_wconf 90' lang='lat' dir='ltr'>Id</span> <span class='ocrx_word' id='word_1_770' title='bbox 3283 5092 3438 5146; x_wconf 89' lang='lat' dir='ltr'><strong>enim</strong></span> <span class='ocrx_word' id='word_1_771' title='bbox 3470 5107 3584 5146; x_wconf 89' lang='lat' dir='ltr'>non</span> <span class='ocrx_word' id='word_1_772' title='bbox 3619 5091 3680 5147; x_wconf 89' lang='lat' dir='ltr'>in</span> 
     </span>
    </p>
   </div>
   <div class='ocr_carea' id='block_1_104' title="bbox 2033 5179 3678 5252">
    <p class='ocr_par' dir='ltr' id='par_1_104' title="bbox 2033 5179 3678 5252">
     <span class='ocr_line' id='line_1_104' title="bbox 2033 5179 3678 5252; baseline -0.001 -12"><span class='ocrx_word' id='word_1_773' title='bbox 2033 5185 2313 5242; x_wconf 89' lang='lat' dir='ltr'><strong>honorem</strong></span> <span class='ocrx_word' id='word_1_774' title='bbox 2371 5180 2650 5250; x_wconf 88' lang='lat' dir='ltr'><strong>Platonis,</strong></span> <span class='ocrx_word' id='word_1_775' title='bbox 2710 5179 2814 5238; x_wconf 81' lang='lat' dir='ltr'>sed</span> <span class='ocrx_word' id='word_1_776' title='bbox 2869 5180 3117 5238; x_wconf 89' lang='lat' dir='ltr'><strong>aliorum</strong></span> <span class='ocrx_word' id='word_1_777' title='bbox 3164 5180 3360 5252; x_wconf 86' lang='lat' dir='ltr'><strong>potius</strong></span> <span class='ocrx_word' id='word_1_778' title='bbox 3417 5180 3678 5238; x_wconf 89' lang='lat' dir='ltr'><strong>omnium</strong></span> 
     </span>
    </p>
   </div>
   <div class='ocr_carea' id='block_1_105' title="bbox 1632 5351 2328 5412">
    <p class='ocr_par' dir='ltr' id='par_1_105' title="bbox 1632 5351 2328 5412">
     <span class='ocr_line' id='line_1_105' title="bbox 1632 5351 2328 5412; baseline -0.003 -4"><span class='ocrx_word' id='word_1_779' title='bbox 1632 5353 1876 5412; x_wconf 63' lang='lat' dir='ltr'>VARIxE</span> <span class='ocrx_word' id='word_1_780' title='bbox 1919 5351 2328 5410; x_wconf 85' lang='lat' dir='ltr'>LECTIONES.</span> 
     </span>
    </p>
   </div>
   <div class='ocr_carea' id='block_1_106' title="bbox 352 5481 1752 5559">
    <p class='ocr_par' dir='ltr' id='par_1_106' title="bbox 352 5481 1752 5559">
     <span class='ocr_line' id='line_1_106' title="bbox 352 5481 1752 5559; baseline -0.008 -15"><span class='ocrx_word' id='word_1_781' title='bbox 352 5487 397 5525; x_wconf 80' lang='grc'>⁸⁸</span> <span class='ocrx_word' id='word_1_782' title='bbox 427 5489 561 5544; x_wconf 83' lang='lat' dir='ltr'><strong>libri</strong></span> <span class='ocrx_word' id='word_1_783' title='bbox 597 5481 840 5559; x_wconf 51' lang='grc' dir='ltr'>μέλλειν.</span> <span class='ocrx_word' id='word_1_784' title='bbox 914 5485 960 5520; x_wconf 70' lang='grc'>⁸⁸</span> <span class='ocrx_word' id='word_1_785' title='bbox 987 5485 1204 5559; x_wconf 60' lang='lat' dir='ltr'><strong>rradd.</strong></span> <span class='ocrx_word' id='word_1_786' title='bbox 1376 5483 1420 5519; x_wconf 82' lang='grc'>⁸⁷</span> <span class='ocrx_word' id='word_1_787' title='bbox 1449 5482 1498 5558; x_wconf 88' lang='grc' dir='ltr'>γ’</span> <span class='ocrx_word' id='word_1_788' title='bbox 1540 5484 1752 5559; x_wconf 33' lang='grc' dir='ltr'>οωκᾼ.</span> 
     </span>
    </p>
   </div>
   <div class='ocr_carea' id='block_1_107' title="bbox 279 5555 1558 5631">
    <p class='ocr_par' dir='ltr' id='par_1_107' title="bbox 279 5555 1558 5631">
     <span class='ocr_line' id='line_1_107' title="bbox 279 5555 1558 5631; baseline -0.001 -19"><span class='ocrx_word' id='word_1_789' title='bbox 279 5558 448 5631; x_wconf 83' lang='grc' dir='ltr'>θείας]</span> <span class='ocrx_word' id='word_1_790' title='bbox 478 5555 935 5631; x_wconf 30' lang='grc' dir='ltr'>τῶνάληθῶνΑΑ.</span> <span class='ocrx_word' id='word_1_791' title='bbox 1038 5557 1083 5592; x_wconf 81' lang='grc'>⁹²</span> <span class='ocrx_word' id='word_1_792' title='bbox 1108 5555 1176 5631; x_wconf 44' lang='lat' dir='ltr'>“Eii</span> <span class='ocrx_word' id='word_1_793' title='bbox 1202 5557 1302 5631; x_wconf 70' lang='grc' dir='ltr'>τῇς</span> <span class='ocrx_word' id='word_1_794' title='bbox 1339 5555 1558 5631; x_wconf 34' lang='grc' dir='ltr'>ο-ιηίᾼ.</span> 
     </span>
    </p>
   </div>
   <div class='ocr_carea' id='block_1_108' title="bbox 278 5625 1550 5702">
    <p class='ocr_par' dir='ltr' id='par_1_108' title="bbox 278 5625 1550 5702">
     <span class='ocr_line' id='line_1_108' title="bbox 278 5625 1550 5702; baseline -0.002 -18"><span class='ocrx_word' id='word_1_795' title='bbox 278 5632 324 5668; x_wconf 69' lang='grc'>⁸⁸</span> <span class='ocrx_word' id='word_1_796' title='bbox 350 5625 506 5702; x_wconf 62' lang='grc' dir='ltr'>οἷον]</span> <span class='ocrx_word' id='word_1_797' title='bbox 522 5629 573 5682; x_wconf 82' lang='grc' dir='ltr'>οἳ</span> <span class='ocrx_word' id='word_1_798' title='bbox 607 5633 789 5702; x_wconf 54' lang='grc' dir='ltr'>ρηᾼ,</span> <span class='ocrx_word' id='word_1_799' title='bbox 822 5627 856 5697; x_wconf 79' lang='grc' dir='ltr'><strong>ἢ</strong></span> <span class='ocrx_word' id='word_1_800' title='bbox 890 5643 1036 5684; x_wconf 89' lang='lat' dir='ltr'><strong>corr.</strong></span> <span class='ocrx_word' id='word_1_801' title='bbox 1069 5696 1082 5702; x_wconf 27' lang='grc' dir='ltr'><strong>Δ</strong></span> <span class='ocrx_word' id='word_1_802' title='bbox 1190 5625 1450 5702; x_wconf 48' lang='lat' dir='ltr'><strong>deadd.</strong></span> <span class='ocrx_word' id='word_1_803' title='bbox 1483 5629 1550 5681; x_wconf 83' lang='lat' dir='ltr'><strong>A.</strong></span> 
     </span>
    </p>
   </div>
   <div class='ocr_carea' id='block_1_109' title="bbox 1832 5480 2166 5540">
    <p class='ocr_par' dir='ltr' id='par_1_109' title="bbox 1832 5480 2166 5540">
     <span class='ocr_line' id='line_1_109' title="bbox 1832 5480 2166 5540; baseline -0.003 -7"><span class='ocrx_word' id='word_1_804' title='bbox 1832 5480 1875 5516; x_wconf 79' lang='grc'>⁸⁸</span> <span class='ocrx_word' id='word_1_805' title='bbox 1906 5480 1957 5533; x_wconf 76' lang='grc' dir='ltr'>εί</span> <span class='ocrx_word' id='word_1_806' title='bbox 1983 5498 2066 5540; x_wconf 90' lang='grc' dir='ltr'>τις</span> <span class='ocrx_word' id='word_1_807' title='bbox 2099 5480 2166 5533; x_wconf 85' lang='grc' dir='ltr'><strong>Α.</strong></span> 
     </span>
    </p>
   </div>
   <div class='ocr_carea' id='block_1_110' title="bbox 1662 5549 2136 5642">
    <p class='ocr_par' dir='ltr' id='par_1_110' title="bbox 1662 5549 2136 5642">
     <span class='ocr_line' id='line_1_110' title="bbox 1662 5549 2136 5642; baseline 0.004 -37"><span class='ocrx_word' id='word_1_808' title='bbox 1662 5554 1708 5589; x_wconf 68' lang='grc'>9³</span> <span class='ocrx_word' id='word_1_809' title='bbox 1742 5549 2042 5642; x_wconf 76' lang='grc' dir='ltr'>μαρτυρίαν</span> <span class='ocrx_word' id='word_1_810' title='bbox 2073 5553 2136 5607; x_wconf 87' lang='grc' dir='ltr'>Α.</span> 
     </span>
     <span class='ocr_line' id='line_1_111' title="bbox 1662 5620 2083 5642; baseline 0 0"><span class='ocrx_word' id='word_1_811' title='bbox 1662 5623 1676 5642; x_wconf 71' lang='grc' dir='ltr'><strong>Ι</strong></span> <span class='ocrx_word' id='word_1_812' title='bbox 1779 5620 1855 5642; x_wconf 53' lang='grc' dir='ltr'>θλΊ</span> <span class='ocrx_word' id='word_1_813' title='bbox 1889 5640 1912 5642; x_wconf 73' lang='lat'>_</span> <span class='ocrx_word' id='word_1_814' title='bbox 1988 5623 2083 5642; x_wconf 59' lang='grc' dir='ltr'>ιη’-1</span> 
     </span>
    </p>
   </div>
   <div class='ocr_carea' id='block_1_111' title="bbox 1627 5620 2105 5695">
    <p class='ocr_par' dir='ltr' id='par_1_111' title="bbox 1627 5620 2105 5695">
     <span class='ocr_line' id='line_1_112' title="bbox 1627 5620 2105 5695; baseline 0 -18"><span class='ocrx_word' id='word_1_815' title='bbox 1627 5620 1855 5695; x_wconf 41' lang='grc' dir='ltr'>θδ-οὖδὲ]</span> <span class='ocrx_word' id='word_1_816' title='bbox 1888 5620 1942 5693; x_wconf 71' lang='lat' dir='ltr'><strong>p&#39;.</strong></span> <span class='ocrx_word' id='word_1_817' title='bbox 1979 5623 2105 5695; x_wconf 68' lang='lat'><strong>471.</strong></span> 
     </span>
    </p>
   </div>
   <div class='ocr_carea' id='block_1_112' title="bbox 2243 5472 3684 5604">
    <p class='ocr_par' dir='ltr' id='par_1_112' title="bbox 2243 5472 3684 5604">
     <span class='ocr_line' id='line_1_113' title="bbox 2243 5472 3684 5600; baseline 0.001 -70"><span class='ocrx_word' id='word_1_818' title='bbox 2243 5478 2290 5584; x_wconf 56' lang='grc' dir='ltr'>εἰ</span> <span class='ocrx_word' id='word_1_819' title='bbox 2320 5472 2364 5530; x_wconf 81' lang='grc' dir='ltr'>εἰ</span> <span class='ocrx_word' id='word_1_820' title='bbox 2399 5475 2519 5549; x_wconf 75' lang='grc' dir='ltr'>μὲν]</span> <span class='ocrx_word' id='word_1_821' title='bbox 2645 5476 2768 5534; x_wconf 80' lang='grc'>466.</span> <span class='ocrx_word' id='word_1_822' title='bbox 2845 5475 2891 5513; x_wconf 81' lang='grc'>⁹⁰</span> <span class='ocrx_word' id='word_1_823' title='bbox 2917 5495 2976 5530; x_wconf 90' lang='grc' dir='ltr'>τε</span> <span class='ocrx_word' id='word_1_824' title='bbox 3005 5493 3124 5535; x_wconf 87' lang='lat' dir='ltr'>om.</span> <span class='ocrx_word' id='word_1_825' title='bbox 3156 5483 3220 5534; x_wconf 83' lang='lat' dir='ltr'><strong>A.</strong></span> <span class='ocrx_word' id='word_1_826' title='bbox 3296 5477 3340 5515; x_wconf 81' lang='grc'>⁹¹</span> <span class='ocrx_word' id='word_1_827' title='bbox 3372 5481 3494 5567; x_wconf 43' lang='lat' dir='ltr'>sic</span> <span class='ocrx_word' id='word_1_828' title='bbox 3537 5473 3684 5545; x_wconf 54' lang='grc' dir='ltr'>ἀλλη-</span> 
     </span>
     <span class='ocr_line' id='line_1_114' title="bbox 2339 5545 3681 5604; baseline 0.002 -3"><span class='ocrx_word' id='word_1_829' title='bbox 2339 5545 2547 5604; x_wconf 56' lang='lat' dir='ltr'><strong>may</strong></span> <span class='ocrx_word' id='word_1_830' title='bbox 2587 5549 2887 5604; x_wconf 69' lang='lat'>010.474.</span> <span class='ocrx_word' id='word_1_831' title='bbox 2993 5547 3039 5583; x_wconf 70' lang='grc' dir='ltr'>θ’</span> <span class='ocrx_word' id='word_1_832' title='bbox 3105 5547 3168 5604; x_wconf 78' lang='grc' dir='ltr'>ἂν</span> <span class='ocrx_word' id='word_1_833' title='bbox 3227 5555 3316 5604; x_wconf 83' lang='grc' dir='ltr'>Δ;</span> <span class='ocrx_word' id='word_1_834' title='bbox 3369 5565 3395 5604; x_wconf 86' lang='grc' dir='ltr'>ο</span> <span class='ocrx_word' id='word_1_835' title='bbox 3474 5547 3534 5602; x_wconf 77' lang='grc' dir='ltr'>ἂν</span> <span class='ocrx_word' id='word_1_836' title='bbox 3596 5548 3681 5604; x_wconf 85' lang='lat' dir='ltr'>C&#39;.</span> 
     </span>
    </p>
   </div>
   <div class='ocr_carea' id='block_1_113' title="bbox 2181 5548 3681 5694">
    <p class='ocr_par' dir='ltr' id='par_1_113' title="bbox 2181 5548 3681 5694">
     <span class='ocr_line' id='line_1_115' title="bbox 2243 5548 3681 5622; baseline 0.003 -21"><span class='ocrx_word' id='word_1_837' title='bbox 2243 5550 2287 5584; x_wconf 70' lang='grc' dir='ltr'>οι</span> <span class='ocrx_word' id='word_1_838' title='bbox 2339 5548 2638 5621; x_wconf 63' lang='grc' dir='ltr'>ἀλλάγὰρ]</span> <span class='ocrx_word' id='word_1_839' title='bbox 2672 5565 2728 5620; x_wconf 82' lang='grc' dir='ltr'>ρ.</span> <span class='ocrx_word' id='word_1_840' title='bbox 2763 5549 2887 5605; x_wconf 76' lang='grc'>474.</span> <span class='ocrx_word' id='word_1_841' title='bbox 2993 5548 3039 5583; x_wconf 77' lang='grc' dir='ltr'>οε</span> <span class='ocrx_word' id='word_1_842' title='bbox 3105 5548 3168 5604; x_wconf 78' lang='grc' dir='ltr'>ἂν</span> <span class='ocrx_word' id='word_1_843' title='bbox 3227 5555 3316 5605; x_wconf 85' lang='lat' dir='ltr'><strong>A:</strong></span> <span class='ocrx_word' id='word_1_844' title='bbox 3369 5548 3415 5604; x_wconf 82' lang='grc' dir='ltr'>δ’</span> <span class='ocrx_word' id='word_1_845' title='bbox 3474 5548 3534 5602; x_wconf 78' lang='grc' dir='ltr'>ἃν</span> <span class='ocrx_word' id='word_1_846' title='bbox 3596 5548 3681 5622; x_wconf 78' lang='grc' dir='ltr'>ς.</span> 
     </span>
     <span class='ocr_line' id='line_1_116' title="bbox 2181 5615 3680 5694; baseline 0.003 -20"><span class='ocrx_word' id='word_1_847' title='bbox 2181 5615 2612 5694; x_wconf 32' lang='grc' dir='ltr'>θθμούδέΐρηκεν</span> <span class='ocrx_word' id='word_1_848' title='bbox 2646 5636 2764 5678; x_wconf 92' lang='lat' dir='ltr'>om.</span> <span class='ocrx_word' id='word_1_849' title='bbox 2797 5622 2865 5676; x_wconf 83' lang='lat' dir='ltr'><strong>A.</strong></span> <span class='ocrx_word' id='word_1_850' title='bbox 2943 5623 2960 5656; x_wconf 80' lang='grc'>¹</span> <span class='ocrx_word' id='word_1_851' title='bbox 2992 5615 3116 5694; x_wconf 79' lang='grc' dir='ltr'>ἐμοὶ</span> <span class='ocrx_word' id='word_1_852' title='bbox 3157 5623 3222 5676; x_wconf 85' lang='grc' dir='ltr'><strong>Α.</strong></span> <span class='ocrx_word' id='word_1_853' title='bbox 3300 5621 3322 5657; x_wconf 81' lang='grc'><em>²</em></span> <span class='ocrx_word' id='word_1_854' title='bbox 3358 5641 3411 5675; x_wconf 92' lang='grc' dir='ltr'>τι</span> <span class='ocrx_word' id='word_1_855' title='bbox 3459 5637 3582 5681; x_wconf 93' lang='lat' dir='ltr'>om.</span> <span class='ocrx_word' id='word_1_856' title='bbox 3613 5624 3680 5678; x_wconf 83' lang='grc' dir='ltr'>Α.</span> 
     </span>
    </p>
   </div>
   <div class='ocr_carea' id='block_1_114' title="bbox 281 5690 2536 5780">
    <p class='ocr_par' dir='ltr' id='par_1_114' title="bbox 281 5690 2536 5780">
     <span class='ocr_line' id='line_1_117' title="bbox 281 5690 2536 5780; baseline -0.004 -23"><span class='ocrx_word' id='word_1_857' title='bbox 281 5704 304 5739; x_wconf 81' lang='grc'><strong>³</strong></span> <span class='ocrx_word' id='word_1_858' title='bbox 335 5690 510 5777; x_wconf 74' lang='grc' dir='ltr'>οὕτοῖ]</span> <span class='ocrx_word' id='word_1_859' title='bbox 540 5690 786 5775; x_wconf 70' lang='grc' dir='ltr'>ι).ἰ¹ι85.⁷</span> <span class='ocrx_word' id='word_1_860' title='bbox 831 5690 856 5735; x_wconf 68' lang='grc' dir='ltr'>ί</span> <span class='ocrx_word' id='word_1_861' title='bbox 877 5719 962 5753; x_wconf 92' lang='grc' dir='ltr'>τοι</span> <span class='ocrx_word' id='word_1_862' title='bbox 1004 5696 1374 5780; x_wconf 83' lang='grc' dir='ltr'>φιλαθηναίου</span> <span class='ocrx_word' id='word_1_863' title='bbox 1405 5701 1454 5755; x_wconf 82' lang='grc' dir='ltr'><strong>Α</strong></span> <span class='ocrx_word' id='word_1_864' title='bbox 1484 5714 1499 5758; x_wconf 87' lang='lat'><strong>:</strong></span> <span class='ocrx_word' id='word_1_865' title='bbox 1531 5716 1584 5752; x_wconf 85' lang='grc' dir='ltr'>τι</span> <span class='ocrx_word' id='word_1_866' title='bbox 1615 5690 1983 5776; x_wconf 75' lang='grc' dir='ltr'>φιλαθηναῖον</span> <span class='ocrx_word' id='word_1_867' title='bbox 2177 5694 2198 5728; x_wconf 77' lang='grc'>⁸</span> <span class='ocrx_word' id='word_1_868' title='bbox 2227 5690 2286 5747; x_wconf 79' lang='grc' dir='ltr'>ἃν</span> <span class='ocrx_word' id='word_1_869' title='bbox 2319 5690 2536 5751; x_wconf 50' lang='grc' dir='ltr'>οωίΑ.</span> 
     </span>
    </p>
   </div>
  </div>
