4032 6226
462 298 618 358 1575

1657 293 1925 356 ΡΗΟΤῙΙ
1973 291 2497 353 PATRIABCH/E
2537 292 2658 353 CP.

3723 299 3853 358 l576

459 431 865 506 ignominiam,
910 435 1085 501 atque
1134 431 1278 486 adeo
1325 428 1580 485 Platonis
1628 428 1811 500 ipsius
1854 429 2101 485 cederet.

2220 424 2347 481 ἀλλ’
2378 423 2570 498 ἀτιμία
2606 428 2713 481 τῶν
2747 423 2934 481 ἄλλων
2988 425 3228 500 μᾶλλον,
3277 426 3477 506 σχεδὸν
3534 426 3595 484 δὲ
3646 450 3699 484 τι
3726 430 3749 463 ⁸
3787 431 3863 483 καὶ

459 523 605 578 Nam
643 538 776 578 cum
808 524 1083 592 putamus
1131 534 1265 575 eum
1317 535 1433 574 non
1466 534 1655 591 posse,
1689 519 1736 574 si
1783 518 1915 590 quis
1955 519 2103 575 alius

459 614 675 685 probus
706 610 1008 677 habeatur,
1057 611 1239 682 pluris
1280 611 1425 679 fieri,
1468 612 1584 667 tale
1610 611 1889 684 quiddam
1921 611 2103 669 effici-

459 718 611 757 mus.
644 699 842 770 Neque
872 700 1139 756 convenit
1169 707 1525 759 contractum
1559 718 1692 757 cum
1725 701 1855 757 aliis
1878 701 2101 771 odium,

456 788 591 843 ﬁdei
622 789 775 859 apud
816 790 963 846 alios
1007 791 1371 848 occasionem
1419 792 1535 846 fore
1573 791 1827 847 credere.
1873 791 2020 848 Nam
2053 790 2101 845 si

456 877 685 934 Platoni
710 894 824 934 non
853 878 1275 937 malefaciendo
1298 881 1554 936 debitam
1578 880 1719 935 viris
1740 880 1975 936 laudem
1998 879 2101 935 tri-

454 966 975 1037 buimus,nemini,
994 970 1187 1037 credo,
1215 969 1460 1025 facimus
1480 969 1927 1039 injuriam.Haec
1945 970 2100 1025 enim

457 1056 693 1127 politica
722 1063 881 1125 sunt,
913 1058 1171 1114 humana
1200 1076 1265 1115 ac
1296 1059 1409 1115 diis
1434 1059 1504 1114 ab
1528 1058 1685 1115 omni
1720 1075 1833 1114 aevo
1866 1059 2100 1130 placita.

456 1146 671 1202 Verum
695 1149 745 1203 si
767 1164 860 1204 res
885 1152 974 1204 est
996 1148 1261 1220 improba
1294 1148 1592 1220 tragcedia,
1617 1154 1791 1219 atque
1813 1148 2103 1220 improbo-

457 1252 587 1291 rum
630 1237 938 1293 hominum
985 1238 1293 1310 scriptum,
1334 1238 1466 1310 quis
1496 1242 1553 1293 te
1591 1239 1745 1293 dicat
1773 1253 1894 1293 esse
1922 1238 2103 1309 tragi-

454 1328 631 1383 cum?
655 1327 813 1391 Quod
850 1328 1006 1383 enim
1040 1329 1227 1384 437b
1255 1344 1493 1399 prorsus
1521 1332 1608 1384 est
1634 1331 1825 1398 turpe,
1858 1327 1917 1382 id
1941 1327 2102 1383 nullo

454 1416 627 1471 modo
661 1419 851 1486 potest
892 1415 1203 1472 honestum
1240 1415 1387 1470 fieri.
1443 1415 1661 1471 Deinde
1692 1432 1870 1486 negas
1897 1430 2101 1485 quem-

456 1520 631 1576 quam
665 1505 871 1561 debere
916 1505 1213 1577 improbos
1262 1505 1503 1573 imitari,
1537 1504 1623 1560 vel
1666 1505 1736 1560 ad
1769 1505 2098 1575 exemplum

455 1595 712 1651 deterius
750 1612 808 1651 se
848 1612 1224 1667 componere:
1270 1610 1374 1650 nec
1414 1595 1535 1667 ipse
1568 1595 1672 1650 hoc
1712 1594 1925 1665 ubique
1959 1611 2102 1664 prae-

364 1700 371 1707 ‘
454 1690 598 1749 stas,
630 1700 828 1739 verum
862 1685 1110 1740 imitaris
1135 1684 1458 1755 Sophistas,
1482 1684 1890 1756 sycophantas,
1925 1683 2102 1739 Thra-

2217 515 2383 569 αὐτοῦ
2442 513 2755 577 Πλάτωνος.
2813 516 2883 569 Τὸ
2941 516 3048 589 γὰρ
3077 519 3097 553 ⁷
3137 518 3380 591 ἡγεῖσθαι
3420 522 3690 593 χρηστοῦ
3737 540 3864 579 τινος

2214 601 2390 659 ἄλλου
2420 606 2699 677 κριθέντος
2736 606 2812 678 μή
2855 604 2989 659 εἶναι
3023 605 3203 678 τούτῳ
3227 606 3482 669 πλείονος
3516 608 3660 680 ﬂigi
3706 607 3862 679 δόξαι,

2212 698 2327 755 πῶς
2369 692 2431 750 οὐ
2496 693 2743 749 τοιοῦτόν
2795 694 2972 765 ὲστινς
3041 695 3114 749 Οὐ
3183 693 3311 750 δεῖ⁸
3359 698 3457 766 τήν
3499 698 3645 773 πρὸς
3698 697 3863 760 τοῦς⁹

2214 782 2427 858 ἑτέρους
2480 784 2773 858 ἂπέχθειαν
2823 784 3064 856 νομίζειν
3113 784 3371 863 ἀφορμὴν
3423 793 3526 855 τῆς
3564 787 3707 859 πρὸς
3744 791 3861 849 τοὺς

2214 873 2426 948 ἑτέρους
2486 874 2717 936 πίστεως
2772 875 2931 933 εἶναι.
2992 875 3054 931 Εἰ
3104 877 3210 950 γὰρ
3249 880 3351 931 τοῦ
3384 877 3428 911 ίο
3459 873 3732 931 Πλάτωνα
3761 898 3859 931 κα-

2212 963 2304 1018 κόν
2358 985 2409 1018 τι
2460 961 2639 1039 λέγειν
2687 965 2965 1043 ἀφιέμενοι
3022 970 3141 1027 τοῖς
3197 963 3426 1039 ἀνδράσι
3484 966 3546 1019 τὰ
3582 967 3856 1039 πρέποντα

2214 1050 2590 1126 ἀπεδώκαμεν,
2643 1052 2739 1108 οὐκ
2795 1050 3116 1127 ἀδικοῦμεν,
3170 1055 3349 1128 οἶμαιο
3414 1059 3576 1109 ταῦτα
3630 1056 3731 1131 γτὶρ
3760 1057 3854 1110 καὶ

2214 1142 2474 1199 πολιτικᾶ
2520 1150 2565 1183 ¹¹
2617 1146 2707 1199 καὶ
2759 1144 3064 1220 ἀνθρώπινα
3112 1145 3200 1200 καὶ
3254 1149 3399 1208 θεοῖς
3436 1148 3740 1221 ἃρὲσκοντα
3806 1146 3860 1202 ἐκ

2213 1236 2308 1288 τοῦ
2336 1235 2536 1295 παντὸς
2578 1235 2801 1309 χρόνου.
2846 1232 3003 1290 Ἀλλ’
3028 1235 3073 1269 ¹²
3121 1232 3176 1288 εἴ
3221 1236 3307 1290 τοί
3361 1256 3423 1308 γε
3460 1236 3679 1313 φαῦλόν
3722 1256 3779 1311 γε
3825 1238 3857 1303 ἡ

2210 1320 2492 1397 τραγῳδία
2547 1323 2637 1377 καὶ
2706 1321 2929 1395 φαύλων
2988 1322 3307 1397 ἀνθρώπων,
3368 1330 3487 1385 πῶς
3564 1346 3622 1378 σε
3684 1331 3864 1402 φῶμεν

2209 1408 2516 1485 τραγῳδίαν
2543 1416 2720 1466 ποιεῖν
2747 1438 2761 1482 ;
2793 1410 2856 1466 οὗ
2886 1410 2989 1487 γὰρ
3018 1413 3083 1467 τό
3124 1433 3187 1487 γε
3235 1411 3382 1474 ὅλως
3422 1413 3659 1489 αἰσχρὸν
3706 1412 3863 1468 οὖδα-

2215 1504 2329 1572 μῶς
2375 1493 2449 1554 ἔνι
2494 1497 2559 1571 δή
2606 1522 2709 1555 που
2758 1506 2984 1570 ποιῆσαι
3037 1500 3244 1563 καλῶς.
3299 1503 3399 1557 Καὶ
3445 1501 3637 1577 λέγεις
3667 1504 3762 1576 μὲν
3794 1504 3864 1564 ὡς

2212 1589 2272 1643 οὐ
2334 1592 2445 1665 χρὴ
2509 1593 2789 1663 μιμεῖσθαι
2828 1592 2956 1654 τοὺς
3004 1591 3245 1668 φαύλους
3306 1590 3422 1647 οὐδ’
3454 1594 3502 1629 ¹³
3559 1594 3860 1669 ἀφομοιῶν

2209 1684 2326 1740 τοῖς
2392 1679 2634 1754 χείροσιν
2668 1681 2734 1749 ¹⁴,
2785 1679 2944 1744 αὐτὸς
2992 1677 3038 1734 δ’
3077 1682 3142 1735 οὐ
3192 1682 3329 1735 πάνυ
3390 1685 3507 1756 χρῇ
3559 1682 3743 1754 τούτῳ
3776 1681 3862 1737 διὰ

454 1773 822 1846 symachum,
859 1789 1031 1844 quem
1068 1751 1237 1844 plane
1269 1751 1667 1844 impudentem
1702 1772 1882 1827 fuisse
1913 1772 2095 1835 aiunt,

2212 1751 2432 1838 τέλους-,ν
2482 1751 2625 1823 ἀλλὰ
2695 1772 2838 1843 μιμῇ
2899 1770 3181 1847 σοφιστὰς,
3248 1751 3442 1843 μιμῇᾐ
3481 1751 3857 1850 συκοφάντας,

453 1863 593 1934 quia
623 1878 922 1933 nunquam
954 1863 1210 1930 erubuit,
1257 1864 1558 1932 janitores,
1602 1878 1813 1934 pueros
1858 1868 2098 1916 cunctos

454 1952 717 2009 homines
741 1952 1026 2023 (98).Sed,
1043 1959 1102 2007 ut
1125 1952 1396 2019 arbitror,
1423 1953 1684 2008 Graecum
1706 1950 1895 2018 illum,
1912 1950 2097 2018 facile,

455 2044 798 2113 gratiosum,
822 2042 1048 2097 varium
1081 2059 1145 2097 ac
1177 2042 1458 2108 divinum,
1484 2042 1635 2110 quod
1666 2041 1739 2096 ad
1758 2040 1877 2095 haec
1905 2040 2102 2097 omnia

455 2136 512 2186 te
544 2132 724 2200 ducit,
769 2130 1090 2200 ingenium,
1142 2131 1304 2187 fateri
1336 2137 1391 2187 te
1423 2130 1598 2203 cogit,
1630 2131 1839 2187 horum
1872 2146 2104 2201 quoque

459 2220 691 2291 singula
720 2235 891 2275 suum
925 2221 1134 2277 habere
1166 2238 1339 2277 usum
1371 2238 1504 2276 cum
1547 2228 1800 2290 tempore
1831 2227 1885 2275 et
1915 2220 2104 2291 gratia

457 2309 866 2379 coniunctum.
896 2311 1085 2381 Atque
1137 2310 1245 2366 hos
1297 2326 1498 2366 omnes
1542 2308 1819 2379 voluptati
1869 2310 2105 2365 studere

455 2399 737 2456 affirmas.
784 2398 983 2454 Utrum
1026 2403 1080 2455 te
1117 2399 1297 2471 igitur
1342 2402 1559 2470 minus,
1608 2416 1680 2455 an
1730 2400 1883 2471 plus,
1927 2415 2103 2471 quam

456 2489 680 2553 deceat,
714 2504 929 2559 ponere
958 2489 1259 2545 dicemus?
1288 2490 1514 2545 Etenim
1554 2489 1837 2561 voluptati
1872 2504 2107 2560 quoque

460 2580 660 2649 poetas
691 2578 921 2632 studere
962 2577 1235 2632 creditur.
1282 2580 1646 2650 Quapropter
1684 2594 1816 2634 cum
1863 2578 1918 2632 id
1953 2578 2100 2647 quod

461 2666 855 2736 adjiciendum
887 2670 1009 2721 erat
1038 2666 1219 2737 (99-1)
1243 2668 1453 2735 aufers,
1480 2668 1677 2723 minus
1712 2683 1885 2737 quam
1918 2668 2105 2735 decet,

458 2756 626 2810 dicis.
660 2758 800 2811 Cum
837 2760 1032 2811 autem
1064 2772 1132 2811 ex
1161 2773 1226 2812 eo
1269 2756 1661 2814 adulationem
1694 2757 1809 2813 illis
1841 2757 2102 2829 impone-

457 2844 578 2911 bat,
613 2843 746 2916 plus
779 2845 1033 2916 profecto
1066 2861 1240 2917 quam
1272 2846 1680 2917 requirebatur
1712 2851 1808 2901 tua
1840 2845 2100 2901 contine-

454 2933 554 2989 bat
591 2935 796 2991 oratio.
846 2937 1080 2990 Poteras
1119 2935 1299 3001 enim,
1348 2936 1436 2991 vir
1484 2936 1777 3006 praeclare,
1826 2934 1999 2990 simul
2045 2939 2102 2989 et

445 3024 687 3092 juvenes
706 3025 775 3079 ad
798 3025 1096 3094 justitiam
1122 3025 1453 3093 confortari,
1479 3030 1535 3081 et
1566 3025 1893 3081 senioribus
1917 3037 2091 3080 suum

450 3113 725 3169 tribuere.
750 3114 972 3169 Etenim
997 3118 1061 3169 ut
1083 3113 1305 3169 laudari
1342 3131 1455 3169 non
1490 3114 1837 3187 potuissent,
1862 3102 2091 3170 silentio

450 3206 645 3259 tamen
674 3207 937 3274 poterant
960 3204 1258 3275 praeteriri,
1294 3205 1697 3274 neque'fueras
1724 3205 1796 3260 ob
1819 3212 1947 3259 eam
1972 3219 2094 3259 rem

454 3292 735 3348 rationem
806 3309 920 3346 non
990 3292 1300 3348 relaturum
1369 3293 1753 3348 accusandus.
1823 3293 1928 3347 Sed
1984 3305 2099 3347 non

454 3381 564 3436 hoc
587 3380 835 3451 aliquem
857 3382 927 3435 ad
953 3381 1415 3449 indignationem
1439 3385 1801 3437 commoveat
1829 3380 2105 3449 maxime,

456 3471 610 3544 quod
635 3470 793 3525 Plato
816 3469 1144 3524 Graecorum
1169 3469 1333 3524 facile
1366 3468 1656 3541 princeps,
1687 3474 1741 3524 et
1764 3469 1861 3542 qui
1894 3469 2104 3524 merito

454 3560 773 3633 plurimum
807 3557 918 3613 sibi
943 3558 1185 3623 tribuat,
1218 3559 1622 3629 magnitudine
1646 3562 1896 3629 quadam
1929 3563 1987 3613 et
2018 3558 2103 3612 in-

454 3648 609 3720 genii
632 3647 899 3703 libertate
923 3647 1210 3718 quosdam
1229 3662 1500 3702 accusare
1522 3646 1731 3714 voluit;
1757 3647 1852 3701 sed
1871 3650 1924 3701 et
1950 3647 2103 3717 quod

458 3736 723 3793 nonnulli
747 3735 967 3793 nullius
994 3736 1160 3807 pretii
1186 3736 1470 3805 homines,
1496 3736 1601 3791 hac
1624 3736 1926 3792 occasione
1944 3752 2105 3791 sum-

456 3830 576 3897 pta,
610 3841 725 3881 rem
754 3825 819 3879 in
838 3825 1322 3881 consuetudinem
1356 3824 1614 3891 trahunt,
1642 3831 1816 3895 atque
1839 3824 2013 3880 etiam
2037 3824 2109 3878 de

456 3913 865 3981 Demosthene,
886 3929 1056 3985 quem
1081 3929 1185 3985 ego
1209 3913 1477 3969 Mercurii
1498 3914 1636 3985 (2-3)
1661 3913 1970 3982 cujusdam
1994 3912 2109 3968 elo-

457 4003 689 4075 quentia
718 4003 843 4059 loco
878 4003 933 4057 in
986 4006 1173 4059 terras
1224 4002 1473 4058 arbitror
1518 4002 1914 4070 descendisse,
1962 4002 2105 4057 nihil

456 4110 574 4149 non
607 4092 826 4148 audent
856 4092 1098 4147 effutire.
1137 4090 1273 4156 Quis
1315 4108 1450 4147 vero
1481 4092 1636 4146 vivos
1669 4091 1775 4148 hos
1806 4092 1971 4162 ferat,
2004 4092 2105 4163 qui

453 4183 671 4255 saepius
702 4180 1096 4237 soloecismum
1130 4180 1505 4236 committunt
1545 4196 1718 4252 quam
1760 4180 2101 4253 loquuntur,

452 4274 597 4329 alios
619 4276 1022 4338 contemnunt,
1042 4276 1327 4343 quantum
1352 4275 1517 4327 erant
1535 4272 1644 4343 ipsi
1671 4272 2104 4339 contemnendi,

2212 1862 2358 1932 μιμῇ
2427 1858 2805 1933 [ἀναίσχυντον
2857 1860 2900 1895 ⁸⁸
2955 1859 3096 1913 πάνυ
3150 1860 3338 1914 τοῦτόν
3399 1862 3587 1936 φασιν]
3660 1865 3856 1935 Θρασύ-

2214 1967 2392 2022 μαχον
2444 1949 2535 2003 τὸν
2593 1940 2947 2003 οὐδεπώποτῖ
3002 1951 3045 1987 ⁸⁸
3097 1948 3507 2023 ἐρυθριάσαντα,
3556 1953 3843 2024 θυρωροὺς,

2213 2036 2421 2106 παιδία,
2495 2039 2722 2113 μυρίους
2757 2042 2821 2095 ιτ.
2882 2037 3043 2094 Ἀλλ’
3101 2039 3255 2112 οἶμαι
3326 2040 3389 2094 τὸ
3449 2047 3557 2109 τῆς
3653 2044 3843 2117 σῦσεως

2212 2127 2540 2198 Ἑλληνικὸν
2574 2129 2661 2182 καὶ
2695 2126 2924 2184 εὔκολον
2955 2129 3046 2183 καὶ
3080 2125 3271 2208 εὔχαρι
3321 2130 3413 2183 καὶ
3462 2130 3730 2186 ποικίλον
3776 2133 3858 2186 καὶ

2213 2220 2380 2288 θεῖον,
2433 2217 2514 2297 ἐφ’
2562 2218 2767 2272 ἅπαντα
2813 2221 2979 2272 ταῦτα
3030 2216 3157 2292 ἄγον
3210 2239 3286 2287 σε,
3354 2225 3515 2274 ποιεῖ
3570 2227 3860 2295 μαρτυρεῖν

2213 2306 2297 2361 ὅτι
2346 2306 2435 2361 καὶ
2483 2305 2690 2362 τούτων
2737 2307 2964 2361 ἑκάστου
3015 2308 3218 2381 χρῆσίς
3257 2307 3367 2362 ἐστι
3422 2311 3615 2384 καιρὸν
3668 2309 3868 2388 ἔχουσα

2211 2396 2301 2451 καὶ
2334 2396 2498 2471 χάριν
2531 2394 2771 2469 ἐμμελῆ.
2852 2396 2983 2450 Εἶτα
3026 2397 3073 2434 ¹⁸
3120 2396 3300 2472 λὲγεις
3340 2397 3422 2452 ὅτι
3471 2401 3668 2459 πάντες
3722 2401 3870 2455 οὗτοι

2212 2489 2312 2539 τοῦ
2353 2486 2397 2522 ¹⁹
2425 2485 2562 2559 πρὸς
2592 2483 2794 2555 ἡδονὴν
2828 2483 3169 2559 ἐξήρτηνται.
3204 2486 3373 2559 Πότερ
3409 2488 3456 2522 ²⁰
3498 2487 3593 2541 οὖν
3644 2510 3705 2543 σε
3759 2495 3868 2567 96:-

2218 2595 2311 2647 μεν
2343 2568 2566 2629 ἔλαττον
2596 2577 2691 2628 τοῦ
2724 2571 2940 2637 δὲοντος
2974 2571 3148 2650 λέγειν
3186 2576 3221 2645 ἢ
3254 2576 3423 2631 πλέον
3454 2595 3467 2645 ;
3504 2578 3593 2631 ὅτι
3629 2579 3729 2650 μὲν
3770 2579 3873 2653 γὰρ

2211 2662 2302 2718 καὶ
2332 2667 2428 2718 τοῦ
2460 2664 2594 2737 πρὸς
2626 2662 2827 2734 ἡδονήν
2862 2663 3239 2741 φροντίζουσιν
3268 2667 3321 2719 οἱ
3354 2668 3610 2736 ποιηταὶ,
3659 2666 3875 2740 ὁμολο-

2214 2757 2409 2828 γεῖται·
2474 2752 2602 2807 ὥσθ’
2670 2751 2795 2806 ὅσον
2866 2755 3176 2828 προσθεῖναι
3239 2759 3515 2829 προσῆκεν
3582 2759 3651 2825 ¹¹,
3725 2760 3877 2811 τοῦτ’

2213 2842 2429 2919 ἀφελὼν
2463 2840 2684 2897 ἔλαττον
2716 2844 2861 2917 παρὰ
2902 2845 3046 2898 τοῦτ’
3099 2842 3347 2919 ε’ίρηκας.
3395 2849 3521 2903 ’Ότι
3576 2844 3631 2900 δὲ
3681 2848 3873 2909 αὐτοῖς

2208 2930 2496 2987 κολακείαν
2540 2931 2893 3010 ἐπενηνόχεις
2941 2932 3000 2987 ἐκ
3052 2934 3246 2989 τούτον
3304 2937 3374 3003 εί,
3442 2940 3563 2997 πῶς
3602 2936 3702 2990 οὐκ
3759 2934 3867 3006 ἔξω

2209 3026 2306 3076 τοῦ
2346 3020 2560 3083 δέοντος
2611 3019 2856 3096 ε’ἰρηκας,
2897 3021 2932 3091 ἢ
2980 3026 3095 3084 πῶς
3144 3023 3205 3078 οὗ
3251 3024 3417 3098 ταύτῃ
3462 3023 3625 3079 πλέον
3656 3024 3726 3078 αὖ
3756 3030 3855 3077 τοῦ

2208 3109 2425 3174 δεοντὸς
2458 3111 2598 3167 ἐστιν
2640 3106 2784 3187 ἔχων
2818 3112 2845 3165 ὁ
2878 3110 3045 3186 λόγος
3070 3132 3083 3180 ;
3108 3114 3264 3184 Ἐξῆν
3298 3115 3344 3150 ²³
3370 3116 3485 3189 γαρ,
3519 3112 3564 3165 ὦ
3607 3118 3846 3186 γενναῖε,

2209 3201 2301 3255 καὶ
2357 3202 2484 3264 τοὺς
2540 3201 2691 3261 νέους
2750 3198 2992 3262 δικαίους
3044 3202 3177 3255 εἶναι
3236 3200 3533 3275 προτρέπειν
3578 3201 3858 3262 καὶτοῖς

2215 3287 2600 3364 πρεσϐυτέροις
2655 3290 2721 3345 τὰ
2780 3289 3052 3365 πρέποντα
3112 3289 3417 3347 ἀποδοῖιναι.
3471 3292 3577 3345 Καὶ
3633 3291 3751 3365 γὰρ
3818 3292 3868 3346 εἰ

2220 3379 2387 3454 μηδὲν
2422 3378 2653 3454 εἴχομεν
2688 3378 2923 3435 ἐπαινεῖν
2956 3380 3173 3451 αὐτοὺς,
3222 3379 3347 3435 ἀλλ’
3391 3379 3509 3451 ἐξῆν
3560 3401 3627 3456 γε
3679 3378 3869 3451 δήπου

2216 3474 2396 3544 σιωπῇ
2426 3468 2743 3545 παρελθεῖν,
2768 3470 2856 3523 καὶ
2888 3469 2985 3524 οὐκ
3016 3465 3249 3543 ἔμελλες
3281 3468 3543 3550 ὀφλήσειν
3577 3472 3755 3544 [1312

2216 3557 2465 3634 ἀλογίου.
2509 3558 2684 3617 Ἀλλᾶ
2713 3559 2813 3633 γὰρ
2844 3560 2957 3633 οὐχ
2986 3557 3066 3613 ὅτι
3099 3563 3144 3595 ut
3172 3559 3405 3615 Πλάτων
3445 3561 3472 3613 ὁ
3501 3564 3611 3613 τῖον
3654 3559 3870 3629 Ἐλλή-

2214 3671 2319 3703 νων
2369 3653 2626 3703 τοσοῦτον
2681 3647 2992 3723 ὑπερφέρων
3033 3650 3120 3703 καὶ
3176 3647 3403 3711 δικαίως
3468 3651 3735 3725 μέγιστον
3793 3650 3872 3725 ἐφ’

2215 3738 2387 3810 ἑαυτῷ
2447 3742 2657 3813 φρονῶν
2723 3738 3101 3815 κατηγορῆσαί
3158 3760 3320 3793 τινων
3390 3739 3594 3809 ἠξίωσε
3648 3741 3875 3816 μεγέθει

2214 3826 2317 3880 τινὶ
2346 3825 2435 3880 καὶ
2477 3826 2687 3897 ἐξουσίᾳ
2717 3826 2948 3899 φύσεως,
2982 3832 3141 3882 τοῦτο
3180 3828 3271 3882 καὶ
3323 3825 3548 3899 μάλιστ’
3597 3825 3657 3881 ἄν
3696 3830 3748 3863 35
3793 3850 3878 3892 τις

2213 3913 2651 3988 ἀγανακτήσειεν,
2687 3912 2812 3968 ἀλλ’
2854 3916 2936 3969 δτι
2976 3914 3064 3968 καὶ
3112 3918 3217 3969 τῶν
3265 3912 3474 3988 κομιδῇ
3522 3936 3664 3975 τινες
3716 3912 3885 3969 οὐδε-

2213 4002 2304 4067 νὸς
2350 4002 2508 4073 ἀξίων
2537 4003 2585 4039 ²⁶
2632 4003 2855 4079 ἀφορμῇ
2914 4004 3083 4077 ταύτῇ
3132 4008 3415 4078 χρῶμενοι
3478 4003 3717 4075 μελέτην
3751 4002 3873 4075 ἤδη

2211 4092 2273 4146 τὸ
2323 4097 2550 4166 πρᾶγμα
2597 4093 2941 4160 πεποίηνται,
2987 4092 3075 4146 καὶ
3116 4090 3364 4164 τολμῶσι
3415 4094 3503 4146 καὶ
3564 4092 3691 4162 περὶ
3756 4104 3879 4162 Δη-

2217 4178 2511 4250 μοσθένους
2567 4178 2646 4250 (ὃν
2708 4176 2813 4251 ἐγὼ
2869 4177 3029 4253 φαίην
3072 4177 3131 4231 ἂν
3190 4181 3396 4251 Ἑρμοῦ
3454 4178 3606 4240 τινὸς
3663 4177 3881 4252 λογίου

2212 4264 2379 4320 τύπον
2444 4265 2518 4325 εἰς
2576 4265 2891 4338 ἂνθρώπους
2948 4263 3247 4336 κατελθεῖν)
3307 4264 3337 4319 ὅ
3400 4287 3453 4320 τι
3512 4264 3578 4320 ἄν
3644 4267 3882 4340 τύχωσι

450 4364 510 4419 in
546 4370 785 4418 caeteros
839 4361 1180 4433 anquirunt,
1212 4360 1270 4416 in
1320 4377 1383 4416 se
1434 4377 1775 4431 nunquam:
1823 4361 2099 4416 virtutem

2221 4356 2586 4434 βλασφημεῖν.
2621 4356 2813 4411 Καίτοι
2842 4354 2923 4417 τίς
2957 4354 3018 4409 ἃν
3051 4354 3126 4416 εἰς
3173 4359 3377 4424 ζῶντας
3420 4353 3596 4410 τελῶν
3648 4355 3883 4410 τούτων

452 4451 756 4520 extollunt,
815 4468 929 4507 non
979 4454 1282 4517 exercent;
1340 4450 1470 4521 vagi
1530 4449 1952 4505 obambulant:
1987 4451 2102 4504 vita

449 4542 748 4599 simulacra
777 4546 1067 4597 carentum
1100 4541 1205 4611 (4);
1242 4538 1477 4595 Hesiodi
1508 4537 1645 4606 fuci,
1670 4537 2003 4594 Archilochi
2025 4538 2101 4593 si-

456 4632 606 4700 miae,
637 4631 867 4686 duabus
900 4631 1098 4685 formis
1136 4646 1236 4700 pro
1269 4628 1459 4684 tribus
1488 4643 1669 4683 vaccas
1701 4628 1927 4699 tragica
1948 4644 2097 4700 prte-

453 4722 580 4779 diti.
616 4721 721 4787 Qui
753 4737 884 4776 cum
908 4735 966 4775 se
996 4719 1120 4776 Jovi
1147 4724 1354 4789 negent
1382 4719 1601 4785 cedere,
1637 4716 1879 4789 pecunia
1911 4720 2097 4773 tanto-

451 4828 585 4885 pere
616 4812 952 4879 vincuntur,
984 4814 1041 4865 et
1071 4808 1201 4865 aliis
1232 4806 1649 4864 convitiantur:
1683 4822 1797 4862 non
1829 4806 1980 4878 quod
2007 4821 2095 4862 res

2211 4446 2540 4519 ἀνάσχοιτο;
2577 4441 2628 4498 οἳ
2657 4443 2835 4499 πλείω
2871 4445 2967 4518 μὲν
3000 4442 3401 4514 σολοικίζουσιν
3436 4448 3471 4515 ἢ
3504 4445 3886 4521 φθέγγονται,

2213 4535 2516 4609 ὑπερορῶσι
2576 4531 2631 4588 δὲ
2680 4537 2787 4588 τῶν
2837 4532 3025 4589 ἄλλων
3065 4534 3189 4589 ὅσον
3242 4534 3426 4595 αὐτοῖς
3497 4535 3888 4608 ὑπερορᾶσθαι

2206 4624 2491 4699 προσήκει.
2546 4621 2643 4678 Καὶ
2699 4624 2827 4687 τοὺς
2854 4625 2897 4659 ³⁷
2953 4623 3045 4696 μὲν
3077 4622 3284 4685 ἄλλους
3342 4622 3699 4693 ἐξετάζουσιν,
3764 4624 3882 4677 αὗ-

2203 4712 2333 4775 τοὺς
2384 4710 2440 4767 δὲ
2493 4710 2556 4767 οὐ
2609 4712 2831 4767 πώποτε
2887 4711 3122 4781 ἠξίωσαν
3152 4712 3216 4769 ⁸⁸,
3254 4713 3354 4769 Καὶ
3395 4711 3719 4785 σεμνύνουσι
3759 4712 3878 4785 μὶν

2204 4804 2303 4873 τὴν
2355 4802 2573 4877 ἀρετὴν,
2623 4800 2846 4856 ἀσκοῦσι
2897 4799 2943 4855 δ’
2980 4799 3061 4864 0‘3.
3119 4802 3505 4877 περιέρχονται
3555 4798 3613 4855 δὲ
3660 4799 3883 4863 ἄλλως

1800 4944 2045 5000 νΑΡιΙΑε
2088 4941 2499 5000 LECTIONES.

522 5059 542 5093 ⁸
573 5053 630 5111 δὲ
658 5058 732 5129 τι]
764 5049 1033 5129 δῖλὲτιλς.
1076 5050 1501 5129 Δξ’ῗγιὶρ-φῐηρ-ᾼ.

451 5199 623 5304 ρίους,
654 5197 845 5257 παιδία
1036 5196 1082 5236 ¹⁸
1112 5196 1251 5284 εἶτα]
1283 5214 1339 5269 p.
1374 5197 1499 5251 491.
1576 5195 1745 5249 1θ’·ἐοῦ
1776 5212 1892 5251 om.
1936 5197 2005 5251 A.

474 5271 495 5305 8
525 5268 666 5305 12:..1
701 5291 733 5305 ,η
788 5275 891 5305 mn
989 5270 1037 5305 24
1066 5267 1171 5305 mh.
1207 5270 1312 5305 λφὶι
1346 5267 1471 5305 m’w:
1507 5270 1538 5305 Δ
1644 5268 1692 5302 25
1722 5265 1782 5305 2η.
1813 5284 1903 5305 nm
1973 5269 2000 5305 Δ

522 5059 542 5093 ⁸
573 5053 630 5111 δὲ
658 5058 732 5129 τι]
764 5052 809 5110 δ’
839 5049 917 5109 ἔτι
1107 5054 1126 5090 ⁷
1157 5050 1259 5129 γὰρ
1290 5070 1404 5109 om.
1441 5057 1501 5109 Α.
1606 5053 1627 5088 ⁸
1660 5050 1723 5105 οὐ
1760 5048 1862 5122 δεῖ]
1895 5068 1951 5124 p.
1990 5052 2109 5107 486.
2213 5051 2234 5085 ⁹
2262 5049 2388 5110 τοὺς
2430 5066 2459 5106 ο

452 5146 569 5217 om.
618 5132 683 5186 Α.
719 5124 939 5248 “fing
973 5144 1029 5200 p.
1063 5126 1189 5217 118?.
1267 5125 1312 5160 “
1342 5123 1479 5181 οὐδ’.
1557 5125 1604 5162 ¹⁴
1634 5122 1875 5208 χείροσιν
1909 5140 2028 5181 om.
2059 5125 2123 5180 A.
2204 5121 2249 5208 ‘45
2278 5120 2459 5193 ἀναίσ)

459 5217 623 5248 οιους-
654 5218 845 5248 mxima
942 5241 954 5248 .
1036 5196 1082 5236 ιδ
1112 5199 1251 5248 ειταῖ
1283 5214 1339 5248 n.
1374 5197 1499 5248 491.
1576 5195 1621 5231 ιθ
1648 5215 1745 5248 του
1776 5212 1892 5248 om.
1936 5197 2005 5248 A.
2085 5193 2132 5228 2°
2159 5211 2387 5248 ποτεοον
2422 5198 2459 5248 Δ

2159 5211 2387 5265 ποτερον
2422 5211 2481 5265 a.

2751 5049 2795 5084 ³ο
2821 5050 2920 5102 τοῦ
2946 5052 2988 5103 Δ
3024 5066 3037 5104 :
3068 5048 3159 5104 τὸν
3303 5115 3314 5122 _
3338 5047 3417 5122 ’ξι
3448 5048 3534 5101 καὶ
3582 5042 3895 5108 πολιτικὶ

2712 5140 2869 5197 φασιν
2899 5137 3017 5198 om.
3042 5127 3117 5198 _A.
3145 5195 3151 5198 _
3196 5114 3237 5157 ﬁ
3265 5114 3523 5198 0:339:01:
3552 5123 3621 5176 A.
3658 5122 3713 5156 ‘7
3777 5147 3899 5198 μυ·-

2558 5192 2600 5266 9
2634 5190 2927 5266 προσῆκεν]
2955 5193 3097 5266 πρὸς
3125 5195 3189 5249 Α.
3229 5190 3558 5266 ῌ²²μςτοῦτου
3621 5198 3735 5248 τοῦ
3777 5190 3896 5255 Ἀ.

2213 5051 2234 5085 ⁹
2262 5049 2388 5110 τοὺς
2430 5066 2547 5106 om.
2579 5050 2645 5105 A.

2204 5121 2249 5194 ‘3"
2278 5120 2495 5194 ἀναίσχ.
2528 5140 2588 5194 π.
2628 5140 2678 5175 τ.

525 5260 666 5344 ἐξῆν]
701 5291 757 5345 ρ.
787 5260 914 5329 51οἶ
989 5270 1037 5305 ²⁴
1066 5267 1177 5344 οὐχ
1207 5260 1312 5339 δ’τὶ]
1346 5267 1475 5342 οὗγὶ
1503 5270 1567 5324 Α.
1644 5268 1692 5302 ³⁵
1722 5265 1782 5321 ἃν
1813 5284 1929 5325 om.
1964 5269 2031 5323 A.
2111 5264 2157 5300 ²⁶
2186 5260 2347 5336 ἀξίων
2390 5260 2612 5327 οὐδενὸς
2806 5263 2852 5299 ³⁷
2882 5260 2971 5318 καὶ
3001 5260 3149 5325 τούς.
3225 5263 3269 5299 ²⁸
3313 5262 3548 5333 ἠξίωσαν
3602 5282 3739 5323 om.
3807 5273 3895 5325 Α,

2033 5384 2268 5441 NOTAE.

488 5499 641 5629 “32)
668 5500 930 5559 Audaces
978 5504 1052 5560 ad
1100 5502 1246 5560 ostia
1291 5502 1585 5574 ponimus,
1640 5508 1697 5557 ut
1746 5500 1947 5558 fideles
1996 5516 2096 5557 cu-

513 5589 543 5627 o
607 5589 672 5627 .s.
1762 5610 1767 5613 .

453 5589 672 5631 ειοαοε.

711 5643 1022 5715 Oportebat
1051 5645 1207 5703 enim
1238 5646 1486 5718 adjicere
1514 5610 1865 5703 sectantibus.

2277 5497 2437 5642 22-321
2452 5497 2773 5582 Mercurius
2794 5498 2935 5557 alter
2966 5498 3253 5571 proverbii
3285 5498 3478 5571 specie
3497 5515 3664 5573 supr.
3694 5501 3903 5559 Phot.

2307 5570 2358 5641 4)
2444 5585 2559 5625 om.
2599 5570 2754 5628 Iliad.
2788 5572 2849 5642 ψ.

2307 5570 2358 5641 4)
2394 5570 2559 5626 Hom.
2599 5570 2754 5628 Iliad.
2788 5572 2849 5644 ψ.
