4032 6226
207 337 359 401 1577

1294 331 1832 396 BIBLIOTHECA.
1884 361 1957 373 —-
1999 327 2174 389 COD.
2224 329 2586 392 CCXLVIII.

3459 337 3615 398 1578

210 471 422 545 βροτῶν
455 465 662 524 εἷ’δωλα
699 464 1008 537 καμόντων,
1034 463 1286 523 Ἠσιόδου
1329 473 1593 546 κηφῆνες,
1651 465 1852 540 Ἀρχι-

1988 480 2124 534 psas
2154 467 2618 534 condemnarint,
2641 469 2740 525 sed
2771 469 2908 541 quia
2937 486 3070 526 cum
3103 473 3264 544 paria
3285 475 3472 532 facere
3493 491 3613 532 non

209 557 390 638 λόχου
448 557 696 630 πίθηκοι,
757 555 852 613 δύο
912 558 1125 637 μορφὰς
1200 553 1418 633 ἔχοντες
1494 557 1608 612 ἀντὶ
1689 558 1852 630 τριῶν

209 656 311 719 τῆς
341 654 608 724 τραγικῆς
642 649 792 723 βοός.
819 647 888 704 Οἳ
925 651 1024 702 τοῦ
1077 649 1172 722 μὲν
1220 649 1342 710 Διὸς
1377 650 1497 722 [711
1541 648 1654 721 Η.]
1702 643 1854 700 οὐδὲν

210 737 437 814 χείρους
469 737 626 812 φασὶν
651 737 806 808 εἶναι,
831 740 927 792 τοῦ
959 733 1015 792 δὲ
1069 733 1274 793 ὀϐολοῦ
1325 741 1586 792 τοσοῦτον
1643 739 1858 806 ἡττῶν-

212 846 323 884 ται⁶
369 825 691 896 ὀνειδίζουσι
724 824 779 881 δὲ
808 832 926 889 τοῖς
965 825 1162 891 ἄλλοις
1192 828 1259 899 ³9,
1293 826 1355 882 οὐ
1385 831 1492 881 τῶν
1521 827 1857 901 πραγμάτων

212 917 640 992 κατεγνωκότες,
706 915 851 972 ἀλλὰ
909 917 1228 996 φθονοῦντες
1309 918 1392 972 ὅτι
1469 915 1619 972 αὐτοὶ
1696 919 1863 970 ταῦτα

213 1008 468 1082 πράττειν
497 1007 544 1043 ³ο
595 1003 656 1060 οῦ
707 1001 980 1062 δύνανται.
1031 1004 1097 1062 Εἴ
1143 1004 1200 1060 δέ
1241 1027 1325 1068 τις
1383 1006 1558 1062 αὐτῶν
1611 1004 1735 1079 περὶ
1765 1009 1865 1070 τῆς

215 1095 530 1173 ἐγκρατείας
618 1092 1026 1171 διαλεγομένων
1102 1095 1403 1169 ἀπαντικρὺ
1490 1094 1647 1165 σταίη
1717 1090 1863 1169 ἔχων

217 1182 484 1262 ἔνθρυπτα
535 1185 624 1239 καὶ
679 1185 999 1259 στρεπτοὺς,
1059 1180 1393 1240 ἐκϐάλλουσι
1449 1186 1548 1253 τήν
1617 1184 1868 1260 γλῶτταν

219 1275 402 1352 ὥσπερ
468 1277 495 1330 6
554 1271 836 1336 Μενέλεως
893 1275 956 1329 τὸ
1000 1275 1172 1352 ξίφος.
1234 1273 1413 1344 Δύτήν
1474 1275 1566 1344 μὲν
1622 1274 1725 1347 γὰρ
1777 1271 1866 1327 ἐὰν

230 1364 389 1422 ἴδωσι
443 1366 543 1434 τήν
596 1363 840 1435 Ἑλένην,
888 1361 1116 1436 Ἑλένην
1185 1364 1368 1439 λέγωί
1403 1365 1724 1439 θεράπαιναν
1773 1364 1866 1436 μὲν

223 1454 316 1514 οῦν
377 1455 567 1510 ὁποίαν
621 1453 844 1524 ἐποίησε
901 1451 1207 1528 Μένανδρος
1285 1456 1385 1524 τήν
1452 1454 1712 1528 Φρυγίαν,
1792 1457 1871 1524 τῷ

222 1546 332 1602 ὅντι
363 1541 582 1600 παιδιὰν
641 1542 1000 1621 ἀποφαίνουσι
1049 1542 1176 1606 τοῦς
1217 1543 1493 1618 Σατύρους
1542 1547 1639 1598 τοῦ
1693 1549 1870 1620 Σοφοο

224 1635 444 1699 κλέους.
512 1632 654 1692 Ο’ί³¹
702 1637 781 1706 τῷ
850 1633 946 1706 μὲν
998 1633 1312 1708 ἀποστερεῖν
1373 1639 1653 1688 κοινωνεῖν
1700 1626 1871 1705 ὄνομα

222 1729 480 1798 τίθενται,
537 1731 616 1799 τῷ
657 1723 714 1781 δέ
768 1727 982 1801 φθονεῖν
1051 1724 1392 1803 φιλοσοφεῖν,
1423 1731 1502 1798 τῷ
1568 1723 1614 1780 δ’
1654 1727 1873 1800 ἀπορεῖν

1966 555 2217 626 possint,
2263 557 2544 615 invident.
2579 558 2741 622 Quod
2787 558 2838 615 si
2896 560 3050 616 488
3094 577 3127 617 a
3177 562 3309 634 quis
3350 564 3499 636 ipsis
3541 566 3612 623 de

1968 645 2324 702 continentia
2361 648 2803 720 disputantihus
2861 651 3163 720 oppositus
3210 651 3504 722 placentas
3535 655 3611 725 (5)

1969 735 2238 790 ostendat
2295 741 2350 791 et
2400 736 2660 804 monilia,
2704 737 2965 809 linguam
3016 738 3355 806 demittunt,
3389 746 3452 796 ut
3507 759 3613 798 en-

1969 839 2094 878 sem
2138 825 2434 881 Menelaus
2465 827 2564 896 (6).
2595 825 2738 882 Nam
2798 827 2848 882 si
2907 825 3186 882 Helenam
3235 828 3468 884 videant
3525 831 3613 900 ip-

1972 928 2123 981 sam,
2166 913 2445 970 Helenam
2507 915 2747 971 auteml
2806 917 2855 972 si
2913 915 3001 972 vel
3052 916 3324 972 ancillam
3381 918 3615 988 qualem

1975 1002 2140 1058 ﬁnxit
2169 1002 2486 1059 Menander
2527 1005 2859 1077 Phrygiam,
2903 1006 3205 1076 SOphoclis
3253 1012 3478 1078 satyros
3525 1024 3618 1063 re-

1975 1108 2111 1148 vera
2138 1109 2240 1165 pro
2274 1094 2498 1150 ludicro
2556 1100 2767 1151 curant
2795 1095 3022 1152 haberi.
3087 1097 3195 1160 Qui
3239 1097 3619 1168 privationem

1975 1190 2182 1238 vocant
2211 1183 2685 1240 communionem
2714 1186 2840 1256 (7);
2898 1184 3178 1242 invidiam
3238 1189 3432 1242 autem
3492 1185 3620 1256 phi-

1977 1271 2320 1341 losophiam,
2389 1276 2446 1327 et
2520 1273 2776 1344 inopiam
2855 1275 3112 1344 pecuniae
3197 1279 3622 1346 contemptum.

1978 1360 2121 1415 Cum
2181 1365 2372 1416 autem
2457 1361 2887 1419 humanitatem
2963 1364 3364 1435 proﬁteantur,
3436 1364 3624 1420 nemi-

1981 1475 2114 1515 nem
2151 1461 2434 1531 juverunt
2465 1477 2751 1534 unquam,
2784 1470 2838 1517 et
2869 1463 2966 1533 qui
2997 1463 3178 1518 voluit
3216 1463 3360 1534 ipsis
3392 1463 3495 1529 uti,
3527 1479 3626 1518 eos

1981 1549 2283 1605 infestant.
2318 1550 2384 1604 Et
2435 1549 2581 1606 alios
2611 1551 2848 1621 quidem
2898 1552 2991 1607 vix
3047 1557 3417 1608 occurrentes
3467 1552 3630 1623 aspi-

1981 1638 2164 1707 ciunt,
2195 1639 2442 1695 divitum
2503 1643 2698 1696 autem
2732 1641 2921 1710 gratia
2966 1642 3038 1696 ad
3072 1641 3217 1698 ﬁnes
3250 1641 3502 1714 regionis
3532 1657 3628 1697 oc-

1983 1733 2252 1796 currunt,
2275 1729 2774 1800 quemadmodum
2796 1731 3056 1803 Prhyges
3078 1737 3313 1805 propter
3332 1733 3511 1789 oleas.
3536 1733 3632 1788 Et-

228 1819 493 1893 ὑπερορᾷν
527 1815 857 1896 χρημάτων.
892 1815 1397 1893 Ἐπαγγελλόμενοι
1445 1813 1502 1870 δὲ
1559 1815 1868 1893 φιλανθρω-

1988 1821 2140 1878 enim
2173 1819 2233 1875 hi
2263 1823 2420 1886 sunt,
2457 1819 2557 1890 qui
2589 1819 3013 1891 impudentiam
3033 1826 3091 1877 et
3109 1822 3392 1878 offensam
3427 1829 3632 1893 putant

226 1909 353 1965 πίαν
392 1906 601 1977 ὤνησαν
653 1905 751 1979 μὶν
782 1903 974 1962 οὐδένα
1011 1907 1257 1977 πώποτε,
1284 1905 1643 1981 ἐπηρεάζουσι
1669 1903 1726 1960 δὲ
1753 1911 1870 1970 τοῖς

224 1997 567 2078 χρωμένοις.
628 1996 731 2052 Καὶ
787 1996 914 2058 τοὺς
976 1993 1068 2068 μὲν
1138 1991 1346 2057 ἄλλους
1378 1993 1490 2050 οὐδ’
1519 1995 1871 2058 ἀπαντῶντας

228 2089 419 2164 ὁρῶσι,
475 2091 585 2142 τῶν
647 2083 703 2140 δὲ
767 2085 1049 2141 πλουσίων
1097 2084 1248 2142 ἓνεκα
1316 2087 1390 2148 είς
1447 2089 1547 2157 τήν
1581 2087 1872 2163 υπεροριάν

227 2178 574 2253 ἀπαίρουσιν,
618 2176 800 2249 ὥσπερ
847 2178 897 2230 οἱ
958 2177 1169 2252 Φρύγες
1229 2176 1279 2231 οἱ
1318 2177 1425 2232 τῶν
1472 2175 1668 2232 ἐλαιῶν
1720 2175 1876 2233 ἓνὲκα

226 2274 327 2337 τῆς
352 2266 654 2341 συλλογῆς,
679 2264 733 2322 ο’ί
764 2267 855 2321 καὶ
887 2266 934 2302 ³²
965 2268 1296 2341 προσιόντων
1333 2268 1488 2329 εὐθὺς
1517 2267 1799 2344 ὤσφροντο
1829 2269 1876 2303 ³³

229 2355 396 2414 Οὗτοι
427 2356 474 2390 ⁸⁴
533 2354 636 2432 γάρ
685 2356 731 2391 ⁸⁸
779 2354 911 2410 εἰσιν
953 2357 1002 2410 οἱ
1051 2357 1151 2424 τήν
1184 2356 1277 2428 μὲν
1308 2354 1687 2431 ἀναισχυντίαν
1720 2353 1875 2411 ἐλευ-

231 2443 412 2520 θερίαν
470 2445 814 2518 νομίζοντες,
872 2445 934 2500 τὸ
993 2443 1041 2500 δ’
1107 2445 1502 2520 ἀπεχθάνεσθαι
1560 2445 1878 2522 παρῥησια-

231 2535 436 2604 ζεσθαι,
502 2532 565 2587 τὸ
633 2530 692 2587 δὲ
776 2528 1080 2606 λαμϐάνειν
1139 2531 1702 2610 φιλανθρωπεύεσθαι.
1781 2534 1874 2596 Εἷς

227 2622 378 2678 τοῦθ’
407 2623 453 2659 ³⁸
492 2621 689 2691 ἥκουσι
719 2627 817 2691 τῆς
874 2623 920 2658 ³⁷
969 2620 1182 2700 σοφίας,
1229 2621 1369 2678 ὥστε
1413 2621 1670 2697 ἀργύριον
1705 2624 1800 2695 μὲν
1831 2624 1876 2671 .3'

232 2711 294 2768 οὐ
353 2712 704 2786 πράττονται,
756 2710 1015 2785 ἀργυρίου
1075 2712 1121 2746 ³9
1179 2708 1222 2765 δ’
1265 2712 1309 2748 ⁴⁰
1367 2710 1528 2784 ἀξίως
1579 2706 1876 2784 λαμϐάνειν

232 2801 564 2860 ἐπίστανται.
625 2800 734 2858 Κᾶν
807 2801 904 2874 μὶν
967 2822 1028 2876 γε
1077 2800 1222 2879 τύχῃ
1254 2823 1337 2862 τις
1368 2797 1592 2857 ἔλαττον
1633 2800 1876 2876 πέμψας,

226 2891 501 2966 ἐνέμειναν
555 2893 634 2961 τῷ
683 2887 940 2966 δόγματι⁶
984 2889 1042 2944 ἃν
1077 2887 1134 2944 δὲ
1184 2887 1471 2964 ἁδρότερον
1501 2890 1564 2945 τὸ
1585 2890 1629 2927 ⁴¹
1658 2890 1876 2946 σακκίον

231 2981 418 3041 αὐτοῖς
451 2980 497 3014 ⁴²
543 2981 705 3056 φανῇ,
753 2977 991 3054 Γοργόνα
1023 2977 1253 3053 Περσεὺς
1284 2977 1637 3053 ἐχειρώσατο.
1673 2981 1801 3041 Τοῖς
1833 2981 1879 3016 ⁴³

233 3068 286 3124 ἦν
346 3065 683 3141 Παλαιστίνῃ
723 3062 999 3122 δυσσεϐέσι
1057 3065 1416 3140 παραπλήσια
1463 3069 1589 3130 τοὺς
1620 3071 1876 3144 τρόπους.

232 3156 338 3215 Καὶ
385 3158 489 3232 γὰρ
538 3156 760 3219 ἐκείνοις
827 3157 972 3212 τυῦτ’
1029 3152 1140 3212 ἔστι
1198 3151 1476 3230 σύμϐολον
1530 3161 1629 3224 τῆς
1688 3156 1876 3214 δυσσε-

232 3241 404 3315 ϐείας,
463 3244 547 3298 ὅτι
601 3245 729 3305 τοὺς
780 3243 1056 3318 κρείττους
1125 3243 1186 3299 ob
1226 3245 1532 3318 νομίζουσι·
1593 3248 1682 3303 καὶ
1727 3247 1877 3303 οὗτοι

233 3332 437 3408 τρόπον
470 3333 588 3386 τινὰ
620 3333 876 3406 ἀφεστᾶσι
909 3336 1018 3388 τῶν
1072 3333 1381 3405 Ἑλλήνων,
1419 3333 1632 3406 μᾶλλον
1694 3333 1751 3390 δὲ
1798 3336 1890 3391 καὶ

236 3422 454 3477 πάντων
494 3423 602 3474 τῶν
647 3422 973 3494 κρειττόνων
1028 3423 1094 3490 “,
1126 3424 1192 3476 τὰ
1243 3423 1336 3494 μὲν
1375 3421 1521 3478 ἄλλα
1552 3425 1887 3500 ἀφωνότεροι

235 3516 338 3578 τῆς
407 3513 557 3569 σκιᾶς
615 3513 715 3577 τῆς
774 3509 998 3577 ἑαυτῶν,
1075 3507 1287 3564 ἐπειδὰν
1339 3509 1395 3565 δέ
1440 3532 1588 3576 τινας
1624 3513 1790 3568 εἷπεῖν
1844 3515 1889 3549 ⁸⁸

235 3602 422 3660 κακῶς
487 3593 582 3670 δὲῃ
636 3596 726 3650 καὶ
777 3590 1056 3650 διαϐαλεῖν
1089 3598 1156 3669 ⁴⁶,
1188 3601 1266 3667 τῷ
1298 3597 1615 3673 Δωδωναίῳ
1651 3602 1744 3672 μὲν
1791 3600 1890 3656 οὐκ

232 3685 296 3742 ἂν
357 3685 596 3748 εἰκάσαις
655 3683 852 3746 αὐτοὺς
913 3683 1180 3759 χαλκείῳ⁶
1218 3689 1292 3759 μή
1344 3689 1469 3762 γὰρ,
1501 3689 1546 3742 ὦ
1595 3692 1726 3745 Ζεῦῐ
1769 3693 1888 3749 ταῖς

233 3771 294 3830 δὶ
343 3774 534 3847 ἐμπίσι
602 3778 722 3835 ταῖς
773 3771 825 3828 ἐν
865 3778 944 3846 τῷ
985 3775 1162 3847 σκότῳ
1208 3770 1568 3850 βομϐοῦσαις.
1619 3780 1892 3852 Ευγκατα-

235 3863 435 3939 πρᾶξαι
488 3863 582 3937 μὲν
637 3883 690 3917 τι
737 3866 844 3918 τῶν
906 3860 1133 3919 δεόντων
1199 3865 1446 3920 ἁπάντων
1508 3866 1554 3900 ⁴⁷
1612 3866 1892 3942 ἀχρηστό-

237 3971 416 4024 τατοι,
451 3948 693 4024 διορύξαι
739 3947 797 4004 δὲ
839 3949 1015 4004 οἰκίαν
1055 3951 1142 4006 καὶ
1173 3953 1416 4027 ταράξαι,
1449 3953 1537 4007 καί
1568 3954 1892 4029 συγκροῦσαι

237 4039 370 4104 τοὺς
423 4037 575 4095 ἔνδον
610 4039 746 4116 πρὸς
797 4037 1105 4110 ἀλλήλους,
1154 4040 1244 4095 καὶ
1295 4049 1464 4119 φῆσαι
1504 4043 1656 4098 πάντ’
1695 4041 1890 4105 αὐτοὺς

237 4129 567 4201 διοικήσειν,
626 4130 842 4185 πάντων
913 4127 1232 4186 δεινότατοι.
1299 4129 1634 4195 Καταδόντες
1693 4129 1748 4187 δὲ
1816 4132 1890 4194 εἷς

236 4218 369 4280 τοὺς
420 4217 718 4296 χηραμοῦς
779 4218 890 4274 ἐκεῖ
945 4217 1010 4272 τὰ
1060 4219 1345 4293 θαυμαστά
1383 4221 1719 4297 σοφίζονται,
1771 4224 1896 4291 σκιᾷ

240 4328 352 4364 τινι
411 4307 600 4382 λόγοις
654 4307 1025 4375 ἀνασπῶντες,
1091 4304 1191 4383 ἔφη
1252 4309 1279 4362 6
1337 4312 1380 4346 ⁸⁸
1440 4308 1752 4389 Σοφοκλῆς,
1804 4309 1894 4365 τὸν

244 4397 499 4471 ἀνθὲρικα
566 4397 894 4472 θερίζοντες,
945 4397 1008 4451 τὸ
1038 4398 1084 4434 ⁴⁹
1140 4396 1199 4452 ἐκ
1254 4401 1353 4464 τῆς
1410 4397 1599 4473 ἅμμου
1650 4399 1896 4475 σχοινίον

243 4484 562 4556 πλέκοντες,
618 4485 717 4542 οῦκ
775 4484 876 4541 οἶδ’
944 4485 1127 4542 ὅντινα
1181 4488 1328 4544 ἱστὸν
1385 4488 1729 4551 ἀναλύοντες
1771 4490 1894 4544 ὅσον

1984 1927 2109 1967 esse
2129 1909 2484 1974 libertatem,
2501 1909 2928 1965 humanitatem
2946 1910 3006 1965 in
3021 1910 3358 1982 accipiendo
3379 1915 3629 1982 ponunt.

1986 2000 2132 2066 Quid
2154 2001 2182 2055 ?
2211 1997 2366 2069 quod
2395 1998 2464 2053 ad
2496 2011 2623 2054 eam
2655 1999 3002 2070 sapientiam
3029 2007 3407 2070 pervenerunt
3440 2005 3504 2056 ut
3534 2016 3632 2071 pe-

1984 2087 2220 2145 cuniam
2264 2101 2380 2142 non
2409 2085 2664 2158 exigant,
2699 2088 2852 2157 quod
2898 2091 3090 2143 autem
3126 2087 3428 2158 pecuniam
3457 2087 3630 2156 valet,

1985 2177 2248 2248 accipere
2277 2175 2495 2241 norint,
2528 2174 2588 2230 in
2621 2175 2910 2230 sententia
2941 2179 3309 2247 perseverent
3342 2193 3355 2231 :
3383 2175 3476 2230 sin
3509 2182 3632 2230 tur-

1985 2265 2172 2339 gidior
2203 2265 2280 2320 sit
2320 2263 2560 2320 etractus
2589 2263 2858 2320 sacculus
2888 2264 3216 2335 Gorgonem
3247 2265 3462 2336 ceperit
3493 2263 3628 2319 Per-

1985 2372 2140 2414 seus.
2175 2355 2300 2411 Non
2330 2354 2505 2410 alieni
2535 2353 2607 2410 ab
2638 2354 2954 2426 impiorum
2979 2355 3422 2411 Palaestinorum
3459 2355 3634 2411 mori-

1983 2447 2118 2502 bus.
2142 2446 2285 2502 Nam
2303 2447 2361 2501 et
2376 2444 2463 2500 illi
2485 2444 2591 2500 hoc
2611 2443 2832 2500 habent
2852 2444 3172 2516 impietatis
3195 2444 3456 2515 signum,
3480 2445 3633 2514 quod

1987 2535 2125 2593 deos
2155 2550 2285 2591 esse
2306 2549 2419 2588 non
2445 2536 2669 2602 putent,
2699 2537 2870 2603 atque
2893 2533 2954 2587 hi
2984 2549 3017 2588 a
3038 2532 3272 2596 Graecis,
3301 2537 3476 2602 atque
3494 2532 3637 2588 adeo

1985 2623 2158 2681 bonis
2201 2621 2478 2679 omnibus
2508 2621 2940 2692 quodammodo
2972 2621 3348 2689 dissentiunt,
3391 2622 3450 2675 in
3499 2619 3639 2676 reli-

1987 2714 2121 2787 quis
2151 2711 2388 2784 quidem
2446 2711 2623 2767 rebus
2655 2712 2864 2767 umbra
2901 2727 3009 2768 sua
3048 2712 3236 2783 magis
3279 2709 3425 2766 muti
3459 2725 3474 2764 :
3506 2725 3638 2766 cum

1985 2810 2177 2860 autem
2209 2800 2418 2873 aliquis
2440 2801 2841 2856 criminandus
2861 2808 2916 2856 et
2945 2799 3395 2856 calumniandus
3415 2803 3522 2866 est,
3545 2799 3640 2854 vix

1987 2893 2087 2948 ari
2141 2891 2444 2961 Dodonaeo,
2476 2905 2673 2947 verum
2707 2889 2999 2946 culicibus
3049 2890 3242 2962 potius
3273 2890 3334 2945 in
3381 2888 3642 2945 tenebris

1989 2979 2488 3054 perstrepentibus
2518 2979 2875 3048 conferendi,
2907 2979 2980 3034 ad
3007 2995 3131 3034 rem
3164 2978 3413 3034 maxime
3441 2992 3638 3034 neces-

1988 3070 2212 3127 sariam
2235 3068 2627 3140 peragendam
2659 3069 2909 3123 maximc
2938 3067 3202 3138 inutiles,
3229 3067 3300 3123 ad
3333 3066 3485 3123 aedes
3515 3079 3643 3138 per-

1991 3160 2285 3227 touzndas,
2304 3162 2360 3214 et
2384 3157 2804 3229 perturbandos
2824 3164 2996 3229 atque
3016 3159 3169 3214 inter
3197 3173 3261 3212 se
3280 3155 3639 3214 committen-

1993 3251 2099 3307 dos
2128 3249 2501 3316 domesticos,
2537 3263 2889 3319 omnemque
2924 3247 3492 3303 administrationem
3524 3244 3638 3300 sibi

1993 3341 2407 3411 arrogandam,
2438 3337 2710 3394 omnium
2769 3336 3081 3408 aptiss’fni.
3123 3337 3234 3392 Sed
3283 3337 3343 3390 in
3399 3332 3645 3390 latibula

1993 3427 2284 3486 submersi
2343 3427 2612 3484 miranda
2669 3425 2938 3497 quadam
2981 3424 3535 3496 comminiscuntur,
3573 3423 3642 3478 ad

1993 3518 2266 3574 umbram
2309 3515 2504 3572 nescio
2535 3529 2711 3590 quam,
2730 3514 2905 3570 verba
2935 3516 3288 3581 eructantes,
3317 3511 3512 3582 inquit
3541 3513 3647 3566 So-

1994 3606 2253 3677 phocles,
2286 3603 2655 3660 anthericum
2688 3606 2999 3666 metentes,
3032 3602 3358 3656 funiculum
3382 3600 3442 3654 in
3473 3616 3647 3655 arena

1995 3695 2319 3756 nectentcs,
2349 3689 2526 3744 telam
2551 3689 2746 3742 nescio
2768 3702 2946 3756 quam
2979 3691 3323 3742 retexentes.
3355 3688 3646 3748 Quantum

1994 3779 2148 3836 enim
2163 3779 2221 3832 in
2236 3777 2521 3847 sapientia
2536 3774 2866 3846 proﬁciunt,
2881 3773 3228 3828 tantumdem
3255 3772 3646 3841 amittunt(8),

1996 3879 2353 3938 magnopere
2375 3863 2486 3919 sibi
2513 3861 2830 3934 placentes,
2853 3875 2986 3916 cum
3009 3859 3309 3916 rhetorica
3336 3858 3650 3914 maledixe-

1997 3955 2132 4024 rint,
2155 3953 2321 4026 quasi
2363 3968 2477 4007 non
2508 3950 2685 4007 etiam
2728 3948 2929 4006 famuli
2979 3949 3169 4005 4880
3190 3963 3364 4019 saepe,
3390 3964 3649 4018 accprae-

1997 4044 2198 4102 sertim
2229 4041 2540 4113 magistre,
2566 4040 2838 4096 dominos
2856 4039 3012 4094 intra
3032 4036 3234 4094 dentes
3255 4041 3646 4094 exsecrentur.

1999 4133 2326 4202 Quinetiam
2351 4137 2579 4202 satyrus
2597 4129 2939 4200 (9)quidam
2963 4129 3235 4184 scenicus
3253 4127 3390 4183 olim
3414 4132 3501 4182 est
3521 4127 3653 4181 Her-

1999 4223 2113 4281 culi
2143 4224 2532 4293 imprecatus,
2563 4219 2634 4276 ad
2662 4219 2834 4289 cujus
2861 4219 3176 4276 adventum
3199 4216 3500 4272 confestim
3525 4231 3652 4270 suc-

2000 4313 2222 4370 cubuit.
2247 4310 2364 4367 Nec
2385 4309 2678 4366 immerito
2701 4308 2974 4364 videntur
2995 4305 3140 4363 mihi
3162 4305 3385 4362 cunctis
3407 4304 3654 4360 maledi-

2000 4416 2150 4469 cere,
2183 4397 2660 4472 quandoquidem
2693 4396 2804 4452 hac
2845 4412 2905 4452 re
2936 4395 3255 4466 plurimum
3292 4391 3509 4458 valent,
3551 4389 3651 4461 qui

2003 4495 2069 4548 ut
2099 4488 2322 4547 nullius
2354 4487 2612 4544 hominis
2645 4485 3000 4542 mentionem
3031 4483 3269 4549 faciant,
3289 4481 3441 4538 male
3466 4485 3657 4536 tamen

246 4576 358 4652 γὰρ
413 4573 475 4630 ἂν
513 4577 838 4651 προκόψωσι
875 4583 976 4645 τῆς
1037 4579 1246 4656 σοφίας,
1305 4583 1564 4634 τοσοῦτον
1639 4580 1878 4657 ιιὶνταφαι⁴

2013 4580 2214 4638 dicunt
2233 4577 2452 4648 omnia,
2473 4576 2552 4632 ita
2569 4576 2721 4646 quod
2742 4575 2959 4630 habent
2974 4574 3032 4629 in
3055 4572 3312 4629 medium
3328 4569 3657 4626 conferunt.

247 4665 425 4740 ροῦσι,
463 4662 676 4740 μεγᾶλα
705 4666 752 4702 ⁸ο
809 4669 1149 4742 φρονοῦντες,
1195 4666 1282 4721 ἐὰν
1343 4668 1640 4742 ῥητορικὴν
1703 4666 1895 4723 εἶ’πωσι

244 4758 452 4822 κακῶς,
514 4754 678 4828 [1313
706 4756 800 4829 Β.]
859 4753 1037 4828 ὥσπερ
1089 4753 1180 4810 οὖν
1234 4754 1480 4819 καὶτοὺς
1521 4755 1754 4820 δούλους
1780 4763 1896 4819 τοῖς

244 4841 539 4905 δεσπόταις
609 4843 699 4897 ὑπ’
758 4840 953 4899 ὀδόντα
1012 4847 1055 4882 ⁸¹
1123 4844 1396 4908 πολλάκις
1458 4847 1900 4923 καταρωμένους,

245 4931 339 4990 καὶ
392 4929 630 5006 μάλιστα
685 4933 812 4996 τοὺς
873 4934 1163 5012 μαστιγίας
1202 4935 1400 4992 αὐτῶν.
1435 4933 1576 5007 ’Ἠδη
1611 4934 1667 4992 δέ
1708 4957 1790 4999 τις
1813 4937 1901 4992 καὶ

2005 4676 2195 4743 Atque
2215 4669 2392 4726 etiam
2418 4665 2881 4740 pulcherrimum
2908 4662 3292 4736 philosophia:
3313 4675 3528 4717 nomen
3550 4658 3664 4715 sibi

2009 4761 2298 4825 tribuunt,
2344 4757 2512 4829 quasi
2555 4755 2750 4812 locum
2781 4756 2840 4812 in
2872 4754 3100 4811 theatro
3131 4753 3662 4826 praeoccupassent.

2011 4852 2203 4922 Atque
2252 4847 2547 4919 equidem,
2593 4850 2650 4903 et
2679 4844 2906 4902 Platoni
2939 4843 3203 4900 debitum
3253 4841 3532 4896 honorem
3561 4838 3664 4893 tri-

2015 4937 2144 5008 bui,
2174 4940 2232 4994 et
2260 4936 2521 4992 virorum
2556 4933 2831 5007 dignitati
2863 4947 3030 5005 opem
3058 4931 3166 4988 tuli
3213 4945 3332 4987 non
3360 4926 3662 5000 ignaviter.

1614 5045 1855 5101 νΑΒιιΕ
1895 5044 2197 5101 LECTION
2203 5045 2304 5101 ES.

326 5138 372 5174 ²⁰
399 5143 515 5200 τοῖς
543 5144 733 5200 κακοῖς
772 5137 966 5214 ἄλλοις
1020 5161 1064 5202 ς.
1143 5142 1189 5176 ³ο
1231 5145 1398 5196 ταῦτα
1446 5143 1697 5211 πράττειν
1749 5141 1811 5195 οὗ
1861 5146 1906 5197 Α
1950 5160 1962 5196 :
1995 5143 2250 5214 πράττειν
2283 5144 2450 5194 ταῦτα
2494 5160 2540 5202 ς.
2569 5207 2587 5214 _
2616 5142 2658 5177 ³¹
2694 5138 2767 5210 οἳ]
2802 5138 2950 5192 οὗτοι
2983 5142 3051 5192 Α.
3126 5135 3173 5172 ³³
3197 5136 3257 5214 οἳ
3289 5153 3404 5214 καν.
3428 5130 3528 5214 “'3
3557 5127 3669 5184 ὥσ-

254 5227 457 5286 φροντο
501 5227 616 5268 om.
675 5215 742 5286 A:
781 5212 1073 5286 ρξτοι]

1132 5231 1187 5289 p.
1240 5215 1370 5289 513.
1454 5202 1502 5250 δέ
1537 5214 1670 5289 γάρῌ
1697 5231 1816 5289 orn.
1847 5217 1912 5269 A.
1957 5215 2000 5249 ³⁸
2030 5202 2180 5267 τοῦθ’
2301 5230 2313 5268 :
2343 5216 2505 5289 τοῦτο
2527 5207 2696 5289 ξδ’-ς.
2815 5215 2915 5278 τῆς
2945 5225 3056 5289 om.
3091 5211 3156 5264 A.
3196 5209 3240 5243 ³⁸
3273 5205 3476 5289 μὶνηξξ
3499 5202 3668 5289 ἀργυ-

255 5280 378 5357 ρίου
413 5300 530 5357 ομ).
548 5291 620 5357 _A.
697 5282 746 5357 1°
777 5280 846 5354 δ’]
865 5280 1070 5357 νοόδᾌί
1135 5280 1185 5322 ³¹
1217 5285 1279 5340 τὸ
1309 5289 1479 5357 Αετῷ
1513 5280 1560 5348 ς.’
1610 5280 1676 5320 ’⁵³
1704 5285 1889 5345 αὐτοῖς
1918 5300 2032 5340 om.
2053 5292 2129 5340 A:

2207 5284 2255 5357 ‘7”
2274 5287 2390 5357 τρῖς
2410 5291 2491 5356 (ρο
2523 5285 2652 5357 514.)
2726 5281 2772 5317 ⁴⁵
2791 5274 3344 5357 κρειτᾳόγυινρωολι
3387 5278 3432 5312 ⁸⁵
3461 5274 3666 5357 im“-

254 5347 304 5389 ³⁸
340 5347 664 5408 διαϐάλλειν
698 5356 758 5409 Δ.
830 5347 879 5390 ³⁷
911 5354 1162 5409 ἀπάντων
1194 5373 1308 5413 om.
1341 5360 1406 5413 Α.
1451 5347 1462 5357 ’
1484 5347 1532 5392 ⁴⁸
1560 5357 1588 5411 6
1621 5373 1737 5414 om.
1784 5362 1848 5413 A.
1927 5357 1971 5392 "
2011 5357 2124 5431 θερ.
2157 5354 2246 5409 καὶ
2276 5355 2341 5409 τὸ
2373 5347 2449 5416 ς.”
2495 5355 2543 5391 ⁸⁰
2566 5347 2707 5429 μέγα
2745 5373 2793 5415 ς.
2829 5347 2838 5357 ’
2870 5354 2912 5387 ⁶¹
2948 5352 3037 5407 ὑπ’
3072 5349 3268 5405 ὀδόντα
3303 5365 3420 5407 om.
3451 5350 3516 5404 A.

1851 5471 2081 5530 ΝΟΤᾸΞ.

336 5568 412 5644 (5)
443 5568 1023 5644 Utrumquaspecies
1077 5572 1379 5644 placentis.

337 5639 413 5715 (ﬁ)
446 5639 872 5715 _A_ndromac_he,
909 5639 1344 5715 apud-Euripid.

332 5711 413 5783 (7)
446 5710 566 5768 Hoc
599 5710 1079 5782 reprehendendo
1105 5710 1402 5772 Plat-onem
1433 5715 1595 5772 dicit.

580 5838 847 5901 Parant.
895 5840 1005 5901 Gn.
1052 5842 1206 5904 Clll.

2216 5571 2326 5654 ger
2345 5571 2560 5628 malam
2594 5571 2856 5654 ipsorum
2890 5567 3258 5654 sententiam.

2027 5631 2478 5771 Balfghﬁatyrus
2535 5631 2803 5714 quidam,
2861 5659 2976 5699 non
3035 5641 3192 5698 enim
3244 5637 3478 5713 genium
3537 5631 3678 5690 dicit

2220 5730 2258 5768 ι.

3271 5840 3348 5898 50
