4032 6226
211 376 364 434 1581

1292 377 1832 439 BlBLIOTHECA.
1897 411 1954 424 -
2004 378 2174 441 COD.
2224 377 2528 441 CCXLIX.

3465 382 3618 444 1582

206 510 292 577 τῷ
346 504 402 560 εὖ
450 513 622 562 ποιεῖν
667 510 822 581 (Θεοῦ
869 509 970 584 γὰρ
1016 513 1178 565 τοῦτο
1227 510 1315 565 καὶ
1351 511 1493 574 θείας
1529 512 1854 584 μιμήσεως),

1975 514 2278 585 paululum
2337 532 2371 570 a
2425 530 2664 586 corpore
2728 520 3050 585 separatus,
3109 518 3298 588 seipso
3357 518 3622 575 redditur

205 595 396 669 τρίτον
431 597 482 651 ἐν
513 601 590 668 τῷ
620 597 979 669 ἀποθνήσκειν
1015 620 1026 632 ο

209 685 365 758 ψυχή
417 689 514 739 τοῦ
563 686 818 759 σώματος
876 687 927 742 έν
982 692 1062 758 τῷ
1104 691 1200 760 ζῇν
1255 688 1316 742 τὸ
1376 693 1540 758 ζῶον,
1575 692 1737 761 [1316
1769 691 1860 760 Π.]

208 775 568 848 χωριζομένη
635 776 865 850 βελτίων
945 778 1153 852 γίνεται
1211 779 1427 847 ἑαυτῆς,
1489 780 1539 833 ἓν
1605 800 1664 834 τε
1745 784 1860 840 τοῖς

208 861 401 924 ὕπνοις
459 865 594 919 κατὰ
655 866 781 928 τοὺς
852 866 1093 941 ὀνείρους
1140 868 1229 922 καὶ
1289 866 1340 922 ἐν
1408 875 1528 929 ταῖς
1585 867 1860 922 έκστάσεσι

208 954 321 1007 τῶν
358 952 531 1007 νόσων
584 956 814 1025 μαντικὴ
859 955 1084 1031 γίνεται,
1113 954 1313 1028 πολλῶ
1357 957 1478 1030 [713
1519 959 1607 1029 H.]
1645 955 1858 1030 μᾶλλον

213 1040 548 1114 βελτιοῦται,
574 1042 698 1098 ὅταν
767 1044 956 1100 τέλεον
1021 1051 1275 1124 χωρισθῇ
1307 1046 1413 1100 ἀπὸ
1451 1051 1547 1100 τοῦ
1587 1048 1860 1119 σώματος,

207 1133 332 1183 ’Ότι
370 1133 471 1200 την
507 1129 714 1204 μονάδα
758 1135 973 1189 πάντων
1019 1134 1199 1209 ἀρχὴν
1243 1132 1427 1207 ἔλεγον
1483 1136 1858 1210 Πυθαγόρειοι,

208 1217 327 1274 ἐπεὶ
367 1221 428 1276 τὸ
464 1222 561 1294 μέν
602 1228 830 1294 σημεῖον
873 1223 1050 1296 ἀρχὴν
1098 1219 1290 1297 ἔλεγον
1324 1231 1612 1301 γραμμῆς,
1652 1225 1750 1292 τήν
1806 1222 1861 1279 δὲ

211 1305 494 1379 ἐπιπέδου,
525 1311 586 1365 τὸ
618 1308 675 1366 δὲ
704 1316 799 1366 τοῦ
848 1319 1012 1387 τριχῆ
1068 1309 1354 1368 διαστατοῦ
1399 1315 1523 1382 ἤτοι
1581 1315 1858 1384 σώματος.

209 1402 318 1452 Τοῦ
359 1396 416 1454 δὲ
446 1399 677 1472 σημείου
708 1407 1112 1474 προεπινοεῖται
1160 1405 1194 1471 ἡ
1241 1403 1428 1474 μονὰς,
1454 1402 1593 1457 ὥστε
1623 1404 1669 1440 δ’
1712 1403 1858 1477 ἀρχή

209 1491 319 1541 τῶν
353 1489 620 1560 σωμάτων
664 1492 698 1559 ἡ
736 1491 904 1563 μονάς
937 1508 949 1522 ·
1009 1489 1148 1544 ὥστε
1185 1491 1250 1545 τὰ
1301 1493 1526 1563 σώματα
1574 1491 1746 1546 πάντα
1803 1491 1862 1545 ἐκ

208 1582 312 1644 τῆς
364 1575 598 1648 μονάδος
660 1577 966 1653 γεγένηται.
1027 1580 1150 1636 ’Ότι
1210 1579 1266 1632 οἱ
1328 1580 1685 1654 Πυθαγόρειοι
1750 1583 1859 1633 τῶν

210 1663 478 1740 ἐμψύχων
525 1665 836 1742 ἀπείχοντο,
866 1669 966 1736 τῆν
1019 1669 1443 1743 μετεμψύχωσιν
1489 1669 1738 1746 ἀφρόνως
1788 1669 1863 1732 ὡς

211 1751 394 1823 ἀληθῆ
476 1751 974 1829 ὑπολαμϐάνοντες,
1041 1756 1131 1810 καὶ
1200 1757 1283 1811 ὅτι
1354 1757 1421 1811 τὰ
1473 1761 1696 1811 τοιαῦτα
1750 1761 1858 1812 τῶν

1081 601 1127 654 εἰ
1171 601 1274 676 γάρ
1319 602 1454 656 κατᾶ
1504 602 1670 656 ποσόν
1727 624 1778 656 τι
1825 605 1859 672 ἡ

1973 603 2180 659 melior
2214 621 2225 661 :
2260 603 2549 676 siquidem
2598 603 2656 658 in
2691 604 2913 658 somnis
2972 619 3074 674 per
3119 605 3428 677 insomnia,
3460 613 3515 663 et
3560 608 3617 662 in

1971 690 2304 746 exstasibus
2359 691 2716 754 morborum,
2765 691 3053 745 divinator
3104 691 3190 756 fit,
3239 695 3420 748 multo
3479 713 3620 750 sane

1971 783 2113 834 tunc
2165 779 2533 850 prestantior
2579 781 2773 850 seipso
2823 780 2908 846 ﬁt,
2941 796 3070 834 cum
3103 780 3226 849 jam
3273 787 3558 849 postremo
3591 800 3620 837 e

1972 885 2211 940 corpore
2261 870 2551 941 migravit.
2583 871 2750 939 Apud
2809 867 3043 924 eosdem
3093 869 3395 924 exordium
3429 885 3620 926 rerum

1971 958 2232 1012 omnium
2265 965 2353 1012 est
2385 958 2598 1022 unitas,
2631 957 2840 1011 deinde
2873 960 3150 1027 punctum
3177 957 3410 1010 initium
3437 956 3621 1022 lineae,

1971 1045 2126 1102 linea
2164 1047 2516 1118 superﬁciei,
2548 1051 2606 1102 et
2648 1046 2988 1117 superﬁcies
3020 1044 3262 1114 triplicis
3293 1046 3348 1100 in
3384 1045 3625 1116 quanti-

1970 1140 2090 1192 tate
2139 1137 2547 1202 dimensionis,
2593 1137 2704 1200 vel,
2743 1142 2803 1191 ut
2833 1139 3062 1203 vocant,
3093 1134 3373 1206 corporis.
3407 1133 3622 1189 Verum

1971 1230 2104 1281 ante
2137 1232 2422 1296 punctum
2457 1227 2868 1297 cognoscimus
2901 1225 3233 1280 monadem.
3269 1225 3456 1288 Quare
3489 1239 3624 1278 cor-

1971 1331 2180 1386 porum
2212 1315 2443 1370 initium
2489 1320 2576 1370 est
2625 1315 2840 1382 unitas,
2875 1314 3028 1370 sicut
3075 1313 3268 1368 omnia
3311 1329 3553 1382 corpora
3595 1329 3626 1367 e

1971 1403 2220 1459 monade
2251 1407 2701 1474 componuntur.
2726 1402 2954 1469 Adhaec,
2981 1407 3210 1473 prapter
3238 1402 3624 1472 transmigra-

1973 1492 2190 1548 tionem
2225 1493 2577 1560 animarum,
2612 1509 2787 1564 quam
2839 1491 3021 1547 stulto
3067 1508 3206 1547 sane
3258 1490 3504 1547 consilio
3531 1507 3623 1544 ve-

1971 1596 2095 1636 ram
2144 1586 2369 1652 putant,
2419 1582 2492 1636 ab
2537 1580 2814 1636 animatis
2862 1580 3196 1647 abstinent;
3232 1580 3441 1636 deinde
3490 1580 3625 1649 quia

1971 1671 2270 1743 ingenium
2304 1676 2570 1743 gravant,
2604 1671 2676 1727 ob
2708 1671 2959 1726 nimium
2992 1671 3416 1726 nutrimentum
3449 1675 3505 1727 et
3536 1670 3622 1724 di-

1971 1759 2312 1831 gestionem.
2345 1760 2497 1824 Quin
2547 1764 2604 1816 et
2654 1760 2814 1816 fabas
2846 1777 2960 1816 non
2994 1760 3196 1825 edunt,
3231 1759 3476 1814 nimium
3527 1774 3621 1813 se-

215 1842 522 1916 βρωμάτων
553 1847 788 1920 παχύνει
834 1847 924 1900 τὸν
979 1849 1128 1914 νοῦν,
1156 1846 1546 1923 τροφιμώτερα
1596 1842 1722 1900 ὄντα
1768 1845 1854 1899 καί

1969 1849 2229 1904 cundum
2261 1863 2360 1905 eos
2393 1848 2678 1905 inﬂationi
2719 1849 3020 1914 obnoxias,
3055 1856 3108 1904 et
3153 1848 3331 1903 nimis
3379 1847 3618 1913 alentes,

211 1931 434 2002 πολλὴν
465 1933 715 1990 ἀνάδοσιν
757 1941 1037 1992 ποιοῦντα.
1074 1939 1180 1999 Δια
1210 1941 1369 1992 τοῦτο
1400 1937 1490 1991 καὶ
1519 1942 1616 1992 τοῦ
1645 1938 1858 2010 κυάμου

209 2022 532 2097 ἀπείχοντο,
565 2026 647 2080 δτι
697 2025 951 2103 φυσώδης
992 2028 1080 2082 καὶ
1120 2029 1557 2104 τροφιμώτατος.
1600 2029 1700 2083 Καὶ
1761 2025 1860 2081 ἄλ-

212 2112 313 2174 λας
365 2110 421 2168 δέ
464 2135 612 2176 τινας
659 2116 830 2178 αἰτίας
875 2115 1100 2180 πλείους
1147 2113 1521 2186 ἀποδιδόασιν,
1555 2117 1608 2170 αἳ
1662 2115 1857 2178 αὐτοὺς

211 2201 408 2278 ἐνῆγον
455 2203 749 2278 ἀπέχεσθαι
796 2211 904 2260 τῶν
953 2208 1202 2279 κυάμων.
1233 2208 1352 2260 Ὅτι
1404 2207 1496 2259 τὸν
1543 2202 1859 2280 Πυθαγόραν

209 2289 399 2346 πσλλά
445 2314 571 2366 φασι
622 2294 667 2330 ⁷ο
715 2300 1019 2368 προειπεῖν,
1066 2297 1152 2350 καὶ
1214 2297 1388 2349 πάντα
1439 2289 1686 2363 ἐκϐῆναι.
1735 2295 1858 2350 ’Ότι

205 2381 310 2449 τῆν
370 2384 464 2455 μὲν
525 2385 868 2460 θεωρητικήν
949 2385 1040 2440 καὶ
1113 2387 1342 2464 φυσικὴν
1411 2383 1678 2439 Πλάτωνά
1731 2405 1856 2461 φασι

213 2470 355 2546 ποιρᾶ
394 2475 501 2526 τῶν
552 2472 603 2527 ἐν
639 2472 846 2545 Ἰταλίᾳ
894 2475 1276 2549 Πυθαγορείων
1337 2473 1608 2545 ἐκμαθεῖν,
1643 2474 1743 2542 τήν
1804 2469 1859 2527 δὲ

1969 1938 2216 2012 aliisque
2269 1941 2340 1995 de
2395 1938 2608 2008 causis,
2659 1954 2784 2010 qum
2855 1939 3120 1994 fabarum
3197 1953 3364 1992 esum
3424 1937 3621 2008 prohi—

1970 2028 2140 2085 beant
2180 2029 2315 2100 (10).
2367 2027 2619 2084 Plurima
2649 2028 3009 2099 Pythagoras
3042 2025 3378 2100 prsidixisse
3415 2027 3616 2091 fertur,

1969 2120 2028 2172 et
2062 2117 2261 2173 omnia
2313 2116 2618 2172 accidisse.
2681 2115 2979 2172 Platonem
3025 2132 3058 2171 a
3125 2113 3500 2186 Pythagoreis
3559 2114 3618 2168 in

1968 2206 2130 2261 Italia
2158 2205 2570 2277 speculativam
2603 2211 2660 2260 et
2692 2205 2988 2276 physicam
3019 2203 3208 2270 aiunt,
3241 2208 3298 2257 et
3327 2221 3359 2258 a
3387 2207 3619 2258 Socrate
3701 2239 3714 2260 ι

1967 2294 2218 2351 ethicam
2250 2294 2526 2350 didicisse
2561 2315 2575 2361 ;
2609 2293 2764 2365 apud
2797 2297 3082 2348 Zenonem
3110 2308 3266 2360 vero,
3301 2295 3358 2346 et
3389 2295 3619 2346 Parme-

1969 2385 2163 2441 nidem
2196 2383 2423 2440 Eleatas
2448 2384 2828 2439 fundamenta
2856 2381 3073 2453 logiees
3095 2381 3327 2451 jecisse,
3363 2381 3456 2451 qui
3489 2395 3619 2435 om-

1971 2490 2074 2528 nes
2105 2487 2134 2527 e
2167 2473 2503 2544 Pythagoras
2535 2471 2738 2527 schola
2769 2470 3006 2542 profecti
3039 2474 3198 2524 sunt.

206 2560 410 2629 ἠθικὴν
445 2560 680 2634 μάλιστα
709 2563 856 2637 παρά
880 2563 1228 2637 Σωκράτους,
1259 2565 1373 2633 Τῆς
1396 2561 1452 2618 δὲ
1492 2563 1725 2640 λογικῆς
1758 2560 2039 2634 σπέρματα
2069 2555 2396 2615 καταϐαλεῖν
2447 2559 2594 2630 αὒτῷ
2643 2561 2868 2628 Ζήνωνα
2903 2555 2991 2611 καὶ
3033 2552 3380 2630 Παρμενίδην
3413 2555 3458 2591 ⁷1
3491 2554 3618 2616 τοὺς

207 2647 470 2713 Ἐλεάτας
493 2669 507 2680 ⁵
540 2651 628 2706 καὶ
664 2652 812 2707 οὗτοι
847 2651 902 2708 δὲ
929 2661 1030 2723 τῆς
1064 2653 1427 2728 Πυθαγορείου
1467 2654 1600 2722 ἦσαν
1645 2646 1950 2726 διατριϐῆς,

210 2741 400 2823 ’ίῖὉτι
455 2743 489 2809 ἦ
548 2737 693 2814 ὄψις,
735 2745 870 2797 κατᾶ
927 2744 1246 2820 Πυθαγόραν
1291 2745 1381 2798 καὶ
1450 2741 1717 2798 Πλάτωνα
1765 2740 1854 2796 καὶ

209 2826 623 2900 Ἀριστοτέλην,
661 2835 766 2884 τῶν
826 2828 1037 2886 δώδεκα
1094 2831 1406 2906 χρωμάτων
1452 2829 1563 2885 ἐστὶ
1612 2832 1854 2905 κριτική,

207 2915 406 2971 λευκοῦ
444 2916 532 2971 καὶ
581 2915 814 2990 μέλανος
857 2919 945 2973 καὶ
994 2923 1101 2974 τῶν
1144 2920 1360 2992 μεταξὺ,
1406 2922 1619 2989 ξανθοῦ,
1671 2923 1853 2996 φαιοῦ,

209 3002 422 3079 ὠχροῦ,
472 3005 720 3081 ἐρυθροῦ,
760 3012 980 3076 κυανοῦ,
1023 3007 1318 3086 ἁλουργοῦ,
1353 3009 1633 3085 λαμπροῦ,
1667 3010 1852 3085 ὀρφνί-

204 3112 301 3146 νου
331 3095 397 3149 ⁷³.
431 3094 492 3150 Ἡ
554 3092 610 3149 δὲ
667 3095 804 3165 ἀκοή
857 3099 1073 3170 κριτική
1127 3096 1268 3152 ἐστιν
1327 3099 1473 3171 ὀξέος
1525 3099 1614 3153 καὶ
1665 3097 1856 3172 βαρέος

204 3180 466 3256 φθόγγου.
501 3184 565 3238 Ἡ
612 3180 668 3237 δὲ
717 3183 982 3262 ὄσφρησις
1026 3187 1242 3260 κριτικῆ
1301 3185 1518 3242 εὐωδῶν
1574 3187 1663 3242 καὶ
1725 3186 1854 3242 δυσ-
1887 3173 1929 3239 C

205 3267 361 3325 ωδῶν
404 3271 590 3344 ὀσμῶν
619 3272 708 3326 καὶ
747 3278 855 3327 τῶν
893 3277 1088 3346 μεταξὺ
1121 3276 1180 3330 ἐκ
1215 3279 1261 3313 ’⁸³
1293 3279 1614 3350 σηπομένων
1673 3299 1732 3333 τε
1760 3279 1850 3332 καὶ

206 3361 579 3434 βρεχομένων,
612 3360 646 3430 ἢ
694 3364 1014 3436 τηκομένων
1048 3363 1082 3432 ἢ
1132 3367 1546 3438 θυμιαζομένων
1582 3369 1646 3424 ⁷⁸,
1680 3369 1743 3422 Ἡ
1794 3365 1852 3422 δὲ

198 3453 379 3524 γεῦσις
437 3451 654 3525 κριτική
716 3449 826 3506 ἐστι
858 3455 902 3489 ⁷⁸
923 3451 1166 3524 γλυκέων
1207 3475 1265 3508 τε
1293 3454 1382 3508 καὶ
1410 3459 1621 3527 πικρῶν
1649 3461 1847 3529 χυμῶν

199 3539 286 3592 καὶ
337 3543 444 3594 τῶν
505 3538 701 3612 μεταξὺ
759 3541 956 3595 πέντε⁶
1018 3541 1156 3596 ἒπτὰ
1209 3541 1310 3616 γάρ
1369 3542 1500 3596 εἰσιν
1561 3545 1614 3597 οἱ
1672 3546 1850 3617 χυμυὶ

199 3628 415 3696 πάντες,
475 3627 702 3702 γλυκὺς,
762 3629 978 3703 πικρὸς,
1040 3627 1179 3700 ὀξὺς,
1240 3626 1459 3702 δριμὺς,
1521 3632 1732 3707 σομφὸς
1781 3633 1849 3701 ⁷⁸,

202 3713 426 3784 ἀλυκὸς,
459 3718 743 3794 στρυφνὸς.
777 3718 840 3773 Ἥ
883 3715 939 3772 δὲ
969 3718 1077 3793 ἁφὴ
1129 3715 1400 3773 πλειόνων
1449 3720 1560 3774 ἐστὶ
1607 3723 1850 3793 κριτική,

201 3803 321 3856 οἷον
353 3804 562 3877 βαρέων
609 3804 697 3858 καὶ
733 3803 778 3837 ⁷⁷
831 3803 1050 3877 κούφων
1080 3804 1168 3858 καὶ
1219 3808 1325 3858 τῶν
1389 3805 1607 3877 μεταξὺ,
1639 3811 1854 3881 θερμῶν

204 3912 264 3947 τε
293 3893 380 3946 καὶ
417 3893 644 3967 ψυχρῶν
676 3892 767 3948 καί
794 3897 903 3948 τῶν
941 3891 1157 3966 μεταξὺ,
1191 3892 1440 3968 τραχέων
1487 3897 1530 3931 ⁷⁸
1555 3895 1646 3949 καὶ
1687 3895 1850 3950 λείων

206 3981 298 4035 καὶ
327 3985 433 4035 τῶν
467 3981 661 4054 μεταξὺ
689 3982 758 4050 ⁷9,
791 3983 970 4056 ξηρῶν
1019 3984 1109 4036 καὶ
1156 3981 1330 4056 ὑγρῶν
1377 3985 1461 4037 καὶ
1517 3989 1625 4038 τῶν
1687 4005 1852 4056 μετα-

205 4069 286 4140 ξύ.
322 4072 424 4128 Καὶ
466 4072 520 4125 αἱ
565 4073 658 4144 μὲν
713 4069 756 4126 δ’
793 4073 1068 4142 αἰσθήσεις
1097 4067 1150 4126 ἕν
1191 4092 1248 4127 τε
1289 4075 1336 4110 ⁸ο
1381 4078 1448 4147 τῇ
1488 4073 1700 4152 κεφαλῇ
1749 4075 1848 4129 εἰσι

204 4159 296 4214 καὶ
356 4157 624 4229 ἷδιάζουσι
679 4160 1083 4236 περικλείονται
1113 4162 1158 4199 δι
1202 4161 1452 4236 ὀργάνοις
1486 4182 1499 4195 ⁸
1551 4166 1586 4232 ἡ
1636 4160 1693 4218 δὶ
1741 4165 1849 4242 ἁφή

205 4248 297 4303 καὶ
323 4246 413 4304 διὰ
440 4256 539 4318 τῆς
571 4249 813 4326 κεφαλῆς
845 4252 935 4305 καὶ
969 4248 1037 4306 δι’
1070 4249 1205 4307 ὅλου
1236 4251 1284 4288 ⁸²
1322 4256 1419 4307 τοῦ
1459 4254 1714 4326 σώματος
1761 4275 1850 4309 κε-

207 4341 458 4415 χώρηκε,
486 4340 577 4395 καὶ
637 4334 748 4396 ἔστι
805 4342 963 4409 κοινή
1023 4343 1202 4413 πάσης
1261 4342 1589 4413 αἷσθῆσεως,
1632 4343 1850 4416 μᾶλλον

207 4425 265 4484 δὲ
321 4431 460 4485 κατὰ
514 4429 606 4492 τὰς
679 4436 873 4506 χεῖρας
933 4427 1232 4506 δηλοτέραν
1288 4432 1336 4470 ⁸³
1399 4433 1692 4508 παρέχεται
1750 4435 1849 4503 τὴν

205 4519 402 4593 κρίσιν.

273 4611 394 4664 Ὅτι
452 4606 662 4665 δώδεκα
704 4609 880 4680 τάξεις
919 4609 1080 4688 φησὶν
1142 4611 1273 4667 εἶναι
1329 4612 1381 4668 έν
1422 4615 1500 4684 τῷ
1531 4613 1746 4687 οὐρανῷ
1782 4615 1849 4681 ⁸⁴,

201 4697 427 4775 πρώτην
475 4699 567 4753 καὶ
617 4697 868 4770 ἐξωτάτω
917 4701 963 4736 ⁸⁵
1015 4701 1115 4769 τήν
1173 4699 1386 4770 ἀπλανῆ
1449 4708 1698 4778 σφαῖραν,
1731 4701 1783 4756 έν

207 4787 348 4844 ἐστιν
397 4787 426 4843 ὅ
467 4808 525 4843 τε
563 4793 780 4864 πρῶτος
811 4789 941 4851 Θεὸς
972 4790 1062 4843 καὶ
1104 4791 1156 4844 οἱ
1203 4792 1395 4861 νὸητοί
1427 4789 1563 4861 θεοὶ,
1596 4791 1670 4853 ὡς
1704 4793 1850 4866 Ἀρι-

203 4878 450 4938 στοτέλει
495 4876 662 4949 δοκεῖ,
695 4881 832 4936 κατά
880 4877 937 4936 δὲ
986 4880 1252 4938 Πλάτωνα
1294 4882 1349 4936 αἱ
1395 4878 1533 4936 ἰδέαι
1570 4901 1583 4914 ο
1621 4881 1755 4956 μετᾶ
1795 4880 1852 4937 δὲ

1884 4543 1933 4608 D

2035 2743 2205 2798 Juxta
2235 2741 2596 2814 Pythagora,
2628 2739 2910 2810 Platonis,
2943 2746 2998 2796 et
3029 2737 3358 2794 Aristotelis
3391 2735 3614 2808 opinio-

1968 2847 2121 2900 nem,
2155 2831 2463 2887 duodecim
2515 2829 2809 2885 coloribus
2865 2829 3060 2884 43θὸ
3110 2826 3315 2883 oculus
3372 2825 3617 2896 judicat,

1966 2923 2036 2978 de
2067 2922 2219 2988 albo,
2261 2925 2319 2975 et
2365 2920 2554 2991 nigro,
2587 2924 2645 2974 et
2695 2918 2765 2976 de
2795 2919 3018 2974 caeteris
3066 2915 3412 2988 interjectis,
3445 2913 3616 2980 ﬂavo,

1965 3012 2150 3081 fusco,
2211 3010 2450 3082 pallido,
2500 3008 2695 3077 rubro,
2729 3009 2999 3077 caeruleo,
3061 3022 3372 3078 purpureo,
3420 3004 3619 3079 rutilo,

1965 3105 2022 3156 et
2065 3100 2237 3156 luteo.
2274 3101 2350 3156 De
2406 3106 2576 3156 acuta
2604 3107 2659 3156 et
2706 3099 2864 3170 gravi
2890 3112 3026 3154 voce
3051 3096 3340 3169 judicium
3375 3095 3487 3150 fert
3514 3110 3620 3149 au-

1967 3189 2065 3245 ris.
2099 3189 2386 3246 Odoratus
2418 3190 2600 3245 bonos
2633 3194 2688 3244 et
2718 3188 2902 3244 malos
2928 3187 3106 3243 sentit
3137 3187 3366 3252 odores,
3389 3187 3448 3240 et
3474 3183 3620 3240 alios

1961 3278 2250 3351 putridos,
2328 3279 2628 3346 humidos,
2687 3277 2966 3348 liquidos,
3021 3279 3348 3347 vaporatos.
3409 3271 3620 3328 Gustui

1960 3368 2158 3423 dulcia
2197 3369 2439 3439 sapiunt
2493 3371 2550 3424 et
2602 3383 2824 3434 amara,
2857 3371 2914 3422 et
2943 3365 3059 3421 alia
3100 3364 3357 3434 quinque
3400 3362 3615 3418 media-

1961 3458 2023 3511 In
2059 3458 2393 3512 universum
2426 3460 2622 3511 autem
2664 3459 2887 3526 septem
2919 3461 3059 3510 sunt
3107 3468 3369 3524 sapores,
3403 3451 3618 3518 dulcis,

1959 3563 2216 3614 amarus,
2267 3561 2458 3616 asper,
2507 3544 2735 3610 acidus,
2797 3543 2991 3598 mollis
3049 3540 3258 3611 salsus,
3319 3545 3614 3597 austerus.

1960 3636 2354 3690 Plurimorum
2387 3649 2594 3688 censor
2624 3639 2715 3687 est
2743 3637 2958 3687 tactus.
2991 3631 3200 3701 Tangit
3230 3630 3384 3684 enim
3419 3629 3619 3700 gravia

1960 3731 2012 3777 et
2045 3724 2212 3787 levia,
2245 3726 2301 3776 et
2331 3737 2454 3791 quae
2487 3721 2644 3775 inter
2672 3719 2793 3773 haec
2819 3727 2989 3785 sunt;
3032 3718 3219 3772 calida
3249 3719 3384 3770 item
3417 3720 3474 3770 et
3505 3717 3615 3770 fri-

1959 3812 2112 3882 gida,
2148 3815 2205 3864 et
2235 3825 2365 3879 qua:
2393 3808 2741 3878 interjacent
2767 3827 2782 3875 ;
2811 3809 2953 3862 dura
2983 3811 3040 3860 et
3072 3804 3283 3872 mollia,
3317 3809 3373 3858 et
3403 3803 3612 3858 horum

1961 3899 2154 3954 media
2185 3918 2200 3967 ;
2234 3898 2406 3964 sicca,
2438 3901 2496 3952 et
2534 3896 2803 3963 humida,
2834 3901 2892 3951 et
2935 3911 3060 3966 qua:
3093 3893 3405 3949 intersunt.
3460 3890 3618 3946 Reli-

1959 3989 2055 4059 qui
2115 3987 2353 4060 quidem
2399 3989 2648 4057 quatuor
2697 4001 2903 4040 sensus
2935 3983 2993 4038 in
3026 3983 3150 4039 solo
3181 3982 3370 4054 capite
3409 3981 3615 4036 statio-

1961 4095 2092 4134 nem
2133 4077 2372 4142 habent,
2402 4081 2460 4132 et
2509 4074 2745 4148 propria
2791 4081 3072 4144 occupant
3103 4087 3341 4143 organa.
3373 4071 3480 4126 Sed
3515 4085 3617 4141 per

1961 4171 2159 4240 caput,
2191 4171 2250 4223 et
2303 4170 2489 4222 totum
2562 4180 2774 4236 corpus
2834 4163 3056 4219 habitat
3103 4165 3307 4229 tactus,
3365 4159 3615 4232 aliisque

1960 4257 2235 4314 sensibus
2261 4255 2590 4312 communis
2610 4257 2700 4310 est
2724 4269 2738 4307 :
2771 4253 2828 4308 in
2865 4251 3137 4309 manibus
3157 4255 3352 4308 autem
3379 4265 3614 4320 preser-

1959 4351 2065 4405 tim
2098 4347 2186 4404 vis
2215 4346 2377 4403 illius
2407 4344 2639 4402 emicat.

2034 4621 2320 4674 Asserunt
2368 4615 2612 4685 insuper
2640 4611 2947 4668 duodecim
2997 4610 3160 4666 orbes
3191 4610 3248 4664 in
3288 4607 3431 4665 cmlo
3461 4621 3606 4673 esse,

1960 4711 2017 4763 et
2045 4706 2301 4778 primum
2333 4703 2568 4776 quidem
2591 4705 2649 4757 et
2670 4699 3127 4757 remotissimum
3150 4699 3606 4762 ﬁrmamentum,

1961 4795 2062 4852 ubi
2105 4799 2162 4852 et
2206 4808 2474 4850 summus
2511 4791 2684 4859 Deus,
2717 4789 3023 4860 caterique
3051 4786 3439 4859 intelligentia
3467 4800 3610 4856 pre-

1962 4883 2068 4940 diti
2100 4883 2204 4952 dii,
2240 4887 2302 4938 ut
2325 4884 2492 4938 vocat
2531 4879 2887 4948 Aristoteles,
2920 4882 3021 4934 aut
3059 4876 3383 4934 secundum
3414 4874 3608 4930 Plato-

1556 5022 1800 5080 VARIIE
1842 5023 2260 5081 LECTIONES.

273 5138 489 5216 “£50”
530 5136 698 5216 μονές
728 5155 845 5216 ραι.
880 5141 989 5216 B-__
1016 5140 1060 5216 7P
1089 5159 1220 5216 φησι
1399 5142 1441 5178 τί
1477 5136 1879 5216 παραμενείδην
1912 5143 1978 5196 Α.
2055 5139 2103 5216 ⁷⁷
2157 5137 2382 5216 ὀρφμνίου
2439 5137 2674 5216 Suid_a8_
2699 5152 2750 5216 γ.
2782 5135 2970 5216 νοιιίες.
3049 5134 3094 5170 ⁷⁸
3117 5131 3202 5216 *ἐκ
3258 5135 3302 5186 Β
3339 5133 3398 5216 ει
3453 5145 3603 5188 corr.

203 5215 294 5293 A‘:
327 5210 379 5293 ’ἐξ
414 5199 611 5293 ςκοὶη.
639 5199 874 5293 auidas.
929 5212 996 5293 ,τι
1026 5199 1384 5293 θυμιωμένων
1418 5199 1666 5293 Suidas..
1692 5285 1706 5293 _
1732 5211 1776 5248 ⁷⁵
1805 5199 1921 5293 ἐστι
1951 5216 2006 5268 et
2035 5211 2087 5266 ot
2118 5199 2392 5293 ρξ’πᾶντες
2423 5226 2539 5293 om.
2576 5208 2807 5293 Suida‘s.
2841 5199 2930 5293 ""5
2960 5204 3192 5293 σομφὸς]
3225 5199 3606 5293 “ﬂavescit,-

204 5283 304 5392 φὸς
336 5277 569 5340 Suidas.
646 5281 693 5316 ⁷⁷
717 5282 805 5336 καὶ
849 5286 980 5339 ante
998 5277 1225 5360 κούφων
1249 5284 1475 5355 sumpsi
1508 5301 1541 5339 a
1571 5285 1789 5353 Suida,
1823 5283 1924 5356 qui
1956 5301 2070 5339 om.
2103 5284 2222 5336 οἷον
2256 5289 2313 5339 et
2343 5283 2559 5355 θερμῶν
2590 5299 2649 5333 τε
2680 5277 2766 5331 καὶ

229 5357 252 5392 s
277 5353 524 5392 ..ληνέων
557 5354 644 5392 vni
679 5350 705 5392 ἱ
765 5352 852 5392 νηὶ
883 5357 994 5392 φῖ...
1031 5375 1064 5392 ..
1123 5372 1213 5392 nm
1278 5357 1309 5392 Δ
1415 5353 1463 5389 79
1490 5355 1576 5392 ..ηι
1636 5359 1744 5392 εμπ...
1809 5354 2000 5392 "eum.
2033 5372 2125 5392 nm
2183 5355 2383 5392 cum“
2482 5353 2528 5388 so
2557 5371 2613 5392 τ.
2671 5367 2763 5392 nm

229 5357 252 5392 ⁸
277 5353 524 5426 τραγέων
557 5354 647 5408 καὶ
679 5353 735 5423 λ,
765 5353 994 5426 καὶ-τῶν
1029 5375 1090 5425 μ.
1115 5353 1240 5411 δω.
1271 5357 1338 5410 Α.
1390 5353 1463 5389 ’⁷9
1490 5355 1579 5426 καὶ
1623 5359 1744 5426 *τῶν
1807 5353 2000 5426 μεταξὺ
2022 5372 2149 5426 νοω.
2182 5355 2404 5426 Suidas.

203 5423 421 5502 περικλ.
454 5427 711 5502 Βυὶά-ᾳελ
763 5424 973 5502 δεβδλου
1005 5423 1115 5483 om.
1151 5427 1386 5485 Suidas.
1463 5427 1507 5463 “
1548 5423 1848 5502 δηλοτέραν
1882 5432 1928 5484 Α
1953 5423 1970 5482 ι
2014 5423 2406 5498 ἐπιδηλοτέραν
2441 5442 2486 5484 ς.

277 5353 524 5428 τραχέων
557 5354 647 5428 καὶ
679 5350 735 5423 λ,
765 5352 994 5428 καῖ’-τῶν
1029 5375 1090 5425 μ.
1115 5350 1247 5428 ὀω.
1271 5357 1338 5410 Α.

201 5495 426 5576 πρώτην
459 5517 510 5562 ς.
586 5498 634 5534 ³⁵
663 5495 931 5570 ἐξωτάτην
966 5517 1014 5561 ς.

2822 5271 3058 5404 ἐγυχρῶν
3085 5271 3192 5330 ’καῖ
3241 5271 3348 5328 τῶν
3384 5271 3600 5342 μεταξύ.

2867 5351 3052 5404 υιάάε.
3129 5347 3174 5382 ⁸ί
3213 5343 3456 5404 περικλ.’1
3512 5343 3600 5398 καὶ

2482 5353 2528 5388 ⁸ο
2557 5371 2614 5405 τε
2671 5367 2787 5405 οω.
2822 5343 3052 5404 Suidas.
3129 5347 3174 5382 ⁸ί
3213 5343 3456 5420 περικλ.]
3512 5343 3603 5420 καῖ

2563 5424 2609 5458 ⁹⁴
2655 5419 2707 5475 ἒν
2756 5423 2835 5488 τῷ
2887 5420 3099 5494 οὖρανῷ
3145 5415 3306 5494 φησιν
3350 5415 3482 5473 εἶνα.
3513 5415 3604 5472 καὶ

1788 5634 2018 5693 ΝΟΤίΕ.

279 5746 391 5820 (10)
424 5745 506 5802 Ah
529 5742 807 5802 animatis
836 5748 892 5800 et
921 5743 1071 5810 fabis
1101 5760 1202 5802 cur
1233 5743 1588 5815 abstineant,
1617 5745 1746 5802 vide
1775 5744 2160 5818 Porphyrium
2194 5747 2250 5800 et
2282 5743 2570 5816 Agellium
2603 5742 2703 5800 lib.
2735 5759 2809 5810 ιν,
2843 5756 2968 5813 cap.
3005 5739 3094 5796 11.
