4032 6226
223 405 382 464 1ὅ85

1303 397 1844 462 BIBLIOTIlECA.
1893 431 1962 442 —
2013 399 2184 460 COD.
2233 400 2541 462 CCXLIX.

3470 405 3627 479 1586

223 535 444 610 λέγουσι
483 535 580 602 τήν
615 535 822 609 ψυχὴν,
862 533 955 589 κᾶν
1013 554 1154 596 τινες
1193 534 1271 597 εἷς
1311 535 1402 588 τὸν
1451 529 1843 606 Ἀριστοτέλουη

1979 533 2142 624 tinet.
2193 533 2337 624 Nam
2386 542 2520 624 sunt
2569 537 2626 590 in
2661 539 2880 593 mundo
2912 539 3014 606 dli,
3046 549 3296 612 quatuor
3323 547 3628 624 elementa,

221 629 346 678 νοῦν
401 625 500 679 οὐκ
544 619 933 696 ἐμϐαθύνοντες
979 623 1001 660 ⁸
1043 626 1240 693 θνητὴν
1291 623 1459 692 αὐτὴν
1490 623 1512 656 ⁷
1555 623 1870 696 νομίζουσιν

217 713 380 768 αὖτέν
424 711 615 786 λέγειν.
666 713 788 769 ’Ότι
833 715 860 768 6
905 711 1187 788 ἄνθρωπος
1224 713 1414 786 μικρὸς
1465 712 1670 784 κόσμος
1709 712 1868 784 Λέγε-

215 822 302 856 ται
349 801 458 875 οὐχ
504 801 588 856 ὅτι
625 803 646 838 ⁸
694 800 753 856 ἐκ
807 805 914 856 τῶν
956 801 1228 872 τεσσάρων
1271 799 1556 874 στοιχείων
1597 799 1865 872 σύγκειται

215 894 402 962 (τοῦτο
450 890 556 964 γὰρ
603 890 692 944 καὶ
734 887 960 946 ἕκαστον
1010 894 1118 944 τῶν
1163 889 1314 958 ζώων
1347 891 1572 942 καὶτῶν
1605 890 1626 923 ³
1655 885 1864 942 εὐτελεο

215 980 476 1052 στάτων),
507 977 634 1034 ἀλλ’
666 979 748 1034 ὅτι
787 981 912 1053 [ἷίὸ
945 981 1032 1052 ΙΙ.]
1091 980 1264 1042 πασας
1307 973 1424 1055 ἕχει
1483 977 1578 1038 τὰς
1625 980 1722 1031 τοῦ
1759 976 1864 1030 κό-

215 1089 357 1140 σμου
415 1065 691 1139 δυνάμεις.
729 1069 814 1124 Ἐν
879 1069 984 1144 γὰρ
1047 1072 1126 1139 τῷ
1171 1068 1366 1139 κόσμῳ
1425 1065 1526 1120 εἰσὶ
1585 1066 1718 1135 θεοὶ,
1753 1061 1862 1120 ἔστι

211 1159 303 1214 καὶ
352 1159 418 1214 τὰ
462 1160 694 1232 τέσσαρα
734 1164 1000 1234 στοιχεῖα,
1043 1154 1152 1212 ἔστι
1187 1157 1278 1211 καὶ
1323 1155 1388 1210 τα
1439 1157 1482 1192 ¹⁰
1513 1153 1688 1228 ἄλογα
1727 1157 1861 1223 ζῶα,

212 1243 326 1302 ἔστι
366 1249 454 1302 καὶ
517 1249 693 1324 φυτά·
728 1247 900 1310 πάσας
959 1244 1014 1301 δὲ
1071 1245 1268 1309 ταύτας
1323 1245 1418 1304 τὰς
1465 1241 1714 1315 δυνάμεις
1745 1237 1862 1317 ἔχει

215 1337 244 1390 ὁ
277 1332 578 1406 ὥνθρωπος.
615 1339 774 1411 Ἔχει
813 1337 918 1410 γὰρ
959 1335 1104 1390 θείαν
1153 1335 1246 1406 μὲν
1295 1331 1522 1403 δύναμιν
1565 1334 1666 1400 τήν
1713 1331 1866 1408 λογι-

213 1429 338 1492 κήν,
381 1419 500 1500 ἔχει
545 1427 643 1496 τὴν
689 1431 794 1480 τῶν
830 1424 1117 1499 στοιχείων
1151 1424 1454 1500 φύσιν,τ·ἓ,ν
1493 1422 1784 1494 θρεπτικὴν
1817 1421 1860 1456 ίι

209 1517 302 1570 καὶ
334 1515 628 1586 αὐξητικὴν
659 1517 742 1570 καὶ
780 1520 878 1571 τοῦ
925 1514 1121 1588 ὁμοίου
1153 1515 1494 1587 γεννητικτςν.
1530 1518 1614 1567 Ἐν
1671 1510 1863 1584 ἑκάστῃ

211 1602 270 1660 δὲ
327 1604 534 1660 τούτων
589 1603 854 1673 Λείπεται,
882 1603 970 1658 καὶ
1012 1601 1192 1674 ὥσπερ
1251 1603 1278 1655 6
1331 1600 1628 1662 πένταθλος
1688 1598 1862 1660 πάσας

211 1691 358 1768 ἔχων
391 1694 486 1756 τὰς
535 1691 790 1766 δυνάμεις
823 1697 930 1748 τῶν
960 1690 1296 1763 ἀθλημάτων
1331 1691 1378 1726 η
1425 1689 1476 1744 ἐν
1525 1689 1722 1762 ἑκάστῃ
1763 1687 1860 1756 ἥτ-

207 1803 320 1838 των
375 1783 488 1838 ἐστὶ
543 1787 640 1838 τοῦ
683 1780 737 1838 ἓν
795 1805 846 1837 τι
893 1778 1328 1850 ἐπιτηδεύοντος,
1380 1777 1522 1834 οὕτω
1561 1778 1650 1832 καὶ
1701 1779 1729 1832 6
1767 1775 1864 1832 ἇν-

1977 623 2166 690 bruta,
2203 623 2439 694 plantae.
2469 623 2587 680 Has
2617 641 2823 680 omnes
2845 629 3130 697 potentias
3149 633 3405 700 possidet
3429 636 3627 698 homo.

1976 711 2152 767 habet
2173 713 2454 768 rationem
2489 729 2590 782 pro
2615 715 2812 768 divina.
2829 716 3058 782 virtute,
3089 717 3265 775 habet
3291 739 3392 791 pro
3425 732 3630 784 natura

1974 799 2390 858 elementorum
2425 801 2692 859 movendi
2725 805 3066 874 vim,440b
3091 811 3630 886 crescendi,suique

1973 892 2224 948 similem
2259 895 2682 964 productricem
2711 897 2996 967 :singulis
3027 898 3120 954 his
3153 899 3393 956 inferior
3413 908 3520 957 est.
3549 907 3626 959 Ac

1972 983 2464 1051 quemadmodum
2499 985 2835 1054 pentathlus
2865 1003 3068 1042 omnes
3099 987 3321 1044 habens
3361 991 3626 1063 virtutes,

1973 1069 2030 1124 in
2065 1070 2318 1143 singulis
2349 1077 2541 1128 tamen
2577 1075 2770 1129 minor
2797 1081 2886 1130 est
2923 1092 3012 1145 eo,
3046 1077 3144 1148 qui
3181 1095 3362 1134 unum
3393 1080 3628 1151 aliquod

1971 1165 2262 1216 certamen
2293 1161 2468 1218 callet
2499 1177 2512 1216 :
2547 1163 2630 1218 ita
2661 1169 2718 1218 et
2747 1165 2920 1220 homo
2953 1183 3158 1222 omnes
3202 1167 3425 1225 habens
3448 1171 3630 1226 virtu-

1971 1254 2081 1316 tes,
2114 1249 2172 1304 in
2205 1250 2453 1322 singulis
2475 1251 2771 1322 sigillatim
2797 1261 3128 1324 superatur.
3153 1257 3436 1312 Minorem
3471 1257 3626 1314 enim

1973 1339 2212 1392 rationis
2243 1355 2412 1394 usum
2449 1339 2732 1394 habemus
2763 1357 2938 1412 quam
2971 1343 3082 1413 ipsi
3115 1345 3214 1411 dii,
3247 1355 3298 1400 et
3331 1348 3527 1402 minus
3557 1349 3628 1403 de

1971 1426 2276 1481 elementis
2315 1443 2490 1498 quam
2513 1430 2640 1498 ipsa
2661 1429 2970 1486 elementa.
2996 1433 3299 1503 Cupiditas
3324 1447 3372 1488 et
3399 1437 3626 1490 iracun-

1970 1515 2064 1570 dia
2109 1526 2308 1571 nostra
2363 1517 2549 1573 minor
2597 1535 2772 1588 quam
2831 1520 3126 1576 brutorum
3165 1539 3176 1575 :
3209 1541 3238 1578 a
3273 1523 3482 1593 plantis
3515 1543 3628 1580 nu-

1969 1604 2180 1659 triendi
2211 1610 2268 1660 et
2298 1607 2666 1662 accrescendi
2691 1607 2970 1678 qualitate
2999 1610 3311 1666 vincimur.
3346 1615 3532 1678 Quare
3561 1617 3628 1668 ut

1969 1709 2001 1748 θ
2029 1693 2204 1750 variis
2236 1696 2540 1764 compositi
2573 1695 2766 1764 rebus,
2797 1696 2973 1752 vitam
3008 1715 3134 1768 qua;
3167 1717 3316 1772 aegre
3357 1703 3624 1758 traduca-

1969 1788 2064 1842 tur
2115 1785 2428 1842 habemus.
2485 1785 2614 1840 Alia
2665 1787 2818 1841 enim
2863 1788 3060 1842 omnia
3111 1790 3182 1843 ab
3236 1805 3352 1845 una
3397 1794 3622 1846 tantum

207 1873 430 1946 θρωπος
481 1873 652 1933 πάσας
701 1871 846 1950 ἔχων
883 1873 976 1932 τὰς
1010 1868 1262 1941 δυνάμεις
1311 1868 1362 1923 ἐν
1419 1868 1614 1942 ἑκάστῃ
1676 1865 1843 1922 λείπε-

345 1963 410 1971 __
574 1965 612 1971 _-
704 1962 714 1971 .
856 1962 866 1971 .
962 1957 984 1971 ..
1248 1960 1260 1971 .
1341 1956 1358 1971 η
1519 1960 1530 1971 .
1636 1955 1690 1971 κ,

1971 1883 2178 1929 natura
2211 1879 2501 1946 reguntur,
2529 1891 2633 1930 nos
2653 1891 2786 1931 vero
2819 1875 3086 1932 homines
3115 1879 3294 1934 variis
3323 1879 3624 1950 qualitati-

203 1981 318 2018 ται.
345 1963 536 2017 Ἠττον
571 1965 612 1999 ⁸³
664 1962 758 2032 μὲν
807 1962 910 2035 γὰρ
960 1957 1160 2034 ἔχομεν
1203 1960 1301 2028 τήν
1341 1956 1571 2032 λογικὴν
1633 1955 1858 2030 δύναμιν

207 2048 350 2126 ⁴ἒνίπερ
398 2052 448 2105 οἱ
481 2053 615 2118 θεοὶ,
647 2055 737 2105 καὶ
774 2052 842 2104 τὰ
887 2055 992 2104 τῶν
1047 2048 1336 2124 στοιχείων
1367 2047 1576 2118 ὁμοίως
1616 2048 1780 2114 ἦττον
1818 2049 1852 2116 ἢ

205 2138 406 2206 ἐκεῖνα,
437 2141 526 2194 καὶ
577 2140 666 2194 τὸν
712 2141 882 2213 θυμὸν
919 2139 1008 2193 καὶ
1055 2137 1343 2210 ἐπιθυμίαν
1401 2134 1708 2209 ἐνδεέστερα
1746 2137 1853 2190 τῶν

203 2226 258 2283 ἐν
315 2235 430 2290 τοῖς
470 2225 718 2303 ἀλόγοις,
778 2227 869 2282 καὶ
907 2229 1006 2296 τήν
1061 2227 1352 2301 θρεπτικὴν
1406 2227 1494 2280 καὶ
1559 2225 1850 2294 αὐξητικὴν

205 2315 434 2391 δύναμιν
485 2315 880 2390 ἐλαττουμένοις
917 2321 1022 2371 τῶν
1071 2315 1122 2370 ἐν
1179 2321 1292 2376 τοῖς
1343 2319 1552 2392 φυτοῖς.
1585 2315 1744 2370 ’Όθεν
1795 2311 1854 2368 ἐκ

201 2405 475 2462 ποικίλων
517 2403 797 2480 δυνάμεων
833 2411 1160 2466 συνεστῶτες
1202 2402 1543 2478 δυσχρηστον
1588 2404 1678 2457 τὸν
1730 2403 1848 2476 βίον

205 2490 436 2573 ἔχομεν.
468 2500 732 2552 Ἕκαστον
779 2497 882 2570 γὰρ
927 2500 1034 2550 τῶν
1099 2494 1282 2550 ἄλλων
1345 2493 1446 2547 ὑπὸ
1481 2497 1606 2562 μιᾶς
1637 2493 1847 2567 φύσεως

201 2585 524 2654 οἰακίζεται,
584 2587 746 2658 ἡμεῖς
807 2582 864 2640 δὲ
925 2585 1028 2639 ὑπὸ
1086 2588 1191 2638 τῶν
1240 2581 1514 2660 διαφόρων
1566 2579 1844 2654 δυνάμεων

198 2674 362 2748 [1320
390 2676 481 2748 R.]
523 2675 928 2746 ἃντισπώμεθα,
963 2676 1078 2728 οἷον
1109 2674 1240 2728 ποτέ
1274 2673 1366 2744 μὲν
1419 2672 1518 2726 ὑπὸ
1561 2675 1658 2725 τοῦ
1689 2671 1845 2726 Θείου

193 2761 510 2836 ἀναγόμεθα
541 2761 626 2818 ἐπὶ
665 2764 732 2816 τὰ
775 2765 818 2800 ιθ
857 2761 1108 2835 κρείττω,
1139 2761 1272 2816 ποτὲ
1321 2758 1378 2814 δὲ
1405 2765 1503 2815 τοῦ
1539 2757 1844 2834 θηριώδους

191 2849 658 2924 ἐπικρατήσαντος
713 2849 802 2904 ἐπὶ
851 2851 917 2905 τὰ
973 2849 1146 2928 χείρω
1180 2869 1193 2881 ·
1245 2847 1454 2921 ὁμοίως
1503 2845 1560 2902 δὲ
1607 2847 1696 2902 καὶ
1754 2845 1840 2902 ἐπὶ

189 2943 298 2994 τῶν
350 2937 538 2993 ἄλλων
589 2936 892 3010 δυνάμεων.
928 2940 1053 2994 Ἐὰν
1104 2935 1195 2992 οὖν
1227 2959 1311 2998 τις
1353 2936 1654 3011 θεραπεύσῃ
1693 2935 1840 2992 τὸὲν

189 3029 328 3098 ἡμῖν
379 3032 556 3095 Θεῖον,
590 3027 770 3100 ὥσπερ
819 3027 1050 3102 ἡνίοχον
1100 3025 1437 3101 ἐγρηγορότα
1477 3027 1568 3080 καὶ
1618 3025 1840 3096 ἐπιστή-

191 3136 330 3188 μονα
381 3114 694 3186 ἐπιστήσας,
729 3115 1014 3187 δυνήσεται
1076 3117 1274 3189 ἑκάστῃ
1343 3120 1449 3171 τῶν
1493 3114 1680 3171 ἄλλων
1741 3114 1836 3170 δυ-

181 3203 400 3276 νάμεων
451 3204 530 3266 εἷς
573 3203 694 3260 δέον
754 3207 1082 3278 χρήσασθαι,
1115 3209 1186 3278 τῇ
1231 3225 1288 3260 τε
1319 3206 1506 3280 κράσει
1538 3206 1684 3280 φημί
1727 3211 1838 3262 τῶν

1969 1963 2122 2018 tibus
2153 1963 2558 2032 distrahimur,
2584 1967 2666 2030 ut,
2701 1981 2858 2020 nunc
2890 1983 2923 2020 a
2953 1967 3059 2022 deo
3089 1967 3380 2023 trahimur
3399 1969 3472 2022 ad
3503 1985 3621 2023 me-

1965 2051 2132 2120 liora,
2183 2069 2338 2108 nunc
2387 2053 2652 2110 vincente
2683 2054 2736 2107 vi
2791 2056 3030 2110 animali
3075 2057 3146 2110 ad
3181 2057 3504 2126 deteriora;
3537 2058 3620 2113 sic

1964 2147 2022 2197 et
2051 2143 2108 2197 in
2139 2143 2362 2198 caeteris
2394 2143 2684 2213 potenliis.
2717 2143 2776 2198 Si
2809 2145 2942 2216 quis
2971 2145 3154 2217 igitur
3179 2146 3422 2203 coluerit
3462 2147 3618 2217 quod

1965 2231 2022 2287 in
2055 2232 2224 2288 nobis
2255 2232 2400 2304 ipsis
2430 2233 2692 2288 divinum
2725 2239 2834 2300 est,
2867 2234 3057 2289 instar
3087 2236 3306 2306 auriga:
3335 2235 3528 2306 vigilis
3552 2251 3618 2290 ac

1961 2320 2150 2392 periti,
2186 2322 2396 2392 poterit
2440 2321 2692 2392 singulis
2723 2322 3070 2388 virtutibus,
3105 2323 3504 2395 permistione,
3537 2324 3621 2378 in.

1959 2426 2158 2480 quam,
2191 2411 2636 2477 elementorum,
2667 2411 2771 2480 ira,
2807 2412 3144 2480 cupiditate,
3179 2413 3498 2482 habituque
3531 2429 3618 2466 ra-

1957 2500 2136 2554 tionis
2174 2507 2426 2570 experte,
2460 2502 2650 2570 quoad
2685 2517 2786 2570 par
2819 2509 2904 2554 est
2933 2501 3035 2556 uti.
3075 2501 3494 2554 Difﬁcillimum
3527 2507 3618 2555 est

1956 2589 2218 2658 seipsum
2253 2604 2450 2654 nosse,
2483 2591 2752 2658 quamvis
2783 2587 2950 2642 facile
2981 2589 3286 2644 videatur:
3320 2591 3472 2660 quod
3508 2590 3614 2660 Py-

1955 2679 2061 2732 thii
2089 2679 2376 2749 Apollinis
2406 2695 2537 2734 esse
2567 2677 2791 2743 dicunt,
2827 2679 2959 2733 licet
2989 2679 3060 2732 ad
3093 2679 3393 2734 Chilonem
3431 2695 3612 2736 unum

1953 2783 1984 2822 e
2014 2779 2236 2837 septem
2269 2767 2636 2838 sapientibus
2659 2767 2930 2822 referant.
2957 2767 3074 2822 Nos
3095 2771 3290 2822 autem
3323 2767 3612 2833 hortatur,

1955 2862 2016 2912 ut
2067 2859 2335 2928 quisque,
2383 2857 2518 2927 quid
2569 2857 2773 2927 possit,
2820 2862 3152 2927 cognoscat.
3203 2856 3316 2912 Sed
3351 2856 3494 2912 nihil
3528 2863 3612 2912 est

1951 2946 2131 3011 aliud,
2161 2962 2318 3002 nosse
2344 2962 2401 3001 se
2443 2945 2645 3016 ipsum,
2679 2961 2856 3016 quam
2891 2945 3072 3001 totius
3103 2945 3306 3000 mundi
3337 2950 3607 3002 naturam

1951 3052 2144 3102 nosse,
2177 3036 2334 3106 quod
2363 3036 2488 3092 sine
2513 3035 2880 3108 philosOphia
2903 3033 3024 3090 fieri
3051 3051 3162 3092 non
3189 3039 3400 3106 potest,
3426 3036 3611 3106 quod-

1953 3141 2064 3196 que
2095 3125 2248 3180 Deus
2279 3141 2386 3180 nos
2417 3129 2628 3180 mouet.
2653 3123 3020 3195 Cognitionis
3044 3129 3172 3178 octo
3195 3129 3567 3195 suntorgana
3594 3138 3608 3176 :

1953 3231 2185 3280 sensus,
2207 3215 2570 3282 imaginatio,
2605 3231 2719 3282 ars,
2743 3213 2962 3286 opinio,
2987 3213 3300 3284 prudentia
3344 3213 3608 3279 scientia,

185 3293 474 3368 στοιχείων
503 3293 596 3348 καὶ
623 3299 704 3366 τῷ
733 3297 890 3366 θυμῷ
919 3296 1010 3348 καὶ
1053 3299 1124 3368 τῇ
1179 3293 1438 3366 ἐπιθυμίᾳ
1469 3295 1558 3348 καὶ
1615 3300 1684 3369 τῇ
1719 3296 1838 3370 ὁρέο

1954 3273 2260 3374 sapientia,
2313 3273 2500 3358 mens.
2551 3273 2798 3370 Artem;
2831 3273 3225 3374 prudentiam,
3281 3273 3607 3370 scientiam,

185 3385 278 3455 ξει.
334 3381 412 3439 Τὸ
459 3386 584 3455 γοῦν
642 3384 806 3458 γνῶθι
866 3383 1082 3452 σαυτὸν,
1142 3380 1336 3436 δοκοῦν
1407 3383 1600 3457 ῥᾷστον
1681 3385 1834 3453 εἶναι,

183 3471 398 3526 πάντων
461 3471 572 3526 ἐστὶ
637 3473 1031 3550 χαλεπώτατον
1066 3492 1078 3504 ·
1131 3473 1160 3526 ’ὀ
1191 3473 1282 3527 καί
1325 3494 1454 3550 φασι
1493 3476 1589 3527 τοῦ
1631 3473 1832 3529 Πυθίου

187 3559 318 3614 ετνοιι
351 3560 728 3628 Ἀπόλλωνος,
761 3560 806 3615 εί
836 3559 926 3615 καὶ
959 3561 1034 3621 εἷς
1065 3559 1290 3617 Χίλωνα
1317 3567 1423 3615 τῶν
1462 3562 1594 3616 ἑπτα
1653 3567 1836 3635 σοφῶν

182 3648 276 3704 ἕνα
344 3651 404 3705 τὲ
463 3651 794 3726 ἀπόφθεγμα
877 3649 1220 3727 ἀναφέρουσι.
1277 3655 1534 3724 Παραινεῖ
1607 3647 1652 3704 δ’
1701 3653 1834 3721 ἡμῖν

186 3739 388 3816 γνῶναι
444 3741 542 3807 τῆν
603 3741 804 3794 ἑαυτῶν
861 3737 1110 3812 δύναμιν.
1159 3740 1228 3794 Τὸ
1280 3736 1337 3793 δὲ
1384 3743 1586 3813 γνῶναι
1645 3739 1830 3794 ἑαυτὸν

186 3826 338 3884 οὐδὲν
371 3826 513 3884 ἄλλο
555 3827 695 3884 ἐστὶν
725 3830 759 3900 ἢ
791 3831 890 3898 τήν
924 3830 970 3863 (⁵
997 3831 1092 3882 τοῦ
1125 3829 1433 3899 σύμπαντος
1489 3827 1701 3900 κόσμου
1733 3829 1831 3904 φύ-

185 3939 266 3972 σιν
299 3923 518 3994 γνῶναι.
552 3917 730 3975 Tui-ro
773 3915 830 3972 δὲ
877 3915 1136 3972 ἀδύνατον
1167 3915 1292 3972 ἄνευ
1338 3919 1434 3971 τοῦ
1463 3913 1784 3994 φιλοσοφεῖν
1815 3937 1828 3950 ·

185 4005 318 4079 ὅπερ
351 4009 485 4078 ἡμῖν
532 4008 558 4060 6
609 4007 740 4066 Θείς
795 4012 1066 4082 παραινεῖ.
1099 4007 1224 4064 ’Ότι
1253 4006 1506 4081 γνώσεως
1538 4005 1682 4060 ὀκτώ
1737 4027 1834 4079 φα-

185 4117 268 4150 σιν
353 4093 578 4170 ὄργανα,
638 4092 908 4166 α’ίσιὶησιν,
967 4095 1284 4168 φαντασίαν,
1367 4095 1590 4169 τεχνην,
1651 4091 1830 4164 δόξαν,

183 4186 464 4264 φρόνησιν,
523 4186 854 4258 ἐπιστήμην,
915 4187 1125 4262 σοφίαν,
1191 4189 1334 4241 νοῦν.
1391 4185 1610 4240 Τούτων
1677 4185 1832 4240 κοινά

186 4277 280 4348 μέν
319 4275 460 4330 ἐστιν
503 4278 636 4346 ἡμῖν
688 4277 823 4349 πρὸς
860 4274 924 4329 τὰ
968 4276 1086 4328 θεῖα
1113 4273 1282 4350 τέχνη
1324 4273 1416 4328 καὶ
1447 4274 1708 4352 φρόνησις
1740 4273 1829 4330 καὶ

183 4364 462 4436 ἐπιστήμη
516 4365 604 4418 καὶ
663 4367 812 4432 νοῦς,
849 4363 982 4436 πρὸς
1043 4361 1098 4418 δὲ
1128 4365 1193 4418 τὰ
1233 4362 1408 4438 ἄλογα
1435 4361 1686 4432 α’ίσθησις
1741 4364 1829 4418 καὶ

183 4457 448 4532 φαντασία
471 4475 483 4486 ·
510 4451 656 4507 ’ἰδιον
699 4450 756 4507 Si
801 4455 954 4524 ἡμῶν
995 4449 1158 4526 μόνον
1193 4455 1227 4520 ἡ
1269 4451 1414 4524 δόξα.
1448 4453 1602 4509 Ἔστι
1657 4449 1712 4506 δὲ
1746 4451 1830 4508 α’ί-

185 4545 376 4612 σθησις
411 4543 505 4616 μὲν
559 4547 754 4616 γνῶσις
807 4541 1009 4616 ψευδὴς
1043 4541 1132 4597 διὰ
1178 4543 1456 4615 σώματος,
1479 4543 1741 4619 φαντασία
1773 4541 1830 4598 δὲ

1949 3399 2226 3460 mentem,
2247 3407 2617 3446 communem
2644 3407 2778 3446 rum
2816 3391 2926 3444 diis
2949 3391 3254 3446 habemus.
3280 3391 3530 3445 Sensum
3549 3393 3609 3444 et

1945 3480 2416 3550 imaginationem
2470 3496 2601 3534 cum
2655 3480 2877 3533 bestiis.
2925 3477 3105 3533 Nobis
3137 3484 3330 3533 autem
3381 3477 3607 3533 solum-

1947 3571 2117 3623 modo
2145 3569 2378 3639 propria
2408 3573 2496 3622 est
2525 3567 2744 3638 opinio.
2777 3567 2998 3621 Sensus
3027 3571 3118 3620 est
3148 3566 3322 3620 fallax
3350 3566 3604 3636 cognitio

1945 3673 2046 3726 per
2065 3673 2296 3727 corpus.
2315 3656 2660 3725 Imaginatio
2699 3659 2886 3709 motus
2907 3655 3144 3724 quidam
3177 3655 3234 3707 in
3259 3655 3474 3709 animo.
3493 3657 3604 3710 Ars

1943 3751 2026 3798 est
2056 3743 2293 3798 habitus
2313 3759 2442 3797 cum
2467 3745 2688 3798 ratione
2709 3742 2984 3796 laborans
3007 3759 3022 3806 ;
3045 3742 3278 3794 additur
3299 3741 3449 3807 hoc.,
3477 3757 3600 3796 cum

1943 3831 2177 3896 ratione,
2218 3831 2355 3901 quia
2386 3829 2562 3886 etiam
2605 3845 2818 3885 aranea
2860 3833 3156 3899 operatur,
3190 3835 3592 3884 verumtamen

1943 3919 2070 3974 sine
2108 3917 2353 3973 ratione.
2404 3918 2718 3972 Prudentia
2765 3923 2846 3972 est
2881 3915 3143 3982 habitus,
3175 3916 3274 3987 qui
3307 3917 3366 3970 in
3417 3917 3592 3972 rebus

1943 4015 2094 4064 recte
2143 4005 2490 4078 peragendis
2537 4010 2888 4060 continetur.
2931 4003 3184 4060 Scientia
3213 4009 3303 4060 est
3359 4005 3591 4060 habitus

1941 4115 2142 4154 eorum
2175 4115 2306 4168 quae
2335 4113 2566 4169 semper
2595 4103 2650 4151 et
2679 4095 2950 4152 similiter
2980 4095 3182 4151 eadem
3211 4096 3465 4152 luerunt.
3499 4095 3594 4150 Sa-

1940 4189 2157 4258 pientia
2206 4186 2594 4258 plurimarum
2627 4201 2940 4242 causarum
2971 4185 3246 4256 cognitio.
3281 4185 3447 4240 Mens
3477 4185 3590 4239 ini-

1941 4277 2092 4332 tium
2117 4285 2172 4332 et
2204 4277 2334 4331 fons
2373 4277 2564 4331 omnis
2599 4275 2754 4330 boni.
2789 4276 2930 4330 Tres
2960 4281 3096 4330 sunt
3125 4273 3436 4330 docilitatis
3467 4291 3592 4346 par-

1941 4371 2064 4420 tes:
2123 4365 2378 4432 solertia,
2440 4363 2720 4419 memoria
2785 4367 2844 4418 et
2889 4361 3106 4434 ingenii
3160 4363 3268 4417 vis.
3319 4359 3592 4416 Memoria

1940 4457 2132 4511 441a
2161 4455 2411 4510 custodit
2457 4471 2524 4508 ea
2553 4470 2681 4525 qua:
2713 4453 3010 4524 quondam
3065 4451 3196 4522 quis
3237 4451 3462 4506 didicit.
3491 4449 3592 4504 Vis

1943 4545 2162 4614 ingenii
2195 4540 2666 4610 estintelligendi
2690 4539 2986 4598 velocitas.
3013 4538 3258 4594 Solertia
3287 4546 3372 4592 est
3403 4553 3470 4594 ex
3499 4537 3589 4607 iis,

182 4633 396 4700 κίνησις
426 4632 478 4686 ἐν
508 4635 686 4706 ψυχῇ,
717 4631 882 4705 τέχνη
921 4629 978 4686 δὲ
1025 4627 1132 4701 ἕξις
1165 4633 1428 4701 ποιητική
1482 4633 1615 4704 μετὰ
1659 4633 1830 4706 Λόγου

1954 4651 2066 4706 qua!
2112 4633 2243 4704 quis
2291 4631 2514 4694 didicit,
2546 4647 2614 4686 ea
2663 4630 3008 4699 investigare
3057 4643 3188 4699 quae
3221 4643 3332 4682 non
3367 4625 3590 4682 didicit.

184 4721 268 4794 (τὸ
309 4718 366 4776 δὲ
423 4721 558 4792 μετά
607 4721 772 4796 λόγου
813 4722 856 4758 ¹⁸
889 4719 1226 4794 πρόσκειται,
1255 4719 1338 4776 ὅτι
1382 4720 1470 4776 καὶ
1512 4723 1540 4776 6
1579 4719 1822 4796 ἀράχνης

183 4817 350 4878 ποιεῖ,
391 4809 516 4864 ἀλλ’
550 4811 614 4864 οὗ
671 4811 802 4882 μετὰ
863 4810 1074 4884 λόγου),
1105 4811 1370 4887 φρόνησις
1401 4807 1456 4864 δὲ
1493 4809 1600 4881 ἕξις
1641 4832 1831 4885 προαι-

186 4899 370 4973 ρετική
401 4905 500 4966 τῆς
549 4898 600 4952 ἐν
648 4903 762 4960 τοῖς
797 4905 1062 4972 πρακτοῖς
1109 4899 1427 4973 ὀρθότητος,
1461 4898 1737 4973 ἐπιστήμη
1772 4897 1828 4956 δὲ

183 4985 290 5058 ἕξις
340 4991 445 5042 τῶν
492 4985 570 5042 ἀεέ
617 4989 754 5042 κατᾶ
797 4987 864 5043 τὰ
909 4988 1044 5042 αὐτὰ
1090 4987 1179 5043 καὶ
1238 4989 1498 5053 ὡσαύτως
1563 4987 1826 5064 ἐχόντων,

189 5077 348 5153 σοφία
415 5074 470 5131 δὲ
540 5075 816 5150 ἐπιστήμη
874 5082 982 5132 τῶν
1037 5077 1270 5152 πρώτων
1325 5078 1538 5148 αἰτίων,
1588 5083 1714 5140 νοῦς
1771 5075 1828 5132 δὲ

187 5167 334 5242 αρχή
383 5165 470 5220 καί
527 5169 681 5242 πηγὴ
713 5167 926 5222 πάντων
965 5173 1071 5222 τῶν
1109 5167 1316 5223 καλῶν.
1349 5171 1468 5224 ’Ὁτι
1515 5167 1636 5242 τρία
1686 5169 1822 5242 μέρη

187 5255 466 5328 εὖμαθίας,
498 5256 772 5332 ἀγχίνοια,
821 5260 1036 5330 μνήμη,
1078 5257 1294 5328 ὀξύτης.
1335 5259 1540 5332 Μνῆμη
1587 5257 1679 5330 μὲν
1731 5257 1822 5310 οὖν

1932 4724 2068 4779 Tria
2121 4725 2262 4778 sunt
2309 4737 2438 4791 quae
2481 4719 2612 4776 coeli
2663 4720 2896 4774 nomine
2933 4719 3238 4773 dicuntur:
3275 4716 3460 4788 primo
3491 4715 3592 4770 ﬁr-

1939 4817 2302 4868 mamentum
2331 4829 2344 4870 ;
2369 4811 2624 4866 secundo
2647 4808 2930 4864 distantia
2951 4807 3049 4862 illa
3071 4823 3200 4877 quae
3219 4811 3307 4862 est
3327 4823 3360 4860 a
3393 4805 3592 4859 firma-

1937 4905 2133 4956 mento
2167 4915 2354 4972 usque
2387 4901 2456 4954 ad
2490 4899 2734 4965 lunam;
2771 4898 2936 4952 tertio
2965 4896 3269 4952 universus
3310 4894 3590 4960 mundus,

1935 4991 2171 5058 ccelum,
2201 4989 2468 5060 inquam,
2501 4993 2557 5043 et
2607 4993 2778 5043 terra.
2814 4986 3047 5058 Optima
3077 4989 3132 5040 et
3173 4985 3426 5056 pessima
3458 4988 3594 5038 nata

1934 5085 2092 5148 sunt,
2125 5079 2332 5150 inquit,
2361 5079 2432 5134 ad
2489 5093 2723 5154 semper
2761 5077 3144 5148 operandam,
3179 5075 3332 5129 Deus
3371 5071 3594 5129 scilicet

1935 5178 1986 5226 et
2041 5171 2278 5242 plantae.
2329 5169 2484 5225 Deus
2533 5167 2714 5236 enim,
2745 5173 2800 5223 et
2843 5183 2969 5237 quae
3001 5165 3102 5220 illa
3138 5164 3398 5236 proxima
3428 5167 3589 5218 sunt.

1936 5263 2130 5316 mente
2162 5265 2219 5316 et
2261 5258 2484 5314 ratione
2530 5271 2762 5328 semper
2791 5259 3141 5327 operantur;
3177 5256 3434 5325 itemque
3463 5267 3588 5326 ger-

1546 5441 1780 5498 VARl/E
1823 5440 2226 5498 LECTIONES.

256 5602 278 5637 ⁸
333 5595 528 5673 ἐμϐαθ.

186 5674 210 5708 9
237 5677 343 5728 τῶν
373 5677 506 5730 add.
541 5677 610 5728 A.

620 5595 970 5674 ἐμϐαίνοντες
1079 5643 1092 5658 .

691 5675 734 5710 ¹⁰
761 5673 826 5728 τὰ
857 5671 1192 5747 σοῖο-ἄλογα
1223 5671 1380 5747 deest
1413 5678 1728 5735 Holstenio.

1168 5603 1190 5638 τ
1247 5603 1414 5673 αὐτὴν
1459 5609 1591 5664 add.
1635 5611 1702 5662 A.
1779 5607 1800 5642 ⁸
1831 5601 1945 5678 οὔχ
1993 5602 2074 5659 ὅτι
2119 5609 2166 5661 Α
2199 5621 2214 5660 :
2249 5603 2348 5658 οὐκ
2387 5601 2490 5678 ἄρα
2523 5625 2564 5666 ς.
2599 5605 2752 5673 apud
2795 5602 3156 5659 Holstcnium
3193 5599 3291 5655 οῦκ
3321 5597 3422 5672 ἄρα
3477 5599 3581 5656 ὅτι.

1168 5693 1190 5712 -.
1223 5678 1376 5712 τιοαει
1413 5678 1705 5712 uacuum.
1807 5679 1848 5712 11
1883 5678 2172 5712 ..η-.-.νου
2215 5697 2233 5708 .
2335 5677 2380 5710 ιε
2423 5679 2530 5712 ..::...
2589 5675 2924 5712 Μήνης-..λυ
2985 5681 3110 5712 ηηρι
3169 5670 3581 5712 ἐτη-ηΣρ-ςηυ-μω

1838 5683 1848 5714 ¹
1883 5678 2172 5744 τρεπτικὴν
2210 5697 2253 5738 ς.

2467 5679 2490 5690 ν

2335 5670 2530 5747 12ξτῶν
2589 5670 2924 5747 ἀθλημάτων
2985 5681 3114 5747 post
3169 5670 3585 5744 ἐπιτηδεύων-τος

191 5746 350 5816 ponit
379 5765 424 5806 ς.
509 5747 551 5782 ¹³
579 5743 734 5814 ἥατω
767 5765 810 5808 ς.
889 5745 934 5780 ¹⁴
959 5743 1026 5800 τὰ
1055 5753 1112 5804 et
1136 5731 1275 5804 'mox
1303 5746 1391 5802 ἐπὶ
1819 5731 1926 5818 τὴν⁸
1949 5767 2064 5806 om.
2220 5731 2300 5784 "°
2325 5749 2387 5804 τὸ
2418 5745 2475 5802 δὲ
2511 5747 2644 5823 μετᾶ
2675 5731 2848 5826 λξγου
2875 5731 3000 5803 om:
3025 5751 3090 5803 A.
