4210 6442
194 431 3446 496 2—
245 453 3414 481 W

1431 605 2269 777 ΦΩΤΙΟΥ

554 884 1679 1021 ΜΥΡΙΟΒΙΒΛΟΝ
1805 885 1925 1009 Η
2022 879 3115 1016 ΒΙΒΛΙΟΘΗΚΗ.

1512 1295 2171 1450 ΡΗΟΤΙΙ

422 1586 1514 1715 MYRIOBIBLON
1658 1584 2020 1714 SIVE
2158 1581 3259 1709 BIBLIOTHECA.

1800 1853 1867 1865 -

1269 1982 1643 2046 NOBILISS.
1677 1986 1773 2045 ET
1815 1987 2154 2047 AMPLISS.
2194 1989 2401 2047 VIRIS

1011 2095 1333 2167 QUIRINO
1384 2096 1948 2171 RECIIIJNGERO,
2003 2098 2258 2159 MARCO
2308 2098 2672 2167 VELSERO.

880 2222 1256 2284 AUGUST/E
1284 2224 1868 2287 VINDELICORUM
1913 2228 2343 2287 DUUMVIRIS
2374 2228 2802 2289 PILEFECTIS

1270 2343 1982 2417 SEPTEMVIRUMQUE
2013 2346 2402 2418 CULLEGIO,

756 2459 1079 2519 DOMINIS
1138 2460 1229 2519 AC
1296 2458 1672 2519 PATRONIS
1724 2459 2135 2520 PLURIMUM
2189 2460 2712 2521 OBSERVANDIS
2791 2462 2851 2520 8.
2888 2462 2949 2521 Ρ.

291 2578 519 2632 Pbotius
570 2576 681 2636 ille,
718 2575 961 2627 omnium
991 2574 1323 2628 eruditorum
1353 2583 1497 2626 tanta
1526 2576 1721 2641 petitus
1752 2575 1971 2639 ambitu,
2003 2586 2149 2627 tanta
2176 2576 2333 2627 datus
2369 2575 2466 2644 (α),
2506 2578 2719 2629 tandem
2748 2590 2779 2629 e
2820 2579 3057 2630 tenebris
3097 2587 3281 2633 erutus
3326 2582 3457 2635 exit.

230 2668 334 2720 Etsi
367 2666 517 2718 enim
553 2678 615 2715 ea
649 2670 770 2715 sunt
806 2672 991 2715 nostra
1040 2673 1307 2729 tempora,
1340 2663 1538 2729 quibus
1573 2677 1679 2717 non
1732 2662 1928 2727 injuria
1992 2660 2228 2724 dubites,
2265 2662 2454 2729 plusne
2500 2660 2767 2715 commodi
2802 2676 2867 2714 an
2906 2662 3227 2716 incommodi
3272 2680 3456 2736 respu-

229 2756 355 2806 blica
393 2749 663 2803 litteraria
695 2748 794 2801 sibi
829 2748 1023 2801 habeat
1048 2748 1332 2816 polliceri;
1366 2760 1649 2818 propterea
1684 2751 1827 2815 quod
1864 2747 1985 2800 alibi
2028 2747 2189 2809 bella,
2219 2746 2345 2800 alibi
2381 2747 2607 2800 eruditae
2642 2748 2897 2800 doctrina:
2929 2759 3268 2819 contemptus
3298 2762 3459 2820 atque

227 2844 428 2897 odium,
465 2836 681 2888 ruinam
715 2836 951 2903 aliquam
985 2836 1181 2888 minari
1216 2836 1545 2889 videantur:
1582 2847 1761 2889 tamen
1791 2852 1913 2891 eum
1946 2834 2013 2887 ab
2043 2836 2199 2888 annis
2234 2834 2375 2888 haud
2415 2836 2487 2888 ita
2520 2834 2724 2898 multis,
2753 2846 2943 2904 pra'ter
2975 2838 3457 2906 exspectationem,

226 2925 454 2980 diversis
489 2939 520 2975 e
560 2924 714 2985 locis,
746 2930 799 2975 et
849 2924 1067 2989 quidem
1119 2923 1625 2991 noonullisparum
1672 2925 1880 2993 pacatis
1920 2932 1973 2974 et
2023 2921 2354 2990 tranquillis,
2400 2921 2728 2989 complures,
2764 2932 2901 2974 noue
2935 2922 3170 2988 optima,
3219 2932 3457 2978 veterum

226 3021 514 3063 auctorum
547 3008 668 3060 libri
702 3007 754 3060 in
784 3007 962 3061 lucem
996 3008 1321 3075 prodierint,
1349 3018 1511 3073 atque
1542 3008 1705 3061 etiam
1733 3024 1874 3061 nunc
1905 3007 2147 3077 quotidie
2184 3006 2559 3077 proferantur;
2594 3008 2831 3060 animum
2863 3021 3199 3077 nequaquam
3228 3010 3458 3080 despon-

222 3097 461 3149 dcndum
504 3094 783 3147 duxerim.
819 3092 1016 3147 Verum
1054 3094 1104 3147 id
1141 3093 1359 3163 quidem
1396 3104 1499 3158 est,
1529 3096 1789 3149 stt-culum
1822 3095 1949 3149 illud
1980 3110 2227 3161 aureum,
2251 3094 2393 3164 quod
2414 3096 2585 3159 aiunt,
2618 3094 2781 3149 fuisse
2815 3094 3136 3164 ἡγεμονικόν
3162 3137 3176 3159 ,
3207 3097 3453 3163 alterum,

222 3182 453 3251 θυμικόν
482 3196 499 3211 σ
529 3181 725 3248 quibus
753 3192 811 3234 et
852 3181 1135 3249 sapientiae
1172 3191 1225 3234 et
1267 3181 1600 3237 fortitudinis
1638 3184 1795 3235 laude
1826 3183 2069 3236 homines
2102 3182 2154 3235 in
2187 3182 2377 3250 primls
2408 3180 2774 3235 excelluerunt
2802 3199 2817 3234 :
2854 3187 2945 3236 sed
2976 3198 3148 3252 neque
3175 3171 3277 3239 hoc
3321 3196 3458 3241 tem-

226 3282 379 3337 pore,
424 3268 574 3334 quod
624 3267 1019 3335 ἐπιθυμητικὸν
1067 3267 1379 3337 indigitant,
1431 3272 1732 3337 sapientum
1784 3269 2024 3323 virorqu
2069 3267 2335 3337 exempla,
2372 3268 2676 3335 virtuteque
2725 3267 2937 3322 heroica
2978 3270 3320 3338 praeditorum
3363 3273 3457 3327 de-

228 3368 385 3410 sunt:
425 3355 681 3425 ’Δρχαῖαι
712 3356 757 3406 δ’
787 3355 985 3424 ἀρεταὶ
1016 3354 1097 3424 (ιιι
1120 3354 1297 3426 Lyrici
1331 3356 1508 3409 verbis
1544 3355 1687 3426 utar)
1712 3354 1890 3426 ἀμφὶρ

1795 3354 2071 3426 φέρονται.
2105 3353 2505 3424 ἀλλασσόμεναι
2532 3355 2746 3421 γενεαῖς
2776 3353 3008 3424 ἀνδρῶν,
3049 3354 3253 3418 σθένος.
3286 3356 3456 3411 Nimi-

230 3460 339 3495 rum
381 3438 642 3497 omnibus
686 3444 905 3498 sa-culis
946 3442 1113 3512 aliqui
1156 3443 1416 3496 divinitus
1457 3443 1786 3505 excitantur,
1827 3442 1918 3511 qui
1951 3441 2264 3508 disciplinas
2302 3440 2553 3495 liberales
2589 3452 2941 3510 propagatum
2982 3449 3130 3506 eunt,
3173 3458 3291 3511 quas
3330 3446 3459 3500 sola:

226 3547 395 3599 genus
432 3530 716 3582 hominum
761 3530 971 3583 salvum
1018 3541 1183 3596 atque
1227 3530 1498 3584 incolume
1546 3540 1893 3583 conservant.
1928 3529 2045 3594 Quo
2090 3528 2385 3583 feliciorem
2426 3532 2562 3583 hanc
2595 3538 2807 3582 aetatem
2843 3540 3082 3583 nostram
3116 3530 3321 3598 judico,
3353 3547 3457 3601 qua

227 3634 345 3669 eum
377 3618 467 3668 alii
516 3617 815 3681 scriptores
842 3618 1050 3683 antiqui
1084 3617 1418 3681 revixerunt,
1454 3626 1562 3667 tttm
1600 3619 1743 3670 inter
1768 3628 1995 3672 caeteros
2027 3618 2113 3671 ille
2152 3618 2265 3685 ipse
2290 3617 2473 3685 (quem
2510 3616 2643 3685 dixi)
2676 3616 2729 3667 in
2766 3618 2909 3668 omni
2948 3631 3146 3685 genere
3182 3617 3457 3673 doctrina-

230 3719 343 3754 rum
378 3702 869 3769 pncstantissimus
898 3701 1134 3770 scriptor
1155 3701 1398 3756 Photius.
1428 3700 1524 3755 Cui
1560 3713 1618 3755 ut
1645 3717 1672 3754 a
1703 3704 1903 3756 lumine
1932 3717 2144 3762 nomen.
2182 3705 2253 3755 ita
2284 3702 2401 3755 luce
2433 3701 2614 3755 tandiu
2637 3703 2934 3756 carendum
2968 3701 3155 3768 fuisse,
3184 3704 3455 3773 demiror;

237 3788 473 3851 auctori,
521 3788 728 3855 trnjuse
754 3786 1072 3857 Myriobiblo
1111 3789 1364 3855 theologi,
1408 3789 1621 3852 medici,
1662 3790 1933 3853 historici,
1971 3799 2238 3854 oratores,
2287 3789 2539 3859 philologi
2578 3790 2815 3857 denique
2852 3790 3184 3844 uberrimum
3223 3791 3456 3846 fructum

222 3874 764 3943 etjucundissimunt
795 3890 993 3943 capere
1024 3886 1271 3944 possunt.
1316 3876 1370 3929 Id
1403 3877 1542 3944 quod
1584 3877 1797 3945 eulogia
1836 3878 2053 3939 docent,
2091 3890 2211 3943 quas
2250 3875 2372 3928 huic
2413 3876 2564 3943 operi
2613 3890 2756 3928 nunc
2788 3876 3016 3943 primum
3052 3893 3079 3929 a
3120 3880 3275 3932 nobis
3313 3881 3458 3935 edito

220 3963 584 4029 praeponenda
631 3962 968 4015 curavimus.
1011 3960 1144 4015 Nam
1194 3961 1443 4032 Eclogas,
1481 3980 1603 4017 cum
1646 3964 1914 4026 censuris,
1946 3977 2049 4015 non
2090 3978 2154 4014 ex
2198 3962 2262 4015 iis
2302 3962 2567 4035 duntaxat
2602 3960 2779 4024 libris,
2814 3962 2905 4030 qui
2950 3974 3070 4017 sunt
3112 3966 3162 4016 in
3210 3968 3457 4021 manibus

220 4048 340 4100 fere
368 4048 644 4107 omnium,
677 4047 903 4101 l’ltotius
925 4049 1106 4101 attulit
1139 4067 1154 4103 :
1181 4052 1275 4104 sed
1308 4050 1464 4120 longe
1494 4051 1648 4119 plura
1691 4064 1753 4103 ex
1790 4050 2001 4103 illorum
2038 4052 2402 4103 monumentis
2430 4049 2882 4119 ἀποσπασμάτια.
2914 4053 3002 4117 qui
3044 4053 3123 4105 vel
3155 4061 3454 4121 temporum

221 4134 421 4199 injuria
456 4149 685 4203 prorsus
710 4137 921 4199 amissi,
950 4137 1033 4190 vel
1061 4141 1417 4206 quorumdam
1453 4137 1812 4207 βιϐλιοτάφων
1848 4135 2047 4189 invidia
2082 4136 2290 4189 nonnisi
2327 4136 2508 4189 blattis
2534 4136 2765 4203 expositi
2800 4146 2944 4190 sunt.
2974 4137 3161 4206 Neque
3187 4154 3252 4192 ex
3284 4140 3458 4193 sacris

221 4233 457 4284 tantum,
515 4224 609 4273 sed
654 4233 709 4274 et
745 4226 950 4277 exteris
996 4225 1377 4293 scriptoribus.
1427 4224 1557 4278 Tam
1606 4226 1749 4277 enim
1792 4225 1982 4277 horum
2032 4225 2252 4291 prodest
2301 4224 2479 4287 lectio,
2518 4223 2779 4292 judicium
2821 4224 2865 4277 si
2914 4226 3254 4290 adhibeatur,
3292 4243 3454 4296 quam

219 4308 391 4376 Moysi
442 4326 551 4359 non
608 4309 782 4362 obluit
834 4310 1245 4378 Aigyptiorum.
1310 4311 1513 4365 Danieli
1570 4311 1981 4373 Chaldaeorum,
2043 4309 2103 4363 Ο.
2153 4310 2320 4364 Paulo
2376 4308 2688 4364 Graecorum
2745 4310 3057 4379 disciplinas
3114 4314 3453 4380 cognovisse,

215 4394 485 4446 Israelitis
516 4394 753 4463 denique
786 4411 913 4449 vasa
943 4413 1009 4450 ex
1032 4395 1269 4467 Egypto
1299 4399 1349 4450 in
1380 4397 1720 4454 Palwstinam
1767 4411 1947 4450 secum
1991 4396 2350 4451 transtulisse.
2385 4395 2509 4450 ideo
2552 4412 2759 4449 summa
2802 4396 2891 4449 hic
2927 4397 3050 4458 llde,
3086 4400 3175 4465 qui
3216 4398 3457 4454 delectus

212 4483 428 4542 ιιειιιυιί,
463 4484 609 4533 unde
642 4482 761 4547 plus
806 4482 1049 4534 minusve
1081 4482 1391 4550 exspectari
1428 4486 1619 4552 possit.
1650 4483 1876 4537 Pltotius
1912 4484 2171 4536 ostendit.
2219 4482 2331 4536 lloc
2374 4498 2509 4550 opus
2538 4482 2682 4535 varia
2714 4492 2770 4536 et
2809 4482 3087 4551 multiplici
3126 4496 3233 4538 tam
3274 4501 3451 4539 rermu

207 4584 385 4633 qttam
416 4569 707 4621 verborum
738 4568 999 4621 refertum
1027 4571 1383 4638 supellectile,
1413 4574 1511 4623 viri
1540 4571 1890 4633 nobilissimi,
1918 4585 2014 4623 cur
2042 4570 2104 4622 Α.
2146 4568 2205 4624 V.
2245 4580 2617 4625 consecratum
2660 4571 2839 4631 velim,
2883 4572 3064 4623 multae
3101 4588 3275 4625 causae
3304 4580 3450 4626 sunt.

206 4653 271 4702 ln
308 4653 408 4707 hac
442 4655 588 4706 enim
626 4656 758 4707 urbe
796 4656 869 4707 illi
909 4662 1139 4723 renasci,
1177 4659 1510 4712 characteris
1556 4657 1823 4725 elegantia
1864 4656 2140 4718 exornari,
2165 4670 2195 4708 e
2231 4668 2405 4709 vestra
2444 4657 2638 4709 illustri
2679 4655 3006 4709 Bibliotheca
3048 4657 3264 4710 vulnera
3300 4673 3449 4727 quae-

205 4741 347 4790 dam
377 4742 585 4805 sanari,
628 4743 975 4797 accessiones
1021 4744 1252 4813 denique
1306 4746 1443 4808 lteri,
1492 4743 1739 4813 contigit.
1790 4742 1846 4795 In
1896 4744 1999 4796 hac
2042 4758 2208 4796 musa:
2242 4753 2294 4794 et
2332 4744 2517 4809 gratiae
2554 4742 2882 4795 domicilium
2925 4752 3094 4795 nactae
3131 4744 3448 4807 creduntur,

203 4827 367 4893 quod
399 4827 431 4878 ii
466 4829 834 4893 gubernacula
882 4830 1190 4899 reipublicae
1220 4840 1459 4896 teneant,
1485 4832 1575 4898 qui
1609 4832 1674 4884 ab
1712 4833 1935 4885 ineunte
1966 4840 2123 4882 aelate
2154 4830 2349 4883 litteris
2378 4830 2627 4881 omnilms
2662 4828 2828 4882 dediti
2870 4828 2971 4881 hoc
3002 4844 3167 4897 genus
3207 4832 3447 4887 laborum

200 4926 263 4965 et
302 4915 562 4981 probant.
588 4923 642 4967 ct
675 4932 769 4969 eos
803 4918 1059 4986 adjuvare
1092 4920 1350 4987 gestiunt,
1384 4922 1473 4987 qui
1514 4935 1733 4973 omnem
1770 4920 1823 4972 in
1866 4919 2052 4970 eodem
2094 4931 2313 4985 Operam
2350 4926 2577 4983 ponunt.
2615 4916 2666 4967 In
2705 4919 2825 4977 hac,
2861 4928 3039 4970 vestro
3071 4920 3333 4985 auspicio,
3365 4936 3449 4974 re-

201 5001 468 5052 centibus
506 5002 679 5067 iisque
721 5006 1065 5070 pervenustis
1109 5006 1249 5074 typis
1288 5006 1389 5058 alia
1422 5017 1585 5075 atque
1615 5007 1717 5058 alia
1755 5008 2034 5071 utriusque
2064 5004 2259 5070 lingua:
2287 5004 2617 5070 πονημάτια.
2650 5001 2796 5056 brevi
2839 5004 3095 5069 temporis
3128 5007 3320 5071 spatio,
3352 5021 3446 5060 ex-

199 5102 355 5140 cusa
404 5098 545 5140 sunt.
596 5091 648 5141 In
705 5092 805 5143 hac
854 5092 1091 5159 denique
1136 5107 1411 5162 nunquam
1461 5090 1749 5145 defuerunt
1792 5092 1914 5156 viri,
1944 5107 2172 5160 quorum
2237 5092 2557 5144 auctoritate
2590 5090 2749 5143 codd.
2795 5105 2923 5143 mss.
2968 5100 3021 5143 et
3063 5091 3446 5159 impressorum

202 5176 515 5227 thesaurus
564 5189 856 5243 augeretur
900 5189 1066 5246 atque
1125 5187 1435 5233 ornaretur.
1486 5176 1632 5231 Inter
1672 5194 1808 5245 quos
1850 5179 1975 5232 huic
2013 5194 2227 5247 quoque
2261 5178 2523 5231 Photiano
2564 5178 2713 5245 Operi
2754 5177 2929 5229 locum
2962 5177 3254 5234 decernere
3284 5181 3347 5234 Δ.
3384 5181 3442 5233 V.

199 5275 424 5329 meque
456 5264 776 5329 patrocinio,
806 5280 913 5333 quo
943 5267 1224 5329 hactenus,
1255 5265 1551 5319 clementer
1592 5267 1876 5333 complecti
1924 5277 1980 5318 ut
2021 5263 2296 5333 dignetur,
2333 5280 2431 5318 oro
2462 5264 2626 5318 etiam
2662 5274 2822 5331 atque
2851 5264 3033 5318 etiam.
3078 5265 3218 5319 Bene
3252 5269 3445 5334 valete,

197 5349 314 5400 viri
356 5350 704 5416 amplissimi,
738 5351 947 5419 publice
976 5362 1028 5403 et
1060 5354 1310 5418 privatim
1344 5354 1659 5415 incolumes,
1692 5367 1755 5404 ac
1784 5365 2047 5420 perpetuo
2078 5350 2352 5407 ﬂorentes.

572 5437 824 5506 Augusta:
866 5437 1019 5491 Vind.
1052 5455 1127 5491 xtl
1171 5439 1294 5492 Kal.
1332 5440 1496 5505 April.
1540 5442 1674 5492 Anu.
1719 5438 1920 5492 MDCI.

1348 5541 1407 5587 ἰ’
1465 5536 1518 5586 ι’
1568 5538 1631 5590 θ’
1972 5604 2205 5663 ρΑνιυ
2252 5604 2785 5670 Ηοεδςηειιυδ,
2820 5607 3175 5673 Augurmnus.

281 5740 376 5805 Qa)
418 5732 546 5787 Sco.
580 5732 716 5787 Med.
750 5734 872 5788 39!.

546 5833 653 5891 Pu
669 5841 803 5893 κοί..
848 5838 959 5892 Gtt.
1001 5831 1162 5895 CIII.
