4210 6442
684 414 762 479 ,11
1826 411 1921 470 AD
1958 408 2217 470 PHOTI—l
2260 407 2822 469 BlBLIOTIIECAM
3889 407 3955 470 12

1292 643 1764 703 NOBILISSIMO
1807 640 2068 700 MARCO
2113 640 2475 711 VELSERO,
2520 641 2860 701 CAESARIS
2902 641 3401 715 CONSILIARIO,

1609 782 1867 824 REIPUB.
1914 778 2303 823 AUGUSTANE
2341 779 2627 822 DUMVIRO
2660 781 3019 833 PREFECTO,

1443 910 1558 948 AND.
1600 908 1863 947 SCHOTTUS
1901 909 2155 947 ANTUERP.
2197 909 2262 946 DE
2302 908 2587 947 δοειετιιτε
2626 909 2769 958 JESU,
2809 910 2914 950 LIB.
2958 912 3081 949 ιιειι.
3122 911 3212 948 οι).

776 1012 831 1065 Si
887 1024 1141 1079 magnum
1196 1007 1325 1060 illml
1375 1007 1659 1060 militautis
1704 1008 1757 1058 in
1806 1007 1969 1058 terris
2014 1004 2276 1059 Ecclesia:
2326 1005 2575 1058 columen
2634 1003 2693 1059 Β.
2746 1004 3129 1077 Hieronymum
3178 1008 3552 1077 presbyterum
3612 1022 3715 1060 non
3768 1007 3961 1076 piguit,

705 1102 882 1156 Marce
916 1102 1192 1162 duumvir,
1220 1100 1521 1165 catalogmu
1557 1097 2058 1151 ecclesiasticarum
2092 1106 2277 1149 texere
2305 1091 2662 1159 scriptorum,
2693 1106 2757 1144 ex
2796 1092 3029 1147 Eusebio
3071 1094 3417 1155 Ctrsariensi,
3456 1110 3519 1149 ac
3546 1094 3761 1162 scriptis
3785 1098 3965 1157 cujus-

703 1206 829 1256 que,
868 1203 965 1241 cur
1006 1188 1210 1253 pudere
1254 1200 1338 1238 me
1374 1185 1591 1248 debeat,
1638 1194 1728 1236 aut
1782 1183 2049 1253 paenitere
2101 1182 2303 1236 laboris
2351 1179 2625 1243 immensi,
2673 1180 2927 1248 taediique
2967 1192 3278 1237 constanter
3316 1184 3552 1250 absorpti
3598 1184 3650 1235 in
3684 1180 3966 1235 Photiaue

704 1276 1044 1331 Bibliotltecte
1104 1272 1581 1340 interpretatione,
1628 1286 1788 1337 quam
1852 1271 1945 1324 tibi
2001 1268 2189 1323 volens
2239 1268 2429 1321 dedico
2479 1280 2870 1334 consecroque,
2926 1270 3163 1321 nondum
3226 1272 3473 1336 equidem
3532 1270 3965 1321 animadvertere

703 1378 947 1431 possum.
984 1360 1079 1413 llle
1116 1362 1226 1426 jam
1267 1360 1390 1411 inde
1429 1360 1495 1411 ab
1546 1358 1702 1412 initio
1744 1359 2016 1412 nascentis
2054 1354 2314 1411 Ecclesia
2356 1353 2518 1407 telam
2554 1369 2737 1417 orsus,
2775 1355 3044 1423 altiusque
3080 1372 3107 1407 a
3143 1359 3317 1425 capite
3350 1372 3653 1422 arcessens,
3683 1372 3963 1411 sacrorum

707 1449 962 1503 Ecclesia:
997 1448 1326 1514 scriptorum
1363 1446 1559 1499 seriem
1603 1446 1669 1498 ad
1704 1460 1799 1498 sua
1844 1458 2013 1513 usque
2062 1454 2306 1511 tempora
2346 1441 2624 1510 produxit,
2663 1450 2725 1493 ut
2766 1441 3004 1511 legitima
3049 1452 3102 1495 et
3145 1459 3278 1510 pura
3322 1458 3351 1495 a
3391 1444 3609 1511 Spuriis,
3645 1454 3698 1499 et
3739 1460 3767 1496 a
3810 1445 3963 1513 palea

708 1536 947 1589 triticum
1002 1534 1204 1603 posteri
1260 1543 1633 1601 segregarent.
1694 1530 1847 1584 llunc
1898 1532 2021 1585 dein
2078 1530 2411 1598 gloriosum,
2470 1529 2794 1597 publiceque
2841 1530 3026 1581 utilem
3077 1528 3353 1592 laborem,
3403 1532 3675 1583 variarum
3723 1534 3964 1599 gentium

712 1633 969 1675 auctores
1009 1620 1360 1674 continenter
1413 1617 1804 1687 pertexendum
1854 1617 1981 1678 rati,
2017 1616 2083 1668 de
2123 1630 2234 1669 sua:
2280 1616 2514 1683 quisque
2562 1616 2741 1683 gentis
2795 1615 3162 1682 scriptoribus
3206 1619 3481 1684 catalogos
3526 1620 3867 1686 conscripsit.
3908 1619 3965 1670 In

706 1708 880 1762 Iberia
914 1706 1135 1776 quidem
1175 1705 1413 1759 Isidorus
1446 1714 1610 1771 atque
1642 1702 1945 1755 lldefonsus
1984 1701 2313 1755 sanctissimi
2346 1703 2485 1766 viri;
2536 1703 2586 1753 in
2628 1702 2805 1756 Gallia
2841 1701 3156 1755 Gennadius
3194 1702 3565 1768 Massiliensis,
3605 1714 3659 1758 ct
3696 1704 3967 1759 Honorius

706 1792 1254 1863 Augustodunensis;
1300 1792 1351 1844 in
1385 1791 1570 1858 Belgio
1608 1800 1793 1842 nostro
1820 1786 2130 1855 Sigebertus
2164 1787 2613 1851 Gemldacensis;
2666 1788 2714 1840 iu
2760 1788 3161 1855 Germaniaque
3209 1805 3377 1855 nuper
3399 1790 3732 1842 Trithemius
3778 1792 3968 1849 abbas.

705 1881 950 1935 excussis
980 1878 1236 1933 omnibus
1273 1877 1513 1930 oumium
1552 1874 2004 1930 bibliothecarum
2048 1874 2285 1943 angulis,
2317 1876 2366 1925 id
2398 1877 2788 1941 praestiterunt.
2831 1875 2884 1926 In
2916 1873 3123 1927 Gnecia
3160 1890 3286 1926 vero
3316 1877 3507 1941 primis
3541 1877 3667 1936 illis,
3701 1888 3755 1928 ut
3786 1889 3968 1942 :etate,

706 1968 786 2021 sic
817 1976 871 2019 et
903 1966 1211 2021 eruditione
1259 1963 1491 2017 fortasse
1535 1962 1761 2031 aequalis
1809 1961 2054 2023 Photius,
2088 1962 2229 2014 hanc
2263 1975 2385 2014 cum
2422 1975 2728 2023 sacrorum,
2764 1972 2875 2012 tmn
2916 1971 3269 2014 externorum
3314 1960 3693 2014 Bibliolltccum
3740 1967 3932 2017 concin

708 2054 857 2107 navit
893 2053 1182 2115 librorum,
1233 2066 1373 2119 quos
1417 2065 1446 2102 a
1496 2066 1555 2103 se
1600 2052 1791 2111 lectos,
1842 2048 2055 2101 Tarasii
2094 2048 2276 2101 fratris
2320 2059 2508 2118 rogatu
2558 2050 2855 2112 recensuit,
2890 2053 3015 2101 dum
3073 2051 3123 2101 in
3176 2048 3330 2119 Syria
3381 2049 3967 2121 Constantinopolitani

708 2142 1056 2210 imperatoris
1089 2152 1277 2195 orator
1308 2150 1642 2203 versaretur,
1676 2139 1834 2206 idque
1874 2138 2025 2205 prius
2054 2137 2136 2207 (ut
2170 2152 2231 2190 ex
2281 2151 2443 2206 opere
2487 2138 2720 2205 quisque
2766 2153 2975 2191 mecum
3025 2137 3334 2205 judicabit),
3368 2154 3529 2205 quam
3576 2140 3749 2192 aulica
3797 2144 3973 2193 ambi-

711 2231 858 2283 tione
889 2238 1202 2294 corruptus,
1240 2227 1615 2294 prmcipitavit.
1649 2223 1848 2278 Verum
1888 2226 1990 2279 hoc
2022 2224 2205 2278 utilior
2239 2239 2400 2291 quam
2434 2222 2767 2292 reliquorum
2802 2224 2853 2277 in
2884 2223 3182 2277 Occidente
3213 2235 3333 2293 post
3369 2224 3748 2295 llieronymum
3786 2227 3965 2281 Phorii

712 2318 799 2371 hic
832 2316 982 2369 labor
1013 2316 1246 2376 exstitit,
1283 2322 1341 2366 ut
1385 2312 1557 2379 majus
1602 2312 1763 2365 etiam
1818 2310 1973 2381 longe
2014 2326 2172 2378 quam
2220 2323 2540 2368 creterorum
2591 2314 2752 2367 simul
2790 2314 3033 2367 omnimn
3071 2312 3323 2366 volumen
3370 2317 3635 2378 excrevit,
3675 2318 3815 2383 quod
3865 2334 3971 2369 non

714 2412 993 2457 recenseat
1030 2402 1191 2454 modo
1228 2409 1493 2462 veterum,
1524 2398 1614 2467 qui
1650 2400 1701 2451 in
1736 2414 1927 2451 manas
1958 2399 2267 2452 inciderunt
2312 2400 2539 2470 scripta,
2577 2402 2672 2455 sed
2707 2411 2760 2455 et
2794 2403 3013 2470 eclogas
3044 2399 3168 2453 inde
3201 2402 3518 2469 permultas,
3563 2418 3657 2457 seu
3690 2414 3973 2472 excerpta,

713 2491 933 2543 totidem
986 2488 1189 2549 verbis,
1242 2488 1657 2539 enumeratione
1700 2485 1813 2540 sola
1867 2484 2092 2537 minime
2144 2496 2455 2548 contentus,
2514 2487 2923 2554 transcripserit
2958 2504 2970 2538 :
3008 2485 3147 2541 forte
3205 2487 3345 2554 quod
3403 2488 3587 2540 animo
3642 2491 3972 2556 provideret,

715 2588 1002 2643 menteque
1044 2574 1379 2643 praesagiret,
1414 2571 1532 2625 fore
1576 2581 1633 2625 ut
1675 2582 1979 2638 temporum
2023 2572 2219 2640 injuria
2262 2572 2527 2642 plerique.
2557 2582 2614 2626 ut
2643 2572 2861 2630 accidit.
2903 2572 3296 2626 interciderent
3329 2570 3677 2641 funditusque
3707 2576 3972 2644 perirent,

711 2679 941 2734 quorum
967 2674 1113 2716 certe
1145 2676 1208 2713 ne
1248 2661 1462 2713 nomina
1493 2661 1734 2729 quidem,
1764 2660 1962 2713 nedum
1992 2660 2190 2729 ingenii
2220 2669 2595 2722 monumenta,
2618 2658 2820 2726 alisque
2842 2657 3035 2711 Pli0tio
3062 2666 3228 2723 esset,
3256 2668 3497 2712 nostram
3528 2660 3592 2714 ad
3622 2670 3833 2714 aetatem
3852 2677 3978 2732 per-

715 2750 1012 2804 venissent.
1047 2748 1199 2813 Quod
1232 2762 1367 2814 opus
1395 2762 1486 2798 seu
1523 2746 1835 2797 thesaurum
1880 2746 2081 2809 verius,
2120 2747 2328 2813 pridem
2359 2756 2698 2815 exoptatum,
2731 2760 2796 2798 ac
2828 2746 2917 2798 diu
2953 2746 3287 2813 multumque
3321 2744 3527 2799 frustra
3565 2747 3973 2818 investigatum,

716 2854 837 2889 cum
880 2837 1190 2889 Tarracone
1238 2832 1411 2886 Procli
1452 2831 1886 2885 Chrestomathia
1922 2830 2113 2884 Latine
2148 2846 2176 2883 a
2205 2847 2288 2885 me
2322 2832 2549 2895 reddita,
2581 2832 2726 2883 velut
2763 2845 2824 2883 ex
2874 2845 3052 2899 ungue
3084 2830 3314 2895 leonem,
3346 2832 3621 2885 asstimare
3664 2835 3974 2903 cmpissem,

717 2934 908 2977 nactus
939 2926 1154 2975 tandem
1180 2922 1365 2974 Romae
1394 2935 1535 2973 sum.
1567 2918 1991 2972 Describendum
2032 2920 2174 2971 enim
2223 2920 2483 2971 arbitratu
2520 2932 2639 2970 meo
2673 2916 2938 2986 permisit,
2975 2930 3137 2984 quem
3173 2918 3395 2971 honoris
3421 2933 3581 2971 causa
3612 2918 3839 2973 libenter
3868 2937 3974 2976 no-

718 3028 883 3075 mino,
926 3010 1328 3064 illustrissimus
1377 3008 1645 3061 Ascanius
1673 3006 1959 3067 Columna,
1989 3016 2405 3074 purpuratorum
2435 3015 2649 3073 patrum
2687 3014 3089 3058 ornamentum.
3122 3002 3260 3058 Post
3291 3019 3419 3057 vero
3448 3020 3572 3058 cum
3602 3005 3654 3058 id
3680 3005 3975 3076 diligenter

716 3102 781 3152 ad
811 3102 1085 3152 variorum
1116 3096 1508 3165 exemplarium
1560 3094 1715 3148 [idem
1762 3104 2156 3162 comparatum,
2195 3092 2562 3163 typographus
2604 3091 2953 3159 Angusmnus
2988 3089 3327 3159 elegantibus
3359 3090 3498 3160 typis
3527 3091 3855 3159 evulgasset,
3891 3093 3975 3146 ef-

717 3187 1025 3256 flagitarunt
1068 3200 1204 3254 pene
1248 3182 1498 3237 convicio
1556 3181 1875 3241 familiares.
1923 3180 2120 3250 quibus
2169 3179 2391 3232 multum
2442 3188 2497 3231 et
2534 3176 2728 3231 vellem
2761 3184 2815 3229 et
2860 3177 3139 3239 deberem,
3174 3186 3229 3228 ut
3258 3174 3449 3228 Latina
3487 3177 3692 3231 dOuare
3748 3179 3978 3233 civitate

717 3272 1149 3343 promptuarium
1182 3269 1521 3332 eruditionis,
1556 3283 1664 3336 quo
1688 3268 1755 3319 ad
1786 3267 1967 3335 plures
1993 3274 2273 3319 emanaret
2318 3265 2542 3326 utilitas,
2580 3278 2677 3331 pro
2718 3262 2861 3315 virili
2891 3264 3297 3316 contenderem.
3326 3263 3477 3317 Cessi
3516 3280 3643 3331 ergo
3672 3266 3974 3321 amicorum

719 3363 970 3427 precibus
998 3360 1196 3421 victus,
1242 3366 1297 3411 et
1324 3357 1638 3426 periculosa:
1683 3355 1895 3421 plenum
1951 3368 2088 3423 opus
2145 3354 2275 3407 alere
2308 3367 2617 3423 aggressus,
2651 3354 2717 3405 ad
2748 3352 2953 3405 exitum
3007 3353 3249 3413 tandem,
3310 3353 3415 3405 Deo
3451 3354 3594 3407 vires
3626 3354 3977 3424 animumque

718 3448 1114 3516 suppeditante,
1153 3452 1469 3497 constanter
1529 3442 1753 3496 adduxi.
1790 3441 1927 3507 Quid
1966 3442 2068 3495 sim
2111 3450 2419 3503 assecutus,
2472 3449 2697 3492 secutus
2738 3448 2905 3500 certe,
2943 3446 3118 3501 tuum,
3168 3439 3251 3491 vir
3276 3438 3616 3501 doctissime,
3646 3440 3976 3511 lectorisque

719 3548 822 3587 u0u
854 3533 1085 3601 imperiti
1112 3530 1377 3600 judicium
1415 3540 1552 3583 esto.
1583 3528 1720 3581 Num
1753 3530 1881 3596 quid
1908 3528 2185 3596 amplius?
2217 3525 2413 3580 Etiam.
2458 3524 2829 3579 Patrocinium
2868 3526 3055 3579 adluec
3102 3524 3303 3579 laboris
3332 3525 3490 3591 plane
3520 3525 3791 3593 Herculei,
3822 3544 3974 3583 more

719 3622 1073 3687 institutoque
1114 3618 1399 3684 majorum,
1440 3618 1538 3671 abs
1569 3626 1621 3669 te
1659 3616 2002 3683 potissimum
2044 3614 2207 3681 justis
2238 3616 2304 3668 de
2351 3614 2535 3668 causis
2582 3611 2835 3681 imploro.
2876 3612 3029 3676 Quod
3056 3611 3202 3665 enim
3244 3612 3431 3666 Greece
3463 3613 3604 3681 apud
3634 3629 3729 3668 vos
3752 3616 3979 3670 Photius

719 3708 900 3759 lumen
942 3706 1173 3774 primum
1226 3704 1518 3771 aspexerit,
1558 3700 1807 3755 Latinam
1853 3718 2070 3771 quoque
2102 3702 2606 3771 interpretationem
2644 3699 3070 3768 subjungendam
3097 3698 3185 3765 jus
3218 3698 3408 3768 fasque
3433 3700 3645 3765 censui,
3676 3712 3786 3754 tum
3826 3703 3970 3771 quod

718 3797 1047 3864 Augustame
1098 3792 1438 3847 bibliothecae
1482 3807 1679 3846 nomen
1737 3806 2023 3845 commune
2081 3792 2361 3845 invitarit:
2404 3804 2524 3859 qua:
2560 3789 2888 3842 bibliotheca
2925 3786 3357 3853 Vindelicorum,
3398 3789 3635 3843 civitatis
3664 3788 3973 3845 Germaniae

720 3896 845 3935 vere
884 3883 1158 3951 Augustae,
1192 3893 1316 3934 cum
1364 3879 1501 3932 alios
1552 3878 1655 3931 alia
1692 3880 1758 3930 ad
1787 3880 2139 3946 spectandum
2193 3878 2340 3932 urbis
2381 3878 2690 3945 civiumque
2740 3876 3065 3945 elegantiam
3097 3885 3370 3939 moveant,
3404 3892 3489 3930 me
3513 3878 3872 3945 potissimum,
3906 3880 3979 3933 ob

720 3971 984 4023 librorum
1032 3966 1242 4021 calamo
1269 3966 1323 4019 in
1362 3966 1695 4018 membranis
1723 3978 2067 4019 exaratorum
2094 3974 2148 4020 et
2189 3968 2419 4030 cupiam,
2451 3976 2507 4019 et
2556 3974 2907 4031 vetustatem,
2941 3966 2991 4018 in
3031 3966 3110 4019 sui
3162 3965 3577 4020 admirationem
3624 3966 3799 4035 rapuit
3832 3966 3977 4021 deti-

720 4057 965 4123 nuitque.
1002 4054 1081 4107 Ad
1118 4068 1282 4120 quam
1316 4053 1531 4121 quidem
1564 4052 1863 4105 ornandam
1902 4052 2204 4119 respublica
2256 4064 2430 4106 vestra
2465 4053 2768 4123 catalogum
2819 4053 3209 4122 exemplarium
3233 4069 3353 4121 qua:
3389 4055 3713 4121 possideret,
3743 4069 3839 4123 per
3869 4056 3980 4109 Eu-

720 4158 906 4209 ropam
945 4141 1331 4195 disseminasse
1362 4155 1465 4192 non
1493 4149 1768 4199 contenta,
1802 4140 1992 4192 doctos
2018 4139 2183 4192 etiam
2213 4139 2461 4193 h0mines
2492 4142 2745 4193 inusitata
2772 4150 2826 4194 et
2858 4156 3081 4208 prorsus
3112 4140 3374 4207 singulari
3414 4141 3747 4195 humanitate
3780 4143 3978 4197 invitat

721 4242 829 4297 quo
858 4242 952 4281 eos
1001 4227 1146 4295 ipsos
1177 4224 1344 4278 libros
1400 4226 1627 4277 invicem
1661 4225 2016 4287 conferendo,
2056 4239 2119 4278 ac
2173 4225 2332 4278 veluti
2367 4228 2724 4293 gladiatorum
2756 4228 2905 4295 paria
2939 4228 3349 4291 committendo,
3390 4228 3442 4281 in
3478 4228 3753 4282 hominum
3803 4228 3978 4283 lucem

720 4323 1105 4381 aspectumque
1157 4312 1441 4365 counnodo
1493 4309 1709 4379 publico
1742 4311 2071 4377 producant.
2103 4310 2255 4376 Quod
2308 4314 2513 4366 utinam
2549 4314 2853 4383 exemplum
2887 4316 3130 4385 dynastte
3165 4330 3228 4369 ac
3269 4328 3420 4383 reges
3450 4316 3645 4379 secuti,
3690 4315 3739 4368 iu
3782 4316 3974 4369 iisdem

721 4403 912 4469 pedem
965 4400 1211 4468 vestigiis
1238 4409 1519 4466 ponerent,
1576 4412 1639 4450 ac
1702 4398 1869 4450 libros
1896 4409 2210 4452 sanctorum
2240 4397 2458 4451 Patrum
2499 4401 2732 4453 ineditos
2764 4402 3017 4467 cognosci
3048 4410 3211 4469 atque
3262 4401 3501 4469 evulgari
3555 4402 3836 4465 sint-rent;
3890 4418 3972 4455 me

730 4489 912 4557 plures
980 4487 1135 4554 longe
1169 4482 1478 4537 Graecarum
1510 4483 1809 4535 litterarum
1875 4498 2026 4537 usum
2071 4484 2476 4552 interpretando
2542 4498 2879 4551 revocarent,
2925 4504 3024 4542 nec
3072 4490 3301 4558 amplius
3328 4489 3490 4543 veluti
3530 4499 3674 4542 muta
3712 4499 3980 4553 tacerent,

721 4587 840 4642 qme
899 4574 949 4624 in
1005 4570 1187 4623 densis
1220 4570 1377 4623 hodie
1411 4571 1663 4631 tenebris,
1704 4573 1873 4623 tineas
1908 4571 2196 4637 pascendo,
2244 4573 2586 4626 delitescunt.
2624 4573 2727 4627 Sed
2780 4574 2827 4626 id
2860 4585 3049 4643 optare
3086 4576 3251 4628 citlus
3291 4590 3453 4643 quam
3504 4589 3726 4642 sperare
3777 4574 3973 4641 liceat;

725 4661 825 4714 nisi
871 4661 914 4713 si
951 4657 1296 4713 Velserorum
1340 4658 1545 4711 similes
1574 4658 1912 4721 exoriautur,
1939 4660 2028 4726 qtti
2065 4662 2475 4715 concordissimi
2530 4662 2727 4716 fratres
2772 4663 2891 4731 (vos
2916 4664 3058 4716 enim
3093 4664 3229 4715 bona
3264 4664 3418 4715 venia
3480 4663 3689 4731 appello
3739 4665 3965 4726 Antoni,

726 4747 994 4806 Matthiae,
1029 4762 1091 4797 ac
1117 4744 1300 4813 Paule)
1334 4760 1443 4797 rem
1474 4745 1792 4798 litterariam
1823 4744 1979 4813 longe
2024 4746 2237 4814 lateque
2269 4750 2587 4815 provehitis,
2624 4751 3030 4819 disciplinarum
3074 4754 3333 4818 pommria
3372 4750 3651 4815 profertis,
3676 4752 3965 4819 doctisque

724 4833 1033 4891 hominibus
1066 4832 1365 4886 doctissimi
1401 4831 1497 4900 ipsi
1526 4847 1680 4899 Opettt
1714 4845 1770 4886 re
1802 4833 2135 4901 consilioque
2164 4832 2305 4889 ferre
2344 4851 2446 4889 non
2482 4838 2713 4890 cessatis
2743 4855 2755 4889 :
2791 4848 2848 4890 ut
2876 4837 2985 4905 jam
3017 4838 3215 4905 ubique
3249 4838 3489 4907 gentimn
3528 4853 3632 4889 non
3664 4841 3734 4891 sit
3765 4837 3969 4892 Plimbo

723 4924 929 4992 gratior
961 4920 1090 4982 ulla,

1648 5004 1819 5068 Quam
1858 5022 1976 5069 qutt'
2014 5005 2217 5060 Velseri
2248 5010 2567 5075 pra’srripsit
2596 5012 2789 5076 pagina
2829 5026 3038 5061 nomen.

801 5094 897 5157 Te,
930 5105 981 5148 te
1017 5095 1199 5163 igitur,
1240 5092 1437 5157 Marce,
1470 5106 1655 5159 quaso
1683 5094 2053 5160 obtestorque,
2094 5106 2149 5147 ut
2198 5110 2299 5163 qua
2334 5096 2549 5163 cmpisti
2587 5095 2986 5161 benevolentia,
3040 5107 3221 5149 nostra
3273 5095 3555 5163 complecti
3582 5111 3647 5149 ne
3696 5099 3977 5166 graveris;

726 5190 1011 5250 exstetque
1045 5184 1184 5249 apud
1215 5189 1461 5247 posteros
1504 5193 1637 5247 pace
1670 5188 1781 5239 tua,
1813 5192 1944 5231 mete
1976 5180 2027 5232 iu
2063 5190 2115 5233 te
2154 5184 2513 5235 observantia:
2562 5182 2929 5249 memorisque
2982 5183 3148 5235 animi
3207 5184 3307 5236 hoc
3362 5184 3736 5250 qualecunque
3787 5201 3977 5238 monu-

727 5277 1003 5333 mentum;
1042 5267 1181 5335 quod
1224 5266 1421 5329 locum,
1480 5268 1523 5319 si
1562 5266 1853 5327 videbitur,
1892 5267 1941 5318 in
1998 5266 2339 5321 Bibliodieca
2394 5280 2600 5332 vestra,
2652 5286 2713 5323 ex
2750 5286 2854 5338 qua
2904 5285 3027 5322 cum
3067 5280 3143 5323 tot
3177 5269 3294 5323 aliis
3339 5269 3526 5324 Cra-ce
3563 5272 3701 5339 typis
3757 5274 3976 5339 prodiit,

727 5355 917 5409 Latine
984 5370 1199 5425 quoque
1244 5355 1496 5420 reperiat.
1543 5353 1597 5406 Si
1637 5356 1756 5421 quis
1806 5363 1985 5407 autem
2026 5370 2092 5409 ex
2136 5358 2218 5409 his
2269 5358 2465 5426 vigiliis
2509 5356 2714 5411 fructus
2768 5357 2833 5409 ad
2872 5356 3006 5409 alios
3047 5356 3275 5425 lcgcndo
3337 5357 3635 5426 perveniet,
3673 5360 3815 5425 quod
3863 5371 3975 5412 stu-

728 5444 873 5496 dium
909 5444 1125 5511 qutdem
1158 5452 1325 5504 certe,
1366 5441 1433 5493 ad
1461 5443 1968 5509 interpretationtun
2011 5444 2140 5497 locis
2168 5445 2413 5497 obscuris
2444 5444 2615 5495 facem
2652 5444 2871 5496 scholiis
2922 5443 3228 5507 alluccndo,
3264 5446 3354 5496 tibi
3381 5445 3554 5499 amice
3588 5460 3793 5515 magne,
3821 5462 3973 5514 grata

732 5530 1019 5600 pOSteritas
1054 5542 1330 5596 aCCeptum
1365 5527 1584 5581 referat.
1621 5528 1773 5582 Soles
1817 5530 1960 5582 enim
1995 5531 2310 5592 ἀκλείστους
2341 5530 2394 5582 0'.‘

2341 5530 2509 5600 Οὐρας
2541 5529 2802 5599 παρέχειν
2829 5532 3011 5597 σοφοῖς
3037 5529 3292 5598 ἀνδράσι,
3331 5530 3471 5598 quod
3503 5530 3567 5583 de
3593 5546 3649 5583 se
3683 5544 3820 5599 apud
3854 5530 3975 5585 Plii-

734 5618 1012 5671 lostratum
1055 5618 1415 5683 \'eSp.tsi:tlltts
1456 5618 1588 5684 Aug.
1630 5617 1935 5683 profitetur,
1969 5633 2090 5669 cum
2125 5620 2198 5671 sis
2248 5621 2360 5685 ipse
2384 5621 2600 5685 spirans
2632 5620 2874 5685 quaedam
2922 5618 3275 5671 Bibliotheca.
3314 5617 3541 5686 Suscipe
3576 5619 3756 5685 itaque
3785 5622 3971 5671 θήγει·-

736 5719 826 5757 sus
855 5706 1277 5758 obtrectatorum
1333 5703 1653 5765 calumnias,
1688 5704 1865 5770 operis
1913 5704 2319 5772 vigiliarumque
2372 5719 2673 5759 nostrarum
2708 5706 2878 5758 libens
2911 5708 3201 5773 vidensque
3242 5706 3482 5760 tutelam.
3520 5706 3610 5759 Sic
3638 5708 3734 5759 tibi
3776 5707 3953 5760 illuce-

735 5802 908 5857 scant,
955 5790 1117 5844 Deum
1150 5806 1411 5844 Veneraus
1438 5804 1653 5857 precor,
1691 5791 1925 5843 ineuntis
1977 5792 2100 5845 anni
2137 5791 2340 5846 SIUUVI
2376 5792 2624 5845 KllClllliC
2659 5792 2902 5846 feliciter.
2945 5792 3272 5861 Antucrpirc.
